4018 6566
171 435 261 491 II7

1087 430 1734 490 DEMONSTRATIONIS
1772 430 2228 488 EVANGELICA‘I
2265 431 2390 486 LIB.
2431 429 2507 486 II.

3311 427 3410 483 I18

172 555 283 612 AB’.
354 553 470 625 τοῦ
513 553 742 625 ρῠτοῦ.
778 585 845 596 -
868 553 1141 625 Δήλωοήις
1161 554 1578 625 ,καθαιρέσεως
1624 555 1742 608 τῶν

1848 551 2061 607 XXXII.
2091 552 2165 625 Ab
2193 554 2392 606 eodem.
2423 546 2789 625 —_Exposith
2821 544 3119 625 eversionis.
3149 543 3410 625 ἐξάρξαι-

239 622 594 714 ’ίουδατλεῶν
610 627 849 679 πόλεων
863 625 957 678 καὶ
980 623 1090 692 τῆς
1105 624 1221 678 τῶν
1234 623 1422 679 ἐθνῶν
1434 625 1584 678 κατὰ
1600 626 1747 678 Θεὸν

226 711 650 762 εῡφροσυνης.

231 804 432 874 «Κύριε
449 807 481 856 ὁ
499 806 648 868 Θεὸς
663 823 785 876 μου,
803 805 1008 870 δοξάσω
1030 822 1109 867 σε,
1129 805 1354 875 ὑμνήσω
1374 805 1435 858 τὸ
1449 805 1616 875 ὄνομα
1632 819 1746 867 σου,

163 901 234 951 ὅτι
274 898 554 966 ἐποίησας
600 897 888 967 θαυμαστὰ
912 898 1229 968 πράγματα,
1283 896 1475 966 βουλὴν
1497 895 1748 968 ἀρχαίαν,

169 989 438 1057 ἀληθινήν.
463 989 504 1038 Γ
507 989 714 1050 ένοιτο,
742 989 934 1059 Κύριε,
962 989 1042 1040 ὅτι
1058 988 1258 1057 ἔθηκας
1272 987 1452 1049 πόλεις
1478 990 1555 1050 εἰς
1568 985 1749 1056 χῶμα,

167 1079 332 1140 πόλεις
357 1077 606 1149 ὀχυρὰς,
642 1077 733 1132 τοῦ
755 1081 939 1132 πεσεῖν
957 1079 1134 1133 αὐτῶν
1150 1079 1216 1131 τὰ
1235 1078 1472 1149 Οεμέλια.
1492 1077 1611 1130 Τῶν
1623 1079 1750 1130 ἀσε-

165 1169 263 1220 ϐῶν
290 1167 444 1230 πόλις
470 1171 560 1232 εἰς
604 1169 695 1222 τὸν
726 1170 899 1223 αἰῶνα
921 1171 979 1222 οὑ
1012 1169 1087 1240 μὴ
1111 1169 1433 1240 οἰκοδομηθῇ
1453 1186 1466 1198 °
1485 1168 1571 1221 διὰ
1596 1167 1752 1221 τοῦτο

167 1260 512 1330 εὐλογήσουσί
575 1277 659 1313 σε.
731 1263 946 1330 Ἐγένου
983 1263 1090 1335 γὰρ
1153 1263 1300 1334 πάσῃ
1342 1263 1491 1314 πόλει
1526 1264 1750 1332 ταπεινῇ

169 1351 360 1421 βοηθὸς,
391 1353 492 1404 καὶ
557 1357 675 1417 τοῖς
733 1354 1045 1425 ἁθυμήσασι
1077 1356 1143 1409 δι’
1176 1354 1380 1408 ἔνδειαν
1412 1353 1600 1422 σκέπη.
1642 1353 1752 1406 Καὶ¹

169 1441 362 1510 ποιήσει
394 1440 619 1513 Κύριος
648 1443 875 1496 Σαϐαὼθ
904 1447 1036 1498 πᾶσι
1067 1449 1177 1508 τοῖς
1210 1444 1414 1498 ἔθνεσιν
1435 1443 1526 1496 ὲπὶ
1549 1443 1609 1495 τὸ
1632 1442 1753 1512 ὅρος

165 1529 322 1595 τοῦτο,
355 1533 588 1584 πίονται
626 1534 986 1606 εὐφροσύνην,
1034 1535 1245 1590 πίονται
1287 1533 1448 1599 οἶνον,
1477 1535 1754 1606 χρίσονται

172 1623 322 1694 μύρον
351 1625 410 1676 ὲν
437 1624 526 1694 τῷ
556 1625 681 1697 ὄρει
710 1626 899 1697 τούτῳ.
953 1628 1199 1700 Παράδος
1226 1627 1398 1682 ταῦτα
1431 1627 1606 1681 πάντα
1643 1627 1754 1687 τοῖς

166 1716 354 1769 ἔθνεσιν
372 1733 387 1747 ·
410 1719 446 1784 ἡ
479 1717 605 1789 γὰρ
639 1717 802 1790 βουλὴ
831 1718 966 1790 αὕτη
1000 1721 1092 1772 ἐπὶ
1124 1722 1297 1774 πάντα
1335 1720 1402 1775 τὰ
1431 1721 1556 1790 ἔθνη
1577 1737 1590 1750 ·
1619 1737 1756 1775 κατ’

167 1809 347 1861 ἐπιενό
375 1807 629 1874 θάνατος
676 1810 919 1881 ἰσχύσας.
964 1812 1112 1865 »Καὶ
1141 1812 1330 1865 πάλιν·
1376 1830 1394 1863 ι
1442 1812 1680 1880 ’Λφεῖλεν
1724 1812 1753 1864 ὁ

1899 639 2014 676 rum
2041 623 2270 689 urbium,
2301 631 2350 675 et
2371 613 2825 691 gentium'iaatitiu:
2853 614 3137 672 secundum
3169 613 3355 669 Deum.

1924 821 1942 853 ι
1982 799 2207 854 Domine
2233 797 2376 853 Deus
2411 811 2583 861 meus,
2608 793 2922 867 glorificabo
2950 802 3022 854 te.
3056 791 3289 847 laudabo
3317 806 3413 845 no-

1849 909 1971 948 men
2002 903 2173 958 tuum,
2207 891 2462 960 quoniam
2492 889 2665 944 fecisti
2683 903 2769 942 res
2799 887 3094 949 mirabiles,
3123 884 3408 939 consilium

1850 986 2153 1054 antiquum,
2177 999 2386 1038 verum.
2420 980 2560 1048 Fiat,
2599 979 2845 1046 Domine,
2882 978 3140 1050 quoniam
3181 973 3412 1046 posuisti

1849 1078 2100 1131 civitates
2143 1075 2199 1129 in
2231 1076 2522 1137 tumulum,
2551 1074 2798 1128 civitates
2839 1071 3100 1132 munitas,
3127 1076 3187 1124 ut
3219 1067 3414 1122 cadent

1851 1183 2036 1222 earum
2068 1165 2435 1220 fundamenta.
2486 1163 2776 1232 Impiorum
2833 1163 3023 1217 civitas
3067 1162 3118 1214 in
3150 1167 3427 1214 aeternum,

1851 1276 1960 1313 non
1991 1257 2348 1314 :edificabitur
2381 1275 2393 1310 :
2430 1264 2714 1326 prepterea
2750 1253 3033 1309 benedicct
3058 1252 3151 1306 tibi
3178 1250 3426 1322 populus.

1853 1356 2030 1423 inops,
2060 1361 2112 1407 et
2141 1353 2388 1407 civitates
2419 1348 2701 1403 hominum
2740 1347 2970 1415 injurias
2996 1345 3282 1399 ferentium
3315 1342 3414 1397 be-

1854 1445 2105 1499 ncdicent
2128 1444 2244 1498 tibi.
2275 1439 2476 1494 Factus
2507 1439 2649 1493 enim
2689 1453 2748 1492 es
2791 1438 2938 1491 omni
2973 1436 3176 1490 civitati
3221 1433 3412 1488 humili

1855 1532 2088 1600 adjutor,
2123 1540 2177 1585 et
2216 1543 2449 1584 mmrore
2501 1527 2710 1581 allectis
2761 1535 2982 1596 propter
3036 1525 3410 1594 indigentiam,

1855 1621 2119 1692 protectio
2150 1629 2239 1674 :et
2269 1619 2426 1672 faciet
2455 1616 2715 1671 Dominus
2739 1614 2975 1670 Sabaoth
3008 1616 3261 1670 omnibus
3281 1630 3413 1685 gen-

1854 1714 2001 1768 tibus
2032 1713 2086 1766 in
2115 1720 2294 1768 monte
2323 1712 2446 1774 hoc,
2480 1711 2661 1766 bibent
2698 1710 2958 1770 lretitiam,
2989 1709 3175 1764 bibent
3203 1709 3409 1770 vinum,

1858 1812 2129 1876 ungentur
2155 1811 2432 1874 unguento
2461 1802 2516 1855 in
2557 1811 2738 1856 monte
2762 1802 2885 1855 hoc.
2941 1798 3120 1855 Trade
3156 1800 3270 1854 haec
3297 1814 3415 1853 orn-

167 1898 284 1961 Θεδς
319 1901 429 1951 πᾶν
453 1899 707 1970 δᾶκρυον
734 1899 842 1953 ἀπὸ
876 1899 1077 1962 παντὸς
1109 1899 1420 1970 προσώπου,
1449 1899 1509 1954 τὸ
1540 1899 1740 1961 ὄνειδος

1844 1895 1930 1950 nia
1956 1893 2229 1963 gentibus,
2267 1890 2556 1947 consilium
2589 1890 2734 1945 enim
2760 1890 2863 1943 hoc
2892 1890 2946 1943 in
2976 1904 3167 1944 omnes
3189 1897 3409 1959 gentes:

166 1989 248 2042 τοῦ
278 1989 406 2043 λαοῦ
439 1992 678 2058 ἀφεῖλεν
703 1994 732 2045 ὁ
765 1992 896 2055 Θεὸς
929 1993 1038 2045 ἀπὸ
1065 1994 1243 2064 πάσης
1265 1993 1363 2064 τῆς
1385 1992 1506 2063 γῆς.
1533 1991 1604 2044 Τὸ
1631 1991 1740 2064 γὰρ

171 2081 326 2151 στόμα
349 2081 574 2153 Κυρίου
599 2081 826 2152 ὲλάλησε
852 2081 1042 2137 ταῦτα.
1058 2101 1076 2134 ι

171 2365 275 2436 ΛΓΪ.
315 2365 426 2419 Τοῦ
447 2367 677 2423 αὑτοῦ.
709 2395 778 2436 τ-
820 2365 1069 2436 Ἀγαθῶν
1094 2367 1418 2436 ἐπαγγελία
1448 2364 1522 2433 τῇ
1559 2365 1743 2421 πάλαι

230 2435 416 2503 ἐρήμῳ
457 2437 533 2499 ἐξ
594 2435 786 2490 ἐθνῶν
832 2435 1170 2504 Ἐκκλησίᾳ,
1209 2435 1316 2492 τοῦ
1340 2454 1403 2491 τε
1452 2436 1745 2491 Ἰουδαίων

231 2505 435 2586 ἐᾷνους
471 2507 832 2586 ἀπόγνωσις
869 2506 968 2585 καὶ
1007 2508 1256 2586 {slsum
1283 2507 1406 2586 τῶν
1449 2505 1743 2575 ἁμαρτιῶν

231 2575 436 2637 αὐτῶν,
463 2577 580 2629 καὶ
602 2575 841 2629 πάντων
864 2576 982 2629 τῶν
1009 2575 1199 2630 ἐθνῶν
1225 2575 1461 2645 κλῆσις.

239 2703 255 2734 ι
279 2685 365 2754 Μὴ
387 2686 772 2756 μνημονεύετε
791 2687 858 2740 τὰ
880 2687 1091 2758 πρῶτα,
1122 2688 1300 2742 καὶτὰ
1319 2692 1514 2762 ἀρχαῖα
1535 2693 1608 2765 μὴ
1632 2695 1744 2748 συλ-

176 2771 425 2840 λογίζεσθε
447 2793 460 2804 ·
494 2777 591 2828 ὃτι
615 2776 723 2830 ἰδοὺ
750 2775 861 2845 ἐγὼ
875 2777 1013 2830 ποιῶ
1036 2778 1197 2832 καινὰ
1211 2778 1246 2832 ἂ.
1262 2780 1354 2832 νῦν
1370 2781 1631 2847 ἀνατελεῖ,
1649 2785 1743 2837 καὶ

179 2862 423 2928 γνώσεσθε
441 2865 601 2918 αὺτὰ
620 2882 633 2894 ·
654 2865 747 2918 καὶ
780 2867 989 2936 ποιήσω
1014 2867 1072 2919 ὲν
1101 2869 1164 2938 τῇ
1197 2868 1385 2939 ἐρήμῳ
1410 2870 1544 2936 ὁδὸν,
1576 2873 1666 2926 καὶ
1686 2875 1742 2925 ἐν

179 2956 231 3022 τῇ
257 2955 459 3026 ἀνύδρῳ
481 2957 789 3027 ποταμούς.
818 2959 927 3011 Καὶ
956 2959 1236 3030 εὐλογήσει
1265 2979 1329 3030 με
1360 2961 1426 3013 τὰ
1450 2961 1614 3034 Θηρία
1645 2965 1738 3017 τοῦ

179 3045 345 3115 ἀγροῦ,
379 3048 644 3119 σειρῆνες
675 3049 768 3101 καὶ
794 3049 1089 3119 Θυγατέρες
1117 3049 1415 3119 στρουθῶν·
1455 3053 1535 3106 ὅτι
1569 3053 1742 3107 ἔδωκα

181 3134 296 3205 ὲντῇ
326 3138 517 3207 ἐρήμῳ
567 3137 710 3208 ὕδωρ
736 3137 948 3191 ποτίσαι
975 3139 1036 3190 τὸ
1057 3139 1210 3206 γένος
1245 3157 1345 3209 μου
1377 3139 1436 3192 τὸ
1465 3140 1738 3206 ἐκλεκτὸν,

1844 1985 2123 2041 devoravit
2177 1999 2325 2038 mors
2353 1983 2689 2036 invalescens
2721 1979 2822 2034 νο».
2869 1979 2933 2032 Et
2978 1996 3170 2034 rursus
3202 1998 3214 2033 :
3246 1976 3416 2033 «Abs-

1842 2077 1967 2135 tulit
2027 2075 2169 2130 Deus
2219 2089 2435 2128 onmem
2489 2073 2787 2143 lacrymam
2818 2071 2886 2125 ab
2917 2070 3069 2124 omni
3103 2069 3260 2134 facie,
3290 2083 3415 2139 pro-

1841 2170 2002 2225 brum
2057 2166 2243 2236 populi
2269 2164 2493 2220 abstulit
2525 2163 2668 2218 Deus
2692 2163 2761 2218 ab
2785 2163 2932 2218 omni
2965 2169 3132 2217 terra.
3172 2159 3247 2217 Os
3269 2161 3424 2216 enim

1843 2256 2055 2313 Domini
2078 2257 2318 2310 locutum
2345 2263 2428 2309 est
2459 2253 2573 2307 haec
2604 2253 2705 2307 θ’.»

1843 2365 2079 2422 XXXIII.
2117 2365 2192 2418 Ab
2232 2363 2428 2418 eodem.
2461 2394 2530 2402 —
2557 2363 2824 2416 Bonorum
2885 2362 3162 2429 promissio
3189 2359 3258 2412 ad
3287 2359 3412 2413 olim

1914 2436 2175 2490 desertam
2203 2452 2234 2488 a
2254 2434 2492 2504 gentibus
2529 2433 2844 2494 Ecclesium,
2893 2441 2945 2484 et
2975 2430 3214 2484 Iudaica:
3246 2431 3410 2500 gentis

1914 2506 2228 2574 desperatio,
2251 2503 2296 2558 et
2322 2503 2620 2572 redargutio
2635 2512 2967 2571 peccatorum
2995 2516 3194 2563 eorum,
3225 2509 3274 2553 et
3306 2515 3413 2552 om-

1915 2579 2058 2630 nium
2085 2577 2317 2646 gentium
2344 2575 2566 2628 vacatio.

1924 2707 1942 2740 ι
1982 2690 2063 2744 Ne
2093 2687 2459 2743 recordamini
2520 2685 2717 2755 prima,
2746 2693 2800 2739 et
2835 2684 3057 2752 antiqua
3090 2699 3156 2738 ne
3196 2696 3414 2751 compu-

1849 2785 1958 2832 tate
1987 2797 2000 2833 :
2039 2778 2296 2848 quoniam.
2320 2791 2445 2830 ecce
2471 2791 2570 2845 ego
2589 2774 2726 2828 facio
2755 2789 2916 2839 nava,
2937 2789 3058 2843 qua:
3085 2773 3414 2827 nuncorien-

1851 2875 1962 2931 tur,
1997 2877 2050 2922 et
2089 2867 2434 2938 cognoscetis
2462 2880 2524 2921 ea
2575 2879 2588 2916 :
2625 2874 2678 2919 et
2712 2863 2906 2918 faciam
2942 2863 2996 2917 in
3027 2863 3241 2918 deserto
3269 2862 3413 2917 viam

1849 2969 1902 3014 et
1932 2960 2023 3014 ubi
2057 2975 2165 3014 non
2196 2967 2279 3014 est
2329 2972 2490 3027 aqua,
2550 2955 2778 3010 ﬂuvios:
2813 2963 2866 3009 et
2895 2955 3216 3010 benedicent
3268 2951 3402 3008 miti

1847 3050 2034 3106 bestiae
2074 3051 2222 3120 agri,
2270 3049 2478 3104 Sirenes
2518 3055 2572 3102 et
2605 3047 2726 3100 filia:
2765 3062 3047 3117 passerum
3081 3064 3094 3100 :
3150 3045 3411 3116 quoniam

1846 3143 1967 3198 dedi
1999 3144 2050 3196 in
2085 3144 2300 3197 deserto
2324 3155 2542 3211 aquam,
2577 3147 2636 3193 ut
2664 3147 2849 3210 potum
2872 3139 3058 3193 darem
3093 3139 3275 3206 generi
3292 3151 3414 3192 meo

183 3225 285 3279 λαόν
319 3247 415 3298 μου
467 3229 536 3283 ὃν
600 3230 1103 3301 περιεποιησάμην’
1144 3229 1244 3293 τὰς
1289 3232 1488 3303 ἀρετάς
1528 3249 1629 3302 μου
1670 3232 1742 3286 δι-

1847 3235 2053 3298 electo,
2075 3233 2274 3303 papulo
2295 3248 2436 3296 meo,
2473 3247 2632 3301 quem
2658 3230 2960 3300 acquisivi:
2994 3230 3221 3283 virtutes
3259 3242 3410 3284 meas

185 3319 397 3385 ηγεῖσθε.
435 3321 512 3373 Οὐ
548 3321 643 3373 νῦν
672 3320 903 3374 ὲκάλεσά
924 3321 979 3373 σε
1007 3321 1218 3383 Ἰακὼϐ,
1250 3323 1368 3376 οὐδὲ
1401 3326 1654 3378 κοπιάσαι
1683 3342 1742 3378 σε

187 3411 388 3480 {mina-:7.
427 3413 680 3484 Ἰσραήλ.
714 3414 829 3466 Οὐκ
857 3414 1091 3484 ἦνεγκάς
1120 3431 1208 3483 μοι
1235 3414 1483 3485 πρόϐατα
1509 3415 1607 3484 τῆς
1627 3416 1743 3469 ὀλο-

187 3503 496 3574 καρπώσεώς
549 3523 664 3568 σου,
715 3506 836 3558 οὐδὲ
882 3509 939 3559 ὲν
971 3509 1088 3569 ταῖς
1135 3507 1344 3570 θυσίαις
1373 3525 1464 3560 σου
1490 3508 1743 3574 ὲδόξασάς

191 3610 271 3662 με·
295 3594 385 3647 οὐκ
435 3594 767 3658 ἐδούλευσάς
800 3612 888 3665 μοι
944 3597 1000 3648 ὲν
1025 3595 1234 3666 δώροις.
1265 3597 1386 3650 οὐδὲ
1425 3598 1652 3664 ἕγκοπόν
1682 3616 1741 3652 σε

189 3681 388 3752 ἐποίησα
443 3686 503 3738 ὲν
567 3684 788 3754 λιϐάνῳ,
821 3685 940 3736 οὐδὲ
973 3687 1188 3756 ἐκτήσω
1234 3704 1322 3756 μοι
1357 3688 1617 3759 ἀργυρίου
1651 3670 1744 3740 ϐυ-

194 3772 362 3842 μίαμα,
385 3774 508 3827 οὑδὲ
562 3773 725 3843 στέαρ
760 3773 867 3826 τῶν
899 3772 1098 3825 Θυσιῶν
1127 3791 1220 3826 σου
1251 3775 1590 3845 ἐπεθύμησα,
1625 3775 1740 3828 ἀλλ’

191 3865 236 3914 ἔν
261 3867 363 3928 ταῖς
389 3865 692 3938 ἁμαρτίαις
727 3883 820 3918 σου
858 3866 952 3918 καὶ
982 3869 1038 3918 ὲν
1060 3868 1178 3930 ταῖς
1215 3866 1449 3930 ἀδικίαις
1484 3885 1574 3919 σου
1611 3885 1741 3938 προ-

195 3956 326 4028 έστην
358 3976 467 4013 σου.
500 3979 523 4011 ι
563 3960 670 4011 Καὶ
699 3959 883 4021 ἐντοῖς
923 3957 1050 4027 ἑξῆς
1076 3974 1237 4028 φησιν
1258 3975 1270 3987 ·
1295 3977 1312 4008 ι
1337 3959 1736 4030 Ἑπιστρὰιρητε

193 4048 305 4116 πρὸς
345 4051 428 4120 μὲ,
477 4051 583 4104 καὶ
639 4048 944 4121 σωθήσεσθε
977 4051 1025 4102 οί
1068 4050 1160 4102 ἀπ’
1207 4049 1433 4119 ἐσχάτου
1475 4050 1576 4120 τῆς
1614 4050 1736 4122 γῆς.

201 4139 317 4207 Ἐγὼ
337 4143 379 4193 εί
388 4161 470 4212 μι,
507 4143 604 4196 καὶ
621 4143 720 4194 οὐκ
743 4141 887 4194 ἔστιν
911 4140 1068 4204 ἄλλος
1089 4156 1102 4170 ·
1129 4142 1246 4192 κατ’
1281 4143 1306 4193 ὲ
1315 4140 1516 4211 μαυτοῦ
1532 4141 1737 4211 ὀμνύω,

192 4222 220 4298 ἧ
246 4232 338 4301 μὴν
361 4233 706 4299 ἐξελεύσεται
737 4236 799 4286 ὲκ
831 4232 924 4284 τοῦ
962 4232 1228 4302 στόματός
1271 4249 1370 4303 μου
1402 4232 1733 4305 δικαιοσύνη.

192 4321 240 4372 Οἱ
265 4323 406 4391 Λόγοι
450 4343 559 4398 μου
608 4325 708 4378 οὐκ
763 4326 1302 4397 ἀποστραφὴσονταιυ
1340 4328 1420 4378 ὅτι
1473 4327 1595 4396 ἐμοὶ
1632 4329 1738 4380 πᾶν

193 4411 297 4476 γόνυ
331 4416 558 4487 κάμψει,
584 4417 678 4469 καὶ
704 4416 916 4487 ὀμεῖται
944 4420 1091 4470 πᾶσα
1119 4419 1337 4486 γλῶσσα
1360 4419 1452 4472 τὸν
1477 4418 1609 4472 Θεὸν
1645 4419 1737 4473 τὸν

193 4499 442 4571 ἀληθινὸν,
488 4505 667 4574 λέγων
691 4521 704 4535 ’
745 4507 1065 4579 Δικαιοσύνη
1097 4511 1189 4561 καὶ
1237 4509 1363 4574 δόξα
1400 4510 1537 4582 πρὸς
1576 4510 1736 4564 αὑτὸν

195 4589 216 4639 ἦ

194 4680 294 4743 τοὺς
320 4684 420 4738 ἀπὸ
444 4684 544 4738 τοῦ
571 4685 796 4756 Κυρίου.
839 4706 857 4739 ι

197 4788 291 4868 ΛΔξ.
319 4795 419 4868 Τοῦ
437 4795 649 4850 αὑτοῦ.
674 4827 742 4836 -
766 4795 1032 4864 Δήλωσις
1071 4799 1180 4865 τῆς
1208 4799 1314 4854 τοῦ
1358 4801 1614 4868 Χριστοῦ
1643 4804 1731 4866 εἰς

251 4862 583 4938 tis-(Iuliaan
630 4868 982 4938 παρουσίας.
1010 4862 1427 4938 Κατ’ἔλεγχοξι
1448 4870 1554 4924 τοῦ
1592 4862 1728 4925 Ἰουὲ

249 4929 409 5009 δαίων
428 4929 670 5009 ἔθνους,
693 4929 790 4988 καὶ
823 4929 954 5004 τοῖς(
977 4937 1218 4994 ἔθνεσιν
1250 4929 1480 4994 ἄὲέὶιάιν
1496 4939 1735 5009 ἀγαθῶν

253 4999 578 5074 ἐπαγγελία.

256 5134 272 5165 t
299 5119 440 5174 Οὕτω
477 5120 627 5189 λέγει
660 5121 892 5192 Κύριος·
931 5124 1087 5177 Ποῖον
1129 5123 1191 5176 τὸ
1227 5122 1429 5193 βιϐλίον
1452 5123 1610 5177 τοῦτο
1634 5123 1728 5178 τοῦ

200 5202 490 5265 ἀποστασίου
517 5213 619 5281 τῆς
649 5215 851 5284 μητρὸς
885 5216 1057 5286 ὑμῶν,
1082 5217 1140 5268 ὲν
1165 5210 1208 5284 ᾧ
1241 5215 1596 5282 ὲξαπέστειλα
1633 5219 1728 5271 αὐ-

199 5295 304 5363 τήνς
359 5301 390 5373 ἢ
439 5303 545 5357 τίνι
593 5305 843 5376 ὑπόχρεῳ
882 5307 1140 5378 πέπρακα
1187 5309 1365 5378 ὑμᾶςς
1439 5308 1569 5362 Ἰδοὺ
1609 5311 1730 5374 ταῖς

205 5386 454 5461 ἁμαρτίαις
481 5397 634 5468 ὑμῶν
672 5398 966 5469 ἐπράθητε,
1003 5400 1097 5452 καὶ
1134 5403 1252 5463 ταῖς
1296 5401 1546 5470 ἁνομίαις
1578 5401 1730 5472 ὑμῶν

204 5475 510 5563 ξαπὲστειλα
545 5491 646 5562 τὴν
669 5490 879 5562 μητέρα
908 5491 1088 5562 ὑμῶν·
1127 5492 1260 5545 διότι
1299 5488 1481 5563 ἦλθον,
1515 5494 1609 5546 καὶ
1633 5496 1733 5548 οὐκ

1844 3341 2091 3382 narrare.
2125 3324 2233 3396 58
2265 3323 2381 3378 Non
2410 3339 2556 3378 nunc
2590 3324 2777 3377 vocavi
2810 3332 2881 3387 te,
2911 3321 3098 3388 Jacob,
3122 3338 3296 3391 neque
3325 3323 3408 3375 la~

1844 3418 2039 3473 borare
2091 3427 2143 3471 te
2183 3417 2308 3480 feci,
2356 3414 2543 3472 Israel.
2577 3413 2695 3469 Non
2728 3415 2969 3469 obtulisti
3003 3414 3134 3468 mihi
3175 3413 3410 3483 pecudes

1845 3511 2147 3565 holocausti
2184 3511 2284 3573 tui,
2341 3524 2517 3578 neque
2551 3509 2604 3562 in
2637 3507 2920 3562 sacriﬁciis
2953 3508 3062 3560 tuis
3093 3506 3412 3576 glorificasti

1843 3617 1964 3668 me;
1999 3616 2106 3655 non
2137 3599 2354 3654 servisti
2395 3599 2526 3652 mihi
2548 3600 2602 3651 in
2629 3597 2808 3661 donis,
2841 3613 2942 3652 nec
2973 3598 3158 3651 labore
3182 3604 3232 3652 te
3247 3595 3402 3651 atfeci

1843 3696 1898 3751 in
1930 3696 2107 3758 thure,
2129 3709 2303 3764 neque
2329 3691 2658 3761 comparasti
2690 3690 2822 3744 mihi
2848 3697 3069 3760 argento
3100 3688 3408 3749 incensum,

1842 3803 2017 3858 neque
2050 3787 2264 3856 adipem
2299 3785 2642 3838 victimarum
2702 3791 2918 3835 tuarum
2953 3780 3241 3850 concupivi
3263 3819 3279 3843 ,
3314 3779 3408 3833 sed

1843 3883 1895 3934 in
1929 3879 2165 3950 peccatis
2195 3876 2326 3939 tuis,
2356 3883 2410 3930 et
2444 3876 2497 3929 in
2529 3875 2812 3945 injustitiis
2839 3875 2948 3929 tuis
2974 3873 3164 3943 pratfui
3185 3872 3283 3926 tibi
3297 3874 3342 3904 "
3362 3892 3406 3925 ι.

1841 3972 1906 4026 Ει
1959 3974 2012 4026 in
2045 3968 2401 4040 sequentibus
2463 3968 2578 4024 ait:
2629 3986 2647 4018 ι
2685 3966 3079 4022 Couvertimini
3113 3965 3178 4020 ad
3221 3981 3329 4026 me,
3356 3971 3410 4019 ct

1840 4065 1974 4119 salvi
2001 4062 2177 4124 eritis,
2209 4060 2300 4129 qui
2333 4059 2529 4114 venitis
2560 4058 2627 4112 ab
2652 4067 2896 4112 extremo
2921 4066 3098 4114 terrae.
3129 4056 3240 4128 Ego
3261 4072 3406 4120 sum,

1838 4167 1891 4212 et
1924 4172 2030 4210 non
2059 4163 2142 4208 est
2171 4154 2330 4214 alius,
2362 4167 2455 4221 per
2488 4165 2574 4205 me
2608 4151 2784 4219 ipsum
2803 4149 2931 4219 juro
2960 4168 2976 4204 :
3006 4163 3132 4204 vere
3149 4148 3318 4203 exibit
3343 4148 3410 4202 de

1838 4264 1932 4303 ore
1957 4261 2075 4302 meo
2098 4245 2332 4314 justitia.
2356 4241 2533 4298 Verba
2563 4257 2682 4296 mea
2709 4257 2815 4295 non
2859 4247 3240 4297 revertentur:
3272 4253 3410 4309 quo-

1840 4339 1981 4392 niam
2007 4336 2138 4389 mihi
2188 4349 2348 4389 omne
2373 4349 2512 4403 genu
2546 4332 2883 4396 curvabitur,
2917 4340 2970 4386 et
2992 4330 3199 4402 jurabit
3229 4330 3408 4384 omnis

1839 4430 2022 4498 lingua
2072 4426 2237 4481 Deum
2263 4441 2472 4487 verum,
2531 4425 2720 4479 dicens
2753 4444 2765 4479 :
2798 4423 3020 4478 Iustitia
3056 4430 3111 4478 et
3137 4422 3308 4494 gloria
3338 4420 3407 4475 ad

1837 4535 1960 4575 eum
1991 4518 2188 4580 veniet,
2222 4525 2275 4570 et
2303 4516 2626 4570 erubescent
2677 4531 2890 4580 omnes,
2939 4517 3031 4586 qui
3086 4515 3408 4588 disjungunt

212 4589 305 4658 ἷξει,
329 4598 416 4650 καί
453 4597 911 4668 αἱσχυνθήσονται
944 4601 1140 4664 πάντες
1165 4604 1212 4654 οί
1255 4601 1578 4674 διορίζοντες
1607 4604 1732 4656 ἑαυ-

1844 4610 2048 4680 seipsos
2079 4624 2108 4661 a
2137 4606 2365 4662 Domino
2399 4607 2446 4639 ⁸³
2485 4624 2528 4660 ι.

1837 4809 2071 4866 XXXIV.
2111 4812 2188 4879 A_b
2217 4813 2418 4868 eodem.
2443 4842 2514 4854 —-
2542 4787 2845 4868 Decliaratio
2899 4811 3098 4867 Christi
3131 4813 3199 4868 ad
3235 4814 3408 4869 homi-

1907 4899 1994 4936 nes
2026 4881 2296 4946 adventus,
2329 4894 2376 4938 et
2415 4883 2716 4953 redargutio
2769 4884 2935 4954 gentis
2977 4883 3313 4951 Judworum,
3355 4895 3406 4940 et

1907 4954 2106 5006 cunctis
2132 4954 2370 5024 gentibus
2395 4955 2676 5024 promissio
2707 4954 2984 5009 bonorum.

1913 5143 1931 5176 ι
1973 5124 2063 5180 Sic
2114 5126 2246 5181 dicit
2289 5125 2574 5191 Dominus,
2617 5127 2742 5196 quis
2795 5137 2878 5183 est
2912 5127 3156 5184 hicliber
3189 5128 3405 5199 repudii

1837 5217 2028 5271 matris
2053 5228 2268 5282 vestrm,
2302 5219 2355 5273 in
2385 5233 2495 5289 quo
2531 5218 2692 5274 emisi
2723 5235 2842 5275 eam
2868 5220 2891 5274 ἲ
2924 5228 3020 5275 aut
3052 5221 3142 5276 cui
3171 5220 3403 5276 debitori

1834 5309 2054 5363 vendidi
2103 5325 2201 5365 vos
2232 5311 2256 5363 ?
2284 5325 2412 5365 ecce
2446 5311 2686 5381 peccatis
2710 5312 2910 5366 vestris
2931 5311 3137 5366 venditi
3163 5312 3320 5376 estis,
3350 5321 3406 5368 et

1837 5402 2218 5471 iniquitatibus
2247 5403 2446 5458 vestris
2503 5401 2662 5458 emisi
2694 5411 2922 5458 matrem
2953 5411 3188 5458 vestram
3217 5423 3231 5459 :
3268 5421 3406 5476 quo-

1838 5495 1983 5548 niam
2007 5493 2155 5556 veni,
2183 5503 2236 5549 et
2264 5510 2372 5548 non
2401 5501 2518 5550 erat
2540 5493 2704 5549 homo
2737 5494 2967 5550 :vocavi
3017 5507 3074 5551 et
3117 5511 3228 5552 non
3286 5506 3404 5552 erat

204 5561 255 5636 ἦν
272 5573 525 5648 ἄνθρωπος
542 5595 559 5613 ·
587 5581 840 5646 ἐκάλεσα,
859 5583 950 5636 καὶ
967 5584 1067 5636 οὐκ
1093 5578 1161 5654 ἦν
1176 5586 1203 5637 ὁ
1217 5585 1676 5655 ὑπακουσόμενος,
1709 5605 1728 5637 ι

1844 5571 1937 5657 qni
1959 5583 2254 5654 audiret”;
2291 5606 2310 5637 ι
2343 5593 2397 5640 et
2423 5586 2650 5656 reliqua.
2682 5585 2893 5652 Quibus
2917 5587 3163 5659 adiungit
3196 5608 3208 5643 :
3245 5589 3404 5642 «Am-

204 5664 276 5716 καὶ
290 5667 347 5720 τὰ
360 5671 494 5743 ἑξῆς·
524 5670 608 5739 οἷς
638 5674 901 5744 ἐπιλέγει·
939 5694 958 5726 ι
995 5677 1059 5730 Οἱ
1088 5677 1439 5748 πορευόμενοι
1455 5679 1512 5731 ὲν
1534 5676 1732 5743 σκότει,

1841 5678 2092 5734 bulantes
2114 5678 2168 5732 in
2193 5678 2450 5741 tenebris,
2469 5685 2524 5734 et
2547 5693 2656 5734 non
2681 5686 2767 5734 est
2787 5679 2868 5736 eis
2896 5681 2985 5736 lux
3012 5698 3025 5734 :
3062 5679 3316 5736 confidite
3348 5680 3403 5734 in

257 5843 402 5901 1"lsa.
428 5867 548 5915 xxv.
587 5853 692 5908 1-8.
771 5855 810 5886 ⁹¹
836 5850 969 5912 Ibid.
1001 5855 1054 5910 8.
1131 5857 1175 5889 ³¹
1209 5855 1316 5922 Isa,
1347 5871 1501 5922 xutt,
1537 5855 1718 5913 18—24.
1797 5857 1843 5891 ”
1872 5857 1976 5913 Isa.
2009 5874 2132 5923 xcv,
2157 5855 2345 5914 22-25.
2421 5859 2466 5891 “
2497 5859 2603 5914 Isa.
2641 5877 2694 5924 ι..
2731 5858 2835 5927 I3.
