4018 6502
609 413 712 472 H9

1279 415 1551 474 EUSEBII
1585 413 2060 472 CESA‘MENSES
2095 412 2246 469 OPP.
2285 407 2480 465 PARS
2513 407 2665 462 ll.-—-
2703 403 3198 462 APOLOGETICA.

3797 404 3886 458 1ἓο

606 536 830 592 nomine
885 535 1138 602 Domini,
1174 546 1226 594 et
1259 539 1553 594 innitimini
1603 539 1713 594 Deo
1763 547 1994 592 vestro:
2051 553 2161 594 cccc

2289 535 2380 586 καὶ
2407 531 2508 584 οὑκ
2541 531 2685 583 ἐστιν
2717 529 2898 592 αὑτοῖς
2924 527 3038 596 φῶς
3057 545 3072 558 ·
3097 525 3400 580 πεποίθατε
3433 522 3538 578 ἐπὶ
3567 522 3650 594 τῷ
3675 521 3884 592 ὀνόματι

567 652 578 678 ι
606 647 799 687 omnes
816 649 909 688 vos
934 634 1109 704 ignem
1135 635 1443 698 inconditis,
1473 634 1844 688 corroboratis
1873 631 2176 690 ﬂammam:

607 725 883 780 ambulate
925 727 1128 782 lumine
1164 727 1305 797 ignis
1349 729 1538 791 vestri,
1574 735 1627 781 et
1653 727 1868 784 ﬂamma
1897 747 2059 802 quam
2089 747 2180 786 ac-

607 818 892 873 cendistis.
923 818 1152 890 Propter
1174 837 1260 874 me
1309 819 1450 874 facta
1478 830 1606 876 sunt
1639 821 1752 876 lucc
1787 821 1962 888 vobis,
1999 823 2054 876 in
2079 825 2180 878 tri-

609 911 760 964 stitia
790 911 1073 968 dormietis
1103 913 1172 976 θ’,
1204 934 1220 964 ι
1243 923 1294 968 et
1325 931 1446 984 quae
1470 925 1804 984 sequuntur;
1835 917 2034 987 quibus
2085 916 2181 972 ad-

603 1001 784 1072 jungit
814 1023 826 1055 :
859 1022 876 1051 ι
911 1004 1108 1058 Audite
1138 1019 1242 1066 me,
1277 1007 1461 1060 audite
1501 1023 1625 1062 me:
1675 1007 1910 1076 populus
1944 1023 2097 1062 meus
2125 1014 2180 1060 et

605 1107 780 1164 reges,
827 1096 892 1148 ad
921 1113 1004 1150 me
1031 1113 1192 1152 aures
1241 1099 1549 1154 intendite:
1588 1102 1848 1169 quoniam
1897 1099 1980 1154 lex
2026 1114 2056 1153 a
2093 1115 2178 1154 me

603 1185 935 1256 egredietur,
987 1197 1040 1242 et
1065 1187 1330 1255 judicium
1381 1206 1558 1244 meum
1590 1191 1644 1243 in
1681 1189 1862 1244 lumen
1893 1191 2174 1262 gentium:

606 1281 1008 1350 appmpinquat
1044 1281 1154 1334 cito
1180 1282 1394 1350 justitia
1429 1298 1568 1346 mea,
1599 1293 1654 1335 et
1682 1284 1992 1354 egredietur
2017 1284 2176 1356 quasi

607 1372 694 1424 lux
747 1372 989 1426 salutare
1019 1383 1294 1434 meum,et
1339 1377 1389 1426 in
1433 1373 1712 1428 brachium
1757 1391 1934 1430 meum
1989 1383 2176 1446 gentes

601 1464 900 1533 Sp«_-rabunt
921 1465 984 1518 9'.
1037 1485 1052 1514 ι

603 1593 819 1648 XXXV.
849 1595 926 1648 Ab
951 1595 1160 1672 eodem,
1184 1627 1252 1672 —_-
1293 1597 1612 1668 Redargutio
1635 1603 1918 1671 impiarum
1949 1603 2176 1672 injuria-

671 1683 787 1718 rum
830 1667 996 1738 gentis
1050 1665 1316 1728 Judaica:,
1343 1682 1392 1722 et
1425 1665 1918 1738 re—liqionis'eorum
1967 1665 2124 1728 τὶιεηα
2155 1692 2174 1727 :

671 1737 959 1790 rotationis
1003 1747 1180 1790 autent
1210 1742 1440 1792 omnium
1469 1745 1698 1811 gentium
1725 1745 2038 1814 patefactio.

674 1937 694 1969 ς
724 1917 980 1990 Nunquid
1013 1937 1119 1975 non
1157 1925 1379 1978 robusta
1411 1933 1492 1979 est
1523 1941 1716 1982 manus
1737 1926 1947 1982 Domini
1978 1927 2045 1982 ad
2069 1930 2176 1984 sal-
2210 1934 2250 1987 Β

599 2011 884 2065 vaudum?
917 2021 1010 2066 aut
1031 2025 1252 2084 gravata
1286 2027 1366 2070 est
1385 2017 1532 2072 auris
1561 2017 1704 2086 ejus,
1731 2027 1920 2074 utnon
1952 2021 2178 2076 audiat?

597 2102 692 2156 sed
723 2113 944 2172 peccata
971 2115 1153 2161 vestra
1187 2107 1438 2161 dividunt
1485 2109 1626 2163 inter
1656 2126 1754 2166 vos
1789 2119 1843 2166 et
1874 2111 2044 2166 Deum
2072 2155 2086 2178 ,
2124 2124 2180 2168 et

596 2192 706 2264 59
738 2205 960 2266 propter
982 2206 1201 2268 peccata
1231 2209 1433 2264 vestra,
1481 2204 1678 2258 avertit
1727 2205 1918 2260 faciem
1963 2221 2118 2260 suam
2145 2221 2174 2258 a

595 2285 754 2340 vobis
807 2302 877 2340 ne
921 2289 1267 2346 misereatur.
1294 2289 1486 2345 Manus
1535 2293 1679 2348 enim
1715 2302 1912 2348 vestra:
1963 2293 2176 2349 fmdatae

595 2390 725 2437 sunt
777 2383 1063 2454 sanguine,
1097 2393 1149 2437 et
1183 2386 1334 2456 digiti
1373 2387 1535 2442 vestri
1595 2389 1648 2442 in
1707 2389 1990 2459 peccatis:
2029 2390 2172 2444 labia

592 2483 774 2528 autem
807 2485 985 2529 vestra
1013 2475 1192 2530 locuta
1230 2485 1359 2533 sunt
1420 2479 1760 2550 iniquitatem
1807 2524 1820 2548 ,
1887 2489 1940 2536 et
1987 2481 2171 2552 lingua

592 2571 770 2618 vestra
807 2563 1126 2633 injustitiam
1159 2568 1455 2621 meditatur
1487 2586 1500 2619 ι
1535 2571 1978 2640 nullusloquitur
1999 2571 2168 2640 justa,

594 2671 770 2725 neque
795 2666 878 2711 est
906 2657 1173 2726 judicium
1210 2675 1394 2714 verum
1431 2677 1444 2710 :
1486 2661 1769 2716 conﬁdunt
1813 2663 1868 2716 in
1909 2665 2085 2728 vanis,
2117 2673 2171 2719 et

591 2745 892 2816 loquuntur
921 2747 1102 2801 inania
1129 2765 1142 2800 :
1176 2749 1434 2819 quoniam
1474 2751 1793 2821 concipiunt
1823 2752 2088 2818 laborem,
2115 2763 2170 2809 et

593 2837 812 2907 pariunt
843 2837 1186 2909 iniquitatem
1217 2860 1229 2894 :
1264 2855 1364 2895 ova
1391 2841 1638 2912 aspidnm
1673 2843 1972 2914 fregerunt,
2004 2855 2058 2900 et
2089 2855 2170 2902 te-

590 2933 695 2985 lam
721 2945 934 2986 aranea:
967 2941 1177 3001 texunt,
1200 2941 1253 2988 et
1277 2934 1368 3004 qni
1397 2935 1512 2988 vult
1534 2949 1600 2989 ex
1622 2935 1740 2990 ovis
1768 2952 1958 2992 eorum
1986 2953 2168 2994 come-

589 3021 740 3087 dere,
770 3023 860 3078 ubi
896 3025 1175 3090 contrivit,
1209 3011 1396 3080 lotium
1433 3027 1662 3090 invenit,
1711 3035 1764 3083 et
1807 3029 1860 3082 in
1891 3043 1957 3083 eo
2009 3045 2166 3100 regu—

591 3108 732 3182 lum;
761 3117 867 3171 tela
894 3133 1082 3172 eorum
1115 3134 1221 3172 non
1255 3120 1360 3174 erit
1414 3120 1468 3173 in
1511 3123 1930 3188 vestimentum,
1990 3139 2167 3192 neque

585 3209 987 3279 epericnturex
1018 3211 1275 3280 operibus
1323 3212 1463 3268 suis.
1516 3213 1696 3282 Opera
1743 3214 1888 3268 enim
1931 3230 2119 3270 eorum
2146 3256 2160 3280 ,

583 3305 750 3372 o‘pera
781 3302 1109 3373 iniquitatis,
1144 3303 1310 3374 pedes
1335 3313 1515 3360 autem
1551 3321 1762 3372 cerum,
1801 3307 1868 3360 ad
1895 3309 2160 3378 improbi-

583 3403 746 3448 tatem
771 3406 1026 3460 eurrunt,
1053 3397 1266 3452 veloces
1296 3400 1362 3452 ad
1387 3399 1774 3454 ell'undendum
1803 3402 2158 3472 sanguinem;

579 3491 635 3538 et
664 3487 1024 3555 cegitationes
1071 3503 1299 3553 eorum,
1347 3490 1707 3562 cogitationes
1761 3491 2156 3562 insipientium.

579 3580 848 3637 Contritio
880 3592 932 3637 et
959 3583 1180 3638 miseria
1233 3584 1289 3637 in
1323 3583 1428 3639 viis
1462 3601 1652 3642 eorum
1677 3603 1692 3652 ;
1713 3586 1920 3639 semitae
1969 3601 2157 3640 eorum

577 3673 845 3739 distortae,
879 3691 977 3744 per
1027 3689 1163 3746 quas
1203 3685 1510 3744 transeunt,
1545 3687 1599 3734 et
1656 3679 1909 3734 nesciunt
1943 3694 2153 3745 pacem.

577 3763 789 3820 Idcirco
820 3775 1060 3820 amotum
1093 3777 1176 3821 est
1217 3769 1484 3838 judicium
1520 3769 1588 3824 ab
1614 3772 1716 3835 eis,
1761 3777 1814 3825 et
1847 3785 1954 3824 non
2006 3786 2157 3824 com-

579 3858 868 3926 prehendit
901 3875 996 3916 eos
1044 3861 1280 3930 justitia.
1334 3862 1470 3918 Cum
1522 3875 1902 3936 exspectarent
1952 3867 2152 3932 lucem,

577 3955 736 4006 facta:
767 3961 896 4008 sunt
919 3955 1000 4009 eis
1025 3956 1263 4012 tenebrae
1299 3977 1312 4012 :
1365 3967 1750 4029 exspectantes
1780 3961 2152 4031 splendorem,

575 4045 632 4098 in
659 4043 996 4101 obscuritate
1023 4049 1200 4104 noctis
1225 4050 1676 4120 ambulaverunt;
1709 4069 1874 4108 manu
1901 4056 2151 4124 explora-

571 4135 709 4190 bunt
749 4147 809 4192 ut
849 4139 976 4193 caeci
1029 4141 1332 4210 parietem,
1379 4153 1433 4198 et
1463 4146 1618 4216 quasi
1669 4146 1804 4216 ipsis
1850 4150 1993 4202 oculi
2040 4166 2150 4203 mm

572 4229 707 4294 sint,
761 4235 1222 4290 contrectabunt:
1277 4236 1473 4292 cadent
1511 4240 1563 4292 in
1593 4239 1845 4306 meridie,
1882 4243 2038 4312 quasi
2095 4243 2150 4296 in

571 4321 749 4377 media
779 4331 976 4378 nocte:
1013 4333 1270 4397 tanquam
1321 4331 1638 4396 morientes,
1693 4333 2067 4404 ingemiscent,
2099 4345 2152 4390 et

571 4415 731 4483 quasi
775 4429 942 4470 ursus
973 4429 1026 4472 et
1061 4419 1313 4473 columba
1346 4419 1507 4476 simul
1535 4422 1856 4488 incedent,"7
1913 4435 1998 4481 act
2030 4442 2151 4498 quae

570 4517 876 4578 sequuntur
955 4527 972 4575 ;
1014 4511 1216 4582 quibus
1271 4513 1557 4584 adjungit:
1597 4535 1615 4568 ι
1666 4526 1720 4571 et
1755 4518 2023 4574 timebunt
2053 4521 2146 4591 qui

2295 624 2521 696 Κυρίου,
2559 622 2653 675 κα“ι¹
2677 619 3129 692 ἀντιστηρίσασθε
3167 620 3256 672 ἐπὶ
3284 617 3367 689 τῷ
3389 616 3522 687 Θεῷ
3551 615 3732 686 ὑμῶν.
3767 615 3884 670 Ἰδοὺ

2291 717 2491 778 πάντες
2551 716 2708 786 ὑμεῖς
2762 711 2871 784 πῦρ
2913 711 3094 765 καίετε
3127 712 3220 764 καὶ
3261 709 3652 780 κατισχύσατε
3689 707 3879 776 φλόγα·

2287 807 2586 880 πορεύεσθε
2631 805 2709 876 τῷ
2761 805 2900 875 φωτὶ
2929 803 3023 858 τοῦ
3071 803 3242 875 πυρὸς
3273 802 3461 874 ὑμῶν,
3507 801 3608 854 καὶ
3639 803 3706 870 τῇ
3738 800 3881 868 φλογὶ

2288 895 2321 973 ᾖ
2353 901 2700 966 ἐξεκαὺσατε.
2733 901 2810 951 Δι’
2849 899 2948 967 ἐμὲ
2993 896 3208 965 ἐγένετο
3228 895 3408 947 ταῦτα
3443 894 3583 958 ὑμῖν
3605 907 3620 920 ·
3657 895 3715 944 ἐν
3749 891 3879 964 λύπῃ

2283 972 2708 1065 κοιμηθήσεσθε,
2725 1013 2741 1044 ι
2763 993 2857 1045 καὶ
2883 991 2949 1043 τὰ
2983 989 3126 1059 ἑξῆς·
3149 972 3229 1038 οἷς
3253 980 3568 1050 ἐπιλέγω(
3595 983 3876 1036 ’Λκούσατέ

2286 1107 2412 1160 μου,
2432 1087 2698 1142 ἀκούσατέ
2725 1103 2824 1156 μου
2848 1101 2860 1116 ³
2891 1083 3016 1146 λαός
3043 1099 3160 1151 μου,
3190 1080 3281 1132 καὶ
3303 1080 3354 1130 οἱ
3386 1071 3874 1147 βασιλεῖς,πρὸςμὲ

2283 1179 2634 1243 ἑνωτίσασθε,
2663 1181 2742 1232 ὅτι
2773 1178 2933 1248 νόμος
2963 1177 3092 1246 παρ’
3127 1172 3258 1243 ἐμοῦ
3292 1170 3675 1235 ἐξελεύσεται,
3721 1169 3809 1220 καὶ
3845 1169 3874 1238 ἡ

2283 1274 2469 1345 κρίσις
2517 1291 2614 1344 μου
2646 1273 2726 1335 εἰς
2749 1270 2864 1340 φῶς
2899 1269 3086 1322 ἐθνῶν.
3135 1263 3377 1333 Ἐγγίζει.
3422 1262 3569 1332 ταχὺ
3601 1264 3652 1331 ή-
3681 1259 3872 1312 δικαιο-

2285 1367 2421 1436 σύνη
2457 1383 2586 1436 μου,
2614 1361 3061 1430 καὶὲξελεύσεται
3095 1359 3168 1422 ὡς
3195 1357 3310 1426 φῶς
3345 1355 3412 1408 τὸ
3445 1352 3724 1425 σωτήριόν
3763 1367 3870 1422 μου,

2280 1461 2376 1514 καὶ
2413 1459 2506 1512 ἐπὶ
2539 1460 2627 1512 τὸν
2663 1457 2921 1529 βραχίονά
2952 1473 3050 1526 μου
3085 1453 3209 1524 ἔθνη
3233 1448 3542 1503 ἐλπιοῦσιν.
3571 1466 3592 1499 ι

2277 1613 2402 1680 AE'.
2445 1615 2544 1666 Ἕκ
2577 1611 2684 1664 τοῦ
2723 1605 3466 1680 αὐτοῦ.-έἝλεγοχος’⁴ζῷν
3483 1603 3872 1680 ἀσεϐημάτων

2352 1683 2460 1736 τοῦ
2491 1681 2606 1734 τῶν
2648 1681 2943 1734 Ἰουδαίων
2973 1679 3208 1754 ἐοῖοιις,
3263 1677 3360 1754 καὶ
3384 1678 3748 1754 ᾀξιιξτττωσις
3773 1678 3868 1728 αὑ-

2352 1753 2469 1806 τῶν
2497 1751 2608 1819 τῆς
2629 1753 2959 1816 εὐσεϐείας.
2991 1749 3106 1817 Τῆς
3133 1748 3200 1801 δὲ
3221 1747 3339 1800 τῶν
3375 1745 3583 1801 ἐθνῶν
3603 1744 3868 1798 ἁπάντων

2355 1822 2631 1890 κλήσεως
2656 1820 2943 1888 δήλωσις.
3539 1869 3568 1904 δ

2353 1965 2376 2010 ἰ
2417 1959 2508 2030 Μὴ
2531 1959 2650 2028 οὑχὶ
2683 1957 3047 2029 ἰηύειὴχεὶρ
3077 1957 3283 2027 Κυρίου
3315 1956 3414 2010 τοῦ
3453 1957 3655 2021 σῶσαι,
3689 1957 3723 2026 ἢ
3753 1955 3866 2010 ἐϐά-

2283 2069 2407 2124 ρυνε
2427 2049 2592 2115 τὸοῦς
2615 2051 2779 2105 αὑτοῦ
2801 2051 2896 2105 τοῦ
2921 2049 2994 2121 μὴ
3021 2049 3248 2104 ἀκοῦσαι
3269 2067 3282 2114 ;
3301 2050 3528 2104 ἀλλὰτὰ
3547 2053 3862 2123 ἁμαρτήμα-

2276 2159 2344 2196 τα
2371 2143 2522 2214 ὑμῶν
2555 2142 2812 2213 διίστησιν
2839 2142 2942 2196 ἀνὰ
2966 2142 3126 2213 μέσον
3147 2143 3300 2213 ὑμῶν
3337 2144 3435 2196 καὶ
3464 2143 3564 2197 τοῦ
3593 2143 3747 2206 Θεοῦ,
3779 2142 3860 2196 καὶ

2279 2236 2367 2289 διὰ
2391 2235 2490 2298 τὰς
2516 2236 2788 2306 ἁμαρτίας
2813 2235 2964 2304 ὑμῶν
2995 2233 3266 2306 ἀπέτρεψε
3291 2235 3354 2287 τὸ
3383 2237 3686 2307 πρόσωπον
3713 2233 3856 2289 αὑτοῦ

2276 2329 2368 2396 ἀφ’
2394 2327 2568 2398 ὑμῶν,
2602 2327 2692 2380 τοῦ
2717 2327 2790 2398 μὴ
2807 2328 3044 2398 ἐλεῆσαι.
3081 2329 3144 2380 Ai
3171 2327 3278 2400 γὰρ
3309 2333 3505 2400 χεῖρες
3527 2331 3857 2400 ὑμῶν’μεμο·

2273 2419 2541 2491 λυσμέναι
2573 2421 2784 2488 αἵματι,
2816 2418 2977 2471 κοιὶοὶ
2999 2417 3250 2472 δάκτυλοι
3275 2421 3441 2490 ὑμῶν
3465 2423 3526 2474 ὲν
3552 2422 3849 2493 ἁμαρτίαις.

2275 2514 2357 2567 Τὰ
2387 2514 2445 2567 δὲ
2481 2513 2630 2584 χείλη
2667 2513 2817 2583 ὑμῶν
2852 2512 3111 2581 ἐλάλησεν
3141 2514 3408 2585 ἀνομίαν,
3452 2515 3551 2569 καὶ
3589 2517 3622 2587 ἡ
3653 2515 3852 2584 γλῶσσα

2277 2607 2430 2679 ὑμῶν
2465 2607 2678 2662 ἀδικίαν
2710 2605 2925 2678 μελετᾷ·
2962 2607 3135 2668 οὐδεὶς
3161 2607 3312 2660 λαλεῖ
3343 2609 3560 2672 δίκαια,
3591 2609 3700 2662 οὐδ’
3724 2609 3852 2662 ἔστιν

2275 2702 2308 2771 ή
2343 2701 2521 2771 κρίσις
2550 2699 2795 2770 ἀληθινή·
2837 2699 3158 2753 πεποίθασιν
3197 2702 3288 2754 ἐπὶ
3328 2703 3611 2772 ματαίοις,
3651 2703 3740 2756 καὶ
3766 2703 3849 2755 λα-

2271 2791 2422 2845 λοῦσι
2461 2791 2610 2844 κενά·
2651 2792 2731 2844 ὃτι
2759 2791 2948 2845 κύουσι
2975 2793 3153 2856 πόνον,
3186 2795 3278 2847 καὶ
3310 2797 3598 2850 τίκτουσιν
3619 2797 3846 2867 ἀνομίαν·

2272 2884 2355 2936 ὼά
2389 2883 2629 2936 ἀσπίδων
2661 2883 2896 2954 ἔρρηξαν
2919 2925 2933 2949 ,
2971 2886 3062 2937 καὶ
3095 2885 3238 2938 ἱστὸν
3274 2887 3526 2960 ἀράχνης
3561 2889 3844 2958 ὑφαίνουσι,

2271 2975 2364 3028 καὶ
2391 2977 2418 3028 ὁ
2439 2973 2605 3028 θέλων
2623 2977 2730 3028 τῶν
2746 2976 2867 3029 ὠῶν
2889 2977 3063 3032 αὑτῶν
3086 2983 3299 3049 φαγεῖν,
3332 2983 3657 3055 συντρίψας,
3686 2981 3845 3052 οὔριον

2269 3062 2414 3138 εὗρε,
2433 3069 2524 3122 καὶ
2549 3071 2606 3122 ὲν
2629 3070 2774 3140 αὑτῷ
2795 3070 3123 3140 βασιλίσκον·
3153 3073 3180 3124 ὁ
3209 3073 3356 3138 una;
3382 3075 3568 3128 αὑτῶν
3591 3075 3690 3128 οὑκ
3712 3075 3844 3126 ἔσται

2269 3160 2349 3222 εἰς
2388 3161 2620 3231 ἱμάτιον,
2658 3162 2777 3214 οὑδὲ
2829 3163 2901 3233 μὴ
2946 3163 3348 3234 περιϐάλωνται
3386 3168 3498 3220 ἀπὸ
3529 3167 3640 3220 τῶν
3685 3167 3843 3238 ἔργων

2191 3282 2232 3337 C
2270 3252 2471 3307 αὑτῶν.
2503 3252 2584 3305 Τὰ
2607 3253 2714 3324 γὰρ
2742 3253 2877 3324 ἔργα
2907 3255 3084 3308 αὐτῶν
3108 3257 3243 3328 ἔργα
3267 3260 3526 3329 ἀνομίας·
3552 3261 3602 3311 οἱ
3628 3259 3682 3311 δὲ
3701 3257 3840 3322 πόδες

2266 3343 2446 3396 αὐτῶν
2491 3344 2582 3396 ἐπὶ
2625 3345 2886 3416 πονηρίαν
2917 3347 3188 3418 τρέχουσι.
3226 3349 3453 3418 Ταχινοὶ
3479 3350 3668 3420 ἐκχέαι
3693 3343 3838 3418 αἷμα,

2264 3435 2357 3487 καὶ
2385 3437 2434 3488 οἱ
2467 3433 2802 3506 διαλογισμοὶ
2833 3437 3008 3490 αὑτῶν
3037 3437 3376 3510 διαλογισμοὶ
3417 3441 3686 3512 ἀφρόνων.
3721 3437 3838 3492 Σύν-

2259 3545 2478 3598 τριμμα
2505 3528 2598 3580 καὶ
2624 3528 2966 3602 ταλαιπωρία
3000 3533 3056 3584 ὲν
3089 3534 3208 3595 ταῖς
3236 3533 3378 3595 ὁδοῖς
3411 3533 3612 3586 αὑτῶν·
3648 3534 3701 3586 ai
3736 3530 3838 3603 τρί-

2262 3621 2344 3674 6οι
2401 3621 2578 3674 αὐτῶν
2623 3621 3070 3694 διεστραμμέναι,
3125 3624 3188 3688 ἃς
3243 3625 3564 3692 διοδεύουσι,
3627 3627 3715 3680 καὶ
3751 3625 3836 3679 οὐκ

2259 3714 2462 3767 οἴδασιν
2525 3715 2777 3785 εἰρήνην·
2832 3716 2920 3768 διὰ
2978 3716 3134 3770 τοῦτο
3187 3719 3404 3790 ἀπέστη
3455 3722 3488 3792 ἡ
3546 3721 3723 3793 κρίσις
3755 3719 3835 3772 ἀπ’

2259 3804 2456 3869 αὐτῶν,
2517 3805 2610 3859 καὶ
2669 3807 2729 3859 οὑ
2789 3807 2864 3878 μὴ
2921 3809 3204 3880 καταλάϐῃ
3261 3810 3464 3874 αὑτοὺς
3515 3807 3830 3877 δικαιοσύνη.

2270 3896 2711 3968 ’Υπομεινάντων
2757 3900 2902 3966 φῶς,
2951 3900 3166 3967 ἐγένετο
3214 3903 3403 3966 αὐτοῖς
3453 3903 3676 3967 σκότος·
3729 3897 3834 3971 μεί-

2255 4007 2446 4052 ναντες
2479 3991 2674 4062 αὐγὴν,
2709 3993 2765 4044 ἐν
2799 3993 2976 4064 ἀωρίᾳ
3011 3994 3450 4066 περιεπάτησαν·
3499 3996 3829 4066 ψηλαφήσου-

2259 4098 2340 4134 σιν
2369 4083 2445 4144 ὡς
2471 4083 2662 4150 τυφλοὶ
2693 4086 2888 4154 τοῖχον,
2922 4085 3014 4139 καὶ
3037 4085 3112 4150 ῶς
3137 4087 3235 4156 οὑχ
3263 4087 3623 4160 ὑπαρχόντων
3649 4085 3829 4156 ὀφθαλ-

2258 4171 2394 4242 μῶν,
2431 4171 2833 4244 ψηλαφήσουσι·
2881 4173 3171 4227 πεσοῦνται
3206 4177 3262 4228 ἐν
3295 4177 3642 4248 μεσημϐρίᾳ,
3677 4175 3748 4238 ὼς
3776 4175 3826 4226 ὲν

2257 4261 2613 4332 μεσονυκτίιρ·
2645 4263 2719 4326 ὡς
2760 4263 3196 4336 ἀποθνήσκοντες
3241 4269 3610 4332 στενὰξουσιν·
3639 4266 3711 4329 ὡς
3735 4265 3824 4336 ἄρ-

2253 4369 2378 4415 κτος
2399 4354 2492 4406 καὶ
2535 4355 2850 4427 περιστερὰ,
2881 4357 2995 4428 ἅμα
3029 4358 3407 4430 πορεύσονται,
3441 4380 3460 4412 ι
3485 4361 3576 4413 καὶ
3601 4359 3665 4412 τὰ
3690 4357 3823 4426 ἐξῆν

2251 4439 2331 4507 οἷς
2371 4446 2646 4514 ἐπιλέγει·
2701 4467 2719 4498 ι
2753 4449 2862 4502 Καὶ
2914 4450 3310 4522 φοϐηθήσονται
3365 4455 3414 4506 οἱ
3463 4451 3572 4506 ἀπὸ
3619 4445 3823 4518 δυσμῶν

2251 4534 2311 4586 τὸ
2341 4535 2512 4606 ὄνομα
2539 4539 2766 4608 Κυρίου,
2793 4541 2887 4593 καὶ
2906 4543 2956 4593 oi
2979 4543 3086 4596 ἀπὸ
3110 4543 3382 4597 ἀνατολῶν
3412 4543 3564 4616 ἡλίου
3582 4543 3640 4595 τὺ
3664 4541 3820 4608 ὄνομα

569 4599 640 4654 ab
672 4613 874 4656 occasu
897 4604 1193 4666 exsistunt,
1217 4619 1416 4659 nomen
1447 4604 1685 4670 Domini,
1713 4616 1766 4662 et
1793 4610 1885 4680 qui
1919 4610 1990 4664 ab
2019 4625 2143 4664 ortu

2269 4626 2309 4676 τὸ
2353 4625 2580 4690 ἔνδοξον.
2621 4649 2637 4679 ι
2701 4629 2859 4683 Ἀλλά
2891 4631 3000 4704 γὰρ
3034 4633 3298 4686 πλείστων
3325 4635 3466 4688 ὅσων
3499 4633 3668 4688 οὐσῶν
3701 4625 3818 4699 περὶ

567 4689 725 4758 solis,
753 4710 952 4748 nomen
969 4696 1380 4765 gloriosum’9-i
1427 4700 1718 4766 Cancrum,
1743 4719 1866 4756 eum
1899 4705 2147 4773 plurimae

564 4783 814 4855 ejusdem
845 4789 1150 4858 argumenti
1187 4790 1298 4845 sint
1325 4793 1640 4863 prophetiae,
1673 4797 2002 4851 testimoniis
2037 4797 2149 4854 liis-

565 4891 650 4942 ee,
677 4891 800 4947 quae
849 4877 937 4934 hic
995 4883 1372 4951 apposuimus,
1414 4889 1654 4943 contenti
1683 4889 1893 4944 erimus
1933 4909 1944 4944 :
1983 4899 2147 4961 atque

562 4985 628 5025 ea
650 4986 752 5025 suo
777 4981 1022 5043 tempore
1050 4988 1242 5030 rursus
1263 4987 1589 5047 repetentes,
1607 4982 2036 5051 explanabiums.
2063 4983 2150 5038 ln-

563 5071 714 5116 terea
739 5075 892 5124 vero,
925 5065 1144 5133 quando
1174 5069 1240 5122 ad
1275 5071 1500 5126 verbum
1533 5072 1744 5126 abunde
1765 5073 1968 5129 talibus
1991 5075 2146 5130 testi-

565 5153 768 5209 moniis
798 5155 882 5208 usi
905 5173 1118 5222 sumus,
1148 5161 1285 5217 satis
1313 5179 1412 5218 nos
1447 5164 1754 5218 ostendisse
1785 5167 2141 5234 arbitramur,

559 5243 697 5300 nihil
727 5248 968 5318 amplius
983 5267 1146 5321 quam
1167 5255 1406 5324 reliquas
1431 5265 1640 5326 gentes,
1675 5257 1878 5313 habere
1895 5258 2134 5318 Iudaeos.

561 5334 688 5393 Sive
719 5341 866 5395 enim
899 5343 1044 5400 illius
1071 5346 1232 5401 amici
1269 5347 1362 5402 Dei
1383 5348 1616 5403 Abrahae
1644 5351 2042 5410 benedictionis
2079 5371 2138 5412 se

558 5432 708 5488 solos
755 5433 944 5490 dicunt
971 5453 1096 5493 esse
1120 5442 1434 5510 participes,
1469 5450 1750 5510 propterea
1775 5445 1924 5514 quod
1957 5448 2138 5502 abillo

557 5523 670 5576 sint
691 5525 912 5580 oriundi
951 5546 964 5582 :
991 5528 1104 5595 jam
1134 5528 1278 5586 Deus
1309 5531 1486 5600 palam
1513 5534 1788 5600 pollicitus
1817 5547 1922 5603 est,
1957 5543 2135 5606 genti-

551 5610 658 5668 bus
679 5629 897 5684 quoque
935 5631 1120 5686 parem
1165 5635 1274 5674 non
1301 5621 1462 5674 modo
1515 5623 1617 5692 ipsi
1647 5625 1900 5692 Abrahae,
1943 5628 2038 5683 sed
2082 5635 2138 5684 ct

556 5709 728 5772 Baac,
775 5717 826 5764 et
878 5707 1050 5764 Jacob
1105 5711 1538 5768 benedictionem
1593 5731 1652 5772 se
1689 5719 2130 5788 impertiturum:

625 5865 668 5893 "
705 5861 804 5918 lsa.
845 5881 894 5932 ι,
928 5867 1116 5924 18.19.
1193 5869 1234 5896 π
1269 5868 1372 5924 lsa.
1401 5885 1476 5930 ιι,
1517 5870 1628 5926 4-5.

1706 5875 1749 5905 ί⁶⁷
1777 5875 1880 5931 lsa.
1916 5893 2000 5930 ιιι
2039 5878 2170 5930 l-ll.

2247 4717 2346 4788 τῆς
2363 4719 2532 4789 αὐτῆς
2555 4721 2860 4786 ὑποθέσεως
2881 4724 3246 4794 προφητειῶν,
3269 4729 3390 4789 ταῖς
3415 4721 3817 4797 παρατεθεῖσαις

2254 4811 2580 4882 μαρτυρίαις
2621 4813 3092 4884 ἀρκεσθησόμεθα,
3145 4817 3240 4870 καί
3277 4816 3420 4870 κατά
3459 4817 3646 4888 καιρὸν
3673 4807 3816 4872 αὖθις

2249 4899 2612 4965 ἀναλαϐόντες
2639 4901 3052 4974 ἐξομαλίσομεν·
3101 4907 3390 4977 ἡγούμενοι
3421 4909 3558 4971 τέως
3584 4902 3812 4974 δαψιλέσι

2249 4993 2370 5053 ταῖς
2394 4989 2592 5056 λέξεσι,
2631 4993 2726 5044 καὶ
2749 4993 2868 5054 ταῖς
2895 4993 3002 5045 ἀπὸ
3028 4996 3230 5047 τούτων
3263 4995 3590 5068 μαρτυρίαις
3620 5005 3808 5060 κεχρη-

2251 5082 2424 5152 μένοι,
2469 5083 2668 5146 ίκανῶς
2709 5083 3106 5154 ἀπώεδειχὲναι
3141 5087 3303 5158 μηδὲν
3332 5089 3488 5141 πλέον
3520 5087 3658 5156 ἔχειν
3691 5082 3810 5133 Ἰου-

2244 5170 2428 5237 δαίους
2449 5174 2556 5229 τῶν
2579 5175 2778 5228 λοιπῶν
2801 5175 2990 5229 ἐθνῶν.
3013 5177 3136 5228 Εἴτε
3167 5176 3275 5248 γὰρ
3297 5177 3396 5246 τῆς
3423 5175 3516 5229 τοῦ
3547 5167 3807 5241 θεοφιλοῦς

2256 5265 2505 5338 Ἀϐραὰμ
2537 5269 2788 5337 εὐλογίας
2819 5271 3014 5340 μόνους
3043 5273 3240 5336 αὐτούς
3267 5291 3426 5342 φασιν
3455 5267 3595 5325 εἶναι
3627 5285 3806 5321 κοινω-

2244 5363 2386 5425 νοὺς,
2407 5361 2494 5414 διὰ
2515 5360 2574 5412 τὸ
2595 5359 2652 5426 ἐξ
2673 5359 2838 5413 αὑτοῦ
2857 5360 3120 5426 κατάγειν
3140 5361 3200 5412 τὸ
3220 5359 3394 5426 γένος·
3423 5358 3556 5412 ἀλλά
3577 5351 3792 5410 καὶτοῖς

2246 5453 2420 5507 ἔθνεσι
2449 5454 2547 5523 τῆς
2581 5454 2700 5521 ἴσης
2727 5450 2806 5520 τῷ
2840 5450 3089 5520 Ἀϐραὰμ
3127 5453 3185 5504 οὑ
3235 5452 3412 5522 μόνον,
3443 5449 3574 5502 ἀλλὰ
3602 5445 3692 5500 καὶ
3723 5439 3792 5510 τῷ

2243 5544 2450 5610 Ἰσαὰκ,
2498 5546 2590 5624 καξι
2634 5544 2712 5612 τῷ
2739 5543 2936 5598 Ἰακὼϐ
2971 5544 3224 5612 εὐλογίας
3267 5541 3590 5612 μεταδώσειν
3627 5535 3788 5602 ἐπήγ-

2245 5637 2426 5703 γελται
2447 5653 2459 5666 ·
2487 5636 2782 5707 διαρρήδην
2825 5637 3276 5708 εὑλογηθήσεσθαι
3308 5637 3506 5708 ὁμοίως
3534 5628 3701 5686 παντά
3729 5624 3792 5676 τὰ

2244 5729 2370 5799 ἔθνη
2405 5727 2698 5798 προειπὼν,
2729 5729 2821 5783 καὶ
2858 5729 2964 5782 ὑπὸ
2999 5730 3124 5800 μίαν
3153 5732 3244 5784 καὶ
3272 5729 3368 5800 τὴν
3399 5725 3566 5793 αὑτῆν
3595 5722 3784 5788 εὐφρο-

2253 5881 2295 5910 ”
2324 5878 2451 5932 ibid.
2485 5877 2570 5932 19.
