4018 6508
222 465 320 521 121

1136 469 1784 534 ΒΕΜΟΝΒΤΒΑἸἸΟΝΙΞ
1833 480 2292 539 EVANGELlCAS
2348 484 2475 540 LIB.
2515 485 2581 541 ll.

3375 493 3478 548 {2'2

217 588 390 657 σύνην
423 588 538 650 τοῖς
568 586 858 659 μακαρίοις
885 587 978 639 καὶ
998 587 1265 657 θεοφιλέσι
1286 587 1380 642 καὶ
1407 589 1473 644 τὰ
1499 591 1659 645 λοιπά
1681 592 1785 646 έθνι

1908 597 2106 666 quippe
2131 599 2225 668 qui
2256 597 2655 654 benedicendas
2683 615 2806 656 esse
2834 600 3023 656 itidem
3042 645 3056 667 ,
3098 615 3154 659 ut
3185 604 3310 662 illos
3357 622 3478 660 om-

213 677 690 748 ἀνακαλούμενος,
742 677 894 732 κατὰ·
921 679 1001 731 τό·
1046 699 1064 729 ‹
1103 681 1454 752 Εὐφράνθητε
1493 682 1618 754 ἔθνη
1664 684 1800 755 μετά

211 771 305 823 τοῦ
335 771 472 824 λαοῦ
497 771 686 824 αὑτοῦ·
717 791 735 821 ι
774 771 887 824 καίο
924 790 941 822 ι
973 772 1260 842 ’Ἄρχοντες
1289 773 1430 826 λαῶν
1462 775 1803 847 συνήχθησαν

213 858 357 926 μετὰ
383 859 480 912 τοῦ
504 859 641 912 Θεοῦ
680 859 946 930 Ἀϐραάμ·
980 879 996 910 ι
1024 861 1132 913 εἴτε
1155 862 1245 914 ἐπὶ
1272 863 1514 936 βασιλεία
1529 865 1622 917 τοῦ
1644 866 1799 927 Θεοῦ,

207 949 364 1002 ὠσὰν
395 950 566 1004 αὐτοῦ
591 953 874 1020 γεγονότες
894 951 1112 1022 κλῆρος,
1141 955 1524 1024 φρυάττονται,
1553 957 1686 1009 ἀλλά
1709 958 1802 1010 καὶ

211 1043 303 1094 ἐπὶ
343 1043 532 1096 πάντα
560 1044 629 1096 τά
661 1043 824 1096 λοιπά
858 1044 984 1116 ἔθνη
1027 1045 1364 1115 βασιλεύσειν
1395 1050 1422 1101 ὁ
1454 1049 1586 1112 Θεὸς
1615 1051 1804 1104 θεσπί-

214 1137 400 1199 ζεται⁶
444 1155 462 1186 ι
505 1136 707 1189 Εἴπατε
750 1155 767 1186 ι
800 1136 928 1207 γὰρ,
958 1137 1138 1206 φησὶν,
1176 1157 1195 1189 ‹
1225 1141 1280 1191 ἐν
1313 1143 1422 1203 τοῖς
1452 1141 1679 1205 ἔθνεσιν,
1719 1145 1798 1197 ὃτι

210 1226 429 1298 Κύριος
475 1227 815 1282 ἐϐασίλευσε.
849 1248 866 1280 ›
923 1230 1032 1282 Καὶ
1073 1231 1250 1282 πάλιν·
1300 1250 1318 1282 ι
1364 1233 1740 1287 Ἐϐασίλευσεν
1773 1238 1800 1289 ὁ

213 1319 349 1383 Θεὸς
381 1322 478 1374 ἐπὶ
515 1321 692 1374 πάντα
724 1321 794 1374 τὰ
822 1321 968 1391 ἔθνη⁸
1007 1323 1113 1375 εἴτε
1151 1325 1243 1376 ἐπὶ
1275 1324 1334 1376 τὸ
1369 1326 1669 1396 ἱερουργεῖν
1707 1328 1800 1380 καὶ

212 1418 291 1487 τῷ
319 1418 447 1488 Θεῷ
489 1418 772 1489 λατρεύειν
803 1417 1096 1487 ἐξειλέχθαι
1138 1419 1332 1481 αὐτοὺς
1365 1422 1540 1486 φαῖεν,
1564 1419 1798 1472 δεικτέον

212 1511 289 1573 ὡς
312 1511 409 1563 καὶ
435 1514 550 1574 τοῖς
571 1510 748 1563 ἐθνεσι
771 1511 870 1580 τῆς
895 1511 1014 1580 ἴσης
1034 1513 1061 1563 ὁ
1088 1510 1242 1578 λόγος
1271 1510 1598 1580 μεταδώσειν
1629 1513 1800 1582 ἐπήγ-

213 1602 404 1671 γελται
448 1603 764 1672 θεραπείας,
805 1605 996 1673 λέγων’
1039 1625 1056 1656 ι
1101 1607 1383 1674 Ἐνέγκατε
1421 1606 1495 1676 τῷ
1527 1607 1712 1678 Κυρίῳ
1743 1609 1796 1661 αἱ

214 1695 448 1764 πατριαὶ
478 1695 587 1747 τῶν
612 1696 798 1759 ἐθνῶν,
825 1697 1083 1762 ἐνέγκατε
1109 1697 1185 1766 τῷ
1211 1697 1398 1768 Κυρίῳ
1425 1698 1580 1764 δόξαν
1606 1700 1700 1752 καὶ
1717 1716 1796 1751 τι-

217 1788 346 1856 μήνσ
380 1788 557 1858 ἄρατε
595 1787 805 1850 θυσίας,
849 1788 943 1841 καὶ
963 1789 1364 1860 ,εἰσπορεύεσθε
1390 1791 1470 1853 είς
1502 1791 1599 1853 τὰς
1627 1790 1797 1854 αὐλὰς

216 1879 402 1932 αὐτοῦ’
437 1901 455 1931 ι
481 1875 563 1943 οἷς
587 1882 679 1934 καὶ
698 1882 758 1934 τὸ
782 1880 931 1952 παρά
961 1881 1244 1952 τῷἩσαῒα
1266 1881 1516 1951 συνάψεις
1545 1881 1740 1949 λόγιον,
1771 1901 1788 1931 ι

214 1972 273 2026 τὸ
297 1973 507 2042 φῆσαν·
545 1991 561 2023 ι
602 1973 794 2025 Ἔσται
828 1973 1204 2044 θυσιαστήριον
1233 1973 1313 2044 τῷ
1345 1973 1531 2044 Κυρίῳ
1556 1975 1612 2025 ἐν
1643 1972 1796 2045 χώρᾳ

210 2064 520 2133 Αἰγύπτου,
550 2065 647 2118 καὶ
688 2064 986 2133 γνώσονται
1018 2067 1065 2117 οἱ
1113 2063 1402 2132 Αἰγύπτιοι
1441 2065 1530 2117 τὸν
1566 2065 1790 2136 Κύριον,

211 2156 302 2209 καὶ
336 2157 635 2226 ποιήσουσι
665 2155 872 2218 θυσίας,
897 2155 991 2208 καὶ
1021 2154 1261 2219 εὔξονται
1292 2155 1454 2224 εὐχὰς
1481 2155 1559 2225 τῷ
1583 2155 1790 2227 Κυρίῳ,

209 2249 299 2300 καὶ
334 2246 734 2301 ἀποδώσουσιν.
775 2267 793 2298 ι
851 2247 1017 2299 Ἔνθα
1060 2249 1152 2300 καὶ
1193 2248 1506 2318 ἐπιστήσεις
1537 2247 1610 2310 ὡς
1640 2246 1794 2310 ἐκτὸς

208 2339 303 2409 τῆς
350 2341 717 2412 Ἰερουσαλὴμ
749 2341 840 2392 ἐπὶ
869 2339 966 2409 τῆς
1007 2338 1277 2406 Αἰγύπτου
1312 2338 1691 2409 θυσιαστήριον
1717 2337 1792 2408 τῷ

212 2431 406 2503 Κυρίῳ
442 2432 831 2500 συστήσεσθαι,
885 2431 980 2484 καὶ
1027 2430 1208 2483 θύσειν
1251 2429 1434 2482 αὐτόθι
1473 2431 1598 2491 τοὺς
1627 2430 1792 2496 Λίγυ-

208 2521 417 2584 πτῖους,
445 2523 546 2573 καὶ
573 2520 822 2587 εὔξεσθαι
850 2521 1030 2592 εύχάς,
1054 2523 1146 2573 καὶ
1171 2519 1467 2573 ἀποδώσειν
1482 2519 1560 2589 τῷ
1584 2519 1789 2590 Κυρίῳ,

211 2615 640 2685 προσητεύεται.
677 2616 750 2667 υύ
789 2615 945 2685 μόνον
989 2613 1044 2666 δὲ
1087 2613 1194 2683 ἄρα
1233 2613 1324 2664 ἐπὶ
1354 2611 1452 2680 τῆς
1494 2610 1787 2677 Αἰγύπτου,

208 2705 340 2758 ἀλλὰ
372 2706 471 2758 καὶ
515 2707 603 2759 ἐπ’
649 2705 819 2775 αὐτῆς
859 2705 957 2775 τῆς
995 2703 1228 2773 ἀληθοῦς
1269 2703 1636 2775 Ἰερουσαλὴμ,
1670 2703 1790 2772 ἥτις

367 2798 513 2868 αῦτη
546 2802 766 2860 νοεῖται,
810 2799 986 2851 πάντα
1027 2798 1093 2850 τὰ
1138 2797 1285 2867 ἔθνη,
1341 2796 1433 2849 καὶ
1469 2795 1618 2848 αὐτοί
1647 2812 1709 2864 γε
1741 2797 1788 2848 οἱ

209 2890 422 2943 πάντων
458 2891 1007 2960 δεισιδαιμονέστατοι
1052 2889 1335 2957 Αἰγύπτιοι
1380 2889 1476 2958 τὴν
1509 2888 1649 2941 κατά
1677 2889 1790 2941 δια-

209 2997 348 3033 νοιαν
393 2982 784 3054 θεωρουμένην
825 2983 1196 3052 σκηνοπηγίαν
1241 2980 1517 3052 ἑορτάσειν
1557 2981 1661 3032 ὑπὸ
1690 2980 1788 3050 τῆς

208 3077 550 3145 προφητείας
578 3075 994 3128 ἀνακαλοῦνται.
1032 3076 1093 3126 ΕΞ
1124 3074 1179 3126 δὲ
1207 3074 1301 3127 καὶ
1328 3074 1493 3127 πάλαι
1528 3074 1788 3145 πρότερον

207 3166 438 3238 ἐγενήθη
473 3168 631 3238 μερὶς
657 3168 861 3238 Κυρίου
891 3166 1017 3228 λαὸς
1045 3165 1204 3218 αὐτοῦ
1259 3165 1469 3228 Ἰακὼϐ,
1503 3164 1788 3236 σχοίνισμα

1905 703 2003 742 nes
2015 696 2201 758 gentes
2221 690 2530 759 praedixerit
2552 733 2567 756 ,
2587 699 2639 746 et
2657 693 2756 746 sub
2782 710 2945 748 unam
2983 697 3318 768 eandemque
3347 714 3470 754 cum

1905 777 2076 834 beatis
2099 779 2226 842 illis,
2263 780 2465 851 Deique
2520 785 2712 840 amicis
2745 785 2874 841 viris
2917 788 3178 847 laetitiam.
3230 791 3474 859 reliquas

1903 887 2118 942 quoque
2168 882 2356 943 gentes
2409 875 2598 930 invitet
2632 916 2648 940 ,
2678 877 2832 945 juxta
2879 881 3047 936 illud:
3092 900 3110 932 ι
3170 882 3472 948 Lmtamini,

1901 973 2108 1035 gentes,
2133 981 2254 1019 cum
2275 968 2472 1036 populo
2504 973 2622 1036 ejus
2652 970 2696 1000 ⁹⁹
2728 989 2740 1023 :
2788 993 2805 1022 ι
2835 971 2897 1025 Et
2921 974 3050 1027 illud
3091 994 3103 1028 :
3136 995 3153 1026 ι
3187 974 3473 1047 Principes

1902 1055 2222 1123 populorum
2255 1059 2566 1126 congregati
2604 1069 2730 1113 sunt
2781 1077 2901 1115 cum
2937 1063 3044 1119 Deo
3085 1065 3398 1122 Abraham:
3442 1087 3462 1119 ι

1902 1148 2015 1202 sive
2043 1146 2108 1201 de
2137 1148 2245 1217 ϐο
2278 1165 2446 1220 regno
2475 1149 2589 1213 Dei,
2635 1154 2790 1222 quasi
2835 1155 2980 1211 iilius
3019 1156 3147 1213 facti
3203 1159 3466 1223 hzeredes,

1900 1238 2238 1306 gloriantur:
2265 1240 2377 1308 jam
2411 1242 2464 1294 in
2495 1243 2721 1312 reliquis
2745 1261 2962 1316 quoque
2995 1249 3244 1316 gentibus
3276 1266 3470 1321 regna-

1902 1337 2081 1382 turum
2127 1328 2314 1393 Deum,
2364 1333 2547 1386 divina
2592 1338 2812 1388 oracula
2871 1339 3211 1394 ostendunt:
3249 1335 3470 1398 «Dicite

1897 1422 2066 1484 enim,
2095 1421 2288 1490 inquit.
2339 1423 2392 1476 in
2422 1425 2711 1493 gentibus,
2764 1429 2907 1496 quod
2956 1428 3218 1484 Dominus
3269 1448 3464 1501 regna-

1899 1510 1974 1561 vit
2009 1509 2023 1538 ¹
2062 1529 2108 1563 ,ι
2153 1509 2216 1562 Et
2249 1526 2441 1567 rursus
2475 1531 2488 1567 :
2537 1531 2556 1564 ι
2612 1513 2878 1584 Regnavit
2913 1517 3055 1572 Deus
3084 1535 3248 1589 super
3278 1538 3467 1578 omnes

1899 1609 2087 1669 gentes
2109 1606 2166 1658 ἰ
2203 1623 2221 1654 ›
2250 1606 2366 1660 sive
2395 1607 2461 1658 ad
2495 1610 2784 1662 sacerdotii
2817 1627 3036 1674 munus,
3071 1623 3125 1666 et
3159 1615 3224 1668 ad
3261 1617 3466 1670 cultum

1901 1692 2008 1746 Deo
2037 1695 2398 1751 exhibendum
2431 1715 2489 1754 se
2508 1701 2711 1756 electos
2735 1703 3010 1767 dictitant,
3036 1705 3468 1761 demonstratum

1897 1787 2033 1853 erit;
2070 1789 2525 1856 quemadmodum
2577 1794 2831 1862 gentibus
2857 1812 3096 1865 quoque,
3129 1801 3335 1868 :equale
3366 1800 3469 1852 mi.

1898 1879 2182 1934 nisterium
2217 1897 2396 1937 sermo
2430 1884 2648 1939 divinus
2680 1902 2738 1940 se
2762 1888 3169 1957 impertiturum
3205 1892 3467 1961 promise-

1899 1971 1988 2032 rit,
2023 1971 2112 2024 uhi
2144 1973 2219 2024 ait
2255 1991 2270 2028 :
2307 1992 2326 2025 ι
2360 1975 2558 2031 Aﬂ‘erte
2607 1975 2836 2032 Domino
2859 2019 2874 2042 ,
2928 1981 3144 2035 familia:
3199 1983 3463 2051 gentium.

1895 2062 2082 2117 aﬂ‘erle
2112 2063 2342 2119 Domino
2375 2067 2602 2135 gloriam
2632 2079 2686 2122 et
2708 2070 2966 2125 honorem
2995 2091 3006 2126 :
3037 2075 3206 2126 tollite
3232 2074 3462 2139 hostias,

1892 2161 1946 2208 et
1971 2154 2320 2224 ingredimini
2352 2159 2404 2211 in
2437 2160 2576 2212 atria
2602 2159 2775 2233 ejus}
2811 2181 2824 2215 :
2859 2183 2877 2214 ι
2911 2164 3111 2232 quibus
3136 2166 3300 2218 etiam
3332 2166 3464 2220 illud

1893 2247 2034 2315 apud
2059 2247 2249 2302 Isaiam
2297 2253 2523 2304 oracqu
2551 2271 2579 2303 ιι
2614 2254 2916 2324 adjungere
2939 2257 3160 2324 poteris,
3195 2255 3338 2325 quod
3389 2255 3465 2310 ita

1893 2338 2093 2393 habet:
2131 2359 2148 2390 ι
2188 2340 2251 2394 Ει
2274 2342 2444 2396 altare
2481 2343 2711 2398 Domino
2753 2348 2806 2399 iu
2834 2356 2975 2401 terra
3018 2349 3256 2420 Egypli,
3293 2358 3343 2404 et
3371 2365 3465 2404 co-

1890 2439 2151 2500 gnoscent
2183 2431 2421 2503 Egyptii
2468 2433 2775 2499 Dominum,
2827 2446 2880 2492 et
2916 2439 3114 2493 facient
3173 2442 3462 2508 sacriﬁcia,

1890 2534 1942 2576 et
1973 2524 2245 2577 vovehimt
2281 2537 2399 2578 vota
2435 2525 2684 2590 Domino,
2720 2537 2773 2582 et
2798 2531 3025 2584 reddent
3057 2531 3097 2583 ⁸.
3140 2551 3159 2583 ι
3199 2530 3298 2585 Ubi
3333 2533 3461 2585 item

1892 2614 2020 2667 illud
2056 2615 2152 2668 tibi
2177 2615 2278 2669 erit
2309 2617 2768 2671 considerandum
2797 2621 3078 2682 attentius,
3119 2623 3263 2690 quod
3308 2631 3462 2675 extra

1887 2702 2184 2758 Jerusalem
2213 2707 2262 2758 in
2293 2706 2526 2775 Egypto
2549 2708 2716 2761 altare
2741 2706 2967 2762 Domino
2995 2713 3459 2777 constituendum,

1888 2803 1941 2850 et
1973 2797 2083 2850 illic
2120 2798 2528 2852 sacrilicaturos
2555 2796 2866 2868 Egyptios,
2893 2809 3126 2870 votaque
3157 2800 3387 2855 Domino
3410 2812 3463 2856 et

1889 2885 2148 2949 facturos,
2175 2898 2226 2941 et
2252 2887 2562 2943 reddituros
2593 2889 2874 2956 prophetia
2906 2892 3193 2960 signiticet.
3228 2891 3342 2945 Non
3370 2908 3458 2946 er-

1888 2994 1955 3042 go
1979 2980 2031 3030 in
2055 2979 2291 3050 Aigyptu
2316 2981 2490 3034 solum
2521 3020 2535 3044 ,
2573 2983 2665 3037 sed
2703 2984 2755 3035 in
2786 2983 2898 3051 ipsa
2944 3000 3160 3052 quoque
3201 3000 3326 3038 vera
3373 2981 3462 3039 Je-

1887 3071 2149 3132 rusalem,
2210 3087 2548 3141 qtlzccunquc
2595 3090 2657 3128 ea
2707 3074 3058 3143 intelligatur,
3093 3091 3281 3129 omnes
3331 3092 3462 3144 gen-

1889 3168 1994 3225 tes,
2048 3178 2261 3216 necnon
2295 3163 2399 3232 ipsi
2431 3166 2672 3218 oumium
2723 3167 3246 3235 superstitiosissimi
3293 3167 3460 3239 ,Εεν-

208 3260 578 3332 κληρονομίας
617 3260 781 3312 αὑτοῦ
837 3260 1069 3330 Ἰσραὴλ,
1114 3258 1246 3312 ἀλλά
1279 3258 1501 3326 ὕστερόν
1541 3274 1669 3310 ποτε
1697 3257 1785 3311 καὶ

1895 3255 2011 3322 ptii,
2045 3253 2111 3306 ad
2143 3253 2196 3308 id
2217 3257 2358 3324 quod
2392 3273 2455 3310 ex
2487 3260 2778 3320 sententia,
2812 3276 2919 3313 non
2961 3274 3024 3312 ex
3059 3263 3264 3329 scripto
3291 3262 3460 3315 inter-

207 3352 270 3404 τά
295 3352 423 3423 Εθνη
459 3353 638 3404 πάντα
664 3351 740 3421 τῷ
765 3352 954 3421 Κυρίῳ
975 3349 1290 3421 δοθήσεσθαι
1321 3349 1520 3420 κλῆρος
1547 3348 1780 3420 εἴρηται,

211 3446 479 3515 φήσαντος
507 3443 655 3513 αὐτῷ
679 3442 771 3495 τοῦ
801 3444 1030 3514 Πατρόςο
1064 3462 1080 3492 ι
1105 3443 1332 3512 Λίτησαι
1362 3444 1486 3510 παρ’
1510 3441 1664 3511 ἐμοῦ,
1691 3441 1784 3494 καὶ

209 3536 358 3590 δώσω
397 3555 483 3590 σοι
521 3536 646 3607 ἔθνη
681 3536 775 3607 τήν
809 3535 1172 3606 κληρονομίαν
1209 3551 1320 3586 σου.
1355 3553 1373 3583 ι
1409 3535 1517 3586 Καὶ
1546 3531 1653 3602 γὰρ
1685 3549 1783 3586 κα-

211 3626 591 3698 τακυριεύσειν
637 3627 697 3678 ού
732 3627 829 3696 τῆς
875 3625 1152 3687 Ἰουδαίας,
1200 3624 1312 3676 ἀλλ’
1359 3624 1464 3676 ἀπὸ
1508 3623 1780 3693 θαλάσσης

213 3719 310 3781 ἕως
346 3717 650 3786 θαλάσσης,
685 3717 778 3770 καὶ
808 3717 1058 3789 περάτων
1085 3716 1185 3785 τῆς
1219 3715 1542 3786 οἰκουμένης
1581 3732 1784 3786 προπρη-

215 3810 439 3862 τεύεται·
476 3828 492 3858 ι
525 3808 709 3860 Πάντα
738 3825 796 3860 τε
822 3806 891 3860 τὰ
923 3807 1046 3877 ἔθνη
1079 3806 1449 3858 δουλεύσουσιν
1486 3806 1653 3876 αύτιξῖ),
1689 3808 1781 3859 καὶ

218 3903 459 3970 ἐνευλογη
467 3901 718 3970 θήσονται
755 3902 812 3953 ἐν
840 3898 986 3968 αὐτῷ
1018 3900 1186 3950 πᾶσαι
1214 3899 1268 3952 αἱ
1297 3898 1456 3966 φυλαὶ
1478 3897 1576 3967 τῆς
1601 3899 1720 3968 γῆς.
1755 3917 1774 3949 ›

219 3993 405 4045 Τούτου
433 3993 489 4044 δὲ
518 3987 587 4062 ἦν
623 3993 814 4053 αἴτιον,
848 3991 909 4043 τὸ
939 3989 1203 4060 γνωρίσαι
1235 3989 1309 4058 (l)
1341 3989 1446 4043 τῶν
1481 3989 1616 4041 ὅλων
1647 3989 1780 4042 θεὸν

219 4083 300 4135 τὸν
321 4085 586 4154 σωτήριον
609 4080 770 4134 αὑτοῦ
790 4078 1016 4134 ἐνώπιον
1036 4079 1250 4132 πάντων
1265 4079 1369 4132 τῶν
1388 4078 1576 4132 ἐθνῶν.
1609 4079 1777 4149 Σεση-

221 4175 432 4242 μείωται
461 4174 516 4227 δὲ
547 4175 678 4244 ⁴ήμῖν
708 4173 808 4242 ήδη
834 4173 1092 4244 πρότερον
1123 4171 1184 4223 τὸ
1211 4170 1449 4238 Ἰησοῦς
1477 4171 1666 4241 ὄνομα,
1700 4172 1779 4234 είς

218 4269 304 4338 τὴν
351 4267 622 4338 Ἑλλήνων
673 4266 782 4319 ἀπὸ
833 4267 930 4336 τῆς
998 4264 1260 4335 Ἐϐραίων
1315 4263 1777 4335 μεταϐαλλόμενον

218 4357 410 4426 φωνῆς,
444 4355 743 4424 Σωτήρων
781 4355 1195 4427 ἑρμηνεύεσθαι,
1241 4355 1316 4419 ὼς
1373 4355 1536 4425 μηδὲν
1595 4355 1778 4425 ἕτερον

217 4445 341 4502 εἶναι
389 4449 452 4502 τὸ
503 4449 807 4516 Σωτήρων
832 4447 936 4501 τοῦ
961 4447 1111 4502 Θεοῦ
1145 4447 1177 4517 ἥ
1212 4447 1308 4517 τὴν
1363 4445 1458 4499 τοῦ
1527 4446 1778 4518 Σωτῆρος

215 4542 357 4611 ήμῶν
450 4539 626 4612 Ἰησοῦ
705 4539 938 4611 Χριστοῦ
1025 4539 1414 4611 προσηγορίαν.
1496 4539 1778 4609 Μαρτυρεῖ

1889 3346 2209 3416 pretanduin
2240 3348 2331 3410 sit,
2373 3349 2844 3404 tabernaculorum
2901 3352 3143 3415 solenne,
3176 3354 3458 3408 celebran-

1888 3439 2039 3502 dum,
2069 3440 2387 3495 invitantur.
2411 3442 2564 3506 Quod
2593 3443 2638 3497 si
2664 3443 2790 3495 olim
2819 3444 2991 3496 factus
3016 3452 3098 3497 est
3134 3463 3152 3490 ι
3194 3461 3316 3513 pars
3352 3447 3460 3500 Do-

1888 3529 2020 3582 mini
2047 3530 2278 3598 populus
2298 3531 2416 3597 ejus
2453 3530 2642 3594 Jacob,
2677 3532 2954 3588 luuiculus
2986 3533 3314 3588 hwreditatis
3337 3537 3460 3605 ejus

1889 3617 2054 3674 lsrael
2085 3621 2128 3684 ⁸,
2171 3639 2190 3671 ι
2239 3628 2293 3674 at
2325 3621 2378 3675 in
2413 3630 2690 3691 posterum
2712 3663 2726 3684 ,
2777 3631 2964 3693 gentes
2993 3640 3207 3694 quoque
3239 3641 3451 3682 omnes.

1886 3710 2117 3766 Domino
2150 3713 2204 3766 in
2243 3720 2444 3767 sortem
2469 3729 2591 3768 esse
2617 3714 2955 3778 tribuendas,
2983 3716 3186 3771 dictum
3213 3727 3323 3772 est:
3361 3718 3455 3773 ubi

1885 3801 2136 3856 videlicet
2185 3803 2258 3856 illi
2289 3805 2366 3858 sic
2397 3805 2470 3857 ait
2505 3803 2699 3860 Pater:
2740 3827 2756 3854 ι
2796 3806 3013 3861 Postula
3044 3825 3071 3861 a
3106 3818 3276 3871 me,et
3311 3809 3456 3864 dabo

1886 3892 1982 3945 tibi
2037 3901 2226 3962 gentes
2259 3894 2624 3949 haareditatem
2661 3905 2806 3949 tuam
2833 3897 2874 3952 ‘.
2908 3917 2925 3949 ι
2964 3898 3174 3951 Etenim
3208 3899 3458 3953 domina-

1885 3990 2068 4036 turum
2097 3999 2218 4038 esse
2246 3999 2353 4038 non
2396 3990 2450 4038 in
2479 3983 2664 4039 Judara
2695 3987 2894 4050 solum,
2939 3988 3030 4041 sed
3060 4004 3089 4040 a
3115 3990 3247 4042 mari
3284 4003 3456 4058 usque

1885 4075 1952 4129 ad
1979 4091 2148 4137 mare,
2205 4086 2258 4131 et
2291 4077 2422 4133 lines
2471 4079 2620 4132 orbis
2664 4089 2842 4140 terrae,
2873 4081 3150 4157 prophetia
3183 4083 3379 4134 clamat
3407 4079 3453 4143 ⁷,

1883 4182 2182 4238 omnesque
2216 4169 2293 4222 illi
2325 4178 2512 4239 gentes
2533 4186 2656 4226 esse
2679 4172 2996 4231 servituras,
3037 4171 3458 4226 benedicendas—

1883 4275 1989 4328 que
2013 4275 2134 4313 esse
2163 4260 2302 4314 ineo
2326 4277 2517 4315 omnes
2539 4262 2715 4316 tribus
2740 4270 2914 4316 terraa.
2941 4261 3052 4316 Hac
3081 4271 3259 4317 autem
3286 4277 3452 4318 causa

1883 4349 1986 4403 hoc
2023 4351 2222 4404 factum
2257 4359 2361 4416 est,
2389 4361 2446 4406 ut
2472 4352 2612 4408 Deus
2642 4355 2882 4409 universi
2913 4355 2968 4407 in
3003 4366 3300 4423 conspectu
3332 4370 3453 4408 om-

1883 4441 2031 4494 nium
2068 4441 2332 4510 gentium,
2396 4444 2636 4500 salutare
2690 4462 2850 4500 suum
2913 4455 3104 4499 notum
3141 4445 3344 4500 laceret
3375 4445 3396 4476 ⁸
3432 4465 3446 4500 ι

1882 4548 1984 4589 nos
2011 4532 2269 4602 verojam
2295 4541 2420 4589 ante
2474 4536 2784 4591 notavimus
2816 4551 3012 4590 nomen
3053 4536 3232 4602 Jcsus,
3287 4537 3332 4590 si
3381 4550 3447 4591 ex

215 4633 373 4703 τούτῳ
412 4634 506 4686 καὶ
544 4635 572 4684 ό
611 4633 833 4702 Συμεὼν
873 4633 928 4684 ἐν
964 4631 1041 4702 τῷ
1081 4630 1416 4700 Εύαγγελίῳ,
1469 4631 1547 4693 ὃς,
1598 4629 1776 4683 λαϐὼν

1888 4625 2144 4680 llebraica
2179 4626 2361 4697 lingua
2414 4628 2468 4682 in
2523 4627 2764 4682 Graecam
2825 4637 3214 4692 convertatur,
3263 4629 3448 4699 Σωτή-

212 4725 264 4778 τδ
318 4726 554 4789 παιδίον,
605 4724 763 4778 αὑτὸν
818 4723 880 4793 δὴ
936 4723 1025 4774 τὸν
1093 4721 1319 4792 Ἰησοῦν,
1374 4721 1509 4790 μετά
1561 4725 1770 4793 χεῖρας,

210 4817 492 4887 ἐπηύξατο’
541 4833 560 4866 ι
601 4814 712 4868 Νῦν
750 4812 1000 4876 ἀπολύεις
1030 4813 1118 4866 τὸν
1151 4812 1333 4866 δοῦλόν
1365 4830 1479 4878 σου,
1505 4813 1768 4876 Δέσποτα,

209 4911 338 4962 κατά
375 4909 438 4960 τὸ
475 4907 630 4978 ῥῆμα
667 4923 777 4967 σου,
807 4907 865 4957 ἐν
918 4907 1138 4976 εἰρήνῃ·
1189 4905 1271 4957 ὅτι
1305 4901 1442 4956 εἶδον
1480 4907 1528 4957 οἱ
1566 4904 1770 4972 ὀφθαλ-

213 5002 293 5067 μοί
328 5019 429 5071 μου
462 5000 524 5053 τὸ
559 4999 822 5069 σωτήριόν
851 5014 963 5059 σου,
998 4997 1026 5048 ὃ
1050 4996 1351 5067 ἡτοίμασας
1381 4997 1519 5050 κατά
1553 4998 1770 5069 πρόσω-

209 5108 298 5143 πον
329 5093 550 5145 πάντων
575 5089 682 5143 τῶν
713 5089 878 5153 λαῶν,
902 5087 1016 5157 φῶς
1054 5091 1133 5152 είς
1156 5088 1498 5158 ἀποκάλυψιν
1531 5088 1718 5143 ἐθνῶν.
1746 5110 1764 5140 ι

207 5184 334 5238 Αὐτὸ
370 5184 504 5254 γοῦν
533 5184 593 5236 τὸ
637 5184 898 5254 σωτήριον
929 5182 1023 5235 καὶ
1050 5185 1079 5235 ό
1103 5181 1404 5253 Ψαλμῳδδς
1442 5181 1648 5253 ἐδήλου,
1684 5183 1771 5235 λέ-

208 5290 326 5341 γων·
356 5297 373 5327 ι
412 5275 708 5345 Ἐγνώρισε
747 5276 945 5345 Κύριος
975 5275 1034 5326 τὸ
1078 5277 1339 5346 σωτήριον
1372 5273 1533 5326 αὑτοῦ
1559 5315 1572 5337 ,
1614 5276 1768 5328 ἐναν-

209 5366 309 5419 τίον
333 5367 442 5420 τῶν
490 5366 663 5419 ἐθνῶν
688 5367 1002 5436 ἀπεκάλυψε
1041 5366 1138 5437 τὴν
1159 5366 1502 5435 δικαιοσύνην
1533 5365 1718 5419 αὐτοῦ.
1748 5385 1766 5416 ›

210 5451 307 5505 Καὶ
329 5453 472 5508 κατά
498 5453 590 5508 τὸν
626 5455 847 5508 Ἡσαΐαν
869 5455 1009 5508 τοῦτ’
1036 5455 1166 5508 αὐτὸ
1189 5456 1250 5508 τὸ
1265 5457 1543 5527 σωτήριον
1575 5456 1772 5519 ἰδόντες

212 5544 396 5608 πάντες
444 5545 757 5616 ἄνθρωποι,
813 5549 1206 5618 προσκυνήσειν
1249 5547 1493 5616 λέγονται
1540 5547 1618 5618 τῷ
1664 5549 1770 5600 τῶν

211 5633 332 5687 ὅλων
364 5635 481 5707 Θεῷ
513 5636 574 5689 τὸ
625 5637 890 5708 σωτήριον
943 5637 1106 5689 αὑτοῦ
1146 5639 1259 5701 τοῖς
1313 5639 1476 5691 πᾶσιν
1525 5638 1769 5707 ἀφθόνως

273 5754 315 5784 θ’
345 5751 487 5808 Psal.
515 5769 662 5813 nvi,
698 5754 780 5808 10.
879 5758 892 5783 ¹
929 5752 1068 5809 Psal.
1107 5768 1228 5815 xcv,
1265 5755 1349 5808 10.

216 5834 370 5884 mn,
401 5825 452 5876 9.
533 5823 719 5879 ‘Psal.
748 5841 805 5887 ιι,
868 5833 930 5886 8.
1006 5823 1189 5878 τΡειιΙ.
1227 5840 1373 5886 Lxxl,
1411 5825 1464 5883 8.
1509 5827 1593 5890 tl,
1628 5826 1708 5878 l7.

282 5915 351 5982 (Ι)
382 5915 734 5972 Desideratur
756 5917 846 5968 τόν
901 5915 1054 5970 Enn.
1092 5915 1263 5970 Pun.

1452 5755 1472 5784 '
1497 5754 1638 5808 Psal.
1677 5770 1821 5814 XLVI,
1850 5754 1903 5808 9.
2009 5754 2029 5784 ³
2061 5754 2201 5809 Psal.
2236 5770 2356 5814 xcv,
2416 5755 2522 5820 7,8.
2597 5757 2617 5788 ’⁸
2641 5756 2741 5812 lsa.
2775 5774 2820 5811 χι

1453 5866 1464 5883 .
1509 5827 1593 5890 tl,
1628 5826 1708 5878 l7.
1791 5826 1811 5857 ⁸
1839 5823 1983 5880 Psal.
2018 5842 2180 5892 xcvu,
2211 5825 2264 5880 2.
2333 5826 2353 5857 ’
2381 5825 2511 5893 Luc,
2541 5843 2598 5889 ιι.
2631 5828 2820 5884 29-32.

1881 4735 1996 4789 ριον
2013 4718 2338 4788 signiﬁcare,
2357 4719 2501 4788 quod
2526 4719 2716 4774 Latine
2735 4720 2937 4774 dicitur
2957 4721 3215 4780 salutare,
3239 4730 3297 4773 ut
3311 4719 3447 4774 nihil

1877 4811 2022 4865 aliud
2037 4813 2106 4865 sit
2118 4810 2364 4866 Salutare
2378 4811 2473 4866 Dei
2481 4828 2641 4882 quam
2661 4813 2954 4866 Salvatoris
2968 4814 3139 4866 nostri
3156 4811 3280 4866 Jesu
3296 4811 3451 4867 Chri-

1875 4903 2253 4973 stiappellatio
2279 4904 2437 4960 :huic
2463 4907 2537 4960 rei
2567 4905 2721 4962 {idem
2744 4908 2870 4961 facit
2888 4906 3108 4962 Simeon
3130 4907 3183 4960 in
3205 4905 3448 4976 Evange-

1873 4996 1964 5058 lio,
1989 4997 2078 5066 qui
2095 5006 2320 5068 accepto
2333 5013 2524 5067 puero,
2553 4999 2670 5069 ipso
2687 5000 2870 5068 utique
2890 4998 3041 5062 Jesu,
3066 5000 3205 5052 intra
3224 5013 3443 5062 manus,

1872 5088 1952 5143 sic
1978 5090 2154 5141 oravit
2189 5106 2202 5142 :
2240 5107 2258 5140 ι
2298 5087 2454 5144 Nunc
2487 5089 2721 5145 dimittis
2748 5106 2963 5145 servum
2991 5099 3164 5151 tuum,
3193 5087 3441 5150 Domine,

1873 5180 2168 5235 secundum
2187 5181 2408 5235 verbum
2442 5188 2594 5235 tuum
2636 5182 2689 5236 in
2713 5198 2876 5252 pace:
2897 5182 3022 5251 quia
3040 5181 3442 5234 videruntoculi

1869 5270 1972 5341 61
2011 5271 2117 5324 mei
2165 5269 2414 5324 Salutare
2447 5281 2623 5335 tuum,
2648 5273 2790 5342 quod
2842 5273 3044 5342 parasti
3079 5280 3204 5326 ante
3249 5270 3441 5326 faciem

1869 5364 2108 5417 omnium
2148 5364 2501 5434 populorum,
2541 5364 2723 5418 lumen
2771 5364 2838 5417 ad
2882 5363 3265 5418 revelationem
3311 5378 3444 5433 gen-

1868 5455 2070 5507 tium’.
2113 5474 2132 5506 ι
2184 5454 2299 5509 Hoc
2348 5456 2524 5525 ipsum
2572 5456 2737 5525 igitur
2791 5455 3062 5521 Salutare,
3099 5456 3438 5512 Psalmorum

1868 5563 2085 5618 quoque
2136 5556 2332 5624 auctor
2395 5549 2743 5620 signiﬁcavit,
2787 5565 2911 5604 cum
2955 5549 3135 5604 dixit:
3184 5567 3204 5602 ι
3240 5548 3437 5603 Notum

1870 5641 1992 5697 fecit
2024 5639 2313 5693 Dominum
2347 5639 2598 5697 Salutare
2629 5658 2809 5707 suum,
2862 5643 2914 5696 in
2965 5652 3260 5713 conspectu
3306 5659 3436 5713 gen-

2009 5754 2029 5784 ³
2061 5753 2201 5809 Psal.
2236 5770 2356 5814 xcv,
2416 5755 2522 5820 7,8.
2597 5756 2741 5812 "lsa.
2775 5774 2887 5823 xu,
2933 5759 3017 5825 l9,
3046 5757 3134 5814 2|.
3235 5756 3428 5814 'Deut.
