4018 6520
533 463 636 520 I25

1195 456 1460 513 EUSEBII
1495 452 1970 514 CESARIENSIS
2006 451 2156 508 OPP.
2195 450 2375 507 PARS
2411 449 2474 506 II.
2505 481 2577 494 -
2611 450 3110 509 APOLOGETICA.

3671 453 3774 508 124

528 575 664 630 tium
700 571 957 629 revelavit
1007 571 1276 642 justitiam
1316 584 1470 624 suam
1497 569 1561 624 ιθ.
1601 589 1621 624 ι
1661 567 1923 630 Similiter
1952 564 2095 636 apud

2199 567 2618 640 κεχαρισμένῳ·
2669 570 2760 623 καὶ
2791 570 3186 642 προσκυνήσειν
3236 584 3300 640 γε
3349 567 3500 640 αύτῷ
3535 567 3636 623 οὐκ
3680 568 3775 623 ἐπὶ

528 664 722 721 Isaiam
743 680 933 720 omnes
979 663 1246 728 homines,
1268 660 1370 717 hoc
1403 663 1581 731 ipsum
1615 662 1852 718 salutare
1876 660 2095 714 intuen-

529 768 634 822 tes,
667 757 836 814 Deum
878 758 1120 814 universi
1170 757 1433 810 dicuntur
1467 755 1767 819 adoraturi,
1813 754 1907 824 qui
1941 751 2101 806 Salu-

527 860 647 903 tare
681 866 840 904 suum
865 848 1120 902 omnibus
1144 845 1360 900 abunde
1401 846 1474 901 sit
1512 845 1810 915 largiturus
1839 863 1850 898 :
1879 851 1932 898 et
1965 843 2100 896 ado-

531 940 724 1003 raturi,
765 955 871 993 non
903 940 958 992 in
997 939 1100 992 hac
1131 937 1378 992 inferiori
1429 935 1755 998 Jerusalem,
1788 949 1909 1004 qum
1935 933 2098 988 estin

531 1032 838 1094 Palmstina,
861 1029 956 1086 sed
981 1044 1427 1100 unumquemque
1457 1045 1520 1084 ex
1543 1029 1662 1081 loco
1688 1042 1807 1086 suo.
1827 1033 1882 1081 et
1911 1039 2101 1080 omnes

529 1125 842 1194 quicunque
897 1124 1006 1178 sint
1060 1124 1116 1177 in
1173 1122 1372 1176 insulis
1413 1121 1655 1190 gentium
1685 1139 1698 1172 :
1731 1133 1839 1187 quo
1861 1127 2100 1186 tempore

529 1215 810 1268 oraculum
846 1214 977 1267 illud
1007 1213 1167 1268 linem
1193 1212 1444 1281 accipiet,
1471 1210 1616 1280 quod
1651 1209 1878 1262 allirmat
1910 1223 2099 1262 omnes

531 1304 782 1359 homines
813 1305 1069 1358 invocare
1103 1319 1212 1356 non
1238 1303 1474 1372 amplius
1503 1301 1644 1355 Deos
1667 1300 1894 1370 patrios,
1923 1315 2099 1368 neque

531 1398 846 1460 simulacra,
879 1405 975 1450 aut
1015 1397 1317 1460 daemonas,
1375 1395 1468 1448 sed
1529 1409 1728 1448 nomen
1789 1392 2100 1458 Domini,et

530 1490 737 1546 servire
779 1489 856 1542 illi
909 1489 1013 1542 sub
1038 1487 1171 1556 jugo
1207 1501 1336 1550 uno,
1369 1493 1422 1540 et
1455 1485 1531 1538 illi
1560 1500 1588 1538 a
1633 1483 1883 1539 terminis
1916 1482 2099 1536 ﬂumi-

530 1597 662 1637 num
713 1579 1004 1649 IEthiOpia:
1055 1578 1350 1633 rationales
1409 1585 1463 1630 et
1525 1577 1838 1630 incruentas
1892 1573 2100 1628 hostias

527 1689 626 1743 per
657 1671 866 1725 Novum
895 1670 1098 1726 Christi
1138 1667 1568 1730 Testamentum,
1593 1681 1702 1718 non
1745 1667 1800 1718 in
1852 1661 2100 1718 inferiori

524 1765 852 1830 Jerusalem,
916 1776 1094 1831 neque
1147 1761 1203 1814 in
1235 1775 1300 1814 eo
1331 1759 1476 1829 quod
1532 1757 1589 1812 in
1639 1757 1730 1810 illa
1787 1763 1872 1810 est
1918 1753 2098 1818 altari,

527 1856 624 1910 sed
655 1855 710 1908 in
762 1853 883 1921 ejus
933 1850 1226 1920 [Ethiopian
1258 1850 1477 1914 ﬁnibus,
1514 1849 1580 1902 de
1624 1863 1729 1916 qua
1755 1847 1866 1915 jam
1893 1845 2098 1900 dictum

525 1957 632 2008 est,
669 1945 970 1998 oblaturos.
1009 1941 1162 2009 Quod
1195 1942 1240 1996 si
1279 1955 1530 2010 magnum
1564 1939 1820 2009 quiddam
1866 1944 1972 2000 est,
2003 1935 2098 1988 Dei

525 2037 786 2108 populum
818 2043 872 2090 et
899 2051 1042 2100 esse,
1074 2042 1128 2090 et
1163 2033 1398 2098 censeri,
1435 2042 1488 2086 et
1537 2047 1709 2085 unum
1749 2030 1854 2082 hoc
1887 2027 2096 2081 divino-

525 2143 648 2182 rum
683 2131 1076 2198 promissorum
1111 2127 1425 2179 ‘maximum
1474 2132 1577 2185 est,
1604 2122 1696 2176 ubi
1733 2121 1803 2175 ab
1834 2121 1953 2190 ipso
1986 2117 2096 2172 Deo

525 2219 594 2275 de
633 2221 700 2275 iis
722 2220 815 2290 qui
839 2219 1019 2288 seipso
1043 2217 1192 2287 digni
1225 2218 1358 2280 sint,
1387 2213 1594 2269 dicitur
1631 2233 1644 2268 :
1683 2233 1700 2264 ‹
1739 2211 1844 2265 Ero
1876 2211 2093 2264 illorum

526 2311 693 2378 Deus,
727 2322 780 2366 et
821 2312 924 2382 ipsi
975 2319 1138 2366 erunt
1189 2310 1423 2380 populus
1455 2307 1692 2370 meus“,
1735 2324 1754 2356 ι
1797 2303 2098 2371 meritoque

525 2414 686 2460 antea
713 2403 1051 2474 gloriabatur
1077 2401 1242 2456 Israel
1263 2440 1277 2463 ,
1303 2400 1460 2470 quasi
1492 2399 1584 2468 qui
1628 2397 1777 2452 solus
1801 2394 1894 2448 Dei
1919 2408 2094 2462 popu-

527 2497 613 2554 lus
652 2505 816 2562 esset,
849 2497 953 2550 hoc
997 2511 1215 2566 quoque
1267 2495 1494 2556 bonum,
1528 2499 1642 2545 tum
1672 2504 1795 2543 cum
1829 2487 1894 2540 ad
1923 2501 2097 2554 popu-

524 2591 640 2647 lum
670 2589 828 2643 illum
857 2589 1143 2643 advenerit
1167 2585 1452 2648 Dominus,
1489 2583 1743 2654 gentibus
1779 2595 1838 2634 se
1869 2579 2097 2647 largitu-

522 2697 647 2738 rum
677 2682 986 2751 pollicetur,
1013 2679 1206 2734 dicens
1233 2697 1246 2732 :
1289 2695 1307 2727 ι
1351 2677 1488 2731 Ecce
1518 2691 1616 2744 ego
1641 2673 1820 2736 venio,
1856 2681 1908 2725 et
1938 2669 2096 2722 habi-

522 2777 654 2831 tabo
687 2775 744 2827 in
779 2772 958 2826 medio
1007 2770 1109 2834 tui,
1145 2777 1198 2824 et
1229 2768 1542 2838 confugient
1591 2775 1780 2836 gentes
1815 2763 1998 2816 multae
2029 2758 2094 2814 ad

522 2865 839 2928 Dominum,
866 2872 920 2918 et
953 2871 1116 2918 erunt
1159 2863 1212 2918 ei
1257 2863 1310 2916 in
1357 2860 1613 2931 populum
1636 2861 1699 2912 ¹¹.
1740 2877 1758 2910 ι
1793 2855 1867 2910 De
1899 2855 2098 2924 quibus

525 2958 662 3014 illud
691 2960 817 3011 item
853 2957 987 3012 satis
1028 2967 1148 3024 apte
1191 2957 1408 3012 dicetur
1440 2972 1452 3006 :
1487 2971 1506 3004 ‹
1551 2951 1613 3003 Ει
1638 2951 1812 3004 dicam
1857 2964 1964 3001 non
2001 2960 2098 3016 po-

526 3053 656 3122 pulo
689 3065 830 3110 meo,
865 3049 1099 3118 populus
1145 3062 1299 3100 meus
1329 3061 1390 3099 es
1433 3051 1490 3096 tu
1529 3061 1542 3096 :
1573 3049 1626 3098 et
1658 3043 1772 3111 ipse
1803 3039 1966 3102 dicet,
1991 3037 2097 3092 Do-

527 3143 710 3196 minus
739 3139 882 3194 Deus
913 3155 1066 3194 meus
1088 3155 1148 3192 es
1171 3147 1226 3192 tu
1247 3138 1312 3190 ¹³.
1353 3157 1372 3186 ι
1403 3135 1462 3190 Si
1509 3150 1638 3190 vero
1669 3150 1777 3186 non
1808 3134 1968 3196 alius,
1999 3130 2096 3185 sed

527 3233 645 3302 ipse
685 3239 768 3285 est
827 3229 1102 3293 Christus,
1126 3227 1218 3298 qui
1251 3226 1317 3281 de
1371 3225 1556 3279 radice
1601 3223 1756 3278 Jesse
1786 3225 2034 3275 oriturus
2064 3235 2095 3274 a

526 3323 808 3395 prophetis
835 3321 1169 3391 pncdicitur,
1203 3326 1255 3374 et
1301 3319 1403 3372 hoc
1443 3317 1578 3386 ipsis
1607 3330 1824 3385 quoque
1854 3311 2096 3368 Ilebrmis

526 3415 758 3470 habetur
813 3414 1200 3474 indubitatum,
1237 3411 1392 3475 adeo,
1430 3418 1488 3462 ut
1545 3409 1697 3462 nullo
1729 3415 1888 3477 pacto
1947 3405 2099 3475 quis-

527 3509 672 3580 piam
697 3509 764 3562 de
804 3507 910 3562 hoc
946 3506 1224 3574 ambigat:
1263 3501 1552 3558 considera
1581 3500 1695 3570 jam
1735 3497 2096 3569 quemadmo-

527 3601 658 3656 dum
706 3601 796 3655 hic
845 3605 1194 3656 surrecturus
1245 3594 1312 3648 ad
1373 3591 1748 3663 imperandum
1809 3605 1918 3645 non
1993 3588 2099 3660 ipsi

525 3691 716 3754 Israel,
771 3691 867 3746 sed
925 3690 1178 3760 gentibus
1229 3687 1405 3756 palam
1447 3685 1520 3740 sit
1582 3683 1782 3747 dictus,
1833 3696 1932 3735 nec
1984 3681 2100 3749 ipse

527 3785 713 3852 Israel,
745 3784 840 3840 sed
869 3791 1056 3854 gentes
1087 3784 1140 3835 in
1185 3795 1250 3834 co
1280 3795 1430 3850 spem
1465 3777 1730 3832 habitum
1769 3776 1927 3830 dicta:
1965 3775 2096 3842 sint,

529 3880 731 3951 quippe
758 3877 853 3948 qui
882 3883 1028 3932 esset
1064 3873 1401 3944 exspectatio
1447 3871 1689 3942 gentium
1718 3889 1731 3924 :
1764 3877 2100 3940 quapropter

527 3981 582 4029 et
601 3971 852 4042 gentibus
893 3965 1518 4039 prolaturusjudicium,
1561 3970 1614 4018 et
1648 3962 1863 4016 futurus
1917 3963 2099 4015 lumen

529 4063 772 4135 gentium
803 4061 1060 4117 vaticinio
1081 4058 1404 4114 declaretur.
1431 4055 1497 4110 Et
1525 4071 1738 4119 rursus,
1771 4055 1976 4110 dictum
2004 4056 2097 4118 sit,

529 4159 586 4212 in
631 4156 850 4210 nomine
885 4154 1006 4228 ejus
1035 4159 1224 4223 gentes
1265 4158 1606 4221 speraturas,
1655 4149 2012 4218 eumdemque
2043 4148 2098 4201 in

531 4247 762 4304 salutem
795 4245 982 4300 datum
1013 4244 1082 4298 iri
1127 4259 1236 4298 non
1285 4242 1415 4298 solis
1447 4239 1672 4305 Iudaeis,
1709 4239 1804 4296 sed
1845 4239 2100 4294 omnibus

530 4340 868 4401 hominibus.
905 4353 1078 4406 usque
1127 4336 1196 4391 ad
1247 4344 1547 4392 extremum
1601 4345 1778 4390 terrae.
1829 4334 2100 4400 Quocirca

532 4440 588 4487 et
617 4431 685 4486 ab
713 4431 826 4494 illo,
859 4430 952 4499 qui
983 4429 1160 4498 ipsum
1204 4427 1373 4491 misit,
1417 4425 1597 4492 Patre,
1631 4428 1835 4484 dictum
1881 4436 1966 4484 est
1998 4429 2048 4484 ei
2081 4447 2098 4486 :

540 4542 559 4574 ι
601 4521 732 4578 Dedi
760 4531 814 4576 te
865 4522 922 4575 in
967 4519 1373 4574 Testamentum
1419 4519 1654 4590 generis,
1689 4519 1797 4590 62
1841 4521 1896 4575 in
1923 4522 2100 4578 lucem

535 4617 801 4688 gentium,
835 4622 894 4669 ut
927 4614 1232 4668 constituas
1261 4621 1487 4677 terram,
1514 4621 1568 4667 et
1599 4615 1959 4685 consequaris
1991 4611 2102 4671 lia:-

535 4709 797 4764 reditates
826 4705 1148 4760 desertas“.
1184 4703 1608 4760 :Testimonium
1633 4713 1812 4760 autem
1845 4706 2100 4776 gentibus

535 4795 689 4860 dicit,
729 4811 790 4852 ea
826 4795 892 4850 de
928 4809 1114 4861 causa,
1163 4802 1222 4848 ut
1268 4810 1458 4850 omnes
1511 4802 1698 4865 gentes
1743 4812 2102 4867 quaecumque

535 4887 603 4943 de
625 4887 844 4943 Christo
869 4885 1007 4940 nihil
1039 4901 1276 4955 unquam
1316 4885 1628 4950 didicerint,
1657 4885 1744 4939 ubi
1771 4885 1980 4942 ordinis
2013 4901 2102 4941 ra-

534 4977 760 5040 tionem,
796 4991 916 5046 quaa
942 4974 1008 5028 ad
1039 4975 1190 5028 illum
1227 4975 1460 5045 pertinet
1487 4976 1806 5044 agnoverint
1833 4995 1845 5030 :
1876 4985 1930 5032 et
1957 4992 2099 5046 quaa-

535 5083 660 5122 nam
691 5067 746 5120 in
781 5081 846 5120 eo
873 5066 943 5120 sit
973 5065 1166 5129 virtus,
1201 5065 1534 5118 invocatur'ae
1589 5065 1698 5120 sint
1731 5081 1854 5120 eum
1883 5086 1896 5121 :
1927 5075 1982 5122 et
2008 5069 2100 5138 qui

536 5165 694 5210 antea
717 5157 866 5210 illum
899 5155 1084 5225 populi
1113 5169 1390 5222 nunquam
1417 5153 1670 5219 viderint,
1697 5155 1764 5209 ad
1791 5155 1942 5210 illum
1971 5173 2104 5213 con-

537 5247 783 5317 I'ugituri.
815 5249 1112 5308 Caeterum,
1151 5245 1280 5314 quid
1313 5245 1562 5317 pluribus
1601 5261 1741 5316 opus
1763 5255 1849 5303 est
1874 5248 2104 5304 verbis?

537 5353 662 5392 cum
707 5353 772 5391 ex
801 5337 933 5406 ipsis
968 5335 1303 5406 propheticis
1343 5337 1570 5393 vocibus
1619 5339 1798 5406 liceat,
1824 5347 1939 5395 tum
1963 5357 2102 5412 quas

541 5429 724 5500 posui,
759 5435 871 5481 tum
896 5443 1034 5498 quas
1065 5428 1189 5497 plus
1230 5428 1327 5482 otii
1354 5435 1548 5485 nact-us
1567 5445 1860 5511 exponam,
1895 5449 2016 5502 qua:
2046 5435 2102 5489 in

542 5517 744 5572 divinis
772 5517 926 5572 libris
943 5516 1215 5584 feruntur,
1247 5519 1292 5574 si
1325 5519 1414 5572 cui
1445 5520 1604 5574 modo
1629 5521 1840 5590 placeat
1882 5524 2102 5594 collige-

537 5625 600 5664 re
636 5608 779 5662 dicta
818 5609 1231 5679 prophetarum,
1263 5609 1420 5665 facile
1465 5611 1556 5676 iis,
1583 5613 1676 5682 qui
1715 5629 1778 5668 ex
1810 5615 2102 5670 circumci-

539 5703 694 5757 sione
724 5709 853 5755 sunt
906 5700 1184 5756 silentium
1239 5700 1535 5770 imponere,
1571 5702 1842 5774 siquando
1889 5705 2099 5774 jactent

2201 653 2302 723 τῆς
2333 655 2482 710 κάτω
2519 657 2873 729 Ἰερουσαλὴμ
2911 660 3010 731 τῆς
3055 658 3197 714 κατὰ
3243 659 3342 731 τήν
3387 658 3774 731 Παλαιστίνην,

2203 745 2316 800 ἀλλ’
2349 747 2575 803 ’ἑκαστον
2611 752 2674 803 ἐκ
2707 751 2800 804 τοῦ
2830 751 2992 805 τόπου
3032 751 3197 806 αὑτοῦ
3219 790 3234 817 ,
3275 751 3367 806 καὶ
3397 753 3603 815 πάντας
3646 753 3776 816 τοὺς

2203 836 2260 888 ἐν
2283 839 2406 901 ταῖς
2431 841 2612 910 νήσοις
2635 841 2744 894 τῶν
2773 841 2971 896 ἐθνῶν·
3006 844 3092 897 ὅτε
3130 844 3224 897 καὶ
3263 844 3678 916 πληρωθήσεται
3715 844 3776 898 τὸ

2205 929 2413 998 φάσκον
2455 932 2632 1001 λόγιον
2679 935 3051 989 ἐπικαλεῖσθαι
3081 936 3289 999 πάντας
3329 936 3648 1010 ἀνθρώπους
3675 938 3777 990 οὐκ

2201 1023 2283 1076 ἔτι
2321 1026 2447 1088 τοὺς
2481 1025 2760 1097 πατρῴους
2797 1027 2971 1092 θεοὺς,
3004 1027 3126 1080 οὐδὲ
3168 1028 3234 1080 τὰ
3271 1028 3484 1093 εἴδωλα,
3518 1029 3614 1082 καὶ
3649 1029 3777 1092 τοὺς

2202 1117 2482 1186 δαίμονας,
2512 1117 2647 1170 ἀλλὰ
2665 1118 2725 1170 τὸ
2750 1119 2920 1189 ὄνομα
2949 1119 3181 1189 Κυρίου,
3209 1120 3302 1172 καὶ
3333 1119 3605 1173 δουλεύειν
3625 1119 3778 1190 αύτῷ

2202 1209 2308 1262 ὑπὸ
2341 1209 2502 1278 ζυγὸν
2533 1210 2658 1276 ἕνα,
2710 1214 2772 1265 ἐκ
2811 1213 3061 1286 περάτων
3091 1231 3148 1266 τε
3183 1213 3442 1283 ποταμῶν
3491 1211 3778 1276 Αἰθιοπίας

2201 1305 2578 1375 προσοίσουσιν
2615 1305 2761 1376 αύτῷ
2791 1305 2887 1369 τὰς
2919 1307 3141 1375 λογικὰς
3165 1307 3258 1360 καὶ
3293 1305 3553 1376 ἅναίμους
3584 1303 3778 1368 θυσίας

2200 1393 2288 1446 διὰ
2327 1395 2427 1463 τῆς
2459 1393 2550 1447 τοῦ
2591 1395 2824 1466 Χριστοῦ
2859 1397 3066 1467 Καινῆς
3098 1397 3368 1468 Διαθήκης
3403 1397 3504 1449 οὐκ
3547 1395 3640 1448 ἐπὶ
3679 1395 3778 1466 τῆς

2200 1485 2352 1538 κάτω
2386 1485 2756 1557 Ἰερουσαλὴμ,
2781 1487 2888 1540 οὐδ’
2919 1489 2975 1540 ἐν
3008 1487 3102 1558 τῷ.
3123 1487 3259 1558 πρὸς
3283 1487 3454 1560 ταύτῃ
3479 1487 3778 1560 θυσιαστη-

2205 1575 2321 1648 ρίῳ,
2346 1575 2459 1629 ἀλλ’
2501 1578 2560 1630 ἐν
2585 1580 2697 1640 τοῖς
2731 1578 3077 1650 δηλουμένοις
3112 1579 3310 1652 πέρασι
3345 1581 3447 1650 τῆς
3487 1580 3775 1645 Αἰθιοπίας

2202 1667 2716 1740 ἀνενεχθησομένας.
2736 1671 2798 1722 El
2819 1670 2875 1722 δὲ
2898 1671 2992 1724 καλ⁸
3019 1671 3159 1742 μέγα
3183 1672 3234 1724 τί
3251 1673 3386 1736 ἐστι,
3403 1670 3530 1726 λαὸν
3553 1668 3694 1726 εἶναί
3716 1688 3778 1728 τε

2199 1762 2294 1814 καὶ
2315 1761 2675 1832 χρηματίζειν
2705 1762 2861 1824 Θεοῦ,
2887 1765 2978 1816 καὶ
3007 1764 3066 1817 ἓν
3101 1781 3163 1834 γε
3187 1764 3342 1817 τοῦτο
3366 1763 3474 1816 τῶν
3503 1765 3778 1834 μεγίστων

2202 1851 2359 1906 θείων
2395 1853 2768 1922 ἐπαγγελλιῶν
2805 1855 3080 1926 τυγχάνει,
3108 1855 3167 1908 τὸ
3200 1857 3290 1909 ὑπ’
3323 1855 3486 1910 αὐτοῦ
3521 1855 3776 1925 λέγεσθαι

2130 1984 2172 2038 Β
2203 1943 2331 2014 περὶ
2372 1941 2480 1997 τῶν
2525 1942 2687 2006 ἀξίων
2721 1943 2913 1997 αὐτοῦ·
2953 1963 2971 1995 ι
3008 1946 3240 2016 Ἔσομαι
3282 1945 3460 1999 αὐτῶν
3503 1945 3654 2010 Θεὸς,
3683 1945 3778 2000 καὶ

2202 2033 2355 2085 αὐτοὶ
2381 2032 2590 2086 ἔσονται
2617 2034 2742 2098 λαός
2761 2053 2860 2106 μου
2882 2051 2896 2068 ·
2921 2055 2940 2088 ι
2970 2035 3290 2107 ἐσεμνύνετό
3317 2055 3376 2090 τε
3401 2037 3527 2108 πρὶν
3549 2037 3777 2100 είκὸτως

2204 2126 2231 2177 ό
2270 2125 2484 2197 Ἰσραὴλ
2515 2126 2608 2179 ἐπὶ
2638 2126 2713 2198 τῷ
2750 2128 2825 2191 ὡς
2853 2128 3010 2199 μόνος
3035 2129 3160 2192 λαὸς
3199 2129 3272 2184 ῶν
3307 2131 3400 2184 τοῦ
3433 2128 3566 2182 Θεοῦ
3589 2147 3601 2160 ·
3639 2128 3780 2184 ἀλλὰ

2204 2217 2298 2271 καὶ
2330 2218 2486 2272 τοῦτο
2518 2219 2579 2272 τὸ
2625 2221 2860 2289 ἀγαθὸν,
2907 2223 3248 2295 ἐπιδημήσας
3303 2227 3332 2278 ὁ
3387 2223 3590 2296 Κύριος
3613 2264 3628 2288 ,
3664 2227 3777 2288 τοῖς

2203 2309 2379 2364 ἔθνεσι
2423 2311 2728 2384 χαριεῖσθαι
2771 2313 3136 2386 ὑπισχνεῖται,
3189 2315 3391 2386 λέγων·
3438 2335 3456 2367 ι
3497 2317 3626 2370 Ἰδοὺ
3665 2313 3779 2386 ἐγὼ

2203 2403 2454 2476 ἔρχομαι,
2481 2405 2575 2458 καὶ
2604 2405 3012 2476 κατασκηνώσω
3039 2410 3096 2460 ἐν
3142 2408 3290 2480 μέσῳ
3325 2426 3418 2462 σου
3439 2426 3453 2440 ·
3483 2410 3577 2462 καὶ
3608 2425 3780 2462 κατα-

2204 2497 2488 2566 φεύξονται
2529 2497 2655 2568 ἔθνη
2696 2498 2866 2552 πολλὰ
2896 2500 2988 2552 ἐπὶ
3029 2500 3118 2552 τὸν
3152 2500 3374 2571 Κύριον,
3421 2500 3514 2554 καὶ
3563 2500 3780 2555 ἔσονται

2203 2585 2352 2656 αὐτῷ
2400 2590 2479 2650 είς
2518 2587 2664 2642 λαόν.
2697 2609 2716 2640 ι
2771 2590 2904 2658 Περὶ
2951 2583 3024 2642 ὧν
3058 2591 3154 2645 καὶ
3201 2592 3430 2662 ἁρμόσει
3478 2591 3775 2660 λέγεσθαι·

2211 2697 2228 2729 ι
2257 2680 2367 2733 Kal.
2405 2679 2513 2750 ἐρῶ
2569 2680 2646 2751 τῷ
2691 2681 2750 2733 ού
2784 2681 2898 2753 λαῷ
2943 2700 3041 2754 μου
3067 2701 3079 2713 ·
3134 2685 3276 2747 Λαός
3329 2701 3428 2756 μου
3457 2681 3506 2736 εἷ
3543 2683 3606 2737 σύ
3629 2701 3642 2714 ·
3680 2683 3780 2740 καὶ

2204 2773 2365 2836 αὐτὸς
2399 2776 2542 2844 ἐρεῖ·
2577 2774 2779 2846 Κύριος
2809 2779 2838 2829 ὁ
2867 2777 3000 2840 Θεός
3035 2793 3134 2848 μου
3161 2773 3212 2829 εἷ
3252 2776 3336 2830 σύ.
3379 2795 3396 2829 ι
3437 2779 3497 2830 El
3522 2777 3578 2830 δὲ
3612 2777 3778 2842 αὐτός

2205 2866 2320 2918 ἐστι
2353 2866 2444 2917 καὶ
2474 2866 2580 2918 οὐδ’
2606 2866 2678 2938 (I)
2707 2867 2862 2930 ἄλλος
2898 2868 2926 2918 ό
2953 2867 3205 2937 Χριστὸς,
3233 2870 3260 2921 ὁ
3291 2871 3352 2921 ἐκ
3381 2867 3533 2940 ῥίζης
3578 2868 3780 2922 Ἰεσσαὶ

2206 2955 2522 3027 βλαστήσειν
2555 2960 3049 3030 προφητευόμενος,
3077 2960 3172 3013 καὶ
3205 2960 3360 3012 τοῦτό
3389 2977 3451 3028 γε
3482 2960 3574 3012 καὶ
3595 2960 3778 3022 αὐτοῖς

2215 3049 2484 3119 Ἑϐραίοις
2522 3051 2966 3122 ἀνωμολόγηται,
3001 3053 3076 3116 ὡς
3117 3053 3318 3124 μηδένα
3353 3053 3614 3124 μηδαμῶς
3647 3052 3778 3124 περὶ

2202 3140 2390 3193 τούτου
2413 3157 2473 3209 γε
2507 3143 2899 3214 ἁμερισόητεῖν·
2933 3147 3032 3216 ὅρα
3071 3145 3218 3208 ὅπως
3242 3145 3332 3198 καὶ
3360 3141 3512 3208 οὗτος
3543 3145 3804 3215 ἀναστή-’

2204 3232 2388 3286 σεσθαι
2414 3237 2504 3288 ἐπὶ
2530 3236 2589 3288 τὸ
2623 3237 2808 3310 ἄρχειν
2838 3238 2899 3290 οὐ
2922 3237 3014 3290 τοῦ
3051 3237 3286 3309 Ἰσραὴλ,
3313 3237 3444 3290 ἀλλὰ
3475 3235 3580 3290 τῶν
3604 3235 3780 3289 ἐθνῶν

2124 3343 2166 3396 (ς,
2201 3326 2644 3400 ἀναπεφώνηται,
2675 3331 2742 3383 τά
2768 3348 2828 3382 τε
2853 3330 2980 3400 ἔθνη
3013 3329 3250 3382 ἐλπίσειν
3296 3329 3379 3381 ἐπ’
3424 3329 3569 3399 αὐτῷ
3590 3368 3604 3392 ,
3639 3328 3782 3382 ἀλλὰ,

2199 3421 2350 3491 ούχό
2395 3439 2458 3490 γε
2509 3422 2726 3492 Ἰσραὴλ
2763 3421 3044 3485 λέλεκται,
3079 3421 3374 3490 ἐπειδήπερ
3424 3420 3586 3482 αὐτὸς
3625 3413 3695 3490 ἦν
3740 3417 3776 3490 ἡ

2200 3510 2488 3581 προσδοκία
2535 3511 2639 3564 τῶν
2682 3511 2881 3564 ἐθνῶν·
2923 3509 3002 3564 διὸ
3041 3511 3134 3562 καὶ
3179 3509 3356 3581 κρίσιν
3399 3511 3509 3572 τοῖς
3567 3505 3782 3564 ἔθνεσιν

2199 3603 2426 3666 ἐξοίσειν
2453 3603 2688 3672 λέγεται,
2719 3604 2810 3658 καὶ
2847 3605 2922 3666 είς
2962 3602 3075 3673 φῶς
3099 3601 3265 3654 ἐθνῶν
3292 3600 3640 3672 γενήσεσθαι·
3679 3600 3782 3654 καὶ

2201 3697 2392 3751 πάλιν·
2435 3717 2452 3748 ι
2490 3699 2612 3750 Ἐπὶ
2667 3697 2743 3769 τῷ
2791 3698 3010 3768 ὀνόματι
3060 3695 3220 3752 αὑτοῦ
3268 3696 3391 3767 ἔθνη
3441 3695 3719 3762 ἐλπιοῦσι,
3749 3715 3771 3750 ι

2201 3791 2295 3844 καὶ
2337 3792 2416 3854 είς
2469 3791 2740 3862 σωτηρίαν
2785 3789 3102 3862 δοθήσεσθαι
3151 3791 3212 3842 οὐ
3265 3789 3442 3861 μόνοις
3476 3789 3786 3855 Ἰουδαίοις,

2200 3880 2337 3934 ἀλλὰ
2388 3883 2482 3934 καὶ
2523 3883 2686 3936 πᾶσιν
2740 3879 3043 3950 ἀνθρώποις
3089 3882 3201 3942 τοῖς
3248 3877 3350 3942 ’ἐως
3401 3877 3628 3948 ἐσχάτου
3673 3875 3779 3948 τῆς

2201 3973 2335 4041 γῆς·
2369 3971 2447 4024 διὸ
2485 3972 2578 4024 καὶ
2611 3971 2822 4043 εἴρηται
2867 3969 3014 4040 αὐτῷ
3048 3969 3153 4022 ὑπὸ
3184 3967 3282 4021 τοῦ
3319 3967 3777 4038 καταπέμψαντος

2200 4065 2361 4118 αὑτὸν
2389 4063 2636 4133 Πατρός·
2691 4083 2708 4112 ι
2743 4062 2960 4115 Ἔδωκά
3017 4079 3076 4114 σε
3132 4062 3211 4124 εἰς
3255 4059 3516 4130 διαθήκην
3562 4060 3776 4127 γένους,

2203 4159 2280 4220 εἰς
2313 4156 2428 4225 φῶς
2469 4154 2660 4218 ἐθνῶν,
2699 4153 2791 4208 τοῦ
2827 4153 3164 4224 καταστῆσαι
3198 4153 3294 4224 τὴν
3341 4151 3466 4221 γῆν,
3501 4151 3594 4204 καὶ
3635 4150 3778 4225 -κλη-

2204 4223 2498 4316 ρονομῆσαι
2533 4243 2892 4316 κληρονομίας
2919 4245 3016 4314 ἐρή
3027 4260 3177 4314 μους.
3199 4262 3216 4293 ι
3241 4223 3551 4313 Μαρτύριον
3583 4223 3644 4293 δέ
3664 4242 3778 4304 τοῖς

2201 4335 2378 4390 ἔθνεσί
2417 4352 2600 4407 φησιν,
2636 4335 2774 4388 ὥστε
2810 4335 2987 4389 πάντα
3033 4334 3103 4388 τὰ
3144 4334 3271 4406 ἔθνη
3302 4335 3369 4387 τὰ
3403 4333 3672 4406 μηδέποτέ
3721 4349 3776 4389 τι

2201 4429 2331 4501 περὶ¹
2361 4426 2594 4500 Χριστοῦ
2629 4427 2983 4499 μεμαθηκότα
3004 4468 3018 4493 ,
3083 4427 3276 4496 γνόντα
3309 4427 3406 4498 τὴν
3453 4426 3580 4497 περὶ
3608 4423 3776 4480 αὑτοῦ

2201 4521 2530 4592 οἰκονομίαν,
2557 4521 2650 4574 καὶ
2682 4521 2766 4584 τίς
2799 4515 2867 4591 ἦν
2896 4521 2954 4574 ἐν
2989 4518 3135 4590 αύτῷ
3165 4518 3414 4590 δύναμις,
3445 4517 3778 4572 ἐπικαλέσα-

2207 4611 2329 4665 σθαι
2369 4611 2560 4674 αύτδν,
2608 4609 2701 4662 καὶ
2743 4608 2870 4672 τοὺς
2905 4607 2978 4679 μὴ
3035 4607 3201 4662 πάλαι
3253 4605 3516 4678 πρότερον
3569 4603 3779 4666 είδότας

2135 4685 2179 4738 Ῑ)
2209 4704 2370 4758 αὐτὸν
2395 4703 2555 4766 λαοὺς
2587 4705 2673 4756 ἐπ’
2707 4701 2866 4756 αὐτον
2895 4699 3354 4770 καταφεύξασθαι.
3379 4699 3488 4752 Καὶ
3519 4696 3570 4750 τί
3602 4713 3668 4767 με
3697 4695 3783 4749 δεῖ

2209 4796 2468 4868 μηκύνειν
2507 4795 2595 4849 τὸν
2637 4794 2828 4864 λόγον,
2862 4793 3033 4866 παρὸν
3074 4791 3132 4856 ἐξ
3164 4791 3340 4845 αὐτῶν
3371 4789 3478 4844 τῶν
3513 4805 3783 4862 προφητι-

2205 4887 2317 4944 κῶν
2341 4887 2556 4952 λέξεων,
2592 4880 2666 4940 ὧν
2699 4904 2757 4940 τε
2788 4884 3206 4957 παρατέθειμαι,
3231 4883 3325 4936 καὶ
3353 4875 3426 4934 ὧν
3459 4881 3551 4933 ἐπί
3581 4877 3780 4951 σχολῆς

2209 4978 2600 5052 μνημονεύσω,
2648 4979 2705 5030 ἐν
2755 4980 2874 5040 ταῖς
2920 4976 3092 5038 θείαις
3148 4972 3460 5045 φερομένων
3503 4971 3778 5041 Γραφαῖς,

2203 5073 2310 5144 ὅτῳ
2345 5072 2494 5142 φίλον
2527 5069 2885 5135 ἀναλέξασθαι
2916 5069 3012 5133 τὰς
3057 5065 3402 5138 προφητικὰς
3437 5063 3641 5133 φωνὰς,
3671 5059 3780 5117 αὐ-

2201 5161 2356 5213 τόθεν
2389 5159 2772 5227 κατασιγάζειν
2807 5159 2930 5222 τοὺς
2982 5159 3046 5210 ἐκ
3091 5155 3423 5228 περιτομῆς,
3470 5152 3778 5223 φάσκοντας

2207 5252 2387 5322 μόνοις
2417 5253 2598 5314 αὐτοῖς
2639 5250 2736 5314 τὰς
2771 5248 3100 5318 ἐπαγγελίας
3138 5247 3231 5300 τοῦ
3260 5247 3393 5300 Θεοῦ
3419 5244 3776 5317 δεδωρῆσθαι,

2204 5343 2350 5412 ἡμᾶς
2369 5341 2444 5405 δὲ,
2473 5343 2596 5405 τοὺς
2618 5340 2724 5393 ἀπὸ
2743 5341 2850 5393 τῶν
2871 5340 3058 5402 ἐθνῶν,
3087 5337 3368 5408 περιττοὺς
3385 5331 3544 5399 εἶναι,
3560 5334 3780 5389 καὶτῶν

2205 5431 2364 5484 θείων
2399 5431 2740 5512 ὑποσχέσεων
2789 5428 3100 5500 ἀλλοτρίους
3121 5446 3136 5494 ;
3159 5427 3432 5480 Δέδεικται
3469 5425 3575 5496 γὰρ
3601 5423 3786 5496 ἔμπα-

2203 5523 2306 5586 λιν,
2337 5524 2410 5588 ὡς
2441 5523 2761 5576 τεθέσπιστο
2790 5520 2860 5574 τὰ
2890 5521 2986 5591 μὲν
3030 5519 3156 5590 ἔθνη
3201 5517 3376 5570 πάντα
3405 5517 3503 5588 τῆς
3540 5513 3780 5588 Χριστοῦ

2205 5615 2505 5688 παρουσίας
2535 5611 2884 5678 ἀπολαύσειν,
2915 5613 2981 5666 τὰ
3005 5611 3047 5663 δ’
3083 5609 3347 5664 Ἰουδαίων
3363 5607 3541 5678 πλήθη
3573 5607 3783 5659 ἀποπε-

2205 5711 2413 5764 σεῖσθαι
2437 5708 2536 5778 τῆς
2569 5706 2705 5778 πρὸς
2729 5705 2855 5770 τοὺς
2889 5703 3067 5758 αὐτῶν
3099 5701 3396 5774 προγόνους
3428 5697 3781 5768 ἐπαγγελίας,

624 5817 668 5849 ⁸⁸
683 5815 831 5873 Psal.
863 5829 1031 5877 xcvu,
1064 5814 1118 5868 2.
1165 5816 1204 5846 ”
1231 5814 1402 5872 Levit.
1447 5833 1596 5881 τινι,
1624 5819 1722 5888 12;
1767 5819 1806 5874 ll
1837 5821 1962 5880 Cor.
1991 5841 2067 5890 vt,
2097 5845 2098 5865 ι

2199 5827 2239 5860 ¹²
2279 5825 2505 5882 Zachar.
2541 5839 2600 5892 tt,
2627 5823 2814 5888 10,“.
2861 5819 3116 5888 "OseJI,
3136 5821 3224 5876 ιιι.
3263 5821 3306 5852 ¹⁵
3337 5817 3442 5875 Isa.
3465 5831 3608 5882 ιιιι,
3633 5813 3690 5880 ϐ,
3718 5813 3778 5872 8.

615 5931 694 6004 (l)
731 5927 890 5988 σωκ
919 5930 1082 5989 Forte
1109 5933 1227 5986 οὐκ.
1261 5928 1419 5992 Eutr.
1458 5931 1628 5988 ΡΑτιι.
