4018 6512
175 487 258 547 H5

1044 482 1696 540 DEMONSTRATIONIS
1731 482 2186 541 EVANGEIJCIE
2223 483 2352 542 LIB.
2393 484 2455 540 II.

3276 490 3382 547 I28

173 611 241 664 διὰ
275 606 360 677 τὴν
411 605 491 668 εἰς
534 603 770 676 Χριστὸν
820 605 996 659 αὐτῶν
1031 607 1322 672 ἀπιστίαν,
1373 608 1612 664 σπανίων
1652 607 1698 675 ἐξ

1813 607 2084 679 promissa
2106 607 2289 662 divina
2319 607 2424 662 sibi
2470 607 2604 664 solis
2632 606 2869 662 exhibita
2895 621 3038 674 esse,
3070 617 3126 664 et
3147 624 3251 665 nos
3281 607 3378 680 qui

171 700 319 756 αὐτῶν
347 698 422 761 εἰς
449 693 539 750 τὸν
570 697 798 769 Σωτῆρα
827 699 920 752 καὶ
960 698 1163 772 Κύριον
1195 699 1353 770 ἡμῶν
1380 699 1702 754 πιστευσάν-

169 811 272 855 των,
305 790 389 842 καὶ
418 788 505 842 διὰ
547 789 701 843 τοῦτο
730 790 828 860 τῆς
870 790 1283 862 ἐπηγγελμένης
1328 792 1702 862 πνευματικῆς

170 880 556 955 ἀπολυτρώσεως
585 883 653 936 δι’
681 883 846 937 αὐτοῦ
879 884 1214 955 τευξομένων
1236 901 1250 916 ο
1293 886 1420 955 περὶ
1449 877 1523 937 ὧν
1552 886 1645 938 καὶ
1674 887 1702 938 ὁ

171 973 427 1042 θαυμάσιος
460 972 778 1037 Ἀπόστολος
793 973 1031 1028 διδάσκει
1047 992 1168 1042 που,
1199 975 1370 1044 λέγων
1389 992 1401 1005 ·
1434 995 1452 1026 ι
1476 975 1702 1039 Ἡσαΐας

170 1067 212 1120 δὲ
239 1066 509 1137 κραυγάζει
562 1067 702 1137 ὑπὲρ
739 1067 834 1120 τοῦ
879 1068 1127 1139 Ἰσραήλο
1176 1068 1301 1121 Ἐὰν
1409 1069 1437 1120 ὁ
1470 1067 1702 1141 ἀριθμὸς

171 1159 256 1211 τῶν
302 1157 420 1209 υἱῶν
470 1159 690 1229 Ἰσραὴλ
732 1159 806 1223 ὡς
862 1161 894 1230 ἡ
938 1161 1120 1231 ἄμμος
1166 1159 1262 1231 τῆς
1299 1159 1593 1231 θαλάσσης,
1642 1161 1704 1214 τὸ

173 1252 438 1321 ὑπόλειμμα
467 1251 774 1322 σωθήσεται
795 1269 810 1283 ο
840 1251 994 1320 λόγον
1023 1253 1132 1324 γὰρ
1163 1253 1428 1306 συντελῶν
1457 1254 1550 1307 καὶ
1575 1271 1693 1306 συν-

171 1346 341 1415 τέμνων
395 1345 454 1396 ἐν
513 1344 862 1416 δικαιοσύνῃ·
903 1345 987 1398 ὃτι
1048 1344 1204 1414 λόγον
1272 1345 1702 1416 συντετμημένον

173 1440 342 1507 ποιήσει
381 1435 586 1508 Κύριος
632 1437 725 1489 ἐπὶ
768 1437 866 1508 τῆς
910 1438 1034 1508 γῆς.
1075 1438 1186 1491 Καὶ
1229 1437 1410 1501 καθὼς
1445 1441 1704 1509 προεῖπεν

181 1531 393 1593 Ἠσαῖαςο
428 1531 488 1583 EI
530 1530 608 1601 μὴ
639 1529 845 1601 Κύριος
896 1528 1122 1584 Σαϐαὼθ
1170 1531 1526 1599 ἐγκατέλιπεν
1571 1531 1703 1601 ἡμῖν

173 1622 367 1693 σπέρμα,
398 1621 473 1684 ὡς
503 1621 714 1691 Σόδομα
740 1621 806 1675 ἂν
839 1621 1200 1694 ἐγενήθημεν,
1224 1623 1317 1675 καὶ
1348 1623 1423 1683 ὡς
1449 1623 1702 1693 Γόμορρα

169 1715 218 1767 ἄν
233 1713 586 1784 ὡμοιώθημεν.
611 1733 630 1765 ι
653 1707 748 1776 Οἷς
773 1713 888 1784 μεθ’
905 1712 1066 1785 ἕτερα
1082 1713 1334 1785 ἐπιφέρει
1353 1714 1544 1782 λέγων’
1567 1734 1584 1764 ι
1611 1713 1702 1786 Μὴ

169 1805 431 1859 ἀπώσατοό
464 1805 602 1869 Θεὸς
643 1805 733 1859 τὸν
765 1805 894 1859 λαὸν
940 1805 1140 1871 αύτοῦ;
1195 1805 1269 1877 μὴ
1316 1806 1549 1874 γένοιτοί
1593 1807 1702 1860 Καὶ

168 1901 254 1970 γὰρ
273 1899 366 1968 ἐγὼ
409 1900 753 1972 Ίσραηλίτης
798 1901 914 1971 εἰμὶ
959 1902 1022 1953 ὲκ
1068 1901 1380 1971 σπέρματος
1431 1900 1699 1972 Ἀϐραὰμ,

1804 699 1872 754 de
1912 700 2165 770 gentibus
2223 699 2579 762 assumimur,
2610 707 3044 769 supervacaneos
3093 702 3376 766 accedere,

1805 799 1968 860 atque
1998 805 2027 843 a
2050 790 2250 845 divinis
2268 789 2754 860 pollicitationibus
2780 791 2986 847 alienos
3010 792 3273 847 exsistere
3302 810 3316 846 :
3349 807 3382 846 θ

1804 883 2080 938 contrario
2125 884 2270 938 enim
2313 893 2592 938 ostensum
2624 889 2727 946 est,
2765 885 3224 952 quemadmodum
3260 899 3380 938 ora-

1805 977 1944 1031 culis
1978 974 2236 1029 traditum
2285 976 2378 1040 sit,
2428 991 2619 1030 omnes
2669 983 2857 1042 gentes
2895 975 3128 1030 adventu
3176 976 3381 1031 Christi

1805 1066 2092 1130 fruiturus,
2123 1074 2177 1121 et
2231 1066 2543 1122 Judzeorum
2584 1069 2855 1137 ingentem
2891 1084 3176 1123 numerum
3226 1069 3297 1124 ab
3317 1085 3382 1125 ea

1805 1160 2188 1230 promissione,
2222 1175 2343 1228 quae
2371 1159 2438 1213 ad
2489 1158 2726 1227 majores
2773 1159 3014 1228 ipsorum
3072 1161 3217 1214 edita
3272 1167 3379 1224 est,

1806 1260 2024 1321 propter
2056 1252 2298 1320 ipsorum
2350 1265 2478 1321 erga
2515 1249 2792 1304 Christum
2842 1252 3225 1321 pervicaciam,
3257 1266 3382 1308 esse

1806 1359 2085 1400 casurum.
2120 1341 2334 1398 Paucos
2363 1358 2492 1398 vero
2525 1358 2714 1398 eorum
2755 1342 3020 1396 duntaxat
3047 1344 3101 1396 in
3135 1342 3382 1397 Salvam-

1803 1450 1916 1489 rem
1952 1443 2005 1488 et
2038 1431 2326 1486 Dominum
2369 1440 2620 1486 nostrum
2659 1432 2990 1491 credituros,
3015 1441 3069 1485 et
3125 1431 3227 1484 hac
3261 1431 3380 1501 ipsa

1804 1541 1863 1581 re
1889 1525 2217 1594 promissam
2252 1523 2552 1593 spiritalem
2585 1524 3012 1592 redemptionem
3050 1533 3382 1577 consecutu-

1804 1636 1918 1676 ros.
1944 1619 2018 1674 De
2042 1619 2245 1690 quibus
2268 1604 2400 1674 sane
2433 1618 2654 1673 divinus
2679 1633 2899 1688 quoque
2925 1617 3221 1686 Apostolus
3255 1628 3386 1686 quo-

1805 1710 1928 1765 dam
1980 1711 2100 1764 loco
2151 1710 2223 1764 ita
2271 1708 2512 1764 scribit:
2551 1727 2570 1760 ι
2615 1707 2786 1765 Isaias
2849 1717 3029 1763 autem
3062 1709 3260 1763 clamat
3283 1721 3383 1778 pro

1806 1800 1970 1858 Israel
2006 1822 2018 1858 :
2057 1802 2112 1857 Si
2164 1801 2328 1856 fuerit
2366 1817 2627 1856 numerus
2650 1801 2884 1856 filiorum
2917 1801 3086 1857 Israel
3119 1808 3381 1871 tanquam

1806 1909 1970 1948 arena
2026 1895 2218 1955 maris,
2256 1892 2500 1962 reliquiae
2545 1894 2706 1948 salvze
2759 1894 2908 1948 tient.
2940 1892 3178 1948 Verbum
3235 1891 3382 1946 enim

170 1990 302 2060 φυλῆς
320 1991 583 2061 Βενιαμίν.
615 1993 727 2044 υύκ
750 1991 1007 2045 ἀπώσατο
1031 1993 1060 2044 ό
1083 1991 1214 2054 Θεὸς
1238 1993 1330 2044 τὸν
1363 1991 1488 2044 λαὸν
1516 1991 1698 2056 αὑτοῦ,

1809 1983 2118 2052 perficicns,
2144 1991 2197 2037 et
2228 1983 2564 2039 contrahens
2590 1983 2643 2038 in
2675 1985 2929 2054 aequitate
2961 2004 2973 2038 :
3002 1985 3129 2053 quia
3155 1984 3380 2039 verbum

168 2083 212 2136 ὃν
234 2083 451 2154 προέγνω
470 2101 484 2115 ’
510 2085 544 2154 ἢ
571 2085 678 2136 οὐκ
710 2083 888 2137 οἴδατε
919 2084 977 2136 ἐν
1002 2083 1158 2156 Ἠλίᾳ
1178 2084 1230 2137 τί
1261 2083 1410 2152 λέγει
1433 2085 1465 2155 ή
1490 2083 1699 2156 Γραφὴ,

166 2174 224 2238 ὡς
257 2175 548 2245 ἐντυγχάνει
601 2174 679 2245 τῷ
724 2175 876 2246 Θεῷ,
908 2175 1082 2244 λέγων
1126 2177 1255 2248 περὶ
1301 2176 1392 2230 τοῦ
1457 2176 1700 2249 Ἰσραήλ·

170 2265 320 2336 Κύριε,
353 2269 472 2331 τοὺς
513 2268 810 2339 προφήτας
858 2284 952 2320 σου
1005 2267 1369 2333 ἀπέκτειναν,
1413 2269 1482 2322 τὰ
1519 2269 1704 2323 θυσια-

169 2359 324 2428 στήριά
369 2376 458 2412 σου
508 2360 864 2430 κατέσκαψαν
890 2377 902 2390 ⁶
957 2359 1111 2428 κάγὼ
1151 2359 1482 2432 ὑπελείφθην
1523 2362 1700 2432 μόνος,

167 2450 238 2502 καὶ
263 2448 460 2520 ζητοῦσι
492 2453 603 2524 τὴν
629 2451 807 2523 ψυχήν
833 2471 956 2524 μου,
986 2451 1082 2504 τοῦ
1103 2451 1288 2504 λαϐεῖν
1321 2453 1508 2523 αὐτήν.
1545 2453 1702 2506 Ἀλλὰ

168 2538 205 2592 τί
228 2539 347 2607 λέγει
386 2543 413 2593 ό
455 2542 883 2614 χρηματισμός;
931 2543 1236 2595 Κατέλιπον
1282 2541 1503 2613 ἐμαυτῷ
1539 2545 1702 2597 ἐπτα-

167 2632 406 2702 κισχιλίους
433 2634 660 2705 ἄνδρας,
683 2635 877 2698 οἵτινες
899 2636 996 2688 ούκ
1019 2633 1272 2705 ἔκαμψαν
1295 2634 1424 2702 γόνυ
1446 2639 1509 2706 τῇ
1532 2636 1697 2692 Βάαλ.

167 2723 309 2788 Οὕτως
333 2723 418 2780 οὖν
452 2727 546 2781 καὶ
589 2728 649 2779 ἐν
681 2727 758 2798 τῷ
787 2727 878 2781 νῦν
913 2727 1091 2801 καιρῷ
1134 2727 1340 2797 λεῖμμα
1368 2727 1507 2781 κατὰ
1547 2728 1700 2781 ἐκλο-

169 2815 243 2884 γήν
267 2817 464 2889 χάριτος
489 2817 744 2886 γέγονεν.
774 2838 792 2870 ι
826 2817 923 2870 Διά
951 2817 1153 2871 τούτων
1179 2819 1289 2890 γὰρ
1316 2819 1344 2870 ὁ
1383 2818 1701 2882 Ἀπόστολος

169 2907 328 2973 σαφῶς,
348 2908 432 2960 ἐπὶ
453 2911 516 2979 τῇ
537 2907 644 2961 τοῦ
671 2909 870 2972 παντὸς
885 2909 1151 2963 Ἰουδαίων
1181 2909 1364 2972 ἔθνους
1385 2908 1699 2963 ἀποπτῶσει

169 2994 315 3049 ἑαυτὸν
345 3013 433 3052 και
461 3001 599 3063 τοὺς
628 3000 778 3071 αύτῷ
828 3001 1242 3073 παραπλησίους
1283 3003 1616 3067 ἀποστόλους
1640 3021 1697 3056 τε

167 3087 234 3138 καὶ
274 3089 654 3158 εύαγγελιστὰς
701 3089 794 3143 τοῦ
850 3091 1101 3162 Σωτῆρος
1148 3091 1339 3162 ἡμῶν,
1387 3093 1596 3156 πάντας
1638 3109 1697 3145 τε

165 3177 258 3240 τοὺς
279 3177 344 3230 ἔτι
368 3181 456 3232 καὶ
484 3179 589 3232 νῦν
615 3177 675 3244 ἐξ
703 3180 970 3234 Ἰουδαίων
997 3183 1077 3246 είς
1107 3182 1197 3235 τὸν
1221 3183 1454 3254 Χριστὸν
1478 3182 1700 3236 πιστεύ-

169 3284 338 3333 σαντας,
365 3271 421 3323 τὸ
445 3272 677 3344 σπέρμα
706 3267 845 3326 εἶναι
882 3273 1154 3342 διασαφεῖ,
1194 3274 1254 3328 τὸ
1297 3276 1401 3328 ὑπὸ
1445 3275 1537 3328 τοῦ
1565 3294 1699 3347 προ-

1804 2074 2145 2127 contractius
2179 2073 2340 2128 faciet
2379 2073 2643 2129 Dominus
2677 2076 2730 2128 in
2766 2085 2932 2129 terra.
2970 2075 3033 2128 Et
3065 2078 3209 2130 sicut
3245 2089 3382 2144 pree-

1803 2166 1939 2219 dixit
1966 2163 2137 2221 Isaias
2171 2185 2183 2220 :
2213 2165 2327 2222 Nisi
2359 2166 2623 2222 Dominus
2664 2165 2905 2221 Sabaoth
2939 2167 3250 2237 reliquisset
3281 2182 3382 2222 no-

1802 2253 1887 2308 bis
1911 2271 2118 2322 semen,
2152 2255 2310 2324 quasi
2369 2257 2606 2310 Sodoma
2652 2256 2782 2310 facti
2837 2273 3110 2324 essemus,
3134 2267 3188 2313 et
3241 2259 3385 2314 sicut

1803 2343 2105 2400 Gomorrha
2131 2347 2343 2402 similes
2376 2349 2673 2404 fuissemus
2695 2351 2741 2382 ¹⁵
2769 2369 2780 2404 :
2826 2367 2844 2401 ι
2881 2351 3080 2418 quibus
3101 2359 3222 2420 post
3251 2351 3380 2416 alia,

1803 2435 1918 2490 brec
1950 2453 2168 2508 quoque
2199 2438 2488 2508 adjungit:
2522 2459 2540 2490 ι
2574 2440 2832 2511 Nunquid
2877 2440 3020 2495 Deus
3061 2443 3260 2510 repulit
3285 2457 3384 2512 po-

1801 2529 1987 2598 pulum
2035 2531 2235 2585 suum?
2265 2531 2426 2586 absit.
2465 2531 2599 2586 Nam
2626 2541 2680 2588 et
2723 2548 2823 2602 ego
2855 2531 3100 2587 Israelita
3131 2550 3273 2596 sum,
3314 2549 3383 2590 ex.

1801 2621 2010 2675 semine
2033 2622 2331 2690 Abraham,
2357 2624 2504 2677 tribu
2526 2623 2830 2694 Benjamin.
2859 2623 2978 2678 Non
3013 2627 3212 2695 repulit
3238 2626 3382 2683 Deus

1801 2711 2062 2780 populum
2088 2729 2269 2778 suum,
2293 2729 2452 2783 quem
2473 2715 2748 2784 pra-scivit
2771 2734 2784 2769 :
2805 2714 2888 2769 An
2922 2717 3146 2771 nescitis
3179 2716 3232 2770 in
3264 2715 3380 2771 Elia

1801 2801 1935 2871 quid
1983 2803 2131 2858 dicat
2181 2805 2504 2874 Scriptura?
2555 2806 3014 2876 quemadmodum
3077 2808 3384 2878 interpellat

1801 2893 1994 2958 Deum,
2030 2895 2220 2952 dicens
2252 2897 2320 2953 de
2368 2897 2533 2954 Israel
2573 2919 2586 2954 :
2621 2899 2870 2962 Domine,
2908 2899 3206 2970 prophetas
3258 2907 3384 2957 tuos

1801 2987 2148 3053 occiderunt,
2182 2991 2377 3045 altaria
2409 2999 2504 3044 tua
2540 2992 2904 3060 suffoderunt,
2937 3002 2991 3046 et
3033 3008 3134 3062 ego
3158 2993 3382 3048 relictus

1799 3096 1922 3136 snm
1946 3083 2118 3148 solus,
2144 3091 2198 3137 et
2229 3095 2480 3153 qua‘runt
2517 3085 2757 3138 animam
2808 3099 3007 3148 meam,
3040 3092 3099 3136 ut
3131 3084 3383 3139 auferant

1798 3189 1917 3230 eam
1953 3193 1966 3230 :
2002 3175 2096 3229 sed
2130 3176 2260 3246 quid
2302 3176 2445 3245 dicit
2494 3191 2822 3245 responsum
2857 3175 3150 3229 divinum?
3187 3177 3382 3246 reliqui

1799 3267 1931 3321 mihi
1967 3267 2070 3337 ipsi
2104 3276 2310 3338 septem
2357 3269 2528 3322 millia
2559 3270 2823 3332 virorum,
2851 3270 2943 3339 qui
2977 3286 3088 3324 non
3114 3286 3380 3327 curvave-

167 3364 295 3433 ᾳήτου
313 3365 715 3437 ὠνομασμένον,
748 3368 889 3420 κατὰ
903 3367 980 3419 τό·
1009 3387 1026 3418 ι
1051 3369 1114 3420 El
1140 3367 1212 3440 μὴ
1237 3367 1440 3440 Κύριος
1466 3368 1690 3422 Σαϐαὼθ

1801 3366 2076 3429 runtgenu
2105 3369 2231 3415 ante
2260 3358 2407 3413 Baal.
2439 3359 2528 3415 Sic
2554 3376 2683 3431 ergo
2712 3369 2765 3415 et
2789 3362 2840 3414 in
2860 3361 2963 3416 hoc
2983 3373 3224 3433 tempore
3255 3365 3382 3418 reli-

165 3455 461 3519 ὲγκατέλιπεν
491 3459 634 3528 ἡμῖν
663 3456 884 3528 σπέρμα
902 3473 915 3486 ·
952 3476 970 3507 ι
1009 3456 1167 3509 τοῦτο
1193 3458 1250 3510 δὲ
1279 3454 1418 3512 εἶναι
1449 3459 1543 3512 καὶ
1558 3458 1618 3512 τὸ
1634 3460 1690 3512 ὲν

165 3548 254 3609 ταῖς
279 3546 468 3613 λοιπαῖς
499 3551 868 3621 προφητείαις
895 3548 1221 3620 δηλούμενον
1256 3549 1568 3622 ὑπόλειμμα
1597 3551 1690 3604 τοῦ

167 3636 338 3700 παντὸς,
354 3639 483 3710 ὅπερ
504 3639 649 3710 φησὶ
671 3639 787 3691 κατ’
820 3637 1050 3708 ἐκλογὴν
1075 3637 1296 3709 χάριτος
1332 3637 1690 3708 πεφυλάχθαι.

167 3723 270 3796 Περὶ
293 3721 344 3779 οὗ
372 3728 799 3798 ὑπολείμματος,
839 3726 970 3798 φέρε
999 3725 1179 3788 πάλιν,
1213 3725 1272 3778 τὸ
1303 3725 1411 3779 ἀπὸ
1432 3725 1538 3778 τῶν
1564 3742 1695 3797 προ-

169 3818 310 3886 φητῶν
329 3821 752 3892 ἐξαπλὼσωμεν,
781 3821 856 3884 ὡς
879 3819 945 3873 ἂν
967 3821 1277 3892 παρασταίη
1302 3819 1390 3872 διὰ
1412 3818 1693 3877 πλειόνων.

167 3904 225 3956 ὅτι
245 3909 304 3979 μὴ
331 3909 655 3981 ἀδιακρίτως
682 3908 845 3960 παντὶ
871 3907 952 3978 σῷ
991 3907 1256 3961 Ἰουδαίων
1292 3907 1433 3960 ἔθνει
1473 3906 1570 3979 τὴν
1599 3906 1693 3960 τοῦ

168 3997 353 4067 Χριστοῦ
405 3999 714 4072 παρουσίαν
755 4002 1020 4070 σωτήριον
1071 3999 1287 4053 ἔσεσθαι
1354 3999 1620 4070 ὑπέσχετο
1667 3999 1695 4051 ὁ

169 4086 282 4152 Θεὸς,
298 4091 394 4142 ἀλλ’
409 4092 619 4159 ὀλίγοις
647 4093 740 4144 καὶ
763 4092 957 4163 κομιδῆ
992 4093 1236 4155 σπανίοις
1251 4095 1360 4156 τοῖς
1382 4093 1461 4155 είς
1476 4091 1568 4144 τὸν
1585 4092 1696 4143 Σω-

168 4175 273 4250 τῆρα
301 4183 382 4234 καὶ
401 4182 607 4253 Κύριον
633 4185 666 4252 ἡ
677 4182 792 4252 μῶν
817 4184 1257 4248 πεπιστευκόσιν,
1288 4182 1571 4254 ὡσπεροῦν
1603 4184 1697 4235 καὶ

166 4269 211 4319 τὸ
227 4269 356 4341 ἔργον
373 4274 682 4370 ἀκολαύθως
697 4277 815 4338 ταῖς
844 4276 1054 4347 προρρή
1064 4291 1211 4328 σεσιν
1239 4274 1694 4346 ἐπηκολούθησεν.

1796 3448 1938 3517 quia:
1969 3449 2270 3504 secundum
2304 3450 2626 3506 electionem
2663 3452 2852 3521 gratiae
2899 3452 3059 3508 factze
3099 3463 3230 3510 sunt
3252 3456 3318 3509 ⁸⁸.
3353 3473 3374 3508 ι

1795 3541 1902 3611 63
1937 3539 2033 3595 llis
2064 3543 2209 3595 enim
2243 3542 2421 3596 verbis
2449 3542 2742 3612 Apostolus
2767 3545 2927 3613 plane
2955 3545 3011 3598 in
3059 3546 3178 3615 ipso
3210 3547 3379 3603 totius

1795 3631 2037 3688 Judaicze
2066 3635 2243 3706 gentis
2271 3650 2425 3698 casu,
2455 3636 2694 3704 seipsum
2717 3644 2768 3690 et
2801 3637 2901 3692 sibi
2929 3637 3156 3703 similes,
3188 3638 3382 3692 Salva-

1796 3727 1932 3780 toris
1963 3727 2138 3782 nostri
2179 3743 2304 3781 cum
2361 3729 2659 3798 apostolos,
2696 3737 2810 3782 tum
2846 3729 3231 3798 evangelistas,
3257 3746 3379 3784 om-

1795 3837 2002 3890 nesque
2024 3825 2118 3892 qui
2140 3837 2209 3876 ex
2240 3821 2445 3878 Iudaeis
2499 3823 2665 3878 etiam
2697 3838 2844 3878 nunc
2869 3823 2937 3878 ad
2966 3823 3248 3880 Christum
3281 3841 3378 3880 ae-

1795 3912 2020 3976 cedunt,
2053 3929 2238 3968 semen
2261 3930 2384 3969 esse
2416 3913 2548 3968 illud
2573 3913 2835 3978 declarat,
2860 3915 3006 3985 quod
3040 3919 3381 3973 nominatum

1797 4015 1881 4060 est
1913 4021 1942 4057 a
1973 4006 2236 4076 propheta
2277 4007 2341 4069 ¹⁷,
2373 4008 2461 4062 ubi
2493 4009 2570 4062 ait
2598 4027 2611 4062 :
2648 4029 2666 4060 ι
2695 4008 2810 4064 Nisi
2836 4009 3099 4065 Dominus
3137 4009 3378 4065 Sabaoth

1797 4098 2128 4168 reliquisset,
2189 4099 2348 4153 nobis
2397 4115 2614 4167 semen;
2677 4120 2695 4152 ι
2739 4101 2951 4172 hocque
3008 4101 3184 4171 ipsum
3233 4118 3378 4169 esse,

1798 4189 1942 4258 quod
1988 4190 2044 4243 in
2096 4190 2321 4260 reliquis
2374 4192 2504 4246 item
2550 4191 2852 4260 prophetiis
2882 4192 3241 4262 significatur,
3278 4209 3380 4249 no-

1803 4278 1947 4334 mine
1978 4279 2332 4350 reliquiarum
2360 4282 2546 4346 totius,
2591 4297 2728 4352 quas
2767 4283 2900 4337 dicit
2939 4283 3240 4338 secundum
3267 4284 3379 4340 ele-

170 4366 352 4422 ctionem
378 4366 567 4441 gratiae
595 4379 842 4427 servatas
875 4388 1013 4427 esse.
1053 4371 1127 4426 De
1157 4372 1357 4441 quibus
1387 4386 1520 4427 sane
1551 4373 1820 4442 reliquiis,
1848 4389 1947 4445 age
1980 4389 2198 4442 rursus,
2231 4391 2352 4445 qua:
2397 4376 2638 4430 dixerint
2670 4377 2968 4447 prophetae,
3018 4377 3183 4433 latius
3221 4392 3379 4432 exse-

170 4470 367 4529 quamur,
387 4473 443 4518 ut
472 4465 729 4536 pluribus
763 4465 876 4535 jam
910 4472 1146 4530 constet,
1185 4479 1293 4519 non
1325 4465 1575 4520 absolute
1602 4467 1872 4523 universa:
1910 4465 2222 4522 Iudaeorum
2255 4468 2485 4533 nationi,
2519 4467 2727 4523 Christi
2754 4469 3051 4522 adventum
3082 4467 3376 4522 salutarem

169 4546 358 4610 futurum
387 4560 688 4628 pollicitum
718 4575 838 4614 esse
874 4558 1066 4624 Deum,
1102 4559 1197 4615 sed
1229 4561 1418 4631 paucis
1444 4575 1654 4624 eorum,
1679 4571 1844 4633 atque
1873 4563 2166 4634 admodum
2197 4564 2360 4630 raris,
2397 4564 2467 4619 iis
2508 4564 2782 4626 videlicet,
2817 4563 2910 4633 qui
2933 4563 2989 4616 in
3016 4562 3376 4628 Salvatorem,

169 4640 479 4705 ctDominum
526 4661 779 4707 nostrum
808 4652 1142 4708 crediderint
1173 4672 1186 4707 :
1238 4654 1698 4724 quemadmodum
1739 4664 1795 4711 et
1822 4671 1912 4712 res
1951 4658 2092 4728 ipsa,
2128 4658 2264 4729 ipsis
2300 4657 2755 4730 praedictionibus
2787 4665 3158 4713 consentanea
3193 4656 3378 4712 decla-

168 4741 290 4798 rarit.

661 4843 1056 4896 ΚΕΦΑΛΑῙΟΝ
1087 4843 1158 4898 Δ’.
1724 4852 1768 4906 D

168 4916 427 5004 Aq._‘Artd
459 4932 567 4985 τοῦ
615 4934 874 4988 Ἡσαΐου.
913 4937 1031 4988 Ὅτι
1059 4935 1146 5004 μὴ
1178 4939 1263 5002 εἱς
1289 4935 1412 4992 πᾶν
1453 4940 1516 4993 τὸ
1563 4941 1686 4995 Ἰου-

396 5000 592 5079 ἐξθνος,
627 5005 765 5057 ἀλλ’
792 5008 878 5079 el;
907 4990 1150 5076 όλίγὸυξ·
1180 4990 1693 5079 αὑτῶὶδιῆκεῖἑά

220 5071 316 5116 των
341 5071 506 5124 θείων
532 5074 922 5144 ἐπαγγελιῶν.
1012 5071 1022 5076 ’
1127 5071 1137 5073 ⁷
1483 5071 1494 5079 ’
1548 5109 1553 5114 ~

224 5171 241 5204 ι
273 5155 326 5209 Ἡ
369 5162 436 5232 γῆ
473 5164 628 5234 ὑμῶν
663 5166 887 5238 ἕρημος,
921 5170 976 5222 αἱ
1018 5168 1201 5232 πόλεις
1234 5168 1386 5240 ὑμῶν
1425 5170 1691 5241 πυρίκαυ-

174 5257 272 5296 στοι·
301 5250 389 5322 τὴν
419 5255 602 5326 χώραν
631 5259 804 5330 ὑμῶν,
825 5260 1053 5315 ἐνώπιον
1083 5262 1112 5314 ὑ
1121 5261 1237 5333 μῶν
1255 5262 1525 5336 ἀλλότριοι
1553 5281 1687 5317 κατ-

171 5338 386 5434 εσθίουσιν
455 5353 660 5424 αὐτὴν,
717 5355 812 5409 καὶ
877 5359 1170 5429 ἠρήμωται
1229 5363 1688 5434 κατεστραμμένη

272 5434 397 5492 λαῶν
423 5442 735 5516 ἀλλοτρίων.
771 5427 1355 5523 Ἐγκαταλειφθήσεται
1379 5455 1410 5523 ή
1438 5427 1691 5525 *θυγάτηρ

173 5517 294 5617 ξίὼνν
315 5529 382 5594 ὡς
409 5539 574 5608 σκηνὴ
605 5539 662 5590 ὲν
690 5539 992 5609 ἀμπελῶνι,
1019 5543 1114 5596 καὶ
1144 5543 1220 5608 ὡς
1243 5545 1689 5617 ὀπωροφυλὰκιον

174 5614 549 5714 σίκυῇράτφν
583 5631 660 5696 ὡς
695 5633 848 5697 πόλις
894 5635 1343 5708 πολιορκουμένη,
1366 5614 1495 5692 ’Καὶ
1527 5641 1575 5690 εξ
1619 5638 1693 5710 μὴ

174 5703 574 5802 ξῦριοςζῖαϐαὼθ
619 5726 974 5793 ἐγκατέλιπεν
1018 5703 1148 5799 ἡμῖν
1188 5703 1445 5802 σπέρμα,
1489 5732 1565 5794 ὡς

173 5792 275 5864 δομα
316 5805 375 5856 ἂν
414 5792 763 5885 ἐγενήθημεν,
804 5817 897 5869 καὶ
924 5816 1000 5881 ὡς
1039 5792 1289 5890 όμορρα
1314 5792 1386 5873 ἓν
1420 5792 1698 5890 ὡμοιώθη·

228 5956 258 5985 ’⁵
288 5959 424 6018 item.
456 5983 523 6034 ιι,
563 5971 752 6026 2Ἱ-Ξῖ).
835 5972 1054 6029 “Rom.
1100 5991 1176 6039 xu,
1215 5975 1324 6030 1-5.
1413 5978 1453 6007 ⁸⁷
1486 5975 1588 6033 183.
1619 5992 1653 6031 1-
1692 5979 1744 6033 9-

2404 4845 2634 4902 CAPUT
2684 4845 2771 4901 IV.

1799 4938 2040 4995 XXXVI.
2076 4938 2153 4993 Ab
2200 4937 2372 4994 Isaia.
2407 4969 2480 4980 —
2521 4938 2674 5003 Quod
2737 4956 2840 4992 non
2905 4939 2959 4992 in
3013 4955 3215 4992 omnem
3275 4938 3378 4992 Ju-

1871 5010 2080 5064 daicam
2119 5020 2351 5079 gentem,
2391 5009 2481 5062 sed
2540 5011 2593 5063 in
2639 5025 2833 5069 paucos
2866 5025 3042 5061 eorum
3091 5009 3375 5075 duntaxat,

1869 5083 2166 5135 divinorum
2199 5081 2580 5148 promissorum
2606 5091 2786 5133 eventa
2811 5083 3153 5149 pervenerint.

1874 5193 1891 5226 ι
1939 5172 2108 5228 Terra
2139 5180 2324 5228 vestra
2353 5171 2590 5236 deserta,
2627 5171 2884 5226 civitates
2917 5177 3112 5224 vestra:
3146 5184 3378 5224 succen-

1800 5282 1873 5322 sae
1916 5266 2068 5337 igni:
2123 5265 2398 5334 regionem
2450 5273 2710 5326 vestram,
2745 5264 2798 5317 in
2848 5269 3143 5331 conspectu
3194 5271 3378 5316 vestro

1800 5358 1959 5412 alieni
1993 5357 2256 5411 devorant
2289 5375 2301 5410 :
2327 5362 2381 5411 et
2406 5356 2623 5411 deserta
2652 5363 2756 5418 est,
2781 5369 2905 5408 eum
2935 5353 3199 5408 subversa
3240 5354 3311 5406 sit
3342 5367 3373 5407 a

1798 5449 2014 5520 populis
2045 5448 2257 5502 alienis.
2289 5446 2650 5518 Relinquetur
2681 5445 2789 5500 tilia
2817 5443 2972 5510 Sion,
2999 5452 3058 5500 ut
3085 5445 3380 5500 umbracu-

1799 5544 1910 5598 lum
1959 5544 2015 5597 in
2062 5542 2220 5597 vinea
2252 5582 2267 5606 ,
2317 5549 2370 5595 et
2408 5548 2667 5611 tanquam
2710 5539 2984 5593 fructuum
3030 5537 3279 5594 custodia
3321 5538 3377 5593 in

1798 5637 2196 5698 cucumerario,
2229 5643 2491 5705 tanquam
2529 5633 2720 5689 civitas
2751 5633 2804 5687 in
2837 5633 3140 5689 obsidione.
3167 5631 3233 5685 Et
3269 5631 3376 5688 nisi

1803 5727 2066 5782 Dominus
2115 5725 2354 5782 Sabaoth
2394 5726 2704 5796 reliquisset
2749 5725 2908 5781 nobis
2953 5741 3159 5791 semen,
3219 5723 3376 5795 quasi

1807 5819 2043 5874 Sodoma
2087 5819 2214 5875 facti
2242 5835 2508 5887 essemus,
2544 5827 2597 5875 et
2640 5819 2781 5875 sicut
2828 5816 3132 5874 Gomorrha
3167 5816 3376 5875 similes

1829 5977 1870 6010 ’⁸
1896 5975 2027 6033 ibid.
2055 5975 2170 6033 7-9.
