4018 6512
619 489 716 550 ΙὶιἹ

1255 489 1540 564 [EUSEBII
1572 490 2045 546 CASSARIENSIS
2085 489 2232 546 OPP.
2277 489 2454 543 PARS
2491 489 2558 546 II.
2595 521 2665 532 -—
2703 486 3203 544 APOLOGETICA.

3751 496 3854 551 ἐῢ

616 613 909 666 fuissemus
939 611 1001 666 ".
1043 627 1064 663 ›
1099 607 1396 665 Exordiens
1419 625 1648 678 magnus
1689 611 2012 682 divinosque
2057 625 2177 680 pro-

2287 629 2437 682 μεν.»
2471 609 2795 680 Ἀρχόμενος
2841 611 2870 661 ό
2903 609 3076 678 μέγας
3104 609 3198 660 καὶ
3230 607 3528 679 θαυμάσιος
3565 615 3854 686 προφήτης

615 703 776 774 pheta
823 717 984 758 suum
1035 717 1191 772 opus,
1233 703 1465 771 primum
1519 701 1678 756 docet
1719 702 2174 772 quemadmodum

615 797 930 849 universum
973 809 1084 848 sua:
1127 793 1425 863 prophetiae
1470 795 1996 864 prepositum,nihil
2031 795 2177 848 aliud

614 885 876 948 continet,
911 901 1070 955 quam
1128 885 1390 940 visionem
1423 893 1476 940 et
1509 887 2020 956 contemplationem
2055 899 2174 955 quae

615 975 819 1030 feratur
881 985 1067 1030 εοηιιτι
1132 974 1370 1029 Judazam
1404 1017 1418 1041 ,
1471 986 1524 1032 et
1582 985 1772 1030 contra
1818 975 2116 1032 Jerusalem
2161 995 2174 1031 :

613 1064 805 1120 deinde
833 1073 1084 1120 cunctam
1109 1065 1417 1120 Iudaeorum
1445 1069 1716 1123 nationem
1745 1070 2040 1140 redarguit,
2067 1069 2180 1138 pri-

611 1173 758 1210 mum
807 1157 921 1212 lizec
960 1157 1190 1213 dicens:
1227 1177 1244 1208 ι
1285 1159 1518 1228 Agnovit
1556 1160 1654 1214 bos
1699 1177 2094 1232 possessorem,
2125 1170 2180 1216 et

613 1247 800 1304 asinus
849 1266 1086 1320 praesepe
1121 1249 1332 1304 Domini
1375 1251 1494 1314 sui;
1527 1251 1692 1306 Israel
1744 1263 1924 1308 autem
1957 1271 2041 1309 me
2069 1269 2178 1308 non

613 1341 852 1410 agnovit,
889 1349 941 1396 et
971 1341 1204 1410 pepulus
1231 1357 1338 1396 non
1371 1343 1637 1398 intellexit
1671 1346 1735 1398 ³³.
1777 1363 1796 1397 ι
1833 1345 2032 1400 Deinde
2065 1348 2180 1400 uni-

611 1447 823 1486 versam
883 1443 1095 1501 gentem
1149 1433 1462 1503 deplorans,
1506 1435 1750 1507 adjungit
1786 1455 1798 1490 :
1849 1455 1868 1488 ι
1907 1436 1999 1492 ναι
2032 1439 2178 1508 genti

611 1525 923 1593 peccatrici,
985 1523 1182 1593 populo
1241 1527 1398 1594 pleno
1447 1527 1942 1596 peccatis,semini
1991 1547 2176 1599 pravo,

613 1615 738 1669 filiis
771 1615 971 1684 iniquis
995 1617 1062 1670 ’°.
1101 1637 1116 1667 ι
1155 1615 1316 1672 Hisce
1338 1618 1492 1672 initio
1521 1619 1700 1688 operis
1723 1621 1812 1674 ubi
1844 1629 2032 1674 contra
2059 1623 2180 1677 illos

611 1721 745 1760 usus
775 1715 858 1760 est
901 1707 1395 1776 objurgationibus,
1424 1719 1476 1763 et
1507 1712 1790 1779 proposuit
1823 1727 2020 1768 causas
2060 1713 2179 1782 ejus

610 1799 870 1863 vaticinii,
893 1800 1035 1868 quod
1056 1810 1244 1854 contra
1265 1803 1383 1857 illos
1407 1801 1630 1866 feratur,
1652 1811 1763 1858 tum
1792 1805 2002 1858 initium
2033 1807 2177 1869 facit,

608 1889 797 1944 dicens
829 1932 840 1944 .
871 1911 888 1941 ι
924 1889 1088 1946 Terra
1115 1901 1294 1948 vestra
1315 1895 1549 1960 deserta,
1578 1915 1596 1947 ι
1615 1911 1733 1967 (μιεὲ
1763 1905 1942 1951 tamen
1965 1897 2180 1954 deserta

2277 705 2374 774 τῆς
2401 703 2606 764 οἰκείας
2637 701 2839 770 βίϐλου,
2874 699 2971 772 τὴν
3000 703 3178 780 πᾶσαν
3209 702 3307 771 τῆς
3339 705 3672 774 προφητείας
3717 707 3854 760 ὑπό-

2279 795 2443 858 θεσιν,
2479 793 2617 847 κατὰ
2643 793 2741 862 τῆς
2776 793 3035 856 Ἰουδαίας
3063 792 3154 845 καὶ
3183 791 3324 846 κατὰ
3355 793 3454 864 τῆς
3497 795 3854 868 Ἰερουσαλὴμ

2277 887 2464 956 ὅρασιν
2511 885 2603 936 καὶ
2645 883 2877 952 θεωρίαν
2923 881 3194 954 περιέχειν
3238 883 3504 936 διδάσκει’
3559 884 3750 938 ἔπειτα
3793 889 3853 940 τὺ

2279 977 2384 1028 πᾶν
2431 974 2696 1028 Ἰουδαίων
2741 974 2890 1036 ἔθνος
2929 973 3241 1043 ἁπελέγχει,
3287 974 3476 1044 πρῶτα
3526 976 3624 1044 μὲν
3655 977 3849 1044 λέγον·

2285 1085 2302 1117 ι
2331 1067 2512 1134 Ἔγνω
2543 1065 2667 1134 βοῦς
2710 1065 2799 1118 τὸν
2831 1065 3190 1134 κτησάμενον,
3237 1067 3330 1119 καὶ
3359 1067 3477 1130 ὃνος
3513 1067 3611 1138 τὴν
3643 1070 3854 1138 φάτνην

2277 1159 2370 1212 τοῦ
2417 1159 2604 1229 κυρίου
2652 1157 2835 1210 αὐτοῦ·
2873 1157 3087 1228 Ἰσραὴλ
3117 1157 3173 1210 δέ
3223 1175 3290 1226 με
3339 1159 3440 1211 οὐκ
3487 1157 3648 1228 ἔγνω,
3689 1163 3784 1214 καὶ
3823 1163 3854 1216 ὀ

2277 1250 2404 1313 λαός
2436 1268 2502 1320 με
2541 1249 2600 1302 οὖ
2629 1248 2910 1318 συνῆκεν.»
2943 1246 3074 1301 Εἶτα
3101 1249 3160 1302 τὸ
3199 1251 3304 1302 πᾶν
3347 1249 3492 1313 ἔθνος
3522 1251 3852 1316 ταλανίζων,

2280 1339 2578 1410 ἐπιφέρειοι
2601 1341 2736 1393 Οὐαὶ
2753 1340 2904 1403 ἔθνος
2925 1340 3262 1410 ἁμαρτωλὸν,
3286 1339 3410 1403 λαὺς
3434 1340 3643 1411 πλήρης
3671 1345 3856 1414 ἁμαρ-
3895 1399 3906 1408 ,

2279 1425 2432 1488 τιῶν,
2483 1426 2700 1496 σπέρμα
2752 1425 3004 1496 πονηρὸν,
3055 1426 3160 1478 υἱοὶ
3205 1426 3414 1496 ἄνομοι.
3451 1446 3470 1476 ι
3521 1425 3743 1490 Τούτοις
3793 1431 3850 1480 ἐν

2279 1518 2418 1590 ἀρχῇ
2452 1517 2550 1586 τῆς
2597 1517 2777 1587 βίϐλου
2813 1517 2930 1569 κατ’
2961 1517 3137 1570 αὐτῶν
3180 1517 3522 1588 χρησάμενος
3561 1521 3672 1582 τοῖς
3703 1519 3853 1588 ὲλέΐ·

2279 1627 2414 1681 χοις,
2461 1613 2554 1664 καὶ
2593 1610 2910 1681 προδιδάξας
2954 1609 3051 1672 τὰς
3075 1612 3254 1672 αἰτίας
3277 1611 3374 1680 τῆς
3399 1611 3695 1683 μελλούσης
3725 1616 3850 1666 ἐπι-

2281 1701 2540 1772 φέρεσθαι
2580 1703 2698 1756 κατ’
2746 1703 2921 1756 αὐτῶν
2965 1706 3338 1774 προρρήσεως,
3383 1706 3508 1774 ἐξῆς
3539 1707 3848 1778 ἀπάρχεται

2281 1792 2522 1860 φάσκων·
2557 1812 2574 1844 ι
2618 1794 2680 1846 Ἠ
2719 1795 2790 1864 γῆ
2823 1793 2972 1863 ὑμῶν
3015 1795 3236 1866 ἕρημος,
3269 1813 3286 1844 ι
3329 1795 3402 1865 μὴ
3442 1795 3603 1866 οὔσης
3635 1799 3846 1869 ἐρήμου

2283 1885 2402 1937 καθ’
2425 1885 2518 1948 οὓς
2547 1887 2878 1956 προεφήτευε
2914 1886 3157 1956 χρόνους·
3197 1907 3212 1936 ι
3238 1888 3292 1939 αἰ
3324 1888 3503 1950 πόλεις
3527 1889 3676 1958 ὑμῶν
3695 1891 3852 1960 πυρί-

609 1997 716 2035 non
747 1991 884 2045 erat,
915 1999 980 2038 eo
1011 1984 1127 2054 ipso
1180 2001 1285 2055 quo
1314 1989 1648 2056 prophetiam
1689 1990 1884 2044 edebat
1915 1997 2176 2061 tempore.

2282 1994 2522 2030 καυστοι·
2557 1995 2576 2028 ι
2621 1978 2752 2047 μηδέ
2777 1977 2962 2030 τούτου
2995 1995 3082 2030 πω
3127 1979 3512 2049 γεγενημένου.
3562 1979 3698 2032 Ἀλλ’
3728 1981 3846 2032 οὐδὲ

615 2091 633 2123 ι
673 2073 935 2128 Civitates
975 2087 1169 2132 vestrae
1211 2093 1490 2134 succensa:
1517 2079 1662 2148 igni:
1695 2099 1714 2132 ι
1745 2090 2074 2138 cumtamen
2109 2098 2178 2138 ne

611 2163 714 2218 hoc
747 2165 962 2234 quidem
997 2169 1176 2222 adhuc
1213 2169 1414 2224 factum
1445 2180 1612 2226 esset.
1652 2171 1758 2226 Sed
1789 2189 1964 2241 neque
2001 2175 2179 2244 regio-

609 2270 732 2308 nem
785 2257 1024 2325 ipsorum
1057 2265 1185 2312 tunc
1224 2261 1381 2314 alieni
1419 2262 1770 2330 devorabant,
1806 2267 1920 2343 6η,
1944 2283 2066 2320 cum
2097 2277 2179 2321 ta-

613 2357 737 2398 men
783 2345 872 2398 ille
905 2347 982 2401 sic
1029 2349 1194 2411 dicat,
1235 2369 1254 2400 ι
1307 2353 1582 2420 regionem
1631 2363 1888 2419 vestram,
1943 2357 1998 2411 in
2047 2374 2180 2413 con-

609 2445 798 2507 spectu
831 2447 1008 2494 vestro
1039 2441 1198 2495 alieni
1232 2443 1521 2507 devorant,
1557 2465 1574 2495 ›
1613 2453 1666 2499 et
1699 2463 1819 2516 qua:
1845 2458 2174 2518 sequuntur.

610 2529 679 2585 At
707 2533 850 2586 enim
881 2534 924 2588 si
957 2533 1022 2587 ad
1053 2533 1348 2590 Salvatoris
1379 2537 1550 2589 nostri
1577 2535 1704 2592 Jesu
1735 2539 1940 2594 Christi
1975 2541 2179 2594 adven-

609 2629 724 2676 tum
767 2627 1072 2688 transieris,
1111 2636 1164 2681 et
1199 2628 1263 2681 ad
1294 2643 1498 2696 eaquae
1521 2630 1811 2684 subsecuta
1843 2641 1970 2686 sunt
2006 2649 2179 2702 usque

608 2714 662 2766 in
697 2715 840 2768 hunc
861 2717 1000 2768 diem
1026 2725 1289 2786 tempora,
1317 2716 1474 2772 facile
1501 2720 1774 2774 inveneris
1801 2737 1866 2774 ea
1891 2737 2010 2790 qua:
2035 2723 2180 2776 dicta

609 2815 738 2860 sunt
781 2808 1047 2876 completa
1079 2823 1222 2862 esse.
1257 2807 1390 2862 Nam
1433 2817 1486 2863 et
1517 2809 1622 2863 lilia
1657 2809 1788 2864 Sion
1832 2813 1968 2882 (haec
1999 2822 2178 2868 autem

607 2907 721 2951 erat
755 2897 1001 2952 adoratio
1030 2916 1150 2968 quae
1175 2901 1228 2953 in
1265 2907 1446 2954 monte
1475 2902 1875 2968 celebrabatur,
1903 2906 1996 2974 qui
2019 2920 2180 2959 voca—

609 2996 700 3042 tur
755 2987 908 3059 Sion)
952 3007 1014 3044 ex
1058 3007 1166 3060 quo
1219 2993 1434 3046 advenit
1487 2991 1646 3048 Iesus
1685 2995 1935 3049 Salvator
1972 3006 2179 3062 noster,

608 3080 796 3134 relicta
825 3089 910 3134 est
951 3091 1008 3134 ut
1041 3083 1414 3136 umbraculum
1451 3084 1502 3136 in
1553 3086 1729 3148 vinea,
1763 3095 1816 3141 et
1841 3089 1995 3158 quasi
2033 3089 2178 3144 fruc-

609 3179 760 3227 tuum
789 3175 1032 3228 custodia
1064 3177 1116 3228 in
1147 3179 1538 3240 cucumerario,
1573 3186 1666 3232 aut
1700 3179 1744 3234 si
1775 3180 1857 3235 his
1885 3182 2178 3252 quidquam

609 3263 839 3331 cogitari
899 3272 1076 3332 potest
1127 3266 1418 3330 desertius,
1467 3270 1856 3338 regionemque
1909 3273 2174 3341 ipsorum,

2281 2067 2378 2140 τὴν
2409 2067 2588 2140 χώραν
2628 2069 2803 2122 αὐτῶν
2841 2069 2962 2120 τότε
2992 2069 3174 2140 ἢσθιον
3227 2071 3490 2140 ἀλλότριοι
3511 2087 3524 2102 ο
3573 2071 3663 2124 καὶ
3698 2073 3848 2142 ὅμως

2281 2159 2432 2230 φησί·
2487 2179 2503 2210 ι
2531 2159 2639 2230 Τὴν
2685 2157 2865 2230 χώραν
2899 2160 3069 2229 ὑμῶν,
3121 2160 3345 2216 ἐνώπιον
3389 2163 3541 2231 ὑμῶν
3579 2163 3847 2236 ἀλλότριοι

2279 2252 2647 2306 κατεσθίουσιν
2677 2252 2864 2322 αὐτὴν,
2899 2272 2915 2304 ι
2937 2254 3029 2306 καὶ
3050 2253 3118 2306 τὰ
3145 2253 3292 2324 ἐξῆς.
3316 2256 3375 2307 Εἰ
3403 2252 3492 2308 οὖν
3522 2257 3612 2309 ἐπὶ
3635 2256 3734 2327 τὴν
3752 2256 3848 2310 τοῦ

2277 2343 2525 2412 Σωτῆρος
2555 2341 2709 2412 ἡμῶν
2752 2342 2921 2414 Ἰησοῦ
2955 2345 3188 2414 Χριστοῦ
3223 2346 3496 2416 μετέλθοις
3524 2349 3846 2418 παρουσίαν,

2279 2436 2371 2488 καὶ
2410 2435 2533 2497 τοὺς
2561 2436 2618 2500 ἐξ
2648 2435 2854 2488 ἐκείνου
2879 2437 2971 2488 καὶ
3011 2439 3091 2500 εἰς
3113 2437 3272 2510 δεῦρο
3301 2440 3540 2510 χρόνους,
3577 2443 3754 2496 πάντα
3781 2443 3846 2498 ἂν

2279 2507 2460 2597 εὕροις
2487 2527 2553 2580 τὰ
2585 2527 2850 2598 εἰρημένα
2877 2507 3242 2600 πληρούμενα.
3384 2550 3440 2585 τε
3471 2533 3576 2604 γὰρ
3601 2533 3848 2604 θυγάτηρ

2279 2617 2415 2670 Σιὼν
2461 2617 2620 2689 (αὕτη
2642 2620 2698 2672 δὲ
2733 2617 2798 2692 ἦν
2823 2624 2856 2692 ἡ
2891 2623 2982 2674 ἐπὶ
3011 2621 3172 2692 ὅρους
3205 2622 3297 2676 τοῦ
3345 2625 3675 2694 καλουμένου
3711 2625 3848 2682 Σιὼν

2279 2712 2666 2786 ἐπιτελουμένη
2709 2713 2991 2786 θρησκεία)
3046 2717 3154 2770 ἀπὸ
3195 2717 3292 2785 τῆς
3333 2716 3502 2786 Ἰησοῦ
3535 2717 3628 2770 τοῦ
3659 2719 3845 2789 Σωτῆ-

2283 2821 2373 2874 ρος
2417 2804 2571 2874 ήμῶν
2612 2807 2911 2877 παρουσίας
2959 2807 3437 2876 ἐγκαταλέλειπται
3472 2809 3548 2870 ὡς
3581 2809 3754 2880 σκηνὴ
3789 2812 3846 2863 ἐν

2280 2897 2582 2966 ἀμπελῶνι,
2615 2899 2710 2950 καὶ
2737 2898 2811 2961 ὡς
2837 2899 3279 2968 ὁπωροφυλὰκιον
3301 2902 3358 2952 ἐν
3389 2901 3721 2970 σικυηράτῳ,
3755 2901 3848 2954 καὶ

2279 2987 2332 3040 εί
2361 3005 2410 3040 τι
2445 2989 2643 3042 τούτων
2681 2991 3026 3062 ἐρημότερον·
3059 2993 3160 3062 τήν
3194 3008 3250 3044 τε
3280 2990 3459 3061 χώραν
3483 2991 3660 3044 αὐτῶν
3691 2992 3846 3045 ἁλλό-

2277 3095 2416 3150 τριοι
2447 3080 2672 3134 ἐνώπιον
2715 3083 2890 3134 αὐτῶν
2926 3083 3288 3142 κατεσθίουσι,
3328 3085 3446 3136 τοτὲ
3485 3085 3580 3154 μέν
3609 3085 3850 3154 δασμοὺς

2277 3173 2372 3226 καὶ
2399 3174 2595 3245 φόρους
2615 3177 2808 3237 αὐτοὺς
2825 3177 3295 3245 εἰσπραττόμενοι,
3331 3177 3450 3228 τοτὲ
3475 3177 3530 3228 δὲ
3551 3177 3680 3230 ἴδιον
3719 3179 3847 3232 ἑαυ-

2279 3266 2384 3322 τῶν
2401 3267 2584 3336 κτῆμα
2610 3267 2706 3337 τὴν
2731 3266 2896 3320 πάλαι
2925 3267 3033 3320 τῶν
3061 3267 3322 3320 Ἰουδαίων
3341 3269 3440 3338 γῆν
3470 3268 3846 3338 πεποιημένοι.

609 3355 770 3408 alieni
817 3369 999 3408 coram
1045 3357 1176 3426 ipsis
1210 3357 1491 3422 devorant,
1525 3375 1671 3414 nunc
1697 3361 1910 3430 quidem
1944 3366 2177 3434 vectiga-

2294 3359 2450 3412 Ἀλλὰ
2487 3360 2580 3412 καὶ
2627 3359 2688 3411 τὺ
2730 3361 2872 3430 ἱερὸν
2914 3359 2975 3412 τὸ
3021 3361 3290 3430 εὐπρεπὲς
3331 3360 3430 3428 τῆς
3466 3361 3848 3430 μητροπόλεως

611 3444 705 3506 lia,
739 3461 800 3499 ac
849 3449 1050 3500 tributa
1111 3449 1179 3502 ab
1228 3449 1335 3502 illis
1364 3449 1666 3519 exigentes,
1701 3467 1847 3506 nunc
1894 3470 2022 3508 vero
2053 3471 2179 3526 pro-

610 3538 788 3610 prium
825 3539 1064 3607 ipsormn
1097 3541 1379 3608 praedium,
1409 3555 1528 3594 eam
1565 3557 1684 3610 qua:
1713 3545 1840 3596 olim
1867 3543 2178 3600 Judteorum

609 3633 746 3689 erat,
771 3635 968 3680 terrain
1005 3627 1284 3683 facientes.
1323 3631 1426 3682 Sed
1460 3639 1514 3684 et
1551 3633 1806 3701 templum
1841 3635 1972 3689 illud
2006 3637 2178 3690 admi-

611 3718 801 3779 rabile,
829 3721 972 3786 quod
999 3731 1113 3774 erat
1140 3722 1192 3773 in
1220 3737 1406 3774 eormn
1439 3725 1744 3792 metropoli,
1773 3726 1825 3778 in
1859 3733 2058 3780 terram
2091 3743 2180 3782 ce-

611 3809 765 3872 cidit,
791 3825 820 3863 a
852 3812 1066 3880 populis
1099 3813 1288 3866 alienis
1312 3827 1596 3867 eversum:
1629 3824 1682 3869 et
1713 3819 1959 3874 civitates
1990 3837 2178 3875 eorum

613 3900 722 3972 igni
764 3917 1042 3956 succensa:
1084 3911 1252 3957 sunt:
1301 3913 1354 3957 et
1389 3903 1526 3957 facta
1569 3913 1652 3960 est
1709 3906 2010 3963 Jerusalem
2057 3927 2180 3966 vere

613 3993 806 4047 civitas
862 3995 914 4046 in
957 3995 1259 4050 obsidione.
1291 3996 1357 4048 At
1408 4011 1534 4050 vero
1561 4000 1686 4067 quia
1741 4011 2028 4072 postquam
2073 4003 2179 4058 illis

613 4083 728 4138 haec
769 4093 1066 4139 evenerunt
1119 4095 1172 4140 et
1215 4089 1418 4146 chorus
1463 4093 1854 4160 apostolorum,
1885 4101 1939 4148 et
1977 4097 2068 4164 qui
2113 4112 2176 4150 ex

613 4175 858 4232 Hebraeis
901 4178 955 4232 in
1013 4179 1292 4234 Christum
1342 4185 1710 4250 crediderunt,
1745 4185 1960 4240 fecundi
2005 4191 2180 4242 instar

612 4271 842 4324 seminis
873 4287 938 4324 ex
969 4271 1075 4326 illis
1107 4273 1240 4342 ipsis
1265 4276 1462 4330 servati
1491 4287 1638 4342 sunt,
1674 4286 1727 4332 et
1749 4293 1844 4348 per
1869 4279 2178 4334 universam

611 4369 835 4426 terram,
864 4373 1024 4432 atque
1053 4364 1106 4418 in
1129 4381 1288 4421 omne
1307 4385 1476 4438 genus
1509 4371 1784 4424 hominum
1807 4381 2177 4441 penetrantes,

611 4469 828 4510 onmem
859 4457 1154 4520 civitatem,
1191 4475 1254 4513 ac
1301 4462 1498 4525 locum,
1543 4471 1596 4518 et
1650 4467 1920 4534 regionem
1961 4467 2182 4536 proprio

611 4557 776 4616 atque
805 4549 1106 4604 Israelitico
1129 4555 1334 4609 semine
1357 4556 1734 4624 impleverunt,
1766 4559 1900 4613 adeo
1935 4559 2176 4629 quidem,

613 4645 674 4694 tit
710 4655 774 4692 ex
813 4641 922 4696 illis
961 4645 1116 4711 quasi
1157 4645 1338 4714 spicae,
1381 4663 1500 4717 quae
1538 4651 1591 4702 in
1623 4651 1844 4704 nomine
1873 4649 2177 4706 Salvatoris

2280 3451 2456 3504 αὐτῶν
2488 3450 2830 3521 ἡρειπίωται,
2859 3451 3335 3521 κατεστραμμένον
3376 3450 3480 3502 ὑπὸ
3515 3449 3656 3502 λαῶν
3691 3451 3848 3504 ἁλλο-

2281 3543 2462 3613 τρίων·
2515 3543 2574 3594 αϊ
2623 3559 2681 3594 τε
2732 3541 2911 3604 πόλεις
2958 3541 3135 3594 αὐτῶν
3171 3541 3526 3611 πυρίκαυστοι
3571 3541 3848 3610 γεγόνασι,

2281 3633 2372 3685 καί⁸
2425 3633 2615 3700 γέγονε
2675 3629 3024 3702 Ἰερουσαλὴμ
3082 3629 3294 3700 ἀληθῶς
3331 3629 3480 3692 πόλις
3529 3629 3850 3702 πολιορκου-

2283 3724 2435 3794 μένη.
2465 3723 2598 3776 Ἀλλ’
2633 3723 2774 3788 ἐπεὶ,
2807 3722 3008 3775 τούτων
3025 3722 3150 3790 περὶ
3179 3721 3372 3784 αὐτοὺς
3404 3719 3848 3791 συμϐεϐηκότων,

2279 3816 2308 3866 ὁ
2343 3815 2448 3868 τῶν
2481 3815 2788 3868 ἀποστόλων
2841 3813 3018 3885 χορὸς,
3058 3813 3110 3865 οἵ
3147 3829 3204 3864 τε
3239 3811 3296 3878 ἐξ
3341 3811 3601 3882 Ἑϐραίων
3639 3814 3719 3874 εἰς
3757 3811 3852 3866 τὸν

2279 3906 2512 3976 Χριστὸν
2557 3903 2978 3964 πεπιστευκότες
3011 3901 3230 3970 γονίμου
3259 3899 3414 3967 δίκην
3445 3901 3754 3970 σπέρματος
3789 3899 3850 3966 ἐξ

2281 3997 2459 4049 αὐτῶν
2513 3995 2736 4048 ἐκείνων
2789 3993 3242 4062 διεφυλάχθησαν,
3305 3991 3427 4045 καθ’
3471 3992 3600 4061 ὅλης
3641 4009 3700 4044 τε
3747 3993 3852 4062 τῆς

2279 4087 2602 4156 οἰκουμένης
2635 4085 2726 4138 καὶ
2759 4087 2838 4148 εἰς
2871 4085 2978 4138 πᾶν
3021 4085 3173 4153 γένος
3199 4081 3506 4153 ἀνθρώπων
3531 4081 3852 4148 διελθόντες,

2282 4178 2457 4230 πᾶσαν
2505 4176 2656 4228 πόλιν
2705 4175 2797 4228 καὶ
2829 4175 2990 4228 τόπον
3029 4175 3122 4226 καὶ
3161 4171 3343 4242 χώραν
3375 4169 3467 4224 τοῦ
3511 4170 3710 4222 οἰκείου
3755 4169 3854 4222 καὶ

2293 4267 2679 4340 Ἱσραηλιτικοῦ
2731 4267 2932 4338 σπόρου
2987 4264 3352 4334 κατέπλησαν,
3387 4261 3524 4314 ὥστε
3569 4261 3626 4326 ἐξ
3669 4261 3854 4314 αὐτῶν

2283 4359 2479 4428 στάχυς
2506 4357 2603 4420 τὰς
2633 4358 2718 4408 ἐπ’
2747 4356 3004 4426 ὀνόματος
3033 4353 3122 4406 τοῦ
3155 4352 3402 4422 Σωτῆρος
3433 4349 3586 4420 ἡμῶν
3613 4348 3854 4403 ὑποστά-

2283 4465 2377 4512 σας
2435 4447 2760 4516 Ἐκκλησίας
2807 4446 2984 4515 φῦναι·
3034 4443 3254 4504 εἰκότως
3299 4444 3326 4494 ὁ
3377 4441 3516 4504 θεῖος
3563 4441 3855 4510 προφήτης

2281 4539 2518 4607 ἐπιλέγει
2541 4541 2659 4602 ταῖς
2686 4534 3212 4608 προαποφανθείσαις
3239 4534 3352 4586 κατ’
3377 4529 3554 4585 αὐτῶν
3577 4529 3850 4595 ἀπειλαίςο

2287 4651 2304 4682 ‹
2335 4633 2396 4684 Εἰ
2427 4629 2498 4701 μὴ
2535 4629 2734 4701 Κύριος
2769 4626 2994 4682 Σαϐαὼθ
3039 4625 3396 4694 ἐγκατέλιπεν
3437 4626 3568 4694 ἡμῖν
3603 4623 3852 4696 σπέρμα,

612 4734 784 4786 nostri
819 4733 1057 4788 fundata:
1091 4747 1216 4792 sunt
1253 4739 1529 4804 Ecclesia,
1564 4743 1674 4796 sint
1709 4754 1880 4796 enata:
1916 4762 1928 4798 :
1981 4745 2176 4798 merito

2281 4723 2356 4787 ὡς
2423 4723 2630 4792 Σόδομα
2685 4721 2753 4775 ἂν
2797 4720 3164 4791 ἐγενήθημεν,
3211 4719 3302 4772 καὶ
3347 4717 3422 4780 ὡς
3489 4717 3738 4787 Γόμορρα
3785 4715 3854 4769 ἂν

609 4825 830 4879 divinus
857 4829 1140 4896 propheta,
1179 4831 1244 4886 iis
1275 4836 1458 4894 minis,
1493 4835 1691 4902 quibus
1723 4847 1910 4888 contra
1942 4835 2062 4890 illos
2094 4845 2178 4891 est

609 4933 766 4980 usus,
797 4919 1038 4990 adiungit
1070 4939 1083 4974 :
1119 4940 1134 4970 ι
1165 4921 1276 4976 Nisi
1305 4923 1564 4981 Dominus
1597 4923 1836 4978 Sabaoth
1869 4927 2180 4996 reliquisset

608 5011 769 5064 nobis
795 5027 1001 5074 semen,
1033 5016 1186 5082 quasi
1220 5015 1453 5070 Sodoma
1499 5017 1626 5071 facti
1661 5035 1931 5084 essemus,
1956 5028 2008 5074 et
2037 5021 2179 5074 sicut

607 5099 909 5156 Gomorrha
960 5105 1164 5160 similes
1221 5105 1531 5163 fuissemus.
1598 5129 1615 5160 ι
1651 5109 1806 5176 Quod
1858 5111 2074 5180 quidem
2123 5112 2178 5164 in

611 5193 939 5262 apertiorem
999 5213 1218 5250 sensum
1265 5200 1594 5254 contrahens
1627 5213 1848 5256 sanctus
1879 5203 2173 5272 Apostolus

609 5279 664 5334 in
705 5281 944 5352 Epistola
983 5287 1048 5340 ad
1077 5285 1352 5344 Romanos
1381 5291 1767 5360 interpretatus
1789 5303 1871 5346 est
1901 5312 1912 5346 τ
1954 5311 1970 5342 ι
2013 5291 2178 5346 Isaias

609 5383 789 5428 autem
827 5379 1024 5432 clamat
1049 5397 1146 5450 pro
1167 5379 1352 5444 Israel,
1383 5382 1428 5436 si
1471 5381 1632 5436 fuerit
1656 5401 1914 5441 numerus
1947 5385 2177 5438 filiorqu

613 5463 771 5522 Israel
805 5469 946 5523 sicut
977 5487 1140 5526 arena
1179 5475 1365 5536 maris,
1404 5476 1623 5544 reliqua:
1659 5477 1821 5531 salva:
1859 5477 2004 5531 fient.
2043 5475 2177 5532 Ver-

607 5553 740 5610 bum
767 5559 910 5612 enim
955 5559 1238 5628 perficiens
1269 5569 1322 5614 et
1351 5567 1679 5620 contraheus
1723 5565 1884 5620 faciet
1918 5565 2178 5624 Dominus

613 5647 668 5702 in
719 5657 887 5705 terra.
929 5649 994 5702 Et
1025 5651 1167 5704 sicut
1209 5654 1458 5721 praedixit
1509 5653 1676 5711 Isaias
1712 5677 1723 5710 :
1757 5657 1871 5712 Nisi
1915 5657 2177 5714 Dominus

611 5735 848 5794 Sabaoth
901 5741 1208 5812 reliquisset
1255 5745 1410 5798 nobis
1461 5763 1664 5810 semen,
1725 5751 1880 5818 quasi
1935 5749 2168 5806 Sodoma

675 5894 730 5960 ."
759 5894 863 5951 Isa.
904 5912 938 5960 I,
970 5897 1021 5950 5.
1099 5899 1140 5930 ὀ
1167 5899 1297 5952 ibid.
1329 5899 1360 5952 ι

2283 4813 2662 4884 ὡμοιώθημεν.
2715 4833 2733 4864 ι
2775 4814 2948 4884 Ὅπερ
2983 4809 3297 4878 συναγαγὼν
3333 4812 3422 4862 ἐπὶ
3453 4809 3511 4862 τὸ
3557 4809 3724 4876 σαφὲς
3759 4809 3852 4879 ἐρ-

2287 4907 2509 4978 μηνεύει
2529 4907 2586 4957 ἐν
2615 4909 2679 4976 τῇ
2712 4905 2844 4976 πρὸς
2869 4903 3170 4974 Ῥωμαίους
3196 4901 3474 4972 Ἐπιστολῇ
3501 4903 3528 4952 ὁ
3559 4899 3698 4969 ἱερὸς
3717 4899 3854 4952 ἁπό-

2287 4993 2486 5056 στολος·
2528 5011 2548 5043 ‹
2582 4993 2804 5054 Ἡσαΐας
2835 4991 2892 5044 δὲ
2925 4991 3222 5062 κραυγάζει
3278 4989 3415 5060 ὑπὲρ
3472 4987 3564 5040 τοῦ
3609 4987 3846 5058 Ἰσραήλ·

2299 5085 2424 5138 Ἐὰν
2547 5086 2575 5136 ὁ
2622 5083 2852 5155 ἀριθμὸς
2909 5083 3015 5135 τῶν
3042 5083 3172 5136 υἱών
3229 5081 3442 5152 Ἰσραὴλ
3489 5081 3564 5142 ὡς
3597 5081 3631 5150 ὴ
3667 5082 3850 5152 ἅμμος

2280 5177 2378 5246 τῆς
2411 5175 2707 5245 θαλάσσης,
2741 5175 3142 5245 τὸιύπόλειμμα
3186 5173 3505 5243 σωθήσεται.
3539 5171 3708 5234 Λόγον
3745 5171 3850 5241 γὰρ

2283 5267 2548 5322 συντελῶν
2599 5269 2692 5320 καὶ
2745 5271 3052 5336 συντέμνων
3103 5267 3313 5333 ποιήσει
3349 5262 3551 5333 Κύριος
3605 5263 3698 5314 ἐπὶ
3755 5263 3850 5332 τῆς

2283 5361 2404 5430 γῆς.
2442 5363 2550 5415 Καὶ
2593 5359 2775 5422 καθὼς
2823 5359 3148 5431 προείρηκεν
3195 5357 3456 5418 Ἠσαίας·
3501 5355 3564 5406 Εἰ
3618 5353 3692 5424 μὴ
3737 5355 3848 5406 Κύ-

2288 5471 2400 5525 ριος
2438 5452 2658 5506 Σαϐαὼθ
2701 5451 3052 5521 ἐγκατέλιπεν
3091 5453 3224 5520 ἡμῖν
3271 5447 3509 5518 σπέρμα,
3541 5446 3616 5508 ὡς
3641 5445 3848 5515 Σόδομα

2283 5546 2348 5598 ἂν
2373 5545 2726 5615 ἐγενήθημεν,
2753 5545 2844 5596 καὶ
2864 5543 2938 5605 ὡς
2955 5542 3202 5613 Γόμορρα
3221 5539 3285 5592 ἂν
3307 5537 3686 5608 ὡμοιώθημεν.
3715 5559 3734 5590 ι
3759 5533 3848 5599 Οἷς

2283 5635 2436 5702 αὖθις
2471 5636 2810 5708 προστίθησι,
2834 5635 3023 5700 λέγων·
3062 5653 3078 5683 ι
3107 5631 3196 5702 Μὴ
3219 5629 3473 5684 ἀπώσατο
3515 5631 3543 5681 ό
3585 5627 3720 5720 Θεὸς
3763 5629 3848 5680 τὸν

2276 5731 2402 5785 λαὺν
2461 5728 2658 5794 αὐτοῦς
2721 5725 2796 5798 μὴ
2839 5725 3076 5795 γένοιτοί
3139 5723 3248 5780 Καὶ
3298 5723 3406 5796 γὰρ
3465 5720 3577 5790 ἐγὼ
3639 5721 3846 5794 Ἰσραη-
