4018 6520
197 445 286 499 129

1090 443 1738 502 ΠΕΜΟΝΞΤΒᾹΤΙΟΝΙΞ
1775 437 2255 505 ΕνΑΝϐῘΞῖῐεᾹΞ.
2295 451 2403 504 LIB
2442 451 2504 506 ll.

3344 460 3444 516 130

191 562 328 628 λίτης
367 559 481 630 alia".
521 561 587 612 ἐκ
622 559 934 632 σπέρματος
977 559 1225 632 Ἀϐραὰμ
1278 563 1448 632 φυλῆς
1493 563 1748 635 Βενιαμίν

1873 564 2000 621 facti
2041 583 2310 628 essemus,
2361 579 2412 622 et
2444 569 2585 623 sicut
2639 569 2943 626 Gomorrha
2993 572 3200 628 similes
3246 574 3444 632 fuisse-

189 656 289 706 οὐκ
334 651 596 705 ἀπώσατο
638 655 666 704 ὁ
705 652 836 715 Θεὸς
873 653 961 707 τὸν
990 653 1117 706 λαὸν
1153 655 1338 718 αὑτοῦ,
1387 656 1444 709 ὃν
1489 658 1757 728 προέγνω’

187 748 216 815 ﬁ
269 747 365 800 οὐκ
441 744 623 798 οἴδατε
673 747 730 797 ἐν
786 743 939 816 Ἠλίᾳ
1011 745 1060 796 τί
1117 744 1264 814 λέγει
1319 747 1352 816 ἡ
1399 748 1624 818 Γραφὴ,
1685 749 1761 812 ὼς

163 837 494 907 ..ἐντυγχάνει
570 835 648 907 τῷ
713 834 831 905 Θεῷ
891 835 1030 888 κατὰ
1091 835 1183 888 τοῦ
1256 837 1501 908 ’1σραήλ;
1567 841 1757 912 Κύριε,

185 933 298 992 τοὺς
351 917 641 999 προφήτας
705 945 797 980 σου
857 928 1214 989 ἀπέκτειναν,
1271 927 1338 980 τὰ
1403 929 1762 1003 θυσιαστήριά

188 1040 268 1075 σου
332 1021 720 1089 κατέσκαψαν
795 1017 949 1087 κάγὼ
1018 1019 1350 1089 ὑπελείφθην
1422 1021 1599 1090 μόνος,
1670 1024 1762 1075 καὶ

186 1114 398 1184 ζητοῦτί
437 1131 540 1184 μου
570 1114 668 1184 τὴν
709 1111 906 1182 ψυχὴν,
940 1111 1032 1163 τοῦ
1061 1111 1242 1164 λαϐεῖν
1275 1113 1461 1183 αὑτήν.
1502 1113 1659 1166 Ἀλλὰ
1708 1116 1760 1168 τί

186 1208 315 1275 λέγει
344 1206 505 1276 αὐτῷ
526 1209 553 1258 ὁ
582 1203 994 1275 χρηματισμός;
1025 1204 1331 1257 Κατέλιπον
1354 1205 1576 1276 ἐμαυτῷ
1600 1207 1764 1258 ἐπτα-

186 1298 474 1368 ιιιςχιλίους
533 1297 750 1368 ἄνδρας,
805 1296 998 1358 οἵτινες
1054 1297 1154 1349 οὐκ
1206 1297 1456 1369 ἔκαμψαν
1511 1298 1638 1366 γόνυ
1696 1301 1760 1369 τῇ

187 1391 332 1445 Βάαλ.
373 1390 569 1454 Οὕτως
622 1387 714 1443 οὖν
763 1389 858 1443 καὶ
894 1390 951 1442 ὲν
975 1389 1052 1460 τῷ
1089 1389 1182 1442 νῦν
1203 1391 1377 1463 καιρῷ
1411 1391 1615 1462 λεῖμμα
1644 1393 1762 1445 κατ’

185 1485 405 1553 ἐκλογὴν
427 1483 652 1554 χάριτος
677 1482 919 1551 γέγονεν.
960 1499 976 1532 ι
1015 1483 1134 1534 ’Ότι
1164 1481 1207 1535 δ’
1238 1485 1337 1536 οὐκ
1363 1485 1441 1547 είς
1470 1484 1625 1538 ἄλλον
1650 1501 1764 1537 και-

184 1577 282 1648 ρὸν,
321 1576 446 1628 ἀλλ’
470 1577 553 1639 είς
587 1576 675 1628 τὸν
710 1575 807 1644 τῆς
848 1573 1165 1641 ἐπιφανείας
1193 1575 1286 1628 τοῦ
1318 1576 1568 1648 Σωτῆρος
1605 1575 1764 1646 ἡμῶν

193 1666 352 1737 Ἰησοῦ
380 1666 626 1740 Χριστοῦ
658 1665 970 1736 συντείνειή
1003 1667 1326 1736 προφητεία,
1370 1668 1495 1738 ἑξῆς
1531 1670 1559 1720 ό
1587 1668 1761 1736 λόγος,

185 1761 306 1830 μετὰ
332 1760 400 1811 τὸ
436 1761 605 1828 φάναι
627 1800 641 1823 ,
683 1778 702 1810 ι
738 1762 800 1814 E!
830 1763 902 1834 μὴ
935 1762 1137 1834 Κύριος
1163 1758 1386 1812 Σαϐαὼθ
1411 1760 1764 1829 ἐγκατέλιπεν

181 1853 295 1923 ἡμῖν
320 1852 578 1922 σπέρμα,
615 1852 688 1915 ὡς
717 1854 927 1926 Σόδομα
961 1854 1025 1907 ἂν
1051 1851 1410 1924 ἐγενήθημεν,
1437 1851 1528 1904 καὶ
1557 1851 1630 1914 ὡς
1666 1851 1762 1904 Γό-

1862 674 1985 714 mus
2019 661 2084 714 ¹¹.
2132 679 2150 711 ›
2197 659 2408 726 Quibus
2461 677 2654 715 rursus
2711 664 2825 718 haec
2865 665 3160 736 adjuugit:
3206 685 3223 718 ι
3267 667 3439 722 Num-

1869 750 2020 818 quid,
2076 751 2271 822 iuquit,
2321 754 2519 823 repulit
2573 751 2716 810 Deus
2744 759 3000 827 pepulum
3043 761 3436 816 suum?Absit.

1865 840 1995 894 Nam
2037 850 2090 896 et
2143 859 2242 912 ego
2295 843 2539 899 lsraelita
2591 862 2710 900 sum
2771 865 2835 902 ex
2879 850 3086 902 semine
3139 849 3435 916 Abraham,

1862 936 2004 988 tribu
2020 935 2441 1004 Benjamin.N0n
2467 941 2660 1007 repulit
2678 938 2814 994 Deus
2829 944 3082 1012 populum
3103 961 3260 999 suum
3279 961 3438 1015 quem

1864 1027 2135 1096 praescivit
2156 1046 2167 1080 :
2188 1043 2376 1082 annon
2411 1032 2582 1085 nostis
2607 1031 2659 1084 in
2685 1030 2794 1085 Elia
2814 1035 2941 1102 quid
2962 1033 3106 1088 dicat
3126 1035 3440 1105 Scriptura?

1863 1120 2322 1187 quemadmodum
2349 1121 2635 1176 intercedit
2666 1125 2807 1192 apud
2839 1124 3004 1179 Deum
3027 1137 3215 1181 contra
3238 1127 3442 1183 Israel?

1862 1207 1970 1278 65
2008 1208 2254 1274 Domine,
2309 1213 2604 1282 prephctas
2672 1223 2796 1270 tuos
2845 1219 3184 1282 occiderunt,
3245 1221 3438 1274 altaria

1866 1307 1956 1351 tua
1993 1301 2354 1366 sutfoderunt,
2390 1312 2442 1358 et
2471 1320 2572 1374 ego
2594 1306 2816 1361 relictus
2847 1324 2965 1361 sum
2997 1310 3167 1373 solus,
3208 1319 3260 1364 et
3289 1326 3439 1381 qum-

1865 1401 1992 1448 runt
2032 1397 2265 1450 animam
2287 1415 2459 1453 meam
2497 1407 2553 1453 ut
2583 1401 3279 1457 auferanteam.(lzeterum
3305 1403 3436 1474 quid

1864 1485 1998 1540 dicit
2029 1488 2076 1542 ei
2104 1504 2428 1559 responsum
2466 1493 2756 1547 divinum?
2793 1493 2989 1564 reliqui
3047 1494 3179 1548 mihi
3229 1504 3433 1564 septem

1867 1581 2036 1634 millia
2073 1583 2341 1650 virorum,
2371 1586 2464 1654 qui
2527 1604 2635 1641 non
2695 1595 3059 1642 curvaverth
3121 1603 3259 1658 genu
3311 1599 3437 1644 ante

1866 1671 2014 1728 Baal.
2069 1674 2159 1730 Sic
2188 1691 2318 1746 ergo
2351 1679 2487 1732 etin
2537 1679 2639 1734 hoc
2688 1688 2930 1750 tempore
2962 1722 2978 1748 ,
3042 1680 3284 1750 reliquiae
3345 1697 3434 1735 se-

1865 1765 2104 1818 cundum
2136 1766 2456 1822 electionem
2494 1771 2681 1838 gratia:
2713 1769 2866 1824 facta!
2888 1778 3015 1824 sunt
3046 1772 3110 1822 ”.
3152 1791 3169 1822 ι
3207 1769 3282 1823 Ne.
3306 1784 3437 1824 vero

1867 1855 1919 1909 in
1952 1855 2099 1909 aliud
2141 1865 2355 1928 tempus
2393 1860 2732 1929 prophetiam
2763 1869 3012 1915 eventum
3047 1876 3205 1915 suum
3233 1861 3438 1931 dirige-

183 1947 338 2016 μ.ορρα
367 1944 438 1998 ἂν
454 1944 840 2016 ὡμοιώθημεν,
873 1967 890 1996 ι
910 1945 1001 1998 τὸν
1022 1947 1195 2000 πάντα
1220 1945 1326 1997 τῶν
1343 1942 1607 1996 Ἰουδαίων
1633 1941 1751 1996 λαὸν

1864 1961 1921 1999 re
1951 1947 2272 2016 suspiceris,
2304 1945 2466 2018 quam
2495 1950 2549 2003 in
2578 1949 2866 2004 adventum
2902 1949 3203 2005 Salvatoris
3260 1951 3434 2007 nostri

178 2036 452 2108 Γομόρρας
489 2037 783 2106 ὀνομάσας,
818 2040 943 2102 τοὺς
979 2039 1035 2092 δὲ
1084 2041 1414 2111 ἡγουμένους
1449 2035 1626 2090 αὐτῶν
1656 2036 1756 2107 ἅρ-

178 2146 354 2197 χοντας
424 2129 708 2200 Σοδόμων,
776 2131 1021 2202 ἐπιφέρει
1092 2131 1417 2203 παραίτησιν
1471 2130 1567 2200 τῆς
1617 2129 1758 2183 κατὰ

177 2220 364 2272 Μωσέα
413 2220 738 2292 θρησκείας,
773 2225 866 2275 καὶ
911 2224 1009 2294 τῆς
1046 2223 1131 2276 διὰ
1181 2222 1274 2276 τοῦ
1314 2223 1564 2293 Σωτῆρος
1602 2221 1756 2294 ἡμῶν

175 2312 324 2364 πᾶσιν
355 2311 674 2384 ἀνθρώποις
713 2314 1162 2386 κατηγγελμένης
1191 2313 1464 2385 Διαθὴκης
1501 2314 1592 2366 τὸν
1628 2314 1757 2385 τρό-

178 2420 283 2466 πον,
308 2405 461 2472 λέγω
501 2405 557 2457 δὲ
601 2404 692 2458 τὸν
719 2405 806 2460 διὰ
844 2406 1068 2477 λουτροῦ
1123 2407 1556 2475 παλιγγενεσίας,
1599 2405 1754 2473 λόγον

176 2511 225 2548 τε
250 2496 516 2569 ἄντικρυς
543 2497 662 2550 νέον
693 2498 786 2551 καὶ
812 2498 975 2568 νόμον
1008 2498 1258 2568 εἰσῆκται
1289 2499 1345 2550 ἐν
1381 2501 1446 2564 τῆ
1483 2497 1610 2568 περὶ
1646 2496 1753 2548 τῶν

174 2587 418 2640 τοιούτων
442 2591 770 2661 προρρήσει.
800 2591 959 2658 Λέγει
977 2590 1032 2643 δὲ
1054 2588 1148 2644 οὖν
1173 2607 1185 2620 ·
1219 2609 1236 2640 ι
1278 2589 1570 2643 Ἀκούσατε
1597 2588 1752 2656 λόγον

176 2681 392 2752 Κυρίου,
438 2683 704 2752 ἄρχοντες
745 2683 1012 2753 Σοδόμων,
1064 2683 1358 2756 προσέχετε
1392 2683 1553 2754 νόμον
1593 2681 1748 2745 Θεοῦ,

175 2771 287 2836 λαὸς
311 2775 628 2847 Γομόρρας,
686 2776 737 2828 τί
779 2795 866 2845 μοι
904 2776 1105 2845 πλῆθος
1139 2777 1245 2828 τῶν
1280 2775 1478 2829 θυσιῶν
1504 2773 1689 2846 ὑμῶν;
1728 2794 1745 2825 ι

175 2866 256 2917 καὶ
299 2866 370 2917 τὰ
417 2866 582 2936 ἑξῆς·
642 2867 783 2940 ἇσπερ
833 2869 1003 2923 οἰκεῖα
1055 2869 1180 2922 ὄντα
1224 2870 1323 2939 τῆς
1365 2868 1504 2922 κατὰ
1553 2867 1752 2921 Μωσέα

175 2957 486 3028 νομοθεσίας
521 2957 746 3023 ἀνελὼν,
782 2961 1087 3028 ἀντεισάγει
1134 2959 1378 3028 ἀφέσεως
1425 2959 1752 3030 ἁμαρτημά-

173 3063 268 3100 των
296 3047 490 3119 ἕτερον
537 3049 762 3120 τρόπον,
793 3051 884 3102 τὸν
917 3049 1004 3104 διὰ
1049 3049 1142 3102 τοῦ
1197 3049 1462 3119 σωτηρίου
1505 3048 1748 3120 λουτροῦ,

174 3139 258 3191 καὶ
287 3140 382 3192 τοῦ
411 3142 513 3193 σὺν
542 3141 717 3212 τούτῳ
747 3143 1150 3214 κηρυττομένου
1183 3141 1317 3212 βίου,
1352 3142 1557 3210 λέγων·
1585 3141 1750 3195 «Λού-

174 3232 346 3296 σασθε,
389 3231 626 3304 καθαροὶ
659 3234 901 3302 γένεσθε,
949 3234 1175 3304 ἀφέλετε
1217 3233 1314 3296 τὰς
1349 3233 1610 3304 πονηρίας
1643 3233 1750 3285 ἀπὸ

172 3323 268 3379 τῶν
296 3325 490 3397 ψυχῶν
519 3327 674 3396 ὑμῶν
695 3369 709 3390 ,
741 3347 758 3376 ι
785 3327 878 3380 καὶ
907 3327 974 3379 τὰ
1010 3327 1155 3397 ἑξῆς.
1188 3327 1485 3398 Ἀρχοντας
1509 3324 1564 3376 δὲ
1598 3323 1752 3376 Σοδό-

175 3431 279 3483 μων
313 3419 411 3470 καὶ
440 3418 570 3470 λαὸν
595 3419 884 3489 Γομόρρων
915 3418 980 3471 δι’
1007 3420 1072 3490 ἢν
1099 3419 1274 3471 αἰτίαν
1314 3419 1508 3481 αὐτοὺς
1538 3416 1751 3486 ὠνόμα-

174 3523 274 3572 σεν,
319 3509 487 3570 αὐτὸς
515 3509 830 3579 παρέστησε
877 3510 1216 3580 παραχρῆμα
1248 3509 1416 3562 εἰπών
1438 3525 1452 3538 ·
1489 3528 1507 3559 ι
1541 3509 1606 3560 Αἱ
1640 3507 1748 3579 γὰρ

170 3602 340 3671 χεῖρες
372 3599 531 3669 ὑμῶν
565 3599 790 3671 πλήρεις
808 3601 1056 3668 αἵματος.
1085 3621 1102 3652 ι
1140 3589 1248 3653 Καὶ
1278 3597 1432 3664 αὖθις
1465 3600 1520 3654 δὲ
1540 3599 1748 3663 ὑποϐὰς

169 3691 340 3759 λέγει·
370 3712 388 3742 ι
423 3692 535 3763 Τὴν
557 3694 789 3763 ἀνομίαν
819 3693 994 3745 αὐτῶν
1019 3692 1094 3755 ὡς
1117 3693 1360 3762 Σοδόμων
1391 3691 1739 3763 ἀνήγγειλαν,

171 3779 255 3831 καὶ
278 3781 622 3848 ἐνεφάνισαν.
649 3781 784 3834 Οὐαὶ
814 3786 879 3852 τῇ
909 3781 1051 3852 ψυχῇ
1089 3781 1266 3835 αὐτῶν
1289 3799 1301 3810 ·
1334 3782 1464 3835 διότι
1498 3781 1742 3835 ἐϐουλεύ-

173 3888 322 3924 σαντο
373 3873 567 3943 βουλὴν
612 3873 854 3945 πονηρὰν
903 3875 1022 3927 καθ’
1065 3875 1292 3938 ἑαυτῶν,
1345 3875 1609 3939 εἰπόντες,
1661 3877 1742 3929 ὅτι

172 3964 404 4035 Δήσομεν
445 3966 537 4018 τὸν
567 3966 796 4030 δίκαιον,
842 3968 924 4019 ὅτι
956 3965 1288 4038 δύσχρηστος
1333 3970 1460 4038 ἡμῖν
1498 3969 1642 4020 ἐστιν
1666 4006 1682 4034 ,
1719 3989 1735 4020 ι

171 4062 468 4127 σαφέστατα
513 4062 746 4129 αἵματός
775 4077 917 4125 τινος
957 4062 1049 4114 καὶ
1084 4062 1200 4125 ἐνὸς
1225 4063 1429 4115 δικαίου
1466 4063 1748 4133 μεμνημέ-

171 4165 251 4212 νος
293 4150 603 4220 ἐπιϐουλῆς.
660 4151 814 4212 Τίνος
845 4150 901 4202 δὲ
959 4151 1066 4222 ἄρα
1105 4152 1137 4221 ἢ
1177 4151 1270 4204 τοῦ
1319 4153 1568 4223 Σωτῆρος
1592 4151 1748 4222 ἡμῶν

184 4239 345 4311 Ἰησοῦ
395 4241 666 4312 Χριστοῦ;
701 4243 765 4294 δι’
791 4243 856 4313 ἣν
883 4244 976 4295 καὶ
1005 4241 1120 4313 μεθ’
1153 4245 1216 4315 ἣν
1240 4245 1452 4297 ἅπαντα
1484 4244 1748 4315 μετῆλθον

173 4332 342 4396 αὑτάς
369 4334 434 4386 τὰ
465 4336 938 4406 προηγορευμένα.

1780 3259 1820 3316 43

1858 2033 1988 2090 Jesu
2014 2035 2240 2100 Christi,
2275 2043 2439 2092 verba
2470 2056 2590 2101 quae
2620 2048 2924 2110 sequuntur
2982 2047 3107 2110 post
3166 2041 3298 2094 illud
3350 2041 3435 2096 di-

1863 2135 2034 2192 ctum,
2101 2147 2119 2180 ι
2155 2127 2270 2184 Nisi
2308 2130 2569 2186 Dominus
2624 2129 2862 2186 Sabaoth
2928 2133 3241 2202 reliquisset
3273 2133 3434 2188 nobis

1861 2236 2067 2287 semen,
2093 2223 2247 2290 quasi
2297 2219 2532 2275 Sodoma
2569 2222 2694 2278 facti
2723 2239 2990 2287 essemus,
3033 2233 3086 2278 et
3142 2224 3284 2277 sicut
3324 2221 3430 2277 Go-

1857 2315 2080 2367 morrha
2127 2315 2332 2370 similes
2366 2315 2679 2377 fuissemus,
2717 2336 2734 2368 ›
2772 2317 3086 2371 universum
3142 2315 3430 2372 Iudaicum

1859 2407 2137 2476 populum,
2177 2405 2518 2470 Gomorrhae,
2566 2410 2823 2478 pupulum
2860 2410 3210 2478 appellantia,
3237 2420 3288 2464 et
3332 2426 3429 2464 eo-

1857 2515 1977 2554 rum
2011 2501 2200 2564 duees,
2243 2521 2258 2550 ι
2304 2503 2577 2572 principes
2643 2501 3026 2564 Sodomorum,
3058 2523 3076 2554 ι
3125 2503 3431 2573 adjungunt

1858 2593 2207 2660 rejectionem
2240 2593 2459 2647 Mosaici
2493 2595 2654 2655 titus.
2691 2601 2744 2646 et
2775 2592 2895 2661 ejus
2928 2592 3262 2648 Testamenti
3311 2609 3431 2648 mo-

1855 2686 2003 2750 dum,
2035 2686 2176 2754 quod
2205 2701 2297 2754 per
2327 2685 2660 2739 Salvatorem
2698 2696 2945 2740 nostrum
2972 2687 3229 2741 omnibus
3263 2686 3432 2740 homi-

1857 2775 2019 2828 nibus
2043 2776 2420 2828 denuntiatum
2444 2785 2526 2830 est
2554 2773 2698 2844 (eum
2734 2774 3067 2829 Testameuti
3110 2775 3256 2838 dico,
3308 2774 3430 2844 ejus

1856 2865 2304 2937 regenerationis,
2337 2883 2458 2937 quze
2493 2868 2548 2919 fit
2581 2883 2676 2937 per
2707 2867 2981 2920 lavacrum
3007 2867 3268 2936 intelligo)
3302 2882 3429 2921 ver-

1853 2959 2091 3028 bumque
2121 2958 2280 3029 plane
2310 2974 2508 3014 novum
2539 2974 2600 3013 ac
2629 2959 2795 3028 legem
2825 2958 3200 3021 introducunt,
3244 2959 3335 3013 ubi
3361 2959 3428 3013 de

1857 3049 2058 3102 talibus
2127 3049 2446 3117 praedicunt.
2508 3047 2596 3101 Sic
2651 3049 2814 3119 igitur
2861 3049 3105 3103 habent:
3155 3067 3173 3099 ι
3232 3049 3429 3104 Audite

1853 3139 2077 3193 verbum
2129 3137 2664 3209 Domini,principes
2727 3139 3112 3204 Sodomorum,
3163 3140 3427 3195 attendite

1854 3229 2026 3299 legem
2054 3228 2287 3296 Domini,
2321 3233 2556 3301 populus
2586 3230 2921 3286 Gomorrlue.
2956 3232 3092 3297 Quid
3127 3231 3258 3285 mihi
3291 3232 3425 3286 mul-

1858 3320 2034 3374 titudo
2061 3322 2401 3376 victimarum
2433 3332 2738 3376 vestrarum
2772 3325 2816 3355 ⁸³
2845 3323 2868 3376 ?
2897 3343 2914 3374 ι
2949 3333 3001 3377 et
3034 3333 3224 3378 cretera
3259 3339 3271 3374 :
3306 3338 3428 3394 quae

1857 3418 1915 3462 ut
1945 3411 2164 3481 propria
2200 3413 2374 3482 legum
2405 3429 2434 3466 a
2464 3413 2646 3484 Moyse
2676 3415 2974 3482 positarum
3001 3412 3255 3468 auferens
3287 3454 3302 3477 ,
3333 3429 3429 3466 eo-

1855 3521 1972 3558 rum
2011 3505 2129 3559 loco
2154 3506 2317 3559 alium
2351 3506 2656 3560 remitteudi
2685 3513 2904 3575 peccata
2929 3506 3147 3558 modum
3175 3505 3428 3559 introdu-

1853 3599 1951 3662 cit,
1981 3612 2103 3652 eum
2128 3597 2379 3650 videlicet
2406 3597 2496 3666 qui
2528 3611 2622 3666 per
2658 3597 2932 3649 lavacrum
2987 3596 3182 3650 salutis
3232 3606 3284 3650 et
3331 3612 3427 3667 per

1850 3705 1969 3743 eam
2017 3705 2136 3758 qua:
2159 3703 2281 3741 cum
2317 3689 2420 3742 hoc
2446 3687 2772 3759 przedicatur
2804 3687 2970 3742 vitam
3011 3687 3319 3742 celebratur
3346 3689 3426 3743 sic

1850 3782 2067 3838 dicens:
2100 3799 2117 3832 ι
2143 3781 2444 3843 Lavamini,
2468 3782 2652 3836 mundi
2681 3790 2876 3845 estote,
2900 3780 3105 3835 auferte
3126 3781 3424 3850 pravitates

1851 3878 1919 3931 ab
1949 3877 2147 3930 animis
2180 3877 2374 3931 vestris
2405 3876 2473 3940 “,
2505 3893 2524 3926 ι
2551 3885 2603 3929 et
2627 3890 2746 3944 qua:
2763 3873 3211 3944 sequuntur.Cur
3243 3883 3422 3928 autem

1851 3967 2127 4038 principes
2163 3966 2522 4020 Sodomorum
2554 3973 2606 4019 et
2653 3965 2910 4034 populum
2957 3962 3276 4018 Gomorrha:
3326 3979 3422 4020 eos

1852 4059 2234 4121 non‘iinaverit,
2267 4059 2408 4113 idem
2445 4058 2590 4111 illico
2607 4055 2973 4126 exposuit,sic
3001 4057 3184 4111 dicens
3215 4077 3227 4112 :
3254 4076 3272 4107 ι
3304 4055 3421 4112 Ma-

1853 4169 1956 4206 nus
1982 4153 2126 4207 enim
2153 4158 2345 4205 vestrae
2375 4149 2546 4219 plenae
2574 4149 2838 4219 sanguine
2867 4150 2934 4202 ³⁸.
2969 4168 2988 4202 ι
3017 4148 3083 4203 Ει
3110 4167 3301 4206 rursus
3331 4150 3422 4206 ubi

1851 4245 2068 4316 paulum
2103 4257 2424 4314 progressus
2468 4249 2576 4304 est,
2608 4242 2683 4294 ait
2721 4260 2733 4295 :
2782 4259 2800 4291 ι
2845 4239 3185 4312 lniquitatem
3239 4259 3420 4309 suam,

1853 4345 1911 4388 ut
1939 4335 2299 4389 Sodomormu
2341 4335 2729 4386 numiaverunt
2788 4341 2953 4402 atque
3019 4332 3417 4390 indicaverunt.

177 4421 259 4480 Vae
318 4429 516 4483 anima:
568 4429 784 4483 illorum
825 4432 1125 4501 :quoniam
1180 4433 1554 4500 cogitaverunt
1610 4434 1900 4488 consilium
1975 4447 2196 4500 pravum
2243 4437 2431 4483 contra
2499 4433 2709 4497 seipsos
2765 4429 3061 4483 dicentes:
3101 4427 3420 4500 Ligabimus

170 4517 384 4586 jmtum,
414 4524 678 4592 quoniam
709 4524 919 4579 inutilis
967 4526 1126 4580 nobis
1151 4538 1234 4581 est
1258 4528 1303 4559 ’⁸
1335 4546 1346 4582 :

1390 4547 1408 4578 ι
1450 4529 1541 4582 ubi
1583 4545 1706 4582 cum
1764 4528 1831 4582 de
1865 4527 2098 4596 quodam
2149 4523 2411 4592 sanguine
2439 4530 2491 4577 et
2531 4523 2597 4577 de
2645 4521 2862 4576 insidiis
2907 4523 3170 4579 adversus
3204 4523 3416 4593 justum

172 4615 446 4681 quemdam
479 4618 815 4674 mentionem
862 4619 1069 4684 fecerit,
1118 4637 1278 4691 quem
1323 4622 1468 4677 hunc
1516 4625 1733 4679 tandem
1770 4624 1996 4692 intelligi
2028 4621 2161 4683 vult,
2219 4620 2322 4674 nisi
2361 4618 2696 4672 Salvator-em
2739 4628 2990 4671 nostrum
3029 4616 3212 4673 Jesum
3257 4618 3418 4672 Chri-

175 4711 346 4764 stum?
367 4719 594 4782 propter
625 4729 784 4784 quem
815 4724 868 4768 et
923 4724 1045 4784 post
1108 4731 1268 4786 quem
1322 4719 1503 4772 omnia
1540 4720 1592 4773 in
1617 4721 1738 4776 illos
1773 4733 2111 4790 quaecunque
2140 4716 2285 4771 dicta
2311 4723 2459 4780 sunt,
2490 4715 2887 4770 redundarunt.

170 4832 284 4904 ΔΖΪ.
316 4832 418 4904 Τοῦ
438 4832 636 4904 αὑτοῦ
672 4832 932 4904 Ἡσαΐου.
967 4863 1033 4874 -ο
1065 4836 1191 4887 Ὀτι
1224 4833 1321 4887 διὰ
1357 4835 1462 4889 τὸν
1499 4835 1744 4904 Σωτῆρα

1855 4829 2106 4891 XXXVII.
2134 4834 2212 4888 Ab
2245 4834 2422 4904 eodem
2456 4833 2625 4888 Isaia.
2651 4861 2716 4872 —
2751 4831 2904 4897 Quod
2948 4841 3159 4901 propter
3215 4833 3420 4888 Salva-

237 4901 390 4969 ήμῶν
435 4903 677 4974 Ἰησοῦν
706 4903 1080 4974 Χριστὸν-καὶ
1101 4905 1252 4973 μετὰ
1267 4905 1381 4974 τὴν
1395 4906 1580 4959 αὑτοῦ
1601 4901 1742 4973 πὰρ-

236 4975 442 5026 ουσίαν
462 4973 732 5046 *ἅπαντα
753 4973 824 5027 τὰ
867 4973 988 5027 ὑπὸ
1045 4975 1151 5046 τοῦ
1198 4976 1506 5045 προφήτου
1556 4994 1736 5046 προη-

242 5043 553 5112 γορευμένα
581 5042 882 5112 μετῆλθον
918 5044 1142 5113 αὐτοῖς.

246 5174 263 5204 ι
298 5157 365 5227 Τῇ
391 5157 449 5210 δὲ
473 5157 660 5228 ἡμέρα
692 5157 875 5229 ἐκείνῃ
928 5157 1222 5228 ὲπιλὰμψει
1259 5161 1287 5212 ό
1321 5159 1451 5222 Θεὸς
1481 5162 1538 5212 ὲν
1573 5159 1738 5232 βουλῇ

177 5247 298 5312 μετὰ
315 5249 465 5319 δόξης
483 5250 576 5302 ἐπὶ
593 5249 694 5318 τῆς
717 5250 837 5319 γῆς,
854 5249 946 5302 τοῦ
971 5249 1182 5318 ὑψῶσαι
1200 5253 1292 5304 καὶ
1315 5251 1409 5304 τοῦ
1435 5253 1650 5320 δοξάσαι
1672 5254 1736 5308 τὸ

177 5339 509 5409 καταλειφθὲν
543 5340 638 5392 τοῦ
678 5340 891 5411 Ἰσραὴλ
911 5343 969 5393 ὲν
992 5341 1150 5406 Σιὼν,
1173 5344 1265 5396 καὶ
1286 5345 1347 5396 τὸ
1377 5345 1734 5414 καταλειφθὲν

174 5433 230 5481 ὲν
264 5430 633 5504 Ἰερουσαλήμ·
675 5433 818 5502 amo:
869 5434 1230 5507 κληθήσονται
1276 5437 1473 5501 πάντες
1522 5439 1569 5490 οἱ
1601 5455 1738 5510 γρα-

177 5522 346 5586 φέντες
367 5527 441 5588 είς
471 5524 616 5595 ζωὴν
644 5527 720 5588 εἰς
739 5526 1042 5598 Ἰερουσαλή
1052 5545 1108 5598 μ.
1139 5548 1157 5580 ι
1179 5530 1289 5582 Καὶ
1311 5529 1361 5582 τί
1380 5531 1422 5582 δ’
1448 5530 1513 5584 ἂν
1531 5529 1738 5599 γένοιτο

175 5614 234 5663 τὸ
261 5618 598 5687 καταλειφθὲν
648 5618 745 5670 τοῦ
791 5618 1004 5690 Ἰσραὴλ
1026 5661 1040 5684 ,
1082 5620 1243 5684 αὐτὸς
1282 5623 1310 5672 ὀ
1346 5627 1628 5692 προφήτης
1665 5621 1743 5674 δι-

178 5706 421 5777 εσάφησεν
452 5710 642 5763 εἰπών’
679 5728 696 5757 ι
735 5711 938 5775 Πάντες
957 5713 1003 5763 οἱ
1024 5713 1321 5784 γραφέντες
1359 5717 1437 5778 εἰς
1479 5715 1744 5787 Ἰερουσα-

255 5823 289 5853 ¹¹
317 5823 461 5882 Rom.
505 5841 580 5890 Ix,
613 5825 805 5880 27-29.

911 5827 972 5898 7",
992 5824 1151 5885 Rom.
1189 5845 1266 5898 ιι,
1302 5830 1420 5886 1-5.

182 5885 294 5959 53p.
325 5911 374 5959 ιι,
409 5897 492 5952 ιε.

572 5901 615 5931 ’⁷
650 5897 754 5953 lsa.
788 5912 862 5962 tv,
892 5896 1010 5960 2,3.

1919 4917 2083 4960 torem
2123 4918 2358 4959 nostrum
2390 4903 2573 4958 Iesum
2610 4904 2898 4967 Christum,
2930 4913 3142 4974 etpost
3184 4904 3418 4974 ejusdem

1915 4978 2216 5040 adventum,
2248 4978 2424 5030 omnia
2446 4991 2558 5047 qua-
2596 4975 2743 5028 dicta
2779 4985 2900 5027 sunt
2931 4992 2963 5028 a
2990 4973 3271 5044 Prop/tcta,
3308 4975 3415 5028 illis

1914 5048 2198 5101 acciderint
2207 5089 2220 5101 .

1921 5179 1939 5211 ι
1980 5160 2036 5215 In
2062 5161 2148 5215 die
2166 5160 2279 5223 illa,
2311 5159 2592 5214 illuccscet
2629 5156 2770 5211 Deus
2795 5156 2847 5209 in
2881 5155 3110 5209 consilio
3144 5169 3266 5206 cum
3297 5150 3413 5224 glo-

1843 5256 1923 5309 ria
1955 5255 2009 5309 in
2049 5261 2215 5319 terra,
2255 5259 2314 5306 ut
2347 5251 2575 5306 extollat
2612 5257 2666 5303 et
2710 5249 2973 5319 gloriﬁcet
3011 5247 3084 5310 id,
3115 5245 3256 5315 quod
3287 5244 3415 5300 reli-

1836 5362 2002 5418 quum
2035 5345 2196 5399 fuerit
2231 5360 2297 5399 ex
2320 5345 2509 5404 Israel.
2543 5350 2597 5397 et
2633 5341 2736 5394 erit
2785 5339 2916 5394 illud
2954 5339 3219 5408 reliquum
3247 5351 3312 5391 ex
3337 5335 3416 5393 Is.

1839 5439 1950 5493 rael
1985 5439 2038 5492 in
2075 5437 2230 5498 Sion.
2263 5433 2482 5506 etquod
2512 5435 2758 5488 relictum
2802 5431 2963 5485 fuerit
3002 5432 3053 5483 in
3087 5429 3414 5493 Jerusalem;

1835 5531 1946 5601 66
1974 5531 2148 5585 sancti
2202 5525 2564 5588 vocabuntur,
2601 5537 2792 5576 omnes
2835 5521 2924 5590 qui
2953 5521 3148 5590 scripti
3187 5526 3320 5574 sunt
3347 5518 3414 5572 ad

1841 5623 2006 5676 vitam
2062 5621 2113 5674 in
2161 5619 2459 5674 Jerusalem
2482 5617 2548 5671 ".
2589 5635 2608 5669 ›
2655 5615 2937 5681 Quodnam
2985 5630 3113 5669 vero
3156 5614 3227 5669 sit
3280 5611 3413 5668 illud

1838 5714 2107 5782 reliquum
2133 5727 2198 5766 ex
2244 5709 2432 5773 Israel,
2464 5709 2579 5780 ipse
2630 5705 2889 5777 propheta
2915 5703 3247 5774 explanavit,
3283 5715 3409 5754 cum

1525 5830 1570 5862 "
1601 5827 1707 5885 lsa.
1742 5845 1751 5884 ι

1855 5828 2008 5883 ο-ιι.
2082 5828 2129 5862 ει
2159 5809 2289 5885 ibid.
2320 5825 2405 5882 ιθ.
2485 5827 2529 5861 ιε
2557 5823 2694 5879 ibid.
2725 5821 2810 5878 ιε.
2889 5819 3068 5877 πιθα.
3112 5815 3410 5890 ιιι,9,ι.ο;
