4018 6520
631 413 720 466 I3!
1261 405 1530 464 EUSEBII
1568 401 2050 458 CESARIENSIS
2089 401 2239 459 OPP.
2274 401 2454 459 PARS
2495 404 2559 461 II.
2604 434 2671 444 -—
2707 401 3186 459 APOLOGETICA
3777 409 3863 466 132

619 529 759 584 dixit
788 544 802 580 :
840 547 862 582 ι
896 543 1088 585 omnes
1113 526 1207 598 qui
1251 525 1438 596 scripti
1472 535 1601 580 sunt
1638 525 1692 578 in
1734 521 2056 588 Jerusalem,
2094 541 2112 573 ι
2147 529 2200 576 et

2315 523 2429 595 ιὴμ,
2461 525 2555 578 καὶ
2591 526 2638 577 oi
2667 524 2955 595 κληθέντες
2982 525 3145 593 ἅγιοι.
3181 524 3279 586 Τίς
3318 518 3414 577 οῦν
3455 522 3597 596 αὕτη
3627 525 3659 596 ἠ
3688 526 3864 598 ἡμέρα,

620 622 714 691 qui
766 621 950 675 vocati
1000 621 1199 676 sancti.
1239 637 1256 670 ι
1294 616 1427 684 Quae
1467 625 1648 671 autem
1697 615 1769 670 sit
1817 615 1938 670 dies
1995 613 2106 678 illa,
2144 614 2200 669 in

620 727 728 782 qua
761 711 907 768 Deus
949 711 1374 782 gloriﬁcaturus,
1399 716 1454 763 et
1479 709 1535 763 in
1580 707 1802 762 sublimi
1835 707 2201 761 eollocaturus

620 805 847 868 dicitur,
881 824 900 856 ι
935 805 989 859 id
1035 803 1178 875 quod
1227 803 1499 871 reliquum
1548 799 1711 855 fuerit
1751 815 1817 854 ex
1869 799 2054 864 Israel,
2094 818 2113 850 ι
2149 805 2202 853 et

620 911 737 958 eos,
779 897 870 966 qui
891 896 1120 949 vocandi
1155 903 1280 948 sunt
1305 893 1501 957 sancti,
1530 900 1584 946 et
1609 889 1886 947 scribendi
1917 891 1984 945 ad
2012 891 2199 956 vitam,

622 983 666 1035 si
706 997 875 1043 totam
919 989 1082 1057 hujus
1122 987 1474 1041 sectiunculae
1519 984 1882 1039 narrationem
1914 998 2198 1053 percurre-

625 1081 724 1144 ris,
762 1080 920 1134 facile
950 1079 1152 1136 disces.
1181 1077 1343 1132 Initio
1377 1078 1542 1147 igitur
1573 1078 1741 1131 totius
1777 1076 1923 1140 libri,
1957 1091 2080 1129 cum
2109 1073 2206 1127 ad-

625 1188 819 1234 versus
863 1169 1145 1232 Judazam,
1214 1184 1277 1222 ac
1321 1167 1621 1222 Jerusalem
1669 1166 1932 1221 visionem
1979 1165 2206 1219 vidisset

626 1263 909 1335 propheta,
945 1269 998 1317 et
1031 1261 1280 1332 pluribus
1317 1260 1497 1314 verbis
1547 1259 1715 1314 totius
1748 1257 1990 1313 Judaicae
2027 1256 2204 1326 gentis

595 1356 794 1425 \impia
837 1355 1081 1408 facinora
1125 1359 1505 1416 numerasset,
1554 1366 1788 1421 cumque
1835 1351 2204 1406 minabundus

627 1445 856 1500 dixisset
885 1447 950 1499 de
987 1446 1204 1498 illorum
1248 1443 1554 1507 eversione,
1605 1443 1780 1513 deque
1815 1450 2058 1498 extrema
2117 1441 2207 1496 Je-

626 1539 866 1592 rusalem
911 1538 1186 1600 vastitate,
1235 1543 1351 1589 tum
1387 1535 1546 1590 tinem
1594 1535 1665 1601 ei,
1695 1552 1817 1606 qua:
1864 1543 2058 1589 contra
2082 1535 2204 1589 illos

627 1629 950 1683 versabatur
995 1627 1438 1696 contemplationi
1501 1626 1780 1696 imponit,
1830 1625 1917 1680 his
1970 1625 2145 1679 verbis
2188 1643 2202 1678 :

634 1738 654 1770 ι
700 1718 869 1773 Erunt
901 1719 1044 1774 enim
1076 1727 1136 1771 ut
1166 1719 1526 1780 terebinthus,
1558 1718 1786 1788 ahjectis
1813 1715 1976 1779 foliis,
2007 1726 2060 1772 et
2079 1724 2205 1770 tan-

629 1827 794 1882 quam
849 1811 1041 1864 hortus
1091 1825 1287 1886 aquam
1335 1825 1442 1864 non
1492 1809 1722 1873 habens,
1770 1818 1823 1863 et
1870 1817 2031 1863 erunt
2063 1808 2206 1863 vires

2308 609 2428 688 ἐνῇ
2471 615 2711 679 δοξάσειν
2743 617 2771 668 ό
2812 614 2966 678 Θεὸς,
3014 615 3108 668 καὶ
3145 613 3380 684 ὑψώσειν
3429 613 3492 666 τὸ
3537 613 3868 684 καταλειφθὲν

2306 705 2400 758 τοῦ
2454 705 2692 778 Ἰσραὴλ,
2747 709 2842 760 καὶ
2889 706 3016 769 τοὺς
3068 705 3513 776 κληθησομένους
3559 706 3760 774 ἁγίους,
3791 711 3868 764 καὶ

2309 797 2756 869 γραφησομένους
2788 799 2866 860 είς
2905 797 3072 868 ζωὴν,
3104 795 3340 864 λέγεται,
3385 795 3752 867 ἀναδραμόντι
3801 817 3868 852 σοι

2308 887 2406 958 τὴν
2444 888 2571 958 ὅλην
2615 887 2714 957 τῆς
2747 887 3050 958 περικοπῆς
3095 887 3341 958 διήγησιν
3387 885 3549 957 δῆλον
3597 885 3757 942 ἔσται.
3795 891 3868 944 Ἐν

2309 980 2448 1050 ἀρχῇ
2474 977 2761 1049 τοιγαροῦν
2805 979 2902 1048 τῆς
2932 978 3058 1048 ὅλης
3090 976 3270 1046 βίϐλου
3311 977 3415 1047 τὴν
3449 974 3592 1029 κατὰ
3638 977 3733 1046 τῆς
3763 979 3868 1033 Ἰου-

2309 1071 2464 1133 δαίας
2486 1071 2580 1124 καὶ
2607 1071 2750 1124 κατὰ
2787 1071 3138 1143 Ἰερουσαλὴμ
3167 1070 3290 1124 ίδὼν
3308 1072 3504 1142 ὅρασιν
3535 1073 3565 1124 ὁ
3593 1074 3864 1144 προφήτης,

2311 1162 2403 1214 καὶ
2432 1161 2518 1214 διὰ
2561 1161 2826 1215 πλείστων
2873 1161 3402 1235 άπαριθμησάμενος
3433 1162 3506 1217 τὰ
3547 1164 3640 1216 τοῦ
3697 1169 3866 1230 παντὸς

2323 1252 2587 1305 Ἰουδαίων
2614 1252 2795 1316 ἔθνους
2820 1253 3164 1325 ἀσεϐήματα,
3194 1255 3500 1327 ἀπειλήσας
3529 1274 3589 1309 τε
3612 1257 3703 1310 καὶ
3725 1259 3865 1312 είπὼν

2309 1345 2376 1397 τὰ
2424 1346 2550 1415 περὶ
2591 1345 2688 1415 τῆς
2710 1347 3094 1417 καταστροφῆς
3120 1347 3318 1413 αὑτῶν,
3351 1350 3448 1402 καὶ
3481 1349 3582 1420 τῆς
3601 1351 3864 1415 παντελοῦς

2311 1437 2543 1507 ἐρημίας
2577 1435 2948 1508 Ἰερουσαλὴμ,
2981 1438 3133 1502 τέλος
3163 1439 3262 1508 τῆς
3297 1441 3418 1492 κατ’
3445 1439 3627 1492 αὑτῶν
3663 1440 3862 1512 θεωρίας

2311 1530 2529 1596 ἐπάγει,
2581 1528 2774 1598 λέγων’
2808 1549 2827 1581 ι
2865 1531 3115 1582 Ἔσονται
3152 1531 3259 1602 γάρ
3306 1531 3382 1594 ώς
3417 1531 3722 1602 τερέϐινθος
3755 1535 3864 1586 ἀπο-

2313 1621 2607 1692 ϐεϐληκυῖα
2653 1623 2722 1676 τά
2760 1621 2952 1692 φύλλα,
3004 1624 3099 1675 καὶ
3140 1622 3214 1687 ώς
3263 1624 3597 1696 παράδεισος
3643 1625 3774 1697 ὕδωρ
3804 1626 3860 1696 μὴ

2311 1713 2484 1784 ἔχων
2537 1715 2632 1768 καὶ⁸
2674 1714 2889 1786 ἔσταιὴ
2939 1717 3088 1786 ίσχὺς
3137 1715 3314 1770 αὐτῶν
3371 1716 3449 1780 ώς
3470 1716 3687 1788 καλάμη
3723 1735 3860 1770 στυπ-

2313 1807 2459 1872 πίου,
2478 1807 2571 1859 καὶ
2604 1809 2660 1860 σί
2683 1806 2928 1880 ἐργασίαι
2958 1806 3134 1861 αὑτῶν
3151 1808 3225 1872 ὡς
3248 1807 3550 1880 σπινθῆρες
3567 1811 3730 1882 πυρός
3751 1827 3763 1840 ·
3791 1815 3860 1864 καί

629 1919 818 1958 eorum
873 1910 1132 1972 tanquam
1186 1902 1441 1956 surculus
1479 1912 1708 1970 stuppae,
1743 1907 1796 1955 et
1831 1908 2072 1970 quaestus
2115 1915 2208 1954 e0-

2315 1899 2816 1971 κατακαυθήσονται
2843 1902 2891 1953 οἱ
2927 1900 3137 1971 ἄνομοι,
3183 1902 3274 1954 καὶ
3318 1903 3368 1954 oi
3409 1901 3722 1973 ἁμαρτωλοὶ
3746 1902 3855 1972 ἅμα,

630 2010 776 2056 rum,
811 2002 868 2048 ut
911 1995 1160 2050 scintilla:
1194 1995 1336 2065 ignis
1369 2012 1381 2047 :
1417 2005 1471 2050 et
1513 1997 1909 2050 comburentur
1948 1995 2118 2064 iniqui
2153 2002 2208 2049 et

629 2097 950 2156 peccatores
973 2087 1156 2151 simul,
1188 2094 1240 2140 ct
1264 2103 1369 2140 non
1400 2089 1503 2142 erit
1528 2088 1620 2156 qui
1649 2088 1960 2157 exstinguat
1981 2087 2080 2140 ⁸⁸.»
2109 2085 2210 2140 Ubi

632 2191 756 2230 cum
808 2178 1071 2232 adversus
1128 2178 1250 2231 illos
1299 2179 1616 2232 vaticinium
1675 2178 2207 2248 circumscripserit,

631 2275 749 2322 tum
793 2269 1043 2339 reprimit
1072 2286 1150 2333 se,
1194 2281 1245 2324 et
1272 2285 1414 2323 novo
1445 2271 1602 2324 initio
1632 2269 1796 2335 facto,
1827 2271 2056 2325 alteram
2099 2285 2213 2324 ma-

631 2362 824 2415 teriam
858 2361 1194 2431 aggreditur,
1243 2361 1576 2431 exordioque
1620 2363 1786 2415 etiam
1830 2360 1909 2431 (ut
1941 2360 2210 2431 dicebam)

630 2454 724 2507 tali
775 2453 983 2506 utitur:
1019 2451 1260 2506 Verbum
1309 2453 1453 2522 quod
1503 2453 1705 2505 factum
1766 2460 1851 2507 est
1897 2451 1965 2505 ad
2013 2450 2210 2507 Isaiam

630 2544 800 2599 [ilium
840 2544 1008 2598 Amos
1040 2546 1358 2615 prophetam
1383 2586 1398 2608 ,
1440 2543 1508 2598 de
1545 2543 1729 2598 Judzna
1771 2553 1826 2598 et
1874 2544 1940 2599 de
1984 2542 2210 2600 Jerusa-

629 2635 736 2689 lem
757 2637 824 2695 ",
861 2656 880 2687 ι
914 2637 1016 2698 vel,
1047 2647 1103 2689 ut
1129 2636 1490 2707 Symmachus
1523 2636 1914 2706 interpretatus
1935 2643 2040 2698 est,
2075 2653 2093 2686 ι
2126 2650 2213 2689 su-

631 2743 730 2799 per
767 2726 952 2781 Judaea
999 2737 1052 2782 et
1101 2745 1269 2797 super
1323 2727 1648 2784 Jerusalem.
1685 2745 1704 2778 ι
1763 2726 1839 2780 Ex
1886 2741 1993 2796 quo
2024 2725 2210 2780 forsan

633 2817 784 2870 illum
815 2819 1126 2888 suspicetur
1160 2819 1378 2886 aliquis,
1414 2821 1480 2872 de
1509 2817 1711 2888 quibus
1745 2818 1919 2872 tristia
1949 2817 2100 2887 prius
2140 2817 2212 2871 sit

631 2908 997 2971 vaticinatus,
1035 2909 1101 2962 de
1149 2909 1342 2962 iisdem
1396 2924 1541 2962 nunc
1597 2916 1930 2962 commutata
1977 2907 2208 2973 ratione,

632 3001 858 3054 meliora
892 3000 1140 3070 qumdam
1166 3002 1475 3070 prmdicerc.
1502 3000 1571 3053 At
1594 3016 1722 3054 vero
1751 3015 1959 3062 eorum,
1983 3015 2102 3069 qua:
2133 3014 2212 3053 se-

633 3100 882 3162 quuntur
934 3101 1246 3154 contextus,
1293 3108 1635 3163 nequaquam
1684 3093 1824 3147 istuc.
1871 3092 1976 3146 dici
2009 3091 2210 3161 permi-

635 3185 770 3238 serit
800 3203 812 3237 :
847 3184 1047 3254 quippe
1080 3185 1173 3253 qui
1202 3199 1367 3254 super
1392 3182 1620 3238 Judaiea
1649 3193 1827 3252 gente,
1866 3191 1920 3236 et
1952 3197 2116 3250 super
2144 3196 2209 3236 eo

2309 1993 2401 2044 ml.
2433 1993 2531 2045 οὑκ
2576 1992 2729 2046 ἔσται
2778 1995 2806 2046 ό
2842 1993 3068 2049 σϐέσων.
3102 2013 3121 2045 ι
3156 1995 3515 2068 Περιγράψας
3557 1995 3613 2048 δὲ
3662 1994 3856 2048 ἐνταῦθα

2308 2083 2406 2154 τὴν
2454 2084 2573 2137 κατ’
2626 2085 2804 2137 αὑτῶν
2853 2085 3172 2157 πρόρρησιν,
3230 2087 3502 2157 ὑποστολῇ
3566 2088 3782 2160 χρῆται·
3810 2088 3855 2153 ἐξ

2310 2178 2500 2248 ἐτέρας
2536 2178 2592 2230 δὲ
2627 2178 2819 2250 ἀρχῆς,
2854 2177 3110 2249 δευτέρας
3157 2178 3470 2242 ὑποθέσεως
3519 2178 3756 2243 ἅπτεται,
3785 2182 3856 2231 καὶ

2311 2271 2578 2342 προοιμίῳ
2595 2287 2659 2340 γε
2687 2269 2762 2340 τῷ
2791 2270 3084 2341 λεγομένῳ,
3109 2270 3294 2340 τοιῷδε
3320 2271 3551 2342 χρῆται·
3587 2290 3605 2322 ι
3641 2271 3694 2323 '0
3717 2270 3853 2338 Λόγος

2309 2363 2338 2414 ὁ
2370 2363 2660 2434 γενόμενος
2710 2363 2846 2435 πρὸς
2885 2362 3106 2415 Ἡσαΐαν
3147 2364 3260 2416 υἱὸν
3304 2363 3511 2432 Ἀμὼς,
3542 2362 3631 2414 τὸν
3680 2363 3854 2433 προφή-

2310 2471 2430 2522 την,
2458 2455 2697 2526 περὶτῆς
2724 2455 2979 2517 Ἰουδαίας
3001 2454 3095 2507 κοιλ⁸
3122 2455 3247 2524 περὶ
3276 2453 3653 2525 Ἰερουσαλὴμ,
3675 2473 3692 2505 ι
3718 2453 3767 2522 ἢ,
3796 2453 3852 2513 ὡς

2309 2543 2651 2615 όΣὺμμαχος
2703 2547 3044 2617 ἡρμήνευσεν
3069 2587 3082 2609 ,
3127 2564 3145 2596 ι
3187 2545 3327 2616 ὑπὲρ
3357 2545 3458 2616 τῆς
3505 2545 3748 2607 Ἰουδαίας
3782 2544 3853 2594 καὶ

2313 2637 2451 2708 ὑπὲρ
2485 2638 2856 2709 Ἰερουσαλήμ.
2906 2658 2924 2690 ι
2964 2641 3123 2702 Ἴσως
3159 2655 3243 2701 τις
3276 2637 3616 2709 ὑπολήψεται
3653 2636 3765 2706 περὶ
3795 2628 3851 2687 ὧν

2312 2727 2380 2781 τὰ
2401 2728 2700 2799 σκυθρωπὰ
2727 2729 3010 2802 προλαϐὼν
3033 2729 3309 2792 ἐθέσπισε,
3337 2729 3543 2782 τούτων
3568 2728 3735 2780 αὑτῶν
3754 2727 3851 2797 περὶ

2311 2817 2379 2870 τὰ
2425 2819 2760 2890 χρηστότερα
2816 2820 3186 2891 μεταϐαλόντα
3235 2820 3436 2889 λέγειν.
3485 2820 3622 2872 Ἀλλ’
3672 2819 3760 2870 οὐκ
3801 2814 3849 2868 ἂν

2311 2908 2485 2963 ταῦτα
2533 2911 2839 2982 ἐπιτρέψειε
2871 2913 3032 2980 φάναι
3077 2915 3109 2984 ἡ
3148 2912 3255 2965 τῶν
3303 2911 3708 2982 ἐπιφερομένων
3752 2911 3850 2962 ἀκο-

2311 2998 2516 3064 λουθία,
2549 3002 2690 3072 ὑπὲρ
2737 3003 2834 3073 μὲν
2879 3003 2972 3056 τοῦ
3016 3003 3280 3057 Ἰουδαίων
3316 3003 3590 3073 ἔθνους,ῆ
3640 2996 3849 3070 ὑπὲρτοῦ

2314 3092 2641 3163 καλουμένου
2689 3095 2922 3166 Ἰσραὴλ,
2955 3096 3103 3148 οὑὸὲν
3133 3097 3248 3148 οὑδὲ
3283 3097 3420 3160 ὅλως
3454 3095 3678 3167 χρηστὸν
3705 3091 3851 3161 περιέο

2315 3201 2504 3255 χουσα,
2541 3186 2662 3238 οὐδέ
2692 3204 2754 3255 γε
2785 3189 2922 3260 ὑπὲρ
2944 3189 3042 3258 τῆς
3084 3189 3362 3254 Ἰουδαίας,
3387 3191 3508 3242 οὑδὲ
3538 3189 3670 3259 ὑπὲρ
3700 3187 3851 3254 Ἰερονο

635 3274 730 3344 qui
770 3283 1000 3328 vocatur
1043 3272 1232 3340 Israel,
1277 3275 1412 3329 nihil
1454 3275 1677 3328 omnino
1719 3273 1848 3328 boni
1901 3273 2208 3334 contineat,

2317 3277 2450 3348 σαλὴ
2458 3295 2515 3346 μ,
2532 3279 2840 3331 τούναντίον
2856 3255 2910 3332 δέ
2929 3255 3124 3351 μυρίας
3139 3281 3278 3333 κατά
3295 3281 3389 3333 τοῦ
3425 3255 3850 3351 Ἰσραηλνμέμψεις

634 3383 813 3436 neque
846 3367 973 3421 item
1006 3366 1397 3437 superJudzea,
1445 3382 1625 3436 neque
1665 3381 1830 3435 super
1859 3363 2161 3419 Jerusalem
2193 3381 2206 3416 :

635 3469 829 3515 contra
864 3471 1043 3514 autem
1095 3461 1526 3515 innumerabiles
1577 3461 1840 3515 adversus
1875 3457 2041 3512 Israel
2079 3471 2214 3526 que-

634 3555 800 3615 relas,
843 3561 1007 3623 atque
1052 3555 1452 3620 accusationes,
1485 3553 1773 3622 minasque
1819 3551 2083 3604 adversus
2124 3547 2215 3602 Je-

635 3646 870 3700 rusalem
907 3646 1093 3698 tristes
1137 3655 1419 3700 recenseat
1446 3660 1458 3697 :
1489 3644 1749 3715 quodque
1779 3643 2052 3698 universis
2085 3657 2212 3712 gen-

635 3736 783 3790 tibus
815 3737 1056 3791 salutare
1096 3735 1347 3804 contigit,
1383 3737 1752 3800 vocationem,
1789 3744 1952 3804 atque
1991 3733 2218 3802 agnitio-

636 3841 762 3880 nem
803 3827 1002 3880 summi
1046 3824 1140 3879 Dei
1180 3825 1415 3879 futuram
1466 3826 1708 3881 divinet:
1742 3835 1795 3882 et
1821 3826 1887 3880 ad
1928 3827 2064 3886 haec,
2090 3824 2217 3877 novi

637 3919 924 3988 cujusdam
954 3920 1156 3974 montis
1186 3919 1550 3990 proditionem
1579 3922 1632 3974 in
1675 3922 1875 3984 lucem,
1905 3928 1960 3974 et
1989 3921 2216 3973 alterius

638 4010 834 4065 domus
851 4009 966 4074 Dei,
986 4018 1181 4079 prmter
1210 4027 1350 4074 eam,
1373 4027 1494 4082 qua:
1517 4019 1600 4066 est
1633 4012 1686 4066 in
1731 4010 2060 4072 Jerusalem,
2093 4024 2219 4063 con-

640 4102 1001 4157 structionem
1044 4090 1390 4155 manifestam
1437 4109 1738 4172 proponat,
1787 4101 1969 4169 itaque
2011 4099 2100 4152 ubi
2151 4096 2218 4152 de

638 4190 825 4248 Judzea
858 4201 913 4248 et
963 4193 1028 4248 de
1073 4192 1376 4248 Jerusalem
1409 4193 1625 4246 locutus
1651 4200 1755 4255 est,
1786 4200 1915 4245 tunc
1944 4190 2022 4245 sic
2045 4189 2214 4244 dicit:

645 4301 666 4334 ι
705 4283 850 4354 quod
885 4284 990 4338 erit
1031 4284 1085 4338 in
1111 4284 1433 4338 novissimis
1471 4283 1666 4337 diebus
1706 4281 2034 4336 manifestus
2062 4295 2218 4334 mons

641 4371 900 4436 Domini,
941 4381 995 4427 et
1047 4373 1244 4429 domus
1292 4373 1385 4428 Dei
1435 4375 1490 4428 in
1551 4373 1850 4428 verticibus
1906 4373 2172 4427 montium
2202 4413 2216 4438 ,

637 4462 747 4535 67
774 4469 827 4516 et
861 4463 1152 4517 extolletur
1192 4479 1357 4532 super
1404 4463 1573 4518 colles
1599 4502 1613 4527 ,
1651 4474 1700 4518 et
1739 4464 1958 4517 venient
1991 4463 2058 4517 ad
2095 4479 2218 4516 eum

640 4569 832 4609 attines
852 4564 1061 4624 gentes,
1083 4565 1136 4608 et
1167 4556 1323 4608 ibunt
1348 4562 1536 4623 gentes
1561 4555 1741 4608 multa:
1769 4562 1822 4608 et
1851 4554 2035 4609 dicent
2069 4571 2081 4607 :
2113 4552 2217 4608 Ve-

641 4642 776 4707 nite,
810 4644 1170 4698 ascendamus
1207 4645 1261 4698 in
1299 4655 1538 4699 montem
1575 4644 1808 4708 Domini,
1844 4645 1971 4699 etin
1996 4645 2216 4697 domum

643 4734 738 4790 Dei
759 4735 927 4791 Jacoh
952 4737 996 4767 ³⁰
1025 4756 1038 4791 :
1073 4756 1091 4788 ι
1130 4752 1193 4791 ac
1222 4738 1290 4792 de
1322 4738 1574 4807 gentibus
1600 4738 1818 4806 quidem
1845 4738 2059 4792 cunctis
2089 4739 2217 4791 talia

642 4827 852 4884 divinat
887 4847 902 4882 :
945 4827 1014 4882 de
1043 4827 1245 4884 Judaeis
1288 4844 1419 4882 vero
1459 4827 1716 4898 deinceps
1761 4828 2066 4896 cujusmodi
2108 4830 2218 4884 sint

643 4933 707 4975 ea
734 4960 748 4984 ,
779 4936 899 4992 qua:
933 4922 1180 4992 adiungit
1205 4961 1220 4985 ,
1253 4937 1400 4974 nunc
1428 4921 1553 4974 audi
1588 4939 1600 4974 :
1641 4940 1660 4970 c
1702 4920 1911 4975 dimisit
1947 4921 2091 4975 enim
2120 4937 2218 4993 po-

645 5013 834 5084 pulum
857 5030 1014 5068 suum
1039 5054 1054 5077 ,
1084 5014 1306 5068 domum
1332 5010 1502 5065 Jacob
1528 5032 1541 5065 :
1569 5011 1828 5080 quoniam
1857 5012 2061 5082 repleta
2092 5019 2178 5068 est
2199 5053 2215 5077 ,

645 5113 706 5160 ut
733 5107 804 5161 ab
832 5105 986 5160 initio
1017 5145 1032 5170 ,
1066 5105 1216 5176 regio
1258 5119 1446 5160 eorum
1488 5103 1802 5160 hominibus
1828 5143 1842 5168 ,
1879 5105 2024 5159 sicut
2070 5107 2220 5176 regio

646 5199 1072 5270 alienigenarum
1106 5216 1120 5252 :
1159 5204 1212 5252 et
1257 5197 1350 5250 lilii
1391 5194 1545 5248 multi
1585 5195 1747 5250 alieni
1789 5195 1900 5248 nati
1933 5203 2061 5252 sunt
2087 5197 2218 5254 illis.

646 5288 869 5362 Repleta
899 5299 984 5346 est
1011 5290 1157 5345 enim
1186 5289 1337 5359 regio
1371 5287 1585 5342 illorum
1617 5294 1843 5358 argento
1873 5295 1928 5343 et
1952 5303 2087 5343 auro
2114 5327 2130 5353 ,
2164 5296 2220 5344 et

648 5399 756 5438 non
796 5383 895 5437 fuit
933 5398 1196 5437 numerus
1237 5379 1512 5435 thesauris
1543 5394 1730 5434 eorum
1753 5381 1796 5413 "
1826 5423 1841 5446 ,
1881 5400 1898 5432 ι
1945 5391 1999 5436 et
2025 5392 2219 5437 caetera

648 5490 769 5546 quae
801 5483 1108 5544 sequuntur
1131 5513 1146 5537 ,
1177 5488 1296 5543 qua
1324 5473 1494 5528 multo
1524 5473 1678 5542 plura
1704 5480 1863 5532 sunt;
1895 5473 2094 5541 quibus
2122 5471 2218 5526 ad-

645 5566 827 5638 jungit
860 5584 874 5621 :
909 5584 928 5616 ι
967 5577 1020 5619 et
1052 5565 1417 5619 adoraverunt
1449 5578 1512 5618 ea
1549 5603 1564 5628 ,
1608 5578 1728 5632 quae
1773 5562 2019 5618 fecerunt
2067 5563 2220 5634 digiti

650 5654 912 5726 ipsorum.
944 5652 1010 5706 Et
1036 5652 1322 5708 declinavit
1353 5668 1412 5708 se
1434 5652 1619 5718 homo,
1654 5661 1707 5707 et
1733 5653 1882 5708 humi
1914 5670 1973 5709 se
1997 5653 2217 5723 abiecit,

725 5836 772 5870 ’⁸
801 5833 906 5890 lsa.
938 5850 978 5900 ι,
999 5833 1180 5895 30,3I.

1261 5835 1306 5866 ⁸⁸
1341 5831 1446 5888 Isa.
1481 5849 1542 5901 ιι,
1577 5834 1630 5891 1.
1703 5835 1756 5867 ⁸⁸
1788 5832 1921 5892 ibid.
1947 5834 2068 5889 2-5.

2314 3371 2407 3422 καὶ
2443 3370 2795 3442 κατηγορίας,
2839 3372 3065 3434 ἀπειλάς
3114 3389 3172 3424 τε
3215 3372 3360 3426 κατὰ
3394 3372 3496 3442 τῆς
3539 3362 3848 3438 Ἰερουσαλὴμ

2317 3459 2663 3532 σκυορεοιπὰς,
2697 3463 2790 3515 καὶ
2822 3463 2920 3533 τὴν
2949 3465 3081 3516 πᾶσι
3100 3466 3210 3526 τοῖς
3243 3463 3424 3516 ἔθνεσι
3470 3463 3720 3532 σωτήριον
3748 3455 3848 3525 κλῆ-

2317 3567 2420 3615 σιν,
2447 3553 2538 3604 καὶ
2567 3551 2766 3619 γνῶσιν
2786 3552 2880 3605 τοῦ
2909 3555 3000 3605 ἐπὶ
3021 3554 3237 3607 πάντων
3259 3554 3398 3607 Θεοῦ
3422 3552 3752 3616 θεσπίζουσα,
3777 3543 3849 3597 καὶ

2316 3642 2394 3694 ἔτι
2429 3643 2562 3713 πρὸς
2596 3643 2824 3708 τούτοις,
2858 3644 3016 3716 ὅρους
3046 3645 3370 3714 ἐπιφάνειαν
3390 3644 3597 3707 καινοῦ,
3624 3642 3710 3696 καὶ
3731 3637 3848 3691 οἴκου

2317 3733 2452 3786 Θεοῦ
2506 3733 2691 3804 ἐτέρου
2748 3735 2898 3804 παρὰ
2943 3735 3035 3789 τὸν
3084 3738 3141 3789 ἐν
3209 3736 3568 3809 Ἰερουσαλὴμ
3626 3728 3848 3792 ἀνάδειξιν

2317 3812 2645 3892 παριστᾶσα.
2712 3825 2872 3893 Λέγει
2938 3825 2982 3877 δ’
3041 3822 3154 3889 οὖν,
3205 3827 3344 3898 μετὰ
3407 3829 3468 3880 τὸ
3529 3825 3684 3896 φάναι
3751 3817 3848 3886 περὶ

2315 3913 2413 3982 τῆς
2457 3914 2742 3976 Ἰουδαίας,
2794 3915 2887 3967 καὶ
2937 3915 3064 3988 περὶ
3105 3917 3479 3989 Ἰερουσαλὴμ,
3525 3918 3604 3970 ὅτι
3639 3933 3656 3965 ι
3693 3912 3848 3964 Ἔσται

2317 4005 2374 4056 ἐν
2399 4008 2514 4068 ταῖς
2565 4007 2819 4075 ἐσχάταις
2858 4008 3092 4080 ἡμέραις
3133 4011 3375 4080 ἐμφανὲς
3403 4011 3463 4063 τὸ
3503 4010 3624 4080 ὅρος
3660 4003 3847 4074 Κυρίου,

2317 4096 2410 4148 καὶ
2473 4092 2620 4160 οἶκος
2671 4097 2764 4150 τοῦ
2808 4098 2942 4152 Θεοῦ
3001 4102 3089 4153 ἐπ’
3135 4101 3321 4172 ἄκρων
3382 4102 3492 4156 τῶν
3542 4101 3730 4172 ὀρέων,
3778 4091 3850 4144 11"

2317 4189 2662 4261 ὑψωθήσεται
2727 4193 2978 4262 ὑπεράνω
3013 4193 3120 4247 τῶν
3164 4193 3388 4263 βουνῶν,
3425 4195 3516 4248 καὶ
3556 4191 3755 4262 ἥξουσιν
3782 4183 3847 4236 ἐπ’

2318 4283 2450 4335 αὑτὸ
2505 4285 2680 4337 πάντα
2721 4285 2787 4338 τὰ
2838 4285 2986 4357 ἔθνη,
3011 4288 3104 4340 καὶ
3137 4287 3493 4355 πορεύσονται
3529 4285 3652 4354 ἔθνη
3695 4278 3848 4334 πολλὰ.

2321 4376 2413 4428 καὶ
2445 4376 2661 4447 ἐροῦσιν
2685 4394 2698 4408 δ
2746 4378 2909 4432 Δεῦτε
2945 4381 3038 4433 καὶ
3077 4379 3366 4451 ἀναδῶμεν
3407 4383 3486 4444 είς
3526 4378 3586 4432 τὸ
3624 4377 3737 4447 ὅρος
3765 4371 3849 4423 Κν·

2325 4470 2461 4541 ρίου,
2495 4471 2588 4523 καὶ
2619 4473 2696 4534 εἰς
2720 4473 2812 4524 τὸν
2839 4468 2986 4526 οἷκον
3009 4472 3103 4526 τοῦ
3145 4472 3280 4526 Θεοῦ
3325 4471 3537 4527 Ἰακώϐ.
3564 4491 3582 4523 ι
3613 4468 3713 4524 Καὶ
3748 4460 3849 4530 περὶ

2325 4559 2422 4628 μὲν
2463 4559 2569 4611 τῶν
2610 4559 2778 4612 ἐθνῶν
2813 4561 3066 4614 ἁπάντων
3098 4562 3322 4616 τοιαῦτα
3363 4561 3633 4626 θεσπίζειο
3667 4553 3777 4625 περὶ
3805 4549 3846 4602 δὲ

2323 4649 2430 4700 τῶν
2456 4649 2723 4703 Ἰουδαίων
2752 4652 2877 4722 ἑξῆς
2900 4649 2986 4704 οἷα
3016 4653 3276 4721 ἐπιλέγει,
3310 4653 3476 4708 ἄκουε
3494 4669 3506 4682 ο
3532 4671 3550 4702 ι
3573 4647 3747 4717 Ἀνῆκε
3767 4637 3850 4708 γὰρ

2323 4739 2412 4794 τὸν
2442 4741 2569 4794 λαδν
2589 4742 2747 4796 αὑτοῦ
2771 4745 2861 4797 τὸν
2893 4742 3038 4797 οἶκον
3065 4744 3155 4798 τοῦ
3173 4745 3306 4798 Θεοῦ
3344 4743 3552 4808 Ἰακὼϐ,
3572 4743 3646 4794 ὅτι
3663 4731 3850 4798 ἐνεπλή-

2325 4832 2422 4901 σθη
2458 4833 2534 4896 ὡς
2558 4833 2619 4887 τὸ
2651 4836 2902 4906 ἁπαρχῆς
2923 4838 2956 4906 ή
2993 4835 3144 4908 χώρα
3165 4837 3343 4890 αὑτῶν
3359 4825 3800 4908 κληδονισμῶν,ὠς
3823 4818 3848 4887 ἦ

2322 4923 2430 4976 τῶν
2455 4924 2784 4994 ἀλλοφύλων,
2819 4929 2912 4980 και
2939 4929 3102 4981 τέκνα
3135 4929 3303 4984 πολλά
3334 4925 3600 4996 ἀλλόφυλα
3629 4912 3847 4988 ἐγεννήθη

2327 5015 2526 5078 αὑτοῖς.
2569 5017 2898 5089 Ἐνεπλήσθη
2929 5018 3038 5090 γὰρ
3057 5022 3091 5090 ἠ
3116 5019 3267 5092 χώρα
3293 5018 3472 5073 αὑτῶν
3498 5011 3758 5088 ἀργυρίουν
3778 4999 3848 5057 καὶ

2327 5109 2571 5178 χρυσίου,
2611 5109 2706 5162 καὶ
2735 5109 2834 5164 οὐκ
2866 5106 2933 5180 ἦν
2963 5111 3192 5182 ἀριθμὸς
3215 5111 3322 5164 τῶν
3346 5105 3627 5182 θησαυρῶν
3652 5096 3841 5182 αὑτῶννι

2327 5200 2420 5252 καὶ
2451 5199 2518 5252 τὰ
2551 5201 2677 5270 ἑξῆς
2707 5203 2930 5265 τούτων,
2963 5181 3306 5257 όνταιπλείω·
3333 5196 3413 5265 οἷς
3441 5197 3700 5268 ἐπιφέρει’
3725 5207 3741 5239 ι
3761 5181 3845 5239 Καὶ

2327 5291 2734 5362 προσεκύνησαν
2771 5288 2850 5357 οἷς
2878 5295 3136 5364 ἐποίησαν
3175 5296 3223 5347 οί
3260 5292 3507 5347 δάκτυλοι
3543 5283 3735 5342 αὑτῶν.
3774 5271 3844 5327 καὶ

2324 5381 2522 5451 ἔκυψεν
2547 5383 2851 5454 ἄνθρωπος,
2877 5385 2971 5439 καὶ
2997 5383 3353 5455 ἐταπεινώθη,
3387 5383 3478 5437 καὶ
3504 5381 3562 5433 οὐ
3596 5375 3664 5448 μὴ
3693 5367 3842 5466 ᾇνήσξθ

2322 5473 2539 5538 αὐτοὺς,
2575 5476 2669 5528 καὶ
2696 5475 2790 5530 νῦν
2826 5475 3092 5531 είσέλθετε
3136 5478 3214 5540 είς
3243 5477 3341 5541 τὰς
3383 5474 3599 5545 πέτρας,
3629 5463 3712 5519 καὶ
3740 5463 3840 5526 κΡΨ

2325 5564 2522 5616 πτεσθε
2552 5567 2630 5628 είς
2655 5567 2752 5636 τὴν
2785 5566 2888 5637 γῆν
2913 5569 3020 5622 ἀπὸ
3043 5567 3333 5640 προσώπου
3357 5564 3449 5618 τοῦ
3475 5559 3629 5632 φόϐου
3653 5545 3836 5640 Κυρίθυς

2323 5655 2417 5708 καὶ
2450 5655 2559 5711 ἀπὸ
2594 5631 2884 5728 προσώπου
2927 5661 3024 5731 τῆς
3067 5631 3224 5732 δόξης
3270 5655 3436 5713 αὐτοῦ
3457 5631 3494 5720 ,⁷
3517 5654 3638 5706 ὅταν
3671 5631 3837 5701 euasi

2144 5834 2186 5866 ³⁸
2213 5832 2345 5889 ibid.
2373 5831 2492 5891 6-8.
