4018 6508
300 413 403 468 εδδ
1221 418 1875 480 DEMONSTRATIONIS
1915 426 2372 487 EVANGELlC/E
2408 433 2538 490 LIB.
2569 435 2633 490 Il.
3446 453 3548 508 154

293 525 533 598 θραῦσαι
562 528 661 598 τὴν
699 528 824 597 γῆν.
859 548 877 581 ι
904 531 987 582 Δι’
1011 521 1084 584 ὧν
1105 532 1290 600 σαφῶς
1321 535 1614 590 ἀνάστασιν
1644 556 1760 592 τινα
1783 557 1823 592 τι

293 618 432 636 ..γρ
535 620 640 636 ρ...
807 622 829 636 ..
934 623 958 636 ,ι
1087 625 1100 636 .
1172 619 1254 636 γ..
1408 628 1461 636 ,.
1579 628 1598 636 -
1751 634 1768 636 η

1925 547 1951 602 Α
1982 549 2032 596 et
2063 559 2167 597 non
2201 545 2464 601 dimittam
2489 564 2583 605 eos
2615 569 2626 604 :
2657 561 2709 606 et
2733 569 2876 608 nunc
2901 555 3244 625 ingredimini
3264 564 3317 618 in
3335 578 3543 636 petras,

289 618 496 689 Κυρίου
530 620 773 674 διδάσκει
805 622 1021 675 ἔσεσθαι
1042 663 1056 680 ,
1085 619 1199 700 ὲνῇ
1230 625 1664 699 θραυσθήσεσθαι
1696 634 1823 684 πᾶσι

1979 641 2032 686 et
2061 634 2456 693 abscondimini
2487 642 2542 694 in
2574 651 2772 698 terram
2809 663 2837 700 a
2874 643 3257 710 t'acie'timoris
3292 656 3542 726 Domini,

284 709 385 780 τὴν
430 711 541 780 γῆν
589 713 682 765 τοῦ
724 713 988 766 Ἰουδαίων
1030 707 1250 774 ἔθνους·
1297 719 1424 788 περὶ
1468 719 1646 773 αὐτῶν
1692 722 1800 793 γὰρ

3234 707 3252 710 -
3293 707 3318 709 -
3527 707 3542 726 ν

1975 728 2030 775 et
2068 739 2097 776 a
2145 724 2282 779 facie
2334 729 2519 790 gloriae
2560 732 2718 801 ejus,
2769 750 2890 790 cum
2937 743 3235 796 surrexerit
3279 761 3544 815 quassare

284 803 394 866 πᾶς
415 799 486 873 ἦν
506 802 685 871 λόγος,
711 804 899 876 ὥσπερ
925 807 1014 860 καὶ
1046 811 1191 880 ὲςης,
1223 809 1289 862 δι’
1313 805 1372 863 οῦ
1401 829 1562 881 φησιν
1581 830 1592 840 -
1620 834 1637 863 ι
1662 814 1871 887 Ἡμέρα

279 893 391 964 γὰρ
426 896 636 966 Κυρίου
661 896 886 950 Σαϐαὼθ
920 901 1010 952 ἐπὶ
1039 900 1215 953 πάντα
1246 901 1503 974 ὑϐριστὴν
1535 904 1628 957 καὶ
1660 905 1870 978 ὑπερή-

280 1001 484 1052 φανον,
521 987 618 1039 καὶ
648 989 740 1041 ἐπὶ
794 989 967 1043 πάντα
1003 993 1202 1063 ὑψηλὸν
1257 995 1348 1048 καὶ
1384 995 1674 1067 μετέωρον,
1719 1016 1736 1048 ι
1776 997 1868 1049 καὶ

277 1077 344 1130 τά
375 1077 598 1141 τούτοις
623 1079 908 1134 ἀκόλουθα.
942 1082 1029 1134 Ἐν
1057 1083 1230 1156 ταύτῃ
1268 1085 1552 1156 τοιγαροῦν
1587 1089 1652 1157 τῇ
1686 1088 1868 1158 ἡμέρα

275 1167 374 1236 τῆς
411 1168 766 1233 ἀναστάσεως
801 1171 893 1224 τοῦ
936 1173 1163 1244 Κυρίου,
1199 1174 1265 1226 τά
1309 1177 1449 1228 κατά
1495 1177 1602 1229 τῶν
1640 1179 1863 1249 ἐπαιρο-

277 1259 466 1328 μένων
500 1261 644 1314 κατά
675 1264 774 1332 τῆς
813 1262 1065 1328 γνώσεως
1107 1264 1198 1318 τοῦ
1245 1265 1379 1318 Θεοῦ
1419 1269 1859 1340 προαγορεύσας,

278 1367 296 1398 ι
335 1350 429 1403 Ἐν
466 1351 605 1422 αὐτῇ
631 1351 830 1424 ταύτῃ,
863 1354 1016 1423 φησὶ,
1054 1357 1116 1425 τῇ
1149 1356 1331 1427 ἡμέρα
1367 1356 1708 1430 ὑψωθήσεται
1749 1361 1860 1414 Κύ-

273 1458 410 1511 ριος,
445 1443 542 1496 καὶ
575 1443 644 1496 τὰ
675 1446 1023 1516 χειροποίητα
1056 1447 1237 1500 πάντα
1265 1450 1705 1521 κατακρύψουσιν
1747 1456 1857 1506 εἰσ-

270 1532 601 1599 ενέγκαντες
640 1537 720 1598 εἰς
751 1536 818 1589 τὰ
863 1537 1130 1607 σπήλαια,
1173 1560 1190 1589 ι
1237 1541 1520 1611 μονονουχὶ
1557 1542 1728 1612 δηλῶν
1759 1544 1854 1616 τὴν

269 1625 626 1698 ἀποστροφὴν
657 1627 767 1680 τῶν
809 1629 1040 1682 εἰδώλων
1065 1671 1080 1693 ,
1119 1632 1184 1700 ἢν
1231 1633 1658 1706 ἀπεστράφησαν
1702 1638 1854 1691 αὐτοί

267 1733 323 1769 τε
362 1718 632 1783 Ἰουδαῖοι,
672 1721 766 1773 καὶ
801 1721 850 1772 οἱ
898 1721 1070 1774 λοιποὶ
1129 1725 1326 1789 πάντες
1385 1726 1660 1797 ἄνθρωποι
1715 1731 1851 1800 μετά

267 1807 362 1878 τὴν
392 1809 490 1862 τοῦ
529 1811 776 1881 Σωτῆρος
821 1812 976 1882 ἡμῶν
1015 1815 1354 1881 ἐπιφάνειαν,
1402 1822 1850 1885 καταπτύσαντες

1973 819 2172 867 terram
2207 815 2273 868 ³¹.
2314 837 2333 869 ι
2371 819 2579 884 Quibus
2610 825 2789 880 verbis
2822 829 2980 897 plane
3009 845 3384 892 surrecturum
3417 855 3543 896 esse

1971 902 2257 960 Dominum
2290 908 2495 964 indicat
2521 952 2534 975 ,
2572 922 2624 968 et
2656 918 2967 975 universam
2993 931 3195 979 terram
3228 931 3405 997 gentis
3434 931 3539 986 Ju-

1967 995 2135 1052 daicze
2165 1009 2548 1068 quassaturum
2584 1005 2683 1060 :de
2727 1007 2927 1067 Judwis
2961 1015 3104 1068 enim
3145 1022 3321 1075 onmis
3357 1039 3538 1081 sermo

1966 1095 2049 1142 est
2078 1129 2092 1151 ,
2125 1093 2582 1160 quemadmodum
2618 1099 2777 1154 etiam
2809 1104 2862 1156 in
2895 1110 3267 1175 sequentibus,
3302 1114 3391 1168 ubi
3417 1116 3532 1174 ait:

1971 1196 1990 1228 ›
2029 1178 2152 1234 Dies
2175 1183 2318 1235 enim
2345 1183 2555 1240 Domini
2585 1187 2817 1246 Sabaoth
2849 1212 3011 1265 super
3039 1215 3252 1257 omnem
3286 1207 3536 1274 petulan-

1963 1277 2068 1325 tem
2096 1281 2148 1326 et
2181 1277 2495 1343 Superbum,
2526 1289 2580 1334 et
2616 1297 2782 1351 super
2810 1300 3024 1343 omnem
3047 1295 3320 1349 excelsum
3352 1309 3403 1352 et
3433 1316 3531 1355 su-

1961 1361 2178 1417 blimem
2210 1367 2276 1430 ³³,
2317 1385 2335 1417 ι
2372 1385 2601 1439 qumque
2632 1373 2716 1428 his
2747 1375 3004 1448 deinceps
3038 1397 3406 1443 consentanea
3440 1391 3528 1446 di-

1956 1462 2172 1510 cuntur.
2221 1457 2278 1510 In
2316 1459 2416 1513 hac
2460 1462 2626 1531 igitur
2659 1465 2781 1527 die,
2836 1468 2891 1522 in
2922 1486 3026 1539 qua
3064 1487 3413 1537 surrecturus
3441 1491 3528 1537 est

1953 1537 2236 1607 Dominus,
2272 1557 2554 1618 postquam
2592 1555 2918 1612 vaticinatus
2943 1567 3026 1614 est
3061 1574 3249 1619 contra
3283 1583 3397 1632 eos,
3431 1573 3526 1642 qui

1951 1634 2286 1689 extolluntur
2317 1638 2578 1698 adversus
2615 1647 2978 1715 cognitionem
3020 1651 3149 1719 Dei,
3191 1665 3304 1710 tum
3336 1660 3387 1712 in
3422 1661 3525 1717 hac

1949 1721 2086 1791 ipsa,
2120 1726 2363 1796 inquam,
2388 1732 2474 1786 die
2498 1772 2513 1796 ,
2550 1733 2837 1790 Dominum
2862 1740 2913 1792 id
2945 1740 3216 1799 facturum
3256 1751 3522 1819 propheta

1951 1816 2220 1887 signiﬁcat
2262 1841 2273 1875 :
2312 1841 2331 1874 ‹
2373 1823 2678 1882 Extolletur
2708 1850 2727 1882 ι
2768 1832 2990 1901 inquit,
3028 1816 3290 1895 Dominus
3333 1816 3384 1896 in
3433 1846 3520 1899 die

269 1901 451 1971 πάσης
508 1901 949 1973 δεισιδαιμονίας
1001 1925 1018 1955 ι
1072 1907 1148 1976 Τῇ
1194 1907 1321 1975 γοῦν
1375 1909 1554 1982 ἡμέρᾳ
1619 1913 1822 1982 ἐκείνη

1941 1906 2032 1961 illa
2058 1928 2072 1963 :
2100 1919 2152 1965 et
2178 1915 2490 1972 manufacta
2522 1923 2700 1975 omnia
2728 1927 3103 1992 occultabant,
3133 1930 3518 1993 introferentes

266 1994 453 2062 φησὶν,
489 1993 717 2046 ἐκϐαλεῖ
787 1995 1070 2066 ἄνθρωπος
1111 1998 1178 2050 τά
1209 1999 1551 2070 βδελύγματα
1584 2002 1744 2055 αὑτοῦ
1776 2002 1844 2056 τὰ

264 2086 462 2154 χρυσᾶ,
493 2085 587 2136 καὶ
611 2085 680 2138 τὰ
721 2087 939 2158 ἀργυρᾶ
966 2087 1000 2141 ἃ
1053 2090 1310 2161 ἐποίησαν
1330 2132 1344 2155 ,
1380 2098 1702 2165 προσκυνεῖν
1729 2099 1842 2160 τοῖς

263 2176 549 2244 ματαίοις,
584 2196 601 2227 ι
631 2176 882 2240 καθόλου,
909 2179 984 2242 ὡς
1017 2180 1181 2244 εἰκὸς,
1213 2183 1307 2234 καὶ
1345 2185 1471 2255 περὶ
1511 2186 1710 2249 παντὸς
1743 2187 1838 2240 ἀν-

259 2263 483 2337 θρώπου
509 2267 681 2321 ταῦτα
712 2269 1010 2338 ἁναφωνῶν
1039 2271 1125 2324 διὰ
1162 2273 1260 2343 τὴν
1294 2274 1588 2344 μέλλουσαν
1622 2277 1837 2332 ἔσεσθαι

254 2360 364 2412 τῶν
401 2360 574 2413 ἐθνῶν
601 2361 812 2431 κλῆσιν.
849 2363 1016 2426 ’ἰδίως
1043 2364 1097 2416 δὲ
1121 2361 1276 2428 αὖθις
1299 2368 1537 2438 περὶτοῦ
1576 2371 1837 2427 Ἰουδαίων

255 2449 447 2514 ἔθνους
491 2453 598 2504 ύπὺ
641 2454 768 2522 μίαν
808 2454 1044 2507 διάνοιαν
1089 2456 1215 2528 ἑξῆς
1256 2458 1526 2528 ἐπιλέγειο
1579 2481 1597 2510 ι
1640 2464 1767 2515 Ἰδοὺ
1807 2466 1835 2517 ὁ

251 2545 537 2614 Δεσπότης
574 2546 778 2616 Κύριος
805 2545 1027 2598 Σαϐαὼθ
1064 2549 1253 2618 ἀφελεῖ
1287 2551 1392 2604 ἀπὸ
1423 2553 1522 2622 τῆς
1557 2554 1832 2622 Ἰουδαίας,

252 2636 345 2688 καὶ
377 2635 493 2688 ἀπὸ
535 2636 890 2708 Ἰερουσαλὴμ
925 2639 1196 2709 ἰσχύοντα,
1227 2643 1321 2694 καὶ
1344 2642 1650 2712 ἰσχύουσαν,
1683 2647 1832 2717 ἰσχὺν

249 2725 444 2797 ἄρτου.
483 2728 581 2780 κα).
608 2729 760 2798 ἰσχὺν
794 2728 1002 2794 ὓδατος,
1039 2731 1291 2799 γίγαντα,
1322 2733 1414 2786 καὶ
1449 2736 1717 2805 ἰσχύοντα,
1739 2739 1832 2791 καὶ

247 2818 540 2889 ἄνθρωπον
567 2819 916 2890 πολεμιστὴν,
943 2823 1037 2874 καὶ
1070 2823 1328 2894 δικαστὴν
1349 2864 1362 2886 ,
1393 2825 1488 2877 καὶ
1525 2829 1825 2900 προφήτην,

245 2909 340 2962 καὶ
372 2909 700 2982 στοχαστὴν,
736 2911 830 2964 καὶ
869 2914 1257 2985 πρεσϐύτερον,
1300 2917 1392 2968 καὶ
1434 2919 1829 2992 πεντηκόνταρ-

241 3014 370 3067 χον,
431 2999 529 3050 καὶ
568 2998 878 3069 θαυμαστὸν
941 3000 1273 3071 σύμϐουλον,
1322 3004 1414 3056 καὶ
1465 3004 1626 3073 σοφὸν
1672 3009 1827 3080 ἀρχι-

239 3086 470 3139 τέκτονα
496 3126 513 3150 ,
560 3088 655 3141 καὶ
707 3090 923 3142 συνετὸν
978 3093 1285 3164 ἀκροατὴν,
1321 3113 1340 3146 ι
1385 3095 1478 3148 καὶ
1509 3097 1577 3150 τὰ
1619 3098 1824 3163 τούτοις

237 3177 391 3247 ἑξῆς.
430 3179 601 3231 Ἐνθα
629 3181 946 3252 ἐπιστήσας,
975 3184 1216 3254 παράθες
1235 3185 1302 3239 τά
1328 3187 1700 3258 προλεγόμενα
1724 3193 1822 3261 τῆς

236 3272 586 3341 προφητείας
619 3272 685 3324 δι’
710 3266 788 3326 ὧν
825 3273 1066 3344 εἴρηται,
1100 3295 1118 3326 ‹
1155 3277 1210 3329 '0
1251 3278 1422 3346 Λόγος
1468 3282 1496 3332 ὁ
1532 3282 1818 3352 γενόμενος

233 3365 389 3434 παρὰ
424 3365 632 3436 Κυρίου
677 3368 812 3437 πρὸς
862 3368 1104 3434 Ἡσαΐαν,
1132 3371 1244 3423 υἱὸν
1291 3372 1489 3442 Ἀμὼς,
1538 3375 1678 3445 ὑπὲρ
1721 3377 1818 3447 τῆς

244 3455 514 3518 Ἰουδαίας
556 3457 650 3510 καὶ
683 3457 820 3529 ὑπὲρ
874 3457 1242 3531 Ἰερουσαλὴμ,
1271 3481 1288 3513 ι
1329 3464 1402 3527 ὡς
1452 3465 1649 3535 μᾶλλον
1693 3471 1816 3520 κατ’

229 3547 417 3600 αὐτῶν
461 3547 494 3617 ἢ
545 3549 683 3620 ὑπὲρ
730 3548 910 3602 αὐτῶν
959 3550 1028 3603 τὰ
1073 3553 1478 3624 ὲπενηνεγμένα
1521 3557 1810 3626 τυγχάνειο

232 3641 286 3692 εἰ
320 3643 394 3710 μή
432 3657 520 3702 τις
557 3639 668 3711 ἄρα
699 3641 756 3692 ἐν
789 3641 995 3705 τούτοις
1019 3642 1292 3696 λανθάνων
1325 3647 1633 3717 περιέχεται
1667 3648 1808 3712 νοῦς.

225 3728 361 3790 Πῶς
394 3728 542 3799 γὰρ,
603 3729 809 3798 μέλλων
856 3731 1108 3802 ἀφαιρεῖν
1155 3733 1261 3786 ἀπὸ
1288 3735 1384 3804 τῆς
1423 3737 1676 3801 Ἰουδαίας
1719 3741 1811 3792 καὶ

223 3819 341 3872 ἀπὸ
402 3818 762 3892 Ἰερουσαλὴμ
809 3823 1057 3892 ἰσχύοντα
1119 3824 1214 3878 καὶ
1277 3825 1599 3896 ἰσχύουσαν,
1659 3832 1810 3900 ἰσχὺν

227 3910 404 3981 ἄρτου
444 3912 539 3964 καὶ
566 3913 718 3982 ἰσχὺν
751 3911 958 3977 ὓδατος,
985 3914 1078 3967 καὶ
1106 3915 1280 3968 πάντα
1307 3917 1373 3970 τὰ
1411 3920 1467 3970 ἐν
1498 3920 1680 3983 αὐτοῖς
1708 3922 1809 3975 πά-

220 4005 321 4056 λαι
351 4005 744 4074 διαπρέποντα,
761 4007 899 4077 ὑπὲρ
918 4007 1018 4077 τῆς
1051 4009 1308 4074 Ἰουδαίας
1334 4012 1427 4064 καὶ
1449 4013 1588 4085 ὑπὲρ
1616 4015 1678 4066 Ἰε
1690 4032 1807 4086 ρου-

223 4096 415 4167 σαλὴμ
471 4097 690 4152 ἔσεσθαι
745 4099 812 4153 τά
852 4100 1214 4171 θεσπιζόμενα
1263 4102 1554 4173 προῦλεγε;
1596 4105 1711 4169 πῶς
1749 4107 1804 4160 δὲ

218 4187 367 4259 ὑπὲρ
426 4187 610 4241 αὐτῶν
671 4188 784 4241 ἔστι
835 4190 928 4243 καὶ
985 4191 1054 4244 τὰ
1118 4191 1245 4262 ἑξῆς
1298 4189 1453 4256 αὖθις
1519 4196 1800 4265 λέγεσθαι;

220 4299 242 4329 ς
291 4279 532 4332 Ἁνείται
566 4280 941 4352 Ἰερουσαλὴμ,
975 4284 1067 4336 καὶ
1094 4285 1125 4354 ἡ
1163 4285 1388 4338 Ἰουδαία
1412 4287 1798 4356 συμπέπτωκε,

215 4371 310 4426 καὶ
373 4373 434 4424 αἱ
498 4371 739 4439 γλῶσσαι
788 4373 966 4427 αὐτῶν
1025 4374 1163 4445 μετὰ
1221 4376 1480 4447 ἀνομίας,
1536 4378 1602 4431 τά
1663 4381 1800 4452 πρὸς

216 4459 427 4532 Κύριον
475 4461 888 4526 ἀπειθοῦντες.)
933 4463 1091 4516 Ἀλλά
1119 4463 1226 4533 γὰρ
1273 4467 1330 4519 ἐν
1372 4466 1555 4537 τοιῷδε
1598 4471 1792 4542 καιρῷ,

1944 2014 2008 2053 ea
2042 2000 2096 2054 in
2131 2004 2416 2071 speluncas
2452 2009 2537 2063 “:
2580 2030 2598 2060 ι
2637 2013 2725 2067 ubi
2770 2018 3157 2086 propemodum
3206 2023 3411 2078 indicat
3456 2042 3517 2081 a-

1943 2092 2243 2148 versionem
2277 2111 2306 2149 a
2337 2099 2664 2168 simulacris,
2701 2120 2806 2174 qua
2839 2111 3016 2164 aversi
3048 2121 3172 2166 sunt
3201 2123 3254 2168 et
3286 2116 3389 2184 ipsi
3417 2117 3514 2174 Ju-

1940 2181 2039 2237 daei
2072 2199 2102 2247 ,'
2133 2194 2186 2240 et
2218 2202 2407 2244 omnes
2461 2194 2656 2264 reliqui
2700 2197 2946 2256 homines
2981 2245 2995 2269 ,
3048 2215 3169 2273 post
3213 2206 3510 2268 Salvatoris

1940 2275 2114 2328 nostri
2150 2276 2438 2334 adventum
2467 2323 2481 2346 ,
2537 2287 2755 2352 quando
2811 2305 3025 2345 omnem
3067 2299 3506 2364 superstitionem

1939 2369 2211 2432 aspernati
2247 2380 2391 2423 sunt.
2430 2391 2448 2421 ι
2484 2373 2624 2445 Ergo
2658 2378 2710 2430 in
2742 2381 2829 2435 die
2859 2382 2948 2435 illa
2975 2425 2990 2448 ,
3028 2385 3245 2456 inquit,
3287 2391 3504 2461 abjiciet

1937 2453 2099 2508 homo
2128 2457 2559 2518 abominationes
2591 2482 2720 2521 suas
2751 2484 2946 2526 aureas
2971 2483 3134 2544 atque
3167 2489 3452 2547 argenteas
3482 2521 3498 2546 ,

1934 2563 2072 2616 quas
2095 2549 2345 2622 iecerunt
2369 2593 2384 2616 ,
2416 2565 2472 2609 ut
2506 2559 2796 2616 adorarent
2825 2566 3006 2620 inania
3036 2570 3101 2623 ³⁵.
3140 2591 3157 2622 ι
3200 2570 3297 2626 Ubi
3332 2575 3445 2631 lucc
3482 2617 3500 2644 ,

1933 2645 1992 2690 ut
2020 2654 2115 2708 par
2143 2653 2222 2696 est
2247 2683 2262 2705 ,
2293 2644 2359 2698 de
2380 2649 2528 2702 omni
2561 2651 2778 2710 homine
2807 2660 3100 2715 enuntians
3127 2701 3139 2732 _,
3165 2673 3388 2734 pr0pter
3409 2667 3499 2721 fu-

1931 2736 2105 2784 turam
2129 2735 2366 2802 gentium
2407 2742 2779 2810 vocationem,
2817 2757 2929 2802 tum
2961 2755 3250 2820 separatim
3298 2773 3497 2815 rursus

1932 2821 2032 2874 sub
2065 2839 2225 2878 unam
2258 2831 2579 2884 sententiam
2616 2835 2682 2889 de
2709 2836 2934 2893 Judaica
2965 2853 3123 2912 gente
3149 2849 3419 2919 adjungit,
3445 2861 3498 2906 et

1927 2911 2086 2968 dicit:
2112 2935 2130 2966 ‹
2157 2915 2292 2972 Ecce
2309 2918 2618 2977 dominator
2640 2927 2900 2986 Dominus
2921 2911 3182 3002 sabaoth,
3200 2940 3409 2996 auferet
3429 2943 3499 3000 do

1925 2995 2110 3054 Juda'a
2150 3009 2204 3057 et
2244 3004 2311 3059 de
2351 3005 2650 3066 Jerusalem
2683 3016 2856 3072 virum
2900 3023 3182 3079 robustum
3211 3069 3224 3092 ,
3255 3037 3308 3082 et
3338 3031 3494 3086 femi-

1926 3103 2051 3142 nam
2084 3093 2351 3150 valentem
2373 3138 2388 3163 ,
2431 3101 2600 3156 robur
2632 3109 2790 3174 panis
2819 3148 2833 3171 ,
2867 3122 2920 3166 et
2970 3116 3135 3170 robur
3173 3134 3326 3189 aqua:
3349 3163 3363 3187 ,
3405 3123 3491 3193 gi-

1925 3190 2138 3249 gantem
2162 3224 2177 3250 ,
2210 3194 2262 3241 et
2295 3189 2581 3247 robustum
2610 3235 2625 3259 ,
2656 3205 2710 3252 et
2749 3199 3020 3258 hominem
3052 3189 3492 3275 hellatoremiet

1917 3273 2176 3342 judicem,
2200 3287 2253 3333 et
2281 3283 2620 3353 prophetam,
2640 3297 2692 3343 et
2725 3293 3113 3364 conjectorem,
3135 3309 3184 3354 et
3213 3303 3323 3373 68
3339 3305 3487 3359 seni-

1919 3380 2110 3433 orem,
2143 3377 2196 3424 et
2232 3375 2530 3446 principem
2566 3396 2731 3449 super
2761 3387 3156 3458 quinquaginta
3191 3435 3205 3458 ,
3241 3407 3294 3448 et
3320 3398 3486 3452 mira-

1919 3457 2078 3513 bilem
2108 3465 2508 3533 consiliarium,
2547 3478 2600 3524 et
2623 3472 2838 3527 doctum
2872 3457 3256 3546 architectum,
3281 3494 3334 3539 et
3357 3504 3487 3556 pru-

1915 3545 2128 3602 dentem
2152 3552 2455 3609 auditorem
2484 3558 2549 3634 ³⁶,
2586 3578 2606 3610 ›
2633 3568 2686 3614 et
2715 3577 2834 3630 qua:
2855 3576 3177 3634 sequuntur.
3203 3571 3334 3636 Qua:
3358 3590 3482 3631 cum

1913 3637 2224 3709 diligentius
2253 3647 2546 3703 attenderis
2567 3691 2582 3714 ,
2621 3655 2879 3720 apponito
2909 3656 2975 3712 iis
3007 3674 3129 3727 quae
3159 3659 3316 3717 initio
3345 3679 3476 3732 pro-

1911 3729 2106 3797 phetia:
2132 3733 2276 3788 dicta
2306 3747 2454 3802 sunt,
2481 3755 2600 3808 quae
2629 3744 2707 3797 sic
2730 3743 2929 3800 habent
2955 3767 2967 3802 :
3003 3767 3021 3799 ι
3059 3749 3294 3806 Verbum
3328 3729 3474 3824 quod

1912 3821 2113 3876 factum
2145 3837 2227 3881 est
2270 3843 2298 3880 a
2333 3828 2562 3886 Domino
2597 3834 2662 3887 ad
2694 3835 2886 3891 Isaiam
2926 3839 3093 3894 ﬁlium
3125 3843 3292 3900 Amos
3311 3862 3476 3916 super

1906 3911 2092 3968 Judaea
2117 3956 2131 3979 ,
2167 3925 2221 3972 et
2271 3933 2434 3989 super
2480 3919 2778 3980 Jerusalem
2803 3928 2846 3960 ³⁷
2871 3967 2886 3992 ,
2922 3940 2980 3984 ιιι
3009 3949 3128 4001 quae
3153 3934 3233 3989 sic
3262 3911 3473 4006 prolata

1909 4013 2056 4068 sunt,
2081 4009 2251 4078 magis
2281 4021 2469 4067 contra
2491 4014 2659 4084 ipsos,
2691 4033 2852 4086 quam
2888 4036 2986 4089 pro
3017 4023 3152 4092 ipsis
3177 4027 3468 4094 exsistant,

1905 4097 2010 4152 nisi
2037 4097 2174 4153 forte
2209 4101 2262 4154 in
2297 4103 2381 4158 his
2408 4106 2603 4175 aliquis
2639 4109 2810 4164 latens
2839 4115 3318 4182 comprehenditur
3345 4135 3472 4176 sen-

1903 4203 2018 4243 sus.
2053 4188 2156 4255 Qui
2185 4193 2326 4246 enim
2361 4193 2473 4249 ﬁeri
2507 4206 2685 4266 potest
2717 4239 2731 4263 ,
2784 4211 2839 4255 ut
2873 4204 2919 4258 is
2957 4205 3049 4271 qui
3081 4207 3363 4264 ablaturus
3397 4212 3470 4264 sit

1902 4282 1969 4333 ab
1995 4280 2179 4336 Judaca
2211 4323 2225 4345 ,
2253 4291 2306 4337 et
2361 4287 2431 4339 ab
2467 4287 2768 4345 Jerusalem
2797 4333 2811 4353 ,
2857 4293 3029 4347 virum
3062 4297 3342 4352 robustum
3369 4339 3385 4364 ,
3413 4308 3469 4357 et

1900 4373 2153 4428 feminam
2188 4378 2451 4432 valentem
2479 4419 2493 4441 ,
2539 4382 2707 4434 robur
2747 4384 2902 4451 panis
2931 4423 2946 4447 ,
2980 4393 3033 4436 et
3065 4388 3231 4440 robur
3261 4404 3417 4458 aquae
3447 4431 3463 4452 .

1897 4473 1951 4519 et
1980 4468 2161 4521 omnia
2204 4485 2543 4541 quaecunque
2585 4474 2712 4526 olim
2754 4474 2808 4527 in
2840 4475 2919 4530 eis
2949 4476 3265 4546 dignitatem
3295 4481 3464 4537 habe-

216 4555 270 4606 ὲν
296 4548 345 4621 ᾧ
370 4554 434 4607 τὸ
461 4554 588 4624 ὅρος
627 4554 832 4626 Κυρίου
873 4558 1006 4610 πᾶσι
1053 4560 1164 4620 τοῖς
1205 4557 1410 4611 ἔθνεσιν
1445 4559 1656 4630 ἀνάγκη
1696 4579 1792 4632 κη-

1925 4567 2026 4611 sant
2049 4597 2064 4620 ,
2119 4575 2217 4628 pro
2243 4559 2428 4616 Judaea
2453 4603 2468 4626 ,
2515 4574 2569 4617 et
2613 4579 2708 4632 pro
2744 4563 3042 4622 Jerusalem
3081 4568 3259 4624 futura
3284 4589 3409 4628 esse
3441 4614 3458 4640 ,

214 4647 537 4718 ρύττεσθαι,
568 4647 596 4700 ὃ
627 4663 684 4700 τε
713 4649 805 4700 ἐπὶ
826 4647 918 4701 τοῦ
953 4648 1112 4718 ὅρους
1148 4644 1294 4712 οἶκος
1317 4649 1412 4704 τοῦ
1445 4650 1600 4712 Θεοῦ,
1625 4655 1709 4722 ἐφ’
1733 4647 1792 4708 οὗ

217 4739 396 4791 πάντα
421 4737 496 4790 τὰ
525 4738 650 4809 ἔθνη
679 4740 925 4793 συνιόντα
948 4741 1105 4809 φασί·
1130 4758 1148 4790 ‹
1171 4740 1354 4804 Δεῦτε,
1386 4742 1479 4794 καὶ
1504 4744 1792 4814 ἀναδῶμεν

217 4830 292 4892 εἰς
322 4829 388 4882 τὸ
418 4830 548 4900 ὅρος
588 4830 812 4900 Κυρίου,
848 4830 942 4884 καὶ
969 4833 1047 4894 εἰς
1076 4831 1166 4884 τὸν
1191 4826 1336 4884 οἷκον
1381 4828 1474 4885 τοῦ
1516 4833 1647 4887 Θεοῦ
1692 4836 1790 4888 Ἰα-

215 4919 327 4973 κώϐ
350 4938 365 4950 ο
407 4939 428 4971 ι
468 4920 742 4984 τοιαύταις
784 4924 812 4973 ὁ
855 4921 1008 4989 λόγος
1056 4923 1395 4994 χρησάμενος
1438 4926 1788 4997 κατηγορίαις

214 5011 302 5064 Ιτοῦ
332 5011 607 5066 Ἰουδαίων
628 5012 832 5079 ἔθνους,
865 5013 1163 5084 ἀπειλήσας
1183 5033 1242 5068 τε
1267 5017 1446 5080 αὐτοῖς
1467 5017 1538 5069 τὰ
1560 5018 1780 5088 ἔσχατα,

214 5099 572 5154 ἑπισυνάπτει
623 5101 830 5165 τούτοις
875 5105 1005 5155 πᾶσι
1053 5103 1151 5166 τὰς
1200 5104 1612 5173 προεκτεθείσας
1650 5110 1782 5178 ἡμῖν

212 5187 401 5254 λέξεις,
441 5191 728 5258 διδάσκων,
757 5193 858 5254 ὅτι,
898 5192 992 5246 τοῦ
1040 5194 1237 5259 παντὸς
1289 5195 1548 5249 Ἰουδαίων
1596 5197 1779 5262 ἔθνους

216 5281 497 5348 μέλλοντος
531 5283 920 5338 ἀποπεσεῖσθαι
981 5286 1077 5356 τῆς
1128 5285 1266 5339 κατά
1307 5287 1396 5339 τὸν
1449 5287 1580 5341 Θεὸν
1621 5290 1776 5341 εὐσε-

214 5369 381 5437 ϐείας,
419 5373 931 5446 περιλειφθήσονταί
963 5393 1106 5438 τινες
1143 5379 1200 5428 ὲν
1233 5378 1414 5440 αὐτοῖς
1457 5378 1515 5430 οὐ
1552 5396 1784 5434 συναπο-

1897 4647 2008 4702 lucc
2052 4649 2169 4718 ipsa
2209 4667 2328 4720 quae
2369 4653 2753 4708 divinabantur
2800 4657 3155 4725 praedixerit?
3185 4665 3460 4731 quomodo

1893 4746 2076 4792 autem
2113 4749 2240 4794 sunt
2264 4755 2363 4810 pro
2395 4741 2613 4807 iisdem,
2644 4758 2706 4798 ea
2731 4759 2852 4813 quae
2883 4744 3139 4816 deinceps
3165 4748 3461 4805 dicuntur?

1896 4846 1915 4878 ι
1958 4827 2144 4884 Soiuta
2189 4838 2275 4885 est
2297 4829 2617 4896 Jerusalem,
2652 4839 2705 4887 et
2732 4831 2917 4888 Judaea
2944 4835 3222 4901 concidit,
3269 4846 3323 4892 et
3351 4840 3456 4892 lin-

1885 4934 2005 4988 guae
2048 4936 2236 4974 eorum
2287 4936 2410 4975 cum
2456 4922 2743 4992 iniquitate
2771 4963 2786 4989 ,
2821 4939 2884 4978 ea
2919 4941 3038 4994 quae
3068 4928 3134 4981 ad
3167 4927 3451 4984 Dominum

1890 5020 2136 5081 spectant
2177 5028 2284 5066 non
2332 5013 2618 5069 credentes
2661 5015 2725 5070 ³⁸.
2766 5036 2784 5067 ι
2834 5017 2995 5088 Atqui
3053 5035 3158 5089 quo
3206 5029 3449 5092 tempore

1887 5109 2126 5156 montem
2153 5101 2367 5158 Domini
2396 5105 2649 5160 omnibus
2675 5107 2927 5176 gentibus
2958 5112 3194 5163 nuntiari
3223 5127 3452 5167 necesse

1885 5200 2040 5257 erat,
2078 5193 2277 5262 Deique
2310 5197 2366 5251 in
2415 5197 2509 5251 illo
2543 5210 2726 5254 monte
2772 5199 2988 5253 domum
3023 5240 3037 5261 ,
3071 5201 3124 5254 in
3153 5217 3313 5272 quam
3353 5204 3446 5260 ubi

1883 5299 2071 5340 omnes
2118 5295 2306 5355 gentes
2349 5289 2733 5344 convenissent
2762 5330 2776 5353 ,
2809 5299 2921 5345 tum
2968 5293 3167 5348 dicturi
3215 5307 3444 5354 essent:

1888 5393 1906 5426 ι
1948 5375 2178 5440 Venite,
2233 5380 2594 5434 ascendamus
2641 5381 2695 5434 in
2737 5391 2975 5436 montem
3009 5383 3263 5454 Domini,
3306 5391 3444 5445 etin

213 5458 506 5528 λαύσαντες
535 5468 648 5526 τοῖς
673 5467 804 5518 πᾶσι
847 5465 954 5519 τῶν
1000 5465 1212 5519 κακῶνο
1272 5467 1505 5538 ἔμπαλιν
1535 5468 1590 5521 δὲ
1633 5469 1782 5524 ὠσάν

1925 5484 2100 5523 omum
2137 5468 2230 5523 Dei
2261 5469 2430 5524 Jacob
2453 5472 2496 5503 ³⁹
2531 5491 2544 5526 :
2578 5489 2597 5522 ι
2629 5473 2684 5524 in
2718 5487 2783 5527 eo
2809 5512 2824 5536 ,
2855 5473 3074 5543 inquam
3104 5517 3119 5542 ,
3155 5480 3272 5549 ipso
3305 5488 3442 5535 tem-

212 5551 270 5604 ἐκ
306 5553 596 5626 μοχθηρῶν
635 5557 729 5610 καὶ
763 5557 1086 5628 παρανόμων
1123 5558 1563 5630 διασεσωσμένοι,
1599 5561 1692 5612 καὶ
1721 5563 1781 5615 τὸ

213 5643 411 5666 -Ξῒ----η
435 5646 490 5666 ’ΔΑ
530 5647 620 5666 ᾲίυᾼ
655 5649 696 5666 ,9
776 5647 805 5666 II
845 5649 856 5666 ρ
954 5652 966 5664 ο
1047 5649 1071 5664 κ
1107 5649 1129 5666 θ
1252 5650 1262 5666 ο
1438 5651 1463 5661 ~
1657 5650 1667 5666 π
1743 5651 1768 5664 ω

1925 5575 2028 5623 πθ,
2068 5560 2154 5614 ubi
2183 5576 2362 5616 sermo
2393 5562 2612 5618 divinus
2641 5565 2844 5622 talibus
2865 5566 3105 5624 Iudaicae
3139 5572 3316 5640 gentis
3344 5588 3439 5626 ac-

210 5643 491 5716 εἰλικρινὲς
508 5647 622 5718 ,τῆς
647 5647 922 5713 εὐσεϐείας
949 5649 1370 5718 ἐπιδεδεγμένοι,
1405 5651 1500 5721 τῆς
1534 5650 1681 5721 παρὰ
1703 5651 1778 5722 τῷ

1925 5652 2253 5707 isationibus
2299 5660 2383 5707 est
2430 5669 2563 5710 usus
2584 5671 2608 5722 ·,
2663 5655 2838 5728 iisque
2880 5661 3115 5717 minatus
3147 5672 3385 5719 extrema
3422 5684 3435 5718 :

313 5764 479 5821 “Isa.
507 5768 742 5828 H.840.
818 5769 1006 5824 “ibid.
1035 5769 1119 5823 12.
1199 5771 1242 5803 ⁸³
1277 5769 1405 5824 ibid.
1440 5770 1632 5833 17,18.

212 5830 252 5861 ”
291 5833 390 5890 Isa.
427 5854 491 5901 ιι,
531 5838 586 5894 3.

1713 5772 1755 5805 “
1781 5772 1915 5838 ibid.
1954 5773 2044 5830 20.
2122 5775 2167 5807 “
2205 5773 2312 5830 Isa.
2349 5788 2433 5843 HI,
2458 5774 2580 5834 1-5.
2608 5775 2740 5834 "Isa
2767 5821 2784 5836 .
2818 5796 2879 5848 ιι,
2918 5783 2969 5841 1.

3047 5783 3092 5816 ³⁸
3124 5782 3229 5840 Isa.
3263 5799 3346 5847 tu,
3380 5784 3433 5841 8.
