4018 6550
553 410 650 466 1:5
1181 399 1445 470 EUSICBII
1483 415 1963 471 cmsammsrs
2001 415 2150 472 ore.
2193 415 2372 471 rans
2405 416 2469 470 ιι.
2511 445 2581 458 ._
2622 415 3120 473 APOLOGETICA.
3227 379 3234 388 ’
3695 413 3796 468 ias

544 541 658 586 tum
689 533 774 588 his
804 533 1058 588 omnibus
1091 573 1105 598 ,
1138 551 1201 590 ea
1233 552 1354 606 qua:
1383 544 1508 592 ante
1549 539 1904 606 exposuimus
1947 541 2110 593 verba

2213 538 2330 608 Θεῷ
2356 539 2580 614 Γραφῆς
2607 539 3124 610 καταξιωθήσονται,
3160 535 3250 590 τοῦ
3279 536 3413 590 Θεοῦ
3439 553 3497 590 τε
3532 537 3624 590 καὶ
3651 537 3797 604 amo:

545 625 794 695 adjungit
822 665 838 689 ,
866 626 1130 699 docetque
1155 645 1218 684 ex
1255 629 1400 682 omni
1442 626 1667 682 Judaica
1696 637 1854 698 gente
1883 669 1897 692 ,
1929 644 2051 700 quae
2086 644 2116 682 a

2222 630 2577 702 κληθήσονται
2611 630 2806 684 δοῦλοις
2855 632 3015 702 Δηλοῖ
3055 630 3110 683 δὲ
3151 629 3238 684 διὰ
3275 628 3478 682 τούτων
3525 629 3653 692 τοὺς
3697 627 3795 682 τοῦ

543 733 675 774 vero
705 718 802 772 Dei
831 721 978 774 cultu
1019 737 1214 776 casura
1245 723 1350 783 sit,
1383 720 1768 790 superfuturos
1801 722 2066 790 quosdam
2100 762 2115 786 ,

2219 719 2472 790 Σωτῆρος
2509 720 2662 790 ἡμῶν
2695 719 3024 783 ἀποστόλους
3068 718 3161 772 καὶ
3197 717 3464 788 μαθητὰς,
3505 716 3599 770 καὶ
3633 718 3797 784 εὐαγ-

541 811 634 882 qui
666 827 776 866 non
807 813 994 868 eadem
1025 829 1148 867 cum
1193 814 1447 867 omnibus
1497 815 1637 866 mala
1683 815 1794 868 sint
1839 813 2114 878 subituri,

2217 810 2499 879 γελιστὰς,
2537 811 2788 874 καὶτοὺς
2825 810 3042 872 λοιποὺς
3073 810 3314 872 ἅπαντας
3361 811 3486 870 τοὺς
3525 811 3583 861 ἐν
3639 825 3795 878 περι-

543 903 675 972 quin
721 911 910 958 contra
958 905 1137 971 potius
1169 943 1182 964 ,
1232 912 1488 972 tanquam
1521 921 1586 958 ex
1621 904 1802 974 pravis
1831 911 1994 974 atque
2029 903 2116 956 in-

2216 905 2353 972 τομῇ
2387 902 2466 966 είς
2492 902 2654 954 αὐτὸν
2686 901 3147 963 πεπιστευκότας,
3183 899 3322 952 κατὰ
3357 900 3447 952 τὸν
3477 899 3664 970 χρόνον
3693 900 3793 968 τῆς

537 993 704 1058 justis
749 992 916 1044 relicti
963 992 1288 1060 superstites
1317 1033 1330 1055 ,
1365 993 1884 1062 comprobatamque
1910 1007 1972 1046 ac
1998 993 2114 1046 sin-

2214 993 2580 1056 άποπτώσεως
2616 993 2706 1046 τοῦ
2733 994 2930 1056 παντὸς
2953 993 3130 1044 αὐτῶν
3147 991 3347 1054 ἔθνους.
3372 990 3555 1044 Ταῦτα
3593 991 3652 1044 δὲ
3707 993 3793 1044 αξ-

541 1097 720 1138 ceram
755 1085 1006 1153 pietatem
1041 1083 1273 1152 amplexi
1305 1123 1318 1142 ,
1371 1097 1432 1136 ea
1486 1085 1758 1152 scriptura
1789 1100 1909 1152 quze
1941 1101 1972 1137 a
2005 1083 2114 1138 Deo

2213 1087 2442 1140 νίττεται
2476 1087 2696 1156 φάσκων
2723 1087 2752 1138 6
2779 1086 2931 1154 λόγος
2951 1102 2964 1116 ·
2997 1104 3014 1136 ι
3059 1087 3145 1138 Ἐν
3196 1088 3262 1156 τῇ
3290 1085 3470 1156 ἡμέρᾳ
3500 1083 3682 1158 ἐκείνῃ
3705 1087 3793 1154 (ὲν

537 1175 784 1254 profecta
813 1175 904 1234 sit,
941 1175 1088 1243 digni
1121 1175 1229 1228 sint
1259 1173 1515 1234 habendi,
1549 1189 1612 1227 ac
1641 1175 1781 1228 servi
1814 1175 1905 1228 Dei
1939 1174 2114 1229 sancti

2213 1174 2512 1252 ᾖδηλονότι
2553 1179 2622 1231 τὰ
2655 1177 3104 1250 προηγορευμένα
3146 1179 3320 1230 πάντα
3364 1177 3490 1248 περὶ
3529 1177 3628 1245 τῆς
3657 1177 3792 1249 κλή-

539 1265 790 1324 ιοοιιηάί,
823 1265 1024 1334 quibus
1057 1279 1188 1316 sane
1218 1263 1399 1317 verbis
1431 1264 1589 1331 plane
1620 1265 1890 1334 signiﬁcat
1925 1264 2114 1318 Salva-

2213 1285 2350 1331 σεως
2381 1268 2490 1321 τῶν
2524 1267 2713 1330 ἐθνῶν,
2759 1268 2851 1320 καὶ
2898 1267 3025 1336 περὶ
3057 1267 3152 1336 τῆς
3187 1266 3293 1318 τῶν
3346 1265 3615 1319 Ἰουδαίων
3657 1266 3793 1320 ἀπο-

539 1373 626 1414 tor
654 1367 844 1412 noster
873 1397 885 1418 ,
924 1356 1198 1424 apostolos
1227 1370 1290 1409 ac
1321 1356 1622 1426 discipulos
1645 1397 1662 1419 ,
1701 1367 1863 1424 atque
1887 1371 2114 1426 evange-

2211 1359 2470 1423 πτώσεως
2488 1357 2802 1430 γενήσεται)
2849 1358 3144 1429 ἐπιλάμψει
3177 1361 3203 1410 6
3225 1357 3358 1420 Θεὸς
3383 1359 3441 1409 ὲν
3465 1357 3626 1430 βουλῇ
3652 1359 3791 1430 μετὰ

539 1451 694 1506 lit-tas
728 1491 742 1516 ,
777 1449 1127 1516 reliquosque
1159 1461 1348 1500 omnes
1387 1489 1398 1508 ,
1447 1449 1540 1517 qui
1585 1449 1651 1502 de
1694 1447 2112 1502 circumcisione

2209 1450 2364 1522 δόξης
2391 1453 2481 1504 ἐπὶ
2511 1452 2609 1521 τῆς
2638 1451 2762 1520 γῆς,
2793 1448 2886 1504 τοῦ
2923 1450 3135 1518 ὑψῶσαι
3162 1449 3255 1501 καὶ
3281 1448 3500 1513 δοξάσαι
3533 1449 3594 1501 τὸ
3621 1465 3791 1504 κατα-

538 1541 803 1610 assnmpti
837 1541 890 1593 in
921 1541 1097 1608 ipsum
1142 1537 1472 1592 crediderint
1500 1578 1515 1602 ,
1555 1555 1664 1608 quo
1689 1547 1932 1608 tempore
1977 1554 2110 1608 gens

2207 1542 2422 1612 λειφθὲν
2449 1543 2542 1596 τοῦ
2569 1542 2804 1614 Ἰσραὴλ,
2823 1543 2917 1596 καὶ
2941 1542 3112 1604 ἔσται,
3137 1541 3194 1594 τὸ
3222 1541 3540 1610 ὑπολειφθὲν
3571 1543 3628 1594 ἐν
3651 1539 3790 1594 Σιὼν

535 1650 725 1692 eorum
759 1634 1012 1686 universa
1036 1633 1251 1686 cecidit.
1284 1631 1454 1685 I‘orro
1475 1632 1694 1686 haecille
1708 1633 2104 1697 sermoinnuit,

2207 1634 2300 1686 καὶ
2325 1633 2384 1686 τὸ
2403 1633 2759 1702 καταλειφθὲν
2775 1636 2831 1686 ὲν
2847 1633 3222 1705 Ἰερουσαλὴμ,
3248 1634 3390 1700 ἅγιοι
3407 1632 3786 1704 κληθήσονται·

531 1728 630 1795 qui
679 1727 758 1780 sic
790 1726 998 1780 habet:
1039 1743 1055 1775 ι
1099 1725 1154 1778 1η
1197 1725 1284 1779 die
1315 1725 1406 1780 illa
1451 1723 1528 1794 (in
1571 1739 1676 1792 qua
1734 1723 1983 1776 videlicet
2043 1737 2107 1777 ea

2207 1725 2404 1788 πάντες
2447 1727 2494 1777 οἱ
2533 1727 2832 1796 γραφέντες
2865 1727 2948 1788 εἰς
2973 1724 3118 1794 ζωὴν
3163 1728 3219 1778 ὲν
3261 1723 3632 1796 Ἰερουσαλὴμ,
3673 1743 3691 1774 ι
3720 1721 3784 1776 δι’

536 1833 659 1895 quia
687 1819 942 1888 prmdicta
976 1827 1104 1873 sunt
1129 1817 1314 1871 omnia
1344 1818 1410 1871 de
1441 1817 1724 1870 vocatione
1755 1817 2018 1886 gentium,
2051 1825 2105 1870 et

2207 1817 2298 1880 οὓς
2327 1818 2422 1871 καὶ
2452 1817 2676 1882 εἰκότως
2705 1819 2813 1871 ἀπὸ
2845 1819 2945 1888 τῆς
2991 1817 3248 1880 Ἰουδαίας
3283 1817 3376 1870 καὶ
3402 1816 3540 1886 ὑπὲρ
3583 1817 3784 1886 Ἰερου-

533 1907 606 1964 de
633 1907 942 1964 Jttdzrorum
985 1909 1144 1961 ruina
1200 1907 1383 1960 futura
1421 1908 1570 1978 sunt)
1621 1907 1902 1962 illucescet
1965 1907 2106 1962 Deus

2211 1911 2389 1981 σαλὴμ
2405 1912 2478 1978 (I)
2495 1911 2588 1981 τὴν
2603 1910 2932 1982 προφητείαν
2945 1909 3129 1980 ἐδήλου
3145 1909 3266 1978 λέγε
3275 1908 3395 1960 σθαι
3409 1909 3469 1961 τὸ
3486 1907 3784 1977 προοίμιον,

535 2001 594 2055 in
647 2001 878 2053 consilio
916 2015 1040 2053 cum
1097 1999 1270 2069 gloria
1327 1999 1380 2052 in
1425 2009 1572 2052 terra
1608 2039 1622 2062 ,
1665 2006 1724 2052 ut
1772 2001 1994 2054 extollat
2055 2008 2110 2055 et

2210 2003 2242 2075 ἦ
2273 2004 2364 2056 καὶ
2389 2003 2474 2056 διὰ
2501 2005 2598 2074 τὴν
2630 2001 2804 2072 άληθῆ
2847 2001 3215 2074 Ἰερουσαλὴμ,
3262 1999 3353 2053 καὶ
3385 2000 3480 2070 τὴν
3510 1998 3787 2066 ἀναλόγως

534 2091 800 2166 gloriﬁcet
839 2092 982 2160 quod
1029 2092 1280 2144 relictum
1327 2090 1490 2144 fuerit
1535 2107 1599 2145 ex
1655 2091 1818 2144 Israel
1847 2131 1862 2154 ,
1897 2099 1952 2146 et
2009 2093 2112 2145 erit

2210 2098 2346 2168 αὐτῇ
2373 2096 2514 2150 κατὰ
2550 2096 2787 2148 διάνοιαν
2825 2093 3198 2164 θεωρουμένην
3245 2091 3530 2144 Ἰουδαίαν·
3571 2091 3696 2161 περὶ
3727 2083 3787 2144 οὗ

533 2183 680 2253 quod
710 2185 958 2237 relictum
1007 2182 1168 2236 fuerit
1217 2182 1269 2236 in
1315 2180 1488 2246 Sion,
1542 2189 1596 2237 et
1647 2183 1792 2252 quod
1857 2183 2106 2236 relictum

2211 2186 2352 2238 κατὰ
2371 2185 2559 2256 καιρὸν
2589 2185 2864 2254 εἰσόμεθα.
2891 2184 2998 2238 Καὶ
3023 2183 3102 2245 τίς
3133 2199 3194 2250 γε
3221 2182 3328 2234 τῶν
3349 2179 3661 2234 ἀποστόλων
3692 2177 3783 2232 τοῦ

537 2271 698 2332 fuerit,
794 2278 846 2330 in
948 2275 1316 2338 Jerusalem,
1400 2277 1574 2330 sancti
1674 2275 2012 2330 vocabuntur
2089 2291 2106 2327 :

2211 2276 2455 2350 Σωτῆρος
2485 2277 2640 2348 ἡμῶν
2665 2279 2755 2330 καὶ
2781 2277 2887 2330 τῶν
2913 2276 3311 2345 εὐαγγελιστῶν
3340 2273 3435 2344 τὴν
3461 2272 3638 2326 ἔνθεον
3660 2289 3787 2326 συν-

545 2367 646 2438 39
703 2383 892 2423 onmes
941 2368 1031 2436 qui
1070 2368 1258 2436 scripti
1299 2375 1428 2420 sunt
1471 2367 1536 2422 ad
1573 2367 1738 2420 vitam
1787 2367 1840 2420 in
1884 2364 2109 2422 Jerusa-

2208 2369 2349 2438 ορῶν
2398 2368 2646 2438 δύναμιν,
2696 2367 2819 2421 καθ’
2845 2369 2909 2439 ἣν
2937 2369 3015 2430 εἰς
3045 2368 3222 2420 πᾶσαν
3251 2366 3348 2436 τὴν
3377 2365 3478 2434 γῆν
3504 2362 3726 2427 ἐξῆλθεν
3757 2363 3785 2415 6

535 2463 640 2515 lem
667 2459 733 2522 ιθ,
775 2479 793 2512 ›
831 2468 1052 2530 propter
1076 2475 1214 2529 quos
1247 2458 1558 2529 prodituros
1599 2460 1666 2513 de
1702 2457 2004 2513 Jerusalem
2035 2459 2112 2512 vi-

2209 2459 2442 2529 φθόγγος
2474 2461 2674 2522 αὐτῶν,
2711 2462 2804 2514 καὶ
2853 2462 2930 2522 εἰς
2967 2458 3035 2511 τὰ
3069 2458 3279 2529 πέρατα
3323 2459 3423 2527 τῆς
3457 2453 3782 2526 οἰκουμένης

532 2552 730 2607 delicet
753 2567 816 2606 ac
847 2553 912 2608 de
939 2551 1146 2616 Judzea,
1183 2552 1378 2606 merito
1409 2569 1572 2622 super
1615 2551 1824 2616 Judma,
1856 2561 1910 2608 et
1941 2569 2109 2623 super

2206 2552 2274 2604 τὰ
2306 2555 2521 2622 ῥήματα
2548 2552 2745 2614 αὑτῶν,
2775 2551 2944 2605 πᾶσαί
2976 2568 3034 2602 τε
3058 2551 3116 2616 ἐξ
3153 2551 3363 2602 ἐκείνου
3393 2549 3486 2601 καὶ
3519 2549 3597 2609 εἰς
3625 2545 3785 2616 δεῦρο

531 2643 852 2704 Jerusalem,
906 2643 1241 2711 prophetiam
1263 2641 1414 2696 illam
1432 2642 1563 2706 dici,
1579 2643 1900 2710 prommium
1927 2643 2106 2711 ipsum

2208 2646 2262 2696 αἱ
2303 2644 2397 2696 τοῦ
2429 2643 2662 2715 Χριστοῦ
2706 2644 3023 2714 Ἐκκλησίαι
3064 2643 3186 2706 τοὺς
3228 2643 3418 2710 λόγους
3463 2639 3643 2693 αὐτῶν
3679 2637 3783 2692 ἀνὰ

533 2733 794 2792 ostendit,
846 2744 938 2786 aut
979 2737 1140 2788 etiam
1176 2741 1401 2802 pr0pter
1452 2748 1636 2787 veram
1681 2731 2002 2800 Jerusalem,
2053 2740 2108 2788 et

2209 2736 2380 2806 στόμα
2430 2739 2522 2788 κα)⁸
2574 2736 2870 2806 μαθήματα
2913 2736 3114 2805 ἔχουσι,
3171 2735 3262 2788 καὶ
3305 2733 3401 2798 τὰς
3451 2733 3550 2802 τῆς
3581 2730 3781 2800 Καινῆς

539 2833 757 2894 propter
785 2823 1028 2878 Judaeam
1065 2826 1235 2887 illam,
1270 2841 1390 2894 quae
1415 2827 1458 2880 si
1483 2841 1546 2880 ex
1578 2825 1874 2887 sententia,
1909 2840 2015 2878 non
2039 2841 2107 2879 ex

2207 2826 2479 2898 Διαθήκης
2515 2827 2579 2878 δι’
2608 2825 2784 2879 αὐτῶν
2817 2825 3178 2897 κηρυχθείσας
3219 2823 3311 2878 τοῦ
3352 2821 3587 2893 Χριστοῦ
3623 2839 3781 2892 νομο-

537 2918 742 2984 scripto
771 2917 1170 2981 consideretur,
1209 2918 1338 2972 huic
1393 2919 1550 2973 alteri
1607 2919 1956 2988 proportione
2013 2932 2104 2972 re-

2208 2919 2512 2983 θεσίας,οὑκ
2539 2919 2603 2972 ἂν
2633 2919 2889 2988 ἀλήθειαν
2911 2921 2974 2988 τῇ
2995 2918 3296 2989 προφητείᾳ
3318 2919 3588 2985 ἐπιμαρτυ
3599 2915 3780 2984 ρήσαι,

537 3010 818 3078 spondeat.
851 3009 968 3075 Qua
1013 3011 1080 3065 de
1111 3026 1170 3064 re
1199 3028 1322 3064 cum
1351 3013 1452 3065 erit
1502 3019 1740 3080 tempus,
1775 3009 2098 3073 videbimus,

2207 3012 2422 3083 φησάσῃ
2448 3011 2721 3082 ἐμφανῶς,
2759 3031 2776 3061 ι
2807 3013 2862 3064 ἐν
2894 3010 3052 3081 βουλῇ
3085 3031 3101 3058 ι
3137 3009 3230 3062 καὶ
3253 3029 3268 3058 ι
3299 3008 3434 3078 μετὰ
3455 3005 3610 3077 δόξης
3641 3025 3657 3056 ι
3689 3005 3781 3057 ἐπὶ

535 3109 586 3156 rt
633 3103 757 3171 quis
803 3103 1019 3156 tandem
1074 3104 1312 3158 divinam
1375 3105 1746 3174 apostolorum
1801 3102 2102 3157 Salvatoris

2207 3106 2386 3158 πᾶσαν
2413 3104 2512 3174 τὴν
2538 3105 2639 3173 γῆν
2659 3101 2892 3172 ὑψώσειν
2909 3101 2998 3154 τὸν
3019 3101 3150 3153 Θεὸν
3175 3102 3270 3154 καὶ
3295 3099 3536 3166 δοξάσειν
3563 3118 3580 3148 ι
3604 3097 3663 3150 τὺ
3683 3115 3781 3150 κα-

533 3195 729 3258 nostri,
782 3203 836 3250 et
890 3197 1351 3266 evangelistarum
1403 3213 1636 3251 cernens
1682 3197 1959 3260 virtutem,
2013 3211 2102 3251 se-

2206 3193 2489 3264 ταλειφθὲν
2523 3193 2770 3264 ’1σραήλ;
2801 3213 2817 3244 ι
2847 3193 2941 3246 καὶ
2964 3193 3038 3256 ὡς
3062 3193 3168 3264 ἄρα
3203 3212 3220 3242 ι
3249 3192 3308 3244 τὸ
3334 3188 3694 3257 καταλειφθὲν
3725 3190 3781 3242 ὲν

533 3287 770 3340 cundum
802 3302 964 3356 quam
1021 3289 1074 3340 in
1125 3303 1342 3342 omnem
1383 3298 1581 3342 terram
1610 3288 1776 3342 exivit
1804 3303 1973 3342 sonus
2007 3305 2102 3344 eo-

2207 3283 2343 3336 Σιὼν
2385 3285 2477 3337 καὶ
2507 3284 2566 3336 τὸ
2594 3283 2949 3352 καταλειεξθὲν
2981 3284 3037 3334 ὲν
3082 3279 3436 3352 Ἰερουσαλὴμ
3469 3279 3613 3346 ἅγιοι
3645 3278 3777 3348 κλη-

533 3394 674 3444 rum,
697 3387 750 3433 et
777 3381 828 3433 in
859 3379 991 3435 fines
1011 3381 1158 3436 orbis
1182 3389 1338 3435 terrae
1367 3382 1530 3434 verba
1556 3397 1768 3442 eorum,
1800 3395 2100 3451 onmesque

2207 3375 2458 3446 θήσονται
2503 3376 2701 3440 πάντες
2751 3377 2798 3428 οἱ
2829 3375 3131 3446 γραφέντες
3160 3375 3237 3436 εἰς
3273 3373 3448 3444 ζωήν;
3485 3391 3503 3423 ι
3547 3372 3694 3424 Ἀντὶ
3723 3371 3778 3426 δὲ

530 3486 594 3525 ex
631 3470 726 3525 illo
754 3471 818 3524 ad
845 3471 952 3526 hoc
981 3487 1154 3538 usque
1177 3479 1392 3541 tempus
1422 3471 1626 3526 (λιιι-ἰειί
1659 3471 1952 3536 Ecclesias,
1979 3489 2100 3542 qum

2203 3467 2296 3519 τοῦ
2331 3466 2620 3537 λεγομένου
2659 3469 2808 3538 παρὰ
2833 3470 2943 3530 τοῖς
2980 3467 3394 3536 Ἑϐδομήκοντα,
3428 3485 3446 3516 ι
3489 3465 3577 3518 Ἐν
3616 3465 3776 3536 βουλῇ

530 3563 694 3617 verba
727 3577 916 3618 eorum
967 3564 1022 3616 in
1068 3579 1162 3618 ore
1211 3572 1589 3633 praeceptaque
1619 3563 1844 3627 habent,
1879 3572 1934 3619 et
1963 3563 2097 3619 Novi

2207 3558 2344 3630 μετὰ
2367 3558 2544 3629 δόξης,
2559 3578 2576 3610 ι
2593 3561 2619 3611 6
2649 3559 2876 3623 ’Λκύλας
2897 3559 2990 3612 καὶ
3005 3559 3294 3611 Θεοδοτίων
3317 3556 3618 3628 συμφώνως
3639 3577 3656 3608 ι
3700 3559 3777 3622 είς

529 3652 860 3709 Testamenti
899 3669 994 3724 per
1039 3671 1136 3710 eos
1167 3656 1474 3725 publicatas
1525 3657 1732 3712 Christi
1784 3659 1932 3728 leges
1985 3675 2094 3713 non

2202 3651 2427 3722 δύναμιν
2459 3653 2550 3704 κού⁵
2575 3652 2732 3716 δόξαν
2752 3672 2770 3704 ι
2800 3653 3166 3724 ήρμήνευσαν,
3187 3652 3284 3722 τὴν
3307 3652 3408 3704 ὑπὸ
3419 3651 3512 3703 τοῦ
3543 3649 3675 3703 Θεοῦ
3701 3651 3779 3702 δο-

527 3745 655 3800 Ιιιιιὶο
712 3746 1011 3816 prephetiaa
1076 3748 1450 3802 testimonium
1505 3751 1753 3804 veritatis
1807 3751 2100 3806 ext-hibeat?

2205 3741 2389 3796 θεῖσαν
2428 3746 2540 3806 τοῖς
2569 3744 2884 3806 ἀποστόλοις
2919 3743 3175 3814 δύναμιν,
3211 3744 3304 3797 καὶ
3347 3743 3443 3814 τὴν
3478 3743 3570 3796 ἐπὶ
3605 3742 3775 3814 ταύτῃ

527 3844 718 3904 utpote
762 3837 810 3889 ei
860 3851 980 3905 quae
1013 3835 1298 3890 manifeste
1329 3829 1497 3900 dicat,
1548 3855 1566 3887 ι
1607 3837 1662 3891 in
1692 3837 1946 3901 consilio,
1991 3855 2010 3888 ι
2045 3845 2100 3892 et

2204 3835 2354 3906 παρὰ
2387 3836 2462 3906 τῷ
2493 3837 2612 3907 Θεῷ
2643 3837 2797 3903 δόξαν
2825 3837 3218 3908 παριστῶντες,
3251 3837 3390 3890 κατὰ
3411 3835 3492 3888 τό·
3517 3854 3535 3886 ι
3567 3835 3766 3904 Κύριος

531 3941 552 3976 c
593 3941 715 3979 cum
746 3925 942 3994 gloria,
975 3945 993 3977 ι
1031 3925 1086 3978 in
1117 3941 1332 3980 omnem
1359 3933 1561 3980 terram
1591 3925 1760 3980 Deum
1793 3928 1848 3980 in
1877 3926 2098 3980 sublimi

2204 3926 2364 3980 δώσει
2387 3928 2540 3998 ῥῆμα
2575 3931 2689 3992 τοῖς
2733 3929 3234 3999 εὐαγγελιζομένοις
3279 3927 3507 3998 δυνάμει
3529 3927 3717 3998 πολλῇ.
3749 3946 3765 3976 ι

527 4022 920 4076 co'locaturum
965 4029 1020 4076 et
1061 4021 1488 4092 glorificaturum
1521 4042 1540 4073 ι
1576 4023 1631 4078 id
1663 4023 1806 4092 quod
1851 4023 2104 4077 relictum
2143 4021 2304 4077 fuerit
2350 4039 2414 4077 ex
2467 4023 2668 4078 Israel?
2709 4045 2728 4077 ι
2763 4027 2892 4080 item
2959 4026 3416 4096 quemadmodum
3444 4041 3462 4076 ι
3507 4023 3562 4078 id
3625 4023 3770 4092 quod

527 4117 778 4171 relictura
812 4117 975 4172 fuerit
1013 4117 1068 4170 in
1098 4117 1250 4182 Sion,
1285 4127 1340 4173 et
1367 4119 1513 4188 quod
1578 4120 1826 4172 relictum
1869 4118 2032 4172 fuerit
2087 4118 2144 4172 in
2191 4118 2516 4182 Jerusalem,
2562 4121 2736 4174 sancti
2803 4120 3164 4183 vocabuntur,
3217 4133 3406 4174 omnes
3439 4121 3533 4187 qui
3583 4117 3773 4187 scripti

525 4213 594 4268 ad
626 4213 832 4267 vitam?
867 4233 884 4264 ι
919 4229 1018 4283 pro
1047 4229 1112 4268 eo
1140 4223 1320 4270 autem
1353 4215 1498 4285 quod
1569 4215 1772 4270 dicitur
1799 4213 1940 4286 apud
1965 4213 2130 4279 LXX,
2179 4234 2198 4267 ‹
2240 4217 2292 4269 in
2331 4213 2706 4270 consiliorum
2767 4217 2938 4286 gloria
2969 4235 2982 4270 :
3025 4235 3042 4267 ι
3101 4213 3296 4283 Aquila
3323 4222 3376 4266 ct
3407 4211 3770 4272 Theodotion,

525 4307 670 4363 inter
703 4323 762 4363 se
790 4310 1208 4376 concor-dantes,
1247 4329 1266 4362 ι
1311 4311 1367 4364 in
1407 4313 1662 4366 virtutem
1698 4319 1751 4366 et
1782 4313 2030 4382 gloriam,
2067 4331 2085 4362 ι
2127 4313 2466 4382 interpretati
2535 4323 2662 4368 sunt
2711 4331 2724 4366 :
2762 4315 2841 4368 sic
2879 4315 3068 4382 utique
3111 4327 3230 4366 eam
3299 4311 3552 4364 virtutem
3582 4324 3706 4378 qua:
3737 4323 3766 4362 a

527 4405 638 4462 Deo
684 4407 947 4477 apostolis
982 4407 1108 4461 data
1151 4415 1257 4472 cst,
1290 4417 1343 4464 et
1372 4425 1535 4478 quam
1569 4416 1691 4478 post
1739 4411 1902 4464 talem
1961 4410 2216 4465 virtutem
2281 4411 2422 4480 apud
2489 4411 2656 4464 Deum
2725 4411 2964 4465 habituri
3013 4417 3190 4474 erant,
3249 4409 3476 4480 gloriam
3523 4406 3772 4462 indican-

525 4505 629 4562 tes,
651 4501 805 4570 juxta
837 4501 968 4555 illud
999 4520 1012 4554 :
1051 4519 1070 4551 ι
1109 4501 1375 4557 Dominus
1423 4503 1573 4560 dabit
1602 4505 1830 4558 verbum
1874 4505 2375 4574 evangelizantibus
2403 4505 2602 4560 virtute
2632 4505 2802 4558 multa
2831 4503 2896 4556 ⁵³.
2945 4522 2964 4555 r

597 4591 881 4646 XXXVIII.
921 4591 1050 4647 Item
1092 4593 1234 4663 quod
1281 4609 1339 4649 re
1378 4595 1496 4664 ipsa
1527 4593 1729 4648 factum
1762 4603 1845 4650 est
1883 4614 1896 4648 τ
1938 4613 1956 4646 ι
1995 4613 2095 4648 au-
2126 4600 2169 4652 D

2267 4595 2394 4651 ΑΠ’.
2427 4597 2537 4650 Καὶ
2589 4595 2719 4649 αὐτὸ
2761 4594 3153 4664 γεγενημένον·
3209 4611 3228 4643 ε
3278 4593 3439 4663 Ἀκοῇ
3483 4592 3766 4652 ἀκούσετε,

521 4683 642 4736 ditu
668 4685 923 4746 audietis,
946 4693 999 4739 et
1021 4701 1128 4738 non
1159 4685 1490 4754 intelligetis,
1516 4693 1569 4738 et
1599 4687 1924 4755 aspicientes
1948 4685 2093 4754 aspi-

2199 4689 2293 4742 καὶ
2329 4690 2390 4741 οὐ
2429 4687 2502 4759 μὴ
2546 4689 2772 4758 συνῆτε·
2807 4689 2900 4742 καὶ
2950 4687 3234 4756 βλέποντες
3283 4685 3528 4756 βλέψετε,
3572 4683 3668 4736 καὶ
3705 4683 3763 4736 οὐ

523 4777 704 4838 cietis,
734 4785 787 4830 et
821 4791 931 4829 non
965 4775 1236 4831 videbitis.
1271 4777 1533 4831 Crassum
1574 4778 1720 4831 enim
1771 4779 1974 4830 factum
2011 4785 2096 4831 est

2202 4781 2274 4852 μὴ
2307 4781 2471 4850 ἴδητε.
2513 4779 2816 4851 Ἐπαχύνθη
2843 4781 2949 4850 γὰρ
2983 4781 3016 4850 ἡ
3053 4779 3248 4850 καρδία
3278 4779 3369 4830 τοῦ
3397 4777 3525 4830 λαοῦ
3549 4775 3763 4841 τούτου,

521 4883 621 4921 cor
647 4867 828 4937 populi
866 4868 1051 4936 hujus,
1098 4875 1151 4923 et
1177 4869 1406 4922 auribus
1438 4869 1674 4938 graviter
1703 4866 2011 4929 audierunt,
2040 4873 2093 4920 et

2198 4872 2293 4924 καὶ
2321 4873 2432 4933 τοῖς
2473 4871 2574 4922 ὠσὶ
2615 4871 2824 4943 βαρέως
2855 4871 3119 4942 ἤκουσαν,
3163 4870 3256 4922 καὶ
3291 4871 3418 4932 τοὺς
3455 4867 3763 4938 ὀφθαλμοὺς

521 4959 716 5012 oculos
741 4974 870 5013 suos
894 4959 1230 5022 clauserunt,
1257 4975 1326 5014 ne
1353 4959 1568 5028 quando
1603 4959 1820 5013 videant
1845 4957 2018 5012 oculis
2041 4965 2094 5012 et

2199 4959 2378 5012 αὐτῶν
2421 4959 2777 5029 ἐκάμμυσαν,
2852 4961 3057 5030 μήποτε
3103 4959 3254 5012 ἴδωσι
3287 4961 3400 5021 τοῖς
3439 4958 3758 5028 ὀφθαλμοῖς,

537 5051 764 5105 auribus
795 5053 1037 5114 audiant,
1061 5060 1113 5105 et
1145 5059 1551 5112 convertantur,
1587 5061 1639 5104 et
1669 5066 1854 5105 sancm
1885 5065 1998 5104 eos.
2029 5049 2094 5103 Et

2201 5051 2292 5104 καὶ
2319 5052 2431 5112 τοῖς
2457 5050 2590 5103 ὠσὶν
2615 5051 2905 5112 ἀκούσωσι,
2941 5051 3034 5104 καὶ
3066 5049 3454 5122 ἐπιστρέψωσι,
3479 5049 3574 5102 καὶ
3599 5049 3762 5102 ἰάσω·

525 5143 642 5201 dixi
674 5163 687 5198 :
724 5159 1030 5214 quousque,
1063 5143 1330 5198 Domine?
1353 5155 1406 5196 et
1435 5143 1573 5195 dixit
1613 5157 1630 5196 :
1663 5141 1840 5196 Donec
1873 5151 2094 5197 vasten-

2203 5159 2300 5212 μαι
2323 5141 2540 5204 αὐτούς.
2563 5143 2670 5194 Καὶ
2696 5139 2853 5196 εἶπα·
2883 5143 3026 5206 Ἕως
3053 5144 3202 5204 πότε,
3235 5142 3437 5212 Κύριε;
3462 5141 3554 5194 καὶ
3587 5139 3759 5194 εἶπεν·

523 5245 614 5290 tur
645 5235 916 5298 civitates,
967 5235 1122 5296 adeo,
1159 5241 1216 5286 ut
1249 5249 1355 5286 non
1401 5233 1736 5294 habitentur,
1774 5238 1827 5285 et
1871 5231 2087 5296 domus,

2201 5234 2344 5296 Ἕως
2377 5233 2442 5286 ἂν
2486 5234 2813 5306 ἐρημωθῶσι
2847 5236 3026 5299 πόλεις
3069 5235 3219 5307 παρὰ
3263 5235 3324 5288 τὸ
3372 5235 3444 5305 μὴ
3491 5235 3761 5287 κατοικεῖ-

521 5329 680 5392 adeo,
720 5335 777 5382 ut
807 5343 914 5382 non
957 5328 1028 5382 sit
1079 5327 1242 5381 homo
1295 5346 1306 5380 :
1343 5335 1396 5380 et
1428 5334 1572 5380 terra
1607 5327 1946 5396 relinquetur
1998 5327 2096 5381 de-

2199 5325 2343 5386 σθαι,
2388 5332 2478 5379 καὶ
2506 5323 2670 5388 οῖκοι,
2708 5327 2854 5399 παρὰ
2891 5329 2951 5380 τὸ
2991 5329 3062 5398 μὴ
3097 5324 3236 5381 εἶναι
3269 5325 3587 5398 ἀνθρώπους
3610 5342 3623 5356 ·
3671 5327 3757 5379 καὶ

525 5429 690 5476 serta.
731 5419 795 5474 Et
825 5427 948 5490 post
985 5421 1096 5474 hinc
1126 5419 1398 5472 amovebit
1421 5421 1608 5488 procul
1637 5417 1782 5476 Deus
1817 5421 2088 5477 homines.

2195 5421 2228 5490 ἠ
2257 5419 2328 5488 γῆ
2367 5419 2851 5492 καταλειφθήσεται
2879 5420 3103 5490 ἕρημος.
3131 5421 3239 5474 Καὶ
3265 5423 3400 5492 μετὰ
3435 5419 3611 5474 ταῦτα
3655 5435 3758 5490 μα·

523 5521 578 5566 ct
599 5514 1126 5582 multiplicabuntur,
1159 5512 1248 5582 qui
1285 5513 1459 5567 relicti
1491 5511 1690 5567 fuerint
1715 5514 1769 5566 in
1800 5521 1942 5565 terra
1965 5511 2029 5562 δ’.
2062 5536 2082 5562 ι

2196 5513 2384 5580 κρυνεῖ
2419 5513 2446 5563 6
2476 5509 2606 5573 Θεὸς
2634 5513 2759 5575 τοὺς
2795 5511 3132 5582 ἀνθρώπους,
3165 5512 3259 5564 καὶ
3295 5510 3764 5582 πληθυνθήσονται

522 5605 821 5661 Considera
857 5607 1022 5676 igitur
1055 5606 1144 5660 hic
1192 5621 1426 5676 quoque,
1465 5621 1698 5676 quonam
1762 5605 1943 5664 modo,
1992 5603 2085 5674 qui

2194 5601 2762 5670 καταλειφθέντεςέπὶ
2795 5603 2894 5674 τῆς
2920 5603 3042 5672 γῆς.
3079 5621 3097 5652 ι
3131 5602 3269 5672 Ὅρα
3306 5601 3369 5671 δὴ
3396 5601 3490 5654 καὶ
3529 5599 3761 5654 ἐνταῦθα

523 5697 694 5752 relicti
741 5699 850 5752 sint
886 5711 1079 5750 rursus
1114 5697 1166 5749 in
1199 5703 1366 5758 terra,
1403 5711 1526 5750 cum
1573 5697 1780 5765 reliqua
1827 5693 2082 5747 universa

2191 5695 2310 5746 τίνα
2351 5695 2549 5766 τρόπον
2599 5695 2648 5747 οἱ
2695 5693 3141 5763 καταλειφθέντες
3177 5695 3338 5748 πάλιν
3371 5693 3606 5763 ἐπὶ-τῆς
3635 5693 3753 5762 γῆς.

624 5789 672 5822 δ’
701 5787 804 5842 Isa.
839 5803 910 5854 tv,
934 5787 1043 5841 2-3.
1121 5787 1162 5819 ⁶¹
1193 5787 1334 5842 I‘sal.
1371 5801 1537 5850 van,
1567 5787 1654 5840 I2.
1729 5785 1773 5819 "
1807 5783 1912 5841 Isa.
1937 5801 2012 5850 vr,
2039 5783 2191 5838 942.

591 5879 669 5947 (ι)
687 5881 884 5938 Deessc
901 5878 1102 5946 aliquid
1123 5887 1288 5948 patet,
1306 5887 1418 5934 tum
1434 5895 1496 5934 ex
1521 5877 1871 5947 ἀνακολουθίᾳ
1887 5878 2169 5948 phraseos,

2147 5912 2169 5944 ι,
2191 5887 2300 5932 tum
2318 5891 2382 5931 ex
2397 5875 2678 5932 collatione
2691 5873 2898 5930 Latina:
2913 5873 3399 5944 interpretationis.
3413 5869 3570 5928 Ευιτ.
3589 5872 3734 5926 Pun
