  <div class='ocr_page' id='page_1' title='image "/cluster/home/n/w/nwhite01/storage/ocr_20150623/22/hvd.32044020605168/076.png"; bbox 0 0 4018 6516; ppageno 0'>
   <div class='ocr_carea' id='block_1_1' title="bbox 1221 3 1746 18">
    <p class='ocr_par' dir='ltr' id='par_1_1' title="bbox 1221 6 1746 18">
     <span class='ocr_line' id='line_1_1' title="bbox 1221 6 1746 18; baseline -0.004 -2"><span class='ocrx_word' id='word_1_1' title='bbox 1221 6 1746 18; x_wconf 42' lang='grc' dir='ltr'><strong>-ἠη--τ--ν-τ-ρ-</strong></span> 
     </span>
    </p>
   </div>
   <div class='ocr_carea' id='block_1_2' title="bbox 169 399 255 455">
    <p class='ocr_par' dir='ltr' id='par_1_2' title="bbox 169 399 255 455">
     <span class='ocr_line' id='line_1_2' title="bbox 169 399 255 455; baseline -0.012 0"><span class='ocrx_word' id='word_1_2' title='bbox 169 399 255 455; x_wconf 73' lang='grc'><strong>157</strong></span> 
     </span>
    </p>
   </div>
   <div class='ocr_carea' id='block_1_3' title="bbox 1041 381 2449 448">
    <p class='ocr_par' dir='ltr' id='par_1_3' title="bbox 1041 381 2449 448">
     <span class='ocr_line' id='line_1_3' title="bbox 1041 381 2449 448; baseline -0.003 -4"><span class='ocrx_word' id='word_1_3' title='bbox 1041 382 1699 448; x_wconf 78' lang='lat' dir='ltr'><strong>DEMONSTRATIONlS</strong></span> <span class='ocrx_word' id='word_1_4' title='bbox 1720 381 2180 444; x_wconf 66' lang='lat' dir='ltr'><strong>EVANGELICIE</strong></span> <span class='ocrx_word' id='word_1_5' title='bbox 2210 384 2340 440; x_wconf 85' lang='lat' dir='ltr'><strong>LIB.</strong></span> <span class='ocrx_word' id='word_1_6' title='bbox 2380 382 2449 440; x_wconf 86' lang='grc' dir='ltr'><strong>Π.</strong></span> 
     </span>
    </p>
   </div>
   <div class='ocr_carea' id='block_1_4' title="bbox 3260 323 3454 444">
    <p class='ocr_par' dir='ltr' id='par_1_4' title="bbox 3260 323 3454 444">
     <span class='ocr_line' id='line_1_4' title="bbox 3260 323 3454 444; baseline 0.005 -1"><span class='ocrx_word' id='word_1_7' title='bbox 3260 323 3454 444; x_wconf 38' lang='lat'><strong>138‘</strong></span> 
     </span>
    </p>
   </div>
   <div class='ocr_carea' id='block_1_5' title="bbox 166 498 1670 587">
    <p class='ocr_par' dir='ltr' id='par_1_5' title="bbox 166 504 1670 587">
     <span class='ocr_line' id='line_1_5' title="bbox 166 504 1670 587; baseline -0.009 -16"><span class='ocrx_word' id='word_1_8' title='bbox 166 518 245 587; x_wconf 74' lang='grc' dir='ltr'>τῆς</span> <span class='ocrx_word' id='word_1_9' title='bbox 265 512 444 583; x_wconf 72' lang='grc' dir='ltr'>λοιπῆς</span> <span class='ocrx_word' id='word_1_10' title='bbox 475 509 691 584; x_wconf 78' lang='grc' dir='ltr'>ἁπάσης</span> <span class='ocrx_word' id='word_1_11' title='bbox 717 510 923 584; x_wconf 80' lang='grc' dir='ltr'><strong>ἐρήμου</strong></span> <span class='ocrx_word' id='word_1_12' title='bbox 959 507 1345 579; x_wconf 81' lang='grc' dir='ltr'><strong>γενησομένης,</strong></span> <span class='ocrx_word' id='word_1_13' title='bbox 1380 505 1529 576; x_wconf 78' lang='grc' dir='ltr'>μόνοι</span> <span class='ocrx_word' id='word_1_14' title='bbox 1559 504 1670 577; x_wconf 84' lang='grc' dir='ltr'><strong>πλη</strong></span> 
     </span>
    </p>
   </div>
   <div class='ocr_carea' id='block_1_6' title="bbox 1773 498 3360 587">
    <p class='ocr_par' dir='ltr' id='par_1_6' title="bbox 1795 498 3360 573">
     <span class='ocr_line' id='line_1_6' title="bbox 1795 498 3360 573; baseline 0.001 -17"><span class='ocrx_word' id='word_1_15' title='bbox 1795 501 2157 557; x_wconf 75' lang='lat' dir='ltr'><strong>vastationem</strong></span> <span class='ocrx_word' id='word_1_16' title='bbox 2189 516 2419 573; x_wconf 89' lang='lat' dir='ltr'><strong>passura</strong></span> <span class='ocrx_word' id='word_1_17' title='bbox 2446 500 2539 563; x_wconf 87' lang='lat' dir='ltr'><strong>sit,</strong></span> <span class='ocrx_word' id='word_1_18' title='bbox 2569 498 2670 557; x_wconf 90' lang='lat' dir='ltr'><strong>soli</strong></span> <span class='ocrx_word' id='word_1_19' title='bbox 2699 499 2957 557; x_wconf 79' lang='lat' dir='ltr'><strong>dicantur</strong></span> <span class='ocrx_word' id='word_1_20' title='bbox 2985 500 3360 573; x_wconf 70' lang='lat' dir='ltr'><strong>mu.tipllcan~</strong></span> 
     </span>
    </p>
   </div>
   <div class='ocr_carea' id='block_1_7' title="bbox 163 592 1687 677">
    <p class='ocr_par' dir='ltr' id='par_1_7' title="bbox 163 592 1687 677">
     <span class='ocr_line' id='line_1_7' title="bbox 163 592 1687 677; baseline -0.009 -14"><span class='ocrx_word' id='word_1_21' title='bbox 163 604 481 677; x_wconf 82' lang='grc' dir='ltr'>θυνθήσεσθαι</span> <span class='ocrx_word' id='word_1_22' title='bbox 510 604 777 675; x_wconf 77' lang='grc' dir='ltr'>λέγονται.</span> <span class='ocrx_word' id='word_1_23' title='bbox 825 596 949 656; x_wconf 76' lang='grc' dir='ltr'>Εἶεν</span> <span class='ocrx_word' id='word_1_24' title='bbox 981 602 1027 655; x_wconf 81' lang='grc' dir='ltr'>δ’</span> <span class='ocrx_word' id='word_1_25' title='bbox 1068 600 1134 654; x_wconf 81' lang='grc' dir='ltr'>ἂν</span> <span class='ocrx_word' id='word_1_26' title='bbox 1179 599 1273 652; x_wconf 78' lang='grc' dir='ltr'>καὶ</span> <span class='ocrx_word' id='word_1_27' title='bbox 1314 592 1458 651; x_wconf 74' lang='grc' dir='ltr'>οὗτοι</span> <span class='ocrx_word' id='word_1_28' title='bbox 1503 598 1551 651; x_wconf 87' lang='grc' dir='ltr'><strong>οί</strong></span> <span class='ocrx_word' id='word_1_29' title='bbox 1592 595 1687 650; x_wconf 80' lang='grc' dir='ltr'><strong>τοῦ</strong></span> 
     </span>
    </p>
   </div>
   <div class='ocr_carea' id='block_1_8' title="bbox 160 686 1687 769">
    <p class='ocr_par' dir='ltr' id='par_1_8' title="bbox 160 686 1687 769">
     <span class='ocr_line' id='line_1_8' title="bbox 160 686 1687 769; baseline -0.007 -21"><span class='ocrx_word' id='word_1_30' title='bbox 160 694 371 769; x_wconf 82' lang='grc' dir='ltr'>Σωτῆρος</span> <span class='ocrx_word' id='word_1_31' title='bbox 417 693 578 765; x_wconf 84' lang='grc' dir='ltr'>ήμῶν</span> <span class='ocrx_word' id='word_1_32' title='bbox 643 691 877 763; x_wconf 72' lang='grc' dir='ltr'>μαθηταὶ</span> <span class='ocrx_word' id='word_1_33' title='bbox 936 689 997 756; x_wconf 80' lang='grc' dir='ltr'>ἐξ</span> <span class='ocrx_word' id='word_1_34' title='bbox 1051 688 1317 761; x_wconf 75' lang='grc' dir='ltr'>Ἐϐραίων</span> <span class='ocrx_word' id='word_1_35' title='bbox 1358 687 1438 750; x_wconf 87' lang='grc' dir='ltr'><strong>είς</strong></span> <span class='ocrx_word' id='word_1_36' title='bbox 1482 686 1687 749; x_wconf 83' lang='grc' dir='ltr'><strong>πάντας</strong></span> 
     </span>
    </p>
   </div>
   <div class='ocr_carea' id='block_1_9' title="bbox 158 778 1685 858">
    <p class='ocr_par' dir='ltr' id='par_1_9' title="bbox 158 778 1685 858">
     <span class='ocr_line' id='line_1_9' title="bbox 158 778 1685 858; baseline -0.007 -17"><span class='ocrx_word' id='word_1_37' title='bbox 158 786 435 858; x_wconf 78' lang='grc' dir='ltr'>ἀνθρώπους</span> <span class='ocrx_word' id='word_1_38' title='bbox 462 784 835 857; x_wconf 82' lang='grc' dir='ltr'><strong>προελθόντες,</strong></span> <span class='ocrx_word' id='word_1_39' title='bbox 863 782 911 837; x_wconf 80' lang='grc' dir='ltr'>οἳ</span> <span class='ocrx_word' id='word_1_40' title='bbox 940 782 1033 836; x_wconf 70' lang='grc' dir='ltr'><strong>καὶ</strong></span> <span class='ocrx_word' id='word_1_41' title='bbox 1059 780 1211 851; x_wconf 83' lang='grc' dir='ltr'>δίκην</span> <span class='ocrx_word' id='word_1_42' title='bbox 1234 778 1550 853; x_wconf 67' lang='grc' dir='ltr'>σπέρματος</span> <span class='ocrx_word' id='word_1_43' title='bbox 1584 794 1685 831; x_wconf 87' lang='grc' dir='ltr'>κα-</span> 
     </span>
    </p>
   </div>
   <div class='ocr_carea' id='block_1_10' title="bbox 157 869 1684 948">
    <p class='ocr_par' dir='ltr' id='par_1_10' title="bbox 157 869 1684 948">
     <span class='ocr_line' id='line_1_10' title="bbox 157 869 1684 948; baseline -0.007 -14"><span class='ocrx_word' id='word_1_44' title='bbox 157 877 522 947; x_wconf 79' lang='grc' dir='ltr'>ταλειφθέντες,</span> <span class='ocrx_word' id='word_1_45' title='bbox 576 875 839 947; x_wconf 80' lang='grc' dir='ltr'>πολύχουν</span> <span class='ocrx_word' id='word_1_46' title='bbox 884 875 1265 948; x_wconf 81' lang='grc' dir='ltr'><strong>προσήνεγκαν</strong></span> <span class='ocrx_word' id='word_1_47' title='bbox 1312 873 1404 926; x_wconf 85' lang='grc' dir='ltr'>τὸν</span> <span class='ocrx_word' id='word_1_48' title='bbox 1450 869 1684 944; x_wconf 83' lang='grc' dir='ltr'>καρπὸν,</span> 
     </span>
    </p>
   </div>
   <div class='ocr_carea' id='block_1_11' title="bbox 156 962 1681 1039">
    <p class='ocr_par' dir='ltr' id='par_1_11' title="bbox 156 962 1681 1039">
     <span class='ocr_line' id='line_1_11' title="bbox 156 962 1681 1039; baseline -0.005 -14"><span class='ocrx_word' id='word_1_49' title='bbox 156 971 233 1034; x_wconf 75' lang='grc' dir='ltr'><strong>τὰς</strong></span> <span class='ocrx_word' id='word_1_50' title='bbox 251 967 356 1022; x_wconf 80' lang='grc' dir='ltr'>καθ’</span> <span class='ocrx_word' id='word_1_51' title='bbox 376 967 505 1039; x_wconf 85' lang='grc' dir='ltr'><strong>ὅλης</strong></span> <span class='ocrx_word' id='word_1_52' title='bbox 526 968 629 1038; x_wconf 80' lang='grc' dir='ltr'>τῆς</span> <span class='ocrx_word' id='word_1_53' title='bbox 652 966 975 1038; x_wconf 75' lang='grc' dir='ltr'><strong>οἰκουμένης</strong></span> <span class='ocrx_word' id='word_1_54' title='bbox 993 963 1102 1018; x_wconf 86' lang='grc' dir='ltr'><strong>τῶν</strong></span> <span class='ocrx_word' id='word_1_55' title='bbox 1128 962 1299 1019; x_wconf 82' lang='grc' dir='ltr'>ἐθνῶν</span> <span class='ocrx_word' id='word_1_56' title='bbox 1335 962 1681 1034; x_wconf 76' lang='grc' dir='ltr'>Ἐκκλησίαςο</span> 
     </span>
    </p>
   </div>
   <div class='ocr_carea' id='block_1_12' title="bbox 156 1053 1686 1129">
    <p class='ocr_par' dir='ltr' id='par_1_12' title="bbox 156 1053 1686 1129">
     <span class='ocr_line' id='line_1_12' title="bbox 156 1053 1686 1129; baseline -0.006 -13"><span class='ocrx_word' id='word_1_57' title='bbox 156 1063 228 1118; x_wconf 74' lang='grc' dir='ltr'><strong>καὶ</strong></span> <span class='ocrx_word' id='word_1_58' title='bbox 247 1061 331 1115; x_wconf 81' lang='grc' dir='ltr'><strong>θέα</strong></span> <span class='ocrx_word' id='word_1_59' title='bbox 359 1077 441 1129; x_wconf 77' lang='grc' dir='ltr'>γε,</span> <span class='ocrx_word' id='word_1_60' title='bbox 469 1059 548 1124; x_wconf 81' lang='grc' dir='ltr'>ὡς</span> <span class='ocrx_word' id='word_1_61' title='bbox 582 1059 723 1114; x_wconf 81' lang='grc' dir='ltr'>κατὰ</span> <span class='ocrx_word' id='word_1_62' title='bbox 745 1058 806 1113; x_wconf 82' lang='grc' dir='ltr'>τὸ</span> <span class='ocrx_word' id='word_1_63' title='bbox 833 1056 964 1112; x_wconf 78' lang='grc' dir='ltr'>αὐτό</span> <span class='ocrx_word' id='word_1_64' title='bbox 997 1073 1130 1129; x_wconf 89' lang='grc' dir='ltr'>φησι</span> <span class='ocrx_word' id='word_1_65' title='bbox 1159 1053 1383 1118; x_wconf 79' lang='grc' dir='ltr'>τούτους</span> <span class='ocrx_word' id='word_1_66' title='bbox 1418 1056 1518 1127; x_wconf 85' lang='grc' dir='ltr'>μὲν</span> <span class='ocrx_word' id='word_1_67' title='bbox 1551 1054 1686 1126; x_wconf 84' lang='grc' dir='ltr'>πλη-</span> 
     </span>
    </p>
   </div>
   <div class='ocr_carea' id='block_1_13' title="bbox 155 1142 1684 1223">
    <p class='ocr_par' dir='ltr' id='par_1_13' title="bbox 155 1142 1684 1223">
     <span class='ocr_line' id='line_1_13' title="bbox 155 1142 1684 1223; baseline -0.006 -16"><span class='ocrx_word' id='word_1_68' title='bbox 155 1152 465 1223; x_wconf 70' lang='grc' dir='ltr'>θννθήσεσθαι</span> <span class='ocrx_word' id='word_1_69' title='bbox 531 1151 731 1222; x_wconf 79' lang='grc' dir='ltr'>μόνους</span> <span class='ocrx_word' id='word_1_70' title='bbox 787 1146 1243 1217; x_wconf 78' lang='grc' dir='ltr'><strong>καταλειφθέντας</strong></span> <span class='ocrx_word' id='word_1_71' title='bbox 1308 1145 1373 1200; x_wconf 81' lang='grc' dir='ltr'><strong>ἐκ</strong></span> <span class='ocrx_word' id='word_1_72' title='bbox 1427 1142 1527 1216; x_wconf 75' lang='grc' dir='ltr'>τῆς</span> <span class='ocrx_word' id='word_1_73' title='bbox 1574 1145 1684 1199; x_wconf 80' lang='grc' dir='ltr'><strong>τῶν</strong></span> 
     </span>
    </p>
   </div>
   <div class='ocr_carea' id='block_1_14' title="bbox 163 1235 1683 1309">
    <p class='ocr_par' dir='ltr' id='par_1_14' title="bbox 163 1235 1683 1309">
     <span class='ocr_line' id='line_1_14' title="bbox 163 1235 1683 1309; baseline -0.006 -11"><span class='ocrx_word' id='word_1_74' title='bbox 163 1243 384 1299; x_wconf 64' lang='grc' dir='ltr'>Ἰαδδαίων</span> <span class='ocrx_word' id='word_1_75' title='bbox 436 1239 832 1304; x_wconf 81' lang='grc' dir='ltr'>ἀποπτὼσεως,</span> <span class='ocrx_word' id='word_1_76' title='bbox 880 1239 1124 1302; x_wconf 80' lang='grc' dir='ltr'>ἐκείνους</span> <span class='ocrx_word' id='word_1_77' title='bbox 1176 1254 1242 1307; x_wconf 88' lang='grc' dir='ltr'>γε</span> <span class='ocrx_word' id='word_1_78' title='bbox 1292 1237 1399 1309; x_wconf 83' lang='grc' dir='ltr'>μὴν</span> <span class='ocrx_word' id='word_1_79' title='bbox 1451 1235 1683 1307; x_wconf 79' lang='grc' dir='ltr'><strong>πάμπαν</strong></span> 
     </span>
    </p>
   </div>
   <div class='ocr_carea' id='block_1_15' title="bbox 154 1328 1685 1407">
    <p class='ocr_par' dir='ltr' id='par_1_15' title="bbox 154 1328 1685 1407">
     <span class='ocr_line' id='line_1_15' title="bbox 154 1328 1685 1407; baseline -0.005 -20"><span class='ocrx_word' id='word_1_80' title='bbox 154 1336 346 1407; x_wconf 70' lang='grc' dir='ltr'>ἐρήμους</span> <span class='ocrx_word' id='word_1_81' title='bbox 368 1333 609 1386; x_wconf 78' lang='grc' dir='ltr'>ἔσεσθαι·</span> <span class='ocrx_word' id='word_1_82' title='bbox 647 1350 666 1384; x_wconf 76' lang='grc' dir='ltr'><strong>ι</strong></span> <span class='ocrx_word' id='word_1_83' title='bbox 710 1331 777 1385; x_wconf 87' lang='grc' dir='ltr'><strong><em>Ἦ</em></strong></span> <span class='ocrx_word' id='word_1_84' title='bbox 809 1331 880 1403; x_wconf 81' lang='grc' dir='ltr'><strong>γῆ</strong></span> <span class='ocrx_word' id='word_1_85' title='bbox 908 1329 1234 1403; x_wconf 27' lang='grc' dir='ltr'>γὰρ-αὐτῶν,</span> <span class='ocrx_word' id='word_1_86' title='bbox 1253 1329 1407 1400; x_wconf 74' lang='grc' dir='ltr'>φησὶ,</span> <span class='ocrx_word' id='word_1_87' title='bbox 1438 1328 1685 1382; x_wconf 87' lang='grc' dir='ltr'>καταλει-</span> 
     </span>
    </p>
   </div>
   <div class='ocr_carea' id='block_1_16' title="bbox 155 1420 1683 1500">
    <p class='ocr_par' dir='ltr' id='par_1_16' title="bbox 155 1420 1683 1500">
     <span class='ocr_line' id='line_1_16' title="bbox 155 1420 1683 1500; baseline -0.004 -20"><span class='ocrx_word' id='word_1_88' title='bbox 155 1427 370 1500; x_wconf 76' lang='grc' dir='ltr'><strong>φθήσεται</strong></span> <span class='ocrx_word' id='word_1_89' title='bbox 406 1424 635 1499; x_wconf 76' lang='grc' dir='ltr'>ερημος.</span> <span class='ocrx_word' id='word_1_90' title='bbox 684 1442 704 1477; x_wconf 75' lang='grc' dir='ltr'><strong>ι</strong></span> <span class='ocrx_word' id='word_1_91' title='bbox 744 1424 915 1478; x_wconf 79' lang='grc' dir='ltr'>Τοῦτο</span> <span class='ocrx_word' id='word_1_92' title='bbox 955 1424 1014 1478; x_wconf 83' lang='grc' dir='ltr'>δὲ</span> <span class='ocrx_word' id='word_1_93' title='bbox 1045 1423 1139 1477; x_wconf 68' lang='grc' dir='ltr'><strong>καλ⁸</strong></span> <span class='ocrx_word' id='word_1_94' title='bbox 1189 1422 1446 1494; x_wconf 78' lang='grc' dir='ltr'><strong>ἀνωτέρω</strong></span> <span class='ocrx_word' id='word_1_95' title='bbox 1499 1420 1683 1486; x_wconf 75' lang='grc' dir='ltr'>αὐτοῖς</span> 
     </span>
    </p>
   </div>
   <div class='ocr_carea' id='block_1_17' title="bbox 155 1512 1682 1590">
    <p class='ocr_par' dir='ltr' id='par_1_17' title="bbox 155 1512 1682 1590">
     <span class='ocr_line' id='line_1_17' title="bbox 155 1512 1682 1590; baseline -0.003 -17"><span class='ocrx_word' id='word_1_96' title='bbox 155 1523 322 1589; x_wconf 67' lang='grc' dir='ltr'>ἐλέγετο</span> <span class='ocrx_word' id='word_1_97' title='bbox 351 1512 454 1573; x_wconf 74' lang='grc' dir='ltr'>ὑπὸ</span> <span class='ocrx_word' id='word_1_98' title='bbox 477 1516 575 1572; x_wconf 77' lang='grc' dir='ltr'><strong>τοῦ</strong></span> <span class='ocrx_word' id='word_1_99' title='bbox 610 1516 776 1573; x_wconf 76' lang='grc' dir='ltr'>αὐτοῦ</span> <span class='ocrx_word' id='word_1_100' title='bbox 805 1518 1107 1590; x_wconf 80' lang='grc' dir='ltr'>προφήτου,</span> <span class='ocrx_word' id='word_1_101' title='bbox 1145 1514 1285 1570; x_wconf 82' lang='grc' dir='ltr'>κατὰ</span> <span class='ocrx_word' id='word_1_102' title='bbox 1310 1515 1391 1580; x_wconf 83' lang='grc' dir='ltr'>τὸ,</span> <span class='ocrx_word' id='word_1_103' title='bbox 1440 1532 1457 1566; x_wconf 84' lang='grc' dir='ltr'><strong>ι</strong></span> <span class='ocrx_word' id='word_1_104' title='bbox 1501 1514 1567 1568; x_wconf 85' lang='grc' dir='ltr'>Ἡ</span> <span class='ocrx_word' id='word_1_105' title='bbox 1610 1515 1682 1585; x_wconf 82' lang='grc' dir='ltr'><strong>γῆ</strong></span> 
     </span>
    </p>
   </div>
   <div class='ocr_carea' id='block_1_18' title="bbox 152 1604 1682 1683">
    <p class='ocr_par' dir='ltr' id='par_1_18' title="bbox 152 1604 1682 1683">
     <span class='ocr_line' id='line_1_18' title="bbox 152 1604 1682 1683; baseline -0.005 -17"><span class='ocrx_word' id='word_1_106' title='bbox 152 1613 270 1683; x_wconf 76' lang='grc' dir='ltr'>ὑμῶν</span> <span class='ocrx_word' id='word_1_107' title='bbox 296 1611 510 1683; x_wconf 79' lang='grc' dir='ltr'>ἔρημος,</span> <span class='ocrx_word' id='word_1_108' title='bbox 545 1612 607 1666; x_wconf 72' lang='lat' dir='ltr'><strong>at</strong></span> <span class='ocrx_word' id='word_1_109' title='bbox 639 1610 823 1674; x_wconf 80' lang='grc' dir='ltr'>πόλεις</span> <span class='ocrx_word' id='word_1_110' title='bbox 852 1608 1005 1681; x_wconf 84' lang='grc' dir='ltr'>ὑμῶν</span> <span class='ocrx_word' id='word_1_111' title='bbox 1032 1608 1391 1681; x_wconf 85' lang='grc' dir='ltr'>πυρίκαυστοι</span> <span class='ocrx_word' id='word_1_112' title='bbox 1411 1624 1424 1637; x_wconf 90' lang='grc'><strong>·</strong></span> <span class='ocrx_word' id='word_1_113' title='bbox 1452 1606 1550 1679; x_wconf 85' lang='grc' dir='ltr'>τὴν</span> <span class='ocrx_word' id='word_1_114' title='bbox 1571 1604 1682 1677; x_wconf 83' lang='grc' dir='ltr'><strong>χὼ-</strong></span> 
     </span>
    </p>
   </div>
   <div class='ocr_carea' id='block_1_19' title="bbox 152 1694 1681 1772">
    <p class='ocr_par' dir='ltr' id='par_1_19' title="bbox 152 1694 1681 1772">
     <span class='ocr_line' id='line_1_19' title="bbox 152 1694 1681 1772; baseline -0.004 -18"><span class='ocrx_word' id='word_1_115' title='bbox 152 1719 226 1771; x_wconf 79' lang='grc' dir='ltr'><strong>ραν</strong></span> <span class='ocrx_word' id='word_1_116' title='bbox 264 1701 421 1772; x_wconf 80' lang='grc' dir='ltr'>ὑμῶν,</span> <span class='ocrx_word' id='word_1_117' title='bbox 475 1699 714 1754; x_wconf 82' lang='grc' dir='ltr'>ἐνώπιον</span> <span class='ocrx_word' id='word_1_118' title='bbox 763 1698 918 1771; x_wconf 80' lang='grc' dir='ltr'>ὑμῶν</span> <span class='ocrx_word' id='word_1_119' title='bbox 975 1697 1246 1769; x_wconf 80' lang='grc' dir='ltr'>ἀλλότριοι</span> <span class='ocrx_word' id='word_1_120' title='bbox 1305 1694 1681 1751; x_wconf 87' lang='grc' dir='ltr'>κατεσθίουσιν</span> 
     </span>
    </p>
   </div>
   <div class='ocr_carea' id='block_1_20' title="bbox 149 1786 1681 1863">
    <p class='ocr_par' dir='ltr' id='par_1_20' title="bbox 149 1786 1681 1863">
     <span class='ocr_line' id='line_1_20' title="bbox 149 1786 1681 1863; baseline -0.005 -16"><span class='ocrx_word' id='word_1_121' title='bbox 149 1794 299 1863; x_wconf 70' lang='grc' dir='ltr'>αὑτήν.</span> <span class='ocrx_word' id='word_1_122' title='bbox 346 1810 364 1843; x_wconf 72' lang='grc' dir='ltr'><strong>ι</strong></span> <span class='ocrx_word' id='word_1_123' title='bbox 399 1792 537 1845; x_wconf 86' lang='grc' dir='ltr'>Πότε</span> <span class='ocrx_word' id='word_1_124' title='bbox 571 1790 635 1844; x_wconf 78' lang='grc' dir='ltr'>δὲ</span> <span class='ocrx_word' id='word_1_125' title='bbox 679 1791 775 1844; x_wconf 56' lang='grc' dir='ltr'><strong>καὶ¹</strong></span> <span class='ocrx_word' id='word_1_126' title='bbox 816 1791 988 1846; x_wconf 70' lang='grc' dir='ltr'>ταῦτα</span> <span class='ocrx_word' id='word_1_127' title='bbox 1025 1787 1329 1861; x_wconf 75' lang='grc' dir='ltr'>ἐπληροῦτο</span> <span class='ocrx_word' id='word_1_128' title='bbox 1364 1787 1398 1860; x_wconf 79' lang='grc' dir='ltr'>ἢ</span> <span class='ocrx_word' id='word_1_129' title='bbox 1434 1787 1541 1840; x_wconf 79' lang='grc' dir='ltr'><strong>ἀπὸ</strong></span> <span class='ocrx_word' id='word_1_130' title='bbox 1572 1786 1681 1840; x_wconf 83' lang='grc' dir='ltr'><strong>τῶν</strong></span> 
     </span>
    </p>
   </div>
   <div class='ocr_carea' id='block_1_21' title="bbox 1790 591 3358 666">
    <p class='ocr_par' dir='ltr' id='par_1_21' title="bbox 1790 591 3358 666">
     <span class='ocr_line' id='line_1_21' title="bbox 1790 591 3358 666; baseline 0 -16"><span class='ocrx_word' id='word_1_131' title='bbox 1790 593 1871 652; x_wconf 92' lang='lat' dir='ltr'><strong>di.</strong></span> <span class='ocrx_word' id='word_1_132' title='bbox 1898 593 2070 648; x_wconf 89' lang='lat' dir='ltr'><strong>Erunt</strong></span> <span class='ocrx_word' id='word_1_133' title='bbox 2094 603 2274 649; x_wconf 91' lang='lat' dir='ltr'><strong>autem</strong></span> <span class='ocrx_word' id='word_1_134' title='bbox 2298 595 2378 659; x_wconf 89' lang='lat' dir='ltr'><strong>hi,</strong></span> <span class='ocrx_word' id='word_1_135' title='bbox 2407 594 2511 665; x_wconf 83' lang='lat' dir='ltr'><strong>ipsi</strong></span> <span class='ocrx_word' id='word_1_136' title='bbox 2545 591 2846 649; x_wconf 85' lang='lat' dir='ltr'><strong>Salvatoris</strong></span> <span class='ocrx_word' id='word_1_137' title='bbox 2877 593 3054 651; x_wconf 81' lang='lat' dir='ltr'><strong>nostri</strong></span> <span class='ocrx_word' id='word_1_138' title='bbox 3077 593 3358 666; x_wconf 84' lang='lat' dir='ltr'><strong>discipuli,</strong></span> 
     </span>
    </p>
   </div>
   <div class='ocr_carea' id='block_1_22' title="bbox 1789 687 3364 761">
    <p class='ocr_par' dir='ltr' id='par_1_22' title="bbox 1789 687 3364 761">
     <span class='ocr_line' id='line_1_22' title="bbox 1789 687 3364 761; baseline 0.002 -17"><span class='ocrx_word' id='word_1_139' title='bbox 1789 689 1885 761; x_wconf 89' lang='lat' dir='ltr'><strong>qui</strong></span> <span class='ocrx_word' id='word_1_140' title='bbox 1912 689 1981 744; x_wconf 90' lang='lat' dir='ltr'><strong>ab</strong></span> <span class='ocrx_word' id='word_1_141' title='bbox 2011 687 2274 753; x_wconf 66' lang='lat' dir='ltr'><strong>Hebraeis,</strong></span> <span class='ocrx_word' id='word_1_142' title='bbox 2307 689 2375 744; x_wconf 91' lang='lat' dir='ltr'><strong>ad</strong></span> <span class='ocrx_word' id='word_1_143' title='bbox 2412 703 2603 746; x_wconf 89' lang='lat' dir='ltr'><strong>omnes</strong></span> <span class='ocrx_word' id='word_1_144' title='bbox 2635 688 2881 744; x_wconf 86' lang='lat' dir='ltr'><strong>homines</strong></span> <span class='ocrx_word' id='word_1_145' title='bbox 2913 687 3168 759; x_wconf 81' lang='lat' dir='ltr'><strong>profecti,</strong></span> <span class='ocrx_word' id='word_1_146' title='bbox 3198 696 3364 761; x_wconf 86' lang='lat' dir='ltr'><strong>atque</strong></span> 
     </span>
    </p>
   </div>
   <div class='ocr_carea' id='block_1_23' title="bbox 1788 779 3361 851">
    <p class='ocr_par' dir='ltr' id='par_1_23' title="bbox 1788 779 3361 851">
     <span class='ocr_line' id='line_1_23' title="bbox 1788 779 3361 851; baseline 0.001 -15"><span class='ocrx_word' id='word_1_147' title='bbox 1788 781 1965 836; x_wconf 86' lang='lat' dir='ltr'><strong>instar</strong></span> <span class='ocrx_word' id='word_1_148' title='bbox 1991 780 2216 836; x_wconf 80' lang='lat' dir='ltr'><strong>seminis</strong></span> <span class='ocrx_word' id='word_1_149' title='bbox 2240 780 2439 846; x_wconf 88' lang='lat' dir='ltr'><strong>relicti,</strong></span> <span class='ocrx_word' id='word_1_150' title='bbox 2469 782 2693 837; x_wconf 81' lang='lat' dir='ltr'><strong>uberem</strong></span> <span class='ocrx_word' id='word_1_151' title='bbox 2727 780 2835 851; x_wconf 81' lang='lat' dir='ltr'><strong>7o</strong></span> <span class='ocrx_word' id='word_1_152' title='bbox 2852 779 3088 836; x_wconf 79' lang='lat' dir='ltr'><strong>fructum</strong></span> <span class='ocrx_word' id='word_1_153' title='bbox 3118 782 3361 851; x_wconf 84' lang='lat' dir='ltr'><strong>protule-</strong></span> 
     </span>
    </p>
   </div>
   <div class='ocr_carea' id='block_1_24' title="bbox 1787 871 3357 942">
    <p class='ocr_par' dir='ltr' id='par_1_24' title="bbox 1787 871 3357 942">
     <span class='ocr_line' id='line_1_24' title="bbox 1787 871 3357 942; baseline 0.001 -15"><span class='ocrx_word' id='word_1_154' title='bbox 1787 879 1938 938; x_wconf 92' lang='lat' dir='ltr'><strong>runt,</strong></span> <span class='ocrx_word' id='word_1_155' title='bbox 1959 871 2108 942; x_wconf 89' lang='lat' dir='ltr'><strong>ipsas</strong></span> <span class='ocrx_word' id='word_1_156' title='bbox 2133 871 2375 942; x_wconf 86' lang='lat' dir='ltr'><strong>gentium</strong></span> <span class='ocrx_word' id='word_1_157' title='bbox 2393 871 2448 927; x_wconf 92' lang='lat' dir='ltr'><strong>in</strong></span> <span class='ocrx_word' id='word_1_158' title='bbox 2472 877 2588 928; x_wconf 87' lang='lat' dir='ltr'><strong>toto</strong></span> <span class='ocrx_word' id='word_1_159' title='bbox 2606 871 2735 927; x_wconf 88' lang='lat' dir='ltr'><strong>orbe</strong></span> <span class='ocrx_word' id='word_1_160' title='bbox 2752 880 3018 927; x_wconf 90' lang='lat' dir='ltr'><strong>terrarum</strong></span> <span class='ocrx_word' id='word_1_161' title='bbox 3041 871 3316 928; x_wconf 87' lang='lat' dir='ltr'><strong>Ecclesias</strong></span> <span class='ocrx_word' id='word_1_162' title='bbox 3341 891 3357 929; x_wconf 88' lang='lat'><strong>:</strong></span> 
     </span>
    </p>
   </div>
   <div class='ocr_carea' id='block_1_25' title="bbox 1786 963 3361 1034">
    <p class='ocr_par' dir='ltr' id='par_1_25' title="bbox 1786 963 3361 1034">
     <span class='ocr_line' id='line_1_25' title="bbox 1786 963 3361 1034; baseline -0.001 -14"><span class='ocrx_word' id='word_1_163' title='bbox 1786 972 1841 1021; x_wconf 90' lang='lat' dir='ltr'><strong>et</strong></span> <span class='ocrx_word' id='word_1_164' title='bbox 1868 963 2080 1031; x_wconf 86' lang='lat' dir='ltr'><strong>inspice</strong></span> <span class='ocrx_word' id='word_1_165' title='bbox 2102 978 2256 1028; x_wconf 82' lang='lat' dir='ltr'><strong>sane,</strong></span> <span class='ocrx_word' id='word_1_166' title='bbox 2285 963 2745 1034; x_wconf 87' lang='lat' dir='ltr'><strong>quemadmodum</strong></span> <span class='ocrx_word' id='word_1_167' title='bbox 2772 964 2961 1019; x_wconf 90' lang='lat' dir='ltr'><strong>eodem</strong></span> <span class='ocrx_word' id='word_1_168' title='bbox 2992 969 3239 1034; x_wconf 88' lang='lat' dir='ltr'><strong>tempore</strong></span> <span class='ocrx_word' id='word_1_169' title='bbox 3258 964 3361 1019; x_wconf 87' lang='lat' dir='ltr'><strong>hos</strong></span> 
     </span>
    </p>
   </div>
   <div class='ocr_carea' id='block_1_26' title="bbox 1787 1053 3359 1126">
    <p class='ocr_par' dir='ltr' id='par_1_26' title="bbox 1787 1053 3359 1126">
     <span class='ocr_line' id='line_1_26' title="bbox 1787 1053 3359 1126; baseline -0.003 -15"><span class='ocrx_word' id='word_1_170' title='bbox 1787 1055 1933 1111; x_wconf 91' lang='lat' dir='ltr'><strong>solos</strong></span> <span class='ocrx_word' id='word_1_171' title='bbox 1957 1053 2268 1110; x_wconf 67' lang='lat' dir='ltr'><strong>Iudaeorum</strong></span> <span class='ocrx_word' id='word_1_172' title='bbox 2291 1055 2466 1111; x_wconf 68' lang='lat' dir='ltr'><strong>ruina:</strong></span> <span class='ocrx_word' id='word_1_173' title='bbox 2491 1056 2817 1126; x_wconf 85' lang='lat' dir='ltr'><strong>superstites</strong></span> <span class='ocrx_word' id='word_1_174' title='bbox 2842 1054 3259 1126; x_wconf 89' lang='lat' dir='ltr'><strong>multiplicatum</strong></span> <span class='ocrx_word' id='word_1_175' title='bbox 3291 1054 3359 1108; x_wconf 88' lang='lat' dir='ltr'><strong>iri</strong></span> 
     </span>
    </p>
   </div>
   <div class='ocr_carea' id='block_1_27' title="bbox 1785 1144 3359 1215">
    <p class='ocr_par' dir='ltr' id='par_1_27' title="bbox 1785 1144 3359 1215">
     <span class='ocr_line' id='line_1_27' title="bbox 1785 1144 3359 1215; baseline -0.002 -14"><span class='ocrx_word' id='word_1_176' title='bbox 1785 1144 2037 1210; x_wconf 83' lang='lat' dir='ltr'><strong>allirmat,</strong></span> <span class='ocrx_word' id='word_1_177' title='bbox 2087 1145 2212 1201; x_wconf 90' lang='lat' dir='ltr'><strong>illos</strong></span> <span class='ocrx_word' id='word_1_178' title='bbox 2250 1154 2431 1201; x_wconf 91' lang='lat' dir='ltr'><strong>autem</strong></span> <span class='ocrx_word' id='word_1_179' title='bbox 2484 1145 2837 1202; x_wconf 83' lang='lat' dir='ltr'><strong>solitudinem</strong></span> <span class='ocrx_word' id='word_1_180' title='bbox 2882 1145 3124 1215; x_wconf 87' lang='lat' dir='ltr'><strong>penitus,</strong></span> <span class='ocrx_word' id='word_1_181' title='bbox 3177 1153 3359 1199; x_wconf 86' lang='lat' dir='ltr'><strong>vasta-</strong></span> 
     </span>
    </p>
   </div>
   <div class='ocr_carea' id='block_1_28' title="bbox 1771 1236 3358 1311">
    <p class='ocr_par' dir='ltr' id='par_1_28' title="bbox 1771 1236 3358 1311">
     <span class='ocr_line' id='line_1_28' title="bbox 1771 1236 3358 1311; baseline -0.002 -16"><span class='ocrx_word' id='word_1_182' title='bbox 1771 1240 2098 1311; x_wconf 78' lang='lat' dir='ltr'><strong>,tionemque</strong></span> <span class='ocrx_word' id='word_1_183' title='bbox 2135 1252 2415 1310; x_wconf 84' lang='lat' dir='ltr'><strong>passuros.</strong></span> <span class='ocrx_word' id='word_1_184' title='bbox 2455 1257 2475 1290; x_wconf 71' lang='grc' dir='ltr'><strong>ι</strong></span> <span class='ocrx_word' id='word_1_185' title='bbox 2527 1236 2696 1295; x_wconf 88' lang='lat' dir='ltr'><strong>Terra</strong></span> <span class='ocrx_word' id='word_1_186' title='bbox 2726 1238 2893 1302; x_wconf 84' lang='lat' dir='ltr'><strong>enim,</strong></span> <span class='ocrx_word' id='word_1_187' title='bbox 2940 1238 3137 1310; x_wconf 82' lang='lat' dir='ltr'><strong>inquit,</strong></span> <span class='ocrx_word' id='word_1_188' title='bbox 3164 1253 3358 1295; x_wconf 90' lang='lat' dir='ltr'><strong>eorum</strong></span> 
     </span>
    </p>
   </div>
   <div class='ocr_carea' id='block_1_29' title="bbox 1784 1330 3358 1404">
    <p class='ocr_par' dir='ltr' id='par_1_29' title="bbox 1784 1330 3358 1404">
     <span class='ocr_line' id='line_1_29' title="bbox 1784 1330 3358 1404; baseline -0.001 -17"><span class='ocrx_word' id='word_1_189' title='bbox 1784 1332 2126 1404; x_wconf 88' lang='lat' dir='ltr'><strong>relinquetur</strong></span> <span class='ocrx_word' id='word_1_190' title='bbox 2161 1333 2398 1388; x_wconf 89' lang='lat' dir='ltr'><strong>deserta.</strong></span> <span class='ocrx_word' id='word_1_191' title='bbox 2440 1352 2458 1385; x_wconf 80' lang='grc'><strong>›</strong></span> <span class='ocrx_word' id='word_1_192' title='bbox 2498 1330 2669 1388; x_wconf 87' lang='lat' dir='ltr'><strong>Porro</strong></span> <span class='ocrx_word' id='word_1_193' title='bbox 2720 1332 2825 1388; x_wconf 82' lang='lat' dir='ltr'><strong>hoc</strong></span> <span class='ocrx_word' id='word_1_194' title='bbox 2874 1332 3054 1402; x_wconf 89' lang='lat' dir='ltr'><strong>ipsum</strong></span> <span class='ocrx_word' id='word_1_195' title='bbox 3102 1331 3358 1401; x_wconf 86' lang='lat' dir='ltr'><strong>superius</strong></span> 
     </span>
    </p>
   </div>
   <div class='ocr_carea' id='block_1_30' title="bbox 1783 1422 3355 1495">
    <p class='ocr_par' dir='ltr' id='par_1_30' title="bbox 1783 1422 3355 1495">
     <span class='ocr_line' id='line_1_30' title="bbox 1783 1422 3355 1495; baseline -0.001 -17"><span class='ocrx_word' id='word_1_196' title='bbox 1783 1439 2000 1495; x_wconf 90' lang='lat' dir='ltr'><strong>quoque</strong></span> <span class='ocrx_word' id='word_1_197' title='bbox 2033 1424 2241 1480; x_wconf 86' lang='lat' dir='ltr'><strong>dictum</strong></span> <span class='ocrx_word' id='word_1_198' title='bbox 2276 1433 2382 1489; x_wconf 88' lang='lat' dir='ltr'><strong>est,</strong></span> <span class='ocrx_word' id='word_1_199' title='bbox 2407 1425 2477 1480; x_wconf 90' lang='lat' dir='ltr'><strong>ab</strong></span> <span class='ocrx_word' id='word_1_200' title='bbox 2508 1424 2697 1481; x_wconf 92' lang='lat' dir='ltr'><strong>eodem</strong></span> <span class='ocrx_word' id='word_1_201' title='bbox 2734 1424 2999 1495; x_wconf 84' lang='lat' dir='ltr'><strong>propheta</strong></span> <span class='ocrx_word' id='word_1_202' title='bbox 3022 1423 3091 1478; x_wconf 89' lang='lat' dir='ltr'><strong>ad</strong></span> <span class='ocrx_word' id='word_1_203' title='bbox 3113 1422 3355 1485; x_wconf 85' lang='lat' dir='ltr'><strong>eosdem,</strong></span> 
     </span>
    </p>
   </div>
   <div class='ocr_carea' id='block_1_31' title="bbox 1785 1514 3359 1581">
    <p class='ocr_par' dir='ltr' id='par_1_31' title="bbox 1785 1514 3359 1581">
     <span class='ocr_line' id='line_1_31' title="bbox 1785 1514 3359 1581; baseline -0.001 -12"><span class='ocrx_word' id='word_1_204' title='bbox 1785 1514 1879 1571; x_wconf 91' lang='lat' dir='ltr'><strong>illo</strong></span> <span class='ocrx_word' id='word_1_205' title='bbox 1912 1515 2036 1570; x_wconf 92' lang='lat' dir='ltr'><strong>loco</strong></span> <span class='ocrx_word' id='word_1_206' title='bbox 2089 1533 2102 1570; x_wconf 89' lang='lat'><strong>:</strong></span> <span class='ocrx_word' id='word_1_207' title='bbox 2144 1532 2163 1564; x_wconf 76' lang='grc' dir='ltr'><strong>ι</strong></span> <span class='ocrx_word' id='word_1_208' title='bbox 2206 1524 2353 1571; x_wconf 91' lang='lat' dir='ltr'><strong>terra</strong></span> <span class='ocrx_word' id='word_1_209' title='bbox 2399 1524 2585 1572; x_wconf 89' lang='lat' dir='ltr'><strong>vestra</strong></span> <span class='ocrx_word' id='word_1_210' title='bbox 2617 1514 2856 1581; x_wconf 82' lang='lat' dir='ltr'><strong>deserta,</strong></span> <span class='ocrx_word' id='word_1_211' title='bbox 2886 1514 3139 1570; x_wconf 81' lang='lat' dir='ltr'><strong>civitates</strong></span> <span class='ocrx_word' id='word_1_212' title='bbox 3162 1522 3359 1570; x_wconf 71' lang='lat' dir='ltr'><strong>vestrae</strong></span> 
     </span>
    </p>
   </div>
   <div class='ocr_carea' id='block_1_32' title="bbox 1784 1607 3356 1681">
    <p class='ocr_par' dir='ltr' id='par_1_32' title="bbox 1784 1607 3356 1681">
     <span class='ocr_line' id='line_1_32' title="bbox 1784 1607 3356 1681; baseline -0.001 -19"><span class='ocrx_word' id='word_1_213' title='bbox 1784 1622 2062 1663; x_wconf 64' lang='lat' dir='ltr'><strong>succensae</strong></span> <span class='ocrx_word' id='word_1_214' title='bbox 2119 1608 2228 1679; x_wconf 84' lang='lat' dir='ltr'><strong>igni</strong></span> <span class='ocrx_word' id='word_1_215' title='bbox 2282 1629 2295 1664; x_wconf 92' lang='lat'><strong>:</strong></span> <span class='ocrx_word' id='word_1_216' title='bbox 2355 1610 2632 1681; x_wconf 90' lang='lat' dir='ltr'><strong>regionem</strong></span> <span class='ocrx_word' id='word_1_217' title='bbox 2673 1618 2937 1673; x_wconf 81' lang='lat' dir='ltr'><strong>vestram,</strong></span> <span class='ocrx_word' id='word_1_218' title='bbox 2972 1607 3029 1661; x_wconf 90' lang='lat' dir='ltr'><strong>in</strong></span> <span class='ocrx_word' id='word_1_219' title='bbox 3057 1616 3356 1677; x_wconf 86' lang='lat' dir='ltr'><strong>conspectu</strong></span> 
     </span>
    </p>
   </div>
   <div class='ocr_carea' id='block_1_33' title="bbox 1782 1698 3357 1767">
    <p class='ocr_par' dir='ltr' id='par_1_33' title="bbox 1782 1698 3357 1767">
     <span class='ocr_line' id='line_1_33' title="bbox 1782 1698 3357 1767; baseline 0 -14"><span class='ocrx_word' id='word_1_220' title='bbox 1782 1706 1966 1755; x_wconf 89' lang='lat' dir='ltr'><strong>vestro</strong></span> <span class='ocrx_word' id='word_1_221' title='bbox 2020 1700 2181 1754; x_wconf 89' lang='lat' dir='ltr'><strong>alieni</strong></span> <span class='ocrx_word' id='word_1_222' title='bbox 2236 1701 2498 1756; x_wconf 85' lang='lat' dir='ltr'><strong>devorant</strong></span> <span class='ocrx_word' id='word_1_223' title='bbox 2544 1702 2609 1753; x_wconf 74' lang='grc'><strong>⁸³.</strong></span> <span class='ocrx_word' id='word_1_224' title='bbox 2667 1722 2685 1753; x_wconf 77' lang='grc' dir='ltr'><strong>ι</strong></span> <span class='ocrx_word' id='word_1_225' title='bbox 2736 1700 2967 1767; x_wconf 86' lang='lat' dir='ltr'><strong>Quando</strong></span> <span class='ocrx_word' id='word_1_226' title='bbox 3017 1705 3198 1753; x_wconf 90' lang='lat' dir='ltr'><strong>autem</strong></span> <span class='ocrx_word' id='word_1_227' title='bbox 3242 1698 3357 1753; x_wconf 84' lang='lat' dir='ltr'><strong>haec</strong></span> 
     </span>
    </p>
   </div>
   <div class='ocr_carea' id='block_1_34' title="bbox 1781 1790 3354 1865">
    <p class='ocr_par' dir='ltr' id='par_1_34' title="bbox 1781 1790 3354 1865">
     <span class='ocr_line' id='line_1_34' title="bbox 1781 1790 3354 1865; baseline 0 -20"><span class='ocrx_word' id='word_1_228' title='bbox 1781 1792 2003 1848; x_wconf 85' lang='lat' dir='ltr'><strong>tandem</strong></span> <span class='ocrx_word' id='word_1_229' title='bbox 2038 1794 2308 1863; x_wconf 89' lang='lat' dir='ltr'><strong>completa</strong></span> <span class='ocrx_word' id='word_1_230' title='bbox 2339 1799 2489 1857; x_wconf 89' lang='lat' dir='ltr'><strong>sunt,</strong></span> <span class='ocrx_word' id='word_1_231' title='bbox 2522 1795 2566 1850; x_wconf 90' lang='lat' dir='ltr'><strong>si</strong></span> <span class='ocrx_word' id='word_1_232' title='bbox 2594 1810 2702 1850; x_wconf 89' lang='lat' dir='ltr'><strong>non</strong></span> <span class='ocrx_word' id='word_1_233' title='bbox 2753 1804 2876 1865; x_wconf 89' lang='lat' dir='ltr'><strong>post</strong></span> <span class='ocrx_word' id='word_1_234' title='bbox 2912 1790 3215 1847; x_wconf 84' lang='lat' dir='ltr'><strong>Salvatoris</strong></span> <span class='ocrx_word' id='word_1_235' title='bbox 3249 1807 3354 1845; x_wconf 83' lang='lat' dir='ltr'><strong>no-</strong></span> 
     </span>
    </p>
   </div>
   <div class='ocr_carea' id='block_1_35' title="bbox 148 1878 1670 1956">
    <p class='ocr_par' dir='ltr' id='par_1_35' title="bbox 148 1878 1670 1956">
     <span class='ocr_line' id='line_1_35' title="bbox 148 1878 1670 1956; baseline -0.004 -18"><span class='ocrx_word' id='word_1_236' title='bbox 148 1886 312 1956; x_wconf 72' lang='grc' dir='ltr'>χρόνων</span> <span class='ocrx_word' id='word_1_237' title='bbox 335 1885 422 1937; x_wconf 82' lang='grc' dir='ltr'><strong>τοῦ</strong></span> <span class='ocrx_word' id='word_1_238' title='bbox 451 1885 708 1955; x_wconf 84' lang='grc' dir='ltr'>Σωτῆρος</span> <span class='ocrx_word' id='word_1_239' title='bbox 736 1884 924 1955; x_wconf 86' lang='grc' dir='ltr'>ήμῶν;</span> <span class='ocrx_word' id='word_1_240' title='bbox 955 1883 1060 1949; x_wconf 73' lang='grc' dir='ltr'>ἕως</span> <span class='ocrx_word' id='word_1_241' title='bbox 1090 1882 1188 1955; x_wconf 83' lang='grc' dir='ltr'>μὲν</span> <span class='ocrx_word' id='word_1_242' title='bbox 1211 1881 1319 1953; x_wconf 80' lang='grc' dir='ltr'><strong>γὰρ</strong></span> <span class='ocrx_word' id='word_1_243' title='bbox 1341 1880 1551 1933; x_wconf 78' lang='grc' dir='ltr'><strong>οὐδέπω</strong></span> <span class='ocrx_word' id='word_1_244' title='bbox 1579 1878 1670 1944; x_wconf 84' lang='grc' dir='ltr'>τὰς</span> 
     </span>
    </p>
   </div>
   <div class='ocr_carea' id='block_1_36' title="bbox 1773 1878 3353 1956">
    <p class='ocr_par' dir='ltr' id='par_1_36' title="bbox 1783 1883 3353 1956">
     <span class='ocr_line' id='line_1_36' title="bbox 1783 1883 3353 1956; baseline -0.001 -18"><span class='ocrx_word' id='word_1_245' title='bbox 1783 1883 1885 1938; x_wconf 92' lang='lat' dir='ltr'><strong>stri</strong></span> <span class='ocrx_word' id='word_1_246' title='bbox 1912 1885 2199 1953; x_wconf 89' lang='lat' dir='ltr'><strong>tempora?</strong></span> <span class='ocrx_word' id='word_1_247' title='bbox 2250 1885 2556 1956; x_wconf 81' lang='lat' dir='ltr'><strong>Antequam</strong></span> <span class='ocrx_word' id='word_1_248' title='bbox 2600 1886 2745 1940; x_wconf 90' lang='lat' dir='ltr'><strong>enim</strong></span> <span class='ocrx_word' id='word_1_249' title='bbox 2791 1894 2983 1941; x_wconf 89' lang='lat' dir='ltr'><strong>contra</strong></span> <span class='ocrx_word' id='word_1_250' title='bbox 3038 1885 3188 1939; x_wconf 93' lang='lat' dir='ltr'><strong>illum</strong></span> <span class='ocrx_word' id='word_1_251' title='bbox 3244 1892 3353 1937; x_wconf 88' lang='lat' dir='ltr'><strong>tam</strong></span> 
     </span>
    </p>
   </div>
   <div class='ocr_carea' id='block_1_37' title="bbox 148 1970 1678 2046">
    <p class='ocr_par' dir='ltr' id='par_1_37' title="bbox 148 1970 1678 2046">
     <span class='ocr_line' id='line_1_37' title="bbox 148 1970 1678 2046; baseline -0.003 -16"><span class='ocrx_word' id='word_1_252' title='bbox 148 1977 243 2030; x_wconf 75' lang='grc' dir='ltr'>κατ’</span> <span class='ocrx_word' id='word_1_253' title='bbox 277 1975 426 2029; x_wconf 72' lang='grc' dir='ltr'>αὐτοῦ</span> <span class='ocrx_word' id='word_1_254' title='bbox 470 1975 885 2046; x_wconf 84' lang='grc' dir='ltr'>τετολμήκεσαν</span> <span class='ocrx_word' id='word_1_255' title='bbox 929 1974 1266 2040; x_wconf 79' lang='grc' dir='ltr'>δυσσεϐείας,</span> <span class='ocrx_word' id='word_1_256' title='bbox 1301 1975 1401 2028; x_wconf 81' lang='grc' dir='ltr'>οὐκ</span> <span class='ocrx_word' id='word_1_257' title='bbox 1435 1970 1502 2045; x_wconf 82' lang='grc' dir='ltr'>ἦν</span> <span class='ocrx_word' id='word_1_258' title='bbox 1530 1977 1563 2045; x_wconf 86' lang='grc' dir='ltr'><strong>ἡ</strong></span> <span class='ocrx_word' id='word_1_259' title='bbox 1606 1970 1678 2045; x_wconf 83' lang='grc' dir='ltr'><strong>γῆ</strong></span> 
     </span>
    </p>
   </div>
   <div class='ocr_carea' id='block_1_38' title="bbox 147 2062 1679 2140">
    <p class='ocr_par' dir='ltr' id='par_1_38' title="bbox 147 2062 1679 2140">
     <span class='ocr_line' id='line_1_38' title="bbox 147 2062 1679 2140; baseline -0.001 -18"><span class='ocrx_word' id='word_1_260' title='bbox 147 2068 285 2122; x_wconf 73' lang='grc' dir='ltr'>αὐτῶν</span> <span class='ocrx_word' id='word_1_261' title='bbox 314 2068 526 2140; x_wconf 75' lang='grc' dir='ltr'>ἔρημος,</span> <span class='ocrx_word' id='word_1_262' title='bbox 561 2068 691 2122; x_wconf 82' lang='grc' dir='ltr'>οὐδὲ</span> <span class='ocrx_word' id='word_1_263' title='bbox 726 2069 782 2122; x_wconf 77' lang='grc' dir='ltr'>αἱ</span> <span class='ocrx_word' id='word_1_264' title='bbox 821 2062 1001 2132; x_wconf 85' lang='grc' dir='ltr'>πόλεις</span> <span class='ocrx_word' id='word_1_265' title='bbox 1033 2068 1409 2140; x_wconf 85' lang='grc' dir='ltr'>πυρίκαυστοι,</span> <span class='ocrx_word' id='word_1_266' title='bbox 1433 2066 1552 2120; x_wconf 75' lang='grc' dir='ltr'>οὐδὲ</span> <span class='ocrx_word' id='word_1_267' title='bbox 1580 2066 1679 2138; x_wconf 74' lang='grc' dir='ltr'>τὴν</span> 
     </span>
    </p>
   </div>
   <div class='ocr_carea' id='block_1_39' title="bbox 146 2156 1679 2230">
    <p class='ocr_par' dir='ltr' id='par_1_39' title="bbox 146 2156 1679 2230">
     <span class='ocr_line' id='line_1_39' title="bbox 146 2156 1679 2230; baseline -0.001 -20"><span class='ocrx_word' id='word_1_268' title='bbox 146 2159 290 2230; x_wconf 80' lang='grc' dir='ltr'>χώραν</span> <span class='ocrx_word' id='word_1_269' title='bbox 322 2159 491 2213; x_wconf 70' lang='grc' dir='ltr'>αὐτῶν</span> <span class='ocrx_word' id='word_1_270' title='bbox 524 2157 801 2229; x_wconf 83' lang='grc' dir='ltr'>ἀλλότριοι</span> <span class='ocrx_word' id='word_1_271' title='bbox 833 2157 1155 2228; x_wconf 70' lang='grc' dir='ltr'>κατήσθιον*</span> <span class='ocrx_word' id='word_1_272' title='bbox 1199 2156 1306 2211; x_wconf 73' lang='grc' dir='ltr'><strong>ἀπὸ</strong></span> <span class='ocrx_word' id='word_1_273' title='bbox 1347 2156 1403 2209; x_wconf 86' lang='grc' dir='ltr'>δὲ</span> <span class='ocrx_word' id='word_1_274' title='bbox 1446 2157 1547 2226; x_wconf 83' lang='grc' dir='ltr'>τῆς</span> <span class='ocrx_word' id='word_1_275' title='bbox 1593 2158 1679 2209; x_wconf 78' lang='grc' dir='ltr'><strong>ὲν-</strong></span> 
     </span>
    </p>
   </div>
   <div class='ocr_carea' id='block_1_40' title="bbox 149 2236 1677 2324">
    <p class='ocr_par' dir='ltr' id='par_1_40' title="bbox 149 2236 1677 2324">
     <span class='ocr_line' id='line_1_40' title="bbox 149 2236 1677 2324; baseline -0.003 -18"><span class='ocrx_word' id='word_1_276' title='bbox 149 2252 241 2306; x_wconf 81' lang='grc' dir='ltr'><strong>θέου</strong></span> <span class='ocrx_word' id='word_1_277' title='bbox 272 2236 448 2324; x_wconf 51' lang='grc' dir='ltr'>φωνῆς’</span> <span class='ocrx_word' id='word_1_278' title='bbox 468 2252 718 2322; x_wconf 76' lang='grc' dir='ltr'>ἐκείνης,</span> <span class='ocrx_word' id='word_1_279' title='bbox 751 2251 817 2305; x_wconf 79' lang='grc' dir='ltr'>δι’</span> <span class='ocrx_word' id='word_1_280' title='bbox 841 2245 909 2324; x_wconf 81' lang='grc' dir='ltr'>ἦς</span> <span class='ocrx_word' id='word_1_281' title='bbox 934 2246 996 2304; x_wconf 72' lang='grc' dir='ltr'><strong>τὸ</strong></span> <span class='ocrx_word' id='word_1_282' title='bbox 1029 2251 1219 2322; x_wconf 79' lang='grc' dir='ltr'>μέλλον</span> <span class='ocrx_word' id='word_1_283' title='bbox 1245 2252 1427 2315; x_wconf 78' lang='grc' dir='ltr'>αὐτοῖς</span> <span class='ocrx_word' id='word_1_284' title='bbox 1462 2249 1677 2303; x_wconf 75' lang='grc' dir='ltr'>ἔσεσθαι</span> 
     </span>
    </p>
   </div>
   <div class='ocr_carea' id='block_1_41' title="bbox 147 2330 1678 2415">
    <p class='ocr_par' dir='ltr' id='par_1_41' title="bbox 147 2330 1678 2415">
     <span class='ocr_line' id='line_1_41' title="bbox 147 2330 1678 2415; baseline -0.003 -19"><span class='ocrx_word' id='word_1_285' title='bbox 147 2344 484 2414; x_wconf 71' lang='grc' dir='ltr'>τροὺθέσπισεν</span> <span class='ocrx_word' id='word_1_286' title='bbox 525 2330 697 2408; x_wconf 79' lang='grc' dir='ltr'>αὐτὸς</span> <span class='ocrx_word' id='word_1_287' title='bbox 734 2344 764 2397; x_wconf 83' lang='grc' dir='ltr'><strong>ό</strong></span> <span class='ocrx_word' id='word_1_288' title='bbox 799 2343 989 2415; x_wconf 79' lang='grc' dir='ltr'>Σωτὴρ</span> <span class='ocrx_word' id='word_1_289' title='bbox 1019 2342 1113 2396; x_wconf 73' lang='grc' dir='ltr'><strong>καὶ</strong></span> <span class='ocrx_word' id='word_1_290' title='bbox 1146 2339 1349 2413; x_wconf 86' lang='grc' dir='ltr'>Κύριος</span> <span class='ocrx_word' id='word_1_291' title='bbox 1389 2340 1566 2413; x_wconf 76' lang='grc' dir='ltr'>ἡμῶν,</span> <span class='ocrx_word' id='word_1_292' title='bbox 1602 2342 1678 2393; x_wconf 53' lang='lat' dir='ltr'><strong>eia</strong></span> 
     </span>
    </p>
   </div>
   <div class='ocr_carea' id='block_1_42' title="bbox 146 2428 1674 2507">
    <p class='ocr_par' dir='ltr' id='par_1_42' title="bbox 146 2428 1674 2507">
     <span class='ocr_line' id='line_1_42' title="bbox 146 2428 1674 2507; baseline -0.003 -17"><span class='ocrx_word' id='word_1_293' title='bbox 146 2436 251 2501; x_wconf 81' lang='grc' dir='ltr'>πὼν,</span> <span class='ocrx_word' id='word_1_294' title='bbox 276 2455 292 2487; x_wconf 86' lang='grc' dir='ltr'><strong>ι</strong></span> <span class='ocrx_word' id='word_1_295' title='bbox 329 2437 567 2507; x_wconf 80' lang='grc' dir='ltr'>’Δφίεται</span> <span class='ocrx_word' id='word_1_296' title='bbox 603 2438 632 2489; x_wconf 88' lang='grc' dir='ltr'><strong>ό</strong></span> <span class='ocrx_word' id='word_1_297' title='bbox 657 2431 804 2499; x_wconf 74' lang='grc' dir='ltr'>οἶκος</span> <span class='ocrx_word' id='word_1_298' title='bbox 834 2432 1059 2505; x_wconf 81' lang='grc' dir='ltr'>ἔρημος,</span> <span class='ocrx_word' id='word_1_299' title='bbox 1099 2451 1116 2484; x_wconf 72' lang='grc' dir='ltr'><strong>ι</strong></span> <span class='ocrx_word' id='word_1_300' title='bbox 1154 2432 1215 2497; x_wconf 78' lang='grc' dir='ltr'>ἐξ</span> <span class='ocrx_word' id='word_1_301' title='bbox 1243 2432 1452 2486; x_wconf 85' lang='grc' dir='ltr'>ἐκείνου</span> <span class='ocrx_word' id='word_1_302' title='bbox 1492 2428 1586 2486; x_wconf 68' lang='grc' dir='ltr'>καὶ</span> <span class='ocrx_word' id='word_1_303' title='bbox 1613 2432 1674 2485; x_wconf 80' lang='grc' dir='ltr'>οὐ</span> 
     </span>
    </p>
   </div>
   <div class='ocr_carea' id='block_1_43' title="bbox 148 2522 1676 2598">
    <p class='ocr_par' dir='ltr' id='par_1_43' title="bbox 148 2522 1676 2598">
     <span class='ocr_line' id='line_1_43' title="bbox 148 2522 1676 2598; baseline -0.003 -18"><span class='ocrx_word' id='word_1_304' title='bbox 148 2528 235 2597; x_wconf 78' lang='grc' dir='ltr'>μετ’</span> <span class='ocrx_word' id='word_1_305' title='bbox 262 2529 313 2582; x_wconf 80' lang='grc' dir='ltr'>οὐ</span> <span class='ocrx_word' id='word_1_306' title='bbox 350 2528 479 2581; x_wconf 79' lang='grc' dir='ltr'>πολὺ</span> <span class='ocrx_word' id='word_1_307' title='bbox 523 2526 638 2597; x_wconf 81' lang='grc' dir='ltr'>τῆς</span> <span class='ocrx_word' id='word_1_308' title='bbox 674 2525 1052 2598; x_wconf 69' lang='grc' dir='ltr'>προρρήσεως,</span> <span class='ocrx_word' id='word_1_309' title='bbox 1086 2522 1532 2595; x_wconf 81' lang='grc' dir='ltr'>πολιορκηθέντες</span> <span class='ocrx_word' id='word_1_310' title='bbox 1570 2522 1676 2576; x_wconf 79' lang='grc' dir='ltr'><strong>ὑπὸ</strong></span> 
     </span>
    </p>
   </div>
   <div class='ocr_carea' id='block_1_44' title="bbox 153 2612 1673 2692">
    <p class='ocr_par' dir='ltr' id='par_1_44' title="bbox 153 2612 1673 2692">
     <span class='ocr_line' id='line_1_44' title="bbox 153 2612 1673 2692; baseline -0.003 -19"><span class='ocrx_word' id='word_1_311' title='bbox 153 2619 405 2692; x_wconf 77' lang='grc' dir='ltr'>Ῥωμαίων,</span> <span class='ocrx_word' id='word_1_312' title='bbox 453 2623 536 2686; x_wconf 85' lang='grc' dir='ltr'>εἱς</span> <span class='ocrx_word' id='word_1_313' title='bbox 587 2620 796 2692; x_wconf 79' lang='grc' dir='ltr'>ἔρημον</span> <span class='ocrx_word' id='word_1_314' title='bbox 838 2616 1200 2689; x_wconf 81' lang='grc' dir='ltr'>κατέστησαν.</span> <span class='ocrx_word' id='word_1_315' title='bbox 1245 2616 1360 2687; x_wconf 57' lang='grc' dir='ltr'>Καί</span> <span class='ocrx_word' id='word_1_316' title='bbox 1393 2612 1453 2668; x_wconf 90' lang='grc' dir='ltr'><strong>τό</strong></span> <span class='ocrx_word' id='word_1_317' title='bbox 1486 2633 1549 2684; x_wconf 84' lang='grc' dir='ltr'>γε</span> <span class='ocrx_word' id='word_1_318' title='bbox 1586 2616 1673 2669; x_wconf 78' lang='grc' dir='ltr'><strong>αι’-</strong></span> 
     </span>
    </p>
   </div>
   <div class='ocr_carea' id='block_1_45' title="bbox 144 2708 1676 2786">
    <p class='ocr_par' dir='ltr' id='par_1_45' title="bbox 144 2708 1676 2786">
     <span class='ocr_line' id='line_1_45' title="bbox 144 2708 1676 2786; baseline -0.001 -21"><span class='ocrx_word' id='word_1_319' title='bbox 144 2729 229 2766; x_wconf 83' lang='grc' dir='ltr'>τιον</span> <span class='ocrx_word' id='word_1_320' title='bbox 274 2714 363 2786; x_wconf 76' lang='grc' dir='ltr'>τῆς</span> <span class='ocrx_word' id='word_1_321' title='bbox 398 2712 743 2786; x_wconf 77' lang='grc' dir='ltr'>ἐρημώσεως</span> <span class='ocrx_word' id='word_1_322' title='bbox 781 2710 957 2765; x_wconf 75' lang='grc' dir='ltr'>αὐτῶν</span> <span class='ocrx_word' id='word_1_323' title='bbox 1001 2708 1336 2781; x_wconf 83' lang='grc' dir='ltr'>προφητικὸς</span> <span class='ocrx_word' id='word_1_324' title='bbox 1376 2710 1532 2779; x_wconf 80' lang='grc' dir='ltr'>λόγος</span> <span class='ocrx_word' id='word_1_325' title='bbox 1571 2710 1676 2763; x_wconf 79' lang='grc' dir='ltr'><strong>ἀπ-</strong></span> 
     </span>
    </p>
   </div>
   <div class='ocr_carea' id='block_1_46' title="bbox 145 2800 1674 2878">
    <p class='ocr_par' dir='ltr' id='par_1_46' title="bbox 145 2800 1674 2878">
     <span class='ocr_line' id='line_1_46' title="bbox 145 2800 1674 2878; baseline -0.001 -19"><span class='ocrx_word' id='word_1_326' title='bbox 145 2803 328 2876; x_wconf 68' lang='grc' dir='ltr'>ελέγχει,</span> <span class='ocrx_word' id='word_1_327' title='bbox 363 2800 657 2878; x_wconf 70' lang='grc' dir='ltr'>μονονουχὶ</span> <span class='ocrx_word' id='word_1_328' title='bbox 695 2802 882 2873; x_wconf 82' lang='grc' dir='ltr'>σαφῶς</span> <span class='ocrx_word' id='word_1_329' title='bbox 908 2800 1297 2874; x_wconf 84' lang='grc' dir='ltr'>διερμηνεύων,</span> <span class='ocrx_word' id='word_1_330' title='bbox 1332 2801 1425 2856; x_wconf 76' lang='grc' dir='ltr'><strong>καὶ</strong></span> <span class='ocrx_word' id='word_1_331' title='bbox 1463 2803 1562 2874; x_wconf 81' lang='grc' dir='ltr'>τὴν</span> <span class='ocrx_word' id='word_1_332' title='bbox 1588 2802 1674 2857; x_wconf 75' lang='grc' dir='ltr'>αίο</span> 
     </span>
    </p>
   </div>
   <div class='ocr_carea' id='block_1_47' title="bbox 143 2892 1670 2968">
    <p class='ocr_par' dir='ltr' id='par_1_47' title="bbox 143 2892 1670 2968">
     <span class='ocr_line' id='line_1_47' title="bbox 143 2892 1670 2968; baseline -0.001 -19"><span class='ocrx_word' id='word_1_333' title='bbox 143 2896 233 2950; x_wconf 79' lang='grc' dir='ltr'>τίαν</span> <span class='ocrx_word' id='word_1_334' title='bbox 256 2900 340 2968; x_wconf 81' lang='grc' dir='ltr'>τῆς</span> <span class='ocrx_word' id='word_1_335' title='bbox 365 2895 745 2960; x_wconf 80' lang='grc' dir='ltr'>ἀποπτῶσεως</span> <span class='ocrx_word' id='word_1_336' title='bbox 774 2892 950 2948; x_wconf 79' lang='grc' dir='ltr'>αὐτῶν</span> <span class='ocrx_word' id='word_1_337' title='bbox 985 2894 1272 2966; x_wconf 72' lang='grc' dir='ltr'>παριστὰς.</span> <span class='ocrx_word' id='word_1_338' title='bbox 1316 2893 1533 2965; x_wconf 83' lang='grc' dir='ltr'>Ἐπειδὴ</span> <span class='ocrx_word' id='word_1_339' title='bbox 1564 2894 1670 2966; x_wconf 76' lang='grc' dir='ltr'>γὰρ</span> 
     </span>
    </p>
   </div>
   <div class='ocr_carea' id='block_1_48' title="bbox 144 2984 1665 3059">
    <p class='ocr_par' dir='ltr' id='par_1_48' title="bbox 144 2984 1665 3059">
     <span class='ocr_line' id='line_1_48' title="bbox 144 2984 1665 3059; baseline 0 -22"><span class='ocrx_word' id='word_1_340' title='bbox 144 2984 211 3038; x_wconf 75' lang='grc' dir='ltr'>τοῦ</span> <span class='ocrx_word' id='word_1_341' title='bbox 229 2985 448 3059; x_wconf 65' lang='grc' dir='ltr'>ἃυτῆρος</span> <span class='ocrx_word' id='word_1_342' title='bbox 469 2986 640 3059; x_wconf 80' lang='grc' dir='ltr'>ἡμῶν</span> <span class='ocrx_word' id='word_1_343' title='bbox 665 2985 1004 3049; x_wconf 86' lang='grc' dir='ltr'>διδάσκοντος</span> <span class='ocrx_word' id='word_1_344' title='bbox 1023 2987 1082 3039; x_wconf 85' lang='grc' dir='ltr'><strong>ἐν</strong></span> <span class='ocrx_word' id='word_1_345' title='bbox 1105 2984 1286 3049; x_wconf 80' lang='grc' dir='ltr'>αὐτοῖς</span> <span class='ocrx_word' id='word_1_346' title='bbox 1315 2985 1665 3050; x_wconf 75' lang='grc' dir='ltr'>ἀκούσαντες,</span> 
     </span>
    </p>
   </div>
   <div class='ocr_carea' id='block_1_49' title="bbox 141 3072 1664 3148">
    <p class='ocr_par' dir='ltr' id='par_1_49' title="bbox 141 3072 1664 3148">
     <span class='ocr_line' id='line_1_49' title="bbox 141 3072 1664 3148; baseline 0 -20"><span class='ocrx_word' id='word_1_347' title='bbox 141 3075 216 3129; x_wconf 78' lang='grc' dir='ltr'><strong>ὠσὶ</strong></span> <span class='ocrx_word' id='word_1_348' title='bbox 235 3077 448 3143; x_wconf 80' lang='grc' dir='ltr'>διανοίας</span> <span class='ocrx_word' id='word_1_349' title='bbox 479 3078 589 3133; x_wconf 83' lang='grc' dir='ltr'>οὐκ</span> <span class='ocrx_word' id='word_1_350' title='bbox 631 3077 890 3148; x_wconf 71' lang='grc' dir='ltr'>ἥκουσαν,</span> <span class='ocrx_word' id='word_1_351' title='bbox 934 3076 1053 3129; x_wconf 81' lang='grc' dir='ltr'>οὐδέ</span> <span class='ocrx_word' id='word_1_352' title='bbox 1106 3075 1346 3145; x_wconf 78' lang='grc' dir='ltr'>συνῆκαν</span> <span class='ocrx_word' id='word_1_353' title='bbox 1383 3077 1530 3140; x_wconf 80' lang='grc' dir='ltr'>ὅστις</span> <span class='ocrx_word' id='word_1_354' title='bbox 1565 3072 1664 3147; x_wconf 84' lang='grc' dir='ltr'><strong>ἦν·</strong></span> 
     </span>
    </p>
   </div>
   <div class='ocr_carea' id='block_1_50' title="bbox 147 3166 1667 3239">
    <p class='ocr_par' dir='ltr' id='par_1_50' title="bbox 147 3166 1667 3239">
     <span class='ocr_line' id='line_1_50' title="bbox 147 3166 1667 3239; baseline 0.001 -20"><span class='ocrx_word' id='word_1_355' title='bbox 147 3166 300 3232; x_wconf 81' lang='grc' dir='ltr'>ίδὸντες</span> <span class='ocrx_word' id='word_1_356' title='bbox 322 3166 374 3220; x_wconf 78' lang='grc' dir='ltr'>δὲ</span> <span class='ocrx_word' id='word_1_357' title='bbox 396 3168 557 3223; x_wconf 81' lang='grc' dir='ltr'>αὐτὸν</span> <span class='ocrx_word' id='word_1_358' title='bbox 582 3168 790 3239; x_wconf 65' lang='grc' dir='ltr'>σαρκδς</span> <span class='ocrx_word' id='word_1_359' title='bbox 820 3166 1138 3239; x_wconf 82' lang='grc' dir='ltr'>ὀφθαλμοῖς,</span> <span class='ocrx_word' id='word_1_360' title='bbox 1172 3169 1283 3231; x_wconf 84' lang='grc' dir='ltr'>τοῖς</span> <span class='ocrx_word' id='word_1_361' title='bbox 1306 3168 1382 3239; x_wconf 83' lang='grc'><strong>(1)</strong></span> <span class='ocrx_word' id='word_1_362' title='bbox 1407 3167 1667 3239; x_wconf 74' lang='grc' dir='ltr'>ψυχῆςσού</span> 
     </span>
    </p>
   </div>
   <div class='ocr_carea' id='block_1_51' title="bbox 1783 1976 3351 2048">
    <p class='ocr_par' dir='ltr' id='par_1_51' title="bbox 1783 1976 3351 2048">
     <span class='ocr_line' id='line_1_51' title="bbox 1783 1976 3351 2048; baseline -0.001 -17"><span class='ocrx_word' id='word_1_363' title='bbox 1783 1977 1950 2046; x_wconf 87' lang='lat' dir='ltr'><strong>impia</strong></span> <span class='ocrx_word' id='word_1_364' title='bbox 1986 1976 2225 2033; x_wconf 85' lang='lat' dir='ltr'><strong>facinora</strong></span> <span class='ocrx_word' id='word_1_365' title='bbox 2263 1978 2383 2032; x_wconf 83' lang='lat' dir='ltr'><strong>ausi</strong></span> <span class='ocrx_word' id='word_1_366' title='bbox 2415 1987 2621 2041; x_wconf 87' lang='lat' dir='ltr'><strong>essent,</strong></span> <span class='ocrx_word' id='word_1_367' title='bbox 2650 1993 2929 2048; x_wconf 86' lang='lat' dir='ltr'><strong>nunquam</strong></span> <span class='ocrx_word' id='word_1_368' title='bbox 2959 1977 3136 2033; x_wconf 83' lang='lat' dir='ltr'><strong>fuerat</strong></span> <span class='ocrx_word' id='word_1_369' title='bbox 3162 1991 3351 2032; x_wconf 88' lang='lat' dir='ltr'><strong>eorum</strong></span> 
     </span>
    </p>
   </div>
   <div class='ocr_carea' id='block_1_52' title="bbox 1780 2068 3349 2141">
    <p class='ocr_par' dir='ltr' id='par_1_52' title="bbox 1780 2068 3349 2141">
     <span class='ocr_line' id='line_1_52' title="bbox 1780 2068 3349 2141; baseline -0.001 -18"><span class='ocrx_word' id='word_1_370' title='bbox 1780 2077 1926 2126; x_wconf 90' lang='lat' dir='ltr'><strong>terra</strong></span> <span class='ocrx_word' id='word_1_371' title='bbox 1949 2070 2165 2125; x_wconf 88' lang='lat' dir='ltr'><strong>deserta</strong></span> <span class='ocrx_word' id='word_1_372' title='bbox 2193 2088 2207 2127; x_wconf 90' lang='lat'><strong>:</strong></span> <span class='ocrx_word' id='word_1_373' title='bbox 2240 2086 2417 2141; x_wconf 87' lang='lat' dir='ltr'><strong>neque</strong></span> <span class='ocrx_word' id='word_1_374' title='bbox 2448 2070 2698 2125; x_wconf 77' lang='lat' dir='ltr'><strong>civitates</strong></span> <span class='ocrx_word' id='word_1_375' title='bbox 2727 2085 2916 2125; x_wconf 88' lang='lat' dir='ltr'><strong>eorum</strong></span> <span class='ocrx_word' id='word_1_376' title='bbox 2941 2070 3182 2124; x_wconf 63' lang='lat' dir='ltr'><strong>incensae</strong></span> <span class='ocrx_word' id='word_1_377' title='bbox 3214 2068 3349 2139; x_wconf 90' lang='lat' dir='ltr'><strong>igni,</strong></span> 
     </span>
    </p>
   </div>
   <div class='ocr_carea' id='block_1_53' title="bbox 1778 2145 3351 2235">
    <p class='ocr_par' dir='ltr' id='par_1_53' title="bbox 1778 2145 3351 2235">
     <span class='ocr_line' id='line_1_53' title="bbox 1778 2145 3351 2235; baseline -0.002 -17"><span class='ocrx_word' id='word_1_378' title='bbox 1778 2145 1955 2235; x_wconf 81' lang='lat' dir='ltr'><strong>neque</strong></span> <span class='ocrx_word' id='word_1_379' title='bbox 1986 2164 2260 2233; x_wconf 82' lang='lat' dir='ltr'><strong>regionem</strong></span> <span class='ocrx_word' id='word_1_380' title='bbox 2282 2176 2470 2219; x_wconf 89' lang='lat' dir='ltr'><strong>eorum</strong></span> <span class='ocrx_word' id='word_1_381' title='bbox 2499 2162 2661 2218; x_wconf 89' lang='lat' dir='ltr'><strong>alieni</strong></span> <span class='ocrx_word' id='word_1_382' title='bbox 2688 2161 3105 2217; x_wconf 82' lang='lat' dir='ltr'><strong>devoraverant.</strong></span> <span class='ocrx_word' id='word_1_383' title='bbox 3132 2159 3213 2216; x_wconf 79' lang='lat' dir='ltr'><strong>Ex</strong></span> <span class='ocrx_word' id='word_1_384' title='bbox 3241 2175 3351 2231; x_wconf 90' lang='lat' dir='ltr'><strong>quo</strong></span> 
     </span>
    </p>
   </div>
   <div class='ocr_carea' id='block_1_54' title="bbox 1779 2250 3351 2322">
    <p class='ocr_par' dir='ltr' id='par_1_54' title="bbox 1779 2250 3351 2322">
     <span class='ocr_line' id='line_1_54' title="bbox 1779 2250 3351 2322; baseline -0.001 -16"><span class='ocrx_word' id='word_1_385' title='bbox 1779 2260 1958 2308; x_wconf 89' lang='lat' dir='ltr'><strong>autem</strong></span> <span class='ocrx_word' id='word_1_386' title='bbox 1990 2252 2230 2307; x_wconf 80' lang='lat' dir='ltr'><strong>divinam</strong></span> <span class='ocrx_word' id='word_1_387' title='bbox 2257 2254 2405 2307; x_wconf 91' lang='lat' dir='ltr'><strong>illam</strong></span> <span class='ocrx_word' id='word_1_388' title='bbox 2434 2267 2621 2308; x_wconf 88' lang='lat' dir='ltr'><strong>vocem</strong></span> <span class='ocrx_word' id='word_1_389' title='bbox 2647 2252 2765 2322; x_wconf 88' lang='lat' dir='ltr'><strong>ipse</strong></span> <span class='ocrx_word' id='word_1_390' title='bbox 2787 2250 3038 2306; x_wconf 83' lang='lat' dir='ltr'><strong>Salvator</strong></span> <span class='ocrx_word' id='word_1_391' title='bbox 3069 2258 3125 2306; x_wconf 91' lang='lat' dir='ltr'><strong>et</strong></span> <span class='ocrx_word' id='word_1_392' title='bbox 3167 2250 3351 2305; x_wconf 87' lang='lat' dir='ltr'><strong>Domi-</strong></span> 
     </span>
    </p>
   </div>
   <div class='ocr_carea' id='block_1_55' title="bbox 1776 2342 3349 2415">
    <p class='ocr_par' dir='ltr' id='par_1_55' title="bbox 1776 2342 3349 2415">
     <span class='ocr_line' id='line_1_55' title="bbox 1776 2342 3349 2415; baseline -0.002 -17"><span class='ocrx_word' id='word_1_393' title='bbox 1776 2358 1884 2400; x_wconf 88' lang='lat' dir='ltr'><strong>nus</strong></span> <span class='ocrx_word' id='word_1_394' title='bbox 1930 2351 2117 2399; x_wconf 88' lang='lat' dir='ltr'><strong>noster</strong></span> <span class='ocrx_word' id='word_1_395' title='bbox 2159 2344 2364 2409; x_wconf 89' lang='lat' dir='ltr'><strong>emisit,</strong></span> <span class='ocrx_word' id='word_1_396' title='bbox 2418 2359 2526 2415; x_wconf 88' lang='lat' dir='ltr'><strong>qua</strong></span> <span class='ocrx_word' id='word_1_397' title='bbox 2569 2343 2700 2407; x_wconf 90' lang='lat' dir='ltr'><strong>illis,</strong></span> <span class='ocrx_word' id='word_1_398' title='bbox 2748 2344 2895 2413; x_wconf 88' lang='lat' dir='ltr'><strong>quod</strong></span> <span class='ocrx_word' id='word_1_399' title='bbox 2929 2342 3173 2398; x_wconf 75' lang='lat' dir='ltr'><strong>futurum</strong></span> <span class='ocrx_word' id='word_1_400' title='bbox 3207 2350 3349 2407; x_wconf 90' lang='lat' dir='ltr'><strong>erat,</strong></span> 
     </span>
    </p>
   </div>
   <div class='ocr_carea' id='block_1_56' title="bbox 1777 2434 3350 2506">
    <p class='ocr_par' dir='ltr' id='par_1_56' title="bbox 1777 2434 3350 2506">
     <span class='ocr_line' id='line_1_56' title="bbox 1777 2434 3350 2506; baseline -0.002 -15"><span class='ocrx_word' id='word_1_401' title='bbox 1777 2435 2058 2499; x_wconf 88' lang='lat' dir='ltr'><strong>indicavit,</strong></span> <span class='ocrx_word' id='word_1_402' title='bbox 2093 2437 2175 2492; x_wconf 89' lang='lat' dir='ltr'><strong>sic</strong></span> <span class='ocrx_word' id='word_1_403' title='bbox 2229 2437 2442 2500; x_wconf 88' lang='lat' dir='ltr'><strong>dicens,</strong></span> <span class='ocrx_word' id='word_1_404' title='bbox 2474 2454 2493 2486; x_wconf 76' lang='grc' dir='ltr'><strong>ι</strong></span> <span class='ocrx_word' id='word_1_405' title='bbox 2530 2434 2895 2506; x_wconf 82' lang='lat' dir='ltr'><strong>Relinquetur</strong></span> <span class='ocrx_word' id='word_1_406' title='bbox 2932 2435 3130 2490; x_wconf 90' lang='lat' dir='ltr'><strong>domus</strong></span> <span class='ocrx_word' id='word_1_407' title='bbox 3165 2442 3350 2490; x_wconf 84' lang='lat' dir='ltr'><strong>vestra</strong></span> 
     </span>
    </p>
   </div>
   <div class='ocr_carea' id='block_1_57' title="bbox 1775 2526 3352 2598">
    <p class='ocr_par' dir='ltr' id='par_1_57' title="bbox 1775 2526 3352 2598">
     <span class='ocr_line' id='line_1_57' title="bbox 1775 2526 3352 2598; baseline 0 -17"><span class='ocrx_word' id='word_1_408' title='bbox 1775 2526 1991 2582; x_wconf 89' lang='lat' dir='ltr'><strong>deserta</strong></span> <span class='ocrx_word' id='word_1_409' title='bbox 2016 2526 2085 2593; x_wconf 76' lang='lat'><strong>“,</strong></span> <span class='ocrx_word' id='word_1_410' title='bbox 2120 2546 2140 2580; x_wconf 74' lang='grc' dir='ltr'><strong>ι</strong></span> <span class='ocrx_word' id='word_1_411' title='bbox 2174 2542 2240 2582; x_wconf 75' lang='lat' dir='ltr'><strong>ex</strong></span> <span class='ocrx_word' id='word_1_412' title='bbox 2266 2528 2384 2591; x_wconf 92' lang='lat' dir='ltr'><strong>illo,</strong></span> <span class='ocrx_word' id='word_1_413' title='bbox 2421 2527 2668 2598; x_wconf 87' lang='lat' dir='ltr'><strong>inquam,</strong></span> <span class='ocrx_word' id='word_1_414' title='bbox 2701 2540 2880 2597; x_wconf 89' lang='lat' dir='ltr'><strong>neque</strong></span> <span class='ocrx_word' id='word_1_415' title='bbox 2917 2526 2992 2581; x_wconf 87' lang='lat' dir='ltr'><strong>ita</strong></span> <span class='ocrx_word' id='word_1_416' title='bbox 3026 2528 3199 2582; x_wconf 90' lang='lat' dir='ltr'><strong>multo</strong></span> <span class='ocrx_word' id='word_1_417' title='bbox 3226 2536 3352 2596; x_wconf 87' lang='lat' dir='ltr'><strong>post</strong></span> 
     </span>
    </p>
   </div>
   <div class='ocr_carea' id='block_1_58' title="bbox 1773 2619 3353 2693">
    <p class='ocr_par' dir='ltr' id='par_1_58' title="bbox 1773 2619 3353 2693">
     <span class='ocr_line' id='line_1_58' title="bbox 1773 2619 3353 2693; baseline -0.001 -18"><span class='ocrx_word' id='word_1_418' title='bbox 1773 2620 1938 2676; x_wconf 82' lang='lat' dir='ltr'><strong>talem</strong></span> <span class='ocrx_word' id='word_1_419' title='bbox 1972 2619 2403 2691; x_wconf 69' lang='lat' dir='ltr'><strong>praedictionem,</strong></span> <span class='ocrx_word' id='word_1_420' title='bbox 2442 2620 2519 2674; x_wconf 91' lang='lat' dir='ltr'><strong>illi</strong></span> <span class='ocrx_word' id='word_1_421' title='bbox 2548 2620 2834 2677; x_wconf 86' lang='lat' dir='ltr'><strong>obsidione</strong></span> <span class='ocrx_word' id='word_1_422' title='bbox 2878 2621 3054 2693; x_wconf 87' lang='lat' dir='ltr'><strong>pressi</strong></span> <span class='ocrx_word' id='word_1_423' title='bbox 3092 2634 3121 2674; x_wconf 92' lang='lat' dir='ltr'><strong>a</strong></span> <span class='ocrx_word' id='word_1_424' title='bbox 3155 2621 3353 2675; x_wconf 78' lang='lat' dir='ltr'><strong>Roma-</strong></span> 
     </span>
    </p>
   </div>
   <div class='ocr_carea' id='block_1_59' title="bbox 1772 2710 3348 2775">
    <p class='ocr_par' dir='ltr' id='par_1_59' title="bbox 1772 2710 3348 2775">
     <span class='ocr_line' id='line_1_59' title="bbox 1772 2710 3348 2775; baseline 0.002 -10"><span class='ocrx_word' id='word_1_425' title='bbox 1772 2710 1882 2775; x_wconf 85' lang='lat' dir='ltr'><strong>nis,</strong></span> <span class='ocrx_word' id='word_1_426' title='bbox 1933 2711 1990 2765; x_wconf 91' lang='lat' dir='ltr'><strong>in</strong></span> <span class='ocrx_word' id='word_1_427' title='bbox 2050 2712 2402 2768; x_wconf 87' lang='lat' dir='ltr'><strong>solitudinem</strong></span> <span class='ocrx_word' id='word_1_428' title='bbox 2455 2726 2519 2766; x_wconf 90' lang='lat' dir='ltr'><strong>ac</strong></span> <span class='ocrx_word' id='word_1_429' title='bbox 2574 2712 2883 2771; x_wconf 87' lang='lat' dir='ltr'><strong>vastitatem</strong></span> <span class='ocrx_word' id='word_1_430' title='bbox 2934 2711 3143 2767; x_wconf 87' lang='lat' dir='ltr'><strong>redacti</strong></span> <span class='ocrx_word' id='word_1_431' title='bbox 3194 2719 3348 2768; x_wconf 88' lang='lat' dir='ltr'><strong>sunt.</strong></span> 
     </span>
    </p>
   </div>
   <div class='ocr_carea' id='block_1_60' title="bbox 1772 2799 3348 2875">
    <p class='ocr_par' dir='ltr' id='par_1_60' title="bbox 1772 2799 3348 2875">
     <span class='ocr_line' id='line_1_60' title="bbox 1772 2799 3348 2875; baseline -0.001 -18"><span class='ocrx_word' id='word_1_432' title='bbox 1772 2799 2009 2857; x_wconf 84' lang='lat' dir='ltr'><strong>Causam</strong></span> <span class='ocrx_word' id='word_1_433' title='bbox 2034 2803 2199 2857; x_wconf 88' lang='lat' dir='ltr'><strong>etiam</strong></span> <span class='ocrx_word' id='word_1_434' title='bbox 2230 2802 2557 2858; x_wconf 86' lang='lat' dir='ltr'><strong>vastationis</strong></span> <span class='ocrx_word' id='word_1_435' title='bbox 2602 2818 2790 2858; x_wconf 88' lang='lat' dir='ltr'><strong>eorum</strong></span> <span class='ocrx_word' id='word_1_436' title='bbox 2837 2817 3017 2859; x_wconf 90' lang='lat' dir='ltr'><strong>sermo</strong></span> <span class='ocrx_word' id='word_1_437' title='bbox 3064 2803 3348 2875; x_wconf 82' lang='lat' dir='ltr'><strong>prapheti-</strong></span> 
     </span>
    </p>
   </div>
   <div class='ocr_carea' id='block_1_61' title="bbox 1771 2890 3350 2963">
    <p class='ocr_par' dir='ltr' id='par_1_61' title="bbox 1771 2890 3350 2963">
     <span class='ocr_line' id='line_1_61' title="bbox 1771 2890 3350 2963; baseline -0.003 -15"><span class='ocrx_word' id='word_1_438' title='bbox 1771 2907 1871 2948; x_wconf 91' lang='lat' dir='ltr'><strong>cus</strong></span> <span class='ocrx_word' id='word_1_439' title='bbox 1899 2892 2217 2963; x_wconf 84' lang='lat' dir='ltr'><strong>exprobrat,</strong></span> <span class='ocrx_word' id='word_1_440' title='bbox 2255 2891 2349 2947; x_wconf 87' lang='lat' dir='ltr'><strong>ubi</strong></span> <span class='ocrx_word' id='word_1_441' title='bbox 2379 2898 2567 2961; x_wconf 90' lang='lat' dir='ltr'><strong>aperte</strong></span> <span class='ocrx_word' id='word_1_442' title='bbox 2594 2890 2986 2962; x_wconf 87' lang='lat' dir='ltr'><strong>propemodum</strong></span> <span class='ocrx_word' id='word_1_443' title='bbox 3021 2891 3350 2962; x_wconf 84' lang='lat' dir='ltr'><strong>interpreta-</strong></span> 
     </span>
    </p>
   </div>
   <div class='ocr_carea' id='block_1_62' title="bbox 1771 2981 3348 3053">
    <p class='ocr_par' dir='ltr' id='par_1_62' title="bbox 1771 2981 3348 3053">
     <span class='ocr_line' id='line_1_62' title="bbox 1771 2981 3348 3053; baseline -0.003 -16"><span class='ocrx_word' id='word_1_444' title='bbox 1771 2990 1884 3048; x_wconf 66' lang='lat' dir='ltr'><strong>tur,</strong></span> <span class='ocrx_word' id='word_1_445' title='bbox 1912 2991 1969 3039; x_wconf 91' lang='lat' dir='ltr'><strong>et</strong></span> <span class='ocrx_word' id='word_1_446' title='bbox 2009 2983 2359 3038; x_wconf 85' lang='lat' dir='ltr'><strong>manifestum</strong></span> <span class='ocrx_word' id='word_1_447' title='bbox 2388 2982 2662 3053; x_wconf 90' lang='lat' dir='ltr'><strong>proponit,</strong></span> <span class='ocrx_word' id='word_1_448' title='bbox 2688 2982 2949 3053; x_wconf 88' lang='lat' dir='ltr'><strong>quidnam</strong></span> <span class='ocrx_word' id='word_1_449' title='bbox 2988 2981 3154 3039; x_wconf 82' lang='lat' dir='ltr'><strong>fuerit</strong></span> <span class='ocrx_word' id='word_1_450' title='bbox 3188 2981 3348 3051; x_wconf 83' lang='lat' dir='ltr'><strong>illud,</strong></span> 
     </span>
    </p>
   </div>
   <div class='ocr_carea' id='block_1_63' title="bbox 1768 3070 3349 3145">
    <p class='ocr_par' dir='ltr' id='par_1_63' title="bbox 1768 3070 3349 3145">
     <span class='ocr_line' id='line_1_63' title="bbox 1768 3070 3349 3145; baseline 0.001 -20"><span class='ocrx_word' id='word_1_451' title='bbox 1768 3073 1914 3145; x_wconf 89' lang='lat' dir='ltr'><strong>quod</strong></span> <span class='ocrx_word' id='word_1_452' title='bbox 1940 3072 2047 3127; x_wconf 89' lang='lat' dir='ltr'><strong>illis</strong></span> <span class='ocrx_word' id='word_1_453' title='bbox 2075 3071 2289 3126; x_wconf 90' lang='lat' dir='ltr'><strong>ruinam</strong></span> <span class='ocrx_word' id='word_1_454' title='bbox 2329 3073 2596 3127; x_wconf 89' lang='lat' dir='ltr'><strong>attulerit.</strong></span> <span class='ocrx_word' id='word_1_455' title='bbox 2627 3070 2925 3143; x_wconf 74' lang='lat' dir='ltr'><strong>Postquam</strong></span> <span class='ocrx_word' id='word_1_456' title='bbox 2969 3072 3120 3129; x_wconf 87' lang='lat' dir='ltr'><strong>enim</strong></span> <span class='ocrx_word' id='word_1_457' title='bbox 3162 3071 3349 3127; x_wconf 57' lang='lat' dir='ltr'><strong>Salva.</strong></span> 
     </span>
    </p>
   </div>
   <div class='ocr_carea' id='block_1_64' title="bbox 1768 3165 3347 3239">
    <p class='ocr_par' dir='ltr' id='par_1_64' title="bbox 1768 3165 3347 3239">
     <span class='ocr_line' id='line_1_64' title="bbox 1768 3165 3347 3239; baseline 0.001 -21"><span class='ocrx_word' id='word_1_458' title='bbox 1768 3174 1943 3220; x_wconf 86' lang='lat' dir='ltr'><strong>torem</strong></span> <span class='ocrx_word' id='word_1_459' title='bbox 1999 3171 2248 3220; x_wconf 91' lang='lat' dir='ltr'><strong>nostrum</strong></span> <span class='ocrx_word' id='word_1_460' title='bbox 2281 3168 2423 3234; x_wconf 91' lang='lat' dir='ltr'><strong>apud</strong></span> <span class='ocrx_word' id='word_1_461' title='bbox 2465 3167 2616 3239; x_wconf 90' lang='lat' dir='ltr'><strong>ipsos</strong></span> <span class='ocrx_word' id='word_1_462' title='bbox 2652 3166 2942 3221; x_wconf 87' lang='lat' dir='ltr'><strong>docentem</strong></span> <span class='ocrx_word' id='word_1_463' title='bbox 2979 3165 3086 3237; x_wconf 86' lang='lat' dir='ltr'><strong>ipsi</strong></span> <span class='ocrx_word' id='word_1_464' title='bbox 3119 3166 3347 3222; x_wconf 80' lang='lat' dir='ltr'><strong>audien-</strong></span> 
     </span>
    </p>
   </div>
   <div class='ocr_carea' id='block_1_65' title="bbox 144 3256 1670 3340">
    <p class='ocr_par' dir='ltr' id='par_1_65' title="bbox 144 3256 1667 3331">
     <span class='ocr_line' id='line_1_65' title="bbox 144 3256 1667 3331; baseline 0.001 -21"><span class='ocrx_word' id='word_1_465' title='bbox 144 3257 391 3325; x_wconf 77' lang='grc' dir='ltr'>τεθέανται,</span> <span class='ocrx_word' id='word_1_466' title='bbox 421 3261 709 3331; x_wconf 78' lang='grc' dir='ltr'>ἐπάχυνάν</span> <span class='ocrx_word' id='word_1_467' title='bbox 731 3277 790 3312; x_wconf 90' lang='grc' dir='ltr'><strong>τε</strong></span> <span class='ocrx_word' id='word_1_468' title='bbox 823 3256 1029 3315; x_wconf 77' lang='grc' dir='ltr'>ἑαυτῶν</span> <span class='ocrx_word' id='word_1_469' title='bbox 1059 3258 1157 3330; x_wconf 78' lang='grc' dir='ltr'>τὴν</span> <span class='ocrx_word' id='word_1_470' title='bbox 1180 3260 1427 3331; x_wconf 82' lang='grc' dir='ltr'>καρδίαν,</span> <span class='ocrx_word' id='word_1_471' title='bbox 1449 3260 1543 3313; x_wconf 73' lang='grc' dir='ltr'>καὶ</span> <span class='ocrx_word' id='word_1_472' title='bbox 1573 3277 1667 3329; x_wconf 62' lang='grc' dir='ltr'>μοη</span> 
     </span>
    </p>
   </div>
   <div class='ocr_carea' id='block_1_66' title="bbox 1773 3256 3348 3340">
    <p class='ocr_par' dir='ltr' id='par_1_66' title="bbox 1773 3257 3348 3329">
     <span class='ocr_line' id='line_1_66' title="bbox 1773 3257 3348 3329; baseline 0.002 -18"><span class='ocrx_word' id='word_1_473' title='bbox 1773 3264 1873 3320; x_wconf 90' lang='lat' dir='ltr'><strong>tes,</strong></span> <span class='ocrx_word' id='word_1_474' title='bbox 1904 3257 2128 3312; x_wconf 85' lang='lat' dir='ltr'><strong>auribus</strong></span> <span class='ocrx_word' id='word_1_475' title='bbox 2163 3257 2364 3312; x_wconf 86' lang='lat' dir='ltr'><strong>mentis</strong></span> <span class='ocrx_word' id='word_1_476' title='bbox 2408 3273 2518 3313; x_wconf 91' lang='lat' dir='ltr'><strong>non</strong></span> <span class='ocrx_word' id='word_1_477' title='bbox 2561 3257 2875 3322; x_wconf 86' lang='lat' dir='ltr'><strong>audierunt,</strong></span> <span class='ocrx_word' id='word_1_478' title='bbox 2926 3272 3103 3329; x_wconf 89' lang='lat' dir='ltr'><strong>neque</strong></span> <span class='ocrx_word' id='word_1_479' title='bbox 3131 3257 3348 3314; x_wconf 67' lang='lat' dir='ltr'><strong>intelleo</strong></span> 
     </span>
    </p>
   </div>
   <div class='ocr_carea' id='block_1_67' title="bbox 142 3350 1666 3423">
    <p class='ocr_par' dir='ltr' id='par_1_67' title="bbox 142 3350 1666 3423">
     <span class='ocr_line' id='line_1_67' title="bbox 142 3350 1666 3423; baseline 0.003 -22"><span class='ocrx_word' id='word_1_480' title='bbox 142 3351 304 3422; x_wconf 74' lang='grc' dir='ltr'>νονονχὶ</span> <span class='ocrx_word' id='word_1_481' title='bbox 340 3354 461 3417; x_wconf 75' lang='grc' dir='ltr'>τοὺς</span> <span class='ocrx_word' id='word_1_482' title='bbox 502 3350 827 3423; x_wconf 79' lang='grc' dir='ltr'>ὀφθαλμοὺς</span> <span class='ocrx_word' id='word_1_483' title='bbox 869 3353 968 3423; x_wconf 80' lang='grc' dir='ltr'>τῆς</span> <span class='ocrx_word' id='word_1_484' title='bbox 1018 3351 1256 3415; x_wconf 87' lang='grc' dir='ltr'>διανοίας</span> <span class='ocrx_word' id='word_1_485' title='bbox 1306 3351 1531 3423; x_wconf 75' lang='grc' dir='ltr'>ἔμυσαν,</span> <span class='ocrx_word' id='word_1_486' title='bbox 1573 3353 1666 3407; x_wconf 71' lang='grc' dir='ltr'>καὶ</span> 
     </span>
    </p>
   </div>
   <div class='ocr_carea' id='block_1_68' title="bbox 139 3438 1664 3518">
    <p class='ocr_par' dir='ltr' id='par_1_68' title="bbox 139 3438 1664 3518">
     <span class='ocr_line' id='line_1_68' title="bbox 139 3438 1664 3518; baseline 0.002 -22"><span class='ocrx_word' id='word_1_487' title='bbox 139 3442 189 3496; x_wconf 72' lang='grc' dir='ltr'>τὰ</span> <span class='ocrx_word' id='word_1_488' title='bbox 216 3438 310 3498; x_wconf 74' lang='grc' dir='ltr'>ὦτα</span> <span class='ocrx_word' id='word_1_489' title='bbox 343 3445 641 3518; x_wconf 72' lang='grc' dir='ltr'>ἐδάρυναν,</span> <span class='ocrx_word' id='word_1_490' title='bbox 677 3445 753 3508; x_wconf 85' lang='grc' dir='ltr'>ὣς</span> <span class='ocrx_word' id='word_1_491' title='bbox 794 3460 959 3516; x_wconf 87' lang='grc' dir='ltr'>φησιν</span> <span class='ocrx_word' id='word_1_492' title='bbox 1008 3446 1040 3515; x_wconf 84' lang='grc' dir='ltr'>ἡ</span> <span class='ocrx_word' id='word_1_493' title='bbox 1087 3444 1391 3515; x_wconf 83' lang='grc' dir='ltr'>προφητεία</span> <span class='ocrx_word' id='word_1_494' title='bbox 1413 3480 1428 3509; x_wconf 84' lang='grc'><strong>,</strong></span> <span class='ocrx_word' id='word_1_495' title='bbox 1474 3445 1664 3499; x_wconf 76' lang='grc' dir='ltr'>τούτου</span> 
     </span>
    </p>
   </div>
   <div class='ocr_carea' id='block_1_69' title="bbox 139 3534 1666 3609">
    <p class='ocr_par' dir='ltr' id='par_1_69' title="bbox 139 3534 1666 3609">
     <span class='ocr_line' id='line_1_69' title="bbox 139 3534 1666 3609; baseline 0.003 -22"><span class='ocrx_word' id='word_1_496' title='bbox 139 3534 260 3607; x_wconf 74' lang='grc' dir='ltr'>χάριν</span> <span class='ocrx_word' id='word_1_497' title='bbox 280 3537 732 3609; x_wconf 83' lang='grc' dir='ltr'>ἐρημωθήσεσθαι</span> <span class='ocrx_word' id='word_1_498' title='bbox 765 3536 945 3589; x_wconf 83' lang='grc' dir='ltr'>αὐτῶν</span> <span class='ocrx_word' id='word_1_499' title='bbox 976 3554 1108 3607; x_wconf 86' lang='grc' dir='ltr'>φησι</span> <span class='ocrx_word' id='word_1_500' title='bbox 1144 3536 1244 3601; x_wconf 82' lang='grc' dir='ltr'><strong>τὰς</strong></span> <span class='ocrx_word' id='word_1_501' title='bbox 1282 3537 1483 3600; x_wconf 85' lang='grc' dir='ltr'>πόλεις,</span> <span class='ocrx_word' id='word_1_502' title='bbox 1516 3536 1666 3609; x_wconf 81' lang='grc' dir='ltr'>παρὰ</span> 
     </span>
    </p>
   </div>
   <div class='ocr_carea' id='block_1_70' title="bbox 137 3624 1661 3698">
    <p class='ocr_par' dir='ltr' id='par_1_70' title="bbox 137 3624 1661 3698">
     <span class='ocr_line' id='line_1_70' title="bbox 137 3624 1661 3698; baseline 0.001 -23"><span class='ocrx_word' id='word_1_503' title='bbox 137 3624 180 3676; x_wconf 73' lang='grc' dir='ltr'><strong>τὸ</strong></span> <span class='ocrx_word' id='word_1_504' title='bbox 203 3624 264 3695; x_wconf 74' lang='grc' dir='ltr'><strong>μή</strong></span> <span class='ocrx_word' id='word_1_505' title='bbox 285 3625 676 3689; x_wconf 80' lang='grc' dir='ltr'>κατοικεῖσθαι,</span> <span class='ocrx_word' id='word_1_506' title='bbox 709 3626 804 3679; x_wconf 76' lang='grc' dir='ltr'>καὶ</span> <span class='ocrx_word' id='word_1_507' title='bbox 830 3626 928 3697; x_wconf 76' lang='grc' dir='ltr'>τὴν</span> <span class='ocrx_word' id='word_1_508' title='bbox 954 3626 1057 3696; x_wconf 79' lang='grc' dir='ltr'><strong>γῆν</strong></span> <span class='ocrx_word' id='word_1_509' title='bbox 1084 3626 1406 3696; x_wconf 81' lang='grc' dir='ltr'>γενήσεσθαι</span> <span class='ocrx_word' id='word_1_510' title='bbox 1437 3626 1661 3698; x_wconf 81' lang='grc' dir='ltr'>ἔρημον,</span> 
     </span>
    </p>
   </div>
   <div class='ocr_carea' id='block_1_71' title="bbox 139 3714 1665 3789">
    <p class='ocr_par' dir='ltr' id='par_1_71' title="bbox 139 3714 1665 3789">
     <span class='ocr_line' id='line_1_71' title="bbox 139 3714 1665 3789; baseline 0.001 -20"><span class='ocrx_word' id='word_1_511' title='bbox 139 3714 309 3786; x_wconf 75' lang='grc' dir='ltr'>βραχεῖς</span> <span class='ocrx_word' id='word_1_512' title='bbox 335 3719 388 3771; x_wconf 81' lang='grc' dir='ltr'><strong>δέ</strong></span> <span class='ocrx_word' id='word_1_513' title='bbox 433 3736 594 3782; x_wconf 79' lang='grc' dir='ltr'>τινας</span> <span class='ocrx_word' id='word_1_514' title='bbox 629 3717 689 3783; x_wconf 80' lang='grc' dir='ltr'>ἐξ</span> <span class='ocrx_word' id='word_1_515' title='bbox 732 3717 913 3772; x_wconf 78' lang='grc' dir='ltr'>αὐτῶν</span> <span class='ocrx_word' id='word_1_516' title='bbox 947 3716 1457 3788; x_wconf 84' lang='grc' dir='ltr'>ὑπολειφθήσεσθαι,</span> <span class='ocrx_word' id='word_1_517' title='bbox 1509 3714 1665 3789; x_wconf 81' lang='grc' dir='ltr'>δίκην</span> 
     </span>
    </p>
   </div>
   <div class='ocr_carea' id='block_1_72' title="bbox 136 3802 1664 3881">
    <p class='ocr_par' dir='ltr' id='par_1_72' title="bbox 136 3802 1664 3881">
     <span class='ocr_line' id='line_1_72' title="bbox 136 3802 1664 3881; baseline 0.003 -22"><span class='ocrx_word' id='word_1_518' title='bbox 136 3809 307 3879; x_wconf 76' lang='grc' dir='ltr'>γονίμου</span> <span class='ocrx_word' id='word_1_519' title='bbox 335 3812 424 3865; x_wconf 71' lang='grc' dir='ltr'>καὶ</span> <span class='ocrx_word' id='word_1_520' title='bbox 450 3802 718 3881; x_wconf 78' lang='grc' dir='ltr'>ζωπύρου</span> <span class='ocrx_word' id='word_1_521' title='bbox 749 3808 1065 3881; x_wconf 84' lang='grc' dir='ltr'>σπέρματος</span> <span class='ocrx_word' id='word_1_522' title='bbox 1097 3809 1573 3880; x_wconf 71' lang='grc' dir='ltr'><strong>πεφυλαγμένους⁸</strong></span> <span class='ocrx_word' id='word_1_523' title='bbox 1613 3809 1664 3864; x_wconf 77' lang='grc' dir='ltr'>οἳ</span> 
     </span>
    </p>
   </div>
   <div class='ocr_carea' id='block_1_73' title="bbox 137 3899 1662 3974">
    <p class='ocr_par' dir='ltr' id='par_1_73' title="bbox 137 3899 1662 3974">
     <span class='ocr_line' id='line_1_73' title="bbox 137 3899 1662 3974; baseline 0.003 -23"><span class='ocrx_word' id='word_1_524' title='bbox 137 3900 204 3951; x_wconf 72' lang='grc' dir='ltr'><strong>καί</strong></span> <span class='ocrx_word' id='word_1_525' title='bbox 235 3902 302 3964; x_wconf 84' lang='grc' dir='ltr'><strong>είς</strong></span> <span class='ocrx_word' id='word_1_526' title='bbox 330 3903 533 3966; x_wconf 81' lang='grc' dir='ltr'>πάντας</span> <span class='ocrx_word' id='word_1_527' title='bbox 583 3900 937 3972; x_wconf 87' lang='grc' dir='ltr'>προελθόντες</span> <span class='ocrx_word' id='word_1_528' title='bbox 976 3899 1318 3972; x_wconf 83' lang='grc' dir='ltr'>ἀνθρώπους,</span> <span class='ocrx_word' id='word_1_529' title='bbox 1351 3900 1662 3974; x_wconf 80' lang='grc' dir='ltr'>πληθυνθή-</span> 
     </span>
    </p>
   </div>
   <div class='ocr_carea' id='block_1_74' title="bbox 136 3989 1664 4065">
    <p class='ocr_par' dir='ltr' id='par_1_74' title="bbox 136 3989 1664 4065">
     <span class='ocr_line' id='line_1_74' title="bbox 136 3989 1664 4065; baseline 0.005 -25"><span class='ocrx_word' id='word_1_530' title='bbox 136 3989 278 4044; x_wconf 78' lang='grc' dir='ltr'>σεσθαι</span> <span class='ocrx_word' id='word_1_531' title='bbox 312 3992 396 4046; x_wconf 72' lang='grc' dir='ltr'><strong>ἐπὶ</strong></span> <span class='ocrx_word' id='word_1_532' title='bbox 425 3993 525 4065; x_wconf 81' lang='grc' dir='ltr'>τῆς</span> <span class='ocrx_word' id='word_1_533' title='bbox 572 3992 680 4062; x_wconf 78' lang='grc' dir='ltr'><strong>γῆς</strong></span> <span class='ocrx_word' id='word_1_534' title='bbox 729 3990 997 4059; x_wconf 84' lang='grc' dir='ltr'>λέγονται.</span> <span class='ocrx_word' id='word_1_535' title='bbox 1044 3990 1191 4063; x_wconf 84' lang='grc' dir='ltr'>Πλὴν</span> <span class='ocrx_word' id='word_1_536' title='bbox 1220 3991 1356 4047; x_wconf 84' lang='grc' dir='ltr'>ἀλλὰ</span> <span class='ocrx_word' id='word_1_537' title='bbox 1396 3993 1490 4046; x_wconf 69' lang='grc' dir='ltr'><strong>καὶ</strong></span> <span class='ocrx_word' id='word_1_538' title='bbox 1525 3992 1664 4063; x_wconf 80' lang='grc' dir='ltr'>μετὰ</span> 
     </span>
    </p>
   </div>
   <div class='ocr_carea' id='block_1_75' title="bbox 136 4080 1661 4156">
    <p class='ocr_par' dir='ltr' id='par_1_75' title="bbox 136 4080 1661 4156">
     <span class='ocr_line' id='line_1_75' title="bbox 136 4080 1661 4156; baseline 0.005 -26"><span class='ocrx_word' id='word_1_539' title='bbox 136 4080 205 4150; x_wconf 67' lang='lat' dir='ltr'><strong>:ip</strong></span> <span class='ocrx_word' id='word_1_540' title='bbox 234 4083 433 4155; x_wconf 81' lang='grc' dir='ltr'>πρόοδον</span> <span class='ocrx_word' id='word_1_541' title='bbox 474 4084 692 4138; x_wconf 78' lang='grc' dir='ltr'>τούτων</span> <span class='ocrx_word' id='word_1_542' title='bbox 733 4082 929 4149; x_wconf 80' lang='grc' dir='ltr'>αὐτῶν,</span> <span class='ocrx_word' id='word_1_543' title='bbox 972 4082 1173 4156; x_wconf 86' lang='grc' dir='ltr'>δηλαδὴ</span> <span class='ocrx_word' id='word_1_544' title='bbox 1214 4084 1322 4139; x_wconf 90' lang='grc' dir='ltr'><strong>τῶν</strong></span> <span class='ocrx_word' id='word_1_545' title='bbox 1349 4084 1661 4139; x_wconf 85' lang='grc' dir='ltr'>ἀποστόλων</span> 
     </span>
    </p>
   </div>
   <div class='ocr_carea' id='block_1_76' title="bbox 134 4174 1663 4251">
    <p class='ocr_par' dir='ltr' id='par_1_76' title="bbox 134 4174 1663 4251">
     <span class='ocr_line' id='line_1_76' title="bbox 134 4174 1663 4251; baseline 0.005 -25"><span class='ocrx_word' id='word_1_546' title='bbox 134 4174 201 4227; x_wconf 69' lang='grc' dir='ltr'>τοῦ</span> <span class='ocrx_word' id='word_1_547' title='bbox 234 4178 461 4251; x_wconf 82' lang='grc' dir='ltr'>Σωτῆρος</span> <span class='ocrx_word' id='word_1_548' title='bbox 490 4176 682 4249; x_wconf 81' lang='grc' dir='ltr'>ἡμῶν,</span> <span class='ocrx_word' id='word_1_549' title='bbox 718 4176 798 4231; x_wconf 79' lang='grc' dir='ltr'>ἔτι</span> <span class='ocrx_word' id='word_1_550' title='bbox 831 4176 995 4250; x_wconf 73' lang='grc' dir='ltr'>φησὶν</span> <span class='ocrx_word' id='word_1_551' title='bbox 1042 4178 1128 4231; x_wconf 79' lang='grc' dir='ltr'><strong>ἐπ’</strong></span> <span class='ocrx_word' id='word_1_552' title='bbox 1171 4178 1340 4250; x_wconf 83' lang='grc' dir='ltr'>αὐτῆς</span> <span class='ocrx_word' id='word_1_553' title='bbox 1385 4180 1482 4251; x_wconf 80' lang='grc' dir='ltr'>τῆς</span> <span class='ocrx_word' id='word_1_554' title='bbox 1534 4180 1663 4233; x_wconf 86' lang='grc' dir='ltr'>Ἰου-</span> 
     </span>
    </p>
   </div>
   <div class='ocr_carea' id='block_1_77' title="bbox 132 4262 1662 4341">
    <p class='ocr_par' dir='ltr' id='par_1_77' title="bbox 132 4262 1662 4341">
     <span class='ocr_line' id='line_1_77' title="bbox 132 4262 1662 4341; baseline 0.005 -25"><span class='ocrx_word' id='word_1_555' title='bbox 132 4262 248 4331; x_wconf 79' lang='grc' dir='ltr'>δαίας</span> <span class='ocrx_word' id='word_1_556' title='bbox 266 4268 431 4341; x_wconf 82' lang='grc' dir='ltr'>χώρας</span> <span class='ocrx_word' id='word_1_557' title='bbox 460 4268 744 4339; x_wconf 83' lang='grc' dir='ltr'>διαμεῖναι</span> <span class='ocrx_word' id='word_1_558' title='bbox 770 4266 829 4321; x_wconf 77' lang='grc' dir='ltr'>τὸ</span> <span class='ocrx_word' id='word_1_559' title='bbox 851 4265 1188 4333; x_wconf 81' lang='grc' dir='ltr'>ἐπιδέκατον,</span> <span class='ocrx_word' id='word_1_560' title='bbox 1212 4268 1307 4322; x_wconf 69' lang='grc' dir='ltr'><strong>καλ⁸</strong></span> <span class='ocrx_word' id='word_1_561' title='bbox 1331 4268 1467 4340; x_wconf 79' lang='grc' dir='ltr'>μετὰ</span> <span class='ocrx_word' id='word_1_562' title='bbox 1488 4268 1662 4324; x_wconf 82' lang='grc' dir='ltr'>ταῦτα</span> 
     </span>
    </p>
   </div>
   <div class='ocr_carea' id='block_1_78' title="bbox 132 4350 1658 4436">
    <p class='ocr_par' dir='ltr' id='par_1_78' title="bbox 132 4350 1658 4436">
     <span class='ocr_line' id='line_1_78' title="bbox 132 4350 1658 4436; baseline 0.007 -29"><span class='ocrx_word' id='word_1_563' title='bbox 132 4350 246 4421; x_wconf 72' lang='grc' dir='ltr'>αὖθις</span> <span class='ocrx_word' id='word_1_564' title='bbox 285 4359 489 4416; x_wconf 72' lang='grc' dir='ltr'>ἔσεσθαι</span> <span class='ocrx_word' id='word_1_565' title='bbox 521 4360 726 4425; x_wconf 80' lang='grc' dir='ltr'>αὐτοὺς</span> <span class='ocrx_word' id='word_1_566' title='bbox 771 4361 849 4424; x_wconf 79' lang='grc' dir='ltr'><strong>είς</strong></span> <span class='ocrx_word' id='word_1_567' title='bbox 895 4360 1172 4433; x_wconf 78' lang='grc' dir='ltr'>προνομὴν</span> <span class='ocrx_word' id='word_1_568' title='bbox 1218 4356 1292 4426; x_wconf 83' lang='grc' dir='ltr'><strong>ὡς</strong></span> <span class='ocrx_word' id='word_1_569' title='bbox 1329 4360 1658 4436; x_wconf 77' lang='grc' dir='ltr'>τερέϐινθος,</span> 
     </span>
    </p>
   </div>
   <div class='ocr_carea' id='block_1_79' title="bbox 131 4447 1660 4524">
    <p class='ocr_par' dir='ltr' id='par_1_79' title="bbox 131 4447 1660 4524">
     <span class='ocr_line' id='line_1_79' title="bbox 131 4447 1660 4524; baseline 0.007 -27"><span class='ocrx_word' id='word_1_570' title='bbox 131 4447 281 4514; x_wconf 61' lang='grc' dir='ltr'>καλῶς</span> <span class='ocrx_word' id='word_1_571' title='bbox 313 4450 535 4521; x_wconf 79' lang='grc' dir='ltr'>βάλανος</span> <span class='ocrx_word' id='word_1_572' title='bbox 579 4451 709 4505; x_wconf 83' lang='grc' dir='ltr'>ὅταν</span> <span class='ocrx_word' id='word_1_573' title='bbox 744 4451 951 4523; x_wconf 78' lang='grc' dir='ltr'>ἐκπέσῃ</span> <span class='ocrx_word' id='word_1_574' title='bbox 980 4451 1081 4524; x_wconf 84' lang='grc' dir='ltr'>τῆς</span> <span class='ocrx_word' id='word_1_575' title='bbox 1110 4449 1284 4521; x_wconf 87' lang='grc' dir='ltr'>θήκης</span> <span class='ocrx_word' id='word_1_576' title='bbox 1316 4452 1504 4524; x_wconf 78' lang='grc' dir='ltr'>αὐτῆς.</span> <span class='ocrx_word' id='word_1_577' title='bbox 1551 4456 1660 4508; x_wconf 87' lang='grc' dir='ltr'><strong>Πα-</strong></span> 
     </span>
    </p>
   </div>
   <div class='ocr_carea' id='block_1_80' title="bbox 132 4539 1661 4618">
    <p class='ocr_par' dir='ltr' id='par_1_80' title="bbox 132 4539 1661 4618">
     <span class='ocr_line' id='line_1_80' title="bbox 132 4539 1661 4618; baseline 0.005 -23"><span class='ocrx_word' id='word_1_578' title='bbox 132 4539 297 4613; x_wconf 55' lang='lat' dir='ltr'><strong>{istast</strong></span> <span class='ocrx_word' id='word_1_579' title='bbox 333 4544 406 4611; x_wconf 79' lang='grc' dir='ltr'>δὲ,</span> <span class='ocrx_word' id='word_1_580' title='bbox 444 4544 524 4609; x_wconf 83' lang='grc' dir='ltr'><strong>ὡς</strong></span> <span class='ocrx_word' id='word_1_581' title='bbox 564 4540 741 4616; x_wconf 76' lang='grc' dir='ltr'>οἶμαι,</span> <span class='ocrx_word' id='word_1_582' title='bbox 776 4543 865 4598; x_wconf 85' lang='grc' dir='ltr'>διὰ</span> <span class='ocrx_word' id='word_1_583' title='bbox 900 4543 1105 4596; x_wconf 83' lang='grc' dir='ltr'>τούτων</span> <span class='ocrx_word' id='word_1_584' title='bbox 1135 4543 1164 4594; x_wconf 88' lang='grc' dir='ltr'><strong>ό</strong></span> <span class='ocrx_word' id='word_1_585' title='bbox 1190 4539 1364 4613; x_wconf 84' lang='grc' dir='ltr'>λόγος,</span> <span class='ocrx_word' id='word_1_586' title='bbox 1404 4546 1484 4599; x_wconf 85' lang='grc' dir='ltr'>ὄτι</span> <span class='ocrx_word' id='word_1_587' title='bbox 1522 4548 1661 4618; x_wconf 78' lang='grc' dir='ltr'>μετὰ</span> 
     </span>
    </p>
   </div>
   <div class='ocr_carea' id='block_1_81' title="bbox 1771 3349 3345 3422">
    <p class='ocr_par' dir='ltr' id='par_1_81' title="bbox 1771 3349 3345 3422">
     <span class='ocr_line' id='line_1_81' title="bbox 1771 3349 3345 3422; baseline 0.002 -20"><span class='ocrx_word' id='word_1_588' title='bbox 1771 3356 1968 3404; x_wconf 86' lang='lat' dir='ltr'><strong>xerunt</strong></span> <span class='ocrx_word' id='word_1_589' title='bbox 1999 3349 2252 3419; x_wconf 88' lang='lat' dir='ltr'><strong>quisnam</strong></span> <span class='ocrx_word' id='word_1_590' title='bbox 2287 3356 2456 3417; x_wconf 89' lang='lat' dir='ltr'><strong>esset,</strong></span> <span class='ocrx_word' id='word_1_591' title='bbox 2488 3359 2544 3406; x_wconf 90' lang='lat' dir='ltr'><strong>et</strong></span> <span class='ocrx_word' id='word_1_592' title='bbox 2568 3350 2721 3404; x_wconf 89' lang='lat' dir='ltr'><strong>illum</strong></span> <span class='ocrx_word' id='word_1_593' title='bbox 2742 3349 2920 3406; x_wconf 86' lang='lat' dir='ltr'><strong>oculis</strong></span> <span class='ocrx_word' id='word_1_594' title='bbox 2947 3352 3197 3422; x_wconf 86' lang='lat' dir='ltr'><strong>corporis</strong></span> <span class='ocrx_word' id='word_1_595' title='bbox 3223 3365 3345 3405; x_wconf 85' lang='lat' dir='ltr'><strong>cer-</strong></span> 
     </span>
    </p>
   </div>
   <div class='ocr_carea' id='block_1_82' title="bbox 1768 3443 3348 3513">
    <p class='ocr_par' dir='ltr' id='par_1_82' title="bbox 1768 3443 3348 3513">
     <span class='ocr_line' id='line_1_82' title="bbox 1768 3443 3348 3513; baseline 0 -18"><span class='ocrx_word' id='word_1_596' title='bbox 1768 3451 1986 3506; x_wconf 78' lang='lat' dir='ltr'><strong>nentes,</strong></span> <span class='ocrx_word' id='word_1_597' title='bbox 2011 3443 2178 3499; x_wconf 88' lang='lat' dir='ltr'><strong>animi</strong></span> <span class='ocrx_word' id='word_1_598' title='bbox 2200 3443 2379 3499; x_wconf 89' lang='lat' dir='ltr'><strong>oculis</strong></span> <span class='ocrx_word' id='word_1_599' title='bbox 2408 3459 2515 3498; x_wconf 87' lang='lat' dir='ltr'><strong>nou</strong></span> <span class='ocrx_word' id='word_1_600' title='bbox 2536 3449 2957 3513; x_wconf 83' lang='lat' dir='ltr'><strong>perspexerunt,</strong></span> <span class='ocrx_word' id='word_1_601' title='bbox 2987 3456 3348 3511; x_wconf 83' lang='lat' dir='ltr'><strong>crassumque</strong></span> 
     </span>
    </p>
   </div>
   <div class='ocr_carea' id='block_1_83' title="bbox 1767 3533 3346 3606">
    <p class='ocr_par' dir='ltr' id='par_1_83' title="bbox 1767 3533 3346 3606">
     <span class='ocr_line' id='line_1_83' title="bbox 1767 3533 3346 3606; baseline -0.001 -17"><span class='ocrx_word' id='word_1_602' title='bbox 1767 3550 1930 3589; x_wconf 83' lang='lat' dir='ltr'><strong>suum</strong></span> <span class='ocrx_word' id='word_1_603' title='bbox 1990 3535 2236 3605; x_wconf 90' lang='lat' dir='ltr'><strong>ipsorum</strong></span> <span class='ocrx_word' id='word_1_604' title='bbox 2293 3549 2391 3590; x_wconf 89' lang='lat' dir='ltr'><strong>cor</strong></span> <span class='ocrx_word' id='word_1_605' title='bbox 2441 3533 2821 3600; x_wconf 86' lang='lat' dir='ltr'><strong>reddiderunt,</strong></span> <span class='ocrx_word' id='word_1_606' title='bbox 2871 3540 2927 3589; x_wconf 89' lang='lat' dir='ltr'><strong>et</strong></span> <span class='ocrx_word' id='word_1_607' title='bbox 2972 3547 3113 3606; x_wconf 87' lang='lat' dir='ltr'><strong>pene</strong></span> <span class='ocrx_word' id='word_1_608' title='bbox 3153 3534 3346 3588; x_wconf 86' lang='lat' dir='ltr'><strong>oculos</strong></span> 
     </span>
    </p>
   </div>
   <div class='ocr_carea' id='block_1_84' title="bbox 1767 3608 3347 3698">
    <p class='ocr_par' dir='ltr' id='par_1_84' title="bbox 1767 3608 3347 3698">
     <span class='ocr_line' id='line_1_84' title="bbox 1767 3608 3347 3698; baseline -0.003 -16"><span class='ocrx_word' id='word_1_609' title='bbox 1767 3608 1969 3682; x_wconf 80' lang='lat' dir='ltr'><strong>mentis</strong></span> <span class='ocrx_word' id='word_1_610' title='bbox 1992 3629 2334 3692; x_wconf 90' lang='lat' dir='ltr'><strong>clauserunt,</strong></span> <span class='ocrx_word' id='word_1_611' title='bbox 2363 3635 2528 3697; x_wconf 85' lang='lat' dir='ltr'><strong>atque</strong></span> <span class='ocrx_word' id='word_1_612' title='bbox 2573 3641 2736 3682; x_wconf 86' lang='lat' dir='ltr'><strong>aures</strong></span> <span class='ocrx_word' id='word_1_613' title='bbox 2764 3630 3156 3698; x_wconf 84' lang='lat' dir='ltr'><strong>gravaverunt,</strong></span> <span class='ocrx_word' id='word_1_614' title='bbox 3179 3631 3241 3680; x_wconf 90' lang='lat' dir='ltr'><strong>ut</strong></span> <span class='ocrx_word' id='word_1_615' title='bbox 3269 3625 3347 3678; x_wconf 86' lang='lat' dir='ltr'><strong>ait</strong></span> 
     </span>
    </p>
   </div>
   <div class='ocr_carea' id='block_1_85' title="bbox 1776 3712 3346 3790">
    <p class='ocr_par' dir='ltr' id='par_1_85' title="bbox 1776 3712 3346 3790">
     <span class='ocr_line' id='line_1_85' title="bbox 1776 3712 3346 3790; baseline -0.001 -19"><span class='ocrx_word' id='word_1_616' title='bbox 1776 3719 2083 3790; x_wconf 81' lang='lat' dir='ltr'><strong>prophetia.</strong></span> <span class='ocrx_word' id='word_1_617' title='bbox 2121 3712 2261 3774; x_wconf 86' lang='lat' dir='ltr'><strong>Tum</strong></span> <span class='ocrx_word' id='word_1_618' title='bbox 2293 3725 2516 3789; x_wconf 82' lang='lat' dir='ltr'><strong>prOpter</strong></span> <span class='ocrx_word' id='word_1_619' title='bbox 2536 3719 2675 3772; x_wconf 84' lang='lat' dir='ltr'><strong>hanc</strong></span> <span class='ocrx_word' id='word_1_620' title='bbox 2698 3730 2949 3782; x_wconf 85' lang='lat' dir='ltr'><strong>causam,</strong></span> <span class='ocrx_word' id='word_1_621' title='bbox 2980 3715 3234 3772; x_wconf 89' lang='lat' dir='ltr'><strong>civitates</strong></span> <span class='ocrx_word' id='word_1_622' title='bbox 3257 3730 3346 3770; x_wconf 90' lang='lat' dir='ltr'><strong>eo-</strong></span> 
     </span>
    </p>
   </div>
   <div class='ocr_carea' id='block_1_86' title="bbox 1764 3806 3343 3874">
    <p class='ocr_par' dir='ltr' id='par_1_86' title="bbox 1764 3806 3343 3874">
     <span class='ocr_line' id='line_1_86' title="bbox 1764 3806 3343 3874; baseline -0.003 -11"><span class='ocrx_word' id='word_1_623' title='bbox 1764 3825 1887 3863; x_wconf 88' lang='lat' dir='ltr'><strong>rum</strong></span> <span class='ocrx_word' id='word_1_624' title='bbox 1927 3810 2063 3865; x_wconf 89' lang='lat' dir='ltr'><strong>dicit</strong></span> <span class='ocrx_word' id='word_1_625' title='bbox 2085 3826 2207 3866; x_wconf 89' lang='lat' dir='ltr'><strong>esse</strong></span> <span class='ocrx_word' id='word_1_626' title='bbox 2245 3808 2562 3874; x_wconf 88' lang='lat' dir='ltr'><strong>vastandas,</strong></span> <span class='ocrx_word' id='word_1_627' title='bbox 2598 3809 2735 3865; x_wconf 87' lang='lat' dir='ltr'><strong>adeo</strong></span> <span class='ocrx_word' id='word_1_628' title='bbox 2769 3815 2831 3863; x_wconf 90' lang='lat' dir='ltr'><strong>ut</strong></span> <span class='ocrx_word' id='word_1_629' title='bbox 2866 3822 2978 3863; x_wconf 90' lang='lat' dir='ltr'><strong>non</strong></span> <span class='ocrx_word' id='word_1_630' title='bbox 3006 3806 3343 3869; x_wconf 83' lang='lat' dir='ltr'><strong>babitentur,</strong></span> 
     </span>
    </p>
   </div>
   <div class='ocr_carea' id='block_1_87' title="bbox 1767 3896 3345 3971">
    <p class='ocr_par' dir='ltr' id='par_1_87' title="bbox 1767 3896 3345 3971">
     <span class='ocr_line' id='line_1_87' title="bbox 1767 3896 3345 3971; baseline -0.002 -13"><span class='ocrx_word' id='word_1_631' title='bbox 1767 3919 1831 3959; x_wconf 89' lang='lat' dir='ltr'><strong>ac</strong></span> <span class='ocrx_word' id='word_1_632' title='bbox 1858 3912 2059 3960; x_wconf 80' lang='lat' dir='ltr'><strong>terram</strong></span> <span class='ocrx_word' id='word_1_633' title='bbox 2090 3918 2281 3959; x_wconf 90' lang='lat' dir='ltr'><strong>eorum</strong></span> <span class='ocrx_word' id='word_1_634' title='bbox 2307 3903 2424 3959; x_wconf 82' lang='lat' dir='ltr'><strong>fore</strong></span> <span class='ocrx_word' id='word_1_635' title='bbox 2447 3902 2739 3965; x_wconf 88' lang='lat' dir='ltr'><strong>desertam,</strong></span> <span class='ocrx_word' id='word_1_636' title='bbox 2781 3910 2990 3971; x_wconf 85' lang='lat' dir='ltr'><strong>paucos</strong></span> <span class='ocrx_word' id='word_1_637' title='bbox 3015 3913 3146 3955; x_wconf 85' lang='lat' dir='ltr'><strong>vero</strong></span> <span class='ocrx_word' id='word_1_638' title='bbox 3174 3896 3345 3970; x_wconf 77' lang='lat' dir='ltr'><strong>quos-</strong></span> 
     </span>
    </p>
   </div>
   <div class='ocr_carea' id='block_1_88' title="bbox 1766 3986 3344 4066">
    <p class='ocr_par' dir='ltr' id='par_1_88' title="bbox 1766 3986 3344 4066">
     <span class='ocr_line' id='line_1_88' title="bbox 1766 3986 3344 4066; baseline -0.003 -16"><span class='ocrx_word' id='word_1_639' title='bbox 1766 3996 1891 4050; x_wconf 90' lang='lat' dir='ltr'><strong>dam</strong></span> <span class='ocrx_word' id='word_1_640' title='bbox 1944 4013 2013 4052; x_wconf 79' lang='lat' dir='ltr'><strong>ex</strong></span> <span class='ocrx_word' id='word_1_641' title='bbox 2049 3996 2158 4051; x_wconf 87' lang='lat' dir='ltr'><strong>illis</strong></span> <span class='ocrx_word' id='word_1_642' title='bbox 2215 3992 2620 4065; x_wconf 79' lang='lat' dir='ltr'><strong>superfuturus,</strong></span> <span class='ocrx_word' id='word_1_643' title='bbox 2656 3993 2751 4066; x_wconf 84' lang='lat' dir='ltr'><strong>qui</strong></span> <span class='ocrx_word' id='word_1_644' title='bbox 2789 3992 2883 4047; x_wconf 86' lang='lat' dir='ltr'><strong>ubi</strong></span> <span class='ocrx_word' id='word_1_645' title='bbox 2920 3991 3097 4049; x_wconf 88' lang='lat' dir='ltr'><strong>instar</strong></span> <span class='ocrx_word' id='word_1_646' title='bbox 3123 3986 3344 4047; x_wconf 76' lang='lat' dir='ltr'><strong>fecundi</strong></span> 
     </span>
    </p>
   </div>
   <div class='ocr_carea' id='block_1_89' title="bbox 1769 4083 3342 4151">
    <p class='ocr_par' dir='ltr' id='par_1_89' title="bbox 1769 4083 3342 4151">
     <span class='ocr_line' id='line_1_89' title="bbox 1769 4083 3342 4151; baseline -0.004 -8"><span class='ocrx_word' id='word_1_647' title='bbox 1769 4105 1833 4144; x_wconf 85' lang='lat' dir='ltr'><strong>ac</strong></span> <span class='ocrx_word' id='word_1_648' title='bbox 1862 4089 1973 4143; x_wconf 88' lang='lat' dir='ltr'><strong>vivi</strong></span> <span class='ocrx_word' id='word_1_649' title='bbox 2000 4089 2227 4145; x_wconf 88' lang='lat' dir='ltr'><strong>seminis</strong></span> <span class='ocrx_word' id='word_1_650' title='bbox 2273 4088 2585 4145; x_wconf 86' lang='lat' dir='ltr'><strong>conservati</strong></span> <span class='ocrx_word' id='word_1_651' title='bbox 2629 4084 2852 4151; x_wconf 81' lang='lat' dir='ltr'><strong>fuerint,</strong></span> <span class='ocrx_word' id='word_1_652' title='bbox 2889 4083 2961 4140; x_wconf 82' lang='lat' dir='ltr'><strong>ad</strong></span> <span class='ocrx_word' id='word_1_653' title='bbox 3004 4099 3196 4140; x_wconf 87' lang='lat' dir='ltr'><strong>omnes</strong></span> <span class='ocrx_word' id='word_1_654' title='bbox 3244 4083 3342 4137; x_wconf 74' lang='lat' dir='ltr'><strong>lio-</strong></span> 
     </span>
    </p>
   </div>
   <div class='ocr_carea' id='block_1_90' title="bbox 1765 4163 3342 4254">
    <p class='ocr_par' dir='ltr' id='par_1_90' title="bbox 1765 4163 3342 4254">
     <span class='ocr_line' id='line_1_90' title="bbox 1765 4163 3342 4254; baseline -0.004 -18"><span class='ocrx_word' id='word_1_655' title='bbox 1765 4182 1940 4238; x_wconf 85' lang='lat' dir='ltr'><strong>mines</strong></span> <span class='ocrx_word' id='word_1_656' title='bbox 1967 4188 2344 4254; x_wconf 90' lang='lat' dir='ltr'><strong>penetrantes,</strong></span> <span class='ocrx_word' id='word_1_657' title='bbox 2369 4172 2774 4250; x_wconf 49' lang='lat' dir='ltr'><strong>multiplican’di</strong></span> <span class='ocrx_word' id='word_1_658' title='bbox 2816 4163 2944 4234; x_wconf 79' lang='lat' dir='ltr'><strong>esse</strong></span> <span class='ocrx_word' id='word_1_659' title='bbox 2989 4177 3046 4231; x_wconf 89' lang='lat' dir='ltr'><strong>in</strong></span> <span class='ocrx_word' id='word_1_660' title='bbox 3078 4183 3225 4232; x_wconf 80' lang='lat' dir='ltr'><strong>terra</strong></span> <span class='ocrx_word' id='word_1_661' title='bbox 3258 4177 3342 4231; x_wconf 75' lang='lat' dir='ltr'><strong>di-</strong></span> 
     </span>
    </p>
   </div>
   <div class='ocr_carea' id='block_1_91' title="bbox 1765 4268 3341 4344">
    <p class='ocr_par' dir='ltr' id='par_1_91' title="bbox 1765 4268 3341 4344">
     <span class='ocr_line' id='line_1_91' title="bbox 1765 4268 3341 4344; baseline -0.004 -15"><span class='ocrx_word' id='word_1_662' title='bbox 1765 4281 1984 4329; x_wconf 90' lang='lat' dir='ltr'><strong>cuntur.</strong></span> <span class='ocrx_word' id='word_1_663' title='bbox 2032 4270 2420 4330; x_wconf 80' lang='lat' dir='ltr'><strong>Verumtamen</strong></span> <span class='ocrx_word' id='word_1_664' title='bbox 2466 4280 2591 4344; x_wconf 92' lang='lat' dir='ltr'><strong>post</strong></span> <span class='ocrx_word' id='word_1_665' title='bbox 2633 4272 2831 4327; x_wconf 90' lang='lat' dir='ltr'><strong>horum</strong></span> <span class='ocrx_word' id='word_1_666' title='bbox 2880 4269 3127 4340; x_wconf 90' lang='lat' dir='ltr'><strong>ipsorum</strong></span> <span class='ocrx_word' id='word_1_667' title='bbox 3160 4268 3341 4338; x_wconf 80' lang='lat' dir='ltr'><strong>profe-</strong></span> 
     </span>
    </p>
   </div>
   <div class='ocr_carea' id='block_1_92' title="bbox 1764 4360 3337 4435">
    <p class='ocr_par' dir='ltr' id='par_1_92' title="bbox 1764 4360 3337 4435">
     <span class='ocr_line' id='line_1_92' title="bbox 1764 4360 3337 4435; baseline -0.004 -16"><span class='ocrx_word' id='word_1_668' title='bbox 1764 4366 2026 4429; x_wconf 91' lang='lat' dir='ltr'><strong>ctionem,</strong></span> <span class='ocrx_word' id='word_1_669' title='bbox 2068 4366 2440 4435; x_wconf 85' lang='lat' dir='ltr'><strong>apostolorum</strong></span> <span class='ocrx_word' id='word_1_670' title='bbox 2492 4363 2748 4419; x_wconf 89' lang='lat' dir='ltr'><strong>videlicet</strong></span> <span class='ocrx_word' id='word_1_671' title='bbox 2779 4360 3086 4417; x_wconf 67' lang='lat' dir='ltr'><strong>SalVatoris</strong></span> <span class='ocrx_word' id='word_1_672' title='bbox 3141 4361 3337 4423; x_wconf 90' lang='lat' dir='ltr'><strong>nostri,</strong></span> 
     </span>
    </p>
   </div>
   <div class='ocr_carea' id='block_1_93' title="bbox 1765 4450 3338 4526">
    <p class='ocr_par' dir='ltr' id='par_1_93' title="bbox 1765 4450 3338 4526">
     <span class='ocr_line' id='line_1_93' title="bbox 1765 4450 3338 4526; baseline -0.004 -18"><span class='ocrx_word' id='word_1_673' title='bbox 1765 4454 1944 4509; x_wconf 88' lang='lat' dir='ltr'><strong>adhuc</strong></span> <span class='ocrx_word' id='word_1_674' title='bbox 1974 4455 2049 4509; x_wconf 89' lang='lat' dir='ltr'><strong>ait</strong></span> <span class='ocrx_word' id='word_1_675' title='bbox 2084 4455 2140 4509; x_wconf 92' lang='lat' dir='ltr'><strong>in</strong></span> <span class='ocrx_word' id='word_1_676' title='bbox 2170 4455 2290 4526; x_wconf 90' lang='lat' dir='ltr'><strong>ipsa</strong></span> <span class='ocrx_word' id='word_1_677' title='bbox 2320 4456 2542 4524; x_wconf 86' lang='lat' dir='ltr'><strong>regione</strong></span> <span class='ocrx_word' id='word_1_678' title='bbox 2571 4453 2883 4508; x_wconf 68' lang='lat' dir='ltr'><strong>Iudaeorum</strong></span> <span class='ocrx_word' id='word_1_679' title='bbox 2910 4450 3178 4507; x_wconf 87' lang='lat' dir='ltr'><strong>decimam</strong></span> <span class='ocrx_word' id='word_1_680' title='bbox 3218 4465 3338 4521; x_wconf 88' lang='lat' dir='ltr'><strong>par-</strong></span> 
     </span>
    </p>
   </div>
   <div class='ocr_carea' id='block_1_94' title="bbox 1763 4542 3338 4614">
    <p class='ocr_par' dir='ltr' id='par_1_94' title="bbox 1763 4542 3338 4614">
     <span class='ocr_line' id='line_1_94' title="bbox 1763 4542 3338 4614; baseline -0.002 -14"><span class='ocrx_word' id='word_1_681' title='bbox 1763 4552 1871 4602; x_wconf 93' lang='lat' dir='ltr'><strong>tem</strong></span> <span class='ocrx_word' id='word_1_682' title='bbox 1904 4561 2240 4614; x_wconf 88' lang='lat' dir='ltr'><strong>mansuram,</strong></span> <span class='ocrx_word' id='word_1_683' title='bbox 2267 4560 2331 4600; x_wconf 88' lang='lat' dir='ltr'><strong>ac</strong></span> <span class='ocrx_word' id='word_1_684' title='bbox 2369 4546 2628 4614; x_wconf 82' lang='lat' dir='ltr'><strong>deinceps</strong></span> <span class='ocrx_word' id='word_1_685' title='bbox 2660 4558 2858 4602; x_wconf 87' lang='lat' dir='ltr'><strong>rursus</strong></span> <span class='ocrx_word' id='word_1_686' title='bbox 2886 4542 3105 4598; x_wconf 84' lang='lat' dir='ltr'><strong>futuros</strong></span> <span class='ocrx_word' id='word_1_687' title='bbox 3141 4556 3237 4598; x_wconf 90' lang='lat' dir='ltr'><strong>eos</strong></span> <span class='ocrx_word' id='word_1_688' title='bbox 3279 4542 3338 4597; x_wconf 93' lang='lat' dir='ltr'><strong>in</strong></span> 
     </span>
    </p>
   </div>
   <div class='ocr_carea' id='block_1_95' title="bbox 130 4623 1670 4709">
    <p class='ocr_par' dir='ltr' id='par_1_95' title="bbox 130 4623 1659 4709">
     <span class='ocr_line' id='line_1_95' title="bbox 130 4623 1659 4709; baseline 0.008 -27"><span class='ocrx_word' id='word_1_689' title='bbox 130 4630 201 4700; x_wconf 69' lang='grc' dir='ltr'>τὴν</span> <span class='ocrx_word' id='word_1_690' title='bbox 228 4636 424 4709; x_wconf 79' lang='grc' dir='ltr'>πρώτην</span> <span class='ocrx_word' id='word_1_691' title='bbox 468 4636 814 4708; x_wconf 86' lang='grc' dir='ltr'>πολιορκίαν,</span> <span class='ocrx_word' id='word_1_692' title='bbox 842 4636 912 4708; x_wconf 79' lang='grc' dir='ltr'>ἣν</span> <span class='ocrx_word' id='word_1_693' title='bbox 946 4625 1087 4688; x_wconf 77' lang='grc' dir='ltr'>κατὰ</span> <span class='ocrx_word' id='word_1_694' title='bbox 1128 4635 1256 4699; x_wconf 82' lang='grc' dir='ltr'>τοὺς</span> <span class='ocrx_word' id='word_1_695' title='bbox 1285 4636 1392 4689; x_wconf 89' lang='grc' dir='ltr'><strong>τῶν</strong></span> <span class='ocrx_word' id='word_1_696' title='bbox 1428 4623 1659 4693; x_wconf 62' lang='grc' dir='ltr'>αποστό-</span> 
     </span>
    </p>
   </div>
   <div class='ocr_carea' id='block_1_96' title="bbox 1773 4623 3338 4709">
    <p class='ocr_par' dir='ltr' id='par_1_96' title="bbox 1773 4634 3338 4708">
     <span class='ocr_line' id='line_1_96' title="bbox 1773 4634 3338 4708; baseline -0.002 -17"><span class='ocrx_word' id='word_1_697' title='bbox 1773 4636 2147 4707; x_wconf 65' lang='lat' dir='ltr'><strong>direptionem,</strong></span> <span class='ocrx_word' id='word_1_698' title='bbox 2179 4639 2340 4708; x_wconf 89' lang='lat' dir='ltr'><strong>quasi</strong></span> <span class='ocrx_word' id='word_1_699' title='bbox 2373 4637 2766 4702; x_wconf 89' lang='lat' dir='ltr'><strong>terebinthum,</strong></span> <span class='ocrx_word' id='word_1_700' title='bbox 2798 4643 2855 4693; x_wconf 90' lang='lat' dir='ltr'><strong>et</strong></span> <span class='ocrx_word' id='word_1_701' title='bbox 2884 4635 3046 4707; x_wconf 83' lang='lat' dir='ltr'><strong>quasi</strong></span> <span class='ocrx_word' id='word_1_702' title='bbox 3080 4634 3338 4706; x_wconf 86' lang='lat' dir='ltr'><strong>glandem</strong></span> 
     </span>
    </p>
   </div>
   <div class='ocr_carea' id='block_1_97' title="bbox 129 4715 1651 4801">
    <p class='ocr_par' dir='ltr' id='par_1_97' title="bbox 129 4715 1651 4801">
     <span class='ocr_line' id='line_1_97' title="bbox 129 4715 1651 4801; baseline 0.01 -32"><span class='ocrx_word' id='word_1_703' title='bbox 129 4715 206 4770; x_wconf 69' lang='grc' dir='ltr'><strong>λων</strong></span> <span class='ocrx_word' id='word_1_704' title='bbox 230 4723 450 4793; x_wconf 79' lang='grc' dir='ltr'>χρόνους,</span> <span class='ocrx_word' id='word_1_705' title='bbox 477 4727 574 4778; x_wconf 85' lang='grc' dir='ltr'><strong>καί</strong></span> <span class='ocrx_word' id='word_1_706' title='bbox 598 4724 741 4778; x_wconf 77' lang='grc' dir='ltr'>κατὰ</span> <span class='ocrx_word' id='word_1_707' title='bbox 784 4724 1074 4796; x_wconf 85' lang='grc' dir='ltr'>Ῥωμαίων</span> <span class='ocrx_word' id='word_1_708' title='bbox 1106 4725 1483 4801; x_wconf 78' lang='grc' dir='ltr'>αὐτοκράτορα</span> <span class='ocrx_word' id='word_1_709' title='bbox 1514 4730 1651 4783; x_wconf 81' lang='grc' dir='ltr'><strong>Οὐε-</strong></span> 
     </span>
    </p>
   </div>
   <div class='ocr_carea' id='block_1_98' title="bbox 132 4812 1653 4893">
    <p class='ocr_par' dir='ltr' id='par_1_98' title="bbox 132 4812 1653 4893">
     <span class='ocr_line' id='line_1_98' title="bbox 132 4812 1653 4893; baseline 0.009 -31"><span class='ocrx_word' id='word_1_710' title='bbox 132 4816 371 4867; x_wconf 73' lang='grc' dir='ltr'>σπασιανὸν</span> <span class='ocrx_word' id='word_1_711' title='bbox 398 4816 739 4888; x_wconf 78' lang='grc' dir='ltr'>ἱστοροῦνται</span> <span class='ocrx_word' id='word_1_712' title='bbox 769 4816 1116 4881; x_wconf 81' lang='grc' dir='ltr'>πεπονθέναι,</span> <span class='ocrx_word' id='word_1_713' title='bbox 1148 4812 1303 4882; x_wconf 77' lang='grc' dir='ltr'>αὖθις</span> <span class='ocrx_word' id='word_1_714' title='bbox 1322 4820 1414 4873; x_wconf 78' lang='grc' dir='ltr'>ἐπὶ</span> <span class='ocrx_word' id='word_1_715' title='bbox 1450 4821 1653 4893; x_wconf 84' lang='grc' dir='ltr'>Ἀδρια-</span> 
     </span>
    </p>
   </div>
   <div class='ocr_carea' id='block_1_99' title="bbox 128 4899 1649 4983">
    <p class='ocr_par' dir='ltr' id='par_1_99' title="bbox 128 4899 1649 4983">
     <span class='ocr_line' id='line_1_99' title="bbox 128 4899 1649 4983; baseline 0.011 -32"><span class='ocrx_word' id='word_1_716' title='bbox 128 4899 196 4952; x_wconf 78' lang='grc' dir='ltr'><strong>νοῦ</strong></span> <span class='ocrx_word' id='word_1_717' title='bbox 213 4903 435 4978; x_wconf 83' lang='grc' dir='ltr'>δεύτερον</span> <span class='ocrx_word' id='word_1_718' title='bbox 463 4907 917 4980; x_wconf 82' lang='grc' dir='ltr'>πολιορκηθέντες</span> <span class='ocrx_word' id='word_1_719' title='bbox 946 4909 1224 4973; x_wconf 89' lang='grc' dir='ltr'>παντελῶς</span> <span class='ocrx_word' id='word_1_720' title='bbox 1248 4911 1541 4983; x_wconf 78' lang='grc' dir='ltr'>εἴρχθησαν</span> <span class='ocrx_word' id='word_1_721' title='bbox 1554 4915 1649 4968; x_wconf 80' lang='grc' dir='ltr'><strong>τοῦ</strong></span> 
     </span>
    </p>
   </div>
   <div class='ocr_carea' id='block_1_100' title="bbox 125 4991 1645 5075">
    <p class='ocr_par' dir='ltr' id='par_1_100' title="bbox 125 4991 1645 5075">
     <span class='ocr_line' id='line_1_100' title="bbox 125 4991 1645 5075; baseline 0.007 -28"><span class='ocrx_word' id='word_1_722' title='bbox 125 4991 267 5059; x_wconf 75' lang='grc' dir='ltr'>τόπον,</span> <span class='ocrx_word' id='word_1_723' title='bbox 284 4996 352 5062; x_wconf 85' lang='grc' dir='ltr'><strong>ὡς</strong></span> <span class='ocrx_word' id='word_1_724' title='bbox 380 4996 513 5071; x_wconf 80' lang='grc' dir='ltr'>μηδὲ</span> <span class='ocrx_word' id='word_1_725' title='bbox 539 4998 634 5053; x_wconf 80' lang='grc' dir='ltr'>τοῦ</span> <span class='ocrx_word' id='word_1_726' title='bbox 660 4998 887 5069; x_wconf 77' lang='grc' dir='ltr'>ἐδάφους</span> <span class='ocrx_word' id='word_1_727' title='bbox 916 5001 1013 5071; x_wconf 84' lang='grc' dir='ltr'>τῆς</span> <span class='ocrx_word' id='word_1_728' title='bbox 1054 5001 1412 5075; x_wconf 79' lang='grc' dir='ltr'>Ἰερουσαλὴμ</span> <span class='ocrx_word' id='word_1_729' title='bbox 1436 5005 1645 5060; x_wconf 80' lang='grc' dir='ltr'>ἐπιϐαί-</span> 
     </span>
    </p>
   </div>
   <div class='ocr_carea' id='block_1_101' title="bbox 128 5085 1642 5165">
    <p class='ocr_par' dir='ltr' id='par_1_101' title="bbox 128 5085 1642 5165">
     <span class='ocr_line' id='line_1_101' title="bbox 128 5085 1642 5165; baseline 0.009 -31"><span class='ocrx_word' id='word_1_730' title='bbox 128 5094 209 5134; x_wconf 79' lang='grc' dir='ltr'>νειν</span> <span class='ocrx_word' id='word_1_731' title='bbox 230 5086 620 5158; x_wconf 78' lang='grc' dir='ltr'>ἐπιτρέπεσθαι.</span> <span class='ocrx_word' id='word_1_732' title='bbox 664 5087 834 5143; x_wconf 78' lang='grc' dir='ltr'>Τοῦτο</span> <span class='ocrx_word' id='word_1_733' title='bbox 863 5089 906 5142; x_wconf 76' lang='grc' dir='ltr'>δ’</span> <span class='ocrx_word' id='word_1_734' title='bbox 944 5085 1036 5144; x_wconf 79' lang='grc' dir='ltr'>οὖν</span> <span class='ocrx_word' id='word_1_735' title='bbox 1074 5090 1445 5164; x_wconf 83' lang='grc' dir='ltr'>αίνιττόμενός</span> <span class='ocrx_word' id='word_1_736' title='bbox 1488 5111 1642 5165; x_wconf 76' lang='grc' dir='ltr'>φησιο</span> 
     </span>
    </p>
   </div>
   <div class='ocr_carea' id='block_1_102' title="bbox 130 5172 1645 5255">
    <p class='ocr_par' dir='ltr' id='par_1_102' title="bbox 130 5172 1645 5255">
     <span class='ocr_line' id='line_1_102' title="bbox 130 5172 1645 5255; baseline 0.011 -30"><span class='ocrx_word' id='word_1_737' title='bbox 130 5187 143 5216; x_wconf 75' lang='grc' dir='ltr'><strong>ι</strong></span> <span class='ocrx_word' id='word_1_738' title='bbox 170 5172 256 5228; x_wconf 75' lang='grc' dir='ltr'><strong>Καὶ</strong></span> <span class='ocrx_word' id='word_1_739' title='bbox 279 5179 430 5233; x_wconf 73' lang='grc' dir='ltr'>πάλιν</span> <span class='ocrx_word' id='word_1_740' title='bbox 453 5180 607 5233; x_wconf 75' lang='grc' dir='ltr'>ἔσται</span> <span class='ocrx_word' id='word_1_741' title='bbox 650 5184 729 5246; x_wconf 87' lang='grc' dir='ltr'><strong>είς</strong></span> <span class='ocrx_word' id='word_1_742' title='bbox 754 5181 1053 5253; x_wconf 83' lang='grc' dir='ltr'>προνομὴν,</span> <span class='ocrx_word' id='word_1_743' title='bbox 1077 5182 1152 5247; x_wconf 85' lang='grc' dir='ltr'>ὡς</span> <span class='ocrx_word' id='word_1_744' title='bbox 1185 5184 1517 5255; x_wconf 81' lang='grc' dir='ltr'>τερέϐινθος,</span> <span class='ocrx_word' id='word_1_745' title='bbox 1552 5187 1645 5240; x_wconf 79' lang='grc' dir='ltr'><strong>καὶ</strong></span> 
     </span>
    </p>
   </div>
   <div class='ocr_carea' id='block_1_103' title="bbox 126 5260 1365 5347">
    <p class='ocr_par' dir='ltr' id='par_1_103' title="bbox 126 5260 1365 5347">
     <span class='ocr_line' id='line_1_103' title="bbox 126 5260 1365 5347; baseline 0.019 -28"><span class='ocrx_word' id='word_1_746' title='bbox 126 5260 320 5334; x_wconf 72' lang='grc' dir='ltr'>βάλανος,</span> <span class='ocrx_word' id='word_1_747' title='bbox 351 5272 478 5326; x_wconf 77' lang='grc' dir='ltr'>ὅταν</span> <span class='ocrx_word' id='word_1_748' title='bbox 518 5274 726 5347; x_wconf 73' lang='grc' dir='ltr'>ἐκπέσῃ</span> <span class='ocrx_word' id='word_1_749' title='bbox 759 5277 822 5328; x_wconf 80' lang='grc' dir='ltr'><strong>ἐκ</strong></span> <span class='ocrx_word' id='word_1_750' title='bbox 847 5275 948 5345; x_wconf 75' lang='grc' dir='ltr'>τῆς</span> <span class='ocrx_word' id='word_1_751' title='bbox 977 5275 1151 5346; x_wconf 82' lang='grc' dir='ltr'>θήκης</span> <span class='ocrx_word' id='word_1_752' title='bbox 1195 5277 1365 5347; x_wconf 73' lang='grc' dir='ltr'>αὐτῆς</span> 
     </span>
    </p>
   </div>
   <div class='ocr_carea' id='block_1_104' title="bbox 1761 4726 3333 4798">
    <p class='ocr_par' dir='ltr' id='par_1_104' title="bbox 1761 4726 3333 4798">
     <span class='ocr_line' id='line_1_104' title="bbox 1761 4726 3333 4798; baseline -0.003 -15"><span class='ocrx_word' id='word_1_753' title='bbox 1761 4743 1863 4784; x_wconf 89' lang='lat' dir='ltr'><strong>suo</strong></span> <span class='ocrx_word' id='word_1_754' title='bbox 1889 4728 2066 4798; x_wconf 85' lang='lat' dir='ltr'><strong>spolio</strong></span> <span class='ocrx_word' id='word_1_755' title='bbox 2090 4739 2331 4785; x_wconf 80' lang='lat' dir='ltr'><strong>exutam.</strong></span> <span class='ocrx_word' id='word_1_756' title='bbox 2366 4729 2716 4786; x_wconf 87' lang='lat' dir='ltr'><strong>Demonstrat</strong></span> <span class='ocrx_word' id='word_1_757' title='bbox 2757 4736 2962 4792; x_wconf 89' lang='lat' dir='ltr'><strong>autem,</strong></span> <span class='ocrx_word' id='word_1_758' title='bbox 2986 4736 3047 4782; x_wconf 90' lang='lat' dir='ltr'><strong>ut</strong></span> <span class='ocrx_word' id='word_1_759' title='bbox 3071 4726 3333 4793; x_wconf 82' lang='lat' dir='ltr'><strong>arbitror,</strong></span> 
     </span>
    </p>
   </div>
   <div class='ocr_carea' id='block_1_105' title="bbox 1758 4819 3332 4895">
    <p class='ocr_par' dir='ltr' id='par_1_105' title="bbox 1758 4819 3332 4895">
     <span class='ocr_line' id='line_1_105' title="bbox 1758 4819 3332 4895; baseline 0.001 -22"><span class='ocrx_word' id='word_1_760' title='bbox 1758 4820 1845 4875; x_wconf 89' lang='lat' dir='ltr'><strong>his</strong></span> <span class='ocrx_word' id='word_1_761' title='bbox 1874 4821 2055 4876; x_wconf 89' lang='lat' dir='ltr'><strong>verbis</strong></span> <span class='ocrx_word' id='word_1_762' title='bbox 2101 4824 2408 4888; x_wconf 88' lang='lat' dir='ltr'><strong>oraculum,</strong></span> <span class='ocrx_word' id='word_1_763' title='bbox 2463 4829 2591 4895; x_wconf 87' lang='lat' dir='ltr'><strong>post</strong></span> <span class='ocrx_word' id='word_1_764' title='bbox 2633 4823 2864 4895; x_wconf 88' lang='lat' dir='ltr'><strong>primam</strong></span> <span class='ocrx_word' id='word_1_765' title='bbox 2906 4822 3055 4876; x_wconf 89' lang='lat' dir='ltr'><strong>illam</strong></span> <span class='ocrx_word' id='word_1_766' title='bbox 3085 4819 3332 4876; x_wconf 81' lang='lat' dir='ltr'><strong>obsidio-</strong></span> 
     </span>
    </p>
   </div>
   <div class='ocr_carea' id='block_1_106' title="bbox 1757 4910 3327 4987">
    <p class='ocr_par' dir='ltr' id='par_1_106' title="bbox 1757 4910 3327 4987">
     <span class='ocr_line' id='line_1_106' title="bbox 1757 4910 3327 4987; baseline 0 -19"><span class='ocrx_word' id='word_1_767' title='bbox 1757 4930 1903 4980; x_wconf 90' lang='lat' dir='ltr'><strong>nem,</strong></span> <span class='ocrx_word' id='word_1_768' title='bbox 1950 4931 2114 4986; x_wconf 85' lang='lat' dir='ltr'><strong>quam</strong></span> <span class='ocrx_word' id='word_1_769' title='bbox 2162 4917 2535 4987; x_wconf 89' lang='lat' dir='ltr'><strong>apostolorum</strong></span> <span class='ocrx_word' id='word_1_770' title='bbox 2579 4915 2944 4987; x_wconf 86' lang='lat' dir='ltr'><strong>temporibus,</strong></span> <span class='ocrx_word' id='word_1_771' title='bbox 2978 4914 3084 4970; x_wconf 88' lang='lat' dir='ltr'><strong>sub</strong></span> <span class='ocrx_word' id='word_1_772' title='bbox 3124 4910 3327 4982; x_wconf 80' lang='lat' dir='ltr'><strong>Vespa-</strong></span> 
     </span>
    </p>
   </div>
   <div class='ocr_carea' id='block_1_107' title="bbox 1756 5004 3329 5080">
    <p class='ocr_par' dir='ltr' id='par_1_107' title="bbox 1756 5004 3329 5080">
     <span class='ocr_line' id='line_1_107' title="bbox 1756 5004 3329 5080; baseline -0.003 -18"><span class='ocrx_word' id='word_1_773' title='bbox 1756 5009 1910 5063; x_wconf 89' lang='lat' dir='ltr'><strong>siano</strong></span> <span class='ocrx_word' id='word_1_774' title='bbox 1947 5004 2318 5064; x_wconf 80' lang='lat' dir='ltr'><strong>Romanorum</strong></span> <span class='ocrx_word' id='word_1_775' title='bbox 2362 5009 2695 5080; x_wconf 86' lang='lat' dir='ltr'><strong>imperatore</strong></span> <span class='ocrx_word' id='word_1_776' title='bbox 2730 5007 2978 5080; x_wconf 89' lang='lat' dir='ltr'><strong>perpessi</strong></span> <span class='ocrx_word' id='word_1_777' title='bbox 3014 5014 3329 5067; x_wconf 87' lang='lat' dir='ltr'><strong>narrantur,</strong></span> 
     </span>
    </p>
   </div>
   <div class='ocr_carea' id='block_1_108' title="bbox 1754 5080 3327 5171">
    <p class='ocr_par' dir='ltr' id='par_1_108' title="bbox 1754 5080 3327 5171">
     <span class='ocr_line' id='line_1_108' title="bbox 1754 5080 3327 5171; baseline -0.001 -20"><span class='ocrx_word' id='word_1_778' title='bbox 1754 5080 1952 5156; x_wconf 76' lang='lat' dir='ltr'><strong>rursus</strong></span> <span class='ocrx_word' id='word_1_779' title='bbox 1994 5100 2097 5156; x_wconf 83' lang='lat' dir='ltr'><strong>sub</strong></span> <span class='ocrx_word' id='word_1_780' title='bbox 2139 5100 2382 5159; x_wconf 86' lang='lat' dir='ltr'><strong>Adriano</strong></span> <span class='ocrx_word' id='word_1_781' title='bbox 2418 5103 2588 5157; x_wconf 89' lang='lat' dir='ltr'><strong>altera</strong></span> <span class='ocrx_word' id='word_1_782' title='bbox 2617 5101 2720 5171; x_wconf 78' lang='lat'><strong>71</strong></span> <span class='ocrx_word' id='word_1_783' title='bbox 2756 5098 3044 5155; x_wconf 87' lang='lat' dir='ltr'><strong>obsidione</strong></span> <span class='ocrx_word' id='word_1_784' title='bbox 3076 5095 3327 5159; x_wconf 81' lang='lat' dir='ltr'><strong>alnictos,</strong></span> 
     </span>
    </p>
   </div>
   <div class='ocr_carea' id='block_1_109' title="bbox 1752 5188 3328 5262">
    <p class='ocr_par' dir='ltr' id='par_1_109' title="bbox 1752 5188 3328 5262">
     <span class='ocr_line' id='line_1_109' title="bbox 1752 5188 3328 5262; baseline -0.003 -17"><span class='ocrx_word' id='word_1_785' title='bbox 1752 5190 1820 5245; x_wconf 88' lang='lat' dir='ltr'><strong>de</strong></span> <span class='ocrx_word' id='word_1_786' title='bbox 1855 5192 1973 5246; x_wconf 88' lang='lat' dir='ltr'><strong>loco</strong></span> <span class='ocrx_word' id='word_1_787' title='bbox 2005 5192 2099 5247; x_wconf 91' lang='lat' dir='ltr'><strong>illo</strong></span> <span class='ocrx_word' id='word_1_788' title='bbox 2126 5193 2345 5262; x_wconf 84' lang='lat' dir='ltr'><strong>penitus</strong></span> <span class='ocrx_word' id='word_1_789' title='bbox 2382 5197 2649 5249; x_wconf 56' lang='lat' dir='ltr'><strong>arcendos</strong></span> <span class='ocrx_word' id='word_1_790' title='bbox 2682 5194 2820 5255; x_wconf 79' lang='lat' dir='ltr'><strong>fore,</strong></span> <span class='ocrx_word' id='word_1_791' title='bbox 2857 5191 2991 5245; x_wconf 91' lang='lat' dir='ltr'><strong>adeo</strong></span> <span class='ocrx_word' id='word_1_792' title='bbox 3026 5198 3086 5244; x_wconf 90' lang='lat' dir='ltr'><strong>ut</strong></span> <span class='ocrx_word' id='word_1_793' title='bbox 3114 5204 3183 5244; x_wconf 91' lang='lat' dir='ltr'><strong>ne</strong></span> <span class='ocrx_word' id='word_1_794' title='bbox 3210 5188 3328 5243; x_wconf 89' lang='lat' dir='ltr'><strong>solo</strong></span> 
     </span>
    </p>
   </div>
   <div class='ocr_carea' id='block_1_110' title="bbox 1753 5283 3328 5356">
    <p class='ocr_par' dir='ltr' id='par_1_110' title="bbox 1753 5283 3328 5356">
     <span class='ocr_line' id='line_1_110' title="bbox 1753 5283 3328 5356; baseline -0.004 -17"><span class='ocrx_word' id='word_1_795' title='bbox 1753 5285 1976 5356; x_wconf 86' lang='lat' dir='ltr'><strong>quidem</strong></span> <span class='ocrx_word' id='word_1_796' title='bbox 1998 5287 2154 5344; x_wconf 90' lang='lat' dir='ltr'><strong>urbis</strong></span> <span class='ocrx_word' id='word_1_797' title='bbox 2176 5287 2517 5346; x_wconf 83' lang='lat' dir='ltr'><strong>Hierusalem</strong></span> <span class='ocrx_word' id='word_1_798' title='bbox 2553 5289 2810 5343; x_wconf 88' lang='lat' dir='ltr'><strong>insistere</strong></span> <span class='ocrx_word' id='word_1_799' title='bbox 2844 5284 2955 5342; x_wconf 85' lang='lat' dir='ltr'><strong>illis</strong></span> <span class='ocrx_word' id='word_1_800' title='bbox 2993 5286 3063 5341; x_wconf 88' lang='lat' dir='ltr'><strong>sit</strong></span> <span class='ocrx_word' id='word_1_801' title='bbox 3102 5283 3328 5354; x_wconf 85' lang='lat' dir='ltr'><strong>permit-</strong></span> 
     </span>
    </p>
   </div>
   <div class='ocr_carea' id='block_1_111' title="bbox 126 5359 3322 5451">
    <p class='ocr_par' dir='ltr' id='par_1_111' title="bbox 126 5359 3322 5451">
     <span class='ocr_line' id='line_1_111' title="bbox 126 5359 3322 5451; baseline 0.008 -42"><span class='ocrx_word' id='word_1_802' title='bbox 126 5359 315 5417; x_wconf 76' lang='lat' dir='ltr'><strong>tendum.</strong></span> <span class='ocrx_word' id='word_1_803' title='bbox 347 5365 461 5422; x_wconf 78' lang='lat' dir='ltr'><strong>Hoc</strong></span> <span class='ocrx_word' id='word_1_804' title='bbox 484 5367 653 5440; x_wconf 86' lang='lat' dir='ltr'><strong>igitur</strong></span> <span class='ocrx_word' id='word_1_805' title='bbox 679 5371 935 5430; x_wconf 87' lang='lat' dir='ltr'><strong>innuens.</strong></span> <span class='ocrx_word' id='word_1_806' title='bbox 972 5370 1053 5425; x_wconf 92' lang='lat' dir='ltr'><strong>sic</strong></span> <span class='ocrx_word' id='word_1_807' title='bbox 1085 5372 1160 5424; x_wconf 89' lang='lat' dir='ltr'><strong>ait</strong></span> <span class='ocrx_word' id='word_1_808' title='bbox 1196 5391 1207 5426; x_wconf 91' lang='lat'><strong>:</strong></span> <span class='ocrx_word' id='word_1_809' title='bbox 1271 5390 1289 5423; x_wconf 76' lang='grc' dir='ltr'><strong>ι</strong></span> <span class='ocrx_word' id='word_1_810' title='bbox 1339 5372 1401 5426; x_wconf 88' lang='lat' dir='ltr'><strong>Et</strong></span> <span class='ocrx_word' id='word_1_811' title='bbox 1439 5375 1640 5430; x_wconf 87' lang='lat' dir='ltr'><strong>iterum</strong></span> <span class='ocrx_word' id='word_1_812' title='bbox 1674 5381 1777 5433; x_wconf 90' lang='lat' dir='ltr'><strong>erit</strong></span> <span class='ocrx_word' id='word_1_813' title='bbox 1832 5382 1886 5435; x_wconf 93' lang='lat' dir='ltr'><strong>in</strong></span> <span class='ocrx_word' id='word_1_814' title='bbox 1923 5382 2305 5451; x_wconf 88' lang='lat' dir='ltr'><strong>direptionem,</strong></span> <span class='ocrx_word' id='word_1_815' title='bbox 2364 5392 2426 5437; x_wconf 91' lang='lat' dir='ltr'><strong>ut</strong></span> <span class='ocrx_word' id='word_1_816' title='bbox 2458 5382 2823 5448; x_wconf 88' lang='lat' dir='ltr'><strong>terebinthus,</strong></span> <span class='ocrx_word' id='word_1_817' title='bbox 2856 5386 2910 5437; x_wconf 88' lang='lat' dir='ltr'><strong>et</strong></span> <span class='ocrx_word' id='word_1_818' title='bbox 2936 5380 3081 5436; x_wconf 88' lang='lat' dir='ltr'><strong>sicut</strong></span> <span class='ocrx_word' id='word_1_819' title='bbox 3143 5377 3322 5449; x_wconf 81' lang='lat' dir='ltr'><strong>glans.</strong></span> 
     </span>
    </p>
   </div>
   <div class='ocr_carea' id='block_1_112' title="bbox 126 5461 1001 5535">
    <p class='ocr_par' dir='ltr' id='par_1_112' title="bbox 126 5461 1001 5535">
     <span class='ocr_line' id='line_1_112' title="bbox 126 5461 1001 5535; baseline 0.015 -30"><span class='ocrx_word' id='word_1_820' title='bbox 126 5465 214 5505; x_wconf 75' lang='lat' dir='ltr'><strong>rmn</strong></span> <span class='ocrx_word' id='word_1_821' title='bbox 240 5461 423 5515; x_wconf 77' lang='lat' dir='ltr'><strong>excidit</strong></span> <span class='ocrx_word' id='word_1_822' title='bbox 452 5462 524 5518; x_wconf 87' lang='lat' dir='ltr'><strong>de</strong></span> <span class='ocrx_word' id='word_1_823' title='bbox 548 5466 722 5535; x_wconf 88' lang='lat' dir='ltr'><strong>spolio</strong></span> <span class='ocrx_word' id='word_1_824' title='bbox 750 5481 851 5521; x_wconf 91' lang='lat' dir='ltr'><strong>suo</strong></span> <span class='ocrx_word' id='word_1_825' title='bbox 868 5466 933 5519; x_wconf 72' lang='grc'><strong>⁸⁵.</strong></span> <span class='ocrx_word' id='word_1_826' title='bbox 982 5486 1001 5518; x_wconf 73' lang='grc' dir='ltr'><strong>ι</strong></span> 
     </span>
    </p>
   </div>
   <div class='ocr_carea' id='block_1_113' title="bbox 174 5545 1717 5639">
    <p class='ocr_par' dir='ltr' id='par_1_113' title="bbox 174 5545 1717 5639">
     <span class='ocr_line' id='line_1_113' title="bbox 174 5545 1717 5639; baseline 0.013 -44"><span class='ocrx_word' id='word_1_827' title='bbox 174 5545 272 5600; x_wconf 68' lang='grc' dir='ltr'><strong>Λθ.</strong></span> <span class='ocrx_word' id='word_1_828' title='bbox 313 5570 329 5601; x_wconf 77' lang='grc' dir='ltr'><strong>ι</strong></span> <span class='ocrx_word' id='word_1_829' title='bbox 368 5554 480 5608; x_wconf 78' lang='grc' dir='ltr'><strong>Καὶ</strong></span> <span class='ocrx_word' id='word_1_830' title='bbox 513 5555 662 5610; x_wconf 68' lang='grc' dir='ltr'>ἔσται</span> <span class='ocrx_word' id='word_1_831' title='bbox 692 5559 748 5610; x_wconf 83' lang='grc' dir='ltr'><strong>ἐν</strong></span> <span class='ocrx_word' id='word_1_832' title='bbox 779 5561 844 5629; x_wconf 79' lang='grc' dir='ltr'>τῇ</span> <span class='ocrx_word' id='word_1_833' title='bbox 877 5559 1060 5631; x_wconf 74' lang='grc' dir='ltr'>ἡμέρᾳ</span> <span class='ocrx_word' id='word_1_834' title='bbox 1089 5560 1286 5634; x_wconf 74' lang='grc' dir='ltr'>ἐκείνῃ·</span> <span class='ocrx_word' id='word_1_835' title='bbox 1323 5561 1519 5639; x_wconf 51' lang='lat' dir='ltr'><strong>opacat</strong></span> <span class='ocrx_word' id='word_1_836' title='bbox 1551 5561 1646 5616; x_wconf 87' lang='grc' dir='ltr'><strong>ἆν-</strong></span> <span class='ocrx_word' id='word_1_837' title='bbox 1715 5577 1717 5579; x_wconf 82' lang='lat'>‘</span> 
     </span>
    </p>
   </div>
   <div class='ocr_carea' id='block_1_114' title="bbox 124 5627 1639 5723">
    <p class='ocr_par' dir='ltr' id='par_1_114' title="bbox 124 5627 1639 5723">
     <span class='ocr_line' id='line_1_114' title="bbox 124 5627 1639 5723; baseline 0.005 -24"><span class='ocrx_word' id='word_1_838' title='bbox 124 5627 289 5702; x_wconf 64' lang='grc' dir='ltr'>θρωπος</span> <span class='ocrx_word' id='word_1_839' title='bbox 311 5642 535 5712; x_wconf 73' lang='grc' dir='ltr'>δάμαλιν</span> <span class='ocrx_word' id='word_1_840' title='bbox 567 5647 725 5718; x_wconf 85' lang='grc' dir='ltr'>βοῶν,</span> <span class='ocrx_word' id='word_1_841' title='bbox 768 5627 860 5705; x_wconf 76' lang='grc' dir='ltr'>καὶ</span> <span class='ocrx_word' id='word_1_842' title='bbox 896 5627 1002 5705; x_wconf 22' lang='grc' dir='ltr'>δύο*</span> <span class='ocrx_word' id='word_1_843' title='bbox 1031 5627 1276 5723; x_wconf 68' lang='grc' dir='ltr'>πρόϐατα</span> <span class='ocrx_word' id='word_1_844' title='bbox 1296 5673 1307 5683; x_wconf 89' lang='grc'>·</span> <span class='ocrx_word' id='word_1_845' title='bbox 1356 5627 1454 5709; x_wconf 58' lang='grc' dir='ltr'><strong>καί</strong></span> <span class='ocrx_word' id='word_1_846' title='bbox 1482 5655 1639 5709; x_wconf 75' lang='grc' dir='ltr'>ἔσται</span> 
     </span>
    </p>
   </div>
   <div class='ocr_carea' id='block_1_115' title="bbox 173 5744 1632 5835">
    <p class='ocr_par' dir='ltr' id='par_1_115' title="bbox 173 5744 1632 5835">
     <span class='ocr_line' id='line_1_115' title="bbox 173 5744 1632 5835; baseline 0.016 -34"><span class='ocrx_word' id='word_1_847' title='bbox 173 5744 208 5835; x_wconf 59' lang='grc' dir='ltr'>ξ³</span> <span class='ocrx_word' id='word_1_848' title='bbox 230 5746 318 5807; x_wconf 84' lang='lat' dir='ltr'><strong>lsa.</strong></span> <span class='ocrx_word' id='word_1_849' title='bbox 349 5768 388 5816; x_wconf 87' lang='grc' dir='ltr'><strong>ι,</strong></span> <span class='ocrx_word' id='word_1_850' title='bbox 419 5752 472 5809; x_wconf 82' lang='lat'><strong>7.</strong></span> <span class='ocrx_word' id='word_1_851' title='bbox 548 5759 593 5789; x_wconf 74' lang='lat'>“</span> <span class='ocrx_word' id='word_1_852' title='bbox 623 5759 811 5814; x_wconf 74' lang='lat' dir='ltr'><strong>Matth.</strong></span> <span class='ocrx_word' id='word_1_853' title='bbox 843 5778 1001 5825; x_wconf 69' lang='grc' dir='ltr'>χχιιι.</span> <span class='ocrx_word' id='word_1_854' title='bbox 1026 5765 1113 5820; x_wconf 76' lang='lat' dir='ltr'><strong>I58.</strong></span> <span class='ocrx_word' id='word_1_855' title='bbox 1192 5763 1236 5796; x_wconf 70' lang='grc'><strong>⁸⁵</strong></span> <span class='ocrx_word' id='word_1_856' title='bbox 1273 5762 1375 5823; x_wconf 89' lang='lat' dir='ltr'><strong>lsa.</strong></span> <span class='ocrx_word' id='word_1_857' title='bbox 1410 5782 1481 5835; x_wconf 84' lang='lat' dir='ltr'><strong>vt,</strong></span> <span class='ocrx_word' id='word_1_858' title='bbox 1519 5768 1632 5835; x_wconf 47' lang='grc' dir='ltr'><strong>ἴδη·</strong></span> 
     </span>
    </p>
   </div>
   <div class='ocr_carea' id='block_1_116' title="bbox 174 5828 1625 5919">
    <p class='ocr_par' dir='ltr' id='par_1_116' title="bbox 174 5828 1625 5919">
     <span class='ocr_line' id='line_1_116' title="bbox 174 5828 1625 5919; baseline 0.016 -27"><span class='ocrx_word' id='word_1_859' title='bbox 174 5828 231 5900; x_wconf 82' lang='grc' dir='ltr'><strong>(Ι)</strong></span> <span class='ocrx_word' id='word_1_860' title='bbox 268 5836 603 5901; x_wconf 81' lang='lat' dir='ltr'><strong>Desideratur</strong></span> <span class='ocrx_word' id='word_1_861' title='bbox 623 5851 743 5919; x_wconf 79' lang='grc' dir='ltr'>τῆς.</span> <span class='ocrx_word' id='word_1_862' title='bbox 777 5850 932 5905; x_wconf 78' lang='grc' dir='ltr'>Ευιτ.</span> <span class='ocrx_word' id='word_1_863' title='bbox 968 5850 1143 5908; x_wconf 70' lang='lat' dir='ltr'><strong>Pun.</strong></span> <span class='ocrx_word' id='word_1_864' title='bbox 1468 5828 1478 5835; x_wconf 45' lang='grc'><em>’</em></span> <span class='ocrx_word' id='word_1_865' title='bbox 1618 5829 1625 5840; x_wconf 40' lang='grc'><strong><em>⁸</em></strong></span> 
     </span>
    </p>
   </div>
   <div class='ocr_carea' id='block_1_117' title="bbox 273 5938 925 6009">
    <p class='ocr_par' dir='ltr' id='par_1_117' title="bbox 273 5938 925 6009">
     <span class='ocr_line' id='line_1_117' title="bbox 273 5938 925 6009; baseline 0.02 -14"><span class='ocrx_word' id='word_1_866' title='bbox 273 5938 533 6002; x_wconf 61' lang='lat' dir='ltr'><strong>Parnm.</strong></span> <span class='ocrx_word' id='word_1_867' title='bbox 565 5945 681 6005; x_wconf 80' lang='lat' dir='ltr'><strong>Gn.</strong></span> <span class='ocrx_word' id='word_1_868' title='bbox 722 5946 770 6004; x_wconf 81' lang='grc' dir='ltr'><strong>Χ</strong></span> <span class='ocrx_word' id='word_1_869' title='bbox 788 5946 925 6009; x_wconf 77' lang='grc' dir='ltr'><strong>ΧΗ.</strong></span> 
     </span>
    </p>
   </div>
   <div class='ocr_carea' id='block_1_118' title="bbox 1824 5563 3412 5648">
    <p class='ocr_par' dir='ltr' id='par_1_118' title="bbox 1824 5563 3412 5648">
     <span class='ocr_line' id='line_1_118' title="bbox 1824 5563 3412 5648; baseline -0.001 -31"><span class='ocrx_word' id='word_1_870' title='bbox 1824 5564 2068 5620; x_wconf 77' lang='lat' dir='ltr'><strong>XXXIX.</strong></span> <span class='ocrx_word' id='word_1_871' title='bbox 2104 5586 2121 5615; x_wconf 75' lang='grc' dir='ltr'><strong>ι</strong></span> <span class='ocrx_word' id='word_1_872' title='bbox 2154 5564 2219 5620; x_wconf 85' lang='grc' dir='ltr'>Ει</span> <span class='ocrx_word' id='word_1_873' title='bbox 2249 5567 2355 5621; x_wconf 90' lang='lat' dir='ltr'><strong>erit</strong></span> <span class='ocrx_word' id='word_1_874' title='bbox 2384 5566 2438 5621; x_wconf 91' lang='lat' dir='ltr'><strong>in</strong></span> <span class='ocrx_word' id='word_1_875' title='bbox 2483 5565 2570 5622; x_wconf 90' lang='lat' dir='ltr'><strong>die</strong></span> <span class='ocrx_word' id='word_1_876' title='bbox 2598 5567 2691 5621; x_wconf 90' lang='lat' dir='ltr'><strong>illa</strong></span> <span class='ocrx_word' id='word_1_877' title='bbox 2723 5581 2736 5617; x_wconf 93' lang='lat'>:</span> <span class='ocrx_word' id='word_1_878' title='bbox 2768 5565 2985 5621; x_wconf 82' lang='lat' dir='ltr'><strong>Nutriet</strong></span> <span class='ocrx_word' id='word_1_879' title='bbox 3035 5564 3198 5619; x_wconf 86' lang='lat' dir='ltr'><strong>homo</strong></span> <span class='ocrx_word' id='word_1_880' title='bbox 3227 5563 3321 5633; x_wconf 80' lang='lat' dir='ltr'><strong>ju-</strong></span> <span class='ocrx_word' id='word_1_881' title='bbox 3408 5643 3412 5648; x_wconf 24' lang='grc'><em>¹</em></span> 
     </span>
    </p>
   </div>
   <div class='ocr_carea' id='block_1_119' title="bbox 1747 5657 3322 5735">
    <p class='ocr_par' dir='ltr' id='par_1_119' title="bbox 1747 5657 3322 5735">
     <span class='ocr_line' id='line_1_119' title="bbox 1747 5657 3322 5735; baseline 0.001 -24"><span class='ocrx_word' id='word_1_882' title='bbox 1747 5673 1971 5714; x_wconf 83' lang='lat' dir='ltr'><strong>vencam</strong></span> <span class='ocrx_word' id='word_1_883' title='bbox 2007 5662 2189 5729; x_wconf 88' lang='lat' dir='ltr'><strong>boum,</strong></span> <span class='ocrx_word' id='word_1_884' title='bbox 2212 5667 2265 5735; x_wconf 83' lang='lat' dir='ltr'><strong>et</strong></span> <span class='ocrx_word' id='word_1_885' title='bbox 2294 5662 2431 5717; x_wconf 89' lang='lat' dir='ltr'><strong>duas</strong></span> <span class='ocrx_word' id='word_1_886' title='bbox 2463 5675 2612 5728; x_wconf 87' lang='lat' dir='ltr'><strong>oves,</strong></span> <span class='ocrx_word' id='word_1_887' title='bbox 2630 5668 2683 5717; x_wconf 82' lang='lat' dir='ltr'><strong>et</strong></span> <span class='ocrx_word' id='word_1_888' title='bbox 2702 5660 2806 5717; x_wconf 82' lang='lat' dir='ltr'><strong>erit</strong></span> <span class='ocrx_word' id='word_1_889' title='bbox 2834 5676 2901 5718; x_wconf 78' lang='lat' dir='ltr'><strong>ex</strong></span> <span class='ocrx_word' id='word_1_890' title='bbox 2928 5675 2994 5717; x_wconf 86' lang='lat' dir='ltr'><strong>eo</strong></span> <span class='ocrx_word' id='word_1_891' title='bbox 3024 5657 3169 5730; x_wconf 91' lang='lat' dir='ltr'><strong>quod</strong></span> <span class='ocrx_word' id='word_1_892' title='bbox 3199 5658 3322 5729; x_wconf 65' lang='lat' dir='ltr'><strong>pluo</strong></span> 
     </span>
    </p>
   </div>
   <div class='ocr_carea' id='block_1_120' title="bbox 2955 5946 2996 6010">
    <p class='ocr_par' dir='ltr' id='par_1_120' title="bbox 2955 5946 2996 6010">
     <span class='ocr_line' id='line_1_120' title="bbox 2955 5946 2996 6010; baseline 0 0"><span class='ocrx_word' id='word_1_893' title='bbox 2955 5946 2996 6010; x_wconf 75' lang='grc' dir='ltr'><strong>ὕ</strong></span> 
     </span>
    </p>
   </div>
  </div>
