4018 6530
689 371 790 450 περ

1319 369 1584 426 EUSEBII
1617 368 2102 424 CESARIENSIS
2141 369 2292 421 OPP.
2332 367 2514 421 PARS
2546 367 2608 421 ll.
2648 398 2716 408 —-
2749 368 3254 425 APGLOGETICA.
3778 380 3849 436 tu]

687 488 885 539 rimum
916 484 1078 540 faciet
1107 487 1191 540 lac
1224 503 1236 538 :
1272 484 1517 539 comedet
1556 484 1831 553 butyrum,
1871 489 1926 536 et
1970 485 2074 534 mel
2100 495 2249 533 com-

2355 479 2462 531 ἀπὸ
2502 479 2595 530 τοῦ
2645 480 2892 531 πλεῖστον
2933 482 3105 532 ποιεῖν
3151 478 3311 547 γάλα,
3366 480 3582 548 φάγεται
3628 483 3851 558 βούτυρον,

687 575 810 631 edet
840 577 1151 647 quicunque
1198 574 1420 629 relictus
1450 573 1610 627 fuerit
1648 573 1704 626 in
1747 580 1890 625 terra
1911 571 1978 626 η.
2013 590 2031 623 ι
2077 569 2176 623 llic
2205 569 2253 624 si

688 667 834 720 illam
861 667 1003 720 diem
1023 680 1183 734 quam
1214 663 1472 734 propheta
1503 662 1769 733 signiﬁcat
1790 661 2090 732 quzesieris,
2117 669 2256 716 tem-

688 774 791 829 pus
820 760 1086 812 adventus
1126 755 1424 812 Salvatoris
1473 757 1648 811 nostri
1679 755 1943 810 invenies.
1974 755 2075 810 Ubi
2106 755 2252 810 enim

689 851 824 906 dixit
851 851 1109 921 propheta
1136 868 1148 902 :
1181 867 1199 899 ι
1232 847 1372 903 Ecce
1404 849 1557 918 virgo
1596 848 1649 902 in
1677 857 1832 903 utero
1879 847 2168 916 concipiet,
2199 854 2255 902 et

687 944 862 1012 pariet
892 941 1056 994 lilium
1083 958 1095 993 :
1133 960 1150 991 ι
1183 940 1417 1010 plurima
1448 939 1817 1008 interponens,
1832 939 2038 993 divinat
2069 939 2136 994 de
2162 938 2250 1005 iis,

685 1050 805 1103 quae
825 1048 918 1103 per
940 1031 1181 1087 eamdem
1203 1032 1366 1098 diem,
1385 1031 1485 1086 hoc
1505 1039 1608 1097 est,
1639 1029 1934 1085 Salvatoris
1961 1031 2136 1086 nostri
2157 1031 2254 1085 ad-

686 1133 879 1180 ventus
909 1131 1175 1192 tcmpore,
1211 1121 1394 1175 futura
1422 1130 1570 1178 sunt.
1613 1122 1855 1176 Virtutes
1884 1123 2030 1177 enim
2063 1123 2255 1178 invisi-

685 1216 841 1278 biles,
868 1224 921 1269 et
945 1213 1210 1284 quosdam
1261 1213 1532 1276 inimicos,
1584 1223 1746 1284 atque
1795 1216 2001 1280 hostes,
2034 1230 2252 1270 muscas

684 1314 737 1359 et
778 1321 908 1376 apes
947 1306 1218 1376 allegoriae
1267 1305 1478 1374 legibus
1524 1307 1848 1369 nominans.
1904 1295 2258 1378 ingressuros'

683 1413 805 1453 esse
852 1406 1055 1452 terram
1084 1395 1392 1450 Judzeorum
1429 1396 1586 1464 dicit,
1636 1405 1798 1468 atque
1831 1398 1903 1451 ita
1936 1396 2247 1462 Dominum,

685 1487 923 1541 hostium
957 1489 1201 1556 ipsorum
1241 1486 1530 1548 novacula,
1563 1493 1819 1556 tanquam
1851 1487 2032 1556 magni
2065 1487 2253 1555 cujus-

682 1576 808 1630 dam
838 1577 1108 1646 corporis,
1140 1575 1312 1645 ipsius
1337 1574 1576 1630 Iudaicae
1606 1576 1782 1645 gentis
1816 1583 2002 1644 caput,
2037 1583 2092 1628 et
2113 1575 2250 1644 pilos

683 1667 905 1736 pedum,
938 1674 992 1720 et
1024 1666 1273 1728 barbam,
1326 1673 1380 1718 et
1409 1663 1646 1732 denique
1681 1678 1841 1716 omne
1869 1669 2249 1716 ornamentum

684 1773 870 1814 eorum
929 1757 1274 1813 abrasurum.
1312 1755 1450 1810 Cum
1499 1769 1628 1809 vero
1672 1754 1787 1808 haec
1821 1753 1875 1806 in
1921 1754 2012 1807 illa
2044 1753 2150 1818 die,
2183 1753 2250 1808 de

2354 569 2448 621 καὶ
2477 568 2595 636 μέλι
2633 569 2860 637 φάγεται
2895 570 3002 631 πᾶς
3033 571 3061 621 6
3092 569 3464 638 καταλειφθεὶς
3494 572 3581 624 ἐπὶ
3609 573 3698 643 τῆς
3715 577 3813 646 γῆς.
3838 600 3851 631 ι

2367 657 2628 712 Ἐνταῦθα
2645 658 2740 728 τὴν
2760 658 3092 730 δηλουμένην
3123 659 3333 730 ἡμέραν
3368 661 3700 733 ἐπιζητήσας,
3719 667 3854 736 εὕροις
3878 661 3880 670 ⁸

2352 749 2514 802 αὑτὸν
2541 749 2630 802 τὸν
2658 750 2843 820 χρόνον
2870 751 2969 821 τῆς
2994 749 3087 803 τοῦ
3115 751 3362 821 Σωτῆρος
3400 753 3549 822 ἡμῶν
3575 754 3854 824 ἐπιφανείας.

2354 841 2535 895 Εἰπὼν
2563 841 2670 912 γὰρ
2700 845 2728 895 6
2757 843 3061 915 προφήτης,
3110 861 3129 895 ι
3175 842 3305 895 ’ἰδοὺ
3344 843 3596 915 παρθένος
3632 848 3684 899 ἐν
3707 856 3855 923 γαστρὶ

2352 932 2597 1006 λήψεται,
2646 935 2740 988 καὶ
2777 934 2989 1000 τέξεται
3030 935 3165 999 υἱὸν,
3201 954 3220 987 ι
3265 935 3484 989 πλεῖστα
3509 937 3592 990 διὰ
3629 939 3771 1008 μέσου
3795 943 3856 996 θε-

2354 1025 2534 1089 σπίζει
2568 1026 2694 1097 περὶ
2726 1025 2833 1079 τῶν
2860 1025 2995 1080 κατά
3024 1027 3123 1098 τὴν
3148 1027 3316 1098 αὐτὴν
3349 1027 3576 1099 ἡμέραν,
3599 1030 3726 1084 τοῦτ’
3750 1033 3856 1088 ἐστιν

2353 1117 2500 1187 ἀμφὶ
2537 1117 2627 1169 τὸν
2660 1117 2846 1188 χρόνον
2874 1118 2976 1189 τῆς
3002 1117 3096 1172 τοῦ
3137 1119 3386 1191 Σωτῆρος
3417 1120 3571 1191 ⁴ἡμῶν
3600 1123 3858 1193 ἐπιφανείας

2352 1207 2752 1277 γενησομένων.
2807 1209 3074 1280 Δυνάμεις
3139 1211 3248 1283 γὰρ
3307 1213 3565 1284 ἀοράτους
3615 1216 3699 1268 καί
3750 1234 3858 1282 τινας

2352 1298 2596 1370 ἐχθροὺς,
2640 1300 2733 1352 καὶ
2779 1300 3088 1372 πολεμίους,
3124 1305 3286 1374 μυίας
3319 1305 3411 1356 καὶ
3446 1305 3690 1374 μελίσσας
3722 1307 3858 1377 νόμοις

2351 1391 2677 1463 ἀλληγορίας
2701 1391 3128 1463 ὀνομαζομένους
3165 1393 3518 1464 ἐπιϐήσεσθαι
3555 1397 3616 1465 τῇ
3649 1395 3741 1447 τῶν
3775 1397 3858 1449 ’ῐουι

2349 1482 2509 1536 δαίων
2520 1483 2671 1554 χώρᾳ
2693 1485 2876 1554 φησὶν,
2898 1484 3095 1538 καὶτὸν
3111 1485 3312 1556 Κύριον
3336 1483 3480 1556 ξυρῷ
3502 1485 3605 1539 τῶν
3625 1486 3859 1556 πολεμίων,

2351 1574 2498 1627 ὠσάν
2540 1575 2777 1645 μεγάλου
2832 1575 3100 1646 σώματος,
3137 1575 3230 1629 τοῦ
3290 1576 3554 1630 Ἰουδαίων
3594 1577 3757 1640 ἔθνους
3791 1577 3859 1650 τὴν

2352 1667 2611 1738 κεφαλὴν,
2638 1670 2731 1722 καὶ
2761 1667 2858 1730 τάς
2876 1670 3066 1740 τρίχας
3088 1668 3196 1722 τῶν
3221 1670 3416 1735 ποδῶν,
3440 1670 3634 1723 καὶτὸν
3654 1668 3858 1736 πώγωνα,

2352 1761 2444 1812 καὶ
2477 1761 2674 1823 πάντα,
2711 1759 3010 1830 συλλήϐδην
3041 1761 3233 1824 εἰπεῖν,
3273 1761 3363 1814 τὸν
3387 1761 3584 1831 κόσμον
3615 1761 3770 1813 αὐτῶν
3793 1761 3858 1825 ξυ-

685 1867 788 1923 qua
820 1850 998 1922 agitur
1033 1849 1214 1902 futura
1243 1849 1373 1910 sint,
1401 1848 1457 1900 in
1503 1860 1609 1914 qua
1639 1845 1887 1900 videlicet
1919 1845 2009 1900 ille
2049 1845 2115 1900 de
2141 1860 2249 1916 quo

2353 1852 2556 1923 ρήσειν.
2593 1851 2808 1906 Τούτων
2843 1853 2887 1906 δ’
2910 1852 3178 1924 ἐσομένων
3210 1855 3267 1906 ἐν
3296 1857 3362 1925 τῇ
3393 1852 3736 1926 θεσπιζομένη
3760 1853 3860 1922 ἡμέο

685 1944 925 2016 loquitur
969 1949 1227 1997 nascetur
1254 1940 1320 1993 de
1368 1936 1610 2008 Virgine,
1644 1945 1756 1991 tum
1785 1952 1906 1991 eum
1949 1936 2246 2003 hominem,

684 2035 776 2105 qui
809 2034 1029 2088 relictus
1057 2031 1218 2086 fuerit
1240 2031 1306 2084 de
1337 2028 1502 2082 totius
1526 2029 1702 2096 gentis
1736 2027 1976 2090 interitu,
2013 2027 2112 2081 hoc
2142 2035 2245 2090 est,

684 2143 898 2182 omnem
929 2126 1240 2196 quicunque
1261 2141 1326 2178 ex
1358 2124 1464 2177 illis
1485 2125 1539 2177 in
1568 2120 1843 2175 Christum
1876 2118 1971 2174 Dei
2003 2120 2249 2174 credide-

685 2220 777 2282 rit,
809 2218 1145 2272 nutriturum
1169 2217 1459 2284 juvencam
1488 2214 1672 2277 boum,
1699 2220 1754 2266 et
1787 2211 1926 2266 duas
1953 2227 2082 2281 oves
2112 2226 2250 2281 prte-

685 2309 820 2362 dicit
856 2324 868 2359 :
908 2315 962 2362 et
981 2323 1047 2362 ex
1081 2322 1147 2361 eo
1172 2305 1314 2375 quod
1349 2305 1644 2375 plurimum
1677 2304 1836 2358 faciet
1869 2304 1971 2365 lac,
1996 2305 2249 2374 butyrum

683 2405 740 2454 et
771 2399 876 2454 mel
908 2411 1275 2453 comesurum.
1310 2394 1482 2449 Porro
1520 2395 1633 2449 haec
1669 2396 1711 2449 si
1760 2396 1984 2465 mystice
2006 2402 2251 2449 contem-

684 2491 942 2563 plaberis,
985 2488 1252 2558 intelliges
1293 2488 1347 2541 in
1396 2485 1694 2542 Salvatoris
1739 2487 1916 2541 nostri
1964 2485 2246 2556 apostolis,

685 2598 844 2638 suum
876 2581 1033 2636 finem
1064 2580 1360 2649 accepisse.
1389 2579 1630 2644 Quorum
1662 2578 1860 2648 singuli
1892 2576 1946 2630 in
1972 2578 2037 2630 iis
2065 2575 2251 2632 Eccle-

685 2676 804 2738 siis,
846 2673 902 2727 in
940 2673 1139 2743 quibus
1179 2672 1380 2725 virtute
1422 2671 1626 2726 Christi
1679 2670 2053 2733 constiterint,
2093 2669 2249 2724 binas

685 2782 836 2829 oves,
871 2765 974 2818 hoc
1007 2773 1111 2828 est,
1149 2763 1308 2818 binos
1340 2761 1559 2816 ordines
1589 2763 1763 2817 instar
1793 2762 1997 2824 ovium,
2027 2761 2092 2816 ad
2125 2776 2249 2831 gre-

687 2873 806 2928 gem
836 2844 1041 2910 Christi
1076 2855 1481 2918 convenientes,
1514 2855 1744 2908 alterum
1779 2853 1997 2923 quidem
2044 2853 2100 2905 in
2135 2851 2249 2922 pri-

688 2953 793 3006 mis
836 2950 1014 3004 adhuc
1043 2949 1326 3003 elementis
1366 2955 1695 3011 versantem,
1732 2947 1963 3000 alterum
1997 2959 2125 2998 vero
2155 2943 2250 3013 qui

683 3043 795 3113 jam
820 3057 918 3112 per
946 3042 1224 3094 lavacrum
1261 3039 1333 3094 sit
1381 3039 1706 3102 illustratus,
1755 3052 1817 3091 ac
1862 3043 2122 3106 praeterea
2162 3033 2251 3104 ju-

686 3149 914 3189 vencam
965 3148 1151 3195 unam,
1201 3129 1632 3186 ecclesiasticum
1679 3128 1864 3197 utique
1909 3143 2119 3189 eorum,
2157 3124 2249 3196 qui

2357 1959 2427 2015 ρᾳ
2450 1942 2543 1996 τοῦ
2571 1944 2636 1997 ἐκ
2662 1943 2763 2014 τῆς
2791 1944 3068 2018 Παρθένου
3114 1945 3498 2016 γενησομένου,
3544 1942 3634 1998 τὸν
3663 1944 3860 1998 καταλειο

2357 2037 2556 2106 φθέντα
2575 2037 2856 2110 ἄνθρωπον
2879 2039 2942 2090 ἐκ
2961 2037 3060 2106 τῆς
3078 2036 3171 2090 τοῦ
3198 2037 3395 2100 παντὸς
3419 2037 3596 2099 ἔθνους
3621 2034 3858 2097 ἀπωλείας,

2355 2129 2495 2182 τοῦτ’
2527 2129 2670 2182 ἐστιν
2704 2131 2917 2184 ἅπαντα
2944 2128 3034 2180 τὸν
3058 2127 3114 2193 ἐξ
3141 2128 3315 2181 αὐτῶν
3348 2130 3425 2188 εἰς
3458 2128 3546 2180 τὸν
3573 2127 3775 2196 Χριστὸν
3792 2123 3859 2175 τοῦ

2355 2217 2490 2274 Θεοῦ
2524 2222 2942 2283 πεπιστευκότα,
2991 2221 3207 2292 θρέψειν
3245 2221 3470 2290 δάμαλιν
3512 2219 3662 2289 βοῶν,
3697 2216 3860 2271 καὶδύο

2361 2312 2602 2384 πρόϐατα
2633 2315 2984 2386 προφητεύει,
3006 2315 3113 2368 ἀπό
3143 2331 3199 2366 τε
3226 2311 3319 2366 τοῦ
3349 2313 3591 2365 πλεῖστον
3623 2311 3772 2363 ποιεῖν
3794 2308 3859 2374 γά·

2355 2403 2441 2467 λα,
2463 2404 2727 2473 φάγεσθαι
2752 2404 3008 2476 βούτυρον
3031 2405 3124 2458 καὶ
3151 2405 3288 2476 μέλι.
3311 2404 3542 2472 Νοήσεις
3560 2401 3613 2452 δὲ
3635 2396 3859 2452 καὶταῦτα

2356 2493 2495 2548 κατά
2541 2495 2803 2564 μυστικὴν
2836 2494 3065 2565 θεωρίαν
3103 2497 3194 2548 ἐπὶ
3226 2495 3333 2548 τῶν
3361 2494 3453 2547 τοῦ
3487 2491 3718 2562 Σωτῆρος
3744 2485 3858 2558 ἡμῶν

2357 2583 2667 2638 ἀποστόλων
2707 2584 3082 2656 τετελεσμένα.
3131 2580 3229 2639 Ὧν
3263 2586 3488 2646 ἕκαστος
3518 2585 3572 2635 ἐν
3599 2575 3677 2643 αἷς
3710 2578 3787 2631 σὺν
3812 2577 3858 2643 τῇ

2355 2677 2449 2730 τοῦ
2477 2676 2712 2750 Χριστοῦ
2745 2677 2967 2747 δυνάμει
3010 2677 3376 2748 συνεστήσατο
3417 2671 3763 2742 Ἐκκλησίαις,
3795 2665 3859 2717 δύο

2355 2770 2609 2840 τάγματα
2644 2768 2798 2839 δίκην
2826 2767 3132 2840 προϐάτων,
3165 2769 3258 2822 ἐπὶ
3281 2768 3380 2837 τὴν
3408 2764 3500 2817 τοῦ
3530 2759 3742 2834 Χριστοῦ
3773 2756 3859 2808 ποί·

2361 2877 2497 2932 μνην
2531 2859 2798 2914 συνιόντω
2832 2858 2891 2912 τὸ
2940 2859 3038 2930 μὲν
3069 2859 3236 2911 εἰσέτι
3287 2855 3719 2926 στοιχειούμενον,
3758 2847 3805 2900 τὸ
3827 2846 3858 2900 δ’

2357 2949 2457 3020 ήδη
2486 2948 2573 3002 διὰ
2608 2947 2702 3000 τοῦ
2732 2947 2964 3020 ,λουτροῦ
3004 2947 3430 3019 πεφωτισμένον
3473 2945 3564 2996 καί
3594 2941 3677 2994 ἐπὶ
3702 2937 3858 2994 τούτοις

2361 3039 2488 3109 μίαν
2511 3037 2740 3110 δάμαλιν
2770 3040 2867 3110 τὴν
2895 3028 3349 3109 ἐκκλησιαστικὴν
3378 3036 3483 3090 τῶν
3520 3030 3770 3104 προέδρων
3792 3025 3860 3093 ἁρ-

2358 3131 2456 3202 χὴν
2475 3133 2594 3194 ταῖς
2613 3130 2814 3194 ἐνθέοις
2837 3131 2929 3184 καὶ⁸
2946 3129 3188 3198 λογικαῖς
3213 3131 3442 3200 τροφαῖς
3471 3127 3563 3180 ἐκθ
3573 3125 3740 3198 ρέψας,
3755 3119 3860 3187 τόνδ’

688 3226 982 3298 praesident
1003 3224 1391 3295 principatum,
1415 3221 1612 3276 divinis
1635 3229 1688 3275 et
1711 3220 2068 3274 rationalibus
2110 3217 2247 3272 cibis

2354 3239 2450 3292 μον
2479 3220 2539 3285 ἐξ
2575 3221 2754 3276 αὐτῶν
2785 3222 2947 3290 γάλα,
2983 3222 3074 3274 καὶ
3125 3221 3242 3291 μέλι
3283 3220 3386 3290 τῆς
3417 3216 3724 3288 πονηθείσης
3753 3205 3860 3277 αὐτῷ

686 3319 987 3372 nutrientes
1016 3333 1029 3369 :
1062 3313 1348 3369 fecundum
1387 3327 1450 3366 ex
1498 3311 1605 3365 illis
1646 3311 1746 3372 lac,
1775 3319 1829 3364 et
1857 3309 1983 3373 mel,
2015 3308 2134 3378 ejus
2174 3308 2254 3362 vi-

684 3408 880 3464 delicet
905 3408 1036 3472 cibi,
1066 3423 1225 3478 quem
1258 3407 1360 3476 ipsi
1399 3406 1817 3486 elaboraverint,
1861 3404 2095 3459 fructum
2131 3418 2254 3474 per-

681 3508 969 3570 ceperunt.
1003 3498 1068 3552 Et
1096 3498 1240 3568 quod
1270 3497 1484 3567 quidem
1517 3513 1633 3552 eam
1679 3496 2102 3558 multitudinem,
2133 3510 2253 3565 quae

681 3608 748 3648 ex
784 3591 1278 3663 imperfectioribus
1309 3597 1523 3645 constat
1564 3590 1778 3652 ovibus,
1808 3589 2027 3644 divinus
2069 3603 2252 3644 sermo

685 3696 1002 3753 comparare
1028 3680 1394 3743 consueverit,
1413 3695 1522 3734 non
1547 3690 1628 3735 est
1659 3696 1794 3750 opus
1816 3689 1874 3734 ut
1901 3681 2098 3745 dicam,
2125 3695 2251 3734 eum

687 3773 788 3827 hoc
808 3788 996 3829 omnes
1027 3771 1221 3826 divina:
1246 3772 1436 3824 littera:
1460 3769 1769 3825 ostendant.
1805 3771 1908 3840 72
1938 3769 2091 3836 Quod
2125 3785 2254 3825 vero

685 3880 832 3927 eum,
887 3865 979 3935 qui
1028 3863 1320 3934 perfectior
1365 3863 1456 3928 sit,
1491 3872 1546 3919 et
1596 3864 1818 3928 multos,
1867 3863 2024 3933 quasi
2074 3863 2251 3918 bonus

685 3954 920 4025 agricola
969 3962 1241 4021 exerceat,
1276 3952 1645 4024 Ecelesiaque
1689 3953 2000 4023 praesideat,
2045 3954 2251 4008 rustico

687 4045 850 4099 boum
894 4045 1066 4100 labori
1120 4046 1246 4100 item
1290 4045 1539 4100 conferre
1590 4047 1780 4103 soleat.
1822 4053 2046 4100 sanctus
2091 4045 2251 4101 nobis

685 4139 1023 4191 demonstrat
1050 4135 1364 4205 Apostolus,
1387 4137 1476 4189 ubi
1508 4137 1584 4189 ait
1609 4155 1622 4190 :
1652 4155 1669 4187 ‹
1701 4134 1955 4205 Nunquid
1980 4136 2046 4190 de
2074 4135 2251 4190 bubus

685 4243 818 4282 cura
841 4236 925 4283 est
965 4226 1116 4282 Deo?
1147 4241 1214 4280 an
1245 4236 1465 4298 propter
1504 4242 1603 4282 nos
1643 4227 1863 4281 omnino
1912 4227 2080 4282 dicit?
2110 4241 2250 4296 quo-

685 4323 830 4376 niam
862 4319 1022 4376 debet
1059 4320 1113 4375 in
1139 4337 1254 4390 spe,
1281 4321 1372 4390 qui
1412 4330 1549 4383 arat,
1579 4335 1736 4374 arare
1761 4338 1774 4372 :
1797 4326 1851 4373 et
1881 4321 1973 4388 qui
2006 4320 2247 4383 triturat,

685 4415 738 4468 in
767 4428 884 4484 spe,
905 4420 965 4466 ut
994 4413 1063 4468 sit
1091 4413 1366 4482 particeps
1387 4412 1455 4464 ⁸⁸.
1483 4432 1500 4464 ›
1531 4411 1684 4478 Quod
1703 4412 1749 4466 si
1782 4410 1906 4480 quis
1941 4410 2247 4466 istiusmodi

686 4503 872 4574 liguris
899 4501 1155 4572 loquendi
1176 4500 1498 4564 offendatur,
1535 4501 1675 4555 idem
1701 4500 1899 4570 poterit
1925 4506 1980 4554 et
2005 4515 2244 4564 muscas,

2353 3313 2556 3383 τροφῆς
2597 3312 2688 3365 τὸν
2732 3313 2941 3386 καρπὸν
2978 3314 3349 3384 ἀπηνέγκατο.
3385 3313 3567 3374 Ὅπως
3600 3308 3690 3378 μὲν
3719 3301 3793 3357 οὖν
3815 3298 3862 3351 τὰ

2350 3401 2458 3455 τῶν
2504 3403 2867 3474 ἀτελεστέρων
2917 3404 3093 3476 πλήθη
3144 3404 3436 3476 προϐάτοις
3486 3399 3665 3455 εἴωθεν
3701 3398 3728 3449 6
3757 3394 3861 3453 05M

2350 3497 2642 3568 ἀφομοιοῦν
2683 3497 2859 3566 λόγος,
2905 3498 3056 3550 οὐδὲν
3101 3499 3181 3551 δεῖ
3219 3497 3418 3566 λέγειν,
3469 3496 3642 3563 πάσης
3687 3485 3861 3560 Γραφῆς

2352 3588 2507 3642 τοῦτο
2543 3587 2915 3658 διδασκούσης.
2947 3589 3050 3641 Τὸν
3075 3589 3132 3641 δέ
3165 3607 3227 3657 γε
3264 3588 3632 3656 ἐντελέα-τερον
3666 3581 3747 3635 καὶ
3771 3576 3863 3634 τοὺς

2352 3681 2577 3744 πολλοὺς
2601 3680 2944 3751 γεωργοῦντα
2965 3681 3061 3751 τῆς
3091 3681 3416 3751 Ἐκκλησίας
3434 3677 3738 3750 ἡγούμενον,
3753 3671 3863 3724 ὅπως

2303 3843 2314 3854 ς
2351 3772 2430 3843 τῷ
2453 3774 2710 3844 γεωπόνῳ
2739 3773 2846 3827 τῶν
2879 3772 3016 3842 βοῶν
3053 3772 3419 3843 παραϐάλλει,
3457 3769 3746 3836 συνίστησιν
3766 3763 3788 3813 ὁ
3810 3759 3863 3809 ἰε-

2355 3863 2445 3933 ρὸς
2477 3863 2790 3927 ἀπόστολος,
2821 3863 3011 3932 λέγων·
3044 3882 3061 3914 ι
3091 3863 3185 3935 Μὴ
3213 3862 3320 3916 τῶν
3342 3862 3477 3933 βοῶν
3507 3854 3738 3931 μέλειτῴ
3760 3847 3864 3918 θεῷ,

2351 3954 2384 4023 ἢ
2425 3953 2490 4004 δι’
2521 3956 2664 4023 ἡμᾶς
2711 3955 2927 4017 πάντως
2962 3953 3137 4022 λέγω
3177 3955 3256 4006 δτι
3295 3952 3498 4021 ὀφείλει
3541 3949 3622 4001 ἐπ’
3667 3936 3864 3999 ἐλπίδιὸ

2352 4042 2618 4114 ἀροτριῶν
2662 4045 2939 4115 ἀροτριᾷν,
2991 4045 3084 4099 καὶ⁹
3144 4045 3172 4096 6
3229 4045 3425 4108 ἀλοῶν,
3471 4044 3555 4096 ἐπ’
3598 4036 3756 4092 ἐλπίδι
3797 4027 3864 4083 τοῦ

2355 4135 2620 4206 μετέχειν.
2661 4154 2678 4186 ι
2719 4135 2782 4188 Ei
2812 4135 2868 4188 δὲ
2903 4136 3232 4208 προσκόπτοι
3271 4153 3355 4199 τις
3392 4137 3511 4197 ταῖς
3540 4128 3752 4185 τοιαῖσδε
3776 4135 3866 4192 τρο-

2353 4225 2649 4294 πολογίαις,
2677 4226 2794 4298 ὥρα
2815 4226 3000 4280 τοῦτον
3029 4228 3162 4298 μηδὲ
3185 4226 3282 4290 τὰς
3306 4221 3699 4297 ὀνομαζομένας
3722 4215 3865 4288 μυίας.

2351 4318 2383 4387 ἦ
2420 4317 2694 4387 μελίσσας,
2737 4317 2869 4388 μηδὲ
2903 4318 2962 4371 τὸ
2991 4317 3166 4389 ξυρὸν,
3209 4319 3344 4388 μηδὲ
3376 4319 3467 4370 τὸν
3495 4315 3734 4382 πώγωνα,
3767 4301 3865 4377 μηδὲ

2347 4408 2449 4471 τὰς
2490 4408 2680 4480 τρίχας
2717 4407 2826 4461 τῶν
2876 4410 3049 4462 ποδῶν
3093 4409 3236 4464 κατά
3279 4410 3520 4464 διάνοιαν
3557 4404 3776 4474 θεωρεῖν,
3814 4395 3869 4454 είς

2351 4501 2586 4563 ἀτόπους
2608 4501 2664 4553 δὲ
2691 4501 2782 4553 καὶ
2811 4501 3143 4565 άσυστάτους
3169 4501 3456 4554 ἐκπίπτειν
3486 4492 3799 4570 μυθολογίαςο
3825 4483 3867 4535 Εἰ

683 4571 743 4642 et
764 4606 914 4661 apes,
950 4591 1018 4646 de
1067 4589 1266 4659 quibus
1316 4589 1523 4644 dictum
1567 4596 1674 4652 est,
1721 4595 1775 4643 et
1812 4587 2160 4652 novaculum,
2194 4596 2249 4642 et

2351 4590 2394 4642 δ’
2426 4592 2637 4666 ἀνάγκη
2691 4592 2861 4644 ταῦτα
2899 4592 2973 4663 μὴ
3008 4593 3179 4656 ἄλλως
3220 4593 3252 4664 ἢ
3300 4593 3446 4646 κατὰ
3490 4591 3651 4662 μόνην
3682 4578 3868 4650 θεωρίαν

682 4681 932 4745 barbam,
959 4690 1014 4736 et
1055 4681 1191 4750 pilos
1222 4681 1441 4751 pedum,
1477 4696 1584 4734 non
1621 4695 1686 4734 ex
1719 4680 2014 4741 sententia,
2048 4679 2143 4734 sed
2178 4695 2243 4736 ex

2349 4683 2618 4753 δέχεσθαι,
2653 4683 2808 4754 δῆλον
2835 4686 2914 4737 ὅτι
2936 4686 3028 4737 καὶ
3054 4685 3122 4736 τά
3150 4684 3418 4738 ἀκόλουθα
3447 4673 3826 4754 παραπλησίωςο

686 4771 892 4841 scripto
920 4772 1298 4842 contemplari,
1332 4779 1493 4841 atque
1549 4771 1622 4824 ita
1648 4771 1806 4840 plane
1834 4770 1889 4824 iu
1931 4770 2166 4825 ridicula
2199 4780 2255 4826 et
2311 4775 2547 4829 absurda
2601 4774 2905 4829 fabularum
2951 4777 3303 4830 deliramenta
3352 4776 3615 4831 recidere.
3672 4766 3723 4821 Si
3773 4769 3871 4814 νειο

687 4877 794 4916 non
816 4863 971 4917 aliter
1000 4863 1114 4918 lizec
1144 4863 1395 4932 accipere
1438 4876 1662 4916 necesse
1688 4870 1790 4924 est,
1817 4875 1981 4928 quam
2016 4861 2083 4916 ad
2129 4878 2349 4918 sensum
2413 4864 2703 4936 quemdam
2757 4867 3092 4932 interiorem,
3123 4867 3290 4930 ,haud
3327 4867 3556 4922 dubium
3607 4868 3706 4924 est.
3743 4852 3872 4924 ίὶυί¹¹⁶

681 4955 844 5011 etiam
867 4970 930 5010 ea
958 4971 1079 5025 qua:
1105 4962 1427 5025 sequuntur,
1456 4953 1618 5007 simili
1655 4953 1883 5006 ratione.

751 5044 864 5102 XL.
896 5065 912 5096 ι
950 5046 1007 5100 ln
1036 5045 1121 5100 die
1145 5046 1235 5099 illa
1271 5045 1684 5114 exstinguentur
1717 5054 1948 5109 montes,
1977 5052 2029 5098 et
2057 5045 2245 5108 colles,

682 5145 736 5190 et
775 5137 945 5200 silva,
971 5147 1022 5192 et
1043 5136 1383 5191 devorabunt
1413 5134 1482 5188 ab
1507 5133 1689 5187 anima
1713 5149 1886 5202 usque
1916 5134 1983 5187 ad
2012 5149 2240 5190 carnes:

587 5235 595 5243 ‘
681 5234 736 5280 et
769 5229 871 5281 erit
911 5227 1005 5297 qui
1047 5227 1236 5298 fugiet,
1273 5235 1534 5295 tanquam
1587 5223 1800 5294 fugiens
1843 5238 1872 5278 a
1907 5223 2122 5278 flamma
2157 5239 2244 5278 ar—

683 5317 842 5372 dente
874 5334 888 5370 :
915 5329 969 5374 et
1016 5320 1108 5390 qui
1144 5318 1317 5373 relicti
1355 5316 1557 5372 fuerint
1583 5331 1648 5371 ex
1683 5316 1813 5382 illis,
1860 5325 2023 5372 erunt
2054 5334 2246 5372 nume-

687 5421 814 5462 rus:
847 5414 901 5461 et
949 5422 1083 5476 puer
1127 5407 1384 5478 parvulus
1427 5406 1629 5462 scribet
1671 5421 1787 5471 eos,
1829 5414 1884 5459 et
1923 5405 2028 5460 erit
2067 5407 2123 5460 in
2157 5407 2245 5462 die

683 5497 811 5550 illa:
847 5514 955 5552 non
1007 5499 1145 5553 ultra
1198 5497 1415 5567 adjiciet
1453 5497 1598 5568 quod
1642 5498 1910 5567 reliquum
1959 5495 2124 5551 fuerit
2174 5513 2239 5551 ex

683 5586 866 5651 Israel,
896 5596 946 5643 et
995 5589 1081 5658 qui
1108 5593 1414 5643 conservati
1447 5606 1513 5643 ex
1545 5588 1734 5649 Jacob,
1761 5604 1870 5642 non
1898 5588 2038 5640 ultra
2069 5588 2239 5642 confi-

785 5763 830 5795 “
864 5761 964 5819 lsa.
999 5777 1094 5825 vn,
1118 5759 1306 5816 ιιι-εξ.

2425 5042 2515 5095 Μ’.
2562 5061 2580 5092 ι
2625 5043 2704 5113 Τῇ
2750 5041 2933 5114 ἡμέρᾳ
2961 5045 3143 5116 ἐκείνῃ
3171 5043 3636 5113 άποσϐεσθήσεται
3675 5037 3739 5090 τὰ
3767 5037 3871 5106 ὅρη,

2353 5134 2444 5186 καὶ
2478 5134 2526 5187 οἱ
2561 5134 2758 5204 βουνοί,
2802 5135 2899 5188 καὶ
2935 5137 2984 5188 οἱ
3021 5135 3234 5207 δρυμοὶ,
3275 5135 3369 5189 καὶ
3408 5133 3765 5203 καταφάγεταί
3791 5122 3872 5178 ἀπὸ

2350 5223 2528 5294 ψυχῆς
2553 5225 2656 5288 ἕως
2685 5226 2920 5296 σαρκῶν·
2946 5227 3038 5279 καὶ
3063 5225 3212 5279 ἔσται
3240 5228 3268 5279 6
3290 5226 3528 5294 φεύγων,
3556 5226 3630 5284 ὡς
3652 5224 3678 5275 6
3696 5218 3870 5289 φεύγων

2351 5313 2458 5365 ἀπὸ
2479 5313 2674 5382 φλογὸς
2699 5316 3009 5385 καιομένης·
3036 5316 3126 5368 καὶ
3148 5317 3196 5367 οἱ
3225 5315 3672 5385 καταλειφθέντες
3697 5308 3779 5363 ἀπ’
3801 5304 3871 5357 αὐτ

2351 5403 2456 5458 τῶν
2489 5405 2697 5459 ἔσονται
2727 5408 2974 5477 ἀριθμὸς,
3010 5409 3104 5461 καὶ
3137 5407 3343 5461 ⁴παιδίον
3375 5407 3569 5477 μικρὸν
3595 5402 3778 5476 γράψει
3801 5397 3870 5448 αὑ-

2349 5497 2490 5560 τούς’
2524 5501 2618 5552 καὶ
2654 5499 2806 5552 ἔσται
2832 5502 2890 5552 ἐν
2929 5503 2991 5570 τῇ
3031 5501 3214 5572 ἡμέρᾳ
3244 5499 3450 5573 ἐκείνῃ,
3485 5497 3662 5551 οὐκέτι
3692 5502 3869 5563 προστε-

2350 5593 2570 5665 θήσεται
2598 5597 2658 5651 τὺ
2687 5597 3041 5665 καταλειφθὲν
3079 5599 3170 5654 τοῦ
3217 5597 3456 5668 Ἰσραὴλ,
3502 5598 3594 5652 καὶ
3633 5597 3678 5648 0i
3715 5591 3868 5643 διασω-

1387 5762 1431 5794 δτ
1461 5761 1595 5819 ibid.
1633 5765 1715 5818 l4.
1795 5765 1836 5796 “
1866 5763 1885 5816 l
1919 5763 2045 5820 Cor.
2082 5779 2155 5834 ix,
2193 5767 2245 5835 9,
2284 5768 2372 5824 lO.
