4018 6504
118 468 192 522 Ml

995 458 1642 516 DEMONSTRATIONIS
1681 455 2132 513 EVANGELICIE
2173 457 2298 515 LIB.
2339 457 2402 514 II.

3214 470 3311 525 ΝΩ

111 586 268 645 θέντες
295 579 384 634 106
427 579 625 634 Ἰακὼϐ
658 578 835 634 οὐκέτι
872 581 1188 644 πεποιθότες
1230 578 1360 633 ὦσιν
1406 580 1499 633 ἐπὶ
1523 581 1647 643 τοὺς

1755 582 1941 635 dentes
1964 588 2125 634 erunt
2154 581 2209 635 in
2236 580 2334 645 eis,
2359 582 2451 650 qui
2477 580 2694 651 injuriis
2727 582 2874 653 ipsos
2896 584 3193 649 affecerint,
3219 587 3313 641 sed

109 676 444 745 ἀδικήσαντας
478 674 695 735 αὐτοὺς,
720 673 832 726 ἀλλ’
862 672 1071 725 ἔσονται
1102 673 1419 737 πεποιθότες
1448 674 1538 726 ἐπὶ
1558 674 1648 726 τὸν

107 767 218 821 Θεὸν
243 766 326 819 τὸν
360 766 514 833 ἅγιον
544 764 635 817 106
672 764 881 835 Ἰσραὴλ
909 767 973 835 τῇ
1005 765 1364 837 ἀληθείᾳ,κα“ι
1390 765 1648 835 ἀναστρέ·

109 860 183 929 ψει
211 857 263 910 16
288 856 647 925 καταλειφθὲν
686 855 780 908 τοῦ
834 856 1049 927 Ἰσραὴλ
1087 856 1179 909 ἐπὶ
1209 856 1341 909 Θεὸν
1379 857 1642 926 ἰσχύοντα·

111 952 185 1004 καὶ
220 949 305 1002 ὲάν
334 948 567 1017 γένηται
595 949 622 998 6
652 947 882 1018 ἀριθμὸς
913 948 1021 1000 τῶν
1055 947 1187 1000 υίῶν
1247 948 1458 1019 Ἰσραὴλ
1498 949 1573 1011 ὠς
1611 952 1644 1018 ἡ

110 1042 261 1112 ἄμμος
292 1040 385 1109 τῆς
420 1039 718 1110 θαλάσσης,
750 1040 811 1091 τὸ
839 1039 1183 1110 κατάλειμμα
1215 1040 1391 1093 αὐτῶν
1418 1040 1649 1112 σωθήσε-

112 1151 197 1187 ται.
230 1133 389 1198 Λόγον
428 1130 543 1200 γὰρ
584 1129 849 1183 συντελῶν
883 1131 975 1184 καὶ
1010 1131 1322 1202 συντέμνων
1360 1133 1417 1185 ὲν
1450 1131 1649 1185 δικαιο-

110 1223 234 1291 τύνη·
267 1222 344 1272 ὅτι
380 1218 541 1286 λόγον
582 1220 1011 1291 συντετμημένον
1047 1221 1258 1290 ποιήσει
1284 1223 1313 1273 6
1336 1220 1465 1285 Θεὸς
1496 1222 1552 1274 ὲν
1580 1223 1645 1292 τῇ

112 1310 358 1380 οίιωνμένῃ
401 1308 517 1381 ὅλῃ.
567 1328 583 1359 ι
635 1308 923 1362 Κάνταῦθα
972 1312 1236 1382 πρόσχες,
1283 1312 1364 1364 ὅτι
1415 1330 1432 1361 ι
1480 1312 1537 1363 ὲν
1578 1314 1645 1381 τῇ

117 1402 407 1472 σκυθρωπῶν
459 1401 683 1472 ἀπειλῇ,
731 1406 914 1472 φησὶν,
965 1403 1116 1457 ἔσται
1159 1406 1187 1456 6
1236 1403 1470 1473 φεύγων,
1508 1404 1582 1467 ὡς
1618 1404 1647 1455 6

117 1494 289 1562 φεύγων
316 1493 423 1546 ἀπὸ
450 1493 652 1561 φλογὸς
681 1494 996 1564 καιομένης
1024 1495 1183 1547 καὶοὶ
1204 1495 1648 1564 καταλειφθέντες

114 1589 186 1639 ἀπ’
205 1585 365 1638 αύτῶν
388 1586 626 1655 ἀριθμὸς
661 1586 832 1649 ἔσται,
867 1589 960 1640 καὶ
989 1588 1198 1641 παιδίον
1228 1589 1420 1660 μικρὸν
1450 1590 1648 1661 γράψει

116 1675 284 1739 αὐτούς’
317 1696 333 1727 ι
366 1677 431 1729 δι’
457 1670 538 1729 ὧν
571 1678 632 1729 τὸ
661 1678 882 1730 σπάνιον
911 1677 1017 1730 τῶν
1048 1679 1389 1750 φευξομένων
1418 1680 1507 1732 τὸν
1530 1679 1649 1733 ὁλε-

114 1770 212 1840 θρον
248 1772 304 1822 ὲιι
346 1771 654 1840 περιτομῆς
692 1770 855 1833 λαοῦ,
901 1772 994 1823 καὶ
1032 1771 1120 1823 τὸν
1153 1772 1252 1841 τῆς
1298 1772 1649 1845 Ἰερουσαλὴμ

115 1864 392 1935 ἐμπρησμὸν
428 1864 785 1935 παρίστησιν.
838 1884 855 1915 ι
890 1866 949 1917 Ol
981 1865 1037 1917 δὲ
1069 1865 1516 1936 καταλειφθέντες
1556 1862 1645 1920 06-

1751 681 1914 726 erunt
1940 670 2273 727 confidentes
2304 672 2359 725 in
2396 670 2504 726 Deo
2532 681 2723 727 sancto
2750 673 2912 729 Israel
2943 676 2998 729 in
3048 676 3274 730 veritate
3298 695 3312 708 ·

1754 771 1807 816 ct
1836 771 2186 818 convertetur
2215 763 2360 831 quod
2397 764 2665 833 reliquum
2717 764 2878 820 fuerit
2923 782 2988 822 ex
3026 768 3213 832 Israel,
3248 766 3315 821 ad

1753 851 1921 907 Deum
1955 851 2148 908 fortem
2186 860 2281 907 :et
2316 853 2362 906 si
2400 852 2561 908 fuerit
2591 870 2851 909 numerus
2888 856 3121 910 filiorum
3150 856 3314 913 Israel

1752 942 1897 997 sicut
1921 957 2085 997 arena
2116 943 2304 1008 maris,
2331 943 2573 1013 reliquiae
2601 959 2788 999 eorum
2823 946 2983 1001 salvae
3019 947 3166 1001 ﬁent.
3192 946 3317 1001 Ver-

1754 1032 1881 1086 bum
1906 1033 2050 1087 enim
2081 1032 2174 1102 qui
2204 1032 2439 1103 perficit,
2469 1041 2524 1088 et
2556 1034 2649 1104 qui
2672 1036 2946 1090 contrahit
2975 1038 3029 1090 in
3062 1036 3274 1106 justitia
3299 1054 3315 1102 ;

1754 1123 2010 1192 quoniam
2044 1124 2272 1180 verbum
2312 1126 2644 1181 contractius
2692 1126 2854 1182 faciet
2898 1128 3041 1183 Deus
3087 1130 3143 1183 in
3186 1129 3319 1207 orbe

1756 1222 1915 1270 terrae
1944 1216 2204 1272 universo
2224 1216 2291 1271 “.
2334 1236 2353 1269 ι
2386 1216 2485 1272 Hic
2527 1234 2744 1288 quoque
2782 1223 3018 1283 attende,
3061 1222 3190 1275 dum
3220 1224 3319 1276 tri—

1755 1306 1859 1361 stia
1872 1308 2172 1371 minitatur,
2193 1309 2647 1378 quemadmodum
2669 1328 2688 1361 ι
2710 1312 2833 1376 erit,
2858 1331 2879 1363 ι
2903 1312 3095 1382 inquit,
3118 1314 3209 1382 qui
3232 1314 3318 1366 fu-

1753 1399 1864 1466 giet
1895 1407 2149 1470 tanquam
2184 1400 2396 1471 fugiens
2418 1415 2451 1454 a
2483 1400 2696 1455 flamma
2728 1402 2953 1458 ardente
2984 1420 2998 1457 :
3028 1412 3083 1457 et
3115 1405 3208 1473 qui
3233 1414 3323 1460 re-’

1754 1492 1887 1561 liqui
1915 1491 2117 1547 fuerint
2152 1508 2217 1547 ex
2248 1494 2377 1559 illis,
2410 1507 2673 1549 numerus
2710 1502 2870 1549 erunt
2898 1513 2911 1548 :
2941 1502 2993 1548 et
3038 1510 3172 1564 puer
3194 1510 3321 1565 par-

1753 1584 1913 1639 vulus
1945 1583 2146 1639 scribet
2167 1598 2282 1649 eos,
2322 1603 2341 1636 »
2369 1585 2567 1654 quibus
2600 1599 2731 1639 sane
2767 1585 2967 1647 verbis,
2991 1586 3317 1655 paucitatem

1752 1690 1967 1741 eorum,
1992 1676 2173 1746 quiex
2204 1678 2405 1747 populo
2423 1677 2870 1734 Circumcisionis
2898 1679 3175 1733 interitum
3207 1679 3321 1735 sint

1751 1767 1996 1831 evasuri,
2024 1783 2131 1821 una
2167 1783 2290 1822 cum
2322 1769 2475 1824 urbis
2518 1766 2859 1825 Hierusalem
2906 1770 3179 1836 inccndio,
3220 1787 3322 1827 no-

1754 1859 1839 1914 bis
1861 1859 2116 1915 ostendit.
2151 1879 2170 1912 ‹
2217 1859 2281 1913 Hi
2308 1876 2458 1924 vero,
2507 1861 2704 1931 inquit,
2751 1862 2843 1931 qui
2873 1862 3065 1931 reliqui
3094 1861 3317 1927 fuerint,

114 1973 193 2019 10t,
229 1956 392 2024 φησὶν,
434 1955 675 2025 ἀριθμὸς
710 1955 939 2022 ἔσονται,
978 1975 994 2006 ι
1024 1956 1168 2009 τοῦτ’
1226 1958 1372 2012 ἔστιν
1428 1958 1647 2030 ἀριθμῷ

1755 1968 2013 2008 numerus
2043 1964 2222 2018 erunt,
2255 1972 2275 2006 ι
2301 1953 2405 2007 hoc
2435 1958 2540 2017 est,
2576 1969 2684 2008 non
2714 1954 2895 2023 plures
2926 1969 3089 2024 quam
3127 1963 3186 2009 ut
3218 1972 3321 2010 nu-

115 2046 267 2117 ληπτοὶ
307 2048 655 2117 γενήσονται,
700 2047 841 2101 οὕτω
890 2048 1107 2119 βραχεῖς
1150 2050 1243 2102 καὶ
1293 2051 1646 2122 εὐαρίθμητοι

112 2139 249 2201 οντες,
291 2139 543 2192 Τοσοῦτοι
576 2139 619 2191 δ’
647 2136 759 2205 οὖν,
804 2140 879 2203 ὼς
917 2142 973 2193 ὲν
1017 2141 1296 2213 συγκρίσει
1324 2142 1417 2194 106
1450 2143 1647 2206 παντὸς

120 2229 308 2301 πλήθους
337 2230 425 2284 106
470 2230 747 2284 Ἰουδαίων
768 2231 971 2294 ἔθνους,
998 2234 1045 2284 οἱ
1081 2235 1159 2295 εἰς
1190 2233 1278 2285 τὸν
1304 2234 1529 2304 Σωτῆρα
1555 2235 1648 2287 καὶ

118 2321 277 2391 Κύριον
307 2322 458 2391 ἡμῶν
492 2323 923 2385 πεπιστευκότες
972 2324 1276 2391 γεγόνασιν,
1328 2325 1375 2377 οἳ
1414 2324 1507 2377 καὶ
1550 2341 1649 2377 κα-

120 2411 409 2482 τηξιώθησαν
455 2414 561 2483 τῆς
611 2414 703 2465 ὑπ’
738 2413 901 2466 αὑτοῦ
940 2414 979 2465 Γ
985 2415 1180 2484 ραφῆς,
1235 2415 1310 2477 ὡς
1351 2414 1504 2485 δηλοῖ
1548 2414 1649 2484 φά-

122 2518 231 2555 σκων
252 2504 278 2554 6
310 2504 480 2573 λόγος,
525 2524 545 2557 ι
591 2506 701 2559 Καὶ
729 2506 937 2559 παιδίον
960 2506 1160 2577 γράψει
1193 2508 1410 2571 αύτούς⁹
1456 2528 1475 2560 ι
1516 2527 1648 2580 προ-

118 2592 290 2659 διδάξας
334 2596 360 2647 ὅ
406 2596 456 2648 τί
506 2613 649 2650 ποτε
694 2592 762 2667 ἦν
810 2597 871 2649 τὸ
907 2597 1146 2663 παιδίον,
1198 2600 1256 2651 ἐν
1303 2594 1384 2661 οἷς
1433 2600 1643 2669 ἔλεγεν*

125 2704 140 2736 ι
180 2687 283 2739 Ἰδοὺ
308 2689 337 2757 η
363 2687 644 2759 Παρθένος
668 2689 725 2741 ἐν
750 2692 944 2760 γαστρὶ
980 2689 1108 2755 ἔξει,
1148 2692 1242 2743 καὶ
1282 2690 1489 2758 τέξεται
1514 2693 1643 2746 υἱόν·

122 2777 192 2827 καὶ
226 2778 335 2846 πρὶν
373 2778 405 2848 ἢ
445 2778 661 2846 γνῶναι
704 2779 763 2832 τὸ
794 2780 1002 2833 παιδίον
1028 2781 1210 2834 καλεῖν
1238 2782 1444 2853 πατέρα
1483 2783 1513 2853 ἢ
1545 2802 1649 2855 μη-

124 2867 235 2937 τέρα·
268 2889 284 2920 ι
317 2871 403 2923 καὶ
433 2871 743 2942 ἐπειδήπερ
785 2872 1038 2936 ἐνταῦθα,
1086 2892 1104 2923 ι
1146 2874 1381 2937 Παιδίον,
1435 2893 1451 2925 ι
1493 2876 1645 2946 φησὶ,

127 2973 142 3003 ι
167 2957 330 3040 γράφει
351 2960 573 3024 αὐτοὺς,
617 2980 635 3011 ι
664 2960 887 3024 εἰκότως
915 2963 972 3013 ὲν
1006 2965 1117 3026 τοῖς
1142 2963 1374 3035 πρόσθεν
1408 2964 1642 3033 ὲλέγετο’

130 3046 252 3097 tKa‘t
270 3046 406 3100 ἔσται
439 3050 499 3102 τὸ
535 3050 865 3118 ὑπολειφθὲν
902 3053 957 3103 ἐν
996 3051 1152 3116 Σιὼν,
1194 3054 1371 3107 καὶτὸ
1400 3056 1649 3109 καταλει-

128 3136 223 3204 φθὲν
258 3140 306 3191 ὲν
358 3140 739 3213 Ἰερουσαλὴμ,
782 3142 925 3211 ἆγιοι
968 3145 1323 3216 κληθήσονται
1358 3148 1554 3212 πάντες
1598 3150 1647 3201 οί

130 3230 369 3297 γραφέντες
392 3235 470 3296 εἰς
500 3232 674 3304 ζωήν.
726 3252 745 3285 ι
792 3236 1001 3307 Ὥσπερ
1047 3236 1177 3303 γοῦν
1220 3240 1276 3289 ἐν
1318 3239 1543 3303 ἐκείνοις
1589 3240 1649 3292 τὸ

131 3322 423 3392 καταλειφθὲν
457 3326 770 3396 ὠνόμαστο,
824 3330 871 3379 οί
908 3328 951 3380 δ’
987 3330 1141 3383 αὐτοὶ
1173 3331 1473 3402 γραφέντες
1513 3330 1652 3403 ἦσαν

132 3414 187 3478 εἰς
212 3416 349 3488 ζωήνο
375 3420 547 3484 οὕτως
589 3422 681 3473 καὶ
710 3423 962 3483 ἐνταῦθα,
994 3426 1043 3476 οἱ
1085 3425 1533 3494 καταλειφθέντες
1558 3430 1651 3481 ἀπ’

131 3509 265 3563 αὐτῶν
296 3532 311 3563 ι
346 3514 583 3585 ἀριθμὸς
602 3514 834 3578 ἔσονται,
869 3517 962 3569 καὶ
987 3518 1190 3571 παιδίον
1213 3519 1411 3591 γράψει
1436 3520 1648 3583 αὐτούς.

133 3599 261 3655 T0610
286 3603 335 3656 δὲ
374 3605 740 3675 καταλειφθὲν
766 3608 831 3659 ἐκ
863 3604 956 3658 τοῦ
996 3607 1231 3679 Ἰσραὴλ,
1270 3610 1360 3662 ita).
1386 3610 1432 3661 οί
1460 3609 1653 3662 διασωο

134 3691 270 3758 θέντες
303 3699 401 3750 ἀπὸ
434 3699 527 3752 106
586 3698 777 3753 Ἰακὼὸ
824 3718 841 3749 ι
879 3700 1080 3764 οὐκέτι,
1116 3721 1134 3753 ι
1177 3702 1359 3771 φησὶν,
1394 3721 1411 3753 ι
1442 3702 1652 3755 έσονται

136 3784 200 3835 ἰπὶ
222 3788 325 3851 τοὺς
346 3790 713 3861 ἀδικήσαντας
742 3791 957 3855 αὐτοὺς,
1002 3791 1114 3844 ἀλλ’
1151 3792 1359 3845 ἔσονται
1402 3794 1653 3847 πεποιθό-

136 3892 198 3937 τες
216 3880 290 3931 ἐπὶ
308 3881 389 3933 τὸν
413 3882 545 3936 Θεὸν
574 3882 665 3935 τὸν
689 3882 840 3949 ἅγιον
868 3883 965 3935 τοῦ
1012 3883 1244 3954 Ἰσραήλ.
1281 3902 1299 3932 ›
1328 3884 1435 3936 Καὶ⁵
1468 3885 1567 3955 δρα
1590 3901 1651 3952 γε

136 3970 250 4040 εἰμὴ
268 3972 419 4046 ταύτῃ
457 3991 520 4041 γε
560 3976 628 4043 τῇ
679 3973 999 4045 πεποιθήσει
1053 3975 1102 4026 οἱ
1146 3976 1208 4027 ὲκ
1248 3974 1340 4027 τοῦ
1389 3976 1652 4031 Ἰουδαίων

140 4060 277 4125 ἔθνους
318 4066 689 4135 προελθόντες,
736 4065 788 4117 οῖ
828 4082 887 4118 τε
929 4067 993 4117 ὲκ
1030 4066 1127 4136 τῆς
1170 4066 1538 4131 ἀποπτώσεως
1558 4068 1651 4121 106

147 4150 311 4223 Ἰσραὴλ
338 4156 775 4227 περιλειφθέντες
821 4157 1059 4227 μαθηταὶ
1104 4159 1195 4210 καὶ
1233 4158 1516 4211 ἀπόστολοι
1560 4159 1652 4212 106

141 4241 334 4315 Σωτῆρος
350 4249 520 4318 ἡμῶν,
551 4249 756 4320 μηδένα
782 4248 938 4317 λόγον
966 4251 1320 4320 ποιησάμενοι
1336 4251 1443 4304 τῶν
1460 4252 1654 4323 ἀρχόν.

141 4348 218 4385 των
245 4338 323 4391 τοῦ
357 4341 547 4405 αἰῶνος
574 4340 848 4411 τούτουκῆ
872 4341 978 4394 τῶν
1010 4342 1284 4412 ἀρχόντων
1324 4340 1418 4395 106
1467 4345 1529 4394 ὲκ
1568 4360 1656 4395 πε-

1680 3300 1722 3357 C

144 4431 313 4500 ριτομῆς
343 4433 464 4486 λαοῦ
486 4432 603 4487 τῶν
634 4433 798 4487 πάλαι
825 4432 1149 4485 ἀδικούντων
1183 4434 1397 4495 αὐτοὺς,
1434 4431 1654 4501 ἐξῆλθον

144 4518 199 4578 εἰς
225 4521 370 4574 πάντα
408 4522 473 4576 τά
523 4522 656 4594 ἔθνη
704 4522 1059 4593 κηρύττοντες
1082 4522 1172 4574 τὸν
1214 4522 1444 4593 Χριστὸν
1476 4522 1651 4589 λόγον,

147 4611 401 4682 πεποιθήσει
439 4632 498 4667 τε
550 4617 617 4684 τῇ
657 4614 792 4685 πρὸς
833 4612 923 4666 τὸν
960 4613 1097 4667 Θεὸν
1120 4612 1369 4683 (ἐπείπερ
1392 4611 1532 4664 κατὰ
1555 4612 1652 4681 τὴν
1684 4639 1728 4691 D

148 4704 415 4770 προφητείαν
444 4703 765 4766 πεποιθότες
786 4699 925 4773 ἦσαν
951 4704 1043 4756 ὲπ¹ι
1065 4703 1153 4755 τὸν
1187 4702 1317 4755 Θεὸν
1364 4703 1515 4771 ἆγιον
1557 4700 1651 4755 106

159 4789 321 4863 Ἰσραὴλ
336 4797 386 4847 ὲν
418 4796 665 4867 ἀληθείᾳ·
695 4797 755 4848 ού
787 4794 896 4866 γὰρ
920 4795 1186 4859 ὑπούλως,
1223 4794 1343 4848 οὐδὲ
1371 4794 1488 4864 μεθ’
1521 4796 1653 4847 ὑπο-

148 4882 346 4950 κρίσεως,
370 4890 461 4941 σὺν
505 4888 733 4960 ἀληθείᾳ.
777 4887 833 4940 δὲ
872 4887 1024 4951 ὅλους
1068 4888 1289 4950 ἑαυτοὺς
1329 4886 1655 4941 ὲπιδέδονται

152 4973 316 5044 ἑλπίδι),
339 4981 393 5033 ού
421 4982 580 5051 μόνον
600 4979 867 5051 προῆλθον
906 4980 1005 5049 τῆς
1030 4978 1238 5033 ἑαυτῶν
1280 4978 1481 5049 χώρας,
1523 4979 1657 5033 ἀλλά

153 5064 451 5136 κατώρθωσαν
470 5074 531 5125 τὸ
557 5071 1024 5142 προστεθειμένον.
1060 5070 1227 5123 Τοῦτο
1252 5069 1308 5123 δὲ
1330 5069 1461 5123 αὐτὸ
1498 5070 1656 5123 πάλιν

152 5153 544 5231 τὸκαταλειφθὲν,
580 5163 741 5216 οἱονεὶ
782 5162 842 5215 τὸ
881 5162 1099 5232 σπέρμα
1147 5162 1248 5231 τῆς
1294 5160 1660 5225 ἀποπτῶσεως

154 5247 219 5299 τοῦ
246 5253 410 5309 Ἰακὼὸ
444 5260 654 5326 γέγονε,
696 5255 951 5319 πεποιθὸς
993 5257 1085 5308 ἐπὶ
1113 5255 1243 5309 Θεὸν
1272 5254 1538 5325 ἰσχύοντα·
1568 5256 1661 5306 καὶ

156 5340 316 5419 αὑτὸῆ
335 5352 482 5404 τοῦτο
514 5353 574 5405 τὸ
608 5352 953 5421 κατάλειμμα
990 5351 1082 5403 τοῦ
1130 5350 1329 5414 παντὸς
1359 5348 1543 5412 ἔθνους
1566 5350 1661 5401 αύα-

158 5432 250 5498 τῶν,
270 5445 533 5513 γενομένου
561 5445 635 5507 ὡς
666 5446 698 5515 ἡ
735 5445 915 5514 ἄμμος
956 5443 1057 5513 τῆς
1108 5441 1403 5513 θαλάσσης,
1442 5440 1555 5493 ἀλλ’
1597 5442 1658 5493 ού

161 5526 262 5579 κατὰ
283 5530 341 5583 τὰ
361 5533 525 5605 ἀο-ιρα
548 5536 640 5588 τοῦ
661 5535 909 5605 ούρανοῦ,
931 5536 1029 5606 τῆς
1051 5534 1200 5606 παρὰ
1219 5534 1297 5605 τῷ
1326 5533 1445 5604 9εῷ
1484 5549 1662 5603 σωτη·ο

165 5614 249 5678 βίας
290 5620 501 5697 ἠξιώθη,
534 5625 816 5698 ὡσπεροῦν
852 5625 1229 5697 ἐμαρτύρησεν
1258 5627 1286 5677 6
1319 5623 1657 5684 Ἀπόστολος,

165 5706 303 5759 εἰκών·
337 5731 352 5762 ι
391 5715 605 5780 Ἡσαΐας
625 5718 681 5773 δὲ
720 5714 911 5787 κράξει
950 5718 1089 5789 ὑπὲρ
1129 5715 1222 5769 106
1278 5716 1514 5789 Ἰσραὴλ,
1566 5713 1662 5768 ἐὰν

1754 2060 1905 2100 mero
1965 2046 2352 2115 comprehendi
2405 2048 2650 2115 possint:
2692 2053 2877 2116 utpote
2920 2048 3012 2118 qui
3054 2057 3106 2103 et
3137 2052 3317 2118 pauci.

1752 2143 1806 2190 et
1828 2135 1985 2190 facile
2016 2137 2382 2191 numerabiles
2408 2136 2575 2190 futuri
2608 2137 2716 2192 sint
2746 2154 2758 2188 :
2784 2153 2891 2191 non
2925 2139 3110 2208 plures
3157 2140 3322 2211 igitur

1752 2229 2101 2291 exstiterunt,
2128 2229 2392 2283 duntaxat
2422 2232 2690 2285 universas
2731 2229 3040 2285 Judmorum
3076 2234 3320 2288 multitu-

1753 2320 1867 2381 dini
1902 2321 2223 2388 comparati,
2255 2320 2349 2388 qui
2381 2321 2434 2373 in
2460 2318 2797 2374 Salvatorem
2826 2330 2880 2374 et
2907 2320 3192 2375 Dominum
3221 2337 3321 2378 no-

1754 2416 1929 2467 strum
1974 2412 2339 2475 crediderunt,
2376 2413 2467 2481 qui
2504 2413 2721 2482 quidem
2764 2413 2927 2466 etiam
2976 2414 3120 2483 digni
3149 2415 3319 2471 habiti

1756 2503 1888 2567 sint,
1932 2503 2026 2573 qui
2069 2503 2138 2557 ab
2177 2518 2242 2558 eo
2282 2502 2613 2574 scripturam
2660 2506 2971 2576 acciperent
3009 2524 3023 2557 :
3058 2509 3321 2576 quemad-

1754 2595 1975 2649 modum
2030 2596 2197 2651 verba
2256 2596 2347 2650 illa
2408 2597 2814 2663 demonstrant,
2870 2615 2890 2650 ι
2947 2607 3001 2653 ει
3058 2602 3320 2669 puerulus

1755 2687 1959 2742 scribet
2007 2703 2161 2743 eos:
2213 2706 2235 2741 ι
2292 2688 2557 2757 siquidem
2626 2691 2779 2759 prius
2843 2699 3125 2747 ostensum
3201 2702 3331 2755 εει..

1753 2782 2004 2849 quisnam
2062 2779 2150 2833 hic
2196 2788 2343 2835 esset
2395 2781 2692 2848 puerulus,
2767 2783 2854 2838 ubi
2921 2784 3127 2838 dictum
3173 2792 3257 2840 est
3302 2800 3328 2841 ξ

1755 2871 1859 2942 73
1924 2871 2063 2926 Ecce
2112 2872 2265 2943 virgo
2312 2872 2365 2926 in
2419 2880 2574 2927 utero
2623 2874 2875 2940 habebit,
2924 2882 2980 2930 et
3038 2877 3212 2945 pariet
3262 2876 3333 2930 fi-~

1756 2964 1886 3016 lium
1917 2964 1962 2995 '°
1988 2981 2006 3016 :
2051 2982 2069 3014 ι
2104 2970 2157 3018 ει
2194 2983 2212 3014 ‹
2253 2970 2543 3033 antequam
2596 2966 2735 3021 sciat
2789 2982 2922 3036 puer
2978 2983 3172 3023 vocare
3225 2983 3321 3038 pa-

1754 3064 1908 3119 trem,
1926 3064 2024 3109 aut
2046 3056 2332 3126 matrem‘"
2354 3076 2371 3109 ι
2406 3076 2423 3107 ι
2455 3066 2508 3111 ει
2534 3058 2788 3127 quoniam
2820 3059 2922 3113 hoc
2946 3060 3065 3115 loco
3085 3079 3104 3113 ι
3129 3075 3316 3130 puer”

1756 3146 1948 3216 inquit,
1988 3166 2006 3199 ι
2049 3148 2252 3202 scribet
2279 3164 2405 3213 eos,
2449 3167 2468 3199 ι
2522 3150 2717 3203 merito
2746 3150 2797 3203 in
2834 3151 3207 3220 superioribus
3236 3152 3321 3205 di-

1756 3240 1912 3294 ccbat
1941 3260 1953 3293 :
2000 3258 2019 3290 ι
2061 3238 2127 3294 Ει
2156 3241 2262 3293 erit
2290 3239 2435 3310 quod
2476 3241 2743 3311 reliquum
2787 3241 2949 3297 fuerit
2985 3243 3039 3297 in
3064 3241 3322 3299 Hierusa-

1755 3331 1881 3394 lem,
1909 3332 2081 3387 sancti
2109 3331 2450 3387 vocabnntur
2478 3348 2703 3397 omnes,
2744 3335 2837 3404 qui
2869 3334 3056 3403 scripti
3089 3343 3215 3391 sunt
3252 3334 3322 3390 ad

1754 3423 1919 3477 vitam
1941 3424 2007 3477 ".
2048 3442 2065 3475 ›
2101 3422 2241 3493 Ergo
2266 3430 2325 3476 ut
2359 3422 2470 3477 illic
2520 3425 2786 3493 reliquum
2833 3425 3170 3489 nominatum
3193 3434 3277 3481 est
3299 3465 3322 3493 ,

1756 3513 1951 3584 hicque
1985 3514 2088 3584 ipsi
2118 3522 2307 3581 erant,
2358 3534 2378 3565 ‹
2415 3516 2506 3585 qui
2545 3516 2732 3585 scripti
2760 3526 2889 3571 sunt
2938 3517 3007 3572 ad
3040 3517 3243 3571 vitam:
3294 3536 3315 3570 ι

1755 3607 1827 3659 ita
1853 3605 2013 3659 etiam
2040 3605 2148 3669 hic,
2180 3623 2197 3656 ι
2237 3604 2330 3675 qui
2360 3606 2553 3675 reliqui
2586 3606 2784 3661 fuerint
2808 3622 2875 3661 ex
2903 3606 2983 3662 eis
3003 3646 3019 3671 ,
3060 3623 3320 3663 numerus

1754 3704 1935 3762 erunt,
1965 3704 2019 3752 et
2050 3697 2310 3765 puerulus
2346 3698 2545 3752 scribet
2580 3714 2695 3754 eos.
2740 3716 2758 3750 ι
2792 3697 2904 3753 IIoc
2936 3714 3100 3770 porro
3142 3699 3323 3771 ipsum

1760 3806 1779 3838 ‹
1816 3788 1959 3857 quod
1985 3789 2232 3843 relictum
2260 3789 2422 3845 fuerit
2459 3806 2523 3845 ex
2552 3789 2754 3857 Israel,
2793 3800 2845 3845 et
2872 3791 2966 3861 qui
3009 3792 3208 3847 servati
3254 3806 3324 3846 ex

1753 3878 1943 3943 Jacob,
1974 3896 2083 3935 non
2108 3881 2270 3948 ultra,
2297 3901 2315 3934 ι
2338 3882 2530 3953 inquit,
2567 3900 2586 3931 ι
2626 3882 2681 3935 in
2710 3881 2792 3937 eis
2822 3881 2915 3951 qui
2946 3882 3093 3952 ipsos
3122 3881 3324 3952 injuria

1755 3970 2061 4038 affecerint,
2121 3972 2217 4028 scd
2274 3973 2331 4027 in
2375 3975 2484 4029 Deo
2537 3981 2728 4028 sancto
2778 3972 2941 4029 Israel
2987 3973 3323 4030 confidentes

1754 4071 1914 4118 erunt
1944 4083 1957 4117 :
2003 4083 2021 4115 ι
2058 4071 2112 4119 ει
2149 4079 2281 4119 sane
2307 4065 2420 4134 jam
2456 4073 2661 4135 specta,
2687 4074 2867 4119 utrum
2917 4066 3034 4137 ipsa
3062 4066 3163 4120 hac
3190 4082 3323 4121 con—

1756 4154 1975 4209 fidentia
2007 4154 2066 4217 ii,
2093 4155 2185 4224 qui
2218 4171 2284 4209 ex
2325 4154 2550 4210 Iudaica
2602 4164 2760 4226 gente
2803 4155 3029 4228 profecti
3062 4165 3228 4220 sunt,
3268 4163 3325 4212 et

1756 4243 1848 4313 qui
1887 4242 1954 4297 de
1981 4243 2137 4296 ruina
2169 4241 2334 4298 Israel
2357 4243 2529 4298 relicti
2560 4250 2688 4297 sunt
2717 4243 2969 4314 discipuli
2999 4252 3054 4298 et
3093 4244 3323 4313 apostoli

1758 4333 2054 4389 Salvatoris
2095 4335 2293 4399 nostri,
2324 4334 2456 4388 nihil
2499 4335 2886 4389 aestimaverint
2916 4334 3189 4403 principes
3219 4349 3323 4388 sa:-

1756 4426 1865 4481 culi
1902 4425 2085 4495 hujus,
2126 4440 2223 4479 seu
2270 4424 2540 4495 principes
2563 4422 2795 4489 Iudaici,
2829 4426 2919 4496 qui
2946 4426 3074 4480 olim
3122 4425 3322 4494 injuria

1756 4532 1851 4572 eos
1880 4516 2202 4580 aﬂiciebant,
2244 4522 2297 4571 et
2327 4515 2407 4569 sic
2456 4514 2509 4568 in
2546 4530 2734 4571 omnes
2785 4524 2971 4586 gentes
3004 4526 3323 4585 penetrave-

1758 4611 1887 4673 rint,
1919 4606 2195 4661 Christum
2223 4606 2445 4662 verbum
2481 4606 2857 4679 predicantes,
2899 4622 2968 4660 an
3014 4619 3141 4661 vero
3187 4605 3326 4661 nihil

1760 4701 1955 4755 horum
2000 4699 2117 4755 ausi
2160 4700 2290 4764 sint,
2323 4708 2484 4769 atque
2533 4707 2712 4755 utrum
2758 4699 2943 4754 eadem
2991 4712 3118 4769 erga
3154 4696 3323 4753 Deum

1758 4793 2085 4848 confidentia
2118 4794 2286 4865 (nam.
2319 4800 2379 4847 ut
2406 4793 2690 4865 prophetia
2721 4791 2901 4855 habet,
2932 4808 2952 4843 ι
2990 4789 3327 4845 confidentes

1758 4893 1913 4941 erant
1945 4886 1999 4940 in
2030 4885 2142 4941 Deo
2186 4893 2375 4942 sancto
2409 4886 2572 4941 Israel
2606 4886 2661 4938 in
2693 4884 2939 4939 veritate.
2975 4901 2994 4935 ι
3030 4880 3149 4937 Non
3177 4882 3319 4936 enim

1760 4978 1987 5033 subdole
2023 4988 2116 5033 aut
2144 4979 2432 5045 simulate,
2479 4978 2571 5033 sed
2605 4992 2731 5033 vere
2765 4984 2907 5032 totos
2959 4975 3167 5046 seipsos
3208 4973 3324 5043 spei

1759 5069 2111 5139 dediderant)
2168 5085 2277 5125 non
2323 5071 2495 5126 solum
2554 5069 2621 5123 de
2674 5083 2771 5123 sua
2823 5067 3042 5138 regione
3095 5061 3323 5134 profecti

1761 5162 1885 5226 sint,
1924 5177 2109 5216 verum
2151 5161 2201 5215 id
2238 5162 2383 5232 quod
2413 5161 2547 5232 ipsis
2598 5161 2932 5230 propositum
2968 5156 3182 5221 fuerat,
3229 5153 3328 5208 ab.

1760 5254 1903 5308 unde
1932 5253 2277 5323 perfecerint,
2307 5270 2373 5308 an
2399 5269 2529 5308 non.
2563 5252 2763 5321 Nempe
2785 5252 2889 5306 hoc
2920 5250 3096 5319 ipsum
3130 5261 3324 5301 rursus

1760 5344 1812 5399 id
1847 5344 2015 5399 fuisse
2056 5345 2322 5409 invenies,
2352 5344 2497 5416 quod
2545 5344 2793 5398 relictum
2826 5349 2910 5397 est
2936 5339 3093 5411 quasi
3138 5352 3326 5393 semen

1760 5437 1934 5492 ruinae
1958 5434 2126 5491 Jacob
2153 5475 2169 5500 ,
2228 5437 2284 5490 in
2317 5436 2426 5490 Deo
2462 5433 2586 5489 forti
2628 5432 2944 5489 conlidens:
3006 5439 3167 5502 atque
3196 5430 3323 5485 item

1758 5528 1863 5583 hoc
1914 5527 2089 5600 ipsum
2138 5527 2406 5583 universa:
2452 5527 2572 5594 ejus
2621 5523 2798 5593 gentis
2841 5522 3117 5580 residuum
3175 5523 3328 5591 (qua

1762 5620 1977 5692 quidem
2009 5636 2141 5691 gens
2170 5638 2187 5671 ι
2210 5618 2371 5675 fuerit
2389 5616 2542 5689 quasi
2563 5631 2727 5672 arena
2752 5616 2942 5682 maris,
2982 5634 3000 5669 ι
3034 5630 3144 5670 non
3169 5610 3326 5682 quasi

1764 5714 1931 5771 stellae
1962 5714 2107 5785 coeli)
2134 5714 2356 5785 dignum
2404 5710 2648 5769 habitum
2675 5724 2817 5778 esse,
2843 5709 2932 5765 cui
2980 5709 3127 5764 salus
3155 5720 3186 5761 ι
3220 5702 3333 5757 Deo

216 5884 357 5945 “Ita.
394 5908 442 5958 ι,
476 5896 651 5951 Πιῖὖ.
734 5897 779 5927 ³⁸
809 5894 909 5951 lsa.
947 5911 1040 5960 vu,
1077 5896 1157 5953 I4.
1238 5894 1279 5926 "
1316 5892 1417 5948 lsa.
1459 5909 1575 5958 νιιι,
1612 5892 1643 5945 ι

1755 5892 1786 5924 ι’
1828 5889 1930 5946 lsa.
1964 5906 2037 5954 Iv,
2063 5890 2115 5945 3.
