4018 6566
647 473 751 530 145

1280 469 1544 526 EUSEBH
1576 445 2056 524 CESAl’llENSlS
2093 466 2242 522 OPP.
2285 465 2466 520 PARS
2501 465 2566 520 ll.
2604 495 2672 506 —
2713 464 3214 520 APOLOGETICA.

3797 466 3886 522 ιιι

639 588 1067 653 condonaretur,
1119 587 1259 643 sicut
1299 587 1528 642 afﬁrmat
1565 573 1905 658 'Apostolus,
1957 586 2047 640 ubi
2088 585 2164 638 ait
2197 606 2208 640 :

2315 579 2400 657 ᾖὸ
2425 581 2654 654 ἀριθμὸς
2689 581 2799 634 τῶν
2849 580 2978 634 υἱῶν
3037 578 3252 651 Ἰσραὴλ
3283 578 3360 642 ὡς
3391 579 3425 650 ὴ
3456 579 3640 648 ἄμμος
3675 575 3778 647 τῆς
3807 575 3888 632 θα-

647 699 666 731 ι
706 677 876 734 Isaias
909 689 1090 734 autem
1119 679 1316 733 clamat
1341 695 1437 748 pro
1471 677 1657 742 Israel,
1683 677 1727 734 si
1761 677 1925 732 fuerit
1954 691 2216 732 numerus

638 767 874 824 ﬁliorum
897 769 1059 824 Israel
1091 769 1228 824 sicut
1255 784 1418 823 arena
1448 769 1634 829 maris.
1658 769 1898 838 reliquias
1915 768 2076 822 salvae
2093 767 2218 822 ﬁent

640 859 706 914 ⁸⁸.
753 879 771 912 ι
809 859 942 914 Nam
971 875 1094 914 cum
1131 860 1240 914 duo
1269 860 1378 915 sint
1423 875 1544 929 quae
1566 859 1799 914 Abrahae
1825 857 1967 914 Deus
1991 874 2216 930 respon-

640 951 776 1007 dens
801 951 1048 1021 promisit
1067 950 1135 1006 de
1173 951 1259 1015 iis,
1282 952 1375 1021 qui
1410 951 1478 1004 ab
1500 951 1592 1004 illo
1625 950 1818 1004 orituri
1848 957 2024 1009 erant,
2047 964 2214 1004 unum

638 1045 857 1114 quidem
880 1043 1024 1114 quod
1047 1042 1214 1098 futuri
1243 1053 1427 1099 essent
1451 1043 1593 1098 sicut
1619 1043 1785 1097 stellie
1813 1043 1960 1106 coeli,
1988 1043 2213 1098 alterum

639 1149 770 1192 vero
797 1135 942 1204 quod
978 1141 1238 1204 tanquam
1265 1148 1428 1188 arena
1459 1133 1626 1186 maris
1647 1173 1660 1196 ,
1703 1132 1793 1186 Dei
1830 1131 2048 1202 quidem
2081 1132 2218 1186 ami-

640 1227 712 1290 ci,
747 1207 936 1296 quales
963 1226 1182 1282 fuerunt
1217 1226 1290 1280 illi
1319 1234 1550 1288 veteres,
1585 1235 1634 1280 et
1686 1226 1984 1294 prophetat,
2009 1234 2064 1280 et
2095 1223 2214 1280 Sal-

639 1317 843 1372 vatoris
873 1316 1046 1372 nostri
1075 1316 1302 1388 apostoli
1332 1357 1348 1380 ,
1400 1315 1600 1385 quibus
1643 1316 1758 1384 ipse
1793 1316 1924 1370 illud
1971 1317 2216 1372 testimo-

637 1407 790 1462 nium
820 1408 1084 1474 exhibuit,
1125 1425 1144 1459 ι
1183 1422 1278 1462 vos
1307 1407 1442 1462 estis
1495 1406 1588 1460 lux
1615 1407 1800 1462 mundi
1841 1405 1908 1472 ",
1943 1426 1960 1459 ι
1997 1407 2216 1460 lumini-

637 1501 742 1556 bus
771 1501 1092 1556 cmlestibus
1126 1501 1242 1570 ipso
1283 1499 1572 1570 splendore
1623 1507 2052 1569 comparantur:
2087 1499 2214 1554 reli-

636 1596 728 1665 qui
759 1609 910 1660 vero,
937 1594 1138 1648 terreni
1187 1593 1436 1658 scilicet,
1487 1602 1652 1664 atque
1705 1594 1759 1646 in
1817 1591 2040 1646 humum
2091 1606 2216 1661 spe-

637 1693 870 1750 ctantes,
901 1701 1080 1740 arena:
1131 1684 1338 1739 similes
1385 1685 1673 1740 habentur.
1739 1682 1977 1738 Proinde
2021 1684 2214 1739 merito

641 1779 732 1834 ubi
757 1786 868 1832 tota
896 1776 1186 1831 multitudo
1220 1775 1452 1830 ﬁliorum
1490 1775 1689 1837 Israel,
1727 1789 1848 1845 quae
1877 1787 1908 1828 a
1953 1773 2216 1847 dignitate

639 1885 738 1926 sua
770 1869 878 1941 ’14
907 1878 962 1924 et
1011 1883 1041 1922 a
1077 1867 1294 1922 virtutis
1345 1867 1750 1938 magniﬁcentia
1805 1879 1999 1922 casura
2055 1873 2210 1929 erat,

2319 678 2544 748 λάσσης,
2595 676 2656 730 τὸ
2709 675 3056 746 κατάλειμμα
3105 675 3427 746 σωθήσεται.
3481 692 3500 724 ι
3530 672 3637 727 Δύο
3685 673 3796 743 γάρ
3819 690 3888 728 τοι

2267 755 2270 761 ’
2317 768 2657 837 ἐπαγγελιῶν
2694 767 2783 822 διὰ
2827 766 2920 820 τοῦ
2946 764 3195 838 χρησμοῦ
3223 764 3298 836 τῷ
3331 763 3582 835 Ἀϐραὰμ
3603 762 3888 836 δεδομένων

2318 861 2446 932 περὶ
2467 860 2576 914 τῶν
2603 859 2660 925 ἐξ
2681 859 2844 912 αὑτοῦ
2869 858 3265 930 γενησομένων,
3285 856 3360 920 ὡς
3387 856 3493 927 ἄρα
3525 855 3742 909 ἔσονται
3763 855 3890 910 κατά

2317 953 2385 1006 τὰ
2422 952 2598 1024 ἄστρα
2627 951 2722 1005 τοῦ
2748 950 3000 1023 ούρανοῦ,
3041 950 3137 1004 καὶ
3167 949 3310 1002 κατά
3335 949 3436 1021 τὴν
3463 949 3650 1020 ἄμμον
3679 949 3780 1018 τῆς
3807 947 3890 1002 θα-

2317 1042 2543 1113 λάσσης,
2579 1042 2686 1096 τῶν
2736 1043 2832 1114 μὲν
2879 1041 3142 1111 θεοφιλῶν
3195 1041 3518 1112 λαμπόντων
3557 1040 3764 1111 ὁμοίως
3789 1043 3888 1103 τοῖς

2316 1133 2586 1204 οὐρανίοις
2622 1132 2953 1204 φωστῆρσιν,
3000 1125 3105 1185 οἷοι
3158 1127 3301 1202 ἦσαν
3335 1133 3384 1184 οἱ
3409 1131 3576 1185 πάλαι
3601 1131 3886 1202 προφῆται,

2317 1226 2412 1278 καὶ
2433 1227 2482 1278 οἱ
2515 1225 2610 1278 τοῦ
2643 1225 2897 1297 Σωτῆρος
2925 1223 3080 1296 ἡμῶν
3103 1225 3414 1287 ἀπόστολοι,
3473 1221 3555 1288 οἷς
3581 1225 3887 1296 ἐμαρτύρη-

2319 1333 2410 1370 σεν
2439 1315 2628 1370 είπὼν·
2660 1335 2678 1368 ι
2716 1317 2908 1387 Ὑμεῖς
2931 1318 3054 1368 ἐστὲ
3075 1317 3135 1369 τὸ
3159 1316 3274 1386 φῶς
3301 1316 3395 1370 τοῦ
3418 1315 3644 1388 κόσμου·
3677 1335 3696 1366 ι
3719 1313 3887 1368 τῶνδὲ

2317 1407 2562 1476 γηγενῶν
2609 1409 2703 1461 καὶ
2742 1407 3099 1478 χαμαιπετῶν
3143 1410 3312 1479 ἄμμῳ
3339 1407 3442 1477 γῆς
3477 1406 3887 1479 παραϐαλλομέ-

2317 1516 2440 1554 νων·
2477 1500 2700 1564 είκότως
2729 1501 2788 1553 ἐν
2813 1501 3022 1564 τούτοις
3043 1501 3071 1552 ὁ
3111 1501 3444 1573 προφητικὸς
3468 1500 3646 1569 λόγος,
3671 1499 3812 1552 ὲπάν
3837 1499 3890 1552 τὸ

2318 1591 2425 1644 πᾶν
2475 1592 2678 1662 πλῆθος
2725 1592 2834 1646 τῶν
2876 1593 3005 1646 υἱῶν
3073 1593 3290 1665 Ἰσραὴλ
3331 1593 3740 1664 ὲκπεσούμενον
3803 1592 3888 1662 τῆς

2313 1682 2472 1749 ἀξίας
2498 1687 2590 1738 καὶ
2615 1684 2712 1738 τοῦ
2756 1684 3131 1755 μεγαλοφυοῦς
3159 1687 3256 1756 τῆς
3287 1685 3506 1757 ἀρετῆς,
3537 1685 3658 1738 ὅλον
3687 1684 3754 1738 δι’
3777 1684 3888 1736 ὅλου

2316 1777 2648 1848 χαμαιπετὲς
2691 1777 2980 1846 γενόμενον
3023 1775 3346 1847 παραϐληθῇ
3371 1779 3442 1848 τῇ
3467 1777 3636 1848 ἄμμῳ
3671 1775 3774 1846 τῆς
3801 1775 3886 1828 Ba-

2316 1868 2539 1940 λάσσης,
2569 1868 2692 1922 τότε
2713 1867 2776 1939 δὴ
2805 1867 2867 1921 τὸ
2899 1867 3246 1938 κατάλειμμα
3271 1866 3450 1920 αὐτῶν
3483 1870 3644 1938 μόνον
3669 1867 3888 1938 σωθήσε-

639 1962 999 2032 undecunque
1043 1969 1296 2030 spectans
1338 1959 1394 2013 in
1425 1966 1654 2024 terram,
1709 1966 1771 2012 ut
1802 1971 1984 2012 sermo
2021 1955 2088 2012 de
2137 1957 2211 2012 his

2321 1977 2433 2026 ται,
2466 1959 2596 2032 περὶ
2630 1953 2692 2014 οὗ
2725 1959 3166 2030 καταλείμματος
3201 1957 3428 2013 πλεῖστα
3465 1961 3598 2030 ἡμῖν
3617 1959 3887 2027 γεγύμνα-

637 2055 988 2126 propheticus
1033 2053 1216 2120 habet,
1247 2067 1424 2106 arenae
1453 2050 1622 2107 maris
1661 2057 1976 2120 comparata
2009 2048 2169 2103 fuerit
2197 2067 2208 2103 :

547 2199 554 2208 ,
638 2159 752 2202 tum
781 2148 1033 2203 videlicet
1076 2161 1266 2202 eorum
1297 2145 1539 2214 reliquiae
1568 2145 1835 2198 duntaxat
1867 2142 2029 2196 salvae
2063 2141 2213 2204 ﬁent,

639 2241 706 2296 dc
727 2241 924 2310 quibus
952 2253 1082 2293 sane
1113 2237 1358 2308 reliquiis
1385 2236 1676 2307 plurimum
1713 2242 1797 2289 est
1841 2249 1870 2286 a
1902 2234 2060 2287 nobis
2103 2233 2210 2288 ela-

639 2330 883 2384 boratum
917 2347 932 2382 :
973 2336 1136 2398 atque
1159 2327 1274 2381 hate
1309 2326 1488 2380 futura
1514 2341 1634 2381 esse
1662 2324 1815 2387 dicit,
1849 2325 1942 2378 ubi
1975 2325 2090 2394 ipse
2112 2323 2215 2392 Dp-

639 2421 818 2476 minus
839 2417 1170 2474 contraheus
1219 2423 1274 2474 et
1303 2417 1622 2487 perliciens,
1663 2415 1880 2470 verbum
1912 2429 2008 2484 per
2041 2419 2214 2468 totum

637 2521 904 2566 terrarum
951 2511 1140 2564 orbem
1195 2509 1411 2572 fecerit,
1458 2508 1539 2562 sic
1597 2509 1784 2577 utique
1837 2505 2212 2576 Evangelicam

637 2602 1076 2672 praedicationem
1103 2601 1392 2670 perspicue
1425 2599 1738 2668 signiﬁcans
1759 2638 1774 2661 ,
1828 2597 1884 2652 in
1913 2613 2022 2668 qua
2064 2596 2212 2651 omni

640 2689 877 2747 Mosaico
905 2691 1106 2744 ambitu
1135 2690 1370 2750 sublato,
1403 2690 1496 2759 qui
1548 2687 1910 2758 imaginibus,
1935 2697 1986 2742 et
2015 2689 2208 2757 signis,

634 2787 692 2838 et
731 2779 1105 2850 corporalibus
1161 2777 1571 2834 adorationibtts
1639 2779 1960 2840 constabat,
2015 2779 2278 2836 brevitate

636 2873 918 2935 emissum,
959 2870 1258 2942 prophetiae
1287 2873 1570 2926 veritatem
1605 2872 2002 2942 comprobavit.

711 2987 846 3040 XLI.
887 2986 953 3040 Et
983 2988 1086 3041 erit
1117 2988 1170 3040 in
1196 2987 1282 3042 die
1311 2987 1422 3052 illa,
1455 2987 1606 3040 radix
1632 2985 1806 3052 Jesse,
1830 2996 1885 3042 et
1910 2989 2001 3058 qui
2031 2995 2214 3059 surget

639 3078 908 3148 imperare
937 3077 1187 3148 gentibus
1208 3117 1222 3142 ,
1268 3077 1322 3132 in
1349 3092 1416 3132 eo
1443 3087 1631 3148 gentes
1664 3079 1962 3150 sperabunt
1986 3099 2000 3133 :
2031 3089 2083 3134 et
2110 3079 2214 3134 erit

637 3169 856 3240 requies
886 3171 940 3223 in
969 3169 1196 3224 honore.
1223 3167 1286 3221 Et
1311 3169 1414 3222 erit
1439 3168 1492 3222 in
1520 3169 1608 3224 die
1637 3171 1751 3232 illa,
1785 3169 2002 3241 adiiciet
2025 3171 2210 3227 Domi-

639 3277 744 3319 nus
793 3265 1170 3318 demonstrare
1211 3277 1432 3316 manum
1466 3277 1618 3316 suam
1645 3263 1710 3318 ad
1745 3264 2130 3329 aemulandum,
2159 3273 2212 3321 et

637 3355 990 3425 quaerendum
1012 3353 1158 3424 quod
1191 3355 1515 3410 remanserit
1571 3356 1839 3425 reliquum
1871 3357 2055 3428 populi
2095 3357 2212 3422 sui,

637 3447 1002 3518 quodcunque
1050 3449 1296 3502 relictum
1365 3447 1526 3502 fuerit
1585 3449 1652 3502 ab
1709 3448 1991 3520 Assyriis,
2037 3458 2091 3506 et
2149 3451 2216 3506 ab

637 3540 895 3611 Algypto,
931 3545 985 3595 ct
1014 3555 1042 3594 a
1077 3539 1395 3612 Babylonia,
1423 3541 1568 3596 etab
1589 3539 1888 3612 Ethiopia,
1921 3553 1974 3597 et
2005 3544 2072 3598 ab
2101 3543 2218 3598 Ela-

637 3632 805 3696 mitis,
837 3641 890 3686 et
921 3647 950 3684 a
985 3633 1118 3687 solis
1150 3643 1304 3698 ortu,
1350 3641 1402 3688 et
1439 3633 1508 3687 ab
1540 3633 1737 3688 insulis
1769 3635 1936 3690 maris
1966 3655 1978 3688 :
2012 3641 2066 3690 et
2115 3651 2213 3690 ex-

637 3722 790 3776 tollet
813 3722 1027 3792 signum
1059 3725 1111 3778 in
1146 3735 1332 3793 gentes
1354 3764 1370 3788 ,
1418 3733 1471 3778 et
1501 3725 1778 3796 dispersos
1805 3725 1942 3780 Jnda
1987 3741 2216 3797 congre-

638 3813 786 3880 gabit
821 3827 850 3866 a
881 3823 1113 3883 quatuor
1141 3815 1244 3868 alis
1271 3824 1430 3870 terra:
1452 3817 1520 3868 ⁸⁸.
1569 3837 1586 3868 ι
1622 3817 1758 3872 Cum
1797 3833 1938 3888 saepe
1965 3817 2211 3888 quaidam

639 3907 820 3958 futura
847 3903 1100 3958 dicantur
1129 3906 1184 3959 in
1205 3905 1442 3976 quodam
1471 3907 1672 3978 insigni
1703 3909 1811 3974 die,
1854 3909 1959 3964 hoc
1992 3919 2094 3976 est,
2122 3911 2212 3966 ubi

641 3991 988 4048 manifestum
1018 4004 1229 4065 tempus
1276 3997 1583 4064 advenerit,
1640 4015 1743 4053 nos
1797 4001 2212 4058 ratiocinatione

637 4086 978 4157 colligentes,
1013 4103 1204 4142 earum
1246 4103 1426 4142 rerum
1483 4091 1602 4159 quae
1631 4090 2046 4162 signiﬁcentur,
2097 4093 2212 4148 exi-

639 4190 752 4232 tum
783 4179 836 4232 in
867 4181 1044 4248 ipsum
1087 4179 1179 4234 Dei
1206 4180 1494 4236 adventum
1536 4181 1779 4238 recidere
1812 4183 2211 4238 demonstravi-

638 4287 762 4326 mus
793 4290 805 4324 :
842 4271 895 4324 in
928 4285 1040 4341 quo
1067 4285 1194 4325 cum
1222 4271 1400 4326 omnis
1440 4271 1665 4327 Iudaica
1716 4289 1849 4344 gens
1878 4289 2072 4329 casura
2121 4290 2209 4328 es-

637 4370 739 4426 set,
777 4376 978 4431 paucos
1001 4361 1266 4432 quosdam
1303 4373 1575 4418 servatum
1609 4365 1701 4428 iri,
1749 4365 1844 4434 qui
1879 4380 1942 4419 ex
1981 4365 2087 4419 illis
2122 4381 2208 4418 re-

637 4453 919 4525 linquendi
951 4465 1108 4509 erant
1133 4494 1150 4520 ,
1201 4453 1382 4510 divina
1413 4455 1707 4510 ostendunt
1743 4457 1986 4510 oracula.
2039 4457 2089 4511 Is
2121 4465 2205 4511 ta-

636 4563 759 4602 men
787 4548 964 4612 locus,
991 4547 1082 4617 qui
1112 4563 1257 4602 nunc
1285 4549 1338 4602 in
1356 4549 1606 4604 manibus
1633 4557 1735 4611 est,
1760 4556 1816 4603 et
1841 4549 2012 4618 ipsam
2038 4548 2202 4614 diem,

2320 2063 2460 2102 σται.
2491 2047 2675 2102 Ταῦτα
2711 2047 2769 2102 δέ
2797 2065 2964 2118 φησιν
3015 2046 3256 2111 ἔσεσθαι,
3294 2047 3432 2102 ἐπὰν
3455 2048 3618 2112 αὐτὸς
3645 2051 3676 2104 ο
3697 2049 3889 2122 Κύριος

2317 2139 2626 2210 συντέμνων
2655 2141 2747 2194 καὶ
2775 2140 3062 2205 συντελῶν,
3090 2140 3246 2209 λόγον
3273 2140 3395 2194 καθ’
3421 2140 3552 2214 ὅλης
3585 2142 3686 2212 τῆς
3726 2145 3890 2196 οἰκου-

2321 2231 2487 2302 μένης
2511 2233 2744 2304 ποιήσει,
2769 2231 3013 2303 ἐναργῶς
3036 2232 3096 2286 τὸ
3124 2231 3478 2303 εὐαγγελικδν
3511 2233 3784 2304 παριστὰς
3811 2235 3890 2305 κή-

2323 2337 2527 2392 ρυγμα,
2556 2323 2616 2375 ἐν
2637 2315 2702 2390 ᾧ,
2726 2323 2907 2392 πάσης
2925 2322 3028 2392 τῆς
3050 2321 3194 2376 κατὰ
3223 2322 3432 2377 Μωσέα
3455 2322 3708 2394 περιόδου
3749 2323 3806 2375 ὲν
3824 2323 3890 2374 εί-

2321 2412 2440 2465 κόσι
2469 2413 2562 2466 καὶ
2605 2413 2891 2484 συμϐόλοις
2929 2414 3023 2468 καὶ
3065 2417 3402 2485 σωματικαῖς
3447 2413 3768 2486 θρησκείαις
3805 2429 3888 2466 πε-

2323 2506 2708 2577 ριαιρεθείσης,
2757 2509 2785 2560 ό
2815 2506 3076 2578 σύντομος
3111 2505 3206 2558 τοῦ
3247 2506 3578 2575 Εὑαγγελίου
3607 2505 3786 2574 λόγος.
3819 2507 3890 2568 εἰς

2322 2597 2530 2662 πάντας
2563 2596 2880 2667 ἀνθρώπους
2917 2596 3264 2667 παραδοθεὶς,
3292 2597 3394 2667 τῆς
3431 2597 3772 2668 προφητείας
3799 2597 3892 2666 τὴν

2319 2689 2572 2760 ἀλήθειαν
2603 2688 2954 2744 ἐπιστώσατο.

2332 2781 2616 2851 praeditum
2677 2781 2954 2853 Evangelii
3003 2782 3234 2838 verbum
3297 2783 3350 2836 in
3403 2796 3594 2838 omnes
3653 2782 3890 2837 homines

2389 2987 2523 3040 MA'.
2567 3005 2586 3038 ι
2633 2989 2742 3040 Καὶ
2767 2987 2920 3041 ἔστα-ι
2959 2989 3018 3042 ὲν
3053 2993 3120 3061 τῇ
3159 2989 3342 3061 ήμέρα
3374 2989 3617 3060 ἐκείνηὴ
3653 2989 3784 3060 ῥίζα
3803 2991 3890 3044 τοῦ

2332 3080 2547 3143 Ἰεσσαὶ,
2575 3081 2667 3133 καὶ
2697 3081 2724 3132 ὁ
2751 3082 3105 3153 ἀνιστάμενος
3146 3083 3334 3156 ἄρχειν
3371 3083 3562 3146 ἐθνῶν,
3613 3086 3700 3137 ἐπ’
3751 3085 3890 3156 αύτῷ

2317 3171 2446 3242 ἔθνη
2488 3171 2784 3238 ἐλπιοῦσιν,
2830 3174 2924 3229 καὶ
2961 3174 3111 3228 ἔσται
3145 3178 3177 3248 ή
3206 3175 3513 3240 ἀνάπαυσις
3545 3175 3711 3229 αὑτοῦ
3739 3180 3885 3248 τιμή.

2317 3263 2428 3316 Καὶ
2454 3263 2604 3316 ἔσται
2636 3267 2692 3317 ὲν
2723 3267 2788 3335 τῇ
2816 3265 2996 3338 ἡμέρᾳ
3020 3267 3221 3339 ἐκείνῃ,
3247 3265 3542 3339 προσθήσει
3578 3268 3781 3340 Κύριος
3801 3267 3886 3322 τοῦ

2318 3355 2489 3424 δείξαι
2511 3357 2608 3430 τὴν
2637 3361 2794 3430 χεῖρα
2826 3359 3011 3424 αὐτοῦ,
3045 3359 3138 3413 τοῦ
3173 3358 3414 3432 ζηλῶσαι
3455 3363 3549 3415 καὶ
3579 3361 3814 3434 ζητῆσαι
3837 3363 3892 3416 τὺ

2320 3449 2674 3520 καταλειφθὲν
2717 3451 3006 3504 ὑπόλοιπον
3047 3451 3138 3504 τοῦ
3187 3451 3316 3505 λαοῦ
3359 3449 3546 3516 αὑτοῦ,
3575 3453 3604 3506 ὃ
3633 3453 3700 3508 ἂν
3733 3471 3891 3508 κατα-

2317 3539 2505 3613 λειφθῇ
2537 3541 2642 3594 om
2680 3541 2788 3594 τῶν
2845 3542 3162 3616 Ἀσσυρίων,
3194 3544 3288 3597 καὶ
3322 3545 3430 3598 ἀπὸ
3459 3545 3762 3614 Αἰγύπτου,
3799 3549 3888 3601 καί

2318 3633 2424 3686 ἀπὸ
2443 3633 2806 3697 Βαϐυλωνίας,
2841 3633 2935 3686 καὶ
2970 3634 3076 3687 ἀπὸ
3109 3635 3412 3700 Αἰθιοπίας,
3441 3637 3530 3691 καὶ
3567 3637 3888 3710 Ἐλαμιτῶν,

2315 3727 2408 3780 καὶ
2431 3727 2536 3780 ἀπὸ
2561 3727 2711 3798 ἡλίου
2740 3727 3031 3792 ἀνατολῶν,
3059 3729 3152 3781 καὶ
3180 3729 3287 3783 ἀπὸ
3318 3729 3426 3783 τῶν
3449 3732 3628 3802 νήσων
3661 3732 3762 3801 τῆς
3799 3731 3890 3784 θα·
3971 3757 3973 3762 ·

2316 3817 2537 3886 λάσσης·
2561 3819 2653 3868 καὶ
2679 3818 2803 3887 ἀρεῖ
2829 3819 3052 3889 σημεῖον
3089 3819 3170 3882 εἰς
3203 3818 3271 3872 τὰ
3321 3819 3470 3892 ἔθνη,
3507 3823 3603 3874 καὶ
3647 3823 3772 3886 τοὺς
3807 3821 3886 3874 διο

2313 3909 2688 3979 εσπαρμένους
2729 3908 2894 3963 Ἰούδα
2920 3909 3131 3976 συνάξει
3158 3913 3220 3965 ἐκ
3244 3913 3352 3967 τῶν
3387 3915 3670 3987 τεσσάρων
3702 3915 3890 3985 πτερύ-

2314 4017 2424 4070 γων
2453 4002 2552 4072 τῆς
2585 4002 2707 4072 γῆς.
2741 4003 3005 4066 Πολλάκις
3025 4005 3184 4058 τινῶν
3215 4005 3521 4078 λεγομένων
3563 4007 3781 4061 ἔσεσθαι
3829 4010 3886 4060 ὲν

2311 4093 2564 4164 ἐπισήμῳ
2609 4093 2809 4165 ἡμέρᾳ,
2851 4095 3126 4150 τουτέστιν
3164 4099 3222 4149 ὲν
3251 4098 3540 4170 ἐπιφανείᾳ
3563 4101 3778 4170 χρόνου,
3801 4100 3888 4156 λο-

2311 4183 2493 4254 γισμῷ
2527 4185 2848 4252 συνάγοντες
2887 4187 2985 4257 τὴν
3023 4187 3132 4239 τῶν
3165 4187 3506 4261 δηλουμένων
3547 4193 3884 4258 ἀκολουθίαν,

2310 4275 2404 4326 ἐπὶ
2429 4274 2526 4346 τὴν
2562 4275 2660 4328 τοῦ
2693 4275 2829 4328 Θεοῦ
2867 4278 3167 4349 παρουσίαν
3200 4281 3567 4354 ἀναφέρεσθαι
3600 4283 3882 4349 ἀπεδείξα-

2313 4385 2430 4438 μεν,
2466 4368 2587 4421 καθ’
2616 4368 2682 4440 ἣν
2714 4369 2805 4421 τοῦ
2834 4369 3031 4433 παντὸς
3079 4371 3346 4426 Ἰουδαίων
3365 4373 3552 4440 ἔθνους
3585 4376 3886 4430 ἀποπεσου-

2312 4460 2492 4528 μένου,
2532 4461 2786 4524 σπανίους
2815 4461 2963 4525 τινὰς
2985 4461 3321 4534 σωθήσεσθαι
3345 4465 3472 4529 τοὺς
3493 4467 3552 4533 ἐξ
3579 4467 3758 4521 αὐτῶν
3789 4485 3888 4521 κα-

2307 4551 2834 4622 ταλειφθησομένους
2864 4554 2912 4604 οἱ
2955 4551 3086 4606 θεῖοι
3123 4553 3341 4624 δηλοῦσι
3369 4557 3535 4626 λόγοι.
3581 4561 3658 4612 Ἥ
3685 4577 3749 4628 γε
3780 4562 3882 4632 μὴν

636 4649 690 4694 et
724 4639 868 4709 quod
903 4655 996 4710 per
1024 4654 1144 4694 eam
1175 4639 1512 4710 signiﬁcatur
1539 4649 1772 4708 tempus,
1805 4649 1858 4694 et
1881 4655 2002 4710 quas
2035 4641 2090 4695 in
2141 4657 2205 4696 eo

2315 4643 2450 4712 μετὰ
2468 4647 2655 4715 χεῖρας
2680 4641 2823 4710 λέξις
2845 4645 2938 4698 καὶ
2959 4643 3056 4716 τὴν
3085 4647 3318 4718 ἡμέραν,
3340 4651 3434 4702 καὶ
3455 4649 3548 4704 τὸν
3570 4651 3659 4704 διὰ
3687 4653 3886 4721 ταύτης

637 4743 894 4787 eventura
919 4739 1123 4796 essent,
1149 4731 1463 4802 planissime
1491 4731 1827 4785 demonstrat
1857 4750 1868 4784 :
1911 4746 2034 4785 cum
2062 4733 2204 4788 enim

637 4833 797 4878 canat
822 4839 887 4878 ex
918 4823 1126 4879 semine
1166 4821 1332 4876 David
1363 4821 1604 4877 futurum
1637 4821 1843 4877 Christi
1866 4831 2204 4890 ortum,cum

637 4931 702 4970 eo
727 4914 1213 4970 simulJudteorum
1242 4915 1369 4968 item
1403 4914 1615 4968 ruinam
1639 4913 1924 4982 praedicit;
1954 4915 2086 4969 dicit
2107 4931 2202 4969 au-

640 5017 745 5061 tem
775 5009 888 5063 sic:
925 5027 943 5058 σ
985 5007 1128 5063 Ecce
1149 5005 1458 5061 dominator
1489 5005 1754 5062 Dominus
1791 5005 2048 5071 Sabaoth,
2068 5023 2202 5063 con-

642 5101 876 5155 turbabit
907 5099 1178 5170 gloriosos
1211 5113 1333 5152 cum
1365 5098 1592 5160 robore,
1623 5105 1676 5152 et
1719 5099 1918 5154 excelsi
1949 5097 2202 5153 humilia-

641 5193 862 5256 bnntur,
894 5201 947 5246 ct
975 5192 1171 5248 cadent
1206 5189 1406 5244 excelsi
1465 5190 1672 5259 gladio,
1721 5200 1775 5243 et
1811 5187 2049 5244 Libanus
2081 5205 2205 5243 cum

639 5286 868 5340 excelsis
898 5287 1051 5340 cadet
1081 5285 1147 5338 ⁵⁸.
1189 5303 1208 5336 ι
1239 5281 1411 5336 Porro
1447 5282 1532 5334 hic
1561 5281 1829 5336 Libanum
1857 5285 2032 5351 ipsam
2083 5279 2206 5336 Hie-

635 5378 869 5432 rusalem
903 5377 1130 5448 intelligi
1167 5375 1314 5442 vult,
1365 5375 1506 5430 sicut
1555 5373 1608 5428 in
1651 5375 1778 5428 aliis
1805 5374 2203 5430 demonstravi-

636 5483 794 5525 mus:
831 5487 994 5541 quam
1028 5485 1150 5524 cum
1179 5466 1434 5522 omnibus
1469 5466 1586 5522 suis
1625 5466 1845 5530 fastum,
1880 5476 1934 5522 et
1981 5481 2205 5521 venera-

636 5561 831 5616 tionem
858 5579 967 5633 pra:
993 5577 1052 5617 se
1077 5561 1392 5624 ferentibus,
1425 5565 1478 5612 et
1501 5558 1753 5629 gloriosis
1781 5573 2030 5612 casuram
2051 5599 2065 5622 ,
2115 5557 2202 5615 hic

635 5653 934 5722 prophetat
963 5651 1121 5704 locus
1173 5651 1410 5702 minatur
1442 5667 1454 5701 :
1486 5649 1576 5718 qui
1621 5649 1837 5717 quidem
1873 5647 1960 5703 ubi
2019 5649 2197 5718 priora

633 5743 722 5798 illa
754 5743 1042 5814 caplicavit
1065 5780 1081 5805 ,
1131 5741 1242 5794 hate
1279 5739 1536 5808 deinceps
1565 5739 1842 5808 adiungit;
1879 5757 1896 5788 ι
1927 5739 1996 5793 Et
2044 5757 2196 5810 egre-

2313 4735 2708 4806 σημαινόμενον
2744 4735 2952 4807 χρόνον,
2979 4737 3072 4790 καὶ
3095 4737 3162 4791 τὰ
3190 4739 3280 4792 ἐπὶ
3304 4740 3474 4813 τούτῳ
3505 4743 3886 4816 συμϐεϐηκότα

2312 4826 2608 4880 λευκότατα
2642 4828 2958 4900 παρίστησι·
2994 4827 3321 4896 θεσπίζουσα
3355 4834 3462 4906 γὰρ
3486 4834 3586 4906 τὴν
3621 4837 3686 4890 ὲκ
3719 4837 3886 4907 σπέρ-

2315 4934 2482 4986 ματος
2509 4917 2602 4969 τοῦ
2636 4917 2799 4971 Δαϐὶδ
2829 4921 3195 4994 γενησομένην
3227 4923 3322 4976 τοῦ
3363 4925 3600 4995 Χριστοῦ
3651 4929 3886 4996 γένεσιν,

2309 5005 2450 5076 όμοῦ
2474 5007 2566 5060 καὶ
2588 5007 2686 5078 τὴν
2733 5007 2998 5064 Ἰουδαίων
3019 5011 3336 5067 ἀπόπτωσιν
3374 5021 3774 5087 πρωναφωνεῖ·
3811 5017 3892 5071 λέ-

2309 5117 2392 5168 γει
2416 5099 2472 5152 at
2497 5099 2687 5164 οὕτως·
2721 5119 2740 5151 ‹
2785 5101 2915 5155 Ἰδοὺ
2945 5103 3007 5176 δὴ
3041 5103 3068 5155 ό
3100 5105 3364 5180 δεσπότης
3401 5107 3605 5180 Κύριος
3639 5111 3886 5176 Σαϐαὼθ,

2313 5189 2635 5260 συνταράξει
2663 5191 2790 5254 τοὺς
2812 5190 3052 5258 ἐνδόξους
3087 5195 3226 5264 μετά
3257 5193 3459 5266 ίσχύος,
3488 5202 3582 5253 καὶ
3617 5203 3667 5254 οἱ
3695 5201 3888 5273 ὑψηλοὶ

2307 5281 2817 5354 ταπεινωθήσονται,
2861 5287 2954 5338 καὶ
3000 5285 3286 5341 πεσοῦνται
3312 5291 3360 5342 οἱ
3401 5291 3596 5363 ὑψηλοὶ
3621 5295 3884 5364 μαχαίρας

2306 5375 2334 5425 ό
2360 5373 2416 5426 δὲ
2449 5373 2678 5438 Λίϐανος
2723 5376 2819 5428 σὺν
2863 5381 2976 5442 τοῖς
3015 5377 3238 5450 ὑψηλοῖς
3281 5385 3546 5437 πεσεῖται.
3597 5403 3618 5437 ι
3659 5387 3886 5439 Λίϐανον

2305 5463 2362 5516 δὲ
2385 5465 2618 5518 ἐνταῦθα
2649 5465 2747 5538 τὴν
2801 5469 3154 5542 Ἰερουσαλὴμ
3193 5473 3508 5538 αἰνίττεται,
3549 5478 3628 5541 ὡς
3672 5479 3731 5534 ὲν
3768 5479 3882 5532 ἑτέ-

2309 5575 2423 5629 ροις
2461 5559 2838 5633 ἀπεδείξαμεν⁶
2871 5563 2938 5633 ἣν
2969 5565 3104 5634 μετὰ
3132 5567 3349 5622 πάντων
3385 5570 3500 5624 τῶν·
3532 5573 3591 5626 ὲν
3616 5575 3757 5646 αὐτῇ
3805 5589 3884 5625 σεο

2310 5651 2456 5738 μνῶν
2467 5652 2560 5704 καὶ
2580 5653 2800 5719 ἐνδόξων
2826 5656 3108 5710 πεσεῖσθαι
3127 5662 3156 5713 ό
3178 5659 3332 5727 λόγος
3349 5663 3583 5718 ἀπειλεῖ⁸
3601 5668 3698 5720 καὶ
3716 5663 3884 5720 ταῦτά

2303 5755 2365 5811 γε
2389 5747 2928 5816 προανατεινάμενος,
2965 5749 3092 5822 ἑξῆς
3115 5751 3374 5820 ἐπιλέγει·
3413 5773 3436 5806 ο
3469 5755 3581 5809 Καὶ
3605 5757 3884 5824 ἐξελεύσε-

704 5923 748 5954 "
781 5921 938 5973 Rom.
973 5933 1047 5982 ix,
1099 5915 1192 5970 ‘27.
1267 5917 1312 5946 “
1339 5913 1526 5968 Matth.
1553 5930 1612 5980 ν,
1640 5911 1724 5968 Η.
1802 5913 1846 5946 ⁵⁸
1881 5913 1988 5974 lsa,
2029 5929 2084 5970 xx
2139 5915 2211 5969 1οι

2314 5957 2319 5968 .
2399 5913 2573 5970 “lsa.
2613 5933 2643 5972 χ
2699 5909 2884 5984 55,Ξό
