4018 6514
159 449 242 507 MS

957 426 966 434 '
1009 438 1664 497 DEMONSTDATIONIS
1700 434 2157 500 EVANGELICA-z
2193 436 2321 495 LIB.
2365 433 2426 491 ιι.

3251 431 3350 485 ιω

152 581 223 618 ται
252 558 429 630 ῥάϐδος
465 560 531 612 ὲκ
567 557 671 628 τῆς
718 557 870 629 ῥίζης
916 558 1130 620 Ἰεσσαὶ,
1176 559 1266 612 καὶ
1297 557 1455 622 ἄνθος
1485 559 1550 611 ὲκ
1588 558 1665 629 τῆ‹

1760 617 1761 621 η
1789 555 1966 610 dietur
1992 554 2141 625 virga
2155 553 2221 610 de
2238 551 2418 608 radice
2435 550 2607 617 desse,
2628 551 2732 622 75
2757 561 2809 606 et
2835 549 2932 606 ﬂos
2949 549 3014 604 de
3031 547 3211 604 radice
3227 547 3348 618 ejus

149 651 278 728 ῥίζης
309 649 467 706 αὑτοῦ
505 649 868 721 ἀναϐήσεται,
912 668 928 695 ι
959 649 1051 703 καὶ
1080 648 1148 702 τὰ
1179 647 1322 718 ἑξῆς.
1364 648 1665 716 Σαφέστατε

1791 648 2044 705 ascendet
2056 648 2123 710 ⁵⁷,
2157 666 2176 700 ›
2195 655 2248 702 et
2265 653 2476 701 caetera.
2497 642 2555 699 In
2580 644 2776 714 quibus
2807 640 3264 701 manifestissime,
3281 655 3351 694 et

146 749 225 816 τὴν
250 749 304 797 ἐκ
326 743 475 814 ῥίζης
514 742 715 796 Ἰεσσαὶ
750 741 950 813 (πατὴρ
977 741 1033 795 δὲ
1060 737 1129 811 ἦν
1157 735 1312 804 οὗτος
1350 739 1441 806 τοῦ
1495 739 1680 810 Δαόὶδ)

147 839 323 907 γένεσιν
371 833 464 888 τοῦ
503 833 743 905 Χριστοῦ
783 833 1072 901 παριστὰς,
1116 835 1200 902 ἐφ’
1326 831 1536 900 γενέσει
1584 833 1682 902 τὴν

146 929 230 980 τῶν
255 925 412 979 ἐθνῶν
450 924 649 993 κλῆσιν
681 925 938 996 πρότερον
977 925 1075 994 μὲν
1108 923 1175 978 δι’
1199 923 1516 994 αίνίγματσς
1547 938 1678 995 προ-

149 1020 320 1093 φητικῷ
350 1019 534 1090 τρόπῳ
570 1018 867 1085 ἀναφωνεῖ·
907 1016 966 1067 τὸ
993 1015 1118 1085 γὰρ,
1168 1032 1187 1064 ‹
1230 1010 1680 1083 Συμὸοσκηθήσε-

147 1131 213 1164 ra:
244 1112 389 1173 λύκος
422 1109 541 1178 μετ’
589 1108 770 1178 ἀρνὸς,
816 1107 909 1159 καί⁸
941 1104 1200 1176 πάρδαλις
1222 1103 1316 1156 σὺν
1351 1103 1520 1174 ἐρίφῳ
1556 1118 1679 1153 συν-

144 1202 492 1263 (mn-uicerat,
530 1219 553 1252 ν
593 1201 687 1254 καὶ
714 1197 780 1251 τά
817 1198 1058 1261 τοιαῦτα,
1105 1196 1256 1248 οὐδὲν
1277 1195 1462 1265 ἓτερον
1492 1194 1525 1264 ἢ
1569 1192 1677 1247 τῶν

145 1297 310 1366 ἀγρίων
355 1294 443 1346 καὶ
488 1291 718 1363 ἀπηνῶν
756 1289 849 1343 τὸν
885 1290 1082 1360 τρόπον
1121 1288 1216 1341 καὶ
1273 1289 1435 1359 μηδὲν
1476 1287 1675 1358 θηρίων

145 1384 456 1455 διαφεῴντων
484 1381 680 1445 ἐθνῶν,
712 1382 811 1452 τὴν
842 1383 933 1434 ἐπὶ
976 1383 1066 1434 τὸν
1099 1377 1299 1450 ἐύσεόἧ
1331 1380 1424 1432 καὶ
1468 1379 1675 1450 ἥμερόν

151 1498 189 1534 τε
221 1481 300 1532 καὶ
341 1476 656 1531 κοινωνικὸν
697 1476 897 1546 τρόπον
938 1473 1234 1546 μεταϐολὴν
1272 1473 1486 1544 ἐδήλου·
1521 1472 1676 1526 τοῦτο

148 1573 185 1626 δὲ
207 1569 315 1623 αὐτὸ
347 1571 424 1631 είς
459 1569 692 1639 ὕστερον
739 1568 1072 1640 γυμνότερον
1106 1567 1367 1629 διδάσκει,
1415 1566 1667 1635 φάσκωνο

148 1683 163 1714 ι
205 1659 508 1732 Ἕνεπλήσθη
535 1661 569 1730 ὴ
604 1659 868 1731 σύμπασα
887 1660 959 1731 γῆ
982 1658 1074 1712 τοῦ
1097 1658 1298 1728 γνῶναι
1329 1659 1419 1712 τδν
1446 1659 1669 1730 Κύριον,

143 1751 337 1821 ὼςῦδωρ
378 1751 510 1803 πολὺ
540 1751 915 1820 κατακαλύψει
961 1750 1249 1814 θαλάσσας.
1295 1770 1312 1802 ι
1345 1751 1452 1804 Καὶ
1492 1750 1572 1802 ἔτι
1609 1766 1671 1817 γε

143 1845 265 1906 αὐτὸς
284 1844 459 1896 ἑαυτὸν
480 1843 804 1916 ἑρμηνεύων
828 1845 855 1896 6
878 1842 1213 1914 προφητικὸς
1231 1842 1386 1911 λόγος
1407 1841 1667 1910 ἐπιλέγει·

1789 740 1974 796 radice
2018 738 2171 798 Jesse
2216 738 2392 810 (pater
2431 744 2611 792 autem
2649 735 2736 790 hic
2783 735 2882 790 fuit
2928 731 3116 805 David)
3167 739 3348 787 ortum

1788 836 1988 891 Christi
2037 835 2325 905 signiﬁcat,
2360 835 2414 894 in
2442 848 2550 904 quo
2583 841 2726 898 ortu,
2757 833 3090 888 vocationem
3107 829 3347 901 gentium

1788 928 1937 997 prius
1978 943 2074 998 per
2102 924 2392 997 quamdam
2446 924 2716 980 sermonis
2754 923 3162 986 obscuritatem,
3198 931 3348 973 more

1786 1021 2098 1090 prophetico
2119 1019 2369 1090 explicat.
2413 1017 2545 1072 Illud
2572 1018 2715 1074 enim
2757 1036 2770 1071 :
2813 1036 2831 1068 ι
2876 1016 3136 1070 Pascctur
3184 1010 3346 1067 simul

1787 1114 1946 1183 lupus
1982 1127 2106 1166 cum
2134 1126 2294 1182 agno,
2320 1116 2372 1166 et
2403 1110 2602 1180 pardus
2634 1123 2757 1163 eum
2802 1109 2963 1162 hmdo
2993 1107 3154 1164 simul
3187 1105 3344 1174 quie-

1785 1215 1898 1262 scet
1920 1207 1986 1271 ⁵⁸,
2035 1227 2054 1260 ι
2081 1213 2134 1262 et
2164 1221 2282 1276 qua:
2319 1212 2444 1260 sunt
2475 1203 2784 1274 hujusmodi
2814 1202 2948 1256 nihil
2991 1200 3135 1254 aliud
3185 1212 3343 1268 quam

1783 1300 2021 1370 gentium
2068 1298 2478 1363 indomitarum,
2513 1303 2566 1351 et
2617 1295 2955 1357 immanium,
2984 1301 3037 1348 et
3095 1293 3149 1346 in
3196 1290 3344 1345 nulla

1783 1408 1842 1446 re
1874 1407 1904 1446 a
1938 1391 2132 1448 belluis
2166 1390 2553 1452 dilTerentium,
2600 1388 2666 1442 ad
2697 1387 2816 1456 pios
2844 1394 2898 1442 et
2921 1392 3256 1448 mansuetos,
3285 1390 3342 1436 et

1779 1483 1926 1538 omni
1961 1484 2227 1537 charitate
2256 1481 2487 1536 refertos
2516 1495 2717 1541 mores,
2752 1477 3162 1533 conversionem
3196 1474 3342 1528 futu-

1780 1590 1894 1629 ram
1931 1576 2194 1631 indicant.
2229 1573 2335 1629 Sed
2364 1573 2467 1627 hoc
2508 1573 2686 1643 ipsum
2721 1571 2878 1626 docet
2912 1570 3156 1640 apertius
3188 1569 3242 1621 in
3271 1566 3341 1620 iis
3445 1605 3450 1610 ι

1779 1682 1897 1736 quze
1921 1675 2240 1736 sequuntur,
2275 1665 2355 1720 sic
2389 1664 2577 1718 dicens
2607 1682 2619 1717 :
2662 1682 2680 1714 ι
2722 1662 2943 1733 Repleta
2972 1668 3055 1716 est
3087 1659 3340 1714 universa

1779 1765 1924 1811 terra
1955 1755 2264 1825 cognitione
2298 1752 2533 1817 Domini,
2569 1754 2711 1808 sicut
2751 1766 2892 1822 aqua
2930 1751 3096 1804 multa
3130 1748 3196 1802 ad
3245 1761 3340 1801 eo-

1777 1847 2065 1917 operienda
2094 1847 2265 1900 maria
2282 1844 2348 1898 ⁵⁸.
2388 1863 2407 1895 ι
2433 1843 2700 1898 Prteterea
2734 1845 2848 1912 ipse
2891 1841 3134 1910 seipsum
3171 1839 3338 1893 inter-

146 1955 158 1985 ι
197 1935 282 1987 Καὶ
317 1934 458 1988 ἔσται
489 1937 548 1988 ὲν
576 1939 650 2007 τῇ
690 1935 874 2007 ἡμέρᾳ
903 1936 1086 2006 ἐκείνῃ
1115 1936 1148 2005 ἡ
1177 1933 1301 2007 ῥίζα
1340 1935 1556 1998 Ἰεσσαὶ,
1578 1935 1665 1987 καὶ

1774 1946 1991 2008 pretans
2049 1953 2230 1994 sermo
2274 1936 2624 2006 propheticus
2662 1934 2943 2004 sequitur?
2989 1949 3007 1983 ‹
3055 1930 3121 1984 Ει
3148 1930 3252 1986 erit
3279 1931 3334 1984 in

141 2029 161 2079 ὁ
181 2025 492 2095 ἀνιστάμενος
513 2027 711 2097 ἄρχειν
735 2025 924 2088 ὲθνῶν,
947 2025 1032 2078 ἐπ’
1053 2025 1199 2096 αύτῷ
1224 2025 1348 2098 ἔθνη
1367 2025 1639 2079 ἐλπιοῦσιν
1653 2043 1667 2056 ο

142 2119 209 2170 καὶ
230 2118 360 2170 ἔσται
391 2121 417 2190 ἡ
445 2120 761 2182 ἀνάπαυσις
793 2119 960 2172 αὐτοῦ
989 2122 1144 2192 τιμή.
1187 2140 1204 2171 ι
1251 2121 1465 2192 Ἐπειδὴ
1494 2121 1671 2174 τοίνυν

141 2208 346 2278 ἀνωτέρω
386 2209 483 2280 μὲν
531 2209 639 2281 τὴν
691 2211 1005 2265 ἀπόπτωσιν
1051 2212 1142 2265 τοῦ
1180 2212 1443 2266 Ἰουδαίων
1488 2211 1671 2276 ἔθνους

142 2300 378 2370 ἐσήμαινεν
406 2301 957 2373 ὲπικεκαλυμμένως,
988 2303 1126 2373 μετά
1155 2303 1210 2356 δὲ
1233 2303 1403 2365 ταῦτα
1433 2303 1530 2375 τὴν
1561 2304 1668 2357 τῶν
1710 2369 1718 2378 ,

140 2391 265 2444 thin:
289 2391 486 2461 κλῆσιν,
519 2393 650 2447 τοτὲ
695 2395 792 2466 μὲν
840 2394 1284 2466 κεκαλυμμένως,
1329 2395 1447 2448 τοτὲ
1486 2395 1543 2448 δὲ
1569 2413 1667 2464 γυ-

141 2483 275 2556 μνῶςο
305 2485 518 2550 εἰκότως
547 2482 711 2550 αὖθις
736 2486 1198 2558 ὲπαναλαμϐάνων
1227 2487 1316 2540 τὸν
1345 2487 1522 2555 λόγον,
1558 2487 1668 2542 τῶν

141 2577 185 2626 ix
204 2577 469 2648 mpmpﬁ;
506 2581 593 2642 είς
637 2579 728 2632 τὸν
769 2581 1002 2649 Χριστὸν
1053 2580 1412 2633 πιστευόντων
1459 2597 1664 2651 μνημο·

140 2667 262 2733 νεύει,
289 2669 416 2741 ὑπὲρ
446 2670 540 2724 τοῦ
576 2672 657 2742 μὴ
684 2673 856 2743 πάντῃ
884 2672 1201 2725 ἀποκλεῖσαι
1244 2671 1421 2725 αὐτῶν
1461 2671 1558 2743 τὴν
1587 2674 1665 2735 είς

137 2756 204 2807 τὸν
230 2758 432 2829 Χριστὸν
463 2761 686 2816 ὲλπίδα’
711 2781 730 2814 ‹
768 2763 958 2816 Ἔσται
995 2763 1092 2833 μὲν
1137 2762 1264 2834 γὰρ,
1301 2781 1319 2814 ι
1355 2763 1536 2833 φησὶν,
1577 2782 1595 2813 ι
1635 2764 1664 2814 6

140 2847 431 2916 ἀνιστάμενος
458 2851 657 2922 ἄρχειν
686 2851 872 2906 ἐθνῶν.
917 2871 934 2904 ι
969 2853 1064 2916 Τίς
1097 2853 1142 2906 δ’
1170 2848 1236 2923 ἦν
1262 2855 1290 2906 ό
1308 2852 1661 2923 ἀνιστάμενος

140 2935 266 3006 ἀλλ’ἢ
291 2940 403 3008 ῥίζα
443 2942 536 2995 τοῦ
577 2943 795 3006 Ἰεσσαὶ,
834 2943 892 2997 ὃν
927 2944 1021 3003 καὶ
1061 2943 1245 3014 σαφῶς
1279 2959 1441 3013 φησιν
1477 2943 1660 3015 ἄρξειν

140 3023 280 3088 tam,
318 3026 422 3080 ἀλλ’
461 3026 592 3100 οὑχϊ
627 3031 876 3103 ἰσραήλς
926 3031 1140 3103 Ἐπειδὴ
1184 3031 1361 3086 τοίνυν
1393 3031 1658 3104 διαφόρως

138 3115 207 3184 τὴν
233 3117 320 3170 τῶν
342 3119 503 3174 ἐθνῶν
534 3123 874 3195 ἐπιστροφὴν
914 3124 1006 3177 ἐπὶ
1038 3124 1128 3177 τὸν
1167 3127 1232 3178 ὲκ
1267 3123 1421 3196 ῥίζης
1465 3125 1659 3178 Ἰεσσαί⁹

142 3206 267 3271 φύντι
311 3212 394 3264 καὶ
432 3211 814 3284 βλαστήσαντα
835 3213 1120 3278 ίὲδίδαξεν,
1155 3214 1306 3267 οὐδὲν
1347 3212 1402 3264 δὲ
1449 3213 1657 3266 οὐδέπω

1771 2029 1859 2083 die
1897 2029 2008 2093 illa,
2039 2029 2195 2085 radix
2229 2027 2398 2093 Jesse,
2431 2035 2484 2083 et
2505 2027 2597 2097 qui
2632 2027 2804 2094 surgit
2832 2034 2890 2080 ut
2914 2025 3142 2095 imperet
3161 2022 3336 2092 gentis

1768 2121 1892 2186 bus,
1923 2122 1977 2175 in
2013 2136 2078 2176 eo
2105 2128 2290 2192 gentes
2323 2120 2624 2191 sperabunt
2661 2137 2674 2174 :
2716 2127 2771 2174 et
2814 2118 2918 2173 erit
2952 2117 3168 2186 requies
3215 2113 3334 2182 ejus

1768 2227 1892 2265 cum
1923 2213 2208 2268 honore“.
2250 2232 2267 2264 ι
2309 2211 2574 2278 Quoniam
2610 2211 2776 2280 igitur
2808 2208 3058 2279 superius
3096 2206 3334 2261 Iudaica:

1769 2304 1943 2373 gentis
1977 2303 2187 2366 ruinam
2222 2305 2462 2360 involute
2492 2303 2837 2374 signiﬁcavit,
2873 2309 2996 2371 post
3034 2315 3164 2354 vero
3198 2316 3332 2370 gen-

1767 2394 1904 2446 tium
1951 2395 2309 2458 vocationem,
2371 2410 2514 2452 nunc
2555 2394 2773 2464 quidem
2833 2393 3148 2454 involutius,
3188 2406 3331 2444 nunc
3372 2423 3380 2436 ι

1767 2492 1948 2538 autem
1994 2485 2351 2554 explicatius:
2389 2485 2582 2540 merito
2636 2498 2825 2539 rursus
2877 2482 3125 2538 eumdem
3176 2497 3334 2552 repe~

1767 2586 1888 2631 tens
1942 2592 2272 2641 sermonem,
2323 2577 2390 2632 de
2441 2577 2508 2631 iis
2542 2576 2636 2646 qui
2691 2592 2755 2632 ex
2812 2575 3228 2631 circumcisione
3274 2575 3345 2632 in.

1764 2669 2042 2729 Christum
2073 2669 2333 2724 credituri
2363 2677 2510 2732 sunt,
2545 2673 2871 2726 mentionem
2908 2668 3059 2734 facit,
3093 2683 3158 2721 ne
3180 2667 3346 2725 omni.

1763 2759 1975 2814 ratione
2021 2772 2052 2811 a
2099 2757 2319 2813 Christo
2365 2775 2516 2830 spem
2562 2761 2778 2818 illorum
2833 2758 3101 2814 excludat.
3140 2777 3159 2809 ι
3215 2757 3330 2810 Erit

1763 2852 1928 2916 enim,
1981 2850 2178 2926 inquit,
2227 2850 2320 2920 qui
2368 2852 2560 2918 surgit,
2611 2861 2670 2905 ut
2725 2851 2952 2919 imperet
2986 2849 3341 2920 gentibus..t...

1765 2940 1870 2996 Sed
1906 2941 2027 3010 quis
2056 2941 2272 2997 tandem
2309 2941 2396 2995 hic
2426 2948 2508 2996 est
2531 2942 2624 3012 qui
2647 2941 2843 3012 surgit,
2881 2937 2986 2995 ni'si
3017 2939 3171 2994 radix
3203 2937 3336 3032 Jes-'

1762 3035 1858 3090 se?
1887 3049 2047 3104 quem
2080 3033 2242 3098 etiam
2276 3034 2526 3103 gentibus
2551 3050 2660 3090 non
2694 3035 2798 3104 ipsi
2829 3034 2996 3089 Israel
3031 3035 3328 3104 imperatu-

1759 3140 1880 3179 rum
1908 3124 2154 3184 affirmat.
2191 3125 2457 3192 Quoniam
2487 3141 2618 3196 ergo
2646 3127 2794 3180 varie
2817 3125 3002 3180 docuit
3036 3125 3174 3179 hanc
3194 3140 3328 3195 gen-

1761 3218 1895 3271 tium
1949 3218 2384 3282 conversionem,
2421 3219 2487 3272 ad
2523 3235 2645 3273 eum
2689 3218 2779 3288 qui
2829 3218 2896 3273 de
2954 3218 3141 3272 radice
3171 3216 3336 3273 lesson

140 3296 316 3367 Χριστὸν
348 3305 470 3374 περὶ
517 3305 637 3357 τῶν
683 3307 746 3361 ὲκ
797 3306 1096 3378 περιτομῆς
1141 3307 1384 3376 εἰρήκει·
1435 3305 1656 3368 εἰκότως

1760 3315 2032 3372 nascetur,
2061 3317 2116 3364 et
2141 3309 2443 3379 pullulabit,
2475 3309 2704 3364 necdum
2753 3311 2878 3364 boni
2937 3310 3232 3381 quidquam
3256 3311 3326 3365 de

141 3388 182 3438 τὸ
215 3390 420 3458 ὲλλειπὲς
467 3396 575 3466 τῆς
635 3398 990 3469 προρῥήσεως
1035 3398 1345 3460 ἀποδίδωσι,
1396 3398 1617 3467 φάσκων
1635 3414 1658 3440 ’γ

143 3496 156 3529 ι
188 3482 268 3534 Καὶ
297 3484 434 3540 ἔσται
467 3489 523 3541 ἐν
557 3491 630 3559 τῇ
685 3490 865 3562 ἡμέρᾳ
913 3491 1116 3564 ἐκείνῃ,
1158 3510 1177 3543 ι
1220 3490 1366 3544 τοῦτ’
1405 3490 1550 3543 ἔστιν
1596 3491 1652 3541 ἐν

139 3572 193 3641 τῷ
211 3576 355 3650 χρόνῳ
382 3581 475 3651 τῆς
508 3565 837 3652 ἐπιφανείας
867 3582 963 3637 τοῦ
1004 3586 1068 3637 ὲκ
1102 3581 1259 3657 ῥίζης
1291 3582 1484 3637 Ἰεσσαὶ
1520 3583 1652 3652 φύν-

140 3680 217 3727 τος,
242 3686 258 3718 ι
288 3673 569 3744 προσθήσει
604 3673 804 3745 Κύριος
831 3674 924 3726 τοῦ
956 3675 1123 3739 δεῖξαι
1156 3675 1252 3746 τὴν
1287 3676 1443 3746 χεῖρα
1466 3675 1648 3739 αὑτοῦ,

139 3756 332 3828 ζητῆσαι,
357 3765 444 3818 καὶ
471 3765 719 3837 ζηλῶσαι
753 3765 814 3818 τὺ
849 3765 1200 3834 καταλειφθὲν
1238 3766 1524 3818 ὑπόλοιπον
1555 3766 1650 3818 τοῦ

140 3844 247 3911 λαοῦ,
271 3851 295 3903 ὃ
318 3853 378 3906 ἂν
405 3856 745 3928 καταλειφθῇ
778 3857 886 3910 ἀπὸ
913 3857 1076 3910 τῶνδε
1109 3857 1203 3912 καὶ
1233 3857 1399 3910 τῶνδε
1410 3855 1529 3909 ,τῶν
1555 3873 1649 3909 πο-

139 3934 304 4006 λεμίων.
336 3963 352 3996 ι
396 3949 535 4000 ’Ᾱνθ’
587 3943 648 4000 οὗ
697 3951 726 4002 6
782 3949 882 4020 μὲν
926 3950 1154 4014 Ἀκύλας
1205 3949 1493 4018 πεποίηκε’
1537 3948 1649 4003 Καὶ

138 4025 247 4082 ἔσται
272 4037 322 4087 ἐν
348 4041 407 4108 τῇ
434 4040 626 4109 ἡμέρᾳ
657 4041 859 4111 ἐκείνῃ,
900 4041 1191 4113 προσθήσει
1226 4039 1428 4110 Κύριος
1469 4040 1650 4093 δεύτε-

139 4133 204 4185 ρον
227 4121 307 4192 τὴν
343 4130 489 4198 χεῖρα
535 4128 726 4193 αὑτοῦ,
766 4130 859 4182 τοῦ
910 4131 1206 4202 κτήσασθαι
1239 4131 1301 4183 τὸ
1334 4130 1648 4203 ὑπόλειμμα

140 4208 204 4261 τοῦ
226 4212 330 4268 λαοῦ
359 4219 540 4285 αὐτού,
586 4220 614 4272 ὃ
657 4220 1110 4292 ὑπολειφθήσεταί,
1159 4223 1267 4276 ἀπὸ
1308 4223 1417 4276 τῶν
1455 4223 1645 4276 Ἀσσυ-

141 4302 248 4367 Ρίων,
267 4308 347 4362 καὶ
371 4311 481 4364 τῶν,
497 4313 646 4383 ἑξῆς.
674 4314 902 4384 Νοήσεις
925 4315 981 4367 δὲ
1000 4315 1092 4368 καὶ
1104 4315 1335 4369 ἐνταῦθα
1360 4315 1644 4386 πολεμίους

138 4395 202 4445 τιιῦ
221 4397 328 4453 λαοῦ
351 4403 438 4456 τοῦ
467 4404 609 4458 Θεοῦ
642 4407 862 4477 νοητούς
898 4425 1049 4470 τινας
1080 4409 1172 4462 καὶ
1220 4409 1640 4477 πνευματικοὺς,

139 4485 219 4552 ἢτοι
241 4490 468 4564 δαίμονας
497 4500 848 4570 πονηροὺς,ἢ
883 4499 1137 4571 δυνάμεις
1173 4502 1545 4571 ἀντικειμένας
1563 4499 1642 4570 τῷ

261 4583 566 4653 θεοσεϐείας,
589 4590 659 4653 οἶ,
683 4589 790 4643 τῶν
821 4593 1324 4663 κατωνομασμένων
1347 4592 1513 4647 ἐθνῶν
1545 4590 1643 4644 πά.

1759 3399 1826 3455 iis
1847 3401 1942 3470 qui
1965 3401 2020 3454 in
2047 3401 2468 3456 circumcisione
2502 3409 2650 3468 sunt,
2674 3402 2924 3471 protulit:
2953 3403 3148 3457 merito
3175 3401 3343 3472 quod-

1758 3491 2094 3560 praedictioni
2115 3491 2385 3560 ejusmodi
2434 3491 2640 3555 deerat,
2680 3493 2878 3557 reddit,
2911 3492 3098 3547 dicens
3135 3510 3150 3547 :
3190 3513 3210 3544 ι
3255 3492 3323 3547 Et

1757 3581 1858 3634 erit
1897 3581 1952 3634 in
2000 3581 2089 3636 die
2137 3582 2252 3646 illa,
2291 3600 2310 3632 ι
2346 3581 2450 3636 hoc
2479 3590 2586 3650 est,
2612 3583 2668 3638 in
2707 3583 2799 3637 illo
2829 3592 3074 3654 tempore
3121 3585 3176 3640 in
3210 3602 3320 3655 quo

1757 3671 2004 3726 adveniet
2028 3672 2076 3726 is
2097 3673 2188 3743 qui
2219 3680 2440 3728 orturus
2468 3682 2552 3728 est
2586 3674 2653 3729 de
2681 3674 2863 3730 radice
2910 3673 3083 3740 Jesse,
3121 3695 3140 3729 ι
3177 3678 3322 3744 ειῇἰαι

1756 3763 1862 3818 ciet
1896 3762 2154 3820 Dominus
2183 3766 2559 3825 demonstrare
2598 3782 2817 3822 manum
2845 3782 3021 3831 suam,
3057 3775 3116 3822 ut
3147 3784 3318 3822 annu-

1756 3856 1916 3919 letur,
1948 3865 2001 3910 et
2038 3865 2245 3926 quaerat
2268 3857 2413 3927 quod
2459 3859 2782 3913 remanserit
2815 3859 3083 3928 reliquum
3111 3860 3314 3929 populi.

1755 3959 2079 4016 quocunque
2105 3947 2355 4002 relictum
2404 3946 2567 4003 fuerit
2601 3949 2666 4015 “,
2704 3967 2722 4000 ›
2761 3956 2855 4002 aut
2888 3949 2956 4004 ab
2985 3949 3090 4013 his,
3123 3957 3216 4003 aut
3249 3951 3318 4003 ab

1753 4037 1861 4092 illis
1887 4037 2156 4093 hostibus.
2190 4036 2361 4104 Quem
2389 4039 2609 4109 quidem
2641 4040 2821 4094 locum
2852 4041 3046 4110 Aquila
3078 4041 3151 4094 ita
3182 4055 3316 4095 cono

1753 4129 1983 4184 vertitu
2023 4129 2086 4184 Et
2113 4130 2216 4184 erit
2267 4130 2324 4184 in
2379 4130 2467 4184 die
2522 4131 2636 4195 illa,
2665 4130 2884 4200 adiiciet
2934 4129 3196 4186 Dominus
3230 4148 3317 4187 se-

1753 4221 1932 4276 cundo
1962 4235 2179 4275 manum
2216 4237 2371 4276 suam
2396 4222 2462 4276 ad
2489 4224 2879 4292 acquirendum
2916 4221 3192 4278 residuum
3217 4239 3315 4293 po-

1750 4316 1863 4386 puli
1897 4317 2003 4383 sui,
2026 4317 2170 4388 quod
2197 4317 2536 4386 relinquetur
2559 4318 2627 4370 ab
2666 4317 2928 4388 Assyriis,
2968 4336 2988 4370 ι
3014 4327 3066 4371 et
3096 4323 3311 4371 caatera.

1749 4406 2015 4464 Canerum
2064 4410 2176 4462 haec
2230 4423 2449 4478 quoque
2492 4417 2545 4464 te
2592 4409 2942 4464 considerare
2993 4407 3312 4477 oportebit:

1750 4501 1936 4561 hostes
1970 4501 2154 4571 populi
2183 4499 2277 4555 Dei
2305 4502 2608 4557 censendos
2645 4500 3018 4571 intelligibiles
3044 4499 3313 4570 quosdam

1747 4600 1802 4649 et
1855 4593 2186 4662 spirituales,
2231 4595 2336 4648 hoc
2374 4600 2477 4654 est,
2515 4593 2686 4647 malos
2746 4592 3044 4660 daamones,
3075 4592 3188 4648 sive
3216 4607 3314 4662 po-

137 4662 199 4756 ,k‘
224 4673 450 4748 πρότερθν
480 4681 732 4751 ἀοράτως
770 4658 1130 4753 προεστῶτες,
1151 4658 1262 4746 ’τὰς
1302 4682 1476 4753 ψυχὰς
1510 4685 1639 4735 ὲπο-

1760 4658 1990 4750 .estates,
2027 4682 2340 4754 qumVerbo
2371 4685 2746 4740 adversentur.
2780 4684 2844 4738 Hi
2885 4658 3048 4756 porro
3081 4658 3316 4748 sunt-illi

137 4755 324 4828 λιόρκουν
342 4768 428 4822 τοῦ
462 4771 700 4843 Ἰσραὴλ,
735 4773 996 4837 ποικίλοις
1038 4774 1263 4828 πάθεσιν
1297 4773 1463 4838 αὑτὰς
1489 4789 1642 4843 περι-

137 4846 375 4920 δάλλοντες,
414 4861 774 4932 ὑποσύροντές
817 4880 879 4917 τε
917 4866 1008 4918 καὶ
1050 4865 1535 4936 αἰχμαλωτίζοντες
1563 4865 1642 4926 εἰς

139 4940 200 5028 ῗδν
221 4945 378 5014 ὅμοιον
401 4953 496 5022 τῆς
522 4953 632 5006 τῶν
675 4954 985 5024 ἀλλοφύλων
1007 4957 1228 5027 ἀγωγῆς
1267 4957 1401 5028 βίον.
1437 4955 1639 5010 Τούτου

136 5027 289 5099 δῆσῖιφ
311 5045 499 5106 παντὸς
545 5044 728 5114 σχεδὸν
767 5047 939 5100 εἰπεῖν
980 5047 1075 5102 τοῦ
1120 5047 1246 5101 λαοῦ
1287 5048 1425 5101 κατά
1464 5046 1639 5118 ψυχὴν

139 5120 414 5190 αἰχμαλώτου
446 5132 732 5204 ληφθέντος
760 5136 863 5188 ὑπὸ
890 5136 998 5190 τῶν
1025 5136 1426 5208 δεδηλωμένων,
1460 5138 1508 5188 οἱ
1543 5152 1646 5204 φυ-

140 5209 359 5284 λαχθέηες
395 5225 486 5278 καὶ
531 5226 977 5297 καταλειφθέντες
1029 5230 1260 5301 ἄτρωτοι
1307 5231 1399 5282 καὶ
1451 5229 1638 5282 άσυλοι

140 5307 240 5394 ξατὰ
258 5311 340 5385 τὴν
363 5319 685 5394 πρρφητείαν
703 5321 801 5391 τῆς
821 5312 1150 5393 δηλουμένης
1179 5320 1506 5389 ἐπαγγελίας
1525 5320 1646 5376 τεύτ

141 5390 286 5485 ξῗηαιν
320 5390 558 5479 ὀψόμενοι
594 5412 685 5466 τοῦ
728 5390 932 5484 Κυρίου
976 5390 1075 5485 τὴν
1109 5390 1271 5485 -χεῖρα
1315 5415 1406 5467 καὶ
1452 5413 1637 5484 κτῆμα

141 5483 260 5578 εἶινοῦ
281 5499 630 5571 γενησόμενοι,
665 5503 804 5556 κατά
822 5483 892 5556 τὸ
925 5483 1331 5575 φάσκονλόγιον
1352 5523 1364 5535 ·
1407 5525 1424 5555 ι
1463 5483 1635 5578 Πρδφ

144 5569 256 5670 eius:
274 5583 451 5656 Κύριος
471 5591 561 5646 τοῦ
585 5593 751 5658 δεῖξαι
894 5598 1050 5668 χεῖρα
1077 5597 1259 5660 αὑτοῦ,
1277 5598 1368 5650 τοῦ
1395 5598 1631 5670 ζηλῶσαι

144 5663 183 5713 τί»
208 5675 516 5748 καταλειφθὲν
543 5663 949 5741 ὑπόλοιπον-’τοῦ
979 5663 1130 5746 λαοῦ.
1165 5711 1184 5741 ι
1218 5692 1280 5743 Τί
1308 5691 1362 5744 δὲ
1399 5663 1628 5764 προσθή-

190 5847 430 5924 ινιςωι,
473 5863 519 5926 ι.
592 5867 637 5899 ιι
674 5865 799 5924 Ibid.
832 5869 884 5924 3.
965 5870 1006 5903 ιο
1037 5868 1168 5927 Ibid.
1203 5870 1255 5928 9.
1333 5874 1375 5906 ιο
1409 5872 1539 5937 Ibid.
1573 5875 1652 5932 10.

1741 4773 1834 4842 qui
1863 4774 1991 4828 olim
2026 4773 2091 4829 iis
2122 4775 2374 4844 gentibus
2405 4790 2524 4844 qum
2559 4775 2644 4829 hic
2679 4777 2970 4832 nominatae
3019 4778 3307 4853 76.3.unt,
3366 4842 3369 4844 _

1738 4863 2085 4920 invisibiliter
2098 4875 2382 4934 praeerant,
2395 4873 2448 4920 et
2461 4865 2671 4922 animas
2690 4866 2853 4922 Israel
2869 4852 3308 4931 vastabant,cum

1738 4971 1833 5011 eas
1859 4957 1916 5010 in
1943 4957 2126 5012 varios
2156 4956 2382 5012 ell‘ectus
2409 4957 2748 5024 inducerent,
2786 4967 2840 5017 et
2869 4962 3116 5031 captivas
3160 4962 3307 5015 face-

1739 5053 1882 5111 rent,
1905 5054 1961 5100 et
1990 5047 2056 5100 ad
2087 5061 2292 5102 morem
2319 5048 2514 5112 victus,
2545 5049 2852 5111 alienarum
2873 5052 3113 5124 gentium
3141 5053 3308 5106 victui

1741 5139 1996 5203 similem,
2035 5140 2389 5196 attraherent.
2441 5141 2579 5196 Cum
2638 5143 2805 5212 igitur
2860 5143 2948 5198 hic
2993 5143 3304 5206 universus,

1741 5247 1909 5303 prope
1937 5232 2188 5297 dixerim,
2216 5235 2482 5306 populus,
2510 5236 2716 5290 animis
2745 5234 2921 5290 factus
2960 5241 3106 5288 esset
3135 5235 3308 5304 capti-

1742 5341 1840 5380 vus
1875 5325 1944 5379 ab
1977 5326 2066 5388 iis,
2100 5342 2239 5399 quos
2269 5329 2506 5386 diximus
2543 5331 2810 5394 hostibus,
2830 5330 2922 5399 qui
2957 5329 3181 5392 servati,
3219 5343 3304 5382 re-

1739 5419 1960 5488 lictique
1989 5429 2116 5475 sunt
2144 5422 2263 5476 sine
2298 5423 2538 5484 vulnere,
2573 5439 2680 5476 non
2719 5423 2933 5492 spoliati
2965 5423 3080 5479 suis
3119 5423 3306 5488 rebus,

1740 5511 2068 5579 promissum
2109 5511 2265 5575 illud,
2300 5512 2367 5567 de
2413 5529 2523 5582 quo
2551 5513 2836 5583 praphetia
2864 5514 3128 5584 loquitur,
3166 5515 3307 5568 obli-

1739 5602 1945 5656 nebunt
1977 5621 1990 5656 :
2021 5609 2206 5672 utpote
2236 5605 2328 5672 qui
2364 5604 2535 5659 visuri
2564 5605 2675 5660 sint
2720 5620 2938 5660 manum
2973 5605 3210 5672 Domini,
3248 5615 3306 5662 et

1739 5694 1884 5750 illius
1914 5696 2191 5766 possessio
2220 5694 2421 5765 futuri;
2463 5697 2922 5768 quemadmodum
2961 5701 3093 5756 illud
3144 5701 3305 5759 habet

1733 5877 1772 5910 ⁶¹
1808 5876 1940 5933 Ibid.
1980 5881 2060 5934 Η.
