4018 6512
611 367 729 460 μη

1220 361 1485 420 EUSEBII
1521 360 1993 417 CESABIENSIS
2032 360 2183 417 OPP.
2223 360 2402 418 PARS
2443 363 2505 418 ll.
2543 393 2612 404 —
2652 361 3149 420 APOLOGETICA.

3762 362 3861 418 με

612 469 904 538 eraculum
943 469 1091 550 quod
1128 475 1207 533 ita
1255 479 1332 531 ait
1374 495 1386 530 :
1423 495 1442 528 ι
1489 473 1724 545 Adjiciet
1772 472 2035 529 Dominus
2092 478 2187 530 de-

2299 491 2371 528 σει
2398 475 2630 547 Κύριος;
2654 476 2789 530 ἀλλά
2815 478 2922 550 γὰρ
2953 475 3088 548 πρὸς
3118 467 3200 534 οἷς
3235 474 3385 544 ἅπαξ
3412 475 3727 545 ἐπεδείξατο
3761 478 3864 532 πά-

623 580 931 626 monstrare
969 584 1187 622 manum
1222 581 1401 632 suam,
1435 574 1492 620 ut
1524 567 1806 620 aemuletur
1849 565 1920 621 ob
1960 564 2012 618 id
2043 565 2186 635 quod

625 662 955 718 remanserit
988 661 1255 730 reliquum
1302 658 1507 728 p0puli.
1540 677 1558 710 ι
1592 656 1732 722 Quid
1760 664 1938 712 autem
1973 655 2190 726 adjiciet

627 753 926 809 Dominus?
955 767 1166 822 nempe,
1194 751 1260 807 iis
1294 767 1432 820 quos
1453 751 1618 806 semel
1645 747 1919 819 quondam
1954 764 2048 820 per
2072 765 2199 819 pro-

628 847 819 915 phetas
842 842 1080 899 ostendit
1115 842 1380 911 :Adjecta
1407 853 1492 899 est
1525 859 1725 900 manus
1756 843 1991 908 Domini,
2012 851 2072 899 ut
2105 842 2191 899 bis

626 937 762 1006 ipsis
792 936 954 991 veluti
993 936 1061 991 de
1117 938 1289 1000 totius
1345 936 1529 1008 populi
1579 937 1738 992 ruina
1789 937 2038 1000 servatis,
2072 951 2192 1006 qua:

626 1029 900 1099 prioribus
938 1029 1184 1094 deerant,
1213 1030 1657 1100 adjuugerentur.
1689 1028 1815 1085 Haec
1844 1045 2006 1101 porro
2035 1036 2192 1085 erant

623 1123 759 1178 Novi
811 1123 1148 1180 Testamenti
1204 1123 1500 1193 mysteria,
1556 1139 1678 1192 quae
1743 1137 1908 1176 manu
1977 1121 2190 1176 Domini

620 1221 844 1271 ostensa
867 1221 997 1270 sunt
1020 1214 1068 1269 ei
1101 1213 1242 1283 parti
1273 1227 1394 1282 qua:
1420 1212 1488 1267 de
1513 1213 1712 1282 populo
1742 1213 1932 1268 relicta
1960 1222 2062 1269 est.
2084 1211 2191 1268 Sed

623 1308 811 1371 etiam,
843 1326 861 1357 ι
909 1314 969 1360 ut
995 1306 1303 1370 aemuletur,
1332 1305 1526 1375 inquit,
1554 1305 1624 1360 ob
1653 1305 1707 1359 id
1746 1306 1890 1375 quod
1919 1321 2194 1362 remanse-

622 1401 697 1454 rit
733 1400 1004 1469 reliquum
1032 1398 1236 1468 papuli.
1279 1417 1296 1449 ι
1335 1396 1442 1452 Pro
1483 1413 1592 1467 quo
1642 1396 1836 1468 Aquila
1861 1405 1914 1453 et
1943 1396 2190 1453 Theodo-

623 1494 739 1545 tion
755 1491 1126 1554 concorditer,
1145 1509 1163 1541 ι
1195 1490 1264 1545 ad
1277 1489 1688 1560 acquirendum,
1718 1510 1740 1542 ι
1759 1491 2033 1562 inquiunt,
2055 1511 2074 1543 τ
2105 1508 2192 1547 re-

625 1582 844 1636 siduum
880 1582 1059 1653 populi
1091 1582 1199 1647 sui,
1246 1582 1609 1654 quodcunque
1651 1583 1896 1638 relictum
1933 1583 2092 1638 fuerit
2123 1584 2192 1639 ab

625 1671 890 1742 Assyriis,
925 1692 943 1724 ›
979 1684 1082 1728 eta
1118 1673 1345 1743 reliquis
1377 1673 1615 1729 inimicis
1647 1674 1917 1745 gentibus.
1944 1673 2059 1729 Hoc
2095 1689 2193 1729 au-

627 1775 732 1816 tem
775 1762 918 1832 quod
968 1763 1218 1818 relictum
1269 1763 1432 1818 fuerit
1475 1763 1543 1820 de
1582 1765 1804 1834 populo,
1859 1784 1880 1817 ι
1945 1767 2186 1831 extollet,

625 1831 824 1925 inquit,
877 1855 1090 1924 signum
1141 1859 1196 1911 in
1229 1863 1418 1929 gentes
1450 1875 1464 1912 :
1509 1877 1527 1909 ι
1561 1831 1671 1927 ρει·-
1713 1872 1808 1913 eos
1847 1859 1990 1913 enim
2031 1859 2189 1929 plane
2220 1831 2263 1891 Β

626 1944 892 2002 Dominus
920 1946 1136 2017 signum
1174 1963 1335 2004 suum
1367 1948 1420 2002 in
1455 1949 1673 2005 cunctis
1697 1950 1950 2020 gentibus
1986 1951 2194 2021 patefe-

626 2039 721 2102 tit,
747 2045 801 2093 et
828 2055 926 2110 per
945 2039 1166 2095 eosdem
1203 2040 1422 2111 collegit
1463 2056 1578 2108 eos,
1611 2043 1704 2113 qui
1735 2058 1802 2098 ex
1830 2041 1995 2098 Israel
2022 2049 2197 2115 perie-

631 2137 774 2191 rant.
809 2137 861 2185 et
899 2129 991 2200 qui
1042 2145 1107 2184 ex
1149 2127 1290 2184 Iuda
1337 2128 1571 2200 dispersi
1624 2138 1802 2196 erant,
1843 2141 2130 2202 postquam
2164 2149 2194 2188 a

630 2227 865 2288 quatuor
895 2219 997 2275 alis
1018 2226 1196 2286 terrae,
1231 2219 1297 2274 ad
1346 2217 1624 2275 Christum
1661 2219 1775 2282 Dei,
1814 2236 1880 2274 ex
1933 2220 2196 2289 praedica-

610 2313 778 2368 .tione
824 2311 1195 2381 apostolorum
1250 2311 1444 2381 ipsius,
1493 2311 1898 2382 confugerunt:
1932 2312 2012 2367 sic
2065 2328 2196 2367 sane

628 2403 889 2459 collectos
914 2417 1034 2458 esse
1051 2402 1363 2473 intelligens
1391 2417 1508 2466 eos,
1531 2403 1625 2474 qui
1647 2403 1922 2473 quondam
1944 2419 2010 2458 ex
2029 2401 2196 2460 Israel

624 2491 868 2556 ctJuda,
915 2493 1215 2548 secundum
1263 2493 1586 2549 sententiam
1638 2493 1997 2550 consideratis
2035 2502 2198 2564 atque

629 2585 892 2653 acceptis,
935 2582 1154 2658 abducti
1186 2583 1401 2653 procul,
1437 2583 1785 2653 separatique
1815 2582 2050 2651 fuerant.
2081 2581 2198 2638 Mos

630 2683 813 2730 autem
857 2673 1240 2743 hujuscemodi
1289 2673 1616 2738 animarum,
1653 2687 1843 2727 verum
1893 2671 2060 2728 Israel
2103 2671 2196 2727 Dei

629 2769 993 2832 demonstrat,
1030 2765 1174 2819 sicut
1221 2780 1252 2820 e
1314 2763 1615 2830 contrario,
1671 2763 1868 2818 vitiosa
1923 2778 2199 2832 pravaque

627 2859 845 2916 aﬂ'ectio
876 2874 1000 2914 eum
1030 2857 1218 2923 Israel,
1243 2858 1333 2927 qui
1371 2858 1582 2913 ratione
1602 2856 1848 2926 corporis
1875 2870 1994 2910 eam
2021 2855 2200 2927 appel-

633 2951 894 3006 lationem
925 2949 1155 3005 sortitus
1185 2958 1292 3012 est,
1324 2948 1600 3019 principes
1625 2945 2006 3009 Sodomorum,
2032 2952 2086 3000 et
2111 2961 2199 3015 po-

631 3043 820 3114 pulum
852 3041 1170 3097 Gomorrhaa
1212 3040 1484 3110 appellare
1515 3040 1569 3094 in
1603 3039 1842 3094 oraculis
1873 3037 2020 3094 facit.
2054 3039 2200 3094 Reli-

2287 567 2374 620 λαι
2397 568 2657 640 πρότερον
2681 569 2768 622 διὰ
2797 571 2901 623 τῶν
2936 567 3244 641 προφητῶν·
3280 590 3297 619 ι
3332 568 3713 641 Προσεγενήθη
3745 571 3864 641 χεὶρ

2288 658 2516 728 Κυρίου,
2560 660 2654 713 καὶ
2695 661 2902 724 τούτοις
2941 659 3276 714 διασωθεῖσιν
3317 661 3425 714 ἀπὸ
3469 661 3570 732 τῆς
3605 661 3866 724 πτώσεως

2288 749 2381 802 τοῦ
2410 751 2608 814 παντὸς
2633 750 2784 813 λαοῦ,
2814 751 2884 804 τὰ
2923 750 3174 804 λείποντα
3222 754 3333 815 τοῖς
3376 753 3658 823 προτέροις
3697 768 3867 822 προσ-

2291 837 2491 910 θήσειν.
2525 857 2542 890 ι
2568 838 2750 892 Ταῦτα
2769 839 2825 892 δὲ
2853 834 2920 910 ἦν
2939 840 3004 893 τὰ
3032 841 3127 910 τῆς
3148 840 3337 910 καινῆς
3359 841 3630 912 Διαθήκης
3663 841 3868 912 μυστή-

2294 944 2402 998 ρια,
2436 928 2524 982 διὰ
2553 929 2652 999 τῆς
2682 930 2860 1000 χειρὸς
2890 929 2983 982 τοῦ
3017 931 3221 1001 Κυρίου
3252 931 3567 1000 δεδειγμένα
3591 930 3670 1001 τῷ
3706 947 3865 984 κατα-

2289 1021 2556 1092 λειφθέντι
2587 1023 2695 1075 ἀπὸ
2721 1021 2812 1074 τοῦ
2842 1021 2990 1076 λαοῦ.
3024 1023 3182 1076 Ἀλλά
3197 1025 3290 1076 καὶ
3317 1023 3408 1077 τοῦ
3439 1023 3676 1094 ζηλῶσαί
3702 1040 3864 1095 φησιν

2289 1115 2350 1169 τδ
2378 1113 2730 1183 καταλειφθὲν
2754 1114 3042 1168 ὑπόλοιπον
3073 1114 3167 1168 τοῦ
3191 1115 3343 1168 λαοῦ.
3388 1115 3527 1168 Ἀνθ’
3557 1107 3618 1168 οὗ
3644 1115 3866 1206 συμφώ-

2290 1224 2397 1270 νως
2430 1209 2458 1259 ὁ
2497 1205 2724 1270 Ἀκύλας
2750 1207 2840 1259 καὶ
2873 1205 3186 1271 Θεοδοτίων,
3214 1205 3304 1260 τοῦ
3326 1206 3646 1278 κτήσασθαι,
3679 1205 3863 1277 φησιν,

2289 1301 2350 1354 τὺ
2373 1300 2681 1371 ὑπόλειμμα
2709 1298 2801 1353 τοῦ
2823 1299 2948 1352 λαοῦ
2973 1299 3156 1363 αὑτοῦ,
3179 1300 3207 1352 ὃ
3238 1300 3304 1353 ἂν
3331 1299 3604 1372 καταλίπῃ¹
3627 1300 3738 1354 ἀπὸ
3764 1299 3865 1353 τῶν

2304 1393 2598 1464 Ἀσσυρίων
2649 1392 2740 1445 καὶ
2785 1392 2894 1445 ἀπὸ
2941 1391 3047 1445 τῶν
3106 1391 3304 1446 λοιπῶν
3352 1390 3624 1462 πολεμίων
3676 1390 3862 1445 ἐθνῶν.

2291 1484 2460 1538 Τοῦτο
2503 1483 2559 1537 δὲ
2593 1483 2655 1536 τὸ
2699 1482 3052 1552 καταλειφθὲν
3082 1482 3172 1536 τοῦ
3222 1482 3351 1536 λαοῦ
3392 1483 3678 1537 ὑπόλοιπον
3726 1484 3864 1552 ἀρεῖ,

2292 1575 2476 1647 φησὶν,
2505 1578 2726 1646 σημεῖον
2757 1577 2836 1639 είς
2865 1574 2931 1628 τὰ
2953 1575 3104 1646 ἕθνηο
3139 1576 3324 1644 σαφῶς
3354 1575 3420 1628 δι’
3446 1574 3623 1627 αὐτῶν
3647 1575 3707 1627 τὸ
3741 1576 3865 1627 ἑαυ-

2291 1668 2384 1722 τοῦ
2418 1671 2642 1740 σημεῖον
2669 1671 2698 1722 ὁ
2726 1668 2928 1740 Κύριος
2950 1670 3008 1721 ὲν
3037 1669 3168 1721 πᾶσι
3200 1671 3313 1732 τοῖς
3341 1667 3547 1721 ἔθνεσιν
3572 1665 3870 1720 ἐπιδεικνύ-

2298 1777 2457 1831 μενος
2478 1777 2491 1790 ·
2521 1760 2616 1814 καὶ
2649 1759 2864 1824 συνάξει
2905 1759 2970 1812 δι’
3003 1759 3176 1813 αὐτῶν
3207 1761 3332 1823 τοὺς
3364 1759 3732 1831 ἀπολομένους
3773 1760 3869 1814 Ἰσ-

2296 1851 2451 1922 ραὴλ,
2484 1851 2728 1916 καὶτοὺς
2758 1850 3187 1924 διεσπαρμένους
3225 1852 3417 1917 Ἰούδα,
3466 1853 3532 1905 ὲκ
3557 1852 3664 1906 τῶν
3690 1851 3874 1906 τεσσά⁹

2297 1959 2405 2014 ρων
2438 1943 2722 2014 πτερύγων
2760 1943 2859 2014 τῆς
2903 1944 3007 2014 γῆς
3042 1944 3134 1996 ἐπὶ
3182 1945 3274 1997 τὸν
3315 1944 3548 2015 Χριστὸν
3587 1943 3683 1997 τοῦ
3715 1943 3872 2008 Θεοῦ,

2295 2033 2381 2088 διὰ
2419 2034 2511 2088 τοῦ
2546 2034 2654 2088 τῶν
2684 2035 2997 2090 ἀποστόλων
3044 2036 3207 2090 αύτοῦ
3250 2035 3600 2108 κηρύγματος
3644 2052 3873 2089 καταπε·

2299 2127 2591 2196 φευγότας·
2619 2130 2744 2189 τοὺς
2784 2127 3144 2199 συναχθέντας
3177 2124 3313 2181 εἶναι
3363 2128 3533 2197 λέγων
3563 2127 3673 2182 τῶν
3705 2127 3876 2181 πάλαι

2297 2218 2693 2289 ἀπῳκισμένων
2716 2219 2809 2272 καὶ
2837 2219 3233 2291 ἀφωρισμένων
3255 2223 3319 2274 ὲκ
3349 2219 3441 2274 τοῦ
3475 2218 3615 2275 κατά
3636 2220 3875 2274 διάνοιαν

2309 2309 2522 2381 Ἰσραὴλ
2561 2311 2655 2364 καὶ
2685 2309 2873 2363 Ἰούδα.
2921 2312 3134 2381 Τρόπος
3179 2311 3234 2364 δὲ
3285 2311 3504 2366 τοιῶνδε
3553 2311 3744 2382 ψυχῶν
3788 2313 3874 2365 τὸν

2296 2399 2546 2470 ἀληθινὸν
2593 2399 2810 2471 Ἰσραὴλ
2859 2401 2956 2454 τοῦ
3007 2401 3139 2454 Θεοῦ
3180 2402 3470 2466 δείκνυσιν,
3494 2403 3569 2466 ὡς
3609 2402 3876 2456 ἀνάπαλιν

2297 2488 2475 2560 φαύλη
2522 2490 2618 2544 καλ⁴
2669 2491 2918 2561 μοχθηρά
2961 2491 3197 2555 διάθεσις
3244 2492 3336 2545 τὸν
3386 2492 3526 2546 κατά
3567 2494 3749 2564 σάρκα
3780 2494 3876 2546 Ἰσο

2301 2579 2458 2651 ραὴλ,
2487 2581 2754 2652 ἄρχοντας
2792 2581 3042 2652 Σοδόμων
3086 2585 3177 2636 καὶ
3209 2583 3334 2636 λαὸν
3363 2583 3644 2656 Γομόρρας
3673 2601 3876 2656 χρημαρ

2297 2672 2464 2737 τίζειν
2510 2677 2673 2728 ποιεῖ.
2710 2675 2783 2728 Τὸ
2822 2677 2999 2729 τοίνυν
3045 2676 3250 2748 λεῖμμα
3292 2679 3409 2730 κατ’
3442 2678 3673 2748 ἐκλογὴν
3721 2680 3878 2751 χάρι-

2297 2779 2409 2826 τος,
2446 2765 2540 2816 καὶ
2577 2763 2637 2817 τὸ
2671 2764 2962 2835 λεγόμενον
3000 2768 3056 2818 ὲν
3079 2769 3145 2838 τῇ
3181 2767 3486 2839 προφητείᾳ
3519 2768 3879 2838 καταλειφθὲν

2299 2854 2591 2909 ὑπόλοιπον
2639 2856 2734 2910 τοῦ
2774 2857 2925 2922 λαοῦ,
2966 2858 3027 2910 τὸ
3071 2861 3295 2929 σημεῖον
3342 2858 3433 2912 τοῦ
3485 2860 3692 2932 Κυρίου
3750 2863 3885 2914 πᾶσι

2298 2951 2411 3012 τοῖς
2467 2948 2675 3002 ἔθνεσιν
2726 2948 3077 3022 ἀνεκήρυξεν,
3137 2950 3234 3004 καὶ
3272 2950 3370 3014 τὰς
3395 2951 3635 3005 ’τοιάσδε
3705 2952 3879 3023 ψυχάς

2297 3041 2407 3095 τῶν
2459 3041 2629 3095 ἐθνῶν
2671 3041 2730 3106 ἐξ
2768 3040 3040 3106 ἀπωλείας
3085 3042 3178 3094 ἐπὶ
3219 3042 3318 3113 τὴν
3355 3042 3449 3096 τοῦ
3493 3044 3700 3116 Κυρίου
3744 3043 3881 3113 γνῶ-

629 3135 774 3206 quia
825 3134 992 3205 igitur
1032 3133 1332 3188 secundum
1373 3131 1693 3187 electionem
1727 3132 1932 3203 gratiae,
1963 3138 2016 3186 et
2052 3131 2198 3202 quod

2303 3151 2387 3189 σιν
2449 3133 2886 3206 ὲφελκυσάμενον
2911 3175 2928 3200 ,
2987 3135 3081 3190 ἕνα
3140 3134 3265 3188 λαὸν
3329 3136 3523 3207 συνῆξε
3577 3137 3658 3208 τῷ
3720 3138 3841 3208 Θεῷ
3865 3181 3878 3202 ,

632 3229 688 3282 in
744 3226 1028 3299 prophetia
1077 3226 1297 3289 dicitur,
1357 3225 1607 3280 relictum
1653 3222 1933 3279 residuum
1988 3220 2195 3294 populi,

631 3318 846 3388 signum
905 3316 1118 3372 Domlni
1179 3316 1320 3388 apud
1395 3324 1625 3372 cunctas
1684 3323 1872 3387 gentes
1933 3314 2199 3385 praedico.

629 3419 758 3468 runt
791 3429 805 3466 :
837 3419 894 3466 et
940 3411 1258 3465 istiusmodi
1298 3409 1542 3481 gentium
1593 3409 1805 3464 animas
1835 3408 1906 3463 ab
1955 3409 2196 3473 interitu,

629 3504 700 3562 ad
760 3504 973 3559 Domini
1044 3504 1408 3574 cognitionem
1474 3502 1787 3566 trahentes,
1844 3517 2014 3556 unum
2089 3500 2200 3558 Deo

628 3595 889 3666 populum
934 3593 1330 3658 confecerunt,
1382 3593 1477 3664 qui
1533 3608 1563 3646 a
1612 3600 1848 3664 quatuor
1895 3593 1997 3648 alis
2041 3601 2200 3648 terra:

627 3685 792 3741 hodie
839 3700 1056 3756 quoque
1116 3701 1223 3740 una
1281 3685 1488 3739 Christi
1559 3685 1761 3740 virtute
1831 3686 2197 3740 contrahitur.

633 3778 741 3848 77
764 3776 834 3831 Hi
862 3793 990 3833 vero
1032 3778 1137 3848 ipsi
1177 3777 1246 3832 de
1292 3775 1533 3832 Iudaica
1589 3779 1766 3848 gentis
1801 3779 2024 3834 interitu
2069 3794 2202 3834 con-

631 3870 836 3926 servati
861 3869 1142 3940 discipuli,
1183 3877 1238 3926 et
1296 3869 1529 3940 apostoli
1563 3869 1865 3928 Salvatoris
1913 3871 2200 3936 nostri,ex

631 3960 865 4017 diversis
897 3960 1153 4016 tribubus
1203 3961 1444 4025 oriundi,
1483 3961 1936 4029 una-vocatione,
1987 3977 2204 4032 unaque

632 4052 832 4122 gratia,
859 4059 1023 4121 atque
1058 4066 1170 4106 uno
1203 4059 1394 4108 sancto
1426 4050 1631 4124 Spiritu
1671 4053 1821 4126 digni
1845 4053 2042 4118 eﬂecti,
2085 4069 2204 4110 om-

633 4160 758 4199 nem
789 4159 1052 4208 amorem,
1086 4161 1246 4215 quem
1291 4146 1420 4201 olim
1453 4162 1582 4216 erga
1611 4147 1762 4216 ipsos
1791 4147 2070 4204 Hebraieae
2098 4149 2201 4202 tri-

629 4238 737 4293 bus
788 4237 1385 4307 babebaut,abjecturi
1437 4249 1610 4304 erant,
1657 4248 1717 4293 ut
1772 4241 1848 4293 ait
1896 4241 2200 4312 prophetia.

630 4329 992 4401 Cumiigitur
1036 4329 1224 4385 eodem
1278 4329 1558 4386 intellectu
1583 4330 1884 4402 eademque
1935 4333 2204 4408 sententia

631 4421 860 4492 perfecti
912 4430 1118 4487 essent,
1177 4439 1290 4478 non
1324 4423 1501 4479 solum
1557 4424 1925 4480 continentem
1976 4433 2199 4491 terram,

2301 3224 2394 3278 τὸν
2439 3228 2504 3279 ὲκ
2553 3226 2661 3279 τῶν
2716 3226 2998 3296 τεσσάρων
3052 3225 3336 3298 πτερύγων
3397 3227 3495 3297 τῆς
3550 3228 3653 3298 γῆς
3717 3229 3880 3282 εἰσέτι

2301 3317 2396 3374 νῦν
2447 3321 2512 3390 τῇ
2563 3317 2657 3371 τοῦ
2710 3317 2946 3390 Χριστοῦ
2992 3317 3218 3389 δυνάμει
3263 3318 3752 3390 συγκροτούμενον.
3793 3314 3882 3374 OB-

2301 3428 2385 3465 τοι
2412 3411 2469 3464 δὲ
2499 3411 2652 3464 αὐτοὶ
2689 3412 2737 3464 οἱ
2781 3411 2888 3465 ἀπὸ
2933 3410 3040 3465 τῶν
3085 3411 3438 3466 ἀπολωλότων
3476 3411 3579 3465 τοῦ
3617 3413 3880 3466 Ἰουδαίων

2303 3502 2488 3566 ἔθνους
2517 3501 2873 3566 διασωθέντες
2915 3501 3154 3573 μαθηταὶ
3184 3503 3277 3556 καὶ
3311 3502 3598 3556 ἀπόστολοι
3631 3503 3881 3575 Σωτῆρος

2302 3597 2480 3668 ἡμῶν,
2503 3596 2568 3649 ὲκ
2588 3594 2858 3666 διαφόρων
2881 3595 3062 3664 φυλῶν
3082 3595 3462 3666 τυγχάνοντες,
3481 3597 3610 3666 μιᾶς
3638 3596 3881 3666 κλήσεως

2303 3690 2395 3745 καὶ
2423 3688 2550 3760 μιᾶς
2579 3687 2801 3761 χάριτος
2843 3687 2959 3750 ἑνὸς
2997 3686 3315 3758 Πνεύματος
3355 3687 3506 3757 ἁγίου
3541 3689 3882 3759 κατηξιωμέ-

2303 3796 2402 3843 νοι,
2433 3781 2612 3834 πάντα
2637 3779 2797 3850 ζῆλον
2830 3778 2888 3830 ὃν
2922 3777 3086 3832 πάλαι
3123 3777 3257 3849 πρὸς
3287 3779 3484 3842 αὐτοὺς
3518 3775 3664 3849 εἶχον
3693 3781 3750 3833 αί
3791 3779 3880 3833 τοῦ

2315 3870 2581 3942 Ἐϐραίων
2620 3871 2804 3934 ἔθνους
2839 3868 3020 3939 φυλαὶ,
3053 3870 3468 3941 ἀπορρίψωσιν,
3506 3869 3580 3934 ὼς
3603 3873 3642 3942 ἡ
3669 3889 3883 3942 προφηο

2303 3963 2424 4017 τεία
2457 3965 2641 4033 φησίν.
2672 3962 3112 4034 Κατηρτισμένοι
3141 3962 3270 4032 γοῦν
3306 3963 3384 4033 τῷ
3406 3962 3554 4034 αύτῷ
3587 3964 3668 4017 νοῒ
3701 3965 3798 4018 καὶ
3821 3967 3880 4035 τῇ

2305 4058 2441 4128 αὐτῇ
2471 4055 2685 4130 γνώμῃ,
2734 4057 2794 4109 ού
2846 4056 3004 4127 μόνον
3049 4057 3146 4127 τὴν
3180 4057 3426 4128 ἦπειρον,
3471 4057 3605 4111 άλλά
3651 4058 3748 4112 καὶ
3789 4061 3884 4122 τάς

2305 4149 2501 4219 νήσους
2532 4147 2743 4219 διῆλθον
2787 4148 2893 4201 τῶν
2936 4147 3125 4212 ἐθνῶν,
3183 4149 3364 4213 πάσας
3409 4149 3745 4220 πανταχόθεν
3788 4151 3883 4213 τάς

2304 4242 2414 4294 τῶν
2461 4241 2762 4314 ἀνθρώπων
2802 4241 2979 4313 ψυχὰς
3015 4243 3439 4314 προνομεύοντες
3473 4245 3566 4297 καὶ
3607 4245 3882 4315 αἰχμαλω-

2306 4333 2551 4397 τεύοντες
2585 4334 2664 4395 είς
2703 4333 2802 4403 τὴν
2844 4333 3124 4404 ὑποταγὴν
3155 4332 3247 4386 τοῦ
3285 4334 3542 4406 Χριστοῦ,
3573 4335 3885 4398 ἀκολούθως

2306 4425 2382 4496 τῷ
2410 4425 2641 4498 χρησμῷ
2669 4427 2924 4497 φήσαντιο
2956 4445 2974 4477 ι
3005 4427 3116 4480 Καὶ
3141 4427 3572 4499 πετασθήσονται
3597 4428 3655 4480 ὲν
3678 4428 3884 4493 πλοίοις

631 4513 729 4568 sed
755 4521 810 4568 et
840 4513 1051 4568 insulas
1101 4514 1342 4582 gentium
1397 4516 1667 4586 pervagati
1715 4523 1866 4581 sunt,
1914 4524 1968 4571 et
2012 4533 2198 4573 omnes

2309 4517 2640 4587 ἀλλοφύλων,
2681 4516 2958 4571 θάλασσαν
3001 4519 3119 4588 ἅμα
3153 4518 3598 4590 προνομεύοντες,
3633 4519 3729 4574 καὶ
3759 4522 3885 4582 τοὺς

631 4605 875 4675 undique
901 4605 1185 4660 hominum
1213 4607 1424 4663 animas
1443 4608 1736 4678 depraedati
1762 4648 1777 4672 ,
1815 4624 1910 4663 eas
1941 4609 2198 4689 ducentes

2311 4613 2403 4681 ἀφ’
2435 4611 2585 4682 ἡλίου
2615 4610 2908 4666 ἀνατολῶν.
2952 4631 2971 4662 ι
3011 4612 3120 4666 Καὶ
3143 4611 3211 4664 τὰ
3243 4611 3404 4666 λοιπὰ
3446 4611 3502 4666 δὲ
3529 4611 3628 4682 τῆς
3673 4631 3887 4685 προφη-

633 4697 899 4766 captivas,
934 4705 994 4751 ut
1018 4697 1245 4768 imperio
1269 4698 1472 4754 Christi
1495 4701 1916 4775 subjicerentur.
1951 4701 2054 4769 Qui
2081 4704 2204 4773 qui-

631 4787 757 4842 dem
785 4787 839 4842 in
863 4788 967 4843 hoc
999 4797 1368 4846 consentanea
1407 4791 1484 4846 illi
1506 4793 1736 4865 oraculo
1779 4803 2028 4865 egerunt,
2057 4797 2200 4865 quod

632 4881 746 4935 ait:
777 4900 796 4932 ι
829 4880 894 4934 Et
920 4882 1180 4938 volabunt
1228 4882 1286 4937 in
1333 4885 1570 4956 navigiis
1615 4893 1907 4942 externum
1949 4903 2102 4944 mare
2130 4890 2204 4945 si-

630 4973 745 5027 mul
797 4971 1193 5044 depraedantes,
1228 4985 1282 5032 et
1311 4991 1429 5044 eos,
1465 4978 1559 5048 qui
1586 4979 1654 5034 ad
1684 4978 1817 5034 solis
1869 4989 2047 5034 ortum
2076 4995 2202 5051 spe-

629 5074 783 5122 ctaut
815 5066 880 5121 “.
915 5086 935 5120 ι
1000 5066 1230 5140 Reliqua
1273 5085 1402 5127 vero
1445 5069 1690 5140 ejusdem
1742 5070 2059 5142 prophetiae,
2116 5071 2204 5128 bis

632 5158 760 5213 item
800 5161 1153 5232 proportione
1197 5163 1531 5233 respondere
1556 5163 1877 5230 intueberis,
1912 5164 1958 5220 si
2009 5179 2203 5219 unam-

631 5265 907 5322 quamque
957 5254 1248 5310 dictionem
1289 5261 1468 5309 tecum
1501 5256 1618 5326 ipse
1659 5255 1944 5327 diligenter
1972 5271 2204 5328 perpen-

2309 4703 2460 4764 τείας
2485 4701 2693 4765 τούτοις
2718 4701 2992 4770 ἀναλόγως
3019 4700 3432 4772 ὲπιθεωρήσεις,
3465 4701 3716 4778 εκάστην,⁴
3740 4702 3886 4771 λέξιν

2311 4792 2464 4865 παρά
2497 4793 2674 4863 σαυτῷ
2719 4793 3032 4863 βασανίσας,
3070 4791 3161 4846 κιιῖ⁹
3209 4792 3317 4844 πᾶν
3353 4791 3451 4862 μὲν
3482 4792 3542 4844 τὸ
3581 4781 3884 4847 ἀσύστατον

2311 4886 2404 4938 καὶ
2438 4885 2689 4940 ταπεινὸν
2717 4884 2887 4956 αὐτῆς
2919 4883 3398 4954 διακρουσάμενος,
3431 4883 3528 4954 τὴν
3560 4884 3615 4937 δὲ
3645 4883 3883 4938 διάνοιαν

2308 4976 2399 5029 τοῦ
2432 4975 2759 5047 πνεύματος,
2787 4976 2861 5041 ὼς
2899 4976 2966 5030 ἂν
2997 4975 3131 5030 αὐτό
3167 4992 3249 5028 σοι
3280 4976 3341 5030 τὸ
3374 4975 3588 5046 πνεῦμα
3623 4975 3735 5028 τοῦ
3751 4974 3885 5030 Θεοῦ

2310 5067 2535 5141 θεωρεῖν
2581 5069 2846 5143 ὑποϐάλῃ,
2884 5071 3102 5141 νοήσας.
3157 5069 3316 5139 Ὑμῖν
3348 5067 3455 5140 γάρ
3484 5070 3512 5122 ὁ
3555 5069 3747 5141 καιρὸς
3788 5067 3885 5121 οὐκ

2309 5160 2595 5233 ἐπιτρέπει
2627 5163 2739 5227 τοῖς
2773 5162 2956 5224 τόποις
3009 5161 3102 5214 ἐπὶ
3154 5160 3334 5213 πλεῖον
3368 5159 3748 5230 ὲνδιατρίόειν,
3787 5161 3884 5229 τὴν

2311 5256 2677 5329 προκειμένην
2710 5253 2966 5307 ὑπόθεσιν
2997 5251 3252 5319 ἐξανύσαι
3280 5251 3782 5322 κατεπειγομένοις.

632 5363 800 5430 deris.
827 5374 880 5420 et
907 5371 1051 5439 quod
1080 5372 1300 5443 quidem
1332 5387 1398 5428 ex
1453 5389 1516 5429 ea
1558 5373 1875 5429 inconstans
1902 5375 1985 5428 vel
2007 5374 2212 5430 humile
2235 5374 2412 5430 visum
2442 5373 2629 5436 fuerit,
2684 5371 2965 5440 rejeceris,
3023 5368 3249 5432 spiritus
3285 5382 3413 5424 vero
3458 5367 3630 5437 ipsius
3687 5364 3882 5420 intelli-

634 5463 870 5531 gentiam
903 5473 1229 5538 perceperis,
1265 5477 1537 5542 quatenus
1562 5471 1678 5543 ipse
1731 5471 1829 5527 tibi
1853 5471 1947 5527 Dei
1999 5472 2228 5543 spiritus
2277 5468 2750 5542 contemplandum
2804 5467 3251 5538 suppeditaverit.
3279 5465 3446 5520 t‘vobis
3485 5465 3632 5519 enim
3667 5471 3877 5535 tempus

632 5571 740 5614 non
768 5564 1034 5630 permittit
1083 5567 1289 5626 diutius
1321 5569 1377 5626 iu
1407 5567 1494 5627 bis
1546 5568 1684 5628 locis
1745 5564 2049 5635 immorari,
2108 5569 2201 5640 qui
2226 5570 2510 5624 materiam
2552 5565 2882 5636 propositam
2913 5564 3195 5621 absolvere
3222 5561 3560 5620 festinamus.

704 5790 745 5824 ⁸⁵
775 5789 973 5854 15.1.31,
1011 5791 1094 5848 ιιι.
