4018 6502
172 426 270 480 H9

1064 425 1719 487 DEMONSTRATIONIS
1749 430 2204 488 ΕνΑΝαΕιιωΕ
2247 430 2370 486 LIB.
2418 431 2479 487 II.

3313 440 3409 497 I50

238 544 373 598 MB‘.
430 564 447 595 ι
492 546 602 599 Καὶ
634 546 952 616 ἑντελοῦμαι
1000 548 1065 617 τῇ
1117 549 1405 622 οἰκουμένη
1441 551 1537 624 ὅλῃ
1579 552 1743 617 κακὰ,

1915 550 2073 609 χιιι.
2102 570 2121 604 ι
2152 552 2219 607 Et
2249 554 2519 608 mandabo
2549 554 2666 608 orbi
2692 556 2945 610 universo
2973 555 3133 619 mala,
3159 564 3211 611 et
3230 556 3411 628 impiis

167 637 259 689 καὶ
279 638 394 697 τοῖς
416 636 640 689 ἀσεϐέσι
661 637 759 699 τὰς
778 638 1050 709 ἁμαρτίας
1064 639 1260 704 αὐτῶν,
1286 642 1379 699 καὶ
1393 640 1574 694 ἀπολῶ
1590 641 1656 694 ὒϐ
1665 658 1744 712 ριν

163 728 407 798 ἀνόμων,
462 730 560 782 καὶ
622 728 780 801 ὓϐριν
830 731 1193 802 ὑπερηφάνων
1243 733 1582 789 ταπεινώσω.
1636 736 1746 789 Καὶ

163 819 383 873 ἔσονται
433 823 484 873 οἱ
535 822 1088 894 ὲγκαταλελειμμένοι
1134 824 1343 898 ἔντιμοι
1392 827 1588 898 μᾶλλον
1617 827 1651 898 ἢ
1683 828 1745 881 τὸ

162 912 391 981 χρυσίον
414 912 477 965 τὸ
506 912 749 984 ἄπυρονον
767 915 862 967 καὶ
884 915 1167 987 ἄνθρωπος
1197 916 1409 988 ἔντιμος
1434 918 1583 971 ἔσται
1612 918 1745 990 μᾶλ-

161 1002 254 1054 λον
292 1002 325 1072 ἢ
370 1004 403 1056 6
436 1002 584 1067 λίθος
622 1007 651 1057 6
692 1007 765 1059 ὲκι
805 1007 1057 1080 Σουφείρ.
1097 1028 1116 1060 ι
1165 1011 1275 1063 Καὶ⁸
1314 1009 1439 1082 ἑξῆς
1481 1010 1738 1078 ἐπιλέγει·

166 1113 189 1147 σ
217 1094 330 1147 Καὶ
361 1096 581 1151 ἔσονται
607 1100 666 1151 οἱ·
687 1100 1165 1172 καταλελειμμένοι
1196 1103 1271 1167 ὡς
1301 1103 1578 1174 δορκάδιον.
1612 1103 1742 1173 φεῦ-

161 1205 281 1258 γον,
306 1189 408 1242 καὶ
428 1190 507 1253 ὡς
536 1190 807 1262 πρόϐατον
835 1193 1203 1265 πλανώμενον.
1242 1214 1261 1248 ι
1298 1196 1408 1249 Καὶ
1436 1197 1521 1251 διὰ
1542 1196 1743 1251 τούτων

166 1282 222 1333 τὸ
256 1282 493 1335 σπάνιον
522 1282 630 1335 τῶν
670 1282 1064 1354 σωθησομένων
1109 1286 1166 1339 ἐν
1193 1285 1271 1356 τῷ
1298 1287 1474 1358 καιρῷ
1510 1286 1609 1356 τῆς
1636 1287 1743 1341 τῶν

163 1372 380 1425 ἀσεϐῶν
434 1373 709 1437 ἀπωλείας
761 1375 1073 1444 σαφέστατα
1120 1378 1149 1429 6
1190 1375 1345 1444 λόγος
1385 1377 1739 1449 παρίστησινν

164 1464 304 1515 ὥστε
344 1465 425 1535 μὴ
476 1463 659 1537 χώραν
696 1465 837 1535 ἔχειν
878 1467 1123 1520 ὑπονοεῖν
1163 1467 1490 1540 ἀδιακρίτως
1536 1469 1743 1533 πάντας

162 1554 522 1621 ἁπαξαπλῶς
536 1559 663 1619 τοὺς
686 1559 751 1610 ἐκ
771 1558 1091 1629 περιτομῆς,
1124 1560 1221 1612 καὶ
1244 1561 1353 1613 πᾶν
1371 1559 1433 1614 τὸ
1474 1561 1743 1616 Ἰουδαίων

160 1649 336 1713 ίθνος,
374 1648 605 1703 τῶν-τοῦ
630 1649 765 1704 Θεοῦ
798 1651 1076 1716 τεύξεσθαι
1107 1653 1460 1723 ἐπαγγελιῶν.

1845 653 2065 713 peccata
2095 645 2338 713 ipsorum
2363 685 2379 709 ,
2428 653 2483 700 et
2520 645 2744 715 perdam
2795 648 3047 715 injuriam
3078 648 3407 716 iniquorum.

1844 743 1897 790 et
1923 737 2311 791 contumeliam
2364 738 2725 807 superborum
2780 738 3100 793 humiliabo.
3142 739 3205 792 Et
3250 752 3410 797 erunt

1844 826 1935 895 qui
1966 827 2327 881 remanserint
2355 827 2578 896 pretiosi
2604 829 2796 899 magis,
2829 844 2991 899 quam
3050 845 3241 884 aurum
3264 833 3408 901 quod

1843 916 2019 988 ignem
2053 932 2162 971 non
2208 918 2411 972 sentit:
2441 926 2501 972 et
2535 918 2697 972 homo
2740 920 3012 989 pretiosus
3057 921 3162 975 erit
3213 922 3408 991 magis,

1843 1022 2007 1078 quam
2057 1008 2201 1078 lapis
2247 1008 2304 1062 in
2350 1006 2552 1078 Suphir
2584 1010 2651 1074 ⁸³,
2703 1024 2766 1063 ac
2800 1009 3057 1081 deinceps
3118 1012 3406 1083 adiungit:

1850 1115 1879 1147 ι.
1906 1096 1975 1150 Et
1991 1104 2172 1163 erunt,
2210 1116 2237 1148 ιν
2283 1100 2375 1167 qui
2414 1097 2589 1153 relicti
2648 1097 2872 1163 fuerint,
2907 1118 2927 1151 ι
2959 1102 3118 1171 quasi
3159 1105 3410 1172 capreoli

1844 1184 2076 1256 fugiens,
2111 1195 2169 1241 et
2205 1186 2361 1255 quasi
2388 1186 2507 1240 ovis
2527 1185 2835 1240 errabunda
2861 1186 2906 1218 ⁸⁸
2938 1203 2949 1237 :
2994 1206 3014 1238 ›
3047 1195 3207 1257 atque
3239 1188 3292 1240 iu
3324 1188 3411 1244 his

1843 1278 2059 1348 quidem
2090 1280 2416 1349 paucitatem
2431 1293 2645 1343 eorum,
2676 1279 2769 1348 qui
2783 1277 3115 1348 superfuturi
3138 1280 3251 1333 sint
3272 1286 3411 1334 tem-

1842 1384 1973 1437 pore
2029 1371 2280 1425 interitus
2332 1369 2663 1440 impiorum,
2729 1370 2817 1424 hic
2864 1384 3043 1425 sermo
3096 1370 3411 1440 planissime

1844 1464 2217 1521 ostenditzex
2245 1480 2355 1535 quo
2416 1463 2469 1518 id
2525 1463 2899 1533 intelligimus,
2958 1463 3077 1518 sine
3101 1464 3209 1519 ulla
3257 1479 3411 1519 exce-

1844 1556 2058 1627 ptione,
2097 1557 2366 1612 carituros
2403 1571 2524 1612 esse
2556 1556 2770 1626 propria
2806 1554 3027 1622 regione
3065 1570 3256 1610 omnes
3293 1571 3412 1611 om-

1842 1647 1994 1714 nino,
2031 1649 2123 1718 qui
2156 1648 2223 1702 ad
2252 1646 2724 1702 circumcisionem
2754 1646 3044 1716 pertinent,
3098 1653 3261 1715 atque
3296 1660 3412 1700 om-

1844 1754 1968 1793 nem
1999 1737 2285 1794 Iudaicam
2336 1747 2571 1807 gentem,
2622 1738 2902 1806 promissa.
2926 1737 3119 1792 divina.
3143 1753 3249 1791 non
3290 1752 3412 1792 esse

1846 1838 2282 1885 consecuturam.

234 1910 372 1963 ΜΓ.
418 1927 437 1960 ι
474 1910 585 1963 Καὶ
614 1908 765 1962 ἔσται
808 1909 865 1962 ὲν
889 1912 955 1981 τῇ
980 1909 1162 1981 ἡμέρα
1190 1910 1370 1981 ἐκείνῃ
1404 1910 1638 1981 ἔκλειψις
1659 1911 1745 1964 δό-

1920 1921 2099 1977 XLIII.
2148 1940 2172 1973 ι
2205 1920 2277 1975 Et
2301 1920 2478 1989 eritlin
2506 1920 2592 1974 die
2625 1920 2725 1974 illa.
2739 1919 2987 1976 defectus
3015 1921 3201 1991 gloriae
3219 1917 3411 1978 Jacob.

162 2001 267 2070 ξης
304 2000 529 2065 Ἰακὼϐ,
554 2002 646 2055 καὶ
674 2000 744 2055 τὰ
767 2001 922 2055 πίονα
944 2002 1044 2072 τῆς
1070 2001 1227 2073 δόξης
1245 2000 1408 2055 αὑτοῦ
1438 2003 1745 2075 σεισθήσον-

161 2110 275 2146 ται.
310 2094 424 2146 Καὶ
457 2093 612 2146 ἔσται
644 2093 938 2165 ὃντρόπον
975 2093 1069 2147 ὲάν
1100 2111 1184 2158 τις
1225 2095 1509 2168 συναγάγῃ
1535 2095 1745 2166 ἀμητὸν

160 2187 463 2254 ἑστηκότα,
508 2187 600 2239 καὶ
647 2185 872 2258 σπέρμα
915 2186 1160 2257 σταχύων
1203 2187 1410 2261 ἀμήσῃ·
1458 2190 1551 2241 καὶ
1592 2188 1744 2241 ἔσται

161 2279 221 2329 ὃν
261 2278 469 2349 τρόπον
523 2279 617 2331 ἐάν
664 2294 747 2341 τις
787 2278 1071 2348 συναγάγῃ
1111 2278 1345 2348 στάχυας
1397 2281 1454 2331 ὲν
1503 2279 1747 2351 φάραγγι

166 2371 391 2440 στερεᾷ,
424 2369 521 2423 καὶ
544 2368 871 2440 καταλειφθῇ
903 2371 961 2422 ὲν
985 2371 1123 2440 αὐτῇ
1147 2372 1383 2443 καλάμηο
1418 2372 1450 2442 ἢ
1476 2373 1551 2436 ὼς
1573 2373 1746 2443 ρὦες

162 2460 355 2522 ἐλαίας
383 2459 501 2527 δύο,
528 2460 563 2530 ἦ
590 2463 739 2531 τρεῖς
767 2461 851 2512 ἐπ’
878 2461 1047 2532 ἄκρου
1083 2462 1377 2534 μετεώρου,
1404 2465 1436 2534 ἢ
1462 2465 1742 2535 τέσσαρες,

169 2554 197 2618 ἢ
232 2554 398 2605 πέντε
434 2551 531 2604 ἐπὶ
562 2551 669 2605 τῶν
708 2551 914 2605 κλάδων
945 2552 1123 2605 αὐτῶν
1152 2554 1569 2622 καταλειφθῶσι.
1610 2556 1746 2609 Τάδε

166 2643 313 2711 λέγει
353 2643 565 2714 Κύριος
592 2646 619 2696 6
652 2642 784 2706 Θεὸς
811 2642 905 2696 τοῦ
957 2645 1171 2715 Ἰσραήλ
1192 2662 1204 2675 ·
1241 2645 1318 2717 Τῇ
1352 2645 1535 2718 ἡμέρᾳ
1564 2646 1744 2717 ἐκείνῃ

172 2732 451 2797 πεποιθὼς
482 2733 635 2787 ἔσται
676 2733 955 2806 ἄνθρωπος
1001 2736 1093 2788 ἐπὶ
1134 2735 1212 2807 τῷ
1242 2739 1525 2808 ποιήσαντι
1563 2738 1741 2791 αὐτόν·

165 2828 213 2881 οἱ
245 2827 303 2879 δὲ
336 2825 613 2897 ὀφθαλμοὶ
644 2825 808 2878 αὑτοῦ
836 2828 915 2890 εἰς
938 2827 1029 2881 τὸν
1061 2828 1213 2895 ἅγιον
1253 2828 1345 2881 τοῦ
1394 2829 1606 2901 Ἰσραὴλ
1649 2832 1747 2901 έμ-

170 2918 485 2986 ὄλέψονται,
522 2918 614 2971 καὶ
646 2918 705 2969 ού
744 2918 817 2989 μὴ
854 2917 1167 2982 πεποιθότες
1212 2913 1343 2973 ὦσιν
1374 2922 1465 2973 ἐπὶ
1494 2924 1605 2984 τοῖς
1641 2921 1747 2991 βω-

170 3013 310 3079 μοίς,
370 3009 495 3063 οὐδὲ
539 3010 633 3061 ἐπὶ
677 3012 787 3072 τοῖς
841 3010 1020 3080 ἔργοις
1058 3012 1165 3063 τῶν
1218 3012 1415 3082 χειρῶν
1459 3014 1657 3077 αὐτῶν,
1711 3012 1755 3065 ἃ..

170 3106 438 3175 ῖποίησαν
463 3105 514 3157 οἱ
547 3104 797 3158 δάκτυλοι
824 3103 1023 3157 αὐτῶν.
1062 3124 1079 3155 ι
1117 3105 1227 3158 Καὶ
1246 3105 1332 3159 διά
1356 3106 1556 3159 τούτων
1586 3107 1745 3178 ἐναρι-

176 3198 282 3265 (ὦς
322 3197 642 3260 θεσπίζεται
690 3199 722 3267 ή
760 3196 884 3261 δόξα
935 3196 1027 3249 τοῦ
1077 3197 1289 3268 Ἰσραὴλ
1333 3200 1425 3253 καὶ
1467 3199 1641 3253 πάντα
1679 3197 1748 3251 τά

174 3291 334 3342 πίονα
383 3288 568 3341 αὐτῶν
597 3286 1108 3359 καθαιρεθήσεσθαι,
1158 3288 1325 3356 ὀλίγοι
1362 3290 1418 3342 δὲ
1464 3286 1617 3354 αὖθις
1653 3292 1748 3343 καὶ

173 3380 394 3451 ἀριθ
426 3381 644 3450 ληπτοὶ,
668 3379 813 3433 ὠσάν
838 3379 1023 3443 ἐλαίας
1049 3382 1106 3433 ὲν
1132 3380 1281 3450 φυτῷ
1307 3380 1480 3452 ρὦες
1509 3382 1761 3454 βραχεῖςΡ

174 3470 711 3541 καταλειφθήσεσθαι
743 3470 1009 3538 λέγονται·
1061 3466 1203 3525 οὗτοι
1246 3470 1301 3523 δὲ
1346 3472 1410 3525 ἂν
1447 3467 1557 3526 εἷεν
1609 3475 1656 3526 οἱ
1690 3472 1750 3538 ἐξ

174 3562 357 3614 αὐτῶν
395 3563 480 3625 εἰς
518 3561 609 3614 τὸν
652 3560 854 3633 Κύριον
906 3561 1062 3633 ⁴ἡμῶν
1106 3563 1547 3629 πεπιστευκότες.
1594 3564 1749 3618 Ἀκο-

176 3654 380 3716 ωύθως
440 3653 499 3705 δὲ
551 3653 687 3723 μετά
733 3653 801 3706 τὰ
859 3655 985 3724 περ)⁸
1035 3654 1259 3707 ἐκείνων
1308 3655 1589 3726 εἰρημένα,
1623 3657 1750 3727 περὶ

175 3746 376 3810 παντὸς
442 3744 762 3816 ἀνθρώπων.
797 3746 985 3814 γένους
1042 3746 1594 3818 ἀποστραφησομένου
1652 3748 1750 3818 τὴν

177 3841 317 3892 κατά
357 3836 431 3891 τὰ
466 3837 659 3890 εἴδωλα
689 3836 919 3906 πλάνην,
958 3837 1392 3908 ἐπιγνωσθμένου
1422 3838 1595 3893 eam
1620 3838 1764 3894 95.be

186 3931 428 4002 Ἰσραὴλ,
468 3928 887 4000 προφητεύεται.

245 4024 377 4076 MA'.
418 4041 439 4074 ι
494 4022 1015 4092 Ἀκούσατε,ηνῆσοι,
1063 4024 1611 4095 ὲγκαταλελειμμένοι
1658 4026 1761 4080 καὶ

183 4112 532 4183 ὀδυνώμενοι,
570 4112 863 4176 ἀκούσατε,
889 4112 925 4165 ἃ.
971 4114 1180 4183 ἥκουσα
1211 4114 1362 4184 παρὰ
1397 4116 1601 4188 Κυρίου
1646 4118 1749 4169 Σα-

180 4205 344 4259 ϐαώθ·
376 4207 407 4258 6
455 4204 587 4267 Θεὸς
619 4203 717 4257 τοῦ
755 4205 968 4275 Ἰσραὴλ
1010 4207 1327 4277 ἀνήγγειλεν
1361 4211 1515 4279 ήμίν.
1552 4228 1571 4260 ι
1608 4211 1750 4281 Ὅρα

186 4298 295 4352 τίνα
335 4299 541 4370 τρόπον
584 4299 675 4351 καὶ
720 4297 949 4352 ἐνταῦθα
998 4300 1058 4352 ού
1092 4302 1297 4365 πάντας
1332 4303 1458 4365 τοὺς
1500 4305 1564 4355 ὲκ
1597 4321 1751 4373 περι-

182 4393 347 4462 τομῆς
389 4393 488 4443 ἐπὶ
516 4392 614 4461 τὴν
636 4390 743 4444 τῶν
760 4393 1395 4464 -ἁπορρήτωνάκρόασιν
1423 4395 1753 4465 παρακαλεῖ,

184 4482 289 4535 ἀλλ’
340 4482 375 4553 ἥ
427 4482 645 4553 μόνους,
682 4481 775 4546 οὒς
813 4481 1066 4552 ὀνομάζει
1101 4484 1623 4554 καταλελειμμένους
1659 4488 1765 4539 καις

186 4573 583 4644 ὀδυνωμένουςο
642 4568 742 4627 οἷοι
787 4571 925 4646 ἦσαν
975 4579 1024 4629 οἱ
1073 4575 1214 4628 κατά
1258 4574 1347 4626 τὸν
1410 4575 1748 4640 Ἀπόστολον,

1844 2023 1898 2070 et
1926 2015 2144 2085 pinguia
2169 2014 2353 2085 gloria;
2375 2013 2548 2082 ipsius
2576 2013 3003 2082 quassabuntur.
3022 2009 3088 2064 Ει
3101 2010 3204 2065 erit
3231 2024 3413 2079 quem-

1846 2105 2136 2162 admodum
2169 2106 2216 2161 si
2242 2105 2368 2175 quis
2383 2104 2609 2173 colligat»
2626 2119 2857 2159 messem
2882 2110 3138 2168 stantem,
3156 2108 3211 2157 et
3228 2116 3413 2156 semen

1846 2197 2119 2265 spicarum
2146 2202 2345 2261 metut;
2383 2200 2436 2247 et
2463 2193 2566 2246 erit
2588 2192 3044 2262 quemadmodum
3074 2192 3122 2247 si
3145 2191 3270 2262 quis
3303 2190 3413 2245 col-

1846 2290 1979 2358 ligat
2002 2289 2178 2357 spicas
2222 2287 2281 2341 in
2336 2287 2583 2341 convalle
2612 2284 2809 2349 solida,
2845 2292 2899 2341 et
2931 2285 3042 2355 78
3074 2284 3264 2340 relicta
3298 2282 3413 2336 fue‘

1847 2382 1917 2434 rit
1945 2380 1999 2433 in
2050 2394 2114 2434 ea
2155 2377 2393 2448 stipula;
2424 2386 2518 2431 aut
2550 2376 2709 2447 quasi
2733 2376 2913 2430 baccae
2938 2376 3095 2430 oliva:
3128 2374 3269 2437 duae,
3300 2375 3413 2429 sive

1845 2478 1958 2526 tres
1995 2470 2053 2523 in
2102 2469 2387 2524 cacumine
2416 2465 2661 2529 sublimi,
2693 2481 2789 2521 seu
2818 2473 3076 2535 quatuor,
3110 2479 3206 2520 seu
3253 2462 3419 2532 quin-

1846 2578 1952 2632 que
1979 2565 2035 2616 in
2070 2561 2239 2617 ramis
2260 2558 2395 2631 ipsis
2416 2558 2620 2614 relictae
2649 2556 2872 2612 fuerint.
2909 2556 3033 2611 Haec
3066 2556 3199 2609 dicit
3230 2553 3426 2609 Domi.»

1847 2670 1952 2709 nus
1979 2653 2122 2710 Deus
2151 2651 2318 2708 Israel
2355 2666 2367 2699 :
2404 2648 2463 2703 In
2492 2648 2580 2703 die
2606 2648 2698 2702 illa
2718 2646 2998 2702 conlidens
3028 2646 3131 2701 erit
3166 2646 3328 2699 homo
3358 2644 3427 2697 in,

1846 2761 1931 2809 eo,
1955 2745 2048 2816 qui
2080 2742 2207 2798 fecit
2254 2742 2433 2813 ipsum
2468 2759 2480 2793 :
2516 2738 2659 2793 oculi
2692 2745 2872 2792 autem
2910 2738 3031 2806 ejus
3068 2737 3133 2791 ad
3165 2743 3413 2791 sanctum

1846 2837 2013 2892 Israel
2070 2834 2381 2905 respicient,
2410 2839 2464 2887 et
2491 2845 2599 2885 non
2648 2837 2817 2885 erunt
2839 2830 3174 2884 confidentes
3195 2831 3250 2881 in
3279 2828 3415 2880 altae

1848 2931 2019 2992 riius,
2050 2944 2225 2998 neque
2247 2928 2302 2982 in
2325 2927 2583 2998 operibus
2603 2940 2862 2980 manuum
2900 2936 3143 2985 suarum,
3185 2934 3307 2990 qua:
3338 2919 3430 2973 fc-.

1848 3032 2041 3076 cerum
2074 3019 2229 3089 digiti
2256 3018 2511 3089 ipsorum
2526 3019 2592 3072 ⁵⁸.
2618 3036 2637 3069 ι
2673 3015 2737 3071 1n
2775 3015 2860 3070 his
2894 3027 3113 3084 quoque
3136 3011 3415 3065 evidenter

1848 3112 2105 3176 canitur»;
2141 3109 2599 3183 quemadmodum
2653 3109 2827 3180 gloria
2867 3106 3053 3167 Israel,
3114 3112 3169 3159 et
3218 3111 3433 3157 cuncta.

1852 3205 2072 3275 pinguia
2098 3219 2286 3259 eorum
2318 3202 2615 3258 auferenda
2645 3203 2793 3268 sint,
2815 3210 2869 3256 et
2910 3198 3068 3270 pauci
3096 3210 3290 3251 rursus
3314 3210 3416 3248 nu-

1851 3311 2119 3365 meroque
2167 3294 2690 3365 comprehensibiles
2735 3288 3075 3362 relinquendi
3109 3305 3121 3339 :
3155 3295 3321 3356 atque
3360 3286 3433 3338 hi.

1848 3390 2063 3459 quidem
2088 3396 2272 3453 erunt,
2307 3388 2400 3458 qui
2426 3389 2600 3444 escis
2624 3387 2679 3441 in
2702 3385 2989 3440 Dominum
3020 3390 3268 3437 nostrum
3296 3394 3415 3433 cre-

1848 3483 2104 3538 diderint.
2138 3481 2405 3550 Deinceps
2436 3486 2615 3534 autem
2637 3487 2762 3548 post
2790 3492 2853 3533 ea
2886 3492 3007 3547 quae
3039 3474 3107 3531 de
3134 3476 3243 3531 illis
3268 3473 3436 3529 dicta.

1850 3582 1995 3638 sunt,
2025 3574 2105 3640 de,
2124 3574 2383 3629 universo
2412 3588 2610 3644 genere
2666 3572 2944 3627 hominum
2967 3609 2981 3633 ,
3018 3568 3162 3639 quod
3193 3582 3416 3623 aversu~

1850 3680 1971 3719 rum
2001 3681 2059 3720 se
2087 3665 2159 3719 sit
2179 3663 2247 3718 ab
2267 3676 2453 3718 errore
2486 3660 2923 3724 simulacrorum,
2944 3656 3222 3725 Deumque
3253 3654 3442 3709 Israel.

1850 3758 2180 3828 agniturum,
2198 3753 2516 3811 vaticinium
2553 3752 2818 3822 sequitur.

1921 4016 2104 4073 XLIV.
2132 4034 2157 4068 ‹
2178 4015 2405 4080 Audite,
2428 4014 2638 4075 insulae,
2665 4009 3121 4082 qurrelicti-estis
3147 4015 3201 4062 et
3232 4006 3417 4061 dolore

1852 4107 2174 4164 cruciamini
2199 4122 2214 4161 :
2242 4107 2424 4161 audite
2448 4120 2569 4175 quae
2602 4102 2785 4157 audivi
2823 4118 2853 4155 a
2878 4100 3107 4157 Domino
3138 4098 3377 4153 Sabaoth
3408 4111 3433 4161 ;_

1852 4200 1999 4255 Deus
2027 4199 2196 4256 Israel
2246 4196 2516 4252 nuntiavit
2568 4194 2727 4249 nobis
2750 4186 2816 4247 ⁸⁸.
2857 4213 2875 4245 ι
2911 4191 3106 4262 Specta
3155 4188 3439 4260 quemad»

1852 4291 2074 4345 modum
2099 4290 2189 4343 hic
2224 4292 2447 4359 quoque
2475 4302 2583 4341 non
2625 4300 2837 4347 omnes,
2891 4284 2982 4353 qui
3019 4283 3086 4337 ad
3131 4282 3412 4336 circumci-

1856 4385 2066 4441 sionem
2088 4389 2358 4454 spectant,
2393 4380 2461 4434 ad
2487 4377 2757 4449 ejusmodi
2804 4390 3008 4430 arcana
3036 4372 3304 4429 audienda
3339 4374 3420 4425 iu-_

1854 4477 2009 4541 vitet,
2032 4475 2126 4531 sed
2150 4475 2297 4531 solos
2317 4489 2436 4539 eos,
2480 4488 2619 4543 quos
2639 4470 2772 4525 dicit
2811 4468 3033 4523 relictos
3067 4481 3209 4529 esse,
3232 4480 3296 4519 ac
3317 4463 3419 4517 do-

1856 4568 1970 4624 lore
1994 4566 2229 4622 cruciari
2258 4584 2270 4619 :
2296 4564 2486 4635 quales
2541 4568 2718 4626 erant,
2756 4560 2872 4630 qui,
2898 4568 2957 4613 ut
3000 4557 3074 4611 ait
3103 4556 3420 4627 Apostolus,

188 4666 537 4730 στενάζοντες
575 4666 669 4719 καὶ
706 4666 1101 4737 ἀποκλαόμενοι
1146 4664 1243 4736 τὴν
1284 4665 1479 4718 κακίαν
1517 4665 1617 4733 τοῦ,
1643 4666 1749 4719 τῶν

1851 4660 2144 4733 gemebant.
2169 4673 2232 4713 ac
2253 4633 2608 4727 deplorabant
2654 4654 2915 4708 malitiam
2956 4652 3077 4705 vitae
3116 4649 3420 4705 hominum.

188 4756 274 4809 ἀνθ
282 4757 486 4829 ρώπων
518 4756 652 4826 βίου.

253 4852 381 4904 ME’.
426 4870 445 4902 ι
501 4850 832 4921 Ἐπένθησαν
873 4852 921 4903 οἱ
951 4850 1159 4921 ὑψηλοὶ
1192 4850 1290 4919 τῆς
1333 4850 1465 4919 γῆς,
1514 4850 1546 4920 ἡ
1586 4849 1643 4902 δὲ
1683 4850 1754 4920 γῆ

192 4944 427 5015 ἡνόμησε
484 4942 574 4996 διὰ
621 4944 747 5006 τοὺς
786 4943 1173 5005 κατοικοῦντας
1224 4944 1412 5013 αὑτήν.
1465 4944 1562 4996 Διὰ
1596 4943 1757 4996 τοῦτο

193 5040 387 5105 πτωχοὶ
414 5035 631 5089 ἔσονται
659 5036 707 5086 οἱ
745 5031 1080 5097 ἐνοικοῦντες
1115 5035 1207 5087 ἐπὶ
1236 5034 1333 5104 τῆς
1376 5034 1497 5104 γῆς,
1530 5035 1623 5087 καὶ
1658 5052 1755 5087 κα-

199 5125 637 5196 ταλειφθήσονται
675 5123 949 5195 ἄνθρωποι
979 5124 1169 5192 ὀλίγοι.
1215 5144 1232 5175 ι
1286 5125 1395 5177 Καὶ
1441 5124 1498 5175 ὲν
1548 5123 1757 5186 τούτοις

196 5218 305 5281 τοὺς
358 5216 816 5289 παραϐεϐηκότας
865 5217 957 5271 τὸν
1000 5217 1183 5287 νόμον,
1226 5217 1319 5271 καὶ
1361 5215 1457 5285 τὴν
1497 5214 1590 5268 τοῦ
1621 5214 1756 5268 Θεοῦ

197 5308 447 5380 διαθήκην
475 5308 569 5361 τοῦ
582 5309 661 5376 ,ἐκ
695 5308 995 5378 περιτομῆς
1023 5306 1151 5360 λαοῦ
1178 5304 1503 5373 ἀπελέγξας.
1534 5305 1759 5377 ἀπειλή-

201 5414 286 5461 σας
304 5417 362 5452 τε
394 5400 581 5461 αὐτοῖς
618 5398 688 5452 τά
720 5397 1203 5469 ἀναγεγραμμένα,
1233 5394 1758 5467 καταλειφθήσεσθαι

201 5490 505 5561 ἀνθρώπους
540 5490 601 5554 ἐξ
626 5489 804 5544 αὐτῶν
842 5490 1053 5557 ὀλίγους
1087 5488 1442 5561 προφητεύει’
1476 5482 1583 5540 εἶεν
1624 5486 1666 5539 δ’
1693 5487 1759 5541 ἂν

203 5577 334 5639 οὗτοι
372 5585 431 5638 τὺ
461 5584 850 5655 ὠνομασμένον
891 5584 1040 5654 παρά
1078 5583 1156 5653 τῷ
1209 5582 1512 5651 ’Λποστόλῳ
1555 5581 1759 5651 λεῖμμα

207 5678 309 5729 δια-ι’
337 5676 561 5747 ἐκλογὴν
597 5676 725 5746 χάρ.
739 5694 836 5736 τος.

274 5856 312 5885 ⁸³
342 5854 438 5911 lsa.
461 5873 579 5914 xm.
602 5858 684 5924 Il,
716 5857 799 5911 l2.
880 5858 923 5890 °"
958 5858 1091 5914 Ibid.
1123 5858 1206 5913 Η.
1288 5856 1329 5890 ⁸⁵
1357 5856 1610 5913 Isa.xvu.
1640 5853 1749 5909 4-8.

1848 5856 1877 5889 ⁵⁸
1910 5853 2013 5911 Isa.
2048 5870 2193 5912 χιιι.
2237 5854 2283 5908 Ι.
2312 5853 2365 5908 2.
2450 5855 2490 5886 ⁶⁷
2512 5852 2612 5907 Isa.
2644 5867 2790 5907 xxrv.
2812 5849 2917 5906 ἀνθ.

1924 4843 2088 4901 XLV.
2131 4843 2452 4898 (Luxerunt
2477 4840 2680 4896 excelsi
2724 4846 2902 4903 terra).
2949 4845 3003 4890 et
3056 4844 3207 4890 terra
3238 4832 3424 4902 inique

1852 4940 1961 5009 egit
1989 4946 2207 5009 propter
2236 4936 2543 4990 habitantes
2574 4947 2721 4988 eam.
2764 4931 2975 4985 Idcirco
3030 4929 3221 4997 inapes
3266 4930 3443 4979 erunt,

1854 5028 2223 5083 inhabitantes
2275 5027 2330 5081 in
2392 5035 2556 5090 terra,
2620 5032 2675 5079 et
2738 5024 3115 5092 relinquentur
3175 5018 3441 5073 homines.

1854 5120 2013 5191 pauci
2044 5121 2111 5175 ⁸⁷.
2135 5139 2154 5171 ι
2191 5118 2249 5172 1η
2276 5118 2363 5173 his
2404 5133 2620 5187 quoque
2650 5115 2747 5169 ubi
2802 5129 2897 5169 eos
2926 5108 3294 5181 reprehendit,
3332 5109 3443 5177 qui.

1854 5226 1919 5265 ex
1952 5208 2151 5280 populo
2184 5207 2621 5263 circumcisionis
2658 5205 2829 5274 legem
2890 5201 3006 5264 Dei,
3033 5208 3087 5255 et
3124 5206 3427 5254 testamen-

1854 5312 1970 5357 tum
1992 5300 2440 5370 contempserint,
2468 5307 2525 5354 et
2542 5299 2625 5353 eis
2653 5298 2895 5350 minatus
2920 5300 3004 5348 est
3050 5305 3113 5347 ea
3143 5306 3271 5361 qua:
3290 5291 3427 5345 scri-

1859 5406 1946 5465 pta
1975 5401 2137 5459 sunt;
2169 5402 2284 5447 tum
2316 5410 2382 5448 ex
2435 5393 2545 5446 illis
2572 5404 2775 5462 paucos
2825 5385 3074 5441 homines
3124 5400 3247 5439 esse
3264 5383 3427 5436 relin-

1858 5486 2105 5559 quendos
2130 5485 2478 5539 vaticinatur.
2506 5483 2572 5537 Hi
2602 5498 2731 5539 vero
2755 5480 3021 5535 sintsane
3048 5478 3311 5549 illae,qua:
3334 5493 3428 5530 no-

1856 5582 2137 5637 minantur
2192 5577 2336 5648 apud
2398 5577 2721 5647 Apostolum
2758 5593 2774 5624 ι
2822 5572 3068 5643 reliquiae
3131 5567 3430 5639 secundum

1858 5672 2175 5727 electionem
2193 5668 2379 5739 gnatire
2404 5668 2466 5719 ⁸⁸.
2493 5686 2510 5718 ι

2998 5849 3039 5881 ⁵⁸
3082 5846 3236 5901 Itoni.
3268 5859 3344 5899 ιι.
3380 5841 3421 5897 5.
