4018 6524
602 441 701 495 151

673 553 856 609 XLVI.
887 574 906 608 ι
933 553 1326 625 Relinquentur
1357 553 1606 610 civitates
1623 555 1872 617 desertae,
1893 564 1942 609 et
1974 555 2168 613 domus
2198 561 2244 615 Α
2341 554 2488 618 Μαί.

601 662 726 719 qua:
755 647 954 702 relictae
991 646 1212 707 fuerint,
1259 645 1578 698 interibunt.
1615 642 1740 699 Haec
1771 645 1959 700 omnia
2008 651 2168 700 erunt

597 735 655 794 in
688 745 834 792 terra
856 737 910 790 in
947 735 1124 790 medio
1185 734 1460 805 gentium:
1486 736 1943 806 quemadmodum
1967 737 2012 792 si
2045 737 2166 806 quis

599 826 822 896 colligat
857 839 1058 894 paucas
1092 825 1311 888 baccas,
1370 841 1492 894 qua:
1531 825 1585 880 in
1611 826 1754 882 oliva
1780 827 2162 891 remanserint,

599 919 681 975 sic
705 918 961 987 colligent
981 931 1077 970 eos
1101 933 1116 981 ;
1146 925 1200 970 et
1240 916 1288 972 si
1316 917 1424 987 79
1452 919 1748 974 cessaverit
1794 918 2090 982 vindemia,
2111 918 2166 973 hi

599 1025 730 1066 voce
748 1009 1063 1065 clamabunt
1095 1022 1110 1060 :
1143 1008 1236 1077 qui
1267 1017 1448 1063 autem
1470 1009 1645 1064 relicti
1677 1010 1880 1064 fuerint
1907 1011 1960 1064 in
1994 1018 2163 1076 terra,

599 1103 925 1158 laetabuntur
956 1100 1122 1156 simul
1151 1115 1277 1154 cum
1307 1101 1478 1170 gloria
1492 1101 1710 1156 Domini
1738 1103 1804 1157 "-.
1849 1124 1868 1155 ›
1906 1102 2006 1158 Hic
2027 1119 2164 1174 quo-

591 1211 698 1266 que
721 1193 822 1250 soli
847 1193 941 1264 qui
982 1192 1157 1247 relicti
1193 1191 1416 1256 fuerint,
1460 1193 1700 1264 gavisuri
1723 1193 2002 1259 dicuntur,
2035 1209 2161 1249 cum

591 1284 787 1355 reliqui
816 1298 1008 1339 omnes
1063 1280 1172 1348 his,
1202 1298 1326 1352 qua:
1366 1285 1423 1338 in
1479 1285 1742 1340 vaticinio
1787 1285 2158 1352 continentur,

590 1376 703 1432 sint
729 1374 1002 1430 tradendi.

655 1465 866 1523 XLVII.
904 1485 922 1519 ι
958 1467 1388 1524 Conculcabitur
1409 1481 1610 1520 corona
1636 1467 1996 1535 contumeliae,
2015 1482 2159 1522 mer-

585 1561 790 1620 cenarii
824 1559 1081 1631 Ephraim
1122 1579 1136 1622 ς
1171 1571 1225 1616 et
1252 1560 1356 1615 erit
1389 1559 1508 1625 flos,
1539 1559 1632 1629 qui
1681 1557 1894 1615 decidet
1938 1559 2004 1614 de
2060 1574 2158 1628 spe

583 1651 772 1723 gloriae
802 1653 856 1706 in
891 1654 1178 1708 cacumine
1222 1652 1426 1710 montis
1472 1651 1695 1716 excelsi,
1733 1651 1892 1721 quasi
1938 1665 2168 1722 praecoxo

587 1745 722 1798 licus
761 1743 899 1812 :qui
930 1743 1068 1797 vidit
1100 1759 1223 1798 eum
1275 1743 1592 1814 priusquam
1649 1743 1702 1795 in
1761 1756 1956 1797 manus
2009 1741 2157 1795 acci-

582 1834 717 1906 piat,
760 1837 922 1891 vellet
957 1852 1081 1892 cum
1124 1836 1408 1894 devorare.
1462 1834 1558 1890 Die
1611 1835 1702 1888 illa
1759 1835 2021 1890 Dominus
2051 1834 2157 1890 erit

581 1941 788 1983 corona
819 1928 957 1998 spei.
988 1935 1241 1984 contexta
1268 1928 1455 1998 gloriae
1483 1928 1556 1992 ei,
1605 1928 1697 1997 qui
1729 1929 1955 1985 relictus
1985 1928 2058 1983 sit
2086 1928 2154 1982 de

580 2019 781 2090 populo
842 2019 1018 2089 ipsius
1056 2037 1069 2074 :
1106 2019 1483 2088 relinquentur
1524 2019 1668 2072 enim
1717 2018 1771 2072 in
1832 2019 2030 2088 spiritu
2058 2018 2151 2088 ju-

578 2108 731 2164 dicii.
759 2128 778 2163 ι
809 2108 984 2165 Etiam
1015 2111 1106 2166 hic
1129 2111 1200 2178 ei,
1227 2111 1320 2180 qui
1346 2111 1568 2178 relictus
1601 2111 1672 2165 sit
1697 2110 1762 2164 de
1790 2111 2010 2182 populo,
2041 2126 2152 2171 non

578 2201 852 2258 universae
876 2203 953 2258 illi
984 2203 1150 2273 genti,
1183 2202 1318 2258 solis
1367 2202 1555 2272 utique
1585 2202 1714 2266 illis,
1757 2203 1850 2272 qui
1884 2203 2146 2272 reliquia-

577 2307 700 2350 rum
731 2295 953 2350 nomine
984 2295 1382 2366 significantur,
1411 2293 1697 2350 Dominum
1718 2310 1978 2357 coronam
2009 2297 2146 2366 spei,

573 2389 632 2438 et
661 2385 848 2454 gloria:
877 2385 1145 2450 futurum,
1172 2385 1504 2439 vaticinatur
1540 2405 1552 2439 :
1602 2386 1739 2440 alios
1773 2401 1899 2440 vero
1948 2394 2148 2456 praeter

575 2477 761 2548 populi
785 2477 1070 2548 reliquias,
1097 2491 1356 2532 coronam
1380 2478 1746 2551 contumeliae,
1777 2487 1832 2533 et
1865 2493 2147 2536 mercena-

572 2565 688 2628 rius
720 2567 976 2638 Ephraim
1006 2567 1273 2624 nominat.

642 2746 875 2805 XLVIII.
911 2766 931 2801 ι
970 2747 1036 2802 Ει
1061 2755 1244 2811 erunt,
1273 2746 1370 2817 qui
1403 2744 1578 2801 relicti
1614 2743 1815 2800 fuerint
1849 2745 1906 2798 in
1931 2743 2141 2808 Iudaea,

571 2843 791 2898 mittent
821 2840 1060 2900 radicem
1097 2841 1379 2904 deorsum,
1408 2847 1464 2894 et
1498 2838 1700 2893 facient
1744 2837 1982 2894 fructum
2021 2855 2144 2900 sur-

571 2949 694 2988 sum
749 2933 1009 3003 quoniam
1059 2947 1125 2987 ex
1179 2931 1517 2998 Hierusalem
1565 2938 1750 2995 erunt,
1821 2931 1914 3001 qui
1966 2931 2142 2986 relicti

570 3025 794 3091 fuerint,
842 3034 895 3081 et
939 3026 1032 3098 qui
1079 3025 1216 3082 salvi
1265 3024 1432 3079 futuri
1479 3031 1703 3082 suntex
1737 3032 1922 3082 monte
1955 3023 2084 3081 Sion
2123 3046 2135 3082 :

569 3118 846 3175 aemulatio
871 3117 1084 3172 Domini
1117 3115 1357 3171 Sabaoth
1386 3115 1548 3171 faciet
1573 3117 1687 3172 haec
1714 3119 1757 3149 τι
1790 3137 1802 3171 :
1847 3136 1866 3169 ι
1904 3132 2020 3180 eos,
2045 3119 2138 3187 qui

569 3211 872 3268 secundum
904 3211 1223 3266 electionem
1254 3210 1441 3280 gratiae
1487 3210 1660 3264 relicti
1714 3208 1916 3265 fuerint
1946 3225 2013 3264 ex
2041 3209 2137 3264 Ju-

566 3304 810 3360 dcorum
833 3311 994 3374 gente
1020 3303 1286 3361 missuros
1313 3302 1548 3358 radicem
1572 3302 1852 3369 deorsum,
1882 3311 1936 3358 et
1964 3301 2140 3358 factu—

567 3410 660 3452 ros
691 3411 875 3452 semen
904 3411 1124 3452 sursum
1155 3395 1504 3450 vaticinatur.
1553 3393 1655 3448 Ubi
1693 3394 2148 3451 manifestissime

566 3489 942 3559 apostolorum
973 3497 1028 3544 et
1069 3488 1463 3557 discipulorum
1498 3487 1797 3546 Salvatoris
1825 3488 1998 3543 nostri
2029 3489 2140 3543 ele-

565 3579 804 3634 ctionem
843 3581 1135 3651 significat.
1167 3579 1451 3649 Siquidem
1475 3579 1553 3643 hi,
1584 3595 1651 3634 ex
1683 3581 1751 3635 iis
1796 3581 1886 3651 qui
1931 3584 1999 3636 ad
2031 3581 2140 3636 cir-

565 3670 960 3726 cumcisionem
992 3670 1284 3739 pertinent,
1315 3668 1514 3732 relicti,
1552 3668 1808 3723 deorsum
1840 3669 1896 3722 in
1933 3676 2137 3724 terram

564 3762 828 3817 doctrinae
875 3777 989 3818 sua:
1038 3761 1252 3816 radices
1302 3761 1593 3822 miserunt,
1632 3759 1769 3814 adeo
1801 3761 2043 3830 quidem,
2079 3768 2139 3814 ut

563 3853 657 3910 ila
690 3853 808 3922 ipsa
845 3852 1162 3907 eorumdem
1189 3851 1438 3906 doctrina
1469 3849 1634 3906 inﬁxa
1664 3851 1756 3915 sit,
1785 3859 1839 3905 et
1860 3851 2138 3908 radicibus

567 3942 779 3998 ﬁrmata
806 3958 902 4014 per
931 3949 1103 3996 totum
1132 3950 1405 4014 terrarum
1435 3941 1624 4010 orbem
1650 3961 1664 3995 :
1701 3956 1920 3999 sursum
1954 3949 2135 3996 autem

565 4034 708 4090 ferre
759 4025 946 4089 semen
995 4041 1048 4092 et
1079 4033 1318 4087 fructum
1351 4033 1418 4087 ad
1452 4032 1722 4104 promissa
1763 4033 2008 4088 caelestia
2036 4049 2136 4098 ex-

565 4127 766 4182 hortati
796 4134 945 4184 sunt.
995 4125 1061 4182 Hi
1104 4143 1233 4182 vero
1284 4127 1386 4198 ipsi
1419 4127 1487 4182 de
1515 4135 1676 4200 gente
1703 4126 2016 4182 Iudaeorum
2047 4144 2135 4182 re-

563 4219 701 4284 licti,
760 4219 973 4276 ueteris
1008 4221 1384 4290 pereuntibus,
1447 4221 1547 4274 soli
1601 4221 1807 4275 servari
1849 4221 2130 4275 dicuntur.

563 4311 690 4368 Haec
731 4321 909 4369 autem
951 4314 1154 4378 omnia,
1199 4315 1474 4370 aemulatio
1528 4312 1736 4368 Domini
1796 4314 1941 4368 fecit.
1999 4313 2132 4368 Nam

561 4405 837 4460 aemulatio
888 4405 1123 4469 Domini,
1157 4422 1278 4476 quae
1327 4405 1426 4463 hos
1479 4405 1544 4460 ad
1602 4405 2010 4476 provocandum
2039 4421 2134 4460 eos

562 4497 780 4567 impios,
813 4500 904 4569 qui
937 4499 990 4554 in
1013 4499 1433 4554 circumcisione
1456 4507 1778 4554 manserunt
1803 4499 1983 4567 elegit,
2012 4499 2133 4552 illos

1201 430 1471 488 EUSEBII
1507 427 1985 484 CIESARIENSIS
2022 427 2170 485 OPP.
2211 427 2391 485 PARS
2428 428 2490 484 ll.
2529 459 2600 468 —
2637 426 3132 485 APOLOCETICA.

3731 435 3827 492 153

2567 571 2585 602 ι
2645 549 3180 620 Καταλειφθήσονται
3237 551 3415 614 πόλεις
3473 549 3690 622 ἔρημοι,
3743 557 3828 607 καὶ

2267 647 2318 703 οί
2372 639 2509 697 οἶκοι
2567 645 2616 694 οἱ
2664 640 3209 711 ὲγκαταλελειμμένοι
3261 641 3606 695 ἀπολοῦνται.
3653 643 3828 698 Ταῦτα

2269 735 2442 790 πάντα
2471 734 2619 787 ἔσται
2656 735 2712 786 ὲν
2744 736 2809 803 τῇ
2847 735 2915 803 γῇ
2939 733 2996 784 ὲν
3027 731 3176 802 μέσῳ
3196 731 3302 784 τῶν
3332 731 3522 785 ὲθνῶνο
3550 733 3828 804 (Ἓν-τρόπον

2266 827 2362 881 ἐάν
2405 844 2488 890 τις
2533 826 2919 896 καλαμήσηται
2959 823 3165 889 ἐλαίαν,
3210 823 3383 887 οὕτως
3426 822 3828 895 καλαμήσονται

2264 917 2491 981 αὐτούς’
2525 917 2619 972 καὶ
2662 917 2756 971 ὲάν
2789 917 3061 988 παύσηται
3102 919 3130 971 6
3169 916 3456 987 τρυγητὸς,
3485 909 3636 970 οὗτοι
3681 921 3825 991 φωνῇ

2265 1010 2622 1079 φωνήσουσινο
2663 1009 2712 1062 οἱ
2743 1007 2802 1061 δὲ
2835 1006 3285 1076 καταλειφθέντες
3327 1009 3419 1059 ἐπὶ
3455 1007 3553 1077 τῆς
3591 1007 3700 1077 γῆς
3743 1008 3826 1061 εὑ.

2270 1099 2666 1173 φρανθήσονται
2689 1100 2804 1171 ἅμα
2833 1103 2896 1170 τῇ
2925 1101 3052 1174 δόξῃ
3075 1102 3298 1172 Κυρίου.
3332 1118 3350 1150 ι
3385 1100 3493 1152 Kal.
3527 1099 3765 1153 ἐνταῦθα
3785 1104 3827 1154 οἱ

2263 1187 2712 1256 καταλειφθέντες
2749 1189 2898 1258 μόνοι
2924 1186 3392 1259 εὐφρανθήσεσθαι
3429 1187 3703 1256 λέγονται,
3728 1189 3828 1242 τῶν

2261 1280 2460 1332 λοιπῶν
2511 1279 2764 1332 ἁπάντων
2823 1281 2936 1341 τοῖς
2995 1277 3405 1350 θεσπιζομένοις
3457 1278 3827 1350 παραδοθησο-

2264 1371 2454 1442 μένων.

2331 1461 2456 1514 MZ'.
2493 1462 3076 1532 (.Kavana'rqdqcamt
3108 1462 3136 1512 6
3167 1463 3427 1531 στέφανος
3464 1461 3563 1532 τῆς
3597 1462 3825 1532 ὕϐρεως,

2257 1557 2305 1612 οί
2340 1553 2596 1625 μισθωτοὶ
2622 1551 2717 1606 τοῦ
2763 1553 3000 1625 Ἐφραῖμ
3018 1571 3031 1584 ·
3063 1555 3156 1607 καὶ
3185 1553 3338 1608 ἔσται
3367 1552 3428 1608 16
3456 1553 3616 1616 ἄνθος
3651 1555 3714 1606 16
3743 1555 3827 1608 ὲκ-

2256 1645 2418 1699 πεσὸν
2464 1646 2562 1716 τῆς
2612 1646 2824 1710 ἐλπίδος
2873 1646 2972 1715 τῆς
3020 1644 3181 1716 δόξης
3214 1646 3299 1698 ἐπ’
3346 1647 3514 1716 ἀκρου
3546 1645 3639 1699 τοῦ
3671 1647 3827 1717 ὅρους

2256 1737 2347 1791 τοῦ
2393 1737 2631 1810 ὑψηλοῦ,
2680 1737 2756 1802 ὡς
2813 1737 3115 1828 πρόδρομος
3172 1739 3336 1791 σύκου
3361 1753 3375 1768 ’
3423 1740 3451 1792 6
3500 1737 3624 1792 ίδὼν
3675 1738 3824 1803 αὐτὸ,

2256 1830 2384 1901 πρὶν
2415 1831 2447 1900 ἢ
2485 1831 2563 1894 είς
2594 1830 2694 1902 τὴν
2724 1833 2881 1901 χεῖρα
2912 1830 3096 1884 λαϐεῖν
3137 1831 3289 1898 αὐτὸ,
3323 1831 3534 1902 θελήσει
3566 1833 3701 1886 αὐτὸ
3733 1851 3828 1888 κα-

2186 1902 2235 1966 Β
2259 1927 2490 1977 ταπιεῖν.
2532 1925 2610 1994 Τῇ
2639 1924 2823 1994 ήμέρα
2847 1923 3030 1998 ἐκείνῃ
3061 1924 3262 1996 Κύριος
3308 1923 3460 1978 ἔσται
3496 1927 3525 1979 6
3567 1925 3823 1994 στέφανος

2257 2015 2356 2084 τῆς
2387 2014 2617 2078 ἐλπίδος,
2645 2017 2674 2067 6
2711 2014 2938 2078 πλακεὶς
2969 2015 3068 2084 τῆς
3106 2015 3262 2084 δόξης
3292 2016 3369 2087 τῷ
3409 2016 3822 2084 καταλειφθέντι

2257 2106 2350 2159 τοῦ
2380 2105 2510 2160 λαοῦ
2556 2105 2742 2159 αὐτοῦ·
2779 2105 3299 2176 καταλειφθήσονται
3327 2107 3432 2180 γάρ
3465 2108 3522 2160 ὲν
3557 2106 3823 2177 πνεύματι

2259 2199 2504 2270 κρίσεως.
2553 2217 2571 2252 ι
2599 2199 2708 2253 Καὶ
2741 2197 2970 2253 δνταῦθα
2999 2197 3076 2268 τῷ
3114 2197 3518 2266 καταλειφθέντι
3547 2199 3642 2250 τοῦ
3673 2198 3823 2262 λαοῦ,

2254 2292 2373 2361 οὐχὶ
2401 2291 2457 2344 δὲ
2490 2294 2652 2345 παντὶ
2681 2291 2759 2363 τῷ
2790 2291 2933 2345 ἔθνει
2968 2291 3166 2363 αὐτῶν,
3197 2291 3335 2345 ἀλλά
3375 2292 3553 2363 μόνοις
3581 2294 3698 2354 τοῖς
3740 2291 3825 2343 διὰ

2253 2381 2347 2434 τοῦ
2388 2381 2830 2454 καταλείμματος
2873 2381 3312 2453 σημαινομένοις,
3341 2383 3432 2437 τὸν
3457 2383 3662 2453 Κυριον
3703 2383 3824 2434 στέ-

2253 2488 2420 2542 φανον
2465 2471 2680 2527 ἔσεσθαι
2726 2472 2938 2537 ἐλπίδος
2981 2475 3074 2527 καὶ
3118 2473 3276 2543 δόξης
3322 2472 3674 2543 προφητεύει,
3705 2475 3826 2536 τοὺς

2252 2563 2444 2628 ἄλλους
2502 2565 2656 2638 παρὰ
2708 2565 2766 2619 τὸ
2821 2565 3166 2636 κατάλειμμα
3218 2565 3308 2619 τοῦ
3370 2565 3498 2618 λαοῦ
3562 2565 3823 2634 στέφανον

2253 2655 2460 2730 ὕϐρεως
2489 2661 2582 2710 καὶ
2611 2657 2913 2729 μισθωτοὺς
2941 2658 3037 2712 τοῦ
3081 2657 3319 2729 Ἐφραῒμ
3342 2657 3644 2728 ὀνομάζων.

2319 2749 2456 2801 MH'.
2505 2767 2524 2800 ι
2563 2749 2672 2803 Kal.
2704 2749 2913 2804 ἔσονται
2957 2751 3005 2803 οί
3053 2749 3604 2822 ὲγκαταλελειμμένοι
3654 2755 3713 2805 ἐν
3758 2757 3822 2823 τῇ

2263 2841 2513 2912 Ἰουδαίᾳ,
2537 2843 2800 2912 φυήσουσι
2819 2841 2972 2913 ρξζαν
2995 2842 3166 2906 κάτω,
3185 2843 3278 2896 καὶ
3300 2844 3580 2914 ποιήσουσι
3600 2845 3824 2916 σπέρμα

2247 2934 2378 2999 ἄνω,
2428 2935 2510 2986 ὅτι
2558 2935 2617 2998 ὲξ
2671 2934 3026 3005 Ἰερουσαλὴμ
3073 2933 3284 2988 ἔσονται
3326 2935 3376 2988 οἱ
3424 2935 3718 3006 σωζόμενοι
3766 2935 3826 3002 ἐξ

2246 3023 2404 3094 ὅρους
2427 3023 2582 3077 Σιών.
2616 3024 2674 3076 '0
2695 3024 2853 3094 ζῆλος
2875 3023 3077 3094 Κυρίου
3100 3022 3326 3098 Σαϐαὼθ
3352 3025 3563 3096 ποιήσει
3588 3024 3818 3078 ταῦτα.»

2247 3115 2383 3179 Τοὺς
2428 3117 2546 3169 κατ’
2587 3115 2815 3187 ἐκλογήν
2861 3117 3081 3185 χάριτος
3130 3116 3585 3186 καταλειφθέντας
3627 3120 3694 3171 ὲκ
3725 3118 3822 3172 τοῦ

2258 3209 2524 3263 Ἰουδαίων
2557 3209 2740 3272 ἔθνους
2771 3211 2995 3282 φυήσειν
3031 3209 3184 3281 ῥίζαν
3216 3211 3385 3273 κάτω,
3432 3211 3524 3275 καλ⁵
3571 3213 3823 3282 ποιήσειν

2242 3300 2460 3372 σπέρμα
2493 3300 2604 3354 ἄνω
2639 3299 3000 3371 προφητεύει,
3049 3300 3360 3368 σαφέστατα
3393 3301 3490 3371 τήν
3541 3301 3646 3353 τῶν
3681 3303 3820 3354 ἀπο-

2244 3393 2445 3445 στόλων
2478 3393 2570 3447 καὶ
2599 3392 2857 3462 μαθητῶν
2881 3392 2973 3446 τοῦ
3000 3392 3249 3464 Σωτῆρος
3281 3396 3312 3464 ή
3323 3394 3438 3464 μῶν
3464 3392 3692 3464 ἐκλογὴν
3723 3411 3822 3447 πα-

2243 3486 2451 3556 ριστὰς.
2489 3480 2646 3539 Οὗτοι
2673 3485 2804 3557 γὰρ,
2841 3486 2948 3540 ἀπὸ
2988 3485 3095 3538 τῶν
3137 3486 3202 3538 ὲκ
3237 3488 3536 3558 περιτομῆς
3561 3489 3818 3541 καταλειο

2241 3577 2486 3648 φθέντες,
2523 3581 2672 3631 κάτω
2700 3579 2798 3649 μὲν
2821 3580 2900 3642 είς
2927 3579 3029 3649 γῆν
3054 3579 3151 3642 τὰς
3178 3579 3332 3648 ῥίζας
3357 3581 3454 3650 τῆς
3473 3580 3817 3645 διδασκαλίας

2239 3669 2414 3725 αὐτῶν
2446 3670 2789 3735 κατέϐαλλον,
2821 3671 2896 3734 ὡς
2927 3671 3259 3741 ἐμπαγῆναι,
3299 3671 3392 3723 καὶ
3430 3671 3652 3741 ῥιζῶσαι
3689 3672 3815 3724 καθ’

2238 3761 2365 3832 ὅλης
2400 3763 2499 3832 τῆς
2538 3763 2861 3834 οἰκουμένης
2902 3761 2999 3832 τὴν
3028 3761 3246 3834 διδαχὴν
3284 3762 3494 3816 αὑτῶψ
3530 3763 3640 3816 ἄνω
3667 3763 3726 3816 δὲ
3754 3764 3814 3816 16

2240 3854 2458 3924 σπέρμα
2489 3855 2582 3907 καὶ
2623 3855 2714 3908 τὸν
2755 3854 2967 3926 καρπὸν
2999 3837 3270 3925 ’φέρεσθαι
3310 3855 3388 3917 εἰς
3436 3853 3534 3917 τὰς
3579 3855 3813 3927 ἐπουρα-

2238 3945 2379 4008 νίους
2413 3947 2742 4015 ἐπαγγελίας
2791 3947 3275 4019 παρεκελεύσαντο.
3310 3949 3370 4001 Οἱ
3413 3949 3458 4000 δ’
3490 3949 3641 4001 αὐτοὶ
3668 3945 3811 4002 οὗτοι

2238 4040 2301 4092 ὲκ
2346 4037 2439 4090 τοῦ
2500 4038 2766 4092 Ἰουδαίων
2800 4039 2983 4102 ἔθνους
3017 4038 3519 4109 καταλελειμμένοι,
3554 4039 3660 4092 τῶν
3706 4040 3811 4092 λοι-

2239 4128 2353 4180 πῶν
2386 4127 2789 4198 ἀπολλυμένων,
2828 4129 2978 4199 μόνοι
3003 4127 3297 4199 σωζόμενοι
3328 4129 3592 4197 λέγονται.
3628 4129 3809 4182 Ταῦτα

2236 4218 2290 4271 δὲ
2329 4219 2503 4272 πάντα
2533 4221 2561 4271 6
2599 4218 2759 4288 ζῆλος
2799 4220 3004 4291 Κυρίου
3039 4220 3313 4290 ἐποίησεν.
3349 4221 3442 4282 El;
3469 4219 3576 4291 γὰρ
3614 4220 3673 4272 τὸ
3708 4238 3808 4272 πα-

2239 4312 2544 4383 ραζηλῶσαι
2575 4315 2700 4376 τοὺς
2729 4313 2946 4376 ἀσεϐεῖς
2987 4312 3096 4365 τῶν
3129 4314 3194 4364 ὲκ
3223 4312 3545 4382 περιτομῆς,
3588 4312 3810 4381 ἐκλεξα-

2239 4419 2394 4471 μενος
2437 4405 2466 4456 6
2497 4402 2654 4474 ζῆλος
2688 4405 2892 4475 Κυρίου
2941 4404 3188 4468 τούτους,
3235 4403 3615 4475 παρεζήλωσεν
3659 4405 3806 4458 ὲκεί-

2234 4512 2356 4558 νους
2374 4513 2386 4525 ·
2436 4495 2575 4548 κατὰ
2618 4498 2679 4549 16
2721 4497 2870 4568 παρὰ
2897 4499 3085 4550 Μωσεῖ
3116 4495 3401 4566 λεγόμενον
3421 4513 3435 4528 ο
3459 4517 3478 4548 ‹
3512 4498 3672 4551 Αὐτοὶ
3702 4515 3806 4551 πα-

561 4593 898 4657 provocavit,
930 4599 1086 4646 utest
1111 4591 1240 4644 illud
1269 4590 1410 4659 apud
1431 4589 1668 4673 Moysem
1697 4592 1904 4644 dictum
1930 4610 1942 4643 :
1979 4613 1995 4641 ‹
2031 4592 2132 4661 ipsi

2246 4587 2548 4660 ρεζήλωσάν
2571 4607 2636 4662 με
2657 4590 2742 4642 ἐπ’
2774 4590 2835 4642 οὐ
2860 4589 2997 4660 Θεῷ,
3029 4587 3183 4656 κάγὼ
3212 4588 3586 4660 παραζηλώσω
3607 4591 3805 4656 αὐτοὺς

561 4693 648 4731 me
673 4692 1107 4749 provocaverunt
1140 4683 1196 4736 in
1223 4697 1312 4749 eo,
1345 4682 1438 4752 qui
1482 4698 1591 4735 non
1621 4692 1705 4736 est
1736 4683 1882 4738 Deus
1916 4693 2009 4762 ε.οι
2030 4699 2130 4752 ego

2235 4683 2321 4733 ἐπ’
2346 4681 2444 4734 οὐκ
2474 4681 2613 4736 ἔθνει
2639 4699 2651 4711 ·
2686 4683 2770 4734 ἐπ’
2800 4681 2940 4733 ἔθνει
2963 4680 3203 4750 ἀσυνέτῳ
3229 4681 3510 4752 παροργιῶ
3539 4683 3753 4747 αὐτούς.
3781 4704 3800 4734 ι

559 4771 868 4841 provocabo
921 4787 1017 4827 eos
1074 4773 1127 4826 in
1185 4788 1269 4838 ea,
1305 4789 1428 4842 quae
1468 4790 1574 4829 non
1622 4783 1706 4828 est
1734 4789 1866 4844 gens
1903 4795 1915 4828 :
1953 4775 2008 4828 in
2041 4784 2199 4845 gente
2232 4777 2395 4832 stulta
2437 4775 2660 4829 irritabo
2685 4789 2780 4829 eos
2803 4775 2869 4826 ⁷⁸.
2906 4792 2924 4824 ι

630 4860 816 4916 XLIX.
850 4880 870 4913 ι
911 4860 1002 4916 Sic
1021 4862 1155 4918 dicit
1185 4862 1448 4920 Dominus
1477 4882 1490 4917 :
1525 4863 1995 4930 Quemadmodum
2021 4867 2133 4936 80

559 4953 868 5009 invenietur
905 4952 1096 5016 acinus
1121 4953 1176 5010 in
1199 4967 1439 5018 racemo,
1474 4964 1529 5012 et
1568 4957 1774 5021 dicent,
1807 4974 1874 5012 ne
1896 4939 2131 5029 dissipa-

557 5045 705 5101 veris
732 5060 855 5100 eum
881 5089 894 5114 ,
953 5046 1210 5115 quoniam
1243 5046 1553 5102 benedictio
1589 5048 1802 5118 Domini
1838 5058 1922 5105 est
1954 5052 2008 5106 iu
2039 5067 2126 5116 eo,

557 5139 639 5192 sic
670 5137 868 5192 faciam
903 5146 1123 5207 propter
1149 5151 1296 5201 eum,
1350 5139 1443 5209 qui
1495 5143 1663 5196 servit
1711 5143 1842 5197 mihi
1890 5161 1903 5196 :
1967 5143 2129 5212 hujus

555 5247 724 5286 causa
750 5249 858 5287 non
885 5233 1107 5302 perdam
1141 5249 1335 5288 omnes
1365 5254 1375 5287 :
1407 5243 1460 5289 ct
1494 5234 1720 5290 educam
1757 5251 1824 5289 ex
1847 5233 2018 5288 lacob
2041 5252 2128 5290 sc-

557 5336 701 5382 men.
727 5313 779 5376 et
808 5339 872 5375 ex
915 5323 1054 5378 Juda
1089 5345 1099 5378 :
1141 5333 1193 5379 et
1236 5325 1574 5380 haereditabit
1612 5335 1848 5380 montem
1880 5335 2130 5383 sanctum

556 5424 759 5469 meum.
801 5422 855 5465 et
887 5415 1280 5470 liaereditabunt
1309 5416 1468 5470 electi
1513 5418 1616 5471 mei
1649 5424 1701 5472 et
1734 5418 1877 5472 servi
1911 5419 2040 5483 mei,
2077 5425 2130 5471 et

557 5499 880 5555 habitabunt
912 5506 1041 5560 illic.
1081 5507 1146 5561 Et
1174 5509 1276 5563 erit
1318 5509 1374 5564 in
1406 5509 1540 5564 silva
1572 5509 1847 5564 stabulum
1883 5524 2127 5579 gregum,

554 5595 611 5643 et
633 5592 791 5646 vallis
822 5594 1004 5648 Achor
1052 5597 1106 5650 in
1155 5604 1398 5670 requiem
1431 5610 1800 5654 armentorqu
1833 5601 1994 5654 boum
2031 5615 2128 5669 po-

556 5683 685 5754 pulo
720 5700 860 5748 meo,
892 5687 986 5755 qui
1022 5690 1433 5758 exquisiverunt
1479 5708 1585 5746 me.
1647 5692 1755 5747 Vos
1787 5703 1988 5757 autem,
2026 5693 2120 5762 qui

627 5838 669 5873 "‘
699 5837 801 5907 lsa.
829 5856 974 5898 κων.
1009 5842 1188 5898 10-14.
1264 5847 1308 5877 ⁷ο
1334 5845 1431 5900 lsa.
1467 5864 1654 5905 xxviii.
1687 5847 1793 5905 διδ.
1872 5848 1914 5880 ⁷⁸
1944 5847 2048 5904 lsa.
2083 5863 2288 5907 xxxvii.
2315 5847 2496 5911 51,52.

2307 4868 2437 4921 MO’.
2473 4886 2490 4917 ι
2529 4865 2712 4928 Οὕτως
2735 4865 2878 4933 λέγει
2908 4864 3127 4936 Κύριοςο
3162 4867 3257 4918 ’ον
3287 4867 3484 4938 τρόπον
3512 4868 3802 4938 εὑρήσεται

2237 4961 2266 5010 6
2301 4958 2407 5029 ρὼξ
2437 4960 2493 5011 ὲν
2521 4957 2597 5028 τῷ
2627 4958 2829 5028 βότρυῖ,
2855 4959 2946 5009 καὶ
2978 4957 3194 5028 ἐροῦσιν
3212 4976 3224 4988 ’
3263 4959 3353 5030 Μή
3382 4960 3591 5031 λυμήνῃ
3618 4961 3799 5025 αὑτὸν,

2237 5050 2564 5120 ὅτιεὺλογία
2608 5050 2814 5121 Κυρίου
2855 5050 3004 5102 ἐστὶν
3052 5052 3109 5102 ἐν
3154 5051 3329 5122 αὐτῷ·
3373 5052 3544 5115 οὕτως
3595 5055 3802 5124 ποιήσω

2239 5143 2423 5196 ἕνεκεν
2459 5142 2550 5195 τοῦ
2605 5141 2941 5204 δουλεύοντός
2991 5160 3108 5212 μοι’
3160 5142 3347 5196 τούτου
3399 5144 3582 5197 ἕνεκεν
3629 5144 3690 5197 οὺ
3728 5145 3802 5216 μὴ

2236 5236 2483 5290 ἀπολέσω
2526 5235 2757 5297 πάντας·
2805 5235 2898 5287 καὶ
2937 5232 3110 5297 ἐξάξω
3147 5235 3206 5287 16
3231 5235 3287 5301 ἐξ
3327 5235 3518 5289 Ἰακὼὸ
3562 5239 3798 5308 σπέρμα,

2235 5330 2326 5382 καὶ
2360 5328 2421 5380 16
2450 5327 2508 5393 ἐξ
2546 5327 2733 5380 Ἰούδαο
2769 5329 2859 5380 καὶ
2899 5328 3292 5399 κληρονομήσει
3318 5327 3376 5379 τὺ
3407 5328 3529 5398 ὅρος
3556 5330 3614 5381 16
3648 5330 3802 5398 ἅγιόν

2235 5438 2336 5490 μου
2361 5437 2372 5449 °
2411 5419 2502 5474 καὶ
2545 5419 3040 5490 κληρονομήσουσιν
3081 5420 3130 5472 οί
3172 5417 3412 5472 ἐκλεκτοί
3463 5438 3562 5490 μου
3610 5421 3705 5474 καὶ
3749 5423 3798 5475 oi

2230 5509 2402 5562 δοῦλοί
2433 5528 2553 5581 μου,
2591 5509 2682 5561 καὶ
2715 5511 3130 5580 κατοικήσουσιν
3152 5510 3284 5564 ἐκεῖ.
3317 5510 3424 5562 Καὶ
3457 5509 3606 5562 ἔσται
3631 5513 3688 5563 ἐν
3721 5509 3798 5581 τῷ

2231 5601 2420 5672 δρυμῷ
2467 5600 2688 5662 ἔπαυλις
2739 5600 3033 5669 ποιμνίων.
3083 5602 3175 5654 καὶ
3225 5601 3441 5672 φάραγξ
3495 5601 3669 5672 ’Λχὼρ
3717 5605 3799 5666 είς

2232 5695 2530 5746 ἀνάπαυσιν
2573 5691 2862 5760 βουκολίων
2892 5692 2968 5762 τῷ
3001 5692 3112 5763 λαῷ
3157 5711 3274 5763 μου,
3313 5694 3359 5746 οἳ
3399 5693 3663 5763 ἐζήτησάν
3705 5711 3789 5763 με.

2577 5849 2620 5879 ⁷⁸
2651 5845 2804 5903 Deut.
2837 5863 3004 5908 xxx”.
3039 5848 3128 5906 2|.
