4018 6504
196 441 299 496 ’ὦ

1099 436 1748 493 DEMONSTRATIONIS
1783 435 2237 492 EVANGELICAE
2276 436 2401 490 LIB.
2442 434 2505 489 ll.

3335 436 3435 492 154

201 558 397 627 Ὑμεῖς
422 556 482 610 δὲ
513 558 565 610 οἱ
596 556 1052 624 ἐγκαταλιπόντες
1081 572 1146 625 με
1180 555 1273 609 καὶ
1298 554 1769 625 ἐπιλανθανόμενοι

1880 554 2179 624 reliquistis
2209 570 2315 617 me,
2354 561 2409 608 et
2455 550 2839 609 obliviscimini
2882 559 3119 610 montem
3185 563 3435 610 sanctum

190 648 248 701 τὸ
274 649 404 718 ὄρος
428 649 492 700 τὸ
520 648 677 717 ἅγιόν
715 665 835 719 μου,
869 649 960 700 καὶ
989 648 1363 718 ἐτοιμάζοντες
1386 652 1451 720 τῇ
1482 648 1616 721 τύχῃ
1646 649 1777 720 τρά-

189 739 396 803 πεζαν,
448 739 550 793 καὶ
595 738 927 810 πληροῦντες
968 737 1045 808 τῷ
1089 738 1301 808 δαίμονι
1347 738 1622 809 κέρασμα,
1666 740 1775 808 ἐγὼ

189 831 511 903 παραδώσω
538 832 689 902 ὑμᾶς
719 833 798 894 εἰς
831 832 1119 902 μάχαιραν.
1147 831 1354 895 Πάντες
1382 834 1439 883 ἐν
1466 834 1642 902 σφαγῇ
1679 849 1776 883 πε-

190 923 372 977 σεῖσθε
392 940 409 953 ·
441 924 531 975 ὅτι
578 923 812 978 ἐκάλεσα
835 924 998 992 ὑμᾶς,
1030 924 1122 976 καὶ
1151 924 1247 992 οὐχ
1276 923 1641 993 ὑπηκούσατε,
1684 925 1776 976 καὶ

189 1016 493 1085 ἐποιήσατε
547 1016 609 1069 τὸ
666 1015 899 1084 πονηρὸν
959 1014 1201 1067 ἐναντίον
1256 1015 1409 1083 ἐμοῦ,
1460 1016 1552 1068 καὶ
1599 1014 1634 1083 ἃ
1676 1016 1775 1067 οὐκ

188 1106 497 1176 ὲὸουλόμην
540 1105 879 1171 ἐξελέξασθε.
926 1125 943 1156 ι
979 1105 1175 1161 Διελὼν
1200 1106 1291 1158 καὶ
1330 1107 1387 1157 ὲν
1412 1106 1619 1168 τούτοις
1644 1108 1670 1159 ό
1693 1106 1777 1158 λό-

188 1215 298 1267 γος,
336 1196 526 1267 βραχὺ
564 1197 663 1265 μέν
695 1197 746 1249 τί
776 1213 907 1266 φησι
937 1196 1154 1267 σπέρμα
1179 1196 1236 1263 ἐξ
1271 1196 1464 1250 Ἰακὼϐ
1492 1196 1775 1262 τεύξεσθαι

188 1290 291 1343 τῶν
333 1288 809 1359 ἐπηγγελμένων·
846 1288 1132 1351 ἐκλεκτούς
1172 1306 1229 1341 τε
1266 1285 1557 1351 εἶναιτοὺς
1600 1307 1778 1342 κατοι-

192 1384 473 1451 κήσαντας
514 1382 575 1434 ὲν
600 1381 679 1450 τῷ
705 1379 924 1451 δρυμῷ·
952 1380 1123 1443 οὕτως
1148 1380 1427 1450 ὀνομάζων
1458 1381 1554 1450 τὴν
1583 1380 1776 1449 κλῆσιν

186 1474 288 1528 τῶν
319 1473 527 1539 ἐθνῶν,
560 1473 620 1525 ἐν
714 1474 762 1525 oi
791 1472 1034 1524 ἐκλεκτοὶ
1067 1472 1158 1524 τοῦ
1193 1472 1419 1544 Κυρίου,
1450 1472 1544 1525 καὶ
1578 1471 1639 1524 τὸ
1674 1472 1779 1527 Ἰαε-

187 1567 298 1621 me
324 1566 584 1637 σπέρμα,
617 1560 724 1617 εἷεν
754 1563 797 1616 δ’
831 1564 906 1634 (1)
933 1564 998 1617 ἂν
1027 1566 1073 1616 οί
1101 1563 1385 1616 ἀπόστολοι
1413 1564 1505 1615 καὶ
1542 1562 1778 1632 μαθηταὶ

187 1657 275 1711 τοῦ
302 1658 572 1728 Σωτῆρος
604 1654 763 1726 ἡμῶν
783 1672 794 1685 ·
824 1656 873 1707 οί
891 1655 948 1707 δὲ
973 1654 1148 1707 λοιποὶ
1171 1654 1369 1717 πάντες
1394 1654 1544 1726 παρὰ
1563 1654 1778 1718 τούτους

184 1753 304 1813 ταῖς
342 1748 717 1820 δηλουμέναις
752 1746 1003 1809 ἀπειλαῖς
1039 1745 1462 1816 ὑποϐέϐληνται·
1500 1748 1778 1817 μονονουχὶ

184 1840 277 1896 τοῦ
300 1841 471 1909 λόγου
500 1839 815 1910 γυμνότατα
842 1838 1230 1911 παριστῶντος,
1268 1838 1341 1910 μὴ
1371 1838 1445 1902 ὡς
1471 1838 1658 1908 ἔτυχεν
1687 1840 1778 1891 ἐπὶ

188 1936 295 1986 πᾶν
325 1932 393 1985 τὸ
440 1931 716 1985 Ἰουδαίων
744 1929 895 1994 ἔθνος
936 1929 1163 1999 φθάσειν
1197 1929 1295 1993 τὰς
1326 1930 1419 1983 τοῦ
1447 1930 1580 1984 Θεοῦ
1605 1932 1778 1997 ἐπαγ-

186 2026 397 2094 γελίας,
464 2025 584 2079 ἀλλ’
622 2025 715 2077 ἐπὶ
777 2025 935 2094 μόνον
996 2024 1057 2077 τὸ
1092 2024 1477 2095 ὠνομασμένον
1526 2026 1767 2096 σπέρμα,

187 2118 279 2171 καὶ
312 2119 452 2180 τοὺς
484 2116 946 2187 ἐπικαλουμένους
977 2116 1264 2179 ἐκλεκτοὺς
1287 2116 1379 2170 τοῦ
1414 2115 1577 2170 Θεοῦ·
1611 2138 1630 2169 ι
1657 2119 1778 2171 ἐπεὶ

187 2209 378 2261 πολλοὶ
419 2208 634 2279 κλητοὶ,
682 2208 851 2277 ὀλίγοι
891 2208 949 2261 δὲ
993 2207 1255 2260 ἐκλεκτοί.
1292 2227 1309 2259 ι
1341 2208 1561 2273 Τούτοις
1596 2209 1653 2263 δὲ
1683 2211 1778 2263 καὶ

185 2301 277 2355 νῦν
304 2301 488 2369 ὄνομα
532 2300 714 2353 καινὸν
754 2298 1167 2370 ἐπιτεθήσεσθαι
1203 2299 1331 2371 ἑξῆς
1363 2302 1391 2353 ό
1413 2300 1568 2369 λόγος
1591 2301 1779 2354 θεσπί-

186 2392 288 2457 ζει,
324 2392 565 2459 φάσκων
604 2390 739 2463 πρὸς
769 2392 894 2453 τοὺς
930 2390 1175 2453 ἀσεϐεῖς·
1209 2408 1227 2441 ι
1266 2390 1776 2461 Καταλειφθήσεται

184 2483 289 2556 γὰρ
332 2483 402 2536 τὺ
440 2482 617 2552 ὄνομα
663 2480 818 2551 ὑμῶν
863 2463 943 2544 εἰς
988 2480 1306 2551 πλησμονὴν
1341 2483 1455 2543 τοῖς
1502 2480 1776 2545 ἐκλεκτοῖς

188 2593 316 2647 μου·
353 2576 385 2627 ὐ
397 2576 510 2645 μᾶς
533 2574 578 2627 δ’
612 2574 789 2641 ἀνελεῖ
814 2572 1017 2644 Κύριος
1038 2590 1052 2604 ·
1084 2575 1197 2635 τοῖς
1221 2572 1277 2625 δὲ
1310 2572 1653 2627 δουλεύσουσι
1685 2591 1774 2641 μοι

184 2668 531 2739 κληθήσεται
554 2666 725 2737 ὄνομα
757 2665 959 2718 καινόν.
1001 2682 1019 2715 ι
1058 2664 1131 2717 Τὸ
1158 2664 1223 2735 δὴ
1252 2661 1343 2718 οῦν
1369 2665 1539 2736 ὄνομα
1565 2666 1769 2726 καινὸν,

186 2762 211 2815 ὃ
238 2762 314 2832 μὴ
345 2759 508 2832 παρὰ
536 2761 652 2821 τοῖς
675 2757 922 2820 παλαιοῖς
954 2757 1211 2825 ἔγνωστο,
1251 2760 1402 2809 ποῖον
1429 2758 1495 2810 ἂν
1529 2760 1611 2829 εῖη
1655 2760 1687 2828 ἢ
1714 2760 1773 2811 τὸ

186 2853 293 2907 ἀπὺ
320 2854 427 2923 τῆς
455 2852 556 2905 τοῦ
588 2852 838 2921 Σωτῆρος
867 2849 1026 2920 ήμῶν
1067 2848 1239 2918 Ἰησοῦ
1265 2849 1358 2901 τοῦ
1384 2850 1622 2921 Χριστοῦ
1651 2870 1776 2923 προ-

188 2944 477 3014 σωνυμίας
527 2942 649 2997 καθ’
703 2942 831 3012 ὅλης
883 2942 983 3012 τῆς
1036 2941 1362 3012 οἰκουμένης
1414 2942 1771 3014 εὐλογημένον

188 3034 539 3108 Χριστιανῶν
570 3034 740 3105 ὄνομα
765 3051 779 3098 ;
950 3018 965 3040 ’

618 3207 701 3263 Ν¹.
748 3205 889 3259 Ἀπὸ
929 3206 1036 3260 τοῦ
1064 3206 1342 3275 Μιχαίου.

260 3318 282 3352 ι
318 3299 432 3352 Καὶ
460 3298 619 3352 ἔσται
644 3299 710 3351 ὲκ
746 3297 846 3367 τῆς
883 3297 1143 3365 σταγόνος
1169 3296 1263 3349 τοῦ
1286 3296 1429 3351 λαοῦ
1454 3296 1645 3350 τούτου
1688 3312 1772 3348 συ-

189 3388 529 3458 ναγόμενος·
567 3386 963 3457 συναχθήσεται
1028 3384 1219 3440 Ἰακὼό
1271 3387 1367 3439 σὺν
1421 3388 1603 3439 πᾶσιν.
1659 3385 1772 3441 Ἐκ·

187 3480 480 3550 δεχόμενος
520 3478 811 3548 ἐκδέξομαι
838 3479 968 3541 τοὺς
999 3477 1357 3541 καταλοίπους
1385 3477 1478 3531 τοῦ
1520 3476 1764 3549 Ἰσραήλ·

190 3571 280 3624 ἐπὶ
298 3572 360 3625 τὸ
386 3571 526 3624 αὐτὸ
560 3570 798 3641 θήσομαι
826 3569 923 3640 τὴν
947 3570 1298 3642 ἀποστροφὴν
1332 3569 1527 3623 αὐτῶν.
1573 3589 1591 3620 ι
1629 3570 1771 3638 Συμ-

192 3663 379 3729 ιξὼνως
406 3667 527 3727 τοῖς
563 3662 964 3734 προεκτεθεῖσιν
1005 3663 1069 3715 ἐκ
1098 3661 1192 3714 τοῦ
1240 3662 1458 3714 Ἡσαΐου
1489 3662 1582 3713 καὶ
1612 3663 1639 3714 ό
1664 3662 1769 3714 Μι-

190 3752 345 3821 χαίας
378 3749 706 3817 ἐκδέξασθαι
744 3750 835 3804 τὸν
862 3750 993 3803 Θεὸν
1035 3750 1131 3819 οὐχ
1166 3750 1349 3813 ἁπλῶς
1374 3750 1599 3813 πάντας,
1632 3750 1769 3804 ἀλλὰ

196 3844 380 3913 μόνους
422 3842 557 3905 τοῦς
589 3841 948 3904 καταλοίπους
984 3841 1259 3911 ὀνομάζει.
1294 3841 1503 3911 ’Ὠσπερ
1528 3840 1584 3893 δὲ
1617 3840 1766 3912 παρὰ

190 3933 265 4004 τῷ
304 3934 509 4004 Ἡσαΐᾳ.
552 3933 775 4003 σπέρμα
807 3933 1117 4003 ὠνομάζετο
1144 3932 1204 3984 τὸ
1236 3929 1295 3996 ἐξ
1332 3932 1508 3984 αὐτῶν
1539 3932 1762 4003 λεῖμμα,

192 4026 358 4090 οὕτως
389 4027 489 4080 καὶ
522 4024 622 4079 νῦν
646 4024 877 4093 σταγόνα
918 4022 1171 4094 ὀνομάζει
1207 4024 1334 4086 τοὺς
1370 4023 1428 4089 ἐξ
1458 4024 1635 4077 αὐτῶν
1663 4040 1767 4077 σω-

193 4118 547 4190 θησομένους.
574 4115 836 4188 Δηλοῦται
866 4115 922 4169 δὲ
956 4117 1047 4169 καὶ
1073 4115 1161 4171 διὰ
1188 4115 1391 4169 τούτων
1432 4118 1461 4168 ό
1499 4115 1604 4169 τῶν
1634 4116 1768 4169 ἀπο·-

198 4211 392 4263 στόλων
420 4210 605 4280 χορὸς,
634 4208 710 4271 ὡς
742 4206 953 4275 σταγών
990 4224 1073 4269 τις
1113 4206 1207 4259 καὶ
1251 4206 1469 4277 σπέρμα
1505 4206 1597 4259 τοῦ
1638 4208 1765 4260 Ἰου-

194 4284 352 4355 δαίων
380 4299 575 4362 ἔθνους
608 4298 969 4367 γεγενημένος
990 4314 1003 4327 ·
1034 4296 1092 4361 ἐξ
1115 4294 1181 4368 ἧς
1212 4297 1466 4365 σταγόνος
1492 4298 1691 4361 πάντες
1716 4301 1763 4352 ei

195 4393 305 4447 καθ’
338 4391 475 4462 ὅλης
508 4391 611 4461 τῆς
642 4389 963 4459 οίκουμένης
994 4389 1084 4442 τὸν
1123 4389 1356 4457 Χριστὸν
1390 4389 1764 4457 ἐπεγνωκότες

192 4481 278 4536 τοῦ
313 4479 480 4543 Θεοῦ,
523 4480 616 4532 καὶ
653 4478 750 4549 τὴν
792 4477 1135 4532 διδασκαλίαν
1167 4478 1329 4531 αὑτοῦ
1366 4478 1775 4549 παραδεδεγμέ-,

1879 662 2082 709 meum,
2114 653 2168 701 et
2190 646 2397 715 paratis
2418 643 2651 697 fortunae
2684 658 2951 708 mensam,
2974 652 3027 699 et
3048 644 3291 717 impletis
3321 645 3435 701 dae-

1877 738 2024 792 moni
2073 738 2327 806 poculum
2361 737 2580 791 mistum
2628 754 2639 788 :
2694 750 2794 807 ego
2844 737 3048 792 tradam
3087 753 3183 793 vos
3230 738 3284 792 in
3322 740 3437 809 gla-

1876 829 2046 884 dium.
2081 827 2283 883 Omnes
2314 830 2367 883 in
2390 830 2662 886 occisione
2682 829 2893 885 cadetis
2920 848 2934 896 ;
2965 831 3222 900 quoniam
3246 830 3435 893 vocavi

1880 936 1999 983 vos,
2026 930 2079 975 et
2109 936 2219 975 non
2241 922 2615 985 auscultastis,
2641 929 2695 977 et
2727 920 2936 976 fecistis
2976 923 3176 975 malum
3217 923 3270 975 in
3300 938 3436 983 con-

1880 1022 2068 1081 spectu
2095 1028 2236 1077 meo,
2260 1022 2313 1067 et
2340 1029 2459 1083 qua:
2484 1013 2755 1077 nolebam,
2790 1013 3033 1084 elegistis
3053 1014 3121 1068 ⁷³.
3152 1032 3170 1064 ι
3211 1014 3345 1068 Cum
3380 1015 3437 1069 in

1881 1104 1968 1159 his
2000 1104 2273 1159 divisione
2314 1105 2546 1174 quadam
2583 1120 2765 1159 sermo
2804 1104 3021 1160 divinus
3063 1114 3267 1170 utatur,
3320 1112 3436 1160 tum

1876 1191 2134 1263 exiguum
2180 1193 2452 1263 quoddam
2486 1208 2672 1249 semen
2700 1190 2887 1256 Jacob,
2929 1208 2992 1247 ea
3022 1210 3139 1263 quae
3168 1194 3438 1264 promissa

1877 1293 2005 1339 sunt
2046 1293 2469 1342 consecuturum
2511 1284 2741 1339 allii-mat
2788 1304 2800 1340 :
2850 1286 3051 1342 electos
3095 1297 3271 1341 autem
3315 1303 3439 1342 esse

1877 1392 1995 1440 eos,
2045 1378 2138 1447 qui
2184 1378 2427 1433 habitent
2474 1378 2531 1435 in
2582 1378 2738 1433 silva.
2794 1376 2928 1431 Nam
2979 1378 3059 1433 sic
3105 1379 3439 1435 vocationem

1880 1469 2124 1537 gentium
2158 1471 2426 1535 nominat,
2457 1472 2511 1526 in
2542 1487 2648 1542 qua
2693 1472 2850 1527 electi
2883 1471 3119 1535 Domini,
3154 1478 3207 1527 et
3255 1488 3439 1527 semen

1880 1557 2050 1615 Jacob
2082 1560 2217 1625 sint,
2250 1577 2382 1617 sane
2414 1563 2515 1632 ipsi
2551 1564 2781 1633 apostoli
2822 1571 2876 1617 et
2902 1563 3155 1633 discipuli
3200 1561 3440 1623 Salvatoo

1877 1651 1959 1707 ris
1988 1654 2165 1707 nostri
2198 1672 2211 1706 ε
2242 1660 2438 1724 ρῐαξιοι·
2465 1669 2604 1723 quos
2633 1656 2727 1724 qui
2753 1655 2944 1724 reliqui
2978 1662 3124 1717 sunt,
3160 1669 3352 1712 omnes
3384 1654 3440 1708 in

1879 1759 1997 1809 eas,
2035 1761 2156 1814 qua:
2183 1747 2446 1815 exposita:
2471 1755 2620 1811 sunt,
2648 1748 2824 1803 minas
2861 1746 3172 1805 reciderunt
3220 1765 3233 1799 :
3268 1761 3440 1817 quan-

1883 1832 2175 1902 doquidem
2228 1836 2347 1905 ipsa
2385 1836 2560 1891 oratio
2605 1852 2773 1906 prope
2823 1837 3166 1907 apertissime
3212 1837 3440 1892 demon-

1881 1930 2042 1987 strat,
2092 1940 2202 1979 non
2253 1941 2387 1981 casu
2424 1927 2657 1998 quodam
2718 1928 2772 1981 in
2821 1936 3073 1983 cunctam
3131 1928 3441 1987 Judzeorum

1879 2024 2094 2086 gentem
2142 2007 2412 2087 promissa
2453 2019 2635 2074 divina
2669 2035 2793 2074 esse
2826 2029 3074 2086 ventura,
3127 2020 3225 2075 sed
3279 2020 3333 2074 in
3388 2020 3440 2075 id

1878 2109 2056 2163 solum
2105 2111 2251 2180 quod
2300 2126 2485 2167 semen
2520 2120 2603 2167 est
2636 2111 2997 2175 nominatum,
3027 2120 3082 2167 et
3108 2112 3167 2167 in
3202 2128 3317 2177 eos,
3349 2113 3443 2183 qui

1877 2198 2061 2254 vocari
2097 2198 2273 2255 solent
2305 2200 2463 2255 electi
2495 2200 2589 2256 Dei
2616 2220 2628 2257 :
2672 2219 2691 2251 ‹
2731 2201 2885 2255 multi
2914 2203 3058 2257 enim
3090 2210 3219 2261 sunt
3242 2202 3440 2267 vocati,

1876 2290 2037 2360 pauci
2068 2305 2197 2346 vero
2221 2292 2377 2347 electi
2407 2293 2471 2347 ⁷⁸.
2510 2312 2530 2346 ι
2565 2294 2774 2361 Quibus
2802 2295 2967 2349 etiam
2996 2309 3195 2349 nomen
3222 2307 3442 2359 novum

1876 2380 2265 2451 imponendum
2300 2382 2562 2454 deinceps
2596 2386 2876 2439 oraculum
2904 2386 3070 2451 canit,
3110 2385 3193 2440 sic
3238 2384 3306 2438 ad
3340 2385 3442 2437 im-

1876 2474 1995 2544 pios
2025 2472 2255 2528 dicens:
2296 2490 2315 2524 ι
2356 2472 2716 2544 Relinquetur
2757 2475 2902 2529 enim
2952 2490 3153 2531 nomen
3193 2482 3439 2530 vestrum

1875 2566 1931 2620 in
1974 2568 2280 2621 satietatem
2331 2568 2518 2623 electis
2575 2570 2733 2625 meis.
2770 2569 2880 2625 Vos
2925 2576 3103 2629 autem
3152 2568 3443 2623 interliciet

1879 2656 2138 2715 Dominus
2170 2678 2183 2713 ι
2228 2660 2265 2713 ii
2296 2676 2447 2725 vero,
2494 2661 2586 2730 qui
2635 2662 2767 2716 mihi
2806 2660 3065 2723 servient,
3097 2658 3443 2713 vocabuntur

1874 2751 2096 2807 nomine
2125 2768 2265 2807 novo
2284 2753 2352 2808 "‘.
2391 2773 2409 2805 ι
2442 2751 2606 2822 Atqui
2627 2769 2828 2808 novum
2866 2753 3010 2807 istud
3042 2767 3264 2815 nomen,
3293 2749 3441 2820 quod

1873 2844 2115 2913 antiquis
2160 2845 2404 2915 ignotum
2462 2844 2645 2912 fuerit,
2687 2845 2962 2916 quodnam
3016 2859 3201 2915 quaeso
3254 2842 3443 2906 fuerit,

1873 2937 1979 2993 nisi
2012 2937 2494 2995 Christianorum?
2528 2939 2673 3009 quod
2704 2954 2734 2993 a
2767 2938 3071 2994 Salvatoris
3102 2938 3278 2994 nostri
3308 2934 3439 2992 Jesu

1872 3028 2073 3085 Christi
2103 3029 2465 3098 appellatione
2492 3029 2785 3084 deductum
2827 3030 2880 3084 in
2934 3038 3049 3087 toto
3100 3030 3232 3085 orbe
3259 3040 3438 3087 terra-

1874 3134 2000 3175 rum
2025 3120 2274 3175 laudibus
2305 3128 2359 3175 et
2386 3120 2573 3175 favore
2601 3121 2946 3179 celebratur?

2394 3213 2499 3281 81
2539 3211 2599 3267 L.
2632 3211 2675 3264 Α
2714 3211 2955 3266 Michwa.

1948 3319 1967 3352 ‹
2010 3300 2077 3355 Et
2102 3302 2205 3356 erit
2233 3302 2300 3358 de
2328 3304 2471 3357 stilla
2524 3304 2707 3373 pepuli
2760 3304 2946 3373 hujus,
3004 3304 3098 3375 qui
3134 3320 3439 3377 congrega-

1870 3398 1958 3445 tur
1990 3410 2002 3445 :
2031 3393 2449 3462 congregabitur
2485 3392 2653 3449 Jacob
2682 3410 2809 3448 cum
2839 3394 3114 3449 omnibus.
3146 3394 3439 3466 Excipiens

1869 3483 2135 3551 excipiam
2170 3485 2410 3553 reliquos
2441 3500 2506 3539 ex
2535 3483 2700 3540 Israel
2734 3503 2749 3540 :
2790 3486 2845 3539 in
2878 3501 3045 3540 unum
3082 3502 3280 3555 ponam
3302 3504 3436 3541 con-

1867 3575 2175 3630 versionem
2203 3576 2482 3630 corum'“.
2549 3596 2568 3628 ι
2621 3576 2999 3633 Consentanea
3060 3578 3149 3641 iis,
3200 3594 3321 3648 qua:
3367 3578 3437 3633 ab

1867 3664 2009 3721 lsaia
2038 3674 2261 3737 accepta
2287 3676 2434 3733 sunt,
2480 3684 2753 3739 supraque
2781 3685 2810 3723 a
2841 3671 2999 3724 nobis
3028 3671 3296 3741 exposita,
3330 3669 3436 3725 Mi-

1867 3759 2047 3815 chzeas
2085 3775 2301 3829 quoque
2334 3760 2534 3815 indicat
2567 3780 2580 3814 :
2611 3762 2704 3831 qui
2741 3760 2909 3815 Deum
2953 3778 3061 3816 non
3118 3762 3435 3831 simpliciter

1868 3863 2080 3913 omnes,
2119 3849 2213 3905 sed
2249 3850 2396 3905 soles
2419 3866 2535 3913 eos,
2567 3852 2659 3919 qui
2685 3851 2876 3921 reliqui
2907 3851 3128 3915 fuerint,
3164 3860 3435 3921 exceptu-

1866 3954 1989 3993 rum
2014 3948 2242 3994 narrat:
2280 3950 2335 3995 et
2365 3940 2821 4010 quemadmodum
2854 3942 2994 4011 apud
3038 3942 3231 3995 Isaiam
3269 3944 3311 3973 ⁷⁷
3345 3957 3435 3997 εον

1867 4048 1991 4089 men
2028 4033 2418 4091 nominabatur
2448 4035 2625 4104 ipsum
2658 4036 2876 4089 illorum
2907 4036 3209 4099 residuum,
3240 4035 3313 4089 ita
3344 4035 3434 4088 hic

1866 4126 2069 4180 stillam
2095 4142 2191 4183 eos
2224 4126 2489 4190 nominat,
2522 4127 2616 4195 qui
2662 4143 2729 4182 ex
2766 4128 2875 4182 illis
2912 4127 3234 4197 superstites
3263 4126 3433 4182 futuri

1866 4225 2015 4272 sunt.
2074 4217 2424 4289 Significatur
2475 4227 2656 4275 autem
2699 4218 2785 4274 his
2834 4219 3013 4273 verbis
3069 4220 3186 4289 ipse
3231 4219 3433 4273 chorus

1866 4306 2257 4373 apostolorum,
2289 4308 2383 4377 qui
2413 4309 2570 4377 quasi
2626 4309 2772 4363 stilla
2823 4308 3091 4378 quadam,
3143 4315 3197 4363 et
3244 4324 3428 4364 semen

1866 4395 2109 4456 Judaicae
2136 4400 2315 4469 gentis
2358 4400 2684 4455 exstiterunt
2719 4418 2733 4454 :
2770 4399 2837 4454 de
2883 4415 2991 4468 qua
3044 4400 3190 4454 stilla
3240 4415 3430 4455 omnes

1867 4486 2180 4557 quicunque
2208 4504 2275 4543 ex
2304 4496 2420 4544 toto
2452 4490 2583 4544 orbe
2606 4489 2886 4545 Christum
2928 4490 3021 4544 Dei
3052 4490 3427 4561 cognoverint,

191 4593 283 4641 νοι,
315 4576 418 4647 τῆς
448 4572 846 4643 θεσπιζομένης
876 4572 1291 4641 ἐπισυναγωγῆς
1326 4571 1755 4643 κατηξιώθησαν,

1871 4585 1915 4633 et
1943 4576 2247 4633 doctrinam
2276 4578 2398 4648 ejus
2428 4579 2758 4648 acceperint,
2808 4594 2871 4633 ea
2922 4594 3086 4647 quam
3145 4578 3427 4652 oraculum

188 4667 274 4739 τὴν
301 4668 413 4721 ἀπὸ
440 4666 552 4719 τῶν
584 4664 857 4735 πολεμίων
879 4662 1144 4735 λύτρωσιν
1177 4662 1488 4734 εὑράμενοι.

249 4847 376 4899 NA‘.
423 4864 444 4895 ι
492 4845 602 4897 Καὶ⁵
634 4845 697 4896 σὺ
732 4842 995 4914 Βηθλεὲμ,
1023 4837 1167 4905 οἶκος
1209 4841 1300 4896 τοῦ
1336 4841 1616 4913 Εύφραθὰ,
1648 4844 1757 4895 ὀλι-

188 4936 370 5005 γοστὸς
411 4932 464 4989 εἷ
488 4938 547 4990 ἐν
604 4935 834 5006 χιλιάσιν
870 4934 1038 4987 Ἰούδα
1065 4953 1077 4963 ·
1119 4937 1184 4988 ἐκ
1227 4935 1319 4988 σοῦ
1351 4953 1441 5006 μοι
1478 4934 1755 4999 ἐξελεύσε-

188 5046 269 5084 ται
306 5028 639 5099 ἡγούμενος,
681 5027 773 5082 τοῦ
814 5022 949 5080 εἶναι
996 5030 1075 5090 είς
1117 5027 1351 5098 ἄρχοντα
1394 5027 1470 5097 τῷ
1515 5030 1751 5101 Ἰσραὴλ,

187 5123 273 5176 καὶ
315 5122 489 5187 ἔξοδοι
514 5119 689 5174 αὐτοῦ
718 5120 813 5174 ἀπ’
853 5120 1027 5191 ἀρχῆς
1059 5120 1117 5183 ἐξ
1151 5120 1371 5192 ἡμερῶν
1414 5121 1625 5184 αίῶνος.
1658 5122 1756 5175 Διὰ

186 5210 332 5265 τοῦτο
363 5211 530 5264 δώσει
566 5211 764 5274 αὐτοὺς
802 5210 905 5275 ἓως
939 5210 1131 5273 καιροῦ
1161 5210 1447 5282 τικτούσης
1469 5228 1483 5242 ·
1522 5212 1751 5278 τέξεται,

188 5304 272 5356 καὶ
305 5306 354 5356 οἱ
382 5303 657 5356 ἐπίλοιποι
683 5302 788 5355 τῶν
821 5301 1064 5371 ἀδελφῶν
1090 5302 1266 5359 αὒτῶν
1296 5303 1696 5374 ἐπιστρέφουσι.
1730 5326 1747 5357 ι

189 5395 286 5449 Καὶ
330 5395 472 5466 μετὰ
521 5394 729 5466 βραχέα
773 5394 1041 5464 ἐπιλέγει·
1098 5414 1115 5446 ι
1174 5396 1282 5447 Καὶ
1322 5394 1472 5448 ἔσται
1518 5395 1580 5449 τὸ
1624 5398 1756 5450 ὑπό-

188 5485 383 5560 λειμμα
414 5487 509 5541 τοῦ
564 5486 758 5540 Ἰακὼϐ
801 5490 857 5541 ἐν
899 5490 1009 5551 τοῖς
1055 5486 1279 5549 ἔθνεσιν,
1316 5491 1371 5540 ἐν
1416 5487 1565 5558 μέσῳ
1606 5487 1749 5543 λαῶν

191 5580 414 5645 πολλῶν,
444 5581 521 5644 ὼς
564 5580 756 5651 δρόσος
794 5581 942 5650 παρὰ
975 5581 1178 5649 Κυρίου
1228 5580 1517 5646 πίπτουσα,
1551 5582 1641 5635 καὶ
1674 5582 1748 5646 ὡς

168 5714 179 5725 ε
249 5695 418 5783 ’μείω
456 5712 580 5763 va,
604 5697 757 5753 8-12.
837 5699 883 5737 τι
913 5698 1100 5755 Matth.
1133 5716 1268 5764 xx",
1304 5701 1387 5755 Μ.
1463 5702 1510 5732 ⁷⁵
1546 5699 1647 5755 lsa.
1677 5717 1769 5761 LM

1871 5709 1921 5765 5.
1997 5711 2042 5743 ⁷⁸
2068 5708 2229 5768 Mich.
2282 5712 2448 5783 tt,ll,
2472 5713 2555 5769 12.
2635 5715 2677 5747 ⁷⁷
2714 5714 2816 5770 lsa.
2853 5730 2977 5781 ωιτν,
3014 5715 3066 5771 9.

198 5780 241 5823 v.
270 5765 327 5827 ἓ,
357 5768 410 5820 5.

263 5854 335 5920 lt)
371 5856 529 5918 Forte
565 5860 948 5934 corrigendum
987 5863 1039 5928 γ’
1072 5880 1169 5925 pro
1206 5864 1269 5919 δ’.
1315 5863 1469 5920 Eon.
1503 5864 1672 5923 Ριιτιι.

1861 4670 2010 4725 canit
2041 4672 2460 4743 congregatione
2485 4671 2635 4743 digni
2670 4670 2849 4727 effecti
2880 4679 3030 4737 sunt,
3064 4678 3119 4726 et
3148 4670 3426 4725 liberatio-

1859 4778 1982 4817 nem
2017 4762 2086 4818 ab
2117 4763 2366 4819 hostibus
2396 4764 2561 4817 nacti.

1928 4854 2015 4913 ιι.
2052 4873 2071 4907 ‹
2096 4854 2161 4908 Et
2190 4864 2249 4909 tu
2282 4854 2613 4919 Bethleliem,
2647 4854 2842 4911 domus
2868 4853 3106 4924 Ephrata
3132 4892 3147 4918 ,
3199 4852 3424 4906 minima

1858 4963 1951 5009 es,
1992 4954 2053 5001 ut
2097 4948 2175 5005 sis
2205 4948 2262 5003 in
2297 4947 2542 5003 millibus
2577 4946 2751 5015 Juda;
2785 4963 2852 5002 ex
2883 4958 2936 5002 te
2965 4946 3097 5001 mibi
3120 4945 3427 5017 egredietur

1858 5042 1952 5111 qui
1984 5042 2165 5112 praesit
2187 5084 2203 5109 ,
2233 5050 2294 5097 ut
2330 5043 2399 5099 sit
2430 5042 2485 5096 in
2516 5042 2819 5111 principem
2847 5040 2950 5111 ipsi
2981 5038 3151 5095 Israel
3171 5077 3187 5102 ,
3222 5044 3277 5091 et
3307 5035 3425 5090 exi-

1860 5140 1946 5185 tus
1986 5131 2104 5201 ejus
2150 5132 2218 5186 ab
2256 5132 2411 5187 initio
2453 5147 2518 5187 ex
2561 5130 2754 5187 diebus
2795 5130 3000 5186 saeculi.
3047 5127 3275 5197 Propter
3320 5127 3423 5180 hoc

1856 5222 2004 5277 dabit
2044 5237 2141 5276 eos
2187 5236 2360 5292 usque
2400 5224 2467 5276 ad
2515 5229 2731 5291 tempus
2776 5218 3075 5291 parientis:
3118 5215 3325 5287 pariet,
3366 5222 3422 5269 et

1855 5314 2051 5384 reliqui
2102 5329 2169 5368 ex
2214 5315 2481 5369 fratribus
2526 5328 2715 5369 eorum
2763 5317 3149 5367 convertentur
3182 5310 3247 5364 ⁷⁸.
3286 5328 3305 5361 ι
3354 5306 3421 5363 Et

1862 5412 1985 5475 post
2021 5421 2196 5476 pauca
2228 5407 2474 5478 adjungit
2500 5426 2516 5462 :
2550 5425 2568 5459 ι
2598 5406 2663 5461 Ει
2696 5405 2799 5461 erit
2828 5404 2973 5475 quod
3006 5403 3272 5473 reliquum
3303 5401 3421 5457 fue-

1855 5498 1927 5553 rit
1955 5514 2021 5554 ex
2054 5496 2224 5555 Jacob
2254 5500 2308 5554 in
2338 5500 2591 5571 gentibus
2621 5500 2677 5553 in
2710 5496 2889 5552 medio
2922 5496 3246 5569 populorum
3277 5495 3420 5550 mul-

1856 5597 2072 5661 torum,
2118 5592 2273 5663 quasi
2324 5609 2414 5650 ros
2462 5610 2492 5649 a
2529 5594 2759 5650 Domino
2806 5593 3044 5659 cadens,
3073 5598 3128 5649 et
3156 5596 3415 5660 tanquam

3172 5712 3217 5747 ’⁸
3249 5708 3409 5767 Mich.
