4018 6504
554 405 660 498 iss

1155 439 1424 497 EUSEBlt
1463 423 1941 497 ciesarusrims
1971 437 2121 497 opp.

2241 437 2338 492 .ns
2379 435 2439 490 ιι.
2480 417 2550 476 έ-
2584 428 3078 489 Αροιοῦετιω.

3678 423 3790 481 156

544 556 682 628 agni
731 572 897 628 super
945 573 1202 628 gramen,
1249 568 1308 612 ut
1350 573 1459 613 non
1491 567 1850 630 congregetur
1883 558 2112 628 aliquis,

2241 554 2376 627 ίρνες
2407 553 2492 606 ἐπ’
2527 552 2819 622 ἄγρωστιν,
2853 550 3008 610 ὅπως
3031 544 3104 616 μὴ
3137 541 3374 614 συναχθῇ
3408 539 3615 630 μηδεὶς,
3648 540 3792 611 μηδὲ

555 667 731 720 neque
773 651 1041 706 subsistat
1081 651 1137 705 in
1180 650 1306 706 ﬁliis
1361 651 1686 707 hominum:
1727 663 1782 706 et
1827 652 1930 706 erit
1971 649 2116 721 quod

546 741 824 811 ‘reliquum
861 741 1018 796 fuerit
1050 757 1114 795 ex
1166 740 1332 796 Jacob
1384 741 1436 794 in
1483 743 1774 812 gentibus,
1827 742 1881 795 in
1936 741 2116 796 medio

554 834 879 906 populorum
928 833 1254 897 multorum,
1310 843 1566 908 tanquam
1620 834 1705 887 leo
1757 834 1808 886 in
1845 833 2114 902 jumentis

555 925 744 989 silvae,
778 931 832 979 et
861 923 1016 994 quasi
1047 925 1261 979 catulus
1291 925 1466 979 leonis
1507 925 1570 986 in,
1605 925 1856 994 gregibus
1899 926 2114 990 ovium,

520 1005 1015 1087 iquemadmodum
1060 1031 1185 1069 cum
1228 1017 1509 1069 transierit
1561 1024 1614 1070 et
1654 1016 1982 1084 dispertiens
2031 1031 2119 1071 ra-

556 1109 774 1179 puerit,
821 1115 876 1162 et
914 1123 1022 1162 non
1067 1109 1138 1161 sit
1177 1108 1270 1178 qui
1313 1109 1550 1178 eripiat:
1594 1109 1885 1163 extolletur
1926 1125 2119 1165 manus

557 1208 649 1253 tua
681 1213 846 1268 super
876 1198 1172 1268 alﬂigentes
1205 1208 1292 1262 te,
1322 1205 1375 1254 et
1402 1214 1593 1254 omnes
1647 1199 1852 1254 inimici
1887 1201 1965 1253 tui
1998 1216 2121 1270 per-

557 1291 755 1345 dentur
779 1290 823 1321 ⁷⁹
852 1307 865 1341 :
894 1308 912 1340 ι
939 1289 1024 1342 his
1054 1290 1296 1358 profecto
1324 1289 1459 1344 nihil
1498 1290 1611 1343 lieri
1645 1299 1830 1360 posset
1859 1291 2118 1356 lucidius,

557 1396 678 1450 qua:
706 1388 758 1435 et
793 1389 975 1433 ortum
1003 1379 1304 1436 Salvatoris
1331 1381 1386 1435 in
1411 1380 1720 1436 Bethlehem
1746 1421 1760 1446 ,
1794 1389 1849 1438 et
1874 1383 2121 1452 ejusdem

560 1477 628 1528 ab
658 1481 864 1528 aeterno
912 1475 1384 1543 propagationem,
1427 1485 1479 1530 et
1506 1473 1745 1546 Virginis
1782 1487 2028 1546 partum,
2069 1483 2125 1532 et

560 1564 930 1635 apostolorum
971 1573 1025 1619 et
1065 1565 1460 1636 discipulorum
1504 1567 1626 1636 ejus
1661 1567 2035 1631 vocationem,
2069 1571 2125 1622 et

560 1653 998 1725 praedicationem
1027 1655 1094 1711 de
1121 1655 1370 1721 Christo,
1405 1659 1499 1728 qui
1528 1659 1584 1712 in
1613 1666 1785 1713 totum
1811 1658 1997 1713 orbem
2030 1674 2125 1728 per

560 1760 656 1801 eos
685 1745 974 1817 importata
1005 1755 1092 1802 est
1111 1786 1127 1812 ,
1161 1747 1425 1803 referunt.
1456 1749 1592 1803 Cum
1621 1749 1764 1804 enim
1793 1750 1841 1804 is
1873 1750 2127 1820 princeps

562 1838 631 1892 de
673 1853 782 1909 quo
826 1839 1104 1909 prophetia
1142 1839 1401 1910 loquitur,
1446 1848 1500 1896 et
1529 1842 1686 1911 cujus
1713 1841 1892 1897 exitus
1917 1858 1983 1896 ex
2014 1842 2129 1896 die-

2222 646 2426 714 ὑποστῇ
2453 645 2512 696 ὲν
2544 643 2678 703 υἱοῖς
2707 638 3008 710 ἀνθρώπων
3026 653 3039 666 ο
3073 636 3168 690 καὶ
3189 633 3342 688 ἔσται
3372 631 3434 685 τὸ
3473 629 3794 700 ὑπόλειμμα

2233 735 2427 793 Ἰακὼϐ
2472 737 2530 788 ὲν
2564 736 2678 796 τοῖς
2722 731 2950 794 ἔθνεσιν,
2986 731 3043 782 έν
3086 726 3232 798 μέσῳ
3275 724 3418 778 λαῶν
3452 720 3682 785 πολλῶν,
3710 720 3794 784 ὡς

2220 830 2355 883 λέων
2389 830 2446 881 ὲν
2476 828 2589 887 τοῖς
2637 823 2856 892 κτήνεσι
2899 819 2991 873 τοῦ
3035 815 3262 889 δρυμοῦ,
3295 814 3389 869 καὶ
3437 813 3511 876 ὼς
3550 811 3796 882 σκύμνος

2222 925 2280 974 ὲν
2306 919 2573 991 ποιμνίοις
2601 914 2905 987 προϐάτων,
2955 911 3014 964 ὃν
3049 911 3246 980 τρόπον
3286 908 3412 960 ὅταν
3455 904 3658 978 διέλθῃ,
3696 903 3798 956 καὶ

2221 1011 2525 1072 διαστείλας
2555 1007 2796 1080 ἁρπάσῃ,
2820 1004 2925 1059 καὶ.
2951 1003 3023 1073 μὴ
3114 1003 3142 1054 ὁ
3184 999 3562 1071 ἐξαιρούμενος
3581 1015 3595 1027 ·
3637 997 3797 1064 ὑψω-

2225 1099 2446 1170 θήσεται
2477 1100 2510 1167 ή
2544 1097 2664 1167 χείρ
2699 1112 2790 1147 σου
2821 1092 2913 1146 ἐπὶ
2955 1093 3078 1154 τοὺς
3117 1089 3392 1152 θλίϐοντάς
3421 1105 3500 1152 σε,
3535 1088 3627 1140 καὶ
3659 1086 3798 1139 πάν-

2224 1208 2316 1254 τες
2345 1191 2394 1243 οἱ
2420 1189 2601 1260 ἐχθροί
2621 1205 2712 1240 σου
2734 1181 3290 1255 ἐξολοθρευθήσονται.
3319 1199 3335 1230 ι
3359 1177 3572 1231 Τούτων
3588 1177 3698 1230 οὐδ’
3717 1177 3801 1247 (1)

2227 1285 2292 1338 ἄν
2317 1302 2369 1336 τι
2397 1283 2606 1351 γένοιτο
2633 1278 2971 1347 λευκότερον,
2995 1273 3135 1328 κατὰ
3167 1271 3228 1327 τὸ
3255 1272 3386 1326 αὑτὸ
3411 1272 3506 1325 καὶ
3529 1270 3628 1340 τὴν
3652 1272 3812 1339 γένες⁵

2229 1394 2311 1429 σιν
2335 1375 2431 1446 τὴν
2460 1377 2516 1426 ὲν
2543 1371 2787 1442 Βηθλεὲμ
2817 1367 2908 1422 τοῦ
2950 1366 3201 1436 Σωτῆρος
3236 1364 3678 1434 ἁναφωνούντων,
3705 1365 3804 1416 καὶ

2227 1470 2326 1540 τὴν
2361 1467 2464 1537 πρὸ
2499 1465 2692 1528 αἰῶνος
2734 1462 2987 1516 οὑσίωσιν
3027 1458 3213 1522 αὑτοῦ,
3251 1459 3346 1510 uel.
3392 1457 3482 1509 τὸν
3525 1457 3625 1527 τῆς
3653 1455 3808 1524 Παρ-

2230 1559 2383 1613 θένου
2417 1556 2653 1621 τοκετὸν,
2686 1554 2780 1606 καὶ
2817 1553 2924 1606 τῶν
2959 1549 3267 1604 ἀποστόλων
3292 1547 3384 1600 καὶ
3413 1545 3668 1616 μαθητῶν
3706 1547 3809 1598 αὑ-

2231 1649 2324 1704 τοῦ
2365 1651 2464 1720 τὴν
2495 1647 2706 1718 κλῆσιν,
2746 1644 2839 1698 καὶ
2879 1643 2940 1696 τὸ
2967 1643 3230 1713 κήρυγμα
3270 1639 3330 1691 τὸ
3375 1637 3492 1691 καθ’
3539 1637 3667 1707 ὅλης
3701 1636 3808 1706 τῆς

2231 1741 2551 1813 οἰκουμένης
2595 1739 2727 1810 περὶ
2767 1735 2860 1789 τοῦ
2892 1732 3128 1804 Χριστοῦ
3157 1732 3223 1785 δι’
3275 1728 3452 1813 αὐτῶν
3501 1728 3810 1798 κατηγγελ-

2237 1810 2411 1901 μένον.
2447 1830 2552 1884 Τοῦ
2585 1829 2693 1900 γὰρ
2717 1823 3041 1896 δηλουμένου
3071 1825 3350 1893 ἄρχοντος,
3378 1810 3439 1872 οῦ
3465 1818 3562 1881 τὰς
3589 1817 3808 1883 ἐξόδους

564 1931 668 1986 bus
694 1930 911 1985 aeternis
941 1945 1064 1986 esse
1106 1931 1381 1996 declarat,
1427 1932 1494 1988 de
1538 1910 1850 1988 Bethlehem
1891 1933 1962 1988 sit
2000 1948 2126 2004 pro-

2241 1924 2255 1974 5
2279 1922 2434 1990 λόγος
2459 1921 2518 1985 ἐξ
2537 1918 2761 1991 ἡμερῶν
2784 1916 2977 1978 αἰῶνος
2999 1910 3136 1967 εἶναι
3155 1913 3322 1983 δηλοῖ,
3341 1914 3406 1966 ὲκ
3429 1912 3527 1982 τῆς
3552 1910 3806 1982 Βηθλεὲμ.

566 2021 809 2077 tecturus
832 2061 848 2087 ,
880 2022 1138 2092 huncque
1167 2023 1346 2094 ipsum
1379 2039 1444 2080 ea
1473 2041 1594 2095 quae
1626 2026 1847 2095 pariens
1883 2025 2132 2078 nomina-

567 2122 678 2180 tur,
714 2123 905 2168 sancta
933 2111 1106 2186 Virgo
1136 2115 1208 2169 sit
1237 2116 1484 2185 paritura
1511 2135 1524 2171 :
1556 2131 1667 2170 non
1702 2129 1894 2171 omnes
1929 2117 2021 2185 qui
2066 2113 2133 2169 ad

565 2206 1041 2262 circumcisionem
1069 2215 1353 2277 spectant,
1385 2207 1480 2262 sed
1510 2209 1658 2263 solos
1687 2223 1782 2262 eos
1809 2207 1901 2278 qui
1939 2207 2133 2277 reliqui

568 2298 805 2362 fuerint,
839 2299 1020 2354 salvos
1049 2299 1260 2354 futuros
1293 2299 1550 2365 afﬁrmat,
1594 2316 1730 2370 quos
1763 2307 1817 2354 et
1860 2300 2132 2355 residuum

570 2387 689 2444 fore
722 2387 890 2443 Iacob
910 2427 924 2451 ,
956 2395 1010 2442 et
1043 2389 1184 2443 roris
1218 2391 1391 2443 instar
1420 2389 1474 2442 in
1506 2404 1696 2444 omnes
1725 2389 1911 2443 datum
1940 2388 2008 2442 iri
2035 2403 2134 2442 na-

569 2481 766 2536 tiones.
802 2498 822 2531 t
857 2479 972 2534 Erit
1022 2481 1190 2545 enim,
1263 2481 1460 2550 inquit,
1522 2480 1804 2536 residuum
1852 2479 2026 2536 Jacob
2076 2480 2134 2534 in

570 2574 822 2644 gentibus
844 2613 858 2636 ,
892 2580 951 2628 ut
979 2589 1072 2629 ros
1105 2587 1136 2626 a
1171 2572 1400 2626 Domino
1433 2573 1633 2628 cadens
1654 2613 1668 2638 ,
1713 2581 1766 2628 et
1810 2573 1967 2643 quasi
2011 2574 2136 2644 agni

571 2682 738 2738 super
785 2682 1042 2737 gramen,
1073 2685 1092 2717 ι
1119 2681 1217 2736 pro
1259 2681 1402 2735 quo,
1442 2685 1460 2717 ‹
1492 2667 1648 2735 quasi
1699 2666 1859 2721 stillae
1907 2666 1963 2720 in
2009 2665 2136 2722 her-

573 2760 697 2813 bam
715 2798 730 2822 ,
764 2777 782 2810 ›
809 2759 918 2828 82
947 2758 1170 2828 Aquila;
1220 2755 1558 2811 Theodotion
1587 2764 1766 2813 autem
1790 2800 1804 2824 ,
1835 2775 1855 2810 ι
1877 2765 2135 2829 tanquam

573 2853 668 2904 uix
717 2865 883 2920 super
933 2849 1148 2914 fenum,
1182 2869 1200 2902 ι
1233 2849 1538 2905 reddidere.
1572 2850 1702 2904 Item
1735 2865 1835 2920 pro
1868 2851 1996 2913 illo,
2027 2868 2046 2901 ι
2076 2856 2137 2903 ιιι

572 2957 685 2997 non
729 2951 1089 3011 congregetur
1125 2940 1357 3020 aliquis,
1404 2956 1577 3009 neque
1617 2942 1880 2997 subsistat
1921 2943 1977 2996 in
2012 2940 2137 2998 ﬁliis

573 3032 855 3087 hominum
878 3073 894 3097 ,
925 3050 1100 3104 neque
1139 3033 1376 3088 oll‘endat
1419 3034 1564 3089 ﬁlius
1605 3035 1841 3089 hominis
1864 3074 1878 3100 ,
1910 3053 1928 3086 ι
1961 3033 2138 3089 Theo-

575 3124 762 3179 dotion
804 3127 1081 3195 reposuit,
1113 3145 1131 3178 t
1157 3125 1250 3196 qui
1296 3141 1405 3180 non
1445 3126 1784 3197 exspectabit
1825 3126 2134 3190 hominem,

2235 2010 2712 2085 προελευσομένου,
2747 2009 2840 2062 καὶ
2878 2007 2977 2077 τῆς
2999 2005 3184 2059 τοῦτον
3213 2004 3605 2074 άποτικτούσης
3644 2004 3808 2072 ἁγίας

2233 2104 2506 2176 Παρθένου
2540 2100 2850 2173 τεξομένης,
2885 2100 2944 2152 οὑ
2980 2099 3187 2161 πάντας
3220 2097 3351 2167 φησι
3390 2098 3513 2160 τοὺς
3548 2099 3608 2150 ἐκ
3651 2114 3790 2168 περι

2232 2196 2425 2267 τομῆς,
2455 2193 2590 2248 ἀλλὰ
2627 2193 2816 2264 μόνους
2848 2193 2975 2254 τοὺς
3008 2189 3308 2253 ὲπιλοίποις
3335 2187 3809 2258 ἁνασωθήσεσθαι,

2234 2289 2328 2352 οὒς
2372 2288 2465 2342 καὶ¹
2505 2287 2714 2356 λεῖμμα
2757 2282 3082 2354 γενήσεσθαι
3123 2281 3219 2334 τοῦ
3259 2279 3472 2343 Ἰακὼϐ,
3515 2280 3608 2333 καὶ
3651 2280 3814 2350 δίκην

2233 2381 2421 2452 δρόσου
2443 2378 2536 2431 ἐπὶ
2566 2378 2742 2430 πάντα
2763 2373 3078 2446 δοθήσεσθαι
3101 2373 3171 2427 τὰ
3191 2372 3338 2443 ἔθνη.
3367 2391 3386 2424 t
3418 2373 3610 2426 Ἔσται
3642 2372 3806 2442 γὰρ,›

2235 2471 2389 2542 φησὶ,
2435 2489 2454 2521 t
2507 2468 2568 2522 τὸ
2610 2467 2920 2538 ὑπόλειμμα
2953 2465 3049 2519 τοῦ
3091 2465 3281 2518 Ἰακὼϐ
3322 2468 3378 2518 ὲν
3423 2467 3536 2528 τοῖς
3596 2463 3813 2517 ἔθνεσιν

2235 2564 2309 2626 ὼς
2333 2562 2520 2633 δρόσος
2548 2558 2698 2631 παρὰ
2722 2558 2928 2630 Κυρίου
2971 2557 3263 2620 πίπτουσα,
3308 2558 3404 2609 καὶ
3432 2556 3506 2619 ὼς
3539 2556 3700 2626 ἄρνες
3723 2557 3813 2607 ἐπ’

2236 2653 2525 2725 ἄγρωστιν.
2559 2671 2577 2704 ι
2623 2651 2762 2705 Ἀνθ’
2790 2645 2872 2715 οῦ,
2907 2669 2926 2702 t
2957 2651 3051 2704 καὶ
3081 2649 3158 2712 ὼς
3184 2649 3418 2719 ψεκάδες
3449 2649 3540 2700 ἐπὶ
3563 2647 3756 2712 πόαν,›
3785 2650 3817 2702 ό

2251 2746 2495 2810 Ἀκύλας,
2529 2748 2556 2799 ὁ
2583 2746 2640 2798 δὲ
2667 2744 2977 2807 Θεοδοτίων,
3007 2761 3026 2793 ε
3058 2742 3152 2795 καὶ
3168 2741 3300 2793 ὡσεὶ
3324 2740 3535 2809 νιφετὸς
3563 2740 3654 2791 ἐπὶ
3684 2739 3846 2809 χόροε

2238 2857 2380 2901 cev,»
2406 2834 2751 2892 ὲκδεδώκασι.
2770 2836 2880 2889 Καὶ
2902 2834 3062 2888 πάλιν
3088 2832 3209 2886 ἀντὶ
3229 2831 3344 2895 τοῦ,
3373 2833 3556 2894 Ὅπως
3583 2830 3658 2903 μὴ
3678 2848 3811 2884 συν-

2239 2930 2375 3001 αχθῇ
2415 2929 2603 3001 μηδεὶς
2639 2927 2770 2998 μηδὲ
2803 2927 3008 2996 ὑποστῇ
3043 2925 3101 2977 ὲν
3135 2926 3269 2987 υἱοῖς
3305 2921 3624 2993 ἀνθρώπων,
3669 2922 3814 2994 μηδὲ

2241 3021 2523 3093 προσκόψῃ
2553 3019 2665 3082 υἱὸς
2692 3016 2999 3090 ἀνθρώπου,
3027 3017 3232 3086 φησὶνό
3259 3014 3564 3076 Θεοδοτίων,
3586 3032 3604 3064 t
3623 3015 3717 3076 ’ος
3749 3011 3816 3065 οὗ

2245 3112 2706 3184 μενεῖἄνθρωπον,
2724 3110 2817 3163 καὶ
2845 3109 2944 3162 οὑκ
2969 3107 3177 3160 ὲλπίσει
3204 3107 3294 3159 ἐπὶ
3321 3107 3433 3158 υἱὸν
3459 3103 3766 3175 ἀνθρώπου.
3791 3122 3816 3156 ι

575 3227 629 3273 et
676 3231 789 3272 non
839 3219 1077 3288 sperabit
1129 3219 1186 3272 in
1233 3218 1344 3274 ﬁlio
1397 3218 1652 3274 hominis.
1689 3218 1928 3289 iAquila
1976 3233 2138 3281 vero,

2245 3208 2400 3262 Καὶό
2428 3205 2705 3270 Ἀκύλας,‹
2723 3205 2818 3266 Ὃς
2849 3204 2947 3273 οὑχ
2976 3203 3235 3272 ὑπομενεῖ
3259 3200 3445 3272 ἄνδρα,
3480 3199 3574 3253 καὶ
3597 3199 3657 3252 οὑ
3686 3199 3821 3269 περὶ

582 3328 602 3359 ι
637 3309 731 3378 qui
779 3287 891 3363 non
931 3310 1269 3379 exspectabit
1313 3309 1525 3376 virum,
1573 3319 1627 3366 et
1675 3287 1957 3380 non—erga
2003 3310 2139 3365 ﬁlios

2247 3302 2395 3363 υἱοὺς
2435 3295 2762 3370 ἀνθρώπων·
2804 3314 2823 3347 ι
2862 3295 2929 3347 δι’
2963 3287 3038 3348 ὧν
3069 3294 3217 3346 πᾶσα
3249 3290 3358 3344 τῶν
3385 3290 3691 3344 ἀποστόλων
3718 3290 3819 3343 τοῦ

527 3420 531 3426 ’
579 3401 858 3456 hominum
884 3422 897 3455 :
943 3421 962 3454 ι
989 3403 1045 3456 in
1074 3402 1274 3474 quibus
1294 3445 1308 3472 ,
1336 3403 1517 3459 omnis
1547 3402 1920 3472 apostolorum
1955 3399 2144 3455 Salva-

577 3493 717 3547 toris
746 3493 918 3548 nostri
948 3509 1073 3565 Spes
1093 3533 1108 3558 ,
1146 3509 1271 3564 quae
1295 3508 1403 3548 non
1438 3493 1492 3547 in
1525 3493 1779 3556 homine,
1811 3490 1905 3546 sed
1938 3489 1993 3544 in
2025 3487 2146 3543 Sal-

580 3593 788 3650 vatore,
809 3597 863 3641 et
888 3584 1118 3640 Domino
1147 3601 1249 3640 suo
1283 3584 1465 3639 futura
1494 3585 1566 3640 sit
1592 3582 2021 3643 demonstratur,
2050 3580 2146 3650 qui

583 3680 777 3749 utique
810 3677 1061 3733 Salvator
1118 3676 1211 3733 Dei
1243 3676 1481 3733 Verbum
1509 3683 1648 3731 erat.
1688 3673 1787 3730 His
1818 3688 1949 3728 vero
1990 3673 2146 3728 dein-

584 3787 712 3842 ceps
761 3772 1051 3840 adjungit:
1085 3789 1102 3820 ι
1134 3781 1189 3824 et
1227 3770 1332 3824 erit
1381 3767 1524 3839 quod
1571 3767 1842 3836 reliquum
1877 3764 2042 3820 fuerit
2080 3781 2148 3820 ex

585 3863 755 3917 Jacob
804 3862 1057 3932 gentibus
1103 3861 1157 3913 in
1207 3859 1386 3914 medio
1433 3858 1758 3928 populorum
1809 3857 2146 3919 multorum,

589 3953 748 4024 quasi
777 3953 865 4007 leo
893 3953 947 4006 in
973 3950 1239 4022 jumentis
1266 3949 1416 4006 silvae
1438 3988 1453 4014 ,
1485 3955 1540 4004 et
1580 3949 1739 4018 quasi
1785 3948 2002 4002 catulus
2041 3948 2152 4002 leo-

590 4048 675 4103 nis
701 4047 757 4100 in
783 4046 1038 4117 gregibus
1067 4046 1250 4099 ovium
1279 4063 1291 4098 :
1323 4043 1775 4113 quemadmodum
1810 4057 1934 4096 cum
1973 4050 2151 4096 trans-

592 4139 752 4200 ierit,
783 4147 837 4192 et
864 4136 1190 4206 dispertiens
1227 4135 1505 4208 rapuerit,
1552 4143 1606 4190 et
1635 4149 1744 4189 non
1789 4134 1860 4190 sit
1902 4132 1996 4204 qui
2044 4132 2153 4187 eri-

595 4231 708 4302 piat
737 4249 749 4284 :
787 4249 804 4282 ι
831 4229 1030 4300 quibus
1071 4227 1279 4291 verbis,
1307 4236 1368 4281 ut
1400 4227 1657 4291 arbitror,
1717 4225 2050 4282 conﬁdentia
2099 4231 2154 4278 et

593 4321 922 4392 intrepidum
959 4320 1129 4374 robur
1171 4319 1578 4390 praedicationis
1617 4318 1932 4389 apostolicae
1971 4315 2158 4370 deela-

594 4422 768 4470 ratur.
812 4412 1093 4484 Siquidem
1124 4413 1300 4467 instar
1331 4413 1505 4468 leonis
1533 4421 1586 4468 et
1615 4411 1819 4473 catuli,
1865 4409 1922 4463 in
1965 4409 2158 4464 silvam

595 4509 837 4579 gentium
859 4546 873 4572 ,
905 4515 959 4562 et
997 4507 1053 4559 in
1081 4506 1264 4559 ovium
1291 4505 1655 4559 humanarum
1690 4517 1880 4573 greges
1900 4541 1915 4566 ,
1946 4499 2026 4554 illi
2079 4499 2158 4552 ir-

2246 3391 2492 3462 Σωτῆρος
2515 3393 2549 3461 ἡ
2559 3389 2672 3460 μῶν
2702 3387 2855 3450 ἐλπὶς
2877 3385 3000 3440 οὔτε
3027 3383 3106 3457 (2)
3140 3386 3218 3446 είς
3261 3382 3563 3454 ἄνθρωπον,
3597 3381 3710 3436 ἀλλ’
3736 3383 3822 3445 είς

2245 3483 2335 3536 τὸν
2351 3483 2579 3554 Σωτῆρα
2609 3482 2703 3534 καὶ
2734 3479 2934 3550 Κύριον
2962 3475 3158 3531 αὐτῶν·
3194 3471 3343 3538 οὗτος
3372 3475 3427 3529 δὲ
3439 3470 3506 3545 ῆν
3532 3473 3823 3528 ότοῦΘεοῦ

2247 3570 2423 3641 λόγος.
2457 3566 2552 3635 Οἷς
2580 3570 2706 3642 ἑξῆς
2737 3567 2977 3636 ἐπιλέγει
3001 3581 3016 3593 ·
3055 3583 3074 3616 t
3104 3565 3213 3617 Καὶ
3234 3564 3384 3617 ἔσται
3414 3562 3474 3616 τὸ
3508 3564 3821 3633 ὑπόλειμμα

2262 3663 2454 3718 Ἰακὼϐ
2501 3665 2557 3716 ὲν
2589 3665 2699 3724 τοῖς
2741 3660 2966 3720 ἔθνεσιν,
3000 3659 3058 3711 ὲν
3094 3657 3244 3727 μέσῳ
3288 3655 3431 3708 λαῶν
3481 3653 3709 3718 πολλῶν,
3741 3653 3822 3716 ὼς

2249 3755 2384 3808 λέων
2417 3757 2474 3808 ἐν
2506 3758 2616 3817 τοῖς
2648 3754 2865 3824 κτήνεσι
2893 3749 2986 3804 τοῦ
3011 3748 3236 3821 δρυμοῦ,
3270 3748 3363 3800 καὶ
3391 3746 3466 3808 ὼς
3496 3746 3731 3815 σκύμνος
3761 3746 3823 3796 ὲν

2253 3848 2522 3918 ποιμνίοις
2547 3847 2831 3920 προϐάτων
2851 3863 2863 3875 ·
2897 3844 2956 3898 ὃν
2980 3843 3180 3914 τρόπον
3207 3841 3334 3893 ὅταν
3357 3837 3558 3910 διέλθῃ,
3593 3837 3686 3890 καὶ
3713 3835 3823 3888 διας

2254 3943 2465 4004 στείλας
2499 3939 2740 4011 ἁρπάσῃ,
2773 3937 2866 3989 καὶ
2897 3934 2970 4006 μὴ
3000 3933 3034 4005 ᾖ
3065 3934 3093 3985 ὁ
3121 3928 3502 4002 ἐξαιρούμενος
3524 3945 3538 3956 ε
3579 3947 3596 3979 ι
3633 3928 3701 3980 δι’
3742 3921 3823 3981 ὧν

2253 4029 2404 4104 οἶμαι
2426 4028 2712 4101 δηλοῦσθαι
2736 4026 2797 4079 τὸ
2823 4023 3116 4095 θαρσαλέον
3152 4022 3244 4075 καὶ
3275 4017 3688 4085 ἀκατάπληκτον
3725 4016 3822 4069 τοῦ

2256 4120 2609 4180 ὰποστολικοῦ
2658 4117 3030 4190 κηρύγματος.
3077 4113 3242 4180 Δίκην
3292 4110 3421 4178 γοῦν
3461 4108 3668 4169 λέοντος
3728 4108 3824 4161 καὶ

2259 4217 2496 4287 σκύμνου
2543 4216 2600 4267 ὲν
2629 4211 2705 4282 τῷ
2738 4195 2926 4282 δρῦμῷ
2970 4206 3079 4258 τῶν
3105 4205 3294 4267 ὲθνῶν,
3327 4203 3419 4256 καὶ
3452 4204 3509 4257 ὲν
3553 4204 3672 4264 ταῖς
3712 4201 3825 4254 τῶν

2257 4306 2606 4380 ἀνθρωπίνων
2629 4303 2912 4374 προϐάτων
2944 4299 3166 4368 ἀγέλαις
3203 4296 3560 4358 εἰσϐαλόντες,
3588 4295 3682 4347 καὶ
3710 4293 3823 4347 δια-

2261 4401 2561 4460 στείλαντες
2582 4399 2705 4458 τοὺς
2733 4393 2912 4460 ἀξίους
2940 4391 3048 4444 ἀπὸ
3077 4389 3182 4442 τῶν
3204 4387 3457 4454 ἀναξίων,
3481 4385 3824 4456 ὑπηγάγοντο

2235 4493 2336 4563 τῷ
2358 4487 2593 4561 Χριστοῦ
2622 4487 2764 4556 λόγῳ
2788 4503 2801 4516 ο
2832 4484 2966 4555 πρὸς
2993 4482 3052 4535 ὃν
3078 4482 3203 4550 ἑξῆς
3243 4481 3600 4547 ἀναφωνεῖται
3631 4476 3698 4529 τὰ
3730 4476 3824 4528 ἀπ’

597 4567 819 4654 ruentes
839 4637 854 4661 ,
890 4605 943 4652 et
973 4597 1355 4668 dispertientes
1400 4596 1595 4668 dignos
1637 4567 1718 4649 ab
1749 4567 1989 4662 indignis
2012 4630 2027 4657 ,
2059 4606 2139 4646 eo:

2258 4584 2421 4641 αὑτοῦ
2447 4601 2460 4614 ’
2495 4603 2513 4633 t
2561 4578 2935 4650 ’Υψωθήσεται
2984 4576 3017 4644 ή
3047 4574 3168 4644 χείρ
3199 4590 3290 4625 σου
3335 4572 3426 4625 ἐπὶ
3465 4571 3592 4632 τοὺς
3623 4567 3814 4621 θλίϐονι

595 4688 802 4744 Christi
835 4688 1000 4742 verbo
1029 4687 1402 4757 subjecerunt.
1438 4687 1518 4741 Ad
1549 4700 1708 4755 quem
1740 4685 1999 4754 deinceps
2029 4696 2157 4752 pro-

598 4783 867 4840 feruntur,
897 4793 1018 4847 quae
1048 4779 1117 4832 ab
1153 4779 1273 4847 ipso
1313 4778 1423 4833 sint
1466 4784 1785 4830 manatura:
1819 4792 1838 4824 ι
1870 4774 2159 4827 extolletur

598 4889 793 4927 manus
825 4880 916 4924 tua
946 4886 1110 4941 super
1137 4869 1439 4940 amigentes
1483 4874 1571 4932 te,
1616 4877 1670 4922 et
1708 4879 1904 4920 omnes
1953 4863 2159 4918 inimici

597 4965 675 5018 tui
705 4962 999 5034 perdentur
1027 4980 1038 5015 :
1081 4980 1099 5013 ι
1129 4961 1278 5031 quod
1310 4960 1649 5029 ipsum‘sane
1679 4957 1845 5012 etiam
1875 4955 2051 5011 oculis
2079 4956 2161 5009 in-

599 5058 739 5113 tueri
772 5057 918 5110 licet.
951 5055 1212 5121 Quamvis
1258 5053 1403 5108 enim
1443 5051 1660 5114 multis,
1705 5049 1953 5119 quamvis
1997 5049 2160 5102 innu-

599 5146 953 5205 merabilibus
975 5187 990 5210 ,
1019 5145 1226 5201 Christi
1254 5143 1481 5199 verbum
1515 5141 1744 5196 antehac
1777 5138 2160 5210 atﬁigentibus,

599 5249 655 5297 et
684 5239 844 5295 hodie
881 5254 1099 5311 quoque
1139 5235 1579 5309 oppugnantibus
1601 5273 1617 5298 ,
1650 5234 1815 5290 altius
1848 5241 2030 5288 tamen
2075 5246 2161 5302 Ip-

603 5350 723 5389 sum
754 5333 924 5400 abiit,
967 5343 1021 5390 et
1050 5333 1326 5405 potentius
1359 5329 1570 5386 cunctis
1612 5327 1862 5384 eﬁ'ectum
1903 5336 2005 5384 est.
2057 5323 2164 5382 Sed

2255 4679 2352 4742 τάς
2394 4693 2474 4739 σε,
2510 4673 2602 4727 καὶ
2663 4671 2862 4732 πάντες
2901 4668 2950 4718 οἱ
2984 4665 3164 4736 ἐχθροί
3213 4682 3304 4718 σου
3354 4660 3826 4734 ὲξολοθρευθήσονο

2259 4786 2376 4825 ται·
2407 4769 2436 4820 ὃ
2461 4768 2553 4821 καὶ
2583 4764 2714 4820 αὑτὸ
2748 4761 3008 4832 πάρεστιν
3038 4757 3334 4827 ὀφθαλμοῖς
3363 4752 3809 4826 παραλαμϐάνειν

2261 4859 2482 4932 Μυρίων
2511 4857 2620 4929 γὰρ
2645 4857 2784 4910 ὅσων
2808 4854 2898 4907 τὸν
2931 4851 3166 4924 Χριστοῦ
3200 4851 3356 4918 λόγον
3385 4845 3706 4914 θλιψάντων,
3737 4845 3826 4896 καὶ

2261 4951 2427 5005 εἰσέτι
2478 4949 2573 5003 νῦν
2625 4944 3021 5016 πολεμούντων,
3078 4938 3362 5012 ὑπερήρθη
3419 4937 3512 4990 καί
3569 4933 3826 5005 κρείττων

2259 5045 2475 5098 πάντων
2503 5042 2744 5110 γέγονεν.
2789 5036 2948 5089 Ἀλλὰ
2978 5036 3074 5088 καὶ
3106 5031 3294 5102 ὑψώθη
3339 5032 3372 5100 ἡ
3407 5029 3527 5100 χεὶρ
3556 5025 3650 5078 τοῦ
3698 5025 3822 5094 Χριο

2262 5135 2387 5189 στοῦ
2440 5132 2580 5188 κατὰ
2627 5131 2845 5185 πάντων
2892 5127 2998 5180 τῶν
3049 5124 3350 5192 θλιψὰντων
3403 5119 3565 5174 αὑτόν
3587 5136 3599 5148 ο
3661 5117 3714 5170 οῖ
3773 5133 3834 5168 τε

2261 5227 2444 5300 ἐχθροὶ
2468 5222 2629 5279 αὑτοῦ
2659 5222 2878 5284 πάντες,
2913 5220 2962 5272 οἱ
2995 5216 3136 5271 κατὰ
3167 5213 3390 5283 χρόνους
3413 5209 3834 5279 ἐπανιστάμενοι.

2263 5317 2428 5375 αὑτοῦ
2452 5320 2516 5388 τῇ
2557 5311 2866 5382 Ἐκκλησία,
2894 5303 3431 5376 ὲξολοθρευθήσεσθαι
3459 5301 3728 5369 λέγονται.

602 5427 764 5480 etiam
817 5427 872 5482 in
928 5429 1144 5484 sublimi
1201 5429 1464 5483 collocata
1521 5437 1605 5484 est
1635 5442 1831 5482 manus
1876 5423 2108 5487 Christi,
2167 5427 2362 5475 contra
2391 5430 2579 5472 omnes
2620 5412 2711 5482 qui
2749 5410 2927 5478 ipsum
2974 5404 3305 5458 alllixerint:
3357 5401 3587 5470 ejusque
3625 5391 3828 5449 inimici

607 5517 878 5580 universi,
914 5518 1077 5573 variis
1106 5518 1442 5588 temporibus
1476 5525 1666 5574 contra
1696 5513 1816 5588 ejus
1847 5513 2143 5570 Ecclesiam
2174 5510 2520 5578 insurgentes
2540 5547 2554 5571 ,
2589 5499 2847 5573 perdendi
2876 5511 2998 5552 esse
3027 5495 3306 5549 dicuntur.

1129 5608 1237 5664 LII.
1278 5611 1316 5664 Α
1353 5609 1634 5678 Sophonia.

685 5721 704 5754 ι
733 5701 869 5768 Quia
897 5708 1028 5757 tunc
1057 5715 1368 5759 convertam
1395 5705 1448 5758 in
1477 5705 1706 5774 pooulos
1732 5703 2005 5774 linguam,
2035 5707 2091 5755 ut
2113 5697 2170 5755 in

683 5793 729 5823 "
765 5791 922 5850 Miclt.
962 5808 1016 5853 γ,
1054 5791 1168 5848 7-9.

691 5886 765 5959 (1)
803 5886 958 5941 οὐδ’.
987 5882 1143 5944 Forte
1168 5885 1283 5939 οὑκ.
1319 5883 1474 5940 Ευιτ.
1511 5880 1682 5938 Pun.

2689 5592 2813 5647 NB‘.
2841 5589 2973 5643 Ἀπὸ
3005 5585 3108 5641 τοῦ
3140 5583 3450 5654 Σοφονίου.
3486 5591 3488 5593 ’

2407 5691 2529 5746 Ὀτι
2564 5685 2684 5740 τότε
2727 5676 3080 5753 μεταστρέψω
3125 5675 3214 5727 ἐπὶ
3262 5673 3419 5733 λαοὺς
3467 5667 3714 5738 γλῶσσαν
3760 5663 3840 5726 εἰς

2349 5869 2423 5935 (2)
2469 5868 2635 5926 Οὔτε.
2669 5864 2827 5923 Forte
2855 5862 2974 5918 οῦκ.
3003 5861 3159 5921 Enn.
3187 5858 3356 5914 Pars.
