4018 6522
204 425 317 478 157

1120 420 1769 480 DEMONSTRATIONIS
1815 421 2273 480 EVANGELICA.
2313 428 2440 480 LIB.
2483 431 2545 480 ιι.

3351 429 3453 487 158

201 539 386 607 δνομα
419 538 655 609 Κυρίου,
700 536 793 591 τοῦ
831 536 1099 591 δουλεύειν
1143 537 1291 606 αὑτῷ
1335 537 1441 591 ὑπὸ
1474 536 1633 606 ζυγὸν
1676 536 1790 591 ἕνα.

1898 537 2117 592 nomine
2141 536 2354 592 Domini
2387 537 2632 593 serviant
2660 535 2710 591 ei
2739 537 2841 593 sub
2861 536 2995 608 jugo
3024 553 3151 594 uno.
3179 538 3223 593 A
3254 537 3454 597 finibus

211 627 315 680 Ἐκ
355 628 614 697 περάτων
660 626 921 696 ποταμῶν
963 626 1244 691 Αἰθιοπίας
1277 626 1635 699 προσδέξομαι
1665 629 1790 691 τοὺς

198 721 561 783 ίκετεύοντάς
596 738 662 790 με
687 737 701 749 ·
740 719 845 772 υἱοὶ
880 718 987 771 τῶν
1014 718 1421 789 διεσπαρμένων
1462 720 1665 773 οἴσουσι
1695 719 1789 772 θυ-

198 813 329 875 σίας
385 828 501 881 μοι.
549 812 640 864 Ἐν
670 814 737 882 τῇ
772 811 952 881 ἡμέρᾳ
982 810 1162 882 ἐκείνῃ
1196 812 1255 864 οὑ
1289 813 1361 883 μὴ
1390 812 1791 882 καταισχυνθῇς

194 908 263 961 ἑκ
300 910 532 962 πάντων
563 908 672 960 τῶν
704 905 1143 978 ἐπιτηδευμάτων
1169 920 1281 969 σου,
1307 897 1382 956 ὧν
1416 904 1685 975 ἠσέϐησας
1714 905 1792 966 εἰς

194 997 341 1066 ὲμέ·
384 998 471 1050 ὅτι
502 997 624 1049 τότε
665 996 899 1068 περιελῶ
938 996 1044 1048 ἀπὸ
1086 993 1177 1047 σοῦ
1210 993 1277 1047 τά
1309 993 1653 1064 φαυλίσματα
1692 993 1791 1062 τῆς

196 1088 421 1159 ῦὸρεώς
460 1105 581 1152 σου,
608 1090 701 1144 καὶ
734 1089 920 1142 οὐκέτι
969 1090 1027 1141 οὑ
1067 1088 1140 1159 μὴ
1169 1086 1467 1159 προστεθῇς
1494 1087 1587 1141 τοῦ
1626 1104 1791 1158 μεγα-

194 1182 480 1252 λαυχῆσαι
514 1185 608 1236 ἐπὶ
636 1184 695 1237 τὸ
720 1183 842 1253 ὅρος
866 1184 926 1236 τὸ
960 1183 1113 1251 άγιόν
1146 1201 1266 1253 μου,
1300 1185 1393 1236 καὶ
1434 1183 1792 1254 ὑπολείψομαι

196 1276 254 1328 ἑν
291 1275 383 1327 σοὶ
430 1276 564 1329 λαὸν
606 1278 779 1347 πρᾶον
813 1276 905 1329 καὶ
947 1277 1232 1330 ταπεινόν
1284 1276 1375 1330 κα)⁵
1407 1276 1792 1345 εὑλαϐῆσονται

199 1368 253 1417 ἐν
277 1365 364 1435 τῷ
389 1366 627 1437 ὀνόματι
657 1367 861 1438 Κυρίου
896 1368 945 1419 oi
975 1366 1289 1419 κατάλοιποι
1310 1366 1403 1419 τοῦ
1443 1366 1675 1437 Ἰσραὴλ,
1700 1366 1793 1418 καὶ

197 1458 257 1509 οὑ
288 1459 626 1525 ποιήσουσιν
655 1457 885 1520 ἀδικίαν,
919 1457 1014 1510 καὶ
1042 1458 1103 1509 οὑ
1126 1457 1415 1527 λαλήσουσι
1449 1456 1669 1526 μάταια,
1704 1457 1795 1508 καὶ

194 1547 259 1601 οὑ
295 1548 379 1619 μὴ
402 1548 610 1619 εὑρεθῇ
645 1551 701 1601 ὲν
736 1548 962 1618 στόματι
992 1547 1170 1602 αὑτῶν
1192 1546 1407 1615 γλῶσσα
1448 1545 1626 1599 δολία·
1663 1545 1794 1598 διότι

195 1640 358 1694 αὐτοὶ
383 1642 723 1712 νεμήσονται
754 1640 848 1694 καὶ
888 1639 1353 1711 κοιτασθήσονται,
1394 1639 1488 1691 καλ¹
1519 1638 1619 1691 οὑκ
1645 1636 1795 1690 ἔσται

193 1736 225 1788 ὁ
266 1731 529 1801 ἐκφοϐῶν
584 1732 797 1796 αὑτούς.
842 1751 861 1785 ι
916 1733 1026 1786 Καὶ
1061 1734 1117 1784 ὲν
1171 1731 1377 1794 τούτοις
1414 1727 1794 1798 ὑπολείψεσθαι

198 1824 384 1895 ἑαυτῷ
426 1824 562 1878 λαὸν
601 1826 783 1897 πραῢν
811 1826 904 1878 καὶ
938 1825 1190 1877 ταπεινὸν
1217 1824 1245 1875 ὁ
1288 1822 1490 1893 Κύριος
1528 1821 1797 1893 ἐπήγγελ-

1891 628 2174 684 fluminum
2212 628 2501 700 Ethiopiae
2546 631 2840 700 suscipiam
2878 631 3249 702 supplicantes
3279 632 3453 687 mihi:

1890 723 2261 793 dispersorum
2314 724 2489 778 ferent
2537 723 2745 779 hostias
2795 724 2949 777 mihi.
3000 723 3057 778 In
3102 725 3190 781 die
3221 726 3312 779 illa
3344 743 3452 781 non

1891 816 2183 871 erubesces
2223 831 2288 870 ex
2333 816 2588 870 omnibus
2631 816 2828 871 studiis
2874 817 3010 880 tuis,
3046 818 3249 888 quibus
3292 821 3455 887 impie

1891 908 2048 978 egisti
2078 908 2364 963 adversum
2396 924 2516 975 me;
2550 908 2677 978 quia
2711 915 2840 962 tunc
2888 908 3129 964 auferam
3173 926 3203 965 a
3231 918 3283 966 te
3328 928 3455 982 pro-

1892 1001 1988 1054 bra
2019 1000 2364 1055 contumelia
2394 1008 2500 1054 tua:
2520 1040 2534 1062 ,
2567 1011 2620 1055 et
2651 1017 2759 1055 non
2791 1002 2934 1055 ultra
2974 1000 3200 1071 adjicies
3230 1005 3456 1073 gloriari

1894 1107 2060 1161 super
2087 1099 2268 1146 monte
2297 1099 2489 1146 sancto
2520 1107 2678 1155 meo,
2721 1101 2775 1146 et
2818 1093 3121 1163 relinquam
3163 1095 3218 1148 in
3260 1102 3313 1150 te
3354 1112 3458 1166 po-

1893 1184 2078 1252 pudum
2139 1191 2483 1237 mansuetum
2541 1190 2595 1237 et
2646 1182 2937 1247 humilem,
2981 1192 3035 1238 et
3084 1186 3356 1240 cavebunt
3398 1186 3459 1242 in

1894 1275 2117 1329 nomine
2164 1273 2418 1335 Domini,
2464 1274 2555 1335 qui
2602 1275 2797 1344 reliqui
2845 1274 3045 1329 fuerint
3074 1294 3137 1331 ex
3170 1276 3373 1344 Israel,
3404 1288 3459 1333 et

1893 1384 2001 1421 non
2030 1366 2234 1421 facient
2264 1367 2614 1436 injustitiam,
2649 1376 2703 1422 et
2736 1383 2842 1420 non
2877 1368 3166 1437 loquentur
3198 1385 3334 1424 vana
3356 1410 3372 1435 ,
3404 1376 3459 1425 et

1892 1475 2003 1513 non
2038 1460 2345 1513 invenietur
2374 1459 2428 1513 in
2457 1476 2551 1514 ore
2589 1475 2778 1514 eorum
2824 1460 3005 1530 lingua
3047 1461 3275 1528 dolosa;
3322 1477 3460 1533 quo-

1892 1551 2040 1607 niam
2078 1552 2181 1621 ipsi
2218 1559 2512 1621 pascentur
2541 1560 2595 1606 et
2628 1552 2943 1616 cubabunt,
2986 1560 3039 1608 et
3078 1568 3183 1607 non
3221 1554 3324 1609 erit
3363 1554 3458 1624 qui

1894 1648 2167 1696 exterreat
2195 1658 2290 1697 eos
2320 1643 2387 1696 ⁸⁰.
2422 1662 2439 1693 ι
2468 1642 2575 1712 83
2608 1642 2665 1696 In
2714 1644 2799 1698 his
2832 1645 2959 1698 item
3001 1646 3313 1699 relicturum
3355 1645 3459 1700 sibi

1896 1732 2150 1801 populum
2173 1741 2513 1786 mansuetum
2541 1742 2594 1785 et
2621 1733 2876 1787 humilem
2901 1733 3160 1791 Dominus
3188 1736 3461 1805 pollicitus

1896 1833 1977 1879 est
1998 1865 2012 1887 ,
2045 1841 2152 1878 non
2184 1826 2349 1878 alium
2386 1828 2573 1895 utique
2605 1827 2957 1898 significans,
2986 1843 3150 1897 quam
3176 1844 3299 1883 eum
3323 1868 3339 1893 ,
3368 1831 3461 1899 qui

198 1934 314 1977 ται,
346 1918 455 1969 οὑκ
502 1917 661 1970 ἀλλον
708 1917 902 1988 δηλῶν,
938 1918 971 1986 ἢ
1017 1915 1107 1968 τὸν
1148 1918 1213 1968 ὲκ
1255 1914 1554 1986 περιτομῆς
1589 1914 1669 1976 εἰς
1703 1915 1791 1965 τὸν

1896 1914 1962 1969 de
1990 1916 2411 1972 circumcisione
2438 1917 2490 1971 in
2523 1917 2803 1973 Christum
2833 1919 3004 1989 ipsius
3035 1920 3106 1974 sit
3129 1920 3459 1976 crediturus.

198 2009 447 2079 Χριστὸν
476 2009 643 2062 αὑτοῦ
686 2010 1102 2063 πεπιστευκότα.
1133 2010 1241 2062 Καὶ
1274 2007 1434 2061 πάλιν
1474 2008 1597 2070 τοὺς
1628 2023 1792 2060 κατα-

198 2102 427 2166 λοίπους
475 2105 573 2155 τοῦ
622 2102 834 2173 Ἰσραὴλ
884 2103 1078 2171 μόνους
1120 2100 1456 2171 σωθήσεσθαι
1510 2098 1647 2169 μετά
1690 2098 1793 2165 τῆς

195 2194 309 2248 τῶν
347 2192 570 2249 λοιπῶν
588 2194 756 2247 ἐθνῶν
783 2195 1047 2265 κλήσεως,
1077 2194 1144 2265 ῆν
1188 2194 1246 2247 ὲν
1272 2195 1384 2255 τοῖς
1429 2190 1662 2262 πρώτοις
1693 2191 1794 2260 τῆς

198 2287 554 2358 προφητείας
585 2287 895 2357 ἒσήμαινεν.

602 2401 725 2452 Nl".
770 2400 913 2454 Ἀπὸ
942 2400 1047 2454 τοῦ
1079 2400 1397 2469 Ζαχαρίου.

275 2510 296 2541 ι
341 2489 482 2543 Ἰδοὺ
521 2489 705 2560 ἡμέρα
743 2489 958 2559 ἔρχεται
988 2491 1047 2542 ὲν
1072 2490 1174 2553 σοὶ,
1198 2490 1291 2543 καὶ
1319 2486 1792 2560 διαμερισθήσεται

197 2579 267 2633 τά
299 2578 483 2633 σκῦλά
518 2596 614 2632 σου
650 2581 706 2632 ἐν
744 2581 861 2633 σοί·
895 2581 989 2634 καὶ
1023 2578 1331 2643 ὲπισυνάξω
1365 2579 1540 2631 πάντα
1569 2578 1637 2631 τὰ
1664 2576 1791 2647 ἔθνη

199 2674 292 2723 ἐπὶ
337 2670 702 2743 Ἰερουσαλὴμ
724 2673 803 2735 είς
838 2672 1094 2742 πόλεμον,
1126 2670 1219 2723 καὶ
1251 2667 1516 2723 ἁλώσεται
1544 2671 1577 2739 ἠ
1614 2668 1788 2731 πόλις,

200 2764 295 2814 καὶ
327 2762 809 2834 διαρπαγησονται
846 2762 1035 2825 οἰκίαι,
1082 2762 1177 2814 καὶ
1209 2763 1262 2814 αἱ
1301 2763 1558 2829 γυναῖκες
1598 2760 1790 2829 μολυν-

202 2852 486 2921 θήσονται,
543 2854 638 2905 καὶ
673 2850 1012 2919 ἐξελεύσεται
1041 2852 1102 2903 τὸ
1144 2852 1311 2921 ἥμισυ
1354 2852 1457 2920 τῆς
1499 2850 1702 2913 πόλεως
1734 2852 1792 2902 ὲν

202 2944 584 3015 αἰχμαλωσίᾳο
626 2946 675 2997 οἱ
716 2944 773 2997 δὲ
818 2943 1133 2998 κατάλοιποι
1180 2943 1275 2997 τοῦ
1321 2943 1449 2996 λαοῦ
1487 2960 1587 3013 μου
1618 2942 1678 2995 οὑ
1719 2941 1792 3012 μὴ

201 3036 759 3107 ὲξολοθρευθησονται
805 3039 869 3091 ὲκ
909 3036 1009 3106 τῆς
1062 3035 1288 3098 πόλεως.
1349 3054 1367 3086 ι
1420 3034 1644 3105 Συνᾴδει
1700 3035 1793 3087 καὶ

199 3128 371 3181 ταῦτα
400 3129 518 3189 τοῖς
549 3125 986 3198 προτεθειμένοις
1014 3124 1105 3178 ἐπὶ
1130 3124 1207 3195 τῷ
1228 3124 1434 3195 ὀλέθρῳ
1464 3123 1558 3177 τοῦ
1593 3124 1793 3187 παντὸς

212 3218 485 3273 Ἰουδαίων
534 3217 737 3281 ἔθνους,
782 3216 1092 3287 μετελθόντι
1132 3217 1327 3280 αὑτοὺς
1378 3215 1515 3295 μετὰ
1555 3217 1653 3287 τὴν
1697 3214 1791 3268 τοῦ
1820 3241 1860 3297 C

202 3310 439 3380 Χριστοῦ
468 3309 774 3379 παρουσίαν
800 3308 1223 3379 πεπληρωμένα.
1252 3308 1405 3360 Μετά
1434 3303 1525 3361 οὖν
1557 3307 1654 3378 τὴν
1688 3307 1793 3360 ἀπὸ

203 3399 531 3463 Βαϐυλῶνος
572 3400 829 3452 ἐπάνοδον
857 3399 1029 3452 ταῦτα
1062 3401 1090 3452 ὁ
1126 3399 1401 3471 Ζαχαρίας
1432 3400 1790 3471 προφητεύει,

204 3490 482 3555 Θεσπίζων
529 3490 627 3561 τὴν
663 3491 768 3543 ὑπὸ
818 3492 1101 3561 Ῥωμαίων
1144 3492 1514 3563 γενησομένην
1550 3492 1787 3562 ὑστάτην

204 3583 534 3655 πολιορκίαν
560 3582 656 3636 τοῦ
693 3581 842 3646 λαοῦ,
877 3584 959 3651 ἐφ’
1070 3583 1161 3636 τοῦ
1194 3584 1393 3648 παντὸς
1423 3584 1607 3648 ἔθνους
1659 3586 1791 3637 Ἰου-

204 3676 366 3729 δαίων
386 3674 717 3746 ὑποχειρίου
740 3678 850 3737 τοῖς
873 3674 1150 3745 πολεμίοις
1178 3677 1569 3747 γενησομένου,
1603 3678 1794 3748 μόνους

207 3766 481 3837 msh-:05;
494 3766 860 3830 καταλοίπους
880 3766 974 3819 τοῦ
996 3766 1124 3819 λαοῦ
1146 3766 1502 3837 σωθήσεσθαι,
1531 3770 1790 3841 ἄντικρυς

208 3861 404 3924 αὐτοὺς
455 3860 585 3921 τοὺς
632 3859 1071 3925 ἀποστόλουςτοῦ
1125 3860 1373 3931 Σωτῆρος
1417 3860 1571 3932 ἡμῶν
1598 3861 1790 3933 δηλῶν.

613 3972 736 4025 NA’.
780 3971 923 4027 Ἀπὸ
960 3973 1065 4027 τοῦ
1102 3975 1396 4043 Ἱερεμίου.

282 4086 301 4117 ι
354 4065 793 4135 Ἐπιστράιρητε,
828 4064 935 4116 υἱοὶ
966 4065 1353 4133 ἀφεστηκότες,
1385 4066 1531 4133 λέγει
1570 4066 1790 4137 Κύριοςο

210 4158 343 4211 διότι
366 4156 482 4224 ἐγὼ
504 4153 922 4224 κατακυριεύσω
944 4154 1117 4225 ὑμῶν,
1142 4156 1236 4207 καὶ
1250 4155 1487 4225 λήψομαι
1512 4158 1674 4226 ὑμᾶς,
1699 4157 1793 4208 ’ένα

212 4250 273 4301 ὲκ
302 4247 538 4309 πόλεως,
574 4246 669 4298 καὶ
696 4243 789 4298 δύο
811 4246 873 4297 ἐκ
907 4246 1158 4315 πατριᾶς
1197 4246 1288 4299 καὶ
1320 4245 1522 4312 εἰσάξω
1545 4248 1688 4316 ὑμᾶς
1716 4249 1794 4311 εἰς

214 4338 371 4401 Σιὼν,
401 4338 497 4390 καὶ
524 4335 681 4390 δώσω
706 4338 833 4408 ὑμῖν
855 4337 1119 4408 ποιμένας
1141 4337 1281 4391 κατά
1300 4338 1397 4409 τὴν
1414 4338 1641 4409 καρδίαν
1668 4357 1791 4409 μου,

212 4430 302 4482 καὶ
333 4426 701 4497 ποιμανοῦσιν
726 4430 891 4499 ὑμᾶς,
923 4429 1298 4500 ποιμαίνοντες
1323 4431 1439 4500 μετ’
1462 4432 1789 4501 ἐπιστήμης.

212 4521 319 4575 Καὶ
382 4520 560 4582 ἔσται,
607 4519 702 4573 ἐάν
750 4520 1113 4592 πληθυνθῆτε,
1160 4522 1252 4573 καὶ
1310 4522 1598 4593 αὐξηθῆτε,
1641 4522 1789 4591 λέγει

213 4612 437 4682 Κύριος,
495 4613 553 4664 ὲν
593 4614 714 4674 ταῖς
755 4611 988 4685 ἡμέραις
1016 4613 1251 4675 ἐκείναις
1282 4614 1379 4666 οὑκ
1429 4612 1642 4684 ἐροῦσιν
1683 4614 1783 4667 ἔτι*

213 4703 463 4765 meme;
506 4703 780 4775 Διαθήκης
816 4703 1021 4775 Κυρίου
1078 4703 1292 4776 Ἰσραὴλ
1328 4706 1427 4758 οὑκ
1460 4706 1790 4777 ἀναϐήσεται

215 4797 305 4847 ἐπὶ
335 4794 592 4865 καρδίαν,
616 4795 734 4847 οὐδὲ
756 4794 1207 4866 ὀνομασθήσεται,
1236 4795 1330 4849 καὶ
1352 4796 1411 4847 οὑ
1435 4796 1787 4866 ποιηθήσεται

214 4886 307 4939 ἔτι.
371 4905 390 4937 ι
458 4885 629 4956 Ὀμοῦ
679 4886 770 4939 καὶ
813 4887 870 4940 ὲν
912 4886 1114 4950 τούτοις
1167 4886 1265 4957 τὴν
1320 4887 1650 4957 ἐπιστροφὴν
1694 4886 1791 4939 τοῦ

226 4978 443 5049 Ἰσραὴλ
478 4978 578 5048 τὴν
611 4980 668 5031 ὲν
698 4982 763 5050 τῇ
797 4979 1065 5050 παρουσίᾳ
1094 4978 1187 5032 τοῦ
1220 4978 1470 5050 Σωτῆρος
1494 4980 1648 5050 ἡμῶν
1685 4980 1789 5048 ’1ης

218 5070 309 5123 σού
340 5069 585 5141 Χριστοῦ
620 5072 985 5141 γενησομένην
1017 5071 1278 5135 θεσπίζει,
1309 5070 1427 5124 καθ’
1462 5071 1547 5141 ἢν,
1596 5070 1693 5124 ένα
1721 5072 1790 5123 ἐκ

217 5164 445 5227 πόλεως,
464 5162 665 5216 καὶδύο
682 5166 747 5217 ὲκ
763 5166 1018 5234 πατριᾶς,
1039 5164 1130 5217 καὶ
1148 5164 1346 5236 σφόδρα
1366 5163 1675 5230 όλιγοστοὺς
1692 5163 1785 5216 καὶ

217 5254 431 5326 ἀριθμῷ
460 5254 681 5326 βραχεῖς
710 5255 1085 5326 ἐκλεξάμενος,
1110 5256 1371 5327 ποιμένας
1391 5255 1495 5308 τῶν
1520 5257 1598 5319 εἰς
1624 5255 1785 5309 αὑτὸν
1818 5316 1827 5333 ⁸

221 5347 658 5401 πεπιστευκότων
706 5346 873 5401 ἐθνῶν
917 5348 1015 5417 (i),
1051 5348 1145 5401 καὶ
1181 5347 1522 5418 αὐξηθέντων
1553 5346 1645 5399 ἐπὶ
1686 5346 1785 5417 τῆς

227 5438 316 5506 τῆς
332 5442 388 5492 ὲν
407 5440 475 5509 τῇ
498 5437 565 5492 δι’
580 5438 756 5491 αὑτῶν
779 5440 1005 5509 ἐσομένη
1037 5440 1225 5509 κλήσει
1248 5458 1355 5493 των
1378 5439 1563 5494 ἐθνῶν·
1595 5458 1612 5490 ι
1640 5440 1782 5493 Οὑκ-

226 5528 315 5593 ίτι,
333 5533 517 5601 φησιν,
537 5529 768 5602 ἐροῦσιν·
789 5534 1031 5598 meme;
1049 5534 1317 5604 Διαθήκης
1334 5533 1553 5604 Κυρίου·
1570 5552 1587 5583 ι
1603 5531 1785 5585 οὐκέτι

231 5622 322 5691 γὰρ
352 5623 445 5675 ἐπὶ
480 5620 579 5685 τάς
605 5622 846 5687 Μωσέως
874 5626 1302 5696 ἁναδραμοῦνται
1334 5623 1787 5695 σωμᾳςικωεέοας

1894 2005 1960 2059 Ει
1991 2021 2182 2060 rursus
2212 2021 2307 2061 eos
2338 2048 2354 2073 ,
2386 2008 2478 2076 qui
2518 2008 2716 2077 reliqui
2754 2009 2953 2064 fuerint
2982 2026 3048 2064 ex
3082 2009 3281 2075 Israel,
3318 2012 3462 2067 solos

1894 2098 2077 2151 salvos
2104 2096 2318 2152 futuros
2343 2139 2355 2156 .
2395 2114 2519 2152 cum
2566 2100 2900 2169 reliquarum
2944 2102 3186 2171 gentium
3222 2105 3462 2158 vocatio-

1892 2205 1990 2255 ne,
2028 2205 2191 2260 quam
2226 2192 2379 2245 initio
2411 2194 2713 2263 prophetiae
2746 2194 3095 2263 significavit.

2406 2388 2538 2447 Llll.
2588 2391 2631 2444 Α
2670 2390 2955 2448 Zacharia.

1970 2496 1988 2529 ι
2018 2478 2156 2534 Ecce
2182 2478 2299 2535 dies
2328 2480 2510 2535 veniet
2537 2481 2591 2535 in
2620 2489 2692 2544 te,
2724 2489 2780 2537 et
2827 2482 3141 2538 dividentur
3166 2486 3337 2555 spolia
3373 2495 3464 2542 tua

1892 2569 1949 2622 in
1980 2577 2032 2624 te
2065 2589 2080 2624 :
2109 2577 2163 2623 et
2191 2572 2531 2641 congregabo
2578 2586 2768 2627 omnes
2800 2580 2988 2642 gentes
3030 2575 3084 2629 in
3126 2574 3465 2633 Hierusalem

1893 2660 1961 2714 ad
2000 2662 2220 2727 bellum,
2266 2671 2319 2717 et
2358 2664 2605 2734 capietur
2649 2665 2863 2725 civitas.
2915 2674 2969 2721 et
3010 2666 3336 2737 diripientur
3363 2670 3466 2725 do-

1894 2768 2036 2816 mus,
2068 2761 2122 2809 et
2146 2754 2403 2810 mulieres
2426 2756 2879 2825 inquinabuntur,
2904 2766 2955 2812 et
2979 2759 3148 2813 exibit
3179 2760 3465 2815 dimidium

1892 2845 2129 2901 civitatis
2160 2846 2216 2900 in
2246 2848 2604 2917 captivitate:
2638 2848 2831 2919 reliqui
2866 2865 2996 2905 vero
3020 2866 3086 2906 ex
3118 2853 3316 2922 populo
3341 2869 3469 2908 meo

1892 2949 2003 2988 non
2048 2934 2344 3005 perdentur
2387 2937 2453 2992 de
2501 2938 2722 2993 civitate
2742 2939 2810 2994 ⁸⁸.
2842 2958 2861 2990 ι
2910 2940 3291 2996 Consentanea
3339 2951 3471 2997 sunt

1893 3024 2007 3079 hac
2052 3025 2121 3080 iis
2149 3042 2272 3095 qua:
2318 3027 2599 3097 proposita
2655 3042 2785 3083 sunt
2814 3030 2880 3085 de
2928 3030 3152 3085 interitu
3199 3032 3469 3089 universa:

1895 3118 2131 3173 nationis
2155 3116 2488 3183 Iudaeorum,
2510 3118 2600 3189 qui
2633 3121 2700 3173 ad
2728 3121 2847 3177 illas
2876 3131 2998 3192 post
3027 3122 3232 3179 Christi
3262 3124 3467 3180 adven-

1894 3217 2007 3264 tum
2044 3213 2308 3280 pervenit.
2351 3211 2477 3267 Haec
2520 3214 2665 3268 enim
2717 3212 3010 3271 Zacharias
3062 3224 3186 3286 post
3233 3217 3467 3273 reditum

1895 3304 1962 3359 de
2008 3304 2279 3375 Babylone
2316 3308 2665 3368 vaticinatur,
2717 3323 2920 3363 canens
2962 3318 3259 3365 extremam
3318 3312 3466 3367 illam

1894 3396 2078 3465 populi
2109 3399 2489 3462 vastationem,
2523 3415 2645 3469 quae
2668 3416 2699 3454 a
2729 3400 2991 3457 Romanis
3018 3403 3300 3459 inferenda
3327 3415 3465 3472 erat,

1896 3491 1950 3543 in
1980 3504 2085 3561 qua
2122 3505 2246 3544 cum
2284 3498 2396 3545 tota
2423 3490 2650 3547 Iudaica
2678 3510 2810 3565 gens
2845 3496 2899 3548 in
2942 3495 3177 3550 hostium
3223 3506 3465 3568 potesta-

1895 3588 2001 3635 tem
2032 3590 2262 3635 ventura
2295 3592 2458 3647 esset,
2495 3584 2642 3638 solos
2681 3598 2777 3637 eos
2824 3582 2981 3648 dicit,
3016 3586 3111 3655 qui
3152 3586 3219 3641 de
3267 3588 3465 3656 p0pulo

1893 3674 2086 3743 reliqui
2120 3673 2342 3736 fuerint,
2375 3677 2555 3731 salvos
2589 3674 2705 3731 fore
2740 3695 2753 3730 :
2781 3676 2862 3731 sic
2883 3692 3013 3731 sane
3037 3678 3313 3748 apostolos
3348 3677 3468 3733 Sal-

1896 3766 2097 3821 vatoris
2129 3768 2301 3821 nostri
2324 3767 2669 3838 apertissime
2695 3767 3039 3839 significans.

2396 3966 2531 4021 LIV.
2586 3968 2666 4021 Ab
2704 3966 2959 4021 Ieremia.

1969 4077 1987 4110 ι
2022 4060 2435 4125 Convertimini,
2480 4060 2598 4125 filii,
2632 4061 2725 4131 qui
2772 4059 3071 4124 defecistis,
3118 4058 3251 4114 dicit
3291 4059 3469 4116 Domi-

1894 4166 2040 4216 nus;
2096 4152 2354 4220 quoniam
2393 4166 2495 4221 ego
2534 4150 2857 4205 dominahor
2900 4150 2956 4204 in
2994 4149 3168 4213 vobis,
3223 4158 3277 4205 et
3322 4152 3469 4205 acci-

1894 4244 2038 4316 piam
2062 4260 2181 4307 vos,
2220 4260 2390 4299 unum
2426 4245 2493 4299 de
2533 4245 2774 4310 civitate,
2803 4252 2857 4300 et
2883 4247 3023 4301 duos
3051 4244 3119 4300 de
3154 4243 3380 4310 familia,
3414 4255 3468 4303 ct

1895 4335 2161 4390 adducam
2192 4352 2290 4392 vos
2330 4337 2386 4391 in
2419 4336 2573 4401 Sion,
2621 4346 2675 4393 et
2702 4338 2843 4392 dabo
2890 4337 3045 4393 vobis
3082 4345 3333 4405 pastores
3379 4354 3467 4394 se-

1895 4430 2132 4481 cundum
2162 4443 2257 4482 cor
2290 4444 2490 4492 meum,
2522 4438 2576 4483 et
2611 4438 2836 4498 pascent
2870 4444 2987 4492 vos,
3021 4436 3306 4499 pascentes
3340 4445 3464 4485 cum

1897 4520 2143 4574 scientia.
2196 4518 2259 4573 Et
2288 4520 2412 4583 erit,
2446 4535 2571 4575 cum
2621 4521 2967 4590 multiplicati
2999 4520 3215 4576 fueritis
3259 4530 3312 4576 et
3342 4536 3462 4575 cre-

1891 4612 2101 4676 veritis,
2149 4610 2281 4667 dicit
2327 4612 2613 4675 Dominus,
2647 4612 2700 4665 in
2750 4612 2945 4667 diebus
2994 4613 3105 4668 illis
3140 4628 3252 4668 non
3283 4613 3466 4669 diceret

1892 4703 2124 4774 amplius
2171 4718 2351 4757 :arca
2412 4702 2746 4758 Testamenti
2812 4703 3025 4759 Domini
3087 4707 3287 4771 Israel,
3354 4724 3464 4765 non

1891 4797 2148 4853 ascendet
2202 4798 2258 4851 in
2310 4811 2427 4860 cor,
2461 4812 2639 4866 neque
2685 4797 3081 4861 nominabitur,
3128 4808 3182 4854 et
3222 4816 3332 4854 non
3374 4800 3465 4855 fiet

1892 4889 2207 4959 amplius".
2239 4906 2258 4939 ι
2294 4886 2351 4942 in
2383 4889 2469 4943 his
2493 4905 2713 4958 quoque
2744 4891 3158 4946 conversionem
3188 4891 3377 4955 Israel,
3406 4892 3459 4945 in

1892 4982 2129 5036 adventu
2161 4979 2461 5035 Salvatoris
2497 4982 2667 5036 nostri
2704 4980 2833 5036 .lesu
2863 4980 3071 5036 Christi
3098 4981 3335 5035 futuram
3367 4997 3459 5035 ea.

1890 5074 1990 5136 nit,
2021 5072 2077 5125 in
2114 5086 2242 5141 qua,
2276 5086 2401 5124 cum
2450 5086 2616 5124 unum
2666 5071 2732 5125 de
2770 5070 2986 5125 civitate
3014 5078 3068 5123 et
3109 5069 3246 5122 duos
3280 5068 3347 5121 de
3381 5066 3462 5119 fa-

1890 5163 2060 5226 milia,
2094 5169 2148 5216 et
2180 5161 2335 5217 valde
2363 5177 2566 5231 paucos
2621 5168 2674 5217 et
2706 5177 2933 5216 numero
2962 5162 3187 5230 exiguos
3214 5159 3455 5229 elegerit,

1887 5268 2076 5309 earum
2106 5270 2227 5324 quae
2255 5254 2309 5308 in
2344 5254 2521 5324 ipsum
2550 5253 2879 5309 crediderint
2915 5252 3155 5324 gentium
3188 5259 3455 5320 pastores.

1887 5360 2121 5415 cumque
2150 5346 2205 5399 in
2249 5356 2392 5400 terra
2439 5352 2626 5416 gentes
2660 5346 2713 5398 in
2745 5360 2843 5399 sua
2881 5344 3119 5412 ipsarum
3150 5340 3333 5396 futura
3364 5355 3457 5396 vo-

1890 5440 2106 5494 catione
2137 5440 2411 5494 creverint
2446 5459 2458 5492 :
2509 5458 2526 5489 ι
2554 5437 2674 5493 Non
2729 5440 2891 5501 ultra,
2928 5437 3123 5507 inquit,
3153 5436 3222 5490 ab
3259 5434 3341 5491 eis
3373 5435 3457 5490 di-

1891 5542 2067 5596 cetur,
2117 5546 2245 5587 area
2282 5530 2617 5587 Testamenti
2654 5529 2907 5594 Domini;
2942 5549 2960 5581 ι
3015 5544 3124 5584 non
3154 5528 3298 5584 enim
3338 5543 3453 5581 am-

1894 5625 2037 5696 piius
2070 5625 2138 5681 ad
2186 5623 2385 5695 Moysis
2419 5624 2732 5694 corporales
2778 5623 3121 5681 adorationes
3151 5628 3453 5687 recurrent,

282 5774 326 5805 ⁸⁸
355 5774 601 5849 Sophon.
637 5782 719 5841 in,
762 5778 911 5833 9-13.
986 5780 1029 5812 ⁸¹
1078 5780 1303 5835 Zachar.
1343 5798 1452 5845 11v,
1478 5780 1604 5850 1,2.
1679 5782 1723 5816 ”
1754 5780 1792 5836 ,ιε

1896 5780 1960 5833 ll.
1998 5782 2182 5837 16-16.

288 5893 358 5964 (1)
400 5893 563 5951 Deest
599 5895 803 5962 aliquid
834 5895 900 5952 ad
925 5895 1333 5956 suffulciendam
1357 5900 1702 5963 sententiam,
1736 5896 1789 5954 fo

1906 5901 2252 5972 καταστήσει.
2278 5900 2374 5957 En.
