  <div class='ocr_page' id='page_1' title='image "/cluster/home/n/w/nwhite01/storage/ocr_20150623/22/hvd.32044020605168/087.png"; bbox 0 0 4018 6518; ppageno 0'>
   <div class='ocr_carea' id='block_1_1' title="bbox 532 433 636 492">
    <p class='ocr_par' dir='ltr' id='par_1_1' title="bbox 532 433 636 492">
     <span class='ocr_line' id='line_1_1' title="bbox 532 433 636 492; baseline -0.019 0"><span class='ocrx_word' id='word_1_1' title='bbox 532 433 636 492; x_wconf 71' lang='grc'><strong>159</strong></span> 
     </span>
    </p>
   </div>
   <div class='ocr_carea' id='block_1_2' title="bbox 1166 416 3089 490">
    <p class='ocr_par' dir='ltr' id='par_1_2' title="bbox 1166 416 3089 490">
     <span class='ocr_line' id='line_1_2' title="bbox 1166 416 3089 490; baseline -0.006 -2"><span class='ocrx_word' id='word_1_2' title='bbox 1166 433 1435 490; x_wconf 83' lang='lat' dir='ltr'><strong>EUSEBII</strong></span> <span class='ocrx_word' id='word_1_3' title='bbox 1473 428 1948 488; x_wconf 66' lang='lat' dir='ltr'><strong>CAESARIENSIS</strong></span> <span class='ocrx_word' id='word_1_4' title='bbox 1987 427 2136 483; x_wconf 83' lang='lat' dir='ltr'><strong>OPP.</strong></span> <span class='ocrx_word' id='word_1_5' title='bbox 2181 425 2355 481; x_wconf 76' lang='lat' dir='ltr'><strong>PARS</strong></span> <span class='ocrx_word' id='word_1_6' title='bbox 2393 425 2452 480; x_wconf 91' lang='lat' dir='ltr'><strong>II.</strong></span> <span class='ocrx_word' id='word_1_7' title='bbox 2496 456 2563 463; x_wconf 91' lang='lat'><strong>—</strong></span> <span class='ocrx_word' id='word_1_8' title='bbox 2598 416 3089 478; x_wconf 73' lang='lat' dir='ltr'><strong>AI‘OLOGETICA.</strong></span> 
     </span>
    </p>
   </div>
   <div class='ocr_carea' id='block_1_3' title="bbox 3659 422 3776 472">
    <p class='ocr_par' dir='ltr' id='par_1_3' title="bbox 3659 422 3776 472">
     <span class='ocr_line' id='line_1_3' title="bbox 3659 422 3776 472; baseline 0 0"><span class='ocrx_word' id='word_1_9' title='bbox 3659 422 3776 472; x_wconf 77' lang='grc'><strong>160</strong></span> 
     </span>
    </p>
   </div>
   <div class='ocr_carea' id='block_1_4' title="bbox 531 539 2093 625">
    <p class='ocr_par' dir='ltr' id='par_1_4' title="bbox 531 551 2092 625">
     <span class='ocr_line' id='line_1_4' title="bbox 531 551 2092 625; baseline -0.004 -14"><span class='ocrx_word' id='word_1_10' title='bbox 531 563 719 625; x_wconf 87' lang='lat' dir='ltr'><strong>utpote</strong></span> <span class='ocrx_word' id='word_1_11' title='bbox 785 573 907 611; x_wconf 92' lang='lat' dir='ltr'><strong>cum</strong></span> <span class='ocrx_word' id='word_1_12' title='bbox 958 558 1038 613; x_wconf 89' lang='lat' dir='ltr'><strong>eis</strong></span> <span class='ocrx_word' id='word_1_13' title='bbox 1115 571 1311 610; x_wconf 89' lang='lat' dir='ltr'><strong>novum</strong></span> <span class='ocrx_word' id='word_1_14' title='bbox 1380 553 1702 610; x_wconf 85' lang='lat' dir='ltr'><strong>tradendum</strong></span> <span class='ocrx_word' id='word_1_15' title='bbox 1767 555 1838 607; x_wconf 84' lang='lat' dir='ltr'><strong>sit</strong></span> <span class='ocrx_word' id='word_1_16' title='bbox 1898 551 2092 616; x_wconf 76' lang='lat' dir='ltr'><strong>Testa-</strong></span> 
     </span>
    </p>
   </div>
   <div class='ocr_carea' id='block_1_5' title="bbox 2196 539 3776 625">
    <p class='ocr_par' dir='ltr' id='par_1_5' title="bbox 2202 539 3776 619">
     <span class='ocr_line' id='line_1_5' title="bbox 2202 539 3776 619; baseline -0.006 -19"><span class='ocrx_word' id='word_1_17' title='bbox 2202 547 2526 619; x_wconf 75' lang='grc' dir='ltr'><strong>θρησκείας,</strong></span> <span class='ocrx_word' id='word_1_18' title='bbox 2584 545 2676 598; x_wconf 81' lang='grc' dir='ltr'><strong>ἀτε</strong></span> <span class='ocrx_word' id='word_1_19' title='bbox 2718 543 2906 612; x_wconf 78' lang='grc' dir='ltr'>καινῆς</span> <span class='ocrx_word' id='word_1_20' title='bbox 2962 540 3231 613; x_wconf 79' lang='grc' dir='ltr'>Διαθήκης</span> <span class='ocrx_word' id='word_1_21' title='bbox 3286 540 3466 602; x_wconf 75' lang='grc' dir='ltr'>αὐτοῖς</span> <span class='ocrx_word' id='word_1_22' title='bbox 3525 539 3776 607; x_wconf 66' lang='grc' dir='ltr'>παραδο-</span> 
     </span>
    </p>
   </div>
   <div class='ocr_carea' id='block_1_6' title="bbox 531 654 793 701">
    <p class='ocr_par' dir='ltr' id='par_1_6' title="bbox 531 654 793 701">
     <span class='ocr_line' id='line_1_6' title="bbox 531 654 793 701; baseline 0.011 -3"><span class='ocrx_word' id='word_1_23' title='bbox 531 654 771 700; x_wconf 84' lang='lat' dir='ltr'><strong>mentum</strong></span> <span class='ocrx_word' id='word_1_24' title='bbox 780 687 793 701; x_wconf 86' lang='lat'><strong>.</strong></span> 
     </span>
    </p>
   </div>
   <div class='ocr_carea' id='block_1_7' title="bbox 1030 736 1599 810">
    <p class='ocr_par' dir='ltr' id='par_1_7' title="bbox 1030 736 1599 810">
     <span class='ocr_line' id='line_1_7' title="bbox 1030 736 1599 810; baseline -0.011 -18"><span class='ocrx_word' id='word_1_25' title='bbox 1030 737 1140 810; x_wconf 60' lang='grc'><strong>84</strong></span> <span class='ocrx_word' id='word_1_26' title='bbox 1161 736 1272 794; x_wconf 88' lang='lat' dir='ltr'><strong>LV.</strong></span> <span class='ocrx_word' id='word_1_27' title='bbox 1299 736 1378 791; x_wconf 78' lang='lat' dir='ltr'><strong>Ab</strong></span> <span class='ocrx_word' id='word_1_28' title='bbox 1404 736 1599 790; x_wconf 84' lang='lat' dir='ltr'><strong>eodem.</strong></span> 
     </span>
    </p>
   </div>
   <div class='ocr_carea' id='block_1_8' title="bbox 607 826 2094 900">
    <p class='ocr_par' dir='ltr' id='par_1_8' title="bbox 607 826 2094 900">
     <span class='ocr_line' id='line_1_8' title="bbox 607 826 2094 900; baseline -0.008 -12"><span class='ocrx_word' id='word_1_29' title='bbox 607 853 626 888; x_wconf 79' lang='grc' dir='ltr'><strong>ι</strong></span> <span class='ocrx_word' id='word_1_30' title='bbox 658 831 1150 900; x_wconf 85' lang='lat' dir='ltr'><strong>Multiplicaverunt</strong></span> <span class='ocrx_word' id='word_1_31' title='bbox 1188 830 1495 900; x_wconf 89' lang='lat' dir='ltr'><strong>impietates</strong></span> <span class='ocrx_word' id='word_1_32' title='bbox 1542 841 1702 891; x_wconf 88' lang='lat' dir='ltr'><strong>snas,</strong></span> <span class='ocrx_word' id='word_1_33' title='bbox 1750 826 2094 886; x_wconf 79' lang='lat' dir='ltr'><strong>invaluerunt</strong></span> 
     </span>
    </p>
   </div>
   <div class='ocr_carea' id='block_1_9' title="bbox 534 918 2094 990">
    <p class='ocr_par' dir='ltr' id='par_1_9' title="bbox 534 918 2094 990">
     <span class='ocr_line' id='line_1_9' title="bbox 534 918 2094 990; baseline -0.007 -8"><span class='ocrx_word' id='word_1_34' title='bbox 534 929 589 984; x_wconf 89' lang='lat' dir='ltr'><strong>in</strong></span> <span class='ocrx_word' id='word_1_35' title='bbox 621 923 999 981; x_wconf 86' lang='lat' dir='ltr'><strong>aversionibus</strong></span> <span class='ocrx_word' id='word_1_36' title='bbox 1029 923 1164 978; x_wconf 90' lang='lat' dir='ltr'><strong>suis.</strong></span> <span class='ocrx_word' id='word_1_37' title='bbox 1201 921 1448 987; x_wconf 83' lang='lat' dir='ltr'><strong>Quanam</strong></span> <span class='ocrx_word' id='word_1_38' title='bbox 1487 935 1555 981; x_wconf 76' lang='lat' dir='ltr'><strong>ex</strong></span> <span class='ocrx_word' id='word_1_39' title='bbox 1587 920 1672 974; x_wconf 87' lang='lat' dir='ltr'><strong>his</strong></span> <span class='ocrx_word' id='word_1_40' title='bbox 1702 918 1966 990; x_wconf 89' lang='lat' dir='ltr'><strong>pr0pitius</strong></span> <span class='ocrx_word' id='word_1_41' title='bbox 1997 933 2094 972; x_wconf 86' lang='lat' dir='ltr'><strong>cru</strong></span> 
     </span>
    </p>
   </div>
   <div class='ocr_carea' id='block_1_10' title="bbox 531 1007 2094 1082">
    <p class='ocr_par' dir='ltr' id='par_1_10' title="bbox 531 1007 2094 1082">
     <span class='ocr_line' id='line_1_10' title="bbox 531 1007 2094 1082; baseline -0.008 -10"><span class='ocrx_word' id='word_1_42' title='bbox 531 1015 669 1072; x_wconf 84' lang='lat' dir='ltr'><strong>tibi?</strong></span> <span class='ocrx_word' id='word_1_43' title='bbox 712 1015 806 1068; x_wconf 83' lang='lat' dir='ltr'><strong>ﬁlii</strong></span> <span class='ocrx_word' id='word_1_44' title='bbox 848 1013 928 1066; x_wconf 91' lang='lat' dir='ltr'><strong>tui</strong></span> <span class='ocrx_word' id='word_1_45' title='bbox 969 1012 1378 1082; x_wconf 89' lang='lat' dir='ltr'><strong>dereliquerunt</strong></span> <span class='ocrx_word' id='word_1_46' title='bbox 1423 1025 1530 1072; x_wconf 87' lang='lat' dir='ltr'><strong>me,</strong></span> <span class='ocrx_word' id='word_1_47' title='bbox 1585 1016 1640 1064; x_wconf 88' lang='lat' dir='ltr'><strong>et</strong></span> <span class='ocrx_word' id='word_1_48' title='bbox 1677 1009 1996 1078; x_wconf 77' lang='lat' dir='ltr'><strong>iuraverunt</strong></span> <span class='ocrx_word' id='word_1_49' title='bbox 2037 1007 2094 1060; x_wconf 92' lang='lat' dir='ltr'><strong>in</strong></span> 
     </span>
    </p>
   </div>
   <div class='ocr_carea' id='block_1_11' title="bbox 533 1097 2093 1176">
    <p class='ocr_par' dir='ltr' id='par_1_11' title="bbox 533 1097 2093 1176">
     <span class='ocr_line' id='line_1_11' title="bbox 533 1097 2093 1176; baseline -0.008 -14"><span class='ocrx_word' id='word_1_50' title='bbox 533 1107 621 1171; x_wconf 93' lang='lat' dir='ltr'><strong>iis,</strong></span> <span class='ocrx_word' id='word_1_51' title='bbox 651 1105 747 1176; x_wconf 91' lang='lat' dir='ltr'><strong>qui</strong></span> <span class='ocrx_word' id='word_1_52' title='bbox 777 1104 853 1158; x_wconf 91' lang='lat' dir='ltr'><strong>dii</strong></span> <span class='ocrx_word' id='word_1_53' title='bbox 890 1118 999 1158; x_wconf 91' lang='lat' dir='ltr'><strong>non</strong></span> <span class='ocrx_word' id='word_1_54' title='bbox 1043 1110 1191 1168; x_wconf 91' lang='lat' dir='ltr'><strong>sunt,</strong></span> <span class='ocrx_word' id='word_1_55' title='bbox 1239 1111 1294 1157; x_wconf 88' lang='lat' dir='ltr'><strong>et</strong></span> <span class='ocrx_word' id='word_1_56' title='bbox 1331 1100 1573 1158; x_wconf 86' lang='lat' dir='ltr'><strong>saturavi</strong></span> <span class='ocrx_word' id='word_1_57' title='bbox 1607 1115 1722 1163; x_wconf 88' lang='lat' dir='ltr'><strong>eos,</strong></span> <span class='ocrx_word' id='word_1_58' title='bbox 1752 1109 1805 1154; x_wconf 91' lang='lat' dir='ltr'><strong>et</strong></span> <span class='ocrx_word' id='word_1_59' title='bbox 1838 1097 2093 1153; x_wconf 65' lang='lat' dir='ltr'><strong>moechati</strong></span> 
     </span>
    </p>
   </div>
   <div class='ocr_carea' id='block_1_12' title="bbox 533 1185 2097 1259">
    <p class='ocr_par' dir='ltr' id='par_1_12' title="bbox 533 1185 2097 1259">
     <span class='ocr_line' id='line_1_12' title="bbox 533 1185 2097 1259; baseline -0.007 -8"><span class='ocrx_word' id='word_1_60' title='bbox 533 1204 687 1259; x_wconf 90' lang='lat' dir='ltr'><strong>sunt,</strong></span> <span class='ocrx_word' id='word_1_61' title='bbox 731 1195 868 1248; x_wconf 89' lang='lat' dir='ltr'><strong>etin</strong></span> <span class='ocrx_word' id='word_1_62' title='bbox 905 1192 1158 1247; x_wconf 87' lang='lat' dir='ltr'><strong>domibus</strong></span> <span class='ocrx_word' id='word_1_63' title='bbox 1193 1197 1498 1250; x_wconf 76' lang='lat' dir='ltr'><strong>scortorum</strong></span> <span class='ocrx_word' id='word_1_64' title='bbox 1530 1187 1927 1250; x_wconf 89' lang='lat' dir='ltr'><strong>habitaverunt,</strong></span> <span class='ocrx_word' id='word_1_65' title='bbox 1968 1185 2097 1255; x_wconf 91' lang='lat' dir='ltr'><strong>equi</strong></span> 
     </span>
    </p>
   </div>
   <div class='ocr_carea' id='block_1_13' title="bbox 539 1279 2095 1355">
    <p class='ocr_par' dir='ltr' id='par_1_13' title="bbox 539 1279 2095 1355">
     <span class='ocr_line' id='line_1_13' title="bbox 539 1279 2095 1355; baseline -0.005 -15"><span class='ocrx_word' id='word_1_66' title='bbox 539 1287 764 1342; x_wconf 86' lang='lat' dir='ltr'><strong>libidine</strong></span> <span class='ocrx_word' id='word_1_67' title='bbox 823 1283 1016 1355; x_wconf 76' lang='lat' dir='ltr'><strong>perciti</strong></span> <span class='ocrx_word' id='word_1_68' title='bbox 1058 1289 1385 1344; x_wconf 84' lang='lat' dir='ltr'><strong>evaserunt,</strong></span> <span class='ocrx_word' id='word_1_69' title='bbox 1432 1279 1810 1349; x_wconf 88' lang='lat' dir='ltr'><strong>unusquisque</strong></span> <span class='ocrx_word' id='word_1_70' title='bbox 1849 1279 1916 1332; x_wconf 89' lang='lat' dir='ltr'><strong>ad</strong></span> <span class='ocrx_word' id='word_1_71' title='bbox 1958 1293 2095 1332; x_wconf 67' lang='lat' dir='ltr'><strong>uxoo</strong></span> 
     </span>
    </p>
   </div>
   <div class='ocr_carea' id='block_1_14' title="bbox 532 1373 2097 1448">
    <p class='ocr_par' dir='ltr' id='par_1_14' title="bbox 532 1373 2097 1448">
     <span class='ocr_line' id='line_1_14' title="bbox 532 1373 2097 1448; baseline -0.005 -16"><span class='ocrx_word' id='word_1_72' title='bbox 532 1394 647 1433; x_wconf 89' lang='lat' dir='ltr'><strong>rem</strong></span> <span class='ocrx_word' id='word_1_73' title='bbox 685 1377 919 1448; x_wconf 74' lang='lat' dir='ltr'><strong>proximi</strong></span> <span class='ocrx_word' id='word_1_74' title='bbox 953 1376 1225 1430; x_wconf 89' lang='lat' dir='ltr'><strong>hinnitum</strong></span> <span class='ocrx_word' id='word_1_75' title='bbox 1255 1375 1436 1429; x_wconf 89' lang='lat' dir='ltr'><strong>emisit</strong></span> <span class='ocrx_word' id='word_1_76' title='bbox 1464 1393 1479 1428; x_wconf 85' lang='lat'><strong>:</strong></span> <span class='ocrx_word' id='word_1_77' title='bbox 1513 1373 1758 1444; x_wconf 88' lang='lat' dir='ltr'><strong>nunquid</strong></span> <span class='ocrx_word' id='word_1_78' title='bbox 1786 1388 1893 1428; x_wconf 93' lang='lat' dir='ltr'><strong>non</strong></span> <span class='ocrx_word' id='word_1_79' title='bbox 1933 1387 2097 1441; x_wconf 87' lang='lat' dir='ltr'><strong>super</strong></span> 
     </span>
    </p>
   </div>
   <div class='ocr_carea' id='block_1_15' title="bbox 534 1465 2097 1536">
    <p class='ocr_par' dir='ltr' id='par_1_15' title="bbox 534 1465 2097 1536">
     <span class='ocr_line' id='line_1_15' title="bbox 534 1465 2097 1536; baseline -0.004 -14"><span class='ocrx_word' id='word_1_80' title='bbox 534 1469 620 1523; x_wconf 90' lang='lat' dir='ltr'><strong>his</strong></span> <span class='ocrx_word' id='word_1_81' title='bbox 658 1466 934 1522; x_wconf 82' lang='lat' dir='ltr'><strong>visitabo?</strong></span> <span class='ocrx_word' id='word_1_82' title='bbox 972 1467 1105 1521; x_wconf 89' lang='lat' dir='ltr'><strong>dicit</strong></span> <span class='ocrx_word' id='word_1_83' title='bbox 1133 1465 1416 1530; x_wconf 92' lang='lat' dir='ltr'><strong>Dominus,</strong></span> <span class='ocrx_word' id='word_1_84' title='bbox 1455 1481 1522 1519; x_wconf 91' lang='lat' dir='ltr'><strong>an</strong></span> <span class='ocrx_word' id='word_1_85' title='bbox 1554 1467 1608 1519; x_wconf 81' lang='lat' dir='ltr'><strong>in</strong></span> <span class='ocrx_word' id='word_1_86' title='bbox 1651 1471 1808 1536; x_wconf 78' lang='lat' dir='ltr'><strong>gente</strong></span> <span class='ocrx_word' id='word_1_87' title='bbox 1846 1465 1938 1518; x_wconf 88' lang='lat' dir='ltr'><strong>tali</strong></span> <span class='ocrx_word' id='word_1_88' title='bbox 1990 1479 2097 1517; x_wconf 91' lang='lat' dir='ltr'><strong>non</strong></span> 
     </span>
    </p>
   </div>
   <div class='ocr_carea' id='block_1_16' title="bbox 533 1553 2098 1624">
    <p class='ocr_par' dir='ltr' id='par_1_16' title="bbox 533 1553 2098 1624">
     <span class='ocr_line' id='line_1_16' title="bbox 533 1553 2098 1624; baseline -0.001 -15"><span class='ocrx_word' id='word_1_89' title='bbox 533 1555 830 1610; x_wconf 88' lang='lat' dir='ltr'><strong>ulciscetur</strong></span> <span class='ocrx_word' id='word_1_90' title='bbox 887 1555 1068 1608; x_wconf 86' lang='lat' dir='ltr'><strong>anima</strong></span> <span class='ocrx_word' id='word_1_91' title='bbox 1124 1553 1284 1610; x_wconf 82' lang='lat' dir='ltr'><strong>mea?</strong></span> <span class='ocrx_word' id='word_1_92' title='bbox 1349 1554 1640 1609; x_wconf 89' lang='lat' dir='ltr'><strong>Ascendite</strong></span> <span class='ocrx_word' id='word_1_93' title='bbox 1696 1555 2098 1624; x_wconf 86' lang='lat' dir='ltr'><strong>propugnacula</strong></span> 
     </span>
    </p>
   </div>
   <div class='ocr_carea' id='block_1_17' title="bbox 531 1645 2094 1714">
    <p class='ocr_par' dir='ltr' id='par_1_17' title="bbox 531 1645 2094 1714">
     <span class='ocr_line' id='line_1_17' title="bbox 531 1645 2094 1714; baseline -0.001 -14"><span class='ocrx_word' id='word_1_94' title='bbox 531 1645 676 1714; x_wconf 74' lang='lat' dir='ltr'><strong>ejus,</strong></span> <span class='ocrx_word' id='word_1_95' title='bbox 711 1654 764 1699; x_wconf 91' lang='lat' dir='ltr'><strong>et</strong></span> <span class='ocrx_word' id='word_1_96' title='bbox 785 1645 1031 1714; x_wconf 89' lang='lat' dir='ltr'><strong>jugulate</strong></span> <span class='ocrx_word' id='word_1_97' title='bbox 1062 1663 1074 1698; x_wconf 94' lang='lat'><strong>:</strong></span> <span class='ocrx_word' id='word_1_98' title='bbox 1101 1646 1630 1702; x_wconf 83' lang='lat' dir='ltr'><strong>consummationem</strong></span> <span class='ocrx_word' id='word_1_99' title='bbox 1659 1660 1788 1700; x_wconf 89' lang='lat' dir='ltr'><strong>vero</strong></span> <span class='ocrx_word' id='word_1_100' title='bbox 1818 1662 1887 1699; x_wconf 91' lang='lat' dir='ltr'><strong>nc</strong></span> <span class='ocrx_word' id='word_1_101' title='bbox 1916 1646 2094 1711; x_wconf 82' lang='lat' dir='ltr'><strong>facile,</strong></span> 
     </span>
    </p>
   </div>
   <div class='ocr_carea' id='block_1_18' title="bbox 532 1735 2090 1808">
    <p class='ocr_par' dir='ltr' id='par_1_18' title="bbox 532 1735 2090 1808">
     <span class='ocr_line' id='line_1_18' title="bbox 532 1735 2090 1808; baseline -0.001 -17"><span class='ocrx_word' id='word_1_102' title='bbox 532 1737 823 1806; x_wconf 85' lang='lat' dir='ltr'><strong>relinquite</strong></span> <span class='ocrx_word' id='word_1_103' title='bbox 842 1736 1154 1790; x_wconf 71' lang='lat' dir='ltr'><strong>fulcimenta</strong></span> <span class='ocrx_word' id='word_1_104' title='bbox 1169 1736 1310 1806; x_wconf 90' lang='lat' dir='ltr'><strong>ejus,</strong></span> <span class='ocrx_word' id='word_1_105' title='bbox 1331 1737 1589 1806; x_wconf 90' lang='lat' dir='ltr'><strong>quoniam</strong></span> <span class='ocrx_word' id='word_1_106' title='bbox 1609 1735 1822 1790; x_wconf 88' lang='lat' dir='ltr'><strong>Domini</strong></span> <span class='ocrx_word' id='word_1_107' title='bbox 1845 1738 2056 1808; x_wconf 70' lang='lat' dir='ltr'><strong>sunt“.</strong></span> <span class='ocrx_word' id='word_1_108' title='bbox 2073 1759 2090 1790; x_wconf 76' lang='grc' dir='ltr'><strong>ι</strong></span> 
     </span>
    </p>
   </div>
   <div class='ocr_carea' id='block_1_19' title="bbox 531 1828 2095 1894">
    <p class='ocr_par' dir='ltr' id='par_1_19' title="bbox 531 1828 2095 1894">
     <span class='ocr_line' id='line_1_19' title="bbox 531 1828 2095 1894; baseline 0 -12"><span class='ocrx_word' id='word_1_109' title='bbox 531 1828 594 1882; x_wconf 87' lang='lat' dir='ltr'><strong>In</strong></span> <span class='ocrx_word' id='word_1_110' title='bbox 638 1829 724 1882; x_wconf 90' lang='lat' dir='ltr'><strong>his</strong></span> <span class='ocrx_word' id='word_1_111' title='bbox 765 1828 952 1890; x_wconf 88' lang='lat' dir='ltr'><strong>simul,</strong></span> <span class='ocrx_word' id='word_1_112' title='bbox 992 1835 1047 1883; x_wconf 89' lang='lat' dir='ltr'><strong>et</strong></span> <span class='ocrx_word' id='word_1_113' title='bbox 1079 1829 1354 1883; x_wconf 81' lang='lat' dir='ltr'><strong>accusatio</strong></span> <span class='ocrx_word' id='word_1_114' title='bbox 1395 1829 1564 1885; x_wconf 85' lang='lat' dir='ltr'><strong>totius</strong></span> <span class='ocrx_word' id='word_1_115' title='bbox 1609 1828 1850 1884; x_wconf 85' lang='lat' dir='ltr'><strong>nationis</strong></span> <span class='ocrx_word' id='word_1_116' title='bbox 1885 1844 2095 1894; x_wconf 88' lang='lat' dir='ltr'><strong>eorum,</strong></span> 
     </span>
    </p>
   </div>
   <div class='ocr_carea' id='block_1_20' title="bbox 2201 637 2524 711">
    <p class='ocr_par' dir='ltr' id='par_1_20' title="bbox 2201 637 2524 711">
     <span class='ocr_line' id='line_1_20' title="bbox 2201 637 2524 711; baseline -0.015 -17"><span class='ocrx_word' id='word_1_117' title='bbox 2201 641 2267 711; x_wconf 89' lang='grc' dir='ltr'><strong>θη</strong></span> <span class='ocrx_word' id='word_1_118' title='bbox 2276 637 2524 709; x_wconf 82' lang='grc' dir='ltr'>σομένης.</span> 
     </span>
    </p>
   </div>
   <div class='ocr_carea' id='block_1_21' title="bbox 2641 721 3336 780">
    <p class='ocr_par' dir='ltr' id='par_1_21' title="bbox 2641 721 3336 780">
     <span class='ocr_line' id='line_1_21' title="bbox 2641 721 3336 780; baseline -0.004 -1"><span class='ocrx_word' id='word_1_119' title='bbox 2641 726 2772 780; x_wconf 85' lang='lat' dir='ltr'><strong>ME&#39;.</strong></span> <span class='ocrx_word' id='word_1_120' title='bbox 2822 723 2960 777; x_wconf 83' lang='grc' dir='ltr'><strong>Ἀπὸ</strong></span> <span class='ocrx_word' id='word_1_121' title='bbox 2990 723 3095 777; x_wconf 82' lang='grc' dir='ltr'><strong>τοῦ</strong></span> <span class='ocrx_word' id='word_1_122' title='bbox 3135 721 3336 776; x_wconf 78' lang='grc' dir='ltr'>αὐτοῦ.</span> 
     </span>
    </p>
   </div>
   <div class='ocr_carea' id='block_1_22' title="bbox 2275 811 3776 892">
    <p class='ocr_par' dir='ltr' id='par_1_22' title="bbox 2275 811 3776 892">
     <span class='ocr_line' id='line_1_22' title="bbox 2275 811 3776 892; baseline -0.009 -17"><span class='ocrx_word' id='word_1_123' title='bbox 2275 842 2294 874; x_wconf 75' lang='grc' dir='ltr'><strong>ι</strong></span> <span class='ocrx_word' id='word_1_124' title='bbox 2329 818 2663 892; x_wconf 78' lang='grc' dir='ltr'>Ἐπλήθυναν</span> <span class='ocrx_word' id='word_1_125' title='bbox 2681 815 2931 877; x_wconf 77' lang='grc' dir='ltr'>ἀσεϐείας</span> <span class='ocrx_word' id='word_1_126' title='bbox 2950 813 3145 878; x_wconf 83' lang='grc' dir='ltr'>αὐτῶν,</span> <span class='ocrx_word' id='word_1_127' title='bbox 3167 811 3388 881; x_wconf 73' lang='grc' dir='ltr'>ἴσχυσαν</span> <span class='ocrx_word' id='word_1_128' title='bbox 3407 813 3460 862; x_wconf 82' lang='grc' dir='ltr'>ὲν</span> <span class='ocrx_word' id='word_1_129' title='bbox 3485 813 3604 873; x_wconf 82' lang='grc' dir='ltr'>ταῖς</span> <span class='ocrx_word' id='word_1_130' title='bbox 3625 811 3776 862; x_wconf 83' lang='grc' dir='ltr'>ἀπο-</span> 
     </span>
    </p>
   </div>
   <div class='ocr_carea' id='block_1_23' title="bbox 2203 901 3774 986">
    <p class='ocr_par' dir='ltr' id='par_1_23' title="bbox 2203 901 3774 986">
     <span class='ocr_line' id='line_1_23' title="bbox 2203 901 3774 986; baseline -0.01 -17"><span class='ocrx_word' id='word_1_131' title='bbox 2203 914 2460 986; x_wconf 75' lang='grc' dir='ltr'>στροφαῖς</span> <span class='ocrx_word' id='word_1_132' title='bbox 2487 909 2683 964; x_wconf 84' lang='grc' dir='ltr'>αὐτῶν.</span> <span class='ocrx_word' id='word_1_133' title='bbox 2709 908 2853 978; x_wconf 85' lang='grc' dir='ltr'>Ποίῳ</span> <span class='ocrx_word' id='word_1_134' title='bbox 2885 906 3088 959; x_wconf 84' lang='grc' dir='ltr'>τούτων</span> <span class='ocrx_word' id='word_1_135' title='bbox 3109 905 3264 967; x_wconf 85' lang='grc' dir='ltr'>’ίλεως</span> <span class='ocrx_word' id='word_1_136' title='bbox 3285 903 3473 974; x_wconf 76' lang='grc' dir='ltr'>ἔσομαί</span> <span class='ocrx_word' id='word_1_137' title='bbox 3497 920 3577 960; x_wconf 90' lang='grc' dir='ltr'><strong>σοι</strong></span> <span class='ocrx_word' id='word_1_138' title='bbox 3601 920 3615 967; x_wconf 90' lang='lat'>;</span> <span class='ocrx_word' id='word_1_139' title='bbox 3645 901 3774 954; x_wconf 81' lang='grc' dir='ltr'>Υἰοι</span> 
     </span>
    </p>
   </div>
   <div class='ocr_carea' id='block_1_24' title="bbox 2201 992 3771 1071">
    <p class='ocr_par' dir='ltr' id='par_1_24' title="bbox 2201 992 3771 1071">
     <span class='ocr_line' id='line_1_24' title="bbox 2201 992 3771 1071; baseline -0.009 -12"><span class='ocrx_word' id='word_1_140' title='bbox 2201 1023 2293 1059; x_wconf 89' lang='grc' dir='ltr'><strong>σου</strong></span> <span class='ocrx_word' id='word_1_141' title='bbox 2316 1001 2668 1069; x_wconf 85' lang='grc' dir='ltr'>ὲγκατέλιπόν</span> <span class='ocrx_word' id='word_1_142' title='bbox 2699 1018 2785 1071; x_wconf 89' lang='grc' dir='ltr'><strong>με,</strong></span> <span class='ocrx_word' id='word_1_143' title='bbox 2805 1000 2898 1053; x_wconf 66' lang='grc' dir='ltr'><strong>καὶ</strong></span> <span class='ocrx_word' id='word_1_144' title='bbox 2914 997 3126 1068; x_wconf 79' lang='grc' dir='ltr'>ὤμνυον</span> <span class='ocrx_word' id='word_1_145' title='bbox 3144 997 3200 1047; x_wconf 80' lang='grc' dir='ltr'><strong>ὲν</strong></span> <span class='ocrx_word' id='word_1_146' title='bbox 3218 999 3328 1058; x_wconf 84' lang='grc' dir='ltr'>τοῖς</span> <span class='ocrx_word' id='word_1_147' title='bbox 3341 996 3440 1048; x_wconf 80' lang='grc' dir='ltr'><strong>οῦκ</strong></span> <span class='ocrx_word' id='word_1_148' title='bbox 3460 992 3576 1048; x_wconf 76' lang='grc' dir='ltr'>οὖσι</span> <span class='ocrx_word' id='word_1_149' title='bbox 3597 995 3771 1059; x_wconf 79' lang='grc' dir='ltr'>θεοῖς,</span> 
     </span>
    </p>
   </div>
   <div class='ocr_carea' id='block_1_25' title="bbox 2199 1087 3774 1167">
    <p class='ocr_par' dir='ltr' id='par_1_25' title="bbox 2199 1087 3774 1167">
     <span class='ocr_line' id='line_1_25' title="bbox 2199 1087 3774 1167; baseline -0.008 -16"><span class='ocrx_word' id='word_1_150' title='bbox 2199 1099 2295 1151; x_wconf 72' lang='grc' dir='ltr'>καὶ</span> <span class='ocrx_word' id='word_1_151' title='bbox 2336 1097 2604 1167; x_wconf 82' lang='grc' dir='ltr'>ὲχόρτασα</span> <span class='ocrx_word' id='word_1_152' title='bbox 2635 1094 2850 1156; x_wconf 72' lang='grc' dir='ltr'>αὐτοὺς,</span> <span class='ocrx_word' id='word_1_153' title='bbox 2894 1093 2988 1144; x_wconf 72' lang='grc' dir='ltr'>καὶ</span> <span class='ocrx_word' id='word_1_154' title='bbox 3022 1090 3334 1160; x_wconf 75' lang='grc' dir='ltr'>ἐμοιχῶντο,</span> <span class='ocrx_word' id='word_1_155' title='bbox 3375 1089 3465 1144; x_wconf 73' lang='grc' dir='ltr'>καὶ</span> <span class='ocrx_word' id='word_1_156' title='bbox 3506 1089 3562 1140; x_wconf 85' lang='grc' dir='ltr'>ὲν</span> <span class='ocrx_word' id='word_1_157' title='bbox 3593 1087 3774 1151; x_wconf 76' lang='grc' dir='ltr'>οἴκοις</span> 
     </span>
    </p>
   </div>
   <div class='ocr_carea' id='block_1_26' title="bbox 2201 1177 3773 1260">
    <p class='ocr_par' dir='ltr' id='par_1_26' title="bbox 2201 1177 3773 1260">
     <span class='ocr_line' id='line_1_26' title="bbox 2201 1177 3773 1260; baseline -0.009 -16"><span class='ocrx_word' id='word_1_158' title='bbox 2201 1189 2412 1260; x_wconf 83' lang='grc' dir='ltr'>πορνῶν</span> <span class='ocrx_word' id='word_1_159' title='bbox 2444 1185 2790 1240; x_wconf 74' lang='grc' dir='ltr'>κατελύοσανο</span> <span class='ocrx_word' id='word_1_160' title='bbox 2847 1185 3000 1236; x_wconf 82' lang='grc' dir='ltr'>ἵπποι</span> <span class='ocrx_word' id='word_1_161' title='bbox 3035 1182 3359 1252; x_wconf 86' lang='grc' dir='ltr'>θηλυμανεῖς</span> <span class='ocrx_word' id='word_1_162' title='bbox 3405 1177 3773 1248; x_wconf 72' lang='grc' dir='ltr'>ἐγενήθησαν,</span> 
     </span>
    </p>
   </div>
   <div class='ocr_carea' id='block_1_27' title="bbox 2197 1269 3771 1350">
    <p class='ocr_par' dir='ltr' id='par_1_27' title="bbox 2197 1269 3771 1350">
     <span class='ocr_line' id='line_1_27' title="bbox 2197 1269 3771 1350; baseline -0.01 -14"><span class='ocrx_word' id='word_1_163' title='bbox 2197 1284 2424 1344; x_wconf 76' lang='grc' dir='ltr'>ἕκαστος</span> <span class='ocrx_word' id='word_1_164' title='bbox 2459 1281 2551 1332; x_wconf 76' lang='grc' dir='ltr'>ἐπὶ</span> <span class='ocrx_word' id='word_1_165' title='bbox 2588 1278 2686 1350; x_wconf 84' lang='grc' dir='ltr'>τὴν</span> <span class='ocrx_word' id='word_1_166' title='bbox 2715 1279 2945 1345; x_wconf 74' lang='grc' dir='ltr'>γυναῖκα</span> <span class='ocrx_word' id='word_1_167' title='bbox 2983 1275 3076 1327; x_wconf 88' lang='grc' dir='ltr'><strong>τοῦ</strong></span> <span class='ocrx_word' id='word_1_168' title='bbox 3117 1274 3340 1344; x_wconf 79' lang='grc' dir='ltr'>πλησίον</span> <span class='ocrx_word' id='word_1_169' title='bbox 3387 1269 3771 1342; x_wconf 77' lang='grc' dir='ltr'>ἐχρεμέτιζον.</span> 
     </span>
    </p>
   </div>
   <div class='ocr_carea' id='block_1_28' title="bbox 2197 1359 3774 1448">
    <p class='ocr_par' dir='ltr' id='par_1_28' title="bbox 2197 1359 3774 1448">
     <span class='ocr_line' id='line_1_28' title="bbox 2197 1359 3774 1448; baseline -0.011 -19"><span class='ocrx_word' id='word_1_170' title='bbox 2197 1376 2291 1448; x_wconf 80' lang='grc' dir='ltr'><strong>Μὴ</strong></span> <span class='ocrx_word' id='word_1_171' title='bbox 2337 1375 2429 1426; x_wconf 75' lang='grc' dir='ltr'>ἐπὶ</span> <span class='ocrx_word' id='word_1_172' title='bbox 2467 1372 2671 1434; x_wconf 76' lang='grc' dir='ltr'>τούτοις</span> <span class='ocrx_word' id='word_1_173' title='bbox 2703 1370 2802 1422; x_wconf 78' lang='grc' dir='ltr'><strong>οὐκ</strong></span> <span class='ocrx_word' id='word_1_174' title='bbox 2845 1367 3231 1437; x_wconf 61' lang='grc' dir='ltr'>ἐπισκέψομαι,</span> <span class='ocrx_word' id='word_1_175' title='bbox 3281 1364 3425 1432; x_wconf 83' lang='grc' dir='ltr'>λέγει</span> <span class='ocrx_word' id='word_1_176' title='bbox 3464 1362 3687 1432; x_wconf 83' lang='grc' dir='ltr'>Κύριος,</span> <span class='ocrx_word' id='word_1_177' title='bbox 3730 1359 3774 1432; x_wconf 67' lang='grc' dir='ltr'><strong>η</strong></span> 
     </span>
    </p>
   </div>
   <div class='ocr_carea' id='block_1_29' title="bbox 2200 1454 3770 1534">
    <p class='ocr_par' dir='ltr' id='par_1_29' title="bbox 2200 1454 3770 1534">
     <span class='ocr_line' id='line_1_29' title="bbox 2200 1454 3770 1534; baseline -0.01 -15"><span class='ocrx_word' id='word_1_178' title='bbox 2200 1469 2257 1519; x_wconf 88' lang='grc' dir='ltr'>ὲν</span> <span class='ocrx_word' id='word_1_179' title='bbox 2305 1465 2447 1519; x_wconf 73' lang='grc' dir='ltr'>ἔθνει</span> <span class='ocrx_word' id='word_1_180' title='bbox 2497 1463 2572 1534; x_wconf 79' lang='grc' dir='ltr'>τῷ</span> <span class='ocrx_word' id='word_1_181' title='bbox 2624 1465 2845 1530; x_wconf 84' lang='grc' dir='ltr'>τοιούτῳ</span> <span class='ocrx_word' id='word_1_182' title='bbox 2897 1462 2997 1515; x_wconf 78' lang='grc' dir='ltr'><strong>οὐκ</strong></span> <span class='ocrx_word' id='word_1_183' title='bbox 3043 1459 3319 1529; x_wconf 79' lang='grc' dir='ltr'>ἐκδικήσει</span> <span class='ocrx_word' id='word_1_184' title='bbox 3369 1454 3579 1526; x_wconf 72' lang='grc' dir='ltr'>ἡψυχὴ</span> <span class='ocrx_word' id='word_1_185' title='bbox 3627 1468 3770 1524; x_wconf 79' lang='grc' dir='ltr'>μους</span> 
     </span>
    </p>
   </div>
   <div class='ocr_carea' id='block_1_30' title="bbox 2212 1545 3775 1626">
    <p class='ocr_par' dir='ltr' id='par_1_30' title="bbox 2212 1545 3775 1626">
     <span class='ocr_line' id='line_1_30' title="bbox 2212 1545 3775 1626; baseline -0.008 -16"><span class='ocrx_word' id='word_1_186' title='bbox 2212 1556 2469 1626; x_wconf 78' lang='grc' dir='ltr'>Ἀνάϐητε</span> <span class='ocrx_word' id='word_1_187' title='bbox 2496 1556 2585 1608; x_wconf 74' lang='grc' dir='ltr'>ἐπὶ</span> <span class='ocrx_word' id='word_1_188' title='bbox 2604 1555 2730 1618; x_wconf 77' lang='grc' dir='ltr'>τοὺς</span> <span class='ocrx_word' id='word_1_189' title='bbox 2751 1553 3116 1625; x_wconf 76' lang='grc' dir='ltr'>προμαχῶνας</span> <span class='ocrx_word' id='word_1_190' title='bbox 3150 1551 3334 1620; x_wconf 79' lang='grc' dir='ltr'>αὐτῆς,</span> <span class='ocrx_word' id='word_1_191' title='bbox 3363 1549 3454 1602; x_wconf 74' lang='grc' dir='ltr'>καὶ</span> <span class='ocrx_word' id='word_1_192' title='bbox 3479 1545 3775 1614; x_wconf 80' lang='grc' dir='ltr'>κατασφά-</span> 
     </span>
    </p>
   </div>
   <div class='ocr_carea' id='block_1_31' title="bbox 2201 1638 3776 1716">
    <p class='ocr_par' dir='ltr' id='par_1_31' title="bbox 2201 1638 3776 1716">
     <span class='ocr_line' id='line_1_31' title="bbox 2201 1638 3776 1716; baseline -0.006 -16"><span class='ocrx_word' id='word_1_193' title='bbox 2201 1649 2344 1715; x_wconf 82' lang='grc' dir='ltr'>ξατε.</span> <span class='ocrx_word' id='word_1_194' title='bbox 2393 1647 2706 1700; x_wconf 87' lang='grc' dir='ltr'>Συντέλειαν</span> <span class='ocrx_word' id='word_1_195' title='bbox 2739 1647 2794 1700; x_wconf 83' lang='grc' dir='ltr'>δὲ</span> <span class='ocrx_word' id='word_1_196' title='bbox 2847 1649 2918 1716; x_wconf 79' lang='grc' dir='ltr'>μὴ</span> <span class='ocrx_word' id='word_1_197' title='bbox 2964 1648 3244 1716; x_wconf 81' lang='grc' dir='ltr'>ποιήσητε·</span> <span class='ocrx_word' id='word_1_198' title='bbox 3288 1639 3642 1694; x_wconf 77' lang='grc' dir='ltr'>ὑπολείπεσθε</span> <span class='ocrx_word' id='word_1_199' title='bbox 3698 1638 3776 1691; x_wconf 72' lang='grc' dir='ltr'>τὰ</span> 
     </span>
    </p>
   </div>
   <div class='ocr_carea' id='block_1_32' title="bbox 2201 1731 3776 1808">
    <p class='ocr_par' dir='ltr' id='par_1_32' title="bbox 2201 1731 3776 1808">
     <span class='ocr_line' id='line_1_32' title="bbox 2201 1731 3776 1808; baseline -0.006 -17"><span class='ocrx_word' id='word_1_200' title='bbox 2201 1738 2651 1808; x_wconf 80' lang='grc' dir='ltr'>ὑποστηρίγματα</span> <span class='ocrx_word' id='word_1_201' title='bbox 2676 1737 2863 1806; x_wconf 71' lang='grc' dir='ltr'>αὐτῆς·</span> <span class='ocrx_word' id='word_1_202' title='bbox 2898 1737 2979 1788; x_wconf 83' lang='grc' dir='ltr'><strong>ὅτι</strong></span> <span class='ocrx_word' id='word_1_203' title='bbox 3004 1734 3097 1788; x_wconf 90' lang='grc' dir='ltr'><strong>τοῦ</strong></span> <span class='ocrx_word' id='word_1_204' title='bbox 3121 1734 3324 1805; x_wconf 80' lang='grc' dir='ltr'><strong>Κυρίου</strong></span> <span class='ocrx_word' id='word_1_205' title='bbox 3353 1732 3476 1785; x_wconf 81' lang='grc' dir='ltr'>είσί.</span> <span class='ocrx_word' id='word_1_206' title='bbox 3510 1750 3527 1782; x_wconf 73' lang='grc' dir='ltr'><strong>ι</strong></span> <span class='ocrx_word' id='word_1_207' title='bbox 3563 1731 3674 1783; x_wconf 76' lang='grc' dir='ltr'><strong>Καὶ</strong></span> <span class='ocrx_word' id='word_1_208' title='bbox 3709 1731 3776 1781; x_wconf 84' lang='grc' dir='ltr'><strong>ἐν</strong></span> 
     </span>
    </p>
   </div>
   <div class='ocr_carea' id='block_1_33' title="bbox 2201 1822 3769 1900">
    <p class='ocr_par' dir='ltr' id='par_1_33' title="bbox 2201 1822 3769 1900">
     <span class='ocr_line' id='line_1_33' title="bbox 2201 1822 3769 1900; baseline -0.008 -16"><span class='ocrx_word' id='word_1_209' title='bbox 2201 1833 2404 1893; x_wconf 80' lang='grc' dir='ltr'>τούτοις</span> <span class='ocrx_word' id='word_1_210' title='bbox 2424 1829 2556 1900; x_wconf 87' lang='grc' dir='ltr'>ὁμοῦ</span> <span class='ocrx_word' id='word_1_211' title='bbox 2578 1829 2878 1899; x_wconf 76' lang='grc' dir='ltr'>κατηγορία</span> <span class='ocrx_word' id='word_1_212' title='bbox 2903 1828 2996 1880; x_wconf 89' lang='grc' dir='ltr'><strong>τοῦ</strong></span> <span class='ocrx_word' id='word_1_213' title='bbox 3019 1826 3216 1889; x_wconf 76' lang='grc' dir='ltr'>παντὸς</span> <span class='ocrx_word' id='word_1_214' title='bbox 3239 1825 3420 1887; x_wconf 76' lang='grc' dir='ltr'>ἔθνους</span> <span class='ocrx_word' id='word_1_215' title='bbox 3443 1822 3638 1880; x_wconf 71' lang='grc' dir='ltr'>αὐτῶν,</span> <span class='ocrx_word' id='word_1_216' title='bbox 3671 1822 3769 1873; x_wconf 57' lang='grc' dir='ltr'>καὶ</span> 
     </span>
    </p>
   </div>
   <div class='ocr_carea' id='block_1_34' title="bbox 533 1911 2093 1994">
    <p class='ocr_par' dir='ltr' id='par_1_34' title="bbox 533 1918 2093 1988">
     <span class='ocr_line' id='line_1_34' title="bbox 533 1918 2093 1988; baseline 0 -15"><span class='ocrx_word' id='word_1_217' title='bbox 533 1928 588 1973; x_wconf 87' lang='lat' dir='ltr'><strong>et</strong></span> <span class='ocrx_word' id='word_1_218' title='bbox 640 1933 760 1988; x_wconf 73' lang='lat' dir='ltr'><strong>qua:</strong></span> <span class='ocrx_word' id='word_1_219' title='bbox 810 1933 903 1973; x_wconf 91' lang='lat' dir='ltr'><strong>eos</strong></span> <span class='ocrx_word' id='word_1_220' title='bbox 948 1919 1220 1988; x_wconf 86' lang='lat' dir='ltr'><strong>oppressit</strong></span> <span class='ocrx_word' id='word_1_221' title='bbox 1263 1918 1477 1972; x_wconf 88' lang='lat' dir='ltr'><strong>obsidio</strong></span> <span class='ocrx_word' id='word_1_222' title='bbox 1525 1918 1919 1973; x_wconf 78' lang='lat' dir='ltr'><strong>indicaturzet</strong></span> <span class='ocrx_word' id='word_1_223' title='bbox 1963 1935 2093 1988; x_wconf 72' lang='lat' dir='ltr'><strong>prae-</strong></span> 
     </span>
    </p>
   </div>
   <div class='ocr_carea' id='block_1_35' title="bbox 2196 1911 3772 1994">
    <p class='ocr_par' dir='ltr' id='par_1_35' title="bbox 2199 1914 3772 1994">
     <span class='ocr_line' id='line_1_35' title="bbox 2199 1914 3772 1994; baseline -0.007 -18"><span class='ocrx_word' id='word_1_224' title='bbox 2199 1927 2230 1993; x_wconf 87' lang='grc' dir='ltr'><strong>ή</strong></span> <span class='ocrx_word' id='word_1_225' title='bbox 2261 1921 2586 1994; x_wconf 87' lang='grc' dir='ltr'>μετελθοῦσα</span> <span class='ocrx_word' id='word_1_226' title='bbox 2624 1921 2820 1983; x_wconf 73' lang='grc' dir='ltr'>αὐτοὺς</span> <span class='ocrx_word' id='word_1_227' title='bbox 2853 1920 3136 1991; x_wconf 84' lang='grc' dir='ltr'>πολιορκία</span> <span class='ocrx_word' id='word_1_228' title='bbox 3173 1917 3442 1988; x_wconf 85' lang='grc' dir='ltr'>δηλοῦται,</span> <span class='ocrx_word' id='word_1_229' title='bbox 3480 1917 3570 1968; x_wconf 78' lang='grc' dir='ltr'>καὶ</span> <span class='ocrx_word' id='word_1_230' title='bbox 3603 1914 3772 1967; x_wconf 75' lang='grc' dir='ltr'>πάλιν</span> 
     </span>
    </p>
   </div>
   <div class='ocr_carea' id='block_1_36' title="bbox 535 2007 2096 2078">
    <p class='ocr_par' dir='ltr' id='par_1_36' title="bbox 535 2007 2096 2078">
     <span class='ocr_line' id='line_1_36' title="bbox 535 2007 2096 2078; baseline 0.001 -16"><span class='ocrx_word' id='word_1_231' title='bbox 535 2017 682 2064; x_wconf 81' lang='lat' dir='ltr'><strong>terea</strong></span> <span class='ocrx_word' id='word_1_232' title='bbox 725 2008 1028 2070; x_wconf 88' lang='lat' dir='ltr'><strong>residuum,</strong></span> <span class='ocrx_word' id='word_1_233' title='bbox 1059 2009 1204 2078; x_wconf 84' lang='lat' dir='ltr'><strong>quod</strong></span> <span class='ocrx_word' id='word_1_234' title='bbox 1241 2007 1617 2063; x_wconf 80' lang='lat' dir='ltr'><strong>fulcimentum</strong></span> <span class='ocrx_word' id='word_1_235' title='bbox 1646 2009 1765 2077; x_wconf 87' lang='lat' dir='ltr'><strong>ejus</strong></span> <span class='ocrx_word' id='word_1_236' title='bbox 1807 2008 2049 2062; x_wconf 87' lang='lat' dir='ltr'><strong>nominat</strong></span> <span class='ocrx_word' id='word_1_237' title='bbox 2083 2029 2096 2064; x_wconf 90' lang='lat'><strong>:</strong></span> 
     </span>
    </p>
   </div>
   <div class='ocr_carea' id='block_1_37' title="bbox 535 2097 2098 2168">
    <p class='ocr_par' dir='ltr' id='par_1_37' title="bbox 535 2097 2098 2168">
     <span class='ocr_line' id='line_1_37' title="bbox 535 2097 2098 2168; baseline -0.001 -15"><span class='ocrx_word' id='word_1_238' title='bbox 535 2115 657 2153; x_wconf 90' lang='lat' dir='ltr'><strong>cum</strong></span> <span class='ocrx_word' id='word_1_239' title='bbox 706 2097 877 2168; x_wconf 83' lang='lat' dir='ltr'><strong>ip&#39;sius</strong></span> <span class='ocrx_word' id='word_1_240' title='bbox 918 2097 1133 2153; x_wconf 89' lang='lat' dir='ltr'><strong>Domini</strong></span> <span class='ocrx_word' id='word_1_241' title='bbox 1177 2100 1270 2154; x_wconf 90' lang='lat' dir='ltr'><strong>sit.</strong></span> <span class='ocrx_word' id='word_1_242' title='bbox 1325 2097 1440 2154; x_wconf 84' lang='lat' dir='ltr'><strong>Hoc</strong></span> <span class='ocrx_word' id='word_1_243' title='bbox 1486 2115 1617 2154; x_wconf 87' lang='lat' dir='ltr'><strong>vero</strong></span> <span class='ocrx_word' id='word_1_244' title='bbox 1663 2099 1942 2154; x_wconf 89' lang='lat' dir='ltr'><strong>residuum</strong></span> <span class='ocrx_word' id='word_1_245' title='bbox 1977 2098 2098 2164; x_wconf 85' lang='lat' dir='ltr'><strong>fuit,</strong></span> 
     </span>
    </p>
   </div>
   <div class='ocr_carea' id='block_1_38' title="bbox 536 2187 2098 2259">
    <p class='ocr_par' dir='ltr' id='par_1_38' title="bbox 536 2187 2098 2259">
     <span class='ocr_line' id='line_1_38' title="bbox 536 2187 2098 2259; baseline 0.001 -18"><span class='ocrx_word' id='word_1_246' title='bbox 536 2187 678 2256; x_wconf 86' lang='lat' dir='ltr'><strong>quod</strong></span> <span class='ocrx_word' id='word_1_247' title='bbox 708 2203 772 2255; x_wconf 65' lang='lat' dir='ltr'><strong>ex</strong></span> <span class='ocrx_word' id='word_1_248' title='bbox 804 2187 906 2240; x_wconf 81' lang='lat' dir='ltr'><strong>[ide</strong></span> <span class='ocrx_word' id='word_1_249' title='bbox 936 2202 1097 2256; x_wconf 77' lang='lat' dir='ltr'><strong>quam</strong></span> <span class='ocrx_word' id='word_1_250' title='bbox 1132 2187 1187 2241; x_wconf 94' lang='lat' dir='ltr'><strong>in</strong></span> <span class='ocrx_word' id='word_1_251' title='bbox 1218 2187 1500 2245; x_wconf 83' lang='lat' dir='ltr'><strong>Christum</strong></span> <span class='ocrx_word' id='word_1_252' title='bbox 1531 2189 1623 2245; x_wconf 91' lang='lat' dir='ltr'><strong>Dei</strong></span> <span class='ocrx_word' id='word_1_253' title='bbox 1654 2191 1861 2254; x_wconf 87' lang='lat' dir='ltr'><strong>habuit,</strong></span> <span class='ocrx_word' id='word_1_254' title='bbox 1895 2189 2098 2259; x_wconf 84' lang='lat' dir='ltr'><strong>conﬁr-</strong></span> 
     </span>
    </p>
   </div>
   <div class='ocr_carea' id='block_1_39' title="bbox 536 2277 2100 2350">
    <p class='ocr_par' dir='ltr' id='par_1_39' title="bbox 536 2277 2100 2350">
     <span class='ocr_line' id='line_1_39' title="bbox 536 2277 2100 2350; baseline 0.003 -20"><span class='ocrx_word' id='word_1_255' title='bbox 536 2287 736 2332; x_wconf 85' lang='lat' dir='ltr'><strong>matum</strong></span> <span class='ocrx_word' id='word_1_256' title='bbox 795 2277 1197 2346; x_wconf 85' lang='lat' dir='ltr'><strong>solidatumquc</strong></span> <span class='ocrx_word' id='word_1_257' title='bbox 1229 2286 1334 2340; x_wconf 88' lang='lat' dir='ltr'><strong>est,</strong></span> <span class='ocrx_word' id='word_1_258' title='bbox 1372 2285 1431 2331; x_wconf 93' lang='lat' dir='ltr'><strong>ut</strong></span> <span class='ocrx_word' id='word_1_259' title='bbox 1456 2295 1525 2332; x_wconf 91' lang='lat' dir='ltr'><strong>ne</strong></span> <span class='ocrx_word' id='word_1_260' title='bbox 1559 2280 1624 2333; x_wconf 89' lang='lat' dir='ltr'><strong>iis</strong></span> <span class='ocrx_word' id='word_1_261' title='bbox 1657 2281 1854 2336; x_wconf 86' lang='lat' dir='ltr'><strong>similia</strong></span> <span class='ocrx_word' id='word_1_262' title='bbox 1883 2290 2100 2350; x_wconf 87' lang='lat' dir='ltr'><strong>patere-</strong></span> 
     </span>
    </p>
   </div>
   <div class='ocr_carea' id='block_1_40' title="bbox 537 2368 1816 2438">
    <p class='ocr_par' dir='ltr' id='par_1_40' title="bbox 537 2368 1816 2438">
     <span class='ocr_line' id='line_1_40' title="bbox 537 2368 1816 2438; baseline 0 -16"><span class='ocrx_word' id='word_1_263' title='bbox 537 2376 642 2432; x_wconf 87' lang='lat' dir='ltr'><strong>tur,</strong></span> <span class='ocrx_word' id='word_1_264' title='bbox 673 2383 794 2437; x_wconf 65' lang='lat' dir='ltr'><strong>quaa</strong></span> <span class='ocrx_word' id='word_1_265' title='bbox 829 2369 1086 2421; x_wconf 87' lang='lat' dir='ltr'><strong>universa</strong></span> <span class='ocrx_word' id='word_1_266' title='bbox 1122 2368 1212 2420; x_wconf 86' lang='lat' dir='ltr'><strong>illa</strong></span> <span class='ocrx_word' id='word_1_267' title='bbox 1250 2383 1382 2437; x_wconf 91' lang='lat' dir='ltr'><strong>gens</strong></span> <span class='ocrx_word' id='word_1_268' title='bbox 1422 2384 1678 2438; x_wconf 85' lang='lat' dir='ltr'><strong>perpessa</strong></span> <span class='ocrx_word' id='word_1_269' title='bbox 1712 2379 1816 2425; x_wconf 89' lang='lat' dir='ltr'><strong>est.</strong></span> 
     </span>
    </p>
   </div>
   <div class='ocr_carea' id='block_1_41' title="bbox 1026 2459 1610 2518">
    <p class='ocr_par' dir='ltr' id='par_1_41' title="bbox 1026 2459 1610 2518">
     <span class='ocr_line' id='line_1_41' title="bbox 1026 2459 1610 2518; baseline 0.009 -5"><span class='ocrx_word' id='word_1_270' title='bbox 1026 2459 1160 2516; x_wconf 86' lang='lat' dir='ltr'><strong>LVI.</strong></span> <span class='ocrx_word' id='word_1_271' title='bbox 1206 2461 1282 2513; x_wconf 82' lang='lat' dir='ltr'><strong>Ab</strong></span> <span class='ocrx_word' id='word_1_272' title='bbox 1318 2459 1610 2518; x_wconf 82' lang='lat' dir='ltr'><strong>Ezechiele.</strong></span> 
     </span>
    </p>
   </div>
   <div class='ocr_carea' id='block_1_42' title="bbox 608 2549 2098 2625">
    <p class='ocr_par' dir='ltr' id='par_1_42' title="bbox 608 2549 2098 2625">
     <span class='ocr_line' id='line_1_42' title="bbox 608 2549 2098 2625; baseline 0.004 -22"><span class='ocrx_word' id='word_1_273' title='bbox 608 2567 630 2603; x_wconf 73' lang='grc' dir='ltr'><strong>ι</strong></span> <span class='ocrx_word' id='word_1_274' title='bbox 669 2549 735 2604; x_wconf 85' lang='grc' dir='ltr'>Ει</span> <span class='ocrx_word' id='word_1_275' title='bbox 763 2551 960 2607; x_wconf 87' lang='lat' dir='ltr'><strong>cadent</strong></span> <span class='ocrx_word' id='word_1_276' title='bbox 987 2552 1255 2607; x_wconf 85' lang='lat' dir='ltr'><strong>vulnerati</strong></span> <span class='ocrx_word' id='word_1_277' title='bbox 1286 2553 1344 2607; x_wconf 91' lang='lat' dir='ltr'><strong>in</strong></span> <span class='ocrx_word' id='word_1_278' title='bbox 1377 2553 1555 2608; x_wconf 90' lang='lat' dir='ltr'><strong>medio</strong></span> <span class='ocrx_word' id='word_1_279' title='bbox 1578 2555 1770 2620; x_wconf 84' lang='lat' dir='ltr'><strong>vestri,</strong></span> <span class='ocrx_word' id='word_1_280' title='bbox 1809 2562 1863 2610; x_wconf 89' lang='lat' dir='ltr'><strong>et</strong></span> <span class='ocrx_word' id='word_1_281' title='bbox 1890 2570 2098 2625; x_wconf 61' lang='lat' dir='ltr'><strong>cognoo</strong></span> 
     </span>
    </p>
   </div>
   <div class='ocr_carea' id='block_1_43' title="bbox 536 2641 2097 2712">
    <p class='ocr_par' dir='ltr' id='par_1_43' title="bbox 536 2641 2097 2712">
     <span class='ocr_line' id='line_1_43' title="bbox 536 2641 2097 2712; baseline 0.001 -16"><span class='ocrx_word' id='word_1_282' title='bbox 536 2642 704 2698; x_wconf 86' lang='lat' dir='ltr'><strong>scetis</strong></span> <span class='ocrx_word' id='word_1_283' title='bbox 733 2643 880 2712; x_wconf 86' lang='lat' dir='ltr'><strong>quod</strong></span> <span class='ocrx_word' id='word_1_284' title='bbox 919 2658 1020 2712; x_wconf 92' lang='lat' dir='ltr'><strong>ego</strong></span> <span class='ocrx_word' id='word_1_285' title='bbox 1057 2641 1341 2707; x_wconf 87' lang='lat' dir='ltr'><strong>Dominus,</strong></span> <span class='ocrx_word' id='word_1_286' title='bbox 1387 2660 1512 2698; x_wconf 90' lang='lat' dir='ltr'><strong>cum</strong></span> <span class='ocrx_word' id='word_1_287' title='bbox 1554 2644 1788 2699; x_wconf 87' lang='lat' dir='ltr'><strong>abierint</strong></span> <span class='ocrx_word' id='word_1_288' title='bbox 1818 2645 1884 2699; x_wconf 92' lang='lat' dir='ltr'><strong>de</strong></span> <span class='ocrx_word' id='word_1_289' title='bbox 1922 2645 2097 2710; x_wconf 84' lang='lat' dir='ltr'><strong>vobis,</strong></span> 
     </span>
    </p>
   </div>
   <div class='ocr_carea' id='block_1_44' title="bbox 535 2733 2101 2804">
    <p class='ocr_par' dir='ltr' id='par_1_44' title="bbox 535 2733 2101 2804">
     <span class='ocr_line' id='line_1_44' title="bbox 535 2733 2101 2804; baseline 0.004 -19"><span class='ocrx_word' id='word_1_290' title='bbox 535 2734 626 2802; x_wconf 88' lang='lat' dir='ltr'><strong>qui</strong></span> <span class='ocrx_word' id='word_1_291' title='bbox 671 2733 1049 2787; x_wconf 88' lang='lat' dir='ltr'><strong>liberabuntur</strong></span> <span class='ocrx_word' id='word_1_292' title='bbox 1092 2749 1122 2786; x_wconf 90' lang='lat' dir='ltr'><strong>a</strong></span> <span class='ocrx_word' id='word_1_293' title='bbox 1171 2735 1351 2804; x_wconf 86' lang='lat' dir='ltr'><strong>gladio</strong></span> <span class='ocrx_word' id='word_1_294' title='bbox 1402 2735 1469 2790; x_wconf 89' lang='lat' dir='ltr'><strong>ad</strong></span> <span class='ocrx_word' id='word_1_295' title='bbox 1500 2743 1711 2804; x_wconf 87' lang='lat' dir='ltr'><strong>gentes,</strong></span> <span class='ocrx_word' id='word_1_296' title='bbox 1758 2742 1813 2789; x_wconf 88' lang='lat' dir='ltr'><strong>et</strong></span> <span class='ocrx_word' id='word_1_297' title='bbox 1851 2751 1972 2788; x_wconf 92' lang='lat' dir='ltr'><strong>cum</strong></span> <span class='ocrx_word' id='word_1_298' title='bbox 2006 2752 2101 2791; x_wconf 88' lang='lat' dir='ltr'><strong>vos</strong></span> 
     </span>
    </p>
   </div>
   <div class='ocr_carea' id='block_1_45' title="bbox 535 2822 2096 2892">
    <p class='ocr_par' dir='ltr' id='par_1_45' title="bbox 535 2822 2096 2892">
     <span class='ocr_line' id='line_1_45' title="bbox 535 2822 2096 2892; baseline 0.001 -15"><span class='ocrx_word' id='word_1_299' title='bbox 535 2822 766 2892; x_wconf 85' lang='lat' dir='ltr'><strong>dispersi</strong></span> <span class='ocrx_word' id='word_1_300' title='bbox 789 2823 942 2878; x_wconf 89' lang='lat' dir='ltr'><strong>eritis</strong></span> <span class='ocrx_word' id='word_1_301' title='bbox 974 2838 1070 2891; x_wconf 90' lang='lat' dir='ltr'><strong>per</strong></span> <span class='ocrx_word' id='word_1_302' title='bbox 1100 2824 1370 2892; x_wconf 81' lang='lat' dir='ltr'><strong>regiones,</strong></span> <span class='ocrx_word' id='word_1_303' title='bbox 1408 2831 1463 2878; x_wconf 86' lang='lat' dir='ltr'><strong>et</strong></span> <span class='ocrx_word' id='word_1_304' title='bbox 1502 2823 1934 2881; x_wconf 85' lang='lat' dir='ltr'><strong>recordabuntur</strong></span> <span class='ocrx_word' id='word_1_305' title='bbox 1970 2827 2096 2890; x_wconf 89' lang='lat' dir='ltr'><strong>mei,</strong></span> 
     </span>
    </p>
   </div>
   <div class='ocr_carea' id='block_1_46' title="bbox 533 2913 2099 2986">
    <p class='ocr_par' dir='ltr' id='par_1_46' title="bbox 533 2913 2099 2986">
     <span class='ocr_line' id='line_1_46' title="bbox 533 2913 2099 2986; baseline 0.003 -20"><span class='ocrx_word' id='word_1_306' title='bbox 533 2913 627 2985; x_wconf 79' lang='lat' dir='ltr'><strong>qui</strong></span> <span class='ocrx_word' id='word_1_307' title='bbox 675 2914 888 2968; x_wconf 84' lang='lat' dir='ltr'><strong>liberati</strong></span> <span class='ocrx_word' id='word_1_308' title='bbox 921 2922 1082 2968; x_wconf 89' lang='lat' dir='ltr'><strong>erunt</strong></span> <span class='ocrx_word' id='word_1_309' title='bbox 1129 2931 1194 2968; x_wconf 79' lang='lat' dir='ltr'><strong>ex</strong></span> <span class='ocrx_word' id='word_1_310' title='bbox 1245 2914 1398 2970; x_wconf 91' lang='lat' dir='ltr'><strong>vobis</strong></span> <span class='ocrx_word' id='word_1_311' title='bbox 1431 2915 1485 2969; x_wconf 88' lang='lat' dir='ltr'><strong>in</strong></span> <span class='ocrx_word' id='word_1_312' title='bbox 1535 2915 1810 2986; x_wconf 80' lang='lat' dir='ltr'><strong>gentibus,</strong></span> <span class='ocrx_word' id='word_1_313' title='bbox 1853 2915 1920 2969; x_wconf 85' lang='lat' dir='ltr'><strong>ad</strong></span> <span class='ocrx_word' id='word_1_314' title='bbox 1964 2931 2099 2986; x_wconf 87' lang='lat' dir='ltr'><strong>quas</strong></span> 
     </span>
    </p>
   </div>
   <div class='ocr_carea' id='block_1_47' title="bbox 534 3002 2100 3075">
    <p class='ocr_par' dir='ltr' id='par_1_47' title="bbox 534 3002 2100 3075">
     <span class='ocr_line' id='line_1_47' title="bbox 534 3002 2100 3075; baseline 0.001 -17"><span class='ocrx_word' id='word_1_315' title='bbox 534 3004 734 3074; x_wconf 87' lang='lat' dir='ltr'><strong>captivi</strong></span> <span class='ocrx_word' id='word_1_316' title='bbox 763 3004 912 3058; x_wconf 92' lang='lat' dir='ltr'><strong>ducti</strong></span> <span class='ocrx_word' id='word_1_317' title='bbox 963 3004 1158 3059; x_wconf 67' lang='lat' dir='ltr'><strong>sint“.</strong></span> <span class='ocrx_word' id='word_1_318' title='bbox 1196 3023 1213 3058; x_wconf 75' lang='grc' dir='ltr'><strong>ι</strong></span> <span class='ocrx_word' id='word_1_319' title='bbox 1259 3002 1484 3058; x_wconf 89' lang='lat' dir='ltr'><strong>Videtur</strong></span> <span class='ocrx_word' id='word_1_320' title='bbox 1517 3021 1649 3060; x_wconf 87' lang='lat' dir='ltr'><strong>sane</strong></span> <span class='ocrx_word' id='word_1_321' title='bbox 1682 3007 1769 3060; x_wconf 87' lang='lat' dir='ltr'><strong>hic</strong></span> <span class='ocrx_word' id='word_1_322' title='bbox 1802 3006 1933 3059; x_wconf 89' lang='lat' dir='ltr'><strong>mihi</strong></span> <span class='ocrx_word' id='word_1_323' title='bbox 1965 3021 2100 3075; x_wconf 86' lang='lat' dir='ltr'><strong>quo-</strong></span> 
     </span>
    </p>
   </div>
   <div class='ocr_carea' id='block_1_48' title="bbox 534 3097 2099 3168">
    <p class='ocr_par' dir='ltr' id='par_1_48' title="bbox 534 3097 2099 3168">
     <span class='ocr_line' id='line_1_48' title="bbox 534 3097 2099 3168; baseline 0.003 -20"><span class='ocrx_word' id='word_1_324' title='bbox 534 3113 640 3166; x_wconf 88' lang='lat' dir='ltr'><strong>que</strong></span> <span class='ocrx_word' id='word_1_325' title='bbox 678 3097 1015 3152; x_wconf 89' lang='lat' dir='ltr'><strong>concordare</strong></span> <span class='ocrx_word' id='word_1_326' title='bbox 1045 3097 1133 3160; x_wconf 86' lang='lat' dir='ltr'><strong>iis,</strong></span> <span class='ocrx_word' id='word_1_327' title='bbox 1165 3097 1258 3167; x_wconf 91' lang='lat' dir='ltr'><strong>qui</strong></span> <span class='ocrx_word' id='word_1_328' title='bbox 1290 3112 1319 3150; x_wconf 89' lang='lat' dir='ltr'><strong>a</strong></span> <span class='ocrx_word' id='word_1_329' title='bbox 1355 3098 1580 3167; x_wconf 87' lang='lat' dir='ltr'><strong>reliquis</strong></span> <span class='ocrx_word' id='word_1_330' title='bbox 1617 3100 1913 3168; x_wconf 88' lang='lat' dir='ltr'><strong>prophetiis</strong></span> <span class='ocrx_word' id='word_1_331' title='bbox 1945 3114 2099 3153; x_wconf 84' lang='lat' dir='ltr'><strong>acce—</strong></span> 
     </span>
    </p>
   </div>
   <div class='ocr_carea' id='block_1_49' title="bbox 536 3189 2094 3260">
    <p class='ocr_par' dir='ltr' id='par_1_49' title="bbox 536 3189 2094 3260">
     <span class='ocr_line' id='line_1_49' title="bbox 536 3189 2094 3260; baseline 0 -18"><span class='ocrx_word' id='word_1_332' title='bbox 536 3197 627 3260; x_wconf 85' lang='lat' dir='ltr'><strong>pta</strong></span> <span class='ocrx_word' id='word_1_333' title='bbox 677 3198 804 3245; x_wconf 84' lang='lat' dir='ltr'><strong>sunt</strong></span> <span class='ocrx_word' id='word_1_334' title='bbox 837 3207 849 3242; x_wconf 89' lang='lat'><strong>:</strong></span> <span class='ocrx_word' id='word_1_335' title='bbox 881 3203 976 3243; x_wconf 90' lang='lat' dir='ltr'><strong>eos</strong></span> <span class='ocrx_word' id='word_1_336' title='bbox 1027 3189 1172 3244; x_wconf 90' lang='lat' dir='ltr'><strong>enim</strong></span> <span class='ocrx_word' id='word_1_337' title='bbox 1207 3189 1301 3258; x_wconf 89' lang='lat' dir='ltr'><strong>qui</strong></span> <span class='ocrx_word' id='word_1_338' title='bbox 1341 3189 1550 3243; x_wconf 84' lang='lat' dir='ltr'><strong>liberati</strong></span> <span class='ocrx_word' id='word_1_339' title='bbox 1588 3199 1784 3253; x_wconf 89' lang='lat' dir='ltr'><strong>erunt,</strong></span> <span class='ocrx_word' id='word_1_340' title='bbox 1830 3205 2094 3259; x_wconf 88' lang='lat' dir='ltr'><strong>quosnam</strong></span> 
     </span>
    </p>
   </div>
   <div class='ocr_carea' id='block_1_50' title="bbox 2197 2003 3771 2084">
    <p class='ocr_par' dir='ltr' id='par_1_50' title="bbox 2197 2003 3771 2084">
     <span class='ocr_line' id='line_1_50' title="bbox 2197 2003 3771 2084; baseline -0.007 -16"><span class='ocrx_word' id='word_1_341' title='bbox 2197 2017 2256 2068; x_wconf 86' lang='grc' dir='ltr'><strong>τὸ</strong></span> <span class='ocrx_word' id='word_1_342' title='bbox 2289 2015 2654 2084; x_wconf 81' lang='grc' dir='ltr'>κατάλειμμα,</span> <span class='ocrx_word' id='word_1_343' title='bbox 2694 2014 2829 2083; x_wconf 83' lang='grc' dir='ltr'>ὅπερ</span> <span class='ocrx_word' id='word_1_344' title='bbox 2864 2014 3139 2083; x_wconf 82' lang='grc' dir='ltr'>στήριγμα</span> <span class='ocrx_word' id='word_1_345' title='bbox 3180 2009 3349 2078; x_wconf 80' lang='grc' dir='ltr'>αὐτῆς</span> <span class='ocrx_word' id='word_1_346' title='bbox 3381 2007 3634 2078; x_wconf 78' lang='grc' dir='ltr'>ὀνομάζει</span> <span class='ocrx_word' id='word_1_347' title='bbox 3668 2003 3771 2058; x_wconf 82' lang='grc' dir='ltr'><strong>τοῦ</strong></span> 
     </span>
    </p>
   </div>
   <div class='ocr_carea' id='block_1_51' title="bbox 2197 2092 3768 2176">
    <p class='ocr_par' dir='ltr' id='par_1_51' title="bbox 2197 2092 3768 2176">
     <span class='ocr_line' id='line_1_51' title="bbox 2197 2092 3768 2176; baseline -0.009 -19"><span class='ocrx_word' id='word_1_348' title='bbox 2197 2105 2398 2176; x_wconf 79' lang='grc' dir='ltr'>Κυρίου</span> <span class='ocrx_word' id='word_1_349' title='bbox 2430 2105 2707 2172; x_wconf 78' lang='grc' dir='ltr'>τυγχάνον.</span> <span class='ocrx_word' id='word_1_350' title='bbox 2756 2100 2923 2154; x_wconf 88' lang='grc' dir='ltr'>Τοῦτο</span> <span class='ocrx_word' id='word_1_351' title='bbox 2965 2100 3020 2154; x_wconf 81' lang='grc' dir='ltr'><strong>δὲ</strong></span> <span class='ocrx_word' id='word_1_352' title='bbox 3058 2096 3126 2170; x_wconf 81' lang='grc' dir='ltr'>ἦν</span> <span class='ocrx_word' id='word_1_353' title='bbox 3170 2099 3230 2151; x_wconf 84' lang='grc' dir='ltr'><strong>τὸ</strong></span> <span class='ocrx_word' id='word_1_354' title='bbox 3267 2096 3354 2149; x_wconf 76' lang='grc' dir='ltr'>διὰ</span> <span class='ocrx_word' id='word_1_355' title='bbox 3399 2094 3498 2162; x_wconf 81' lang='grc' dir='ltr'>τῆς</span> <span class='ocrx_word' id='word_1_356' title='bbox 3543 2095 3621 2155; x_wconf 83' lang='grc' dir='ltr'><strong>είς</strong></span> <span class='ocrx_word' id='word_1_357' title='bbox 3671 2092 3768 2144; x_wconf 83' lang='grc' dir='ltr'><strong>τὸν</strong></span> 
     </span>
    </p>
   </div>
   <div class='ocr_carea' id='block_1_52' title="bbox 2197 2182 3768 2262">
    <p class='ocr_par' dir='ltr' id='par_1_52' title="bbox 2197 2182 3768 2262">
     <span class='ocr_line' id='line_1_52' title="bbox 2197 2182 3768 2262; baseline -0.007 -18"><span class='ocrx_word' id='word_1_358' title='bbox 2197 2193 2428 2262; x_wconf 80' lang='grc' dir='ltr'>Χριστὸν</span> <span class='ocrx_word' id='word_1_359' title='bbox 2444 2191 2534 2244; x_wconf 87' lang='grc' dir='ltr'><strong>τοῦ</strong></span> <span class='ocrx_word' id='word_1_360' title='bbox 2557 2190 2690 2243; x_wconf 87' lang='grc' dir='ltr'>Θεοῦ</span> <span class='ocrx_word' id='word_1_361' title='bbox 2708 2191 2942 2252; x_wconf 86' lang='grc' dir='ltr'>πίστεως</span> <span class='ocrx_word' id='word_1_362' title='bbox 2977 2187 3288 2257; x_wconf 81' lang='grc' dir='ltr'>δυναμωθὲν</span> <span class='ocrx_word' id='word_1_363' title='bbox 3313 2186 3406 2238; x_wconf 74' lang='grc' dir='ltr'><strong>καὶ</strong></span> <span class='ocrx_word' id='word_1_364' title='bbox 3437 2182 3768 2254; x_wconf 78' lang='grc' dir='ltr'>στερρωθὲν,</span> 
     </span>
    </p>
   </div>
   <div class='ocr_carea' id='block_1_53' title="bbox 2196 2273 3770 2352">
    <p class='ocr_par' dir='ltr' id='par_1_53' title="bbox 2196 2273 3770 2352">
     <span class='ocr_line' id='line_1_53' title="bbox 2196 2273 3770 2352; baseline -0.005 -18"><span class='ocrx_word' id='word_1_365' title='bbox 2196 2283 2270 2344; x_wconf 81' lang='grc' dir='ltr'>ὼς</span> <span class='ocrx_word' id='word_1_366' title='bbox 2295 2282 2425 2352; x_wconf 74' lang='grc' dir='ltr'>μηδὲ</span> <span class='ocrx_word' id='word_1_367' title='bbox 2447 2281 2512 2333; x_wconf 73' lang='grc' dir='ltr'><strong>τὰ</strong></span> <span class='ocrx_word' id='word_1_368' title='bbox 2545 2283 2707 2351; x_wconf 85' lang='grc' dir='ltr'>ὅμοια</span> <span class='ocrx_word' id='word_1_369' title='bbox 2743 2282 3050 2350; x_wconf 81' lang='grc' dir='ltr'>ὑπομεῖναι,</span> <span class='ocrx_word' id='word_1_370' title='bbox 3075 2274 3155 2342; x_wconf 75' lang='grc' dir='ltr'>οἷς</span> <span class='ocrx_word' id='word_1_371' title='bbox 3181 2277 3242 2329; x_wconf 84' lang='grc' dir='ltr'>τὸ</span> <span class='ocrx_word' id='word_1_372' title='bbox 3273 2277 3378 2329; x_wconf 76' lang='grc' dir='ltr'>πᾶν</span> <span class='ocrx_word' id='word_1_373' title='bbox 3408 2275 3559 2338; x_wconf 75' lang='grc' dir='ltr'>ἔθνος</span> <span class='ocrx_word' id='word_1_374' title='bbox 3582 2273 3770 2328; x_wconf 73' lang='grc' dir='ltr'>αὐτῶν</span> 
     </span>
    </p>
   </div>
   <div class='ocr_carea' id='block_1_54' title="bbox 2197 2371 2502 2425">
    <p class='ocr_par' dir='ltr' id='par_1_54' title="bbox 2197 2371 2502 2425">
     <span class='ocr_line' id='line_1_54' title="bbox 2197 2371 2502 2425; baseline 0.007 -2"><span class='ocrx_word' id='word_1_375' title='bbox 2197 2372 2294 2424; x_wconf 85' lang='grc' dir='ltr'>ὲπε</span> <span class='ocrx_word' id='word_1_376' title='bbox 2303 2371 2502 2425; x_wconf 85' lang='grc' dir='ltr'>πόνθει.</span> 
     </span>
    </p>
   </div>
   <div class='ocr_carea' id='block_1_55' title="bbox 2576 2458 3376 2529">
    <p class='ocr_par' dir='ltr' id='par_1_55' title="bbox 2576 2458 3376 2529">
     <span class='ocr_line' id='line_1_55' title="bbox 2576 2458 3376 2529; baseline 0 -15"><span class='ocrx_word' id='word_1_377' title='bbox 2576 2464 2715 2529; x_wconf 71' lang='lat' dir='ltr'><strong>NG”.</strong></span> <span class='ocrx_word' id='word_1_378' title='bbox 2777 2461 2910 2516; x_wconf 77' lang='grc' dir='ltr'><strong>Ἀπὸ</strong></span> <span class='ocrx_word' id='word_1_379' title='bbox 2944 2462 3048 2515; x_wconf 85' lang='grc' dir='ltr'><strong>τοῦ</strong></span> <span class='ocrx_word' id='word_1_380' title='bbox 3093 2458 3376 2526; x_wconf 79' lang='grc' dir='ltr'>Ἐζεκιήλ.</span> 
     </span>
    </p>
   </div>
   <div class='ocr_carea' id='block_1_56' title="bbox 2273 2549 3771 2624">
    <p class='ocr_par' dir='ltr' id='par_1_56' title="bbox 2273 2549 3771 2624">
     <span class='ocr_line' id='line_1_56' title="bbox 2273 2549 3771 2624; baseline -0.003 -18"><span class='ocrx_word' id='word_1_381' title='bbox 2273 2574 2291 2606; x_wconf 80' lang='grc' dir='ltr'><strong>ι</strong></span> <span class='ocrx_word' id='word_1_382' title='bbox 2327 2557 2435 2608; x_wconf 73' lang='grc' dir='ltr'>Καὶ</span> <span class='ocrx_word' id='word_1_383' title='bbox 2472 2554 2761 2616; x_wconf 79' lang='grc' dir='ltr'>πεσοῦνται</span> <span class='ocrx_word' id='word_1_384' title='bbox 2794 2551 3125 2624; x_wconf 73' lang='grc' dir='ltr'>τραυματίαι</span> <span class='ocrx_word' id='word_1_385' title='bbox 3161 2553 3218 2604; x_wconf 79' lang='grc' dir='ltr'>ἐν</span> <span class='ocrx_word' id='word_1_386' title='bbox 3257 2551 3405 2621; x_wconf 85' lang='grc' dir='ltr'>μέσῳ</span> <span class='ocrx_word' id='word_1_387' title='bbox 3451 2549 3626 2620; x_wconf 81' lang='grc' dir='ltr'>ὑμῶν,</span> <span class='ocrx_word' id='word_1_388' title='bbox 3668 2549 3771 2603; x_wconf 78' lang='grc' dir='ltr'>καὶ</span> 
     </span>
    </p>
   </div>
   <div class='ocr_carea' id='block_1_57' title="bbox 2197 2641 3769 2715">
    <p class='ocr_par' dir='ltr' id='par_1_57' title="bbox 2197 2641 3769 2715">
     <span class='ocr_line' id='line_1_57' title="bbox 2197 2641 3769 2715; baseline -0.001 -18"><span class='ocrx_word' id='word_1_389' title='bbox 2197 2645 2580 2713; x_wconf 77' lang='grc' dir='ltr'>ἐπιγνώσεσθε,</span> <span class='ocrx_word' id='word_1_390' title='bbox 2624 2647 2704 2698; x_wconf 85' lang='grc' dir='ltr'><strong>δτι</strong></span> <span class='ocrx_word' id='word_1_391' title='bbox 2747 2644 2855 2713; x_wconf 75' lang='grc' dir='ltr'><strong>ἐγὼ</strong></span> <span class='ocrx_word' id='word_1_392' title='bbox 2904 2643 3126 2715; x_wconf 84' lang='grc' dir='ltr'>Κύριος,</span> <span class='ocrx_word' id='word_1_393' title='bbox 3167 2644 3224 2696; x_wconf 81' lang='grc' dir='ltr'>ὲν</span> <span class='ocrx_word' id='word_1_394' title='bbox 3269 2641 3347 2713; x_wconf 81' lang='grc' dir='ltr'><strong>τῷ</strong></span> <span class='ocrx_word' id='word_1_395' title='bbox 3399 2641 3647 2710; x_wconf 87' lang='grc' dir='ltr'>γενέσθαι</span> <span class='ocrx_word' id='word_1_396' title='bbox 3703 2641 3769 2706; x_wconf 76' lang='grc' dir='ltr'><strong>ἐξ</strong></span> 
     </span>
    </p>
   </div>
   <div class='ocr_carea' id='block_1_58' title="bbox 2198 2732 3766 2810">
    <p class='ocr_par' dir='ltr' id='par_1_58' title="bbox 2198 2732 3766 2810">
     <span class='ocr_line' id='line_1_58' title="bbox 2198 2732 3766 2810; baseline -0.006 -18"><span class='ocrx_word' id='word_1_397' title='bbox 2198 2739 2348 2810; x_wconf 87' lang='grc' dir='ltr'>ὑμῶν</span> <span class='ocrx_word' id='word_1_398' title='bbox 2395 2735 2836 2806; x_wconf 76' lang='grc' dir='ltr'>ἀνασωζομένους</span> <span class='ocrx_word' id='word_1_399' title='bbox 2880 2737 2943 2787; x_wconf 86' lang='grc' dir='ltr'>ὲκ</span> <span class='ocrx_word' id='word_1_400' title='bbox 2989 2734 3261 2805; x_wconf 75' lang='grc' dir='ltr'>ῥομφαίας</span> <span class='ocrx_word' id='word_1_401' title='bbox 3305 2736 3360 2786; x_wconf 83' lang='grc' dir='ltr'>ἐν</span> <span class='ocrx_word' id='word_1_402' title='bbox 3403 2735 3514 2796; x_wconf 78' lang='grc' dir='ltr'>τοῖς</span> <span class='ocrx_word' id='word_1_403' title='bbox 3560 2732 3766 2794; x_wconf 71' lang='grc' dir='ltr'>ἔθνεσι,</span> 
     </span>
    </p>
   </div>
   <div class='ocr_carea' id='block_1_59' title="bbox 2197 2823 3770 2900">
    <p class='ocr_par' dir='ltr' id='par_1_59' title="bbox 2197 2823 3770 2900">
     <span class='ocr_line' id='line_1_59' title="bbox 2197 2823 3770 2900; baseline -0.005 -16"><span class='ocrx_word' id='word_1_404' title='bbox 2197 2831 2290 2884; x_wconf 77' lang='grc' dir='ltr'><strong>καὶ</strong></span> <span class='ocrx_word' id='word_1_405' title='bbox 2319 2835 2374 2884; x_wconf 82' lang='grc' dir='ltr'><strong>ἐν</strong></span> <span class='ocrx_word' id='word_1_406' title='bbox 2403 2830 2480 2900; x_wconf 81' lang='grc' dir='ltr'><strong>τῷ</strong></span> <span class='ocrx_word' id='word_1_407' title='bbox 2512 2826 2925 2899; x_wconf 81' lang='grc' dir='ltr'>διασκορπισμῴ</span> <span class='ocrx_word' id='word_1_408' title='bbox 2969 2826 3122 2897; x_wconf 83' lang='grc' dir='ltr'>ὑμῶν</span> <span class='ocrx_word' id='word_1_409' title='bbox 3153 2829 3210 2879; x_wconf 80' lang='grc' dir='ltr'>ἐν</span> <span class='ocrx_word' id='word_1_410' title='bbox 3233 2829 3350 2888; x_wconf 83' lang='grc' dir='ltr'>ταῖς</span> <span class='ocrx_word' id='word_1_411' title='bbox 3383 2823 3607 2896; x_wconf 81' lang='grc' dir='ltr'>χώραις.</span> <span class='ocrx_word' id='word_1_412' title='bbox 3650 2825 3770 2878; x_wconf 75' lang='grc' dir='ltr'><strong>Καὶ</strong></span> 
     </span>
    </p>
   </div>
   <div class='ocr_carea' id='block_1_60' title="bbox 2201 2915 3768 2991">
    <p class='ocr_par' dir='ltr' id='par_1_60' title="bbox 2201 2915 3768 2991">
     <span class='ocr_line' id='line_1_60' title="bbox 2201 2915 3768 2991; baseline -0.003 -18"><span class='ocrx_word' id='word_1_413' title='bbox 2201 2919 2596 2991; x_wconf 85' lang='grc' dir='ltr'>μνησθήσονταί</span> <span class='ocrx_word' id='word_1_414' title='bbox 2632 2937 2731 2989; x_wconf 85' lang='grc' dir='ltr'><strong>μου</strong></span> <span class='ocrx_word' id='word_1_415' title='bbox 2761 2919 2808 2972; x_wconf 77' lang='lat' dir='ltr'><strong>oi</strong></span> <span class='ocrx_word' id='word_1_416' title='bbox 2851 2916 3250 2987; x_wconf 78' lang='grc' dir='ltr'>ἀνασωζόμενοι</span> <span class='ocrx_word' id='word_1_417' title='bbox 3280 2915 3338 2980; x_wconf 77' lang='grc' dir='ltr'>ἐξ</span> <span class='ocrx_word' id='word_1_418' title='bbox 3367 2916 3517 2986; x_wconf 83' lang='grc' dir='ltr'>ὑμῶν</span> <span class='ocrx_word' id='word_1_419' title='bbox 3555 2917 3612 2968; x_wconf 83' lang='grc' dir='ltr'>ὲν</span> <span class='ocrx_word' id='word_1_420' title='bbox 3647 2917 3768 2978; x_wconf 70' lang='grc' dir='ltr'>τοῖς</span> 
     </span>
    </p>
   </div>
   <div class='ocr_carea' id='block_1_61' title="bbox 2198 3007 3767 3082">
    <p class='ocr_par' dir='ltr' id='par_1_61' title="bbox 2198 3007 3767 3082">
     <span class='ocr_line' id='line_1_61' title="bbox 2198 3007 3767 3082; baseline -0.002 -18"><span class='ocrx_word' id='word_1_421' title='bbox 2198 3012 2421 3075; x_wconf 79' lang='grc' dir='ltr'>ἔθνεσιν,</span> <span class='ocrx_word' id='word_1_422' title='bbox 2461 3007 2520 3065; x_wconf 80' lang='grc' dir='ltr'><strong>οῦ</strong></span> <span class='ocrx_word' id='word_1_423' title='bbox 2549 3009 3040 3082; x_wconf 79' lang='grc' dir='ltr'>ῂχμαλωτεύθησαν</span> <span class='ocrx_word' id='word_1_424' title='bbox 3085 3009 3218 3060; x_wconf 78' lang='grc' dir='ltr'>ἐκεῖ.</span> <span class='ocrx_word' id='word_1_425' title='bbox 3256 3027 3274 3058; x_wconf 78' lang='grc' dir='ltr'><strong>ι</strong></span> <span class='ocrx_word' id='word_1_426' title='bbox 3310 3010 3465 3060; x_wconf 84' lang='grc' dir='ltr'>Δοκεῖ</span> <span class='ocrx_word' id='word_1_427' title='bbox 3504 3025 3594 3078; x_wconf 90' lang='grc' dir='ltr'><strong>μοι</strong></span> <span class='ocrx_word' id='word_1_428' title='bbox 3629 3009 3767 3061; x_wconf 82' lang='grc' dir='ltr'>κάν-</span> 
     </span>
    </p>
   </div>
   <div class='ocr_carea' id='block_1_62' title="bbox 2197 3097 3764 3173">
    <p class='ocr_par' dir='ltr' id='par_1_62' title="bbox 2197 3097 3764 3173">
     <span class='ocr_line' id='line_1_62' title="bbox 2197 3097 3764 3173; baseline -0.003 -16"><span class='ocrx_word' id='word_1_429' title='bbox 2197 3103 2370 3168; x_wconf 77' lang='grc' dir='ltr'>ταῦθα</span> <span class='ocrx_word' id='word_1_430' title='bbox 2413 3102 2655 3173; x_wconf 79' lang='grc' dir='ltr'>συνᾴδειν</span> <span class='ocrx_word' id='word_1_431' title='bbox 2695 3103 2808 3163; x_wconf 86' lang='grc' dir='ltr'>τοῖς</span> <span class='ocrx_word' id='word_1_432' title='bbox 2849 3099 2956 3154; x_wconf 76' lang='grc' dir='ltr'><strong>ἀπὸ</strong></span> <span class='ocrx_word' id='word_1_433' title='bbox 2995 3099 3104 3152; x_wconf 88' lang='grc' dir='ltr'><strong>τῶν</strong></span> <span class='ocrx_word' id='word_1_434' title='bbox 3150 3098 3348 3152; x_wconf 82' lang='grc' dir='ltr'>λοιπῶν</span> <span class='ocrx_word' id='word_1_435' title='bbox 3391 3097 3764 3169; x_wconf 83' lang='grc' dir='ltr'>προφητειῶν.</span> 
     </span>
    </p>
   </div>
   <div class='ocr_carea' id='block_1_63' title="bbox 2200 3189 3769 3266">
    <p class='ocr_par' dir='ltr' id='par_1_63' title="bbox 2200 3189 3769 3266">
     <span class='ocr_line' id='line_1_63' title="bbox 2200 3189 3769 3266; baseline -0.003 -20"><span class='ocrx_word' id='word_1_436' title='bbox 2200 3195 2336 3258; x_wconf 83' lang='grc' dir='ltr'>Τοὺς</span> <span class='ocrx_word' id='word_1_437' title='bbox 2362 3194 2468 3266; x_wconf 87' lang='grc' dir='ltr'>γὰρ</span> <span class='ocrx_word' id='word_1_438' title='bbox 2488 3191 2931 3262; x_wconf 79' lang='grc' dir='ltr'>ἀνασωζομένους</span> <span class='ocrx_word' id='word_1_439' title='bbox 2956 3189 3102 3253; x_wconf 89' lang='grc' dir='ltr'>τίνας</span> <span class='ocrx_word' id='word_1_440' title='bbox 3131 3189 3195 3243; x_wconf 80' lang='grc' dir='ltr'>ἂν</span> <span class='ocrx_word' id='word_1_441' title='bbox 3221 3190 3396 3253; x_wconf 73' lang='grc' dir='ltr'>εἴποις</span> <span class='ocrx_word' id='word_1_442' title='bbox 3429 3190 3460 3260; x_wconf 85' lang='grc' dir='ltr'>ἢ</span> <span class='ocrx_word' id='word_1_443' title='bbox 3492 3189 3551 3240; x_wconf 84' lang='grc' dir='ltr'><strong>τὸ</strong></span> <span class='ocrx_word' id='word_1_444' title='bbox 3575 3191 3631 3241; x_wconf 83' lang='grc' dir='ltr'>ὲν</span> <span class='ocrx_word' id='word_1_445' title='bbox 3654 3189 3769 3241; x_wconf 76' lang='grc' dir='ltr'>ἑτέ-</span> 
     </span>
    </p>
   </div>
   <div class='ocr_carea' id='block_1_64' title="bbox 535 3251 2093 3356">
    <p class='ocr_par' dir='ltr' id='par_1_64' title="bbox 535 3278 2093 3350">
     <span class='ocr_line' id='line_1_64' title="bbox 535 3278 2093 3350; baseline 0.002 -17"><span class='ocrx_word' id='word_1_446' title='bbox 535 3279 670 3334; x_wconf 84' lang='lat' dir='ltr'><strong>alios</strong></span> <span class='ocrx_word' id='word_1_447' title='bbox 697 3278 922 3344; x_wconf 78' lang='lat' dir='ltr'><strong>dixeris,</strong></span> <span class='ocrx_word' id='word_1_448' title='bbox 954 3281 1058 3334; x_wconf 91' lang='lat' dir='ltr'><strong>nisi</strong></span> <span class='ocrx_word' id='word_1_449' title='bbox 1087 3279 1234 3350; x_wconf 92' lang='lat' dir='ltr'><strong>quod</strong></span> <span class='ocrx_word' id='word_1_450' title='bbox 1281 3281 1336 3334; x_wconf 92' lang='lat' dir='ltr'><strong>in</strong></span> <span class='ocrx_word' id='word_1_451' title='bbox 1382 3281 1616 3344; x_wconf 69' lang='lat' dir='ltr'><strong>caeteris,</strong></span> <span class='ocrx_word' id='word_1_452' title='bbox 1659 3281 1959 3346; x_wconf 86' lang='lat' dir='ltr'><strong>residuum,</strong></span> <span class='ocrx_word' id='word_1_453' title='bbox 1999 3298 2093 3336; x_wconf 84' lang='lat' dir='ltr'><strong>seu</strong></span> 
     </span>
    </p>
   </div>
   <div class='ocr_carea' id='block_1_65' title="bbox 2196 3251 3768 3356">
    <p class='ocr_par' dir='ltr' id='par_1_65' title="bbox 2203 3251 3768 3356">
     <span class='ocr_line' id='line_1_65' title="bbox 2203 3251 3768 3356; baseline -0.003 -18"><span class='ocrx_word' id='word_1_454' title='bbox 2203 3251 3095 3356; x_wconf 34' lang='lat' dir='ltr'><strong>patgvdivdpaapevo&#39;v&#39;Onolstupa,</strong></span> <span class='ocrx_word' id='word_1_455' title='bbox 3133 3282 3229 3335; x_wconf 79' lang='grc' dir='ltr'><strong>καὶ</strong></span> <span class='ocrx_word' id='word_1_456' title='bbox 3255 3281 3354 3353; x_wconf 84' lang='grc' dir='ltr'>τὴν</span> <span class='ocrx_word' id='word_1_457' title='bbox 3378 3251 3631 3348; x_wconf 19' lang='grc' dir='ltr'>*σταγόνα</span> <span class='ocrx_word' id='word_1_458' title='bbox 3667 3281 3768 3336; x_wconf 77' lang='grc' dir='ltr'>καὶ</span> 
     </span>
    </p>
   </div>
   <div class='ocr_carea' id='block_1_66' title="bbox 536 3371 2098 3443">
    <p class='ocr_par' dir='ltr' id='par_1_66' title="bbox 536 3371 2098 3443">
     <span class='ocr_line' id='line_1_66' title="bbox 536 3371 2098 3443; baseline 0.001 -17"><span class='ocrx_word' id='word_1_459' title='bbox 536 3371 829 3440; x_wconf 87' lang='lat' dir='ltr'><strong>reliquum,</strong></span> <span class='ocrx_word' id='word_1_460' title='bbox 863 3381 916 3427; x_wconf 90' lang='lat' dir='ltr'><strong>et</strong></span> <span class='ocrx_word' id='word_1_461' title='bbox 945 3373 1110 3435; x_wconf 85' lang='lat' dir='ltr'><strong>stilla,</strong></span> <span class='ocrx_word' id='word_1_462' title='bbox 1133 3379 1187 3427; x_wconf 92' lang='lat' dir='ltr'><strong>et</strong></span> <span class='ocrx_word' id='word_1_463' title='bbox 1217 3387 1331 3437; x_wconf 90' lang='lat' dir='ltr'><strong>ros,</strong></span> <span class='ocrx_word' id='word_1_464' title='bbox 1363 3372 1548 3443; x_wconf 78' lang='lat' dir='ltr'><strong>pepuli</strong></span> <span class='ocrx_word' id='word_1_465' title='bbox 1577 3374 1721 3430; x_wconf 90' lang='lat' dir='ltr'><strong>illius</strong></span> <span class='ocrx_word' id='word_1_466' title='bbox 1755 3375 2098 3429; x_wconf 86' lang='lat' dir='ltr'><strong>nominatur?</strong></span> 
     </span>
    </p>
   </div>
   <div class='ocr_carea' id='block_1_67' title="bbox 536 3463 2099 3535">
    <p class='ocr_par' dir='ltr' id='par_1_67' title="bbox 536 3463 2099 3535">
     <span class='ocr_line' id='line_1_67' title="bbox 536 3463 2099 3535; baseline 0.001 -17"><span class='ocrx_word' id='word_1_467' title='bbox 536 3465 735 3534; x_wconf 91' lang='lat' dir='ltr'><strong>quibus</strong></span> <span class='ocrx_word' id='word_1_468' title='bbox 769 3465 954 3535; x_wconf 88' lang='lat' dir='ltr'><strong>utique</strong></span> <span class='ocrx_word' id='word_1_469' title='bbox 986 3463 1544 3526; x_wconf 89' lang='lat' dir='ltr'><strong>denominationihus,</strong></span> <span class='ocrx_word' id='word_1_470' title='bbox 1580 3467 1950 3535; x_wconf 89' lang='lat' dir='ltr'><strong>apostolorum</strong></span> <span class='ocrx_word' id='word_1_471' title='bbox 1980 3465 2099 3519; x_wconf 88' lang='lat' dir='ltr'><strong>Sal-</strong></span> 
     </span>
    </p>
   </div>
   <div class='ocr_carea' id='block_1_68' title="bbox 535 3557 2098 3628">
    <p class='ocr_par' dir='ltr' id='par_1_68' title="bbox 535 3557 2098 3628">
     <span class='ocr_line' id='line_1_68' title="bbox 535 3557 2098 3628; baseline 0 -16"><span class='ocrx_word' id='word_1_472' title='bbox 535 3558 741 3612; x_wconf 84' lang='lat' dir='ltr'><strong>vatoris</strong></span> <span class='ocrx_word' id='word_1_473' title='bbox 771 3557 942 3611; x_wconf 86' lang='lat' dir='ltr'><strong>nostri</strong></span> <span class='ocrx_word' id='word_1_474' title='bbox 965 3565 1270 3611; x_wconf 86' lang='lat' dir='ltr'><strong>conventus</strong></span> <span class='ocrx_word' id='word_1_475' title='bbox 1299 3557 1593 3610; x_wconf 90' lang='lat' dir='ltr'><strong>indicatur.</strong></span> <span class='ocrx_word' id='word_1_476' title='bbox 1623 3557 1689 3610; x_wconf 91' lang='lat' dir='ltr'><strong>Ili</strong></span> <span class='ocrx_word' id='word_1_477' title='bbox 1727 3574 1857 3628; x_wconf 88' lang='lat' dir='ltr'><strong>ergo</strong></span> <span class='ocrx_word' id='word_1_478' title='bbox 1887 3559 2098 3616; x_wconf 87' lang='lat' dir='ltr'><strong>liberati</strong></span> 
     </span>
    </p>
   </div>
   <div class='ocr_carea' id='block_1_69' title="bbox 537 3646 2098 3721">
    <p class='ocr_par' dir='ltr' id='par_1_69' title="bbox 537 3646 2098 3721">
     <span class='ocr_line' id='line_1_69' title="bbox 537 3646 2098 3721; baseline 0.003 -19"><span class='ocrx_word' id='word_1_479' title='bbox 537 3646 608 3702; x_wconf 76' lang='lat' dir='ltr'><strong>ab</strong></span> <span class='ocrx_word' id='word_1_480' title='bbox 645 3647 864 3702; x_wconf 86' lang='lat' dir='ltr'><strong>interitu</strong></span> <span class='ocrx_word' id='word_1_481' title='bbox 902 3649 1169 3703; x_wconf 65' lang='lat' dir='ltr'><strong>universae</strong></span> <span class='ocrx_word' id='word_1_482' title='bbox 1208 3649 1426 3703; x_wconf 91' lang='lat' dir='ltr'><strong>illorum</strong></span> <span class='ocrx_word' id='word_1_483' title='bbox 1468 3649 1708 3705; x_wconf 80' lang='lat' dir='ltr'><strong>nationis</strong></span> <span class='ocrx_word' id='word_1_484' title='bbox 1747 3659 1802 3704; x_wconf 90' lang='lat' dir='ltr'><strong>et</strong></span> <span class='ocrx_word' id='word_1_485' title='bbox 1828 3665 1858 3704; x_wconf 84' lang='lat' dir='ltr'><strong>a</strong></span> <span class='ocrx_word' id='word_1_486' title='bbox 1888 3651 2098 3721; x_wconf 87' lang='lat' dir='ltr'><strong>disper-</strong></span> 
     </span>
    </p>
   </div>
   <div class='ocr_carea' id='block_1_70' title="bbox 538 3737 2096 3804">
    <p class='ocr_par' dir='ltr' id='par_1_70' title="bbox 538 3737 2096 3804">
     <span class='ocr_line' id='line_1_70' title="bbox 538 3737 2096 3804; baseline 0.003 -12"><span class='ocrx_word' id='word_1_487' title='bbox 538 3737 691 3792; x_wconf 80' lang='lat' dir='ltr'><strong>sione</strong></span> <span class='ocrx_word' id='word_1_488' title='bbox 725 3739 959 3804; x_wconf 89' lang='lat' dir='ltr'><strong>illorum,</strong></span> <span class='ocrx_word' id='word_1_489' title='bbox 992 3738 1265 3798; x_wconf 88' lang='lat' dir='ltr'><strong>recordati</strong></span> <span class='ocrx_word' id='word_1_490' title='bbox 1306 3748 1434 3794; x_wconf 90' lang='lat' dir='ltr'><strong>sunt</strong></span> <span class='ocrx_word' id='word_1_491' title='bbox 1469 3738 1584 3801; x_wconf 85' lang='lat' dir='ltr'><strong>Dei,</strong></span> <span class='ocrx_word' id='word_1_492' title='bbox 1619 3748 1677 3794; x_wconf 94' lang='lat' dir='ltr'><strong>ut</strong></span> <span class='ocrx_word' id='word_1_493' title='bbox 1726 3741 1796 3796; x_wconf 91' lang='lat' dir='ltr'><strong>sit</strong></span> <span class='ocrx_word' id='word_1_494' title='bbox 1829 3744 2096 3798; x_wconf 83' lang='lat' dir='ltr'><strong>conliten-</strong></span> 
     </span>
    </p>
   </div>
   <div class='ocr_carea' id='block_1_71' title="bbox 537 3828 1953 3900">
    <p class='ocr_par' dir='ltr' id='par_1_71' title="bbox 537 3828 1953 3900">
     <span class='ocr_line' id='line_1_71' title="bbox 537 3828 1953 3900; baseline 0.002 -17"><span class='ocrx_word' id='word_1_495' title='bbox 537 3828 687 3892; x_wconf 87' lang='lat' dir='ltr'><strong>dum,</strong></span> <span class='ocrx_word' id='word_1_496' title='bbox 729 3843 792 3882; x_wconf 89' lang='lat' dir='ltr'><strong>ea</strong></span> <span class='ocrx_word' id='word_1_497' title='bbox 823 3844 946 3899; x_wconf 72' lang='lat' dir='ltr'><strong>qua:</strong></span> <span class='ocrx_word' id='word_1_498' title='bbox 973 3830 1174 3900; x_wconf 88' lang='lat' dir='ltr'><strong>scripta</strong></span> <span class='ocrx_word' id='word_1_499' title='bbox 1200 3838 1348 3892; x_wconf 87' lang='lat' dir='ltr'><strong>sunt,</strong></span> <span class='ocrx_word' id='word_1_500' title='bbox 1375 3830 1443 3884; x_wconf 92' lang='lat' dir='ltr'><strong>de</strong></span> <span class='ocrx_word' id='word_1_501' title='bbox 1481 3831 1566 3884; x_wconf 91' lang='lat' dir='ltr'><strong>his</strong></span> <span class='ocrx_word' id='word_1_502' title='bbox 1595 3831 1762 3887; x_wconf 81' lang='lat' dir='ltr'><strong>fuisse</strong></span> <span class='ocrx_word' id='word_1_503' title='bbox 1790 3831 1953 3888; x_wconf 88' lang='lat' dir='ltr'><strong>dicta.</strong></span> 
     </span>
    </p>
   </div>
   <div class='ocr_carea' id='block_1_72' title="bbox 1070 3944 1561 4002">
    <p class='ocr_par' dir='ltr' id='par_1_72' title="bbox 1070 3944 1561 4002">
     <span class='ocr_line' id='line_1_72' title="bbox 1070 3944 1561 4002; baseline 0.004 -2"><span class='ocrx_word' id='word_1_504' title='bbox 1070 3944 1225 4000; x_wconf 89' lang='lat' dir='ltr'><strong>LVII.</strong></span> <span class='ocrx_word' id='word_1_505' title='bbox 1267 3947 1345 4000; x_wconf 84' lang='lat' dir='ltr'><strong>Ab</strong></span> <span class='ocrx_word' id='word_1_506' title='bbox 1363 3955 1561 4002; x_wconf 85' lang='lat' dir='ltr'><strong>eodem.</strong></span> 
     </span>
    </p>
   </div>
   <div class='ocr_carea' id='block_1_73' title="bbox 613 4037 2098 4112">
    <p class='ocr_par' dir='ltr' id='par_1_73' title="bbox 613 4037 2098 4112">
     <span class='ocr_line' id='line_1_73' title="bbox 613 4037 2098 4112; baseline 0.006 -23"><span class='ocrx_word' id='word_1_507' title='bbox 613 4055 630 4089; x_wconf 78' lang='grc' dir='ltr'><strong>ι</strong></span> <span class='ocrx_word' id='word_1_508' title='bbox 659 4039 784 4092; x_wconf 69' lang='lat' dir='ltr'><strong>Haec</strong></span> <span class='ocrx_word' id='word_1_509' title='bbox 813 4038 946 4094; x_wconf 90' lang='lat' dir='ltr'><strong>dicit</strong></span> <span class='ocrx_word' id='word_1_510' title='bbox 990 4037 1200 4095; x_wconf 84' lang='lat' dir='ltr'><strong>Adonai</strong></span> <span class='ocrx_word' id='word_1_511' title='bbox 1248 4039 1510 4097; x_wconf 88' lang='lat' dir='ltr'><strong>Dominus</strong></span> <span class='ocrx_word' id='word_1_512' title='bbox 1539 4061 1550 4095; x_wconf 92' lang='lat'><strong>:</strong></span> <span class='ocrx_word' id='word_1_513' title='bbox 1577 4041 1851 4112; x_wconf 66' lang='lat' dir='ltr'><strong>Erpellam</strong></span> <span class='ocrx_word' id='word_1_514' title='bbox 1898 4058 1992 4098; x_wconf 88' lang='lat' dir='ltr'><strong>eos</strong></span> <span class='ocrx_word' id='word_1_515' title='bbox 2029 4043 2098 4098; x_wconf 88' lang='lat' dir='ltr'><strong>ad</strong></span> 
     </span>
    </p>
   </div>
   <div class='ocr_carea' id='block_1_74' title="bbox 536 4129 2098 4201">
    <p class='ocr_par' dir='ltr' id='par_1_74' title="bbox 536 4129 2098 4201">
     <span class='ocr_line' id='line_1_74' title="bbox 536 4129 2098 4201; baseline 0.003 -17"><span class='ocrx_word' id='word_1_516' title='bbox 536 4137 744 4198; x_wconf 85' lang='lat' dir='ltr'><strong>gentes,</strong></span> <span class='ocrx_word' id='word_1_517' title='bbox 779 4137 833 4184; x_wconf 90' lang='lat' dir='ltr'><strong>et</strong></span> <span class='ocrx_word' id='word_1_518' title='bbox 861 4129 1169 4201; x_wconf 88' lang='lat' dir='ltr'><strong>dispergam</strong></span> <span class='ocrx_word' id='word_1_519' title='bbox 1202 4147 1298 4187; x_wconf 89' lang='lat' dir='ltr'><strong>eos</strong></span> <span class='ocrx_word' id='word_1_520' title='bbox 1329 4134 1384 4186; x_wconf 92' lang='lat' dir='ltr'><strong>in</strong></span> <span class='ocrx_word' id='word_1_521' title='bbox 1414 4148 1604 4188; x_wconf 89' lang='lat' dir='ltr'><strong>omnes</strong></span> <span class='ocrx_word' id='word_1_522' title='bbox 1635 4136 1904 4200; x_wconf 82' lang='lat' dir='ltr'><strong>nationes,</strong></span> <span class='ocrx_word' id='word_1_523' title='bbox 1935 4142 1988 4189; x_wconf 89' lang='lat' dir='ltr'><strong>et</strong></span> <span class='ocrx_word' id='word_1_524' title='bbox 2014 4135 2098 4188; x_wconf 80' lang='lat' dir='ltr'><strong>di-</strong></span> 
     </span>
    </p>
   </div>
   <div class='ocr_carea' id='block_1_75' title="bbox 535 4221 2098 4289">
    <p class='ocr_par' dir='ltr' id='par_1_75' title="bbox 535 4221 2098 4289">
     <span class='ocr_line' id='line_1_75' title="bbox 535 4221 2098 4289; baseline 0.004 -16"><span class='ocrx_word' id='word_1_525' title='bbox 535 4235 784 4289; x_wconf 83' lang='lat' dir='ltr'><strong>spergam</strong></span> <span class='ocrx_word' id='word_1_526' title='bbox 817 4236 912 4275; x_wconf 92' lang='lat' dir='ltr'><strong>eos</strong></span> <span class='ocrx_word' id='word_1_527' title='bbox 941 4221 996 4275; x_wconf 93' lang='lat' dir='ltr'><strong>in</strong></span> <span class='ocrx_word' id='word_1_528' title='bbox 1029 4237 1244 4277; x_wconf 88' lang='lat' dir='ltr'><strong>omnem</strong></span> <span class='ocrx_word' id='word_1_529' title='bbox 1279 4231 1477 4277; x_wconf 89' lang='lat' dir='ltr'><strong>terram</strong></span> <span class='ocrx_word' id='word_1_530' title='bbox 1505 4243 1517 4278; x_wconf 91' lang='lat'>:</span> <span class='ocrx_word' id='word_1_531' title='bbox 1545 4231 1599 4278; x_wconf 86' lang='lat' dir='ltr'><strong>et</strong></span> <span class='ocrx_word' id='word_1_532' title='bbox 1625 4239 1719 4278; x_wconf 91' lang='lat' dir='ltr'><strong>ero</strong></span> <span class='ocrx_word' id='word_1_533' title='bbox 1756 4225 1836 4278; x_wconf 93' lang='lat' dir='ltr'><strong>eis</strong></span> <span class='ocrx_word' id='word_1_534' title='bbox 1877 4226 1930 4278; x_wconf 94' lang='lat' dir='ltr'><strong>in</strong></span> <span class='ocrx_word' id='word_1_535' title='bbox 1969 4240 2098 4280; x_wconf 74' lang='lat' dir='ltr'><strong>san-</strong></span> 
     </span>
    </p>
   </div>
   <div class='ocr_carea' id='block_1_76' title="bbox 533 4309 2096 4385">
    <p class='ocr_par' dir='ltr' id='par_1_76' title="bbox 533 4309 2096 4385">
     <span class='ocr_line' id='line_1_76' title="bbox 533 4309 2096 4385; baseline 0.004 -21"><span class='ocrx_word' id='word_1_536' title='bbox 533 4309 917 4366; x_wconf 80' lang='lat' dir='ltr'><strong>ctiﬁcationem</strong></span> <span class='ocrx_word' id='word_1_537' title='bbox 953 4327 1172 4383; x_wconf 87' lang='lat' dir='ltr'><strong>parvam</strong></span> <span class='ocrx_word' id='word_1_538' title='bbox 1209 4316 1264 4370; x_wconf 92' lang='lat' dir='ltr'><strong>in</strong></span> <span class='ocrx_word' id='word_1_539' title='bbox 1288 4315 1625 4384; x_wconf 84' lang='lat' dir='ltr'><strong>regionibus,</strong></span> <span class='ocrx_word' id='word_1_540' title='bbox 1657 4331 1986 4385; x_wconf 90' lang='lat' dir='ltr'><strong>quocunque</strong></span> <span class='ocrx_word' id='word_1_541' title='bbox 2013 4317 2096 4371; x_wconf 90' lang='lat' dir='ltr'><strong>in-</strong></span> 
     </span>
    </p>
   </div>
   <div class='ocr_carea' id='block_1_77' title="bbox 534 4402 2097 4476">
    <p class='ocr_par' dir='ltr' id='par_1_77' title="bbox 534 4402 2097 4476">
     <span class='ocr_line' id='line_1_77' title="bbox 534 4402 2097 4476; baseline 0.006 -22"><span class='ocrx_word' id='word_1_542' title='bbox 534 4403 708 4471; x_wconf 87' lang='lat' dir='ltr'><strong>gressi</strong></span> <span class='ocrx_word' id='word_1_543' title='bbox 745 4402 944 4458; x_wconf 74' lang='lat' dir='ltr'><strong>fuerint</strong></span> <span class='ocrx_word' id='word_1_544' title='bbox 991 4405 1139 4459; x_wconf 92' lang='lat' dir='ltr'><strong>illuc.</strong></span> <span class='ocrx_word' id='word_1_545' title='bbox 1174 4425 1192 4457; x_wconf 76' lang='grc' dir='ltr'><strong>ι</strong></span> <span class='ocrx_word' id='word_1_546' title='bbox 1235 4405 1333 4460; x_wconf 87' lang='lat' dir='ltr'><strong>llic</strong></span> <span class='ocrx_word' id='word_1_547' title='bbox 1359 4421 1576 4476; x_wconf 88' lang='lat' dir='ltr'><strong>quoque</strong></span> <span class='ocrx_word' id='word_1_548' title='bbox 1605 4407 1711 4460; x_wconf 85' lang='lat' dir='ltr'><strong>alio</strong></span> <span class='ocrx_word' id='word_1_549' title='bbox 1740 4407 1960 4462; x_wconf 87' lang='lat' dir='ltr'><strong>nomine</strong></span> <span class='ocrx_word' id='word_1_550' title='bbox 2001 4423 2097 4463; x_wconf 85' lang='lat' dir='ltr'><strong>eos</strong></span> 
     </span>
    </p>
   </div>
   <div class='ocr_carea' id='block_1_78' title="bbox 530 4495 2094 4568">
    <p class='ocr_par' dir='ltr' id='par_1_78' title="bbox 530 4495 2094 4568">
     <span class='ocr_line' id='line_1_78' title="bbox 530 4495 2094 4568; baseline 0.001 -20"><span class='ocrx_word' id='word_1_551' title='bbox 530 4495 766 4558; x_wconf 76' lang='lat' dir='ltr'><strong>vocavit,</strong></span> <span class='ocrx_word' id='word_1_552' title='bbox 798 4495 889 4550; x_wconf 89' lang='lat' dir='ltr'><strong>ubi</strong></span> <span class='ocrx_word' id='word_1_553' title='bbox 921 4497 1404 4552; x_wconf 80' lang='lat' dir='ltr'><strong>sanctiﬁcationem</strong></span> <span class='ocrx_word' id='word_1_554' title='bbox 1434 4513 1654 4567; x_wconf 89' lang='lat' dir='ltr'><strong>parvam</strong></span> <span class='ocrx_word' id='word_1_555' title='bbox 1687 4497 1846 4563; x_wconf 80' lang='lat' dir='ltr'><strong>dixit,</strong></span> <span class='ocrx_word' id='word_1_556' title='bbox 1878 4514 1972 4554; x_wconf 85' lang='lat' dir='ltr'><strong>eos</strong></span> <span class='ocrx_word' id='word_1_557' title='bbox 2001 4497 2094 4568; x_wconf 91' lang='lat' dir='ltr'><strong>qui</strong></span> 
     </span>
    </p>
   </div>
   <div class='ocr_carea' id='block_1_79' title="bbox 2197 3365 3767 3445">
    <p class='ocr_par' dir='ltr' id='par_1_79' title="bbox 2197 3365 3767 3445">
     <span class='ocr_line' id='line_1_79' title="bbox 2197 3365 3767 3445; baseline -0.001 -18"><span class='ocrx_word' id='word_1_558' title='bbox 2197 3375 2383 3445; x_wconf 89' lang='grc' dir='ltr'>δρόσον</span> <span class='ocrx_word' id='word_1_559' title='bbox 2429 3373 2521 3427; x_wconf 88' lang='grc' dir='ltr'><strong>τοῦ</strong></span> <span class='ocrx_word' id='word_1_560' title='bbox 2567 3371 2694 3425; x_wconf 80' lang='grc' dir='ltr'>λαοῦ</span> <span class='ocrx_word' id='word_1_561' title='bbox 2742 3371 2981 3434; x_wconf 76' lang='grc' dir='ltr'>ἐκείνου,</span> <span class='ocrx_word' id='word_1_562' title='bbox 3035 3372 3102 3425; x_wconf 85' lang='grc' dir='ltr'>δι’</span> <span class='ocrx_word' id='word_1_563' title='bbox 3142 3365 3216 3424; x_wconf 81' lang='grc' dir='ltr'>ὧν</span> <span class='ocrx_word' id='word_1_564' title='bbox 3268 3370 3518 3442; x_wconf 77' lang='grc' dir='ltr'>ἐδηλοῦτο</span> <span class='ocrx_word' id='word_1_565' title='bbox 3568 3373 3600 3442; x_wconf 74' lang='grc' dir='ltr'><strong>ἡ</strong></span> <span class='ocrx_word' id='word_1_566' title='bbox 3652 3370 3767 3426; x_wconf 77' lang='grc' dir='ltr'><strong>τῶν</strong></span> 
     </span>
    </p>
   </div>
   <div class='ocr_carea' id='block_1_80' title="bbox 2198 3457 3764 3535">
    <p class='ocr_par' dir='ltr' id='par_1_80' title="bbox 2198 3457 3764 3535">
     <span class='ocr_line' id='line_1_80' title="bbox 2198 3457 3764 3535; baseline -0.003 -16"><span class='ocrx_word' id='word_1_567' title='bbox 2198 3465 2500 3519; x_wconf 79' lang='grc' dir='ltr'>ἀποστόλων</span> <span class='ocrx_word' id='word_1_568' title='bbox 2521 3464 2613 3528; x_wconf 84' lang='grc' dir='ltr'><strong>τοῦ</strong></span> <span class='ocrx_word' id='word_1_569' title='bbox 2637 3465 2786 3534; x_wconf 84' lang='grc' dir='ltr'><strong>Σωτῆ</strong></span> <span class='ocrx_word' id='word_1_570' title='bbox 2797 3481 2884 3535; x_wconf 85' lang='grc' dir='ltr'><strong>ρος</strong></span> <span class='ocrx_word' id='word_1_571' title='bbox 2913 3466 2944 3535; x_wconf 80' lang='grc' dir='ltr'><strong>ἡ</strong></span> <span class='ocrx_word' id='word_1_572' title='bbox 2954 3463 3066 3534; x_wconf 91' lang='grc' dir='ltr'><strong>μῶν</strong></span> <span class='ocrx_word' id='word_1_573' title='bbox 3095 3463 3349 3526; x_wconf 78' lang='grc' dir='ltr'>σύστασις</span> <span class='ocrx_word' id='word_1_574' title='bbox 3375 3481 3390 3529; x_wconf 89' lang='grc'>;</span> <span class='ocrx_word' id='word_1_575' title='bbox 3425 3457 3581 3515; x_wconf 73' lang='grc' dir='ltr'>Οὗτοι</span> <span class='ocrx_word' id='word_1_576' title='bbox 3605 3461 3764 3530; x_wconf 88' lang='grc' dir='ltr'>γοῦν,</span> 
     </span>
    </p>
   </div>
   <div class='ocr_carea' id='block_1_81' title="bbox 2198 3553 3766 3624">
    <p class='ocr_par' dir='ltr' id='par_1_81' title="bbox 2198 3553 3766 3624">
     <span class='ocr_line' id='line_1_81' title="bbox 2198 3553 3766 3624; baseline -0.001 -15"><span class='ocrx_word' id='word_1_577' title='bbox 2198 3555 2557 3619; x_wconf 80' lang='grc' dir='ltr'>ἀνασωθέντες</span> <span class='ocrx_word' id='word_1_578' title='bbox 2606 3557 2669 3609; x_wconf 83' lang='grc' dir='ltr'><strong>ὲκ</strong></span> <span class='ocrx_word' id='word_1_579' title='bbox 2729 3555 2828 3624; x_wconf 78' lang='grc' dir='ltr'>τῆς</span> <span class='ocrx_word' id='word_1_580' title='bbox 2885 3555 3156 3616; x_wconf 81' lang='grc' dir='ltr'>ἀπωλείας</span> <span class='ocrx_word' id='word_1_581' title='bbox 3201 3553 3292 3608; x_wconf 89' lang='grc' dir='ltr'><strong>τοῦ</strong></span> <span class='ocrx_word' id='word_1_582' title='bbox 3341 3555 3538 3618; x_wconf 80' lang='grc' dir='ltr'>παντὸς</span> <span class='ocrx_word' id='word_1_583' title='bbox 3584 3553 3766 3609; x_wconf 76' lang='grc' dir='ltr'>αὐτῶν</span> 
     </span>
    </p>
   </div>
   <div class='ocr_carea' id='block_1_82' title="bbox 2197 3647 3765 3719">
    <p class='ocr_par' dir='ltr' id='par_1_82' title="bbox 2197 3647 3765 3719">
     <span class='ocr_line' id='line_1_82' title="bbox 2197 3647 3765 3719; baseline -0.001 -17"><span class='ocrx_word' id='word_1_584' title='bbox 2197 3649 2397 3714; x_wconf 74' lang='grc' dir='ltr'>ἔθνους,</span> <span class='ocrx_word' id='word_1_585' title='bbox 2434 3650 2526 3702; x_wconf 79' lang='grc' dir='ltr'><strong>καὶ</strong></span> <span class='ocrx_word' id='word_1_586' title='bbox 2557 3651 2613 3702; x_wconf 79' lang='grc' dir='ltr'>ὲν</span> <span class='ocrx_word' id='word_1_587' title='bbox 2649 3648 2726 3719; x_wconf 78' lang='grc' dir='ltr'><strong>τῷ</strong></span> <span class='ocrx_word' id='word_1_588' title='bbox 2775 3647 3190 3719; x_wconf 85' lang='grc' dir='ltr'>διασκορπισμῷ</span> <span class='ocrx_word' id='word_1_589' title='bbox 3237 3648 3436 3712; x_wconf 81' lang='grc' dir='ltr'>αὐτῶν,</span> <span class='ocrx_word' id='word_1_590' title='bbox 3486 3648 3765 3719; x_wconf 83' lang='grc' dir='ltr'>ἐμνήσθη-</span> 
     </span>
    </p>
   </div>
   <div class='ocr_carea' id='block_1_83' title="bbox 2199 3737 3765 3816">
    <p class='ocr_par' dir='ltr' id='par_1_83' title="bbox 2199 3737 3765 3816">
     <span class='ocr_line' id='line_1_83' title="bbox 2199 3737 3765 3816; baseline 0 -24"><span class='ocrx_word' id='word_1_591' title='bbox 2199 3757 2296 3794; x_wconf 84' lang='grc' dir='ltr'><strong>σαν</strong></span> <span class='ocrx_word' id='word_1_592' title='bbox 2328 3739 2418 3793; x_wconf 90' lang='grc' dir='ltr'><strong>τοῦ</strong></span> <span class='ocrx_word' id='word_1_593' title='bbox 2457 3740 2612 3803; x_wconf 84' lang='grc' dir='ltr'>Θεοῦ,</span> <span class='ocrx_word' id='word_1_594' title='bbox 2642 3740 2717 3800; x_wconf 85' lang='grc' dir='ltr'>ὡς</span> <span class='ocrx_word' id='word_1_595' title='bbox 2745 3738 3117 3816; x_wconf 86' lang='grc' dir='ltr'>ὁμολογεῖσθαι</span> <span class='ocrx_word' id='word_1_596' title='bbox 3151 3739 3278 3808; x_wconf 85' lang='grc' dir='ltr'>περὶ</span> <span class='ocrx_word' id='word_1_597' title='bbox 3301 3739 3476 3792; x_wconf 78' lang='grc' dir='ltr'>αὐτῶν</span> <span class='ocrx_word' id='word_1_598' title='bbox 3510 3737 3765 3809; x_wconf 77' lang='grc' dir='ltr'>εἰρῆσθαι</span> 
     </span>
    </p>
   </div>
   <div class='ocr_carea' id='block_1_84' title="bbox 2197 3831 2776 3902">
    <p class='ocr_par' dir='ltr' id='par_1_84' title="bbox 2197 3831 2776 3902">
     <span class='ocr_line' id='line_1_84' title="bbox 2197 3831 2776 3902; baseline 0.007 -18"><span class='ocrx_word' id='word_1_599' title='bbox 2197 3831 2262 3884; x_wconf 71' lang='grc' dir='ltr'>τὰ</span> <span class='ocrx_word' id='word_1_600' title='bbox 2293 3831 2776 3902; x_wconf 80' lang='grc' dir='ltr'>ἀναγεγραμμένα.</span> 
     </span>
    </p>
   </div>
   <div class='ocr_carea' id='block_1_85' title="bbox 2636 3941 3318 3998">
    <p class='ocr_par' dir='ltr' id='par_1_85' title="bbox 2636 3941 3318 3998">
     <span class='ocr_line' id='line_1_85' title="bbox 2636 3941 3318 3998; baseline 0.001 -2"><span class='ocrx_word' id='word_1_601' title='bbox 2636 3945 2758 3996; x_wconf 82' lang='grc' dir='ltr'>ΝΖ’.</span> <span class='ocrx_word' id='word_1_602' title='bbox 2809 3943 2939 3998; x_wconf 81' lang='grc' dir='ltr'><strong>Ἀπὸ</strong></span> <span class='ocrx_word' id='word_1_603' title='bbox 2969 3941 3074 3997; x_wconf 87' lang='grc' dir='ltr'><strong>τοῦ</strong></span> <span class='ocrx_word' id='word_1_604' title='bbox 3111 3944 3318 3998; x_wconf 74' lang='grc' dir='ltr'>αὑτοῦ.</span> 
     </span>
    </p>
   </div>
   <div class='ocr_carea' id='block_1_86' title="bbox 2271 4036 3761 4109">
    <p class='ocr_par' dir='ltr' id='par_1_86' title="bbox 2271 4036 3761 4109">
     <span class='ocr_line' id='line_1_86' title="bbox 2271 4036 3761 4109; baseline 0.001 -21"><span class='ocrx_word' id='word_1_605' title='bbox 2271 4057 2288 4088; x_wconf 77' lang='grc' dir='ltr'><strong>ι</strong></span> <span class='ocrx_word' id='word_1_606' title='bbox 2329 4038 2463 4090; x_wconf 82' lang='grc' dir='ltr'>Τάδε</span> <span class='ocrx_word' id='word_1_607' title='bbox 2491 4036 2637 4105; x_wconf 88' lang='grc' dir='ltr'>λέγει</span> <span class='ocrx_word' id='word_1_608' title='bbox 2684 4037 2902 4091; x_wconf 85' lang='grc' dir='ltr'>Ἀδωναῒ</span> <span class='ocrx_word' id='word_1_609' title='bbox 2933 4036 3151 4109; x_wconf 61' lang='grc' dir='ltr'>Κύριος</span> <span class='ocrx_word' id='word_1_610' title='bbox 3189 4040 3270 4091; x_wconf 87' lang='grc' dir='ltr'>ὃτι</span> <span class='ocrx_word' id='word_1_611' title='bbox 3316 4036 3628 4106; x_wconf 81' lang='grc' dir='ltr'>Ἀπώσομαι</span> <span class='ocrx_word' id='word_1_612' title='bbox 3660 4036 3761 4089; x_wconf 77' lang='grc' dir='ltr'><strong>αὺ-</strong></span> 
     </span>
    </p>
   </div>
   <div class='ocr_carea' id='block_1_87' title="bbox 2195 4128 3763 4200">
    <p class='ocr_par' dir='ltr' id='par_1_87' title="bbox 2195 4128 3763 4200">
     <span class='ocr_line' id='line_1_87' title="bbox 2195 4128 3763 4200; baseline 0.003 -19"><span class='ocrx_word' id='word_1_613' title='bbox 2195 4131 2318 4192; x_wconf 76' lang='grc' dir='ltr'>τοὺς</span> <span class='ocrx_word' id='word_1_614' title='bbox 2347 4131 2424 4192; x_wconf 84' lang='grc' dir='ltr'><strong>είς</strong></span> <span class='ocrx_word' id='word_1_615' title='bbox 2453 4129 2528 4183; x_wconf 85' lang='grc' dir='ltr'><strong>τὰ</strong></span> <span class='ocrx_word' id='word_1_616' title='bbox 2561 4128 2710 4200; x_wconf 79' lang='grc' dir='ltr'>ἔθνη,</span> <span class='ocrx_word' id='word_1_617' title='bbox 2742 4131 2835 4182; x_wconf 70' lang='grc' dir='ltr'><strong>καὶ</strong></span> <span class='ocrx_word' id='word_1_618' title='bbox 2873 4129 3206 4200; x_wconf 83' lang='grc' dir='ltr'>διασκορπιῶ</span> <span class='ocrx_word' id='word_1_619' title='bbox 3238 4130 3433 4191; x_wconf 81' lang='grc' dir='ltr'>αὐτοὺς</span> <span class='ocrx_word' id='word_1_620' title='bbox 3473 4130 3551 4192; x_wconf 85' lang='grc' dir='ltr'><strong>είς</strong></span> <span class='ocrx_word' id='word_1_621' title='bbox 3583 4129 3763 4185; x_wconf 67' lang='grc' dir='ltr'>πάντι</span> 
     </span>
    </p>
   </div>
   <div class='ocr_carea' id='block_1_88' title="bbox 2194 4200 3756 4293">
    <p class='ocr_par' dir='ltr' id='par_1_88' title="bbox 2194 4200 3756 4293">
     <span class='ocr_line' id='line_1_88' title="bbox 2194 4200 3756 4293; baseline -0.002 -19"><span class='ocrx_word' id='word_1_622' title='bbox 2194 4221 2260 4275; x_wconf 74' lang='grc' dir='ltr'>τὰ</span> <span class='ocrx_word' id='word_1_623' title='bbox 2300 4220 2445 4293; x_wconf 74' lang='grc' dir='ltr'>ἔθνη,</span> <span class='ocrx_word' id='word_1_624' title='bbox 2476 4200 2932 4290; x_wconf 54' lang='grc' dir='ltr'>καίδιασκορπιῶ</span> <span class='ocrx_word' id='word_1_625' title='bbox 2961 4223 3156 4284; x_wconf 76' lang='grc' dir='ltr'>αὐτοὺς</span> <span class='ocrx_word' id='word_1_626' title='bbox 3188 4224 3266 4284; x_wconf 82' lang='grc' dir='ltr'><strong>είς</strong></span> <span class='ocrx_word' id='word_1_627' title='bbox 3296 4223 3472 4275; x_wconf 80' lang='grc' dir='ltr'>πᾶσαν</span> <span class='ocrx_word' id='word_1_628' title='bbox 3509 4221 3606 4291; x_wconf 77' lang='grc' dir='ltr'>τὴν</span> <span class='ocrx_word' id='word_1_629' title='bbox 3632 4220 3756 4289; x_wconf 77' lang='grc' dir='ltr'><strong>γῆνο</strong></span> 
     </span>
    </p>
   </div>
   <div class='ocr_carea' id='block_1_89' title="bbox 2196 4311 3756 4386">
    <p class='ocr_par' dir='ltr' id='par_1_89' title="bbox 2196 4311 3756 4386">
     <span class='ocr_line' id='line_1_89' title="bbox 2196 4311 3756 4386; baseline -0.002 -18"><span class='ocrx_word' id='word_1_630' title='bbox 2196 4316 2287 4368; x_wconf 72' lang='grc' dir='ltr'><strong>καὶ</strong></span> <span class='ocrx_word' id='word_1_631' title='bbox 2309 4313 2497 4385; x_wconf 80' lang='grc' dir='ltr'>ἔσομαι</span> <span class='ocrx_word' id='word_1_632' title='bbox 2525 4315 2703 4376; x_wconf 76' lang='grc' dir='ltr'>αὐτοῖς</span> <span class='ocrx_word' id='word_1_633' title='bbox 2723 4317 2801 4378; x_wconf 85' lang='grc' dir='ltr'><strong>είς</strong></span> <span class='ocrx_word' id='word_1_634' title='bbox 2827 4315 3072 4386; x_wconf 84' lang='grc' dir='ltr'>ἀγίασμα</span> <span class='ocrx_word' id='word_1_635' title='bbox 3096 4315 3286 4386; x_wconf 83' lang='grc' dir='ltr'>μικρὸν</span> <span class='ocrx_word' id='word_1_636' title='bbox 3306 4316 3362 4368; x_wconf 83' lang='grc' dir='ltr'>ὲν</span> <span class='ocrx_word' id='word_1_637' title='bbox 3391 4318 3508 4378; x_wconf 83' lang='grc' dir='ltr'>ταῖς</span> <span class='ocrx_word' id='word_1_638' title='bbox 3529 4311 3756 4386; x_wconf 83' lang='grc' dir='ltr'>χώραις,</span> 
     </span>
    </p>
   </div>
   <div class='ocr_carea' id='block_1_90' title="bbox 2194 4400 3751 4477">
    <p class='ocr_par' dir='ltr' id='par_1_90' title="bbox 2194 4400 3751 4477">
     <span class='ocr_line' id='line_1_90' title="bbox 2194 4400 3751 4477; baseline 0 -20"><span class='ocrx_word' id='word_1_639' title='bbox 2194 4400 2252 4458; x_wconf 78' lang='grc' dir='ltr'>οὗ</span> <span class='ocrx_word' id='word_1_640' title='bbox 2286 4404 2350 4458; x_wconf 84' lang='grc' dir='ltr'><strong>ἂν</strong></span> <span class='ocrx_word' id='word_1_641' title='bbox 2395 4404 2708 4459; x_wconf 79' lang='grc' dir='ltr'>εἰσέλθωσιν</span> <span class='ocrx_word' id='word_1_642' title='bbox 2736 4407 2871 4459; x_wconf 72' lang='grc' dir='ltr'>ἐκεῖ.</span> <span class='ocrx_word' id='word_1_643' title='bbox 2903 4426 2921 4458; x_wconf 69' lang='grc' dir='ltr'><strong>ι</strong></span> <span class='ocrx_word' id='word_1_644' title='bbox 2975 4407 3084 4459; x_wconf 75' lang='grc' dir='ltr'><strong>Καὶ</strong></span> <span class='ocrx_word' id='word_1_645' title='bbox 3109 4405 3340 4460; x_wconf 76' lang='grc' dir='ltr'>ἐνταῦθα</span> <span class='ocrx_word' id='word_1_646' title='bbox 3385 4406 3588 4477; x_wconf 83' lang='grc' dir='ltr'>ἑτέρως</span> <span class='ocrx_word' id='word_1_647' title='bbox 3626 4403 3751 4467; x_wconf 81' lang='grc' dir='ltr'>τοὺς</span> 
     </span>
    </p>
   </div>
   <div class='ocr_carea' id='block_1_91' title="bbox 2195 4497 3756 4569">
    <p class='ocr_par' dir='ltr' id='par_1_91' title="bbox 2195 4497 3756 4569">
     <span class='ocr_line' id='line_1_91' title="bbox 2195 4497 3756 4569; baseline 0 -19"><span class='ocrx_word' id='word_1_648' title='bbox 2195 4499 2385 4560; x_wconf 78' lang='grc' dir='ltr'>αὐτοὺς</span> <span class='ocrx_word' id='word_1_649' title='bbox 2414 4498 2700 4568; x_wconf 85' lang='grc' dir='ltr'>κέκληκεν,</span> <span class='ocrx_word' id='word_1_650' title='bbox 2740 4517 2760 4549; x_wconf 72' lang='grc' dir='ltr'><strong>ι</strong></span> <span class='ocrx_word' id='word_1_651' title='bbox 2791 4499 3033 4568; x_wconf 88' lang='grc' dir='ltr'>ἀγίασμα</span> <span class='ocrx_word' id='word_1_652' title='bbox 3070 4499 3262 4569; x_wconf 86' lang='grc' dir='ltr'>μικρὸν</span> <span class='ocrx_word' id='word_1_653' title='bbox 3296 4518 3313 4549; x_wconf 76' lang='grc' dir='ltr'><strong>ι</strong></span> <span class='ocrx_word' id='word_1_654' title='bbox 3349 4497 3517 4551; x_wconf 74' lang='grc' dir='ltr'>εἰπὼν</span> <span class='ocrx_word' id='word_1_655' title='bbox 3537 4499 3662 4560; x_wconf 77' lang='grc' dir='ltr'>τοὺς</span> <span class='ocrx_word' id='word_1_656' title='bbox 3695 4497 3756 4566; x_wconf 77' lang='grc' dir='ltr'><strong>ἐξ</strong></span> 
     </span>
    </p>
   </div>
   <div class='ocr_carea' id='block_1_92' title="bbox 530 4584 2093 4659">
    <p class='ocr_par' dir='ltr' id='par_1_92' title="bbox 530 4584 2084 4656">
     <span class='ocr_line' id='line_1_92' title="bbox 530 4584 2084 4656; baseline 0.001 -17"><span class='ocrx_word' id='word_1_657' title='bbox 530 4598 597 4640; x_wconf 79' lang='lat' dir='ltr'><strong>ex</strong></span> <span class='ocrx_word' id='word_1_658' title='bbox 629 4584 735 4639; x_wconf 93' lang='lat' dir='ltr'><strong>illis</strong></span> <span class='ocrx_word' id='word_1_659' title='bbox 783 4588 1106 4656; x_wconf 84' lang='lat' dir='ltr'><strong>superstites</strong></span> <span class='ocrx_word' id='word_1_660' title='bbox 1135 4590 1376 4644; x_wconf 89' lang='lat' dir='ltr'><strong>mansuri</strong></span> <span class='ocrx_word' id='word_1_661' title='bbox 1409 4591 1520 4645; x_wconf 85' lang='lat' dir='ltr'><strong>sint</strong></span> <span class='ocrx_word' id='word_1_662' title='bbox 1557 4599 1612 4644; x_wconf 90' lang='lat' dir='ltr'><strong>et</strong></span> <span class='ocrx_word' id='word_1_663' title='bbox 1641 4589 1942 4644; x_wconf 87' lang='lat' dir='ltr'><strong>incolumes</strong></span> <span class='ocrx_word' id='word_1_664' title='bbox 1966 4591 2036 4646; x_wconf 85' lang='grc'><strong>⁸⁵.</strong></span> <span class='ocrx_word' id='word_1_665' title='bbox 2065 4608 2084 4641; x_wconf 77' lang='grc' dir='ltr'><strong>ι</strong></span> 
     </span>
    </p>
   </div>
   <div class='ocr_carea' id='block_1_93' title="bbox 2196 4584 3629 4659">
    <p class='ocr_par' dir='ltr' id='par_1_93' title="bbox 2196 4586 3629 4659">
     <span class='ocr_line' id='line_1_93' title="bbox 2196 4586 3629 4659; baseline -0.002 -16"><span class='ocrx_word' id='word_1_666' title='bbox 2196 4586 2370 4643; x_wconf 73' lang='grc' dir='ltr'>αὐτῶν</span> <span class='ocrx_word' id='word_1_667' title='bbox 2396 4587 2909 4659; x_wconf 85' lang='grc' dir='ltr'>ἀνασωθησομένους</span> <span class='ocrx_word' id='word_1_668' title='bbox 2938 4589 3030 4642; x_wconf 88' lang='grc' dir='ltr'><strong>καὶ</strong></span> <span class='ocrx_word' id='word_1_669' title='bbox 3054 4588 3629 4659; x_wconf 77' lang='grc' dir='ltr'>ὑπολειφθησομένους.</span> 
     </span>
    </p>
   </div>
   <div class='ocr_carea' id='block_1_94' title="bbox 1045 4699 1571 4756">
    <p class='ocr_par' dir='ltr' id='par_1_94' title="bbox 1045 4699 1571 4756">
     <span class='ocr_line' id='line_1_94' title="bbox 1045 4699 1571 4756; baseline 0.01 -5"><span class='ocrx_word' id='word_1_670' title='bbox 1045 4699 1223 4754; x_wconf 86' lang='lat' dir='ltr'><strong>LVIII.</strong></span> <span class='ocrx_word' id='word_1_671' title='bbox 1263 4703 1340 4754; x_wconf 83' lang='lat' dir='ltr'><strong>Ab</strong></span> <span class='ocrx_word' id='word_1_672' title='bbox 1372 4703 1571 4756; x_wconf 86' lang='lat' dir='ltr'><strong>eodem.</strong></span> 
     </span>
    </p>
   </div>
   <div class='ocr_carea' id='block_1_95' title="bbox 599 4781 2089 4862">
    <p class='ocr_par' dir='ltr' id='par_1_95' title="bbox 599 4781 2089 4862">
     <span class='ocr_line' id='line_1_95' title="bbox 599 4781 2089 4862; baseline 0.008 -27"><span class='ocrx_word' id='word_1_673' title='bbox 599 4798 621 4835; x_wconf 74' lang='grc' dir='ltr'><strong>Ι</strong></span> <span class='ocrx_word' id='word_1_674' title='bbox 651 4781 716 4835; x_wconf 87' lang='lat' dir='ltr'><strong>Et</strong></span> <span class='ocrx_word' id='word_1_675' title='bbox 763 4798 954 4840; x_wconf 91' lang='lat' dir='ltr'><strong>omnes</strong></span> <span class='ocrx_word' id='word_1_676' title='bbox 1006 4790 1363 4858; x_wconf 86' lang='lat' dir='ltr'><strong>suscipientes</strong></span> <span class='ocrx_word' id='word_1_677' title='bbox 1409 4807 1504 4846; x_wconf 88' lang='lat' dir='ltr'><strong>eos</strong></span> <span class='ocrx_word' id='word_1_678' title='bbox 1531 4791 1640 4861; x_wconf 74' lang='lat'><strong>85</strong></span> <span class='ocrx_word' id='word_1_679' title='bbox 1680 4791 1982 4862; x_wconf 83' lang='lat' dir='ltr'><strong>dispergam</strong></span> <span class='ocrx_word' id='word_1_680' title='bbox 2035 4793 2089 4847; x_wconf 93' lang='lat' dir='ltr'><strong>in</strong></span> 
     </span>
    </p>
   </div>
   <div class='ocr_carea' id='block_1_96' title="bbox 525 4882 2087 4954">
    <p class='ocr_par' dir='ltr' id='par_1_96' title="bbox 525 4882 2087 4954">
     <span class='ocr_line' id='line_1_96' title="bbox 525 4882 2087 4954; baseline 0.004 -21"><span class='ocrx_word' id='word_1_681' title='bbox 525 4892 744 4934; x_wconf 88' lang='lat' dir='ltr'><strong>omnem</strong></span> <span class='ocrx_word' id='word_1_682' title='bbox 781 4886 1038 4934; x_wconf 87' lang='lat' dir='ltr'><strong>ventum:</strong></span> <span class='ocrx_word' id='word_1_683' title='bbox 1067 4891 1120 4936; x_wconf 88' lang='lat' dir='ltr'><strong>et</strong></span> <span class='ocrx_word' id='word_1_684' title='bbox 1159 4882 1394 4952; x_wconf 84' lang='lat' dir='ltr'><strong>gladium</strong></span> <span class='ocrx_word' id='word_1_685' title='bbox 1439 4883 1708 4940; x_wconf 83' lang='lat' dir='ltr'><strong>ell&#39;undam</strong></span> <span class='ocrx_word' id='word_1_686' title='bbox 1740 4899 1770 4936; x_wconf 85' lang='lat' dir='ltr'><strong>a</strong></span> <span class='ocrx_word' id='word_1_687' title='bbox 1805 4895 1954 4954; x_wconf 83' lang='lat' dir='ltr'><strong>tergo</strong></span> <span class='ocrx_word' id='word_1_688' title='bbox 1991 4901 2087 4939; x_wconf 80' lang='lat' dir='ltr'><strong>eo-</strong></span> 
     </span>
    </p>
   </div>
   <div class='ocr_carea' id='block_1_97' title="bbox 527 4973 2087 5044">
    <p class='ocr_par' dir='ltr' id='par_1_97' title="bbox 527 4973 2087 5044">
     <span class='ocr_line' id='line_1_97' title="bbox 527 4973 2087 5044; baseline 0.006 -23"><span class='ocrx_word' id='word_1_689' title='bbox 527 4982 669 5030; x_wconf 91' lang='lat' dir='ltr'><strong>rum,</strong></span> <span class='ocrx_word' id='word_1_690' title='bbox 719 4973 775 5022; x_wconf 93' lang='lat' dir='ltr'><strong>et</strong></span> <span class='ocrx_word' id='word_1_691' title='bbox 816 4979 1149 5038; x_wconf 88' lang='lat' dir='ltr'><strong>cognoscent</strong></span> <span class='ocrx_word' id='word_1_692' title='bbox 1180 4973 1325 5042; x_wconf 90' lang='lat' dir='ltr'><strong>quod</strong></span> <span class='ocrx_word' id='word_1_693' title='bbox 1373 4989 1473 5044; x_wconf 83' lang='lat' dir='ltr'><strong>ego</strong></span> <span class='ocrx_word' id='word_1_694' title='bbox 1507 4973 1788 5037; x_wconf 90' lang='lat' dir='ltr'><strong>Dominus,</strong></span> <span class='ocrx_word' id='word_1_695' title='bbox 1832 4975 1960 5029; x_wconf 90' lang='lat' dir='ltr'><strong>dum</strong></span> <span class='ocrx_word' id='word_1_696' title='bbox 1993 4976 2087 5030; x_wconf 86' lang='lat' dir='ltr'><strong>di-</strong></span> 
     </span>
    </p>
   </div>
   <div class='ocr_carea' id='block_1_98' title="bbox 526 5061 2084 5134">
    <p class='ocr_par' dir='ltr' id='par_1_98' title="bbox 526 5061 2084 5134">
     <span class='ocr_line' id='line_1_98' title="bbox 526 5061 2084 5134; baseline 0.006 -21"><span class='ocrx_word' id='word_1_697' title='bbox 526 5073 775 5130; x_wconf 82' lang='lat' dir='ltr'><strong>spergam</strong></span> <span class='ocrx_word' id='word_1_698' title='bbox 819 5074 915 5115; x_wconf 91' lang='lat' dir='ltr'><strong>eos</strong></span> <span class='ocrx_word' id='word_1_699' title='bbox 956 5061 1100 5116; x_wconf 87' lang='lat' dir='ltr'><strong>inter</strong></span> <span class='ocrx_word' id='word_1_700' title='bbox 1137 5071 1346 5134; x_wconf 89' lang='lat' dir='ltr'><strong>gentes,</strong></span> <span class='ocrx_word' id='word_1_701' title='bbox 1397 5073 1452 5120; x_wconf 88' lang='lat' dir='ltr'><strong>et</strong></span> <span class='ocrx_word' id='word_1_702' title='bbox 1491 5065 1860 5122; x_wconf 88' lang='lat' dir='ltr'><strong>disseminabo</strong></span> <span class='ocrx_word' id='word_1_703' title='bbox 1899 5083 1993 5123; x_wconf 91' lang='lat' dir='ltr'><strong>eos</strong></span> <span class='ocrx_word' id='word_1_704' title='bbox 2029 5069 2084 5122; x_wconf 93' lang='lat' dir='ltr'><strong>in</strong></span> 
     </span>
    </p>
   </div>
   <div class='ocr_carea' id='block_1_99' title="bbox 525 5151 2083 5226">
    <p class='ocr_par' dir='ltr' id='par_1_99' title="bbox 525 5151 2083 5226">
     <span class='ocr_line' id='line_1_99' title="bbox 525 5151 2083 5226; baseline 0.008 -23"><span class='ocrx_word' id='word_1_705' title='bbox 525 5151 844 5221; x_wconf 86' lang='lat' dir='ltr'><strong>regionibus</strong></span> <span class='ocrx_word' id='word_1_706' title='bbox 872 5172 884 5208; x_wconf 92' lang='lat'>:</span> <span class='ocrx_word' id='word_1_707' title='bbox 917 5162 972 5210; x_wconf 89' lang='lat' dir='ltr'><strong>et</strong></span> <span class='ocrx_word' id='word_1_708' title='bbox 1011 5156 1313 5226; x_wconf 86' lang='lat' dir='ltr'><strong>relinquam</strong></span> <span class='ocrx_word' id='word_1_709' title='bbox 1367 5172 1430 5212; x_wconf 83' lang='lat' dir='ltr'><strong>ex</strong></span> <span class='ocrx_word' id='word_1_710' title='bbox 1472 5159 1554 5214; x_wconf 89' lang='lat' dir='ltr'><strong>eis</strong></span> <span class='ocrx_word' id='word_1_711' title='bbox 1585 5160 1736 5215; x_wconf 90' lang='lat' dir='ltr'><strong>viros</strong></span> <span class='ocrx_word' id='word_1_712' title='bbox 1769 5159 1823 5213; x_wconf 94' lang='lat' dir='ltr'><strong>in</strong></span> <span class='ocrx_word' id='word_1_713' title='bbox 1856 5176 2083 5216; x_wconf 90' lang='lat' dir='ltr'><strong>numero</strong></span> 
     </span>
    </p>
   </div>
   <div class='ocr_carea' id='block_1_100' title="bbox 521 5241 2082 5312">
    <p class='ocr_par' dir='ltr' id='par_1_100' title="bbox 521 5241 2082 5312">
     <span class='ocr_line' id='line_1_100' title="bbox 521 5241 2082 5312; baseline 0.01 -19"><span class='ocrx_word' id='word_1_714' title='bbox 521 5255 590 5294; x_wconf 71' lang='lat' dir='ltr'><strong>ex</strong></span> <span class='ocrx_word' id='word_1_715' title='bbox 631 5241 833 5312; x_wconf 77' lang='lat' dir='ltr'><strong>gladio,</strong></span> <span class='ocrx_word' id='word_1_716' title='bbox 874 5254 928 5300; x_wconf 90' lang='lat' dir='ltr'><strong>et</strong></span> <span class='ocrx_word' id='word_1_717' title='bbox 971 5261 1037 5300; x_wconf 83' lang='lat' dir='ltr'><strong>ex</strong></span> <span class='ocrx_word' id='word_1_718' title='bbox 1084 5245 1244 5312; x_wconf 77' lang='lat' dir='ltr'><strong>fame,</strong></span> <span class='ocrx_word' id='word_1_719' title='bbox 1289 5255 1343 5302; x_wconf 91' lang='lat' dir='ltr'><strong>et</strong></span> <span class='ocrx_word' id='word_1_720' title='bbox 1384 5263 1452 5303; x_wconf 80' lang='lat' dir='ltr'><strong>ex</strong></span> <span class='ocrx_word' id='word_1_721' title='bbox 1497 5257 1671 5304; x_wconf 88' lang='lat' dir='ltr'><strong>morte</strong></span> <span class='ocrx_word' id='word_1_722' title='bbox 1699 5269 1713 5302; x_wconf 92' lang='lat'><strong><em>:</em></strong></span> <span class='ocrx_word' id='word_1_723' title='bbox 1741 5259 1796 5305; x_wconf 89' lang='lat' dir='ltr'><strong>ut</strong></span> <span class='ocrx_word' id='word_1_724' title='bbox 1829 5260 2082 5308; x_wconf 84' lang='lat' dir='ltr'><strong>enarrent</strong></span> 
     </span>
    </p>
   </div>
   <div class='ocr_carea' id='block_1_101' title="bbox 522 5333 2083 5414">
    <p class='ocr_par' dir='ltr' id='par_1_101' title="bbox 522 5333 2083 5414">
     <span class='ocr_line' id='line_1_101' title="bbox 522 5333 2083 5414; baseline 0.011 -31"><span class='ocrx_word' id='word_1_725' title='bbox 522 5343 712 5387; x_wconf 88' lang='lat' dir='ltr'><strong>omnes</strong></span> <span class='ocrx_word' id='word_1_726' title='bbox 744 5333 1061 5404; x_wconf 81' lang='lat' dir='ltr'><strong>iniquitates</strong></span> <span class='ocrx_word' id='word_1_727' title='bbox 1095 5352 1224 5394; x_wconf 90' lang='lat' dir='ltr'><strong>suas</strong></span> <span class='ocrx_word' id='word_1_728' title='bbox 1253 5337 1308 5392; x_wconf 91' lang='lat' dir='ltr'><strong>in</strong></span> <span class='ocrx_word' id='word_1_729' title='bbox 1337 5339 1611 5409; x_wconf 89' lang='lat' dir='ltr'><strong>gentibus,</strong></span> <span class='ocrx_word' id='word_1_730' title='bbox 1644 5355 1971 5414; x_wconf 85' lang='lat' dir='ltr'><strong>quocunque</strong></span> <span class='ocrx_word' id='word_1_731' title='bbox 2000 5346 2083 5399; x_wconf 91' lang='lat' dir='ltr'><strong>in-</strong></span> 
     </span>
    </p>
   </div>
   <div class='ocr_carea' id='block_1_102' title="bbox 520 5420 2086 5502">
    <p class='ocr_par' dir='ltr' id='par_1_102' title="bbox 520 5420 2086 5502">
     <span class='ocr_line' id='line_1_102' title="bbox 520 5420 2086 5502; baseline 0.011 -32"><span class='ocrx_word' id='word_1_732' title='bbox 520 5420 696 5489; x_wconf 59' lang='lat' dir='ltr'><strong>gressi</strong></span> <span class='ocrx_word' id='word_1_733' title='bbox 725 5421 928 5478; x_wconf 79' lang='lat' dir='ltr'><strong>fuerint</strong></span> <span class='ocrx_word' id='word_1_734' title='bbox 958 5426 1089 5480; x_wconf 93' lang='lat' dir='ltr'><strong>illuc</strong></span> <span class='ocrx_word' id='word_1_735' title='bbox 1125 5445 1138 5481; x_wconf 92' lang='lat'>:</span> <span class='ocrx_word' id='word_1_736' title='bbox 1169 5436 1222 5484; x_wconf 89' lang='lat' dir='ltr'><strong>et</strong></span> <span class='ocrx_word' id='word_1_737' title='bbox 1249 5437 1577 5500; x_wconf 84' lang='lat' dir='ltr'><strong>cognoscent</strong></span> <span class='ocrx_word' id='word_1_738' title='bbox 1597 5431 1740 5500; x_wconf 89' lang='lat' dir='ltr'><strong>quod</strong></span> <span class='ocrx_word' id='word_1_739' title='bbox 1772 5447 1873 5502; x_wconf 86' lang='lat' dir='ltr'><strong>ego</strong></span> <span class='ocrx_word' id='word_1_740' title='bbox 1902 5432 2086 5488; x_wconf 90' lang='lat' dir='ltr'><strong>Domi-</strong></span> 
     </span>
    </p>
   </div>
   <div class='ocr_carea' id='block_1_103' title="bbox 526 5512 2082 5593">
    <p class='ocr_par' dir='ltr' id='par_1_103' title="bbox 526 5512 2082 5593">
     <span class='ocr_line' id='line_1_103' title="bbox 526 5512 2082 5593; baseline 0.012 -31"><span class='ocrx_word' id='word_1_741' title='bbox 526 5526 630 5564; x_wconf 80' lang='lat' dir='ltr'><strong>nus</strong></span> <span class='ocrx_word' id='word_1_742' title='bbox 658 5512 723 5565; x_wconf 82' lang='lat'><strong>“.</strong></span> <span class='ocrx_word' id='word_1_743' title='bbox 757 5532 776 5566; x_wconf 76' lang='grc' dir='ltr'><strong>ι</strong></span> <span class='ocrx_word' id='word_1_744' title='bbox 827 5514 884 5569; x_wconf 84' lang='grc' dir='ltr'>1η</span> <span class='ocrx_word' id='word_1_745' title='bbox 935 5523 1107 5575; x_wconf 88' lang='lat' dir='ltr'><strong>totius</strong></span> <span class='ocrx_word' id='word_1_746' title='bbox 1142 5521 1322 5592; x_wconf 90' lang='lat' dir='ltr'><strong>populi</strong></span> <span class='ocrx_word' id='word_1_747' title='bbox 1371 5521 1742 5593; x_wconf 89' lang='lat' dir='ltr'><strong>dispersione,</strong></span> <span class='ocrx_word' id='word_1_748' title='bbox 1785 5526 1950 5581; x_wconf 89' lang='lat' dir='ltr'><strong>etiam</strong></span> <span class='ocrx_word' id='word_1_749' title='bbox 1994 5525 2082 5580; x_wconf 89' lang='lat' dir='ltr'><strong>hic</strong></span> 
     </span>
    </p>
   </div>
   <div class='ocr_carea' id='block_1_104' title="bbox 525 5600 2080 5682">
    <p class='ocr_par' dir='ltr' id='par_1_104' title="bbox 525 5600 2080 5682">
     <span class='ocr_line' id='line_1_104' title="bbox 525 5600 2080 5682; baseline 0.009 -27"><span class='ocrx_word' id='word_1_750' title='bbox 525 5600 626 5655; x_wconf 70' lang='lat' dir='ltr'><strong>sibi</strong></span> <span class='ocrx_word' id='word_1_751' title='bbox 665 5601 766 5672; x_wconf 88' lang='lat' dir='ltr'><strong>ipsi</strong></span> <span class='ocrx_word' id='word_1_752' title='bbox 805 5605 1123 5663; x_wconf 91' lang='lat' dir='ltr'><strong>relicturum</strong></span> <span class='ocrx_word' id='word_1_753' title='bbox 1170 5612 1247 5664; x_wconf 89' lang='lat' dir='ltr'><strong>ait</strong></span> <span class='ocrx_word' id='word_1_754' title='bbox 1275 5627 1479 5682; x_wconf 85' lang='lat' dir='ltr'><strong>paucos</strong></span> <span class='ocrx_word' id='word_1_755' title='bbox 1523 5631 1772 5681; x_wconf 87' lang='lat' dir='ltr'><strong>numero,</strong></span> <span class='ocrx_word' id='word_1_756' title='bbox 1806 5631 1912 5668; x_wconf 92' lang='lat' dir='ltr'><strong>non</strong></span> <span class='ocrx_word' id='word_1_757' title='bbox 1945 5615 2080 5669; x_wconf 90' lang='lat' dir='ltr'><strong>alios</strong></span> 
     </span>
    </p>
   </div>
   <div class='ocr_carea' id='block_1_105' title="bbox 523 5695 2003 5778">
    <p class='ocr_par' dir='ltr' id='par_1_105' title="bbox 523 5695 2003 5778">
     <span class='ocr_line' id='line_1_105' title="bbox 523 5695 2003 5778; baseline 0.011 -33"><span class='ocrx_word' id='word_1_758' title='bbox 523 5695 709 5762; x_wconf 76' lang='lat' dir='ltr'><strong>utique</strong></span> <span class='ocrx_word' id='word_1_759' title='bbox 738 5695 1072 5765; x_wconf 80' lang='lat' dir='ltr'><strong>signiﬁcans,</strong></span> <span class='ocrx_word' id='word_1_760' title='bbox 1110 5718 1272 5772; x_wconf 89' lang='lat' dir='ltr'><strong>quam</strong></span> <span class='ocrx_word' id='word_1_761' title='bbox 1310 5721 1426 5769; x_wconf 86' lang='lat' dir='ltr'><strong>eos,</strong></span> <span class='ocrx_word' id='word_1_762' title='bbox 1463 5708 1553 5776; x_wconf 91' lang='lat' dir='ltr'><strong>qui</strong></span> <span class='ocrx_word' id='word_1_763' title='bbox 1581 5709 1821 5778; x_wconf 64' lang='lat' dir='ltr'><strong>praedicti</strong></span> <span class='ocrx_word' id='word_1_764' title='bbox 1856 5715 2003 5764; x_wconf 90' lang='lat' dir='ltr'><strong>sunt.</strong></span> 
     </span>
    </p>
   </div>
   <div class='ocr_carea' id='block_1_106' title="bbox 2632 4701 3309 4754">
    <p class='ocr_par' dir='ltr' id='par_1_106' title="bbox 2632 4701 3309 4754">
     <span class='ocr_line' id='line_1_106' title="bbox 2632 4701 3309 4754; baseline 0.003 -2"><span class='ocrx_word' id='word_1_765' title='bbox 2632 4702 2760 4753; x_wconf 74' lang='lat' dir='ltr'><strong>NH&#39;.</strong></span> <span class='ocrx_word' id='word_1_766' title='bbox 2811 4701 2941 4753; x_wconf 77' lang='grc' dir='ltr'><strong>Ἀπὸ</strong></span> <span class='ocrx_word' id='word_1_767' title='bbox 2970 4701 3076 4754; x_wconf 86' lang='grc' dir='ltr'><strong>τοῦ</strong></span> <span class='ocrx_word' id='word_1_768' title='bbox 3105 4701 3309 4754; x_wconf 82' lang='grc' dir='ltr'>αὐτοῦ.</span> 
     </span>
    </p>
   </div>
   <div class='ocr_carea' id='block_1_107' title="bbox 2267 4791 3752 4862">
    <p class='ocr_par' dir='ltr' id='par_1_107' title="bbox 2267 4791 3752 4862">
     <span class='ocr_line' id='line_1_107' title="bbox 2267 4791 3752 4862; baseline 0.001 -19"><span class='ocrx_word' id='word_1_769' title='bbox 2267 4811 2284 4843; x_wconf 77' lang='grc' dir='ltr'><strong>ι</strong></span> <span class='ocrx_word' id='word_1_770' title='bbox 2325 4791 2435 4845; x_wconf 78' lang='grc' dir='ltr'><strong>Καὶ</strong></span> <span class='ocrx_word' id='word_1_771' title='bbox 2467 4791 2673 4853; x_wconf 74' lang='grc' dir='ltr'>πάντας</span> <span class='ocrx_word' id='word_1_772' title='bbox 2700 4791 2821 4853; x_wconf 72' lang='grc' dir='ltr'>τοὺς</span> <span class='ocrx_word' id='word_1_773' title='bbox 2841 4791 3403 4862; x_wconf 79' lang='grc' dir='ltr'>ἀντιλαμϐανομένους</span> <span class='ocrx_word' id='word_1_774' title='bbox 3436 4791 3612 4845; x_wconf 69' lang='grc' dir='ltr'>αὐτῶν</span> <span class='ocrx_word' id='word_1_775' title='bbox 3634 4791 3752 4846; x_wconf 84' lang='grc' dir='ltr'>δια-</span> 
     </span>
    </p>
   </div>
   <div class='ocr_carea' id='block_1_108' title="bbox 2192 4882 3756 4954">
    <p class='ocr_par' dir='ltr' id='par_1_108' title="bbox 2192 4882 3756 4954">
     <span class='ocr_line' id='line_1_108' title="bbox 2192 4882 3756 4954; baseline 0.001 -20"><span class='ocrx_word' id='word_1_776' title='bbox 2192 4882 2378 4954; x_wconf 85' lang='grc' dir='ltr'>σπερῶ</span> <span class='ocrx_word' id='word_1_777' title='bbox 2406 4883 2484 4945; x_wconf 83' lang='grc' dir='ltr'><strong>είς</strong></span> <span class='ocrx_word' id='word_1_778' title='bbox 2513 4883 2689 4936; x_wconf 84' lang='grc' dir='ltr'>πάντα</span> <span class='ocrx_word' id='word_1_779' title='bbox 2715 4882 2931 4951; x_wconf 77' lang='grc' dir='ltr'>ἄνεμον,</span> <span class='ocrx_word' id='word_1_780' title='bbox 2963 4882 3056 4934; x_wconf 73' lang='grc' dir='ltr'><strong>καὶ</strong></span> <span class='ocrx_word' id='word_1_781' title='bbox 3081 4883 3351 4954; x_wconf 74' lang='grc' dir='ltr'>ῥομφαίαν</span> <span class='ocrx_word' id='word_1_782' title='bbox 3378 4882 3554 4954; x_wconf 78' lang='grc' dir='ltr'>ἐκχεῶ</span> <span class='ocrx_word' id='word_1_783' title='bbox 3582 4883 3756 4937; x_wconf 83' lang='grc' dir='ltr'>ὀπίσω</span> 
     </span>
    </p>
   </div>
   <div class='ocr_carea' id='block_1_109' title="bbox 2191 4973 3755 5046">
    <p class='ocr_par' dir='ltr' id='par_1_109' title="bbox 2191 4973 3755 5046">
     <span class='ocr_line' id='line_1_109' title="bbox 2191 4973 3755 5046; baseline 0.001 -18"><span class='ocrx_word' id='word_1_784' title='bbox 2191 4976 2387 5034; x_wconf 76' lang='grc' dir='ltr'>αὐτῶν,</span> <span class='ocrx_word' id='word_1_785' title='bbox 2412 4977 2506 5028; x_wconf 77' lang='grc' dir='ltr'>καὶ</span> <span class='ocrx_word' id='word_1_786' title='bbox 2525 4973 2931 5044; x_wconf 84' lang='grc' dir='ltr'>ὲπιγνώσονται,</span> <span class='ocrx_word' id='word_1_787' title='bbox 2959 4974 3040 5026; x_wconf 82' lang='grc' dir='ltr'>ὅτι</span> <span class='ocrx_word' id='word_1_788' title='bbox 3061 4974 3171 5041; x_wconf 81' lang='grc' dir='ltr'>ἐγὼ</span> <span class='ocrx_word' id='word_1_789' title='bbox 3197 4973 3416 5045; x_wconf 82' lang='grc' dir='ltr'>Κύριος,</span> <span class='ocrx_word' id='word_1_790' title='bbox 3450 4976 3508 5027; x_wconf 82' lang='grc' dir='ltr'>ἐν</span> <span class='ocrx_word' id='word_1_791' title='bbox 3539 4975 3616 5046; x_wconf 84' lang='grc' dir='ltr'>τῷ</span> <span class='ocrx_word' id='word_1_792' title='bbox 3645 4975 3755 5029; x_wconf 74' lang='grc' dir='ltr'><strong>δια⁸</strong></span> 
     </span>
    </p>
   </div>
   <div class='ocr_carea' id='block_1_110' title="bbox 2194 5062 3755 5136">
    <p class='ocr_par' dir='ltr' id='par_1_110' title="bbox 2194 5062 3755 5136">
     <span class='ocr_line' id='line_1_110' title="bbox 2194 5062 3755 5136; baseline -0.001 -16"><span class='ocrx_word' id='word_1_793' title='bbox 2194 5065 2482 5136; x_wconf 86' lang='grc' dir='ltr'>σκορπίσαι</span> <span class='ocrx_word' id='word_1_794' title='bbox 2516 5083 2582 5136; x_wconf 89' lang='grc' dir='ltr'><strong>με</strong></span> <span class='ocrx_word' id='word_1_795' title='bbox 2607 5067 2663 5117; x_wconf 82' lang='grc' dir='ltr'>ὲν</span> <span class='ocrx_word' id='word_1_796' title='bbox 2695 5067 2800 5128; x_wconf 86' lang='grc' dir='ltr'>τοῖς</span> <span class='ocrx_word' id='word_1_797' title='bbox 2827 5062 3022 5127; x_wconf 79' lang='grc' dir='ltr'>ἔθνεσι,</span> <span class='ocrx_word' id='word_1_798' title='bbox 3055 5065 3146 5116; x_wconf 77' lang='grc' dir='ltr'>καὶ</span> <span class='ocrx_word' id='word_1_799' title='bbox 3171 5063 3445 5136; x_wconf 88' lang='grc' dir='ltr'>διασπερῶ</span> <span class='ocrx_word' id='word_1_800' title='bbox 3475 5066 3670 5128; x_wconf 75' lang='grc' dir='ltr'>αὐτοὺς</span> <span class='ocrx_word' id='word_1_801' title='bbox 3694 5065 3755 5119; x_wconf 78' lang='grc' dir='ltr'>ἐν</span> 
     </span>
    </p>
   </div>
   <div class='ocr_carea' id='block_1_111' title="bbox 2191 5155 3753 5229">
    <p class='ocr_par' dir='ltr' id='par_1_111' title="bbox 2191 5155 3753 5229">
     <span class='ocr_line' id='line_1_111' title="bbox 2191 5155 3753 5229; baseline -0.001 -19"><span class='ocrx_word' id='word_1_802' title='bbox 2191 5161 2308 5221; x_wconf 87' lang='grc' dir='ltr'>ταῖς</span> <span class='ocrx_word' id='word_1_803' title='bbox 2351 5157 2572 5228; x_wconf 67' lang='grc' dir='ltr'>χώραιςο</span> <span class='ocrx_word' id='word_1_804' title='bbox 2615 5158 2708 5211; x_wconf 82' lang='grc' dir='ltr'>καὶ</span> <span class='ocrx_word' id='word_1_805' title='bbox 2736 5155 3090 5226; x_wconf 77' lang='grc' dir='ltr'>ὑπολείψομαι</span> <span class='ocrx_word' id='word_1_806' title='bbox 3138 5155 3198 5220; x_wconf 80' lang='grc' dir='ltr'>ἐξ</span> <span class='ocrx_word' id='word_1_807' title='bbox 3239 5156 3416 5210; x_wconf 79' lang='grc' dir='ltr'>αὐτῶν</span> <span class='ocrx_word' id='word_1_808' title='bbox 3452 5157 3650 5229; x_wconf 77' lang='grc' dir='ltr'>ἄνδρας</span> <span class='ocrx_word' id='word_1_809' title='bbox 3695 5159 3753 5210; x_wconf 88' lang='grc' dir='ltr'>ὲν</span> 
     </span>
    </p>
   </div>
   <div class='ocr_carea' id='block_1_112' title="bbox 2191 5247 3750 5322">
    <p class='ocr_par' dir='ltr' id='par_1_112' title="bbox 2191 5247 3750 5322">
     <span class='ocr_line' id='line_1_112' title="bbox 2191 5247 3750 5322; baseline -0.001 -19"><span class='ocrx_word' id='word_1_810' title='bbox 2191 5249 2408 5322; x_wconf 87' lang='grc' dir='ltr'>ἀριθμῷ</span> <span class='ocrx_word' id='word_1_811' title='bbox 2433 5252 2496 5303; x_wconf 84' lang='grc' dir='ltr'>ὲκ</span> <span class='ocrx_word' id='word_1_812' title='bbox 2526 5249 2814 5321; x_wconf 79' lang='grc' dir='ltr'>ῥομφαίας,</span> <span class='ocrx_word' id='word_1_813' title='bbox 2852 5248 2946 5301; x_wconf 73' lang='grc' dir='ltr'><strong>κα)⁸</strong></span> <span class='ocrx_word' id='word_1_814' title='bbox 2974 5250 3038 5301; x_wconf 84' lang='grc' dir='ltr'>ὲκ</span> <span class='ocrx_word' id='word_1_815' title='bbox 3076 5247 3256 5318; x_wconf 90' lang='grc' dir='ltr'>λιμοῦ,</span> <span class='ocrx_word' id='word_1_816' title='bbox 3285 5248 3377 5302; x_wconf 79' lang='grc' dir='ltr'>καὶ</span> <span class='ocrx_word' id='word_1_817' title='bbox 3403 5249 3466 5302; x_wconf 81' lang='grc' dir='ltr'>ὲκ</span> <span class='ocrx_word' id='word_1_818' title='bbox 3499 5248 3750 5310; x_wconf 80' lang='grc' dir='ltr'>θανάτου,</span> 
     </span>
    </p>
   </div>
   <div class='ocr_carea' id='block_1_113' title="bbox 2190 5338 3752 5411">
    <p class='ocr_par' dir='ltr' id='par_1_113' title="bbox 2190 5338 3752 5411">
     <span class='ocr_line' id='line_1_113' title="bbox 2190 5338 3752 5411; baseline -0.001 -16"><span class='ocrx_word' id='word_1_819' title='bbox 2190 5343 2336 5404; x_wconf 79' lang='grc' dir='ltr'>ὅπως</span> <span class='ocrx_word' id='word_1_820' title='bbox 2373 5341 2799 5411; x_wconf 82' lang='grc' dir='ltr'>ὲκδιηγήσωνται</span> <span class='ocrx_word' id='word_1_821' title='bbox 2837 5340 3014 5404; x_wconf 83' lang='grc' dir='ltr'>πάσας</span> <span class='ocrx_word' id='word_1_822' title='bbox 3055 5338 3154 5401; x_wconf 83' lang='grc' dir='ltr'>τὰς</span> <span class='ocrx_word' id='word_1_823' title='bbox 3198 5338 3426 5410; x_wconf 84' lang='grc' dir='ltr'>ἀνομίας</span> <span class='ocrx_word' id='word_1_824' title='bbox 3475 5340 3654 5394; x_wconf 80' lang='grc' dir='ltr'>αὐτῶν</span> <span class='ocrx_word' id='word_1_825' title='bbox 3691 5343 3752 5393; x_wconf 83' lang='grc' dir='ltr'>ὲν</span> 
     </span>
    </p>
   </div>
   <div class='ocr_carea' id='block_1_114' title="bbox 2189 5426 3752 5502">
    <p class='ocr_par' dir='ltr' id='par_1_114' title="bbox 2189 5426 3752 5502">
     <span class='ocr_line' id='line_1_114' title="bbox 2189 5426 3752 5502; baseline -0.001 -14"><span class='ocrx_word' id='word_1_826' title='bbox 2189 5439 2298 5499; x_wconf 86' lang='grc' dir='ltr'>τοῖς</span> <span class='ocrx_word' id='word_1_827' title='bbox 2331 5434 2558 5496; x_wconf 80' lang='grc' dir='ltr'>ἔθνεσιν,</span> <span class='ocrx_word' id='word_1_828' title='bbox 2607 5426 2668 5487; x_wconf 80' lang='grc' dir='ltr'><strong>οῦ</strong></span> <span class='ocrx_word' id='word_1_829' title='bbox 2714 5433 2782 5488; x_wconf 86' lang='grc' dir='ltr'><strong>ἀν</strong></span> <span class='ocrx_word' id='word_1_830' title='bbox 2820 5431 3131 5486; x_wconf 78' lang='grc' dir='ltr'>εἰσέλθωσιν</span> <span class='ocrx_word' id='word_1_831' title='bbox 3160 5433 3291 5486; x_wconf 82' lang='grc' dir='ltr'>ὲκεῖ’</span> <span class='ocrx_word' id='word_1_832' title='bbox 3335 5434 3426 5487; x_wconf 69' lang='grc' dir='ltr'><strong>καὶ</strong></span> <span class='ocrx_word' id='word_1_833' title='bbox 3455 5432 3752 5502; x_wconf 85' lang='grc' dir='ltr'>γνώσονται</span> 
     </span>
    </p>
   </div>
   <div class='ocr_carea' id='block_1_115' title="bbox 2185 5523 3752 5596">
    <p class='ocr_par' dir='ltr' id='par_1_115' title="bbox 2185 5523 3752 5596">
     <span class='ocr_line' id='line_1_115' title="bbox 2185 5523 3752 5596; baseline 0 -16"><span class='ocrx_word' id='word_1_834' title='bbox 2185 5528 2266 5580; x_wconf 82' lang='grc' dir='ltr'><strong>ότι</strong></span> <span class='ocrx_word' id='word_1_835' title='bbox 2320 5526 2432 5595; x_wconf 81' lang='grc' dir='ltr'><strong>ἐγὼ</strong></span> <span class='ocrx_word' id='word_1_836' title='bbox 2476 5525 2696 5596; x_wconf 81' lang='grc' dir='ltr'>Κύριος.</span> <span class='ocrx_word' id='word_1_837' title='bbox 2741 5545 2759 5576; x_wconf 79' lang='grc' dir='ltr'><strong>ι</strong></span> <span class='ocrx_word' id='word_1_838' title='bbox 2821 5525 2943 5578; x_wconf 77' lang='grc' dir='ltr'><strong>Ἐπὶ</strong></span> <span class='ocrx_word' id='word_1_839' title='bbox 2979 5527 3046 5596; x_wconf 75' lang='grc' dir='ltr'>τῇ</span> <span class='ocrx_word' id='word_1_840' title='bbox 3089 5523 3183 5577; x_wconf 87' lang='grc' dir='ltr'><strong>τοῦ</strong></span> <span class='ocrx_word' id='word_1_841' title='bbox 3225 5525 3422 5588; x_wconf 76' lang='grc' dir='ltr'>παντὸς</span> <span class='ocrx_word' id='word_1_842' title='bbox 3475 5525 3604 5578; x_wconf 87' lang='grc' dir='ltr'>λαοῦ</span> <span class='ocrx_word' id='word_1_843' title='bbox 3636 5526 3752 5580; x_wconf 87' lang='grc' dir='ltr'>δια-</span> 
     </span>
    </p>
   </div>
   <div class='ocr_carea' id='block_1_116' title="bbox 2189 5615 3748 5691">
    <p class='ocr_par' dir='ltr' id='par_1_116' title="bbox 2189 5615 3748 5691">
     <span class='ocr_line' id='line_1_116' title="bbox 2189 5615 3748 5691; baseline -0.001 -21"><span class='ocrx_word' id='word_1_844' title='bbox 2189 5621 2366 5691; x_wconf 81' lang='grc' dir='ltr'>σπορᾷ</span> <span class='ocrx_word' id='word_1_845' title='bbox 2398 5619 2493 5672; x_wconf 76' lang='grc' dir='ltr'><strong>καὶ</strong></span> <span class='ocrx_word' id='word_1_846' title='bbox 2530 5616 2624 5669; x_wconf 91' lang='grc' dir='ltr'><strong>νῦν</strong></span> <span class='ocrx_word' id='word_1_847' title='bbox 2664 5615 3046 5684; x_wconf 74' lang='grc' dir='ltr'>ὑπολείψεσθαι</span> <span class='ocrx_word' id='word_1_848' title='bbox 3080 5616 3257 5686; x_wconf 81' lang='grc' dir='ltr'>ἑαυτῷ</span> <span class='ocrx_word' id='word_1_849' title='bbox 3289 5617 3500 5684; x_wconf 85' lang='grc' dir='ltr'>ὀλίγους</span> <span class='ocrx_word' id='word_1_850' title='bbox 3527 5616 3748 5689; x_wconf 87' lang='grc' dir='ltr'>ἀριθμῷ</span> 
     </span>
    </p>
   </div>
   <div class='ocr_carea' id='block_1_117' title="bbox 2189 5707 3745 5782">
    <p class='ocr_par' dir='ltr' id='par_1_117' title="bbox 2189 5707 3745 5782">
     <span class='ocr_line' id='line_1_117' title="bbox 2189 5707 3745 5782; baseline 0.001 -21"><span class='ocrx_word' id='word_1_851' title='bbox 2189 5726 2372 5780; x_wconf 81' lang='grc' dir='ltr'>φησιν,</span> <span class='ocrx_word' id='word_1_852' title='bbox 2409 5708 2513 5762; x_wconf 78' lang='grc' dir='ltr'>οὐδ’</span> <span class='ocrx_word' id='word_1_853' title='bbox 2536 5708 2600 5780; x_wconf 71' lang='grc' dir='ltr'><strong>[Ῑ.</strong></span> <span class='ocrx_word' id='word_1_854' title='bbox 2622 5707 2744 5779; x_wconf 84' lang='grc' dir='ltr'>οὐκ]</span> <span class='ocrx_word' id='word_1_855' title='bbox 2780 5707 2971 5772; x_wconf 85' lang='grc' dir='ltr'>ἀλλους</span> <span class='ocrx_word' id='word_1_856' title='bbox 2986 5707 3158 5779; x_wconf 80' lang='grc' dir='ltr'>δηλῶν</span> <span class='ocrx_word' id='word_1_857' title='bbox 3179 5708 3284 5764; x_wconf 87' lang='grc' dir='ltr'><strong>τῶν</strong></span> <span class='ocrx_word' id='word_1_858' title='bbox 3313 5708 3745 5782; x_wconf 71' lang='grc' dir='ltr'>προειρημένων.</span> 
     </span>
    </p>
   </div>
   <div class='ocr_carea' id='block_1_118' title="bbox 589 5845 2093 5931">
    <p class='ocr_par' dir='ltr' id='par_1_118' title="bbox 589 5845 2083 5931">
     <span class='ocr_line' id='line_1_118' title="bbox 589 5845 2083 5931; baseline 0.009 -27"><span class='ocrx_word' id='word_1_859' title='bbox 589 5846 633 5880; x_wconf 84' lang='grc'><strong>⁸³</strong></span> <span class='ocrx_word' id='word_1_860' title='bbox 659 5845 763 5916; x_wconf 56' lang='lat' dir='ltr'><strong>(cr.</strong></span> <span class='ocrx_word' id='word_1_861' title='bbox 801 5867 850 5919; x_wconf 86' lang='lat' dir='ltr'><strong>v,</strong></span> <span class='ocrx_word' id='word_1_862' title='bbox 883 5850 1031 5908; x_wconf 87' lang='lat' dir='ltr'><strong>6-I0.</strong></span> <span class='ocrx_word' id='word_1_863' title='bbox 1108 5854 1151 5888; x_wconf 69' lang='grc'><strong>⁸⁸</strong></span> <span class='ocrx_word' id='word_1_864' title='bbox 1182 5852 1373 5914; x_wconf 82' lang='lat' dir='ltr'><strong>Ezech.</strong></span> <span class='ocrx_word' id='word_1_865' title='bbox 1414 5877 1483 5924; x_wconf 78' lang='grc' dir='ltr'><strong>ιἰ,</strong></span> <span class='ocrx_word' id='word_1_866' title='bbox 1517 5859 1627 5918; x_wconf 71' lang='grc' dir='ltr'><strong>7ν9.</strong></span> <span class='ocrx_word' id='word_1_867' title='bbox 1709 5864 1752 5896; x_wconf 84' lang='grc'><strong>⁸⁸</strong></span> <span class='ocrx_word' id='word_1_868' title='bbox 1780 5861 1977 5921; x_wconf 78' lang='lat' dir='ltr'><strong>Ezech.</strong></span> <span class='ocrx_word' id='word_1_869' title='bbox 2010 5879 2083 5931; x_wconf 63' lang='grc' dir='ltr'><strong>λι,</strong></span> 
     </span>
    </p>
   </div>
   <div class='ocr_carea' id='block_1_119' title="bbox 2196 5845 2890 5931">
    <p class='ocr_par' dir='ltr' id='par_1_119' title="bbox 2196 5863 2890 5926">
     <span class='ocr_line' id='line_1_119' title="bbox 2196 5863 2890 5926; baseline 0.006 -10"><span class='ocrx_word' id='word_1_870' title='bbox 2196 5904 2199 5916; x_wconf 86' lang='grc'><strong>.</strong></span> <span class='ocrx_word' id='word_1_871' title='bbox 2277 5867 2320 5897; x_wconf 68' lang='grc' dir='ltr'><strong>δε</strong></span> <span class='ocrx_word' id='word_1_872' title='bbox 2350 5863 2547 5922; x_wconf 76' lang='lat' dir='ltr'><strong>Ezezh.</strong></span> <span class='ocrx_word' id='word_1_873' title='bbox 2574 5877 2672 5926; x_wconf 76' lang='lat' dir='ltr'><strong>xu.</strong></span> <span class='ocrx_word' id='word_1_874' title='bbox 2711 5863 2890 5920; x_wconf 63' lang='lat'><strong>14-16.</strong></span> 
     </span>
    </p>
   </div>
  </div>
