4018 6504
213 416 314 476 161
1151 411 1801 469 ΠΕΜΟΝΒΤΒΑἸῚΟΝΙΞ
1839 412 2300 471 EVANGEUCE
2341 417 2466 474 LIB.
2509 419 2572 477 ll.
3389 425 3486 482 162

683 539 805 591 Nﬁ’.
845 538 974 591 Ἀπὸ
1030 537 1132 590 τοῦ
1167 540 1368 591 αὑτοῦ.
1850 544 1895 600 Α

1850 544 1895 600 Α
2460 541 2594 596 LIX.
2638 541 2717 594 Ab
2766 542 2961 598 eodem.

285 653 304 683 ι
348 633 500 686 Τάδε
537 632 686 700 λέγει
754 631 974 686 Ἀδωνατ
1017 631 1251 702 Κύριος·
1320 631 1444 684 Ἐάν
1483 631 1538 684 δὲ
1583 631 1675 684 καὶ
1720 631 1816 694 τὰς

1993 648 2012 682 ι
2055 630 2179 686 Haec
2237 632 2371 688 dicit
2421 634 2629 690 Adonai
2688 633 2950 692 Dominus
2989 634 3186 703 :Quod
3233 638 3279 691 si
3325 638 3487 694 etiam

259 727 519 796 έσσαρας
574 725 883 794 ἐκδικήσεις
933 739 1034 794 μου
1079 723 1176 785 τὰς
1209 721 1470 795 πονηρὰς,
1517 721 1812 794 ῥομφαίαν,

1917 731 2150 792 quatuor
2167 721 2400 779 ultiones
2417 739 2567 780 meas
2597 725 2788 789 malas,
2821 726 3079 796 gladium,
3110 735 3164 783 et
3197 726 3412 794 famem,
3435 736 3490 784 et

206 818 302 872 καὶ
336 817 533 888 λιμὸν,
599 818 694 870 καὶ
733 817 898 888 θηρία
938 815 1171 886 πονηρὰ,
1212 814 1305 867 καὶ
1341 815 1569 869 θάνατον
1617 814 1793 880 ἑξαποε

1915 812 2120 868 bestias
2152 813 2345 879 malas,
2380 821 2434 869 et
2474 825 2705 870 mortem
2753 817 2989 872 emisero
3037 833 3198 887 super
3231 816 3487 874 Hierusa-

208 909 390 962 στελῶ
446 909 545 962 ἐπὶ
600 907 974 980 Ἰερουσαλὴμ,
1023 906 1118 960 τοῦ
1151 906 1522 978 ὲξολοθρεῦσαι
1561 905 1619 970 ἐξ
1649 905 1795 976 αὐτῆς

1915 905 2044 968 lem,
2079 906 2144 960 ad
2177 907 2508 976 perdendum
2549 924 2613 962 ex
2655 925 2718 964 ea
2746 909 3022 964 hominem
3065 918 3117 965 et
3154 909 3482 979 jumentum,

206 1001 519 1073 ἄνθρωπον
585 1000 680 1053 καὶ
725 1000 941 1069 κτῆνος,
991 1000 1083 1052 καὶ
1120 999 1228 1052 ἰδοὺ
1272 998 1718 1069 ὑπολελειμμένοι
1759 1002 1793 1053 ὲ·

1914 1006 1968 1054 et
1994 1013 2122 1053 ecce
2150 999 2240 1068 qui
2275 999 2445 1054 relicti
2482 997 2684 1054 fuerint
2719 1002 2773 1054 in
2803 1016 2887 1064 ea,
2921 1001 3012 1071 qui
3045 1002 3352 1056 conservati
3382 1001 3427 1034 ’τ
3462 1023 3481 1056 ι

206 1095 376 1164 αὐτῇ,
417 1096 473 1146 οἱ
506 1092 931 1162 άνασεσωμένοι.
978 1109 995 1142 ι
1037 1091 1206 1144 Οὐδὲν
1254 1091 1320 1144 ἂν
1367 1091 1462 1145 καὶ
1501 1089 1674 1144 ταῦτα
1701 1091 1793 1145 διας

1915 1099 1968 1145 et
2005 1099 2220 1146 caetera.
2259 1090 2384 1146 Haec
2413 1107 2630 1162 quoque
2653 1093 2786 1146 nihil
2821 1094 2979 1163 plane
3003 1094 3072 1148 ab
3105 1095 3170 1149 iis
3197 1108 3317 1164 qua:
3351 1109 3487 1164 pra:-

205 1185 367 1256 φέροι
408 1184 528 1236 τῶν
571 1181 1004 1256 προειρημένων.

955 1200 1004 1236 ν.
1915 1183 2061 1237 dicta
2083 1190 2234 1247 sunt,
2265 1183 2541 1238 diﬂ'erunt.

705 1273 781 1328 Ξ’.
825 1275 956 1328 Ἀπὸ
996 1274 1104 1327 τοῦ
1135 1273 1343 1327 αὐτοῦ.

2465 1274 2578 1330 LX.
2625 1274 2700 1328 Ab
2740 1275 2938 1330 eodem.

278 1389 296 1419 ι
333 1368 540 1431 Οὕτως
605 1367 776 1440 κρινῶ
814 1367 980 1436 ὑμᾶς,
1046 1366 1195 1434 λέγει
1239 1365 1461 1437 Κύριος,
1511 1365 1603 1418 καὶ
1651 1363 1815 1429 διάξω

1989 1385 2008 1418 ι
2057 1366 2149 1422 Sic
2179 1366 2438 1436 judicabo
2475 1383 2590 1432 vos,
2623 1368 2758 1422 dicit
2788 1365 3052 1424 Dominus
3099 1387 3112 1424 :
3145 1372 3200 1423 et
3224 1367 3487 1424 deducam

205 1462 352 1533 ὑμᾶς
390 1461 509 1514 ὑπὸ
531 1461 630 1531 τὴν
680 1459 874 1531 ῥάϐδον
911 1477 1036 1530 μου,
1068 1460 1161 1512 καὶ
1210 1458 1408 1525 εἰσάξω
1441 1457 1584 1529 ὑμᾶς
1615 1458 1672 1510 ὲν
1697 1457 1792 1526 ἀριη

1911 1476 2012 1515 vos
2037 1461 2139 1515 sub
2173 1461 2378 1532 virgam
2410 1475 2582 1515 meam
2621 1476 2634 1514 :
2671 1468 2724 1514 et
2757 1461 3019 1515 adducam
3055 1475 3153 1516 vos
3183 1463 3237 1515 in
3263 1477 3491 1520 numem

204 1552 331 1624 θμῷ
386 1553 500 1623 τῆς
543 1553 818 1624 Διαθὴκης
866 1570 990 1624 μου,
1035 1555 1130 1606 καὶ
1179 1552 1380 1618 ἐκλέξω
1412 1552 1471 1616 ἐξ
1509 1551 1660 1623 ὑμῶν
1689 1552 1791 1605 τοῦ.

1916 1553 2250 1607 Testamenti
2285 1553 2388 1606 mei
2439 1571 2453 1608 :
2491 1550 2555 1607 Et
2601 1552 2794 1622 eligam
2850 1567 2918 1607 ex
2965 1552 3118 1608 vobis
3169 1554 3401 1611 rebelles
3433 1564 3491 1612 et

204 1645 609 1714 ἀφεστηκότας
632 1645 724 1697 καὶ
747 1645 871 1706 τοὺς
895 1643 1111 1708 ἀσεϐεῖς
1130 1662 1143 1673 ’
1166 1644 1296 1697 διότι
1320 1646 1382 1696 ὲκ
1397 1644 1498 1714 τῆς
1528 1645 1791 1717 παροικία.

1916 1645 2135 1715 impios,
2167 1645 2426 1715 quoniam
2455 1661 2519 1700 ex
2555 1644 2992 1716 peregrinatione
3022 1661 3211 1701 eorum
3257 1645 3486 1705 educam

208 1739 398 1792 αὐτῶν
450 1739 632 1804 ἐξάξω
683 1739 898 1802 αὐτοὺς,
949 1739 1043 1791 καὶ
1094 1740 1170 1801 εἰς
1201 1738 1296 1810 τὴν
1333 1740 1436 1810 γῆν
1469 1738 1558 1792 τοῦ
1604 1739 1795 1812 Ἰσραηί

1914 1754 2029 1804 eos,
2058 1746 2111 1792 et
2156 1738 2209 1792 in
2257 1745 2456 1794 terram
2500 1737 2666 1794 Israel
2703 1752 2811 1791 non
2859 1738 3233 1808 ingredientur
3269 1738 3335 1796 ⁸⁸.
3375 1759 3395 1792 ι
3427 1737 3488 1797 In

208 1831 307 1883 οῦκ
363 1831 798 1884 εἰσελεύσονται.
839 1851 855 1880 ι
905 1830 1096 1899 Σαφῶς
1134 1831 1228 1883 καὶ
1257 1832 1314 1883 ὲν
1347 1831 1557 1896 τούτοις
1598 1831 1795 1903 άριθμιξ

1915 1830 1999 1884 his
2031 1845 2248 1900 quoque
2276 1829 2580 1900 perspicue,
2634 1830 2860 1900 exiguos
2889 1840 3116 1885 numero
3150 1831 3252 1886 sub
3284 1831 3488 1903 virgam

211 1923 445 1994 βραχεῖς
475 1922 585 1975 ὑπὸ
602 1923 698 1993 τὴν
734 1922 926 1993 ῥάϐδον
957 1921 1046 1976 τοῦ
1078 1923 1210 1976 Θεοῦ
1245 1924 1694 1994 γενήσεσθαι,ὲπ“ι
1737 1923 1798 1994 τις

1920 1919 2011 1977 Dei
2039 1933 2297 1978 venturos
2333 1921 2580 1986 allirmat,
2608 1921 2738 1976 dum
2775 1922 2969 1992 reliqui
3000 1938 3063 1976 ex
3098 1919 3262 1978 Israel
3297 1938 3326 1977 a
3359 1937 3488 1994 pro-

209 2019 335 2079 τοὺς
398 2016 632 2078 λοιποὺς
665 2015 758 2068 τοῦ
807 2015 1020 2087 Ἰσραὴλ
1050 2015 1445 2070 άποπεσεῖσθαι
1487 2017 1596 2070 τῶν
1641 2018 1796 2085 ἑπαγ-

1915 2015 2098 2070 missis
2129 2015 2344 2072 cadent.
2377 2015 2444 2069 At
2474 2015 2621 2070 enim
2652 2030 2776 2069 cum
2806 2015 3240 2071 demonstratum
3266 2031 3294 2070 a
3330 2019 3489 2072 nobis

209 2106 435 2174 γελιῶν,
504 2105 864 2180 μαρτύρεται.
913 2105 1070 2158 Ἀλλὰ
1126 2105 1230 2178 γάρ
1279 2105 1692 2170 ἁποδείξας,ὅτι
1735 2107 1796 2178 μί

1913 2109 1984 2164 sit
2011 2123 2119 2163 non
2150 2107 2396 2173 fortuito,
2427 2123 2604 2178 neque
2654 2106 2948 2162 indiscrete
3001 2109 3255 2164 omnibus
3283 2109 3489 2179 simpli-

210 2200 281 2262 ὡς
326 2199 532 2268 ἔτυχεν
587 2198 915 2270 ἁδιακρίτως
983 2200 1147 2251 πᾶσιν
1191 2197 1375 2261 ἁπλῶς
1420 2200 1531 2263 τοῖς
1568 2199 1677 2252 ἀπὸ
1717 2199 1797 2252 τοῐ

1912 2197 2048 2252 citer
2078 2196 2318 2253 Judaica:
2347 2198 2525 2268 gentis
2554 2213 2679 2252 cum
2712 2197 2922 2253 vitiosis
2953 2207 3116 2268 atque
3143 2197 3346 2267 impiis,
3375 2207 3487 2252 tum

223 2290 506 2344 Ἰουδαίων
535 2290 722 2354 ἔθνους
755 2289 978 2359 φαύλοις
1006 2307 1061 2342 τε
1095 2289 1188 2342 καὶ
1212 2289 1452 2351 ἀσεϐέσι,
1488 2289 1584 2342 κοιλ⁵
1607 2291 1718 2352 τοῖς
1737 2289 1810 2361 μὴ

1912 2290 2074 2344 etiam
2128 2290 2198 2345 iis
2254 2289 2347 2360 qui
2386 2291 2524 2346 tales
2572 2306 2680 2344 non
2716 2289 2848 2353 sint,
2880 2293 3104 2346 oracula
3131 2291 3334 2355 divina,
3368 2291 3490 2347 illas

209 2382 484 2446 τοιούτοις
517 2382 618 2446 τὰς
644 2382 751 2435 τῶν
802 2380 1022 2451 άγαθῶν
1057 2382 1386 2449 ἐπαγγελίας
1419 2381 1468 2434 οἱ
1502 2380 1633 2433 θεῖοι
1666 2381 1796 2449 λόγοι

1911 2379 2176 2435 bonorum
2207 2380 2598 2450 promissiones
2629 2381 2918 2443 cecinisse,
2956 2382 3049 2436 sed
3079 2383 3270 2452 paucis
3298 2397 3488 2438 eorum

212 2475 644 2548 προεθέσπιζον,
665 2475 906 2538 σπανίοις
936 2473 990 2526 δὲ
1013 2473 1194 2526 αὐτῶν
1212 2475 1305 2526 καὶ
1330 2471 1546 2544 ἀριθμῷ
1566 2473 1799 2543 ληπτοῖς,

1912 2471 2175 2525 duntaxat
2207 2479 2261 2527 et
2303 2473 2463 2528 facile
2492 2474 2943 2538 numerabilibus,
2977 2473 3045 2529 iis
3077 2473 3348 2538 videlicet,
3394 2473 3488 2544 qui

211 2572 327 2642 ἢτοι
356 2573 478 2634 τοῖς
501 2570 583 2633 εἰς
606 2569 696 2622 τὸν
726 2567 954 2640 Σωτῆρα
993 2570 1086 2622 καὶ
1127 2566 1330 2639 Κύριον
1365 2566 1520 2638 ἡμῶν
1544 2568 1603 2632 ἐξ
1635 2566 1798 2620 αὑτῶι

1913 2563 1967 2617 in
2001 2563 2342 2619 Salvatorem
2391 2573 2445 2619 et
2496 2562 2787 2618 Dominum
2837 2573 3083 2620 nostrum
3137 2565 3488 2629 crediderint,

212 2663 672 2726 πεπιστευκόσιν,
709 2662 742 2733 ἢ
798 2665 908 2726 τοῖς
941 2664 1043 2733 πρὸ
1072 2663 1168 2733 τῆς
1207 2661 1506 2733 παρουσίας
1536 2660 1702 2714 αὐτοῦ
1734 2661 1799 2714 δε·

1912 2663 2007 2711 aut
2055 2657 2124 2712 iis
2162 2656 2256 2727 qui
2303 2667 2428 2713 ante
2474 2657 2594 2728 ejus
2629 2658 2920 2715 adventum
2961 2659 3095 2729 justi
3125 2661 3305 2717 effecti
3356 2661 3487 2719 sint.

212 2758 628 2829 δικαιωμένοις,
683 2757 969 2828 αὐτάρκως
1020 2755 1256 2827 ἡγοῦμαι
1302 2755 1688 2826 δεδηλωκέναι,
1729 2755 1799 2809 ὅτι

1912 2749 2141 2806 Abunde
2192 2765 2293 2804 nos
2345 2749 2583 2806 arbitror
2632 2751 2964 2820 declarasse,
3022 2753 3486 2824 quemadmodum

218 2850 290 2920 μὴ
315 2850 662 2923 ἀδιακρίτως
707 2851 784 2913 είς
819 2848 1062 2912 ἅπαντας
1107 2848 1395 2912 Ἰουδαίους
1417 2847 1484 2901 τὰ
1521 2847 1629 2901 τῶν
1653 2848 1805 2902 θείων

1910 2857 1975 2897 ea
2019 2858 2142 2913 quae
2188 2843 2254 2896 ad
2285 2843 2560 2913 promissa
2592 2842 2777 2897 divina
2812 2845 3108 2916 pertinent,
3141 2861 3250 2902 non
3276 2847 3490 2903 indiffe-

215 2942 571 3012 ἐπαγγελιῶν
642 2941 962 3012 ἐπληροῦτο,
999 2942 1094 2994 καὶ
1144 2941 1226 2993 ὅτι
1264 2941 1338 3012 μὴ
1368 2939 1566 3010 μᾶλλον
1605 2941 1802 3006 αὐτοῖς,

1911 2942 2094 2990 renter
2109 2935 2164 2989 in
2177 2935 2431 2990 omnibus
2445 2933 2667 3000 Judzeis,
2689 2934 2847 2991 finem
2881 2938 3218 3008 acceperint:
3237 2946 3290 2994 et
3308 2953 3490 3011 quem-

217 3035 246 3106 ἢ
282 3040 399 3099 τοῖς
423 3035 482 3102 ἐξ
511 3035 683 3088 ἐθνῶν
702 3035 791 3088 τὸν
813 3035 1045 3106 Χριστὸν
1071 3033 1164 3086 τοῦ
1189 3033 1323 3086 θεοῦ
1349 3032 1804 3105 παραδεξαμένοις

1911 3025 2205 3080 admodum
2237 3041 2346 3081 non
2390 3026 2527 3098 ipsis
2575 3028 2768 3096 magis,
2801 3043 2963 3097 quam
3016 3028 3082 3082 iis
3126 3028 3218 3100 qui
3247 3028 3316 3084 de
3359 3043 3490 3100 gen-

213 3129 277 3180 τὰ
305 3129 421 3182 τῶν
449 3128 752 3200 προφητῶν
773 3128 1104 3199 ὲφαρμόττει
1132 3127 1307 3196 λόγια.
1342 3123 1435 3192 Τίς
1463 3127 1520 3180 δὲ
1551 3123 1619 3198 ἦν
1648 3127 1800 3198 ἡτῶν

1912 3118 2059 3174 tibus
2089 3127 2465 3185 assumuntur,
2503 3119 2594 3173 ubi
2634 3117 2915 3175 Christum
2964 3119 3055 3176 Dei
3106 3132 3486 3194 susceperunt,

217 3217 374 3274 θείων
415 3220 766 3289 ἐπαγγελιῶν
801 3219 1026 3282 διάνοια,
1061 3218 1204 3273 κατὰ
1241 3218 1433 3291 καιρὸν
1497 3219 1589 3275 τὸν
1635 3236 1804 3292 προσ-

1913 3212 2300 3283 prophetarum
2341 3227 2604 3284 responsa
2652 3213 2998 3268 conveniant.
3035 3214 3208 3268 Porro
3237 3229 3485 3285 quaenam

221 3315 426 3382 ήκοντα
478 3315 838 3386 παραστήσω.
897 3311 1081 3364 Ταῦτα
1111 3312 1166 3364 δὲ
1223 3311 1298 3376 ὡς
1358 3311 1669 3381 ἀναγκαίως
1719 3330 1808 3383 μοι

1915 3304 2079 3358 fuerit
2107 3303 2416 3359 divinorum
2460 3307 2852 3376 promissorum
2905 3306 3017 3377 86
3070 3307 3362 3371 sententia,
3396 3307 3489 3362 ubi

220 3407 565 3459 συνείλεκται
596 3408 674 3470 εἰς
714 3405 933 3476 ἔλεγχον
977 3404 1172 3458 τῶνὲκ
1209 3403 1532 3474 περιτομῆς,
1561 3404 1651 3456 ὑπ’
1689 3404 1807 3457 άλό-

1915 3405 2132 3468 tempus
2175 3397 2278 3452 erit
2301 3397 2609 3453 ostendam.
2630 3397 2755 3454 Haec
2773 3406 2953 3452 autem
2977 3411 3145 3467 prape
3175 3399 3489 3454 necessario

219 3516 311 3569 γου
346 3493 730 3571 μεγαλαυχίας
792 3499 971 3569 μόνοις
1016 3497 1199 3560 αὐτοῖς
1233 3496 1322 3549 τὸν
1351 3496 1580 3568 Χριστὸν
1626 3497 1806 3567 ἐπιδη-

1912 3501 1944 3542 a
1967 3501 2052 3542 me
2070 3487 2294 3543 collecta
2321 3495 2541 3555 sunt,ut
2558 3489 2879 3560 redarguam
2909 3503 3004 3544 eos
3033 3489 3125 3558 qui
3159 3486 3226 3541 ad
3255 3486 3490 3542 circum-

223 3596 436 3663 μήσειν,
475 3592 597 3661 οὐχὶ
615 3590 670 3642 δὲ
697 3591 791 3644 καὶ
837 3593 1001 3644 πᾶσιν
1046 3587 1351 3661 ἀνθρώποις
1383 3587 1809 3660 ὲπαυθσδιζομέ-

1913 3576 2176 3632 cisionem
2218 3577 2510 3647 pertinent,
2542 3579 2776 3648 quadam
2810 3576 2959 3630 inani
2997 3576 3261 3646 jactantia
3290 3577 3485 3641 elatos,

221 3703 342 3748 νων,
377 3684 461 3746 είς
491 3700 552 3735 τε
579 3682 853 3749 ἀπόδειξιν
891 3677 990 3752 τῆς
1023 3681 1179 3752 ἡμῶν
1205 3680 1383 3734 αὐτῶν
1416 3678 1543 3750 περὶ
1571 3679 1640 3734 τά
1669 3681 1808 3734 ὲκεί-

1911 3677 1965 3725 et
1999 3669 2066 3724 ad
2116 3685 2175 3725 se
2217 3671 2364 3740 solos
2392 3669 2696 3734 Christum,
2741 3683 2851 3724 non
2883 3668 2949 3724 ad
2996 3683 3188 3724 omnes
3236 3666 3487 3724 homines

222 3793 322 3828 νων
354 3776 520 3844 λόγια
575 3775 798 3842 εὐλόγου
834 3774 1086 3843 σπουδῆς.
1122 3774 1355 3846 Συνέστη
1384 3775 1438 3827 δέ
1469 3793 1558 3846 μοι
1597 3773 1683 3828 διὰ
1714 3772 1807 3827 τοῦ

1911 3770 2200 3817 venturum
2227 3762 2578 3833 pertinaciter
2603 3763 2922 3834 gloriantes,
2956 3775 3056 3816 nec
3086 3775 3195 3815 non
3229 3766 3288 3814 ut
3307 3766 3467 3816 osten

222 3869 327 3940 πρὸ
351 3869 551 3921 τούτου
578 3867 1006 3938 συγγράμματος
1036 3867 1127 3919 καὶ
1161 3866 1220 3919 τὺ
1251 3867 1421 3919 αἴτιον
1441 3867 1534 3927 τοῦ
1564 3867 1638 3939 μὴ
1683 3868 1809 3920 Ἰουυ

1910 3855 2034 3910 dam
2085 3871 2278 3928 magna
2325 3871 2449 3910 eum
2493 3855 2706 3910 ratione
2754 3869 2877 3911 esse
2912 3853 3154 3910 studium
3210 3859 3462 3908 nostrum

222 3961 421 4026 δαῖζειν
456 3963 632 4031 ἡμᾶς,
667 3961 762 4012 καὶ
805 3959 972 4012 ταῦτα
995 3963 1114 4024 ταῖς
1146 3959 1324 4013 αὐτῶν
1361 3959 1648 4030 χαίροντας
1681 3975 1809 4030 προ-

1909 3964 2034 4002 cum
2068 3948 2235 4002 libros
2270 3947 2488 4001 illorum
2518 3957 2572 4003 et
2609 3946 2826 4001 oracula
2856 3945 3124 4001 versando
3165 3952 3484 4016 tractamus.

223 4056 478 4125 φητικαῖς
516 4053 554 4105 Γ
560 4055 780 4123 ραφαῖς.
837 4052 994 4104 Ἀλλά
1052 4053 1144 4106 καὶ
1164 4053 1345 4114 ὁποῖος
1394 4055 1420 4106 ὁ
1449 4052 1561 4122 βίος
1608 4051 1810 4122 τυγχάι

1909 4039 2221 4096 Constituta
2259 4049 2343 4094 est
2383 4055 2415 4094 a
2447 4053 2532 4093 me
2578 4038 2717 4093 libro
2759 4037 3042 4107 superiore
3081 4051 3266 4102 causa,
3299 4049 3399 4089 cur
3428 4035 3484 4090 in

221 4162 314 4207 νει,
350 4147 380 4197 ὸ
405 4144 498 4197 διὰ
530 4143 626 4195 τοῦ
673 4142 908 4214 Χριστοῦ
947 4144 1082 4196 πᾶσι
1110 4146 1222 4206 τοῖς
1254 4142 1430 4196 ἔθνεσι
1460 4141 1808 4214 κεκηρυγμέ-

1910 4148 2120 4188 morem
2157 4131 2444 4186 Judaieum
2475 4145 2583 4185 non
2629 4129 2948 4194 recidimus,
2994 4128 3210 4184 tametsi
3244 4125 3483 4199 prophe

222 4255 326 4301 νος,
356 4237 392 4306 ἦ
423 4254 485 4289 τε
554 4235 850 4306 ἀρχαιότης
896 4234 990 4287 τοῦ
1049 4235 1250 4306 τρόπου
1301 4237 1398 4305 τῆς
1448 4235 1807 4305 εύαγγελικῆς

1909 4225 2044 4314 ticis
2094 4225 2308 4279 illorum
2361 4223 2580 4294 scriptis
2630 4223 2950 4293 gaudemus,
2979 4235 3080 4275 nec
3108 4220 3234 4273 item
3277 4219 3481 4284 minus,

221 4329 521 4392 πολιτείας,
557 4326 634 4391 ὡς
687 4322 800 4380 οἷόν
840 4344 898 4380 τε
929 4323 1015 4398 ἦν,
1048 4328 1105 4380 ὲν
1143 4328 1289 4398 αὐτῷ
1324 4327 1628 4398 διελήλυθα.
1674 4327 1808 4380 Τού-

1909 4309 2216 4386 cujusmodi
2255 4330 2319 4371 ea
2359 4315 2428 4370 sit
2457 4315 2588 4378 vita,
2627 4329 2748 4384 quae
2786 4311 3005 4368 Christo
3031 4322 3276 4378 auctore,
3305 4309 3484 4364 omni-

220 4441 324 4476 των
355 4424 401 4475 δ’
431 4425 569 4493 ἡμῖν
599 4421 1010 4492 προηνυμένων,
1042 4421 1141 4491 ἤδη
1179 4412 1304 4474 ποτε
1344 4420 1533 4492 καιρὸς
1565 4421 1807 4491 ἀπορρη-

1911 4409 2012 4462 bus
2054 4406 2305 4477 gentibus
2340 4405 2588 4460 nuntiata
2633 4403 3034 4474 prmdicataque
3080 4399 3172 4463 sit,
3209 4410 3484 4468 quamque

220 4516 455 4586 τοτέρων
483 4513 722 4582 ἅψασθαι
748 4513 940 4580 λόγων,
969 4511 1078 4564 τῶν
1108 4529 1173 4563 πε
1184 4512 1234 4582 pl.
1261 4511 1360 4581 τῆς
1387 4509 1526 4563 κατὰ
1561 4511 1652 4563 τὸν
1688 4511 1804 4562 Σω-

1910 4500 2131 4570 antiqua
2178 4499 2250 4554 sit
2283 4498 2608 4568 evangelicae
2647 4495 2956 4567 reipublica:
2989 4493 3148 4556 ratio,
3201 4491 3258 4546 in
3287 4489 3482 4544 eodem

219 4609 360 4680 τῆρα
393 4608 491 4661 καὶ
518 4605 722 4676 Κύριον
753 4604 908 4676 ἡμῶν
943 4603 1150 4676 Ἰησοῦν
1178 4604 1266 4656 τὸν
1290 4604 1523 4674 Χριστὸν
1544 4601 1637 4656 τοῦ
1667 4601 1802 4656 Θεοῦ

1907 4592 2192 4663 explanavi
2239 4605 2338 4662 pro
2383 4590 2619 4646 viribus.
2669 4589 3009 4658 Quapropter
3058 4584 3152 4656 qui
3206 4583 3322 4638 haec
3381 4582 3481 4636 ali-

224 4687 497 4770 μυστικῆς
518 4695 848 4766 οἰκονομίας,
884 4696 978 4750 καὶ
1002 4696 1076 4759 ὡς
1102 4693 1165 4748 ἂν
1195 4693 1458 4765 μάθοιμεν
1485 4692 1574 4747 διὰ
1603 4691 1655 4746 τί
1683 4691 1797 4756 νῦν,

1907 4687 2128 4758 quando
2166 4685 2384 4740 tandem
2425 4683 2782 4746 absolvimus,
2813 4680 2925 4751 jam
2964 4694 3112 4735 nunc
3147 4688 3362 4748 tempus
3394 4689 3484 4729 ar-

219 4789 329 4843 ἀλλ’
351 4790 412 4841 ού
462 4789 570 4859 πρὸ
601 4789 808 4854 τούτου,
839 4788 936 4860 τὴν
965 4789 1043 4852 είς
1067 4787 1648 4859 ἅπανταςάνθρώπους
1679 4789 1800 4840 ἑπι-

1907 4781 2176 4836 bitramur
2215 4792 2361 4843 esse,
2397 4783 2458 4831 ut
2500 4775 2568 4830 de
2605 4773 2818 4830 occulta
2863 4781 2918 4828 et
2964 4771 3194 4864 mystica
3247 4769 3479 4833 ratione,

223 4885 448 4952 φάνειαν
489 4883 654 4936 αὑτοῦ
682 4881 966 4953 πεποίητο,
997 4883 1089 4936 καὶ
1119 4883 1169 4935 τί
1206 4883 1266 4936 τὸ
1299 4883 1467 4935 αῐτιον
1488 4877 1556 4953 ἦν
1590 4881 1684 4934 τοῦ
1724 4882 1798 4952 μὴ

1906 4890 2028 4945 qua:
2083 4873 2152 4928 ad
2204 4872 2542 4928 Salvatorem
2587 4876 2642 4924 et
2684 4866 2974 4922 Dominum
3014 4860 3264 4920 nostrum
3293 4860 3481 4917 Jesum

222 4978 384 5030 πάλαι
444 4977 729 5047 πρότερον,
781 4975 1008 5046 ἔναγχος
1040 4975 1094 5028 δὲ
1139 4975 1231 5028 καὶ
1280 4973 1417 5044 μετὰ
1457 4974 1548 5027 τὸν
1593 4973 1802 5044 μακρὸν

1903 4969 2207 5033 Christum,
2231 4966 2322 5037 qui
2357 4963 2609 5020 Christus
2639 4968 2723 5016 est
2749 4960 2866 5025 Dei,
2892 4959 3147 5030 pertinet,
3183 4955 3482 5011 occultiora

224 5071 409 5132 αἰῶνα,
444 5045 981 5141 ἐθνῶνάπάρξασθαι
1009 5068 1168 5122 αὑτὸν
1196 5067 1458 5138 κλήσεως,
1477 5066 1547 5120 τά
1576 5083 1634 5120 τε
1667 5066 1802 5121 ἄλλα

1907 5061 2033 5116 item
2080 5059 2329 5131 quaedam
2377 5058 2732 5130 attingamus,
2776 5063 2837 5110 ut
2871 5069 2995 5109 cum
3040 5051 3145 5105 hoc
3183 5045 3390 5141 pariter
3415 5045 3483 5098 il-

225 5163 317 5216 ὅσα
370 5163 574 5234 δήποτε
615 5161 716 5232 τῆς
752 5135 886 5214 ’κατ’
937 5161 1096 5214 αὐτὸν
1165 5135 1474 5232 ἀπορρήτου
1526 5157 1802 5226 θεολογίας

1905 5150 1998 5206 lud
2035 5150 2336 5214 discamus,
2382 5165 2543 5221 quam
2577 5149 2648 5205 ob
2680 5164 2792 5204 rem
2821 5160 2990 5208 nunc,
3021 5153 3074 5198 et
3109 5155 3217 5194 non
3250 5135 3480 5234 antehae

224 5258 392 5308 οίκεῖα
416 5229 711 5324 τυγχάνει·
745 5255 824 5308 ἔτι
863 5255 967 5327 μὴν
999 5255 1093 5308 καὶ
1121 5252 1188 5306 τὰ
1227 5229 1483 5324 περὶτῆς
1527 5250 1799 5322 ὲνανθρω-

1903 5245 1970 5299 ad
2004 5258 2193 5298 omnes
2227 5251 2416 5314 gentes
2461 5241 2762 5308 advenerit,
2806 5248 2862 5294 et
2893 5249 3142 5308 quaenam
3188 5244 3353 5287 causa
3383 5229 3478 5293 sit,

225 5350 437 5418 ’πτήσεως
460 5347 650 5411 αὑτοῦ,
672 5347 707 5401 ἃ
729 5349 822 5400 καὶ
855 5347 1046 5419 πρῶτα
1081 5345 1141 5410 ἐξ
1167 5338 1376 5416 ἑτέρας’
1400 5344 1558 5412 λόγου
1602 5343 1797 5414 ἀρχῆς,

1907 5345 1969 5392 ut
2009 5351 2118 5391 non
2158 5335 2330 5392 multo
2367 5344 2513 5399 ante,
2545 5334 2638 5390 sed
2679 5346 2853 5401 nuper
2879 5329 3144 5384 duntaxat
3191 5331 3318 5419 post
3363 5337 3479 5374 πιθα

225 5413 293 5505 ὡς
317 5443 452 5514 πρὸς
482 5443 610 5505 τοὺς
653 5413 934 5504 ἀπίστους,
961 5440 1097 5503 τέως
1126 5413 1285 5493 αὑτὸν
1324 5437 1516 5509 βοηθὸν
1549 5413 1801 5490 ἐπικαλε-

1908 5445 2075 5503 gnum
2124 5443 2414 5484 numerum
2455 5426 2802 5488 saeculorum,
2834 5433 3030 5475 vocare
3073 5423 3260 5488 gentes
3305 5413 3478 5468 inem-

227 5506 443 5602 σάμενοι
469 5533 562 5586 τὸν
588 5532 682 5586 τοῦ
707 5531 842 5585 Θεοῦ
874 5533 1064 5600 Λόγον,
1093 5530 1224 5602 φέρε
1251 5506 1691 5598 διασκεψώμεθα.

1909 5523 2050 5596 perit
2083 5541 2096 5578 :
2128 5532 2246 5577 tum
2276 5522 2382 5576 alia
2412 5519 2657 5592 ejusdem
2687 5514 2922 5588 generis.
2947 5525 3068 5585 qua:
3097 5522 3310 5564 arcanae
3333 5506 3478 5560 illius

225 5626 502 5698 theologia:
538 5626 758 5698 propria
795 5634 946 5691 sunt,
1003 5601 1233 5696 quaeque
1277 5625 1344 5678 ad
1387 5624 1541 5678 illum
1575 5629 1828 5694 spectant
1853 5628 2154 5677 tractemus
2190 5639 2202 5674 :
2249 5619 2399 5684 item,
2455 5631 2562 5687 qua
2616 5613 2830 5668 ratione
2863 5611 2954 5666 ille
2978 5609 3142 5664 homo
3176 5605 3352 5698 factus
3384 5601 3476 5665 sit,

227 5735 339 5788 quae
369 5697 501 5775 sane
540 5697 719 5774 etiam
775 5719 950 5789 prima
984 5718 1226 5798 omnium
1268 5732 1410 5771 novo
1439 5713 1676 5786 quodam
1719 5724 2000 5785 assumpto
2053 5711 2299 5776 exordio,
2349 5708 2505 5782 quasi
2529 5707 2602 5776 ad,
2656 5705 2906 5761 homines
2948 5699 3260 5758 incredulos
3300 5697 3479 5766 ipsum

229 5814 313 5872 Dei
355 5817 581 5872 verbum
620 5817 960 5881 invocantes,
1015 5823 1074 5869 ut
1119 5830 1220 5870 nos
1270 5814 1508 5883 adjuvet,
1545 5827 1644 5882 age
1691 5812 1802 5882 jam
1838 5813 2268 5869 consideremus.

288 5930 328 5961 "
363 5929 564 5987 Ezech.
599 5925 824 5992 xwﬁ’i,
847 5927 938 5984 22.
1017 5928 1060 5960 ⁸⁸
1092 5925 1290 5985 Ezech.
1323 5941 1456 5987 xxx.
1504 5923 1696 5981 36-38.
