4018 6508
148 388 236 445 165

1055 369 1704 446 DEMONSTRATIONIS
1744 387 2200 447 “suasum
2237 389 2363 446 us.
2404 389 2490 447 ιιι.

3299 394 3401 450 166

146 510 279 566 ὃπως
301 506 354 558 οἰ
388 506 686 576 προφῆται
711 505 810 578 τὴν
833 487 924 559 τοῦ
951 507 1277 578 Εὐαγγελίου
1310 509 1526 581 μνήμην
1542 509 1631 562 ἐπὶ
1651 508 1729 562 τοί

1851 511 1925 565 illi
1961 510 2057 565 uni
2088 526 2251 582 posse
2293 510 2722 576 accommodari,
2748 527 2811 566 ex
2843 514 3052 568 eventis
3080 512 3401 568 certissimis

147 596 366 669 Χριστοῦ
392 597 848 669 παρελάμϐανον.

1842 602 1952 671 jam
1999 604 2110 674 jam
2162 603 2655 674 comprobabimus,
2715 603 2783 664 si.
2839 603 2983 674 quod
3033 603 3400 660 necessarium

145 699 237 752 est,
268 690 424 760 prius
451 691 604 746 illud
631 692 973 763 contemplati
997 693 1222 759 erimus,
1254 673 1714 766 quemadmodum
1763 702 2038 770 prophetae
2071 698 2345 770 Evangelii
2376 697 2705 754 mentionem
2757 697 2814 753 in
2861 673 3081 754 Christo
3113 715 3220 753 non
3265 712 3402 767 prae~

148 784 512 839 temtiserint.

144 899 328 963 Ὅπως
361 899 765 974 οι-προμῇται
805 900 1052 974 τὴνᾼτοῦ
1073 905 1441 974 Εὑαγγελίου
1489 905 1732 974 μνήμην·

409 968 520 1021 ἐπὶ
564 970 674 1023 τοῦ
701 968 958 1036 Χριστοῦ
987 968 1464 1044 παρελάμϐανον.

206 1063 276 1112 A'.
317 1078 338 1111 ι
375 1060 491 1113 Τοῦ
537 1062 872 1133 δηλωθέντος
912 1067 1119 1138 μάρτυς
1149 1067 1215 1120 ἂν
1257 1068 1341 1140 εἴη
1376 1069 1612 1140 ῥήμασιν
1635 1066 1734 1120 αὐο

146 1154 238 1212 τοῖς
275 1151 546 1215 Ἡσαΐας,
595 1155 657 1206 ὲκ
695 1155 986 1225 προσώπου
1025 1157 1118 1210 τοῦ
1145 1158 1382 1230 Χριστοῦ
1427 1156 1730 1230 κεκραγώς·

152 1262 167 1291 ι
195 1241 411 1312 Πνεῦμα
437 1244 665 1315 Κυρίου
688 1246 773 1298 ἐπ’
798 1247 918 1316 ἐμὲ,
940 1239 1000 1300 οὐ
1024 1248 1226 1302 εἵνεκεν
1259 1249 1438 1321 ἕχρισέ
1469 1267 1554 1320 με·
1581 1250 1738 1318 εὐαγ-

150 1334 447 1399 γελίσασθαι
481 1341 727 1409 πτωχοῖς
753 1339 1057 1393 ἁπέσταλκέ
1094 1359 1180 1411 με,
1210 1342 1439 1413 κηρύξαι
1459 1341 1734 1414 αἰχμαλώ-

155 1443 247 1488 τοις
272 1427 499 1495 ἄφεσιν,
547 1431 648 1482 καὶ
679 1431 894 1499 τυφλοῖς
934 1432 1247 1503 ἀνὰὅλεψιν·
1288 1454 1305 1485 ι
1335 1435 1402 1504 ἦν
1431 1453 1551 1488 τινα
1601 1453 1732 1506 προ-

153 1518 357 1586 φητείαν
381 1521 412 1572 ὁ
444 1521 615 1593 Σωτὴ
623 1539 654 1594 ρ
679 1525 710 1593 ἡ
720 1522 835 1592 μῶν
865 1525 920 1575 ὲν
941 1527 1006 1596 τῇ
1039 1528 1324 1597 συναγωγῇ
1352 1527 1482 1579 ποτὲ
1510 1525 1729 1579 διελθὼν

153 1607 226 1658 ἐπὶ
258 1607 350 1660 τοῦ
403 1608 664 1680 πλήθους
697 1611 804 1665 τῶν
842 1614 1128 1677 Ἰουδαίων,
1189 1614 1394 1679 πτύξας
1438 1613 1500 1667 τὸ
1528 1613 1727 1684 βιϐλίον

150 1697 252 1752 εἶτα
272 1717 285 1728 ⁸
326 1721 343 1751 ι
378 1703 645 1776 Σήμερον
687 1705 1041 1779 πεπλήρωται
1070 1710 1102 1779 ἡ
1133 1709 1321 1782 Γραφὴ
1351 1709 1488 1780 αὐτη
1521 1709 1578 1760 ὲν
1617 1711 1728 1770 τοῖς

1841 901 1994 970 Quod
2025 902 2285 972 propheta:
2315 901 2370 955 in
2400 901 2510 969 ipso
2543 899 2750 955 Christo
2781 900 3052 972 Evangelii
3090 905 3399 959 mentionem

2421 973 2821 1040 assumpserint.

1907 1061 1946 1115 l.
1985 1061 2230 1132 Hujusce
2261 1060 2512 1117 veritatis
2558 1062 2714 1116 testis
2745 1061 2812 1115 ad
2840 1061 3061 1116 verbum
3101 1063 3171 1118 sit
3201 1064 3400 1127 Isaias,

1838 1151 1930 1221 qui
1965 1167 2030 1205 ex
2075 1166 2308 1221 persona
2340 1150 2544 1206 Christi
2594 1152 2813 1217 clamat,
2851 1171 2870 1203 ι
2908 1153 3148 1223 Spiritus
3189 1153 3400 1209 Domini

1839 1259 2004 1314 super
2037 1259 2143 1307 me,
2191 1250 2413 1313 propter
2460 1242 2605 1313 quod
2651 1244 2809 1296 unxit
2857 1260 2976 1299 me:
3017 1243 3402 1315 Evangelizare

1840 1336 2170 1406 pauperibus
2204 1335 2350 1389 misit
2382 1350 2467 1390 me
2487 1374 2500 1398 ,
2530 1334 2826 1404 praedicare
2854 1336 3084 1405 captivis
3122 1337 3402 1392 remissio-
3456 1410 3458 1412 ν

1838 1443 1984 1488 nem,
2009 1435 2062 1482 et
2105 1427 2264 1482 cmcis
2298 1427 2476 1482 visum
2504 1427 2548 1458 °'
2578 1444 2591 1480 :
2638 1446 2655 1479 ι
2693 1442 2856 1496 quam
2903 1443 3033 1482 sane
3066 1428 3400 1498 prophetiam

1840 1517 2089 1573 Salvator
2122 1527 2308 1573 noster
2338 1519 2498 1579 olim.
2527 1519 2580 1572 in
2606 1527 2876 1574 conventu
2910 1520 3050 1589 apud
3096 1520 3365 1574 multitudi
3384 1549 3400 1561 -

1833 1627 1954 1666 nem
2015 1611 2325 1666 Judzeorum
2364 1625 2489 1665 cum
2525 1611 2762 1681 legisset,
2805 1611 3112 1682 librumque
3151 1620 3271 1682 post
3312 1612 3391 1666 le-

1833 1703 2070 1756 clionem
2095 1703 2398 1773 plicuisset,
2430 1702 2510 1758 sic
2531 1703 2745 1758 locutus
2774 1710 2857 1757 est
2889 1720 2900 1755 :
2939 1721 2957 1752 ι
2996 1701 3155 1756 hodie
3181 1702 3399 1773 impleta

153 1794 266 1877 ὠσὶν
291 1794 472 1866 ὐμῶν,
519 1815 543 1848 ι
588 1799 680 1850 καὶ
713 1798 776 1868 δὴ
817 1799 1026 1852 ἐνθένδε
1065 1798 1366 1871 ἀρξάμενος
1402 1799 1502 1866 τῆς
1527 1799 1728 1861 οἰκείας

1832 1803 1916 1851 est
1969 1795 2242 1864 scriptura
2282 1794 2398 1849 haec
2451 1793 2508 1848 in
2560 1793 2785 1848 auribus
2828 1794 3026 1848 vestris
3060 1793 3128 1856 °°,
3165 1811 3184 1844 ι
3229 1794 3400 1863 proti-

153 1887 483 1952 διδασκαλίας
529 1894 772 1960 πτωχοῖς
819 1891 1195 1962 εὐηγγελίζετο
1245 1892 1353 1945 τῶν
1383 1893 1534 1971 ⁴παρ’
1583 1892 1730 1964 αὐτῷ

159 1980 536 2051 μακαρισμῶν,
587 1983 932 2053 προτάττων·
972 2002 989 2033 ι
1031 1984 1300 2053 Μακάριοι
1331 1985 1378 2036 οἱ
1413 1985 1618 2054 πτωχοί⁵
1654 1985 1732 2056 τῷ

156 2071 426 2141 πνεύματι,
470 2073 566 2126 ὅτι
590 2073 766 2126 αὐτῶν
795 2075 940 2126 ἐστιν
970 2076 1002 2145 ἡ
1024 2074 1268 2144 βασιλεία
1290 2075 1397 2128 τῶν
1431 2076 1690 2148 οὐρανῶν.
1708 2095 1724 2128 ι

165 2163 306 2216 Ἀλλὰ
332 2165 429 2217 καὶ
463 2167 590 2228 τοῖς
613 2165 717 2218 ὐπὸ
746 2167 1066 2236 πνευμάτων
1095 2166 1341 2238 πονηρῶν
1367 2168 1729 2240 ὀχλουμένοις,

159 2258 246 2309 ὑπὸ
274 2275 326 2310 τε
348 2257 636 2328 δαιμόνων
665 2258 862 2328 τρόπον
884 2242 1242 2328 αἰχμαλώτων
1274 2259 1438 2312 πάλαι
1472 2261 1731 2332 πρότερον

159 2350 603 2420 κεκρατημένοις,
639 2350 736 2419 τὴν
762 2349 954 2418 ἄφεσιν
976 2352 1342 2421 προεκήρυττε
1371 2353 1496 2414 τοὺς
1528 2351 1732 2416 πάντας

161 2436 225 2497 είς
251 2435 571 2507 ἐλευθερίαν
594 2437 688 2488 καί⁸
714 2435 867 2488 λύσιν
895 2435 1002 2488 τῶν
1032 2436 1140 2489 ἀπὸ
1161 2437 1355 2499 κακίας
1378 2435 1587 2506 δεσμῶν
1605 2437 1732 2487 ἀνα-

162 2525 492 2597 καλούμενος,
543 2528 614 2581 δι’
641 2521 716 2580 ὧν
759 2527 1014 2596 ἔφασκενο
1050 2547 1067 2577 ι
1106 2528 1268 2581 Δεῦτε
1303 2529 1438 2600 πρός
1495 2545 1561 2599 με
1597 2527 1731 2580 πάν-

165 2635 238 2680 τες
262 2622 304 2672 οἰ
333 2620 649 2684 κοπιῶντες
668 2621 760 2673 καὶ
793 2620 1232 2691 πεφορτισμένοι,
1258 2619 1412 2689 κὰγὼ
1434 2619 1732 2674 ἀναπαύσω

347 2731 364 2763 ι
395 2714 510 2765 Καὶ
548 2711 767 2781 τυφλοῖς
799 2711 853 2764 δὲ
901 2715 998 2784 τὴν
1025 2713 1316 2781 ἀνάϐλεψιν
1348 2715 1591 2784 παρεῖχε,
1618 2715 1730 2776 τοῖς

166 2802 249 2864 τὰς
275 2801 419 2871 δψεις
450 2801 556 2854 τοῦ
593 2799 842 2871 σώματος
872 2800 1282 2872 διεφθαρμένοις
1313 2799 1373 2852 τὸ
1397 2799 1610 2870 βλέπειν
1630 2799 1732 2851 δω-

170 2892 422 2962 ρούμενος,
443 2893 599 2947 κατὰ
624 2893 861 2947 διάνοιαν
880 2895 992 2955 τοῖς
1015 2893 1179 2946 πάλαι
1208 2893 1335 2963 περὶ
1359 2891 1454 2962 τὴν
1475 2891 1730 2962 ἀλήθειαν

170 2986 503 3039 ἀναϐλέπουσι
534 2987 637 3055 (ιι),
671 2986 730 3038 τὸ
769 2985 881 3056 φῶς
911 2986 1010 3055 τῆς
1047 2983 1277 3056 ἀληθοῦς
1316 2984 1594 3047 εὐσεϐείας
1626 3001 1729 3036 πα-

173 3076 317 3145 ρέχων
347 3080 501 3148 ὁρᾷν.
555 3077 658 3129 Τὸν
691 3077 789 3146 μὲν
811 3073 902 3128 οὖν
925 3075 1156 3146 Χριστδν
1189 3075 1245 3126 ἐν
1277 3073 1510 3145 πρώτοις
1548 3073 1730 3127 αὐθένς

1833 1904 2042 1958 nusque
2073 1887 2198 1941 hinc
2223 1902 2378 1943 suam
2419 1886 2723 1941 doctrinam
2763 1901 2993 1940 exorsus
3027 1885 3399 1956 evangelixare

1831 1983 1995 2051 C(Bpil
2038 1980 2404 2049 pauperibus,
2448 1993 2544 2034 eos
2596 1979 2650 2032 iu
2699 1977 3172 2032 commendatione
3214 1977 3400 2032 beato-

1829 2073 2069 2143 rum,qui
2111 2072 2252 2142 apud
2284 2088 2343 2128 se
2384 2072 2551 2127 futuri
2590 2073 2736 2136 sint,
2769 2071 2992 2142 reliquis
3019 2078 3396 2140 anteponens:

1837 2184 1855 2217 ι
1893 2163 2065 2231 Beati,
2093 2167 2286 2237 inquit,
2321 2181 2590 2236 pauperes
2615 2166 2834 2235 "spiritu,
2869 2166 3124 2236 quoniam
3155 2165 3396 2235 ipsorum

1829 2269 1913 2312 est
1945 2274 2167 2328 regnum
2195 2258 2458 2311 caelorum
2489 2259 2554 2312 ".
2590 2277 2608 2310 ι
2643 2256 2714 2312 lis
2747 2267 3003 2327 praeterea
3044 2257 3139 2326 qui
3177 2271 3206 2310 a
3239 2258 3400 2318 malis

1831 2350 2114 2419 spiritibus
2141 2357 2488 2411 vexarentur,
2515 2350 2717 2418 quique
2761 2365 2790 2401 a
2825 2349 3194 2412 daamonibus,
3224 2347 3400 2418 capti-

1830 2455 2021 2495 vorum
2069 2441 2262 2505 instar,
2307 2439 2418 2510 jam
2470 2440 2564 2493 ditt
2616 2447 2963 2504 tenerentur,
3023 2437 3396 2493 dimissionem

1832 2536 1957 2582 ante
1990 2529 2280 2595 nuntiavit,
2309 2542 2500 2583 omnes
2531 2526 2597 2580 ad
2632 2528 2938 2582 libertatem
2975 2534 3029 2580 ct
3069 2527 3394 2582 solutionem

1831 2635 1860 2673 a
1892 2619 2110 2674 malitia:
2154 2619 2388 2674 vinculis
2427 2619 2686 2683 invitans,
2734 2618 2916 2672 verbis
2959 2618 3112 2676 illis:
3161 2635 3180 2668 ι
3218 2619 3398 2672 venite

1832 2711 1897 2765 ad
1927 2727 2033 2776 me,
2067 2725 2260 2771 omnes
2282 2711 2377 2781 qui
2422 2710 2682 2764 laboratis
2723 2718 2776 2764 et
2804 2710 3012 2764 onerati
3040 2709 3194 2774 estis,
3222 2716 3275 2764 et
3295 2724 3398 2778 ego

1832 2803 2068 2856 reﬁciam
2102 2817 2199 2857 vos
2225 2803 2292 2854 ”.
2342 2821 2359 2852 ι
2398 2801 2570 2856 Cascis
2597 2817 2748 2866 vero,
2770 2802 2863 2872 qui
2886 2815 3180 2870 corporeos
3207 2802 3398 2855 oculos

1834 2894 2094 2948 haberent
2119 2902 2425 2963 corruptos,
2464 2894 2827 2963 integritatem
2856 2893 3184 2960 restituens,
3214 2892 3393 2948 visum

1832 2986 2062 3056 largitus
2091 2999 2196 3048 est,
2236 2995 2294 3039 ut
2329 2985 2407 3040 sic
2433 2985 2784 3055 signiﬁcaret,
2815 2999 2872 3038 se
2896 2986 2961 3038 iis
2986 2988 3078 3053 qui
3101 2985 3228 3038 olim
3251 2983 3398 3038 veri-

1830 3085 1994 3133 tatem
2019 3093 2205 3148 parum
2235 3076 2594 3138 intuerentur,
2626 3077 2882 3130 virtutem
2912 3091 3018 3146 qua
3046 3076 3226 3129 lumen
3256 3089 3399 3130 vem

173 3183 250 3234 την
280 3167 367 3219 καὶ
408 3166 664 3238 ὰρῃγὺν
695 3165 910 3218 ἔσεσθαι
941 3165 1040 3234 τῆς
1081 3162 1436 3232 εὐαγγελικῆς
1470 3179 1727 3235 πραγμα-

1832 3171 2045 3240 pietatis
2078 3169 2431 3240 respicerent,
2463 3185 2710 3239 erogare.
2740 3168 3018 3222 Christum
3050 3181 3178 3236 ergo
3207 3165 3262 3220 in
3288 3167 3397 3236 prl-

172 3256 348 3328 τείαςή
385 3256 764 3329 παρατεθεῖσα
795 3254 1094 3327 προφητεία
1143 3253 1454 3324 παρίστησι.
1486 3255 1639 3307 Μετὰ
1670 3255 1727 3307 δὲ

173 3347 306 3400 αὐτὸν
338 3350 434 3420 τῆς
465 3348 648 3417 αὐτῆς
685 3345 988 3407 ὑποθέσεως
1029 3344 1304 3413 ὑπηρέτας
1349 3341 1563 3396 ἔσεσθαι
1603 3344 1728 3407 τούς

175 3437 310 3490 αὐτοῦ
357 3437 613 3509 μαθητὰς
658 3435 899 3499 θεσπίζει
937 3437 965 3487 ὀ
995 3433 1152 3496 αὐτὸς
1181 3433 1353 3500 λέγων
1410 3435 1722 3504 προφήτηςσ

179 3547 195 3577 ι
237 3528 312 3592 Ὦς
341 3530 540 3600 ὡραῖοι
570 3531 619 3581 οἱ
649 3528 806 3590 πόδες
835 3526 941 3579 τῶν
995 3524 1492 3594 εὐαγγελιζομένων
1525 3525 1724 3592 ἀγαθὰ,

177 3620 330 3689 ῆτῶν
367 3620 874 3690 εὐαγγελιζομένων
925 3619 1168 3689 εἰρήνην.
1225 3637 1244 3668 ι
1303 3616 1469 3670 Ἔνθα
1529 3617 1728 3688 σφόδρα

179 3711 627 3784 ἀπηκριϐωμένως
657 3711 890 3782 ὡραίους
921 3709 1118 3780 ἔφησεν
1149 3708 1364 3761 ἔσεσθαι
1406 3708 1532 3770 τοὺς
1567 3708 1729 3772 πόδας

182 3803 265 3855 τῶν
299 3806 800 3876 εὐαγγελιζομένων
849 3803 917 3855 τὰ
963 3800 1058 3855 τοῦ
1099 3801 1334 3872 Χριστοῦ
1367 3800 1564 3869 ἀγαθὰ,
1613 3799 1730 3865 πῶς

181 3897 260 3948 οὐκ
288 3898 504 3967 ἔμελλον
540 3898 730 3968 ὡραῖοι
765 3894 1002 3957 ἔσεσθαι,
1036 3894 1084 3945 oi
1119 3894 1175 3945 ὲν
1202 3893 1369 3964 ὀλίγῳ
1407 3894 1500 3947 καὶ
1539 3891 1730 3964 βραχεῖ

183 3989 329 4058 χρόνῳ
369 3992 463 4062 τὴν
519 3992 699 4042 πᾶσαν
738 3985 1228 4058 περιδραμούμενοι
1258 3985 1598 4056 οἰκουμένην,
1634 3986 1728 4038 καὶ

185 4079 329 4132 πάντα
357 4084 524 4135 τόπον
560 4080 944 4152 πληρώσαντες
969 4079 1064 4150 τῆς
1085 4079 1212 4150 περὶ
1237 4077 1330 4131 τοῦ
1363 4080 1609 4151 Σωτῆρος
1633 4078 1726 4132 τοῦ

189 4170 358 4240 κόσμου
390 4173 681 4236 θεοσεϐοῦς
702 4171 1083 4234 διδασκαλίας;
1137 4172 1256 4223 Ὅτι
1287 4171 1343 4223 δὲ
1379 4172 1451 4242 μὴ
1493 4173 1728 4242 ῥήμασιν

187 4263 516 4335 ἀνθρωπίνοις
548 4267 842 4336 ἐκέχρηντο
879 4267 958 4326 εἰς
991 4262 1162 4316 πειθὼ
1192 4264 1298 4315 τῶν
1341 4264 1725 4334 ἀκροωμένων,

190 4353 295 4408 Θεοῦ
320 4359 369 4411 δὲ
399 4360 631 4430 δύναμις
661 4355 728 4428 ἦν
756 4359 788 4426 ἡ
821 4355 1152 4426 συνεργοῦσα
1173 4355 1354 4418 αὐτοῖς
1386 4355 1442 4405 ἐν
1471 4354 1548 4424 τῷ
1569 4354 1728 4422 εὐαγ-

190 4447 353 4521 γελικῷ
383 4450 721 4523 κηρύγματι,
756 4448 911 4511 ἄλλος
940 4448 1100 4500 πάλιν
1125 4448 1406 4518 προφήτης
1436 4447 1722 4514 ἀναφωνεῖ·

198 4557 214 4586 ο
242 4541 418 4611 Κύριος
447 4541 614 4595 δώσει
649 4540 800 4613 ῥῆμα
824 4542 936 4602 τοῖς
974 4537 1472 4607 εὐαγγελιζομένοις
1503 4536 1728 4606 δυνάμει

195 4632 344 4705 πολλῇ.
379 4655 397 4688 ι
433 4635 550 4690 Καὶ
599 4635 758 4687 πάλιν
787 4635 814 4686 ὁ
858 4632 1101 4694 Ἡσαΐας·
1142 4649 1159 4681 ι
1213 4631 1327 4682 Ἐπ’
1374 4629 1497 4700 ὅρος
1531 4628 1729 4699 ὑψηλὸν

195 4724 386 4798 ἀνάϐηθι
416 4732 444 4783 ὁ
492 4725 998 4796 εὐαγγελιζόμενος,
1051 4721 1208 4786 Σιὼν,
1245 4721 1456 4790 ὐψωσον
1487 4723 1552 4791 τῇ
1587 4721 1730 4791 ἰσχύῖ

199 4815 273 4885 τὴν
291 4823 454 4893 φωνήν
495 4837 586 4872 σου
609 4821 636 4871 ὁ
672 4815 1152 4885 εὐαγγελιζόμενος
1190 4812 1558 4884 ἰερουσαλήμ’
1585 4812 1732 4881 ὑψώθ

202 4921 319 4969 ante,
351 4912 419 4982 μὴ
449 4908 724 4980 φοὸεῖσθε,
753 4907 904 4960 εἰπὸν
952 4909 1071 4968 ταῖς
1107 4904 1320 4956 πόλεσιν
1383 4902 1572 4964 Ἰούδα,
1621 4902 1728 4954 ἰδοὺ

200 4999 351 5064 ὁθεὸς
379 5003 552 5074 ὐμῶν,
593 5002 701 5054 ἰδοὺ
736 4999 939 5071 Κύριος
971 4997 1108 5068 μετὰ
1143 4996 1322 5066 ἰσχύος
1365 4995 1600 5066 ἔρχεται,
1637 4995 1730 5047 καὶ

201 5090 224 5137 ὁ
250 5089 458 5163 βραχίων
504 5092 641 5164 μετὰ
686 5091 897 5162 κυρίαςο
949 5089 1054 5142 ἰδοὺ
1100 5090 1127 5140 ὁ
1169 5086 1356 5157 μισθὸς
1399 5086 1560 5139 αὐτοῦ
1613 5087 1728 5156 μετ’

205 5178 351 5244 αὐτοῦ,
377 5187 469 5238 καὶ
501 5186 561 5238 τὸ
602 5185 762 5256 ἔργον
807 5181 970 5236 αὐτοῦ
1005 5182 1243 5233 ἐναντίον
1275 5179 1459 5232 αὐτοῦ’
1503 5178 1576 5240 ὡς
1614 5195 1731 5230 ποι-

209 5269 288 5339 μὴν
313 5279 551 5347 ποιμανεῖ
577 5276 638 5329 τὸ
671 5276 916 5345 ποίμνιον
944 5273 1129 5332 αὐτοῦ,
1170 5272 1262 5324 καὶ
1291 5273 1345 5322 ὲν
1377 5268 1454 5338 τῷ
1491 5270 1729 5340 βραχίονι

208 5366 332 5420 lii-.03
374 5372 586 5439 συνάξει
627 5373 818 5442 ἄρνας,
850 5371 942 5423 καὶ
973 5370 1028 5421 ἐν
1061 5368 1253 5437 γαστρὶ
1299 5365 1524 5434 ἐχούσας
1557 5381 1730 5433 παρα-

208 5456 398 5516 καλέσει.
451 5484 470 5517 ι
517 5464 702 5516 Ταῦτα
766 5463 821 5515 δὲ
865 5463 1052 5516 ὁποίαν
1091 5462 1271 5532 ἔχεται
1320 5460 1575 5520 διάνοιαν,
1627 5458 1729 5528 ὁδῷ

257 5617 293 5647 "
321 5619 408 5674 lsa.
441 5637 550 5682 ut,
589 5622 638 5673 l.
716 5621 763 5656 "
794 5620 924 5673 Luc.
971 5634 1045 5681 tv,
1072 5617 1172 5687 .18.
1245 5618 1288 5650 ⁹¹
1328 5615 1515 5671 Matth.
1549 5631 1600 5678 v,
1630 5612 1681 5667 5.

211 5684 244 5715 ’³
272 5688 356 5742 ita.
388 5705 469 5751 ιι..
496 5690 648 5745 9.“.

267 5845 327 5911 ii)
358 5843 618 5919 lnterpres
639 5843 791 5916 legit,
825 5844 1119 5914 ἀναπήροις
1151 5837 1288 5895 οὖσι.

1760 5613 1804 5645 9’
1837 5609 2025 5666 Matth.
2059 5623 2134 5675 χι,
2179 5607 2268 5662 ‘28.
2346 5605 2390 5637 ’³
2428 5601 2532 5659 lsa.
2583 5617 2679 5670 ιιι,
2711 5601 2765 5656 7.

1829 3262 1934 3316 mis
1975 3272 2247 3316 auctorem
2283 3270 2336 3316 et
2370 3261 2562 3316 ducetn
2605 3259 2846 3332 futprum
2881 3258 3059 3313 omnis
3105 3258 3398 3328 provincias

1829 3354 2175 3423 evangelicae,
2208 3369 2270 3408 ea
2312 3369 2430 3424 qua:
2464 3353 2708 3423 exposita
2749 3359 2852 3414 cst,
2904 3352 3184 3422 prophetia
3216 3351 3399 3406 decla-

1829 3455 1931 3498 rat.
1959 3445 2022 3497 At
2057 3452 2180 3514 post
2206 3444 2355 3496 illum
2386 3441 2629 3511 ejusdem
2668 3443 2934 3511 propositi
2966 3443 3248 3497 ministros
3280 3441 3398 3496 fore

1829 3535 1975 3592 illius
2045 3535 2373 3606 discipulos,
2436 3534 2577 3588 idem
2646 3534 2907 3603 propheta
2957 3535 3104 3589 canit
3134 3534 3322 3588 dicens
3377 3545 3391 3582 :

1827 3629 1977 3700 89¢
2013 3626 2186 3693 Quam
2212 3626 2444 3696 speciosi
2488 3625 2651 3696 pedes
2704 3625 3192 3696 evangelizantium
3248 3622 3394 3676 bona

1828 3735 1990 3791 quam
2035 3717 2532 3790 evangelizantium
2578 3731 2764 3787 pacem
2785 3716 2850 3769 ’³.
2879 3732 2898 3766 ι
2918 3710 3022 3770 Ubi
3049 3715 3207 3770 valde
3231 3727 3398 3767 accu-

1828 3818 1946 3866 rate
2003 3811 2280 3880 speciosos
2333 3808 2469 3863 dixit
2519 3806 2634 3863 fore
2681 3807 2845 3878 pedes
2902 3803 3395 3876 evangelizantium

1828 3899 1969 3954 bona
2000 3899 2224 3962 Christi,
2275 3899 2366 3969 qui
2395 3898 2540 3953 enim
2574 3899 2806 3968 speciosi
2850 3895 3019 3950 futuri
3071 3911 3179 3949 non
3215 3903 3394 3956 erant,

1830 3991 1921 4061 qui
1951 3991 2006 4044 in
2035 3992 2228 4060 exiguo
2261 3991 2519 4060 brevique
2546 3972 2789 4059 tempore
2821 3995 2992 4043 totum
3016 3987 3204 4041 orbem
3239 3994 3398 4041 erant

1830 4083 2168 4154 percursuri,
2199 4093 2252 4136 et
2288 4097 2503 4137 omnem
2544 4083 2722 4137 locum
2754 4091 2940 4136 sancta
2983 4080 3074 4133 illa
3106 4079 3174 4133 de
3207 4078 3398 4132 Salva-

1828 4183 1946 4229 tore
1971 4174 2156 4227 mundi
2181 4173 2427 4227 doctrina
2457 4172 2774 4242 impleturi?
2807 4170 2962 4236 Quod
2998 4177 3181 4223 autem
3212 4168 3402 4222 humac

1829 4265 1914 4318 nis
1936 4265 2120 4318 verbis
2154 4280 2259 4316 non
2290 4269 2573 4317 uterentur
2605 4263 2670 4316 ad
2702 4259 3136 4331 persuadendum
3169 4259 3399 4312 audien-

1829 4356 1999 4417 tibus,
2035 4355 2128 4410 sed
2161 4355 2248 4408 Dei
2284 4355 2457 4408 virtus
2495 4361 2640 4408 esset
2673 4369 2794 4423 qua:
2839 4367 2962 4406 cum
3004 4352 3112 4405 illis
3139 4349 3396 4409 faciebat,

1830 4449 1958 4504 dum
1995 4446 2342 4516 Evangelium
2395 4445 2772 4514 praedicarent,
2803 4445 2942 4497 alius
2977 4456 3170 4496 rursus
3198 4440 3402 4495 clamat

1832 4539 2093 4611 propheta
2131 4557 2142 4591 :
2181 4556 2198 4588 ι
2239 4536 2502 4592 Dominus
2532 4537 2683 4590 dabit
2718 4535 2945 4600 verbum
2972 4530 3397 4602 evangelizanti-

1833 4631 1936 4686 bus
1979 4630 2178 4684 virtute
2217 4629 2449 4683 multa”
2481 4647 2495 4695 ;
2529 4648 2547 4680 ι
2590 4636 2643 4681 et
2687 4641 2879 4682 rursus
2918 4624 3106 4679 Isaias.
3156 4640 3174 4671 ι
3223 4618 3401 4688 Super

1832 4730 2070 4777 montem
2123 4720 2398 4775 excelsum
2444 4716 2674 4772 ascende
2711 4715 2802 4786 qui
2847 4713 3190 4783 evangelizas
3232 4709 3397 4777 Sion;

1832 4813 2030 4868 extolle
2061 4820 2323 4884 quantum
2354 4819 2506 4879 potes
2530 4824 2716 4864 vocem
2741 4815 2892 4861 tuam
2932 4805 3025 4875 qui
3057 4802 3400 4873 evangelizas

1835 4905 2170 4962 Hierusalem
2205 4919 2220 4956 :
2263 4903 2536 4964 extollite,
2589 4917 2658 4956 ne
2702 4901 2920 4965 timete;
2953 4898 3041 4952 dic
3087 4893 3399 4950 civitatibus

1833 5000 1994 5062 Juda,
2027 5015 2152 5054 ecce
2188 4997 2326 5050 Deus
2353 5003 2553 5058 vester,
2587 5008 2714 5048 ecce
2757 4991 3020 5046 Dominus
3049 5003 3172 5043 cum
3203 4985 3400 5040 robore

1833 5091 2002 5155 venit,
2023 5098 2077 5142 et
2099 5088 2380 5142 brachium
2403 5102 2526 5140 cum
2562 5093 2825 5154 potestate
2850 5101 2862 5136 :
2893 5095 3020 5136 ecce
3042 5091 3248 5132 merces
3279 5074 3400 5142 ejus

1835 5199 1957 5237 cum
1989 5197 2073 5242 eo,
2115 5190 2167 5234 et
2195 5195 2332 5250 Opus
2359 5179 2478 5248 ejus
2509 5193 2690 5232 coram
2727 5177 2846 5245 ipso
2879 5192 2892 5226 :
2924 5179 3180 5240 tanquam
3212 5173 3400 5236 pastor

1835 5281 2021 5345 pascet
2053 5287 2264 5342 gregem
2302 5286 2482 5333 suum,
2515 5277 2568 5323 et
2599 5269 2652 5320 in
2677 5265 2898 5321 brachio
2926 5276 3026 5316 suo
3053 5255 3401 5328 eongregabft

1838 5380 2028 5436 agnos,
2053 5372 2106 5417 et
2132 5379 2226 5418 eas
2253 5378 2373 5432 qua:
2391 5361 2446 5415 in
2474 5370 2633 5415 utero
2660 5357 2882 5418 habent,
2901 5348 3357 5407 consolabitur".
3375 5367 3393 5399 ι

1839 5458 2102 5512 Caeterum
2140 5454 2251 5507 haec
2295 5466 2530 5522 quonam
2563 5463 2728 5505 sensu
2771 5442 3084 5514 accipienda
3117 5439 3244 5505 sint,
3274 5455 3398 5508 pro-

2859 5599 2903 5630 "
2931 5595 3072 5652 Psal.
3105 5609 3272 5656 ιινιι,
3308 5591 3395 5646 13.
