4018 6502
505 5801 538 5826 κ..

583 365 688 424 167

1213 349 1477 416 EUSEBlt
1511 357 1620 412 CIE
1629 355 1985 414 SABIENSIS
2015 357 2132 414 OPF

2234 353 2382 412 ἈΗΒ
2419 355 2484 412 ll.
2523 387 2596 398 -—
2631 351 3107 412 APOLOGETICA

3737 333 3862 388 168

582 461 756 556 gressi
803 481 1016 554 longius
1059 480 1114 534 in
1154 479 1402 535 doctrina
1444 477 1752 548 evangelica
1793 477 2094 534 videbimus
2127 498 2132 532 :

2248 476 2528 548 προϊόντες
2561 477 2702 529 κατά
2735 475 2834 546 τὴν
2871 470 3228 544 εὐαγγελικὴν
3269 471 3525 542 εἰσόμεθα
3563 469 3858 528 διδασκα-

583 577 799 633 interim
829 573 962 630 illud
991 573 1256 636 constitit,
1279 580 1334 625 et
1361 569 1538 640 ipsum
1569 569 1942 640 Evangelinm,
1977 579 2030 624 et
2053 586 2144 624 no-

499 681 502 686 ·
581 685 704 724 men
757 665 1034 737 Evangelii
1081 663 1412 736 prepheticis
1459 662 1688 718 vocibus
1731 664 2140 732 comprobatum

581 761 748 817 fuisse
773 777 786 812 :
816 760 982 815 habes
1013 765 1266 830 prieterea
1295 755 1571 811 evidentes
1599 755 2021 827 perspicuasque
2049 758 2144 814 deo

578 853 1020 912 monstrationes.
1036 848 1180 904 unde
1205 848 1418 902 initium
1439 855 1585 904 esset
1602 857 1952 918 accepturum
1967 849 2143 905 Evan-

577 945 800 1014 gelium,
837 943 904 996 ab
927 943 1044 1012 ipso
1073 941 1324 996 videlicet
1353 939 1591 1005 Christo,
1622 953 1724 995 nec
1753 957 1862 996 non
1883 957 1979 1010 per
2001 957 2142 1012 quos

581 1035 720 1086 foret
769 1033 1196 1104 praedicandum,
1232 1049 1330 1104 per
1377 1035 1522 1088 illius
1574 1033 1764 1102 utique
1813 1033 2138 1103 apostolos:

577 1123 672 1178 sed
704 1125 864 1178 etiam
907 1139 1012 1194 qua
1043 1126 1246 1180 virtute
1269 1131 1415 1178 esset
1451 1130 1854 1192 superaturum.
1887 1139 1996 1178 non
2038 1123 2142 1178 hu-

575 1229 734 1266 mana
783 1215 1010 1269 scilicet.
1041 1211 1194 1280 Quod
1243 1215 1420 1284 ipsum
1463 1230 1595 1268 sane
1624 1230 1690 1268 ex
1733 1215 1825 1269 illo
1873 1216 2139 1282 Constitit,

581 1322 600 1353 ι
637 1303 899 1358 Dominus
929 1304 1079 1358 dabit
1125 1305 1350 1358 verbum
1397 1305 1900 1374 evangelizantibus
1941 1305 2142 1362 virtute

575 1397 763 1450 multa.
799 1417 818 1448 ›
853 1398 1140 1466 Reliquum
1173 1398 1462 1468 igiturjam
1501 1405 1604 1462 est,
1638 1407 1697 1451 ut
1717 1413 1784 1454 ex
1813 1399 2000 1454 multis
2023 1413 2164 1470 quaa's

573 1488 714 1548 apud
751 1487 1006 1542 llebrzeos
1037 1489 1315 1548 antiquius
1347 1504 1412 1542 ae
1441 1489 1706 1544 remotius
1725 1487 1792 1542 de
1821 1489 2038 1545 Christo
2066 1491 2143 1546 di-

573 1581 755 1634 vinata
790 1589 937 1643 sunt,
973 1596 1142 1650 pauca
1173 1581 1555 1652 anticipemus,
1587 1591 1648 1636 ut
1677 1583 1860 1640 discas
1891 1599 2138 1652 quaenam

573 1671 663 1724 illa
691 1680 897 1732 essent.
935 1687 1058 1741 qua:
1093 1672 1489 1740 posterioribus
1531 1673 1866 1742 temporibus
1897 1671 2142 1742 Evange-

573 1763 704 1816 lium
733 1763 1044 1818 nuntiarent
1068 1761 1332 1826 futurum,
1367 1764 1636 1834 simulque
1660 1764 1982 1818 miraculum
2017 1777 2142 1833 pro-

2244 565 2381 618 λίαψ
2427 565 2563 636 πλὴν
2613 563 2748 618 ἀλλά
2801 562 3072 631 πέφανται
3094 561 3155 614 τὸ
3187 562 3534 630 Εὑαγγὲλιον,
3566 563 3670 616 καὶ
3705 562 3858 616 τοῦ-

2241 675 2380 728 νομα
2413 657 2468 711 δὲ
2507 657 2602 710 τοῦ
2645 655 2997 725 Εὖαγγελίου,
3043 654 3134 708 διὰ
3172 654 3278 708 τῶν
3314 655 3674 726 προφητικῶν
3740 673 3858 728 με·

2244 749 2676 821 μαρτυρημένον,
2711 749 2855 820 ἔχεις
2899 765 2958 802 τε
3002 746 3199 810 λευκὰς
3244 747 3339 800 καὶ
3378 747 3628 819 ἐναργεῖς
3683 747 3854 801 ἀπο-

2240 841 2453 906 δείξεις,
2480 843 2542 894 ὲκ
2565 841 2709 905 τίνος
2729 841 2826 912 μὲν
2851 840 3073 912 ἄρξεται
3093 838 3156 892 τὸ
3177 837 3522 907 Εὑαγγέλιον,
3551 839 3632 892 ὃτι
3665 839 3749 910 δὴ
3785 839 3856 905 ἐξ

2240 933 2406 986 αὐτοῦ
2434 933 2528 986 τοῦ
2558 932 2818 1005 Χριστοῦ,
2851 933 2917 986 δι’
2947 925 3020 986 ὧν
3051 949 3110 986 τε
3141 929 3568 1003 κηρυχθήσεται,
3603 932 3692 985 ὅτι
3745 932 3854 984 διὰ

2240 1025 2348 1080 τῶν
2378 1026 2687 1080 ἀποστόλων
2720 1025 2904 1080 αὑτοῦ·
2942 1025 3076 1078 ἀλλά
3117 1025 3208 1078 καὶ
3247 1023 3376 1096 ποίᾳ
3407 1023 3634 1095 δυνάμει
3684 1039 3852 1094 κρα-

2241 1119 2417 1190 τήσει,
2467 1119 2546 1172 ὅτι
2601 1117 2674 1190 μὴ
2715 1117 3050 1190 ἀνθρωπεία.
3089 1119 3153 1172 '0
3197 1116 3262 1187 δὴ
3297 1117 3391 1170 καὶ
3419 1115 3550 1170 αὐτὸ
3585 1115 3848 1186 συνέστη

2239 1207 2330 1266 διὰ
2359 1211 2473 1275 τοῦ,
2513 1231 2530 1262 ι
2561 1211 2762 1284 Κύριος
2795 1211 2953 1266 δώσει
2983 1213 3132 1284 ῥῆμα
3159 1215 3272 1276 τοῖς
3307 1209 3850 1280 εὐαγγελιζομένοις

2239 1304 2462 1376 δυνάμει
2485 1304 2671 1375 πολλῇ.
2705 1322 2722 1354 ι
2749 1304 2812 1356 Τί
2831 1305 2894 1376 δὴ
2915 1300 3006 1358 οὖν
3034 1305 3276 1358 λείπεται
3302 1304 3394 1356 ἐπὶ
3425 1303 3652 1368 τοὺτονς,
3690 1302 3734 1373 ἢ
3771 1305 3850 1355 ἐκ

2241 1395 2448 1450 πολλῶν
2479 1396 2634 1464 ὀλίγα
2667 1397 2954 1468 προλαϐεῖν
2984 1397 3092 1450 τῶν
3129 1399 3258 1470 παρ’
3304 1395 3572 1468 Ἑϐραίοις
3615 1395 3847 1450 ἀνέκα-

2185 1531 2188 1536 .
2243 1488 2334 1541 θεν
2364 1489 2609 1560 περὶτοῦ
2631 1489 2869 1561 Χριστοῦ
2905 1490 3420 1558 προφητευομένων;
3457 1489 3533 1552 ὡς
3567 1489 3635 1544 ἂν
3669 1489 3844 1559 εἰδῇς

2239 1582 2360 1634 τίνα
2394 1581 2610 1634 ἔσεσθαι
2632 1573 2694 1634 τὸ
2715 1582 3042 1650 Εὑαγγέλιον
3071 1584 3128 1634 ἐν
3151 1591 3396 1652 ὑστεροις
3427 1583 3636 1653 καιροῖς
3649 1579 3844 1648 εὐηγ-

2231 1673 2503 1742 γελίζετο,
2537 1675 2668 1746 ὁμοῦ
2699 1693 2760 1728 τε
2799 1675 2906 1728 τῶν
2937 1673 3228 1745 προφητῶν
3257 1673 3319 1726 τὸ
3345 1672 3528 1744 θαῦμα
3573 1671 3671 1741 τῆς
3711 1671 3840 1722 τῶν

2245 1765 2542 1836 μελλόντων
2601 1763 2978 1838 προγνώσεως,
3031 1766 3124 1820 καὶ
3171 1765 3279 1819 τῶν
3327 1765 3686 1836 προρρήσεων
3757 1761 3837 1816 τὰ

573 1853 880 1922 phetarum,
916 1854 1008 1923 qui
1043 1853 1264 1924 quidem
1297 1862 1450 1908 tanto
1494 1863 1620 1908 ante
1651 1853 1831 1908 futura
1869 1869 2132 1923 cognove-

2239 1859 2673 1928 ἀποτελέσματα,
2711 1860 2858 1921 ὅπως
2911 1859 3002 1911 ἐπὶ
3053 1857 3145 1910 τὸν
3191 1857 3416 1928 Σωτῆρα
3461 1857 3556 1909 καὶ
3606 1854 3834 1926 Κύριον

575 1946 714 2006 rint,
745 1944 982 2014 itemque
1019 1944 1268 2012 ipsorum
1315 1945 1662 1997 oraculorum
1691 1948 1905 2008 eventa,
1957 1958 2140 2012 quem-

573 2035 862 2090 admodum
911 2049 971 2091 ea
1012 2035 1068 2089 in
1103 2035 1386 2090 Salvatore
1418 2043 1469 2089 et
1507 2034 1736 2088 Domino
1767 2043 1958 2088 nostro
1982 2033 2135 2098 Jesu,

571 2129 662 2198 qui
694 2128 946 2183 Christus
974 2135 1058 2184 est
1089 2127 1202 2194 Dei,
1234 2128 1500 2198 completa
1540 2126 1865 2182 consistant.

571 2241 634 2298 ll.
672 2233 832 2310 Quod
865 2243 928 2297 de
957 2239 1172 2297 Christo
1219 2243 1494 2296 vaticinati
1543 2251 1666 2294 sunt
1713 2239 1998 2309 prop/reue
2026 2237 2137 2294 He-

1217 2313 1496 2366 brworum.

634 2405 851 2462 Primus
869 2406 1252 2476 prophetarum
1267 2405 1496 2477 Moyses.
1515 2404 1682 2459 alium
1697 2403 2015 2474 prephetam
2033 2402 2136 2458 sibi

567 2499 802 2556 similem
853 2501 1226 2554 suscitandum
1274 2498 1577 2553 denuntiat.
1627 2498 1738 2567 90
1787 2496 1922 2552 Cum
1987 2495 2136 2550 enim

567 2590 711 2660 leges
735 2591 802 2644 ab
832 2591 951 2660 ipso
975 2591 1168 2660 positae
1193 2590 1292 2644 soli
1327 2587 1566 2644 Judaica:
1591 2591 1736 2659 genti
1761 2587 2133 2650 convenirent,

567 2681 731 2750 idque
763 2683 817 2736 in
859 2690 1002 2736 terra
1046 2681 1231 2736 Judtea
1269 2681 1556 2744 duntaxat,
1602 2689 1694 2734 aut
1737 2681 1943 2734 circum
1989 2694 2133 2744 eam,

564 2785 676 2826 non
704 2779 885 2826 autem
911 2773 960 2828 ei
991 2788 1205 2842 quoque
1231 2772 1398 2842 genti,
1437 2787 1558 2841 quae
1589 2771 1907 2840 longissime
1934 2771 1990 2824 in
2021 2776 2134 2824 ter-

566 2863 646 2916 ris
669 2862 1052 2930 remotissimis
1082 2862 1324 2933 degeret,
1350 2861 1808 2932 quemadmodum
1829 2877 1894 2916 ex
1915 2862 1982 2916 iis
2011 2877 2134 2931 qua

565 2952 718 3020 prius
750 2965 780 3004 a
815 2951 972 3006 nobis
1001 2959 1230 3004 tractata
1265 2959 1396 3006 sunt
1425 2950 1680 3020 cognosci
1709 2951 1902 3020 potuit,
1935 2959 1988 3005 et
2008 2967 2133 3006 eum

563 3043 660 3112 qui
694 3053 970 3097 essetnon
1003 3043 1178 3096 solum
1212 3041 1546 3106 Judaaorum,
1575 3041 1668 3096 sed
1703 3043 1867 3104 etiam
1902 3042 2130 3097 aliarum

565 3134 804 3201 gentium
849 3133 1022 3197 Deus,
1080 3140 1354 3202 oporteret
1389 3131 1457 3185 ad
1497 3147 1556 3188 se
1605 3132 2043 3201 cognoscendum
2079 3143 2132 3188 et

564 3227 850 3284 colendum
883 3229 1006 3282 vita:
1035 3227 1316 3282 hominum
1347 3227 1691 3298 suppeditare
1728 3243 1815 3289 ea,
1848 3245 1968 3299 quae
1995 3244 2132 3282 cun-

563 3323 668 3378 ctis
701 3322 826 3376 item
853 3322 1104 3392 gentibus
1129 3320 1280 3374 utilia
1301 3319 1500 3382 forent,
1531 3320 1724 3375 merito
1757 3321 1984 3376 alterum
2013 3335 2135 3390 pro-

562 3417 806 3486 phetam,
839 3417 932 3487 qui
959 3417 1106 3470 nulla
1135 3416 1189 3469 in
1219 3421 1374 3484 parte
1404 3429 1514 3470 suae
1545 3413 1718 3484 ipsius
1747 3413 1944 3468 rationi
1970 3422 2134 3483 atque

483 3515 500 3532 ‘
562 3509 812 3562 instituto
857 3507 1096 3569 cederet.
1143 3507 1211 3562 de
1255 3505 1482 3562 Judaica
1525 3515 1684 3576 gente
1730 3505 2128 3570 suscitandum,

565 3603 790 3655 oraculo
833 3601 1082 3670 exposito
1129 3599 1358 3662 divinat,
1391 3600 1444 3654 in
1476 3599 1620 3654 hunc
1649 3599 1870 3653 modum
1917 3598 1994 3652 illi
2029 3599 2130 3668 ipsi

565 3695 676 3752 Deo
729 3697 1116 3766 respondente.
1160 3713 1178 3746 ι
1226 3693 1550 3763 Prophetam
1608 3693 1886 3748 suscitabo
1945 3693 2024 3747 eis
2063 3692 2131 3746 de

563 3791 826 3844 fratribus
847 3791 1090 3860 ipsorum
1113 3800 1368 3856 tanquam
1387 3797 1458 3850 te.
1473 3787 1683 3842 etdabo
1706 3788 1928 3841 verbum
1951 3801 2128 3842 meum

563 3885 620 3938 in
651 3900 712 3938 os
737 3884 903 3946 illius,
937 3891 991 3936 et
1021 3882 1275 3950 loquetur
1303 3879 1384 3934 eis
1409 3879 1564 3948 juxta
1587 3895 1747 3933 omne
1767 3877 2130 3948 quodcunque

563 3976 893 4030 mandavero
923 3969 999 4028 illi
1026 3989 1038 4023 :
1067 3979 1120 4027 ct
1151 3972 1312 4026 homo
1339 3971 1518 4026 omnis
1547 3972 1858 4040 quicunque
1891 3987 1998 4023 non
2027 3985 2127 4024 au-

562 4066 723 4121 dierit
755 4066 918 4119 verba
953 4065 1073 4133 ejus
1103 4077 1442 4133 quaecunque
1481 4063 1732 4132 loquetur
1779 4063 2038 4131 propheta
2073 4060 2126 4116 in

561 4161 782 4216 nomine
810 4174 950 4224 meo,
995 4173 1092 4228 ego
1128 4157 1360 4210 ulciscar
1400 4173 1466 4212 ex
1496 4171 1561 4212 eo
1578 4157 1648 4213 °‘.
1693 4176 1712 4208 ι
1753 4155 1958 4228 Similia
2001 4171 2128 4210 vero

563 4253 680 4323 ipse
710 4266 928 4322 quoque
957 4249 1168 4322 Moyses
1217 4252 1318 4304 hoc
1357 4251 1636 4304 oraculum
1665 4250 2030 4320 interpretans
2059 4247 2126 4303 ad

561 4345 820 4414 populum
851 4343 926 4396 ait
957 4361 968 4395 :
1003 4360 1021 4390 ι
1057 4341 1380 4410 Prophetam
1405 4341 1474 4396 de
1497 4341 1754 4396 fratribus
1791 4340 1984 4396 vestris
2006 4347 2128 4394 tan-

561 4453 724 4508 quam
753 4452 842 4491 me
879 4435 1164 4491 suscitabit
1209 4433 1472 4488 Dominus
1503 4431 1680 4498 Deus;
1715 4433 1864 4487 illum
1893 4431 2126 4487 audietis

469 4595 480 4606 _
562 4547 614 4584 In
657 4529 908 4584 omnibus
954 4541 1293 4596 quaecunque
1336 4525 1626 4594 postulasti
1669 4539 1699 4577 a
1743 4524 1972 4580 Domino
2015 4523 2125 4580 Deo

563 4637 652 4674 tllO
679 4623 734 4674 in
783 4620 984 4682 lloreb,
1017 4621 1068 4672 in
1095 4621 1180 4674 die
1211 4618 1621 4673 concisionis”.
1657 4637 1674 4670 ι
1709 4617 1844 4670 Num
1875 4619 2036 4687 igitur
2059 4609 2124 4671 et

563 4716 628 4768 Iis
679 4713 770 4782 qui
811 4725 930 4780 post
963 4712 1180 4784 Moysen
1225 4711 1554 4766 exstiterunt
1601 4709 1900 4778 Prophetzn.
1933 4709 2122 4772 Isaias,

563 4805 790 4874 exempli
825 4803 1019 4872 gratia,
1049 4811 1142 4856 aut
1169 4801 1458 4866 Jeremias,
1493 4811 1586 4856 aut
1608 4799 1878 4860 Ezechiel.
1910 4809 2000 4855 aut
2029 4802 2128 4856 Da-

563 4898 688 4960 niel,
721 4903 814 4948 aut
836 4897 976 4950 alius
1007 4895 1276 4964 quispiam
1299 4893 1364 4948 de
1385 4895 1604 4948 caeteris
1632 4893 1914 4948 duodecim
1947 4893 2124 4964 legum

563 4997 754 5042 auctor
783 4985 952 5056 Moysi
977 4985 1342 5040 conferendas
1371 4987 1616 5040 exstitit?
1637 5001 1994 5054 nequaquam.
2019 4985 2124 5040 Sed

563 5096 622 5136 ex
651 5079 760 5134 illis
789 5077 1031 5138 tandem,
1064 5080 1188 5146 quis
1211 5093 1450 5147 unquam
1479 5077 1648 5148 Moysi
1684 5079 1882 5132 similia
1913 5077 2126 5134 ell‘ecit?

563 5185 829 5240 nusquam
863 5169 1065 5238 poteris
1096 5169 1298 5224 dicere.
1336 5169 1442 5224 Sed
1472 5171 1936 5240 quisqueillorum
1969 5187 1998 5224 a
2019 5172 2125 5242 pri-

561 5277 647 5314 mo
679 5261 744 5314 ad
770 5261 1130 5316 novissimum
1163 5277 1520 5331 quoscunque
1549 5263 1903 5317 instituebant
1933 5278 1996 5316 ac
2019 5263 2119 5317 ἀοι

563 5356 772 5419 rebant,
827 5357 893 5408 ad
931 5355 1108 5424 ipsum
1158 5354 1377 5426 Moysen
1426 5355 1810 5420 remittebant,
1861 5365 2025 5428 atque
2066 5359 2120 5413 in

562 5455 658 5498 noe
691 5437 946 5514 populum
993 5445 1478 5515 reprehemlcbant,
1527 5447 1668 5516 quod
1703 5445 1902 5518 Moysis
1949 5449 2118 5519 legem

563 5551 664 5586 non
715 5541 1010 5596 servasset,
1067 5535 1162 5589 sed
1217 5545 1405 5588 contra
1461 5535 1604 5590 illan]
1658 5535 1893 5600 fecisset,
1943 5553 2121 5608 neque

557 5627 706 5682 illum
753 5625 818 5676 ad
867 5623 1162 5693 quidquam
1214 5625 1358 5680 aliud
1399 5627 1780 5691 b'nrtalrantur,
1823 5628 1928 5684 nisi
1959 5628 2026 5683 ad
2055 5643 2116 5682 ea

626 5777 671 5809 ⁶¹¹
709 5774 862 5830 Deut.
909 5793 1064 5835 xvnlt.
1099 5779 1290 5842 18.19.
1369 5783 1412 5813 ’⁷
1445 5781 1576 5834 Ibid.
1609 5780 1790 5844 15,16.

2241 1950 2396 2020 ήμῶν
2438 1935 2640 2020 Ἰησοῦν
2673 1949 2761 2002 τὸν
2799 1949 3028 2020 Χριστὸν
3063 1948 3156 2002 τοῦ
3182 1947 3316 2002 Θεοῦ
3367 1945 3680 2001 συνίσταται
3715 1961 3832 1998 πε-

2241 2041 2345 2113 πλη
2354 2059 2430 2113 ρω
2437 2043 2587 2111 μένα.

2239 2245 2314 2297 B'.
2373 2246 2562 2308 Ὅπως
2606 2244 2735 2310 περὶ
2786 2223 2892 2296 τοῦ
2942 2242 3200 2312 Χριστοῦ
3249 2242 3716 2312 προανεφάηιουν
3762 2242 3828 2298 οι

2702 2313 2976 2380 Ἑϐραίων
2990 2311 2993 2312 ⁷
3006 2311 3321 2382 προφῆται.

2309 2403 2528 2476 Πρῶτος
2557 2404 2844 2476 προφητῶν
2859 2406 3096 2476 Μωῦσῆς
3115 2406 3202 2458 ἒτε
3209 2423 3300 2476 ρον
3319 2404 3600 2477 προφήτην
3625 2405 3828 2475 ὅμοιον

2237 2496 2386 2566 αὑτῷ
2428 2495 2832 2566 ἀναστήσασθαι
2887 2497 3312 2564 εὐαγγελίζεται.
3370 2496 3582 2568 Ἐπειδὴ
3623 2496 3740 2568 γὰρ
3785 2497 3824 2568 ἡ

2237 2592 2356 2644 κατ’
2389 2587 2551 2644 αὐτὸν
2581 2587 2871 2660 νομοθεσία
2917 2589 3062 2660 μόνῳ
3105 2588 3182 2659 τῷ
3225 2589 3491 2642 Ἰουδαίων
3533 2588 3824 2660 προσῆκεν

2237 2682 2398 2745 Εθνει,
2419 2682 2513 2736 καὶ
2543 2683 2714 2752 τούτῳ
2741 2681 2834 2735 ἐπὶ
2870 2683 2966 2752 τῆς
2995 2681 3250 2744 Ἰουδαίας
3277 2681 3401 2752 γῆς,
3429 2681 3462 2752 ἢ
3505 2681 3648 2751 ἀμφὶ
3675 2678 3824 2733 ταύ-

2234 2787 2354 2848 την,
2383 2776 2503 2846 οὐχὶ
2543 2775 2598 2830 δὲ
2645 2775 2739 2829 καὶ
2773 2775 2853 2845 τῷ
2883 2775 3218 2847 πορρωτάτω
3249 2775 3346 2846 τῆς
3377 2773 3682 2843 ἀλλοδαπῆς
3703 2773 3822 2825 δια-

2234 2867 2472 2940 τρίϐοντι
2507 2867 2785 2920 συνῶπται
2827 2866 2914 2920 διὰ
2949 2866 3056 2920 τῶν
3095 2865 3328 2938 πρόσθεν
3366 2866 3496 2936 ἡμῖν
3527 2881 3818 2935 γεγυμνα-

2237 2960 2466 3031 σμένων,
2492 2961 2629 3032 χρῆν
2653 2961 2708 3014 δὲ
2735 2961 2904 3031 δήπου
2930 2959 3021 3014 τὸν
3061 2959 3134 3030 μὴ
3165 2958 3322 3029 μόνον
3359 2957 3622 3011 Ἰουδαίων
3653 2958 3816 3022 Θεὸν,

2235 3051 2370 3106 ἀλλά
2403 3053 2496 3105 καὶ
2526 3053 2714 3115 ἐθνῶν,
2755 3052 2851 3105 καὶ
2891 3051 2960 3106 τὰ
3005 3052 3136 3104 πᾶσι
3171 3053 3284 3112 τοῖς
3333 3049 3510 3102 ἔθνεσι
3555 3048 3816 3120 λυσιτελῆ

2235 3143 2372 3214 πρὸς
2405 3145 2504 3215 τὴν
2540 3143 2703 3196 αὑτοῦ
2741 3143 2938 3212 γνῶσίν
2971 3161 3028 3195 τε
3064 3133 3157 3196 καὶ
3189 3141 3466 3195 εὐσέϐειαν
3505 3145 3818 3213 παρασχεῖν

2237 3236 2314 3306 τῷ
2348 3235 2468 3307 βίῳ·
2519 3236 2740 3298 εἰκότως
2775 3238 3058 3307 προφήτην
3101 3237 3282 3306 ἓτερον
3324 3237 3446 3288 κατ’
3490 3233 3642 3288 οὐδὲν
3682 3235 3818 3289 ἀπο*

2236 3327 2418 3380 δέοντα
2449 3327 2550 3398 τῆς
2581 3329 2700 3380 κατ’
2748 3325 2906 3381 αὐτὸν
2947 3319 3255 3397 οἰκονομίας
3286 3329 3349 3380 ὲκ
3391 3325 3486 3380 τοῦ
3533 3327 3814 3380 Ἰουδαίων

2234 3419 2419 3483 ἔθνους
2447 3421 2767 3490 ἀναστήσειν
2799 3419 2887 3472 διὰ
2917 3419 3164 3490 χρησμοῦ
3203 3418 3468 3482 θεσπίζει,
3511 3417 3702 3471 τοῦτον
3733 3419 3816 3471 εί-

2235 3511 2464 3582 ρηκότος
2496 3511 2659 3564 αὐτοῦ
2712 3511 2806 3564 τοῦ
2868 3511 3002 3563 Θεοῦ
3048 3509 3136 3563 τὸν
3178 3511 3396 3580 τρόπον’
3439 3529 3458 3561 ι
3511 3511 3816 3583 Προφήτην

2233 3604 2523 3673 ἀναστήσω
2549 3605 2730 3666 αὐτοῖς
2752 3605 2813 3656 ἐκ
2844 3603 2951 3656 τῶν
2983 3593 3225 3672 ἀδελφῶν
3255 3604 3451 3666 αὐτῶν,
3485 3604 3676 3676 ῶσπερ
3725 3605 3814 3672 σὲ,

2235 3698 2330 3751 καὶ
2359 3697 2514 3750 δώσω
2546 3699 2605 3751 τὸ
2635 3699 2785 3770 ῥῆμά
2810 3715 2909 3769 μου
2941 3699 2998 3750 ἐν
3019 3697 3098 3767 τῷ
3125 3697 3352 3768 στόματι
3384 3695 3570 3760 αὐτοῦ,
3602 3699 3698 3752 καὶ
3717 3698 3814 3752 λα-

2230 3789 2383 3860 λήσει
2429 3789 2610 3852 αὐτοῖς
2660 3790 2781 3843 καθ’
2811 3791 2840 3843 ὃ
2879 3807 2929 3842 τι
2967 3790 3031 3842 ἂν
3063 3791 3390 3862 ὲντέλλωμαι
3431 3791 3598 3862 αὐτῷ’
3639 3793 3734 3845 καὶ
3779 3789 3814 3847 ὁ

2230 3878 2513 3950 ἄνθρωπος
2542 3881 2600 3942 ὃς
2623 3879 2688 3933 ἂν
2714 3881 2786 3951 μὴ
2821 3881 3026 3954 ἀκούσῃ
3047 3880 3154 3934 τῶν
3179 3881 3350 3949 λόγων
3375 3881 3562 3944 αὐτοῦ,
3601 3883 3704 3936 ὅσα
3740 3883 3812 3938 ἂν

2231 3971 2442 4042 λαλήσῃ
2471 3973 2498 4022 ὁ
2530 3971 2814 4044 προφήτης
2843 3973 2932 4026 ἐπὶ
2963 3973 3040 4044 τῷ
3085 3973 3307 4044 ὀνόματί
3353 3991 3472 4044 μου,
3515 3973 3624 4042 ἐγὼ
3663 3975 3812 4028 ἐκδι-

2228 4067 2384 4137 κήσω
2411 4065 2468 4132 ἐξ
2494 4065 2676 4118 αὐτοῦ.
2721 4084 2739 4116 ι
2771 4064 2848 4118 Τὰ
2877 4067 3036 4136 ὃμοια
3061 4065 3116 4118 δὲ
3161 4065 3254 4118 καὶ
3293 4065 3453 4129 αὐτὸς
3485 4066 3516 4119 ὀ
3565 4067 3812 4137 Μωῦσῆς

2229 4155 2366 4228 πρὸς
2385 4151 2476 4209 τὸν
2501 4155 2628 4214 λαὸν
2657 4157 2733 4210 διε
2743 4157 3022 4228 ρμηνεύων
3043 4155 3103 4209 τὺ
3125 4155 3218 4209 τοῦ
3251 4155 3384 4209 Θεοῦ
3415 4151 3618 4224 λόγιον,
3645 4157 3805 4228 φησί.

2235 4265 2253 4298 ι
2295 4247 2580 4319 Προφήτην
2610 4249 2672 4300 ἐκ
2695 4247 2803 4300 τῶν
2828 4247 3064 4316 ἀδελφῶν
3095 4247 3245 4318 ὑμῶν
3275 4247 3350 4310 ὡς
3377 4247 3475 4317 ἐμὲ
3513 4248 3810 4318 ἀναστήσει

2228 4337 2431 4410 Κύριος
2468 4341 2496 4391 ὁ
2539 4337 2668 4402 Θεός
2715 4356 2830 4402 σου,
2892 4339 3054 4393 αὐτοῦ
3089 4337 3385 4392 ἀκούσεσθε
3431 4339 3573 4392 κατά
3626 4339 3810 4394 πάντα

2228 4432 2329 4485 ὅσα
2356 4434 2540 4504 ᾐτήσω
2567 4431 2716 4503 παρὰ
2745 4432 2947 4504 Κυρίου
2973 4432 3065 4486 τοῦ
3091 4433 3226 4485 Θεοῦ
3257 4435 3314 4486 ὲν
3343 4431 3544 4503 Χωρὴό
3571 4433 3636 4502 τῇ
3667 4431 3809 4502 ἠμέ-

2232 4544 2303 4598 pa
2333 4527 2432 4597 τῆς
2470 4523 2809 4596 Ἐκκλησίας.
2849 4545 2865 4578 ι
2904 4521 2970 4579 Ἀ
2983 4529 3029 4598 ρ’
3053 4521 3144 4579 οὖν
3173 4527 3220 4578 oi
3248 4527 3383 4596 μετά
3401 4525 3640 4578 Μωῦσέα
3671 4541 3807 4596 προ-

2228 4619 2414 4689 φῆται,
2476 4619 2719 4680 Ἡσαΐας,
2763 4617 2915 4689 φέρε,
2957 4618 2990 4689 ἢ
3038 4617 3320 4689 Ἱερεμίας,
3357 4615 3390 4688 ἢ
3437 4615 3714 4687 Ἰεζεκιὴλ,
3765 4615 3802 4688 ἢ

2227 4711 2444 4782 Δανιὴλ,
2496 4712 2528 4782 ή
2565 4727 2650 4774 τις
2687 4711 2871 4783 ἕτερος
2906 4711 3016 4764 τῶν
3057 4711 3284 4775 δώδεκα,
3312 4711 3535 4765 Μωΰσεῖ
3565 4709 3802 4780 κατέστη

2228 4803 2604 4875 παραπλήσιος
2651 4799 2981 4874 νομοθέτης;
3019 4804 3288 4874 οὐδαμῶς.
3345 4803 3503 4856 Ἀλλά
3545 4802 3614 4856 τὰ
3641 4802 3806 4872 ὅμοιά

2226 4913 2310 4959 τις
2334 4896 2554 4950 ἐκείνων
2578 4897 2801 4948 Μωῦσεῖ
2827 4895 3259 4966 διαπέπρακται;
3293 4897 3391 4950 οὐκ
3431 4895 3574 4949 ἔστιν
3601 4897 3798 4948 εἰπεῖν.

2229 4987 2497 5050 Ἕκαστος
2520 4987 2647 5055 γοῦν
2671 4987 2848 5040 αὐτῶν
2869 4987 2974 5040 ἀπὺ
3002 4987 3215 5060 πρώτου
3243 4989 3336 5042 καὶ
3374 4991 3452 5051 εἰς
3489 4985 3579 5040 τὸν
3615 4987 3802 5040 τελευ-

2229 5083 2397 5142 ταῖον,
2429 5081 2518 5132 ἐπὶ
2549 5081 2786 5134 Μωῡσέα
2800 5081 2925 5143 τοὺς
2944 5081 3322 5152 ἀκροωμένους
3345 5080 3674 5150 ἀνέπεμπον,
3704 5078 3800 5132 καὶ

2229 5173 2320 5223 τόν
2342 5187 2404 5239 γε
2435 5171 2574 5224 κατά
2596 5173 2688 5225 τοῦ
2713 5168 2839 5226 λαοῦ
2859 5173 3074 5242 ἔλεγχον
3097 5172 3182 5224 διὰ
3209 5172 3306 5234 τὰς
3334 5171 3674 5244 παραϐάσεις
3701 5171 3795 5224 τοῦ

2231 5261 2507 5326 Μωῦσέως
2522 5264 2798 5316 ἐποιοῦντο
2813 5265 2998 5335 νόμου,
3027 5263 3366 5336 προῦτρεπόν
3389 5281 3448 5316 τε
3486 5263 3632 5316 οὐδὲν
3669 5263 3798 5316 ἄλλο

2229 5351 2262 5424 ἢ
2285 5353 2394 5407 τῶν
2419 5355 2568 5426 παρὰ
2593 5357 2814 5408 Μωῦσεί
2838 5355 3340 5427 νενομοθετημένων
3363 5355 3662 5425 ἐξέχεσθαι.
3699 5355 3800 5408 Οὐ-

2228 5444 2350 5498 δένα
2381 5429 2510 5513 γοῦν
2533 5445 2735 5498 τούτων
2773 5448 2972 5518 ὅμοιον,
3009 5447 3247 5517 Μωῦσῆς
3277 5445 3336 5500 δὲ
3367 5447 3493 5518 περὶ
3526 5447 3640 5510 ἑνὸς
3673 5445 3796 5516 ὡρι-

2231 5537 2441 5607 σμένως
2479 5539 2765 5606 ἀναφωνεῖ.
2807 5539 2938 5592 Τίνα
2974 5539 3149 5592 τοίνυν
3185 5541 3213 5592 ό
3258 5537 3502 5610 χρησμὸς
3548 5537 3792 5602 θεσπίζει

2226 5629 2450 5683 Μωῢσεῖ
2481 5631 2856 5702 παραπλήσιον
2891 5629 3104 5684 ἔσεσθαι
3134 5634 3414 5703 προφήτην
3450 5629 3481 5700 ἢ
3516 5629 3672 5699 μόνον
3699 5627 3793 5684 τὸν
