4018 6512
218 384 329 440 ιον

1111 377 1757 437 DEMONSTRATlONlS
1795 375 2258 433 EVANGELICIE
2297 375 2428 435 LIB.
2463 373 2551 430 Ill.

3362 377 3463 439 l'lO

215 498 457 571 Σωτῆρα
507 500 604 553 καὶ
646 496 850 570 Κύριον
898 497 1051 568 ἡμῶν
1114 496 1318 569 Ἰησοῦν
1371 495 1463 548 τὸν
1524 494 1792 567 Χριστόνς

1910 491 2127 546 firmiter
2168 492 2424 557 tenenda,
2468 507 2589 562 qua
2638 492 2692 546 in
2731 492 2849 562 lege
2884 490 3051 548 Musis
3092 492 3270 563 posita
3310 504 3460 549 sunt.

216 592 415 653 Ὅπως
469 590 528 643 δὲ
558 588 702 642 τοῦτ’
750 591 959 661 εἴρηται
982 628 997 652 ,
1039 588 1427 659 διασκέψασθαι
1480 588 1791 656 ἀναγκαῖον.

211 678 470 748 Μωῦσῆς
521 678 738 750 πρῶτος
789 680 1028 749 ἡγήσατο
1091 677 1184 731 τοῦ
1255 676 1516 730 Ἰουδαίων
1587 674 1790 737 ἔθνους.

211 768 415 839 Εὐρὼν
432 770 496 823 δὲ
524 769 721 830 αὐτοὺς
746 771 811 839 τῇ
836 771 976 822 κατὰ
1000 768 1328 835 Αἰγυπτίους
1355 766 1599 837 πολυθέῳ
1620 764 1795 836 πλάνῃ

212 860 628 930 προσέχοντας,
702 861 916 931 πρῶτος
980 859 1077 930 μὲν
1149 858 1350 931 ταύτης
1415 858 1751 928 ἀπέστρεψεν
1778 898 1792 921 ,

210 951 622 1021 ἀπαραιτήτοις
648 951 941 1021 τιμωρίαις
968 949 1344 1020 ἀπαγορεύσας
1377 948 1793 1019 είδωλολατρεῐν·

212 1038 440 1106 πρῶτος
473 1038 533 1091 δὲ
562 1038 745 1102 αὐτοῖς
784 1040 876 1091 καὶ
915 1040 1012 1109 τὴν
1040 1040 1166 1111 περὶ
1197 1040 1488 1110 μοναρχίας
1522 1038 1795 1105 θεολογίαν

214 1126 578 1197 κατήγγειλε,
609 1128 699 1180 τὸν
720 1127 828 1179 τῶν
857 1130 1112 1182 ἁπάντων
1135 1129 1493 1199 Δημιουργὸν,
1519 1128 1613 1182 καὶ
1639 1145 1796 1198 ποιη-

216 1218 314 1289 τὴν
352 1219 519 1289 μόνον
558 1218 933 1290 παραγγείλας
985 1218 1180 1272 σέϐειν·
1210 1218 1423 1289 πρῶτος
1451 1218 1505 1271 δὲ
1532 1218 1625 1270 καλ⁸
1648 1218 1794 1285 ἀγω-

213 1314 315 1380 τήν
350 1328 479 1363 τινα
532 1310 816 1374 θεοσεϐοῦς
862 1310 975 1381 βίου
1008 1313 1120 1372 τοῖς
1158 1311 1338 1373 αὐτοῖς
1384 1309 1793 1379 διαταξάμενος.

214 1400 519 1471 νομοθέτης
543 1402 727 1463 αὐτοῖς
759 1400 1012 1462 εὐσεϐοῦς
1039 1400 1308 1462 πολιτείας
1333 1400 1543 1470 πρῶτος
1570 1400 1664 1452 καὶ
1697 1396 1795 1469 μό-

215 1509 304 1555 νος
326 1492 734 1546 ἀποδέδεικται.
754 1492 911 1545 Ἀλλὰ
938 1492 1033 1545 καὶ
1072 1492 1276 1563 Ἰησοῦς
1310 1494 1338 1544 ὁ
1364 1492 1596 1564 Χριστὸς
1629 1493 1793 1544 Μωῦ-

216 1586 298 1635 σεί
332 1583 762 1654 παραπλησίως,
794 1584 887 1636 κα)⁸
922 1583 1053 1637 πολὺ
1088 1584 1411 1655 κρειττόνως
1448 1584 1659 1653 πρῶτος
1695 1583 1796 1653 τῆς

213 1677 335 1729 κατ’
374 1675 665 1729 εὐσέϐειαν
696 1676 1043 1740 διδασκαλίας
1091 1679 1203 1739 τοῖς
1235 1676 1441 1738 λοιποῖς
1471 1674 1647 1728 ἔθνεσι
1697 1693 1797 1729 κα-

214 1766 502 1838 θηγήσατο
535 1768 634 1821 καὶ
674 1768 889 1839 πρῶτος
915 1768 1222 1839 ἀνατροπὴν
1248 1767 1348 1838 τῆς
1385 1767 1503 1820 καθ’
1539 1767 1666 1838 ὅλην
1697 1766 1796 1836 τὴν

1899 581 2119 637 Nullum
2177 583 2343 654 igitur
2383 582 2580 637 horum
2621 583 2698 635 illi
2735 583 2967 639 similem
3014 583 3219 640 dixeris
3252 604 3266 641 :
3313 587 3464 657 atqui

1902 674 2079 730 Moses
2110 676 2178 730 de
2215 690 2325 730 uno
2368 674 2632 730 duntaxat
2674 683 2819 729 certe
2850 690 2915 730 ac
2948 674 3168 733 definite
3200 679 3463 749 loquitur.

1901 766 2200 831 Quemnam
2219 764 2382 835 igitur
2398 764 2560 817 alium
2582 762 2715 819 Mosi
2730 764 2962 819 similem
2983 765 3223 821 futurum
3242 769 3469 839 prophe-

1902 864 2011 910 tam
2040 856 2188 911 canit
2216 856 2501 910 oraculum
2525 855 2677 919 illud,
2697 857 2801 911 nisi
2839 856 3173 913 Salvatorem
3203 868 3258 915 et
3285 860 3469 917 Domi-

1902 962 2030 1001 num
2061 953 2305 1001 nostrum
2324 942 2507 1000 Jesum
2527 945 2801 1001 Christum
2819 947 2842 1000 ?
2858 947 3140 1013 Quomodo
3161 960 3342 1007 autem
3364 952 3469 1008 hoc

1901 1039 2103 1093 dictum
2122 1039 2529 1109 sit,diligentius
2544 1041 2897 1110 contemplari
2914 1056 3133 1097 necesse
3144 1041 3471 1101 est.Primus

1903 1130 2079 1186 Moses
2100 1132 2243 1199 genti
2271 1129 2510 1185 Judaicaa
2530 1130 2769 1200 praefuit:
2793 1148 3026 1202 cumque
3048 1150 3142 1191 eos
3176 1136 3469 1206 deprehen-

1901 1223 2070 1279 disset
2095 1221 2365 1294 Egyptiis
2392 1224 2894 1293 superstitionibus,
2914 1227 3315 1297 multorumque
3346 1229 3470 1285 deo-

1901 1332 2021 1371 rum
2040 1317 2187 1370 cultu
2206 1316 2515 1385 implicitos,
2534 1315 2745 1385 primus
2763 1316 2830 1370 ab
2848 1316 2914 1372 iis
2931 1317 3052 1373 illos
3069 1320 3282 1383 avertit,
3302 1320 3474 1376 inevi-

1903 1408 2161 1462 tabilibus
2179 1407 2460 1477 suppliciis
2473 1407 2710 1461 cultores
2726 1407 3140 1462 simulacrorum
3164 1409 3465 1465 deterrens:

1900 1498 2004 1568 91
2037 1506 2090 1553 et
2139 1498 2349 1568 primus
2403 1500 2484 1553 eis
2538 1499 2863 1569 theologiam
2910 1500 3168 1562 ostendit,
3200 1516 3319 1555 eam
3352 1516 3473 1572 quae

1903 1593 2068 1645 unius
2089 1591 2453 1661 principatum
2477 1591 2655 1655 docet,
2681 1591 3044 1660 praecepitque
3074 1598 3132 1644 ut
3163 1607 3328 1645 unum
3355 1593 3474 1662 opi-

1904 1682 2057 1736 ﬁcem
2112 1692 2495 1751 auctoremque
2545 1698 2724 1737 rerum
2775 1682 3016 1737 omnium
3049 1684 3287 1738 colerent
3319 1700 3332 1737 :
3361 1684 3473 1753 pri-

1904 1792 2026 1832 mus
2066 1777 2230 1831 etiam
2285 1775 2551 1844 religiosa:
2576 1775 2700 1829 vita:
2727 1776 2832 1831 illis
2861 1775 3255 1832 institutionem
3280 1793 3474 1847 quam-

215 1860 552 1929 οἰκουμένην
604 1860 1043 1931 είδωλολατρείας
1098 1859 1418 1930 εἰργάσατο·
1476 1857 1689 1930 πρῶτος
1740 1874 1798 1911 τε

1910 1863 2022 1916 dam
2082 1862 2375 1931 disponens
2425 1870 2588 1932 atque
2647 1865 2954 1933 assignans,
3005 1866 3107 1933 pia:
3162 1875 3474 1935 sanctasque

219 1952 314 2021 τὴν
338 1952 463 2015 ἑνὸς
495 1951 594 2003 τοῦ
624 1951 1009 2022 παμϐασιλέως
1037 1950 1170 2005 Θεοῦ
1196 1949 1395 2019 γνῶσίν
1426 1968 1484 2002 τε
1520 1950 1613 2003 καὶ
1645 1949 1799 2002 εὐσέ-

218 2046 370 2098 ϐειαν
412 2046 586 2097 πᾶσιν
621 2043 928 2116 ἀνθρώποις
971 2041 1330 2114 προύϐάλετο,
1361 2042 1547 2096 καινοῦ
1588 2059 1649 2093 τε
1684 2040 1797 2110 βίου

218 2138 310 2189 καὶ
330 2136 616 2200 πολιτείας
641 2135 913 2189 θεοσεϐέσι
940 2134 1317 2205 προσηκούσης
1333 2134 1547 2205 πρῶτος
1567 2134 1797 2201 εἰσαγω-

216 2231 348 2297 γεὺς
389 2230 493 2281 καὶ
524 2228 822 2299 νομοθέτης
860 2228 1251 2280 ἀποδέδεικται.
1302 2226 1410 2279 Καὶ
1442 2227 1509 2279 τὰ
1553 2226 1714 2280 λοιπὰ
1743 2226 1800 2279 δὲ

217 2321 284 2373 τὰ
314 2321 448 2391 περὶ
474 2320 687 2391 κόσμου
725 2319 1008 2387 γενέσεως,
1034 2317 1128 2371 καὶ
1151 2317 1217 2370 τὰ
1247 2319 1372 2388 περὶ
1399 2318 1573 2388 ψυχῆς
1600 2317 1800 2371 ἀθανα-

221 2411 362 2475 σίας,
394 2412 495 2464 καὶ
516 2411 619 2464 ὅσα
647 2410 780 2464 ἄλλα
810 2410 1073 2479 φιλόσοφα
1099 2410 1340 2479 δόγματα
1380 2410 1596 2481 πρῶτος
1634 2410 1799 2463 Μωῦ-

222 2499 320 2569 σῆς
352 2499 435 2570 τῷ
484 2499 760 2553 Ἰουδαίων
794 2498 1110 2571 παρέδωκεν
1156 2498 1330 2562 ἔθνει,
1362 2498 1533 2551 ταῦτα
1574 2496 1800 2567 θεοπρε-

222 2593 491 2663 πέστερον
526 2591 743 2663 πρῶτος
772 2595 881 2655 τοῖς
913 2592 1118 2655 λοιποῖς
1141 2590 1349 2645 ἔθνεσιν
1383 2588 1589 2660 Ἰησοῦς
1613 2592 1640 2643 ὀ
1670 2591 1802 2660 Χρι-

224 2682 343 2744 στὸς
400 2680 496 2735 διὰ
551 2681 662 2734 τῶν
707 2680 869 2735 αὐτοῦ
927 2680 1184 2752 μαθητῶν
1232 2679 1621 2750 κατήγγειλεν·
1662 2678 1801 2733 ὥστε

223 2774 466 2827 Μωῦσέα
510 2773 613 2843 μὲν
662 2772 885 2836 εἰκότως
919 2772 1135 2844 πρῶτον
1180 2772 1274 2825 καὶ
1321 2771 1478 2841 μόνον
1523 2770 1801 2834 εὐσεϐείας

223 2862 527 2934 νομοθέτην
575 2862 971 2933 ἀνηγορεῦσθαι
1015 2862 1307 2925 Ἰουδαίων,
1368 2860 1572 2930 Ἰησοῦν
1618 2861 1674 2913 δὲ
1710 2860 1803 2914 τὸν

225 2954 462 3023 Χριστὸν
486 2953 599 3006 τῶν
626 2953 795 3006 ἐθνῶν
817 2954 1088 3016 ἁπάντων,
1115 2951 1257 3005 κατὰ
1280 2950 1375 3021 τὴν
1403 2954 1649 3021 φήσασαν
1676 2951 1803 3020 περὶ

227 3045 391 3099 αὐτοῦ
426 3046 799 3117 προφητείαν·
829 3065 845 3096 ι
881 3044 1253 3114 Κατάστησον,
1284 3041 1476 3112 Κύριε,
1511 3040 1802 3112 νομοθέτην

228 3139 310 3191 ἐπ’
357 3138 597 3201 αὐτούς·
648 3135 939 3205 γνώτωσαν
986 3136 1134 3206 ἔθνη,
1174 3135 1255 3187 ὅτι
1289 3134 1561 3205 ἄνθρωποί
1603 3135 1726 3186 εἰσι.
1780 3152 1798 3185 ι

228 3231 393 3286 Πάλιν
412 3194 997 3301 Μωῦσῆέθαυμασίοις
1023 3194 1204 3298 ἔργοις
1226 3227 1319 3279 καὶ
1340 3194 1807 3296 παραδοξοποιίαις
1833 3194 1876 3249 c

227 3325 323 3395 τὴν
355 3323 502 3394 πρὸς
553 3321 718 3374 αὐτοῦ
752 3318 1211 3388 καταγγελθεῖσαν
1257 3316 1535 3370 εὐσέϐειαν
1577 3312 1809 3366 Emam-3-

232 3434 377 3470 σατο.
424 3415 704 3477 Ὡσαύτως
737 3414 793 3466 δὲ
832 3414 925 3466 κα⁴ι
952 3415 981 3464 ὁ
1012 3411 1262 3481 Χριστὸς,
1292 3412 1412 3472 ταῖς
1442 3406 1807 3477 άναγράπτοις

230 3507 705 3580 θαυματουργίαις
737 3505 870 3575 πρὸς
902 3504 1081 3556 πίστιν
1114 3501 1220 3554 τῶν
1245 3499 1493 3572 ὁρώντων
1532 3498 1807 3570 κεχρημέ-

231 3619 338 3665 νος,
371 3600 448 3653 τὰ
493 3598 660 3653 καινὰ
706 3598 807 3667 τῆς
844 3595 1201 3665 εὐαγγελικῆς
1252 3592 1591 3656 διδασκαλίας
1643 3590 1807 3644 αὐτοῦ

237 3693 540 3764 μαθήματα
568 3691 947 3760 σνρθεστήσατο.
976 3687 1143 3740 Πάλιν
1158 3686 1392 3756 Μωῦσῆς
1408 3686 1473 3738 ὲκ
1498 3685 1696 3756 πικρᾶς
1711 3683 1810 3753 τῆς

234 3788 321 3840 ὐπ’
355 3783 686 3853 Αἰγυπτίοις
705 3782 945 3844 δουλείας
973 3780 1034 3834 τὸ
1075 3778 1337 3832 Ἰουδαίων
1367 3777 1517 3839 ἔθνος
1545 3779 1623 3838 είς
1655 3776 1808 3828 ὲλευ-

235 3878 420 3949 θερίαν
467 3874 869 3946 μετεστήσατο·
914 3872 1010 3925 καὶ
1057 3867 1262 3939 Ἰησοῦς
1305 3868 1362 3922 δὲ
1402 3870 1430 3921 ὁ
1469 3867 1704 3939 Χριστὸς
1747 3868 1815 3920 ὲκ

236 3970 331 4038 τῆς
358 3969 469 4022 ὑπὸ
495 3969 611 4028 τοῖς
643 3966 893 4035 πονηροῖς
932 3962 1145 4033 δαίμοσι
1184 3960 1473 4025 δυσσεϐοῦς
1513 3961 1606 4014 καὶ
1643 3961 1811 4029 Λίγυ-

238 4060 481 4130 πτιακῆς
521 4056 960 4126 είδωλολατρείας
1005 4056 1084 4117 είς
1130 4053 1437 4125 ἐλευθερίαν
1484 4052 1546 4105 τὸ
1596 4052 1812 4106 πάντων

238 4146 547 4219 ἀνθρώπων
595 4146 751 4214 γένος
791 4143 1167 4219 ἀνεκαλέσατο.
1217 4142 1383 4196 Πάλιν
1423 4143 1662 4210 Μωῦσῆς
1708 4144 1813 4213 γῆν

240 4241 403 4308 ἁγίαν
447 4238 543 4292 καὶ
591 4236 814 4307 θεοφιλῆ
862 4236 971 4304 βίον
1024 4237 1081 4288 ἐν
1124 4234 1295 4308 ταύτῃ
1340 4236 1433 4288 καὶ
1482 4235 1814 4307 μακαριστὸν

238 4335 348 4395 τοῖς
384 4332 500 4384 τῶν
539 4330 719 4399 νόμων
761 4327 984 4399 φύλαξιν
1024 4327 1416 4397 ἐπηγγείλατο·
1455 4327 1715 4391 ὡσαύτως
1756 4327 1814 4380 δὲ

240 4422 329 4476 καὶ
386 4418 599 4491 Ἰησοῦς
630 4420 659 4471 ὁ
697 4419 948 4487 Χριστὸς,
988 4436 1007 4469 ι
1056 4417 1353 4487 Μακάριοι,
1396 4436 1413 4469 ι
1461 4417 1647 4487 φησὶν,
1687 4436 1706 4469 ι
1763 4418 1813 4471 οί

1901 1952 2214 2022 reipublicae.
2244 1950 2573 2027 illis‘auctor
2602 1961 2657 2006 et
2682 1953 2891 2021 primus
2914 1961 2967 2008 et
2991 1954 3142 2009 solus
3169 1956 3421 2025 apparuit
3453 1972 3470 2011 τ

1903 2042 2051 2113 atqui
2094 2040 2253 2097 Jesus
2280 2057 2496 2111 quoque
2522 2041 2778 2099 Christus
2808 2045 2951 2099 sicut
2983 2043 3159 2100 Moses
3190 2045 3468 2108 similiter,

1902 2148 1965 2187 ac
2022 2134 2191 2188 multo
2239 2132 2455 2203 quidem
2509 2136 2907 2193 excellentius:
2944 2137 3037 2206 qui
3092 2138 3303 2206 primus
3348 2137 3470 2206 ejus

1902 2223 2183 2285 doctrinae,
2237 2239 2359 2295 qua:
2406 2240 2587 2279 veram
2633 2226 2946 2296 religionem
2983 2228 3218 2284 instituit
3249 2230 3474 2300 reliquis

1902 2314 2175 2384 gentibus.
2225 2323 2417 2368 auctor
2469 2321 2524 2368 et
2570 2318 2830 2386 magister
2872 2317 2996 2383 fuit,
3054 2326 3109 2373 et
3141 2319 3348 2388 primus
3376 2335 3475 2390 per

1903 2412 2072 2459 totum
2112 2413 2379 2459 terrarum
2411 2405 2597 2459 orbem
2650 2407 3065 2462 simulacrorum
3091 2411 3297 2463 cultum
3319 2425 3474 2464 ενοι·-

1902 2496 1988 2560 tit,
2021 2494 2338 2566 primusque
2390 2493 2554 2549 unius
2606 2496 2851 2551 omnium
2890 2497 3034 2567 regis
3077 2496 3173 2553 Dei
3209 2499 3474 2569 cognitio-

1905 2603 2028 2642 nem
2078 2597 2132 2642 et
2186 2589 2544 2641 reverentiam
2568 2587 2809 2642 "cunctis
2836 2589 3075 2644 ostendit
3114 2590 3426 2646 hominibus
3455 2630 3472 2656 ,

1903 2694 2164 2747 novaeque
2226 2678 2347 2732 vitae
2393 2693 2458 2732 ac
2508 2679 2612 2748 piis
2667 2679 2979 2735 hominibus
3033 2682 3469 2745 accommodatas,

1905 2770 2214 2840 reipublicae
2243 2771 2454 2840 primus
2490 2768 2854 2835 introductor,
2874 2771 3114 2842 legisque
3136 2772 3273 2825 lator
3304 2774 3475 2827 exsti-

1903 2863 1987 2915 tit.
2015 2862 2096 2916 Ad
2132 2863 2265 2927 haec,
2295 2876 2356 2916 ea
2385 2875 2505 2931 qua:
2538 2859 2604 2916 de
2627 2861 2817 2916 mundi
2848 2871 2995 2927 ortu,
3029 2871 3083 2919 et
3109 2879 3230 2934 quae
3258 2863 3325 2919 de
3350 2865 3473 2918 ani-

1903 2969 2006 3009 mae
2033 2953 2439 3007 immortalitate
2471 2952 2739 3020 feruntur,
2771 2953 2986 3025 aliaque
3018 2954 3201 3010 omnia
3243 2955 3480 3025 philoso-

1905 3046 2065 3117 phica
2111 3052 2381 3116 praecepta
2420 3061 2758 3116 quaecunque
2787 3034 3043 3115 ejusdem.
3071 3053 3199 3101 sunt
3240 3047 3475 3117 generis,

1909 3141 2118 3211 primus
2153 3140 2329 3196 Moses
2360 3138 2670 3197 Judaaorum
2703 3141 2926 3196 tradidit
2965 3135 3195 3193 nationi.
3224 3137 3327 3193 Sed
3360 3138 3476 3193 haec

1912 3230 2082 3284 multo
2136 3215 2404 3298 divinius,
2471 3233 2680 3303 p‘imus
2734 3232 2945 3287 caeteris
3012 3232 3263 3303 gentibus
3318 3229 3478 3285 Jesus

1909 3323 2162 3380 Christus
2196 3343 2291 3395 per
2321 3342 2451 3383 suos
2486 3326 2786 3398 discipulos
2810 3326 3223 3391 demonstravit,
3254 3332 3313 3378 ut
3348 3338 3479 3380 sane

1909 3417 2105 3472 merito
2158 3416 2361 3473 Mosem
2406 3420 2642 3489 primum
2700 3420 2985 3488 solumque
3027 3417 3245 3488 pietatis
3300 3416 3477 3486 legum

1911 3507 2133 3562 latorem
2183 3507 2493 3563 Judaeorum
2546 3510 2816 3580 appellare
2872 3524 3086 3578 aequum
3144 3508 3237 3571 sit,
3293 3506 3491 3562 Jesum'

1912 3606 2093 3653 autem
2129 3599 2406 3655 Christum
2458 3602 2699 3672 gentium
2749 3601 3144 3663 universarum,
3178 3600 3319 3656 sicut
3354 3613 3482 3669 pro-

1913 3690 2093 3759 phetia
2120 3706 2242 3761 qua
2256 3690 2321 3746 de
2352 3692 2444 3747 illo
2477 3702 2581 3756 est,
2609 3693 2757 3748 canit
2794 3713 2806 3747 :
2842 3711 2867 3745 ι
2900 3692 3205 3755 Constitue,
3231 3690 3478 3757 Domine,

1916 3780 2279 3849 legislatorem
2337 3797 2501 3853 super
2556 3799 2674 3850 eos,
2732 3790 3032 3855 agnoscant
3085 3791 3276 3854 gentes
3334 3782 3480 3853 quod

1914 3873 2160 3929 homines
2182 3876 2421 3933 sunt'h
2454 3875 2629 3931 Moses
2659 3884 2912 3946 prmterea
2943 3876 3110 3946 gestis
3143 3874 3483 3930 mirabilibus

1913 3975 1968 4020 et
1996 3967 2279 4038 prodigiis,
2314 3969 2627 4039 religionem
2657 3984 2685 4022 a
2721 3983 2779 4023 se
2807 3968 3112 4023 institutam
3141 3977 3195 4021 et
3226 3966 3481 4021 traditam

1918 4056 2277 4113 conﬁrmavit.
2329 4058 2516 4114 Itidem
2570 4057 2823 4114 Christus
2874 4060 2941 4114 iis
2995 4057 3309 4135 miraculis,
3361 4070 3486 4126 quas

1917 4149 2079 4202 etiam
2110 4152 2330 4220 scriptis
2364 4150 2561 4205 tradita
2590 4166 2714 4207 esse
2748 4166 2938 4205 omnes
2967 4150 3219 4205 novimus
3256 4147 3324 4203 ad
3354 4148 3485 4203 [ide-

1919 4239 2049 4293 lium
2076 4242 2397 4298 intuentium
2430 4258 2586 4306 usus,
2660 4242 2817 4299 novis
2864 4256 2975 4297 suae
3022 4238 3286 4296 doctrinae
3319 4252 3490 4294 evan-

1917 4331 2101 4400 gelica:
2159 4332 2467 4402 praeceptis,
2528 4333 2878 4387 stabilitatem
2942 4346 3007 4385 ac
3068 4331 3484 4400 perpetuitatem

1920 4420 2184 4490 adiunxit.
2217 4421 2429 4476 Rursus
2453 4422 2630 4477 Moses
2657 4428 2871 4491 gentem
2906 4418 3189 4474 Iudaicam
3230 4420 3298 4472 ab
3344 4419 3489 4473 into-

242 4516 467 4585 πραεῖς,
505 4513 588 4565 ὃτι
632 4511 782 4565 αὐτοὶ
820 4510 1285 4581 κληρονομήσουσι
1328 4509 1425 4580 τὴν
1451 4510 1574 4579 γῆν.
1619 4530 1637 4562 ι
1668 4511 1806 4563 Πολύ

1922 4509 2129 4564 lerabili
2180 4512 2462 4575 servitute,
2489 4527 2593 4581 qua
2625 4513 2693 4566 ab
2725 4510 2995 4582 Egyptiis
3033 4513 3398 4580 premebatur,
3429 4510 3488 4565 in

246 4606 533 4677 κρείττονα
574 4603 698 4673 γῆν,
733 4601 945 4673 άληθῶς
977 4603 1069 4656 καὶ
1104 4603 1261 4671 ἁγίαν
1301 4604 1395 4655 καὶ
1424 4602 1664 4674 θεοφιλῆ,
1695 4603 1817 4673 οὐχὶ

245 4699 340 4770 τὴν
374 4698 471 4750 ἐπὶ
502 4696 605 4766 τῆς
654 4684 939 4758 Ἰουδαίας,
973 4696 1053 4748 ὅτι
1104 4693 1267 4765 μηδὲν
1308 4694 1409 4763 τῆς
1450 4693 1641 4764 λοιπῆς
1678 4695 1814 4766 αῦτη

245 4792 552 4861 διενήνοχεν
571 4827 585 4851 ,
618 4786 751 4841 ἀλλὰ
779 4788 876 4860 τὴν
906 4788 1024 4841 κατ’
1060 4785 1285 4858 οὐρανὸν
1317 4784 1515 4855 ψυχαῖς
1555 4785 1820 4855 φιλοθέοις

246 4884 652 4953 προσήκουσαν,
681 4883 793 4944 τοῖς
832 4878 1151 4950 κατορθοῦσι
1186 4877 1276 4931 τὸν
1297 4879 1433 4949 πρὸς
1481 4880 1642 4931 αὐτοῦ
1683 4895 1818 4931 κατ-

248 4974 583 5044 ηγγελμένον
619 4972 729 5042 βίον
763 4971 1147 5041 ὑποσχόμενος.
1188 4970 1252 5023 Ὃ
1291 4970 1355 5041 δὴ
1415 4970 1507 5022 καὶ
1542 4969 1821 5041 παριστὰς

249 5065 590 5137 λευκότερον,
629 5067 741 5128 τοῖς
785 5064 920 5135 πρὸς
962 5062 1125 5115 αὐτοῦ
1163 5061 1617 5133 μακαριζομένοις
1664 5062 1815 5131 βασι-

251 5160 396 5213 λείαν
439 5157 688 5229 οὐρανῶν
727 5155 1073 5227 κατήγγειλε.
1126 5155 1235 5208 Καὶ
1280 5153 1444 5222 ἄλλας
1491 5154 1548 5207 δὲ
1594 5152 1821 5225 πράξεις

254 5251 430 5324 εὐροις
472 5250 538 5303 ἂν
567 5249 673 5301 ὐπὸ
707 5248 799 5302 τοῦ
830 5247 1078 5318 Σωτῆρος
1107 5245 1263 5317 ήμῶν
1299 5244 1567 5316 κρείττονι
1605 5245 1637 5316 ἢ
1679 5244 1820 5298 κατὰ

255 5342 488 5397 Μωῦσέα
510 5340 738 5411 δυνάμει
766 5338 1069 5408 γεγονυίας,
1104 5334 1487 5407 παραπλησίας
1520 5352 1582 5403 γε
1611 5336 1714 5406 μὴν
1731 5330 1820 5399 αἷς

256 5434 346 5487 καὶ
372 5433 401 5485 ὁ
426 5431 668 5497 Μωῦσῆς
693 5427 1034 5500 διεπράξατο.
1067 5421 1190 5481 υἶον
1221 5427 1295 5490 ὡς
1328 5428 1418 5479 ἐπὶ
1445 5427 1820 5497 παραδείγμαο

257 5536 362 5584 τος,
403 5519 647 5588 Μωῦσῆς
671 5514 864 5588 ἑφεξῆς
890 5516 1298 5588 τεσσαράκοντα
1325 5518 1534 5589 ἡμέρας
1569 5516 1821 5588 ὲνήστευ-

1921 4602 2224 4658 libertatem
2255 4604 2568 4659 vindicavit.
2587 4603 2837 4657 Christus
2869 4618 3107 4672 quoque,
3131 4617 3290 4656 omne
3314 4615 3488 4672 genus
3578 4592 3585 4599 ’

1921 4692 2240 4759 humanum,
2278 4695 2346 4749 ab
2388 4695 2554 4765 impio
2596 4702 2758 4764 atque
2815 4692 3129 4764 Egyptiaco
3165 4692 3489 4748 simulacro—

1920 4800 2042 4839 rum
2072 4785 2242 4851 cultu,
2273 4801 2384 4856 quo
2428 4786 2529 4840 sub
2581 4786 2741 4842 malis
2795 4786 3132 4841 daemonibus
3183 4785 3489 4849 tenebatur,

1920 4879 2196 4955 revocavit
2240 4880 2304 4933 ad
2355 4879 2680 4935 libertatem.
2743 4878 2986 4949 Denique
3055 4878 3231 4936 Moses
3287 4885 3490 4933 terram

1922 4978 2190 5034 sanctam,
2244 4976 2298 5025 et
2334 4971 2389 5025 in
2445 4986 2510 5025 ea
2564 4971 2728 5045 vitam
2769 4970 2880 5025 Deo
2922 4980 3128 5040 gratam
3177 4976 3232 5024 et
3277 4968 3490 5022 beatam

1923 5060 2012 5124 iis,
2044 5062 2137 5131 qui
2187 5062 2331 5133 leges
2382 5072 2682 5128 servarent,
2737 5063 3008 5133 promisit.
3053 5060 3227 5115 Simili
3284 5061 3493 5112 ratione

1923 5150 2082 5208 Jesus
2108 5153 2385 5219 Christus,
2426 5175 2444 5207 ι
2476 5156 2648 5220 Beati,
2672 5156 2869 5225 inquit,
2899 5155 3078 5215 mites,
3108 5150 3362 5219 quoniam
3390 5150 3495 5218 ipsi

1926 5244 2281 5313 possidebunt
2310 5254 2509 5301 terram
2526 5246 2593 5310 ",
2635 5266 2654 5299 ι
2682 5247 2842 5315 longe
2870 5244 3058 5313 utique
3084 5240 3362 5295 meliorem
3391 5245 3497 5292 ter-

1923 5344 2063 5399 ram,
2100 5351 2334 5407 vereque
2387 5345 2633 5394 sanctam
2676 5353 2741 5392 ac
2786 5336 2895 5391 Deo
2944 5341 3174 5405 gratam,
3224 5345 3330 5384 non
3374 5344 3497 5384 eam

1927 5442 2047 5498 qua:
2075 5436 2155 5483 est
2182 5429 2236 5483 in
2260 5428 2466 5493 Judaaa,
2493 5446 2613 5501 qua:
2638 5430 2797 5500 plane
2825 5443 2855 5481 a
2888 5426 3112 5495 reliquis
3134 5423 3272 5478 nihil
3296 5421 3495 5484 dilfert,

1930 5519 2023 5575 sed
2068 5519 2163 5575 Dei
2202 5521 2557 5576 amatricibus
2588 5521 2641 5575 in
2674 5521 2815 5576 caelo
2843 5516 3134 5573 animabus
3170 5514 3499 5570 couvenien~

262 5627 368 5675 τεν,
392 5612 523 5683 ὡςή
559 5611 599 5662 Γ
604 5610 750 5682 ραφή
794 5610 1061 5680 μαρτυρεί
1090 5607 1323 5675 λέγουσα
1344 5624 1358 5639 ·
1400 5626 1418 5660 ι
1459 5609 1565 5661 Καὶ
1596 5602 1664 5677 ἦν
1710 5609 1806 5661 ὲκε

1930 5620 2058 5679 tem,
2088 5611 2196 5685 92
2228 5612 2296 5670 iis
2342 5612 2433 5683 qui
2474 5612 2690 5669 vivendi
2744 5612 3011 5671 rationem
3065 5624 3099 5664 a
3155 5622 3214 5664 se
3265 5605 3497 5677 positam

331 5790 376 5821 "
404 5789 543 5845 Psal.
577 5805 653 5849 Ix.
688 5787 779 5842 21.
848 5786 893 5817 "
934 5784 1122 5839 Matth.
1157 5800 1211 5851 ν,
1253 5785 1309 5845 ι.

424 5888 695 5945 Parum“
740 5883 858 5943 Gtt.
896 5879 1091 5941 XXII.
