4018 6520
569 369 666 424 ΠΙ

1209 365 1484 423 EUSEBII.
1511 365 1994 432 CESABIENSIS
2024 365 2176 424 OPP.
2211 367 2399 423 PARS
2439 367 2500 422 ll.
2548 397 2616 408 --
2653 367 3150 426 APOLOGETICA.

3682 375 3792 430 ΓΒ

558 486 716 556 plene
745 484 1173 548 observaverint,
1205 485 1503 556 pollicitus.
1533 483 1686 550 Quod
1719 486 1935 555 quidem
1965 501 2107 556 aper-

2224 487 2463 558 Μωῦσῆς
2485 487 2660 540 ἔναντι
2684 489 2884 560 Κυρίου
2901 489 3302 559 τεσσαράκοντα
3319 489 3424 560 ήμέ
3433 505 3530 562 ρας
3557 493 3648 546 καὶ
3663 509 3718 546 τε
3727 511 3790 546 σ-

555 581 666 634 tius
699 577 946 634 indicans
974 579 1062 642 iis,
1089 593 1228 649 quos
1261 577 1402 648 apud
1429 593 1490 632 se
1512 579 1701 633 beatos
1738 578 1952 634 l‘uturos
1983 594 2118 649 prae-

552 670 786 737 dicabat,
799 685 1026 742 regnum
1055 670 1318 726 cmlorum
1343 669 1651 739 appellavit.
1673 668 1962 732 Craterum,
1983 669 2118 724 alias

551 775 770 831 quoque
797 777 888 816 res
919 775 948 814 a
978 759 1256 814 Salvatore
1279 766 1469 815 nostro
1492 770 1672 829 gestas
1701 760 1962 826 invenies,
1999 775 2119 830 qua:

551 855 754 910 virtute
799 855 957 924 longe
995 854 1344 922 praestiterint
1381 853 1472 916 iis,
1510 867 1647 922 quas
1698 851 1874 908 Moses
1924 851 2114 916 edidit,

551 959 798 1014 magnam
833 953 1010 998 tamen
1043 961 1166 999 cum
1199 943 1456 998 Mosaicis
1497 943 1606 999 illis
1637 946 1895 999 habentes
1927 943 2120 997 simili-

519 1069 522 1074 -
551 1038 813 1090 tudinem.
847 1035 1090 1106 Exempli
1115 1036 1288 1106 gratia
1331 1054 1344 1089 :
1379 1035 1556 1091 Moses
1589 1043 1734 1090 totos
1756 1035 2118 1105 quadraginta

550 1128 664 1181 dies
697 1127 916 1195 jejunus
957 1126 1077 1181 fuit.
1107 1125 1240 1180 Nam
1274 1125 1558 1196 Scriptura
1598 1127 1700 1181 hoc
1743 1127 1820 1180 illi
1879 1127 2118 1181 testimo-

549 1220 696 1274 nium
730 1219 964 1284 exhibet,
1001 1236 1020 1268 ι
1061 1227 1116 1272 et
1144 1218 1265 1281 fuit,
1305 1219 1504 1288 inquit,
1539 1218 1717 1274 Moses
1749 1219 1860 1273 illic
1889 1218 1944 1272 in
1979 1233 2116 1271 con-

549 1320 735 1378 spectu
791 1307 1026 1361 Domini.
1071 1307 1437 1377 Quadraginta
1490 1309 1608 1362 dies
1649 1315 1715 1375 et.
1755 1307 2116 1377 quadraginta

549 1405 738 1451 noctes
793 1411 986 1466 panem
1038 1412 1144 1450 non
1191 1396 1322 1458 edit.
1359 1404 1412 1452 et
1445 1411 1642 1466 aquam
1688 1411 1796 1451 non
1851 1396 2056 1450 bibit‘:
2089 1415 2110 1448 ι

549 1488 732 1542 itidem
781 1487 941 1541 etiam
980 1486 1258 1542 Christus.
1293 1487 1504 1541 Etenim
1548 1489 1630 1540 sic
1675 1488 1938 1556 scriptum
1979 1495 2108 1542 est:

551 1595 571 1628 ι
605 1589 659 1632 et
689 1577 948 1648 agebatur
985 1577 1038 1631 in
1065 1576 1340 1632 desertum
1372 1578 1726 1648 quadraginta
1756 1577 1894 1644 dies,
1925 1585 1980 1632 et
2002 1585 2118 1632 ten-

546 1669 766 1724 tabatur
785 1683 814 1720 a
839 1669 1076 1734 diabolo,
1091 1677 1144 1722 et
1165 1669 1300 1722 nihil
1323 1669 1558 1724 comedit
1593 1669 1648 1722 in
1677 1667 1868 1722 diebus
1899 1668 2058 1722 illis’.
2089 1688 2108 1720 ι

545 1758 760 1815 Rursus
793 1759 970 1814 Moses
1003 1760 1056 1812 in
1081 1759 1294 1814 deserto
1333 1760 1584 1814 alimenta
1629 1761 1826 1832 p0pulo
1859 1761 2108 1830 praebuit.

2221 580 2526 649 σαράκοντα
2563 582 2794 642 νύκτας,
2829 581 2992 654 ἄρτον
3019 581 3120 634 οὐκ
3147 580 3344 650 ἔφαγε,
3373 582 3468 635 καὶ
3505 581 3649 656 ὕδωρ
3683 587 3790 639 οὐκ

2219 669 2388 722 ἔπιεν.
2444 687 2462 720 ι
2529 669 2796 732 Ὡσαύτως
2848 671 2902 722 δὲ
2963 670 3054 724 καὶ
3097 673 3126 724 ὁ
3173 671 3423 744 Χριστός.
3471 672 3788 744 Γέγραπται

2218 758 2374 826 γοῦν⁸
2425 776 2442 808 ι
2487 759 2596 811 Kai
2640 759 2804 830 ήγετο
2844 763 2922 822 είς
2973 759 3070 830 τὴν
3123 759 3328 832 ἔρημον
3379 763 3790 833 τεσσαράκοντα

2217 851 2444 922 ἡμέρας,
2485 851 2878 922 πειραζόμενος
2911 851 3018 904 ὑπὸ
3055 851 3149 904 τοῦ
3195 852 3460 916 διαϐόλου,
3503 855 3596 906 καὶ
3631 855 3790 908 οὐδὲν

2217 942 2414 1010 ἔφαγεν
2448 945 2507 994 έν
2533 944 2652 1005 ταῖς
2679 942 2916 1013 ἡμέραις
2943 942 3230 1006 ἐκείναις.»
3269 944 3378 996 Καὶ
3419 943 3580 998 πάλιν
3617 947 3790 999 Maii}-

2217 1033 2317 1102 σῆς
2348 1034 2404 1086 ὲν
2440 1034 2506 1104 τῇ
2543 1033 2732 1103 ἐρήμῳ
2773 1032 2976 1102 τροφὰς
3017 1033 3094 1102 τῷ
3123 1033 3236 1103 λαῴ
3267 1034 3525 1105 παρέσχε.
3551 1035 3716 1102 Λέγει
3737 1034 3788 1088 δ’

2215 1119 2308 1176 οὖν
2338 1125 2370 1193 ἡ
2407 1123 2628 1194 Γραφή·
2686 1142 2704 1173 ι
2768 1123 2898 1176 Ἰδοὺ
2933 1122 3042 1191 ἐγὼ
3077 1123 3268 1194 δίδωμι
3319 1124 3446 1194 ὑμῖν
3487 1122 3685 1194 ἄρτους
3719 1126 3790 1177 ὲκ

2214 1214 2308 1266 τοῦ
2354 1213 2602 1283 ούρανοῦ.
2655 1233 2674 1265 ι
2709 1214 2816 1266 Καὶ
2861 1217 2974 1284 μετ’
3021 1214 3208 1281 ὀλίγα·
3251 1231 3271 1265 ι
3319 1213 3566 1282 Ἐγένετο
3612 1231 3788 1267 κατα-

2216 1309 2532 1379 παυομένης
2577 1309 2674 1376 τῆς
2703 1308 2892 1379 δρόσου
2927 1307 3109 1378 κύκλῳ
3140 1309 3238 1378 τῆς
3269 1307 3654 1378 παρεμϐολῆς,
3687 1309 3788 1360 καὶ

2220 1399 2327 1452 ίδοὺ
2369 1401 2459 1451 ἐπὶ
2495 1399 2781 1470 πρόσωπον
2813 1399 2912 1468 τῆς
2947 1401 3151 1471 ἐρήμου
3186 1398 3378 1452 λεπτὸν
3421 1399 3552 1451 ὡσεὶ
3595 1398 3788 1468 κόριον

2215 1486 2424 1552 λευκὸν,
2457 1487 2588 1540 ὡσεὶ
2626 1489 2796 1555 πάγος
2831 1489 2922 1540 ἐπὶ
2952 1488 3050 1558 τῆς
3083 1489 3206 1558 γῆς.
3247 1507 3265 1539 ι
3309 1489 3417 1540 Καὶ
3444 1489 3472 1540 ὁ
3501 1487 3690 1558 Σωτὴρ
3721 1488 3786 1542 δὲ

2216 1580 2308 1632 καὶ
2338 1579 2541 1650 Κύριος
2575 1579 2730 1649 ἡμῶν
2767 1578 3026 1642 ὡσαύτως
3069 1579 3200 1648 φησὶ
3247 1578 3378 1648 πρὸς
3423 1579 3546 1641 τοὺς
3583 1577 3784 1631 ἑαυτοῦ

2217 1671 2460 1742 μαθητάς
2479 1688 2493 1702 °
2535 1689 2552 1722 ι
2583 1670 2645 1722 Τί
2675 1670 3035 1738 διαλογίζεσθε
3074 1671 3131 1722 ἐν
3165 1671 3394 1734 ἑαυτοῖς,
3423 1669 3782 1738 ὀλιγόπιστοι,

2215 1764 2294 1816 ὅτι
2327 1763 2522 1834 ἄρτους
2559 1763 2659 1816 οὐκ
2710 1761 2965 1826 ὲλάϐετε;
3000 1760 3150 1814 οὔπω
3194 1763 3362 1814 νοεῖτε
3397 1761 3520 1814 οὐδὲ
3565 1778 3784 1832 μνημο-

545 1851 680 1905 Nam
737 1852 1014 1922 Scriptura
1064 1854 1144 1906 sic
1180 1852 1342 1906 habet
1383 1870 1396 1906 :
1431 1871 1449 1903 ι
1491 1851 1630 1908 Ecce
1685 1867 1786 1922 ego
1834 1853 1904 1906 do
1957 1852 2107 1907 vobis

2213 1853 2394 1907 νεύετε
2435 1855 2560 1918 τοὺς
2593 1855 2751 1907 πέντε
2781 1855 2977 1924 ἄρτους
3009 1854 3116 1906 τῶν
3157 1852 3634 1923 πεντακισχιλίων,
3681 1854 3784 1907 καὶ

545 1959 712 2014 panes
757 1945 824 1998 de
872 1945 1069 1999 cmlo‘.
1107 1963 1126 1996 ι
1163 1943 1229 1996 Ει
1260 1945 1422 2014 paulo
1473 1953 1631 2013 post:
1662 1963 1680 1994 ι
1723 1943 1948 1998 Factum
1995 1952 2102 2008 est,

547 2037 742 2104 inquit,
779 2051 904 2088 cum
941 2034 1282 2090 subsedisset
1314 2049 1405 2087 ros
1434 2035 1638 2088 circum
1671 2045 1870 2096 castra,
1899 2040 1952 2086 et
1983 2049 2110 2088 ecce

543 2141 710 2196 super
738 2125 931 2180 faciem
973 2124 1174 2180 deserti
1230 2124 1500 2178 minutum
1548 2124 1706 2194 quasi
1759 2123 2108 2178 coriandrum

545 2220 746 2283 album,
765 2218 918 2289 quasi
943 2217 1062 2288 gelu
1093 2232 1255 2286 super
1281 2215 1541 2270 terram‘.
1565 2234 1584 2266 ›
1618 2213 1865 2269 Salvator
1894 2229 2110 2284 quoque

543 2325 608 2366 ac
631 2311 896 2366 Dominus
921 2317 1110 2364 noster
1139 2309 1207 2363 ad
1231 2308 1532 2379 discipulos
1563 2321 1728 2362 suos:
1775 2326 1794 2358 ι
1826 2306 1990 2372 Quid,
2029 2308 2108 2361 in.

541 2404 678 2474 quit,
696 2402 1010 2473 cogitatisin
1025 2401 1178 2456 vobis
1195 2402 1348 2472 ipsis,
1369 2401 1586 2455 modicae
1609 2399 1752 2460 lidei,
1772 2399 1916 2470 quod
1939 2415 2106 2470 panes

541 2509 650 2548 non
689 2492 1012 2562 accepistis?
1053 2493 1294 2546 nondum
1325 2492 1498 2557 scitis,
1531 2507 1708 2562 neque
1745 2491 2107 2546 recordamini

541 2584 782 2654 quinque
823 2595 990 2652 panes
1029 2582 1272 2652 quinque
1295 2583 1562 2636 millium?
1587 2591 1642 2638 et
1679 2592 1812 2652 quot
1842 2581 2106 2652 c0phinos

541 2674 858 2744 recepistis?
877 2687 1053 2741 neque
1080 2683 1306 2742 septem,
1333 2682 1572 2743 quatuor
1599 2673 1865 2727 millium?
1896 2681 1950 2726 et
1974 2681 2107 2742 quot

543 2773 756 2835 sportas
805 2765 1074 2818 tulistis?l
1107 2782 1124 2814 ι
1153 2761 1282 2817 item
1323 2761 1536 2834 Moyses
1571 2779 1665 2832 per
1689 2762 1926 2817 medium
1956 2777 2106 2816 mare

543 2857 822 2925 ingressus
851 2862 954 2917 est,
973 2853 1280 2924 populoque
1310 2853 1522 2908 itineris
1555 2852 1664 2906 dux
1700 2853 1822 2907 fuit.
1842 2851 1931 2907 Sic
1959 2854 2102 2908 enim

545 2946 706 3000 habet
731 2943 1014 3014 Scriptura
1051 2964 1064 2998 :
1105 2963 1123 2996 ι
1165 2944 1416 2998 Extendit
1457 2944 1634 3000 Moses
1689 2959 1911 2998 manum
1945 2959 2102 2998 suam

543 3037 598 3090 in
629 3051 816 3091 mare:
843 3047 896 3090 et
927 3035 1186 3090 subduxit
1217 3034 1476 3091 Dominus
1523 3051 1672 3092 mare
1711 3043 1871 3090 vento
1919 3046 2104 3090 austro

541 3127 778 3182 violento
825 3129 996 3182 totum
1025 3128 1189 3192 diem,
1225 3135 1278 3182 et
1311 3127 1435 3181 fecit
1477 3141 1624 3180 mare
1673 3127 1900 3188 siccum,
1937 3135 1990 3182 et
2020 3127 2105 3181 di-

541 3219 658 3274 visa
690 3227 774 3272 est
811 3233 973 3288 aqua,
1009 3227 1062 3274 et
1111 3219 1447 3273 transierunt
1501 3218 1595 3272 ﬁlii
1643 3217 1810 3274 lsrael
1858 3233 1953 3288 per
1988 3233 2103 3272 me-

2209 1946 2402 2010 πόσους
2434 1946 2686 2015 κοφίνους
2709 1945 2962 2010 ὲλάδετες
2990 1945 3109 1998 οὐδὲ
3129 1947 3256 2007 τοὺς
3283 1946 3423 1999 ἑπτὰ
3445 1945 3553 1998 τῶν
3581 1963 3784 2014 τετρα-

2210 2037 2510 2106 κισχιλίων,
2565 2037 2659 2090 καὶ
2697 2037 2866 2097 πόσας
2912 2036 3174 2106 σπυρίδας
3219 2035 3469 2101 ὲλάὸετε;
3529 2047 3550 2088 ι
3601 2037 3782 2090 Πάλιν

2208 2129 2445 2199 Μωῡσῆς
2465 2127 2552 2181 διὰ
2579 2128 2748 2198 μέσης
2769 2129 2866 2198 τῆς
2887 2127 3158 2197 θαλάσσης
3183 2127 3384 2197 διῆλθε,
3409 2129 3502 2181 καὶ
3529 2127 3619 2182 τὸν
3647 2128 3780 2182 λαὸν

2206 2217 2476 2289 ὡδήγησε.
2511 2218 2670 2286 Λέγει
2697 2217 2740 2270 δ’
2765 2213 2856 2271 οὖν
2887 2219 2920 2288 ή
2954 2217 3139 2287 Γραφή
3161 2233 3174 2247 ’
3209 2239 3227 2268 ι
3277 2216 3534 2284 Ἐξέτεινε
3566 2218 3778 2288 Μωσῆς

2206 2308 2303 2379 τὴν
2352 2312 2508 2381 χεῖρα
2557 2308 2722 2362 αὑτοῦ
2766 2309 2857 2362 ἐπὶ
2901 2310 3000 2380 τὴν
3041 2308 3330 2372 θάλασσαν,
3387 2311 3481 2364 καὶ
3520 2311 3778 2381 ὑπήγαγε

2207 2399 2410 2470 Κύριος
2451 2401 2546 2469 τὴν
2587 2401 2856 2454 θάλασσαν
2904 2399 3088 2470 ἀνέμῳ
3136 2401 3273 2470 νότῳ
3316 2400 3474 2472 βιαίῳ
3513 2401 3642 2471 ὅλην
3673 2399 3778 2473 τὴν

2208 2490 2440 2562 ἡμέραν,
2483 2491 2576 2544 καὶ
2613 2492 2832 2561 ἐποίησε
2859 2491 2958 2561 τὴν
2991 2490 3262 2545 θάλασσαν
3287 2493 3476 2564 ξηρὰν,
3502 2493 3594 2546 καὶ
3617 2492 3776 2563 ἐσχί-

2208 2581 2306 2651 σθη
2341 2582 2400 2634 τὸ
2431 2580 2593 2652 ὕδωρ,
2633 2583 2727 2635 καὶ
2761 2581 2972 2652 διῆλθον
3006 2585 3054 2636 oi
3093 2583 3198 2636 υίοὶ
3234 2583 3444 2655 Ἰσραὴλ
3467 2582 3555 2636 διὰ
3598 2584 3778 2654 μέσης

2204 2677 2302 2743 τῆς
2347 2673 2620 2744 θαλάσσης
2663 2675 2802 2726 κατὰ
2849 2675 2908 2727 τὸ
2943 2675 3124 2746 ξηρὸν,
3165 2676 3259 2728 καὶ
3303 2677 3363 2728 τὸ
3407 2675 3547 2748 ὕδωρ
3585 2676 3776 2740 αὐτοῖς

2204 2767 2380 2833 τεῖχος
2403 2766 2465 2815 ὲκ
2480 2763 2689 2826 δεξιῶν,
2712 2765 2804 2816 καὶ
2826 2767 3000 2834 τεῖχος
3021 2764 3076 2832 ἐξ
3109 2766 3418 2835 εὐωνύμων,
3435 2785 3453 2816 ι
3494 2765 3773 2830 Ὡσαύτως

2203 2852 2260 2904 δὲ
2312 2853 2405 2905 καὶ
2461 2853 2657 2922 μᾶλλον
2705 2854 3161 2926 θεοπρεπέστερον
3213 2855 3419 2926 Ἰησοῦς
3461 2857 3490 2907 ὁ
3533 2857 3774 2926 Χριστὸς

2204 2943 2296 2998 τοῦ
2349 2943 2480 2996 Θεοῦ
2546 2945 2640 2996 ἐπὶ
2709 2945 2808 3015 τῆς
2873 2943 3145 3015 θαλάσσης
3209 2947 3604 3018 περιπατήσας,
3671 2947 3772 3000 καὶ

2203 3037 2292 3089 τὸν
2334 3037 2536 3108 Πέτρον
2574 3035 2775 3106 βαίνειν
2819 3039 2905 3088 ἐπ’
2951 3037 3118 3107 αὐτῆς
3161 3037 3400 3108 ἐποίησε.
3454 3038 3772 3108 Γέγραπται

2203 3128 2250 3181 δ’
2287 3123 2398 3182 οὖν·
2455 3147 2472 3178 ι
2518 3125 2765 3198 Τετάρτῃ
2805 3127 2860 3182 δὲ
2911 3127 3122 3198 φυλακῇ
3162 3129 3262 3198 τῆς
3302 3129 3491 3192 νυκτὸς
3531 3125 3690 3198 ἦλθεν
3735 3130 3776 3182 ὁ

2217 3218 2420 3290 Ἰησοῦς
2451 3219 2586 3290 πρὸς
2631 3221 2828 3282 αὐτοὺς
2859 3217 3171 3290 περιπατῶν
3204 3219 3296 3271 ἐπὶ
3325 3223 3422 3290 τῆς
3459 3219 3770 3291 θαλάσσης·

539 3309 689 3364 dium
727 3325 876 3364 mare
910 3310 964 3364 in
991 3313 1228 3372 sicco,et
1253 3326 1392 3380 aqua
1416 3311 1496 3366 eis
1523 3325 1710 3366 murus
1743 3326 1772 3364 a
1795 3309 2023 3374 dextris,
2049 3321 2104 3365 et

2208 3313 2297 3364 καὶ
2333 3312 2528 3375 ἰδόντες
2567 3311 2726 3365 αὐτὸν
2763 3311 3160 3382 περιπατοῦντα
3195 3313 3286 3365 ἐπὶ
3325 3315 3424 3382 τῆς
3469 3311 3770 3383 θαλάσσης,

539 3416 729 3456 murus
787 3415 818 3454 a
871 3401 1146 3457 sinistris“
1191 3421 1204 3457 :
1257 3421 1276 3454 ι
1325 3403 1488 3457 simili
1537 3410 1825 3472 potestate,
1875 3418 1940 3458 ac
1991 3402 2103 3458 Deo

2208 3403 2597 3474 ἐταράχθησαν.
2639 3423 2660 3456 ι
2711 3403 2821 3458 Καὶ
2867 3405 2984 3473 μετ’
3017 3403 3200 3471 ὀλίγαο
3259 3423 3278 3454 ι
3333 3404 3668 3474 Ἀποκριθεὶς
3707 3403 3772 3455 δὲ

537 3494 700 3548 etiam
737 3495 1172 3554 convenientius.
1199 3494 1356 3550 Jesus
1393 3496 1486 3564 qui
1512 3495 1765 3550 Christus
1790 3502 1874 3550 est
1907 3493 2020 3562 Dei,
2047 3495 2102 3550 in

2208 3494 2347 3564 αὐτῷ
2379 3497 2406 3547 ὁ
2441 3494 2643 3566 Πέτρος
2677 3491 2794 3558 εἷπε
2817 3511 2831 3524 ο
2881 3494 3076 3565 Κύριε,
3108 3496 3155 3546 εἰ
3187 3495 3252 3548 σὺ
3299 3490 3365 3559 εἷ,
3411 3494 3659 3548 κέλευσόν
3697 3512 3770 3566 με

539 3583 826 3654 superﬁcie
862 3585 1028 3638 maris
1079 3585 1386 3655 ingrediens
1417 3585 1634 3640 Petrum
1668 3587 1795 3641 item
1831 3587 1898 3640 ad
1929 3601 1988 3642 se
2019 3587 2105 3641 in-

2208 3586 2372 3639 ὲλθεῖν
2407 3587 2540 3658 πρὸς
2571 3587 2629 3639 σὲ
2667 3587 2759 3638 ἐπὶ
2817 3585 2886 3638 τὰ
2932 3586 3114 3638 ὕδατα.
3167 3587 3222 3638 '0
3250 3587 3304 3640 δὲ
3344 3582 3516 3640 εἶπεν.
3577 3584 3765 3639 Ἐλθέο

537 3676 728 3732 cedere
753 3691 919 3746 super
957 3677 1144 3732 eadem
1182 3676 1326 3732 fecit.
1364 3676 1498 3732 Nam
1547 3678 1628 3732 sic
1671 3678 1932 3747 scriptum
1965 3686 2050 3732 est
2083 3697 2097 3732 :

2208 3679 2295 3732 καὶ
2357 3680 2596 3742 καταϐὰς
2659 3679 2768 3732 ἀπὸ
2812 3677 2906 3731 τοῦ
2979 3677 3164 3732 πλοίου
3231 3679 3435 3748 Πέτρος
3504 3677 3770 3750 περιεπά-

542 3783 562 3816 ι
589 3765 793 3832 Quarta
837 3775 1018 3822 autem
1057 3769 1240 3837 vigilia
1290 3770 1490 3832 noctis,
1515 3769 1662 3822 venit
1691 3768 1852 3824 Jcsus
1876 3769 1944 3822 ad
1977 3770 2100 3825 illos

2208 3785 2362 3837 τησεν
2411 3770 2501 3821 ἐπὶ
2543 3769 2608 3822 τὰ
2649 3767 2836 3821 ὕδατα.
2873 3787 2891 3819 ι
2937 3768 3106 3820 Πάλιν
3145 3769 3384 3838 Μωῡσῆς
3413 3767 3595 3838 ἀνέμῳ
3626 3767 3771 3838 νότῳ

537 3859 818 3912 ambulans
841 3873 1005 3927 supra
1035 3873 1204 3921 mare,
1225 3865 1416 3913 etcum
1437 3858 1702 3914 vidissent
1729 3859 1880 3912 illum
1906 3859 2100 3914 ambu-

2208 3858 2356 3928 βιαίῳ
2405 3857 2571 3928 ἔπηξε
2609 3857 2706 3928 τὴν
2758 3857 3048 3913 θάλασσαν.
3083 3858 3242 3926 Λέγει
3271 3858 3312 3910 δ’
3343 3854 3434 3911 οὖν
3467 3860 3500 3928 ή
3537 3859 3762 3930 Γραφή’

537 3949 737 4003 lantem
753 3964 916 4018 supra
933 3965 1101 4014 mare,
1115 3950 1424 4004 conturbati
1443 3958 1569 4004 sunt
1585 3951 1626 4002 ⁷.
1651 3968 1668 4001 ι
1689 3949 1752 4002 Ει
1771 3951 1926 4021 paulo
1941 3958 2062 4020 post
2081 3970 2095 4006 :

2208 3971 2222 4001 ι
2280 3949 2534 4013 Ἐξέτεινε
2563 3949 2620 4002 δὲ
2645 3951 2882 4020 Μωῦσῆς
2911 3950 3005 4020 τὴν
3036 3953 3191 4022 χεῖρα
3223 3951 3316 4004 ἐπὶ
3338 3950 3434 4021 τὴν
3465 3951 3764 4014 θάλασσαν,

543 4059 562 4091 ι
584 4039 938 4108 Respondeas
971 4046 1149 4094 autem
1179 4039 1254 4092 illi
1273 4039 1486 4106 Petrus,
1513 4039 1648 4096 dixit
1669 4060 1680 4094 :
1699 4039 1945 4106 Domine,
1971 4042 2014 4095 si
2040 4049 2098 4096 tu

2208 4041 2292 4092 καὶ
2344 4039 2592 4110 ὑπήγαγε
2652 4038 2854 4104 Κύριος
2905 4040 3002 4110 τὴν
3056 4038 3330 4092 θάλασσαν
3389 4039 3574 4109 ἀνέμῳ
3625 4041 3768 4112 νότῳ

536 4132 756 4200 es.jube
773 4147 858 4186 me
873 4131 1056 4186 venire
1075 4129 1141 4184 ad
1163 4141 1214 4186 te
1235 4147 1399 4201 super
1416 4145 1618 4202 aquas:
1639 4132 1728 4188 ille
1748 4143 1927 4186 autem
1940 4133 2095 4196 dixit,

2208 4130 2376 4200 βιαίῳ.
2429 4149 2447 4180 ι
2502 4129 2609 4182 Καὶ
2650 4129 2934 4200 ἐπιφέρει·
2991 4148 3009 4181 ι
3058 4131 3265 4200 Ἐπάγη
3315 4131 3384 4183 τὰ
3433 4131 3652 4202 κύματα
3703 4135 3766 4185 ὲν

537 4222 671 4280 Veni
705 4245 719 4279 :
759 4233 814 4280 et
845 4225 1183 4280 descendens
1219 4225 1286 4280 de
1337 4225 1462 4279 navi
1507 4225 1739 4292 Petrus,
1785 4225 2099 4280 ambulabat

2208 4223 2348 4292 μέσῳ
2374 4221 2471 4292 τῆς
2510 4220 2802 4290 θαλάσσης.
2844 4239 2862 4272 ι
2907 4219 3174 4284 Ὡσαύτως
3211 4221 3265 4274 δὲ
3300 4222 3392 4274 καὶ
3417 4221 3548 4274 πολὺ
3579 4238 3764 4292 κρειτ-

536 4335 698 4388 supra
745 4319 972 4390 aquas“.
1015 4338 1034 4370 ι
1075 4317 1286 4374 Rursus
1319 4317 1518 4384 Moses,
1548 4303 1932 4374 vento'austro
1981 4318 2098 4370 vio-

2208 4311 2360 4373 ιόνως
2392 4312 2420 4362 ὁ
2455 4307 2640 4380 Σωτὴρ
2675 4309 2828 4380 ἡμῶν
2873 4309 3170 4378 ἐπετίμησε
3221 4309 3298 4378 τῷ
3343 4309 3526 4380 ἀνέμῳ
3569 4310 3661 4362 καὶ
3689 4313 3760 4382 τῇ

535 4413 679 4466 lento
726 4427 876 4467 mare
921 4411 1153 4466 solidum
1197 4412 1344 4468 feeit.
1395 4409 1530 4464 Nam
1563 4409 1894 4481 Scriptura:
1935 4427 1953 4460 ι
1992 4409 2099 4462 Ex»

2208 4399 2456 4472 θαλάσσῃ,
2503 4401 2594 4453 καὶ
2627 4400 2840 4468 ἐγένετο
2871 4398 3078 4468 γαλήνη
3115 4398 3343 4468 μεγάλη.
3381 4396 3545 4452 Πάλιν
3596 4399 3760 4452 Mm?)-

534 4505 727 4564 tendit.
757 4503 866 4574 93
885 4504 1076 4573 'inquit
1104 4541 1120 4567 ,
1158 4501 1333 4558 Moses
1367 4517 1582 4556 manum
1635 4515 1801 4571 super
1833 4513 2000 4562 mare,
2041 4508 2096 4553 et

2208 4491 2332 4554 τέως
2363 4491 2470 4546 ἀπὸ
2501 4491 2593 4543 τοῦ
2627 4491 2783 4562 ὅρους
2809 4489 3102 4552 κατιόντος,
3146 4489 3206 4541 τὸ
3237 4488 3521 4558 πρόσωπον
3552 4489 3761 4558 ἑωρᾶτο

535 4595 754 4650 sustulit
785 4595 1042 4650 Dominus
1066 4610 1215 4650 mare
1251 4603 1412 4649 vento
1437 4603 1624 4649 austro
1651 4593 1891 4647 violento
1914 4631 1930 4654 ,
1977 4611 1994 4640 ι
2027 4605 2090 4644 ac

2208 4585 2408 4656 πλήρης
2449 4583 2624 4654 δόξης.
2661 4583 2970 4654 Γέγραπται
3013 4583 3056 4634 δ’
3090 4579 3210 4635 οὖν’
3261 4599 3280 4632 ι
3321 4581 3675 4634 Καταὸαίνων
3714 4581 3758 4633 δ’

534 4685 812 4754 sulijungit
839 4703 852 4740 :
896 4703 914 4735 ι
958 4683 1236 4740 Steterunt
1264 4683 1421 4737 undae
1445 4684 1500 4737 in
1533 4683 1711 4738 medio
1733 4684 1865 4736 mari
1899 4681 2093 4736 ’.ιΕε-

534 4776 654 4832 dein
679 4777 885 4830 ratione
913 4789 976 4828 ac
1007 4777 1176 4830 multo
1203 4774 1420 4842 quidem
1451 4771 1820 4841 prastantius,
1848 4770 2094 4826 Salvator

533 4872 718 4918 noster
755 4882 773 4914 ι
809 4864 1080 4933 increpuit
1111 4871 1325 4918 ventum
1380 4869 1434 4916 et
1469 4875 1619 4916 mare
1648 4899 1666 4924 ,
1720 4868 1774 4914 et
1820 4859 1960 4913 facta
2011 4868 2094 4913 est

534 4953 896 5024 tranquillitas
923 4967 1118 5022 magna
1147 4953 1211 5006 ιθ.
1250 4971 1267 5004 ι
1299 4950 1463 5006 Mosis
1493 4952 1620 5004 item
1650 4949 1850 5012 vultus,
1875 4963 1997 5002 cum
2029 4947 2097 5002 de

535 5055 716 5101 monte
747 5043 1123 5109 descenderet,
1175 5044 1503 5099 cernebatur
1539 5043 1729 5111 plenus
1761 5041 1951 5111 gloria.
2006 5039 2098 5094 Sic

535 5141 678 5192 enim
706 5137 970 5207 scriptum
995 5145 1082 5192 est
1111 5153 1124 5190 :
1174 5155 1192 5186 ι
1234 5133 1579 5190 Descendens
1610 5143 1788 5190 autem
1821 5133 1996 5188 Moses
2030 5132 2097 5188 de

2197 4677 2356 4739 αὐτὸς
2385 4679 2449 4728 ἐκ
2479 4676 2570 4728 τοῦ
2595 4676 2752 4748 ὅρους
2777 4677 3032 4746 Μωῦσῆς,
3067 4675 3164 4727 οὐκ
3185 4674 3320 4744 ᾔδει,
3345 4675 3426 4726 ὅτι
3450 4673 3760 4739 δεδόξασται

2197 4771 2230 4839 ὴ
2265 4768 2383 4837 ὄψις
2415 4767 2506 4820 τοῦ
2538 4768 2742 4839 χρωτὸς
2775 4766 2866 4822 τοῦ
2910 4765 3198 4838 προσώπου
3245 4765 3427 4824 αὑτοῦ,
3463 4768 3519 4818 ὲν
3561 4764 3638 4835 τῷ
3664 4765 3762 4819 αὐ-

2199 4858 2291 4912 τὸν
2322 4857 2498 4912 λαλεῖν
2543 4857 2721 4928 αὐτῷ·
2755 4857 2847 4910 καὶ
2891 4853 3027 4910 εἶδεν
3067 4855 3292 4928 Ἀαρὼν,
3339 4856 3432 4910 καὶ
3470 4855 3666 4918 πάντες
3708 4857 3759 4908 oi

2197 4949 2552 5020 πρεσϐύτεροι
2591 4951 2698 5002 τῶν
2741 4948 2871 5002 υἱῶν
2909 4948 3119 5018 Ἰσραὴλ
3151 4948 3239 5002 τὸν
3271 4948 3526 5018 Μωῦσῆν,
3562 4947 3654 5000 καὶ
3689 4941 3762 5017 ἦν

2193 5039 2550 5110 δεδοξασμένη
2591 5041 2624 5112 ή
2669 5039 2790 5108 ὄψις
2815 5039 2908 5092 τοῦ
2943 5041 3146 5111 χρωτὸς
3189 5039 3278 5092 τοῦ
3321 5037 3610 5108 προσώπου
3657 5038 3761 5090 αὐ-

2196 5131 2304 5186 τοῦ.
2345 5150 2364 5182 ι
2409 5131 2676 5194 Ὡσαύτως
2719 5131 2777 5184 δὲ
2824 5133 2918 5185 καὶ
2957 5132 3088 5184 πολὺ
3122 5131 3477 5202 διαφερόντως
3507 5132 3534 5182 ὁ
3565 5129 3763 5200 ἡμέτε-

2201 5239 2290 5293 ρος
2313 5223 2521 5294 Σωτὴρ,
2551 5222 2840 5291 ἀναγαγὼν
2872 5223 2996 5286 τοὺς
3028 5221 3219 5275 ἑαυτοῦ
3253 5221 3496 5292 μαθητὰς
3525 5224 3603 5284 είς
3634 5221 3761 5293 ὅρος

539 5241 758 5294 monte,
801 5230 918 5301 ipse
945 5229 1222 5288 nesciebat
1263 5227 1406 5298 quod
1451 5227 1784 5298 glorilicatus
1831 5236 1976 5282 esset
2010 5241 2100 5280 as-

2202 5313 2400 5384 ὐψηλὸν
2452 5314 2588 5378 λίαν,
2633 5313 3028 5384 μετεμορφώθη
3079 5313 3383 5384 ἔμπροσθεν
3425 5313 3618 5376 αὐτῶν,
3666 5313 3762 5366 καὶ

541 5334 730 5394 pectus
745 5322 1056 5379 outisfaeiei
1075 5321 1430 5384 suae,dumad
1453 5321 1627 5389 ipsum
1654 5319 1964 5388 loqueretur
2000 5336 2013 5371 :
2043 5327 2098 5372 et

541 5417 674 5469 vidit
725 5417 945 5478 Aaron,
988 5431 1284 5484 onmesque
1341 5415 1584 5474 seniores
1637 5412 1869 5466 ﬁliorum
1928 5409 2094 5464 lsrael

2208 5406 2405 5478 ἔλαμψε
2432 5408 2492 5460 τὸ
2525 5407 2809 5476 πρόσωπον
2837 5405 2999 5460 αὑτοῦ
3033 5406 3108 5468 ὼς
3139 5407 3168 5458 ὁ
3197 5405 3366 5476 ἥλιος,
3391 5405 3458 5458 τὰ
3485 5405 3542 5458 δὲ
3573 5405 3764 5474 ἱμάτια

533 5503 718 5558 Mosen
749 5543 764 5566 ,
817 5512 871 5558 et
917 5512 1034 5558 erat
1084 5504 1416 5574 glorilicatus
1465 5511 1716 5572 aspectus
1754 5502 1896 5556 cutis
1935 5499 2090 5552 faciei

2208 5498 2359 5554 κὺτοῦ
2394 5499 2606 5569 ἐγένετο
2635 5497 2803 5552 λευκὰ
2841 5498 2915 5562 ὡς
2947 5498 3007 5552 τὸ
3030 5497 3164 5568 φῶς.
3211 5499 3376 5551 Πάλιν
3403 5497 3638 5567 Μωῦσῆς
3670 5495 3764 5548 λε-

605 5733 621 5762 ¹
652 5730 817 5786 Exod.
852 5743 1037 5792 uxrv,
1069 5728 1159 5782 28.
1233 5731 1253 5760 ³
1285 5727 1414 5782 Luc.
1449 5743 1518 5788 Iv,
1547 5725 1662 5780 1-2.
1735 5727 1754 5756 ³
1781 5725 1950 5778 Exod.
1983 5739 2093 5788 XVI,
2130 5723 2182 5776 5.
2263 5723 2282 5755 ⁸
2305 5721 2439 5776 Ibid.
2475 5722 2711 5792 15,14.“
2737 5723 2756 5754 ⁸
2791 5721 2981 5776 Matth.
3019 5736 3131 5785 XVI,
3154 5721 3314 5792 78-10.
3391 5721 3412 5750 ⁸
3441 5717 3611 5792 Ελχρὰ.
3645 5734 3760 5785 lxv,

535 5800 722 5862 2|,“22.
797 5802 817 5833 τ
847 5789 1035 5855 Matth.
1059 5814 1168 5861 xw,
1195 5797 1284 5864 25,
1311 5797 1397 5852 26.
1475 5797 1495 5830 '
1523 5795 1656 5851 lbid.
1683 5795 1863 5862 28,29.
1939 5795 1960 5825 ⁹
1983 5793 2149 5848 Exod.
2187 5809 2294 5859 xxv,
2318 5792 2508 5860 21,22.
2587 5793 2630 5824 ¹⁰
2665 5789 2852 5846 Matth.
2880 5792 3119 5853 “11.26:
3153 5791 3283 5847 Luc.
3317 5806 3434 5850 vm.
3467 5789 3557 5845 24.
