4018 6520
253 380 366 443 473

1172 382 1822 451 DEMONSTRATIONIS
1866 380 2321 452 manantem
2360 382 2491 451 me.
2537 384 2625 451 nt.

3417 395 3513 450 ΓΗ

247 498 397 569 πρὺν
429 499 747 575 ἐκαθάρισε.
782 504 1087 575 Γέγραπται
1120 508 1164 559 δ’
1198 505 1320 561 οὖν·
1366 528 1384 559 ι
1428 511 1533 561 Καὶ
1570 509 1675 563 ἰδοὺ
1704 510 1825 563 Μα-

1929 509 2048 577 ejus
2079 510 2142 563 “.
2176 528 2195 560 ι
2231 506 2405 562 Simili
2430 509 2659 572 ratione,
2690 512 2743 562 et
2780 506 2939 578 longe
2985 505 3202 571 quidem
3232 508 3502 563 excellen-

251 592 345 661 ρία
388 592 649 665 λεπρῶσα
697 596 827 649 ὡσεὶ
868 598 1019 667 χιών.
1063 619 1081 651 ι
1134 602 1241 653 Καὶ
1279 602 1393 672 μετ’
1432 600 1618 670 ὀλίγα·
1666 619 1684 652 ι
1726 602 1834 655 Καὶ

246 683 448 755 ἐϐόησε
478 688 720 757 Μωῦσῆς
765 690 897 757 πρὸς
938 690 1160 761 Κύριον,
1195 692 1367 759 λέγων
1392 710 1403 722 ·
1446 693 1503 746 'U
1536 693 1688 755 Θεὸς,
1718 692 1836 745 δέο-

250 793 375 846 μαι,
413 777 564 830 ἴασαι
592 779 779 849 αὐτήν.
814 800 832 832 ι
871 780 1141 845 Ὡσαύτως
1167 783 1220 835 δὲ
1247 784 1338 836 καὶ
1371 783 1576 854 μείζονι
1609 784 1834 854 δυνάμει

245 868 509 935 ἐξουσίας
556 870 587 921 6
631 871 863 941 Χριστὸς
916 871 1010 925 τοῦ
1058 873 1213 937 Θεοῦ,
1254 875 1640 946 προσελθόντος
1685 875 1833 946 αὐτῷ

244 959 458 1031 λεπροῦ
488 962 581 1013 καὶ
600 964 885 1031 φήσαντος,
915 982 935 1015 ι
960 964 1083 1017 Ἐὰν
1100 966 1278 1038 θέλῃς,
1311 966 1528 1020 δύνασαί
1567 985 1631 1037 με
1668 968 1834 1021 x101-

248 1051 424 1120 ρίσαι,
488 1054 852 1122 ἀπεκρίνατο·
900 1056 1065 1119 Θέλω,
1102 1057 1488 1129 καθαρίσθητι’
1523 1060 1610 1111 καὶ
1636 1058 1833 1111 ἐκαθα-

248 1144 414 1213 ρίσθη
484 1145 653 1197 αὑτοῦ
706 1146 965 1218 ήλέπρα.
1012 1167 1030 1199 ι
1085 1149 1251 1204 Πάλιν
1304 1150 1541 1220 Μωῦσῆς
1589 1150 1835 1222 δακτύλῳ

247 1234 386 1287 Θεοῦ
410 1236 584 1306 ἔφησε
613 1238 705 1291 τὸν
746 1239 907 1308 νόμον
941 1242 1263 1311 γεγράφθαι.
1300 1243 1610 1313 Γέγραπται
1640 1244 1683 1296 δ’
1716 1240 1832 1297 οὖνδ

252 1344 273 1376 ι
318 1327 435 1379 Καὶ
486 1327 655 1379 ἔδωκε
700 1327 775 1398 τῷ
824 1330 1065 1393 Μωῦσεῖ,
1114 1330 1273 1399 ἡνίκα
1321 1331 1627 1384 κατέπαυσε
1662 1331 1834 1385 λαλῶν

246 1418 399 1487 αὖτῷ
442 1422 505 1471 ὲν
531 1419 613 1488 τῷ
649 1420 761 1491 ὄρει
798 1422 943 1485 Σινᾶ,
992 1421 1090 1483 τὰς
1131 1422 1221 1474 δύο
1254 1422 1463 1486 πλάκας
1506 1423 1596 1475 τοῦ
1635 1436 1837 1495 μαρτυ-

250 1509 391 1577 ρίου,
431 1509 652 1574 πλάκας
683 1512 885 1575 λιθίνας
930 1515 1315 1584 γεγραμμένας
1358 1514 1434 1585 τῷ
1466 1516 1709 1587 δακτύλῳ
1742 1517 1833 1570 τοῦ

246 1599 407 1653 Θεοῦ.
444 1621 464 1652 ι
508 1602 620 1655 Καὶ
661 1606 717 1657 ὲν
746 1608 808 1674 τῇ
860 1605 1086 1671 Ἐξόδῳο
1121 1624 1139 1656 ι
1182 1603 1347 1658 Εἶπον
1380 1600 1470 1659 οὖν
1506 1610 1555 1661 οἱ
1601 1610 1836 1663 ἐπαοιδοὶ

246 1692 325 1762 τῷ
361 1692 607 1763 Φαραώ⁸
662 1715 679 1745 ‹
722 1697 998 1761 Δάκτυλος
1030 1697 1162 1751 Θεοῦ
1191 1701 1305 1752 ἐστι
1361 1700 1532 1753 τοῦτο.
1580 1720 1597 1751 ι
1648 1698 1836 1754 Ὡσαύ-

248 1796 356 1845 τως
390 1783 449 1836 δὲ
498 1785 596 1837 καὶ
640 1785 849 1854 Ἰησοῦς
890 1789 917 1839 6
958 1786 1191 1860 Χριστὸς
1221 1790 1313 1842 τοῦ
1362 1789 1495 1842 Θεοῦ
1530 1794 1643 1853 τοῖς
1672 1793 1836 1859 Φαρι-

1936 599 2043 653 tius
2073 637 2089 663 ,
2121 597 2370 651 Salvator
2396 606 2582 652 noster
2615 616 2633 647 ι
2660 610 2784 650 cum
2816 594 3063 649 duxisset
3099 608 3229 651 suos
3262 593 3503 662 discipu-

1936 691 2018 744 los
2048 690 2101 743 in
2137 698 2375 744 montem
2407 691 2682 745 excelsum
2728 689 2882 743 valde
2904 728 2918 754 ,
2964 686 3383 757 transﬁguratus
3419 696 3502 741 est

1934 796 2114 837 coram
2146 781 2248 846 eis,
2282 790 2335 835 et
2363 782 2697 852 resplenduit
2729 781 2894 836 facies
2923 780 3042 849 ejus
3084 787 3141 832 ut
3180 779 3262 833 sol
3286 820 3301 843 ,
3332 778 3500 832 vesti-

1938 883 2121 927 menta
2166 881 2347 927 autem
2387 873 2505 942 ejus
2560 872 2700 926 facta
2753 881 2882 928 sunt
2926 872 3046 925 alba
3078 872 3221 926 sicut
3255 871 3346 923 lux
3377 870 3439 923 ".
3476 886 3496 921 ι

1936 963 2111 1018 Moses
2141 965 2268 1017 item
2308 964 2579 1033 leprosum
2616 963 2915 1018 mundavit.
2942 962 3219 1033 Siquidem
3238 963 3499 1031 scriptum

1932 1061 2017 1109 est
2050 1072 2063 1107 :
2101 1072 2119 1106 ι
2166 1054 2233 1107 Et
2259 1068 2384 1109 ecce
2416 1054 2581 1108 Maria
2614 1059 2759 1124 lepra
2795 1056 3030 1110 candens
3075 1056 3215 1109 sicut
3251 1056 3342 1108 nix
3367 1055 3429 1105 ¹³.
3476 1072 3496 1109 υ

1935 1144 2000 1198 Et
2029 1147 2188 1214 paqu
2222 1153 2343 1215 post
2377 1164 2389 1199 :
2435 1163 2453 1195 ‹
2502 1144 2567 1198 Ει
2593 1147 2840 1199 clamavit
2868 1145 3041 1200 Moses
3072 1145 3139 1199 ad
3184 1143 3498 1208 Dominum,

1934 1236 2163 1291 dicens:
2204 1236 2367 1303 Deus,
2396 1237 2645 1301 obsecro,
2683 1252 2814 1291 sana
2845 1252 2963 1291 eam
2986 1238 3046 1291 η.
3088 1256 3106 1288 ι
3153 1234 3328 1291 Simili
3370 1250 3501 1306 ergo

1934 1328 2147 1382 ratione
2176 1370 2189 1394 ,
2226 1328 2318 1381 sed
2354 1329 2510 1398 longe
2540 1328 2731 1397 majori
2777 1336 3045 1397 potestate
3076 1328 3327 1383 Christus
3354 1328 3448 1382 Dei
3481 1357 3498 1394 δ

1934 1434 2059 1473 cum
2107 1420 2173 1474 ad
2224 1434 2344 1473 eum
2405 1420 2654 1489 leprosus
2714 1421 3076 1481 accessisset,
3115 1420 3497 1490 dixissetque:

1941 1528 1959 1560 ε
1985 1508 2042 1562 Si
2072 1510 2173 1572 vis,
2204 1518 2355 1580 potes
2378 1525 2463 1565 me
2490 1511 2771 1564 mundare.
2795 1510 3126 1579 Respondit:
3158 1509 3313 1571 Volo,
3348 1526 3500 1564 mun-

1935 1600 2085 1663 dare,
2119 1608 2172 1655 et
2200 1601 2457 1654 mundata
2487 1611 2569 1656 est
2601 1601 2720 1669 ejus
2751 1602 2896 1671 lepra
2929 1603 2991 1654 ¹³.
3034 1621 3052 1653 ι
3088 1601 3301 1656 Rursus
3324 1599 3501 1657 Moses

1935 1691 2104 1762 digito
2139 1691 2233 1747 Dei
2279 1693 2537 1761 scriptam
2580 1708 2701 1747 esse
2751 1694 2918 1762 legem
2969 1692 3271 1747 aiIirmavit.
3301 1690 3502 1760 Nempe

1936 1788 2016 1839 sic
2049 1785 2312 1854 scriptum
2363 1793 2446 1839 est
2482 1803 2493 1840 :
2530 1802 2547 1835 ι
2586 1784 2650 1838 Ει
2692 1785 2838 1839 dedit
2881 1784 3058 1849 Mosi,
3096 1802 3217 1839 cum
3251 1784 3501 1839 desiisset

251 1874 424 1938 σαίοις
470 1875 658 1943 ἔλεγεν
685 1896 695 1908 ·
723 1895 741 1927 r
766 1879 829 1930 Εί
860 1879 912 1931 δὲ
942 1882 997 1932 ὲν
1042 1878 1284 1951 δακτύλῳ
1314 1880 1445 1933 Θεοῦ
1489 1882 1734 1934 ἐκϐάλλω
1765 1881 1829 1935 τὰ

1937 1876 2083 1945 loqui
2109 1875 2173 1928 ad
2200 1891 2322 1929 eum
2351 1876 2403 1929 in
2427 1884 2609 1930 monte
2643 1874 2770 1929 Sina
2796 1918 2811 1943 ,
2841 1875 2978 1930 duas
3005 1875 3220 1930 tabulas
3253 1875 3500 1930 testimo-

247 1964 521 2034 δαιμόνια.
558 1987 575 2016 ι
615 1968 739 2037 Ἐφ’
780 1970 921 2032 ὅλοις
959 1967 1167 2034 τούτοις
1212 1974 1450 2041 Μωῦσῆς
1486 1974 1831 2044 μετωνόμασε

246 2057 337 2109 τὸν
384 2057 622 2126 Ἰησοῦν.
661 2058 931 2123 Ὡσαύτως
962 2060 1017 2113 δὲ
1052 2063 1143 2114 καὶ
1188 2065 1215 2116 6
1250 2064 1437 2136 Σωτὴρ
1480 2062 1570 2117 τὸν
1617 2062 1832 2134 Σίμωνα

248 2148 478 2217 Πέτρον.
506 2149 619 2201 Καὶ
640 2150 796 2203 πάλιν
822 2166 836 2183 ο
863 2153 1097 2224 Μωύσῆς
1125 2154 1423 2223 κατέστησε
1445 2155 1520 2225 τῷ
1543 2156 1655 2226 λαῷ
1679 2160 1834 2226 ἠγου·

250 2238 447 2307 μένους
484 2239 871 2309 ἑϐδομήκοντα.
904 2242 1067 2309 Λέγει
1094 2244 1136 2295 δ’
1175 2240 1265 2297 οὖν
1296 2246 1327 2315 ἡ
1355 2246 1539 2317 Γραφή
1567 2264 1579 2276 ·
1617 2267 1633 2297 ι
1669 2249 1833 2301 Συνάλ

245 2331 383 2397 γαγέ
424 2346 514 2399 μοι
564 2331 931 2401 ἐϐδομήκοντα
982 2334 1199 2404 ἄνδρας,
1237 2335 1343 2388 ἀπὸ
1388 2337 1495 2389 τῶν
1540 2338 1833 2408 πρεσϐυτέι

248 2437 355 2491 ρων
395 2421 644 2490 Ἰσραὴλ,
674 2424 767 2475 καὶ
802 2423 982 2490 ἀφελῶ
1017 2423 1122 2477 ἀπὸ
1158 2425 1248 2478 τοῦ
1284 2426 1592 2497 πνεύματος
1623 2427 1715 2480 τοῦ
1743 2429 1833 2481 ἐπὶ

248 2512 347 2573 σοὶ,
397 2514 496 2564 καὶ
540 2513 789 2584 ἐπιθήσω
820 2516 904 2566 ἐπ’
939 2516 1135 2579 αὐτούς
1160 2534 1173 2547 ’
1219 2518 1310 2570 καὶ
1346 2519 1650 2590 συνήγαγεν
1686 2520 1833 2573 ἑϐδο-

249 2602 499 2670 μηκοντα
527 2601 750 2672 ἄνδρας.
788 2622 806 2654 ι
849 2604 1119 2668 Ὡσαύτως
1150 2607 1207 2659 δὲ
1239 2608 1331 2660 καὶ
1364 2608 1391 2658 6
1415 2609 1602 2681 Σωτὴρ
1634 2611 1834 2663 ἀνέδει-

248 2691 334 2755 ξεν
364 2691 539 2744 αὐτοῦ
574 2692 821 2762 μαθητὰς
848 2696 1235 2767 ἐϐδομήκοντα,
1268 2700 1359 2751 καὶ
1391 2699 1704 2754 ἀπέστειλεν
1731 2704 1833 2756 ἀνὰ

246 2781 338 2834 δύο
364 2784 478 2853 πρὸ
504 2784 800 2853 προσώπου
832 2787 1013 2840 αὑτοῦ.
1040 2790 1149 2841 Καὶ
1181 2789 1341 2842 πάλιν
1369 2793 1605 2863 Μωῡσῆς
1629 2794 1834 2847 δώδεκα

246 2874 449 2945 ἄνδρας
491 2875 770 2946 ἐξέπεμψε
794 2878 891 2948 τὴν
925 2880 1026 2950 γῆν
1069 2882 1595 2952 κατασκεψομένους.
1645 2886 1834 2938 Ὡσαύ-

246 2983 352 3029 τως
385 2967 445 3018 δὲ
478 2968 578 3019 καὶ
622 2968 754 3020 πολὺ
785 2974 1029 3040 κρεῖττον
1060 2974 1088 3024 6
1120 2973 1385 3044 ἡμέτερος
1416 2975 1603 3045 Σωτὴρ
1627 2975 1833 3029 δώδεκα

246 3060 590 3123 ἀποστόλους
652 3061 1028 3127 ἐξαπέστειλεν
1082 3064 1477 3134 ἐπισκέψασθαι
1537 3067 1711 3120 πάντα
1765 3069 1833 3123 τὰ

244 3152 395 3222 εθνη.
435 3152 612 3205 Πάλιν
642 3154 879 3223 Μωῦσῆς
925 3155 1203 3225 νομοθετεῖ
1233 3156 1431 3225 λέγων·
1474 3178 1491 3210 ι
1534 3160 1606 3212 Ού
1643 3160 1832 3228 φονεύ-

248 3260 383 3307 σεις,
432 3245 496 3296 οὐ
541 3244 780 3312 κλέψεις,
827 3247 925 3298 οὐκ
967 3249 1330 3318 ἐπιορκήσεις.
1370 3268 1387 3300 ι
1437 3250 1493 3302 '0
1540 3250 1595 3302 δὲ
1642 3251 1829 3323 Σωτὴρ

243 3333 430 3404 ἡμῶν,
469 3334 760 3388 ἐπιτείνων
805 3334 894 3387 τὸν
928 3335 1111 3406 νόμον,
1158 3338 1215 3388 ού
1262 3338 1323 3389 τὸ
1363 3338 1604 3406 φονεύειν
1650 3340 1827 3409 μόνον,

245 3424 384 3477 ἀλλὰ
432 3426 530 3477 καὶ
574 3425 635 3477 τὸ
682 3424 982 3495 θυμοῦσθαι
1032 3427 1396 3498 ἀπαγορεύειο
1443 3430 1561 3482 ἀντὶ
1607 3429 1701 3482 τοῦ
1756 3430 1831 3503 μὴ

251 3516 552 3587 μοιχεύειν,
605 3516 727 3586 μηδ’
756 3516 1047 3586 ἐμϐλέπειν
1091 3522 1310 3587 γυναικὶ
1354 3522 1489 3592 μετὰ
1540 3524 1831 3595 ἐπιθυμίας

251 3609 559 3661 ἀκολάστου
608 3612 887 3680 παραινεῖ·
932 3611 1051 3663 ἀντί
1093 3628 1152 3664 τε
1198 3612 1291 3665 τοῦ
1338 3614 1410 3684 μὴ
1455 3615 1727 3681 κλέπτειν,
1764 3618 1829 3671 τὰ

248 3704 425 3753 οίκεία
457 3704 577 3764 τοῖς
620 3701 821 3753 ὲνδεέσι
865 3703 1147 3774 προΐεσθαι
1184 3706 1545 3775 προστάττει·
1587 3709 1829 3781 ὑπερϐὰς

247 3792 301 3849 δὲ
326 3795 423 3846 καί
452 3793 518 3845 τὸ
564 3795 857 3863 ἐπιορκεῖν,
904 3794 1002 3866 τὴν
1045 3797 1218 3868 ἀρχὴν
1250 3799 1381 3869 μηδὲ
1410 3800 1634 3870 ὀμνύναι
1672 3820 1832 3873 νομο-

250 3888 416 3942 θετεῖ.
454 3890 565 3942 Καὶ
603 3891 656 3941 τί
692 3908 757 3960 με
786 3892 864 3943 δεῖ
900 3891 1159 3961 μηκύνειν
1192 3893 1283 3945 τὸν
1322 3893 1477 3961 λόγον
1508 3895 1587 3957 εἰς
1616 3894 1831 3947 ἀπόδει-

250 3980 329 4047 ξιν
364 3981 460 4033 τοῦ
493 3981 565 4033 τὰ
597 3982 969 4053 παραπλήσια,
1008 3984 1101 4037 καὶ
1131 3987 1295 4053 ἐγγὺς
1329 3985 1567 4057 ἀλλήλων
1603 4001 1829 4057 πεποιη-

251 4072 403 4125 κέναι
444 4073 688 4126 Μωῦσέα
732 4075 823 4127 καὶ
864 4074 1065 4145 Ἰησοῦν
1106 4077 1195 4129 τὸν
1235 4076 1464 4149 Σωτῆρα
1503 4079 1594 4130 καὶ
1626 4078 1828 4148 Κύριον

251 4166 442 4234 ἡμῶνς
498 4165 703 4232 Παρὺν,
745 4167 849 4237 ὅτῳ
898 4167 1065 4235 φίλον,
1113 4170 1203 4221 ἐπὶ
1241 4169 1433 4240 σχολῆς
1468 4168 1827 4235 ἀναλέξασθαι

252 4254 439 4306 ταῦτα.
482 4254 635 4306 Ἐπεὶ
664 4257 756 4307 καὶ
791 4258 878 4310 τὸν
913 4257 1137 4310 θάνατον
1178 4258 1453 4321 Μωῦσέως
1491 4258 1690 4329 μηδένα
1717 4275 1823 4326 φα-

253 4343 334 4396 σὶν
373 4345 697 4411 ἐγνωκέναι,
751 4345 881 4415 μηδὲ
915 4346 1011 4417 τὴν
1049 4347 1224 4418 ταφὴν
1256 4346 1418 4400 αὑτοῦ
1444 4365 1456 4377 ·
1500 4347 1688 4418 ὥσπερ
1733 4344 1825 4401 οὖν

250 4435 369 4488 οὐδὲ
398 4435 494 4488 τοῦ
523 4437 772 4507 Σωτῆρος
817 4437 972 4507 ἡμῶν
1007 4437 1103 4508 τὴν
1138 4438 1273 4508 μετὰ
1300 4439 1399 4510 τὴν
1428 4439 1717 4493 ἁναόίωσιν
1745 4441 1826 4503 είς

1934 1972 2011 2023 nii
2045 2011 2058 2033 ,
2102 1970 2317 2025 tabulas
2346 1970 2587 2039 lapideas
2613 1970 2845 2040 scriptas
2873 1969 3044 2039 digito
3073 1967 3167 2022 Dei
3200 1969 3260 2021 ¹⁶.
3304 1987 3322 2019 ι
3354 1967 3417 2020 Ει
3446 1969 3501 2023 in

1936 2062 2124 2117 Exodo
2159 2081 2170 2115 :
2210 2082 2227 2113 σ
2269 2061 2530 2117 Dixerunt
2578 2062 2741 2131 igitur
2782 2062 3146 2116 incantatores
3190 2059 3498 2121 Pharaoni,

1932 2154 2135 2223 digitus
2165 2152 2258 2209 Dei
2303 2163 2386 2208 est
2420 2153 2507 2207 hic
2558 2154 2621 2208 ”.
2676 2173 2693 2204 ι
2729 2152 2912 2207 Itidem
2942 2152 3100 2208 Jesus
3142 2166 3377 2222 quoque,
3408 2151 3501 2221 qui

1932 2246 2184 2301 Christus
2217 2254 2301 2300 est
2332 2245 2424 2299 Dei
2452 2286 2465 2306 ,
2491 2244 2780 2299 I’hariszeis
2802 2245 3016 2298 dicebat
3054 2262 3066 2298 :
3098 2262 3116 2295 ι
3148 2242 3205 2296 Si
3238 2252 3414 2297 autem
3449 2243 3501 2295 in

1933 2336 2102 2405 digito
2134 2336 2227 2389 Dei
2254 2336 2413 2402 ejicio
2437 2336 2702 2389 daemonia
2727 2336 2788 2389 ¹⁸.
2820 2354 2838 2386 ι
2865 2334 2946 2387 Ad
2973 2334 3085 2387 haec
3114 2334 3295 2387 omnia
3322 2332 3502 2388 Moses

1934 2427 2302 2481 denominavit
2328 2425 2513 2480 Jcsum
2563 2425 2726 2480 Nave.
2781 2424 2903 2478 Pari
2930 2425 3138 2478 ratione
3186 2424 3347 2478 etiam
3379 2422 3501 2477 Sal.

1932 2529 2088 2575 vator
2121 2518 2394 2575 SimOnem
2427 2518 2666 2573 Petrum.
2714 2518 2889 2587 Atque
2925 2518 3051 2571 item
3091 2515 3268 2571 Moses
3297 2515 3503 2571 consti~

1933 2611 2037 2664 tuit
2068 2612 2267 2680 popqu
2294 2652 2308 2674 ,
2343 2611 2433 2680 qui
2484 2618 2779 2679 praeessent
2808 2609 3171 2677 septuaginta.
3210 2606 3490 2676 Siquidem

1935 2699 2067 2754 dicit
2100 2699 2381 2769 Scriptura
2412 2718 2423 2752 ι
2463 2718 2480 2749 ι
2521 2698 2796 2769 Congrega
2831 2698 2962 2749 mihi
2993 2697 3333 2767 septuaginta
3355 2698 3502 2749 viros

1933 2792 2001 2847 de
2028 2793 2337 2848 senioribus
2368 2791 2532 2845 Israel
2562 2831 2576 2855 ,
2610 2798 2665 2845 et
2696 2789 2936 2844 auferam
2983 2787 3050 2843 de
3075 2788 3271 2857 spiritu
3312 2786 3405 2855 qui
3444 2786 3499 2841 in

1933 2892 1986 2938 te
2019 2892 2102 2939 est
2128 2925 2140 2947 ,
2175 2892 2227 2938 et
2259 2884 2543 2937 immittam
2579 2884 2632 2936 in
2655 2898 2749 2937 eos
2778 2897 2789 2935 :
2831 2892 2884 2935 et
2914 2880 3259 2951 congregavit
3286 2887 3503 2947 septuac’

1932 2976 2079 3045 ginta
2110 2977 2257 3031 viros
2297 2977 2359 3027 ".
2394 2996 2412 3026 ι
2448 2975 2539 3029 Sic
2563 2974 2725 3029 etiam
2755 2974 2869 3042 ipse
2900 2972 3147 3027 Salvator
3187 2989 3204 3021 ‹
3247 2971 3502 3040 designa-

1933 3070 2009 3121 vit
2032 3084 2161 3124 suos
2193 3068 2491 3138 discipulos
2523 3067 2883 3136 septuaginta,
2910 3072 2963 3119 et
3008 3065 3154 3118 misit
3188 3064 3344 3119 binos
3374 3071 3503 3117 ante

1881 3197 1903 3217 ς
1936 3158 2128 3213 faciem
2187 3174 2339 3213 suam
2382 3160 2449 3213 ὀ.
2485 3177 2503 3209 ι
2542 3156 2754 3211 Rursus
2803 3155 2982 3210 Moses
3026 3154 3311 3209 duodecim
3354 3154 3502 3209 viros

1933 3250 2113 3305 emisit
2166 3258 2367 3305 terram
2425 3249 2806 3319 exploraturos
2843 3249 2908 3302 ²¹.
2949 3245 3148 3301 Noster
3201 3245 3312 3318 95.
3373 3246 3499 3299 item

1933 3339 2205 3407 Salvator,
2265 3340 2542 3407 multoque
2594 3337 2754 3391 etiam
2806 3336 3151 3405 prmstantius
3213 3332 3500 3387 duodecim

1931 3430 2206 3499 apostolos
2231 3429 2445 3493 emisit,
2492 3427 2559 3481 ad
2592 3424 2960 3496 inspiciendas
2992 3438 3182 3477 omnes
3214 3430 3401 3491 gentes
3428 3422 3496 3473 ¹¹.

1929 3518 2143 3575 Rursus
2196 3518 2372 3572 Moses
2417 3519 2567 3586 ponit
2620 3518 2789 3587 legem
2838 3530 2959 3585 qua:
2992 3514 3158 3567 dicit:
3201 3532 3219 3564 ι
3259 3512 3373 3566 Non
3406 3527 3499 3566 oc-

1929 3610 2099 3674 cides,
2127 3624 2234 3663 non
2267 3609 2647 3668 mmchaberis,
2681 3623 2788 3660 non
2819 3605 3112 3666 furaberis,
3146 3619 3253 3658 non
3284 3604 3496 3672 pejeraa

1928 3701 2013 3756 bis
2040 3702 2104 3757 ⁸³.
2144 3721 2161 3752 ι
2192 3700 2260 3753 At
2291 3699 2540 3755 Salvator
2576 3708 2760 3755 noster
2791 3699 2907 3769 lege
2936 3699 3233 3768 proposita,
3267 3711 3375 3750 non
3406 3710 3500 3750 oe-

1930 3798 2114 3852 cidere
2142 3799 2340 3863 solum,
2372 3797 2466 3851 sed
2492 3797 2657 3851 etiam
2710 3795 2871 3851 irasci
2926 3794 3176 3865 prohibet
3206 3793 3272 3859 ⁸⁵,
3303 3803 3355 3848 ει
3400 3808 3501 3863 pro

1928 3907 1992 3944 eo
2022 3890 2165 3960 quod
2200 3890 2405 3945 dictum
2442 3900 2544 3953 est,
2580 3904 2689 3943 non
2724 3888 3007 3950 mtechari,
3052 3903 3121 3942 ne
3151 3887 3347 3940 intueri
3378 3887 3500 3955 qni-

1929 3982 2049 4037 dem
2077 3982 2357 4037 mulierem
2389 3998 2513 4036 cum
2561 3983 2822 4052 petulanti
2860 3982 3113 4052 cupidine
3148 3981 3494 4037 admonet":

1926 4084 1978 4129 et
2012 4090 2110 4145 pro
2136 4092 2202 4129 eo
2223 4076 2365 4145 quod
2392 4083 2496 4137 est,
2530 4091 2638 4129 non
2684 4074 2889 4140 furari,
2935 4091 3021 4130 res
3061 4075 3308 4145 proprias
3355 4075 3497 4128 indi-

1928 4167 2178 4236 gentibus
2238 4167 2457 4237 elargiri
2516 4167 2747 4236 imperat
2790 4166 2836 4198 ²⁶
2884 4186 2897 4220 ι
2950 4167 3135 4239 etiam~
3176 4166 3306 4220 illud
3343 4166 3497 4235 longe

1926 4260 2240 4314 transiliens
2269 4259 2414 4329 quod
2452 4268 2555 4325 est,
2588 4274 2696 4313 non
2749 4259 3012 4329 pejerare,
3050 4275 3119 4313 ne
3168 4259 3353 4326 jurare
3377 4257 3499 4327 quis

1926 4350 2046 4405 dem
2072 4351 2182 4405 ullo
2205 4350 2365 4404 modo
2399 4351 2633 4404 instituit
2657 4352 2721 4404 ".
2754 4351 2812 4403 Et
2842 4351 2971 4420 quid
2998 4366 3082 4405 me
3108 4350 3354 4404 oratione
3378 4350 3499 4402 Ion-3

1926 4444 2047 4515 gius
2076 4443 2297 4513 provehi
2335 4458 2561 4498 necesse
2588 4451 2704 4509 est,
2757 4452 2816 4497 ut
2850 4443 3218 4497 demonstrem
3254 4441 3452 4498 similia
3477 4472 3496 4508 ,

250 4528 346 4599 τὴν
377 4528 610 4598 θεότητα
637 4529 955 4601 μεταϐολήν.
991 4533 1054 4584 Εἰ
1084 4531 1146 4603 δὴ
1177 4528 1268 4584 οὖν
1300 4532 1387 4586 διὰ
1418 4533 1527 4587 τῶν
1556 4533 1825 4588 τοσούτων

1931 4535 2265 4606 ﬁnitimaque
2296 4536 2436 4589 inter
2466 4551 2547 4600 se,
2583 4534 2769 4590 Mosen
2801 4551 2865 4590 ac
2897 4534 3265 4600 Salvator-em,
3310 4533 3499 4588 Domia

250 4621 424 4683 οὐδεὶς
459 4622 560 4691 μὲν
606 4622 782 4686 ἄλλος,
831 4623 987 4693 μόνος
1017 4624 1071 4676 δὲ
1113 4622 1142 4676 ὁ
1172 4624 1359 4696 Σωτὴρ
1393 4626 1547 4696 ἡμῶν
1584 4626 1825 4698 παρέστη

251 4711 313 4765 τὰ
342 4712 702 4783 παραπλήσια
732 4714 952 4768 Μωῦσεϊ
992 4714 1481 4787 διαπεπραγμένος,
1515 4718 1608 4772 θέα
1643 4719 1825 4774 λοιπὸν

252 4802 338 4854 ἐπὶ
381 4802 548 4871 μόνον
580 4802 760 4865 αὐτὸν,
792 4804 885 4855 καὶ
917 4802 1024 4855 οὐδ’
1052 4805 1135 4871 ἐφ’
1164 4804 1345 4874 ἕτερον
1388 4805 1678 4876 ἀναφέρειν
1718 4804 1822 4877 χρὴ

252 4892 343 4960 τὴν
388 4891 545 4962 παρά
587 4893 808 4945 Μωῦσεῖ
852 4894 1204 4964 προφητείαν,
1246 4894 1312 4946 δι’
1354 4889 1422 4965 ἦς
1460 4895 1642 4965 ὅμοιον
1675 4894 1823 4966 αύτῷ

253 4980 625 5053 παραστήσειν
660 4984 689 5036 6
731 4983 860 5047 Θεὸς
905 4983 1187 5038 ἐθέσπισεν
1228 4984 1423 5038 εἰπών·
1471 5008 1487 5036 ι
1530 4988 1822 5057 Προφήτην

253 5075 311 5127 ἑκ
338 5074 448 5127 τῶν
483 5074 728 5143 ἀδελφῶν
760 5076 935 5129 αὐτῶν
965 5078 1252 5149 ἀναστήσω
1285 5079 1485 5142 αὐτοῖς,
1516 5078 1703 5150 ὥσπερ
1738 5095 1818 5142 σε,

253 5168 337 5219 καὶ
373 5166 533 5220 δώσω
570 5167 632 5220 τὸ
675 5169 825 5238 ρἧἀ
864 5186 964 5239 μου
1002 5169 1058 5221 ἐν
1092 5169 1167 5240 τῷ
1208 5170 1431 5241 στόματι
1472 5170 1635 5224 αὐτοῦ
1662 5188 1675 5201 ·
1727 5171 1821 5224 καὶ

251 5255 466 5331 λαλήσει
512 5260 716 5322 αὐτοῖς,
765 5260 904 5312 καθὰ
951 5260 1015 5314 ἂν
1059 5262 1380 5332 ὲντείλωμαι
1426 5262 1592 5333 αύτῷ.
1640 5265 1747 5316 Καὶ
1793 5265 1822 5317 6

250 5350 530 5421 ἄνθρωπος
552 5350 612 5415 ὃς
640 5350 705 5403 ἂν
738 5351 809 5420 μὴ
840 5350 1047 5424 ἀκούσῃ
1070 5351 1175 5406 τῶν
1201 5352 1371 5420 λόγων
1404 5353 1589 5415 αὑτοῦ,
1626 5354 1726 5407 ὃσα
1757 5353 1822 5406 ἂν

249 5439 445 5512 λαλήσῃ
480 5444 509 5495 6
541 5441 827 5513 προφήτης
862 5442 953 5494 ἐπὶ
995 5441 1071 5512 τῷ
1103 5443 1324 5512 ὀνόματί
1357 5461 1478 5514 μου,
1529 5443 1639 5513 ἐγὼ
1673 5445 1819 5498 ἐκδι-

249 5535 391 5605 κήσω
437 5534 495 5595 ἐξ
524 5532 713 5587 αὑτοῦ.
758 5553 775 5585 ι
812 5534 983 5598 Αὐτός
1011 5552 1068 5587 τε
1101 5535 1356 5607 Μωῦσῆς,
1400 5536 1536 5609 πρὸς
1570 5536 1662 5589 τὸν
1694 5536 1818 5590 λαὸν

347 5629 387 5659 υ
424 5627 597 5681 Exod.
626 5643 811 5693 xxxiv,
854 5628 1047 5691 29,50.
1166 5630 1207 5661 “
1236 5630 1422 5686 Matth.
1477 5648 1607 5694 xvu,
1648 5633 1761 5687 1-5.

251 5695 291 5769 ξέ
316 5694 489 5769 Exod.
526 5714 676 5769 xxm,
725 5698 813 5753 18.
926 5702 968 5735 ¹⁷
1000 5699 1167 5755 Exod.
1218 5718 1339 5769 vm,
1395 5703 1482 5758 I9.

249 5764 287 5797 "
315 5765 466 5822 Deut.
503 5785 545 5829 ι.
573 5768 665 5824 25.
781 5772 824 5801 ’³
854 5769 1042 5826 Matth.
1075 5787 1131 5837 ι,
1166 5772 1279 5827 1-5.

248 5831 291 5868 θ
319 5838 448 5893 ihld.
492 5839 585 5894 σι.

1873 5635 1916 5666 ¹⁸
1943 5634 2101 5690 Num.
2149 5650 2245 5694 xu.
2286 5636 2373 5691 10.

1594 5704 1636 5737 ’⁸
1668 5702 1801 5757 an.
1840 5720 1921 5769 xl,
1968 5704 2058 5761 20.

1395 5774 1441 5807 ³³
1478 5772 1648 5828 Exod.
1683 5790 1774 5841 xx,
1810 5774 1987 5835 I546.

1927 4639 2167 4698 numque
2195 4635 2441 4683 nostrum
2491 4628 2716 4683 fecisse?
2760 4642 2884 4681 cum
2928 4627 3223 4696 unicuique
3267 4627 3495 4694 volenti,

1928 4719 1983 4773 in
2017 4719 2127 4773 otio
2157 4718 2283 4772 talia
2318 4718 2575 4788 colligere
2623 4717 2936 4772 facillimum
2976 4718 3078 4773 sit?
3126 4717 3337 4773 Etenim
3366 4732 3495 4773 cum

1926 4810 2092 4865 Mosis
2142 4818 2366 4865 mortem
2399 4808 2616 4865 novisse
2650 4812 2918 4865 neminem
2957 4810 3143 4865 dicant
3167 4850 3181 4873 ,
3220 4826 3285 4865 ac
3314 4826 3383 4865 ne
3404 4827 3496 4867 ses

1923 4901 2171 4971 pulcrum
2207 4899 2424 4969 quidem
2452 4900 2572 4967 ejus
2594 4936 2611 4965 ,
2648 4904 2823 4969 neque
2859 4899 3042 4955 itidem
3076 4900 3371 4955 Salvatoris
3396 4916 3495 4954 nod

1921 4992 2021 5046 stri
2049 5000 2171 5060 post
2210 4991 2440 5045 reditum
2489 5005 2649 5046 suum
2698 4991 2752 5046 in
2792 4992 2993 5055 vitam,
3052 4993 3405 5045 mutationem
3438 4991 3493 5045 in

1924 5083 2159 5152 speciem
2190 5082 2426 5136 divinam
2456 5083 2745 5152 quisquam
2774 5084 2915 5137 scire
2945 5083 3135 5152 potuit.
3170 5081 3224 5135 Si
3253 5083 3416 5151 igitur
3437 5082 3493 5135 in

1923 5184 2034 5229 tam
2077 5174 2263 5229 multis
2303 5176 2467 5230 rebus
2504 5176 2647 5231 alius
2674 5191 2864 5240 nemo,
2917 5175 3009 5230 sed
3057 5175 3206 5228 solus
3244 5172 3494 5227 Salvator

1922 5271 2130 5330 noster,
2161 5265 2253 5333 qui
2282 5281 2404 5319 cum
2450 5264 2599 5320 Mose
2642 5264 3049 5319 similitudinem
3085 5264 3353 5317 factorum
3388 5265 3490 5319 Ita:

1924 5356 2122 5418 buerit,
2173 5358 2407 5425 proferri
2442 5365 2640 5427 potest,
2678 5363 2929 5426 superest
2965 5356 3078 5421 jam
3123 5361 3182 5407 ut
3238 5355 3291 5408 in
3340 5356 3490 5411 illum

1927 5463 2096 5503 unum
2131 5456 2458 5518 spectemus.
2484 5449 2667 5521 Neque
2707 5464 2837 5503 vero
2868 5448 2937 5503 ad
2985 5447 3147 5501 alium
3185 5450 3490 5519 quempiam

1925 5537 2225 5594 referamus
2277 5541 2645 5615 prophetiam,
2682 5554 2802 5610 qua:
2862 5537 3006 5608 apud
3058 5537 3242 5594 Mosen
3277 5548 3486 5603 exstat,

2490 5636 2533 5668 “
2562 5634 2695 5691 Ibid.
2725 5637 2810 5690 i3.
2928 5636 2969 5668 η
2991 5634 3318 5697 Mattb.vttt,
3359 5633 3489 5690 2.5.-

2175 5707 2215 5738 ²⁹
2244 5705 2402 5761 Num.
2461 5721 2539 5766 xv.
2580 5706 2664 5769 I6,
2718 5706 2805 5763 17.
2851 5705 2942 5761 24.

3058 5706 3103 5738 ¹⁰
3136 5705 3266 5758 Luc.
3324 5719 3379 5765 x,
3440 5704 3459 5756 1

2093 5778 2138 5808 ιι
2170 5774 2357 5832 Matth.
2400 5794 2452 5846 v,
2496 5765 2583 5830 2'2.
2655 5765 2660 5769 '
2700 5772 2741 5808 ιε
2768 5776 2902 5832 Ibid.
2953 5765 3042 5834 28.

3151 5776 3196 5808 ⁸⁸
3231 5766 3364 5828 Ibid.
3396 5768 3479 5827 63.
