4018 6510
594 357 695 416 175

1239 357 1508 421 EUSEB“
1541 358 2021 416 CES'ARIENSIS
2052 357 2202 416 ουρ.
2242 356 2424 414 PARS
2461 360 2526 416 ll.
2557 391 2626 402 —-
2658 361 3152 419 APOLOGETICA.

3611 368 3638 393 ‘
3695 372 3810 426 I76

586 481 643 537 in
688 496 796 552 qua
829 479 906 535 illi
933 479 1162 536 similem
1195 480 1582 535 suscitaturum
1635 495 1694 535 se
1725 479 1868 536 Deus
1915 493 2110 549 respon

2239 476 2337 549 τὴν
2367 477 2461 534 τοῦ
2494 479 2628 532 Θεοῦ
2669 480 3035 551 διερμηνεύων
3082 482 3284 554 φωνὴν,
3322 483 3554 556 ἔφησεν·
3595 508 3614 540 ι
3655 471 3811 561 Προξ

581 573 694 635 det,
725 571 914 627 dicens
938 591 952 627 :
995 589 1014 624 ι
1049 569 1372 642 Pr0pbetam
1393 587 1460 627 ex
1477 569 1736 626 fratribus
1757 586 1946 626 eorum
1973 569 2141 627 susci-

2238 568 2414 637 φήτην
2455 571 2520 622 ἐκ
2561 568 2670 622 τῶν
2716 569 2954 640 ἀδελφῶν
2991 572 3144 643 ὑμῶν
3191 574 3481 648 ἀναστήσει
3527 579 3733 653 Κύριος
3780 584 3813 636 ό

580 666 709 722 tabo
734 664 838 728 eis,
873 670 1130 734 tanquam
1161 672 1230 725 te.
1254 672 1309 719 et
1335 663 1476 718 dabo
1515 663 1739 718 verbum
1772 677 1950 717 meum
1988 663 2044 718 in
2076 677 2109 716 ο

2235 657 2366 722 Θεὸς
2393 659 2568 730 ήμῶν.
2598 662 2768 716 Αύτοῦ
2805 663 3098 718 ἀκούσεσθε
3125 668 3264 721 κατὰ
3292 668 3466 723 πάντα
3491 671 3589 725 ὅσα
3615 675 3816 746 ῂτήσω

578 759 748 823 illius,
788 764 844 812 et
895 756 1150 825 loquetur
1180 755 1261 811 eis
1315 753 1774 825 quemadmodum
1813 753 2138 810 mandavero

578 848 696 914 illi;
761 857 817 903 et
879 847 1057 902 omnis
1106 846 1272 900 homo
1327 845 1637 916 quicunque
1715 860 1824 900 non
1901 844 2135 899 audierit

574 940 738 994 verba
803 939 988 1002 illius,
1041 953 1377 1009 quaecunque
1428 937 1678 1007 loquetur
1756 937 2018 1007 pr0pheta
2080 937 2135 991 in

573 1029 794 1083 nomine
861 1043 982 1082 meo
1010 1070 1023 1090 ,
1071 1044 1170 1098 ego
1210 1026 1446 1082 ulciscar
1489 1041 1555 1081 ex
1595 1041 1661 1080 eo
1709 1025 1792 1079 πε
1836 1044 1856 1077 ι
1916 1026 2138 1095 ipseque

572 1116 754 1173 Moses
797 1118 889 1173 Dei
930 1134 1116 1174 vocem
1159 1118 1226 1173 ad
1261 1117 1518 1188 populum
1563 1117 1962 1187 interpretans,
2011 1116 2130 1171 ait:

576 1226 598 1259 ο
630 1207 951 1278 Prophetam
999 1223 1064 1262 ex
1112 1206 1371 1261 fratribus
1404 1209 1596 1262 vestris
1626 1205 1914 1262 suscitabit
1947 1203 2133 1260 Domi.

569 1317 675 1356 nus
700 1299 843 1355 Deus
887 1307 1084 1359 vester,
1142 1298 1292 1352 illum
1327 1295 1560 1354 audietis
1612 1298 1662 1351 iu
1692 1298 1946 1352 omnibus
1988 1312 2135 1366 quae-

570 1407 783 1462 cunque
819 1389 1104 1461 postulasti
1152 1403 1181 1442 a
1226 1376 1588 1442 Domino'Deo
1621 1396 1714 1442 tuo
1747 1388 1801 1442 in
1832 1386 2045 1442 Choreb
2077 1388 2131 1442 in

569 1485 656 1540 die
697 1482 1068 1539 coucionis".
1115 1503 1133 1534 ›
1179 1480 1330 1547 Quod
1372 1491 1552 1536 autem
1597 1491 1722 1551 post
1775 1479 1962 1536 Mosen
2007 1489 2133 1535 ante

568 1574 904 1631 Salvatorem
944 1581 1190 1628 nostrum
1236 1573 1419 1626 nullus
1451 1572 1836 1643 prephetarum
1878 1570 2012 1628 Mosi
2054 1572 2131 1628 si-

566 1664 714 1720 milis
745 1663 1074 1728 surrexerit,
1125 1663 1347 1733 antiqua
1393 1661 1674 1734 Scriptura
1712 1663 1998 1735 perspicue
2029 1663 2130 1720 do-

2236 749 2386 820 παρά
2411 751 2616 822 Κυρίου
2640 752 2732 806 τοῦ
2761 753 2896 808 Θεοῦ
2937 773 3030 809 σου
3068 758 3124 810 ἐν
3152 758 3354 830 Χωρὴὸ
3396 763 3466 830 τῇ,
3494 762 3677 834 ἡμέρᾳ
3704 765 3816 834 τῆς

2237 840 2548 912 ἐκκλησίας.
2599 861 2618 897 ι
2656 845 2774 898 ’Ὁτι
2819 846 2877 899 δὲ
2952 847 3059 901 τῶν
3111 848 3251 920 μετά
3306 851 3543 908 Μωῦσέα
3590 873 3812 929 προφη-

2232 931 2341 986 τῶν
2385 935 2560 1000 ούδεὶς
2609 937 2716 1008 πρὸ
2759 937 2856 991 τοῦ
2913 939 3164 1011 Σωτῆρος
3213 941 3370 1014 ἡμῶν
3424 945 3607 1015 ὅμοιος
3674 950 3813 1020 ἐγή-

2233 1041 2425 1095 γερται
2467 1027 2708 1092 Μωῦσεῐ,
2757 1030 2941 1100 σαφῶς
2979 1033 3012 1103 ή
3059 1032 3264 1088 παλαιά
3310 1037 3498 1108 Γραφὴ
3539 1037 3807 1106 διδάσκει,

2232 1112 2462 1182 λέγουσα
2482 1133 2496 1147 ·
2533 1135 2551 1168 ι
2584 1119 2694 1173 Καὶ
2724 1121 2823 1174 οὐκ
2844 1122 3039 1194 ἀνέστη
3069 1122 3148 1178 ἔτι
3172 1128 3456 1197 προφήτης
3487 1130 3545 1181 ἐν
3559 1130 3806 1201 Ἰσραὴλ,

2231 1203 2307 1268 ὡς
2335 1205 2592 1278 Μωῡσῆς,
2635 1209 2692 1262 δν
2733 1210 2872 1279 ἔγνω
2898 1212 3101 1284 Κύριος
3145 1217 3433 1287 πρόσωπον
3467 1221 3606 1274 κατά
3632 1223 3808 1292 πρόσ-

2237 1312 2383 1350 ωπον
2413 1299 2470 1352 ἐν
2530 1302 2662 1353 πᾶσι
2689 1305 2798 1364 τοῖς
2828 1303 3073 1375 σημείοις
3105 1307 3198 1359 καὶ
3227 1307 3437 1379 τέρασι.
3474 1330 3491 1361 ι
3520 1312 3807 1367 Δέδεικται

2229 1388 2407 1440 τοίνυν
2433 1389 2494 1442 τὸ
2520 1389 2698 1444 ἔνθεον
2720 1392 2933 1464 πνεῦμα
2955 1395 3043 1450 διά
3068 1397 3342 1461 Μωῦσέως
3363 1399 3601 1470 περὶτοῦ
3623 1402 3806 1474 Σωτῆσ

2231 1494 2323 1550 ρος
2343 1478 2496 1550 ήμῶν
2517 1480 2774 1536 θεσπίσαν
2801 1500 2812 1513 ·
2847 1486 2895 1537 εί
2917 1485 2980 1553 δὴ
3007 1486 3166 1556 μόνος
3187 1488 3368 1552 αὐτὸς,
3397 1491 3488 1542 καὶ
3510 1490 3618 1542 οὐδ’
3639 1491 3806 1556 ἄλλος

2228 1569 2410 1641 ὅμοιος
2429 1572 2507 1642 τῷ
2531 1573 2752 1626 Μωῦσεί
2771 1573 3010 1642 γεγονὼς
3036 1579 3154 1640 ταῖς
3178 1577 3340 1630 αὐτοῦ
3368 1581 3647 1644 Μωῦσέως
3677 1599 3802 1650 φω-

2231 1663 2347 1725 ναῖς
2369 1663 2673 1728 ἀκολούθως
2699 1666 2947 1751 συνέστη.
2973 1667 3174 1737 Σκέψαι
3200 1669 3255 1722 δὲ
3281 1670 3372 1723 καὶ
3401 1671 3564 1742 ἄλλην
3585 1689 3804 1745 προφη-

563 1764 672 1820 cet,
702 1756 793 1811 ubi
826 1757 939 1810 ait:
981 1775 1000 1808 ι
1034 1755 1100 1810 Ει
1147 1771 1254 1810 non
1287 1756 1522 1810 surrexit
1572 1755 1712 1810 ultra
1767 1756 2027 1827 propheta
2072 1756 2110 1810 it

2229 1751 2376 1806 τείαν
2406 1754 2768 1825 ἀνάγραπτον.
2811 1756 3024 1828 Ἐπειδὴ
3047 1757 3154 1830 γὰρ
3184 1760 3274 1812 τὸν
3311 1761 3532 1833 Σωτῆρα
3563 1765 3658 1817 καὶ
3685 1762 3808 1818 Κύο

562 1847 729 1904 lsrael
759 1843 901 1904 sicut
931 1847 1142 1911 Moses,
1191 1863 1352 1918 quem
1381 1848 1590 1903 noverit
1616 1849 1876 1904 Dominus
1901 1848 2036 1903 facie
2058 1850 2124 1904 ad

561 1941 789 2003 faciem,
838 1941 893 1995 in
943 1941 1195 1996 omnibus
1244 1940 1414 2010 signis
1463 1947 1624 2009 atque
1681 1941 1946 2010 portentis
1991 1940 2057 1994 ⁸⁰.
2101 1960 2120 1993 ι

561 2031 786 2086 Constat
847 2030 1012 2102 igitur
1063 2030 1303 2084 divinum
1357 2030 1607 2098 spiritum
1672 2045 1767 2100 per
1825 2029 2010 2085 Mosen
2058 2031 2126 2085 de

563 2120 844 2177 Salvatore
873 2131 1060 2177 nostro
1080 2120 1384 2176 cecinisse:
1421 2119 1689 2190 siquidem
1715 2135 1885 2174 unum
1909 2121 2085 2191 ipsum
2107 2160 2120 2184 ,

559 2229 661 2269 nec
692 2215 855 2268 alium
883 2213 1189 2283 quempiam
1225 2210 1360 2267 Mosi
1398 2211 1628 2266 similem
1668 2211 1966 2276 exstitisse,
1996 2228 2126 2282 qua-

559 2305 664 2360 lem
696 2305 867 2374 ipsius
897 2303 1062 2358 Mosis
1103 2303 1265 2358 verba
1295 2303 1630 2366 describunt,
1657 2302 1772 2371 jam
1800 2303 2124 2372 comproba-

556 2406 671 2452 tum
716 2404 818 2451 est.
852 2395 1118 2451 Caeterum
1146 2433 1161 2460 ,
1198 2402 1383 2463 specta
1415 2394 1576 2448 aliam
1626 2409 1848 2465 quoque
1887 2397 2120 2465 prophe-

555 2488 685 2542 tiam
733 2487 840 2557 95
891 2487 1119 2557 publicae
1166 2487 1450 2556 scripturae
1500 2485 1952 2541 commendatam.
1983 2485 2117 2540 Nam

553 2596 677 2635 cmn
727 2579 1060 2635 Salvatorem
1106 2586 1160 2651 et
1198 2577 1486 2633 Dominum
1531 2585 1802 2642 nostrum,
1843 2577 2117 2632 hominem

552 2675 760 2726 ratione
795 2671 1145 2726 humanitatis
1174 2670 1241 2726 de
1271 2670 1480 2726 semine
1515 2669 1684 2724 Israel
1727 2677 1929 2731 ortum,
1958 2670 2086 2723 innu
2106 2701 2118 2710 -

550 2764 842 2818 merabiles
871 2773 1168 2818 conventus
1199 2765 1251 2816 in
1279 2763 1531 2817 omnibus
1556 2762 1807 2832 gentibus
1830 2761 2114 2816 Dominum

550 2851 840 2923 appellent,
885 2857 1105 2922 propter
1155 2851 1391 2906 divinam
1442 2852 1562 2919 ejus
1606 2852 1864 2905 virtutem
1901 2851 2039 2904 hanc
2063 2853 2114 2907 ei

549 2943 960 3013 appellationem
995 2943 1296 2998 tribuentes
1332 2962 1344 2997 :
1384 2942 1595 3014 Moyses
1611 2958 1851 3013 quoque,
1879 2943 2111 3012 qui,hoc

549 3033 736 3087 divino
781 3031 986 3103 Spiritu
1034 3033 1272 3096 afﬂatus,
1305 3044 1657 3104 cognoverat,
1695 3035 1998 3089 enuntiavit
2051 3036 2107 3090 in

2232 1859 2346 1914 ριον
2363 1845 2394 1915 ἠ
2402 1845 2536 1914 μῶν,
2561 1846 2844 1918 ἄνθρωπον
2864 1849 3001 1901 κατά
3031 1849 3207 1922 σάρκα
3233 1852 3516 1922 γενόμενον
3537 1855 3602 1906 ἐκ
3629 1855 3806 1926 σπέρ-

2231 1951 2400 2004 ματος
2445 1937 2677 2009 Ἰσραὴλ,
2714 1939 2882 2010 μυρία
2915 1939 3090 2012 πλήθη
3123 1943 3181 1993 ἐν
3206 1943 3336 1994 πᾶσι
3361 1945 3470 2006 τοῖς
3501 1944 3678 1997 ἔθνεσι
3701 1963 3806 1999 κυ-

2230 2026 2479 2097 ριολογεῐ,
2522 2028 2622 2098 τῆς
2651 2030 2830 2083 ἐνθέου
2860 2030 3140 2101 δυνάμεως
3191 2033 3353 2086 αὑτοῦ
3390 2035 3548 2106 χάριν
3590 2037 3803 2110 Κύριον

2223 2116 2600 2187 ὁμολογοῦντα,
2636 2121 2729 2174 καὶ
2761 2121 2917 2175 τοῦτο
2957 2121 3114 2176 πάλιν
3153 2124 3390 2196 Μωῦσῆς
3442 2127 3672 2182 συνιδὼν
3715 2130 3801 2202 τῷ

2225 2208 2351 2281 θείῳ
2383 2211 2675 2283 Πνεύματι,
2700 2211 2788 2266 διὰ
2812 2213 2911 2283 τῆς
2942 2215 3105 2268 αὑτοῦ
3128 2217 3340 2287 γραφῆς
3367 2217 3552 2272 τούτον
3581 2222 3801 2291 ἀνεφώ-

2221 2319 2352 2373 νησε
2395 2303 2484 2357 τὸν
2539 2304 2764 2376 τρόπον·
2827 2323 2846 2356 ι
2878 2305 3244 2372 Ἐξελεύσεται
3290 2308 3573 2380 ἄνθρωπος
3605 2313 3673 2366 ἐκ
3700 2314 3798 2370 τοῦ

2223 2394 2533 2467 σπέρματος
2560 2395 2722 2448 αὐτοῦ
2752 2395 2928 2465 (λέγει
2951 2397 3007 2450 δὲ
3033 2397 3127 2450 τοῦ
3157 2398 3374 2471 Ἰσραήλ
3398 2401 3550 2470 ),καὶ
3579 2404 3797 2474 κυριεύε-

2221 2503 2301 2538 σει
2321 2485 2508 2549 ἐθνῶν,
2542 2488 2635 2540 καὶ
2668 2486 3008 2557 ὑψωθήσεται
3038 2487 3339 2559 ὴβασιλεία
3371 2493 3556 2546 αὐτοῦ.
3591 2513 3610 2546 ι
3643 2496 3706 2550 El
3726 2496 3794 2570 δὴ

2221 2577 2406 2647 μηδεὶς
2435 2577 2590 2640 ἄλλος
2617 2576 2836 2630 πώποτε
2867 2577 2973 2631 τῶν
3002 2580 3067 2633 ἐκ
3087 2581 3382 2652 περιτομῆς
3401 2583 3674 2653 ἀρχόντων
3696 2587 3796 2640 καὶ

2219 2667 2480 2738 βασιλέων
2535 2669 2723 2742 κύριος
2772 2670 2940 2723 ἐθνῶν
2985 2670 3190 2724 πολλῶν
3241 2672 3504 2744 κατέστη·
3543 2675 3795 2747 (οὐδεμία

2215 2759 2324 2830 γὰρ
2358 2761 2566 2831 ἱστορία
2588 2761 2737 2832 δηλοῖ
2752 2761 2908 2814 τούτο
2927 2763 2965 2830 ⁸)
2991 2761 3088 2833 βοᾷ
3110 2762 3166 2815 δέ
3189 2763 3281 2816 καὶ
3306 2764 3575 2834 κέκραγεν
3605 2767 3636 2836 ή
3664 2768 3796 2840 ἀλή-

2215 2849 2332 2904 θεια
2372 2853 2463 2905 ἐπὶ
2505 2852 2664 2922 μόνου
2698 2853 2792 2906 τοῦ
2823 2855 3074 2924 Σωτῆρος
3107 2854 3295 2926 ἡμῶν·
3332 2856 3413 2909 ὅτι
3467 2855 3529 2927 δὴ
3583 2858 3794 2930 Κύριον

2214 2940 2393 3003 αὐτὸν,
2428 2943 2522 2994 καὶ
2551 2943 2650 2996 οὐκ
2683 2943 2811 2996 αὐτὸ
2848 2945 3004 3014 μόνον
3042 2947 3150 3008 τοῖς
3193 2945 3410 3015 χείλεσι,
3449 2947 3686 3002 διαθέσει
3729 2951 3793 3004 δέ

2211 3034 2573 3107 γνησιιογτάτη,
2632 3036 2798 3106 μυρία
2845 3035 3021 3108 πλήθη
3073 3036 3132 3103 ἐξ
3181 3038 3433 3092 ἀπάντων
3473 3039 3580 3091 τῶν
3615 3040 3792 3095 ἐθνῶν

547 3123 693 3179 hunc
724 3126 941 3181 modum
975 3145 988 3180 :
1033 3145 1051 3177 ι
1091 3125 1270 3180 Exibit
1323 3127 1485 3180 homo
1508 3126 1574 3180 de
1606 3126 1814 3181 semine
1857 3126 1977 3196 ejus
2009 3127 2110 3198 (di-

2212 3125 2476 3195 ὁμολογεῖ,
2529 3127 2580 3178 τί
2619 3127 2816 3198 δήποτε
2871 3127 3118 3198 ἐμποδὼν
3171 3129 3245 3201 μὴ
3297 3131 3416 3200 οὐχὶ
3449 3131 3611 3185 αὑτὸν
3642 3129 3790 3189 εἶναι

544 3217 620 3270 cit
672 3225 851 3271 autem
907 3216 975 3271 de
1029 3215 1214 3286 Israel)
1255 3225 1310 3272 et
1348 3216 1722 3272 dominabitur
1759 3217 2032 3287 gentibus,
2056 3227 2110 3274 et

2214 3217 2442 3285 φάσκειν
2468 3219 2560 3271 τὸν
2591 3219 3087 3290 προφητευόμενον;
3123 3220 3240 3291 Ὅτι
3261 3220 3317 3274 δὲ
3342 3223 3581 3294 Μωῦσῆς
3602 3224 3783 3278 ταῦτα

542 3309 837 3366 extolletur
865 3325 1090 3378 regnum
1122 3310 1242 3378 ejus
1258 3309 1324 3364 ³⁸.
1363 3329 1382 3362 ι
1408 3308 1564 3375 Quod
1585 3309 1630 3364 si
1660 3309 1842 3364 nullus
1869 3323 2109 3380 unquam

542 3404 684 3459 alios
724 3418 787 3458 ex
831 3403 900 3458 iis
939 3404 1274 3474 principibus
1302 3410 1355 3458 et
1389 3403 1625 3472 regibus,
1653 3402 1745 3472 qui
1780 3402 1834 3456 in
1872 3402 2110 3458 circum-

540 3497 748 3552 cisione
798 3497 1163 3566 regnaverint,
1196 3496 1488 3550 multarum
1541 3494 1783 3564 gentium
1847 3491 2106 3551 Dominus

539 3592 868 3646 constitutus
916 3598 1000 3646 est
1056 3590 1225 3661 (nulla
1284 3589 1430 3645 enim
1482 3587 1710 3643 historia
1761 3587 1865 3643 hoc
1893 3589 2104 3659 habet),

538 3685 737 3738 clamat
783 3689 965 3736 autem
1010 3691 1062 3736 et
1108 3680 1438 3735 vociferatur
1466 3680 1670 3734 veritas
1699 3679 1767 3735 de
1789 3696 1898 3736 uno
1919 3679 2108 3736 Salva-

536 3785 656 3830 tore
690 3784 878 3845 nostro
910 3793 923 3828 :
958 3774 1108 3827 illum
1139 3773 1326 3842 utique
1350 3773 1460 3842 jam
1487 3771 1802 3834 Dominum,
1835 3788 2012 3844 neque
2050 3773 2105 3828 id

538 3866 696 3921 labiis
721 3872 952 3928 tantum,
987 3864 1082 3918 sed
1119 3863 1405 3918 affectione
1431 3863 1826 3927 sincerissima,
1854 3865 2106 3920 innume-

537 3956 734 4012 rabiles
782 3956 1024 4009 omnium
1085 3956 1365 4009 nationum
1419 3961 1720 4010 conventus
1777 3957 2026 4011 confiteri
2085 3976 2100 4012 :

535 4048 664 4119 quid
714 4049 854 4102 ultra
892 4047 1005 4117 jam
1061 4047 1288 4117 impedit
1320 4064 1386 4101 ne
1419 4047 1570 4101 illum
1598 4063 1722 4102 esse
1753 4046 2103 4112 dicamus,de

533 4153 642 4209 quo
689 4138 985 4208 prophetiae
1041 4137 1292 4192 exstant?
1339 4136 1493 4203 Quod
1523 4145 1701 4193 autem
1731 4138 2103 4209 Moyseshrec

531 4243 640 4283 non
674 4229 952 4284 indefinite
977 4228 1254 4298 prmdicat,
1276 4244 1450 4298 neque
1476 4229 1743 4283 immenso
1781 4229 2016 4299 quodam
2047 4237 2102 4284 et

530 4322 864 4377 inconstanti
891 4331 1133 4392 tempore
1155 4321 1468 4374 vaticinium
1498 4320 1916 4384 adumbret,sed
1946 4321 2100 4378 valde

530 4415 878 4484 providenter
903 4424 1156 4469 eventum
1180 4428 1360 4467 rerum
1392 4427 1530 4483 quas
1561 4412 1895 4482 praedixerit,
1925 4413 2101 4468 deter-

2209 3309 2309 3361 οὐκ
2335 3309 2731 3382 ἀπεριορίστως
2758 3311 3029 3383 προλέγει,
3059 3303 3165 3364 οὖδ*
3191 3314 3270 3376 είς
3292 3314 3512 3386 ἄπειρον
3536 3317 3628 3369 καὶ
3653 3318 3787 3371 ἀπε-

2210 3398 2464 3472 ρίμετρον
2495 3403 2682 3474 χρόνον
2706 3403 3042 3467 ἐπισκιάζων
3070 3401 3166 3474 τὴν
3197 3405 3518 3477 πρόρρησιν,
3537 3409 3598 3460 οὐ
3634 3409 3784 3478 μάλα

2207 3489 2262 3542 δὲ
2284 3491 2526 3562 ἀκριϐῶς
2552 3493 2649 3564 τὴν
2673 3494 2782 3546 τῶν
2815 3495 3301 3566 προφητευομένων
3323 3496 3545 3552 ἔκϐασιν
3565 3499 3784 3571 χρόνοις

2205 3583 2525 3654 ὡρισμένοις
2557 3588 2929 3658 περιγράφων,
2963 3589 3124 3643 ἄκουε
3159 3585 3247 3644 οἷα
3289 3592 3381 3644 καὶ
3420 3593 3546 3662 περὶ
3584 3593 3778 3648 τούτου

2206 3674 2480 3743 θεσπίζει·
2538 3697 2556 3729 ι
2601 3681 2714 3733 υύκ
2771 3681 3007 3752 ἐκλείψει
3066 3683 3248 3754 ἄρχων
3309 3683 3368 3748 ἐξ
3431 3685 3617 3748 Ἰούδα,
3681 3690 3780 3740 καὶ

2202 3767 2503 3838 ἡγούμενος
2525 3771 2586 3823 ἐκ
2613 3770 2721 3824 τῶν
2757 3771 2943 3843 μηρῶν
2980 3773 3162 3837 αὑτοῦ,
3197 3774 3300 3837 ἓως
3319 3773 3529 3846 ἀνέλθῃ
3559 3771 3602 3842 ᾧ
3633 3779 3774 3831 ἀπό-

2204 3877 2408 3914 κειται·
2442 3863 2535 3914 καὶ
2555 3862 2715 3925 αὐτὸς
2739 3863 3028 3933 προσδοκία
3047 3863 3232 3916 ἐθνῶν.
3265 3883 3284 3916 ι
3309 3867 3386 3917 Δι’
3407 3859 3480 3918 ὧν
3499 3867 3559 3918 ού
3583 3867 3777 3920 διαλείο

2201 3949 2324 4020 ψειν
2365 3951 2494 4022 ἐξῆς
2524 3954 2618 4006 καὶ
2647 3953 2788 4007 κατὰ
2819 3953 3064 4024 διαδοχὴν
3092 3955 3425 4025 ἡγουμένους
3456 3957 3548 4010 καὶ
3577 3957 3776 4029 ἄρχον-

2200 4063 2298 4108 τας
2335 4044 2443 4096 τῶν
2485 4043 2750 4096 Ἰουδαίων
2782 4043 2988 4107 ἔθνους,
3026 4044 3184 4116 μέχρι
3207 4045 3306 4114 τῆς
3334 4046 3427 4099 τοῦ
3463 4049 3773 4117 προσδοκωο

2204 4137 2364 4208 μένου
2405 4135 2704 4206 παρουσίας
2740 4136 3116 4203 ἀποφαίνεται.
3159 4136 3518 4192 Διαλιπόντων
3556 4139 3614 4192 δέ
3659 4141 3771 4194 τῶν

2199 4229 2328 4298 παρ’
2353 4228 2533 4290 αὐτοῖς
2568 4226 2858 4296 ἀρχόντων,
2885 4226 3214 4298 παρέσεσθαι
3241 4228 3329 4280 τὸν
3358 4231 3772 4301 προφητευόμε-

2199 4338 2306 4374 νον.
2353 4318 2551 4373 Ἰούδαν
2578 4318 2635 4371 δὲ
2665 4318 2758 4372 νῦν
2786 4319 2847 4372 ού
2879 4318 2976 4390 τὴν
3003 4318 3172 4389 φυλὴν
3204 4320 3476 4389 ὀνομάζει,
3503 4320 3614 4374 ἀλλ’
3644 4323 3771 4377 ἐπεὶ

2197 4412 2337 4466 κατά
2367 4429 2486 4464 τινα
2517 4409 2900 4481 προσωνυμίαν
2931 4411 2988 4462 ἐν
3016 4414 3126 4473 τοῖς
3168 4410 3304 4480 μετὰ
3342 4409 3511 4464 ταῦτα
3555 4413 3767 4483 χρόνοις

527 4507 750 4561 minatis
794 4507 1130 4577 temporibus
1169 4505 1610 4569 circumscribat,
1654 4505 1744 4558 illa
1783 4505 2096 4574 planissime

2212 4504 2305 4557 bro
2359 4502 2640 4572 βασιλικῆς
2685 4502 2858 4572 φυλῆς
2900 4503 2999 4571 τῆς
3041 4502 3209 4556 Ἰούδα
3255 4503 3316 4556 τὸ
3356 4505 3461 4556 πᾶν
3503 4504 3767 4560 Ἰουδαίων

527 4592 788 4656 indicant,
818 4608 939 4662 quae
968 4594 1036 4648 de
1066 4593 1167 4648 hac
1207 4608 1424 4662 quoque
1460 4609 1518 4648 re
1562 4593 1710 4648 canit
1747 4611 1761 4646 :
1802 4611 1820 4643 ι
1855 4592 1972 4647 Νοη
2002 4595 2097 4649 de-

525 4682 690 4747 ﬁciet,
725 4683 921 4753 inquit,
962 4685 1212 4754 princeps
1251 4685 1319 4739 de
1351 4683 1513 4746 Juda,
1561 4699 1736 4753 neque
1775 4683 1881 4738 dux
1917 4684 1985 4740 de
2017 4685 2097 4739 fe-

525 4775 771 4830 moribus
817 4775 958 4844 ejus,
990 4774 1165 4830 donec
1198 4776 1379 4830 veniat
1419 4775 1506 4828 cui
1558 4775 1853 4844 repositum
1885 4783 1970 4830 est
1997 4793 2011 4830 :
2041 4783 2095 4830 et

525 4866 644 4936 ipse
674 4867 1010 4936 exspectatio
1041 4866 1281 4936 gentium
1300 4867 1403 4920 3".
1446 4884 1464 4916 ι
1507 4864 1716 4931 Quibus
1753 4864 1934 4920 verbis
1984 4881 2093 4920 non

523 4957 808 5014 defuturos
839 4958 1093 5029 deinceps
1132 4958 1386 5013 ductores
1418 4972 1483 5011 ac
1521 4957 1817 5027 principes,
1859 4957 1954 5027 qui
1987 4956 2090 5012 sibi

523 5050 666 5106 inter
693 5066 751 5106 se
779 5052 1094 5105 continuata
1140 5051 1281 5106 serie
1324 5049 1622 5105 succedant
1669 5049 1736 5105 de
1785 5059 1943 5120 gente
1994 5047 2092 5102 Ju-

521 5143 699 5204 daica,
737 5159 908 5214 usque
940 5143 1006 5197 ad
1056 5144 1198 5212 ejus,
1229 5144 1323 5214 qui
1371 5149 1740 5213 exspectatur,
1769 5142 2083 5202 adventum,

519 5237 788 5292 enuntiat.
845 5237 1000 5302 Quod
1053 5238 1098 5293 si
1149 5237 1422 5308 principes
1453 5235 1594 5306 apud
1633 5234 1850 5291 Iudaeos
1884 5233 2090 5290 defece—

520 5327 650 5390 rint,
679 5328 1037 5384 adventurum
1069 5347 1214 5391 eum,
1237 5331 1331 5400 qui
1352 5346 1417 5385 ex
1443 5330 1684 5384 oraculis
1712 5335 2082 5398 exspectatur.

516 5412 713 5470 Judam
755 5435 886 5475 vero
941 5422 1029 5476 hic
1075 5438 1183 5476 non
1229 5422 1402 5492 ipsam
1452 5421 1652 5475 tribum
1688 5419 1957 5489 intelligit,
1990 5417 2084 5474 sed

519 5510 778 5578 quoniam
854 5510 1298 5568 denominatione
1369 5513 1603 5582 quadam
1687 5508 2084 5581 posterioribus

516 5601 856 5669 temporibus
903 5617 933 5654 a
985 5605 1151 5674 regali
1200 5606 1346 5659 tribu
1370 5603 1530 5666 Juda,
1563 5604 1742 5658 omnis
1770 5601 2080 5656 Judzeorum

514 5693 663 5747 Latio
690 5691 836 5748 dicta
869 5703 974 5759 est,
1009 5696 1080 5749 ita
1110 5697 1326 5767 quidem
1374 5705 1432 5750 ut
1476 5696 1636 5750 hodie
1663 5708 1878 5765 quoque
1905 5689 2075 5747 Judzei

585 5804 628 5836 "
677 5804 831 5859 Deut.
893 5821 1049 5872 xvm,
1086 5805 1271 5868 18,19.

1349 5809 1392 5839 "
1424 5806 1554 5861 ibid.
1592 5803 1777 5866 15,16.
1855 5803 1900 5834 ³⁸
1936 5800 2092 5860 Deut.
2122 5816 2306 5866 xxxnv,
2345 5797 2523 5860 10,'1.

2199 4591 2348 4655 ἔθνος
2393 4592 2776 4664 ἐχρημάτιζεν,
2828 4593 2902 4655 ὼς
2938 4593 3029 4644 καὶ
3069 4595 3147 4656 εἰς
3197 4593 3434 4664 σήμερον
3492 4594 3765 4658 Ἰουδαίοις

2198 4682 2585 4753 ὀνομάζεσθαι·
2621 4683 2826 4753 σφόδρα
2844 4681 3169 4752 θαυμαστῶς
3199 4684 3292 4736 καὶ
3323 4683 3667 4755 προφητικιῖη
3700 4685 3764 4737 τὸ

2199 4778 2306 4829 πᾶν
2335 4775 2485 4838 ἔθνος
2535 4774 2799 4829 Ἰουδαίων
2833 4773 3130 4843 ὠνόμασεν,
3166 4773 3449 4845 ὡσπεροῦν
3482 4777 3576 4828 καὶ
3603 4777 3762 4845 ἡμεῖς

2212 4868 2493 4930 Ἰουδαίους
2536 4863 3030 4937 προσαγορεύομεν.
3069 4859 3203 4916 Εἶτά
3230 4881 3360 4934 φησι
3394 4864 3467 4936 μὴ
3502 4864 3763 4935 πρότερον

2196 4953 2462 5023 ἐκλείψειν
2484 4955 2549 5006 ἐκ
2575 4952 2667 5005 τοῦ
2703 4951 2886 5014 ἔθνους
2921 4951 3097 5004 αὐτῶν
3122 4951 3384 5024 ἄρχοντας
3406 4955 3498 5006 καὶ
3527 4955 3762 5024 ἡγουμέ-

2194 5063 2338 5109 νους,
2404 5046 2436 5115 ἢ
2497 5047 2746 5116 παρεῖναι
2800 5043 2890 5096 τὸν
2934 5044 3427 5115 προφητευόμενον·
3471 5045 3658 5098 τούτου
3701 5045 3761 5099 δὲ

2194 5136 2531 5202 ἐπιστάντος,
2584 5133 3049 5205 καταλυθήσεσθαι
3095 5136 3191 5207 μὲν
3240 5136 3435 5190 αὐτίκα
3481 5137 3580 5208 τὴν
3625 5138 3760 5190 Ἰου-

2192 5228 2357 5281 δαίων
2390 5225 2581 5298 ἀρχὴν,
2625 5224 2786 5279 αὐτὸν
2830 5223 2886 5276 δὲ
2915 5223 3013 5276 ούκ
3047 5223 3125 5276 ἔτι
3179 5223 3462 5288 Ἰουδαίων,
3503 5223 3668 5276 ἐθνῶν
3697 5223 3758 5278 δί

2192 5316 2410 5372 ἔσεσθαι
2440 5315 2781 5388 προσδοκίαν.
2818 5311 2928 5366 Καὶ
2962 5311 3118 5366 τοῦτο
3148 5311 3204 5365 δὲ
3239 5313 3330 5366 ἐπὶ
3365 5315 3461 5384 μὲν
3489 5313 3595 5366 τῶν
3625 5329 3759 5385 προ-

2191 5410 2374 5482 φητῶν
2420 5410 2521 5462 οὐκ
2560 5406 2625 5460 ἂν
2656 5405 2840 5459 δύναιο
2878 5402 3227 5476 ἐφαρμόζειν,
3262 5405 3354 5458 ἐπὶ
3386 5405 3441 5458 δέ
3471 5406 3628 5476 μόνον
3663 5404 3757 5459 τὸν

2189 5503 2415 5573 Σωτῆρα
2431 5501 2524 5554 καὶ
2548 5499 2747 5569 Κύριον
2768 5496 2940 5568 ἡμῶν.
2981 5496 3127 5566 Ἅμα
3154 5512 3213 5548 τε
3238 5495 3346 5567 γὰρ
3373 5497 3532 5560 αὐτὸς
3551 5498 3629 5560 εἰς
3661 5497 3756 5550 ἀν-

2189 5594 2438 5667 θρώπους
2487 5589 2688 5662 παρῆν,
2749 5590 2841 5643 καὶ
2874 5588 2934 5641 τὸ
2975 5588 3240 5643 Ἰουδαίων
3277 5589 3548 5660 καθῄρητο
3599 5589 3753 5660 βασί-

2182 5689 2355 5742 λειον·
2383 5683 2683 5738 ἐκλελοίπει
2707 5682 2762 5736 δὲ
2795 5683 3130 5754 παραχρῆμα
3171 5683 3200 5735 ὁ
3229 5682 3292 5734 ἐκ
3319 5682 3596 5752 προγόνων
3632 5681 3752 5738 δια-

2613 5795 2655 5827 ιι
2684 5794 2812 5853 ibid.
2841 5791 2937 5849 10.‘
2994 5795 3073 5827 ""
3101 5783 3234 5850 Gen.
3273 5808 3417 5856 χιιι,
3451 5795 3538 5853 10.
