4018 6530
253 432 370 490 επ

1165 440 1829 511 [DEMONSTRATIONIS
1861 442 2313 501 EVANGELICE
2345 444 2472 499 LIB.
2507 445 2599 502 Ill.

3408 442 3508 499 178

248 553 439 624 δοχῆς
462 556 649 627 ἄρχων
677 556 876 623 αὐτῶν,
909 558 1000 613 καὶ
1022 561 1050 614 6
1081 560 1219 614 κατά
1247 562 1444 632 νόμους
1473 564 1599 628 τοὺς
1626 566 1833 620 οίκείου‹

1960 563 2327 630 nominentur,
2343 564 2499 622 valde
2522 564 2841 620 mirabiliter
2871 573 2925 620 ct
2954 561 3266 635 prophetice
3291 576 3505 618 omnem

248 644 405 715 ήγού
415 662 599 714 μενος,
622 648 932 716 Αὐγούστου
963 651 1081 704 τότε
1108 651 1320 725 πρώτου
1355 654 1635 725 Ῥωμαίων
1662 672 1851 727 μοναρ-

249 738 566 806 χήσαντος,
614 739 855 811 Ἡρώδου
883 760 941 796 τε
972 744 1029 811 ἐξ
1050 744 1359 814 ἀλλοφύλων
1388 744 1554 799 ἐθνῶν
1588 746 1848 817 βασιλέως

249 828 452 882 αὐτῶν
497 832 885 897 καταστάντος.
921 838 1031 889 Καὶ
1070 839 1119 890 οί
1152 837 1249 907 μὲν
1293 837 1689 902 ἐκλελοίπεσαν,
1730 842 1758 892 6
1789 840 1846 893 δέ

248 919 571 990 προσδοκία
596 923 703 975 τῶν
727 926 848 978 καθ’
876 928 1003 998 ὅλης
1024 928 1124 999 τῆς
1154 931 1471 1002 οίκουμένης
1501 930 1686 996 ἐθνῶν,
1710 932 1848 986 κατὰ

248 1010 364 1080 τὴν
410 1010 564 1064 Θείαν
614 1015 919 1089 πρόρρησιν
968 1019 1372 1090 ἀναπέφανται·
1422 1023 1496 1086 ὡς
1543 1024 1635 1076 καὶ
1678 1024 1845 1076 είσέτι

249 1100 358 1155 νῦν
409 1104 627 1169 πάντας
677 1109 802 1172 τοὺς
849 1109 907 1175 ἐξ
943 1110 1195 1165 ἁπάντων
1230 1112 1337 1167 τῶν
1372 1113 1538 1166 ἐθνῶν
1572 1116 1649 1178 είς
1686 1115 1845 1169 αὑτὸν

251 1199 705 1265 πεπιστευκότας
740 1202 839 1272 τῆς
865 1202 1006 1256 κατά
1037 1203 1168 1258 Θεὸν
1195 1204 1370 1258 αὐτῶν
1396 1207 1717 1278 προσδοκίας
1750 1208 1845 1278 τὴν

250 1288 457 1344 ἐλπίδα
480 1294 572 1343 ἐπ’
596 1293 745 1364 αὐτῷ
772 1295 1032 1349 τίθεσθαι.
1060 1298 1167 1352 Καὶ
1192 1298 1431 1368 Μωῦσῆς
1461 1300 1557 1370 μὲν
1587 1300 1842 1365 τοσαῦτα,

251 1381 355 1433 καὶ
411 1382 485 1435 τὰ
532 1384 736 1438 τούτων
767 1386 929 1459 ἕτερα
958 1389 1127 1443 πλείω
1163 1391 1288 1462 περὶ
1316 1391 1410 1444 τοῦ
1442 1392 1677 1459 Χριστοῦ
1710 1393 1845 1464 πρὸς

256 1473 475 1537 πάντας
535 1478 686 1545 ἡμᾶς
730 1478 1169 1548 εὐαγγελίζεταιο
1218 1484 1422 1553 ἀδελφά
1471 1484 1526 1538 δέ
1559 1485 1704 1557 αὐτῷ
1751 1487 1844 1539 καὶ

264 1564 507 1630 Ἦσατας
536 1570 935 1643 ἀφωρισμένως
968 1576 1095 1647 περί
1122 1594 1265 1640 τινος
1297 1577 1412 1642 ἐνὸς
1441 1580 1506 1631 ἐκ
1534 1579 1845 1651 σπέρματος

256 1661 357 1710 καὶ
409 1660 671 1732 διαδοχῆς
720 1664 887 1719 Δαϐὶδ
944 1667 1038 1720 τοῦ
1088 1668 1350 1738 βασιλέως
1408 1671 1842 1742 ἀναπησομένου

253 1752 457 1816 ταῦτα,
534 1756 819 1827 προλέγει·
861 1777 881 1810 ι
946 1759 1305 1827 Ἐξελεύσεται
1362 1763 1554 1835 ῥάϐδος
1615 1765 1679 1817 ἐκ
1741 1764 1843 1834 τῆς

261 1845 417 1915 ῥίζης
498 1848 721 1912 Ἰεσσαὶ,
799 1853 894 1907 καὶ
953 1854 1110 1919 ἄνθος
1168 1857 1232 1910 ἐκ
1291 1857 1388 1928 τῆς
1449 1857 1605 1928 ῥίζης
1678 1858 1838 1913 αὑτοῦ

258 1937 621 2007 ἀναϐήσεται,
684 1943 776 1994 καὶ
833 1944 1202 1998 ἀναπαύσεται
1271 1948 1358 2000 ἐπ’
1414 1948 1573 2002 αὐτὸν
1630 1950 1843 2022 πνεῦμα

256 2025 348 2079 τοῦ
396 2027 578 2094 Θεοῦ,
647 2029 866 2103 πνεῦμα
938 2036 1127 2105 σοφίας
1186 2038 1279 2090 καὶ
1341 2038 1635 2103 συνέσεως·
1680 2059 1699 2092 ι
1749 2041 1843 2094 καὶ

258 2112 324 2166 τά
390 2114 586 2170 λοιπά.
652 2115 766 2173 Εἶθ’
821 2121 1029 2187 ὑποϐάς
1085 2124 1209 2195 ἐξῆς
1270 2129 1591 2201 προφητικῷ
1660 2131 1843 2203 τρόπῳ

256 2206 353 2277 τὴν
413 2207 533 2261 τῶν
607 2210 917 2280 ἀλλοφύλων
987 2214 1156 2269 ἐθνῶν
1235 2215 1522 2290 βαρϐάρων
1605 2240 1666 2275 τε
1747 2225 1842 2277 καὶ⁵

266 2294 566 2370 Ἑλλήνων,
616 2302 726 2356 τῶν
769 2321 827 2357 τε
877 2306 1229 2376 ἀγριωτάτων
1268 2309 1360 2363 καὶ
1402 2310 1843 2383 θηριωδεστάτων

256 2391 568 2463 ἀνθρώπιον
600 2394 695 2466 τὴν
716 2398 808 2449 ἐπὶ
838 2398 897 2451 τὸ
917 2401 1089 2471 πρᾶον
1114 2402 1204 2455 καὶ
1236 2403 1440 2474 ἥμερον
1470 2405 1558 2458 διὰ
1577 2406 1680 2476 τῆς
1711 2409 1842 2478 Χρι-

255 2483 381 2535 στοῦ
429 2484 789 2551 διδασκαλίας
826 2492 1194 2563 γενησομένην
1235 2496 1530 2568 μεταϐολὴν
1575 2496 1836 2563 θεσπίζει.

254 2574 483 2642 Δέγειδ⁹
507 2573 606 2629 οὖν
625 2595 640 2608 ·
680 2597 697 2629 ι
729 2580 836 2632 Καὶ
859 2582 1361 2655 συμϐοσκηθήσεται
1392 2585 1552 2650 λύκος
1584 2588 1719 2657 μετά
1744 2591 1840 2661 άρ⁴

253 2667 359 2729 νδς,
382 2668 482 2721 καί
512 2669 781 2740 πάρδαλις
815 2673 1280 2728 συναναπαύσεται
1310 2678 1499 2748 ἐρίφῳ,
1526 2679 1618 2732 καὶ
1640 2681 1840 2750 μοσχάη

255 2774 392 2830 ριον,
415 2760 514 2810 καὶ⁵
541 2758 762 2831 ταῦρος,
793 2762 885 2815 καὶ
912 2763 1044 2816 λέων
1070 2764 1183 2834 ἅμα
1210 2764 1649 2837 βοσκηθήσονται,
1690 2789 1708 2820 ι
1746 2771 1839 2824 καὶ

252 2858 319 2898 τά
344 2847 559 2910 τούτοις
586 2851 962 2922 παραπλήσια,
992 2852 1026 2906 ἀ
1058 2854 1149 2906 καὶ
1188 2856 1338 2927 παρά
1368 2858 1533 2921 πόδας
1563 2858 1837 2929 διασαφῶν

254 2940 573 3009 ὲρμηνεύει,
604 2944 813 3012 φήσας
852 2962 869 2994 ι
900 2945 1008 2998 Καὶ
1037 2945 1187 2999 ἐσται
1218 2948 1246 3000 6
1271 2949 1623 3020 ἀνιστάμενος
1652 2950 1836 3023 ἄρχειν

252 3032 443 3095 ἐθνῶν,
482 3036 575 3085 ἐπ’
615 3034 765 3105 αὐτῷ
807 3035 931 3108 ἔθνη
975 3036 1270 3094 ἐλπιοῦσιν.
1324 3060 1342 3092 ι
1385 3043 1578 3111 Σαφῶς
1616 3045 1722 3116 γὰρ
1768 3045 1835 3100 τὰ

252 3123 421 3192 ἀλογα
458 3125 759 3197 θρέμματα
784 3128 879 3181 καὶ
904 3129 1030 3193 τοὺς
1058 3132 1641 3206 προκαταλελειμένους
1664 3137 1836 3209 θῆρας

251 3215 369 3268 οὐδὲ
412 3216 613 3279 ἄλλους
658 3213 934 3272 εἶναιτῶν
961 3220 1148 3284 ἐθνῶν,
1191 3223 1283 3276 τοῦ
1331 3224 1626 3298 θηριώδους
1674 3228 1835 3284 ἕνεκα

248 3306 474 3377 τρόπου,
499 3305 827 3377 διεσάφησεν
849 3325 864 3339 °
910 3302 985 3364 ὧν
1013 3309 1180 3364 ἐθνῶν
1212 3312 1395 3384 ἄρξειν
1422 3316 1553 3386 φησὶ
1586 3317 1676 3370 τὸν
1719 3320 1835 3373 ἀνι-

252 3396 522 3467 στάμενον
576 3400 641 3451 ἐκ
675 3400 986 3472 σπέρματος
1030 3404 1243 3457 Ἰεσσαί·
1280 3406 1371 3475 ἀφ’
1403 3402 1462 3461 οὗ
1493 3407 1555 3479 δὴ
1586 3411 1615 3462 6
1647 3409 1835 3482 Σωτὴρ

250 3492 341 3543 καὶ
377 3491 590 3564 Κύριος
623 3493 781 3563 ήμῶν
808 3494 1227 3565 γενεαλογεῖται,
1265 3498 1348 3566 ἐφ’
1380 3498 1437 3552 ὃν
1465 3499 1531 3553 τά
1561 3501 1641 3563 είς
1673 3503 1833 3555 αὐτὸν

254 3585 585 3638 πιστεύοντα
630 3585 757 3658 ἐθνη
812 3588 980 3641 εἰσέτι
1031 3588 1126 3641 νῦν
1165 3589 1371 3654 ἐλπίζει
1418 3591 1721 3662 συμφώνως
1766 3598 1830 3667 τῇ

254 3680 559 3749 προρρήσει
579 3696 593 3710 ο
636 3696 655 3729 ι
680 3679 788 3731 Καὶ
809 3678 959 3733 ἔσται
991 3682 1019 3732 6
1043 3680 1395 3750 ἀνιστάμενος
1429 3683 1614 3752 ἄρχειν
1640 3684 1829 3751 ἐθνῶν,

253 3770 337 3821 ἐπ’
368 3770 524 3840 αὐτῷ
545 3769 672 3841 ἔθνη
711 3770 972 3825 ἐλπιοῦσι.
1007 3792 1024 3823 ι
1052 3771 1220 3824 Τοῦτο
1240 3773 1302 3845 δὴ
1328 3774 1566 3845 παράθες
1589 3778 1700 3841 τοῖς
1731 3796 1831 3830 παρ

256 3862 321 3931 ρά
343 3862 575 3914 Μωῦσεί
607 3862 923 3932 φερομένοις
952 3861 1272 3916 διαστέλλων
1319 3866 1412 3918 καὶ
1453 3867 1513 3918 τὸ
1542 3868 1658 3938 μὲν,
1689 3887 1706 3919 ι
1733 3871 1827 3922 'E-

254 3970 371 4005 σται
415 3956 445 4006 6
472 3954 835 4023 ἀνιστάμενος
868 3954 1053 4026 ἄρχειν
1099 3955 1287 4019 ἐθνῶν,
1324 3977 1341 4007 ι
1383 3958 1693 4029 ἐφάρμοσον
1728 3961 1824 4032 τῷ,

257 4063 277 4095 ι
305 4044 653 4111 ἐξελεύσεται
676 4044 957 4115 ἄνθρωπος
984 4048 1047 4099 ἐκ
1071 4046 1165 4099 τοῦ
1195 4049 1502 4119 σπέρματος
1528 4052 1711 4119 αὑτοῦ,
1736 4056 1829 4107 καὶ

252 4136 535 4207 κυριεύσει
566 4135 737 4188 ἐθνῶν
766 4135 1000 4189 πολλῶνσ
1035 4159 1051 4189 ι
1086 4140 1177 4192 καὶ
1205 4140 1281 4204 τὸ,
1314 4160 1330 4192 ι
1374 4142 1490 4196 Ἐπ’
1524 4144 1669 4215 αὐτῷ
1702 4146 1827 4218 ἔθνη

251 4228 532 4289 ὲλπιοῦσι,
577 4248 594 4279 ι
631 4228 734 4298 τῷ,
781 4248 799 4280 ι
846 4230 954 4283 Καὶ
989 4231 1145 4295 αὐτὸς
1189 4231 1339 4286 ἔσται
1394 4235 1690 4305 προσδοκία
1736 4237 1825 4291 ἐθ-

249 4320 374 4372 νῶν.
413 4339 431 4371 ι
465 4319 534 4372 Τί
559 4318 670 4390 γάρ
692 4319 934 4391 διαφέρει
959 4322 1205 4391 φάσκειν,
1240 4325 1358 4377 Ἐπ’
1387 4326 1535 4397 αὐτῷ
1573 4327 1697 4400 ἔθνη
1738 4330 1826 4383 ἐλ-

252 4412 486 4474 πιοῦσιν,
518 4411 753 4483 ἢ,Αὑτδς
779 4411 929 4465 ἔσται
972 4414 1263 4484 προσδοκία
1293 4416 1500 4484 ἐθνῶν;
1536 4420 1697 4474 πάλιν
1728 4421 1771 4475 δ’
1799 4424 1828 4476 6

250 4504 407 4568 αὐτὸς
446 4502 681 4567 Ἡσαΐας
710 4502 914 4575 προῖὼν
945 4506 1182 4575 περὶτοῦ
1222 4509 1455 4578 Χριστοῦ
1493 4510 1662 4565 ταῦτα
1691 4530 1812 4585 προ-

250 4596 472 4695 φητεύει
540 4614 559 4645 ι
756 4596 785 4648 6
813 4599 939 4660 παῖς
970 4614 1069 4695 μου
1105 4598 1164 4651 ὃν
1196 4600 1438 4672 ᾑρέτισα,
1479 4604 1507 4655 6
1545 4605 1827 4676 ἀγαπητός
1858 4641 1901 4695 D

252 4704 367 4756 μοι),
390 4689 473 4750 είς
497 4686 557 4740 ὃν
586 4685 873 4757 εὐδόκησεν
896 4689 929 4758 ή
956 4686 1098 4761 ψυχή
1132 4706 1253 4760 μου,
1278 4692 1457 4762 κρίσιν
1486 4697 1597 4757 τοῖς
1618 4694 1824 4749 ἔθνεσιν

249 4777 475 4843 ἐξοίσει·
519 4798 537 4829 ι
576 4780 669 4831 καί
711 4778 978 4850 ἐπιφέρει,
1013 4800 1030 4831 ι
1058 4782 1201 4845 Ἕως
1234 4781 1298 4836 ἀν
1320 4783 1396 4836 θῶ
1429 4785 1521 4838 ἐπὶ
1557 4788 1656 4859 γῆς
1703 4790 1822 4860 κρί-

250 4887 348 4934 σιν,
386 4872 484 4925 καὶ
508 4875 566 4924 ἐν
594 4872 672 4941 τῷ
703 4871 924 4942 ὀνόματι
959 4873 1121 4926 αὐτοῦ
1152 4873 1276 4947 ἔθνη
1310 4877 1605 4933 ἐλπιοῦσιν.
1634 4902 1650 4931 ι
1680 4882 1815 4955 Ἤδη

246 4959 495 5031 δεύτερον
525 4960 584 5012 ἐν
611 4959 817 5023 τούτοις
838 4962 866 5013 6
898 4963 1181 5033 προφήτης
1209 4964 1269 5016 τὸ
1292 4967 1384 5020 ἐπὶ
1401 4967 1477 5038 τῷ
1508 4970 1723 5043 Χριστῷ
1749 4974 1816 5027 τά

247 5048 366 5121 ἔθνη
393 5050 640 5102 ἐλπίσειν
672 5048 897 5113 τίθεται,
932 5050 1199 5123 ἀνώτερον
1229 5054 1424 5108 εἰπών’
1467 5076 1485 5108 ι
1522 5059 1636 5112 Ἐπ’
1670 5062 1817 5133 αὐτῷ

246 5139 363 5211 ἔθνη
419 5139 760 5194 ἐλπιοῦσιν.»
797 5142 1055 5196 Ἐνταῦθα
1097 5143 1181 5209 δὲ,
1208 5146 1317 5198 Καὶ
1364 5148 1422 5198 ἐν
1473 5148 1549 5218 τῷ
1596 5150 1815 5221 ὀνόματι

245 5232 401 5284 αὑτοῦ
424 5232 556 5302 ἔθνη
592 5231 855 5286 ἐλπιοῦσι.
892 5234 1151 5289 Λέλεκται
1184 5237 1238 5290 δὲ
1290 5240 1384 5291 καὶ
1412 5239 1489 5310 τῷ
1527 5242 1708 5307 Δαὸὶδ,
1738 5244 1816 5308 ὡς

245 5324 344 5394 ἄρα
370 5344 388 5375 ι
426 5325 525 5378 Ἐκ
547 5324 642 5377 τοῦ
677 5325 889 5399 καρποῦ
913 5329 1009 5400 τῆς
1040 5329 1244 5393 κοιλίας
1263 5331 1425 5383 αὐτοῦ
1452 5333 1812 5407 ἀναστήσεται

246 5433 321 5479 τις
351 5418 484 5489 περὶ
515 5410 579 5470 οὗ
607 5417 735 5488 ἐξῆς
769 5436 929 5491 φησιν
973 5422 1001 5473 6
1033 5421 1163 5484 Θεός
1183 5439 1195 5451 ο
1247 5442 1263 5473 ι
1292 5423 1461 5488 Αὐτὸς
1496 5426 1811 5479 ἐπικαλέσε-

248 5510 328 5561 ταὶ
362 5528 451 5580 με,
485 5512 675 5583 πατήρ
699 5528 799 5581 μου
826 5508 877 5565 εἷ
899 5514 961 5566 σύ
981 5530 995 5543 ο
1035 5513 1190 5582 κάγὼ
1221 5516 1556 5589 πρωτότοκον
1579 5517 1812 5590 θήσομαι

247 5602 418 5655 αὐτόν.
449 5622 467 5653 ι
494 5604 606 5655 Καὶ
651 5605 777 5672 περὶ
816 5604 1004 5657 τούτου
1050 5605 1106 5659 δὲ
1152 5608 1311 5660 πάλιν
1361 5608 1607 5680 εἴρηται·
1656 5630 1675 5662 ι
1704 5613 1813 5665 Καὶ

249 5692 661 5765 κατακνριεύσει
695 5695 803 5748 ἀπὸ
834 5694 1105 5768 θαλάσσης
1137 5697 1241 5762 ἓως
1270 5698 1560 5772 θαλάσσης,
1582 5701 1675 5755 καὶ
1706 5701 1815 5756 ἀπὸ

313 5866 478 5924 "isa.
517 5886 591 5930 xl,
634 5869 746 5934 με.
824 5869 866 5902 ³³
916 5869 1124 5927 ibid.6.
1201 5870 1245 5904 ”
1286 5871 1415 5927 ibid.
1483 5872 1562 5931 10.

1951 654 2232 711 Judaicam
2285 667 2496 728 gentem
2530 655 2723 711 Judam
2775 656 3094 721 nominavit,
3127 670 3258 711 sane
3300 663 3359 710 ut
3408 671 3508 711 nos

1953 760 2169 815 quoque
2198 743 2413 801 Judwos
2462 748 2732 817 appellare
2761 747 3143 803 consuevimus
3171 766 3184 802 :
3218 753 3331 801 tum
3368 746 3510 801 allir-

1952 846 2064 890 mat
2100 852 2205 892 non
2251 839 2403 908 prius
2433 840 2712 895 defuturos
2748 840 2814 896 de
2838 849 2994 910 gente
3029 841 3267 909 ipsorum
3311 840 3509 909 princi-

1951 943 2047 998 pes
2094 943 2158 983 ac
2204 931 2393 993 duces,
2418 947 2580 1001 quam
2614 932 2661 988 is
2690 933 2960 998 adveniat,
3006 949 3167 1004 quem
3224 933 3509 1003 prOphetia

1951 1021 2240 1092 significat.
2276 1021 2447 1078 Porro
2476 1024 2563 1079 hic
2598 1025 2758 1079 simul
2784 1034 2944 1096 atque
2972 1026 3269 1091 advenerit,
3294 1024 3509 1082 Judaei-

1951 1128 2071 1167 rum
2104 1115 2319 1184 quidem
2351 1114 2711 1186 principatum
2739 1133 2859 1173 esse
2880 1117 3304 1183 dissolvendum,
3332 1118 3507 1188 ipsum

1950 1219 2079 1260 vero
2116 1220 2223 1260 non
2267 1204 2576 1261 Iudaeorum
2631 1209 2883 1279 amplius,
2945 1209 3041 1264 sed
3093 1214 3333 1280 gentium
3393 1208 3506 1265 fore

1950 1297 2407 1368 exspectationem
2440 1318 2454 1353 :
2487 1300 2631 1370 quod
2654 1301 2869 1370 quidem
2905 1302 3079 1372 ipsum
3101 1302 3231 1356 nulli
3269 1316 3507 1371 unquam

1951 1389 2337 1460 prophetarum
2378 1392 2816 1457 accommodare,
2849 1393 2942 1448 sed
2983 1394 3073 1447 uni
3109 1394 3370 1447 duntaxat
3398 1390 3510 1444 Sal-

1950 1482 2126 1535 vatori
2156 1480 2497 1552 Dominoque
2536 1491 2744 1547 nostro,
2778 1485 3000 1554 poteris.
3026 1485 3136 1555 96
3160 1483 3291 1537 Nam
3345 1483 3507 1539 simul

1950 1582 2112 1644 atque
2150 1574 2239 1629 ille
2271 1575 2339 1629 ad
2370 1574 2618 1631 homines
2660 1578 2825 1641 venit,
2856 1575 3163 1630 Iudaeorum
3195 1576 3335 1644 regia
3378 1574 3507 1629 sub-

1950 1668 2055 1720 lata
2089 1675 2193 1734 est,
2234 1667 2603 1737 continuoque
2634 1667 2847 1721 illorum
2882 1668 3135 1737 princeps
3160 1666 3375 1727 defecit,
3413 1664 3507 1734 qui

1948 1757 2165 1828 quidem
2223 1758 2521 1828 majoribus
2565 1759 2679 1813 suis
2727 1759 3061 1823 succederet,
3089 1767 3248 1827 atque
3279 1772 3341 1811 ex
3381 1755 3509 1825 legi-

1948 1853 2052 1907 bus
2101 1851 2331 1921 propriis
2372 1850 2480 1904 illis
2524 1858 2800 1920 praaesset.
2844 1848 3000 1904 Tunc
3044 1848 3188 1903 enim
3227 1848 3506 1917 Augustus

1878 1928 1918 1982 Β
1944 1942 2317 1998 Romanorum
2355 1942 2564 2013 primus
2590 1942 2797 2013 accepit
2833 1940 3114 2011 imperium
3143 1959 3155 1993 :
3186 1949 3239 1994 et
3268 1937 3507 1994 Herodes

1944 2037 2011 2091 ab
2062 2036 2302 2091 externis
2352 2034 2605 2106 gentibus
2653 2034 2883 2100 accitus,
2908 2034 3123 2087 illorum
3171 2047 3264 2085 rex
3300 2032 3505 2085 consti-

1943 2132 2091 2180 tutus
2120 2132 2223 2180 est.
2252 2122 2318 2177 Et
2340 2123 2419 2177 illi
2454 2124 2671 2195 quidem
2699 2124 3031 2187 defecerunt,
3064 2122 3149 2177 hic
3176 2130 3351 2176 autem
3382 2136 3508 2189 gen-

1942 2216 2074 2269 tium
2108 2231 2204 2285 per
2233 2222 2405 2269 totum
2436 2223 2708 2269 terrarum
2751 2214 2938 2269 orbem
2971 2213 3321 2282 exspectatio,
3360 2212 3504 2268 sicut

1941 2306 2205 2362 divinitus
2252 2305 2569 2375 praedictum
2614 2305 2814 2369 fuerat,
2850 2293 3159 2359 declaratus
3204 2310 3286 2358 est
3325 2303 3504 2358 :adeo

1941 2398 2180 2468 quidem,
2234 2406 2293 2452 ut
2343 2414 2488 2452 nunc
2545 2413 2760 2468 quoque
2828 2411 3018 2451 omnes
3077 2396 3388 2466 quicunque
3436 2410 3503 2449 ex

1941 2490 2194 2543 omnibus
2236 2490 2491 2559 gentibus
2526 2491 2577 2543 in
2612 2490 2761 2543 illum
2799 2488 3050 2553 credunt,
3082 2486 3503 2557 exspectationis

1941 2596 2053 2636 suae
2114 2582 2410 2636 secundum
2457 2580 2645 2647 Deum,
2678 2581 2733 2635 in
2780 2581 2872 2635 illo
2925 2595 3073 2650 spem
3130 2586 3410 2648 reponant.
3438 2577 3504 2632 Et

1942 2672 2155 2743 Moyses
2205 2671 2428 2742 quidem
2488 2672 2601 2726 hac
2645 2673 2858 2742 aliaque
2893 2671 2979 2727 his
3004 2671 3157 2741 plura
3186 2671 3253 2725 de
3280 2670 3501 2724 Christo

1938 2765 2192 2821 omnibus
2243 2766 2401 2820 nobis
2452 2763 2681 2819 feliciter
2718 2763 2959 2829 nuntiat;
2990 2763 3039 2818 ei
3080 2776 3209 2818 vero
3248 2776 3501 2833 germana

1939 2854 2107 2911 Isaias
2138 2870 2355 2927 quoque
2386 2854 2606 2909 deﬁnite
2640 2854 2707 2908 de
2746 2870 2856 2910 uno
2900 2863 3052 2910 certo
3108 2870 3252 2925 rege,
3297 2854 3388 2924 qui
3434 2868 3502 2907 ex

1939 2952 2144 3009 semine
2184 2966 2248 3007 ac
2285 2950 2635 3006 successione
2677 2948 2845 3004 David
2879 2950 2948 3003 sit
2985 2947 3355 3010 suscitandus,
3387 2944 3501 3000 haec

1944 3043 2095 3098 canit
2122 3062 2134 3096 :
2161 3059 2180 3093 ι
2212 3040 2532 3112 Egredietur
2572 3041 2722 3110 virga
2754 3038 2821 3094 de
2850 3038 3031 3093 radice
3081 3035 3254 3103 Jesse,
3304 3050 3358 3092 et
3400 3039 3500 3092 llos

1936 3134 2005 3191 de
2042 3135 2226 3188 radice
2274 3134 2395 3203 ejus
2453 3133 2730 3198 ascendet,
2787 3140 2840 3185 et
2880 3131 3186 3199 requiescet
3230 3144 3392 3198 super
3433 3142 3500 3182 eo

1862 3262 1902 3317 ε
1936 3225 2162 3296 spiritus
2212 3224 2325 3291 Dei,
2358 3225 2584 3295 spiritus
2633 3223 2910 3293 sapientia:
2938 3230 2992 3277 et
3036 3222 3343 3276 intellectus
3366 3219 3431 3284 ³³,
3471 3238 3491 3271 ι

1936 3328 1989 3373 et
2028 3318 2255 3388 reliqua.
2289 3316 2428 3371 Tum
2460 3318 2677 3388 longius
2709 3330 3056 3388 progressus,
3085 3329 3235 3369 more
3267 3313 3497 3384 propbeo

1934 3410 2061 3475 tico,
2096 3418 2442 3464 externarum
2473 3410 2715 3480 gentium
2755 3417 2809 3462 et
2836 3406 3217 3469 barbararum,
3250 3419 3349 3459 nec
3386 3419 3500 3460 non

1934 3517 2056 3557 cum
2103 3500 2437 3565 Graecorum,
2490 3508 2604 3554 tum
2636 3499 3055 3570 asperrimorum
3113 3511 3177 3551 ac
3223 3496 3499 3551 ferocissi-

1933 3606 2145 3646 morum
2167 3592 2473 3655 hominum,
2520 3590 2756 3644 l'utnram
2797 3590 2852 3643 in
2884 3589 3042 3643 mites
3079 3594 3491 3658 mansuetosque

1938 3700 2119 3740 mores
2157 3700 2223 3739 ex
2265 3684 2514 3738 doctrina
2560 3682 2761 3737 Christi
2808 3680 3183 3746 mutationem,
3231 3680 3496 3750 praedicit.

1934 3774 2074 3830 Sunt
2111 3784 2291 3830 autem
2335 3776 2454 3844 ejus
2492 3774 2652 3829 verba
2688 3773 2803 3827 haec
2835 3790 2848 3827 :
2891 3789 2908 3822 ι
2954 3769 3018 3825 Ει
3050 3758 3304 3841 pascétur
3331 3771 3496 3826 simul

1934 3869 2092 3937 lupus
2131 3882 2255 3921 cum
2285 3882 2444 3937 agno,
2468 3873 2522 3920 et
2552 3864 2755 3935 pardus
2780 3862 2939 3918 simul
2982 3864 3224 3934 quiescet
3246 3877 3369 3917 cum
3396 3864 3496 3917 lun-

1931 3960 2002 4015 do
2030 3977 2043 4013 :
2072 3966 2125 4014 et
2156 3958 2359 4014 vitulus
2389 3966 2442 4011 et
2468 3965 2656 4010 laurus
2687 3964 2740 4010 et
2768 3956 2852 4010 leo
2871 3955 3032 4010 simul
3065 3954 3437 4026 pascentur",
3468 3973 3490 4017 ι

1930 4058 1984 4106 et
2019 4050 2123 4104 alia
2159 4050 2243 4105 his
2288 4049 2484 4105 similia
2514 4067 2526 4101 :
2557 4061 2676 4119 quae
2720 4047 2880 4102 etiam
2914 4062 2944 4102 e
2981 4046 3208 4116 vestigio
3252 4045 3494 4115 planiora

1928 4137 2165 4194 eﬂlciens
2208 4137 2618 4208 interpretatur,
2646 4138 2738 4191 ubi
2772 4138 2845 4190 ait
2879 4152 2891 4189 :
2933 4155 2951 4187 ι
2986 4135 3048 4189 Et
3071 4129 3195 4199 erit,
3228 4137 3321 4206 qui
3364 4152 3492 4191 sur-

1929 4230 2007 4301 git
2050 4229 2118 4284 ad
2159 4230 2535 4300 imperandum
2561 4231 2833 4301 gentibus,
2882 4230 2936 4283 in
2967 4244 3032 4284 eo
3080 4236 3266 4299 gentes
3306 4244 3493 4299 spera-

1927 4321 2149 4378 bunt“.
2194 4340 2213 4375 ι
2260 4320 2425 4376 Plane
2466 4321 2608 4375 enim
2649 4320 2989 4374 irrationalia
3025 4320 3114 4373 illa
3140 4319 3405 4389 jumenta,
3437 4326 3493 4374 et

1929 4429 2067 4484 quas
2106 4412 2215 4467 illic
2258 4411 2504 4482 praedixit
2531 4411 2761 4475 belluas,
2794 4410 2972 4464 nullas
3000 4425 3123 4464 esse
3153 4409 3288 4465 alias
3326 4424 3490 4479 quam

1929 4507 2077 4577 ipsas
2111 4513 2298 4575 gentes
2349 4510 2570 4573 propter
2610 4516 2798 4556 earum
2831 4500 3034 4555 ferinos
3074 4515 3274 4564 mores,
3311 4499 3493 4554 decla-

1930 4596 2072 4651 ravit
2104 4615 2117 4651 :
2153 4595 2354 4666 quibus
2392 4608 2523 4649 sane
2554 4593 2803 4663 gentibus
2838 4593 3225 4661 imperaturum
3261 4590 3489 4644 alllrmat

1928 4702 2073 4752 eum,
2118 4686 2210 4757 qui
2258 4685 2432 4757 surgit
2470 4685 2538 4739 de
2566 4684 2772 4738 semine
2807 4680 2959 4737 Jesse
2994 4699 3007 4735 :
3041 4696 3107 4735 ex
3137 4695 3246 4751 quo
3285 4681 3492 4735 semine

1930 4780 2179 4835 Salvator
2242 4788 2296 4835 et
2352 4779 2613 4834 Dominus
2674 4786 2865 4832 noster
2918 4776 3181 4831 oriundus
3230 4776 3492 4847 pradica-

1923 4881 2033 4937 tur,
2086 4874 2137 4927 in
2217 4888 2375 4943 quem
2433 4879 2640 4943 gentes.
2711 4886 2831 4941 qum
2894 4870 2947 4924 in
3001 4870 3175 4938 ipsum
3235 4869 3485 4932 credunt,

1923 4970 2086 5023 etiam
2128 4982 2273 5019 nunc
2325 4974 2564 5034 sperant,
2597 4963 2698 5034 ipsi
2746 4963 2929 5032 utique
2959 4964 3211 5016 vaticinio
3253 4976 3488 5016 Consen-

1923 5068 2080 5114 tanea
2110 5058 2392 5120 facientes,
2432 5056 2573 5127 quod
2612 5055 2686 5109 ait
2721 5073 2777 5109 τι
2814 5053 2879 5107 Ει
2911 5054 3033 5115 erit,
3060 5055 3149 5122 qui
3187 5053 3357 5122 surgit
3384 5051 3486 5104 im-

1922 5167 2113 5222 perare
2160 5149 2431 5220 gentibus,
2479 5149 2532 5202 in
2587 5148 2703 5217 ipso
2736 5158 2923 5217 gentes
2958 5145 3271 5214 sperabunt.
3309 5160 3327 5192 ι
3375 5140 3487 5196 lloc

1922 5245 2087 5315 igitur
2129 5243 2388 5313 apponito
2419 5243 2486 5297 iis
2541 5256 2661 5311 quae
2694 5238 2835 5310 apud
2865 5235 3083 5307 Moysen
3127 5235 3391 5295 feruntur,
3421 5248 3486 5288 ac

1919 5335 2258 5405 distinguito.
2291 5334 2353 5387 Et
2384 5333 2515 5387 illud
2554 5332 2769 5401 quidem
2804 5349 2816 5383 :
2856 5348 2873 5379 ι
2912 5328 3155 5396 Erit,qui
3185 5327 3355 5398 surgit
3381 5326 3486 5380 im-

1922 5440 2113 5495 perare
2140 5424 2414 5495 gentibus,
2443 5442 2459 5474 )
2496 5437 2617 5476 cum
2654 5422 2747 5474 illo
2776 5418 3088 5487 componito
3120 5435 3136 5471 :
3171 5435 3189 5468 ι
3229 5416 3489 5488 Egredie—

1923 5528 2012 5573 tur
2038 5517 2201 5572 homo
2238 5516 2302 5571 de
2332 5516 2539 5571 semine
2569 5515 2709 5582 ejus,
2738 5519 2792 5568 et
2820 5511 3187 5567 dominabitur
3229 5510 3482 5581 gentibus

1916 5610 2124 5665 multis.
2170 5629 2187 5661 ι
2223 5608 2286 5662 Ει
2315 5607 2449 5663 illud
2490 5626 2502 5662 :
2547 5625 2564 5658 ι
2604 5605 2659 5660 ln
2702 5606 2822 5676 ipso
2871 5614 3058 5676 gentes
3115 5606 3475 5674 sperabunt,»

1917 5718 2039 5758 cum
2100 5701 2193 5759 illo
2230 5720 2243 5758 :
2288 5720 2306 5754 ι
2346 5699 2411 5755 Et
2454 5701 2569 5771 ipse
2622 5700 2725 5756 erit
2782 5699 3116 5769 exspectatio
3164 5697 3423 5769 gentium.
3452 5709 3476 5747 ι
