3954 6508
502 408 611 475 ΠΩ

1181 407 1456 464 EUSEBH‘
1481 408 1956 465 CAESARIENSIS
1997 410 2146 468 OPP.
2189 411 2366 466 PARS
2405 410 2465 467 ll.
2498 441 2566 454 -—-
2602 412 3095 472 APOLOCETICA.

3635 417 3759 472 180

505 531 646 598 Quid
674 531 818 586 enim
848 529 1074 585 interest
1103 527 1346 593 dicasne,
1381 529 1436 583 in
1488 529 1606 599 ipso
1648 537 1836 600 gentes
1875 543 2062 600 spera-

2190 530 2421 601 ποταμῶν
2442 531 2545 595 ἓως
2571 531 2820 603 περάτων
2849 533 2946 604 τῆς
2973 531 3313 603 οἰκουμένης.
3345 551 3366 585 ο
3396 531 3503 586 Καὶ
3533 528 3713 595 αὖθις
3733 547 3755 566 ο

505 626 664 690 bunt,
697 623 807 694 97
853 638 921 678 an
966 637 1093 678 vero
1117 639 1132 676 :
1158 621 1272 692 ipse
1299 621 1403 676 erit
1431 624 1764 692 exspectatio
1789 623 2064 694 gentium?

2172 643 2190 676 ι
2215 625 2396 678 Πάντα
2423 624 2492 677 τά
2537 623 2662 695 έθνη
2695 624 3064 678 δουλεύσουσιν
3099 622 3276 694 αύτῷ,
3311 623 3403 676 καὶ
3447 623 3762 694 ὲνευλογηη

503 710 718 776 Rursus
763 726 891 769 vero
939 711 1077 766 idem
1114 709 1304 774 Isaias,
1335 711 1582 766 oratione
1613 725 1966 782 progressus,
1998 709 2066 767 de

2190 716 2420 787 ιήσονται
2454 717 2510 769 ὲν
2538 716 2620 768 σοὶ
2644 717 2812 769 πᾶσαι
2845 717 2900 770 αἱ
2927 716 3086 785 φυλαὶ
3115 715 3216 784 τῆς
3240 715 3358 786 γῆς.
3387 738 3405 766 ι
3439 716 3547 769 Καὶ
3569 715 3761 776 τόπος

507 803 729 868 Christo
778 804 893 866 haec
943 801 1153 858 divinat
1189 819 1204 857 :
1239 820 1257 854 ι
1287 799 1426 856 Ecce
1479 817 1615 872 puer
1663 817 1856 866 meus,
1904 818 2066 872 quem

2190 808 2222 864 ἱέ
2254 825 2338 872 τις
2371 808 2530 863 πάλιν
2559 808 2934 880 ἀφωρισμένος
2980 807 3080 876 τῆς
3122 807 3215 862 τοῦ
3258 805 3758 878 προφητευομὲνου

510 898 647 966 elegi
677 917 689 958 ;
725 896 955 958 dilectus
987 910 1140 949 meus
1163 933 1178 958 ,
1212 893 1268 947 in
1305 909 1412 963 quo
1446 894 1771 964 complacuit
1803 894 1908 949 sibi
1947 894 2068 948 ani-

2190 900 2430 964 γενέσεως
2456 898 2768 963 θεσπίζεται
2789 898 3131 968 ύπὸΜιχαίου
3149 897 3414 966 λέγοντος·
3448 918 3465 949 ι
3497 899 3607 953 Καὶ
3649 899 3753 962 σὺ,

511 1004 598 1052 ma
632 1003 748 1042 mea
777 1006 788 1042 :
823 986 1091 1056 judicium
1120 986 1376 1055 gentibus
1411 985 1649 1055 proferet
1677 987 1744 1048 ⁸⁸,
1778 1007 1797 1039 ι
1823 1002 1885 1040 ac
1915 988 2074 1044 dein—-

510 1096 636 1150 ceps
671 1079 916 1149 adjungit
949 1097 961 1133 :
996 1096 1013 1128 ι
1040 1077 1212 1132 donec
1239 1087 1402 1147 ponat
1429 1077 1483 1130 in
1518 1084 1660 1132 terra
1684 1077 1949 1146 judicium
1971 1117 1985 1139 .
2018 1085 2073 1133 et

510 1173 563 1228 in
604 1172 824 1226 nomine
861 1170 982 1240 ejus
1015 1181 1202 1240 gentes
1232 1169 1532 1239 sperabunt
1559 1169 1642 1224 ao:
1677 1185 1695 1217 ι
1732 1169 1787 1223 in
1819 1169 1905 1223 his
1935 1168 2071 1223 Pro-

509 1263 670 1332 pheta
721 1261 830 1331 jam
885 1261 1126 1316 secundo
1169 1271 1356 1328 gentes
1405 1260 1458 1312 in
1502 1257 1721 1314 Christo
1763 1267 2073 1328 speraturas

510 1355 690 1424 ponit,
723 1369 845 1407 cum
905 1353 1156 1421 superius
1187 1354 1317 1429 illud
1351 1353 1588 1408 dixerit:
1632 1371 1649 1403 ι
1693 1353 1746 1406 in
1783 1353 1902 1422 ipso
1944 1367 2076 1423 gen-

510 1454 594 1501 tes
620 1447 917 1514 sperabunt
944 1445 1008 1498 ³⁷.
1038 1458 1054 1488 ι
1087 1442 1185 1501 ilic
1219 1459 1346 1499 vero
1377 1464 1388 1498 :
1419 1465 1438 1496 ι
1470 1447 1522 1498 in
1553 1445 1771 1499 nomine
1797 1445 1916 1513 ejus
1945 1461 2078 1514 gen~

510 1547 594 1593 tes
623 1537 939 1608 sperabunt.
978 1556 995 1589 ι
1025 1535 1200 1590 Etiam
1237 1537 1336 1607 ipsi
1374 1537 1540 1592 David
1570 1537 1775 1591 dictum
1802 1549 1884 1592 est
1917 1537 1983 1604 ³⁸,
2011 1535 2078 1590 de

513 1627 692 1690 fructu
723 1630 926 1684 ventris
953 1628 1073 1697 ejus
1103 1629 1475 1685 suscitandum
1507 1644 1627 1684 esse
1655 1628 1942 1698 quemdam
1968 1667 1982 1689 ,
2010 1626 2079 1681 de

513 1735 624 1791 quo
656 1720 915 1790 deinceps
945 1721 1019 1775 ait
1046 1720 1188 1777 Deus
1216 1739 1228 1774 :
1278 1739 1296 1770 ι
1327 1719 1446 1790 Ipse
1480 1720 1751 1774 invocabit
1777 1735 1892 1782 me,
1926 1726 2083 1788 pater

515 1829 670 1868 meus
700 1829 760 1868 es
792 1822 847 1866 tu
867 1856 883 1878 ,
914 1821 969 1868 et
995 1828 1095 1884 ego
1126 1814 1546 1883 primogenitum
1576 1827 1771 1882 ponam
1806 1827 1930 1867 eum
1955 1813 2020 1866 ³³.
2055 1831 2073 1864 ι

2173 992 2437 1063 Βηθλεὲμ,
2460 988 2604 1054 οἶκος
2620 991 2712 1044 τού
2745 989 3024 1060 Εὐφραθᾶ,
3044 988 3316 1056 ὀλιγοστὸς
3333 985 3382 1041 εἷ
3407 988 3500 1041 τοῦ
3519 985 3669 1041 εἶναι
3692 989 3759 1040 ὲν

2170 1081 2401 1152 χιλιάσιν
2435 1081 2639 1134 Ἰούδαο
2675 1080 2740 1133 ἐκ
2765 1079 2858 1133 σού
2899 1097 2988 1151 μοι
3036 1079 3370 1144 ἐξελεύσεται
3413 1077 3758 1148 ἡγούμενος,

2171 1179 2318 1241 ὅστις
2352 1179 2604 1246 ποιμανεῖ
2638 1174 2729 1228 τὸν
2778 1175 2902 1228 λαόν
2959 1192 3057 1244 μου
3103 1174 3194 1227 τὸν
3246 1172 3491 1244 Ἰσραήλ·
3547 1173 3648 1224 καὶ
3696 1172 3763 1224 αἱ

2172 1265 2336 1330 ἔξοδοι
2370 1263 2531 1319 αὐτοῦ
2570 1264 2822 1335 ἀπαρχῆς
2868 1263 2926 1329 ἐξ
2959 1261 3176 1334 ἡμερῶν
3221 1261 3431 1324 αἰῶνος.
3457 1280 3476 1313 ι
3519 1260 3764 1331 ὀμολὸ-

2173 1373 2338 1427 γηται
2365 1356 2420 1410 δὲ
2456 1354 2606 1426 παρά
2641 1357 2751 1418 τοῖς
2779 1356 2961 1416 πᾶσιν,
3001 1355 3081 1406 ὄτι
3113 1354 3170 1406 ὲν
3204 1351 3453 1424 Βηθλεὲμ
3477 1350 3760 1422 ἐγεννήθη

2187 1447 2392 1517 Ἰησοῦς
2415 1449 2442 1500 6
2468 1446 2718 1517 Χριστὸς,
2749 1446 2824 1508 ὡς
2847 1446 2941 1499 καὶ
2973 1445 3232 1514 σπήλαιον
3261 1443 3566 1498 δείκνυσθαι
3604 1443 3765 1514 πρὸς

2175 1537 2288 1590 τῶν
2312 1537 2615 1608 ἐπιχωρίων
2646 1536 2830 1590 αὐτόοι
2851 1540 2962 1600 τοῖς
2984 1537 3078 1588 ἐπὶ
3106 1535 3232 1588 θέαν
3257 1533 3364 1588 ἀπὸ
3394 1535 3491 1604 τῆς
3510 1533 3759 1587 ἀλλοδα-

2179 1629 2285 1700 πῆς
2305 1628 2737 1698 ἀφικνουμένοις.
2770 1628 2878 1684 Καὶ
2906 1628 2934 1678 6
2972 1628 3068 1698 μὲν
3092 1628 3254 1690 τόπος
3284 1621 3457 1692 οὗτος,
3497 1626 3626 1681 ἔνθα
3659 1644 3767 1695 γε·-

2178 1720 2468 1790 γεννῆσθαι
2493 1719 2736 1790 ἔμελλεν,
2763 1720 3054 1792 προείρητο
3072 1737 3085 1750 ο
3109 1720 3194 1783 τίς
3223 1720 3278 1772 δὲ
3300 1719 3393 1772 καὶ
3425 1719 3768 1790 λευκότερον

2180 1815 2208 1866 ό
2245 1812 2468 1875 Ἡσαΐας
2501 1813 2829 1882 παρίστησι,
2870 1813 2934 1864 δι’
2964 1813 3296 1882 αἰνιγμάτων
3335 1812 3431 1882 μὲν
3474 1812 3584 1882 (1),
3618 1812 3765 1865 ὅταν

516 1903 652 1961 Nam
683 1903 749 1959 de
787 1904 888 1958 hoc
922 1920 1115 1960 rursus
1143 1904 1348 1958 dictum
1389 1913 1472 1958 est
1503 1922 1515 1956 :
1545 1921 1563 1954 ι
1599 1903 1662 1956 Et
1707 1903 2080 1957 dominabitur

2190 1904 2344 1974 λέγῃ·
2382 1922 2400 1953 ι
2441 1902 2630 1973 Κύριε,
2664 1902 2748 1965 τίς
2775 1903 3058 1955 ἐπίστευσε
3096 1907 3159 1974 τῇ
3199 1904 3333 1974 ἀκοῇ
3375 1903 3551 1973 ἡμῶν,
3599 1905 3702 1958 καὶ
3733 1906 3766 1954 6

517 2009 548 2054 a
581 1997 714 2048 mari
750 2011 921 2064 usque
949 1995 1016 2050 ad
1051 2010 1200 2050 mare
1225 2035 1239 2058 ,
1285 2004 1338 2049 et
1381 2011 1410 2048 a
1454 1994 1769 2051 [luminibus
1811 2010 1983 2064 usque
2011 1995 2078 2049 ad

515 2087 779 2144 terminos
806 2087 954 2142 orbis
981 2095 1140 2141 terrae
1167 2087 1233 2140 ⁵ο.
1270 2106 1287 2138 ›
1314 2085 1377 2139 Ει
1404 2102 1595 2140 rursus
1623 2105 1637 2144 ι
1669 2105 1687 2138 ι
1720 2084 1920 2140 Omnes
1950 2102 2080 2156 gen-

519 2187 601 2232 tes
631 2179 867 2233 servient
895 2178 944 2232 ei
967 2219 982 2238 ,
1017 2186 1071 2232 et
1101 2178 1491 2234 benedicentur
1523 2178 1574 2232 in
1607 2188 1658 2233 te
1684 2193 1875 2233 omnes
1902 2178 2079 2232 tribus

519 2278 677 2333 teme
712 2269 777 2323 εί.
814 2289 831 2320 ι
859 2267 1123 2323 Praeterea
1153 2275 1332 2323 autem
1381 2269 1533 2321 locus
1574 2267 1791 2338 quidem
1833 2274 2016 2321 certus
2049 2281 2080 2319 a

522 2359 748 2425 Michaza
781 2361 1017 2423 canitur,
1053 2361 1106 2414 in
1141 2376 1251 2430 quo
1280 2362 1325 2415 is
1352 2361 1598 2415 oriturus
1631 2359 1732 2422 sit,
1767 2360 1834 2414 de
1863 2374 1973 2428 quo
2003 2359 2082 2412 fe-

517 2461 717 2515 runtur
757 2461 834 2506 tot
876 2452 1130 2510 vaticinia
1162 2470 1174 2506 :
1205 2470 1223 2502 ι
1257 2451 1323 2506 Et
1372 2461 1451 2513 tu,
1501 2453 1700 2522 inquit,
1744 2451 2078 2514 Bethlehem,

520 2546 715 2605 doinus
747 2543 1021 2614 Euphrata
1043 2585 1058 2608 ,
1095 2544 1318 2602 minima
1344 2559 1405 2601 es
1439 2550 1496 2598 ut
1525 2544 1603 2598 sis
1636 2544 1690 2600 in
1715 2543 1956 2596 millibus
1982 2539 2082 2594 Ju-

520 2637 589 2694 da
616 2654 627 2688 :
656 2652 722 2691 ex
749 2645 802 2694 te
831 2635 962 2691 mihi
989 2634 1297 2704 egredietur
1320 2635 1460 2701 dux,
1494 2636 1586 2704 qui
1614 2643 1799 2704 pascet
1824 2635 2082 2702 populum

523 2743 702 2784 meum
752 2726 952 2792 Israel,
1003 2738 1056 2781 et
1099 2727 1278 2781 exitus
1322 2726 1443 2794 ejus
1482 2727 1551 2779 ab
1590 2726 1747 2779 initio
1795 2740 1863 2779 ex
1893 2725 2084 2779 diebus

523 2819 704 2874 szcculi
730 2819 774 2849 δ’
802 2837 814 2872 :
851 2837 868 2868 ι
897 2824 950 2871 et
975 2832 1166 2872 omnes
1197 2817 1547 2880 conﬁtentur,
1576 2816 1629 2870 in
1655 2815 1965 2870 Bethlehem
1995 2813 2086 2867 Je-

523 2927 643 2965 sum
677 2908 952 2963 Christum
985 2924 1108 2963 esse
1138 2917 1346 2964 natum.
1383 2908 1526 2974 Quin
1551 2907 1713 2962 etiam
1749 2908 1938 2961 incola:
1965 2907 2084 2976 ejus

524 3003 627 3057 loci
661 3003 973 3072 speluncam
1003 3001 1201 3056 ibidem
1233 3010 1537 3056 monstrant
1566 3000 1632 3054 iis
1652 3042 1667 3066 ,
1696 2999 1788 3070 qui
1817 2999 1884 3054 ab
1907 3008 2086 3054 exter-

526 3098 610 3149 nis
652 3095 811 3150 terris
851 3092 1100 3147 venerint.
1139 3093 1206 3147 ad
1254 3093 1651 3162 spectandum:
1691 3098 1745 3145 et
1787 3091 1940 3146 locus
1963 3091 2087 3161 qui-

525 3188 644 3243 dem
675 3186 763 3240 hic
791 3185 881 3241 ubi
917 3197 1069 3245 ortus
1099 3185 1218 3254 ejus
1247 3185 1461 3240 futurus
1490 3183 1622 3247 fuit,
1652 3183 1946 3253 praedictus
1981 3191 2084 3239 est.

525 3278 702 3349 Ipsius
733 3292 858 3332 vero
888 3285 1042 3331 ortus
1077 3277 1399 3331 miraculum
1425 3318 1438 3341 ,
1477 3291 1620 3330 nunc
1661 3275 1895 3331 obscure
1929 3289 1993 3328 ac
2031 3273 2090 3326 ti-

524 3379 716 3441 gurate
735 3409 750 3434 ,
778 3384 924 3422 nunc
952 3367 1110 3437 plane
1137 3377 1191 3421 et
1222 3374 1407 3437 aperte
1437 3367 1589 3435 ponit
1618 3363 1786 3419 Isaias
1815 3383 1828 3420 :
1860 3363 2092 3419 obscure

526 3461 744 3533 quidem
769 3500 784 3524 ,
824 3461 914 3516 ubi
961 3461 1070 3515 ait:
1108 3480 1125 3512 ι
1159 3459 1425 3524 Domine,
1466 3458 1588 3529 quis
1613 3458 1848 3513 credidit
1882 3456 2091 3513 auditui

527 3552 759 3608 nostro?
799 3559 854 3606 et
901 3551 1189 3606 brachium
1238 3550 1450 3605 Domini
1505 3551 1592 3606 cui
1640 3551 1934 3605 revelatum
1974 3549 2094 3604 est?

529 3644 973 3706 annuntiavimus
1023 3658 1208 3697 coram
1257 3658 1350 3704 eo,
1394 3641 1552 3710 quasi
1595 3641 1891 3710 puerulus,
1935 3639 2091 3709 quasi

527 3737 681 3794 radix
719 3737 773 3794 in
805 3742 949 3789 terra
982 3735 1192 3789 sitienti
1227 3734 1291 3789 ⁸³.
1324 3752 1342 3784 ι
1374 3732 1478 3786 Pro
1507 3747 1615 3802 quo
1650 3732 1842 3801 Aquila
1875 3730 2091 3800 quidem

529 3829 608 3882 sic
653 3827 1039 3896 interpretatus
1080 3835 1201 3885 est:
1239 3845 1257 3876 ‹
1294 3825 1359 3879 Et
1405 3824 1792 3894 prmdicabitur
1833 3832 2093 3894 tanquam

533 3915 675 3984 quod
713 3917 878 3969 ubere
922 3916 1162 3970 nutritur
1206 3915 1258 3968 in
1305 3914 1496 3968 facient
1551 3913 1701 3981 ejus,
1745 3919 1798 3968 et
1839 3921 2094 3982 tanquam

534 4005 687 4070 radix
715 4005 780 4059 de
805 4013 950 4066 terra
981 4007 1148 4066 invia.
1180 4025 1198 4056 ι
1222 4004 1560 4059 Theodotion
1585 4021 1714 4059 vero
1738 4023 1752 4058 :
1777 4021 1796 4054 ι
1826 4003 1890 4056 Et
1913 4019 2098 4058 ascen-

532 4097 622 4155 det
653 4098 794 4154 sicut
820 4099 963 4168 quod
993 4099 1132 4152 lacte
1163 4098 1327 4155 alitur
1353 4113 1535 4151 coram
1565 4113 1665 4158 eo.
1693 4106 1745 4152 et
1772 4097 1912 4152 sicut
1942 4096 2095 4150 radix

532 4188 588 4248 in
621 4198 764 4243 terra
794 4189 1019 4246 sitienti.
1053 4208 1070 4239 ι
1102 4187 1202 4250 llis
1231 4187 1376 4242 enim
1407 4188 1588 4242 verbis
1617 4202 1739 4241 cum
1765 4186 2094 4241 mentionem

535 4281 724 4345 fecerit
752 4281 1014 4354 prOpheta
1043 4281 1111 4335 de
1142 4280 1365 4333 brachio
1397 4277 1650 4342 Domini,
1681 4280 1823 4346 quod
1852 4283 1969 4332 erat
1999 4275 2095 4331 Dei

533 4369 768 4428 Verbum
795 4389 808 4426 :
841 4371 1076 4432 iCoram
1106 4386 1192 4433 eo,
1217 4370 1422 4440 inquit,
1469 4369 1912 4424 annuntiavimus
1940 4367 2095 4438 quasi

531 4465 819 4534 puerulum
872 4464 1198 4527 lactentem,
1248 4471 1302 4516 et
1347 4463 1439 4531 qui
1487 4462 1652 4517 ubere
1700 4463 1997 4523 nutriatur,
2043 4467 2096 4514 et

533 4556 691 4625 quasi
724 4555 962 4608 radicem
997 4553 1063 4607 de
1094 4559 1239 4615 terra
1276 4553 1418 4616 invia
1447 4571 1460 4613 ;
1496 4573 1514 4605 ι
1543 4552 1632 4618 ubi
1673 4552 1932 4622 puerulus
1972 4550 2096 4620 qui.
2129 4581 2171 4636 υ

534 4646 656 4700 dem
689 4643 808 4706 ille,
845 4644 937 4712 qui
968 4644 1132 4698 ubere
1161 4651 1323 4711 atque
1354 4643 1494 4696 lacte
1526 4643 1787 4710 nutritur,
1822 4643 1980 4711 plane
2005 4657 2097 4695 or-

535 4746 653 4795 tum
685 4735 890 4799 Christi
925 4734 1191 4799 declarat.
1231 4732 1398 4798 Terra
1432 4748 1561 4790 vero
1593 4733 1736 4788 invia
1768 4741 1821 4787 et
1865 4733 2092 4794 sitiens,

533 4827 645 4897 98
673 4826 936 4896 virginem
983 4840 1103 4895 qua;
1145 4825 1294 4890 illum
1341 4825 1501 4878 enixa
1531 4833 1644 4888 est,
1691 4838 1852 4893 quam
1888 4824 2098 4878 scilicet

535 4918 717 4980 nullus
745 4917 830 4968 vir
858 4915 1025 4980 adiit,
1053 4914 1119 4969 de
1146 4930 1252 4984 qua
1279 4915 1528 4984 quamvis
1558 4915 1702 4972 invia
1725 4954 1741 4979 ,
1767 4916 1981 4970 laudata
2008 4915 2098 4968 illa

535 5009 690 5063 radix
736 5007 972 5077 prodiit.
1017 5013 1072 5061 et
1117 5008 1209 5076 qui
1256 5007 1462 5072 ubere,
1505 5007 1752 5078 lactequc
1799 5007 2099 5061 nutriretur

534 5101 820 5172 puerulus.
856 5099 1057 5155 Verum
1089 5099 1204 5156 haec
1236 5100 1556 5158 adumbrata
1590 5098 1880 5152 admodum
1927 5097 2097 5168 signi-

533 5189 751 5250 ﬁcavit:
803 5191 1047 5261 apertius
1093 5203 1224 5248 vero
1267 5188 1406 5244 idem
1456 5188 1721 5259 propheta
1773 5188 2095 5242 sententiam

534 5295 686 5345 suam
735 5281 1146 5350 interpretatur,
1181 5278 1270 5333 ubi
1307 5280 1381 5331 ait
1409 5297 1420 5331 :
1453 5297 1471 5338 ι
1505 5277 1645 5332 Ecce
1672 5277 1824 5353 virgo
1855 5275 1906 5328 in
1944 5282 2099 5328 utero

533 5371 740 5442 capiet,
772 5380 826 5426 et
857 5372 1030 5442 pariet
1066 5371 1267 5438 tilium,
1294 5377 1347 5439 et.
1373 5369 1643 5425 vocabunt
1673 5382 1873 5423 nomen
1931 5365 2049 5434 ejus
2075 5383 2093 5416 ο

2183 1994 2416 2066 βραχίων
2471 1995 2675 2065 Κυρίου
2737 1994 2838 2046 τίνι
2893 1993 3290 2064 ἀπεκαλύφθη;
3349 1995 3765 2064 ἀνηγγείλαμεν

2183 2086 2418 2140 ἐναντίον
2448 2085 2612 2139 αὑτοῦ
2641 2086 2715 2149 ὡς
2749 2087 2975 2150 παιδίον,
3009 2086 3083 2145 ὡς
3115 2087 3237 2158 ῥίζα
3270 2088 3326 2139 ὲν
3369 2089 3436 2156 γῇ
3466 2085 3705 2158 διψώσῃ.
3736 2105 3756 2137 ι

2194 2178 2331 2230 Ἀνθ⁹
2359 2174 2420 2232 οὗ
2458 2181 2486 2232 6
2525 2179 2623 2248 μὲν
2675 2178 2903 2242 Ἀκύλας
2942 2179 3284 2250 ⁴ἡρμήνευσεν
3328 2177 3528 2240 οὕτως’
3581 2198 3600 2228 ι
3641 2179 3764 2232 Καὶ

2183 2270 2618 2341 ἀναρρηθήσεται
2644 2271 2718 2334 ὡς
2743 2271 3104 2340 τιτθιξόμενον
3131 2273 3210 2332 είς
3243 2270 3527 2341 πρόσωπον
3552 2267 3756 2328 αὑτοῦ,

2183 2361 2277 2414 καὶ
2327 2362 2400 2424 ὼς
2433 2362 2554 2432 ῥίζα
2609 2361 2714 2416 ἀπὸ
2760 2362 2860 2432 γῆς
2914 2361 3114 2414 ἀϐάτου
3149 2377 3162 2391 ⁸
3197 2380 3215 2412 ι
3252 2361 3280 2412 6
3321 2359 3376 2412 δὲ
3419 2358 3758 2411 Θεοδοτίωνο

2189 2473 2207 2504 ι
2238 2453 2330 2506 καὶ
2381 2452 2710 2522 ἀναϐήσεται
2750 2453 2826 2515 ὠς
2868 2451 3095 2523 θηλάζον
3138 2449 3363 2503 ἐνώπιον
3419 2448 3614 2512 αὑτοῦ,
3658 2448 3764 2500 καὶ

2184 2545 2259 2608 ὡς
2286 2544 2409 2615 ῥίζα
2429 2547 2484 2598 ἐν
2509 2549 2579 2615 γῇ
2603 2543 2826 2616 διψώσῃ.
2858 2563 2874 2594 ›
2900 2545 2997 2601 Διά
3025 2543 3130 2614 γὰρ
3152 2542 3352 2596 τούτων
3379 2540 3765 2611 μνημονεύσας

2185 2638 2212 2688 6
2246 2638 2527 2709 προφήτης
2560 2636 2651 2690 τοῦ
2695 2635 2973 2706 βραχίονος
3017 2633 3109 2687 τοῦ
3149 2633 3350 2703 Κυρίου
3369 2671 3382 2695 ,
3411 2632 3470 2695 ὃς
3499 2628 3566 2702 ἦν
3597 2634 3626 2685 6
3655 2631 3761 2685 τοῦ

2186 2728 2320 2784 Θεοῦ
2349 2728 2524 2796 λόγος,
2553 2747 2570 2780 ι
2606 2726 2862 2788 Ἐνώπιον
2890 2726 3075 2788 αὑτοῦ,
3107 2745 3124 2776 ι
3170 2726 3353 2796 φησὶν,
3388 2743 3406 2776 ι
3432 2723 3765 2794 ἀνηγγείλα-

2192 2838 2290 2892 μεν
2321 2821 2396 2884 ὡς
2437 2820 2645 2873 παιδίον
2690 2819 2917 2891 θηλάζον
2951 2820 3042 2872 καὶ
3097 2817 3494 2888 τιτθιζόμενον,
3537 2817 3632 2869 καὶ
3682 2817 3764 2878 ὡς

2192 2911 2344 2983 ῥίζαν
2370 2913 2476 2966 ἀπὸ
2503 2912 2605 2982 γῆς
2631 2911 2849 2964 ἀϐάτου.
2876 2929 2892 2961 ι
2925 2910 2996 2962 Τὸ
3025 2910 3119 2980 μὲν
3145 2907 3237 2962 οὖν
3267 2908 3472 2963 παιδίον
3498 2908 3556 2959 τὸ
3584 2905 3765 2960 τιτθι-

2190 2999 2414 3073 ζόμενον
2439 3003 2531 3060 καὶ
2568 3001 2794 3071 θηλάζον
2828 3001 3082 3072 ἄντικρυς
3111 3001 3208 3071 τὴν
3245 3000 3455 3068 γένεσιν
3497 2998 3591 3050 τοῦ
3623 2999 3766 3068 Χρισ-

2195 3092 2320 3146 στοῦ
2347 3093 2522 3163 δηλοῖ·
2561 3096 2592 3162 ἡ
2624 3093 2678 3146 δὲ
2699 3093 2767 3162 γῆ
2799 3092 2994 3154 ἄϐατος
3022 3091 3115 3143 καὶ
3142 3090 3348 3160 διψῶσα
3378 3089 3473 3160 τὴν
3511 3089 3764 3159 ἀποκυή-

2194 3200 2360 3236 σασαν
2410 3182 2568 3235 αὐτὸν
2603 3181 2864 3252 παρθένον
2891 3219 2904 3242 ,
3019 3178 3190 3241 οὐδεὶς
3223 3178 3357 3250 ἀνὴρ
3404 3176 3762 3246 ἐπιϐέϐηκεν,

2194 3275 2283 3344 ἀφ’
2323 3269 2410 3345 ἦς,
2458 3272 2656 3342 καίπερ
2704 3271 2902 3324 ἀϐάτου
2956 3268 3368 3339 τυγχανούσης,
3406 3266 3671 3338 προῆλθεν
3727 3267 3764 3336 ἡ

2193 3365 2532 3436 εὐλογημένη
2580 3361 2723 3433 ῥίζα,
2766 3361 2948 3415 καὶτὸ
2989 3357 3352 3429 τιτθιζόμενον
3388 3357 3480 3415 καὶ
3525 3356 3764 3427 θηλάζον

2194 3457 2420 3512 παιδίον.
2472 3456 2628 3509 Ἀ).λά
2673 3454 2845 3508 ταῦτα
2890 3453 2989 3523 μὲν
3037 3451 3476 3521 ὲπεσκιασμένως
3507 3448 3762 3520 ᾐνίξατο·

2193 3548 2522 3620 γυμνότερον
2555 3546 2610 3598 δὲ
2639 3547 2664 3598 6
2695 3543 2856 3606 αὐτὸς
2884 3541 3171 3614 έρμηνεύει
3199 3542 3485 3611 προφήτης
3512 3539 3609 3611 τὴν
3641 3539 3764 3592 διάσ

2193 3656 2362 3701 νοιαν,
2403 3639 2486 3690 ἐπ’
2522 3636 2586 3690 ἂν
2633 3636 2802 3710 λέγῃ·
2842 3652 2860 3684 ι
2904 3633 3032 3686 Ἰδοὺ
3074 3633 3106 3700 ἡ
3155 3631 3417 3701 παρθένος
3463 3631 3519 3683 ὲν
3562 3631 3765 3700 γαστρὶ

2193 3729 2442 3798 λήψεται,
2475 3727 2566 3780 καὶ
2596 3725 2838 3790 τέξεται,
2859 3724 3006 3788 υἱον,
3042 3723 3133 3774 καὶ
3167 3721 3448 3774 καλέσουσι
3479 3719 3539 3772 τὸ
3586 3719 3764 3788 ὄνομα

2195 3819 2355 3870 αὐτοῦ
2407 3817 2522 3888 μεθ’
2558 3816 2712 3886 ἡμῶν
2741 3819 2768 3869 6
2798 3815 2948 3877 Θεός.
2978 3834 2994 3864 ι
3025 3813 3190 3866 Τοῦτο
3221 3812 3328 3883 γὰρ
3374 3809 3664 3883 ἐρμηνεύει
3697 3809 3766 3862 τὸ

2200 3929 2218 3960 ι
2263 3908 2623 3979 Ἐμμανουήλ.
2656 3926 2673 3958 ›
2703 3907 2936 3959 Τοιαῦτα
2954 3906 3079 3976 περὶ
3108 3905 3302 3974 τῆςείς
3334 3901 3651 3973 ἀνθρώπους
3670 3917 3764 3970 γε·

2195 4000 2393 4061 νέσεως
2423 3997 2515 4050 τοῦ
2551 3995 2782 4067 Χριστοῦ
2825 3994 2986 4052 πάλαι
3036 3994 3296 4065 πρότερον
3327 3994 3453 4062 παρ’
3493 3989 3766 4062 Ἑϐραίοις

2198 4087 2601 4160 μεμελετάσθω.
2656 4089 2800 4156 Μήτι
2837 4082 2928 4141 οὖν
2962 4084 3202 4149 ὲπίδοξόν
3245 4101 3366 4137 τινα
3407 4083 3693 4154 δυνάστην,
3727 4082 3763 4153 ἦ

2195 4180 2489 4257 τύραννον,
2525 4178 2558 4248 ἦ
2603 4193 2724 4229 τινα
2764 4175 2935 4238 ἄλλως
2974 4174 3081 4227 τῶν
3115 4175 3180 4228 τά
3219 4173 3425 4244 μεγάλα
3473 4171 3615 4224 κατὰ
3672 4171 3767 4224 τὸν

2197 4272 2309 4343 βίον
2341 4269 2670 4340 δυναμένων,
2692 4267 2782 4320 τὸν
2819 4265 3286 4338 προφητευόμενον
3319 4262 3765 4333 ύπογράφουσινς

2194 4363 2294 4416 ούκ
2326 4361 2470 4420 ἔστιν
2503 4362 2677 4412 εἰπεῖν
2699 4375 2710 4387 ·
2737 4359 2817 4410 ὅτι
2855 4357 2987 4428 μηδὲ
3013 4355 3182 4425 ἐφάνη
3207 4353 3461 4415 τοιοῦτος.
3492 4351 3627 4404 Ἀλλ’
3653 4345 3768 4413 οἷος

2196 4456 2365 4525 ἐφάνη
2391 4453 2467 4524 τῷ
2500 4452 2618 4523 βίῳ,
2641 4451 2875 4504 τοιοῦτον
2903 4449 3060 4502 αὑτὸν
3092 4447 3186 4502 καὶ
3209 4445 3498 4500 ὲθέσπισαν
3524 4442 3764 4505 ἔσεσθαι,

2195 4546 2293 4616 τῆς
2357 4543 2611 4614 ἀληθείας
2665 4543 2780 4594 κατ’
2832 4540 2981 4593 οὐδὲν
3043 4536 3509 4606 ἀπολελειμμένοι.
3579 4533 3764 4586 Εἰπὼν

2196 4637 2240 4697 δ’
2272 4632 2423 4688 οὖν’ό
2445 4634 2670 4695 Ἡσαΐας
2690 4651 2703 4663 ’
2725 4652 2742 4682 ι
2769 4630 3185 4701 Ἀνηγγείλαμεν
3218 4627 3441 4683 ἐνώπιον
3474 4623 3657 4685 αὑτοῦ,
3691 4623 3769 4687 ὡς

2203 4729 2431 4789 παιδίον,
2465 4726 2539 4788 ὡς
2569 4725 2690 4795 ῥίζα
2723 4727 2779 4776 ὲν
2805 4725 2874 4793 γῇ
2907 4721 3143 4792 διψώσῃ·
3188 4740 3206 4770 ι
3241 4719 3363 4788 ἑξῆς
3395 4717 3647 4770 συνάπτει
3680 4714 3770 4766 λέ-

2202 4837 2341 4892 γων·
2377 4839 2394 4870 ι
2422 4819 2535 4880 Ούκ
2565 4817 2710 4876 ἔστιν
2750 4811 2886 4877 εἶδος
2915 4812 3062 4884 αὐτῷ
3093 4813 3213 4868 οὐδὲ
3238 4811 3363 4874 δόξα
3382 4826 3394 4838 °
3431 4810 3523 4862 καὶ
3553 4807 3766 4877 εἴδομεν

2205 4911 2389 4974 αὐτὸν,
2431 4911 2523 4964 καὶ
2551 4909 2651 4962 οὐκ
2683 4902 2824 4975 εἶχεν
2858 4899 2995 4968 εἶδος
3048 4903 3168 4956 οὐδὲ
3196 4901 3418 4964 κάλλος·
3472 4899 3564 4952 καλ⁵
3598 4894 3662 4967 ἦν
3707 4897 3768 4950 τδ

2205 4999 2342 5065 εἶδος
2387 4998 2550 5054 αύτοῦ
2596 4999 2784 5066 ἄτιμον
2833 4996 2925 5048 καὶ
2971 4993 3214 5046 ἐκλεῖπον
3245 4989 3392 5061 παρά
3447 4989 3568 5051 τοὺς
3619 4987 3769 5050 υἱοὺς

2203 5091 2308 5144 τῶν
2344 5087 2663 5160 ἀνθρώπων.
2699 5083 3034 5154 Ἀνθρωπος,
3060 5084 3116 5134 ὲν
3144 5080 3321 5152 πληγῇ
3358 5077 3451 5140 ὢν,
3483 5076 3575 5129 καὶ
3611 5074 3767 5136 εἰδὼς

2204 5181 2387 5252 φέρειν
2425 5179 2692 5251 μαλακίαν
2714 5219 2728 5238 ,
2766 5173 3061 5244 ἡτιμάσθη,
3096 5171 3190 5224 καὶ
3226 5170 3324 5222 οὐκ
3353 5166 3620 5236 ἐλογίσθη.
3651 5184 3666 5215 ι
3702 5165 3766 5216 Τί

2203 5269 2295 5328 οὖν
2338 5271 2583 5324 λείπεται
2637 5267 2727 5324 ἐπὶ
2773 5263 3008 5327 τούτοις;
3056 5262 3117 5314 El
3165 5261 3271 5331 γάρ
3303 5261 3556 5329 προεῖπον
3602 5253 3766 5308 αὐτοῦ

2207 5363 2412 5438 φυλὴν,
2457 5362 2552 5416 καὶ
2603 5359 2789 5427 γένος,
2837 5357 2931 5409 καὶ
2961 5353 3156 5426 τρόπον
3189 5351 3485 5422 γενέσεως,
3534 5347 3625 5402 καὶ
3670 5346 3768 5415 τῆς

604 5527 646 5558 ³³
680 5525 784 5580 lsa.
809 5542 942 5584 xui,
973 5529 1022 5581 l.
1098 5527 1143 5559 ³⁸
1170 5525 1300 5580 ibid.
1325 5526 1376 5580 4.
1453 5526 1495 5556 ³⁷
1527 5523 1629 5579 lsa.
1658 5540 1735 5586 ιι,
1765 5523 1848 5577 10.
1923 5521 1967 5553 ³⁸
1989 5520 2027 5593 ll
2052 5523 2087 5576 ll

2221 5537 2316 5582 vn,
2346 5519 2428 5574 12.
2505 5517 2548 5547 ³⁸
2581 5513 2723 5569 Psal.
2748 5526 3010 5574 Lxxsvnt,
3034 5508 3224 5568 27,28.
3301 5507 3345 5545 ‘°
3375 5506 3516 5560 Psal.
3543 5518 3690 5567 uxr,
3711 5500 3764 5554 8.

535 5595 576 5633 “
632 5597 763 5651 ibid.
798 5597 880 5657 ll,
913 5597 998 5652 l'i.
1071 5597 1116 5631 ⁸¹
1145 5596 1301 5652 Mich.
1342 5614 1390 5657 v,
1428 5595 1480 5654 ‘2.
1557 5597 1600 5628 “
1627 5596 1730 5652 lsa.
1767 5610 1882 5656 ιιιι,
1921 5592 2039 5658 1,2.

605 5760 678 5824 (l)
721 5759 873 5820 Mss,
909 5759 1020 5829 Τῆς
1051 5759 1107 5812 δὲ
1129 5761 1390 5828 γενέσεως
1418 5757 1582 5812 αὐτοῦ
1612 5757 1670 5809 τὸ
1714 5753 1941 5829 θαῦμα.ι
1971 5750 2100 5829 ποτὲ

539 5833 633 5910 μὲν
657 5822 722 5882 δι’
742 5822 1096 5900 αἰνιγμάτων,
1128 5822 1253 5884 ποτε
1282 5829 1335 5884 δὲ
1364 5822 1453 5880 καὶ
1478 5829 1792 5898 λευκότερον
1818 5822 1845 5878 6
1879 5822 2103 5885 Ἡσαΐας

2209 5747 2521 5818 παρίστησι,
2555 5743 2620 5794 δι’
2648 5739 2982 5810 αἰνιγμάτων
3013 5739 3130 5808 μέν,
3163 5754 3216 5791 κ.
3259 5753 3309 5790 τ.
3336 5735 3408 5798 λ.,
3443 5743 3496 5790 et
3533 5732 3612 5792 sic
3644 5732 3765 5803 legit

2213 5829 2500 5886 interpres.
