3954 6522
1110 438 1112 440 '
1144 424 1791 484 DEMONSTRATIONIS
1832 420 2287 479 EVANGELICIE
2326 420 2454 475 LlB.
2495 415 2590 473 Ιῐῐ.

3364 411 3460 469 189

215 539 518 611 Παρθένου
554 541 615 595 τὺ
648 541 836 614 θαῦμα
873 543 967 598 καὶ
1001 543 1116 614 βίου
1157 546 1384 618 τρόπον,
1422 544 1708 599 ἀκόλουθον

1910 541 2202 597 Nobiscum
2226 539 2388 601 Deus.
2413 539 2515 593 hoc
2535 535 2679 592 enim
2701 532 2970 606 signiﬁcat
2986 550 3004 584 ι
3028 530 3345 586 Emmanuel
3360 531 3424 584 “;
3441 550 3460 582 ι

211 632 352 703 ἑξῆς
387 631 531 703 μηδὲ
553 632 653 704 τὴν
683 634 938 708 τελευτὴν
973 636 1354 707 ἀποσιωπῆσαι
1393 635 1574 689 αὐτοῦ.
1612 637 1675 688 Τί
1713 632 1804 690 οὖν

210 726 316 776 καὶ
358 725 496 796 περὶ
548 724 754 797 ταύτης
809 728 1037 792 Ἡσαΐας
1084 728 1362 794 θεσπίζει;
1401 748 1418 778 ι
1458 727 1801 799 Ἀνθρωπος,

211 818 390 887 φησὶν
411 858 429 881 ,
471 819 534 870 ὲν
562 816 744 889 πληγῇ
778 817 886 882 ὣν,
941 822 1034 874 καὶ⁸
1091 819 1244 884 εἰδὼς
1276 821 1464 893 φέρειν
1499 820 1766 892 μαλακίαν
1787 861 1800 884 ,

208 907 506 979 ἡτιμάσθη
556 908 651 961 καὶ
690 910 790 962 οὐκ
862 909 1130 980 ἐλογίσθη.
1188 904 1356 974 Οὗτος
1397 910 1494 975 τὰς
1534 910 1805 982 ἁμαρτίας

207 1000 378 1070 ἡμῶν
429 1001 624 1072 φέρει,
672 1002 928 1073 καὶπερὶ
964 1003 1121 1074 ήμῶν
1177 1004 1460 1057 όδυνᾶται·
1496 1004 1591 1056 καὶ
1645 1006 1804 1074 ἡμεῖς

208 1092 594 1162 ἐλογισάμεθα
627 1093 786 1146 αὑτὸν
819 1091 955 1148 εἶναι
986 1097 1044 1168 ἐν
1077 1097 1222 1165 πόνῳ
1250 1097 1343 1149 καὶ
1377 1097 1436 1148 ὲν
1472 1080 1675 1166 πληγῇ,
1709 1096 1802 1148 καὶ

208 1187 272 1238 ὲν
303 1184 593 1237 κακώσει·
626 1185 786 1248 αὐτὸς
815 1185 871 1238 δὲ
921 1187 1325 1258 ὲτραυματίσθη
1368 1188 1456 1241 διὰ
1493 1187 1590 1251 τὰς
1623 1189 1802 1258 ἁμαρ-

205 1276 335 1339 τίας
365 1276 554 1346 ἡμῶν,
588 1277 682 1330 καὶ
711 1277 1109 1348 μεμαλάκισται
1129 1279 1216 1331 διὰ
1243 1278 1342 1342 τὰς
1373 1277 1601 1347 ἀνομίας
1622 1277 1795 1348 ἡμῶν.

208 1366 450 1420 Παιδεία
479 1367 709 1439 εἰρήνης
737 1367 896 1437 ἡμῶν
923 1370 1009 1420 ἐπ’
1042 1368 1223 1433 αὐτὸν,
1257 1368 1334 1438 τῷ
1366 1367 1590 1438 μώλωπι
1633 1366 1797 1420 αὑτοῦ

208 1463 377 1530 ἡμεῖς
428 1461 684 1532 ίάθημεν.
735 1461 941 1524 Πάντες
981 1460 1058 1524 ὡς
1095 1460 1339 1532 πρόϐατα
1376 1459 1757 1531 ὲπλανήθημεν
1781 1499 1796 1521 ,

208 1553 304 1606 καὶ
333 1552 549 1623 Κύριος
581 1553 895 1624 παρέδωκεν
933 1549 1096 1606 αὐτὸν
1126 1554 1246 1616 ταῖς
1275 1552 1567 1623 ἁμαρτίαις
1605 1551 1759 1622 ἡμῶν
1780 1567 1792 1579 ·

207 1645 308 1698 καὶ
333 1644 506 1707 αὐτὸς
533 1644 622 1697 διὰ
653 1645 714 1698 τὸ
745 1643 1093 1698 κεκακῶσθαι
1124 1644 1226 1697 οὐκ
1269 1643 1470 1713 ἀνοίγει
1517 1644 1578 1696 τὸ
1625 1644 1796 1714 στόμα

210 1735 404 1788 αὐτοῦ.
456 1737 546 1798 Ὡς
577 1735 846 1807 πρόϐατον
877 1736 970 1788 ἐπὶ
1005 1734 1215 1806 σφαγὴν
1239 1734 1398 1805 ἤχθη,
1417 1735 1508 1787 καὶ
1530 1734 1604 1798 ὡς
1628 1735 1794 1805 ἀμνὸς

209 1826 395 1880 ἔναντι
426 1825 525 1880 τοῦ
563 1827 837 1898 κείροντος
878 1826 1108 1896 ἄφωνος,
1149 1824 1319 1889 οὕτως
1361 1825 1460 1878 οὐκ
1499 1825 1702 1894 ἀνοίγει
1734 1825 1794 1878 τὸ

1910 634 2060 690 Talia
2094 633 2161 688 de
2186 631 2391 687 Christi
2423 629 2567 700 apud
2596 627 2843 683 homines
2877 625 3086 695 origine
3117 621 3325 692 antiqui
3361 620 3460 676 He-

1904 727 2177 782 braeorum
2222 723 2500 794 prephetaa
2542 720 2961 775 meditabantur.
3009 714 3267 784 Nunquid
3303 711 3462 784 igitur

1905 819 2170 873 illustrem
2207 815 2492 886 quemdam
2525 812 2822 883 principem
2846 851 2861 875 ,
2899 816 2992 862 aut
3019 818 3306 880 tyranuum
3329 845 3344 868 ,
3373 812 3462 858 aut

1903 909 2106 980 alioqui
2157 923 2327 962 unum
2375 921 2599 967 eorum,
2653 902 2746 972 qui
2797 901 3089 970 plurimum
3140 904 3367 968 possunt
3410 897 3464 949 in

1901 1002 2048 1064 vita,
2097 1015 2222 1054 eum
2267 997 2334 1051 de
2376 1010 2486 1065 quo
2529 995 2900 1048 vaticinantur
2947 989 3306 1046 describunt?
3354 975 3462 1040 neu

1903 1099 2081 1161 petcst
2109 1089 2253 1144 dici:
2288 1089 2544 1157 quoniam
2579 1099 2648 1138 ne
2691 1081 2942 1152 apparuit
2981 1079 3199 1149 quidem
3247 1074 3457 1145 aliquid

1901 1184 2025 1238 tale.
2051 1181 2156 1237 Sed
2185 1181 2362 1251 qualis
2391 1180 2507 1249 ipse
2534 1177 2684 1231 visus
2711 1183 2793 1230 est
2820 1174 2929 1227 vita
2950 1215 2963 1237 ,
2992 1172 3152 1225 talem
3180 1170 3307 1223 item
3339 1182 3464 1222 eum

1903 1275 2016 1330 fore
2049 1273 2402 1336 cecinerunt,
2435 1271 2537 1324 hac
2574 1267 2762 1337 utique
2792 1266 2845 1318 in
2891 1279 2949 1317 re
2988 1263 3124 1316 nihil
3165 1275 3196 1313 a
3236 1259 3464 1313 veritate

1901 1367 2240 1421 aberrantes.
2283 1363 2579 1432 Postquam
2606 1375 2735 1429 ergo
2763 1357 2930 1411 lsaias
2970 1357 3104 1410 dixit
3135 1374 3148 1407 :
3185 1372 3202 1404 ι
3231 1354 3464 1406 Annuu-

1897 1458 2154 1512 tiavimus
2197 1470 2380 1510 coram
2423 1468 2525 1515 eo,
2565 1450 2724 1520 quasi
2767 1448 3063 1518 puerulus,
3109 1443 3266 1514 quasi
3308 1441 3462 1496 radix

1898 1551 1953 1604 in
1998 1559 2142 1604 terra
2191 1546 2400 1603 sitienti
2441 1545 2506 1610 ⁵⁸,
2543 1564 2561 1596 ι
2593 1543 2852 1611 deinceps
2899 1538 3182 1608 adjungit,
3233 1536 3456 1589 dicens:

1905 1661 1922 1693 ι
1952 1641 2069 1696 Non
2117 1653 2200 1696 est
2248 1640 2457 1708 species
2505 1637 2588 1702 ei,
2642 1637 2818 1706 neque
2861 1633 3076 1704 gloria:
3119 1637 3173 1684 et
3218 1628 3458 1682 vidimus

1896 1750 2018 1789 eum
2037 1773 2050 1796 ,
2075 1741 2130 1787 et
2160 1747 2268 1786 non
2298 1731 2488 1785 habuit
2512 1729 2745 1801 speciem
2771 1740 2945 1795 neque
2967 1719 3456 1792 pulchritudinem:

1897 1831 1953 1877 et
1984 1823 2088 1876 fuit
2115 1821 2326 1891 species
2359 1819 2480 1888 ejus
2516 1819 2636 1873 sine
2663 1816 2872 1869 honore
2902 1811 3163 1867 deﬁciens
3193 1825 3301 1879 prae
3335 1807 3459 1861 ﬁliis

210 1916 421 1985 στόμι’
476 1915 576 1986 τὴν
615 1914 805 1984 γενεὰν
857 1913 1021 1966 αὑτοῦ
1067 1912 1151 1976 τίς
1201 1913 1545 1983 διηγήσεται;
1591 1912 1671 1964 ὅτι
1713 1911 1787 1964 αῖ-

1899 1915 2201 1968 hominum.
2230 1911 2405 1967 Homo
2428 1925 2550 1964 cum
2578 1909 2730 1978 plaga
2759 1913 2938 1969 esset,
2965 1903 3147 1958 sciens
3176 1901 3314 1956 ferre
3343 1900 3461 1951 lan—

214 2024 365 2077 ρεται
423 2007 534 2059 ἀπὸ
576 2007 676 2076 τῆς
714 2006 818 2076 γῆς
868 2008 902 2077 ή
939 2004 1052 2076 ζωὴ
1085 2003 1280 2057 αὐτοῦ’
1326 2023 1343 2055 ι
1372 2003 1463 2056 καὶ
1514 2002 1581 2055 τά
1613 2002 1791 2056 λοιπά.

212 2097 480 2167 Σημαίνει
537 2096 596 2150 δὲ
651 2097 740 2150 διὰ
810 2096 1050 2157 τούτων,
1114 2096 1189 2158 ὡς
1259 2096 1365 2166 ἄρα
1425 2097 1453 2146 ὁ
1518 2095 1790 2167 Χριστὸς,

210 2186 369 2249 ἐκτὸς
447 2187 634 2258 πάσης
699 2188 958 2259 ὑπάρχων
1023 2186 1431 2258 πλημμελείας,
1492 2187 1591 2249 τὰς
1655 2187 1793 2259 ὑπὲρ

209 2278 518 2351 ἀνθρώπων
585 2281 862 2350 ἁμαρτίας
924 2283 1005 2344 είς
1066 2281 1254 2332 ἑαυτὸν
1313 2279 1646 2343 άναδέξεται.
1705 2281 1793 2331 Διὸ

211 2373 304 2424 καὶ
387 2371 642 2424 πείσεται
712 2370 780 2424 τά
853 2371 960 2424 τῶν
1038 2370 1433 2442 ἡμαρτηκότων
1499 2370 1592 2422 κοιλ⁴
1655 2370 1793 2442 ὑπὲρ

211 2462 364 2531 ⁴ἡμῶν
395 2461 810 2532 ὀδυνηθήσεται,
838 2462 949 2515 ἀλλ’
979 2462 1076 2532 οὐχ
1099 2462 1239 2532 ὑπὲρ
1273 2460 1486 2514 ἑαυτοῦ.
1523 2461 1584 2513 Εἰ
1616 2460 1672 2513 δὲ
1700 2461 1792 2513 καὶ

209 2553 751 2624 τραυματισθήσεται
803 2553 982 2622 λόγοις
1017 2553 1374 2624 βλασφήμοις,
1401 2553 1494 2605 καὶ
1524 2551 1669 2604 τοῦτ’
1700 2550 1790 2622 ἕρ-

210 2661 304 2712 γον
334 2644 490 2697 ἔσται
516 2643 625 2697 τῶν
653 2644 934 2715 ἡμετέρων
965 2643 1249 2715 ἁμαρτιῶν
1273 2660 1285 2672 ·
1318 2643 1439 2696 ἐπεὶ
1483 2643 1577 2696 καὶ
1611 2661 1790 2714 μεμα-

211 2736 463 2788 λάκισται
487 2733 580 2788 διὰ
600 2735 699 2798 τὰς
722 2735 1006 2806 ἁμαρτίας.
1030 2734 1206 2806 ἡμῶν,
1245 2735 1392 2798 ὅπως
1425 2737 1606 2805 ἡμεῖς,
1642 2735 1787 2788 ἀνει-

209 2826 435 2896 ληφότος
491 2824 658 2879 αὐτοῦ
698 2825 766 2879 τά
810 2827 1055 2898 ἡμέτερα
1083 2827 1502 2897 ἁμπλακήματα
1528 2867 1542 2886 ,
1584 2828 1676 2879 καὶ
1721 2825 1789 2879 τὰ

209 2917 603 2990 τῆςήμετὲρας
648 2921 845 2980 κακίας
893 2917 1202 2989 τραύματα,
1245 2918 1323 2989 τῷ
1363 2917 1587 2988 μώλωπι
1624 2917 1786 2971 αὑτοῦ

214 3008 467 3080 ωθῶμεν.
501 3010 616 3062 Καὶ
656 3009 724 3062 τὰ
761 3009 862 3080 μὲν
894 3010 1042 3062 αἴτια
1070 3003 1143 3062 ὧν
1183 3011 1313 3080 παρ’
1340 3008 1644 3080 ἀνθρώποις
1671 3009 1788 3061 πεί-

212 3118 359 3153 σεται
386 3104 415 3154 ό
452 3101 860 3172 ἀναμάρτητος,
885 3101 1058 3155 ταῦτα
1082 3098 1168 3172 ἦν.
1204 3101 1468 3155 Ἰουδαίων
1488 3102 1544 3155 δὲ
1564 3103 1669 3156 τῶν
1696 3102 1786 3156 τὸν

211 3194 432 3249 θάνατον
469 3194 620 3265 αὐτῷ
659 3196 1150 3266 συσκευασαμένων
1191 3196 1311 3248 οὐδὲ
1368 3196 1720 3267 ὑπειδόμενος
1756 3200 1784 3250 ὁ
1814 3232 1857 3292 C

209 3284 509 3354 (inpacto;
537 3286 841 3356 προφήτης,
867 3285 1160 3356 διαρρήδην
1185 3285 1494 3355 ἁπελέγχει,
1517 3287 1608 3338 καὶ
1633 3287 1788 3341 τοῦτο

211 3381 466 3447 ᾶντικρυς
529 3375 858 3447 σχετλιάζων
904 3376 998 3429 καὶ
1034 3375 1235 3444 λέγων·
1278 3395 1296 3426 ι
1341 3378 1472 3430 Ἀπὸ
1511 3378 1619 3430 τῶν
1664 3380 1788 3432 ἀνο-

216 3466 346 3534 μιῶν
377 3465 474 3519 τοῦ
532 3465 664 3519 λαοῦ
697 3483 796 3536 μου
850 3465 988 3536 ήχθη
1041 3467 1118 3528 εἰς
1153 3465 1400 3520 θάνατον.
1451 3487 1469 3519 ι
1514 3465 1624 3521 Εἶτ’
1667 3470 1787 3522 ἐπεὶ

215 3559 572 3630 παραχρῆμα,
605 3560 700 3611 καὶ
733 3559 832 3612 οὐκ
859 3560 938 3622 είς
972 3559 1186 3629 μακρὰν
1213 3559 1351 3630 μετὰ
1380 3561 1478 3632 τὴν
1517 3561 1656 3614 κατὰ
1690 3561 1784 3613 τοῦ

212 3651 444 3720 Χριστοῦ
472 3650 678 3720 τόλμαν
701 3653 729 3703 ό
755 3650 1024 3722 παντελὴς
1055 3652 1251 3715 αὐτοὺς
1277 3652 1540 3722 μετῆλθεν
1567 3652 1786 3722 ὄλεθρος

211 3741 665 3811 πολιορκηθέντας
739 3743 842 3794 ὑπὸ
892 3743 1212 3813 Ῥωμαίων,
1259 3745 1380 3796 οὐδὲ
1426 3744 1581 3797 τοῦτο
1624 3763 1786 3817 παρι-

206 3831 326 3894 δὼν,
345 3833 592 3902 ἐπιλέγει
611 3850 626 3863 ’
652 3852 669 3883 ι
695 3834 803 3886 Καὶ
829 3832 982 3886 δώσω
1002 3834 1128 3896 τοὺς
1141 3836 1408 3906 πονηροὺς
1430 3835 1548 3888 ἀντὶ
1569 3835 1668 3904 τῆς
1690 3855 1785 3890 τα-

210 3926 308 3996 ςῆς
333 3924 523 3988 αὑτοῦ,
569 3924 809 3986 καὶτοὺς
842 3925 1128 3987 πλουσίους
1144 3926 1264 3978 ἀντὶ
1291 3925 1519 3980 θανάτου
1543 3926 1730 3980 αὐτοῦ.
1760 3949 1777 3980 ι

213 4016 404 4087 Ἤρκει
451 4016 554 4086 μὲν
609 4011 702 4069 οὖν
733 4017 825 4069 ἐπὶ
883 4016 1090 4081 τούτοις
1115 4018 1413 4089 ἐπιγράψαι
1445 4020 1543 4090 τὴν
1573 4037 1784 4092 προφη-

206 4107 371 4173 τείαν,
402 4110 452 4160 εί
486 4107 652 4178 μηδέν
676 4125 728 4159 τι
777 4107 935 4161 πλέον
969 4107 1187 4162 ἔσεσθαι
1222 4110 1358 4181 μετὰ
1389 4111 1486 4182 τὴν
1523 4111 1616 4164 τοῦ
1653 4114 1784 4183 Χρι-

208 4201 325 4255 στοῦ
360 4200 623 4271 τελευτὴν
657 4200 802 4271 ἐώρα
821 4218 832 4230 ·
866 4203 989 4254 ἐπεὶ
1025 4201 1080 4253 δὲ
1105 4203 1227 4256 ὅσον
1247 4203 1399 4256 οὔπω
1429 4204 1618 4276 ἔμελλε
1648 4207 1786 4277 μετὰ

205 4291 298 4362 τῆν
349 4291 631 4362 τελευτήν,
682 4292 715 4361 ἢ
755 4293 889 4362 μετὰ
940 4293 1038 4363 τὴν
1074 4295 1252 4365 ταφὴν
1304 4295 1641 4351 παλινοστεῖν
1690 4299 1784 4352 καὶ

205 4382 480 4445 ἀναϐιοῦν,
526 4382 606 4436 ἔτι
661 4383 790 4453 περὶ
850 4383 1014 4436 αὑτοῦ
1051 4385 1346 4438 καὶταῦτα
1404 4388 1779 4460 προστίθησιν,

204 4474 326 4542 ἑξῆς
369 4472 672 4541 ἐπιλέγων·
715 4491 733 4524 ι
784 4475 893 4526 Καὶ
951 4474 1154 4545 Κύριος
1203 4475 1450 4545 βούλεται
1489 4477 1780 4550 καθαρίσαι

1896 2021 2118 2076 guorem
2161 2009 2509 2070 contemptus
2553 2010 2671 2066 est,
2719 2007 2773 2053 et
2805 2013 2914 2050 non
2949 1999 3303 2062 computatus
3335 1989 3401 2044 ⁸⁸.
3433 2009 3452 2040 ι

1895 2097 2033 2164 Quid
2080 2095 2147 2151 ad
2188 2096 2302 2149 lucc
2342 2095 2506 2164 igitur
2551 2090 2846 2161 superest?
2884 2087 3018 2141 Nam
3063 2101 3185 2141 cum
3230 2084 3376 2137 illius
3407 2091 3460 2135 et

1895 2194 2092 2246 tribum
2115 2231 2129 2254 ,
2159 2199 2212 2245 et
2242 2206 2442 2260 genus,
2468 2197 2522 2243 et
2552 2187 2771 2241 modum
2800 2183 3061 2240 nascendi
3091 2223 3105 2245 ,
3133 2191 3186 2236 et
3218 2180 3456 2251 Virginis

1894 2283 2219 2338 miraculum
2241 2322 2255 2344 ,
2286 2289 2340 2336 et
2375 2281 2499 2334 vitae
2532 2294 2736 2332 morem
2786 2276 3168 2347 praedixerint,
3211 2275 3461 2343 sequitur

1893 2373 2150 2442 deinceps
2177 2411 2192 2435 ,
2229 2379 2289 2426 ut
2319 2386 2386 2425 ne
2415 2377 2646 2423 mortem
2676 2369 2898 2438 quidem
2935 2365 3218 2436 ejustaciti
3244 2374 3464 2436 praeter-

1891 2463 2072 2517 ierint.
2114 2463 2218 2517 Sed
2267 2462 2393 2532 quid
2425 2460 2638 2514 tandem
2669 2459 2818 2513 canit
2844 2459 3005 2514 etiam
3029 2457 3095 2512 de
3120 2459 3223 2512 hac
3253 2455 3459 2509 Isaias?

1897 2575 1914 2608 ι
1947 2556 2119 2610 Homo
2141 2595 2155 2619 ,
2189 2556 2366 2625 inquit
2389 2595 2402 2617 ,
2435 2569 2557 2608 cum
2591 2555 2645 2607 in
2677 2553 2834 2622 plaga
2862 2559 3041 2616 esset,
3089 2551 3268 2606 sciens
3319 2549 3459 2602 ferre

1891 2649 2204 2718 languorem
2227 2687 2241 2710 ,
2286 2655 2626 2716 contemptus
2651 2656 2733 2701 est
2757 2656 2808 2699 et
2833 2660 2940 2698 non
2963 2649 3306 2712 computatns
3333 2659 3347 2695 :
3371 2640 3459 2694 hic

1890 2749 2111 2812 peccata
2142 2747 2328 2795 nostra
2363 2739 2500 2803 fert,
2547 2747 2599 2794 ct
2641 2755 2738 2809 pro
2773 2738 2927 2791 nobis
2955 2744 3040 2791 est
3065 2735 3118 2788 in
3155 2733 3372 2792 dolore.
3406 2739 3461 2786 et

1889 2850 1989 2888 nos
2018 2833 2450 2888 existimavimus
2480 2847 2602 2887 eum
2633 2847 2755 2886 esse
2782 2831 2833 2884 iu
2865 2828 3050 2882 labore
3076 2867 3091 2890 ,
3116 2827 3247 2880 etin
3279 2825 3448 2896 plaga,

1887 2933 1942 2980 et
1979 2925 2032 2978 in
2066 2923 2353 2977 amictione
2380 2941 2392 2976 :
2423 2923 2536 2991 ipse
2564 2929 2744 2975 autem
2777 2921 3097 2974 vulneratus
3126 2924 3208 2972 est
3240 2925 3460 2986 propter

1888 3023 2112 3085 peccata
2136 3021 2324 3068 nostra
2343 3053 2357 3077 ,
2383 3021 2438 3068 et
2466 3013 2771 3067 inﬁrmatus
2793 3019 2874 3064 est
2898 3019 3120 3080 propter
3143 3007 3459 3076 iniquitates

1887 3115 2125 3162 nostras.
2146 3105 2404 3160 Doctrina
2423 3105 2574 3174 pacis
2592 3111 2792 3158 nostrae
2811 3117 2975 3171 super
2991 3115 3137 3163 eum,
3158 3099 3327 3152 livore
3340 3097 3461 3164 ejus

1889 3214 1990 3270 nos
2019 3197 2194 3252 sanati
2221 3212 2432 3252 sumus.
2461 3193 2664 3248 Omnes
2690 3203 2947 3261 tanquam
2974 3205 3102 3244 oves
3129 3189 3454 3246 erravimus.

1889 3297 1943 3344 et
1961 3289 2225 3343 Dominus
2241 3287 2464 3342 tradidit
2481 3302 2603 3340 eum
2621 3285 2855 3356 peccatis
2871 3283 3078 3337 nostris
3098 3301 3110 3335 :
3129 3292 3180 3334 et
3197 3282 3314 3350 ipse
3336 3291 3458 3333 cum

1889 3388 2198 3441 vexaretur,
2227 3395 2334 3434 nou
2360 3380 2636 3449 aperiebat
2658 3393 2719 3432 os
2742 3392 2922 3432 suum.
2953 3365 3118 3440 Quasi
3140 3375 3258 3427 ovis
3279 3371 3344 3425 ad
3367 3388 3458 3427 oc-

1889 3472 2152 3526 cisionem
2184 3469 2382 3523 ductus
2404 3476 2509 3531 est,
2536 3475 2589 3521 et
2618 3468 2759 3521 sicut
2783 3480 2955 3535 agnus
2982 3478 3165 3518 ceram
3197 3463 3458 3516 tondente

1887 3578 1995 3616 non
2031 3561 2242 3631 aperuit
2271 3575 2333 3614 os
2354 3577 2366 3612 :
2389 3559 2794 3629 generationem
2832 3557 2952 3625 ejus
2986 3556 3109 3624 quis
3142 3554 3461 3608 enarrabili

1888 3656 2144 3724 quoniam
2179 3653 2390 3706 tollitur
2431 3653 2497 3706 de
2533 3659 2674 3706 terra
2716 3652 2824 3704 vita
2856 3649 2975 3718 ejus
3003 3648 3068 3713 ⁸⁷,
3105 3667 3122 3698 ι
3151 3657 3203 3701 et
3229 3647 3455 3715 reliqua.

1887 3745 2020 3798 Nam
2062 3745 2148 3798 his
2170 3744 2350 3798 verbis
2397 3742 2665 3812 signiﬁcat
2691 3741 2965 3796 Christum
2996 3739 3170 3808 ipsum
3201 3738 3418 3807 quidem
3445 3780 3459 3802 ,

1886 3837 2136 3907 quamvis
2153 3836 2220 3890 ab
2235 3836 2381 3889 omni
2398 3842 2621 3904 peccato
2641 3834 2900 3897 alienum,
2925 3840 3104 3885 tamen
3125 3839 3345 3900 peceata
3365 3829 3463 3884 bo-

1888 3927 2092 3980 minum
2111 3941 2210 3997 pro
2233 3925 2368 3996 ipsis
2393 3924 2706 3979 hominibus
2726 3925 2778 3976 in
2798 3923 3035 3992 seipsum
3052 3928 3457 3990 suscepturum.

1886 4018 1997 4088 99
2025 4018 2292 4083 Quocirca
2322 4017 2484 4072 etiam
2516 4032 2578 4071 ea
2610 4017 2866 4088 patietur,
2899 4031 3020 4086 qua:
3063 4016 3154 4085 qui
3202 4029 3461 4084 peccave-

1885 4112 1998 4163 rint
2028 4109 2139 4178 pati
2170 4109 2366 4173 solent,
2398 4116 2450 4162 et
2498 4123 2596 4178 pro
2644 4107 2804 4161 nobis
2855 4107 3082 4167 dolebit,
3131 4121 3239 4159 non
3280 4116 3460 4158 autem

1887 4218 1984 4272 pro
2014 4202 2216 4272 seipse.
2245 4200 2398 4267 Quod
2430 4201 2477 4255 si
2505 4201 2884 4254 vulnerabitur
2903 4207 2956 4254 et
2979 4199 3159 4254 verbis
3181 4198 3462 4269 probrosis

1890 4298 2150 4362 ferietur,
2203 4294 2306 4349 hoc
2350 4293 2477 4348 item
2534 4301 2846 4346 nostrorum
2895 4300 3241 4360 peccatorum
3295 4307 3461 4345 causa

1890 4391 1980 4443 ﬁet
2009 4407 2021 4442 :
2056 4401 2181 4441 nam
2215 4385 2464 4438 inlirmus
2495 4398 2712 4453 quoque
2742 4381 2921 4437 factus
2965 4393 3047 4437 est
3079 4391 3298 4453 propter
3338 4400 3464 4453 pec-

1889 4489 2011 4536 cata
2039 4489 2248 4539 nostra,
2278 4485 2336 4529 ut
2380 4490 2481 4529 nos
2505 4474 2780 4537 videlicet,
2811 4489 2933 4527 cum
2986 4474 3075 4527 ille
3113 4473 3309 4528 delicta
3365 4491 3462 4527 no-

201 4565 357 4619 αὑτὸν
385 4567 486 4636 τῆς
512 4566 746 4636 πληγῆς.
790 4565 912 4618 Ἐὰν
933 4565 1067 4618 δῶτε
1102 4568 1226 4638 περὶ
1253 4569 1543 4639 ἁμαρτίας,
1576 4573 1608 4641 ὴ
1633 4571 1777 4642 ψυχὴ

1891 4579 2022 4634 stra,
2055 4578 2364 4638 nostrazque
2410 4565 2630 4620 malitiae
2663 4565 2889 4619 vulnera
2927 4565 3308 4636 assumpserit,
3342 4566 3461 4634 ejus

201 4658 348 4730 ὑμῶν
381 4659 574 4728 δψεται
610 4659 830 4728 σπέρμα
880 4657 1172 4729 μακρόϐιον
1196 4677 1208 4688 ·
1257 4663 1349 4713 καὶ
1381 4661 1627 4732 βούλεται
1663 4664 1777 4718 Κύ-

206 4764 311 4817 ριος
343 4749 566 4816 ἀφελεῖν
595 4749 702 4801 άπὸ
728 4748 822 4802 τοῦ
856 4749 1017 4802 πόνου
1039 4750 1140 4819 τῆς
1175 4749 1354 4821 ψυχῆς
1385 4753 1568 4816 αὑτοῦ,
1604 4755 1774 4823 δεῖξαι

201 4839 341 4911 αὒτῷ
371 4839 510 4909 φῶς.
549 4859 568 4891 ι
613 4838 904 4912 Ἀνὼτερον
929 4839 1117 4904 εἰπὼν,
1146 4861 1163 4892 ι
1193 4841 1473 4914 ἄνθρωπος
1507 4847 1564 4898 ἐν
1595 4846 1776 4920 πληγῇ

204 4931 290 4996 ὒν,
332 4933 428 4985 καὶ
464 4931 624 4995 εἰδὼς
657 4933 843 5004 φέρειν
895 4933 1166 5003 μαλακίαν
1211 4954 1228 4984 ι
1263 4934 1358 4988 νῦν
1393 4937 1529 5006 μετὰ
1565 4940 1655 4991 τὸν
1683 4939 1777 4993 θά-

202 5043 348 5078 νατον
385 5025 553 5078 αὐτοῦ
587 5027 682 5078 καὶ
712 5026 810 5097 τὴν
841 5026 1037 5097 ταφὴν,
1074 5045 1092 5078 ι
1124 5028 1344 5099 Κύριος,
1372 5050 1388 5080 ι
1417 5032 1569 5102 φησὶ,
1609 5052 1624 5081 ι
1654 5031 1778 5101 βού-

203 5120 346 5172 λεται
380 5118 678 5189 καθαρίσαι
697 5117 856 5170 αὐτὸν
879 5118 976 5188 τῆς
1006 5119 1238 5189 πληγῆς.
1267 5140 1283 5170 ι
1313 5123 1420 5173 Καὶ
1443 5105 1558 5186 πῶς
1581 5123 1731 5178 ἔσται
1756 5143 1770 5190 ;

213 5229 228 5259 ι
263 5211 385 5264 Ἐάν
409 5209 570 5272 δῶτε,
611 5228 629 5260 ι
661 5209 813 5278 φησὶ,
852 5227 870 5260 ι
905 5211 1030 5281 περὶ
1051 5211 1342 5283 ἁμαρτίας,
1388 5214 1419 5282 ἡ
1455 5212 1598 5284 ψυχὴ
1622 5214 1774 5284 ὑμῶν

205 5303 380 5373 ﬁdem
407 5302 630 5372 σπέρμα
663 5301 956 5373 μακρόϐιον
976 5320 988 5332 ο
1037 5322 1055 5354 ι
1081 5304 1141 5356 οὐ
1175 5305 1304 5356 πᾶσι
1337 5301 1445 5376 γὰρ
1477 5308 1682 5374 ἐφεῖται
1715 5308 1774 5360 τὸ

209 5393 492 5466 μακρόϐιον
522 5392 619 5446 τοῦ
671 5392 906 5465 Χριστοῦ
959 5395 1178 5466 σπέρμα
1220 5396 1464 5459 συνιδεῖν,
1513 5398 1544 5468 ἦ
1597 5399 1778 5467 μόνοις

209 5491 305 5550 τοῖς
324 5486 884 5557 ἐξομολογησαμένοις
927 5488 1019 5539 καὶ
1045 5487 1113 5538 τὰ
1149 5486 1297 5556 δῶρα
1324 5487 1390 5539 τὰ
1426 5489 1563 5560 ὑπὲρ
1596 5491 1775 5561 ἁμαρ-

210 5581 323 5631 τιῶν
347 5580 687 5653 προσάγουσι
708 5577 785 5648 τῷ
818 5577 956 5648 Θεῷ.
990 5578 1183 5632 Μόνων
1209 5579 1314 5652 γὰρ
1345 5580 1545 5633 τούτων
1572 5582 1603 5650 η
1629 5580 1773 5651 ψυχὴ

209 5671 378 5742 5ψεται
432 5672 657 5742 σπέρμα
707 5670 1000 5741 μακρόϐιον
1037 5670 1096 5724 τὸ
1131 5671 1217 5731 τοῦ
1247 5672 1502 5744 Χριστοῦ,
1533 5673 1648 5742 ἤτοι
1677 5673 1773 5743 τὴν

1201 5837 1208 5843 ’
1250 5854 1293 5892 ιη
1321 5854 1450 5908 ibid.
1509 5854 1624 5909 at.

265 5852 426 5905 “lsa.
468 5867 562 5910 vn.
596 5849 674 5904 Η.
758 5851 800 5880 ⁵⁸
835 5849 938 5904 lsa.
971 5867 1088 5915 LIII,
1115 5852 1168 5906 9..

1708 5853 1744 5887 ³⁷
1774 5851 1900 5905 ibid.
1937 5851 2046 5905 4-3.

1889 4665 2059 4718 livore
2085 4676 2342 4715 sancmur
2372 4677 2384 4712 :
2421 4667 2475 4713 et
2504 4673 2693 4712 eorum
2725 4657 2942 4726 quidem
2987 4673 3106 4726 qua:
3146 4657 3236 4712 ille
3270 4659 3461 4713 insons

1885 4757 1953 4810 ab
1999 4753 2307 4808 hominibus
2354 4766 2620 4822 passurus
2657 4759 2794 4813 erat,
2847 4749 2928 4803 hae
2973 4750 3191 4805 fuerunt
3240 4767 3457 4807 causae:

1883 4846 2102 4902 Judazos
2131 4855 2309 4898 autem
2341 4843 2433 4912 qui
2465 4843 2540 4896 illi
2575 4851 2802 4896 mortem
2828 4842 3150 4906 attulerunt,
3185 4859 3456 4916 nusquam

1883 4941 2090 4994 veritus
2153 4941 2408 5008 prepbeta
2472 4939 2777 5002 mirabilis,
2838 4938 2940 4990 hoc
3002 4935 3179 5005 ipsum
3245 4950 3462 5004 quoque

1885 5030 2169 5100 perspicue
2215 5030 2514 5098 redarguit,
2556 5032 2709 5098 plane
2753 5029 3075 5098 deplorans,
3111 5042 3173 5081 ac
3222 5027 3409 5079 dicens
3445 5042 3456 5075 :

1891 5139 1910 5172 ι
1946 5120 2023 5174 Ex
2069 5120 2448 5190 iniquitatibus
2494 5123 2673 5191 populi
2707 5122 2808 5175 mei
2853 5121 3049 5175 ductus
3082 5127 3165 5172 est
3205 5117 3270 5170 ad
3305 5129 3454 5169 moro

1885 5210 2076 5265 tem“.
2126 5229 2143 5260 ι
2197 5209 2399 5264 Deinde
2449 5225 2599 5273 vero,
2636 5212 2893 5280 quoniam
2951 5212 3083 5272 cito,
3139 5228 3314 5278 neque
3383 5215 3452 5266 ita

1887 5303 2057 5356 multo
2087 5309 2207 5370 post
2248 5300 2490 5355 nefarios
2532 5302 2796 5357 adversus
2821 5302 3098 5356 Christum
3143 5319 3332 5367 ausus,
3359 5321 3455 5358 ex-

1883 5403 2089 5450 tremus
2122 5394 2186 5447 ad
2220 5394 2342 5448 illos
2374 5410 2438 5449 ex
2483 5393 2769 5449 obsidione
2803 5392 3172 5449 Romanorum
3199 5396 3458 5452 interitus

1883 5493 2000 5540 erat
2029 5492 2311 5549 venturus,
2339 5501 2407 5539 ne
2435 5484 2538 5538 hoc
2569 5483 2786 5553 quidem
2818 5485 3058 5554 praeterit
3087 5487 3324 5552 silentio,
3361 5489 3455 5542 sed

1879 5576 2152 5647 adjungit:
2183 5594 2200 5624 ι
2223 5574 2288 5628 Ει
2309 5575 2449 5630 dabo
2472 5577 2768 5631 sceleratos
2790 5593 2886 5646 pro
2915 5580 3191 5648 sepultura
3222 5581 3341 5650 ejus
3365 5620 3380 5644 ,
3407 5591 3456 5635 cl

1879 5668 2075 5725 divites
2107 5684 2203 5739 pro
2238 5678 2412 5722 morte
2444 5669 2563 5737 ejus
2585 5667 2628 5698 δ’
2663 5688 2674 5721 :
2720 5688 2737 5720 ι
2768 5677 2820 5724 et
2861 5678 3071 5740 poterat
3102 5673 3318 5743 quidem
3364 5671 3448 5727 his

2126 5850 2168 5880 ⁸⁸
2223 5850 2352 5903 ibid.
2383 5852 2434 5905 8.
2517 5850 2555 5880 ³³
2583 5849 2710 5904 ibid.
2739 5851 2790 5905 9.
