3954 6538
515 397 624 453 183

1184 395 1453 454 susse"
1489 372 1964 452 CESARIENSIS
1999 395 2149 452 ore.
2194 395 2373 453 rans
2409 397 2474 451 ιι.
2516 426 2585 438 -
2617 395 3115 454 APOLOGETICA.

3633 397 3768 454 183

516 509 856 581 prophetiam
897 508 1220 575 terminare,
1266 511 1314 566 si
1359 509 1493 563 nihil
1539 509 1770 578 amplius
1826 509 2067 564 futurum

2184 508 2384 563 ιίώνιον
2440 509 2584 581 ζωήν
2625 509 2810 592 αὐτοῦ,
2841 513 2939 584 τήν
2977 511 3114 583 μετά
3149 511 3240 565 τὺν
3285 514 3529 576 θάνατον,
3572 515 3607 584 ή
3649 515 3768 566 τδν

520 611 643 673 post
669 602 871 658 Christi
925 612 1154 658 mortem
1205 602 1452 667 vidisset,
1494 602 1587 658 sed
1617 603 1895 673 quoniam,
1924 602 2073 658 brevi

520 709 674 748 mora
713 694 1019 764 iuterjecta,
1051 702 1168 748 erat
1204 709 1233 747 a
1270 701 1446 749 morte
1474 695 1587 749 sive
1613 709 1644 747 a
1682 693 1963 764 sepultura
1989 709 2075 748 re-

517 787 872 856 inigraturus,
907 792 1068 855 atque
1123 786 1179 840 in
1231 787 1398 840 vitam
1456 786 1844 846 restituendus.
1877 783 1943 839 de
1974 785 2076 838 hac

517 891 735 946 quoque
768 891 826 930 re
867 876 1124 954 deinceps
1178 875 1292 930 haec
1351 876 1520 941 addit,
1561 875 1642 930 sic
1675 875 1862 930 dicens
1899 893 1912 928 :
1955 891 1972 924 ι
2011 873 2076 926 Ει.

518 964 780 1020 Dominus
818 969 930 1019 vult
969 982 1198 1036 purgare
1231 982 1353 1021 eum
1397 983 1425 1019 a
1458 969 1609 1038 plaga
1650 967 1695 1022 si
1729 967 1980 1031 traditus,
2006 967 2077 1020 sit

520 1074 616 1127 pro
637 1066 875 1127 peccato.
901 1058 1091 1112 Anima
1107 1066 1285 1114 vestra
1309 1060 1509 1114 videbit
1531 1076 1712 1115 semen
1735 1061 2032 1130 longzevum
2059 1078 2072 1113 :

517 1157 570 1204 et
603 1151 716 1202 vult
768 1148 1028 1205 Dominus
1061 1150 1280 1206 auferre
1331 1151 1567 1204 alabore
1615 1151 1810 1206 anima:
1847 1151 1988 1220 ejus,
2020 1159 2078 1204 ut

519 1241 772 1295 ostendat
802 1243 850 1295 ei
885 1242 1058 1296 lucem
1077 1242 1144 1295 ".
1171 1261 1189 1293 ι
1224 1239 1326 1308 Qui
1357 1242 1606 1310 superius
1635 1241 1770 1295 dixit
1809 1259 1863 1296 ει
1903 1240 2076 1295 Homo

524 1332 580 1385 in
613 1332 764 1403 plaga
799 1336 1152 1397 constitutus,
1191 1355 1208 1386 ι
1243 1343 1296 1389 et
1323 1353 1340 1385 ι
1379 1334 1469 1403 qui
1494 1333 1644 1386 novit
1675 1332 1815 1388 ferre
1851 1333 2079 1403 languo-

520 1437 655 1485 rem,
715 1443 733 1474 ι
785 1439 928 1478 nunc
974 1432 1092 1493 post
1135 1431 1361 1480 mortem
1422 1425 1541 1493 ejus
1601 1432 1655 1478 et
1700 1424 2071 1493 sepulturam:

525 1528 544 1562 ι
575 1509 858 1574 Dominus,
890 1513 1086 1582 inquit,
1127 1513 1240 1567 vult
1262 1528 1496 1583 purgare
1523 1528 1646 1567 eum
1679 1527 1708 1565 a
1740 1514 1919 1583 plaga,
1964 1531 1982 1563 ι
2023 1520 2078 1567 et

521 1603 617 1669 qui
653 1599 756 1654 hoc
795 1601 918 1655 fiet?
962 1621 980 1653 ι
1021 1601 1065 1656 si
1092 1602 1344 1666 traditus,
1378 1601 1574 1671 inquit,
1609 1601 1770 1657 fuerit
1815 1618 1912 1674 pro
1951 1618 2078 1673 pec-

517 1697 662 1754 cato,
712 1691 893 1746 anima
938 1699 1116 1747 vestra
1177 1693 1377 1748 videbit
1428 1709 1612 1749 semen
1675 1695 2016 1764 longaevum;
2052 1713 2070 1745 ι

515 1797 627 1838 non
663 1784 808 1838 enim
835 1785 1089 1841 omnibus
1121 1799 1442 1841 concessum
1474 1793 1559 1842 est
1590 1789 1888 1856 longawum
1919 1788 2077 1844 Chri-

2177 601 2297 654 καθ’
2332 601 2458 672 ὅλης
2481 602 2580 673 τῆς
2616 603 2935 676 οἰκουμένης
2974 605 3342 674 ὲπισπαρέντα
3378 605 3541 659 αὑτοῦ
3581 606 3767 674 λόγον

2179 696 2472 768 μακρόϐιον
2529 697 2802 768 ἐσόμενον,
2859 699 2951 750 καὶ
2994 700 3072 762 εἰς
3122 697 3181 751 τὸ
3226 698 3312 751 ἀεὶ
3357 698 3761 770 διαρκέσοντα.

2177 785 2344 838 Πάλιν
2397 783 2665 858 ἀνώτερον
2711 786 2900 852 εἰπὼν,
2941 807 2958 837 ι
2996 789 3103 841 Kal.
3163 790 3323 858 ἡμεῖς
3375 787 3763 858 ἐλογισάμεθα

2176 879 2334 932 αὑτὸν
2355 873 2490 932 εἰναι
2522 880 2578 932 ἐν
2611 879 2774 950 πόνῳ,
2815 899 2832 931 ›
2858 879 2950 933 νῦν
2990 880 3126 950 μετά
3164 880 3260 949 τήν
3288 881 3498 950 σφαγὴν
3528 881 3763 934 καὶτὸν

2177 969 2400 1024 θάνατον
2440 969 2624 1031 αὑτοῦ,
2668 970 2827 1039 φησίν
2848 986 2861 999 '
2904 989 2921 1020 ι
2957 969 3064 1021 Kal.
3098 968 3339 1038 βούλεται
3373 967 3574 1040 Κύριος
3605 971 3764 1037 ἀφε-

2175 1060 2286 1113 λεῖν
2314 1059 2424 1114 ἀπὸ
2465 1058 2559 1113 τοῦ
2608 1059 2770 1112 πόνου
2815 1059 2914 1128 τῆς
2943 1058 3122 1130 ψυχῆς
3171 1057 3353 1122 αὐτοῦ,
3382 1058 3548 1126 δεῖξαι
3592 1058 3761 1130 αὐτῷ

2177 1148 2308 1218 φῶς.
2346 1169 2362 1200 i
2405 1151 2556 1203 Ἐπεὶ
2601 1150 2778 1203 τοίνυν
2810 1149 3125 1220 βεϐούληται
3163 1149 3381 1222 Κύριος,
3408 1153 3435 1203 ό
3467 1151 3573 1204 τῶν
3601 1151 3759 1204 ὅλων

2175 1239 2305 1303 Θεὸς
2337 1240 2630 1312 καθαρίσαι
2677 1240 2836 1294 αὑτὸν
2863 1241 2960 1310 τῆς
2995 1239 3223 1310 πληγῆς,
3272 1241 3362 1294 καὶ
3396 1241 3563 1306 δεῖξαι
3591 1241 3759 1312 αὐτῷ

2177 1330 2310 1399 φῶς,
2340 1331 2552 1394 πάντως
2585 1349 2685 1383 που
2711 1330 3004 1402 βουληθεὶς,
3024 1331 3274 1402 πράξειεν
3298 1331 3362 1384 ἂν
3383 1331 3410 1384 ὃ
3442 1331 3753 1402 ἠϐουλήθη.

2175 1420 2338 1475 Οὐδὲν
2371 1423 2478 1494 γάρ
2526 1425 2674 1474 ἐστιν
2709 1421 2736 1474 ὃ
2771 1421 2844 1493 μὴ
2877 1422 3080 1489 γίνεται
3124 1415 3197 1474 ὧν
3253 1420 3495 1490 βούλεται
3520 1437 3533 1450 ·
3586 1420 3760 1474 ἐϐου-

2177 1513 2313 1586 λήθη
2364 1513 2420 1566 δέ
2475 1510 2765 1582 καθαρίσαι
2823 1511 2982 1563 αὐτὸν
3039 1511 3131 1563 καὶ
3179 1510 3348 1576 δεῖξαι
3396 1509 3542 1580 αὑτῷ
3587 1511 3752 1579 φῶςο

2176 1606 2426 1674 ἐποίησεν
2471 1606 2576 1674 ἀρα
2609 1602 2780 1656 ταῦτα
2833 1619 2846 1632 ο
2887 1602 2978 1656 καὶ
3000 1601 3297 1674 καθαρίσας
3343 1603 3502 1655 αὑτὸν
3542 1601 3756 1667 ἔδειξεν

2176 1696 2324 1767 αὐτῷ
2357 1695 2490 1764 φῶς.
2526 1695 2632 1748 Kal.
2663 1696 2782 1748 ἐπεὶ
2803 1694 3084 1766 ἐϐουλήθη,
3109 1694 3202 1748 καὶ
3241 1693 3516 1764 βουληθεὶς
3551 1693 3753 1764 ἀφεῖλε

2177 1789 2265 1842 τὸν
2297 1788 2455 1841 πόνον
2498 1788 2596 1856 τῆς
2648 1787 2824 1857 ψυχῆς
2855 1786 3040 1851 αὑτοῦ,
3073 1787 3166 1839 καὶ
3196 1785 3389 1850 ἔδειξεν
3423 1785 3568 1856 αὐτῷ
3602 1787 3752 1855 φῶς,

519 1875 589 1930 sti
625 1889 808 1930 semen
845 1875 1065 1940 intueri,
1092 1877 1188 1931 sed
1230 1876 1295 1931 iis
1323 1879 1455 1934 solis
1487 1879 1580 1950 qui
1611 1880 1993 1944 confiteantur,
2022 1888 2076 1936 et

2184 1880 2396 1944 εἰκότως
2425 1883 2452 1934 6
2483 1880 2770 1952 Προφήτης
2799 1879 3170 1940 ἐπισυνάπτει,
3192 1878 3361 1946 λέγων
3380 1895 3392 1908 '
3427 1896 3445 1929 ι
3472 1879 3567 1932 Διά
3582 1879 3754 1933 τοῦτο

517 1982 745 2022 munera
804 1967 1034 2023 offerant
1084 1968 1192 2024 Deo
1243 1986 1338 2039 pro
1390 1973 1642 2042 peccatis.
1703 1972 1904 2028 Horum
1935 1974 2079 2028 enim

517 2059 783 2112 duntaxat
831 2059 1018 2112 anima.
1048 2059 1252 2114 videbit
1293 2076 1478 2116 semen
1526 2063 1823 2134 longaevum
1852 2063 2078 2129 Christi,

518 2149 622 2203 hoc
643 2157 746 2212 est,
774 2157 868 2203 aut
901 2158 1160 2205 aeternam
1201 2152 1363 2205 vitam
1394 2153 1513 2221 ejus
1543 2161 1666 2223 post
1702 2163 1954 2218 mortem,
1989 2161 2080 2208 aut

517 2241 765 2309 ejusdem
803 2241 1027 2295 verbum
1057 2257 1154 2312 per
1185 2249 1354 2296 totum
1387 2251 1655 2298 terrarum
1689 2245 1872 2300 orbem
1905 2246 2081 2301 disse-

519 2335 807 2396 minatum,
839 2331 984 2403 quod
1017 2333 1318 2402 longzevum
1352 2334 1591 2388 futurum
1616 2345 1722 2400 est,
1761 2351 2082 2406 semperque

517 2423 862 2480 duraturum.
919 2423 1153 2490 Rursus,
1188 2427 1281 2497 qui
1339 2428 1591 2498 superius
1647 2428 1855 2484 dixerat
1895 2445 1909 2480 :
1954 2447 1973 2480 ‹
2017 2428 2081 2482 Et

519 2529 620 2570 nos
650 2518 960 2585 putavimus
1004 2518 1154 2571 illum
1195 2533 1320 2574 esse
1361 2519 1415 2573 in
1446 2519 1668 2574 labore:
1716 2539 1735 2572 ι
1782 2535 1928 2574 nunc
1962 2529 2084 2590 post

519 2605 722 2661 eadem
773 2615 1113 2679 mortemque
1140 2610 1280 2679 ejus,
1327 2610 1449 2664 ait:
1489 2628 1508 2661 ι
1546 2609 1612 2664 Et
1658 2611 1772 2665 vult
1819 2610 2083 2668 Dominus

517 2697 737 2754 auferre
769 2715 799 2753 a
840 2700 1024 2756 labore
1054 2702 1249 2758 anima:
1297 2701 1436 2770 ejus,
1485 2712 1543 2756 ut
1593 2703 1846 2757 ostendat
1895 2703 1946 2758 ei
1995 2704 2081 2756 lu-

518 2803 658 2845 cem.
705 2809 723 2843 »
763 2789 1032 2856 Quoniam
1079 2792 1248 2861 igitur
1303 2791 1623 2847 deliberavit
1679 2791 1959 2854 Dominus,
1988 2793 2081 2862 qui

520 2877 666 2935 Deus
695 2889 778 2935 est
825 2882 1065 2936 universi
1104 2897 1336 2953 purgare
1362 2883 1512 2936 illum
1547 2898 1578 2935 a
1623 2883 1811 2953 plaga,
1845 2883 2002 2952 100
2031 2891 2084 2938 et

520 2973 808 3027 ostendere
833 2973 886 3026 in
919 2974 1093 3028 lucem
1125 2993 1138 3028 :
1173 2975 1484 3031 necessario
1509 2975 1716 3045 utique,
1751 2976 1844 3045 qui
1889 2976 2080 3040 voluit,

520 3065 574 3121 id
621 3063 775 3118 faciet
814 3065 958 3136 quod
1015 3066 1203 3121 voluit.
1235 3065 1378 3120 Nihil
1422 3066 1567 3121 enim
1595 3073 1681 3122 est
1722 3082 1908 3122 eorum
1963 3084 2084 3138 qua:

521 3157 638 3212 vult
667 3156 812 3227 quod
839 3174 947 3212 non
982 3158 1074 3212 fiat
1110 3176 1124 3212 :
1159 3157 1327 3213 voluit
1355 3166 1536 3213 autem
1565 3175 1794 3230 purgare
1830 3160 2001 3226 illum,
2030 3169 2085 3216 et

2179 1971 2340 2035 αὐτὸς
2384 1971 2778 2043 κληρονομήσει
2823 1969 3070 2033 πολλοὺς,
3113 1968 3340 2023 καὶτῶν
3375 1969 3608 2040 ἰσχυρῶν
3646 1988 3756 2040 με-

2181 2065 2285 2136 ριεί
2319 2062 2508 2115 σκῦλα.
2552 2081 2570 2114 ι
2607 2061 2773 2115 Ἔνθα
2791 2061 2971 2114 λοιπὸν
2997 2061 3096 2132 ήδη
3133 2061 3226 2113 καὶ
3251 2062 3349 2131 τῆς
3379 2062 3753 2132 κληρονομίας

2180 2152 2272 2206 τοῦ
2303 2151 2536 2224 Χριστοῦ
2562 2151 2920 2223 μέμνηταιτῷ
2933 2151 3166 2222 δευτέρῳ
3192 2150 3494 2221 συμφώνως
3521 2150 3749 2222 ψαλμῷ,

2178 2237 2322 2296 διὀῦ
2359 2242 2485 2313 περὶ
2532 2243 2632 2312 τῆς
2661 2242 2946 2312 ἐπιϐουλῆς
2989 2242 3090 2310 τῆς
3129 2241 3246 2297 κατ’
3282 2242 3442 2295 αὑτοῦ
3481 2260 3754 2296 συσκευα-

2182 2333 2400 2404 σθείσης
2431 2332 2689 2402 ὀνομαστὶ⁹
2737 2331 2996 2394 θεσπίσας
3024 2334 3051 2384 6
3079 2331 3233 2400 λόγος
3283 2333 3339 2384 ἐν
3377 2332 3473 2402 τῷ,
3511 2352 3528 2384 ι
3561 2333 3750 2404 Παρέ-

2182 2439 2380 2492 στησαν
2423 2421 2471 2473 οἱ
2518 2421 2754 2491 βασιλεῖς
2807 2422 2902 2492 τῆς
2934 2422 3056 2492 γῆς,
3083 2422 3176 2475 καὶ
3213 2423 3261 2475 οἰ
3291 2421 3545 2492 ἄρχοντες
3581 2425 3753 2496 συνή-

2180 2511 2381 2583 χθησαν
2421 2514 2510 2565 ἐπὶ
2549 2513 2608 2565 τὸ
2635 2513 2764 2566 αὐτὸ
2807 2513 2945 2566 κατά
2984 2512 3078 2566 τοῦ
3111 2513 3314 2584 Κυρίου
3350 2515 3442 2567 καὶ
3483 2513 3620 2567 κατὰ
3647 2515 3747 2568 τοῦ

2181 2603 2417 2676 Χριστοῦ
2446 2603 2630 2668 αὐτοῦ,
2675 2603 2798 2674 ἑξῆς
2833 2603 3101 2672 ἐπιλέγει·
3145 2623 3162 2656 ι
3212 2605 3409 2676 Κύριος
3437 2601 3556 2658 εἷπε
3603 2606 3747 2678 πρὸς

2185 2695 2280 2764 μέ·
2311 2695 2436 2758 Υἱός
2488 2713 2588 2766 μου
2649 2690 2699 2748 εἷ
2753 2697 2839 2762 σὺ,
2887 2695 2997 2772 ἐγὼ
3043 2697 3278 2768 σήμερον
3314 2697 3610 2769 γεγέννηκά
3648 2715 3742 2750 σε·

2181 2783 2399 2856 αἰτήσαι
2420 2786 2546 2858 παρ’
2569 2785 2722 2856 ἐμοῦ,
2745 2790 2838 2841 καὶ
2853 2787 3008 2842 δώσω
3027 2804 3106 2841 σοι
3126 2787 3248 2859 ἔθνη
3267 2789 3360 2860 τήν
3384 2789 3749 2861 κληρονομίαν

2183 2890 2298 2938 σου,
2333 2876 2425 2927 καὶ
2465 2877 2562 2946 τήν
2604 2877 2928 2949 κατάσχεσίν
2973 2895 3063 2931 σου
3101 2879 3168 2933 τὰ
3198 2881 3405 2951 πέρατα
3433 2882 3529 2952 τῆς
3558 2882 3680 2951 γῆς.
3720 2901 3742 2934 ι

2183 2967 2367 3020 Ταῦτα
2398 2967 2442 3021 δ’
2471 2963 2562 3020 οῦν
2583 2968 2649 3021 τὰ
2677 2968 2801 3040 ἔθνη
2825 2971 2918 3022 καὶ
2935 2973 2962 3023 ό
2992 2973 3271 3042 προφήτης
3301 2970 3516 3042 ᾐνίξατο
3539 2973 3706 3025 εἰπών
3727 2991 3742 3003 ο

2189 3078 2207 3112 ι
2229 3060 2327 3112 Διά
2338 3059 2492 3114 τοῦτο
2505 3062 2660 3126 αὐτὸς
2673 3061 3062 3135 κληρονομήσει
3076 3064 3316 3128 πολλούς’
3343 3085 3359 3115 i
3377 3067 3467 3120 καὶ
3482 3064 3744 3134 ἐπιλέγειο

2189 3169 2207 3202 ι
2236 3151 2341 3204 Kal.
2368 3151 2476 3204 τῶν
2515 3152 2749 3224 ἰσχυρῶν
2800 3156 2976 3224 μεριεῖ
3011 3154 3197 3208 σκῦλα.
3248 3175 3265 3206 ι
3300 3154 3416 3208 Τῶν
3455 3155 3560 3225 γὰρ
3595 3156 3749 3210 δυνάμ-

520 3249 806 3306 ostendere
835 3249 914 3304 illi
947 3251 1162 3315 lucem;
1192 3249 1319 3306 fecit
1353 3251 1516 3322 igitur
1547 3252 1691 3308 haec:
1721 3259 1774 3307 et
1807 3268 1929 3308 cum
1953 3249 2083 3324 put-'-

2187 3263 2328 3316 μεων
2354 3247 2462 3298 τῶν
2496 3247 2904 3318 ἀντικειμένων,
2944 3247 2998 3300 αἳ
3031 3248 3195 3301 πάλαι
3221 3248 3326 3300 τῶν
3353 3247 3518 3301 ἐθνῶν
3553 3243 3745 3319 ἦρχον,

520 3342 731 3413 gaverit
762 3341 936 3406 illum,
962 3341 1200 3397 ostendit
1227 3342 1304 3396 illi
1351 3344 1525 3397 lucem
1552 3361 1566 3398 :
1595 3352 1649 3399 et
1681 3345 1941 3414 quoniam
1987 3361 2084 3401 vo-

523 3431 644 3495 luit.
685 3443 740 3488 et
769 3433 958 3489 volens
982 3433 1210 3488 abstulit
1243 3433 1481 3488 laborem
1513 3434 1582 3488 ab
1616 3434 1797 3488 anima
1831 3434 1998 3500 illius,
2029 3442 2084 3490 et

520 3525 760 3581 ostendit
806 3525 884 3579 illi
933 3526 1108 3580 lucem
1140 3564 1156 3590 ,
1188 3525 1384 3580 merito
1408 3523 1680 3596 Propheta
1728 3525 1998 3596 sequitur,
2031 3534 2087 3581 et

523 3617 644 3672 ait:
683 3635 704 3667 ι
766 3615 995 3687 Propter
1056 3616 1159 3672 hoc
1199 3618 1315 3687 ipse
1359 3616 1697 3672 hareditabit
1752 3618 1987 3682 multos,
2031 3626 2086 3672 et

523 3704 746 3760 fortium
801 3705 1007 3761 dividet
1062 3706 1234 3776 spolia
1274 3707 1364 3761 ἰι
1420 3725 1439 3758 i
1475 3706 1565 3760 ubi
1611 3706 1776 3776 (quod
1816 3708 2084 3778 reliquum

524 3794 648 3866 fuit)
680 3795 792 3864 jam
830 3795 1164 3850 hereditatis
1197 3794 1360 3852 etiam
1397 3792 1600 3850 Christi
1635 3796 1963 3852 mentionem
2007 3797 2086 3850 fa-

525 3888 623 3950 cit,
659 3887 734 3940 illi
762 3887 970 3956 psalmo
999 3895 1363 3940 consentanea
1396 3885 1605 3949 dicens,
1633 3887 1686 3941 in
1716 3902 1825 3956 quo
1855 3887 1923 3942 de
1953 3888 2087 3942 insi-

525 3976 634 4032 diis
663 3977 925 4032 adversus
967 3977 1116 4032 illum
1158 3979 1490 4034 constructis
1531 3978 1851 4033 nominatim
1881 3995 2086 4036 canens

525 4069 830 4136 oraculum,
880 4069 972 4123 ubi
1021 4069 1136 4123 ait:
1176 4087 1195 4120 ι
1251 4069 1556 4124 Astiterunt
1606 4085 1758 4141 reges
1811 4079 1989 4132 teme.
2035 4080 2089 4128 et

525 4162 802 4234 principes
824 4170 1196 4216 convenerunt
1226 4161 1282 4216 in
1310 4177 1478 4216 unum
1503 4162 1768 4218 adversus
1797 4161 2087 4218 Dominum

525 4262 580 4309 et
605 4253 865 4309 adversus
891 4250 1169 4307 Christum
1194 4253 1314 4322 ejus
1343 4253 1419 4321 ";
1463 4273 1481 4305 ι
1512 4253 1768 4324 deinceps
1798 4255 2042 4326 adjungit
2072 4273 2086 4311 :

532 4363 552 4398 ι
593 4344 857 4402 Dominus
889 4345 1024 4402 dixit
1046 4347 1112 4400 ad
1148 4361 1254 4410 me,
1281 4345 1450 4400 Filius
1484 4361 1638 4402 meus
1665 4362 1726 4402 es
1749 4355 1830 4412 tu,
1864 4362 1963 4417 ego
1995 4348 2092 4400 ho-

527 4440 614 4496 die
637 4439 797 4510 genui
823 4447 874 4494 te
901 4458 914 4496 :
957 4438 1173 4510 postula
1212 4452 1242 4491 a
1263 4452 1370 4501 me,
1402 4448 1454 4492 et
1483 4437 1624 4492 dabo
1654 4439 1750 4493 tibi
1781 4448 1968 4510 gentes
1992 4438 2094 4493 hanc

526 4532 809 4588 raditatem
853 4538 1025 4594 tuam,
1069 4538 1122 4586 et
1162 4530 1564 4600 possessionem
1616 4539 1762 4584 tuam
1827 4531 2091 4585 terminos

527 4623 768 4678 terra”.
806 4642 824 4674 ι
851 4621 960 4678 Has
988 4621 1153 4692 igitur
1189 4629 1398 4691 gentes,
1430 4622 1592 4675 etiam
1627 4621 1889 4690 propheta
1931 4621 2088 4674 intel-

528 4713 681 4777 lexit,
718 4729 841 4766 cum
873 4714 1010 4768 dixit
1041 4729 1053 4764 :
1091 4730 1112 4764 ι
1163 4710 1388 4780 Propter
1425 4713 1527 4766 hoc
1580 4711 1696 4781 ipse
1753 4710 2093 4765 hmreditabit

528 4809 751 4866 multos,
775 4811 866 4859 iet
893 4803 1142 4873 adjungit
1177 4822 1189 4856 :
1224 4821 1242 4853 ι
1274 4801 1338 4856 Et
1371 4801 1590 4856 fortium
1622 4801 1827 4856 dividet
1858 4802 2087 4870 spolia.»

531 4895 812 4966 Siquidem
845 4910 872 4948 a
910 4895 1272 4965 potestatibus
1311 4893 1622 4956 contrariis,
1651 4909 1771 4963 qua:
1813 4891 1966 4962 prius
2013 4892 2096 4947 ino

530 4999 612 5045 ter
643 4995 831 5058 gentes
858 4987 1305 5050 dominabantur,
1338 4986 1427 5040 ubi
1464 4985 1738 5055 subjectas
1784 4984 1996 5040 animas
2028 4982 2096 5038 Ii-

527 5080 758 5146 beravit,
773 5089 884 5133 tum
911 5078 1068 5149 quasi
1095 5078 1267 5147 spolia
1295 5077 1541 5148 quaedam
1575 5075 1690 5132 suis
1723 5076 1905 5131 divisit
1929 5075 2098 5132 disci-

526 5173 694 5242 pulis.
726 5169 962 5227 Proinde
1009 5170 1181 5226 Isaias
1229 5170 1304 5224 ait
1329 5171 1395 5224 de
1423 5169 1529 5224 illis
1560 5187 1574 5226 :
1611 5187 1630 5219 ι
1670 5167 1734 5222 Et
1766 5169 2098 5224 lwtabuntur

530 5279 717 5320 coram
747 5272 821 5326 te.
837 5263 980 5319 sicut
1009 5262 1103 5333 qui
1130 5261 1378 5318 dividunt
1404 5261 1578 5331 spolia
1601 5263 1666 5314 ³⁵.
1711 5279 1729 5312 ι
1765 5259 1826 5314 Et
1847 5259 2092 5316 Psalmo—

528 5369 652 5410 rum
709 5365 948 5410 auctor:
1009 5372 1028 5405 ι
1099 5351 1381 5412 Dominus.
1413 5352 1609 5420 inquit,
1663 5350 1811 5406 dabit
1865 5353 2090 5408 verbum

528 5445 1031 5517 evangelizantibus
1070 5445 1271 5500 virtute
1321 5443 1488 5497 multa
1521 5461 1534 5498 :
1571 5459 1666 5498 rex
1701 5443 1962 5497 virtutum
2003 5443 2090 5497 di-

530 5536 678 5602 lecti,
707 5537 908 5606 speciei
932 5536 1130 5592 domus
1157 5534 1398 5590 dividere
1429 5535 1684 5605 spolia”.
1719 5554 1736 5587 ι
1769 5533 1958 5590 Merito
1988 5535 2091 5603 igi-

528 5639 619 5686 tur
640 5627 728 5683 hic
753 5642 971 5698 quoque
1002 5627 1070 5684 de
1115 5627 1333 5683 Christo
1384 5627 1506 5682 ait:
1554 5626 1780 5697 Propter
1830 5627 1932 5682 hoe
1979 5627 2094 5696 ipse

2181 3336 2280 3400 τὰς
2311 3337 2650 3408 ὑποχειρίους
2673 3339 2968 3408 ῥυσάμενος
2985 3333 3282 3409 ψυχὰς,οἷα
3308 3338 3368 3409 δή
3397 3355 3516 3392 τινα
3551 3338 3744 3404 σκῦλα,

2182 3431 2292 3492 τοῖς
2311 3428 2526 3491 οἰκείοις
2561 3429 2794 3499 διένειμε
2827 3429 3110 3500 μαθηταῖς.
3146 3431 3238 3484 Διό
3265 3447 3424 3501 φησιν
3459 3432 3486 3484 6
3520 3431 3746 3495 Ἡσαΐας

2185 3520 2312 3592 περὶ
2340 3521 2549 3574 αὐτῶνθ
2594 3540 2611 3572 ι
2648 3522 2756 3574 Καὶ
2799 3521 3266 3593 εὐφρανθήσονται
3293 3520 3520 3575 ἐνώπιόν
3560 3537 3654 3574 σου
3686 3522 3746 3575 δν

2183 3612 2382 3684 τρόπον
2432 3615 2477 3666 οἱ
2508 3611 2866 3684 διαιρούμενοι
2909 3612 3097 3668 σκῦλα.
3131 3632 3147 3664 i
3185 3612 3293 3664 Ka‘t
3335 3615 3362 3666 6
3407 3612 3706 3682 ιἱ¹ἀλμιρδός
3729 3629 3743 3643 ·

2192 3721 2210 3749 ε
2246 3705 2446 3777 Κύριος
2490 3705 2646 3757 δώσει
2689 3704 2838 3774 ρἧα
2889 3705 2998 3766 τοῖς
3044 3702 3540 3773 εὑαγγελιζομένοις
3585 3702 3746 3755 δυνά-

2191 3812 2280 3866 μει
2313 3795 2476 3865 πολλῇ
2497 3812 2510 3824 °
2542 3798 2569 3850 6
2603 3793 2850 3864 βασιλεὺς
2880 3792 2987 3846 τῶν
3013 3793 3288 3863 δυνάμεων
3317 3792 3408 3846 τοῦ
3441 3790 3746 3861 ἀγαπητοῦ,

2187 3890 2252 3958 τῇ
2282 3887 2572 3958 ώραιότητι
2603 3885 2692 3939 τοῦ
2737 3887 2884 3939 οἴκου
2925 3885 3192 3940 διελέσθαι
3233 3886 3422 3939 σκῦλα.
3465 3906 3483 3936 i
3512 3885 3750 3947 Εἰκότως

2188 3980 2472 4050 τοιγαροῦν
2521 3981 2615 4032 καὶ
2665 3978 2896 4032 ἐνταῦθα
2949 3980 3075 4050 περὶ
3119 3978 3208 4032 τοῦ
3269 3977 3503 4050 Χριστοῦ
3546 3992 3746 4049 φησιν’

2195 4090 2212 4123 ι
2252 4071 2349 4124 Διὰ
2389 4070 2541 4123 τοῦτο
2595 4071 2755 4134 αὐτὸς
2802 4071 3193 4141 κληρονομήσει
3237 4070 3482 4134 πολλοὺς,
3510 4069 3604 4123 καὶ
3641 4069 3749 4122 τῶν

2193 4163 2424 4234 ἰσχυρῶν
2477 4164 2652 4232 μεριεῖ
2681 4160 2873 4215 σκῦλα.
2907 4181 2924 4213 i
2951 4162 3048 4215 Διά
3081 4165 3229 4215 ποῖον
3269 4163 3325 4216 δὲ
3368 4161 3542 4223 τοῦτο,
3590 4162 3749 4216 πάλιν

2189 4254 2315 4324 ἑξῆς
2343 4253 2604 4316 διδάσκει,
2639 4254 2833 4324 φήσας·
2872 4273 2890 4305 ι
2915 4254 3053 4307 Ἀνθ“
3083 4247 3156 4306 ὧν
3183 4253 3446 4324 παρεδόθη
3478 4255 3555 4316 εἰς
3582 4253 3752 4307 θάναο

2189 4366 2278 4402 τον
2308 4349 2340 4419 ή
2367 4347 2510 4418 ψυχὴ
2538 4345 2722 4408 αὑτοῦ,
2759 4347 2852 4399 καὶ
2871 4348 2926 4398 ἐν
2957 4349 3066 4410 τοῖς
3097 4345 3315 4416 ἀνόμοις
3345 4344 3592 4416 ἐλογίσθη
3614 4361 3628 4375 ο
3657 4345 3751 4398 καὶ

2191 4439 2349 4503 αὐτὸς
2385 4438 2654 4511 ἁμαρτίας
2681 4437 2884 4492 πολλῶν
2906 4438 3168 4508 ἀνήνεγκε
3190 4455 3202 4467 ·
3227 4439 3320 4490 καί
3341 4437 3426 4490 διὰ
3455 4435 3552 4500 τὰς
3573 4439 3753 4509 ἀμαρ-

2192 4531 2312 4594 τίας
2353 4529 2528 4584 αὐτῶν
2589 4529 2879 4602 παρεδόθη.
2916 4549 2934 4582 ι
2983 4531 3127 4583 Ἀντὶ
3167 4529 3366 4583 τούτων
3393 4531 3500 4600 γὰρ
3532 4531 3754 4601 ἀμειϐό-

2198 4640 2354 4694 μενος
2411 4623 2569 4676 αὑτὸν
2597 4625 2626 4675 6
2659 4623 2846 4693 Πατήρ
2891 4622 2988 4691 τῆς
3025 4622 3267 4692 ὑπακοῆς
3308 4622 3402 4675 καὶ
3433 4623 3527 4692 τῆς
3550 4623 3754 4694 ὑπομο-

2195 4713 2290 4784 νῆς
2309 4714 2488 4776 ἕνεκα,
2521 4712 2814 4784 δεδώρηται
2839 4712 2986 4782 αὐτῷ
3004 4712 3070 4766 τά
3099 4714 3406 4784 ἐγκείμενα.
3433 4714 3624 4782 Γέγονε
3646 4715 3754 4786 γὰρ

2195 4804 2430 4875 ὑπήκοος
2465 4803 2542 4874 τῷ
2573 4804 2744 4876 [la-cpt
2789 4803 2948 4874 μέχρι
2975 4802 3204 4857 θανάτου
3223 4821 3236 4834 ·
3276 4804 3356 4858 διὸ
3381 4806 3472 4858 καὶ
3499 4805 3755 4876 κληρονο-

2195 4893 2357 4963 μήσει
2386 4892 2632 4956 πολλοὺς,
2654 4893 2746 4945 καὶ
2765 4891 2826 4945 οὑ
2863 4891 3146 4964 πρότερον,
3168 4893 3302 4946 ἀλλά
3332 4892 3543 4964 μετὰτδ
3574 4910 3754 4964 παρα-

2189 4985 2406 5056 δοθῆναι
2432 4987 2510 5048 εἰς
2527 4985 2753 5040 θάνατον
2772 4984 2866 5057 τήν
2883 4985 3059 5056 ψυχήν
3094 4983 3281 5046 αὑτοῦ,
3317 4986 3410 5038 καὶ
3429 4985 3486 5037 ἐν
3510 4987 3622 5048 τοίς
3640 4985 3758 5039 ἀνό-

2195 5093 2313 5148 μοις
2341 5075 2674 5146 λογισθῆναι,
2705 5075 3039 5140 θεσπίζεται.
3074 5076 3171 5128 Διά
3197 5074 3370 5128 ταῦτα
3402 5075 3508 5146 γὰρ
3536 5078 3753 5146 εἴρηται

2193 5171 2618 5241 κληρονομήσειν
2635 5169 2878 5230 πολλοὺς,
2906 5167 3002 5220 καὶ⁵
3026 5166 3132 5220 τῶν
3154 5165 3390 5237 ἰσχυρῶν
3423 5167 3668 5237 μερίσειν
3688 5166 3757 5219 τά

2190 5261 2663 5332 σκῦλα.Ἡγοῦμαι
2690 5260 2745 5313 δὲ
2769 5259 3154 5330 ἀναμφιλόγως
3182 5259 3280 5329 τὴν
3311 5261 3375 5312 ἐκ
3391 5257 3600 5330 νεκρῶν
3627 5257 3758 5312 ἀνά-

2191 5373 2377 5412 στασιν
2407 5354 2501 5409 τοῦ
2534 5351 3008 5425 προφητευομένου
3027 5350 3116 5404 διὰ
3145 5351 3349 5405 τούτων
3373 5349 3753 5422 παρίστασθαι.

2190 5449 2312 5512 Πῶς
2344 5449 2453 5519 γὰρ
2483 5446 2655 5508 ἄλλως
2683 5443 2962 5513 ἐπινοῆσαι
2994 5442 3211 5496 δυνατὸν
3246 5443 3320 5506 ώς
3361 5440 3628 5514 πρόϐατον
3668 5441 3758 5493 ἐπὶ

2190 5537 2402 5608 σφαγήν
2449 5534 2701 5605 ἀχθέντα,
2753 5533 2846 5587 καὶ
2900 5532 3008 5586 ἀπὸ
3053 5533 3161 5585 τῶν
3211 5531 3449 5602 ἀνομιῶν
3496 5529 3588 5585 τοῦ
3630 5531 3759 5582 ’1ου-

2190 5626 2352 5680 δαίων
2383 5625 2513 5678 λαοῦ
2546 5623 2758 5695 θανάτῳ
2799 5622 3189 5695 παραδοθέντα,
3234 5624 3323 5676 καὶ⁹
3365 5621 3498 5694 μετά
3545 5621 3761 5690 ἀνόμων

601 5785 647 5819 ⁵⁸
675 5785 779 5841 lsa.
811 5801 928 5849 ιιιι,
958 5785 1043 5840 10.
1120 5785 1161 5816 ⁸⁸
1194 5783 1326 5839 ibid.
1361 5784 1444 5840 12.
1522 5784 1567 5815 "
1603 5782 1743 5838 Psal.
1776 5797 1833 5848 ιι,
1856 5781 1909 5834 2.
1988 5783 2030 5812 ⁵³
2065 5782 2077 5836 i

2184 5823 2192 5834 .
2229 5779 2340 5840 7,8.
2419 5778 2464 5810 ⁸⁸
2491 5779 2594 5834 lsa.
2631 5793 2702 5840 ix,
2736 5779 2787 5832 5.
2863 5779 2906 5809 ⁸⁸
2931 5775 3263 5839 Psal.].xvn.
3302 5774 3389 5831 12.
