3954 6518
144 442 233 499 183

1024 436 1676 496 DEMONSTRATIONIS
1714 438 2171 496 EVANGELICE
2212 440 2343 496 LIB.
2384 438 2474 494 Ill.

3271 444 3372 500 186

141 557 462 626 λογισθέντα,
482 561 626 629 ταφῇ
646 575 704 611 τε
729 557 1095 630 παραδοθέντα
1109 576 1123 590 ο
1142 554 1257 613 εἶτα
1278 559 1692 632 καθαριζόμενοκ

1808 557 2144 615 ὴωτθᾶὶῑοὺίι
2176 558 2397 622 multos,
2410 565 2465 613 et
2493 556 2713 612 fortium
2746 555 2949 613 dividet
2977 558 3168 628 spolia.
3191 556 3362 623 Quam

139 651 227 703 ὑπὸ
248 648 338 702 τοῦ
384 650 622 721 Κυρίου,
656 649 748 702 καὶ
788 650 902 718 φῶς
936 650 1064 720 παρ’
1099 649 1246 721 αὑτῷ
1288 650 1570 721 ὀψόμενον,
1606 652 1698 707 καὶ

138 740 563 812 κληρονομοῦντα
592 741 837 806 πολλοὺς,
865 742 958 795 καὶ
1001 740 1172 797 σκῦλα
1205 746 1315 806 τοῖς
1346 742 1561 806 οἰκείοις
1587 743 1701 796 δια-

136 832 385 899 νέμοντας
419 831 537 884 Καὶ
577 832 749 897 ἄλλως
789 832 846 886 δέ
890 833 1019 905 περὶ
1055 833 1153 903 τῆς
1185 833 1319 903 μετὰ
1350 834 1439 886 τὸν
1473 834 1699 888 θάνατον

136 922 474 987 ἀναϐιώσεως
508 923 673 976 αὐτοῦ
717 924 862 993 λέγει
902 942 1001 978 που
1044 924 1396 996 προφητεύων
1434 927 1496 978 ἐκ
1528 943 1697 998 προσ-

133 1016 264 1067 ὡπου
306 1014 403 1067 τοῦ
457 1014 697 1086 Χριστοῦ
756 1018 783 1069 δ
828 1016 1022 1070 Δαϐίδο
1065 1036 1082 1067 ι
1124 1018 1238 1070 Οὐκ
1290 1016 1697 1087 ἐγκαταλείψεις

134 1104 215 1173 τὴν
248 1104 429 1175 ψυχήν
474 1123 579 1175 μου
625 1108 704 1169 είς
732 1106 880 1178 ᾅδην,
910 1107 1029 1161 ούδέ
1057 1106 1245 1171 δώσεις
1271 1108 1413 1161 ὅσιόν
1448 1124 1537 1161 σου
1573 1109 1697 1162 ίδείν

133 1193 432 1265 διαφθοράν.
478 1216 497 1246 ι
533 1196 641 1249 Καὶ
675 1197 859 1250 πάλιν·
896 1218 914 1249 ι
948 1198 1138 1270 Κύριε,
1181 1202 1454 1271 ἀνήγαγες
1486 1201 1544 1266 ἐξ
1572 1202 1696 1273 ᾅδου

134 1289 217 1356 τὴν
245 1286 427 1358 ψυχήν
474 1307 599 1358 μου,
638 1289 847 1354 ἐσωσάς
882 1309 947 1361 με
991 1292 1098 1345 ἀπὸ
1125 1293 1231 1345 τῶν
1267 1293 1697 1347 καταϐαινόντων

134 1381 202 1442 εἰς
227 1378 448 1433 λάκκον.
497 1400 514 1431 ι
558 1381 666 1434 Καὶ
694 1382 887 1435 πάλινο
925 1402 943 1434 ι
996 1384 1053 1436 '0
1087 1384 1236 1453 ὑψῶν
1272 1402 1339 1455 με
1368 1387 1431 1438 ἐκ
1457 1384 1563 1438 τῶν
1598 1404 1698 1438 πυ-

136 1469 225 1521 λῶν
250 1471 342 1524 τοῦ
382 1471 645 1535 Θανάτου,
674 1474 821 1538 ὅπως
856 1475 921 1527 ἂν
953 1475 1249 1544 ἐξαγγείλω
1281 1477 1459 1541 πάσας
1495 1477 1591 1541 τὰς
1621 1479 1699 1529 αί-

134 1563 286 1627 νέσεις
317 1581 439 1617 σου.
489 1585 507 1616 ι
549 1565 771 1629 Τούτοις
808 1566 862 1619 δὲ
910 1569 1072 1621 πᾶσιν
1100 1568 1413 1639 ἀντιϐλέψαι
1442 1570 1697 1624 δύνασθαι

134 1652 236 1705 οὐδὲ
267 1654 396 1716 τοὺς
448 1655 655 1726 σφόδρα
705 1656 1215 1726 ἀγνωμονεστάτους
1260 1659 1515 1731 ἠγοῦμαι.
1552 1661 1698 1732 Πλὴν

134 1742 249 1795 ἀλλὰ
295 1745 400 1815 τῆς
437 1746 657 1800 Ἡσαΐου
707 1748 1040 1818 προφητείας
1084 1748 1145 1801 τὸ
1191 1749 1561 1821 συμπέρασμα
1599 1750 1696 1821 τὴν

132 1836 282 1888 πάλαι
309 1837 536 1908 στείραν
568 1839 661 1891 καὶ
687 1838 889 1908 ἔρημον
920 1837 1053 1890 Θεοῦ
1083 1838 1279 1909 ψυχὴν,
1308 1840 1339 1910 ἢ
1374 1841 1466 1893 καὶ
1498 1840 1695 1911 μᾶλλον

1804 661 1984 709 autem
2020 654 2091 708 ob
2124 668 2241 708 rem
2273 654 2377 707 lioc
2407 651 2484 707 illi
2533 650 2718 706 datum
2763 650 2869 715 sit,
2900 652 3058 706 docet
3086 650 3363 719 deinceps,

1804 745 1898 799 ubi
1926 745 2001 798 ait
2028 763 2041 799 ε
2082 763 2099 795 ι
2134 742 2241 797 Pro
2261 758 2327 797 eo
2347 741 2492 813 quod
2527 742 2724 795 tradita
2747 752 2829 797 est
2856 743 2910 795 in
2934 749 3161 796 mortem
3187 737 3363 794 ahima

1804 836 1945 905 ejus,
1979 843 2033 891 et
2057 851 2182 890 cum
2217 834 2421 905 iniquis
2446 835 2742 905 deputatus
2773 842 2856 889 est
2881 854 2893 889 :
2924 844 2979 890 et
3007 834 3121 904 ipse
3144 844 3364 903 peccata

1804 928 2097 980 multorum
2131 926 2281 990 tulit,
2318 934 2371 981 et
2408 935 2627 996 propter
2656 935 2877 996 peccata
2904 941 3092 980 eorum
3136 925 3366 981 traditus

1803 1026 1886 1071 est
1912 1016 1979 1068 ⁸⁸.
2020 1035 2039 1067 ι
2077 1014 2183 1069 Pro
2220 1016 2306 1070 his
2338 1017 2481 1071 enim
2514 1031 2870 1071 remunerans
2904 1016 3055 1068 illum
3085 1014 3265 1079 Pater,
3300 1031 3365 1070 eo

1803 1104 1949 1176 quod
1979 1104 2127 1159 dicto
2174 1106 2399 1158 audiens
2450 1104 2613 1158 fuerit
2671 1104 3117 1172 sustinueritque,
3144 1102 3366 1156 donavit

1804 1197 1954 1250 illum
1997 1196 2064 1252 iis
2087 1212 2209 1265 quae
2254 1196 2499 1265 exposita
2539 1204 2684 1250 sunt.
2723 1193 2920 1249 Factus
2948 1195 3092 1248 enim
3121 1202 3205 1249 est
3236 1195 3365 1249 obe—

1803 1289 1956 1344 diens
2005 1288 2148 1343 Patri
2207 1302 2380 1357 usque
2440 1285 2507 1339 ad
2560 1294 2825 1340 mortem:
2861 1300 3031 1355 quare
3070 1286 3364 1339 multorum

1804 1396 2019 1450 quoque
2086 1379 2457 1435 haereditatem
2511 1385 2935 1433 consecuturum
2986 1378 3138 1431 illum
3194 1377 3363 1440 canit,

1804 1488 1911 1527 non
1936 1473 2086 1543 prius
2118 1480 2301 1528 tamen
2334 1488 2495 1543 quam
2528 1473 2726 1527 tradita
2759 1471 2921 1525 fuerit
2950 1473 3129 1525 anima
3158 1470 3277 1539 ejus
3310 1470 3365 1524 in

1804 1575 2052 1630 mortem,
2085 1576 2280 1620 etcum
2308 1566 2511 1636 iniquis
2548 1567 2619 1621 sit
2654 1564 2968 1633 deputatus.
2999 1561 3224 1632 Propter
3252 1561 3365 1615 haec

1801 1657 1944 1711 enim
1961 1654 2164 1708 dictum
2180 1664 2285 1718 est,
2306 1656 2455 1709 illum
2481 1654 2924 1709 haereditatnrum
2948 1651 3168 1716 multos,
3186 1659 3240 1705 et
3257 1649 3369 1705 for-

1803 1751 1933 1801 tium
1967 1747 2267 1802 divisurum
2302 1748 2497 1816 spolia.
2538 1744 2679 1799 Puto
2726 1752 2904 1798 autem
2938 1742 3241 1797 indubitate
3279 1756 3363 1797 re-

1801 1836 2101 1891 versionem
2130 1836 2249 1904 ejus
2275 1851 2305 1889 a
2326 1834 2553 1889 mortuis
2574 1832 2863 1904 signiﬁcari
2880 1831 3077 1884 talibus
3096 1828 3362 1899 oraculis:

131 1924 217 1995 τὴν
256 1924 314 1989 ἐξ
356 1925 533 1979 ἐθνῶν
580 1928 899 1997 Ἐκκλησίαν
931 1929 1354 1998 εὐαγγελίζεται,
1396 1931 1692 1996 ἀκολούθως

1808 1927 1959 1995 101
1991 1926 2084 1996 qui
2110 1926 2253 1981 enim
2296 1924 2414 1979 ﬁeri
2464 1930 2661 1994 potest,
2700 1930 2757 1976 ut
2790 1924 2946 1976 aliter
2969 1920 3034 1976 de
3067 1936 3133 1975 eo
3164 1919 3362 1974 intelli-

132 2019 188 2083 τῇ
231 2015 436 2087 θεωρίᾳ
484 2016 592 2069 τῶν
640 2018 963 2088 εἰρημένων.
1012 2020 1225 2091 Ἐπειδὴ
1256 2022 1363 2094 γὰρ
1409 2022 1477 2076 τὰ
1523 2025 1700 2078 πάντα

132 2106 187 2156 δι’
235 2107 406 2178 αὐτὴν
459 2110 489 2160 ὁ
536 2109 769 2180 Χριστὸς
809 2109 1118 2180 ὑπέμεινεν,
1159 2113 1378 2177 εἰκότως
1428 2115 1566 2185 μετὰ
1602 2116 1700 2179 τὰς

135 2198 247 2267 περὶ
288 2199 456 2251 αὑτοῦ
488 2203 819 2271 προρρήσεις
863 2203 1111 2273 ἐπιφέρει
1156 2204 1359 2273 λέγων·
1394 2223 1411 2255 ι
1449 2207 1698 2278 Εὐφράν-

133 2288 241 2355 θητι
281 2292 473 2361 στείρα
504 2294 537 2362 ή
572 2294 632 2344 οὑ
673 2292 948 2356 τίκτουσα,
982 2295 1139 2365 ῥῆξον
1178 2298 1270 2349 καὶ
1302 2295 1492 2368 βόησον
1526 2299 1559 2367 ἡ
1599 2298 1699 2351 ούκ

133 2383 407 2436 ὠδίνουσαο
449 2387 532 2438 ὃτι
567 2386 735 2439 πολλὰ
768 2387 835 2440 τὰ
870 2388 1034 2441 τέκνα
1073 2388 1171 2459 τῆς
1204 2390 1408 2459 ἐρήμου
1439 2390 1636 2459 μᾶλλον
1663 2391 1695 2462 ἢ

133 2475 217 2542 τῆς
247 2478 481 2547 ἐχούσης
513 2478 604 2530 τὸν
636 2479 825 2550 ἄνδρα.
853 2476 986 2532 Εἴπε
1024 2481 1133 2551 γὰρ
1162 2480 1390 2550 Κύριος·
1428 2480 1698 2535 Πλάτυνον

133 2566 211 2616 τὸν
243 2569 406 2622 τόπον
433 2568 534 2637 τῆς
560 2570 763 2641 σκηνῆς
793 2588 885 2623 σου
920 2574 1013 2625 κα)⁸
1042 2572 1151 2623 τῶν
1179 2573 1413 2625 αὺλαιῶν
1441 2592 1554 2639 σου,
1593 2576 1695 2645 πῆ-

136 2656 229 2719 ξον,
273 2659 350 2729 μὴ
398 2660 562 2733 φείσῃ
594 2679 606 2690 ·
640 2662 903 2716 πλάτυνον
946 2664 1016 2716 τὰ
1060 2665 1412 2735 σχοινίσματά
1442 2684 1553 2730 σου,
1602 2671 1695 2722 καὶ

134 2749 243 2812 τοὺς
266 2751 576 2814 πασσάλους
612 2769 703 2804 σου
733 2754 1081 2825 κατίσχυσον·
1116 2756 1193 2808 ἔτι
1228 2759 1307 2820 είς
1339 2760 1403 2812 τὰ
1432 2758 1579 2824 δεξιὰ
1603 2763 1695 2815 καὶ

136 2842 205 2903 εἰς
232 2841 295 2893 τὰ
326 2844 590 2914 ἀριστερά
631 2846 947 2909 ἐκπέτασον,
981 2848 1073 2900 καὶ
1108 2848 1165 2900 τὸ
1198 2850 1415 2922 σπέρμα
1443 2870 1534 2905 σου
1567 2854 1691 2926 έθνη

138 2933 533 3005 κληρονομήσει.
571 2955 588 2986 ι
638 2937 900 2990 Ἐνταῦθα
935 2938 991 2991 δὲ
1040 2939 1135 3010 τὴν
1172 2940 1229 3005 ἐξ
1262 2942 1435 2998 ἐθνῶν
1468 2945 1695 3017 Ἐκκλη-

142 3026 243 3078 σίαν
267 3026 385 3078 καθ’
414 3026 540 3092 ὅλης
561 3027 661 3097 τῆς
691 3029 1012 3114 οἰκουμένης
1046 3030 1432 3105 ἐξηπλωμένην
1466 3037 1559 3089 καὶ
1588 3038 1705 3091 ἀπὸ·

140 3121 391 3173 ἀνατολῶν
414 3121 565 3191 ἡλίου
594 3121 757 3192 μέχρι
783 3122 999 3193 δυσμῶν
1031 3126 1458 3198 παρατείνουσαν
1484 3130 1512 3181 ὁ
1538 3130 1694 3198 λόγος

140 3211 548 3279 εὐαγγελίζεται,
588 3211 899 3281 σαφέστατα
947 3214 1105 3269 τοῦτο
1150 3219 1417 3288 παριστὰς
1442 3220 1529 3273 διὰ
1560 3222 1653 3274 τοῦ
1676 3240 1689 3253 ·

146 3322 162 3351 ι
192 3304 289 3356 Καὶ
315 3304 385 3357 τὸη
409 3306 630 3375 σπέρμα
675 3321 766 3358 σου
794 3305 917 3377 έθνη
953 3306 1367 3382 κληρονομήσει.
1400 3330 1418 3363 ι
1445 3312 1693 3379 ΙΙλείονος

142 3394 187 3445 δὲ
206 3394 515 3466 ἐξεργασίας
544 3396 811 3467 δεομένων
837 3398 943 3451 τῶν
973 3400 1113 3453 κατὰ
1139 3403 1229 3454 τὸν
1252 3403 1434 3469 τόπον,
1466 3406 1694 3477 ἀρκούν-

140 3502 233 3549 τως
274 3490 364 3541 ἐπὶ
418 3488 510 3541 τοῦ
579 3490 844 3560 παρόντος
894 3492 1046 3545 ταῦθ’
1109 3495 1237 3565 ἡμῖν
1290 3498 1689 3569 ἐπιτετμήσθω.

145 3575 352 3632 Πλεῖστα
376 3580 420 3633 δ’
450 3580 515 3633 ἂν
551 3583 645 3633 καὶ
669 3582 829 3644 αὐτὸς
854 3585 946 3636 ἐπὶ
996 3586 1189 3657 σχολῆς
1222 3589 1578 3654 ἀναλέξασθαι
1606 3592 1694 3645 δύ-

145 3687 246 3723 ναιο
281 3674 402 3743 περὶ
430 3672 525 3725 τοῦ
561 3676 937 3745 προκειμένου.
975 3676 1085 3729 Kal.
1121 3680 1153 3748 ἡ
1188 3680 1434 3749 παροῦσα
1463 3682 1519 3734 δέ
1550 3700 1693 3754 πρα-

145 3764 358 3831 γματεία
400 3765 500 3835 τῆς
541 3764 899 3837 εύαγγελικῆς
946 3768 1272 3836 ἀποδείξεως
1321 3774 1461 3827 κατὰ
1505 3775 1692 3844 καιρὸν

146 3852 328 3907 ἕκαστα
380 3854 760 3926 παραδώσεταί
814 3872 871 3908 τε
922 3858 1015 3907 καί¹
1068 3857 1413 3928 ἑρμηνεύσει.
1453 3860 1601 3924 Τέως
1636 3854 1691 3913 δὲ

147 3944 226 3997 ἐπὶ
250 3944 335 3997 τοῦ
368 3946 633 4016 παρόντος
671 3946 771 4016 τῆς
798 3946 905 3999 τῶν
948 3948 1243 4018 προφητῶν
1294 3950 1420 4019 περὶ
1460 3953 1559 4023 τῆς
1598 3952 1690 4005 τοῦ

148 4034 370 4107 ἃυτῆρος
390 4037 546 4108 ἡμῶν
576 4040 952 4109 προρρήσεως,
981 4041 1074 4093 καὶ
1098 4041 1172 4103 ὡς
1203 4044 1364 4094 πᾶσιν
1388 4043 1693 4115 ἀνθρώποις

146 4128 232 4196 τὴν
257 4129 356 4181 τῶν
390 4129 689 4199 μελλόντων
720 4130 935 4199 ἀγαθῶν
966 4132 1260 4202 παρουσίαν
1293 4134 1689 4203 εὐηγγελίζετο,

150 4219 324 4283 ἱκανὰ
351 4221 462 4291 ἔχει
486 4222 556 4274 τὰ
581 4222 865 4292 εἰρημένα,
892 4225 1377 4294 προαναφωνοῦντα
1414 4228 1690 4297 προφήτου

148 4311 267 4375 τινὸς
289 4314 484 4382 ἄφιξιν,
518 4315 614 4366 καὶ
643 4315 919 4368 εὐσέϐειαν
948 4316 1234 4386 νομοθέτου
1265 4319 1487 4371 Μωῦσεῖ
1519 4336 1693 4390 παρα-

149 4402 365 4472 πλησίου,
396 4406 551 4472 γένος
582 4423 641 4459 τε
676 4406 859 4469 αὑτοῦ,
902 4406 993 4458 καὶ
1039 4406 1228 4476 φυλὴν,
1257 4407 1348 4459 καὶ
1385 4406 1546 4460 τόπον
1572 4408 1691 4461 ὅθεν

151 4496 523 4562 προελεύσεται,
549 4499 737 4568 χρόνον
776 4515 836 4550 τε
866 4499 989 4551 καθ’
1012 4498 1070 4551 ὃν
1098 4498 1236 4568 ἥξει,
1295 4499 1691 4570 προφητεύεται

1800 2041 2013 2096 gamus,
2047 2026 2139 2095 qui
2162 2032 2419 2095 tanquam
2445 2024 2562 2078 ovis
2602 2024 2669 2078 ad
2696 2024 3026 2079 occisionem
3056 2021 3363 2085 sitductus,

1800 2128 1853 2173 et
1900 2120 1970 2174 ab
2020 2119 2401 2188 iniquitatibus
2443 2115 2655 2171 Iudaici
2681 2116 2866 2186 populi
2893 2114 3125 2169 traditus
3175 2113 3248 2168 sit
3294 2105 3364 2166 ad

1800 2218 2049 2275 mortem,
2077 2219 2131 2264 et
2161 2225 2284 2265 cum
2322 2211 2524 2279 iniquis
2574 2209 2866 2278 deputatus
2891 2247 2905 2270 ,
2964 2206 3367 2274 sepultumque

1798 2299 2211 2355 commendatus
2247 2338 2262 2363 ,
2300 2298 2496 2353 deinde
2523 2305 2786 2367 purgatus
2826 2312 2857 2349 a
2893 2294 3168 2349 Domino?
3196 2303 3249 2349 et
3276 2294 3366 2348 lu—

1797 2406 1914 2445 cem
1941 2406 2105 2460 penes
2130 2406 2187 2445 se
2208 2390 2430 2444 visurus
2460 2389 2553 2451 sit,
2584 2395 2639 2442 et
2664 2387 2958 2439 multorum
2993 2383 3363 2439 hareditatem

1797 2488 2218 2546 consecuturus,
2245 2489 2298 2534 et
2328 2479 2444 2535 suis
2476 2479 2649 2548 spolia
2684 2477 2963 2532 divisurus
2999 2476 3022 2530 ‘2
3069 2474 3177 2529 Sed
3208 2476 3366 2530 aliter

1797 2586 2015 2642 quoque
2046 2570 2112 2625 de
2136 2571 2285 2626 illius
2312 2570 2492 2624 reditu
2522 2569 2577 2623 in
2603 2569 2791 2630 vitam,
2822 2574 2946 2636 post
2981 2572 3208 2619 mortem
3232 2563 3367 2619 dicit

1797 2666 2031 2735 quodam
2066 2666 2185 2718 loco
2222 2663 2529 2717 vaticinans
2554 2660 2721 2714 David
2750 2678 2817 2715 ex
2855 2674 3086 2731 persona
3107 2659 3308 2713 Christi
3346 2676 3359 2710 :

1802 2776 1821 2809 ι
1858 2757 1975 2811 Non
2005 2757 2281 2826 relinques
2312 2755 2550 2808 animam
2609 2770 2784 2809 meam
2837 2753 2891 2807 in
2924 2752 3159 2817 inferno,
3190 2765 3366 2819 neque

1796 2850 1952 2905 dabis
1984 2858 2233 2905 sanctum
2277 2863 2428 2903 tuum
2460 2848 2645 2903 videre
2679 2847 3086 2917 corruptionem
3119 2844 3186 2897 ⁸⁷.
3246 2859 3267 2894 ι
3300 2841 3366 2894 Et

1796 2942 1923 2996 alibi
1960 2960 2004 2996 ει
2038 2940 2283 3005 Domine,
2302 2940 2540 2995 eduxisti
2570 2939 2638 2992 ab
2662 2939 2877 2993 inferno
2904 2938 3139 2991 animam
3167 2948 3363 2997 meam,

1797 3030 2017 3086 salvasti
2067 3046 2152 3084 me
2192 3046 2223 3083 a
2273 3028 2739 3084 descendentibus
2794 3028 2849 3081 in
2897 3028 3076 3080 lacum
3116 3025 3186 3080 ⁸⁸.
3243 3043 3260 3077 ι
3298 3022 3364 3077 Et

1795 3121 1921 3175 alibi
1950 3140 1963 3176 :
1997 3138 2015 3172 ι
2050 3120 2153 3187 Qui
2179 3121 2385 3176 exaltas
2418 3135 2502 3174 me
2530 3119 2596 3174 de
2620 3120 2790 3189 portis
2824 3119 3033 3182 mortis,
3066 3123 3125 3171 ut
3150 3131 3364 3170 annun-

1796 3214 1921 3269 tiem
1974 3229 2164 3268 omnes
2230 3212 2570 3269 laudationes
2637 3212 2866 3267 tuas".
2920 3231 2939 3263 ι
2992 3211 3193 3265 Contra
3246 3223 3365 3263 om-

1795 3307 1885 3360 nia
1932 3306 2046 3361 hrec
2092 3305 2375 3360 intendere
2404 3306 2569 3358 ullam
2618 3305 2814 3367 aciem,
2850 3318 2919 3358 ne
2954 3303 3363 3357 inimicissimos

1792 3397 2012 3468 quidem
2044 3407 2204 3466 atque
2235 3396 2637 3466 ingratissimos
2655 3410 2814 3465 posse
2842 3395 3097 3448 arbitror.
3134 3392 3363 3449 Verum-

1794 3497 1972 3544 tamen
2003 3489 2124 3558 ejus
2164 3489 2457 3560 propbetize
2488 3488 2795 3551 conclusio,
2826 3489 2983 3556 cujus
3011 3495 3202 3541 auctor
3250 3484 3363 3541 lsa-

1795 3583 1897 3647 ias,
1939 3582 2178 3637 sterilem
2204 3582 2350 3635 illam
2379 3580 2654 3650 quondam
2686 3588 2740 3636 et
2766 3580 3035 3635 desertam
3065 3596 3093 3632 a
3120 3578 3229 3633 Deo
3252 3579 3364 3633 ani-

1795 3688 1958 3737 mam,
1989 3681 2082 3726 aut
2112 3674 2290 3743 potius
2316 3671 2615 3726 Ecclesiam
2657 3671 2725 3725 de
2750 3670 3003 3741 gentibus
3053 3670 3360 3732 collectam,

1795 3766 1931 3821 laetis
1967 3765 2215 3829 vocibus,
2275 3766 2533 3835 bonoque
2575 3764 2768 3818 nuntio
2801 3763 3173 3834 prosequitur,
3233 3776 3363 3817 cum

1794 3858 1901 3913 illis
1934 3858 2121 3928 utique
2144 3858 2599 3928 recordans,qu:e
2622 3857 2733 3927 jam
2768 3856 3115 3926 contemplati
3148 3869 3361 3911 sumus.

1792 3948 1926 4003 Nam
1990 3965 2112 4004 cum
2155 3958 2376 4020 propter
2396 3965 2520 4004 eam
2550 3949 2802 4004 Christus
2844 3948 3025 4001 omnia
3052 3946 3356 4015 pertulerit,

1794 4042 1988 4096 merito
2032 4051 2153 4112 post
2192 4058 2253 4096 ea
2284 4081 2301 4106 ,
2356 4056 2476 4112 quae
2505 4042 2572 4097 de
2602 4042 2694 4095 illo
2728 4040 3014 4112 praedixit,
3064 4037 3310 4107 adjungit
3339 4052 3358 4094 :

1799 4152 1818 4183 ι
1850 4131 2080 4197 Laetare,
2115 4134 2312 4202 inquit,
2350 4134 2549 4188 sterilis
2581 4148 2701 4202 quae
2730 4148 2838 4186 non
2860 4133 3031 4201 paris,
3064 4130 3363 4186 vociferare

1792 4234 1846 4279 et
1874 4225 2073 4288 clama,
2115 4240 2236 4294 quae
2268 4240 2374 4278 non
2409 4226 2648 4295 parturis
2684 4240 2696 4275 :
2747 4226 3004 4294 quoniam
3059 4225 3213 4277 multi
3264 4223 3361 4278 lilii

1792 4316 2020 4371 desertae
2050 4319 2244 4387 magis,
2275 4333 2438 4387 quam
2492 4318 2611 4386 ejus
2637 4333 2758 4388 quae
2795 4318 2957 4372 habet
2986 4318 3186 4371 virum.
3219 4316 3362 4371 Dixit

1792 4409 1936 4463 enim
1976 4409 2236 4465 Dominus
2265 4430 2279 4465 :
2316 4410 2492 4464 Dilata
2531 4411 2712 4464 locum
2747 4410 2967 4464 tentorii
3028 4410 3130 4473 tui,
3156 4418 3212 4463 et
3241 4410 3357 4477 pel-

1794 4501 1872 4555 les
1899 4500 2377 4557 tabernaeulorum
2414 4511 2629 4558 tuorum
2660 4502 2781 4571 fige,
2814 4517 2882 4555 ne
2915 4516 3146 4571 parcas:
3192 4500 3358 4554 dilata

150 4588 227 4639 καὶ
254 4590 475 4657 γένεσιν,
512 4594 608 4645 καὶ
638 4593 911 4664 τελευτὴν,
944 4596 1036 4649 καὶ
1059 4597 1369 4660 ἀναϐίωσιν,
1399 4600 1491 4652 καὶ
1521 4600 1691 4670 ἀρχὴν

1796 4592 2068 4646 funiculos
2103 4600 2246 4656 tuos,
2271 4603 2325 4647 et
2375 4593 2557 4647 clavos
2583 4604 2703 4648 tuos
2740 4593 3067 4647 corrobora:
3124 4594 3361 4662 amplius

148 4678 229 4748 τὴν
253 4682 384 4734 κατά
422 4682 639 4735 πάντων
668 4682 865 4736 ἐθνῶν*
909 4683 945 4737 ἃ
985 4685 1048 4754 δὴ
1096 4685 1268 4739 πάντα
1302 4688 1565 4759 παρέστη,
1594 4691 1688 4742 καὶ

150 4768 214 4820 ἐτι
243 4773 428 4840 μᾶλλον
449 4773 539 4827 διὰ
566 4773 670 4826 τῶν
698 4774 823 4845 ἑξῆς
856 4778 1261 4848 παραστήσεται
1296 4779 1387 4831 ἐπὶ
1414 4779 1573 4849 μόνον
1598 4780 1687 4833 τὸν

150 4860 345 4935 Σωτῆρα
376 4867 469 4919 καὶ
511 4867 711 4938 Κύριον
760 4868 915 4940 ἡμῶν
960 4874 1481 4943 συμπεπερασμένα.
1531 4874 1689 4931 Ἀλλὰ

148 4952 290 5008 ταῦτα
322 4958 418 5027 μὲν
461 4959 569 5011 ἀπὸ
608 4960 715 5013 τῶν
758 4961 915 5033 ἱερῶν
959 4962 1151 5031 λογίων
1203 4968 1313 5028 τοῖς
1345 4967 1688 5022 πιστεύουσιν

149 5045 301 5110 αὐτοῖς
333 5050 783 5121 παρατεθήσεται·
810 5055 921 5115 τοῖς
952 5052 995 5104 δ’
1020 5052 1301 5107 ἀπειθοῦσι
1331 5059 1449 5120 ταῖς
1478 5075 1687 5131 προφη-

148 5141 296 5201 rimi;
324 5141 566 5211 Γραφαῖς
611 5143 753 5206 ίδίως
787 5144 1188 5216 ἀπαντήσομεν,
1231 5148 1305 5210 ὼς
1334 5150 1462 5219 περὶ
1495 5151 1686 5223 ἀνδρὸς

151 5231 317 5294 κοινοῦ,
347 5236 440 5287 καὶ
473 5238 585 5298 τοῖς
620 5234 825 5299 λοιποῖς
855 5238 1230 5310 παραπλησίου
1263 5240 1398 5304 τέως
1429 5242 1527 5314 τὴν
1567 5244 1683 5308 ἐξέ-

150 5338 273 5379 τασιν
300 5333 637 5403 ποιούμενοι·
662 5333 768 5399 ἴνα,
793 5335 990 5389 ὁπόταν
1027 5336 1241 5389 πάντων
1277 5337 1382 5391 τῶν
1410 5339 1467 5404 ἐξ
1494 5341 1683 5405 αίῶνος

150 5413 411 5485 βοηθέντων
432 5424 491 5475 ἐν
524 5422 850 5493 ἀνθρώποις,
900 5427 1032 5480 πολὺ
1079 5428 1341 5499 κρείττων
1371 5431 1684 5504 ἀσυγκρίτῳ

149 5505 350 5582 ὑπεροχῇ
384 5514 477 5566 καὶ
514 5514 785 5587 διαφέρων
828 5518 1094 5588 ἀναφανῇ,
1135 5521 1449 5590 τοτηνικάδε
1482 5524 1576 5575 καὶ
1617 5524 1683 5578 τὰ

151 5600 363 5672 περὶτῆς
391 5604 667 5678 Θειοτέρας
698 5609 863 5661 αὑτοῦ
894 5612 1102 5679 φύσεως
1134 5614 1274 5666 κατὰ
1297 5615 1485 5684 καιρὸν
1511 5615 1683 5669 διαλά-

149 5685 315 5757 ϐωμεν,
349 5692 405 5759 ἐξ
436 5696 683 5767 ἐναργῶν
711 5696 816 5749 τῶν
842 5697 1164 5763 ἀποδείξεων
1191 5702 1579 5771 παριστῶντες,
1607 5703 1681 5765 ῶς

1792 4686 1858 4741 ad
1890 4683 2134 4740 dextram
2159 4696 2210 4742 et
2234 4686 2301 4741 ad
2331 4688 2607 4742 sinistram
2634 4685 2882 4749 extende,
2912 4694 2965 4741 et
2997 4701 3178 4741 semen
3208 4693 3359 4739 tuum

1791 4793 1979 4853 gentes
2036 4780 2373 4836 haereditabit
2400 4781 2466 4833 ‘°.
2512 4798 2531 4831 ι
2568 4779 2664 4835 llis
2714 4787 2893 4833 autem
2950 4778 3133 4833 verbis
3172 4776 3359 4832 Eccle—

1766 4877 1931 4943 osiam
1964 4875 2031 4930 de
2056 4872 2309 4945 gentibus
2342 4871 2649 4935 collectam,
2677 4881 2731 4926 et
2784 4878 2899 4924 toto
2927 4871 3056 4924 orbe
3088 4879 3355 4923 terrarum

1792 4966 2068 5030 diﬂ‘usam.
2100 4974 2153 5019 et
2186 4964 2254 5017 ab
2282 4970 2403 5016 ortu
2462 4962 2595 5017 solis
2639 4962 2706 5016 ad
2751 4976 3006 5017 occasum
3057 4968 3354 5021 extentam,

1792 5058 2074 5111 oraculum
2105 5056 2273 5111 laetari
2302 5057 2476 5124 jubet,
2504 5055 2820 5124 planissime
2844 5054 2944 5106 hoc
2970 5053 3147 5121 ipsum
3189 5051 3359 5121 signi~

1792 5151 1983 5215 ﬁcans,
2013 5150 2102 5203 ubi
2157 5152 2267 5203 ait:
2309 5167 2327 5199 ι
2366 5148 2430 5201 Ει
2458 5163 2641 5203 semen
2670 5158 2821 5200 tuum
2854 5154 3042 5215 gentes
3072 5144 3359 5198 haeredita-

1792 5241 1888 5295 bit.
1930 5261 1948 5292 ι
1983 5239 2117 5294 Cum
2148 5247 2327 5295 autem
2352 5240 2646 5308 longiorem
2671 5238 3106 5307 explanationem
3140 5234 3358 5288 deside-

1792 5342 1911 5389 rent
1930 5349 2013 5398 ea,
2043 5349 2164 5403 qua:
2190 5335 2256 5387 ad
2307 5334 2451 5386 hunc
2484 5333 2663 5385 locum
2694 5338 2962 5399 spectant,
3008 5327 3220 5382 abunde
3257 5343 3355 5381 no-

1791 5428 1874 5481 bis
1907 5426 2020 5479 haec
2043 5425 2351 5495 compendii
2389 5426 2566 5478 locum
2607 5422 2922 5491 explebunt.
2965 5418 3099 5473 Nam
3134 5426 3193 5473 tu
3216 5434 3355 5489 quo-

1787 5532 1892 5584 que
1916 5531 2011 5585 per
2037 5515 2205 5568 otium
2230 5515 2400 5566 multa
2431 5514 2586 5583 plura
2612 5512 2876 5580 colligere
2889 5509 3111 5579 poteris,
3140 5524 3262 5579 quae
3285 5509 3347 5563 ad

1789 5610 1929 5665 idem
1962 5608 2298 5679 propositum
2325 5613 2591 5675 spectent.
2624 5604 2727 5659 Sed
2747 5606 2920 5674 ipsum
2942 5618 3157 5674 quoque
3189 5617 3352 5657 evan-

1789 5703 1973 5775 gelicze
2007 5699 2490 5755 demonstrationis
2555 5699 2891 5769 propositum
2937 5696 3083 5769 quod
3115 5710 3258 5751 nunc
3292 5693 3349 5748 in

201 5848 358 5908 “lsa.
390 5854 614 5923 “11,12.
694 5856 735 5887 ⁸⁷
768 5854 910 5912 Psal.
941 5874 1028 5923 xv,
1064 5856 1149 5913 10.
1227 5860 1271 5890 "
1294 5858 1433 5916 Psal.
1459 5860 1674 5921 mm.
1756 5860 1797 5892 ”
1824 5857 1964 5913 I‘sal.
2000 5875 2074 5921 Ix,
2108 5860 2190 5913 lii.
2268 5860 2311 5889 '°
2337 5860 2435 5914 lsa.
2459 5874 2567 5923 LIV,
2600 5858 2712 5912 l-‘S.
