3954 6538
609 443 722 499 ’187

1291 445 1556 499 EUSEBII
1594 439 2068 498 CESARIENSIS
2107 442 2256 498 OPP.
2291 440 2472 495 PARS
2500 439 2564 494 ll.
2602 469 2670 478 —-
2709 435 3199 494 APOLOGETICA.

3709 432 3840 491 188

607 559 861 614 manibus
889 565 994 622 est,
1021 557 1195 613 tradet
1231 575 1330 614 suo
1357 567 1600 628 tempore
1629 566 1794 626 atque
1833 563 2141 630 interpreta-

2265 557 2366 608 οὐκ
2393 553 2732 626 ἀνθρωπείας
2763 553 2871 624 ἄρα
2901 547 2968 623 ἦν
3006 550 3220 620 φύσεως
3253 551 3286 620 ἡ
3315 548 3439 620 περὶ
3482 547 3642 602 αὐτὸν
3673 547 3841 602 δύνα-

605 650 754 705 bitur
779 649 1012 720 singula.
1059 649 1276 704 Interim
1325 663 1455 703 vero
1481 649 1624 720 quod
1673 650 1736 704 ad
1765 649 2163 720 praedictionem

605 725 1108 810 divinationemque
1163 741 1536 810 propheticam
1569 740 1636 795 de
1667 741 1948 797 Salvatore
1975 751 2162 796 nostro

603 831 856 900 pertinet,
891 829 1142 899 quodque
1174 829 1298 882 item
1325 830 1391 882 ad
1421 830 1475 884 id
1505 831 1648 900 quod
1673 846 1736 886 ea
1759 831 2038 900 praedictio
2051 845 2163 884 om-

603 937 704 977 nes
735 921 983 974 homines
1035 936 1223 974 eorum
1265 920 1528 974 bonorum
1566 922 1719 990 102
1761 922 1992 976 adventu
2027 937 2162 991 gau-

602 1012 728 1068 dere
752 1013 974 1080 jubehat
999 1026 1120 1081 quae
1149 1012 1620 1079 exspectabantur,
1650 1013 1717 1066 iis
1735 1028 1852 1081 quae
1871 1013 1984 1080 jam
2008 1011 2152 1065 dicta

601 1111 728 1156 sunt
769 1103 1011 1156 contenti
1065 1118 1186 1156 esse
1239 1117 1566 1171 possumus:
1599 1118 1718 1172 qua:
1756 1103 1973 1171 quidem
2003 1104 2160 1172 plane

493 1197 500 1202 ’
599 1197 887 1252 enuntiant
911 1197 1188 1265 propheta:
1221 1195 1504 1264 cujusdam
1538 1195 1852 1258 adventum,
1881 1205 1934 1250 et
1982 1195 2158 1266 legum

599 1289 842 1342 auctoris
867 1287 1119 1356 pietatem
1151 1288 1241 1356 qui
1273 1287 1405 1340 Mosi
1433 1287 1628 1341 similis
1666 1287 1878 1341 futurus
1908 1287 1998 1350 sit,
2033 1302 2161 1341 nec-

2273 665 2390 720 μις·
2421 641 2504 710 οἷς
2535 645 2838 708 ἀκολούθως
2866 645 2960 698 καὶ
2988 643 3058 696 τὰ
3077 643 3175 714 τῆς
3203 643 3323 698 κατ’
3345 641 3504 694 αὐτὸν
3529 639 3837 709 θεολογίας,

2267 741 2342 804 ὡς
2368 735 2478 794 οἷόν
2503 755 2562 791 τε
2589 738 2734 792 ἐστὶν
2761 739 2890 808 ἡμῖν
2911 733 3256 798 ἐποπτεῦσαι,
3287 731 3640 802 ποιησόμεθα.
3681 731 3838 784 Ἐπεὶ

2265 831 2443 884 τοίνυν
2461 830 2566 883 τῶν
2591 829 2831 883 ἀπίστων
2851 829 2899 882 oi
2929 826 3143 888 πλείους
3167 825 3336 895 γόητα
3359 823 3448 876 καὶ
3463 821 3674 876 ’πλάνον
3699 823 3840 876 ἀπο-

2265 921 2570 985 καλοῦντες,
2605 921 2698 975 καὶ
2729 920 2947 990 μυρίαις
2985 917 3170 981 ἄλλαις
3203 914 3554 986 κακηγορίαις
3591 913 3840 984 βλασφη-

2267 1013 2491 1085 μοῦντες
2531 1012 2710 1075 αὑτὸν,
2744 1009 2895 1064 οὔπω
2939 1011 3030 1064 καὶ
3076 1008 3169 1062 νῦν
3213 1007 3494 1068 παύονται,
3536 1005 3695 1076 φέρε,
3741 1003 3837 1058 καὶ

2263 1104 2400 1174 πρὸς
2439 1103 2657 1166 τούτους
2690 1100 3128 1174 ἀποκρινώμεθα,
3167 1097 3374 1152 οἴκοθεν
3416 1097 3511 1168 μὲν
3555 1095 3734 1158 οὐδὲν,
3777 1095 3836 1162 ἐξ

2263 1193 2440 1248 αὐτῶν
2466 1193 2520 1246 δὲ
2554 1193 2660 1247 τῶν
2689 1192 2852 1246 αὐτοῦ
2891 1190 3100 1260 φωνῶν,
3135 1191 3224 1244 καὶ
3263 1185 3331 1259 ἦς
3373 1187 3654 1259 παρέδωκε
3683 1185 3834 1239 διδα-

2265 1285 2490 1349 σκαλίας
2513 1287 2610 1348 τὰς
2639 1283 2964 1355 παραθέσεις
2992 1281 3320 1351 ποιούμενοι.

597 1396 706 1434 non
765 1381 1008 1449 ejusdem
1069 1397 1256 1451 genus,
1304 1388 1357 1436 et
1419 1381 1641 1446 tribum,
1694 1390 1748 1436 et
1787 1381 1962 1436 locum
2017 1381 2160 1437 unde
2203 1383 2450 1436 exiturus
2483 1419 2498 1442 ,
2549 1389 2602 1434 et
2647 1387 2856 1448 tempus
2877 1393 2998 1474 quo
3039 1385 3298 1474 venturus
3357 1375 3446 1429 sit.
3479 1371 3833 1470 Vaticinata!-

605 1477 870 1539 praeterea
894 1477 948 1525 et
977 1479 1180 1534 ortum,
1215 1481 1269 1526 et
1287 1479 1538 1532 mortem,
1593 1479 1644 1524 et
1674 1470 1904 1524 reditum
1933 1471 1988 1522 in
2009 1469 2195 1532 vitam,
2238 1475 2294 1522 et
2321 1467 2681 1538 principatum
2714 1467 2768 1518 in
2793 1465 3048 1518 omnibus
3075 1463 3346 1534 gentibus,
3375 1475 3495 1530 quae
3531 1474 3664 1514 sane
3717 1463 3831 1526 jam

597 1575 830 1616 evenere
892 1561 1116 1615 omnia:
1155 1569 1207 1615 et
1239 1561 1411 1631 magis
1465 1561 1627 1615 etiam
1688 1561 1946 1629 deinceps
1981 1574 2040 1614 ex
2081 1559 2168 1621 iis,
2212 1573 2334 1628 qua:
2393 1558 2644 1612 dicentur
2695 1555 3008 1621 constabit,
3057 1556 3110 1608 in
3170 1571 3280 1608 uno
3313 1551 3592 1606 Salvatore
3625 1565 3694 1604 ac
3721 1547 3830 1604 Do-

598 1653 749 1706 mino
785 1663 976 1707 nostro
1030 1670 1092 1708 ea
1163 1655 1322 1708 linem
1373 1655 1669 1724 accepisse.
1722 1654 1826 1708 Sed
1862 1655 1976 1708 hzec
2017 1668 2137 1722 quae
2167 1652 2234 1708 de
2271 1651 2476 1708 sanctis
2503 1650 2739 1706 oraculis
2763 1660 2984 1719 accepta
3005 1650 3187 1714 vides,
3229 1649 3296 1702 iis
3319 1647 3408 1716 qui
3439 1646 3692 1708 credunt,
3731 1660 3830 1699 ex-

595 1745 768 1814 posita
821 1753 948 1800 sunt
977 1765 990 1801 :
1023 1749 1090 1802 iis
1126 1756 1303 1800 autem
1353 1747 1446 1816 qui
1501 1761 1610 1800 non
1661 1747 1910 1810 credunt,
1945 1760 2192 1800 seorsum
2233 1746 2446 1800 obviam
2501 1745 2720 1814 scriptis
2763 1745 3092 1815 propheticis
3126 1744 3342 1806 ibimus,
3380 1753 3542 1813 atque
3605 1743 3828 1796 interim

595 1846 848 1905 tanquam
877 1835 942 1890 de
970 1837 1242 1891 communi
1269 1839 1408 1902 viro,
1446 1846 1500 1892 et
1529 1840 1620 1908 qui
1661 1839 1882 1907 reliquis
1909 1836 2070 1892 fuerit
2100 1838 2296 1893 similis
2341 1837 2682 1907 inquit-emus
2727 1858 2740 1892 :
2785 1845 2844 1890 ut
2893 1853 3014 1891 cum
3065 1837 3320 1892 omnibus
3368 1837 3460 1906 qui
3504 1850 3750 1904 unquam
3799 1850 3829 1886 α

593 1927 814 1984 condito
843 1941 956 1981 aevo
1007 1927 1146 1982 inter
1183 1927 1430 1982 homines
1468 1929 1724 1983 celebrati
1759 1929 1870 1982 sint
1900 1965 1915 1989 ,
1965 1927 2137 1982 multo
2177 1928 2522 1996 praestantior
2555 1936 2608 1980 et
2656 1925 3065 1996 incomparabili
3125 1926 3357 1995 quadam
3413 1924 3712 1980 eminentia
3745 1939 3832 1978 su'

593 2020 773 2092 perior
827 2019 1159 2087 apparuerit,
1201 2033 1322 2072 cum
1353 2035 1416 2074 ea
1442 2034 1658 2090 quoque
1700 2035 1820 2090 qua:
1863 2019 1930 2072 ad
1973 2018 2290 2072 diviniorem
2331 2018 2448 2086 ejus
2477 2025 2726 2072 naturam
2779 2025 3029 2087 spectant
3069 2025 3459 2086 pertractemus
3497 2037 3512 2070 :
3561 2023 3619 2070 et
3677 2015 3826 2086 quod

591 2104 768 2158 virtus
806 2121 926 2175 quae
965 2107 1020 2162 in
1063 2109 1154 2162 illo
1204 2118 1322 2164 erat
1373 2111 1518 2164 nulla
1572 2112 1808 2165 humana
1839 2117 2035 2166 natura
2089 2117 2381 2176 constaret,
2415 2109 2735 2165 certissimis
2775 2109 3326 2164 demonstrationibus
3354 2109 3776 2178 comprobemus
3809 2125 3824 2163 :

591 2193 782 2252 ordine
831 2197 1086 2268 deinceps
1117 2210 1395 2270 sequetur,
1429 2211 1488 2256 ut
1517 2217 1580 2256 ea
1614 2217 1978 2270 proponamus
2000 2201 2412 2271 contemplanda
2437 2216 2536 2270 pro
2565 2201 2792 2264 viribus,
2822 2215 2941 2270 quae
2994 2201 3060 2254 ad
3111 2215 3227 2254 eam
3263 2200 3604 2280 theologiam
3655 2201 3829 2269 perti-

589 2295 740 2348 nent,
771 2302 890 2356 qua:
929 2289 1078 2342 illum
1122 2291 1398 2359 complexa
1427 2299 1532 2346 est.
1579 2290 1841 2357 Quoniam
1881 2292 2045 2362 igitur
2077 2292 2250 2360 major
2301 2305 2426 2360 pars
2459 2306 2644 2344 eorum
2675 2291 2768 2360 qui
2816 2305 2924 2344 non
2971 2291 3222 2356 credunt,
3255 2299 3450 2345 vocant
3477 2292 3628 2346 illum
3681 2307 3826 2362 pra-

589 2377 926 2446 stigiatorem
981 2395 1044 2432 ac
1096 2381 1470 2448 seductorem,
1531 2385 1774 2454 aliasque
1808 2381 2232 2440 innumerabiles
2269 2382 2569 2437 calumnias
2613 2382 2668 2435 in
2699 2383 2848 2435 illum
2900 2383 3306 2438 exsecrabiliter
3355 2383 3583 2450 jactant,
3629 2399 3697 2438 ac
3757 2401 3825 2439 ne

589 2485 735 2526 nunc
769 2474 984 2542 quidem
1033 2473 1290 2530 desinunt
1329 2477 1594 2546 ejusmodi
1623 2480 1820 2547 probra
1847 2480 2176 2548 contingere,
2219 2487 2431 2548 tempus
2457 2477 2567 2546 jam
2599 2477 2812 2531 videtur
2864 2493 2985 2532 esse
3043 2485 3103 2532 ut
3138 2481 3298 2534 etiam
3331 2479 3452 2534 istis
3479 2481 3818 2549 respondea—

589 2579 731 2626 mus,
769 2565 836 2619 de
888 2575 1075 2622 nostro
1125 2570 1342 2638 quidem
1389 2571 1525 2625 nihil
1555 2573 1865 2638 aﬂerentes,
1925 2574 2020 2628 sed
2049 2573 2116 2628 de
2160 2571 2408 2628 doctrina
2443 2588 2603 2642 quam
2635 2573 2750 2642 ipse
2797 2572 3090 2643 publicavit
3123 2583 3496 2641 assumentes,
3535 2576 3682 2645 quod
3731 2577 3822 2630 hic

589 2671 948 2725 apponamus.

585 2769 674 2823 Ill.
705 2770 965 2826 Adversus
1001 2789 1088 2827 eos
1118 2775 1207 2843 qui
1235 2775 1500 2856 Cﬁristum
1523 2778 1614 2832 Dei
1635 2779 1956 2834 seductorem
1974 2781 2138 2850 fuisse

2241 2774 2310 2828 l".
2346 2771 2500 2840 Πρὸς
2522 2771 2661 2837 τοὺς
2684 2769 3355 2856 πζίνάνονρπειξηὲρότςις
3378 2777 3679 2847 γεγονέναι
3709 2783 3820 2838 τὸν

1193 2847 1521 2899 existimant.

654 2929 1030 3002 lnterrogandi
1067 2935 1230 3004 igitur
1250 2945 1399 3001 sunt,
1437 2954 1565 2992 num
1591 2941 1716 3008 quis
1745 2955 1982 3010 unquam
2003 2942 2142 2996 alius

588 3022 714 3075 huic
745 3023 938 3080 similis
971 3025 1229 3080 seductor
1259 3044 1324 3082 ex
1357 3029 1604 3086 historiis
1635 3032 1878 3102 ipsorum
1909 3033 2142 3102 proferri

587 3116 782 3182 possit,
811 3116 904 3186 qui
935 3119 1392 3189 mansuetudinis,
1411 3125 1719 3191 probitatis,
1749 3127 2140 3195 temperantiae,

584 3207 872 3276 omnisque
897 3209 1119 3278 reliqua:
1160 3213 1376 3269 virtutis
1420 3215 1486 3270 iis
1534 3231 1672 3285 quos
1719 3219 1992 3274 seduxerit
2029 3237 2144 3276 ma-

584 3299 754 3368 gister
782 3307 835 3353 et
864 3309 1056 3354 auctor
1086 3306 1353 3359 exstiterit
1380 3326 1393 3361 :
1430 3315 1484 3362 et
1511 3318 1690 3364 utrum
1715 3311 1796 3366 fas
1823 3313 1895 3368 sit
1947 3314 2013 3370 iis
2043 3330 2144 3369 no-

583 3389 823 3444 minibus
857 3405 1052 3446 vocare
1078 3409 1221 3447 eum:
1259 3397 1352 3464 qui
1383 3413 1452 3452 ne
1482 3399 1682 3454 intueri
1748 3402 1966 3470 quidem
2017 3421 2141 3459 mu-
2219 3463 2221 3465 .

581 3479 770 3533 lierem
803 3495 926 3536 cum
955 3485 1216 3552 petulanti
1250 3488 1548 3555 cupiditate
1595 3493 1888 3559 permittit:
1922 3501 1976 3548 et
2011 3511 2139 3550 num

582 3567 630 3622 is
682 3570 956 3634 seductor,
989 3573 1080 3641 qui
1121 3589 1392 3630 summum
1451 3579 1806 3650 philosophiae
1867 3582 2138 3655 fastigium

581 3659 914 3726 tradiderit,
979 3665 1388 3738 discipulosque
1442 3685 1572 3724 suos
1634 3673 1928 3739 docuerit,
1993 3692 2140 3746 qua:-

581 3768 794 3822 cunque
862 3756 1196 3824 possideant}
1238 3760 1416 3822 bona,
1495 3763 1861 3832 indigentibus
1939 3769 2140 3838 imper—

583 3842 696 3904 tiri,
737 3849 790 3896 et
839 3843 1042 3898 laboris
1094 3846 1332 3900 studium
1406 3863 1471 3903 ac
1507 3851 1914 3908 beneﬁcentiam
1983 3857 2137 3927 103

581 3931 798 4000 plurimi
864 3934 1040 3989 facere
1098 3955 1113 3988 :
1173 3945 1226 3990 et
1277 3945 1454 3992 utrum
1510 3941 1762 3998 seductor
1817 3946 1882 4007 is,
1942 3949 2034 4015 qui
2083 3949 2135 4001 in

579 4023 926 4080 multitudine
980 4027 1230 4094 populari
1279 4067 1295 4092 ,
1350 4031 1402 4082 in
1444 4032 1653 4099 plebeio
1717 4034 2136 4106 turbulentoque

577 4126 742 4180 grege
770 4115 970 4166 versari
1003 4117 1272 4183 prohibet,
1309 4121 1482 4172 solum
1513 4128 1690 4176 autem
1727 4137 1908 4177 rerum
1937 4125 2138 4180 divina-
2163 4147 2205 4204 ο

577 4217 696 4256 rum
727 4203 967 4258 studium
1001 4220 1097 4260 sua
1138 4207 1388 4262 doctrina
1437 4213 1798 4265 commendat.
1835 4213 1940 4278 Qui
1973 4231 2136 4284 porro

575 4290 691 4345 lieri
724 4299 923 4360 potest.
959 4303 1018 4346 ut
1065 4295 1110 4348 is
1156 4295 1350 4350 merito
1389 4299 1702 4352 nominetur
1734 4299 2010 4366 seductor,
2040 4302 2132 4370 qui

571 4389 626 4436 et
672 4381 742 4436 ab
782 4383 928 4437 omni
981 4385 1266 4440 mendacio
1306 4387 1598 4453 deterreat,
1644 4399 1697 4444 et
1741 4391 1807 4444 ad
1851 4395 2132 4448 veritatem

571 4483 765 4542 praeter
788 4485 980 4528 cuncta
1011 4477 1114 4530 alia
1143 4479 1572 4548 amplectendam
1597 4483 1953 4540 adhortetur?
1982 4493 2039 4538 ut
2065 4502 2132 4540 ne

563 4561 690 4629 jure
735 4563 952 4632 quidem
993 4566 1228 4634 juraudo
1279 4570 1407 4622 velit
1454 4587 1553 4625 nos
1604 4573 1884 4643 indigere?
1927 4584 2131 4646 quanto

567 4661 746 4706 autem
793 4657 972 4710 minus
1018 4659 1292 4726 perjurio?
1325 4683 1342 4711 ι
1373 4661 1453 4715 Sit
1497 4664 1640 4717 enim
1688 4681 1866 4720 sermo
1903 4677 2124 4726 vester:

571 4738 686 4803 Est,
717 4750 800 4796 est
829 4761 841 4796 :
869 4759 995 4806 non,
1033 4762 1140 4800 non
1165 4749 1206 4778 ⁸³
1235 4767 1246 4801 :
1286 4767 1304 4799 ι
1343 4757 1395 4802 ct
1423 4752 1552 4818 quid
1583 4768 1665 4806 me
1691 4753 1844 4822 plura
1877 4757 2128 4826 colligere

565 4839 800 4902 Oportet,
839 4849 961 4888 cum
995 4852 1058 4890 ex
1094 4838 1183 4900 iis,
1215 4855 1337 4908 qua:
1371 4840 1480 4908 jam
1515 4843 1658 4897 dicta
1693 4853 1840 4909 sunt,
1873 4848 2031 4914 plane
2065 4850 2128 4902 li-

563 4931 683 4979 ceat
714 4923 946 4990 discere,
978 4930 1252 4998 quodnam
1285 4933 1446 4990 fuerit
1474 4935 1592 5004 ejus
1627 4939 1936 5006 reipublicae
1967 4939 2126 4994 insti~

561 5021 759 5080 tutum,
795 5033 916 5086 qua:
962 5021 1030 5074 ab
1077 5022 1170 5076 illo
1200 5024 1342 5078 inter
1375 5027 1620 5083 homines
1651 5031 1716 5084 ad
1755 5031 1878 5084 vitae
1915 5031 2123 5086 utilita-

561 5114 664 5160 tem
689 5107 1040 5164 disseminata
1073 5115 1194 5168 est?
1221 5131 1286 5170 ex
1315 5133 1442 5187 qua,
1476 5135 1582 5174 non
1619 5121 1776 5176 modo
1820 5139 1927 5178 non
1960 5125 2122 5178 sedu-

560 5205 792 5264 ctorem,
819 5202 910 5255 sed
943 5219 1067 5258 vere
1095 5205 1334 5262 divinum
1357 5212 1662 5278 quemdam,
1694 5221 1748 5268 et
1781 5214 1975 5268 divinae
2011 5217 2122 5286 pie-

557 5293 829 5358 tatemque
859 5293 1116 5362 amplexae
1149 5297 1523 5370 philosophia},
1569 5319 1677 5358 non
1720 5307 2027 5362 communis
2058 5309 2122 5361 il-

555 5377 659 5432 lius
711 5389 763 5434 et
814 5385 1055 5454 vulgaris
1107 5388 1574 5456 introductorem.
1633 5399 1813 5452 omnis
1872 5400 2118 5454 veritatis

2727 2841 2986 2908 Χριστὸν
3015 2843 3120 2897 τοῦ
3155 2841 3324 2898 Θεοῦ.

2314 2933 2575 2986 Πευστέον
2616 2931 2678 3004 δὴ
2750 2932 2926 2986 αὐτῶν
2983 2933 3162 2988 εἴποτὲ
3215 2953 3299 2999 τις
3361 2939 3516 3002 ἄλλος
3571 2943 3816 3010 τοιοῦτος

2243 3025 2439 3088 πλάνος
2466 3024 2737 3095 ἱστόρηται
2765 3025 3085 3095 πραότητος,
3117 3027 3210 3079 καὶ
3255 3029 3568 3095 ἐπιεικείας,
3597 3051 3817 3108 σωφρο-

2243 3117 2407 3186 σύνης
2457 3133 2516 3170 τε
2575 3117 2666 3170 καὶ
2709 3117 2808 3186 τῆς
2863 3117 3024 3187 ἄλλης
3068 3118 3266 3190 ἀρετῆς
3313 3122 3628 3189 διδάσκαλος
3697 3133 3816 3194 τοῖς

2243 3207 2617 3278 ἀπατωμένοις
2660 3207 2894 3277 γεγονὼς
2943 3209 3140 3273 αἴτιος·
3189 3213 3281 3264 καὶ
3333 3216 3380 3268 εί
3429 3214 3647 3286 θεμιτὸν
3697 3221 3814 3274 τού-

2241 3317 2353 3363 τοις
2399 3300 2692 3354 ἀποκαλεῖν
2745 3303 2854 3364 τοῖς
2907 3303 3131 3374 ὀνόμασι
3185 3309 3274 3358 τὸν
3335 3307 3466 3378 μηδὲ
3517 3309 3814 3378 ἐμϐλέπειν

2245 3391 2378 3462 μετά
2448 3391 2739 3462 ἐπιθυμίας
2777 3393 3074 3448 ἀκολάστου
3123 3394 3364 3462 γυναιξὶν
3407 3399 3810 3471 ἐπιτρέψαντα,-

2242 3482 2334 3534 καὶ
2383 3483 2429 3533 εί
2481 3481 2676 3544 πλάνος
2717 3483 2745 3534 ό
2794 3480 2892 3552 τὴν
2942 3485 3020 3545 είς
3067 3483 3232 3553 ἄκρον
3275 3485 3547 3555 παραδοὺς
3587 3489 3811 3556 φιλοσο-

2241 3573 2367 3642 φίαν
2400 3575 2456 3626 ὲν
2480 3573 2556 3644 τῷ
2583 3574 2707 3632 τοὺς
2737 3573 2992 3644 φοιτητὰς
3025 3575 3293 3628 παιδεύειν
3323 3577 3428 3628 τῶν
3457 3578 3811 3650 ὑπαρχόντων

2239 3661 2437 3714 ὲνδεέσι
2483 3665 2774 3724 κοινωνεῖν,
2821 3664 2913 3715 καὶ
2951 3663 3011 3715 τὸ
3044 3663 3322 3730 φιλόπονον
3368 3667 3460 3718 καὶ
3495 3672 3811 3724 κοινωνικὸν

2239 3752 2366 3824 περὶ
2401 3751 2592 3805 πολλοῦ
2626 3752 2885 3806 τίθεσθαι·
2915 3753 3008 3806 καὶ
3047 3755 3095 3806 εί
3141 3755 3336 3818 πλάνος
3379 3757 3407 3808 ὁ
3457 3757 3553 3828 τῆς
3601 3761 3810 3832 πανδή-

2241 3861 2362 3913 μου,
2402 3844 2496 3896 καὶ
2533 3843 2806 3912 ἀγελαίου,
2850 3845 2943 3898 καὶ
2985 3843 3318 3916 Θορυὸῶδους
3371 3849 3652 3911 συνουσίας
3681 3851 3808 3904 ἀνε-

2237 3933 2454 4004 γείρων,
2479 3933 2740 3987 διδάσκων
2771 3934 2826 3987 δὲ
2855 3935 3018 4004 μόνην
3057 3934 3393 3999 ἀσπάζεσθαι
3432 3939 3528 4008 τὴν
3567 3942 3694 4010 περὶ
3735 3944 3808 3996 τὰ

2238 4023 2354 4078 θεῖα
2379 4025 2531 4092 λόγια
2563 4026 2776 4096 σχολήν.
2817 4026 2874 4078 '0
2923 4026 2980 4079 δὲ
3015 4028 3211 4092 παντὸς
3253 4030 3351 4099 μὲν
3403 4031 3633 4099 ψεύδους
3663 4035 3805 4090 ἀπο-

2237 4117 2470 4184 τρέπων,
2509 4118 2605 4187 τὴν
2640 4118 2685 4170 δ’
2725 4117 2976 4188 ἀλήθειαν
3024 4119 3126 4188 πρὸ
3163 4123 3360 4185 παντὸς
3396 4126 3558 4196 τιμᾷν
3595 4143 3802 4197 παραι-

2237 4205 2360 4258 νῶν·
2385 4207 2458 4270 ὼς
2491 4208 2609 4278 μηδ’
2631 4207 2880 4278 εὐορκίας
2907 4209 3132 4272 δεῖσθαι,
3169 4212 3359 4265 πολλοῦ
3387 4214 3468 4268 δεῖ
3498 4217 3800 4289 ἐπιορκεῖν·

2241 4314 2259 4346 ι
2288 4297 2464 4350 Ἔστω
2493 4299 2599 4370 γὰρ
2637 4299 2787 4369 ὑμῶν
2831 4298 2891 4351 τὸ
2921 4301 3027 4352 Ναὶ
3070 4303 3176 4364 ναὶ,
3214 4305 3274 4357 τὸ
3309 4305 3367 4359 οὓ
3403 4305 3482 4358 ού·
3525 4327 3543 4359 ι
3579 4309 3696 4373 πῶς
3735 4311 3804 4364 ἂν

2235 4387 2430 4455 πλάνος
2463 4391 2682 4455 ἐνδίκως
2714 4391 3071 4464 ὁνομασθείη;
3106 4397 3214 4448 Καὶ
3251 4397 3302 4448 τί
3339 4415 3403 4466 με
3436 4399 3538 4470 χρὴ
3579 4401 3804 4456 πλείονα

2231 4480 2324 4534 νῦν
2379 4481 2574 4550 λέγειν,
2621 4485 2792 4555 παρὸν
2831 4489 2894 4540 ἐκ
2948 4488 3052 4540 τῶν
3105 4488 3335 4558 πρόσθεν
3373 4491 3674 4562 εἰρημένων
3713 4495 3802 4557 τίς

2231 4588 2360 4624 ποτε
2401 4569 2468 4643 ἦν
2507 4574 2703 4646 τρόπος
2739 4577 2940 4644 γνῶναι
2979 4577 3077 4646 τῆς
3112 4579 3202 4630 ὑπ’
3233 4579 3396 4632 αὐτοῦ
3427 4584 3802 4652 κατασπαρεί-

2231 4682 2329 4738 σης
2351 4666 2426 4735 τῷ
2449 4665 2546 4736 βίῳ
2579 4666 2866 4729 πολιτείας,
2889 4668 2980 4736 ἀφ’
3012 4663 3078 4740 ἦς
3105 4669 3200 4738 ούχ
3230 4669 3377 4734 ὅπως
3402 4672 3616 4736 πλάνον,
3655 4674 3800 4728 ἀλλά

2227 4775 2344 4810 τινα
2373 4757 2511 4810 θεῖον
2535 4757 2608 4820 ὡς
2636 4757 2866 4828 ἀληθῶς,
2903 4759 2994 4812 καὶ
3036 4759 3205 4824 θείας,
3242 4762 3333 4812 καὶ
3368 4763 3642 4827 εὐσεϐοῦς,
3676 4766 3796 4818 ἀλλ’

2226 4851 2286 4903 οὐ
2320 4849 2416 4920 τῆς
2457 4849 2640 4918 κοινῆς
2681 4851 2774 4902 καὶ
2815 4849 3090 4920 πανδήμου
3141 4852 3452 4922 φιλοσοφίας
3495 4857 3795 4927 εἰσηγητὴν

2226 4941 2332 5004 πᾶς
2369 4943 2398 4991 ὁ
2448 4940 2743 5012 φιλαλήθης
2779 4942 2938 4994 αὐτὸν
2985 4943 3310 5016 ὁμολογήσαι
3348 4945 3446 5010 av;
3505 4945 3606 4998 Τὸν
3659 4947 3794 5014 γοῦν

2225 5035 2336 5105 βίον
2366 5035 2472 5088 τῶν
2503 5035 2665 5090 πάλαι
2694 5035 2957 5104 θεοφιλῶν
2997 5035 3261 5106 Ἐϐραίων
3293 5037 3390 5108 ἤδη
3437 5055 3550 5100 πως
3595 5035 3655 5102 ἐξ
3695 5039 3794 5091 άν-

2225 5125 2452 5197 θρώπων
2501 5126 2811 5180 ἀπολωλότα
2868 5127 3026 5197 μόνος
3071 5129 3532 5199 ἀνανεωσάμενος,
3569 5131 3670 5183 οὐκ
3705 5133 3792 5196 είς

2224 5219 2442 5290 βραχεῖς
2483 5221 2576 5274 καὶ
2621 5221 2888 5290 μετρίους,
2943 5219 3053 5272 ἀλλ’
3085 5223 3164 5282 εἰς
3201 5221 3317 5273 ὅλον
3351 5221 3670 5290 ὲφαπλῶσαι
3695 5224 3789 5278 τὸν

2221 5313 2422 5382 κόσμον
2452 5311 2821 5364 ἀποδέδεικται
2860 5311 2946 5364 διὰ
2977 5311 3068 5364 τοῦ
3111 5311 3324 5382 πρώτου
3359 5314 3788 5385 συγγράμματος

2219 5406 2314 5475 τῆς
2345 5405 2622 5476 παρούσης
2652 5404 2977 5466 ὑποθέσεως
3012 5405 3078 5457 δι’
3107 5399 3167 5457 οὗ
3197 5407 3456 5475 πάρεστιν
3481 5405 3788 5476 ἀνθρώποις

553 5477 764 5522 amator
811 5473 882 5526 sit
916 5475 1290 5535 confessurus.
1348 5481 1480 5536 Nam
1535 5487 1678 5556 quod
1731 5489 1862 5544 illud
1902 5491 2114 5545 vivendi

2241 5497 2312 5548 μπὶ
2336 5497 2563 5567 σπείρας
2599 5499 2710 5558 τοῖς
2743 5495 2862 5548 καθ’
2897 5496 3023 5567 ὅλης
3065 5498 3162 5567 τῆς
3197 5499 3516 5570 οἰκουμένης
3554 5500 3643 5552 τὸν
3675 5502 3785 5555 τῶν

553 5555 903 5648 institutum,
973 5581 1080 5636 quo
1143 5569 1490 5628 Hebrteorum
1552 5555 1954 5648 antiquissimi,
2013 5581 2108 5638 Dei

509 5660 520 5672 ·
553 5647 732 5714 amici,
773 5649 873 5704 viri
920 5657 1234 5728 utebantur,
1267 5666 1518 5736 quodque
1545 5667 1656 5738 jam
1691 5687 1756 5726 ex
1799 5672 2107 5731 hominibus

621 5799 662 5830 ⁶¹
715 5801 902 5860 Matth.
931 5823 981 5860 ν.
1023 5810 1110 5866 57.

2217 5587 2475 5658 θεοφιλῶν
2503 5587 2721 5640 ἐκείνων
2751 5589 2892 5658 ἀμφὶ
2911 5590 3000 5642 τὸν
3033 5590 3279 5662 Ἀϐραὰμ
3305 5591 3527 5663 μυρίους
3547 5610 3606 5645 τε
3627 5593 3784 5657 ὅσους

2217 5677 2460 5752 ζηλωτὰς
2490 5677 2588 5730 οὐκ
2619 5675 2678 5741 ἐξ
2716 5677 2976 5748 Ἑλλήνων
3005 5679 3180 5750 μόνον,
3212 5682 3342 5734 ἀλλά
3373 5683 3463 5736 καὶ
3493 5683 3784 5756 βαρϐάρων
