3954 6518
3681 429 3804 486 192

554 600 653 641 nes
678 581 934 647 efﬁciant,
967 594 1097 636 suos
1118 579 1295 648 palam
1326 576 1583 642 instituit,
1618 576 1810 632 dicens
1835 594 1850 631 :
1880 593 1899 628 ι
1927 574 2114 630 Estote
2142 625 2148 639 ί

2258 593 2289 639 ς
2319 573 2483 638 εἰκὸς.
2514 575 2571 642 ἐξ
2607 574 2764 647 ἡμῶν
2803 571 3141 642 ἀφελόμενοι,
3177 561 3298 618 ἐπεὶ
3339 564 3431 614 καὶ
3471 556 3590 628 μεθ’
3629 557 3806 626 ἡμᾶς

554 669 805 748 perfecti,
833 673 974 727 sicut
1003 647 1166 724 Pater
1191 677 1368 724 vester
1388 667 1662 738 perfectus
1700 675 1786 722 est
1805 667 1872 722 ".
1902 685 1922 718 ι
1954 663 2109 732 Quod

2258 667 2464 736 εγόνασι
2485 670 2598 730 τοῖς
2627 666 2853 737 χρόνοις,
2887 663 3029 731 λέγω
3074 660 3130 714 δὲ
3172 653 3306 748 μετᾷ
3335 652 3432 748 ’γὴν
3479 647 3808 748 73-9-0555)?-

555 735 604 823 ἐι
654 766 776 836 quis
822 763 1131 818 Graecorum
1186 761 1299 815 haec
1347 758 1730 830 reprehendat,
1777 759 1824 812 is
1874 757 2010 813 sciat
2054 772 2113 812 se

2258 762 2387 831 ,ἐνην
2413 762 2546 831 ἡμῖν
2701 757 2792 811 τοῦ
2820 756 3067 827 Σωτῆρος
3099 751 3253 824 ἡμῶν
3287 743 3653 807 διδασκαλίαν,
3703 735 3808 794 οἷα

549 465 651 520 191
1209 457 1477 515 EUSEBII
1516 455 1994 513 CESARIENSIS
2024 454 2174 512 OPP.
2213 455 2389 512 PARS
2420 457 2488 512 ll.
2525 487 2596 498 —
2631 444 3126 512 APOLOGETICA.

555 859 719 911 etiam
755 853 1176 926 praeceptoribus
1211 851 1328 906 suis
1349 849 1620 904 contraria
1647 848 1866 910 sentire,
1903 847 1996 917 qui
2035 846 2115 900 vi-

2217 849 2281 922 δὴ
2311 852 2599 923 ἐγγράφως
2621 849 2950 922 ὡμολόγουν.

558 949 774 1009 delicet,
816 954 873 1000 ut
921 959 1018 1015 par
1056 953 1158 1006 est,
1220 943 1386 996 multa
1440 957 1470 996 a
1513 942 1670 996 nobis
1725 941 1880 996 utilia
1921 939 2122 1005 edocti,
2151 943 2352 1013 quippe
2398 946 2491 1015 qui
2534 945 2693 1000 nobis
2752 945 2914 998 etiam
2950 949 3190 1007 tempore
3254 935 3455 990 fuerint
3511 929 3812 1004 posterio-

557 1058 666 1105 res,
703 1041 826 1095 dico
861 1048 1038 1092 autem
1064 1051 1127 1091 ea
1153 1035 1404 1091 doctrina
1425 1049 1546 1105 quae
1577 1035 1734 1090 nobis
1764 1049 1794 1088 a
1835 1032 2116 1087 Salvatore
2149 1043 2340 1091 nostro
2360 1041 2614 1108 exposita
2639 1045 2744 1102 est,
2770 1035 3026 1106 audijam
3057 1046 3202 1086 nunc
3242 1030 3422 1100 qualia
3484 1027 3614 1090 sitit,
3667 1036 3812 1095 qua:

559 1137 765 1205 scripto
796 1133 1087 1187 fateantur.

563 1249 720 1323 105
738 1245 1042 1323 Quonnihi‘l
1063 1258 1241 1323 earnm
1255 1258 1370 1310 qua:
1385 1239 1449 1295 de
1467 1249 1607 1323 terra
1621 1239 2120 1323 prodetfnt,_oportet

632 1311 834 1374 ἷιῖηιὶιιο
869 1316 974 1368 Deo
1006 1312 1274 1382 incendere
1303 1323 1395 1364 aut
1429 1312 1753 1382 sacriﬁcare.
1784 1311 1865 1364 Ea:
1892 1311 2125 1381 Porphy-

631 1391 712 1444 rio
739 1387 813 1441 De
846 1385 1165 1440 abstinentia
1193 1381 1257 1435 ab
1285 1382 1556 1436 animatis.

636 1514 657 1548 ι
698 1497 806 1550 Deo
851 1509 1086 1556 summo,
1135 1493 1276 1547 sicut
1311 1490 1532 1560 quidam
1570 1489 1654 1544 vir
1697 1490 1917 1560 sapiens
1964 1489 2124 1555 dixit,

564 1587 700 1643 nihil
737 1601 924 1642 eorum
957 1600 1076 1655 qua:
1117 1583 1184 1636 ad
1221 1599 1417 1639 sensus
1462 1583 1733 1653 pertinent
1775 1583 1890 1637 sive
1933 1581 2125 1635 incen-

564 1679 775 1740 dentes,
819 1678 933 1732 sive
967 1675 1380 1731 denominantes
1424 1675 1582 1745 (nihil
1614 1674 1760 1728 enim
1798 1680 1884 1727 est
1912 1686 2126 1736 eorum,

566 1785 687 1841 quae
714 1768 940 1822 materia
971 1776 1247 1832 constant,
1273 1765 1418 1837 quod
1445 1780 1551 1820 non
1578 1766 1827 1836 protinus
1859 1765 1906 1819 ei
1935 1763 2005 1818 sit
2035 1763 2132 1816 im-

2227 1217 2346 1272 Ὄτι
2378 1216 2558 1270 οὐδὲν
2585 1215 2702 1269 τῶν
2725 1215 2843 1270 ἀπὸ
2869 1214 2984 1284 τῆς
3009 1212 3123 1282 χρὴ
3155 1210 3234 1276 τῷ
3254 1209 3367 1284 Δἐπέ
3399 1207 3638 1284 πάντων

2301 1289 2438 1342 οὔτε
2483 1285 2697 1356 θυμιᾷν
2725 1280 2887 1339 οὔτε
2907 1280 3090 1356 θύειν.
3109 1280 3118 1356 ς
3132 1281 3272 1336 Ἀπὸ
3297 1280 3414 1334 τῶν

2300 1357 2440 1426 Περὶ
2469 1353 2754 1426 ἐμψύχων
2781 1353 3019 1424 ἀποχῆς
3047 1353 3146 1422 (1).

2305 1490 2323 1522 ι
2355 1469 2471 1540 Θεῷ
2515 1470 2610 1540 μὲν
2647 1467 2722 1540 τῷ
2761 1467 2854 1521 ἐπὶ
2895 1468 3078 1530 πᾶσιν,
3118 1465 3192 1528 ῶς
3229 1479 3313 1524 τις
3343 1457 3482 1532 ἀνὴρ
3521 1463 3686 1530 σοφὸς
3724 1461 3810 1529 (2)

3449 1280 3811 1348 Πφφυρίου

2233 1566 2334 1635 ἔφη
2354 1606 2368 1629 ,
2406 1564 2566 1634 μηδὲν
2594 1562 2701 1615 τῶν
2733 1559 3002 1632 αἰσθητῶν
3038 1558 3172 1630 μήτε
3205 1555 3419 1617 θύοντες
3450 1553 3570 1623 μήτ’
3607 1555 3818 1606 ἐπονο-

2232 1658 2514 1730 μάζοντες,
2552 1653 2721 1726 (οὐδὲν
2758 1652 2865 1724 γὰρ
2900 1650 3102 1714 ἐνυλον,
3143 1649 3172 1702 ὃ
3221 1649 3294 1721 μὴ
3335 1647 3411 1719 τῷ
3449 1645 3596 1717 ἀῦλῳ
3634 1644 3815 1708 εὐθύς

2235 1753 2379 1804 ἐστιν
2422 1747 2746 1817 ἀκάθαρτον.
2784 1744 2874 1796 Διὸ
2915 1742 3035 1796 οὐδὲ
3077 1740 3229 1810 λόγος
3272 1738 3418 1809 αὐτῷ
3455 1736 3564 1791 οὔθ’
3593 1739 3624 1790 6
3655 1738 3817 1791 κατὰ

568 1861 855 1926 mundum,
892 1859 985 1929 qui
1017 1875 1212 1930 expers
1243 1867 1328 1914 est
1360 1859 1539 1912 omnis
1564 1858 1821 1912 materiae.
1854 1854 2033 1922 Quare
2063 1869 2132 1909 ne

2258 1841 2414 1911 ρωνὴν
2446 1841 2659 1902 οἰκεῖος,
2713 1834 2823 1889 οὗθ’
2860 1837 2888 1888 6
2927 1833 3091 1896 ἔνδον,
3127 1832 3200 1885 ὅτ’
3231 1831 3296 1884 ἂν
3343 1831 3503 1884 πάθει
3551 1828 3744 1899 ψυχῆς

570 1952 795 2006 verbum
825 1950 1042 2021 quidem
1078 1951 1268 2015 ullum,
1305 1950 1420 2005 sive
1453 1949 1506 2004 id
1533 1949 1706 2016 dicas,
1737 1948 1882 2019 quod
1920 1948 1974 2001 in
2001 1961 2133 2001 voce

2258 1931 2689 2006 ιεμολυσμένος·)
2718 1929 2807 1982 διὰ
2841 1928 2897 1980 δὲ
2931 1925 3087 1995 σιγῆς
3117 1924 3362 1998 καθαρᾶς
3389 1923 3481 1977 καὶ
3517 1921 3626 1974 τῶν
3670 1920 3816 1992 περὶ

572 2042 847 2107 consistit,
891 2042 1007 2098 sive
1052 2041 1106 2097 id
1152 2041 1295 2112 quod
1341 2041 1672 2096 intrinsecus
1714 2039 1923 2109 concipi
1973 2039 2131 2103 solet,

573 2147 697 2188 cum
731 2133 898 2187 animi
929 2133 1110 2202 aliquo
1136 2133 1270 2186 vitio
1307 2139 1393 2188 est
1425 2130 1875 2192 contaminatum,
1903 2129 1979 2182 illi
2003 2142 2136 2182 con-

573 2225 798 2295 veniat),
837 2225 930 2280 sed
961 2225 1176 2279 silentio
1207 2239 1364 2294 puro,
1398 2225 1658 2294 purisque
1687 2222 1753 2277 de
1784 2222 1902 2292 ipso
1929 2221 2137 2290 cogita-

575 2316 814 2372 tionibus
830 2317 980 2370 illum
998 2319 1261 2372 colamus.
1281 2317 1505 2385 Oportet
1524 2315 1690 2384 igitur
1711 2313 1786 2368 illi
1815 2313 2137 2382 coniunctos

572 2405 892 2476 similesque
923 2406 1116 2470 factos,
1148 2405 1288 2460 hanc
1315 2405 1439 2460 vitae
1485 2414 1688 2460 nostra:
1731 2402 1995 2456 rationem
2029 2401 2139 2457 Deo

2239 2027 2401 2084 αὑτοῦ
2423 2023 2674 2095 καθαρῶν
2696 2018 2908 2074 ὲννοιῶν
2928 2015 3331 2090 θρησκεύσομεν
3354 2015 3534 2069 αὐτόν.
3555 2016 3646 2066 Δεῖ
3669 2014 3815 2083 ἄρα.

2243 2117 2604 2188 συναφθέντας
2630 2114 2722 2167 καὶ
2749 2109 3107 2184 όμοιωθέντας
3137 2107 3302 2179 αὐτῷ,
3330 2108 3428 2177 τὴν
3453 2105 3627 2160 αὐτῶν
3655 2105 3818 2172 άγω-

2242 2214 2344 2283 γὴν
2369 2208 2558 2264 Θυσίαν
2588 2206 2737 2277 ἱεράν
2765 2204 3129 2275 προσαγαγεῖν
3158 2199 3294 2271 Θεῷ’
3317 2199 3412 2272 τὴν
3441 2196 3607 2269 αὐτὴν
3627 2195 3682 2248 δὲ
3709 2196 3816 2249 καὶ

2243 2304 2406 2374 ῦμνον
2440 2297 2604 2354 οὖσαν
2660 2299 2752 2352 καὶ
2784 2296 2938 2368 ἡμῶν
2975 2294 3240 2366 σωτηρίαν
3271 2294 3328 2345 ὲν
3378 2290 3614 2362 ἀπαθείᾳ
3669 2290 3817 2360 ἀρε-

2242 2397 2343 2466 τῆς
2378 2392 2576 2464 ψυχῆς.
2605 2391 2710 2445 Τοῦ
2740 2389 2796 2443 δὲ
2828 2387 2965 2442 Θεοῦ
2995 2386 3194 2457 θεωρία
3226 2385 3259 2455 ἠ
3287 2382 3446 2437 θυσία
3473 2382 3610 2453 αῦτη
3640 2380 3820 2435 τελεῖ-

573 2495 766 2551 aﬂ'erre
793 2512 889 2567 pro
922 2497 1209 2551 sacriﬁcio.
1247 2497 1446 2552 Eadem
1479 2511 1608 2550 vero
1636 2503 1689 2550 et
1724 2494 1870 2550 illius
1898 2493 2138 2548 laudatio
2181 2517 2190 2526 υ
2239 2505 2350 2543 ται.
2410 2506 2428 2539 ι

571 2587 696 2648 erit,
729 2563 998 2640 et_nostra
1023 2586 1405 2641 conservatio:
1453 2585 1707 2640 aﬂ'eretur
1763 2585 1910 2641 enim
1969 2597 2094 2638 cum
2161 2580 2454 2635 stabilitate
2491 2585 2544 2634 et
2577 2575 2759 2646 quiete
2800 2572 3021 2628 virtutis
3067 2569 3254 2625 animi.
3312 2566 3486 2638 Ipsius
3533 2580 3663 2620 vero
3711 2563 3818 2619 Dei

575 2678 1032 2746 contemplatione
1059 2679 1163 2732 hoc
1193 2676 1522 2732 sacriﬁcium
1559 2676 1859 2746 perﬁcitur.
1899 2695 1919 2727 ι

614 2791 751 2847 Item
775 2791 839 2846 dc
869 2792 1048 2846 eodem
1080 2808 1144 2848 ex
1172 2792 1440 2863 Apollonii
1477 2791 1767 2862 Tyanensis
1803 2789 2100 2859 Theologia.

657 2991 677 3026 ι
713 2976 788 3029 Ex
811 2990 919 3045 quo
949 2974 1114 3044 igitur
1145 2973 1376 3028 maxime
1403 2971 1526 3043 quis
1555 2979 1766 3026 natura;
1795 2970 1993 3025 divinae
2016 2984 2147 3023 con-

583 3065 886 3119 venientem
938 3079 1126 3118 curam
1181 3061 1467 3129 adhibeat,
1519 3078 1590 3116 ex
1622 3078 1688 3117 eo
1723 3062 1957 3116 maxime
2000 3061 2147 3114 illam

585 3155 873 3226 propitiam
905 3155 1303 3225 benignamque
1334 3155 1596 3209 obtineat.
1634 3152 1747 3209 Hoc
1785 3152 2003 3223 quidem
2051 3167 2144 3221 pe.

2246 2788 2370 2838 Ἔτι
2401 2781 2532 2850 περὶ
2562 2779 2767 2842 αὑτοῦ,
2810 2777 2878 2850 ἐκ
2917 2776 3025 2844 τῆς
3069 2773 3462 2850 Ἀπολλωνίου
3503 2769 3608 2824 τοῦ
3659 2775 3819 2825 Tua-

2685 2885 2688 2889 ς
2765 2849 2914 2913 νέως
2945 2847 3280 2915 Θεολογίας.

2321 2983 2339 3014 ‹
2382 2962 2535 3018 Οῦτω
2597 2961 2776 3014 τοίνυν
2813 2959 3044 3030 μάλιστα
3073 2958 3137 3012 άν
3168 2974 3254 3021 τις
3289 2956 3386 3028 τὴν
3432 2955 3822 3026 προσήκουσαν

2248 3055 2563 3126 ἐπιμέλειαν
2597 3053 2802 3106 ποιοῖτο
2848 3049 2941 3103 τοῦ
2976 3050 3161 3112 Θείου,
3203 3049 3456 3118 τυγχάνοι
3495 3063 3552 3099 τε
3588 3046 3824 3100 αὐτόθεν

2253 3147 2377 3201 ἵλεώ
2409 3164 2467 3199 τε
2505 3145 2600 3199 καὶ
2628 3141 2887 3213 εὐμενοῦς
2917 3140 3078 3194 αὑτοῦ
3111 3141 3241 3212 παρ’
3274 3138 3547 3193 ὁντιναοῦν
3581 3137 3686 3192 τῶν
3719 3138 3824 3190 ἀν-

588 3263 686 3303 nes
718 3247 966 3317 quemvis
1005 3246 1286 3300 hominum
1328 3246 1472 3316 viget
1505 3263 1517 3299 :
1550 3245 1713 3314 idque
1756 3244 1934 3314 ipsum
1977 3259 2147 3299 unus-

2258 3237 2504 3310 θρώπων,
2539 3238 2586 3289 εί
2615 3235 2733 3306 Θεῷ
2769 3235 2886 3305 μὲν,
2909 3233 2966 3285 ὃν
2993 3232 3054 3304 δὴ
3076 3232 3252 3301 φαμὲν
3272 3227 3477 3293 τοῦτον,
3512 3231 3590 3283 ἐνί
3612 3247 3671 3282 τε
3697 3230 3823 3284 om

585 3337 817 3407 quisque
837 3335 1150 3405 complebit,
1182 3335 1227 3391 si
1251 3351 1438 3390 eorum
1460 3350 1581 3406 qua:
1601 3336 1702 3390 sub
1727 3335 1902 3389 visum
1926 3334 2150 3397 cadunt,

588 3428 771 3498 qualia
803 3435 931 3482 sunt
957 3428 1092 3490 hate,
1120 3442 1241 3497 qua:
1262 3427 1431 3497 digito
1451 3428 1910 3490 demonstramus,
1935 3427 2010 3480 illi
2035 3441 2155 3496 qua:

483 3550 496 3553 —
589 3534 696 3574 una
725 3526 828 3579 est,
863 3527 917 3573 et
950 3520 1019 3572 ab
1049 3519 1303 3573 omnibus
1334 3520 1498 3574 rebus
1529 3526 1803 3590 separata,
1854 3519 2152 3574 secundum

590 3627 754 3683 quam
798 3612 1004 3680 reliqua
1047 3611 1228 3664 omnia
1259 3626 1590 3681 cognoscere
1623 3617 1985 3674 necesse‘est,
2021 3610 2153 3664 nihil

592 3703 815 3758 omnino
869 3702 1159 3764 sacriﬁcet,
1213 3717 1388 3770 neque
1436 3703 1612 3773 ignem
1666 3701 1940 3768 incendat,
1982 3717 2156 3773 neque

592 3805 819 3864 prorSus
850 3793 1145 3861 quidquam
1183 3793 1273 3846 illa
1304 3795 1560 3862 postulet,
1599 3809 1666 3848 ne
1699 3809 1728 3846 a
1761 3793 2157 3864 praestantiori-

592 3883 696 3937 hus
743 3881 962 3951 quidem
1007 3897 1171 3951 quam
1225 3897 1326 3936 nos
1375 3897 1564 3938 sumus
1598 3903 1612 3938 :
1653 3898 1828 3952 neque
1868 3883 2036 3936 ullum
2074 3889 2158 3937 est

594 3974 793 4045 planta:
837 3987 1007 4042 genus
1050 3971 1195 4040 quod
1237 3971 1306 4025 ab
1351 3971 1507 4026 initio
1552 3979 1696 4027 terra
1743 3974 1938 4042 pariat,
1985 3987 2158 4042 neque

596 4064 848 4119 animalis
872 4064 1016 4134 quod
1046 4063 1234 4118 eadem
1266 4065 1493 4126 nutriat,
1529 4063 1616 4118 cui
1646 4066 1894 4134 protinus
1927 4064 2160 4117 immun-

595 4152 756 4207 dities
785 4167 892 4206 non
925 4151 1086 4214 adsit,
1128 4152 1224 4207 sed
1257 4160 1441 4206 utatur
1462 4167 1586 4222 erga
1616 4153 1763 4206 illam
1796 4153 1914 4208 solo
1947 4153 2158 4208 meliori

593 4244 783 4307 verbo,
815 4243 937 4297 dico
967 4251 1148 4298 autem
1180 4259 1292 4298 non
1323 4259 1389 4299 eo
1432 4244 1575 4314 quod
1610 4259 1704 4298 ore
1745 4244 2030 4310 emittitur,
2067 4244 2159 4298 sed

595 4334 741 4404 quod
778 4334 848 4388 ab
878 4335 1084 4404 Optimo
1116 4349 1304 4390 eorum
1335 4350 1455 4405 qua:
1493 4347 1619 4390 sunt
1650 4334 2036 4405 proﬁciscitur,
2066 4350 2163 4404 per

516 4486 521 4491 _
597 4426 862 4495 optimum
893 4441 1081 4480 eorum
1113 4440 1233 4495 quae
1261 4425 1316 4480 in
1344 4426 1500 4482 nobis
1530 4433 1656 4482 sunt
1683 4426 1973 4482 bonorum.
2012 4425 2162 4481 Mens

598 4525 779 4573 autem
819 4517 931 4573 haec
957 4527 1062 4579 est,
1100 4533 1220 4588 quae
1249 4519 1609 4573 instrumento
1647 4535 1754 4572 non
1787 4519 2008 4589 indiget.
2047 4539 2065 4570 ο
2104 4517 2161 4573 Si

2254 3332 2347 3383 καὶ
2375 3327 2760 3399 κεχωρισμένῳ
2789 3325 3023 3386 πάντων,
3068 3322 3184 3395 μεθ’
3213 3321 3271 3375 ὃν
3305 3320 3659 3392 γνωρίζεσθαι
3688 3324 3824 3384 τοὺς

2253 3419 2467 3481 λοιποὺς
2502 3418 2814 3484 ἀναγκαῖον,
2853 3416 2928 3486 μὴ
2957 3413 3072 3467 θύοι
3094 3431 3144 3466 τι
3168 3413 3264 3484 τὴν
3299 3411 3490 3484 ἀρχὴν,
3529 3412 3665 3482 μήτε
3687 3413 3826 3466 ἀνά-

2254 3528 2372 3565 πτοι
2397 3509 2528 3580 πῦρ,
2559 3509 2694 3579 μήτε
2719 3525 2771 3560 τι
2792 3506 3017 3560 καθόλου
3039 3505 3146 3558 τῶν
3171 3504 3441 3576 αἰσθητῶν
3469 3504 3821 3576 ὲπονομάζοι.

2254 3604 2434 3655 Δεῖται
2467 3599 2573 3670 γὰρ
2601 3597 2811 3660 οὐδενὸς
2835 3596 2952 3649 οὐδὲ
2982 3595 3130 3665 παρὰ
3159 3595 3263 3646 τῶν
3292 3593 3637 3664 κρειττόνων,
3660 3593 3827 3662 οἵπερ

2255 3695 2414 3763 ἡμεῖς
2450 3683 2770 3761 ὲσμενοούδ⁹
2795 3687 2937 3740 ἔστιν
2970 3686 2997 3738 δ
3029 3686 3127 3756 τὴν
3150 3683 3320 3755 ἀρχὴν
3352 3683 3424 3753 γῆ
3450 3683 3629 3754 ἀνίησι
3654 3683 3826 3752 φυτὸν

2257 3783 2507 3856 ἢτρέφει
2541 3781 2676 3847 ζῶον
2722 3781 2755 3851 ἢ
2802 3779 2930 3851 ἀὴρ,
2993 3771 3037 3845 ᾧ
3078 3776 3138 3828 οὑ
3189 3775 3446 3847 πρόσεστι
3477 3791 3540 3843 γε
3582 3774 3822 3845 μίασμαο

2260 3875 2406 3946 μόνῳ
2435 3873 2490 3927 δὲ
2525 3871 2702 3944 χρῷτο
2735 3869 2869 3942 πρὸς
2901 3869 3059 3922 αὑτὸν
3104 3869 3192 3920 ἀεὶ
3237 3865 3315 3938 τῷ
3343 3865 3621 3938 ’κρείττονι
3653 3865 3824 3936 λόγῳ,

2257 3967 2398 4036 λέγω
2424 3965 2479 4017 δὲ
2508 3963 2582 4034 τῷ
2606 3963 2678 4034 μὴ
2711 3962 2798 4015 διὰ
2829 3961 3089 4030 στόματος
3121 3959 3272 4024 ἱέντι,
3309 3956 3457 4029 παρὰ
3485 3956 3541 4009 δὲ
3570 3955 3663 4008 τοῦ
3698 3957 3825 4008 καλ-

2257 4057 2437 4109 λίστου
2463 4052 2566 4106 τῶν
2585 4053 2750 4105 ὄντων
2783 4050 2872 4104 διὰ
2890 4049 2982 4102 τοῦ
3007 4048 3290 4102 καλλίστου
3317 4046 3409 4099 τοῦ
3441 4048 3497 4099 ἐν
3521 4048 3652 4116 ἡμῖν
3683 4044 3827 4098 δόντι

2257 4149 2325 4202 τά
2351 4147 2550 4217 ἀγαθά.
2579 4144 2721 4208 Νοῦς
2742 4143 2798 4197 δέ
2834 4145 2978 4196 ἐστιν
3005 4136 3156 4204 οὗτος
3186 4140 3415 4212 ὀργάνου
3459 4139 3531 4209 μὴ
3550 4138 3822 4208 δεόμενος.

2259 4241 2321 4294 El
2356 4238 2420 4310 δὴ
2445 4233 2536 4290 οὖν
2565 4234 2734 4288 ταῦτα
2763 4233 2856 4285 καὶ
2885 4230 3021 4302 πρὸς
3048 4229 3153 4282 τῶν
3186 4229 3315 4299 παρ’
3351 4226 3572 4297 Ἕλλησι
3599 4225 3826 4296 διαπρε-

2259 4327 2376 4381 πῶν
2420 4324 2722 4397 φιλοσόφων
2761 4339 2820 4374 τε
2874 4319 2967 4373 καὶ
3013 4317 3274 4386 θεολόγων
3309 4316 3665 4387 ὁμολογεῖται,
3706 4313 3828 4376 πῶς

2261 4420 2327 4474 ἂν
2355 4419 2440 4489 εἴη
2471 4415 2669 4478 πλάνος
2703 4417 2731 4468 ό
2773 4412 2847 4484 μὴ
2877 4411 3035 4482 μόνον
3067 4410 3274 4478 λόγους,
3316 4407 3428 4460 ἀλλ’
3449 4406 3584 4478 ἔργα
3607 4405 3716 4457 τῶν
3740 4404 3832 4458 λό-

2261 4527 2370 4579 γων
2393 4509 2526 4562 πολὺ
2550 4507 2807 4578 πρότερον
2830 4507 2940 4567 τοῖς
2965 4503 3243 4572 φοιτηταῖς
3265 4498 3503 4551 ἐκτελεῖν
3529 4496 3827 4568 παραδοὺς,

600 4609 767 4679 igitur
799 4609 1109 4664 Graecorum
1139 4626 1353 4680 quoque
1397 4611 1658 4674 illustres,
1695 4618 1806 4664 tam
1855 4588 2148 4681 philosophi

2267 4605 2332 4658 δι’
2359 4599 2432 4656 ὧν
2478 4599 2618 4655 κατὰ
2655 4600 2746 4652 τὸν
2784 4596 2940 4669 ὀρθὸν
2971 4595 3125 4664 λόγον
3164 4591 3384 4664 ἔμελλον
3417 4589 3737 4662 θεραπεύειν
3765 4588 3832 4643 τὸ

599 4715 763 4772 quam
794 4701 1053 4773 theologi,
1081 4702 1196 4758 haec
1224 4702 1573 4766 conﬁtentur,
1603 4717 1840 4772 quonam
1875 4702 2038 4756 modo
2072 4718 2158 4758 se-

600 4791 796 4847 ductor
839 4793 944 4848 erit
1001 4793 1048 4848 is
1104 4793 1197 4863 qui
1263 4809 1372 4848 non
1405 4793 1579 4847 solum
1639 4792 1827 4854 verba,
1885 4793 1980 4848 sed
2014 4794 2157 4848 facta

601 4883 774 4938 multo
838 4882 989 4954 prius
1047 4900 1209 4953 quam
1279 4885 1443 4938 verba
1502 4883 1616 4938 suis
1665 4882 1972 4952 discipulis,
2036 4884 2164 4952 qui-

600 4975 703 5031 bus
747 4975 1097 5045 fungerentur
1153 4975 1465 5030 tradiderit!
1531 4982 1585 5029 et
1619 4974 1840 5044 quibus,
1903 4982 1963 5028 ut
2019 4983 2167 5030 recta

601 5068 741 5122 ratio
781 5068 958 5136 jubet,
994 5067 1161 5123 Deum
1205 5067 1383 5136 ipsum
1429 5075 1612 5120 essent
1649 5065 1998 5120 veneraturi?
2048 5063 2168 5129 Quo

604 5168 784 5213 autem
817 5158 1001 5223 modo,
1033 5168 1086 5214 et
1116 5159 1315 5229 quibus
1343 5158 1648 5212 rationibus
1681 5159 1765 5212 usi
1797 5158 1850 5211 in
1883 5155 2168 5213 sacriﬁciis

603 5248 854 5303 dicantur
878 5251 1047 5318 prisci
1075 5248 1306 5316 Hebraei,
1336 5250 1388 5304 in
1417 5249 1594 5320 primo
1629 5249 1792 5319 hujus
1822 5249 2003 5318 operis
2033 5247 2170 5301 libro

603 5337 966 5394 disseruimus
992 5360 1005 5396 :
1041 5348 1203 5411 atque
1225 5341 1292 5396 iis
1319 5357 1439 5411 qua:
1468 5342 1579 5398 illic
1608 5341 1752 5396 dicta
1777 5348 1904 5396 sunt
1928 5338 2169 5395 contenti

606 5444 729 5484 esse
768 5431 926 5502 106
965 5431 1249 5489 debemus.
1288 5430 1488 5488 Verum
1533 5433 1790 5504 quoniam
1844 5440 2040 5503 praeter
2080 5431 2170 5485 illa

607 5536 728 5588 quae
748 5521 862 5589 jam
887 5523 1160 5593 disputata
1193 5535 1340 5590 sunt,
1375 5526 1627 5582 novimus
1659 5526 1737 5597 (id
1768 5524 1912 5596 quod
1947 5539 1977 5577 a
2005 5522 2168 5577 Chri-

609 5621 694 5669 sto
733 5612 1046 5686 didicimus)
1103 5617 1304 5673 factum
1350 5634 1473 5676 esse
1523 5618 1806 5686 mundum,
1864 5617 2170 5690 cmlumquo

684 5752 727 5784 "
779 5749 968 5806 Matth.
1020 5753 1190 5816 v.48.

685 5862 760 5932 (l)
799 5860 916 5916 Lib.
963 5877 1022 5916 ll.

2264 4695 2447 4758 Θεῖονς
2477 4694 2662 4754 ὀπως
2691 4690 2768 4752 δὲ,
2797 4689 2889 4741 καὶ
2913 4687 3022 4740 τίσι
3050 4684 3226 4753 λόγοις
3254 4685 3303 4736 oi
3331 4681 3548 4736 παλαιοὶ
3585 4680 3827 4752 Ἑϐραῖοι

2266 4784 2412 4839 θύειν
2447 4778 2888 4855 μνημονεύονται,
2918 4774 3247 4845 διειληφότες
3278 4775 3335 4826 ὲν
3367 4771 3442 4842 τῷ
3469 4769 3667 4842 πρώτῳ
3694 4787 3829 4840 συγ-

2265 4877 2552 4948 γράμματι
2590 4873 2689 4942 τῆς
2728 4869 3007 4940 παρούσης
3044 4864 3367 4927 ὑποθέσεως,
3402 4863 3628 4925 ἐκείνοις
3659 4862 3830 4932 ἀρκε-

2269 4966 2593 5037 σθησόμεθα.
2633 4962 2784 5014 Ἐπεὶ
2807 4961 2861 5014 δὲ
2887 4959 3021 5033 πρὸς
3043 4960 3153 5020 τοῖς
3179 4955 3559 5027 ὲξητασμένοις
3584 4953 3830 5023 ἔγνωμεν

2269 5060 2419 5130 παρὰ
2448 5058 2544 5110 τοῦ
2585 5055 2820 5130 Χριστοῦ
2863 5053 3139 5126 μαθόντες,
3175 5051 3256 5102 ὅτι
3284 5049 3508 5118 γενητὸς
3539 5049 3567 5101 6
3603 5047 3828 5118 κόσμος,

2270 5152 2363 5203 καὶ
2402 5151 2483 5203 ὃτι
2525 5148 2752 5221 οὐρανὸς
2800 5145 2959 5208 αὐτὸς
3000 5143 3094 5197 καλ⁵
3136 5141 3304 5212 ἥλιος,
3345 5141 3438 5194 καὶ
3482 5139 3696 5210 σελήνη,
3737 5141 3830 5192 καὶ

2271 5243 2460 5315 ἄστρα,
2507 5241 2641 5313 ἔργα
2674 5239 2808 5292 Θεοῦ
2844 5236 3117 5307 τυγχάνει,
3164 5235 3257 5288 καὶ
3287 5235 3367 5287 ὅτι
3397 5233 3501 5304 χρὴ
3536 5231 3609 5304 μὴ
3635 5231 3827 5292 ταῦτα,

2273 5335 2407 5390 ἀλλὰ
2427 5334 2516 5388 τὸν
2535 5331 2760 5402 ποιητὴν
2782 5329 2958 5383 αὐτῶν
2987 5328 3180 5406 σέϐειν,
3210 5325 3504 5396 σκέψασθαι
3524 5323 3604 5376 δεῖ
3627 5323 3700 5395 μὴ
3722 5322 3828 5393 ἄρα

2272 5424 2627 5496 ἠπατήμεθα,
2673 5421 2857 5474 τοῦτον
2886 5419 3014 5492 παρ’
3050 5417 3213 5472 αὐτοῦ
3249 5415 3582 5486 διδαχθέντες
3613 5415 3829 5485 φρονεῖν

2271 5516 2362 5570 τὸν
2382 5515 2598 5587 τρόπον.
2625 5514 2734 5565 Καὶ
2765 5513 2870 5584 μὴν
2909 5509 3171 5583 Ἐϐραίων
3199 5511 3291 5562 καὶ
3320 5505 3473 5570 οὗτος
3499 5502 3567 5576 ἦν
3599 5506 3627 5558 6
3649 5505 3828 5574 λόγος’

2275 5611 2366 5664 καὶ
2411 5605 2710 5678 φιλοσόφων
2753 5604 2809 5658 δὲ
2850 5605 2896 5657 οἱ
2948 5603 3179 5674 μάλιστα
3207 5601 3480 5669 διαφανεῖς
3510 5601 3622 5661 τοῖς
3649 5597 3830 5660 αὐτοῖς

2347 5847 2427 5917 (2)
2466 5847 2784 5917 Apollonius
2809 5846 3082 5914 Tyaneus,
3115 5852 3170 5899 ut
3199 5859 3262 5900 ex
3289 5844 3638 5910 sequentibus
3661 5843 3824 5904 patet.
