3954 6522
166 405 251 460 195
1054 401 1657 462 DEMONSTBATIONI

1763 403 2192 463 EVANGELICA
2231 406 2357 461 LIB.
2394 404 2481 461 Ill.
3251 407 3354 466 19-!

160 518 561 589 συνηνέχθησαν,
599 518 820 591 γενητὸν
850 520 945 573 καὶ
987 519 1147 573 αὐτὸν
1185 518 1275 573 τὸν
1313 520 1560 591 οὐρανὸν,
1601 536 1657 572 κο

1763 575 1768 585 _
1797 518 1971 588 ipsum
1995 526 2049 573 et
2072 520 2261 585 solem,
2290 531 2343 577 et
2369 524 2572 585 lunam,
2595 529 2649 577 et
2670 521 2855 577 stellas
2881 537 3043 592 opera
3071 522 3159 577 Dei
3182 540 3306 583 esse
3333 545 3349 584 :

161 609 299 680 ἣλιον,
333 610 425 662 καὶ
467 610 722 681 σελήνην,
766 612 861 665 καὶ
896 610 1089 682 ἄστρα,
1139 610 1232 663 καὶ
1277 610 1368 663 τὸν
1413 609 1657 680 σύμπαντ

161 703 329 737 νᾹπηηυ
360 702 496 737 θήλε’
525 702 624 737 Arn:
651 702 757 737 ινιτιυ
781 702 914 737 ἧλιηυ
942 701 1164 737 «humani-1
1197 702 1450 737 νενηυλιινη
1488 701 1657 737 λιθίνην

1796 625 1971 680 neque
2002 612 2139 676 haec,
2171 613 2266 667 sed
2307 615 2499 668 horum
2530 623 2806 670 auctorem
2854 616 3031 670 colere
3078 626 3350 687 oportere,
3383 628 3399 737 γ

1796 702 2251 737 nnncirlnronzlnm
2303 721 2425 737 noon
2468 706 2683 737 ..ἔλουε-ξ
2729 724 2855 737 ...η-ι.
2901 709 3105 737 ᾸΛιιΑιισῖ
3157 711 3326 737 μὴν..-

159 703 329 770 κόσμον
360 702 496 772 πρὸς
525 702 624 755 τοῦ
651 702 757 755 τῶν
781 702 914 755 ὅλων
942 701 1164 773 ποιητοῦ
1197 702 1453 770 γεγονότα
1487 701 1657 770 ἀποφτ

1796 702 2252 757 considerandum
2303 721 2425 761 esse
2468 706 2683 762 videtur
2728 724 2856 763 num
2899 709 3107 778 decepti
3157 711 3351 776 simus,

158 796 362 863 νάμενοι.
412 792 582 846 ’Δλλά
619 795 710 847 καὶ
755 795 1079 858 συντέλειαν,
1124 794 1219 847 καὶ
1265 793 1566 865 μεταϐολὴν
1598 791 1657 863 τὴ

1794 795 1939 863 quod
1979 796 2033 849 in
2082 796 2229 851 hunc
2263 797 2480 852 modum
2514 799 2581 854 de
2611 807 2804 853 natura
2841 816 3019 855 rerum
3054 804 3254 858 sentire
3284 802 3356 859 ab

157 888 229 938 ἐπὶ
252 885 314 937 τὰ
344 884 587 954 κρείττω
610 884 760 939 τοῦδε
792 886 883 939 τοῦ
916 885 1113 949 παντὸς
1146 885 1362 938 ἔσεσθαι
1394 884 1657 955 προσδοκᾷ

1793 884 1886 939 illo
1913 885 2057 940 docti
2091 903 2319 944 sumus:
2353 890 2500 959 atqui
2531 906 2639 944 non
2660 892 2833 944 solum
2866 890 3213 947 Helmeorum
3238 893 3357 949 haec

155 976 374 1042 ὲδίδαξεν,
408 978 535 1042 ταῖς
584 977 846 1050 Ἐϐραίων
889 978 982 1031 καὶ
1013 977 1169 1031 τοῦτο
1200 974 1513 1038 ἀκολούθως
1556 975 1657 1045 Γρο

1793 981 1895 1035 fuit
1941 985 2140 1048 oratio,
2189 986 2282 1041 sed
2332 987 2778 1057 phil050phorum
2829 1004 3063 1059 quoque,
3118 989 3354 1047 maxime

156 1073 273 1138 φαίς.
300 1071 361 1123 Τί
383 1066 521 1136 οὖν;
564 1072 685 1142 οὐχὶ
718 1072 810 1125 καὶ
839 1073 868 1124 ό
904 1069 1127 1124 Πλάτων
1168 1069 1379 1138 φύσεως
1408 1066 1572 1138 λυτῆς
1602 1084 1657 1120 κο

1793 1071 2088 1127 illustrium
2119 1092 2132 1127 :
2162 1076 2255 1145 qui
2286 1092 2408 1130 cum
2442 1075 2683 1133 Hebraeis
2715 1079 3138 1146 consentientes,
3169 1087 3351 1136 ortum

153 1161 365 1233 φθαρτῆς
392 1158 538 1216 οἶδεν
570 1163 732 1217 αὐτόν
765 1180 824 1216 τε
851 1162 1096 1234 οὐρανὸν,
1138 1163 1232 1221 καὶ
1269 1162 1439 1233 ἥλιον,
1482 1162 1576 1216 καὶ
1607 1179 1657 1214 σε

1792 1162 1991 1219 habere
2014 1173 2068 1220 et
2090 1168 2285 1222 caelum
2311 1169 2508 1239 ipsum,
2536 1177 2590 1224 et
2612 1170 2804 1234 solem,
2830 1179 2883 1225 et
2909 1171 3114 1237 lunam,
3141 1179 3195 1226 et
3222 1172 3353 1227 stel-

156 1255 307 1325 ληνην,
345 1254 439 1307 καὶ
472 1257 606 1320 τοὺς
629 1255 849 1317 λοιποὺς
876 1254 1131 1325 ἀστέρας,
1167 1255 1215 1307 εί
1241 1254 1331 1308 καὶ
1362 1254 1435 1326 μὴ
1463 1254 1657 1326 λυθήσε

1791 1256 1895 1321 las,
1918 1256 2341 1329 universumque
2371 1260 2629 1315 mundum
2658 1261 2726 1316 ab
2755 1269 2974 1316 auctore
2994 1264 3233 1317 omnium
3264 1278 3353 1319 rev

156 1346 251 1398 οθαί
280 1362 404 1415 φησι
438 1345 639 1409 ταῦτα,
661 1345 738 1417 τῷ
768 1346 839 1416 μὴ
869 1347 960 1400 τὸν
994 1346 1348 1419 συμπήξαντα
1376 1345 1657 1416 βούλεσθαι

1790 1361 1909 1400 rum
1948 1347 2149 1401 factum
2190 1364 2311 1405 esse
2357 1349 2793 1405 aﬂirmaverunt:
2835 1362 3085 1407 caeterum
3126 1353 3266 1408 idem
3295 1361 3350 1410 et

156 1441 190 1490 cl
211 1437 245 1489 δ’
266 1438 367 1507 ἀρα
401 1438 691 1512 βουληθείη
718 1436 854 1494 εἶναι
883 1439 1095 1509 φύσεως
1120 1438 1393 1510 τοιαύτης,
1429 1437 1603 1508 ψυχὴν
1633 1437 1657 1489 δ

1789 1440 2313 1495 consummationem
2360 1450 2415 1497 et
2460 1444 2813 1497 mutationem
2867 1445 2919 1498 in
2956 1446 3169 1510 melius,
3225 1446 3350 1500 uni-

153 1528 379 1581 ἀθάνατον
401 1530 554 1601 ἔχειν
578 1534 725 1603 ἡμᾶς
750 1533 868 1586 κατ’
892 1530 1040 1584 οὐδὲν
1071 1532 1166 1601 μὲν
1195 1531 1405 1601 ἐμφερῆ
1429 1532 1541 1592 τοῖς
1563 1527 1657 1581 ἀλό

1789 1529 1933 1604 νει·δὶ.
1954 1530 2115 1599 hujus
2142 1531 2375 1587 futuram
2400 1542 2457 1587 ut
2482 1542 2918 1603 exspectaremus
2940 1536 3146 1599 docuit,
3163 1536 3217 1589 in
3247 1537 3349 1592 hoc

154 1639 241 1689 γοις
266 1620 433 1685 ζώοις,
460 1622 579 1675 τῶν
602 1623 658 1676 δὲ
682 1623 774 1676 τοῦ
796 1623 927 1676 Θεοῦ
947 1624 1223 1694 δυνάμεων
1247 1624 1514 1694 φέρουσαν
1537 1623 1657 1674 ἀπει

1787 1636 2004 1690 quoque
2057 1621 2403 1678 Hebraeorum
2451 1626 2740 1694 scripturis
2778 1626 3126 1681 consentiens
3164 1645 3176 1679 :
3215 1627 3347 1696 quid

150 1712 432 1781 ωσνίσματα,
460 1712 682 1778 διδάξας
706 1714 973 1782 ἡγεῖσθαι,
999 1712 1170 1776 οὕτως
1196 1712 1242 1765 τ’
1270 1712 1433 1783 ἔχειν,
1460 1712 1553 1764 καὶ
1575 1712 1657 1764 δια

1788 1711 1986 1779 igitur?
2026 1729 2205 1768 nonne
2240 1716 2402 1769 etiam
2446 1713 2599 1769 Plato
2644 1724 2834 1786 suapte
2861 1724 3056 1769 natura
3086 1724 3139 1769 et
3169 1716 3348 1786 ipsum

150 1804 344 1867 κεῖσθαι,
391 1805 487 1857 καὶ
536 1809 756 1876 φρονεῖν
794 1807 971 1860 πάντα
1016 1806 1305 1879 βάρϐαρον,
1343 1806 1436 1858 καὶ
1472 1805 1657 1874 ίδιώτηί

1788 1803 2007 1865 οωιυιιι,
2043 1812 2096 1858 et
2129 1805 2320 1868 solem,
2350 1794 2403 1859 et
2435 1806 2640 1869 lunam,
2696 1822 2759 1860 ac
2788 1808 2992 1877 reliqua
3025 1807 3226 1869 sidera,
3258 1823 3351 1863 so.

150 1895 426 1958 παιδεύσας
460 1892 554 1967 ἆρ’
585 1872 720 1969 *οὐχὶ
770 1872 1106 1969 σοφωτέρους
1150 1872 1511 1969 ἀπείργασται
1561 1872 1652 1951 τού

1788 1893 1976 1948 lutioni
2003 1896 2452 1966 corruptionique
2487 1897 2719 1951 obnoxia
2759 1914 2883 1953 esse
2909 1898 3064 1962 vidit,
3095 1900 3348 1968 quamvis

149 1987 245 2040 καθ’
267 1987 383 2059 ὅλης
415 1992 519 2058 τῆς
553 1990 878 2060 οἰκουμένης
908 1991 976 2044 τὰ
1006 1990 1166 2045 αὑτοῦ
1198 1990 1545 2063 φρονοῦντας,
1579 1990 1655 2044 τῶ

1783 2000 1846 2041 ea
1896 2003 2003 2041 non
2051 1987 2400 2043 dissolvenda
2451 1989 2819 2053 aﬂirmaverit,
2871 1998 3153 2059 propterea
3200 1990 3346 2060 quod

149 2082 225 2142 τὰς
255 2081 413 2151 ὀφρύς
447 2081 873 2147 ἀνεσπακότων;
914 2082 962 2135 οἳ
999 2082 1165 2154 μηδὲν
1190 2083 1330 2136 κατά
1362 2082 1459 2153 τὴν
1499 2083 1657 2135 οὐσία

1786 2078 1931 2131 norit
1974 2079 2084 2143 ille,
2130 2081 2223 2149 qui
2269 2095 2332 2136 ea
2363 2083 2705 2151 composuit?
2750 2082 2903 2148 Quod
2948 2083 2992 2138 si
3026 2084 3121 2136 tali
3153 2093 3346 2138 natura

148 2171 381 2240 διαφέρειν
401 2174 756 2243 ἀπεφήναντο
775 2173 998 2244 ἐμπίδος
1017 2191 1076 2227 τε
1097 2176 1190 2229 καὶ
1212 2175 1388 2245 εύλῆς,
1406 2175 1500 2228 καὶ
1524 2174 1652 2246 μυία

1784 2177 2036 2225 constare
2058 2188 2178 2235 nos,
2207 2174 2676 2244 immortalemque
2707 2176 2904 2230 habere
2934 2176 3189 2236 animam.
3223 2175 3348 2229 nul-

150 2262 225 2331 τὴν
249 2264 300 2312 ὲν
327 2262 643 2333 ἀνθρώποις
679 2264 876 2335 ψυχὴν,
919 2263 1053 2317 ἀλλὰ
1080 2266 1175 2317 κα)⁸
1202 2266 1396 2334 δςρεως,
1444 2265 1536 2318 καὶ
1576 2265 1656 2333 ὲχί

1784 2261 1943 2330 laque
1972 2262 2026 2315 in
2063 2274 2216 2332 parte
2256 2264 2435 2319 brutis
2476 2267 2804 2321 animalibus
2850 2267 3100 2329 similem,
3149 2268 3342 2330 voluit,

149 2353 267 2422 δνης.
290 2356 483 2424 ἄρκτου
519 2372 588 2408 τε
618 2357 709 2407 καὶ
736 2355 1069 2426 παρδάλεως,
1095 2356 1187 2408 καὶ
1213 2357 1339 2418 συὸς
1362 2354 1538 2425 ψυχῆς
1562 2372 1657 2408 κατ

1783 2359 1835 2406 et
1864 2353 2121 2407 virtutum
2149 2369 2268 2423 quae
2293 2356 2344 2408 in
2375 2355 2485 2410 Deo
2516 2364 2643 2410 sunt
2671 2355 2967 2410 simulacra
2998 2358 3050 2410 in
3084 2372 3142 2411 se
3166 2362 3344 2411 conti-

150 2440 286 2505 οὐδὲν,
313 2444 428 2494 ὅσον
456 2443 556 2495 ἐπὶ
588 2444 729 2513 λόγῳ
758 2443 968 2513 φύσεώς
992 2461 1049 2496 τε
1072 2445 1164 2497 καὶ⁵
1188 2444 1390 2509 οὐσίας,
1417 2444 1514 2515 τὴν
1536 2445 1657 2512 σφῶπ

1783 2458 1912 2496 nere
1940 2443 2087 2496 illam
2115 2446 2368 2498 arbitrari
2395 2461 2494 2500 nos
2520 2446 2725 2509 docuit,
2750 2447 2936 2515 sicque
2961 2447 3159 2500 habere
3181 2455 3343 2517 atque

150 2532 293 2583 αὐτῶν
335 2534 438 2586 τῶν
488 2533 947 2602 φιλοσοφωτάτων
993 2535 1168 2605 ψυχὴν
1210 2535 1560 2589 διαλλάττειν·
1590 2555 1657 2590 κα

1782 2534 1921 2588 allici
1947 2545 1999 2589 et
2030 2551 2220 2605 sapere
2247 2552 2458 2600 omnes,
2498 2545 2551 2591 et
2593 2538 2855 2591 barbaros
2883 2546 2936 2592 et
2968 2540 3217 2606 vulgares
3251 2540 3338 2593 in-

151 2623 263 2677 θείου
290 2626 341 2679 δὲ
371 2629 505 2699 πρὸς
543 2629 757 2692 τούτοις
800 2629 1178 2699 δικαιωτηρίου
1215 2629 1453 2698 συνεχῶς
1486 2632 1654 2701 ὑπομι

1784 2626 1963 2680 stituit
2000 2646 2011 2680 :
2046 2641 2228 2681 nonne
2276 2630 2548 2697 sapientes
2596 2630 2767 2699 magis
2812 2629 2865 2682 in
2897 2636 3010 2682 toto
3044 2631 3176 2685 orbe
3211 2645 3341 2685 suos

154 2720 384 2786 μνήσκων,
415 2720 510 2774 καὶ
565 2720 861 2792 μελλούσης
901 2720 1116 2774 ἔσεσθαι
1142 2722 1395 2794 κρίσεως,
1434 2722 1657 2777 κολάσει

1783 2726 2082 2772 sectatores
2110 2718 2371 2780 reddidit.
2406 2734 2567 2788 quam
2596 2719 2631 2772 ii
2666 2720 2757 2789 qui
2794 2720 3083 2790 supercilia
3114 2730 3339 2775 contra-

151 2825 195 2863 τε
218 2812 297 2863 καί
318 2814 592 2884 τιμωρίας
614 2814 1013 2885 ἀπαραιτήτους
1033 2817 1143 2877 τοῖς
1172 2814 1419 2867 ἀσεϐέσιν
1446 2815 1655 2888 ὑπογρά

1779 2816 1865 2878 cta
1896 2815 2197 2873 ostentant,
2231 2809 2275 2865 si
2308 2810 2443 2863 nihil
2482 2810 2639 2881 plane
2684 2826 2745 2865 ea
2784 2821 2938 2881 parte
2968 2827 3075 2881 qua
3107 2818 3208 2873 est,
3237 2811 3342 2866 dif-

151 2917 257 2966 ςων,
276 2906 376 2966 τοῖς
396 2920 452 2955 τε
477 2904 762 2957 εὐσεϐέσιν
788 2905 1111 2973 ἐπαγγελίας
1129 2903 1262 2957 Θεοῦ
1281 2906 1496 2959 αἰωνίου
1515 2905 1657 2978 ζωῆς

1780 2899 1923 2955 ferre
1955 2917 1985 2955 a
2027 2902 2222 2966 culice,
2268 2911 2358 2956 aut
2403 2903 2723 2963 vermiculo,
2759 2912 2852 2955 aut
2885 2919 3071 2958 musca
3102 2905 3338 2959 animam

153 2993 223 3043 καὶ
237 2994 456 3064 οὐρανῶν
485 2995 791 3065 βασιλείας,
818 2998 912 3050 καὶ
939 2998 1034 3051 σὺν
1055 2996 1173 3067 Θεῷ
1198 2997 1471 3069 μακαρίας
1490 2998 1657 3066 διαγω

1781 2991 2068 3046 humanam
2104 2992 2419 3047 allirmant?
2465 3004 2558 3047 aut
2588 2995 2632 3047 si
2667 3010 2733 3048 ne
2763 3010 2791 3047 a
2818 2996 3088 3064 serpentis
3119 2996 3337 3065 quidem

150 3082 242 3151 γῆς,
266 3086 373 3138 τίνα
398 3088 463 3141 ἂν
494 3088 843 3159 πλανησειεν,
871 3089 990 3159 οὐχὶ
1010 3088 1065 3141 δὲ
1099 3088 1294 3159 μᾶλλον
1316 3090 1657 3161 προτρέψαιτε

1779 3092 1871 3137 aut
1894 3085 2110 3153 viperae,
2143 3094 2237 3139 aut
2265 3087 2397 3149 ursi,
2440 3095 2533 3139 aut
2574 3086 2834 3154 pardalis,
2869 3095 2962 3139 aut
2995 3086 3109 3141 suis
3135 3086 3336 3153 anima,

153 3176 355 3231 σπεύδειν
388 3179 484 3249 μὲν
529 3180 626 3233 ἐπὶ
658 3180 857 3250 ἀρετὴν
888 3178 996 3233 τῶν
1024 3174 1483 3251 προσδοκωμένων
1516 3182 1657 3235 ἓνεκε

1779 3179 1887 3229 uila
1935 3192 2162 3246 prorsus
2194 3178 2247 3230 in
2296 3185 2469 3246 parte,
2505 3191 2656 3230 suam
2690 3177 2929 3245 ipsorum
2956 3176 3214 3242 animam,
3244 3175 3339 3245 qui

149 3268 233 3327 τοῖς
269 3269 541 3323 εὐσεϐέσιν
589 3270 867 3335 ἐπάθλων,
928 3269 1329 3342 ἀποτρέπεσθαι
1383 3271 1440 3323 δὲ
1494 3274 1657 3343 πάσης

1779 3268 2165 3337 sapientissimi
2197 3267 2421 3331 fuerint,
2452 3278 2721 3339 quatenus
2759 3277 3009 3323 naturam
3052 3269 3213 3323 habet
3256 3276 3339 3322 at-

152 3357 304 3421 κακίας
347 3359 431 3412 διὰ
478 3361 585 3423 τὰς
636 3360 1019 3430 ὲπηρτημένας
1068 3363 1179 3424 τοῖς
1228 3361 1449 3416 ἀσεϐέσι
1501 3380 1657 3433 τιμω-

1776 3374 1883 3428 que
1911 3370 2014 3420 est,
2058 3359 2331 3415 diversam
2377 3361 2539 3415 esse?
2568 3362 2633 3415 ad
2676 3361 2809 3424 haec,
2847 3376 2971 3415 cum
3008 3360 3110 3414 fori
3143 3361 3334 3423 divini,

152 3446 266 3511 ρίαςς
318 3450 400 3502 Ἐν
429 3454 551 3514 τοῖς
580 3450 925 3520 δογματικοῖς
952 3449 1061 3505 τῶν
1087 3451 1249 3505 αὐτοῦ
1278 3453 1450 3521 λόγων
1478 3470 1657 3525 παρει-

1770 3450 2071 3520 judiciique
2100 3450 2268 3505 futuri
2304 3450 2580 3506 assiduam
2611 3453 2936 3506 mentionem
2969 3450 3179 3515 fecerit,
3215 3466 3339 3519 sup-

150 3533 352 3608 λήφαμεν
392 3538 532 3595 εἶναί
580 3559 731 3605 τινας
774 3541 907 3612 μετά
956 3542 1047 3594 τὸν
1093 3542 1353 3598 ἀνωτάτω
1405 3544 1537 3597 Θεὸν
1583 3544 1657 3598 δυ·

1776 3544 2042 3613 pticiaque
2067 3557 2129 3597 ac
2162 3557 2351 3612 poenas
2381 3542 2721 3597 inevitabiles
2755 3541 2937 3611 impiis
2959 3540 3334 3609 descripserit,

150 3627 331 3696 νάμις,
386 3633 716 3703 ἀσωμάτους
770 3634 869 3704 τὴν
925 3634 1085 3703 φύσιν
1144 3636 1237 3688 καὶ
1295 3634 1522 3705 νοεράς,
1582 3634 1657 3687 λο·

1768 3634 1933 3703 justis
1962 3650 2089 3688 vero
2132 3641 2388 3688 aeternam
2430 3648 2460 3685 a
2493 3631 2604 3686 Deo
2644 3633 2805 3685 vitam
2853 3632 3113 3701 promitti,
3151 3640 3205 3685 et
3242 3646 3334 3685 reo

149 3719 275 3783 γυιάς
316 3738 369 3773 τε
404 3724 499 3775 καὶ
550 3722 917 3793 παναρέτους,
951 3723 1041 3775 τὸν
1102 3722 1447 3794 παμϐασιλέα
1484 3740 1657 3795 χορευ·

1772 3740 1935 3793 gnum
1970 3724 2213 3785 caeleste,
2258 3728 2311 3775 et
2359 3720 2567 3776 felicem
2605 3737 2727 3775 cum
2780 3721 2898 3791 ipso
2947 3719 3056 3774 Deo
3107 3720 3333 3785 victum,

151 3807 304 3874 θύσας,
367 3807 440 3865 ὧν
492 3814 715 3877 πλείους
790 3816 884 3867 καὶ
953 3814 1112 3885 μέχρι
1174 3812 1473 3885 ἀνθρώπων
1552 3813 1657 3867 νεύ-

1774 3814 2020 3868 docuerit
2052 3834 2065 3868 :
2098 3830 2255 3884 quem
2282 3815 2497 3868 tandem
2520 3814 2771 3881 decipere
2795 3812 3005 3881 potuit?
3035 3826 3214 3865 nonne
3237 3825 3337 3880 po-

153 3915 249 3965 ματι
285 3902 367 3954 τοῦ
417 3904 639 3975 Πατρὸς
692 3905 779 3958 διά
832 3922 981 3968 τινας
1028 3905 1325 3976 σωτηρίους
1366 3905 1657 3975 οἰκονομίας

1775 3905 1883 3959 tius
1909 3904 2226 3961 adhortatus
2251 3915 2334 3960 est
2355 3920 2544 3959 eorum
2567 3904 2908 3973 praemiorum
2933 3916 3121 3964 causa,
3154 3917 3275 3971 qua:
3301 3916 3333 3955 a

151 3993 452 4050 ἀπεστάλθαισ
504 3998 575 4061 ἂς
624 3998 687 4068 δὴ
740 3998 1023 4068 γνωρίζειν
1070 3998 1163 4051 καὶ¹
1212 4000 1374 4068 τιμᾷν
1426 3998 1567 4050 κατά
1610 3999 1657 4051 τί

1766 3995 1931 4064 justis
1962 4002 2349 4064 exspectantur
2371 3996 2425 4048 in
2452 3996 2705 4048 virtutem
2726 3993 3156 4047 incumbere?ab
3184 3992 3332 4045 omni

152 4083 304 4156 μέτρον
335 4089 426 4159 τῆς
455 4088 619 4152 ἀξίας
648 4088 1019 4159 ἐδιδάχθημεν,
1058 4088 1201 4159 μόνῳ
1229 4090 1305 4160 τῷ
1343 4089 1657 4159 παμϐασιλεῑ

1772 4101 1898 4139 vero
1928 4088 2132 4140 malitia
2165 4088 2449 4150 deterruit,
2481 4095 2702 4156 propter
2747 4085 3119 4157 impendentes
3150 4087 3332 4156 impiis

150 4172 239 4243 Θεῴ
273 4178 360 4249 τὴν
412 4181 712 4251 σεϐάσμιον
756 4180 919 4251 τιμὴν
963 4180 1489 4251 ἀπονέμοντεςμεἜτι
1532 4182 1657 4252 πρὸς

1770 4181 2001 4249 ptcnas?
2033 4179 2206 4234 Porro
2242 4188 2422 4235 autem
2452 4196 2517 4235 ex
2559 4180 2705 4235 illius
2741 4180 2975 4235 decretis
3020 4180 3331 4248 accepimus

149 4264 312 4328 τούτοις
337 4268 579 4340 ἔγνωμεν
628 4270 755 4335 παρ’
784 4269 945 4322 αὑτοῦ
979 4269 1237 4340 μαθόντες
1280 4270 1541 4340 πολεμίας
1583 4288 1657 4323 τι-

1766 4288 1889 4328 esse
1924 4274 2186 4341 quasdam
2220 4284 2341 4343 post
2365 4288 2676 4342 supremum
2709 4270 2874 4327 Deum
2910 4279 3205 4341 potestates
3229 4285 3330 4324 na-

150 4355 221 4418 ’θάς
255 4364 334 4414 καὶ
377 4364 579 4436 ὲχθράς
622 4365 715 4418 τοῦ
768 4365 1101 4437 ἀνθρωπείου
1149 4365 1336 4433 γένους
1384 4366 1528 4436 ἀμφὶ
1576 4366 1657 4418 τὸν

1769 4371 1889 4417 tura
1938 4366 2308 4433 incorporeas,
2372 4364 2753 4433 intelligentes,
2815 4363 3107 4417 rationales
3152 4362 3331 4415 omni-

150 4447 244 4513 περὶ
285 4453 377 4524 γῆν
435 4455 579 4525 ἀέρα
631 4455 933 4518 πωτᾶσθαι,
978 4457 1070 4509 καὶ
1119 4458 1214 4509 σὺν
1255 4458 1367 4519 τοῖς
1407 4460 1657 4528 πονηροῖς

1767 4471 1873 4523 que
1904 4458 2104 4508 virtute
2147 4454 2424 4524 praeditas,
2476 4470 2596 4524 quae
2638 4457 2842 4508 circum
2876 4469 3055 4523 regem
3088 4453 3329 4507 universi

149 4535 388 4611 διατρίϐειν
418 4547 678 4616 δυνάμεις
705 4547 987 4617 δαιμόνων,
1018 4549 1109 4601 καὶ
1135 4550 1458 4618 πνευμάτων
1502 4564 1657 4618 πονη-

1772 4543 1925 4613 107
1961 4544 2158 4598 choros
2209 4551 2495 4598 exerceant
2551 4559 2566 4599 :
2619 4559 2849 4614 quarum
2920 4543 3104 4612 plures
3166 4544 3329 4597 etiam

150 4626 248 4694 ρῶν,
273 4636 355 4686 καὶ
388 4638 498 4689 τῶν
531 4639 588 4689 ὲν
612 4626 822 4699 τούτοὶς
852 4639 1146 4708 ἀρχόντων,
1177 4636 1270 4699 οὓς
1301 4638 1459 4689 παντὶ
1488 4636 1657 4690 σθένει

1771 4650 1943 4705 usque
1971 4635 2038 4688 ad
2076 4636 2327 4692 homines
2362 4636 2532 4705 ipsius
2564 4636 2737 4707 patris
2778 4643 2936 4698 nutu,
2968 4634 3205 4704 quadam
3238 4651 3329 4689 sa-

151 4718 322 4789 φεύγειν
373 4728 805 4799 πεπαιδεύμεθα·
864 4732 912 4781 εί
943 4729 1035 4781 καὶ
1097 4730 1177 4781 ὅτι
1240 4727 1471 4799 μάλιστα
1527 4728 1657 4782 θεῶν

1770 4726 1931 4780 tutari
1982 4727 2341 4798 dispositione
2388 4729 2695 4792 mittantur,
2738 4743 2981 4798 quasque
3030 4735 3084 4783 et
3132 4743 3331 4798 cogno-

150 4820 459 4891 προσηγορίας
509 4825 603 4875 καὶ
651 4823 813 4893 τιμὰς
853 4825 1063 4887 ἑαυτοῖς
1096 4823 1492 4894 ὑφαρπάζουσα
1533 4823 1657 4877 ταύ-

1768 4836 1943 4885 scere,
1976 4832 2029 4876 et
2062 4822 2308 4877 venerari
2344 4836 2441 4891 pro
2472 4822 2701 4885 ratione,
2735 4821 3014 4891 graduque
3048 4820 3330 4891 dignitatis

150 4916 220 4972 τις
254 4908 291 4961 δ’
318 4910 402 4967 οὖν
452 4915 536 4969 ἔτι
574 4916 767 4986 μᾶλλον
806 4917 905 4984 τῆς
938 4917 1230 4987 θεομαχίας
1280 4917 1372 4969 καὶ
1417 4917 1515 4988 τῆς
1547 4916 1657 4970 θεο-

1767 4914 1942 4967 edocti
1990 4929 2201 4978 sumus,
2243 4920 2303 4967 ut
2343 4912 2441 4969 soli
2481 4911 2609 4977 Deo,
2644 4914 2734 4984 qui
2781 4929 2877 4968 rex
2926 4922 3013 4968 est
3062 4913 3326 4975 universi,

148 5006 319 5079 εκθρὶας
360 5016 544 5071 ἕνεκεν
585 5020 989 5092 ἀποτρεπταίας
1036 5015 1194 5083 εἶναι,
1241 5019 1361 5073 καθ’
1394 5020 1459 5083 ἀς
1496 5021 1553 5073 ἐν
1592 5023 1657 5090 τῇ

1767 5006 2104 5062 adorationis
2150 5007 2411 5062 honorem
2458 5007 2784 5061 tribuamus.
2820 5005 2902 5058 Ab
2952 5005 3142 5059 eodem
3190 5018 3328 5072 prae—

1767 5104 1910 5153 terea
1939 5098 2250 5159 didicimus,
2282 5099 2505 5152 hostiles
2534 5097 2797 5168 quasdam
2838 5096 3192 5163 inimicasque
3218 5093 3325 5147 bu-

1766 5190 1910 5243 mani
1945 5189 2179 5258 generis,
2216 5204 2310 5258 per
2337 5189 2501 5249 hunc.
2542 5189 2635 5259 qui
2668 5189 2874 5242 circum
2915 5195 3112 5241 terram
3140 5198 3326 5239 versa-

1765 5288 1874 5346 tur,
1905 5295 2105 5345 aerem,
2139 5282 2321 5335 volare
2344 5290 2643 5350 potestates
2665 5281 2969 5334 daemonum
2999 5277 3322 5346 spirituum.

1762 5386 1869 5441 que
1899 5371 2186 5434 malorum,
2230 5386 2547 5439 eorumque,
2581 5371 2674 5441 qui
2708 5371 2763 5424 in
2811 5368 2916 5423 illis
2958 5367 3319 5438 principatum

1762 5473 1967 5525 tenent,
1997 5478 2116 5534 quae
2143 5478 2266 5517 cum
2302 5465 2461 5517 malis
2497 5462 2806 5516 hominibus
2842 5468 3148 5527 versentur,
3186 5476 3323 5530 quas

1761 5565 1820 5610 ut
1856 5559 2001 5611 omni
2037 5566 2235 5611 conatu
2265 5556 2558 5627 fugiamus,
2602 5556 2655 5608 in
2694 5556 2978 5625 praeceptis
3019 5554 3319 5609 habemus:

152 5610 186 5659 εὶ
207 5611 438 5692 ὠφέὶιμα,
466 5626 512 5677 εί
539 5624 821 5693 φιλόσοφα,
853 5624 901 5675 εί
940 5623 1138 5693 ἀρετῆς
1184 5624 1373 5693 μεστὰ,
1407 5624 1546 5677 τίσιν
1588 5623 1654 5678 ἂν

1763 5648 2088 5703 tametsi-vel
2129 5662 2290 5718 quam
2326 5610 2558 5702 maxime
2586 5647 2811 5701 deorum
2844 5646 3234 5717 appellationes
3268 5652 3324 5699 et

154 5711 333 5783 ἲῦλόγως
370 5726 395 5775 ὁ
441 5725 644 5779 τούτων
693 5725 1010 5788 διδάσκαλος
1060 5726 1413 5796 ὲπιγράφοιτο
1460 5728 1517 5780 τὸ
1560 5727 1652 5781 τοῦ

1763 5739 1939 5794 cultus
1968 5740 2071 5794 sibi
2095 5711 2228 5810 ipsis
2251 5748 2527 5810 arrogant,
2558 5740 2836 5810 multoque
2863 5711 3025 5794 etiam
3055 5738 3225 5808 magis
3250 5736 3322 5791 ab

154 5811 305 5871 πλάνου
323 5822 506 5894 δνομα;
550 5825 710 5880 Ἀλλά
735 5826 905 5879 ταῦτα
963 5827 1060 5897 μὲν
1081 5826 1156 5889 ὡς
1191 5829 1320 5898 περὶ
1347 5827 1522 5882 κοινοῦ
1552 5829 1653 5899 τὴν

1763 5829 1867 5885 illis
1924 5844 2045 5886 esse
2083 5830 2488 5895 declinandum,
2530 5838 2751 5900 propter
2791 5830 2931 5885 hanc
2978 5830 3150 5898 ipsam
3193 5843 3317 5883 cum

151 5106 566 5190 Προπαρασκευῇ
620 5121 962 5193 πεποιήμεθα
1000 5120 1088 5174 διὰ
1132 5120 1396 5173 πλείστων
1442 5122 1661 5173 ἀποδείο

150 5203 246 5270 ἕεις·
275 5213 493 5273 Τοιαῦτα
520 5220 654 5274 ἄττα
691 5220 942 5291 τυγχάνει
973 5221 1067 5273 καὶ
1099 5221 1155 5272 ὲν
1181 5221 1291 5282 τοῖς
1315 5219 1661 5289 δογματικοῖς

153 5312 375 5386 μαθήμασι
396 5322 487 5375 τοῦ
508 5322 757 5394 Σωτῆρος
781 5322 937 5394 ἡμῶν
960 5321 1356 5394 ἀναφερόμενα,
1388 5322 1658 5390 Ἐϐραίων

149 5412 389 5477 nimam
420 5423 677 5494 θεοφιλῶν
711 5424 917 5495 ἀνδρῶν
954 5440 1013 5475 τε
1055 5424 1147 5475 καὶ
1187 5424 1478 5494 προφητῶν
1513 5423 1657 5477 ἄντι-

153 5523 251 5579 κρυς
294 5520 467 5594 εὐσεϐῆ
521 5522 879 5593 παιδεύματα.
919 5524 980 5575 Εἰ
1007 5521 1072 5594 δὴ
1118 5519 1209 5576 οὖν
1246 5523 1415 5581 ταῦτα
1460 5524 1652 5596 σεμνὰ,
