3954 6526
571 419 674 478 I35
1205 411 1474 472 EUSEBII
1505 407 1986 470 CESARIENSIS
2019 413 2170 470 OPP.
2210 409 2393 467 PARS
2425 402 2493 465 11.
2533 439 2606 454 ——
2641 401 3139 465 APOLOGETICA.
3709 399 3828 454 I96

571 535 681 588 Deo
711 531 1145 604 repugnantiam,
1175 530 1384 600 hasque
1431 527 1694 582 adversus
1740 525 1908 582 Deum
1955 528 2132 582 inimi-

2239 529 2394 598 φύσιν
2437 523 2725 597 ἀνθρώπου
2768 523 2902 584 τέως
2935 517 3232 592 ἐξητάσθω,
3273 531 3656 591 παραστατικα
3711 517 3824 588 τῆς

571 625 730 681 citias
760 645 772 679 :
797 622 1248 694 quemadmodum
1287 621 1450 674 latius
1495 619 1548 673 in
1594 617 1996 687 Prwparatione
2035 619 2130 674 de-

2239 619 2439 691 σεμνῆς
2465 618 2558 672 καὶ
2575 615 2865 688 βιωφελοῦς
2889 611 3230 676 διδασκαλίας
3255 610 3418 666 αὐτοῦ
3447 609 3808 681 τυγχάνοντα

571 717 1015 772 monstravimus.
1075 713 1219 768 Sane
1267 711 1648 781 hujuscemodi
1693 719 1844 776 sunt,
1896 727 2018 782 quae
2075 712 2131 766 in

2239 714 2391 785 Φέρε,
2423 713 2487 783 δὴ
2519 710 2613 764 καὶ
2646 708 2714 762 τὰ
2739 709 2982 779 θειότερα
3015 703 3360 776 σκεψώμεθα.

571 809 850 878 praeceptis
910 817 1071 876 atque
1134 807 1402 862 institutis
1447 803 1746 861 Salvatoris
1809 805 1984 861 nostri
2035 805 2303 873 feruntur,
2353 821 2480 861 vere
2529 805 2832 876 priscorum
2897 801 3262 861 Hebraeorum,
3317 799 3409 869 qui
3467 797 3578 854 Deo
3651 792 3828 868 grati

571 898 742 962 fuere,
786 907 898 952 tum
930 899 1192 962 virorum,
1251 905 1365 952 tum
1407 899 1811 969 prophetarum,
1857 900 1944 969 pia
2000 909 2296 970 sanctaque
2348 899 2690 953 documenta.
2722 895 2876 962 Quod
2941 895 2988 950 si
3051 894 3164 949 haec
3207 894 3522 963 gravitatem
3573 889 3828 950 habent,

569 995 614 1048 si
669 993 978 1056 utilitatem,
1041 991 1086 1046 si
1140 990 1378 1045 studium
1427 991 1728 1060 sapientiae,
1787 991 1832 1044 si
1887 989 2120 1059 denique
2157 991 2304 1044 omni
2364 989 2564 1044 virtute
2620 986 2821 1042 referta
2851 992 3022 1040 sunt:
3060 999 3167 1054 quo
3193 983 3406 1038 tandem
3442 982 3581 1050 jure.
3619 997 3822 1052 quave

571 1082 782 1138 ratione
825 1082 895 1148 ei,
949 1081 1044 1150 qui
1081 1081 1209 1134 talia
1257 1081 1524 1144 docuerit,
1575 1081 1884 1136 ascribatur
1929 1095 2126 1135 nomen
2168 1080 2504 1137 seductoris?
2537 1085 2590 1134 et
2621 1079 2734 1132 haec
2779 1076 2997 1147 quidem
3036 1085 3293 1146 tanquam
3330 1075 3397 1130 de
3445 1089 3509 1128 eo
3550 1075 3820 1138 homine,

570 1177 664 1246 qui
727 1191 756 1230 a
797 1175 1010 1229 caeteris
1057 1183 1252 1228 natura
1301 1189 1410 1229 non
1443 1175 1676 1240 differat,
1713 1175 1986 1246 disputata
2036 1176 2166 1241 sint,
2210 1189 2329 1246 quat
2367 1173 2618 1229 videlicet
2649 1181 2703 1228 et
2755 1187 2994 1244 gravem,
3041 1177 3095 1225 et
3143 1170 3248 1240 ipsi
3278 1169 3400 1223 vitae
3427 1169 3614 1224 utilem
3655 1170 3821 1224 illius

575 1267 881 1323 doctrinam
921 1265 1211 1320 exhibeant
1243 1284 1256 1319 :
1291 1282 1438 1320 nunc
1478 1283 1541 1322 ea
1581 1283 1702 1338 quae
1745 1269 1919 1338 magis
1954 1268 2137 1323 divina
2171 1269 2300 1333 sint,
2331 1265 2760 1322 consideremus.

852 1403 942 1458 1V.
985 1403 1061 1458 De
1086 1403 1424 1458 divinioribus
1453 1403 1651 1460 Christi
1677 1407 1855 1476 gestis.

2271 1405 2342 1458 A'.
2377 1402 2514 1471 Περὶ
2544 1399 2662 1456 τῶν
2695 1397 3000 1468 θειοτέρων
3048 1399 3234 1468 ἔργων
3265 1395 3448 1451 αὑτοῦ
3485 1395 3786 1464 Χριστοῦ.

643 1518 722 1574 Ac
757 1520 990 1589 primum
1013 1520 1252 1574 omnium
1279 1520 1728 1589 contemplemur,
1759 1535 1868 1589 quo
1895 1527 2135 1589 tempore

2305 1517 2414 1572 Καὶ
2437 1517 2500 1589 δὴ
2532 1515 2875 1586 σκεψώμεθα,
2911 1516 3050 1568 ὅσων
3087 1516 3179 1567 καὶ
3205 1514 3330 1566 οἵων
3361 1513 3456 1566 σὺν
3497 1509 3820 1582 ἀνθρώποις

571 1618 823 1666 versatus
844 1619 927 1665 est
967 1625 1090 1664 cum
1131 1611 1462 1674 hominibus,
1495 1618 1648 1681 quot,
1683 1591 2133 1681 qualiaque'sint,

2239 1610 2333 1674 τὰς
2360 1608 2634 1681 διατριὸὰς
2663 1607 3048 1678 πεποιημένος,
3081 1603 3392 1678 παραδόξων
3429 1605 3619 1673 γέγονε
3649 1621 3814 1674 ποιη·

575 1717 696 1772 qua:
725 1700 1044 1754 mirabiliter
1087 1700 1336 1770 gesserit,
1385 1715 1530 1753 nunc
1563 1700 1782 1769 quidem
1821 1700 2026 1769 lepram
2069 1698 2135 1754 de

2239 1695 2330 1766 τὴς
2363 1695 2559 1767 ἔργων,
2589 1696 2708 1749 τοτὲ
2750 1695 2848 1766 μὲν
2880 1695 3112 1766 λεπροὺς
3149 1695 3211 1746 τὸ
3243 1693 3396 1764 σῶμα
3427 1693 3652 1763 δυνάμει
3687 1692 3820 1764 θείᾳ

573 1793 896 1863 corporibus
921 1793 1166 1862 ejiciens,
1198 1807 1373 1862 eaque
1403 1792 1667 1846 divinitus
1699 1807 1958 1862 purgans,
1989 1807 2135 1846 nunc

2239 1789 2530 1860 καθαίρων,
2582 1789 2702 1842 τοτὲ
2765 1789 2824 1841 δὲ
2895 1787 3266 1858 προστάγματι
3339 1786 3494 1855 λόγου
3547 1786 3679 1848 τοὺς
3757 1787 3822 1841 ὲν

571 1899 706 1938 vero
729 1884 887 1952 jussu
913 1884 1062 1938 verbi
1087 1884 1360 1938 daemonas
1385 1898 1449 1937 ex
1485 1883 1798 1936 hominibus
1819 1885 2094 1952 expellens
2119 1901 2131 1936 :

2239 1879 2540 1952 ἀνθρώποις
2572 1880 2829 1951 δαίμονας
2864 1878 3122 1942 ἐλαύνων,
3161 1879 3256 1932 καὶ
3289 1879 3474 1932 ἄλλοτε
3523 1879 3689 1933 πάλιν
3721 1897 3821 1934 νο-

575 1975 710 2030 alias
750 1991 942 2028 rursus
970 1975 1382 2044 aegrotantibus,
1418 1975 1674 2044 omnique
1703 1975 2022 2043 languorum
2051 1989 2135 2042 ge-

2245 1973 2618 2044 σηλευομένοις
2651 1974 2920 2036 παντοίοις
2942 1973 3230 2026 ἀσθενειῶν
3269 1972 3432 2026 εἴδεσι
3461 1989 3821 2027 καταπονου-

574 2080 707 2120 nere
747 2065 1140 2127 laborantibus,
1176 2065 1462 2118 sanitatem
1516 2063 1730 2118 abunde
1763 2063 2134 2132 suppeditans.

2245 2066 2428 2135 μένοις
2453 2065 2550 2136 τὴν
2583 2067 2724 2118 ῐασιν
2749 2064 2993 2134 ἀφθόνως
3015 2064 3368 2136 δωρούμενος.
3401 2065 3508 2118 Καὶ
3541 2067 3671 2120 ποτὲ
3711 2067 3822 2136 μὲν

574 2155 822 2224 Quodam
889 2171 1017 2210 vero
1067 2163 1310 2225 tempore
1376 2155 1538 2210 etiam
1605 2155 1904 2224 paralytico
1961 2153 2136 2208 dixit:

584 2265 603 2298 ι
634 2246 873 2318 Surgens
902 2249 1028 2304 tolle
1069 2249 1351 2318 grabatum
1393 2253 1542 2300 tuum
1573 2253 1628 2300 et
1657 2246 1874 2300 ambula
1901 2245 1968 2308 ⁸³,
2003 2264 2021 2297 ι
2056 2253 2140 2298 at-

573 2355 681 2408 que
731 2341 818 2393 ille
862 2339 1006 2410 quod
1052 2339 1378 2408 imperatum
1421 2348 1503 2392 est
1541 2337 1689 2392 fecit.
1723 2336 1936 2392 Rursus
1978 2337 2138 2393 cacis

575 2433 683 2485 alio
705 2439 967 2500 tempore,
995 2430 1243 2484 videnda:
1275 2431 1414 2484 lucis
1447 2429 1758 2484 facultatem
1785 2430 2013 2500 largitus
2035 2439 2134 2484 est.

573 2519 714 2576 Olim
753 2537 882 2576 vero
927 2521 1119 2574 mulier
1165 2535 1284 2590 quae
1318 2519 1600 2589 sanguinis
1645 2518 1792 2572 ﬂuxu
1830 2518 2132 2582 laborabat,

573 2622 628 2666 et
659 2627 832 2666 annos
857 2612 1121 2680 plurimos
1155 2626 1219 2665 eo
1249 2626 1447 2680 genere
1487 2610 1662 2664 morbi
1695 2610 2014 2673 vexabatur,
2045 2609 2138 2664 ubi

573 2705 710 2760 vidit
766 2704 1216 2758 innumerabilem
1266 2705 1470 2758 circum
1519 2703 1669 2756 illum
1715 2701 2136 2765 multitudinem,

575 2811 696 2865 quae
729 2810 1000 2864 nusquam
1053 2795 1400 2865 permittebat
1451 2802 1512 2848 ut
1546 2794 1612 2848 ad
1656 2793 1808 2846 illum
1859 2793 2140 2848 accederet

578 2903 644 2942 ac
689 2888 1040 2958 supplicaret,
1073 2887 1564 2957 liberationemque
1611 2902 1642 2940 a
1681 2887 1869 2940 morbo
1907 2893 2134 2955 peteret,

575 2987 875 3032 extremum
929 2980 1076 3033 illius
1130 2967 1508 3034 vestimentum
1567 2979 1830 3048 attingere
1879 2977 2140 3031 duntaxat

575 3070 852 3139 Cogitavit,
895 3071 1054 3139 108
1081 3079 1244 3138 atque
1267 3117 1274 3123 .
1297 3071 1368 3123 ita
1417 3071 1618 3136 subiit;
1649 3069 1980 3138 limbumque
2013 3082 2136 3121 cum

574 3162 1044 3231 apprehendisset,
1075 3177 1180 3216 una
1225 3177 1346 3216 cum
1387 3178 1451 3217 eo
1495 3162 1830 3216 curationem
1871 3161 2134 3215 malorum

2243 2155 2410 2225 ἔφησε
2444 2155 2826 2226 παραλυτικῷ·
2867 2175 2886 2205 ι
2928 2156 3182 2218 Ἀναστὰς
3215 2150 3344 2226 ἆρον
3376 2157 3465 2208 τὸν
3493 2155 3822 2228 κράὸδατὸν

2246 2263 2358 2314 σου,
2385 2249 2477 2302 καὶ
2504 2247 2788 2319 περιπάτει
2817 2262 2830 2274 ·
2863 2264 2881 2296 ι
2919 2249 2946 2299 ό
2972 2246 3028 2300 δὲ
3067 2247 3126 2298 τὸ
3155 2245 3438 2300 κελευσθὲν
3469 2247 3659 2302 ἐποίει.
3699 2248 3823 2300 Τυ-

2244 2343 2392 2410 φλοῖς
2419 2341 2475 2394 δὲ
2509 2340 2666 2393 πάλιν
2691 2339 2874 2393 ἄλλοτε
2917 2337 2984 2392 τά
3017 2337 3278 2418 stemma:
3303 2338 3394 2392 τοῦ
3423 2339 3594 2406 φωτὸς
3620 2340 3822 2409 ἐχαρί-

2243 2433 2384 2498 ζετο.
2413 2432 2550 2500 Ἤδη
2581 2430 2640 2483 δέ
2677 2440 2806 2484 ποτε
2848 2432 2940 2483 καὶ
2983 2429 3348 2502 αἱμορροοῦσα
3394 2429 3529 2501 γυνὴ
3565 2433 3820 2500 μακραῖς

2243 2525 2378 2577 ἑτῶν
2424 2523 2688 2595 περιόδοις
2725 2523 2862 2594 πρὸς
2910 2523 3002 2577 τοῦ
3061 2521 3264 2585 πάθους
3319 2521 3816 2592 κατατρυχομένη,

2243 2617 2426 2688 ἐπειδὴ
2460 2615 2602 2687 ἐώρα
2638 2615 2804 2686 μυρία
2837 2615 3008 2686 πλήθη
3034 2613 3333 2668 κυκλοῦντα
3366 2613 3547 2678 αὐτὸν,
3573 2613 3668 2666 καὶ
3703 2631 3820 2684 μηδ

2241 2708 2426 2778 δαμῶς
2450 2706 2810 2778 ἐπιτρέποντα
2836 2707 2972 2776 αὐτῇ
3001 2703 3361 2774 γονυτιετῆσαι
3393 2701 3774 2775 προσελθούσῃ
3798 2741 3814 2767 ,

2241 2801 2334 2854 τοῦ
2383 2818 2440 2854 τε
2487 2799 2687 2862 πάθους
2719 2798 2816 2869 τὴν
2859 2796 3175 2868 ἀπαλλαγὴν
3201 2795 3618 2866 ἐξαιτήσασθαι,
3667 2793 3818 2848 ἁλὶὲ

2242 2894 2338 2946 καὶ
2363 2893 2529 2964 ἄκρου
2551 2891 2644 2944 τοῦ
2667 2890 2877 2960 ἱματίου
2902 2889 3244 2960 προσψαῦσαι
3267 2889 3425 2958 μόνον
3441 2887 3814 2958 διανοηθεῖσα,

2242 2984 2509 3048 ὑποδύνει,
2532 2984 2628 3038 καὶ
2656 2981 2750 3034 τοῦ
2781 2981 3084 3052 κρασπέδου
3115 2979 3506 3051 ἐπιλαϐομένη,
3539 2978 3676 3049 ὁμοῦ
3715 2980 3818 3034 καὶ

2241 3077 2340 3145 τῆς
2383 3076 2490 3128 τῶν
2523 3073 2708 3128 κακῶν
2761 3074 2952 3136 ἰάσεως
2997 3072 3320 3136 ἐπελάϐετο,
3359 3071 3700 3143 παραχρῆμά
3749 3089 3816 3126 τι

2243 3165 2401 3237 ὑγιὴς
2431 3161 2497 3237 ἦν
2517 3205 2532 3230 ,
2563 3166 2662 3236 τῆς
2706 3163 2801 3217 τοῦ
2839 3163 3089 3233 Σωτῆρος
3119 3163 3274 3232 ἡμῶν
3303 3161 3484 3216 ἐνθέου
3522 3161 3816 3232 δυνάμεως

577 3251 955 3320 apprehendit,
1000 3261 1164 3322 atque
1197 3253 1343 3306 illico
1385 3269 1516 3308 sana
1567 3253 1764 3316 evasit,
1805 3252 1886 3306 sic
1919 3251 2135 3320 quidem

2239 3257 2433 3328 δεῖγμα
2462 3257 2713 3328 μέγιστον
2747 3253 3194 3324 ὲπικομιζομένη.
3239 3253 3426 3316 Ἄλλος
3451 3253 3508 3306 δέ
3535 3270 3618 3315 τις
3647 3253 3816 3322 βασι-

574 3344 772 3400 divina:
804 3344 1104 3400 Salvatoris
1137 3349 1312 3401 nostri
1339 3347 1560 3401 virtutis
1590 3347 1883 3400 maximum
1925 3346 2140 3416 signum

573 3446 882 3506 reportans.
907 3438 1060 3498 Alius
1084 3449 1263 3494 autem
1289 3441 1510 3510 quidam
1543 3440 1627 3493 vir
1655 3441 1898 3511 regulus,
1929 3453 2050 3492 cum
2073 3435 2142 3490 ad

571 3523 701 3580 Jesu
739 3529 902 3597 pedes
937 3530 1246 3594 cecidisset,
1283 3533 1448 3584 lilium
1483 3531 1576 3601 qui
1613 3531 1910 3602 aegrotabat
1937 3529 2140 3584 evesti-

573 3619 662 3688 gio
692 3634 884 3674 sanum
926 3624 1153 3692 recepit.
1197 3623 1386 3676 Filiam
1431 3624 1558 3677 item
1591 3624 1752 3687 alius,
1787 3619 2140 3692 qniJudaica:

577 3707 872 3780 Synagog‘m
913 3713 1164 3782 princeps
1204 3723 1340 3778 erat,
1389 3724 1441 3768 et
1478 3715 1566 3767 hic
1605 3715 1822 3784 quidem
1844 3713 1952 3782 jam
1994 3727 2142 3766 mor-

573 3811 742 3856 tuam.
770 3801 906 3868 Quid
938 3820 1066 3858 vero
1095 3803 1299 3869 dicam,
1325 3805 1469 3874 quod
1493 3807 1632 3861 alius
1657 3809 1767 3875 jam
1790 3804 2138 3875 quatriduum

573 3904 844 3956 mortuus,
891 3895 1090 3950 virtute
1117 3895 1247 3950 Jesu
1298 3898 1565 3952 excitatus
1608 3899 1840 3953 est?ch
1885 3897 2029 3967 quod
2083 3897 2138 3949 in

575 3983 711 4035 mari
743 3991 1000 4056 tanquam
1037 3987 1090 4039 in
1121 3996 1263 4041 terra
1307 4004 1414 4058 qua
1441 3990 1657 4057 publice
1687 3990 1799 4042 itur
1827 3989 1956 4044 olim
1985 3987 2138 4058 pedi-

571 4072 678 4129 bus
715 4074 992 4143 ingressus
1030 4085 1134 4142 est,
1181 4079 1353 4148 ipsius
1393 4079 1610 4134 interim
1651 4080 1939 4150 discipulis
1985 4081 2137 4133 navi-

572 4165 865 4234 gantibus?
911 4175 964 4222 et
1011 4171 1154 4238 quod
1187 4170 1348 4225 iidem
1387 4185 1512 4224 cum
1547 4171 1774 4226 adversa
1819 4179 2138 4242 tempestate

573 4255 930 4326 agitarentur,
972 4277 1142 4328 mare,
1175 4261 1394 4328 (luctus,
1431 4273 1622 4320 ventos
1653 4265 1945 4334 increpuit,
1975 4274 2138 4333 atque

571 4347 754 4401 omnia
785 4352 1034 4419 protinus
1071 4362 1330 4424 tanquam
1371 4355 1584 4410 Domini
1620 4372 1804 4412 vocem
1839 4357 2138 4410 formidan-

572 4439 648 4493 tia
698 4444 1084 4499 constiterunt.
1147 4445 1284 4502 Cum
1327 4463 1456 4502 vero
1498 4450 1737 4518 quinque
1779 4449 1947 4504 millia
1985 4449 2136 4504 viro-

570 4550 716 4599 rum,
777 4551 882 4590 una
947 4552 1070 4591 cum
1123 4538 1506 4594 innumerabili
1563 4541 1886 4596 feminarum
1937 4557 2132 4612 puero-

570 4645 800 4698 rumque
827 4629 1178 4684 multitudine
1217 4633 1459 4701 quinque
1501 4649 1610 4686 non
1641 4633 1872 4702 amplius
1902 4635 2132 4704 panibus

570 4720 784 4775 abunde
811 4721 1081 4790 quondam
1113 4724 1462 4786 saturaverit,
1491 4723 1654 4786 “adeo,
1687 4733 1744 4778 ut
1779 4741 1900 4795 quae
1936 4741 2130 4796 super~

573 4815 792 4870 fuerunt
837 4815 1101 4883 reliquiae,
1141 4813 1428 4869 duodecim
1469 4817 1732 4885 cophinos
1773 4817 1998 4887 implere
2035 4833 2132 4887 po-

572 4902 796 4964 tuerint,
857 4917 1015 4971 quem
1073 4917 1181 4957 non
1229 4913 1450 4972 stupore
1497 4905 1775 4958 aﬂ‘ccerit?
1827 4917 1920 4960 aut
1969 4923 2128 4978 quem

570 5007 678 5047 non
711 4991 907 5046 merito
941 4991 1007 5044 ad
1055 4991 1405 5060 quaerendum
1451 4993 1518 5048 de
1573 4995 1742 5063 ipsius
1790 5009 1989 5050 arcana
2035 5013 2132 5050 oc-

568 5085 824 5154 cultaque
851 5085 1053 5138 virtute
1097 5085 1454 5140 excitaverit?
1499 5087 1595 5142 sed
1635 5103 1703 5142 ne
1735 5089 1868 5143 mihi
1901 5106 2044 5145 nunc
2077 5091 2132 5146 in

571 5176 789 5245 longum
843 5175 1007 5230 nimis
1049 5175 1284 5230 ducatur
1330 5177 1526 5242 oratio,
1571 5189 1844 5249 postrema
1887 5184 2128 5238 omnium

567 5265 714 5320 illius
753 5281 900 5322 mors
940 5277 1262 5336 exponatur,
1299 5285 1420 5340 qum
1445 5285 1554 5324 non
1581 5273 1854 5327 communi
1895 5275 2135 5345 reliquo-

565 5371 686 5410 rum
719 5357 997 5413 hominum
1031 5375 1182 5415 more
1209 5361 1438 5418 exstitit.
1465 5361 1579 5418 Non
1611 5363 1756 5419 enim
1783 5366 1974 5420 morbo
2001 5381 2134 5420 con-

567 5456 840 5516 sumptus,
882 5465 945 5504 ac
983 5467 1048 5506 ne
1080 5453 1275 5522 laqueo
1325 5453 1566 5524 quidem,
1618 5463 1712 5510 aut
1763 5455 2126 5526 ignezneqnc

565 5552 697 5592 vero
738 5538 806 5592 ad
857 5555 1060 5596 morem
1099 5545 1456 5615 reliquorum,
1499 5548 1592 5617 qui
1633 5547 1704 5603 ob
1749 5551 1956 5605 scelera
2003 5565 2123 5613 sua,

567 5635 746 5692 crucis
785 5639 1052 5708 supplicio
1082 5643 1217 5696 allici
1249 5643 1449 5714 solent,
1487 5647 1743 5705 cruribus
1771 5647 1956 5704 itidem
1981 5647 2126 5704 ferro

638 5813 683 5844 ⁸³
711 5811 876 5868 Ilarc.
913 5830 974 5880 ιι,
999 5815 1071 5871 9-
1091 5815 1184 5874 il.

2241 3348 2388 3412 λικδς
2415 3349 2550 3420 ἀνὴρ
2593 3347 2778 3412 κακῶς
2809 3347 2997 3417 ἔχοντα
3029 3347 3118 3400 τὸν
3147 3345 3339 3412 παῖδα,
3375 3345 3694 3415 προσπεσὼν
3731 3347 3816 3416 τῷ

2253 3440 2446 3512 Ἰησοῦ,
2479 3439 2818 3512 παραχρῆμα
2849 3439 2983 3491 σῶον
3011 3437 3380 3507 ἀπελάμϐανε.
3403 3437 3510 3489 Καὶ
3531 3436 3816 3507 θυγατέρα

2241 3533 2398 3588 πάλιν
2417 3533 2595 3596 ἄλλος,
2637 3530 2900 3584 Ἰουδαίων
2927 3529 2982 3582 δὲ
3009 3528 3450 3601 ἀρχισυνάγωγος
3471 3523 3556 3598 ἦν,
3579 3527 3692 3580 ἀλλ’
3717 3523 3816 3580 οὖα

2239 3641 2328 3687 τος
2359 3625 2458 3695 ἤδη
2491 3623 2582 3676 καὶ
2613 3607 2899 3675 θανοῦσαν.
2935 3620 2998 3672 Τί
3038 3621 3118 3673 δεῖ
3159 3619 3334 3687 λέγειν
3378 3619 3452 3682 ὡς
3491 3623 3814 3690 τεταρταῖος

2240 3715 2394 3778 ἄλλος
2421 3716 2646 3786 δυνάμει
2671 3714 2764 3766 τοῦ
2800 3711 2973 3782 Ἰησοῦ
2999 3711 3190 3782 νεκρὸς
3221 3711 3506 3782 ὴγείρετος
3539 3710 3570 3781 ἢ
3601 3711 3677 3773 ὼς
3711 3711 3810 3762 ἔεπὶ¹

2241 3808 2525 3877 θαλάττης,
2547 3801 2636 3859 οἷα
2657 3807 2747 3872 ἐπὶ
2766 3805 3042 3876 λεωφόρου
3063 3805 3184 3874 γῆς,
3205 3803 3426 3874 πορείας
3450 3803 3605 3874 ἤνυεν
3628 3803 3816 3855 ποιούς-

2243 3903 2421 3972 μενος,
2446 3900 2552 3952 τῶν
2583 3897 2743 3952 αὐτοῦ
2777 3896 3030 3969 μαθητῶν
3059 3895 3434 3966 ἐμπλεόντωνς
3466 3895 3556 3946 καὶ
3585 3894 3662 3954 ὡς
3691 3911 3812 3964 χει-

2241 3991 2552 4062 μασθέντων
2587 3987 2884 4058 ἐπετίμησε
2927 3989 2992 4057 τῇ
3035 3985 3278 4058 θαλάσσῃ
3321 3987 3416 4038 καὶ
3453 3985 3532 4054 τῷ
3571 3983 3810 4038 κλύδωνι

2239 4083 2332 4136 καὶ
2375 4085 2486 4144 τοῖς
2521 4079 2743 4150 ἀνέμοις
2765 4119 2780 4142 ,
2833 4080 2926 4131 καὶ
2957 4079 3132 4132 πάντα
3165 4095 3227 4145 γε
3261 4076 3390 4146 ἔστη
3423 4075 3768 4147 παραχρῆμα
3789 4113 3806 4138 ,

2237 4169 2324 4228 οἷα
2349 4171 2604 4226 δεσπότου
2639 4171 2820 4241 φωνὴν
2848 4168 3306 4240 καταπτήξαντα;
3344 4167 3510 4220 Πέντε
3539 4167 3594 4220 δὲ
3625 4167 3806 4236 χιλιά-

2235 4267 2330 4328 δας
2353 4263 2559 4336 ἀνδρῶν
2589 4263 3040 4334 συνεπιπαρόντος
3061 4261 3250 4334 μυρίου
3271 4260 3428 4315 ἄλλου
3445 4261 3716 4330 γυναικῶν
3743 4277 3808 4317 το

2236 4359 2330 4410 καὶ
2357 4356 2561 4409 παίδων
2587 4353 2842 4425 πλήθους,
2866 4355 2930 4406 ὲκ
2951 4353 3108 4406 πέντε
3137 4353 3228 4406 τὸν
3257 4351 3485 4423 ἀριθμὸν
3515 4351 3693 4422 ἄρτων
3720 4353 3806 4415 εἰς

2236 4449 2394 4522 κόρον
2444 4447 2768 4519 πληρώσας,
2816 4447 2892 4510 ὡς
2957 4447 3048 4499 καὶ¹
3097 4446 3326 4517 περιττὰ
3381 4445 3648 4508 τοσαῦτα,
3699 4447 3806 4498 ὃσα

2240 4541 2398 4596 ἱκανὰ
2419 4537 2486 4612 ἦν
2507 4540 2790 4612 πληρῶσαι
2819 4537 3024 4592 δώδεκα
3044 4537 3295 4606 κοφίνους
3322 4535 3526 4602 λαϐεῖν,
3557 4537 3680 4590 τίνα
3701 4538 3808 4590 οὐκ

2236 4633 2301 4686 ἂν
2348 4631 2603 4702 ἐκπλήξει
2625 4671 2638 4694 ,
2673 4630 2764 4684 καὶ
2799 4629 2890 4681 ἐπὶ
2925 4627 3148 4698 ζήτησίν
3189 4645 3252 4695 γε
3297 4627 3518 4690 εἰκότως
3547 4627 3646 4696 τῆς
3681 4631 3804 4680 κατ’

2237 4727 2397 4780 αὑτὸν
2430 4726 2740 4796 ἀπορρήτου
2779 4721 3056 4791 δυνάμεως
3103 4720 3486 4785 ὲκκαλέσεταις
3531 4719 3666 4771 Ἀλλ’
3713 4721 3806 4774 ἵνα

2240 4821 2310 4890 μή
2352 4837 2439 4889 μοι
2469 4818 2536 4870 τὰ
2565 4817 2659 4872 νῦν
2691 4819 2718 4870 ὁ
2744 4815 2898 4882 λόγος
2927 4816 3006 4876 εἰς
3049 4812 3256 4883 μακρὸν
3289 4813 3460 4882 μῆκος
3487 4813 3806 4877 ἐκτείνοντο,

2235 4913 2328 4964 ἐπὶ
2361 4911 2522 4962 πᾶσιν
2553 4907 2818 4962 ἐκκείσθω
2849 4908 2878 4959 ὁ
2907 4904 3068 4958 αὑτοῦ
3097 4903 3322 4966 θάνατος
3342 4944 3356 4966 ,
3391 4903 3452 4956 οὐ
3486 4901 3660 4967 κοινὸς
3691 4907 3806 4968 τοῖς

2235 5004 2438 5066 λοιποῖς
2479 4999 2785 5072 ἀνθρώποις
2827 4997 3208 5068 γεγενημένος.
3254 4999 3326 5050 Οὐ
3378 4995 3486 5067 γὰρ
3513 4995 3652 5064 νόσῳ
3681 4995 3804 5048 δια-

2237 5093 2479 5165 φθαρεὶς,
2509 5091 2624 5145 ἀλλ’
2653 5089 2774 5144 οὐδὲ
2803 5089 2981 5160 βρόχῳ
3005 5089 3235 5156 πνιγεὶς,
3258 5088 3375 5142 οὐδὲ
3401 5087 3504 5158 μὴν
3527 5087 3644 5140 κατ’
3671 5085 3806 5139 αὐτὸ

2231 5185 2324 5240 τοῦ
2362 5182 2592 5256 σταυροῦ
2615 5181 2674 5235 τὸ
2694 5181 2948 5252 τρόπαιον
2967 5177 3167 5249 ὁμοίως
3190 5181 3301 5242 τοῖς
3329 5177 3532 5240 λοιποῖς
3565 5175 3733 5229 κακού
3745 5193 3806 5246 ρ-

2232 5294 2348 5345 γοις
2381 5274 2710 5345 ὑποτμηθεὶς
2744 5271 2943 5342 σιδήρῳ
2985 5269 3054 5323 τὰ
3110 5269 3302 5338 σκέλη,
3353 5269 3472 5322 οὐδὲ
3503 5268 3636 5330 ὅλως
3667 5269 3804 5337 πρός

2232 5385 2375 5431 τινος
2405 5363 2702 5438 ἀνθρώπων
2747 5361 2932 5416 παθών
2975 5377 3027 5414 τι
3069 5359 3177 5412 τῶν
3221 5363 3462 5431 ἀναιρεῖν
3499 5357 3798 5420 εἰωθότων,

2237 5461 2406 5532 βίαιον
2443 5459 2700 5528 ὑπέμεινε
2727 5452 2980 5524 τελευτὴν
3001 5495 3015 5518 ,
3046 5452 3158 5505 ἀλλ’
3199 5452 3273 5515 ὡς
3300 5449 3430 5506 αὐτὸ
3461 5452 3616 5522 μόνον
3657 5447 3798 5503 ἑκὼν

2236 5553 2521 5626 παρεδίδου
2567 5551 2680 5615 τοῖς
2734 5549 3138 5604 ἐπιϐουλεύουσι
3171 5547 3230 5602 τὸ
3267 5545 3445 5616 σῶμα,
3495 5543 3804 5615 ἀνωρθοῦτο

2237 5649 2334 5720 μὲν
2367 5646 2472 5700 ἀπὸ
2493 5645 2593 5716 γῆς
2613 5644 2829 5710 αὐτίκα,
2856 5641 3090 5698 κᾶπειτα
3114 5641 3205 5695 ἐπὶ
3229 5637 3323 5694 τοῦ
3350 5639 3524 5712 ἰκρίου
3545 5636 3804 5710 φωνήσας
