3954 6532
149 414 223 470 m
1016 397 1687 469 ‘DEMO‘NSTRATIONIS
1727 408 2186 468 summam
2214 412 2340 468 LIB.
2386 410 2474 469 ιιι.

3252 414 3351 472 198

144 531 289 601 μέγα,
317 530 408 581 xui
438 526 522 596 τῷ
569 526 741 597 Πατρὶ
784 528 1103 599 παρατιθεὶς
1132 528 1191 582 τὸ
1223 529 1470 600 πνεῦμα,
1518 530 1678 583 εἰπὼν

1790 528 2042 593 succisis,
2092 544 2269 599 neque
2318 528 2543 582 omnino
2576 527 2872 598 quidquam
2914 527 2985 583 ab
3030 528 3140 582 ullo
3172 529 3354 583 homi-

141 620 290 682 αὐτοῖς
330 620 574 689 ῥήμασιν
595 635 609 650 ⁶
643 638 661 671 ι
692 619 872 689 Πάτερ
892 660 906 682 ,
939 622 1019 683 είς
1052 622 1237 690 χεῖράς
1269 639 1363 673 σου
1392 620 1682 693 παρατίθε-

142 728 218 781 μαι
250 710 304 763 τὸ
333 710 557 780 πνεῦμά
596 729 693 780 μου
717 751 732 774 ,
768 730 784 761 ι
820 710 993 774 οὕτως
1026 713 1224 781 ἄφετος
1267 712 1360 764 xui
1403 713 1683 784 ἐλεύθερος

138 800 271 863 αὐτὸς
316 800 407 868 ἀφ’
436 801 637 853 ἑαυτοῦ
665 801 764 871 τὴν
796 804 859 854 ὲκ
892 801 986 854 τοῦ
1021 800 1270 871 σώματος
1300 802 1679 874 ἀναχώρησιν,

138 893 262 945 ταυτὶ
289 892 546 961 πρόσθες,
587 893 838 944 ἐποιεῖτο.
871 888 1001 945 Εἶτα
1029 892 1085 944 δὲ
1110 892 1204 945 τοῦ
1238 891 1485 964 σώματος
1517 894 1680 948 αὑτοῦ

138 984 395 1055 ληφθέντος
421 984 566 1052 πρὸς
592 983 698 1035 τῶν
738 984 1029 1055 γνωρίμων
1049 1025 1063 1047 ,
1092 985 1186 1037 καὶ
1223 989 1289 1057 τῇ
1331 986 1679 1057 προσηκούσῃ

140 1075 497 1147 παραδοθέντος
569 1078 750 1145 ταφῇ,
813 1078 1052 1146 τριταῖος
1110 1072 1265 1140 αὖθις
1330 1077 1681 1147 ἀπελάμϐανε

138 1167 294 1227 τοῦτο,
356 1166 384 1218 ὃ
438 1166 576 1237 πρὶν
625 1168 985 1239 ἀναχωρήσας
1037 1168 1177 1222 ἑκὼν
1244 1168 1520 1221 κατέθετο.
1572 1170 1683 1221 Kui

138 1256 333 1311 δείκνυσί
381 1274 446 1325 γε
502 1257 667 1311 πάλιν
717 1258 877 1323 αὐτὸς
923 1259 1110 1312 ἑαυτὸν
1162 1259 1449 1330 ἒνσαρκον,
1513 1259 1680 1312 ἐνσω-

142 1367 243 1418 μον,
289 1348 450 1400 αὑτὸν
513 1349 761 1413 ἐκεῖνον,
818 1344 929 1413 οἷος
986 1351 1082 1404 xui
1125 1351 1185 1403 τὸ
1241 1353 1368 1421 πρὶν
1422 1347 1517 1423 ἦν,
1568 1354 1679 1415 τοῖς

140 1441 319 1502 οἰκείοις
351 1440 659 1510 μαθηταῖς,
685 1438 765 1503 οἷς
796 1443 889 1494 xui
932 1443 1024 1495 ὲπὶ
1057 1443 1229 1513 βραχὺ
1258 1444 1555 1515 ὁμιλήσας,
1589 1445 1679 1496 καί

140 1549 229 1584 τινα
283 1531 671 1602 συνδιατρίψας
717 1534 944 1603 χρόνον,
987 1533 1191 1587 ἄνεισιν
1239 1534 1358 1587 ὅθεν
1420 1534 1513 1587 xui
1536 1551 1678 1605 παρ-

140 1625 213 1692 ἦν,
234 1624 312 1675 ὑπ’
339 1623 645 1693 ὀφθαλμοῖς
681 1624 861 1677 αὐτῶν
892 1624 989 1696 τὴν
1044 1628 1125 1689 είς
1169 1627 1428 1696 οὐρανοὺς
1458 1627 1678 1697 πορείαν

140 1713 476 1782 στειλάμενος·
516 1708 603 1776 οἷς
649 1714 713 1783 δὴ
748 1714 841 1766 xui
888 1714 1165 1786 ὑποθήκας
1217 1716 1343 1786 περὶ
1392 1714 1500 1767 τῶν
1534 1732 1677 1785 πρα-

138 1805 277 1857 κτέων
316 1804 618 1875 παραδοὺς,
664 1804 1015 1869 διδασκάλους
1062 1805 1169 1858 τῶν
1212 1806 1380 1859 ὲθνῶν
1422 1806 1677 1860 ἁπάντων

136 1895 212 1965 τῆς
231 1896 476 1948 ἀνωτάτω
511 1895 822 1959 θεοσεϐείας
850 1898 1115 1968 ἀπέφηνε.
1159 1896 1392 1950 Τοιαῦτα
1428 1897 1584 1969 ἡμῶν
1606 1897 1676 1950 τὰ
1711 1882 1751 1937 Β

138 1985 445 2057 τιολυὰμνητα
500 1987 607 2058 τῆς
652 1987 855 2057 ἀρετῆς
913 1986 1198 2058 θαύματαο
1246 1987 1415 2041 ταῦτα
1465 1988 1563 2058 τῆς
1619 1991 1679 2041 ἐν

138 2078 253 2147 αὐτῷ
282 2078 530 2149 θεότητος
585 2078 654 2131 τά
699 2079 1001 2149 τεκμήριαο
1043 2074 1216 2131 ταῦτα
1263 2079 1357 2131 xui
1400 2079 1553 2131 αὐτοὶ
1592 2078 1678 2130 λο-

137 2169 283 2239 γισμῷ
314 2170 553 2240 σώφρονι
585 2169 1032 2241 τεθαυμάκαμεν,
1053 2170 1484 2241 βεϐασανισμένῃ
1506 2188 1562 2224 τε
1584 2172 1677 2224 xui

138 2264 436 2333 smnpm
469 2263 660 2334 κρίσει
704 2262 1127 2333 κατεδεξάμεθα.
1178 2262 1496 2333 Ἐξήτασται
1549 2267 1676 2334 παρ’

138 2355 238 2423 ἡμῖν
277 2356 363 2406 xui
409 2354 806 2423 βεϐασάνισται
855 2356 947 2429 καὶ
987 2354 1053 2406 δι’
1096 2354 1295 2426 ἑτέρων
1337 2354 1675 2425 πραγμάτων

140 2446 342 2516 ἐναργῶν
374 2447 559 2500 πάντα
600 2448 980 2500 καλυπτόντων
1012 2447 1187 2516 λόγον,
1221 2448 1290 2499 δι’
1341 2440 1413 2500 ὧν
1454 2448 1614 2511 αὐτὸς
1646 2448 1676 2500 ὁ

140 2537 301 2607 Κύριος
341 2539 495 2608 ἡμῶν
533 2538 705 2591 εἰσέτι
732 2540 825 2591 xui
864 2539 957 2592 νῦν
990 2534 1069 2602 οἷς
1103 2539 1168 2591 ἂν
1200 2539 1455 2608 κρίνειεν,
1506 2539 1676 2609 μικρά

138 2646 231 2680 τινα
255 2631 342 2701 τῆς
384 2630 559 2683 αὑτοῦ
590 2631 869 2701 δυνάμεως
908 2631 1267 2701 παραφαίνειν
1306 2629 1483 2683 εἴωθε.
1527 2631 1674 2702 Πλὴν

138 2720 241 2772 ἀλλὰ
265 2723 349 2774 xui
385 2726 450 2792 τῇ
486 2722 831 2793 λογικωτέρα
875 2722 1099 2793 μεθόδῳ,
1129 2722 1197 2793 ἢν
1224 2722 1516 2793 προσάγειν
1549 2721 1673 2774 είώ-

138 2808 273 2879 θαμεν
294 2814 400 2873 τοῖς
441 2812 502 2863 οὐ
551 2810 1011 2881 παραδεχομένοις
1042 2810 1109 2864 τά
1144 2811 1531 2885 προειρημένα,
1558 2811 1672 2865 ἀλλ’

136 2902 228 2971 ἦτοι
256 2900 522 2966 παντελῶς
553 2903 872 2955 ἀπιστοῦσιν
897 2902 1096 2965 αὐτοῖς,
1130 2904 1222 2955 xui
1256 2902 1420 2973 μηδὲν
1444 2901 1670 2954 καθόλου

137 2994 367 3060 γεγονέναι
392 2995 642 3048 τοιοῦτον
673 2994 807 3065 πρὸς
840 2994 1001 3047 αὑτοῦ
1037 2994 1352 3063 φάσκουσιν,
1393 2994 1425 3063 ἢ
1457 2994 1675 3061 γεγονέ-

138 3104 202 3137 ναι
230 3087 335 3155 μὲν,
365 3087 608 3157 γοητικά
654 3087 708 3138 δὲ
740 3086 911 3149 ἄλλως
951 3085 1043 3138 ἐπὶ
1078 3085 1249 3156 πλάνῃ
1283 3084 1389 3137 τῶν
1423 3084 1672 3155 ὁρώντων

136 3178 248 3233 dish
270 3182 353 3234 ὑπ’
385 3182 586 3253 ἀνδρὸς
620 3180 819 3233 πλάνου
867 3182 1157 3248 ἀναγκαῖον
1187 3178 1487 3232 ἐπιθέσθαι.
1520 3180 1583 3232 Ei
1613 3178 1670 3231 δὲ

136 3273 215 3343 χρὴ
246 3275 328 3325 xui
354 3234 444 3326 ἐπὶ
474 3234 582 3327 μὲοὲ
623 3273 885 3343 παρόντος
930 3234 1133 3342 βραχέα
1176 3270 1312 3341 πρὸς
1357 3270 1483 3334 τοὺς
1518 3269 1667 3340 δεδη-
1696 3234 1738 3291 C

136 3363 361 3432 λωμένους
416 3366 711 3435 ἐνστῆναι,
772 3364 871 3416 οὐκ
923 3362 1325 3433 ἀπολειψόμεθα
1392 3362 1661 3433 σπουδῆς’

136 3456 269 3519 ἄλλως
288 3458 338 3510 δέ
365 3475 479 3521 πως
518 3458 702 3519 αὐτοῖς
732 3457 1143 3526 ἀπαντήσομεν;

1786 635 1916 674 num
1948 636 2166 690 passus,
2199 635 2389 675 eorum
2420 621 2511 690 qui
2544 620 2678 675 alios
2704 635 2901 675 necare
2930 631 3350 685 consueverunt,

1783 710 2034 765 violentae
2096 710 2289 765 mortis
2342 726 2512 781 genus
2559 712 2729 765 ullum
2793 711 3031 781 pertulit.
3093 709 3200 766 Sed
3258 714 3353 768 ubi

1786 800 1964 871 ipsum
1995 803 2260 856 duntaxat
2287 810 2479 871 sponte
2511 804 2741 872 prazbuit
2773 803 3011 857 inimicis
3042 803 3354 857 insidianti-

1781 896 1886 952 bus
1916 911 2137 966 corpus,
2169 902 2284 948 tum
2324 903 2538 950 erectus
2567 904 2647 950 est
2685 910 2716 948 a
2754 904 2897 950 terra
2946 896 3111 951 illico.
3148 894 3352 950 Deinde

1783 989 1837 1043 in
1868 990 2017 1058 ligno
2058 1001 2251 1057 magna
2300 1001 2435 1040 voce
2466 987 2730 1050 clamans,
2792 995 2845 1041 et
2892 986 3042 1041 Patri
3095 989 3347 1057 spiritum

1782 1079 2192 1143 commendans,
2231 1084 2393 1146 atque
2420 1077 2534 1130 hanc
2565 1077 2631 1130 ad
2677 1078 2899 1132 verbum
2932 1078 3160 1133 dicens:
3194 1096 3211 1129 ι
3244 1076 3350 1132 Pa-

1781 1182 1884 1235 ter,
1912 1173 1966 1225 in
1996 1185 2190 1225 manus
2222 1177 2345 1224 tuas
2376 1169 2698 1225 commendo
2725 1170 2974 1238 spiritum
3006 1185 3184 1224 meum
3211 1170 3255 1203 ⁶⁸
3284 1190 3296 1225 :
3325 1189 3344 1223 ι

1781 1263 1855 1317 ita
1901 1262 2113 1316 solutus
2153 1276 2217 1314 ac
2261 1262 2418 1325 liber,
2466 1262 2583 1330 ipse
2629 1275 2725 1330 per
2766 1261 3003 1329 seipsum
3053 1276 3083 1313 a
3119 1276 3350 1329 corpore

1782 1354 2031 1408 secessit.
2066 1350 2268 1406 Deinde
2320 1368 2443 1405 cum
2480 1366 2679 1420 corpus
2714 1351 2887 1420 ipsius
2917 1350 3224 1424 familiares
3258 1366 3349 1405 ac-

1780 1448 2073 1516 cepissent,
2100 1454 2262 1516 atque
2288 1446 2526 1500 honesta:
2543 1446 2833 1514 sepulturae
2849 1446 3345 1511 commendassem,

1780 1539 1937 1592 tertio
1982 1539 2069 1591 die
2116 1553 2309 1591 rursus
2341 1537 2472 1590 illud
2505 1537 2681 1606 ipsmn
2718 1538 2943 1606 recepit,
2977 1537 3125 1604 quod
3156 1519 3351 1591 videli-

1780 1638 1865 1682 cet
1902 1637 2094 1697 sponte
2123 1629 2436 1698 reliquerat.
2487 1627 2551 1680 Et
2585 1629 2665 1683 sic
2704 1643 2918 1689 rursus.
2956 1628 3073 1698 ipse
3103 1630 3348 1698 seipsum

1780 1719 1835 1771 in
1896 1734 2099 1782 carne,
2154 1718 2207 1771 in
2269 1732 2531 1786 corpore,
2590 1719 2768 1787 ipsum
2827 1720 2976 1773 illum
3046 1720 3139 1788 qui
3198 1722 3349 1790 prius

1783 1812 1977 1873 fuerat,
2033 1810 2148 1865 suis
2188 1810 2427 1864 ostendit
2457 1810 2760 1879 discipulis,
2806 1810 3006 1879 quibus
3052 1826 3176 1864 cum
3211 1826 3349 1881 pau-

1780 1913 1873 1952 cos
1927 1898 2046 1953 dies
2103 1908 2388 1960 versatus,
2439 1907 2493 1953 et
2548 1915 2644 1968 per
2701 1899 2921 1968 aliquod
2978 1912 3193 1970 tempus
3245 1916 3346 1956 suo

1780 1990 1943 2043 etiam
2014 2004 2268 2043 sermone
2343 1988 2641 2059 dignatus,
2709 1991 2838 2044 illuc
2907 2006 3157 2045 reversus
3218 2001 3342 2056 est,

1780 2081 1923 2134 unde
1960 2081 2140 2135 oculis
2175 2082 2391 2135 illorum
2449 2096 2507 2135 se
2558 2081 2852 2144 obtulerat,
2902 2082 3089 2151 sicque
3126 2083 3227 2137 iter
3275 2083 3345 2137 ad

1780 2171 1938 2241 109
1976 2173 2175 2226 cmlum
2212 2173 2428 2226 direxit.
2475 2172 2666 2226 Iisdem
2707 2188 2858 2235 vero,
2893 2188 3014 2227 cum
3074 2182 3345 2245 praecepta

1776 2278 1991 2331 quoque
2022 2264 2088 2316 de
2115 2264 2278 2317 rebus
2312 2264 2535 2332 agendis
2567 2264 2903 2329 tradidisset,
2945 2266 3164 2320 eosdem
3198 2268 3345 2337 apud

1776 2369 1964 2408 omnes
2015 2363 2203 2422 gentes
2239 2369 2507 2423 supremae
2554 2356 2829 2424 religionis
2864 2357 3122 2410 doctores
3157 2358 3344 2412 decla-

1774 2446 1934 2499 ravit.
1980 2444 2103 2499 llaec
2145 2461 2276 2500 sane
2331 2454 2461 2501 sunt
2501 2447 2754 2511 virtutis,
2800 2463 2921 2517 quae
2962 2449 3015 2502 in
3064 2449 3344 2506 Salvatore

1775 2546 1963 2591 nostro
2009 2544 2147 2600 erat,
2200 2540 2445 2607 apprime
2499 2537 2822 2592 celebranda
2866 2539 3131 2593 miracula
3174 2559 3187 2595 :
3226 2542 3342 2595 haec

1774 2625 2097 2690 divinitatis,
2128 2643 2249 2696 qua:
2281 2629 2335 2680 in
2372 2628 2465 2680 illo
2504 2634 2621 2680 erat
2660 2626 2860 2681 indicia
2889 2643 2902 2678 :
2932 2627 3048 2682 haec
3079 2630 3341 2700 ipsiquo-

1773 2732 1880 2786 que
1915 2726 2065 2771 casta
2104 2718 2463 2771 aestimatione
2500 2717 2752 2770 admirati
2790 2733 3000 2783 sumus,
3031 2722 3342 2789 explorato-

1773 2825 1877 2878 que
1906 2817 2067 2878 atque
2112 2810 2385 2878 exquisito
2428 2808 2637 2877 judicio
2686 2809 3012 2878 recepimus.
3058 2811 3341 2880 Exquisita

1774 2915 1904 2954 sane
1934 2901 2047 2954 haec
2078 2916 2106 2953 a
2145 2901 2323 2963 nobis,
2353 2902 2739 2970 explorataque
2771 2910 2919 2965 sunt,
2972 2903 3094 2956 aliis
3124 2918 3342 2973 quoque

1772 2992 2117 3046 evidentibus
2175 2993 2338 3046 rebus
2370 3032 2384 3055 ,
2433 3008 2757 3061 omnemque
2829 2994 3196 3062 aperientibus
3250 3010 3344 3048 ra-

1775 3085 1996 3147 tionem,
2027 3085 2224 3154 quibus
2244 3086 2360 3154 ipse
2391 3084 2653 3140 Dominus
2683 3093 2868 3140 noster
2891 3087 3054 3140 etiam
3080 3102 3224 3140 nunc
3249 3087 3340 3152 iis,

1772 3190 1909 3246 quos
1939 3176 2133 3247 dignos
2161 3178 2449 3245 putaverit,
2486 3177 2679 3245 exigua
2709 3176 2954 3246 qumdam
2984 3192 3095 3231 sua:
3122 3177 3341 3232 virtutis

1772 3269 1924 3338 signa
1958 3268 2247 3323 ostendere
2268 3269 2572 3323 consuevit.
2603 3267 2745 3333 Quin
2768 3268 2931 3322 etiam
2962 3268 3247 3323 subtiliore
3276 3284 3341 3323 ac

1772 3363 2004 3417 certiore
2026 3361 2277 3416 doctrina
2318 3360 2459 3414 idem
2497 3374 2526 3413 a
2550 3360 2707 3415 nobis
2738 3359 2990 3413 effectum
3017 3367 3101 3413 est
3129 3377 3141 3412 :
3175 3374 3339 3427 quam

1769 3454 1987 3523 quidem
2028 3453 2095 3507 iis
2124 3452 2381 3506 adhibere
2405 3452 2809 3517 consuevimus,
2845 3455 2935 3518 qui
2960 3465 3021 3504 ea
3045 3465 3165 3519 qua:
3192 3451 3339 3504 dicta

135 3558 232 3604 sunt
269 3568 369 3605 non
412 3550 751 3612 concedunt,
796 3550 891 3604 sed
932 3551 1135 3603 nullam
1164 3565 1391 3620 prorsus
1431 3549 1499 3604 iis
1538 3547 1693 3602 ﬁdem
1734 3548 1957 3609 habent,
1992 3560 2167 3615 neque
2197 3545 2419 3597 omnino
2457 3544 2750 3613 quidquam
2798 3543 2902 3597 tale
2935 3542 3003 3594 ab
3030 3557 3094 3595 eo
3134 3540 3336 3595 factum

133 3657 227 3695 esse
253 3644 600 3707 confitentur,
642 3650 733 3697 aut
765 3643 1041 3697 exstitisse
1073 3640 1173 3697 illa
1196 3642 1412 3712 quidem
1457 3658 1564 3695 non
1606 3650 1825 3711 negant,
1854 3655 2041 3698 verum
2087 3638 2312 3707 magicis
2353 3637 2661 3707 praestigiis,
2695 3636 2759 3689 ad
2819 3649 3059 3690 errorem
3119 3634 3338 3687 intuen—

135 3734 239 3788 tium
280 3744 536 3808 tanquam
573 3752 604 3791 a
632 3736 748 3789 viro
786 3735 1071 3790 seductore
1115 3734 1389 3804 imposita,
1429 3735 1574 3803 quod
1606 3736 1655 3789 si
1694 3736 1855 3789 etiam
1889 3735 1942 3787 in
1968 3730 2215 3803 praesenti
2248 3730 2509 3784 adversus
2549 3730 2684 3784 tales
2727 3744 2897 3798 pauca
2930 3727 3174 3798 quaedam
3221 3727 3336 3781 dis-

138 3837 286 3893 putare
312 3846 444 3900 opus
476 3829 581 3893 sit,
637 3842 745 3881 non
785 3827 1099 3881 deseremus
1138 3827 1376 3881 studium
1439 3825 1712 3896 inceptum
1750 3843 1762 3878 :
1806 3825 2006 3895 alioqui
2037 3837 2165 3877 vero
2209 3836 2445 3890 quonam
2488 3828 2647 3891 pacto
2694 3820 2893 3874 ibimus
2940 3818 3046 3872 illis
3082 3818 3336 3873 obviam?

134 3938 189 3990 E'.
210 3942 345 4007 Πρὸς
378 3942 525 4009 τοὺς
554 3940 948 4006 ἀπειθοῦντας
976 3938 1052 4006 τῇ
1090 3937 1208 4009 τῶν
1249 3938 1355 3991 τοῦ
1399 3937 1666 4007 Σωτῆρος

1779 3937 1816 3994 Ῑ.
1848 3940 2106 3992 Adversus
2155 3957 2241 3994 eos
2293 3942 2380 4008 qui
2421 3955 2521 3990 non
2561 3938 2775 4009 credunt
2815 3934 3106 3991 Saluatoris
3156 3932 3326 3983 nostri

186 4011 328 4077 ἡμῶν
346 4016 476 4081 περὶ
498 4010 622 4064 τῶν
643 4010 995 4079 παραδόξων
1009 4008 1280 4077 πράξεων
1298 4008 1592 4079 διηγήσει.

187 4193 239 4246 Ei
272 4193 327 4265 δὴ
367 4196 580 4265 λέγοιεν
619 4194 782 4264 μηδὲν
826 4194 923 4264 τὴν
954 4192 1126 4264 ἀρχὴν
1176 4190 1526 4261 πεποιηκέναι
1568 4188 1659 4242 τὸν

135 4283 321 4356 Σωτῆρα
369 4290 530 4360 ἡμῶν
570 4285 901 4357 θαυμαστὸν,
956 4284 1088 4354 μηδέ
1142 4300 1194 4334 τι
1243 4281 1540 4353 παράδοξον
1589 4274 1663 4333 ὧν

135 4374 472 4448 ἐμαρτύρησαν
528 4378 576 4428 οί
622 4375 906 4447 γνώριμοι,
942 4371 1266 4443 σκεψώμεθα
1302 4373 1349 4423 εί
1385 4370 1603 4433 πιθανὸς
1630 4370 1659 4422 δ

135 4465 255 4532 λόγος
273 4471 441 4534 αὐτοῖς
472 4470 650 4533 ἔσται,
677 4468 749 4539 μὴ
770 4469 868 4538 τὴν
896 4467 1066 4519 αἰτίαν
1100 4466 1307 4534 ἔχουσιν
1332 4462 1655 4526 ἀποδιδόναι,

1824 4009 2123 4130 dficipulis,
2166 4010 2511 4063 admirabiles
2550 4008 2696 4060 illius
2756 4024 2836 4060 res
2876 4016 3047 4076 gestas
3089 4016 3340 4055 narrari»

1827 4089 1866 4130 tt
1905 4096 1985 4130 us.

1827 4089 1985 4132 tibus.

1833 4186 1967 4240 Nam
1998 4186 2044 4240 si
2078 4184 2262 4239 dicant
2289 4183 2424 4237 nihil
2455 4180 2678 4237 omnino
2721 4179 3043 4235 admirabile
3084 4178 3332 4234 Salvato-

1761 4295 1874 4335 rem
1913 4286 2181 4341 nostrum,
2214 4292 2389 4346 neque
2418 4275 2712 4345 quidquam
2756 4274 2899 4343 quod
2938 4282 3155 4343 superet
3176 4276 3327 4343 engi-

1761 4369 2022 4422 tationem
2054 4368 2345 4419 humanam
2379 4364 2595 4430 fecisse,
2640 4365 2818 4433 qualia
2854 4371 2981 4417 sunt
3023 4378 3142 4432 quae
3180 4363 3327 4417 illius

1764 4457 2061 4511 familiares
2089 4455 2362 4510 testiﬁcati
2392 4463 2539 4517 sunt,
2588 4455 2871 4509 videamus
2909 4470 3037 4507 num
3062 4456 3169 4509 illis
3198 4457 3326 4509 talia

135 4557 183 4609 δι’
210 4562 263 4629 ἧν
287 4564 329 4614 ei
361 4564 455 4632 μὲν
494 4561 752 4633 μαθηταὶ,
788 4563 815 4613 ὁ
844 4560 899 4612 δὲ
927 4558 1242 4619 διδάσκαλος
1274 4557 1657 4628 ἐχρημάτισεν.

1779 4549 2071 4603 licentibus
2100 4548 2245 4602 credi
2280 4548 2388 4600 ullo
2415 4547 2574 4601 modo
2605 4546 2799 4615 possit,
2827 4546 3029 4617 quippe
3080 4547 3171 4616 qui
3206 4549 3330 4601 nul-

138 4649 187 4702 Ὀ
224 4669 271 4706 τε
316 4655 420 4725 γάρ
465 4654 732 4707 διδάσκων
778 4651 1105 4719 ἐπαγγελίαν
1157 4649 1475 4720 μαθήματός
1519 4665 1661 4711 τινος

1779 4655 1863 4694 am
1903 4640 2114 4710 possint
2160 4640 2439 4707 assignare
2479 4653 2722 4701 causam,
2769 4646 2990 4708 propter
3031 4653 3217 4708 quam,
3271 4639 3327 4692 hi

138 4741 512 4813 ἐπαγγέλλεται·
547 4747 600 4798 οἵ
621 4762 679 4798 τε
713 4740 778 4798 αὖ
815 4744 1072 4814 μαθηταὶ,
1109 4742 1442 4814 μαθημάτων
1474 4740 1662 4811 ὀρεγό-

1779 4730 1975 4801 μιίἀοηι
2014 4730 2161 4785 illius
2204 4730 2482 4799 discipuli,
2520 4730 2608 4785 ille
2656 4745 2787 4783 vero
2830 4730 3026 4783 horum
3069 4730 3328 4799 magister

137 4848 270 4902 μενοι,
304 4842 437 4907 σφᾶς
469 4837 665 4900 αὐτοὺς
689 4836 765 4907 τῷ
790 4836 1088 4905 διδασκάλῳ
1124 4834 1519 4905 προσφέροντες
1541 4834 1660 4884 ὲπι-

1779 4824 2044 4879 :xstiterit.
2070 4822 2204 4876 Nam
2230 4831 2283 4877 et
2311 4821 2403 4891 qui
2428 4822 2609 4885 docet,
2646 4822 2878 4890 alicujus
2898 4821 3197 4890 disciplinae
3219 4836 3326 4874 ma-

135 4926 363 4991 τρέπουσι.
395 4931 531 4983 Τίνα
545 4925 637 4981 οὖν
665 4929 812 4980 ἐστὶν
843 4928 1017 4979 εἰπεῖν
1043 4926 1216 4979 αἰτίαν
1237 4925 1341 4977 τῶν
1357 4924 1449 4977 τοῦ
1484 4922 1656 4994 Ἰησοῦ

1779 4918 1984 4984 ςὶειινιιω
2019 4931 2079 4971 se
2104 4914 2391 4986 profitetur
2420 4932 2432 4967 :
2461 4921 2514 4968 et
2553 4914 2811 4984 discipuli
2853 4914 2979 4969 talis
3023 4913 3325 4981 disciplina:

138 5017 345 5089 μαθητῶν
363 5023 458 5091 τῆς
476 5023 571 5074 σὺν
602 5020 748 5091 αὑτῷ
764 5017 1061 5090 διατριϐῆς,
1096 5016 1186 5070 xui
1217 5016 1268 5067 τί
1290 5017 1347 5069 τὸ
1364 5018 1653 5083 ἀναγκαῖον

1779 5008 1945 5078 :upidi
1970 5008 2287 5077 magistrum
2312 5006 2600 5067 adeuntes,
2631 5007 2842 5076 seipsos
2866 5006 2939 5059 illi
2975 5006 3323 5060 instruendus

136 5105 211 5175 τῆς
238 5114 348 5183 περὶ
377 5116 539 5167 αὑτὸν
582 5113 851 5183 σπουδῆς;
894 5111 1055 5164 τίνων
1100 5110 1156 5162 δὲ
1202 5109 1294 5161 xui
1340 5106 1654 5161 διδάσκαλον

1779 5100 2126 5155 :ommittunt.
2150 5098 2321 5164 Quam
2347 5098 2510 5168 igitur
2524 5113 2743 5152 causam
2762 5097 2851 5152 isti
2866 5096 3055 5151 afferre
3072 5104 3321 5165 possunt,

138 5200 457 5274 ἐπεγράφοντο
511 5206 881 5277 μαθημάτων;
916 5205 986 5256 Ἦ
1016 5201 1172 5254 τοῦτο
1202 5199 1391 5269 δῆλον;
1441 5198 1653 5262 πάντως

1779 5208 1929 5265 ψει-ο
1958 5192 2043 5246 sui
2066 5206 2189 5244 cum
2210 5189 2339 5244 Jesu
2361 5190 2617 5260 discipuli
2644 5188 2867 5254 versati,
2901 5187 3322 5256 frequentesque

137 5290 219 5361 γάρ
239 5310 328 5347 που
356 5290 427 5349 ὧν
450 5299 579 5368 παρ’
609 5295 773 5348 αὑτοῦ
809 5293 1067 5365 μαθόντες
1088 5292 1165 5354 εἰς
1191 5290 1407 5360 ἑτέρους
1438 5288 1657 5359 ἐξήνεγ-

1779 5284 2002 5340 'uerint?
2022 5292 2117 5337 aut
2147 5282 2407 5352 quidnam
2428 5282 2583 5345 illud,
2609 5295 2815 5349 quaeso,
2847 5286 2986 5342 erat,
3029 5277 3172 5347 quod
3202 5277 3323 5332 illos

138 5397 238 5434 καν-
279 5389 629 5460 παραγγελίαι
677 5387 720 5441 δ’
748 5383 888 5458 ἦσαν
917 5384 1065 5455 αὐτῴ
1095 5383 1380 5453 φιλοσόφου
1426 5381 1563 5451 βίου,
1596 5381 1654 5433 ὃν

1779 5378 1854 5432 ,ιιιί
1889 5377 2006 5429 viro
2030 5378 2160 5429 dare
2190 5389 2410 5443 operam
2443 5374 2696 5443 cogeret?
2721 5386 2949 5440 quarum
2974 5384 3136 5439 porro
3158 5370 3323 5426 disci-

139 5470 420 5547 ὖπογράφων
463 5482 645 5542 αὐτοῖς
691 5478 863 5547 ἔλεγεσ
905 5498 924 5530 ι
977 5478 1068 5547 Μὴ
1118 5473 1388 5545 κτήσησθε
1434 5473 1654 5543 χρυσίον

1779 5471 2028 5524 ilinarum
2081 5466 2359 5520 doctorem
2410 5464 2562 5517 illum
2621 5462 2790 5517 fuisse
2837 5461 3058 5516 dicent?
3098 5478 3167 5518 an
3220 5461 3324 5516 hoc

142 5564 244 5632 μηδὲ
271 5568 493 5643 ἄργυρον
524 5573 604 5633 εἰς
635 5569 732 5633 τὰς
763 5568 956 5633 ζώνας,
997 5567 1069 5637 μὴ
1109 5567 1287 5638 πήραν
1330 5565 1410 5626 είς
1439 5562 1582 5614 ὁδόνο
1628 5581 1646 5613 ι

1779 5560 1976 5633 [uideni
2018 5556 2220 5612 nemini
2267 5555 2491 5609 dubium
2546 5568 2667 5609 esse
2722 5554 2935 5624 potest?
2968 5554 3127 5625 plane
3175 5554 3322 5609 enim

140 5656 210 5708 καὶ
254 5662 315 5715 τὰ
365 5667 606 5722 τοιαῦτα.
648 5668 727 5739 Τῇ
774 5667 831 5721 δὲ
888 5666 1063 5719 πάντα
1103 5659 1374 5733 διοικούσῃ
1428 5657 1655 5731 προνοίᾳ

1779 5666 1946 5708 :arum
1971 5664 2152 5705 rerum
2181 5646 2455 5700 doctorem
2477 5644 2648 5700 fuisse
2676 5659 2901 5700 necesse
2932 5652 3035 5712 est,
3071 5660 3210 5714 quas
3228 5643 3317 5713 qui

142 5743 297 5811 αὖτοὺς
347 5753 669 5819 ἀναθέντας,
702 5736 892 5827 *μηδὲν
953 5752 1219 5825 μεριμνᾷν
1277 5750 1385 5807 τῶν
1454 5745 1653 5821 χρειῶν

1779 5746 1830 5804 ιι)
1866 5744 1959 5802 illo
1995 5741 2320 5809 didicerunt,
2365 5736 2434 5794 ad
2479 5738 2720 5810 reliquos
2765 5738 3013 5795 homines
3039 5736 3317 5805 attulere:

196 5856 230 5886 “
257 5857 372 5917 Luc.
396 5880 543 5934 nni,
566 5864 654 5921 ισ.
