3954 6544
545 381 648 438 199
1209 379 1476 437 EUSEBH
1514 372 1990 438 CESARIENSIS
2025 382 2173 440 OPP.
2215 381 2394 439 PARS
2429 381 2494 437 ll.
2530 412 2599 424 —
2634 379 3132 438 APOLOGETICA.
3687 381 3808 440 τοο

540 500 690 571 atqui
714 507 981 571 praecepta
1013 507 1168 554 erant
1208 499 1322 555 haec
1349 499 1737 569 philosophica:
1765 500 1907 565 vitae,
1936 515 2098 570 quam

2244 518 2381 554 ρεκα.
2424 501 2662 573 Παρῄνει
2710 500 2754 552 δ’
2814 502 2996 564 αὐτοῖς
3045 499 3138 554 καὶ
3184 501 3294 558 τῶν
3347 496 3621 562 Ἰουδαίοις
3687 500 3805 552 ὑπὸ

541 591 650 646 illis
671 591 988 646 describens
1025 589 1276 645 dicebat:
1309 611 1325 639 ι
1360 589 1540 645 Nolite
1574 590 1852 660 possidere
1887 606 2102 652 aurum.

2246 592 2481 657 ίωῦσέως
2532 591 2995 664 παρηγγελμένων
3052 592 3334 664 κρείττονα
3381 595 3622 666 φρονεῖν.
3691 592 3807 647 Τὸν

541 697 720 752 neque
777 689 1060 752 argentum
1105 681 1160 736 in
1202 681 1358 736 zonis
1406 681 1630 745 vestris,
1684 695 1793 736 non
1835 697 2018 751 peram
2049 683 2102 736 in

2248 684 2308 737 ,ἐν
2350 683 2479 755 γὰρ,
2513 678 2600 736 οἷα
2629 683 2938 755 προχείροις
2965 685 3045 747 είς
3073 684 3445 756 ἀνδροφονίας,
3478 687 3809 758 νομοθετῆ-

541 775 628 828 via
647 773 713 839 ”,
750 792 769 826 ι
799 783 852 828 et
879 772 981 825 alia
1001 771 1288 840 ejusmodi.
1331 770 1552 840 Seipsos
1581 787 1706 826 vero
1732 771 1954 841 jubebat
1979 786 2102 842 pro-

2246 791 2296 828 αι
2329 775 2404 847 μὴ
2433 775 2700 845 φονεύειν·
2736 775 2994 838 ὡσαύτως
3019 775 3075 829 δὲ
3109 776 3203 829 καὶ
3246 777 3321 849 μὴ
3355 777 3662 848 μοιχεύειν,
3713 773 3807 832 οἷα

539 865 806 930 videntiat,
825 881 944 936 qua:
967 864 1148 920 omnia
1165 865 1450 935 gubernat,
1469 865 1929 928 commendantes,
1955 873 2009 920 et
2037 864 2100 919 ad

2245 867 2611 935 αγνιστάτοις,
2652 868 2744 920 καὶ
2789 867 3298 940 καταφερεστάτοις.
3340 872 3448 924 Καὶ
3489 867 3559 925 αὖ
3617 871 3806 926 πάλιν

541 957 687 1012 illam
718 956 1033 1021 referentes,
1075 972 1344 1028 nusquam
1376 959 1646 1014 sollicitos
1683 973 1806 1013 esse
1837 956 1904 1011 de
1939 957 2102 1012 rebus

2313 959 2585 1023 κλέπτειν,
2613 955 2700 1013 οἷα
2729 960 3297 1034 δουλοπρεπεστὼοις.
3331 963 3537 1028 Αὐτοὺς
3569 964 3634 1018 δὲ
3684 963 3807 1018 δεῖν

540 1048 887 1104 necessariis.
912 1049 1252 1104 Admonebat
1287 1051 1450 1105 etiam
1492 1065 1608 1115 eos,
1649 1057 1707 1103 ut
1743 1050 1907 1104 altius
1942 1065 2101 1120 sape-

2217 1050 2426 1114 τούτους
2469 1051 2565 1121 μὲν
2599 1051 2846 1122 ἡγεῖσθαι
2887 1052 2962 1123 μὴ
2994 1054 3289 1124 προσήκειν
3325 1054 3504 1118 αὐτοῖς
3535 1057 3682 1118 τοὺς
3712 1056 3778 1109 νό

539 1151 662 1197 rent
708 1144 816 1209 iis,
857 1159 980 1214 qua
1009 1142 1212 1199 Judaeis
1259 1160 1289 1200 a
1331 1143 1480 1200 Mose
1523 1151 1792 1215 praecepta
1836 1143 2050 1198 fuerant
2085 1159 2100 1192 :

2243 1158 2361 1205 ους.
2397 1141 2457 1194 τὸ
2488 1142 2532 1194 δ’
2559 1141 2764 1206 ἀπαθὲς
2791 1143 2890 1212 τῆς
2919 1142 3096 1213 ψυχῆς
3120 1144 3246 1214 περὶ⁹
3268 1143 3460 1197 πολλοῦ
3495 1146 3804 1216 προτιμᾷν

543 1235 700 1303 ιιο
718 1235 867 1288 illum
885 1235 1030 1289 enim
1059 1237 1229 1306 legem
1253 1236 1363 1293 illis
1395 1236 1664 1306 posuisse,
1695 1251 1805 1290 non
1831 1236 2100 1300 occidere,

2238 1234 2443 1289 dtwﬂev
2476 1237 2540 1289 ἐκ
2561 1234 2755 1305 βάθους
2775 1234 2939 1305 αὐτῆς
2962 1233 3218 1298 διανοίας,
3243 1233 3428 1306 ὥσπερ
3453 1235 3562 1288 ἀπὸ
3585 1234 3799 1306 ῥιζῶν,

539 1336 797 1396 tanquam
846 1327 1184 1397 proclivibus
1237 1328 1303 1382 ad
1355 1326 1712 1383 occidendum
1753 1345 1768 1382 :
1817 1329 1941 1382 item
1994 1341 2100 1380 non

2240 1327 2270 1382 ὰ
2284 1328 2382 1398 τῆς
2405 1327 2601 1390 κακίας
2621 1326 3021 1397 ἀποτέμνοντας
3039 1325 3237 1397 βλαστή
3248 1344 3406 1397 ματα’
3427 1328 3520 1380 καὶ
3551 1330 3801 1399 κρατεῖν

539 1416 824 1479 ῐηωοίιξιτί,
875 1427 1132 1486 tanquam
1171 1417 1239 1472 iis
1278 1417 1370 1487 qui
1413 1417 1784 1481 lascivissimi,
1836 1426 2000 1486 atque
2046 1417 2100 1470 in

2235 1419 2302 1472 ιέν
2329 1418 2498 1490 ὀργῆς
2530 1418 2624 1472 καὶ⁵
2655 1419 2834 1488 πάσης
2873 1419 3102 1490 αἰσχρᾶς
3135 1418 3428 1488 ἐπιθυμίας
3453 1418 3796 1490 πειρᾶσθαι,

538 1507 817 1563 libidinem
860 1509 1272 1578 propensissimi
1301 1518 1502 1564 essent.
1539 1509 1749 1565 Rursus
1778 1523 1884 1563 non
1909 1507 2099 1570 furari,

2241 1510 2402 1563 ἄλλον
2442 1510 2498 1564 δέ
2550 1511 2683 1580 μηδέ
2729 1510 3040 1581 ὀργίζεσθαι
3085 1510 3153 1564 δι’
3183 1511 3357 1580 ἄκραν
3401 1509 3580 1580 ψυχῆς
3638 1510 3802 1563 dard-

537 1606 797 1668 tanquam
837 1601 1034 1656 servile
1063 1600 1297 1654 maxime
1336 1600 1611 1671 ingenium
1641 1615 1750 1671 pra:
1788 1615 1847 1655 se
1877 1598 2098 1654 ferenti-

2239 1619 2374 1667 ειαν,
2425 1601 2558 1674 μηδὲ
2611 1602 2967 1672 προσϐλέπειν
3013 1605 3244 1670 γυναῖκα
3297 1601 3430 1673 μετά
3479 1601 3800 1672 ἐπιθυμίας

539 1691 662 1746 bus.
693 1692 846 1760 Ipsos
881 1694 1033 1747 vero
1057 1701 1312 1763 oportere
1361 1692 1640 1754 arbitrari,
1691 1692 1789 1747 bas
1827 1692 1930 1747 sibi
1968 1690 2100 1761 ipsis

2240 1691 2528 1746 κολάστουο
2582 1693 2715 1764 μηδέ
2771 1692 3041 1757 κλέπτειν,
3088 1693 3394 1746 τούναντίον
3437 1694 3514 1755 δέ,
3567 1694 3677 1746 καὶ
3728 1696 3801 1748 τὲ

537 1796 806 1851 nusquam
834 1797 956 1838 esse
988 1784 1420 1838 accommodatas
1451 1783 1616 1854 leges,
1653 1783 1748 1838 sed
1778 1782 1942 1836 animi
1970 1782 2098 1835 libe-

2239 1785 2373 1835 ίκεῖα
2404 1773 2687 1854 προίεσθαι
2735 1785 2846 1846 τοῖς
2889 1783 3195 1853 δεομένοις·
3240 1783 3376 1835 ἀλλά
3406 1783 3539 1855 μηδὲ
3576 1784 3800 1854 σεμνύ-

537 1873 802 1928 rationem
833 1875 902 1929 ab
922 1874 1070 1929 omni
1103 1874 1292 1929 morbo
1329 1874 1548 1945 plurimi
1575 1873 1773 1938 facere,
1805 1880 1860 1930 et
1882 1874 1951 1929 ab
1977 1874 2098 1928 imis

2236 1873 2385 1926 εσθαι
2408 1875 2498 1927 ἐπί
2526 1873 2603 1944 τῷ
2637 1873 2711 1944 μὴ
2744 1875 3084 1946 ἀποστερεῖν,
3111 1874 3222 1926 ἀλλ’
3247 1875 3342 1927 ἐπὶ
3371 1875 3449 1945 τῷ
3475 1875 3605 1938 τοὺς
3637 1877 3797 1944 σφᾶς

537 1965 785 2034 partibus
804 1981 866 2020 ac
897 1965 964 2021 de
993 1965 1262 2036 profundo
1285 1967 1652 2038 cogitationis,
1674 1975 1930 2036 tanquam
1954 1981 1986 2019 a
2014 1981 2098 2019 ra-

2230 1971 2520 2039 ιποστερεῖν
2574 1969 3012 2040 προηγουμένους
3036 2008 3052 2032 ,
3105 1967 3498 2037 ἀμνησικάκως
3562 1967 3791 2037 φέρειν.

536 2055 754 2113 dicibus
803 2057 1069 2112 malitiam
1115 2057 1470 2127 pullulantem
1518 2073 1799 2124 resecare,
1855 2058 2097 2128 iramque

2236 2059 2311 2112 Lai.
2349 2058 2402 2111 τί
2443 2075 2510 2129 με
2558 2060 2662 2131 χρὴ
2711 2060 3035 2127 συναγαγεῖν
3081 2058 3242 2112 πάνθ’
3279 2059 3378 2111 ὅσα
3405 2059 3433 2110 ὁ
3469 2059 3567 2128 μὲν
3597 2059 3797 2112 ἐδίδα-

537 2153 703 2218 atque
731 2163 948 2203 omnem
975 2147 1158 2203 minus
1193 2148 1478 2203 honestam
1508 2148 1858 2218 cupiditatem
1884 2149 2098 2204 vincere

2236 2168 2350 2215 κεν,
2383 2153 2432 2204 oi
2470 2151 2515 2204 δ’
2565 2151 2862 2221 ἐμάνθανον
2888 2168 2902 2216 ;
2931 2150 3161 2222 παρῄνει
3200 2148 3246 2203 δ’
3281 2149 3462 2213 αὐτοῖς
3493 2150 3636 2220 πρὸς
3670 2153 3797 2213 τοῖς

538 2239 813 2304 coronari,
849 2254 913 2294 ac
942 2239 1124 2310 potius
1157 2256 1222 2295 ex
1261 2254 1473 2296 summa
1511 2243 1673 2296 animi
1712 2241 2099 2312 tranquillitate

2236 2244 2377 2306 λλοις
2420 2243 2520 2313 τῆς
2549 2242 2802 2313 ἀληθείας
2845 2242 3016 2306 οὕτως
3064 2242 3301 2313 ἔχεσθαι,
3335 2243 3412 2305 ὡς
3453 2243 3579 2312 μηδ’
3615 2244 3797 2316 εὐορο

549 2345 618 2384 ne
647 2329 805 2384 irasci
829 2330 1067 2398 quidem,
1091 2345 1269 2400 neque
1297 2331 1577 2386 mulierem
1611 2345 1735 2385 cum
1765 2331 1991 2385 libidine
2019 2330 2104 2383 in-

2243 2336 2325 2398 ίας
2366 2335 2593 2399 δεῖσθαι,
2629 2333 2824 2388 πολλοῦ
2865 2334 2944 2387 δεῖ
2981 2337 3281 2406 ἐπιορκεῖν
3332 2334 3797 2406 παρασκευάζειν

548 2421 708 2484 tueri,
738 2436 803 2475 ac
849 2436 957 2475 non
988 2421 1148 2476 modo
1202 2436 1310 2475 non
1363 2421 1558 2487 furari,
1604 2422 1700 2477 sed
1747 2430 1971 2489 contra,
2013 2436 2103 2476 res

2231 2426 2256 2478 ἐ
2287 2425 2376 2478 τὸν
2420 2426 2618 2496 τρόπον
2665 2425 2864 2490 παντὸς
2901 2427 3063 2497 ὅρκου
3109 2426 3422 2496 πιστότερον
3464 2425 3792 2494 φαίνεσθαι,

545 2515 707 2568 etiam
733 2527 863 2568 suas
897 2512 1263 2584 indigentibus
1294 2502 1540 2583 erogare.
1564 2510 1748 2584 Neque
1786 2529 1914 2570 vero
1945 2514 1999 2568 in
2037 2527 2104 2567 eo

2235 2518 2363 2589 téxpt
2407 2518 2500 2571 τοῦ
2533 2516 2639 2571 Ναὶ
2670 2518 2765 2572 καὶ
2816 2519 2909 2571 τοῦ
2945 2517 3019 2571 Οὓ
3060 2518 3386 2588 χωροῦντας,
3422 2518 3515 2570 σὺν
3543 2516 3796 2588 ἀληθείᾳ

545 2604 787 2675 gloriari,
836 2603 981 2673 quod
1023 2604 1197 2658 aliena
1240 2603 1382 2659 inter
1423 2620 1483 2659 se
1520 2619 1630 2659 non
1679 2604 1972 2668 auferrent,
2008 2605 2103 2660 sed

2233 2613 2311 2672 οῖς
2361 2610 2568 2680 ῥήμασι
2613 2607 2942 2680 χρωμένους.
2983 2608 3250 2661 Πευστέον
3289 2609 3490 2670 τοίνυν,
3534 2607 3669 2659 τίνα
3724 2608 3793 2660 ἂν

538 2694 682 2764 quod
725 2694 828 2757 eis,
868 2694 961 2763 qui
1009 2709 1069 2748 se
1108 2693 1268 2762 primi
1320 2693 1670 2763 spoliassent,
1711 2709 1924 2750 omnem
1956 2694 2099 2763 inju-

2232 2717 2315 2770 χοι
2350 2699 2508 2768 λόγον
2544 2700 2670 2762 τοὺς
2704 2698 2810 2752 τῶν
2859 2699 3068 2753 τοιωνδὶ
3107 2701 3400 2771 ἀκροατὰς,
3433 2700 3530 2769 ήδη
3577 2699 3636 2752 δὲ
3690 2703 3793 2753 καὶ

537 2783 677 2836 riam
700 2783 1054 2837 remitterent.
1077 2781 1142 2836 Et
1166 2783 1296 2853 quid
1326 2797 1465 2853 opus
1501 2793 1584 2838 est
1612 2799 1696 2838 me
1729 2783 1909 2837 omnia
1948 2799 2098 2852 repe-

2229 2787 2546 2850 ιδασκάλους
2581 2787 2689 2840 τῶν
2720 2787 2896 2840 αὐτῶν
2931 2787 3132 2857 φύντας
3163 2788 3519 2859 μαθημάτων,
3554 2788 3790 2842 πεττλᾶ-

537 2883 674 2938 tere,
708 2887 1049 2943 quaecunque
1077 2881 1170 2926 aut
1202 2873 1290 2929 ille
1315 2873 1521 2940 docuit,
1544 2881 1637 2928 aut
1659 2873 1735 2927 illi
1763 2873 2098 2928 didicerunti

2229 2878 2326 2931 rOat
2377 2879 2650 2942 ὑπονοεῖν,
2701 2879 2800 2931 ὃσα
2853 2878 3250 2950 διαπράξασθαι
3303 2879 3394 2932 τὸν
3451 2879 3790 2934 διδάσκαλον

538 2980 665 3020 nam
697 2974 891 3035 praeter
912 2973 1132 3027 caetera,
1156 2965 1280 3020 illos
1305 2966 1378 3019 ita
1395 2967 1675 3021 veritatem
1708 2966 1959 3036 amplecti
1981 2965 2099 3021 bor-

2237 2966 2606 3039 μαρτύρησαν.
2636 2969 2699 3020 Τί
2738 2968 2795 3022 δὲ
2820 2970 2878 3022 τὸ
2913 2971 3136 3023 πιθανὸν
3162 2971 3254 3024 τοῦ
3284 2971 3521 3042 νομίζειν
3546 2971 3793 3042 συμφώ-

534 3056 780 3119 taliatnr,
815 3064 875 3109 ut
905 3071 973 3111 ne
1013 3055 1137 3126 jure
1163 3055 1379 3126 quidem
1406 3057 1643 3126 jurando
1688 3057 2011 3129 indigerent,
2039 3073 2095 3113 ac

2231 3077 2308 3124 ως
2341 3058 2587 3123 ἅπαντας
2627 3059 2947 3130 ψεύσασθαι,
2990 3061 3199 3116 δώδεκα
3241 3061 3402 3125 ὂντας
3427 3063 3514 3116 τὸν
3536 3062 3791 3134 ἀριθμὸν

534 3149 707 3204 multo
739 3146 959 3219 quidem
996 3147 1179 3204 minus
1209 3148 1471 3218 perjurio.
1517 3150 1595 3202 Ita
1627 3164 1757 3204 vero
1787 3164 1847 3204 se
1900 3150 2009 3205 vita
2038 3166 2095 3205 ac

2229 3151 2326 3214 τοὺς
2367 3148 2670 3220 ἐκκρίτους,
2716 3147 3081 3220 ἐϐδομήκοντα
3119 3149 3175 3202 δὲ
3217 3151 3345 3212 τοὺς
3380 3148 3632 3214 λοιπούς;
3685 3149 3790 3214 οὒς

535 3239 780 3296 moribus
809 3252 1148 3309 comparare,
1187 3247 1242 3293 ut
1292 3239 1437 3310 quod
1467 3239 1730 3307 dicerent,
1773 3241 1922 3297 omni
1949 3242 2096 3311 jure-

2226 3243 2295 3296 ιαὶ
2317 3242 2628 3295 ἀποστεῖλαι
2648 3241 2862 3310 λέγεται
2890 3241 2994 3295 ἀνά
3023 3241 3114 3294 δύο
3139 3241 3244 3312 πρὸ
3267 3241 3556 3314 προσώπου
3583 3242 3787 3308 αὐτοῦ,

531 3331 766 3403 jurando
795 3334 1002 3388 certius
1037 3331 1350 3394 haberetur,
1376 3334 1787 3404 progredientes
1813 3335 1882 3389 ad
1911 3335 1964 3390 id
2005 3352 2092 3392 us-

2237 3334 2283 3396 ίς
2317 3331 2490 3385 πάντα
2518 3331 2680 3384 τόπον
2707 3330 2800 3384 καὶ
2829 3329 3011 3401 χώραν
3046 3323 3106 3382 οὗ
3154 3329 3375 3400 ἔμελλεν
3418 3329 3581 3394 αὐτὸς
3616 3329 3791 3402 ἔρχε-

535 3439 645 3494 que
691 3422 960 3480 sermonis
990 3430 1046 3476 ut
1078 3438 1176 3492 pro
1204 3422 1558 3479 allirmatione
1597 3425 1858 3494 dicerent,
1884 3425 2056 3481 Etiam
2083 3446 2096 3482 :

2229 3420 2348 3474 πθαι.
2405 3420 2544 3474 Ἀλλ’
2577 3420 2749 3483 οὐδεὶς
2791 3421 2934 3490 αἱρεῖ
2959 3419 3111 3488 λόγος
3160 3418 3502 3473 ἀπιστεῖσθαι
3546 3421 3790 3475 τοσοῦτο

533 3531 633 3587 pro
660 3517 967 3587 negatione,
993 3513 1112 3570 Non
1141 3534 1155 3569 :
1187 3523 1242 3571 et
1268 3532 1390 3570 cum
1425 3518 1649 3574 veritate
1675 3518 1985 3588 bujusmodi
2009 3535 2094 3574 vo-

2227 3510 2409 3579 τλῆθος
2457 3509 2666 3583 ἀνδρῶν
2697 3509 2894 3580 εὐσεϐῆ
2927 3511 3019 3562 καὶ
3046 3510 3238 3580 σεμνὸν
3287 3510 3399 3580 βίον
3446 3511 3788 3583 ἀσπασαμέ-

535 3609 694 3662 cibus
721 3616 1025 3663 uterentur.
1056 3609 1460 3678 lnterrogemus
1484 3609 1670 3680 igitur,
1708 3625 1869 3680 quam
1901 3611 2096 3680 proba-

2223 3621 2333 3667 νων,
2369 3602 2463 3656 καὶ
2514 3602 2729 3656 πάντων
2784 3601 2880 3672 μὲν
2917 3602 3026 3654 τῶν
3072 3602 3284 3656 οἰκείων
3317 3602 3784 3681 ώιλιγωρηκότων,

538 3702 804 3756 bilitatem
845 3701 1064 3763 habeat,
1086 3699 1277 3754 talium
1309 3699 1761 3754 documentorum
1797 3701 2095 3765 auditores,

2220 3696 2324 3748 ίντὶ
2352 3695 2408 3748 δὲ
2441 3694 2549 3748 τῶν
2585 3693 2873 3763 φιλτάτων,
2910 3693 3166 3762 γυναικὸς
3207 3693 3368 3762 λέγω,
3411 3693 3502 3746 καί
3538 3693 3781 3758 παίδων,

537 3808 602 3846 ac
625 3793 803 3863 potius
821 3791 931 3860 jam
963 3791 1252 3860 magistros
1266 3789 1507 3853 effectos,
1527 3791 1792 3860 suspicari
1821 3793 2096 3853 mentitos,

2224 3789 2298 3841 ιαὶ
2323 3788 2521 3851 παντὸς
2561 3786 2772 3854 γένους,
2803 3787 2890 3839 τὸν
2934 3786 3215 3856 ἀκτήμονα
3246 3786 3445 3856 τρόπον
3478 3785 3785 3856 ἑλομένων,

538 3899 875 3954 quaecunque
911 3897 1069 3938 suum
1114 3890 1500 3951 praeceptorem
1541 3881 1787 3937 ellecisse
1824 3883 2099 3938 testiﬁcati

2219 3880 2300 3933 ιιαὶ
2327 3880 2426 3951 τὴν
2465 3881 2590 3950 περὶ
2627 3878 2719 3931 τοῦ
2758 3876 3075 3932 διδασκάλου
3109 3877 3410 3948 μαρτυρίαν
3459 3877 3780 3948 σύμφωνον.

539 3973 703 4028 sunt?
732 3980 825 4026 aut
854 3987 1016 4042 quam
1051 3970 1384 4026 credibiliter
1421 3970 1646 4036 faciant,
1683 3971 1730 4026 si
1765 3980 1956 4042 putent
1977 3973 2098 4029 illos

2224 3970 2277 4035 ὓς
2304 3972 2396 4040 ἀφ’
2421 3971 2538 4034 ἐνὸς
2577 3971 2860 4041 στόματος,
2894 3971 2973 4033 είς
2996 3969 3202 4032 πάντας
3231 3967 3550 4042 ἀνθρώπους
3584 3969 3752 4043 ἐξενη
3771 4001 3785 4013 .

538 4078 728 4119 omnes
761 4062 866 4118 sibi
892 4063 1032 4116 inter
1062 4077 1122 4117 se
1146 4062 1494 4118 consensisse
1525 4062 1580 4116 in
1612 4062 1930 4117 mendacio?
1959 4062 2098 4118 duo-
2203 4062 2454 4132 νοχότων.

539 4154 715 4209 decim
744 4153 961 4224 quidem
1001 4152 1070 4208 de
1109 4153 1258 4208 omni
1308 4168 1535 4208 numero
1559 4154 1785 4217 electos,
1817 4156 2156 4226 septuaginta
2199 4164 2376 4209 autem
2405 4155 2685 4224 reliquos?
2723 4155 2872 4222 Quos
2903 4155 3063 4209 etiam
3100 4153 3260 4209 binos
3308 4153 3524 4210 misisse
3567 4153 3781 4209 dicitur

542 4254 667 4300 ante
697 4244 887 4300 faciem
917 4258 1092 4311 suam,
1122 4243 1192 4298 ad
1234 4259 1448 4298 omnem
1501 4244 1678 4299 locum
1712 4254 1766 4301 et
1792 4248 2090 4318 regionem,
2126 4263 2234 4316 quo
2261 4255 2378 4304 erat
2404 4248 2521 4318 ipse
2576 4255 2860 4303 venturus.
2887 4245 2991 4301 Sed
3025 4247 3174 4300 nulla
3209 4261 3450 4315 unquam
3511 4247 3784 4303 afferetur

541 4339 702 4402 ratio,
731 4352 901 4407 quare
933 4345 1097 4392 tanta
1135 4336 1469 4392 multitudini
1500 4338 1778 4394 hominum
1827 4341 2158 4396 credendum
2200 4357 2308 4398 non
2350 4343 2442 4406 sit,
2476 4341 2568 4413 qui
2605 4340 2826 4412 quidem
2872 4339 3180 4410 religiosam
3233 4353 3562 4408 gravemque
3599 4338 3778 4392 vitam

541 4431 774 4502 amplexi
812 4430 942 4495 sint,
1000 4445 1197 4500 resque
1242 4445 1433 4486 omnes
1490 4447 1620 4488 suas
1655 4434 1950 4502 aspernati,
1977 4443 2031 4491 et
2060 4451 2159 4505 pro
2191 4436 2550 4500 charissimis,
2587 4450 2776 4497 uxore,
2809 4433 3058 4504 inquam,
3089 4439 3145 4487 et
3193 4431 3384 4488 liberis
3417 4441 3471 4486 et
3499 4433 3650 4486 omni
3678 4449 3782 4502 ge-

540 4538 690 4584 nere.
733 4523 946 4591 inopem
979 4521 1185 4576 victum
1226 4521 1505 4591 elegerint,
1525 4539 1590 4579 ac
1617 4523 1685 4580 de
1711 4541 1812 4581 suo
1845 4536 2176 4598 praeceptore
2206 4544 2438 4584 concors
2469 4527 2858 4591 testimonium,
2895 4533 3151 4596 tanquam
3184 4539 3294 4578 uno
3335 4539 3451 4590 ore,
3480 4524 3535 4578 in
3579 4540 3784 4581 omnes

539 4615 785 4674 homines
815 4615 1156 4684 protulerint.

609 4703 867 4775 Princeps
889 4706 1053 4776 igitur
1076 4706 1190 4761 haec
1214 4708 1462 4778 etprima
1480 4715 1534 4762 et
1562 4724 1687 4764 vera
1705 4710 1777 4766 sit
1806 4713 1966 4768 ratio.
1995 4709 2099 4768 Sed
2136 4719 2170 4774 ι]

2284 4706 2341 4760 'U
2405 4706 2502 4777 μὲν
2563 4701 2654 4758 οὖν
2715 4704 2901 4776 κύριος
2971 4703 3066 4757 καὶ
3124 4702 3339 4771 πρῶτος
3401 4702 3496 4757 καὶ
3563 4703 3779 4778 ἀληθὴς

539 4796 866 4851 contrariam
894 4812 1110 4866 quoque
1147 4807 1455 4868 spectemus
1487 4820 1501 4856 :
1538 4803 1591 4856 in
1621 4817 1725 4871 qua
1763 4803 1952 4859 saltem
1982 4804 2098 4874 pri-

2219 4799 2355 4868 ιόγος
2409 4799 2492 4870 εἴη
2538 4797 2604 4851 ἂν
2655 4792 2826 4860 οὗτος.
2872 4794 3204 4866 Σκεψώμεθα
3246 4795 3302 4848 δὲ
3349 4797 3442 4849 καὶ
3480 4796 3571 4848 τὸν
3617 4798 3780 4850 ἐναν-

538 4903 686 4943 mum
704 4887 834 4943 illud
850 4897 1083 4956 constet,
1097 4889 1362 4958 nobisque
1376 4907 1498 4946 cum
1520 4891 1628 4946 illis
1640 4894 2099 4957 conveniat,hunc

2214 4890 2332 4944 τίον.
2383 4891 2561 4943 Ἔστω
2602 4889 2710 4959 γὰρ
2751 4890 2780 4941 ό
2832 4888 2929 4958 μέν
2974 4888 3310 4952 διδάσκαλος,
3339 4889 3389 4940 οί
3420 4887 3476 4942 δέ
3509 4887 3775 4960 μαθηταί.

537 4983 757 5054 quidem
800 4981 969 5038 fuisse
1012 4995 1421 5055 praeceptorem,
1459 4986 1580 5042 illos
1625 5003 1753 5043 vero
1776 4989 2094 5060 discipulos.

2218 4978 2314 5035 Εἶθ’
2343 4981 2417 5044 ὡς
2450 4981 2506 5034 ἐν
2525 4979 2776 5033 ὑποθέσει
2807 4978 2984 5048 λόγου,
3020 4980 3048 5032 ό
3071 4979 3167 5050 μὲν
3191 4978 3265 5050 μὴ
3285 4978 3354 5031 τὰ
3371 4978 3779 5051 προλελεγμένα

546 5073 699 5143 ιιι
730 5070 931 5127 Deinde
953 5074 1221 5144 fingamus
1249 5075 1398 5130 illum
1436 5091 1543 5132 non
1566 5092 1628 5132 ea
1659 5094 1780 5148 qua:
1805 5079 1917 5148 jam
1951 5080 2096 5134 dicta

2218 5074 2510 5137 ῑιδασκέτω,
2559 5071 2626 5125 τὰ
2671 5070 2715 5123 δ’
2751 5070 2974 5132 ἐκείνοις
3029 5069 3266 5132 ἐναντία,
3310 5073 3647 5142 παρανομεῖν
3677 5071 3779 5142 δη-

539 5173 688 5229 sunt,
718 5163 989 5230 docuisse,
1013 5165 1106 5220 sed
1142 5166 1248 5222 illis
1284 5167 1443 5236 plane
1480 5170 1758 5224 contraria
1789 5171 1989 5238 facere,
2010 5173 2096 5226 vi-

2217 5166 2350 5238 ta'di],
2383 5167 2478 5219 xc).
2511 5164 2747 5226 ἀσεϐεῖν,
2781 5162 2875 5217 καὶ
2907 5162 3128 5226 ἀδικεῖν,
3157 5163 3251 5216 καὶ
3278 5161 3637 5227 πλεονεκτεῖν,
3673 5169 3778 5220 καὶ

539 5258 734 5314 delicet
756 5267 946 5314 contra
974 5258 1138 5329 leges,
1172 5258 1335 5329 impie
1365 5259 1669 5330 injusteque
1727 5277 1907 5332 agere,
1941 5279 2100 5333 supe-

2214 5259 2532 5328 ίποστερεῖν,
2568 5255 2658 5309 καὶ
2689 5255 2740 5307 εί
2771 5271 2823 5307 τι
2860 5254 3044 5325 ἕτερον
3079 5253 3246 5306 κακὸν
3289 5253 3499 5321 λέγοιτο
3521 5270 3533 5282 ·
3567 5252 3775 5308 λανθά-

539 5363 683 5412 rare,
713 5352 944 5418 spoliare
990 5357 1235 5415 caeteros,
1264 5358 1317 5405 et
1349 5351 1396 5405 si
1446 5353 1574 5422 quid
1611 5353 1790 5418 aliud,
1855 5354 2000 5426 quod
2036 5355 2100 5410 ad

2214 5367 2304 5402 νειν
2355 5351 2398 5403 δ’
2442 5349 2534 5401 ἐπὶ
2584 5349 2717 5400 πᾶσι
2768 5347 2976 5408 τούτοις
3024 5343 3364 5408 σπουδάζειν,
3405 5344 3499 5397 καὶ
3539 5344 3599 5398 τὸ
3639 5341 3775 5415 ἦθος

541 5438 798 5492 malitiam
833 5440 1123 5508 pertineat,
1147 5441 1255 5495 dici
1284 5449 1464 5511 potest
1496 5459 1509 5496 ι
1542 5443 1709 5498 latere
1751 5455 1932 5498 autem
1966 5443 2102 5499 iniis

2213 5439 2320 5494 ιάλ’
2345 5439 2558 5509 εὐφυῶς
2607 5435 3032 5510 ἐπικρύπτεσθαι
3080 5437 3424 5508 προσχήματι
3455 5434 3658 5506 σεμνῆς
3691 5435 3774 5488 δι-

547 5525 804 5582 omnibus
859 5529 1069 5593 conari,
1123 5539 1174 5586 et
1203 5531 1475 5600 ejusmodi
1529 5547 1708 5587 mores
1761 5533 2106 5588 simulatione

2213 5531 2488 5594 Ξασκαλίας
2541 5530 2634 5582 καὶ
2671 5527 2950 5591 εὐσεϐείας
2997 5526 3294 5598 ἐπαγγελίᾳ
3342 5527 3553 5598 καινῆς.
3601 5527 3665 5579 Οί
3715 5525 3774 5580 δὲ

541 5616 805 5674 doctrina
825 5621 1111 5690 gravioris,
1142 5631 1196 5678 et
1217 5639 1358 5680 nova
1386 5623 1728 5697 professione
1763 5625 1984 5696 pietatis
2005 5625 2102 5681 ob-

2211 5623 2366 5679 εαῦτα
2396 5619 2864 5693 μετερχέσθωσαν,
2908 5621 3002 5674 καὶ
3048 5617 3117 5672 τὰ
3147 5618 3351 5674 τούτων
3384 5616 3466 5672 ἔτι
3495 5616 3772 5690 μοχθηρά.

611 5773 657 5806 ⁸⁸
683 5771 812 5829 Luc.
843 5788 898 5838 ι,
928 5773 981 5828 ι.
