3954 6522
158 424 250 478 20!

1081 413 1738 473 DEMONSTRATIONIS
1775 410 2231 468 EVANGELICJE
2271 411 2401 466 LIB.
2441 409 2529 465 lli.

3301 413 3410 471 2οὶ

159 550 300 604 τερα,
334 531 426 586 διὰ
463 532 531 585 τὸ
582 532 816 605 προαλὲς
857 533 959 602 τῆς
995 534 1193 597 κακίας
1236 533 1329 586 καὶ
1368 532 1734 585 αὐτοδίδακτοι

1849 538 2046 598 legere.
2089 529 2197 598 lpsi
2248 543 2378 584 vero
2418 528 2675 599 discipuli
2721 537 2774 582 et
2828 529 2914 586 bis
2936 539 3314 599 exerceantur,
3355 545 3409 590 et

159 624 343 694 αὐτῆς·
389 623 490 675 ἐπὶ
541 625 686 694 μέγα
729 623 784 676 δὲ
825 622 1080 685 πλαστοῖς
1125 624 1362 694 ῥήμασιν
1410 621 1744 693 ὲπαιρόντων

155 719 236 771 τὴν
267 715 625 779 διδάσκαλον,
669 715 896 786 μηδενὸς
927 713 1154 784 ψευδοῦς
1201 713 1502 784 φειδόμενοι
1543 712 1700 780 λόγου
1724 727 1737 741 ·

158 807 322 860 πάντα
353 805 414 859 δὲ
437 806 606 875 αὐτῷ
639 807 704 858 τά
738 805 1015 877 παράδοξα
1047 805 1140 857 καὶ
1173 806 1271 867 τάς
1301 805 1743 876 θαυματουργίας

157 898 560 966 πεπλασμένως
593 898 1026 967 ἐπιγραφόντων,
1060 897 1135 960 ὡς
1172 896 1237 950 ἂν
1271 896 1630 966 θαυμάζοιντο
1651 896 1743 949 καὶ

157 992 314 1055 αὖτοὶ,
358 989 462 1042 καὶ
504 989 916 1062 μακαρίζοιντο,
954 986 1040 1043 οἷα
1078 989 1313 1060 μαθηταὶ⁸
1352 988 1556 1042 τοιοῦδε
1589 989 1742 1057 γενέ-

157 1085 262 1136 σθαι
295 1081 632 1151 ἠξιωμένοι.
677 1082 814 1152 Φέρε
849 1077 942 1134 οὖν
978 1081 1196 1150 ἴδωμεν,
1237 1083 1284 1134 εί
1323 1080 1548 1134 τοιοῖσδε
1594 1077 1747 1134 οὖσιν

157 1176 323 1236 αὐτοῖς
371 1173 655 1242 συστῆναι
697 1169 807 1225 οἷόν
845 1190 905 1226 τε
942 1169 1010 1244 ῆν
1057 1174 1117 1226 τὸ
1164 1173 1518 1244 ἐπιχείρημα.
1571 1171 1742 1242 Κακῷ

155 1267 210 1338 δὴ
237 1264 405 1318 κακὸν
432 1264 499 1317 οῦ
532 1282 700 1334 φασιν
729 1261 866 1318 εἶναι
896 1265 1068 1332 φίλον,
1104 1264 1220 1317 ἀλλ’
1252 1263 1370 1317 οὐδὲ
1397 1263 1604 1334 ἀγαθῶ.
1635 1263 1740 1316 Πό-

163 1357 239 1410 θεν
262 1353 356 1409 οὖν
393 1359 454 1408 ἐν
488 1357 694 1428 πλήθει
733 1356 962 1409 τοσῶνδε
1002 1355 1207 1426 ἀνδρῶν
1232 1358 1265 1427 ἡ
1293 1356 1401 1408 τῶν
1440 1355 1624 1408 κακῶν
1652 1355 1741 1408 εὖ·

166 1465 311 1519 ρηται
345 1449 688 1518 συμφωνία;
725 1448 886 1500 πόθεν
919 1449 950 1518 ἡ
981 1447 1108 1518 περὶ
1136 1446 1242 1499 τῶν
1279 1445 1453 1500 αὐτῶν
1487 1447 1543 1499 ὲν
1578 1448 1741 1500 πᾶσιν

161 1539 326 1602 αὐτοῖς
359 1541 663 1609 ὁμόφωνος
713 1539 1085 1610 μαρτυρία;ή
1136 1538 1293 1608 μέχρι
1341 1536 1566 1591 θανάτου
1612 1540 1741 1607 όμο-

160 1631 422 1701 φροσύνης
454 1631 621 1700 ἀνδρὶ
665 1631 721 1684 δὲ
751 1630 906 1699 γόητι
938 1630 1113 1682 τοιάδε
1156 1629 1625 1699 ἐπαγγελλομένῳ,
1656 1631 1741 1693 τίς

159 1724 217 1774 ἂν
259 1721 357 1791 τῆν
411 1721 603 1792 ἀρχὴν
639 1721 910 1792 προσέσχε
953 1719 1044 1772 τὸν
1095 1719 1252 1784 νοῦν;
1291 1720 1479 1782 Είποις
1521 1721 1606 1784 ἂν,
1659 1721 1739 1772 ὅτι

161 1813 334 1882 γόητες
362 1812 529 1864 αὐτοὶ
565 1811 717 1863 οὐδὲν
748 1808 910 1882 ¹ἧττον
939 1810 1030 1863 τοῦ
1074 1809 1381 1880 καθηγητοῦ
1421 1807 1577 1880 ἦσαν.
1614 1807 1737 1881 'Ap‘

161 1898 243 1956 οῦν
269 1903 375 1954 οἶδε
423 1903 488 1954 τὸ
515 1902 676 1965 τέλος
725 1903 787 1954 οὐ
826 1902 1238 1972 συνεωράκεσαν
1271 1901 1363 1954 τοῦ
1400 1901 1736 1965 διδασκάλου,

163 1994 244 2046 καὶ
272 1993 365 2062 oio)
400 1993 654 2062 κέχρητο
692 1992 937 2062 eaad-np;
975 1992 1037 2043 Τί
1072 1991 1207 2062 δῆτα
1243 1988 1335 2045 οὖν
1380 1994 1471 2046 καὶ
1507 1994 1641 2064 μετά
1677 1995 1740 2047 τὸ

163 2088 421 2154 αἴσχιστον
466 2088 656 2138 ἐκεῖνο
686 2085 836 2149 τέλος
890 2084 1055 2137 αὑτοῦ
1101 2085 1388 2155 ἐπέμενον,
1420 2086 1509 2140 τὸν
1554 2089 1610 2139 ὲν
1649 2105 1736 2140 νε-

166 2181 299 2248 κροῖς
331 2178 746 2246 θεολογοῦντες,
783 2177 852 2230 τά
887 2177 977 2230 ἴσα
1029 2177 1248 2239 παθεῖνς
1283 2179 1391 2230 Καὶ
1419 2181 1501 2242 τίς
1532 2180 1737 2245 πώποτ’

165 2273 239 2322 ἐπ’
265 2271 439 2324 οὐδενὶ
474 2272 631 2340 λόγῳ
662 2271 926 2342 πρόδηλον
958 2270 1130 2323 ἕλοιτο
1160 2271 1414 2343 τοιαύτην
1437 2274 1735 2344 τιμωρίαν;

167 2363 264 2416 Καὶ
297 2364 398 2433 μὴν
437 2363 685 2417 δεδόσθω
717 2365 879 2434 τιμᾷν
917 2364 1075 2415 αὑτὸν
1116 2365 1337 2418 συνόντα
1372 2365 1448 2417 ἐτι
1482 2367 1572 2418 καὶ
1612 2383 1737 2420 συν-

166 2453 516 2523 διατρίϐοντα,
557 2454 649 2508 καὶ
676 2456 742 2507 δι’
779 2455 989 2525 ἀπάτης
1023 2456 1235 2519 αὐτοὺς,
1267 2457 1341 2519 ὡς
1368 2455 1432 2510 ἂν
1466 2457 1598 2527 φαίη
1631 2474 1733 2521 τις,

171 2544 580 2598 ἀποπλανῶντα.
616 2546 680 2598 Τί
720 2542 834 2609 οῦν,
869 2547 949 2598 ὅτι
998 2547 1090 2599 καὶ
1139 2548 1274 2616 μετά
1315 2549 1413 2615 τὴν
1461 2547 1731 2619 τελευτὴν,

172 2636 253 2687 καὶ
287 2636 419 2688 πολὺ
452 2637 664 2706 μᾶλλον
695 2638 814 2689 τότε
858 2638 890 2707 ἢ
927 2638 1186 2709 πρότερον
1213 2639 1374 2691 αὐτὸν
1413 2638 1733 2708 τεθνηκότα,

173 2727 516 2795 τετιμήκασιν
541 2744 558 2791 ;
584 2728 706 2779 ἐπεὶ
771 2727 866 2780 σὺν
902 2726 1206 2797 ἀνθρώποις
1236 2728 1460 2797 μένοντα
1490 2728 1734 2796 λέγονται

175 2818 254 2868 καί
283 2818 641 2890 ἀπηρνῆσθαί
676 2835 824 2883 ποτε,
859 2821 946 2872 ὅτε
981 2820 1130 2891 αὐτῷ
1159 2821 1227 2875 τὰ
1266 2821 1364 2892 τῆς
1406 2837 1468 2889 γε
1511 2822 1732 2875 ἐπιϐου-

173 2907 257 2976 λῆς
281 2911 652 2982 ἐσκευώρητο.
684 2913 834 2965 Μετὰ
865 2913 920 2966 δὲ
952 2914 1012 2966 τὸ
1042 2915 1099 2980 ἐξ
1131 2911 1430 2984 ἀνθρώπων
1463 2912 1730 2982 γενέσθαι,

175 2997 400 3066 ἀσμένως
427 3001 593 3053 αὐτοὶ
619 3000 870 3072 θνήσκειν
905 3004 1101 3074 μᾶλλον
1133 3003 1380 3076 ᾑροῦντο,
1407 3004 1439 3075 ἢ
1470 3005 1571 3074 τῆς
1595 3007 1733 3076 ὑπὲρ

176 3088 315 3141 αὑτοῦ
353 3093 667 3162 μαρτυρίας
703 3093 914 3165 ἀγαθῆς
940 3094 1269 3158 ἐξίστασθαι.
1298 3096 1360 3148 Ei
1399 3095 1463 3166 δὴ
1501 3091 1594 3149 οῦν
1625 3115 1732 3167 μη-

1844 633 2005 690 quam
2044 619 2158 674 haec
2179 629 2326 683 sunt,
2357 621 2520 674 etiam
2572 621 2945 691 nequioribus.
2979 621 3282 693 Propterea
3325 627 3408 680 vi-

1843 711 2037 765 delicet
2089 711 2232 779 quod
2277 727 2474 783 magna
2508 721 2594 768 est
2640 713 2708 765 ad
2741 714 3002 768 malitiam
3046 716 3362 784 proclivitas
3393 756 3408 780 ,

1841 818 2072 873 eamque
2103 804 2185 858 vel
2219 804 2371 858 nullo
2403 813 2736 876 praeceptore
2761 805 2974 862 discere
3007 808 3167 864 facile
3186 820 3270 864 est
3304 829 3317 864 :
3354 812 3410 865 in

1843 895 2076 950 sublime
2102 911 2234 950 vero
2283 911 2442 950 suum
2495 907 2878 967 praeceptorem
2941 900 3084 954 lictis
3110 902 3290 956 verbis
3315 917 3412 956 ex-

1842 985 2058 1047 tollant,
2113 986 2358 1056 nullique
2417 989 2704 1041 mendaeio
2747 997 3018 1057 parcant:
3068 991 3252 1045 omnia
3283 1008 3411 1047 vero

1843 1075 1921 1128 illi
1978 1076 2238 1130 miracula
2267 1084 2320 1131 et
2352 1088 2624 1147 portenta,
2658 1094 2784 1132 eum
2833 1081 3202 1147 simulatione,
3257 1083 3411 1139 falsi-

1843 1173 2057 1234 tateque
2111 1167 2387 1220 aseribant
2413 1207 2427 1230 ,
2474 1176 2532 1220 ut
2564 1168 2666 1236 ipsi
2707 1185 2923 1238 quoque
2952 1171 3005 1225 in
3049 1172 3410 1230 admiratione

1843 1259 2166 1321 habeantur,
2199 1261 2454 1330 beatique
2483 1259 2824 1328 judicentur,
2860 1263 2951 1334 qui
2983 1264 3249 1333 ejusmodi
3268 1283 3407 1336 pra:-

1841 1352 2077 1419 ceptoris
2123 1351 2373 1422 discipuli
2405 1355 2734 1408 exstiterint.
2788 1351 3082 1411 Videamus
3113 1358 3280 1427 igitur
3315 1361 3406 1429 qui

1842 1441 2077 1508 potuerit
2109 1441 2217 1495 illis
2254 1452 2360 1496 tam
2425 1444 2600 1497 audax
2650 1443 2942 1512 inemptum
2990 1449 3326 1515 consistere,
3361 1453 3408 1506 si

1841 1533 1975 1586 tales
2007 1534 2174 1587 fuere.
2211 1537 2400 1603 quales
2426 1535 2687 1602 descripti
2718 1544 2865 1591 sunt.
2893 1535 3030 1591 Nam
3061 1541 3262 1592 malum
3293 1557 3408 1595 ma-

1841 1621 1914 1683 lo,
1943 1621 2118 1687 aiunt,
2165 1623 2402 1678 amicum
2435 1641 2544 1679 non
2583 1635 2707 1681 est:
2755 1643 2818 1682 ac
2848 1645 2919 1682 ne
2971 1631 3112 1684 bono
3164 1633 3403 1701 quidem.

1843 1713 1996 1768 Unde
2025 1715 2190 1783 igitur
2217 1714 2272 1768 in
2297 1724 2446 1770 tanta
2473 1717 2715 1772 virorum
2758 1720 3127 1787 multitudine,
3177 1738 3410 1779 concor-

1839 1805 1927 1859 dia
1979 1808 2200 1861 malitiae
2229 1819 2442 1878 reperta
2486 1814 2614 1864 est?
2645 1811 2786 1865 trude
2814 1813 2867 1865 in
2891 1813 2998 1868 illis
3034 1814 3310 1879 omnibus,
3339 1817 3408 1873 de

1842 1896 2033 1951 iisdem
2092 1899 2258 1953 rebus
2292 1913 2523 1966 epncors
2555 1902 2972 1957 testimonium?
3020 1914 3073 1959 et
3099 1905 3286 1960 eadem
3312 1923 3408 1963 us-

1838 2004 1943 2058 que
1975 1989 2042 2042 ad
2066 2001 2292 2044 mortem
2346 1993 2617 2046 sententia
2646 1994 2669 2046 ?
2697 1993 2826 2050 Viro
2876 2005 3058 2051 autem
3111 2000 3404 2070 praestigiis

1841 2080 2010 2133 utenti
2035 2089 2087 2135 et
2110 2080 2363 2149 fallaciis,
2396 2086 2489 2154 qui
2525 2085 2653 2138 talia
2689 2085 2942 2152 doceret,
2993 2104 3055 2143 ac
3082 2090 3212 2144 talia
3239 2094 3404 2160 profi-

1837 2179 2064 2232 teretur,
2094 2174 2219 2242 quis
2249 2176 2317 2228 ab
2346 2176 2503 2230 initio
2549 2179 2850 2234 studuisset
2877 2179 2901 2232 ?
2935 2180 3114 2246 Dices,
3144 2182 3288 2252 quod
3313 2185 3404 2238 alii

1837 2281 2050 2335 quoque
2074 2267 2166 2320 illo
2196 2277 2524 2337 praeceptore
2555 2287 2659 2324 non
2688 2273 2870 2327 minus
2888 2276 3283 2346 praestigiarum
3315 2293 3410 2332 eu-

1837 2357 1984 2427 pidi:
2021 2373 2152 2428 ergo
2199 2359 2274 2412 illi
2323 2363 2676 2431 praaceptoris
2729 2365 2814 2417 sui
2877 2367 3082 2420 exitum
3114 2383 3222 2422 non
3255 2370 3407 2425 vidc—

1836 2460 1963 2503 runt
1989 2451 2012 2504 ?
2033 2462 2087 2505 et
2111 2453 2258 2522 quali
2287 2461 2460 2508 morte
2485 2454 2649 2509 fuerit
2683 2457 2910 2512 affectus
2929 2459 2953 2511 ?
2972 2475 3073 2514 cur
3098 2461 3266 2530 igitur
3282 2471 3405 2532 post

1836 2543 1983 2597 illam
2003 2545 2376 2614 turpissimam
2406 2547 2552 2602 illius
2590 2563 2800 2614 necem,
2843 2550 2912 2605 de
2937 2566 3003 2606 eo
3035 2554 3129 2622 qui
3155 2564 3404 2610 mortuus

1841 2647 1983 2689 esset
2001 2651 2196 2691 novam
2214 2638 2537 2710 theologiam
2565 2641 3010 2698 constantissime
3031 2647 3400 2714 protulerunt,

1835 2740 1936 2779 nec
1966 2727 2035 2780 ab
2067 2728 2304 2798 incmpto
2331 2731 2593 2786 deterreri
2622 2734 2955 2801 potuerunt?
2979 2745 3072 2788 aut
3095 2737 3227 2806 quid
3252 2754 3316 2792 ex
3337 2753 3404 2792 ea

1835 2832 1894 2872 re
1926 2817 2142 2872 tandem
2175 2819 2428 2890 petebant
2451 2823 2474 2874 ‘l
2496 2838 2624 2876 num
2661 2833 2721 2876 ut
2765 2825 2955 2878 eodem
2986 2827 3256 2896 supplicio
3286 2827 3402 2882 alli-

1833 2917 2087 2963 cerentur
2111 2911 2135 2963 ‘i
2164 2911 2258 2966 sed
2289 2913 2413 2981 quis
2445 2914 2554 2967 ullo
2575 2929 2814 2984 unquam
2844 2925 3105 2986 tempore,
3142 2921 3288 2972 nulla
3307 2937 3403 2990 spe

1833 3003 2109 3070 proposita
2139 3003 2409 3072 ejusmodi
2453 3007 2780 3076 supplicium
2836 3009 3187 3065 manifestum
3235 3013 3403 3084 elige-

1833 3093 1958 3146 ret?
2008 3092 2276 3148 Caeterum
2334 3096 2528 3152 demus
2589 3099 2712 3154 illos
2755 3099 2908 3154 illum
2939 3116 3063 3156 esse
3090 3115 3400 3166 vcneratos,

177 3180 251 3234 ὁὲν
280 3183 475 3249 ἀγαθὸν
515 3185 912 3251 συνεγνωκότες
941 3186 1016 3256 τῷ
1044 3185 1362 3257 διδασκάλῳ,
1393 3187 1466 3257 μὴ
1496 3187 1626 3257 βίον,
1657 3189 1731 3259 μὴ

1836 3188 2093 3256 quamdiu
2142 3201 2265 3240 cum
2319 3189 2452 3258 ipsis
2497 3200 2751 3246 versatus
2803 3203 3283 3266 connnoratusque
3306 3199 3400 3261 sit,

180 3271 403 3343 μάθημα,
442 3275 527 3346 μὴ
575 3276 794 3346 πρᾶξιν,
833 3276 906 3347 μὴ
937 3277 1096 3348 ἔργον
1128 3278 1348 3332 ἐπαίνου
1393 3278 1558 3344 ἄξιον,
1597 3279 1731 3349 μηδὲ

183 3367 272 3436 μὴν
292 3371 425 3422 κατά
458 3388 516 3422 τι
551 3371 887 3440 ὡφελημένοι
922 3371 1106 3435 αὑτοῦ,
1135 3372 1168 3442 ἢ
1201 3373 1321 3425 ὅσον
1349 3373 1606 3444 πονηρίαν
1639 3373 1731 3426 καὶ

179 3458 362 3530 ἀνδρῶν
407 3462 647 3531 πλάνην,
684 3462 800 3525 πῶς
833 3462 1090 3533 ἔθνησκον
1113 3463 1402 3535 προθύμως
1448 3464 1514 3518 τά
1561 3464 1732 3535 σεμνὰ

185 3553 262 3602 καὶ
280 3553 492 3620 ἐπίδοξα
533 3571 600 3606 πε
611 3555 662 3626 ρὶ
683 3554 846 3607 αὑτοῦ
883 3557 1298 3626 μαρτυροῦντες,
1327 3556 1500 3626 παρὸν
1518 3557 1730 3627 ἑκάστῳ

184 3641 268 3710 ζῇν
303 3645 697 3716 ἀπραγμόνως,
741 3647 834 3699 καί
878 3649 970 3700 ἐπὶ
1003 3649 1099 3718 τῆς
1132 3649 1333 3711 οἰκείας
1379 3648 1558 3711 ἑστίας
1594 3649 1730 3719 μετά

186 3732 274 3785 τῶν
308 3736 582 3804 φιλτάτων
610 3739 701 3790 τὸν
728 3738 1004 3791 ἀκίνδυνον
1038 3739 1241 3807 διάγειν
1270 3739 1383 3809 βίον
1405 3757 1417 3803 ;
1443 3739 1638 3792 Πλάνοι
1671 3739 1730 3791 δὲ

186 3826 350 3898 ἄνδρες
391 3833 490 3884 καλ⁸
540 3831 850 3895 ἀπατεῶνες
893 3831 1006 3894 πῶς
1052 3832 1332 3902 ἀγαπητὸν
1373 3830 1602 3902 ἡγοῦντο
1639 3832 1730 3884 τὸν

188 3916 304 3987 ὑπὲρ
330 3921 521 3992 ἐτέρου
545 3921 789 3984 θάνατον,
814 3921 871 3972 ὃν
893 3920 1134 3990 ἀκριϐῶς
1163 3921 1377 3972 πάντων
1402 3919 1598 3990 μᾶλλον
1624 3919 1731 3987 ὲγί-

189 4026 364 4066 vio-nov
385 4015 604 4077 οὐδενὸς
639 4015 734 4083 μὲν
766 4014 962 4076 αὐτοῖς,
984 4013 1058 4076 ὼς
1085 4013 1149 4066 ἂν
1177 4013 1307 4084 φαίη
1337 4030 1439 4076 τις,
1468 4013 1728 4081 γεγονότα

191 4105 442 4171 παραίτιον
503 4105 731 4173 ἀγαθοῦ,
791 4106 972 4174 πάσης
1021 4104 1077 4156 δὲ
1132 4105 1327 4167 κακίας
1375 4102 1726 4167 διδάσκαλονς

204 4193 341 4265 Ἀνὴρ
371 4198 470 4267 μὲν
512 4198 621 4268 γὰρ
664 4195 921 4266 λογισμοῦ
964 4197 1056 4249 καὶ
1085 4194 1286 4266 ἀρετῆς
1327 4194 1550 4266 μέτοχος
1591 4193 1728 4263 ὑπὲρ

193 4285 366 4351 ἀγαθοῦ
415 4288 842 4360 κατορθώματος
883 4288 984 4341 κᾶν
1031 4288 1262 4356 εὐλόγως
1307 4288 1434 4340 ποτὲ
1480 4288 1573 4340 τὸν
1613 4285 1727 4357 μετ’

194 4377 406 4445 εὐκλείας
455 4382 687 4434 θάνατον
727 4380 1065 4450 ὑπομείνειεν
1097 4397 1109 4409 ·
1147 4383 1176 4433 ό
1226 4381 1282 4433 δὲ
1333 4379 1600 4450 μοχθηρὸς
1638 4379 1729 4430 τὸν

194 4470 380 4539 τρόπον,
417 4474 723 4545 φιλοπαθής
761 4491 844 4537 τις
884 4475 976 4527 καὶ
1010 4473 1284 4544 φιλήδονος
1324 4471 1419 4532 ῶν,
1469 4471 1634 4541 μόνην
1672 4470 1728 4522 δὲ

1838 3281 1891 3328 et
1909 3277 2167 3344 quamdiu
2201 3278 2428 3334 fallaciis
2456 3295 2572 3344 eos,
2602 3291 2662 3334 ut
2691 3297 2942 3338 sermone
2989 3285 3218 3339 istorum
3259 3295 3400 3350 utar,

1838 3366 2091 3437 decipere
2134 3369 2388 3438 potuerit.
2427 3370 2539 3425 Cur
2585 3373 2750 3444 igitur
2777 3384 2902 3444 post
2946 3385 3177 3431 mortem
3228 3379 3402 3434 multo

1837 3458 2012 3528 magis
2044 3475 2207 3529 quam
2259 3471 2385 3516 ante
2408 3503 2423 3528 ,
2459 3463 2610 3517 illum
2663 3463 2915 3518 admirati
2971 3468 3146 3521 sunt?
3183 3484 3307 3522 nam
3344 3471 3400 3525 in

1838 3549 2089 3605 humanis
2122 3551 2404 3622 degentem
2439 3561 2492 3608 et
2527 3553 2837 3610 deseruisse
2865 3564 2919 3611 et
2947 3558 3247 3628 abnegasse
3270 3561 3401 3616 olim

1837 3642 2110 3706 dicuntur,
2164 3658 2286 3696 cum
2331 3645 2406 3697 illi
2439 3645 2688 3700 videlicet
2747 3648 2960 3703 insidiae
3025 3649 3181 3704 facta:
3245 3661 3396 3707 sunt.

1837 3728 2128 3800 Postquam
2161 3747 2290 3786 vero
2340 3734 2483 3788 inter
2539 3734 2788 3790 homines
2819 3751 2942 3791 esse
2973 3737 3155 3802 desiit,
3191 3740 3400 3795 alacres

1837 3819 1942 3890 ipsi
1967 3822 2105 3875 mori
2136 3823 2432 3889 malebant,
2461 3840 2626 3894 quam
2675 3841 2704 3879 a
2739 3843 2865 3882 vera
2905 3828 2974 3884 de
3011 3830 3104 3884 illo
3138 3831 3400 3888 testiﬁca-

1835 3911 1980 3965 tione
2001 3914 2259 3967 amoveri.
2293 3912 2348 3967 Si
2379 3915 2543 3984 igitur
2573 3920 2887 3988 prasceptori
2921 3935 3023 3974 suo
3051 3922 3254 3978 nullius
3271 3924 3398 3979 boni

1835 4003 2042 4058 conscii
2074 4015 2249 4068 erant,
2301 4021 2409 4060 non
2444 4008 2588 4072 vitae,
2623 4025 2731 4064 non
2791 4009 3130 4082 disciplinae,
3170 4030 3278 4069 non
3307 4030 3400 4070 ac-

1834 4095 2020 4160 tionis,
2051 4111 2160 4150 non
2191 4097 2374 4166 operis
2396 4099 2630 4168 alicujus
2663 4102 2874 4157 laudem
2909 4106 3188 4170 merentis,
3223 4123 3400 4177 neque

1835 4199 1964 4238 vero
1995 4185 2291 4255 quidquam
2340 4188 2409 4240 ab
2463 4189 2555 4242 illo
2586 4191 2937 4246 emolumenti
2992 4204 3347 4265 perceperant
3379 4237 3396 4262 ,

1836 4283 2029 4339 praeter
2060 4292 2219 4330 unam
2256 4279 2515 4332 malitiam
2564 4287 2619 4333 ct
2665 4282 2894 4336 aliorum
2931 4284 3210 4340 hominum
3237 4288 3400 4343 dece-

1834 4365 2094 4432 ptionem,
2146 4368 2301 4436 112
2337 4384 2499 4438 quam
2532 4372 2602 4424 ob
2635 4387 2748 4425 rem
2777 4381 2885 4427 tam
2916 4384 3165 4444 prompte
3197 4377 3398 4433 morior

1836 4454 2054 4520 bantur,
2083 4456 2377 4512 dummodo
2395 4459 2462 4514 de
2479 4461 2570 4514 illo
2592 4478 2780 4517 severa
2809 4464 3056 4532 quaadam
3081 4474 3134 4522 et
3161 4469 3396 4539 insignia

197 4559 276 4631 τὴν
312 4566 641 4636 πρόσκαιρον
684 4565 904 4633 ταυτηνὶ
942 4563 1107 4633 ζωὴν,
1153 4563 1244 4615 καὶ
1281 4560 1378 4624 τὰς
1412 4561 1528 4613 κατ’
1563 4559 1730 4630 αὐτὴν

1836 4547 2192 4615 prmdicarent
2221 4549 2244 4602 ?
2284 4567 2405 4604 eum
2434 4552 2651 4606 interim
2685 4555 2903 4609 illorum
2932 4557 3230 4630 unicuique
3262 4561 3395 4616 lice-

197 4651 495 4720 ήδυπαθείας
523 4656 886 4725 μεταδιώκων,
909 4655 1008 4708 οὐκ
1029 4654 1092 4706 ἄν
1111 4670 1240 4706 ποτε
1263 4652 1430 4704 ἕλοιτο
1460 4652 1565 4721 πρὸ
1588 4650 1732 4720 ζωῆς

199 4741 411 4812 θάνατον,
461 4749 571 4800 οὐδ’
605 4749 744 4819 ὑπὲρ
775 4748 987 4801 οἰκείων
1026 4747 1118 4800 καὶ
1167 4745 1432 4815 φιλτάτων
1464 4743 1732 4814 τιμωρίας

199 4833 500 4908 ὑπομείνειε,
528 4840 722 4910 μήτιγε
740 4839 876 4910 ὑπὲρ
908 4837 999 4891 τοῦ
1029 4837 1334 4910 φαυλότητα
1356 4836 1732 4906 κατεγνωσμέ-

203 4942 290 4980 νου.
337 4932 458 4996 Πῶς
502 4928 594 4985 οῦν
639 4934 686 4984 οἱ
719 4929 809 4984 τοῦ
854 4930 1182 5000 δηλουμένου
1232 4929 1485 5000 μαθηταὶ,
1527 4929 1575 4980 εί
1625 4927 1731 4999 ἄρα

205 5017 370 5086 πλάνος
399 5019 469 5094 ἦν
502 5023 595 5076 καὶ
629 5025 780 5093 γόης,
806 5021 904 5074 οὐκ
931 5018 1246 5088 ἀγνοοῦντες
1290 5019 1450 5072 αὐτὸν
1473 5016 1728 5082 τοιοῦτον,

205 5108 314 5166 ἀλλὰ
339 5118 424 5170 καὶ
463 5117 637 5177 αὐτοὶ,
663 5116 861 5184 χείρονι
899 5112 1195 5184 μοχθηρίας
1217 5112 1400 5183 τρόπῳ
1432 5111 1528 5174 τὰς
1557 5110 1730 5180 ψυχὰς

206 5199 540 5276 ὲνεεχημένοι,
586 5206 853 5274 ὑπέμενον
902 5205 1037 5275 πρὸς
1085 5203 1191 5256 τῶν
1234 5201 1502 5272 ὁμοεθνῶν
1551 5201 1730 5263 πάσας

211 5295 376 5360 αἰκίας,
401 5302 494 5352 καὶ
521 5300 627 5351 πᾶν
655 5297 928 5369 τιμωριῶν
953 5294 1088 5358 εἶδος
1113 5298 1249 5367 ὑπὲρ
1274 5297 1371 5366 τῆς
1397 5295 1560 5348 αὑτοῦ
1591 5311 1731 5365 μαρ-

209 5386 363 5452 τυρίας
391 5387 761 5457 ἀναδέχεσθαι,
804 5385 903 5438 οὐκ
946 5385 1004 5438 δν
1034 5385 1195 5438 τοῦτο
1233 5385 1333 5454 τῆς
1365 5383 1472 5434 τῶν
1515 5380 1730 5450 φαύλων

211 5475 368 5530 οἰκεῖον
399 5479 647 5548 φύσεως;
688 5479 808 5531 Ἔτι
839 5478 896 5530 δὲ
934 5478 1026 5530 καὶ
1069 5477 1242 5546 τούτῳ
1279 5475 1541 5546 πρόσχες·
1581 5473 1628 5524 εἰ
1665 5472 1729 5542 δὴ

213 5567 286 5617 καί
307 5571 444 5623 αὐτοὶ
466 5570 656 5622 πλάνοι
687 5571 781 5622 καὶ
814 5567 1123 5630 ἀπατεῶνες
1149 5565 1461 5636 ἐτύγχανον,
1501 5562 1730 5633 πρόσθες

211 5650 247 5702 δ’
269 5657 335 5709 ὅτι
370 5661 460 5712 καὶ
491 5658 804 5712 ἀπαίδευτοι
839 5657 932 5714 καὶ
973 5656 1248 5720 παντελῶς
1273 5653 1499 5717 ίδιῶται,
1534 5652 1730 5723 μᾶλλον

214 5740 258 5795 δὲ
278 5747 344 5799 ὅτι
361 5751 447 5803 καὶ
469 5749 753 5821 βάρϐαροι,
786 5749 880 5801 καὶ
903 5748 1000 5817 τῆς
1027 5747 1211 5819 Σύρων
1237 5747 1299 5800 οὐ
1332 5745 1490 5800 πλέον
1516 5746 1730 5799 ἐπαΐον-

215 5846 284 5897 τες
307 5842 489 5912 φωνῆς,
518 5842 612 5894 καὶ
645 5840 759 5903 πῶς
801 5839 894 5892 ἐπὶ
927 5840 1106 5892 πᾶσαν
1147 5839 1408 5911 προῆλθον
1437 5838 1532 5911 τὴν
1554 5839 1743 5915 οίκου-,Ι

486 5936 753 5997 Pnaoc.
814 5933 933 5998 Gn.
989 5929 1192 5993 XXll.

1833 4645 1916 4692 ret
1941 4640 2114 4695 otiose
2144 4642 2345 4706 vivere,
2371 4650 2425 4697 et
2455 4645 2508 4698 in
2543 4646 2764 4715 propria
2791 4648 2953 4703 domo
2993 4665 3101 4703 una
3131 4666 3256 4706 cum
3289 4653 3392 4708 sibi

1834 4730 2194 4795 charissimis,
2247 4736 2582 4791 securiorem
2640 4738 2811 4792 multo
2845 4740 3208 4812 tutioremque
3229 4745 3394 4801 vitam

1834 4835 1993 4891 agere
2021 4823 2044 4876 2
2075 4822 2296 4881 fallaces
2321 4835 2500 4881 autem
2514 4827 2764 4886 homines
2793 4839 2846 4884 et
2881 4832 2936 4886 in
2964 4832 3254 4891 fraudibus
3273 4853 3398 4891 ver-

1833 4921 2040 4979 santes,
2072 4918 2346 4986 quomodo
2381 4918 2728 4976 affectassent
2754 4927 2892 4977 mori
2925 4940 3024 4994 pro
3052 4927 3193 4992 alio,
3234 4945 3397 4998 quem

1835 5005 1936 5074 ipsi
1964 5009 2205 5061 omnium
2234 5011 2514 5066 hominum
2568 5014 2802 5069 maxime
2835 5018 3249 5089 certissimeque
3297 5036 3396 5076 nos

1831 5097 2038 5150 vissent
2070 5097 2408 5166 ?pra:sertiln
2464 5104 2556 5172 qui
2587 5103 2744 5172 ipsis,
2779 5112 2837 5157 ut
2864 5121 3114 5160 sermone
3163 5107 3392 5163 istorum

1833 5195 1976 5250 utar,
2000 5189 2204 5244 nullius
2229 5192 2355 5246 boni
2377 5202 2572 5248 auctor
2597 5197 2807 5258 fuisset,
2837 5197 2931 5251 sed
2966 5206 3158 5252 contra
3190 5198 3399 5265 potius,

1832 5279 2009 5334 omnis
2036 5281 2253 5336 malitiae
2282 5287 2714 5355 praeeeptor?vir
2739 5289 2884 5342 enim
2906 5300 2959 5344 et
2989 5290 3391 5359 rationisusun:

1832 5371 2058 5436 habens,
2095 5382 2150 5428 et
2193 5376 2390 5431 virtute
2422 5379 2702 5448 prmditus,
2737 5380 2862 5434 boni
2899 5381 3206 5450 cujuspiam
3237 5381 3396 5436 cilicii

1831 5463 2003 5532 gratia
2033 5480 2424 5535 nonnunquam
2481 5471 2833 5539 probabiliter
2861 5480 3086 5528 mortem
3123 5489 3246 5527 cum
3294 5474 3396 5528 ho-

1831 5564 2044 5612 nestate
2082 5567 2138 5614 et
2177 5560 2350 5628 gloria
2397 5561 2648 5617 subierit.
2704 5563 2808 5628 Qui
2830 5581 2959 5620 vero
2991 5564 3239 5620 moribus
3268 5581 3394 5636 pcr-

1831 5652 2004 5706 versis
2037 5653 2129 5715 sit,
2159 5662 2214 5707 et
2244 5651 2530 5709 affectibus
2585 5656 3065 5728 voluptatibusque
3110 5665 3255 5713 totus
3286 5656 3401 5710 tle-

1833 5744 2001 5805 ditus,
2034 5747 2313 5817 solamque
2344 5747 2483 5803 hanc
2535 5751 2917 5820 temporariam
2946 5751 3137 5815 vitam,
3175 5758 3229 5805 et
3275 5764 3430 5824 qua).

1835 5836 1900 5890 ad
1937 5851 2052 5892 eam
2105 5849 2350 5908 spectant
2404 5840 2655 5896 libidines
2689 5855 3062 5912 persequens,
3114 5854 3391 5912 nunquam

2917 5933 2955 5957 Η
