3954 6532
479 388 590 442 203

475 612 672 652 corum
701 597 945 666 quidem,
973 605 1028 652 et
1059 597 1510 678 charis‘simorum
1543 612 1706 652 causa
1733 599 2060 668 supplicium

476 691 686 756 tulerit,
728 690 927 745 nedum
951 705 1051 760 pro
1080 705 1165 752 eo,
1197 690 1290 758 qui
1322 689 1582 759 nequitiae
1612 692 1683 745 sit
1717 691 2056 746 condemna—

477 791 591 840 tus.
629 783 802 850 Quam
845 799 974 854 ergo
995 783 1297 853 probabile,
1335 791 1396 837 ut
1427 785 1574 840 illius
1605 783 1672 840 de
1703 799 1815 855 quo
1849 786 2059 840 dictum

477 883 588 941 est,
639 874 918 944 discipuli,
969 876 1018 928 si
1051 874 1214 928 modo
1245 873 1334 928 ille
1369 873 1628 929 seductor
1667 876 2062 946 praestigiator-

479 983 589 1038 que
619 967 740 1031 fuit,
776 981 900 1020 cum
937 966 1089 1019 illum
1121 967 1282 1021 talem
1319 981 1442 1021 esse
1468 982 1580 1022 non
1605 967 1941 1038 ignorarent,
1976 976 2060 1021 at-

475 1075 586 1131 que
606 1059 710 1129 ipsi
741 1060 905 1114 etiam
939 1057 1272 1128 improbiore
1292 1058 1480 1128 ﬂagitii
1505 1073 1702 1129 genere
1727 1061 1938 1114 animos
1963 1059 2060 1112 ha-

477 1155 671 1210 berent
717 1153 1034 1223 implicitos,
1069 1167 1100 1205 a
1131 1169 1246 1208 sine
1273 1155 1454 1224 gentis
1485 1155 1619 1210 viris
1647 1155 1830 1209 omnia
1859 1155 2058 1225 probra

475 1246 621 1302 ferre
666 1261 778 1300 non
829 1246 1233 1308 recusaverint,
1269 1253 1324 1300 et
1353 1261 1516 1301 omne
1575 1247 1832 1316 supplicii
1887 1262 2058 1316 genus

474 1352 574 1410 pro
629 1337 945 1392 testimonio
981 1336 1060 1390 illi
1095 1335 1373 1392 reddendo
1433 1336 1744 1392 subierint?
1777 1352 1885 1392 non
1925 1353 2059 1392 con-

473 1432 625 1484 venit
681 1429 786 1484 boc
813 1443 941 1484 cum
974 1437 1172 1482 natura
1209 1429 1604 1500 improborum,
1645 1430 1960 1500 longissime
1989 1431 2058 1486 ab

472 1540 536 1579 ea
577 1522 799 1593 refugit.
829 1523 1100 1578 Caeterum
1155 1523 1257 1578 hoc
1299 1539 1517 1594 quoque
1563 1523 1851 1594 diligenter
1876 1524 2058 1580 consi-

475 1615 606 1670 dera
642 1631 656 1666 :
697 1629 822 1668 nam
869 1615 918 1670 si
974 1615 1078 1684 ipsi
1138 1623 1192 1669 et
1246 1616 1567 1671 seductores
1623 1624 1676 1669 et
1729 1617 2056 1687 impostores

474 1715 654 1770 erant,
691 1715 745 1762 et
767 1716 1038 1776 praeterea
1064 1697 1302 1776 imperiti
1325 1708 1658 1778 omninoque
1679 1709 1954 1779 vulgares,
1997 1717 2056 1764 ut

473 1805 712 1862 constat,
754 1797 888 1870 quin
917 1799 1083 1854 etiam
1116 1799 1360 1863 barbari,
1387 1807 1444 1854 et
1469 1800 1562 1871 qui
1591 1816 1700 1856 non
1735 1801 1858 1870 plus
1890 1815 2053 1872 quam

475 1889 738 1961 Syrorum
763 1889 1001 1961 linguam
1033 1901 1280 1956 nossent,
1303 1892 1578 1960 quomodo
1610 1893 1664 1946 in
1703 1900 1876 1946 totum
1925 1907 2058 1962 pro-

471 1983 646 2052 gressi
679 1993 809 2036 sunt
841 1993 1117 2038 terrarum
1153 1982 1342 2038 orbem
1371 1989 1396 2043 ?
1447 1983 1532 2038 vel
1561 1998 1668 2054 qua
1691 1973 1856 2039 istud
1883 1987 2058 2038 soler~

473 2076 968 2146 tiaechgitarunt,
1000 2076 1190 2132 ausivc
1215 2085 1346 2132 sunt
1376 2079 1400 2130 ?
1429 2077 1631 2146 quibus
1659 2089 1826 2146 porro
1845 2076 2057 2130 viribus

471 2164 527 2219 id
570 2165 715 2236 quod
761 2166 884 2220 ausi
927 2173 1057 2221 sunt
1099 2166 1506 2236 perfecerunt?
1549 2165 1677 2220 Esto
1701 2168 1873 2232 enim,
1907 2167 2056 2221 viros

471 2257 714 2312 rusticos
737 2257 793 2311 in
819 2268 964 2312 terra
987 2257 1209 2328 propria
1251 2267 1562 2326 versantes,
1593 2256 1847 2326 decipere
1879 2264 1933 2311 et
1961 2273 2056 2310 va-

469 2347 610 2419 gari,
640 2363 742 2402 nec
760 2349 936 2403 otiose
963 2356 1058 2402 aut
1087 2349 1289 2402 frustra
1313 2363 1428 2404 rem
1455 2363 1660 2402 serere.
1681 2350 1750 2400 At
1767 2361 1896 2402 vero
1913 2349 2058 2418 apud

471 2455 662 2494 omnes
685 2455 882 2495 nomen
916 2438 1046 2496 Jesu
1081 2439 1402 2509 przedicare,
1427 2438 1880 2508 admirabiliaque
1907 2440 2056 2495 illius

469 2539 646 2601 gesta,
677 2541 732 2585 et
755 2531 810 2586 in
841 2533 1073 2587 urbibus
1105 2539 1161 2585 et
1186 2531 1240 2585 in
1265 2533 1417 2602 agris
1439 2532 1638 2586 docere
1665 2549 1676 2586 :
1699 2541 1755 2586 et
1773 2532 1911 2587 alios
1933 2534 2056 2603 qui-

468 2623 594 2679 dem
625 2639 837 2689 eorum,
875 2623 1166 2693 imperium
1217 2622 1524 2676 Romanum
1545 2663 1560 2688 ,
1617 2624 1903 2694 ipsamque
1937 2639 2056 2677 om-

467 2717 622 2770 nium
667 2715 883 2771 urbium
934 2715 1180 2784 reginam
1237 2713 1515 2768 civitatem
1571 2713 1832 2768 invadere
1867 2732 1881 2768 :
1916 2714 2054 2768 alios

469 2805 766 2862 Persarum
817 2820 1070 2876 regnum,
1104 2805 1241 2860 alios
1269 2805 1680 2870 Armeniorum,
1725 2805 2054 2860 Parthorum

473 2899 611 2954 alios
643 2900 967 2954 nationem:
1021 2897 1150 2951 item
1197 2897 1336 2952 alios
1387 2895 1743 2968 Scytharum,
1787 2897 2054 2966 quosdam

471 2992 636 3046 etiam
652 2991 718 3046 ad
735 2991 886 3062 ipsos
914 2991 1240 3047 orbisterrte
1263 2990 1479 3045 venisse
1503 2989 1662 3054 lines,
1687 2989 2056 3060 Indorumque

472 3084 750 3155 regionem
786 3091 1140 3154 penetrasse:
1196 3083 1336 3138 alios
1374 3097 1540 3153 porro
1572 3093 1726 3139 trans
1774 3081 2052 3139 Oceanum

473 3177 739 3240 evasisse,
773 3174 844 3229 ad
875 3189 970 3230 eas
993 3175 1205 3230 insulas
1233 3189 1354 3244 quae
1391 3173 1723 3230 Britannica:
1740 3182 2049 3231 vocantur:
2083 3202 2125 3258 ο

475 3264 594 3318 ltzec
620 3277 754 3319 sane
779 3277 882 3332 ego
912 3276 1192 3331 nunquam
1245 3261 1485 3314 humana
1509 3262 1562 3315 vi
1598 3259 1789 3315 all‘ecta
1833 3269 2058 3330 putave-

472 3356 602 3420 rim,
628 3355 827 3412 nedum
855 3364 1056 3411 conatu
1091 3353 1293 3409 levium
1307 3354 1728 3426 vulgariumque
1749 3353 2055 3420 hominum,

477 3448 636 3520 113
673 3463 739 3504 ac
780 3448 950 3504 multo
1003 3449 1185 3502 minus
1234 3447 1612 3513 seductorum,
1651 3445 2054 3516 praestigiisque

473 3543 764 3598 utentium.
795 3541 900 3608 Qui
942 3555 1072 3596 vero
1127 3539 1480 3610 ﬂagitiosum,
1529 3547 1922 3609 versutumque
1954 3537 2057 3592 du-

472 3643 681 3690 ctorem
715 3631 926 3702 experti
957 3638 1164 3696 essent,
1207 3631 1404 3699 etejus
1461 3629 1668 3684 exitum
1714 3627 1840 3682 vitae
1889 3627 2055 3682 talem

473 3727 902 3798 perspexissent,
957 3723 1158 3793 quibus
1207 3723 1427 3777 tandem
1471 3721 1656 3778 verbis
1701 3734 2057 3790 assequeren-

472 3828 585 3882 tur,
617 3825 676 3871 ut
711 3817 859 3872 inter
892 3831 951 3872 se
980 3815 1048 3870 de
1093 3816 1187 3870 illo
1221 3821 1591 3870 consentanea
1627 3812 1932 3884 ﬁngerent?
1977 3813 2054 3868 si-

473 3905 694 3978 quidem
725 3919 834 3959 uno
863 3919 958 3960 ore
991 3919 1184 3959 omnes
1213 3911 1268 3958 et
1304 3905 1644 3973 leprosorum
1677 3901 2052 3972 purgationes,

472 4011 529 4056 et
587 3999 884 4070 ejectiones
925 3997 1253 4059 daemonum,
1291 4005 1344 4050 et
1397 3994 1755 4050 excitationes
1806 3999 2052 4046 mortuo-

473 4107 619 4156 rum,
639 4100 692 4148 et
723 4105 990 4147 caecorum
1023 4089 1356 4152 saltationes,
1378 4093 1432 4141 et
1459 4085 1884 4141 innumerabiles
1915 4085 2051 4141 alias

472 4182 852 4254 aegrotantium
891 4181 1155 4244 medelas,
1186 4193 1322 4249 quas
1353 4179 1444 4232 ille
1475 4177 1828 4247 praestiterat,
1857 4177 2053 4231 testiﬁ-

470 4279 768 4342 cabantur;
817 4285 1264 4346 postremumque
1315 4270 1595 4333 omnium,
1656 4269 1802 4340 quod
1856 4269 2050 4338 primis

472 4371 578 4426 sibi
613 4378 739 4440 post
783 4374 1038 4430 mortem,
1073 4363 1282 4420 reditus
1312 4363 1460 4418 illius
1491 4364 1544 4418 in
1583 4363 1748 4418 vitam
1775 4362 1848 4419 sit
1873 4363 2043 4418 visus.

470 4461 598 4517 Haec
624 4462 829 4530 itaque,
861 4473 1040 4528 neque
1065 4457 1206 4511 facta
1237 4471 1416 4526 neque
1440 4456 1622 4510 audita
1657 4469 1898 4525 unquam
1931 4455 2047 4510 suis

1117 387 1388 446 EUSEBll
1425 387 1912 445 CAESARlENSlS
1949 388 2101 444 OPP.
2149 389 2352 446 PARS.
2398 390 2555 446 ll.—
2595 391 3100 449 A'POLOGETICA.

478 503 723 577 profecto
755 505 880 560 vitae
907 513 1137 561 mortem
1169 507 1550 576 praeposuerit,
1580 521 1644 560 ac
1669 522 1740 561 ne
1781 506 2049 562 domesti—
2082 510 2128 566 Α

3641 395 3770 454 2οι

2159 506 2360 576 μένην;
2398 506 2430 578 ἢ
2461 507 2589 577 ποία
2645 507 2802 560 τοῦτο
2833 507 3040 578 διανοίᾳ
3096 505 3511 580 ἐφαντάσθησαν
3541 511 3768 584 τολμῆ-

2165 614 2291 662 σαι;
2329 601 2456 670 ποια
2502 600 2558 652 δὲ
2589 600 2814 670 δυνάμει
2857 601 2917 653 τὸ
2953 600 3298 671 ἐπιχειρηθέν
3323 601 3768 672 ·κατὼρθωσαν;

2167 688 2347 742 Ἔστω
2398 691 2507 762 γάρ
2562 692 2656 744 ἐπὶ
2709 693 2810 761 τῆς
2863 691 3069 754 οἰκείας
3125 691 3229 761 γῆς
3293 693 3770 768 καλινδουμένους

2161 781 2454 854 ἀγροίκους
2483 783 2679 854 ἄνδρας
2703 783 2910 855 πλανᾷν
2941 785 3033 837 καὶ
3061 785 3385 850 πλανᾶσθαι,
3419 787 3514 840 καὶ
3541 786 3625 858 μὴ
3671 789 3768 857 ἐφ’

2159 877 2389 948 ἡσυχίας
2419 874 2702 945 βάλλεσθαι
2726 875 2787 927 τὸ
2815 876 3072 946 πρᾶγμα·
3109 874 3399 946 κηρύττειν
3426 875 3469 928 δ’
3497 879 3580 940 εἰς
3613 877 3764 930 πάν-

2159 985 2257 1032 τας
2274 966 2443 1022 τὸτοῦ
2485 966 2656 1036 Ἰησοῦ
2683 966 2874 1037 ὄνομα,
2905 968 3000 1021 καὶ
3023 967 3120 1030 τὰς
3155 967 3486 1039 παραδόξους
3513 967 3770 1040 πράξεις

2158 1061 2323 1117 αὐτοῦ
2368 1060 2512 1114 κατά
2551 1077 2613 1113 τε
2657 1061 2860 1131 ἀγροὺς
2895 1061 2992 1114 καὶ
3047 1060 3190 1114 κατὰ
3232 1061 3386 1114 πόλιν
3431 1062 3762 1118 διδάσκειν·

2159 1154 2252 1207 καὶ
2275 1155 2400 1216 τοὺς
2431 1153 2532 1224 μὲν
2564 1152 2742 1206 αὐτῶν
2781 1153 2878 1224 τὴν
2914 1153 3202 1224 Ῥωμαίων
3225 1154 3400 1226 ἀρχὴν
3431 1157 3526 1208 καὶ
3569 1155 3766 1226 αὐτήν

2157 1264 2218 1298 τε
2259 1246 2359 1318 τὴν
2397 1245 2828 1315 βασιλικωτάτην
2859 1245 3013 1300 πόλιν
3058 1245 3366 1316 νείμασθαι,
3401 1249 3527 1311 τοὺς
3549 1249 3614 1300 δὲ
3651 1249 3765 1318 τὴν

2159 1335 2406 1407 Περσῶν,
2431 1338 2556 1398 τοὺς
2581 1335 2636 1388 δὲ
2663 1336 2762 1404 τὴν
2800 1336 3121 1406 Ἀρμενίων,
3148 1337 3369 1406 ἐτέρους
3409 1339 3464 1392 δὲ
3495 1339 3560 1392 τὸ
3591 1340 3766 1410 Πάρ-

2158 1426 2266 1480 θων
2310 1425 2480 1488 ἔθνος,
2525 1426 2618 1479 καὶ
2655 1421 2723 1479 αὖ
2763 1425 2925 1479 πάλιν
2967 1426 3028 1478 τὸ
3072 1428 3318 1492 Σκυθῶν,
3355 1432 3504 1508 τινὰς
3532 1431 3592 1484 δὲ
3643 1432 3760 1502 ἥδη

2157 1515 2250 1568 καὶ
2296 1517 2382 1567 ἐπ’
2427 1515 2566 1568 αὐτὰ
2615 1515 2712 1586 τῆς
2753 1516 3074 1586 οἰκουμένης
3113 1516 3286 1571 ἐλθεῖν
3331 1520 3398 1572 τά
3443 1521 3614 1591 ἄκρα,
3655 1520 3760 1574 ἐπί

2155 1623 2215 1658 τε
2271 1607 2368 1678 τὴν
2424 1606 2598 1659 Ἰνδῶν
2651 1606 2852 1676 φθάσαι
2904 1608 3269 1688 χώρανίκαὶ
3325 1614 3543 1687 ἐτέρους
3595 1615 3760 1687 ὑπὲρ

2155 1698 2246 1752 τὸν
2287 1699 2537 1752 Ὠκεανὸν
2574 1699 2863 1770 παρελθεῖν
2905 1703 2998 1754 ἐπὶ
3039 1703 3139 1768 τάς
3183 1705 3520 1776 καλουμένας
3569 1707 3758 1778 Βρετ-

2156 1789 2380 1854 τανικὰς
2409 1783 2635 1862 νήσουςδ
2653 1791 2824 1845 ταῦτα
2876 1791 3054 1846 οὐκέτ’
3109 1794 3282 1864 ἔγωγε
3316 1797 3556 1868 ἠγοῦμαι
3595 1800 3760 1852 κατά

2159 1881 2441 1952 ἄνθρωπον
2473 1881 2633 1946 εἶναι,
2671 1884 2862 1955 μήτιγε
2898 1883 3038 1938 κατά
3083 1887 3318 1950 εὐτελεῖς
3363 1891 3456 1942 καὶ
3497 1889 3754 1954 ἰδιώτας.

2159 1974 2352 2028 πολλού
2381 1975 2461 2029 δεῖ
2491 1978 2628 2032 κατά
2661 1980 2894 2043 πλάνους
2931 1981 3024 2033 καὶ
3055 1981 3269 2052 γόητας.
3307 1984 3368 2036 Οἱ
3398 1983 3456 2036 δὲ
3483 1983 3758 2038 διδασκά-

2159 2063 2252 2118 λου
2285 2067 2486 2136 φαύλου
2517 2070 2610 2122 καὶ
2638 2071 3008 2142 διαστροφέως
3041 2073 3458 2144 πεπειραμένοι,
3491 2075 3588 2128 καὶ
3613 2075 3756 2128 τού-

2158 2175 2249 2212 του
2283 2158 2380 2229 τὴν
2413 2159 2634 2215 ἔκϐασιν
2665 2162 2764 2232 τῆς
2793 2163 3050 2234 τελευτῆς
3089 2164 3521 2236 καθεωρακότες,
3559 2166 3756 2232 ποίοις

2159 2249 2266 2322 ἄρα
2291 2251 2467 2320 λόγοις
2494 2253 2792 2325 ἐχρήσαντο
2817 2256 2952 2328 πρὸς
2977 2257 3256 2328 ἀλλήλους,
3283 2259 3362 2322 είς
3383 2258 3445 2312 τὸ
3467 2258 3528 2312 σύ
3537 2278 3756 2330 μφιιινα

2159 2342 2286 2414 περὶ
2329 2343 2493 2396 αὑτοῦ
2543 2345 2884 2413 πλάσασθαι;
2944 2347 3000 2414 ἐξ
3045 2348 3164 2410 ἐνὸς
3213 2349 3322 2421 γάρ
3373 2350 3642 2422 στόματος
3699 2354 3752 2405 οἱ

2159 2435 2378 2500 πάντες,
2415 2436 2507 2490 καὶ
2544 2437 2761 2510 λεπρῶν
2817 2439 3130 2512 καθάρσεις,
3177 2443 3272 2494 καὶ
3309 2442 3582 2513 δαιμόνων
3625 2445 3748 2496 ἁπ-

2159 2528 2398 2594 ελάσεις,
2447 2528 2654 2609 νεκρῶν
2685 2547 2744 2583 τε
2777 2531 3119 2597 άναϐιώσεις,
3169 2533 3362 2604 πηρῶν
3405 2551 3464 2587 τε
3507 2535 3750 2588 ἀναὸλέο

2155 2619 2296 2688 ψεις,
2333 2621 2424 2672 καὶ
2461 2620 2659 2692 μυρίας
2689 2621 2852 2686 ἄλλας
2873 2624 3170 2678 νοσούντων
3195 2627 3366 2689 ἰάσεις
3396 2626 3531 2698 πρὸς
3563 2629 3748 2682 αὑτοῦ

2156 2709 2407 2776 γενέσθαι
2434 2711 2842 2783 ἐμαρτύρησαν,
2869 2715 2964 2767 καὶ
2991 2715 3084 2770 ἐπὶ
3111 2719 3242 2770 πᾶσι
3271 2719 3370 2788 τὴν
3400 2715 3564 2770 αὑτοῦ
3593 2719 3748 2786 μετὰ

2157 2799 2244 2852 τὸν
2287 2799 2515 2854 θάνατον
2547 2802 2840 2858 ἀναϐίωσιν
2887 2805 3124 2877 πρώτοις
3163 2810 3346 2873 αὐτοῖς
3387 2811 3743 2882 ἑωραμένην.

2157 2891 2342 2944 Ταῦτα
2370 2893 2499 2964 γάρ,
2525 2894 2598 2965 μὴ
2614 2895 2901 2967 γενόμενα.
2938 2899 3063 2969 μηδ’
3088 2901 3419 2956 άκουσθέντα
3451 2920 3557 2966 πω,
3588 2903 3746 2957 κατά

2156 2985 2280 3046 τοὺς
2313 2983 2491 3037 αὐτῶν
2533 2986 2757 3057 χρόνους
2803 2989 2920 3053 πῶς
2951 2991 3009 3057 ἐξ
3039 2992 3156 3056 ἐνὸς
3191 2995 3456 3064 στόματος
3485 2995 3745 3066 ἐμαρτύ-

2159 3089 2283 3142 ρουν
2298 3073 2600 3141 γεγονέναι,
2621 3075 2779 3148 μέχρι
2805 3079 2898 3130 καὶ
2947 3078 3176 3135 θανάτου
3230 3090 3578 3154 πιστούμενοι
3629 3083 3746 3156 τὴν

2157 3163 2465 3234 ὁμολογίαν,
2507 3167 2557 3218 εί
2597 3167 2807 3238 μήποτε
2847 3169 2975 3240 ἄρα,
3015 3171 3360 3238 συνελθόντες
3391 3175 3744 3246 συνωμοσίαν

2158 3272 2217 3308 τε
2251 3255 2390 3308 κατὰ
2418 3257 2478 3308 τὸ
2505 3256 2637 3310 αὐτὸ
2669 3260 3044 3329 πεποιημένοι,
3080 3261 3348 3334 συνθήκας
3379 3264 3560 3317 ἔθεντο
3595 3267 3744 3340 πρὸς

2158 3347 2415 3419 ἀλλήλους
2447 3348 2776 3414 πλάσασθαι,
2805 3353 2900 3405 καὶ
2928 3354 3368 3424 καταψεύσασθαι
3399 3356 3504 3411 τῶν
3541 3358 3615 3430 μή
3637 3377 3744 3427 γε-

2156 3443 2427 3510 γονότων;
2459 3443 2551 3496 καὶ
2594 3443 2768 3507 ποίοις
2807 3445 2915 3517 ἄρα
2949 3445 3172 3501 πιθανὸν
3221 3451 3393 3504 εἰπεῖν
3425 3451 3741 3522 χρήσασθαι

2157 3534 2353 3597 αὐτοὺς
2395 3532 2572 3604 λόγοις
2618 3535 2708 3587 ἐπὶ
2745 3539 2866 3598 ταῖς
2910 3538 3224 3609 συνθήκαις,
3265 3540 3316 3592 εἰ
3345 3542 3419 3612 μή
3453 3558 3584 3594 ποτε
3616 3548 3742 3610 τοῖς

2156 3627 2414 3692 τοιοῖσδε;
2449 3627 2674 3698 ’Ἄνδρες
2709 3629 2868 3698 φίλοι,
2897 3629 2988 3683 τὸν
3032 3630 3130 3701 μὲν
3161 3631 3222 3704 δὴ
3249 3631 3376 3702 χθὲς
3414 3635 3507 3688 καὶ
3537 3634 3740 3706 πρώην

2155 3718 2466 3782 ἀπατεῶνα,
2495 3721 2590 3773 καὶ
2645 3719 2854 3792 πλάνης
2914 3721 3253 3790 διδάσκαλον,
3291 3723 3382 3776 ὑπ’
3432 3725 3740 3797 ὀφθαλμοῖς

2155 3813 2409 3868 ἁπάντων
2439 3813 2597 3884 ἡμῶν
2625 3815 2724 3885 τὴν
2755 3813 2990 3886 ἐσχάτην
3031 3815 3400 3886 ὑπομείναντα
3433 3819 3734 3889 τιμωρίαν,

2152 3905 2299 3969 ὅστις
2326 3905 2456 3958 ποτέ
2478 3901 2568 3976 ἦν,
2597 3907 2813 3960 πάντων
2837 3908 2996 3976 ἡμεῖς
3023 3907 3256 3977 μάλιστα
3279 3910 3522 3979 άκριὸῶς
3545 3913 3734 3984 ἴσμεν,

2152 3989 2238 4048 οἷα
2275 3994 2473 4065 μύσται
2501 3997 2608 4050 τῶν
2641 3998 2965 4070 ἀπορρήτων
2997 3999 3156 4053 αὑτοῦ
3204 4003 3580 4073 γεγενημένοι·
3639 4023 3737 4057 σε-

2157 4088 2289 4158 μνὸς
2326 4087 2427 4158 μέν
2457 4106 2542 4152 τις
2571 4093 2683 4153 τοῖς
2710 4091 2919 4154 πολλοῖς
2949 4093 3276 4160 ἐφαντάζετο
3295 4133 3309 4156 ,
3354 4096 3448 4147 καί
3486 4112 3540 4146 τι
3567 4097 3734 4150 πλέον

2153 4179 2296 4251 ἔχειν
2323 4181 2475 4251 παρά
2501 4182 2624 4245 τοὺς
2652 4181 2878 4247 πολλοὺς
2913 4185 3148 4255 ἐφρόνει,
3181 4184 3331 4238 οὐδὲν
3355 4185 3410 4237 δὲ
3438 4186 3578 4256 μέγα
3607 4187 3734 4241 οὐδὲ

2149 4271 2251 4343 τῆς
2279 4273 2626 4337 ἀναστάσεως
2671 4273 2817 4338 ἄξιον
2846 4276 3100 4345 ἐπήγετο,
3131 4280 3178 4330 εἰ
3209 4280 3281 4350 μή
3315 4295 3399 4340 τις
3424 4277 3484 4329 τδ
3509 4277 3732 4350 δολερὸν

2151 4365 2246 4417 καὶ
2277 4364 2506 4418 ὕπουλον
2534 4365 2680 4434 λέγει
2720 4365 2812 4419 τοῦ
2846 4366 3066 4436 τρόπου,
3103 4369 3197 4422 καὶ
3228 4369 3289 4423 τὸ
3321 4370 3614 4442 διάστροφα
3647 4371 3731 4424 δι·-

2149 4451 2303 4519 δάξαι
2343 4457 2491 4525 ἡμᾶς
2530 4455 2746 4520 αὐτοὺς,
2775 4458 2866 4510 τόν
2903 4475 2962 4511 τε
3001 4458 3068 4511 δι’
3101 4459 3318 4530 ἀπάτης
3357 4459 3543 4530 τῦφον.
3581 4459 3730 4514 ’Δνθν

469 4556 830 4625 temporibus,
852 4551 1128 4624 quomodo
1155 4565 1262 4604 uno
1285 4565 1382 4604 ore
1413 4548 1556 4603 facta
1583 4548 1753 4604 fuisse
1782 4547 2051 4602 aﬂirmare

2155 4539 2248 4609 ὧν,
2285 4547 2440 4617 φέρε,
2469 4545 2649 4613 δεξιάς
2687 4547 2866 4612 δόντες
2895 4547 3162 4619 ἀλλήλοις,
3195 4550 3330 4620 ὁμοῦ
3371 4551 3570 4614 πάντες
3601 4569 3730 4604 συν-

472 4649 592 4702 ausi
619 4655 825 4712 essent,
863 4651 1037 4699 morte
1064 4658 1280 4715 quoque
1305 4642 1425 4711 ipsa
1458 4640 1878 4710 comprobantes
1901 4637 2048 4708 quod

471 4740 754 4796 dicerent?
783 4737 1047 4807 numquid
1083 4737 1211 4791 olim
1237 4733 1516 4804 congressi
1551 4741 1606 4788 et
1643 4731 2050 4802 conspiratione

473 4829 540 4885 ad
571 4829 718 4883 idem
771 4824 1118 4882 sentiendum
1181 4825 1344 4882 facta.
1381 4821 1560 4876 fmdus
1605 4819 1748 4874 inter
1791 4834 1850 4874 se
1898 4819 2050 4888 pepi-

472 4927 690 4992 gerunt,
718 4933 826 4988 quo
861 4917 1124 4986 fingerent
1155 4916 1658 4982 ementirenturque
1681 4926 1744 4966 ea
1767 4925 1888 4980 quae
1917 4925 2049 4965 nus-

472 5029 638 5085 quam
687 5011 826 5066 facla
859 5008 1078 5065 essent?
1103 5017 1156 5062 et
1183 5006 1386 5076 quibus
1421 5004 1716 5060 verisimile
1755 5003 1906 5059 dictu
1939 5010 2046 5066 est,

473 5107 598 5162 illos
623 5121 745 5161 esse
775 5117 908 5158 usos
937 5100 1121 5156 verbis
1153 5101 1208 5154 in
1245 5099 1489 5154 findere?
1517 5111 1648 5152 num
1677 5097 1904 5152 forsitan
1925 5096 2049 5151 tali-

471 5199 614 5255 bus?
645 5195 758 5250 Viri
817 5193 1000 5256 amici,
1037 5195 1326 5263 quisquam
1373 5191 1539 5245 fuerit
1577 5190 1669 5244 ille
1703 5190 1797 5259 qui
1827 5189 1944 5244 heri
1985 5204 2048 5244 ac

471 5305 648 5358 nuper
677 5285 995 5348 seducebat,
1029 5299 1093 5339 ac
1116 5281 1451 5352 deceptionis
1481 5287 1597 5336 erat
1627 5281 1905 5351 magister,
1933 5279 2050 5350 qui-

472 5395 580 5451 que
611 5379 668 5433 in
698 5377 873 5432 oculis
907 5375 1153 5431 omnium
1185 5373 1390 5429 nostris
1421 5381 1722 5428 extremum
1745 5371 1894 5427 dedit
1919 5386 2049 5440 sup-

473 5471 721 5542 plicium,
753 5470 856 5538 ipsi
891 5467 1210 5538 planissime
1235 5464 1770 5536 exquisitissimeque
1801 5461 2044 5516 omnium

473 5563 749 5624 novimus,
786 5569 990 5631 utpote,
1025 5563 1117 5630 qui
1157 5567 1211 5615 et
1241 5559 1517 5629 discipuli,
1545 5567 1598 5612 et
1633 5556 1781 5610 iliius
1819 5567 2048 5608 arcano-

473 5669 595 5710 rum
645 5653 851 5708 conscii
901 5651 1208 5706 fuerimus:
1241 5651 1440 5721 dignus
1475 5649 1564 5704 ille
1608 5647 1828 5718 quidem
1865 5645 2046 5714 aliqua

472 5747 821 5806 veneratione
859 5761 888 5800 a
915 5745 1104 5802 multis
1143 5745 1488 5811 censebatur,
1521 5743 1616 5800 sed
1648 5748 1826 5798 tamen
1867 5741 2045 5798 omnis

2151 4637 2374 4710 θώμεθα
2399 4640 2526 4712 περὶ
2551 4641 2717 4694 αὑτοῦ
2751 4641 3036 4712 σύμφωνον
3068 4639 3376 4710 ἐξενεγκεῖν
3397 4643 3477 4706 είς
3515 4643 3730 4708 πάντας

2153 4729 2471 4803 ἀνθρώπους
2515 4733 2742 4804 πλάνην,
2789 4735 2881 4786 καὶ
2913 4734 3159 4805 λέγωμεν
3209 4735 3511 4807 ἑωρακέναι
3559 4737 3727 4790 αὐτὸν

2151 4824 2368 4892 τυφλοῖς
2395 4823 2456 4877 τὸ
2479 4823 2694 4895 βλέπειν
2722 4827 3133 4898 κεχαρισμένον,
3159 4827 3188 4880 ὃ
3217 4827 3388 4890 οὐδείς
3417 4827 3536 4880 ποθ’
3565 4828 3728 4899 ήμῶν

2155 4914 2406 4986 ἱστόρησε
2423 4933 2436 4945 ·
2473 4915 2567 4970 καὶ
2595 4919 2799 4986 κωφοῖς
2825 4918 2922 4989 τὴν
2949 4917 3116 4990 ἀκοὴν
3147 4921 3468 4988 παρασχεῖν,
3497 4917 3524 4970 ὃ
3549 4918 3726 4984 οὐδείς

2153 5005 2270 5058 ποθ’
2301 5006 2457 5077 ήμῶν
2505 5008 2732 5078 ήκόυσε·
2776 5008 3004 5080 λεπρούς
3045 5025 3106 5062 τε
3142 5008 3460 5082 καθαρίσαι,
3503 5011 3596 5063 xui.
3633 5029 3725 5064 νε-

2151 5097 2318 5169 κροὺς
2342 5099 2584 5170 ἐγεῖραι·
2615 5101 2710 5154 καὶ
2739 5099 3036 5172 συλλήϐδην
3059 5103 3255 5166 εἰπεῖν,
3283 5101 3320 5156 ἃ.
3349 5103 3486 5172 μήτε
3509 5102 3724 5172 εἴδομεν

2149 5191 2288 5264 πρὸς
2319 5191 2483 5245 αὑτοῦ
2529 5193 2860 5264 πραχθέντα,
2903 5195 3038 5265 μήτε
3090 5193 3407 5265 ⁴ἠκούσαμεν
3435 5194 3718 5265 λεχθέντα,

2147 5284 2318 5338 ταῦτα
2351 5286 2426 5350 ὡς
2463 5285 2678 5356 ἀληθῶς
2711 5285 3070 5358 πεπραγμένα
3111 5285 3522 5356 διατεινώμεθα.
3580 5287 3720 5342 Ἀλλ’

2149 5378 2270 5430 ἐπεὶ
2312 5378 2404 5432 καὶ
2446 5381 2479 5448 ή
2527 5377 2727 5450 ἐσχάτη
2763 5379 2925 5431 αὑτοῦ
2966 5379 3189 5450 τελευτὴ
3241 5377 3560 5452 περιϐόητον
3593 5379 3721 5449 ἔσχε

2153 5471 2248 5522 καὶ
2303 5467 2532 5539 διαφανῆ
2581 5467 2674 5520 τὸν
2719 5467 2965 5534 θάνατον,
3018 5469 3092 5534 ὡς
3139 5471 3212 5541 μὴ
3263 5471 3518 5526 δύνασθαι
3555 5471 3722 5526 αὐτὸν

2153 5558 2578 5629 ἐπικρύψασθαι,
2617 5557 2753 5612 ἀλλὰ
2795 5559 2888 5611 καὶ
2921 5557 3106 5612 τοῦτον
3149 5562 3308 5632 ἡμεῖς
3349 5561 3722 5634 άδιατρέπτως

2153 5651 2520 5722 ἐπιλυώμεθα,
2554 5651 2953 5724 μαρτυροῦντες
2977 5647 3036 5706 εὖ
3081 5653 3223 5724 μάλα
3255 5653 3503 5719 ἀναιδῶς,
3540 5655 3622 5710 ὅτι
3651 5653 3718 5724 δὴ

2155 5745 2319 5798 πᾶσιν
2353 5745 2484 5816 ἡμῖν
2523 5743 2662 5816 μετὰ
2701 5745 2762 5799 τὸ
2801 5745 2864 5800 ὲκ
2905 5743 3113 5817 νεκρῶν
3159 5744 3454 5800 ἀναϐιῶναι
3499 5745 3722 5815 συνεγέ-
