3954 6524
179 377 289 434 205

1119 380 1775 439 DEMONSTRATIONIS
1813 381 2267 440 EVANGELICAS
2308 384 2435 439 LIB.
2472 380 2564 439 Ill.

3340 383 3449 440 9.06

181 512 326 559 νετο,
361 496 559 560 ἑστίας
577 514 635 549 τε
660 497 758 551 καὶ
775 498 981 569 τροφῆς
1014 500 1275 570 συνήθους
1296 500 1640 572 ἐκοινώνησε.
1666 503 1771 554 Φυ-

1878 500 2024 556 illius
2076 518 2230 557 mens
2285 510 2421 567 erat,
2459 510 2517 555 ut
2560 501 2710 555 omni
2753 515 2935 555 rerum
2981 515 3177 571 genere
3219 513 3446 556 caeteros

178 586 482 641 λαττέσθω
504 588 548 641 δ’
587 591 726 660 ¹ἡμῖν
754 593 886 643 πᾶσι
918 591 977 644 τὸ
1015 593 1226 656 ἀναιδὲς
1256 595 1348 646 καὶ
1394 595 1773 665 ἀδιάτρεπτον,

180 680 402 748 μενέτω
427 680 489 734 δὲ
516 680 771 745 ἔκστασις
807 682 967 754 μέχρι
1000 683 1229 739 Θανάτου
1250 703 1263 715 ·
1306 686 1358 738 τί
1389 686 1497 757 γὰρ
1529 686 1623 741 καὶ
1655 686 1775 738 ἆτο-

176 789 274 824 πον
312 772 475 843 ὑπὲρ
496 773 592 825 τοῦ
623 774 852 845 μηδενὸς
886 774 1279 849 ἁποθνήσκειν;
1308 778 1446 831 τίδὲ
1478 778 1572 831 καὶ
1595 778 1772 839 λυπεῖ,

178 862 421 933 μηδενὸς
459 864 684 933 εὐλόγου
710 866 891 938 χάριν,
919 868 1187 938 μάστιγας
1217 870 1309 923 καὶ
1340 870 1605 940 βασάνους
1634 869 1775 923 κατὰ

172 954 266 1007 τοῦ
300 956 572 1026 σώματος
600 958 817 1027 λαϐεῖν;
848 965 895 1015 εί
921 963 978 1016 δὲ
1001 962 1112 1016 δέοι
1134 964 1226 1016 καὶ
1247 964 1636 1035 δεσμωτηρίων
1665 980 1774 1016 πει-

176 1047 407 1118 ρᾶσθαι,
445 1051 685 1120 ἀτιμιῶν
721 1070 780 1106 τε
828 1055 921 1107 καὶ
965 1055 1172 1127 ὕϐρεων
1207 1057 1348 1126 ὑπὲρ
1388 1056 1599 1119 οὐδενὸς
1644 1055 1775 1126 ἀλη-

173 1153 320 1217 θοῦς,
357 1157 464 1208 καὶ
498 1156 647 1209 τοῦθ’
682 1161 813 1229 ἡμῖν
845 1160 943 1232 ἤδη
982 1162 1387 1233 μεμελετῆσθω.
1433 1161 1775 1231 Ψευδὼμεθα

174 1247 236 1317 δὴ
270 1248 493 1311 πάντες
522 1248 661 1319 ὁμοῦ
694 1250 1022 1321 συμφώνως,
1051 1254 1145 1306 καὶ
1171 1252 1535 1325 πλαττώμεθα
1577 1254 1663 1305 ἐπ’
1691 1253 1775 1306 οὐ·

173 1349 322 1411 δενὸς
380 1350 662 1422 ὠφελείᾳ,
705 1351 817 1405 οὔθ’
855 1354 1045 1425 ἡμῶν,
1079 1354 1203 1408 οὔτε
1233 1357 1339 1409 τῶν
1378 1356 1769 1427 ἀπατωμένων,

175 1441 292 1493 οὐδὲ
320 1441 443 1512 μὴν
470 1443 639 1496 αὐτοῦ
666 1443 759 1496 τοῦ
785 1444 853 1499 τά
875 1447 1047 1518 ψευδῆ
1072 1448 1206 1521 πρὸς
1238 1449 1395 1520 ἡμῶν
1426 1449 1773 1520 ὲκθειαζομέ-

173 1550 286 1586 νου.
340 1534 637 1607 Τεξνωμεν
681 1538 736 1591 δὲ
783 1540 845 1592 τὸ
896 1539 1106 1609 ψεῦδος,
1160 1542 1233 1613 μὴ
1272 1543 1365 1595 ἐπὶ
1408 1544 1602 1613 μόνους
1647 1545 1773 1606 τοὺς

175 1627 491 1696 ὁμοεθνεῖς,
527 1630 663 1685 ἀλλὰ
696 1631 788 1685 καὶ
820 1634 902 1697 είς
943 1635 1149 1699 πάντας
1182 1635 1534 1707 προελθόντες
1567 1633 1775 1707 ἀνθρώ-

176 1735 334 1785 mag,
384 1722 491 1776 καὶ
530 1724 823 1793 σύμπασαν
851 1724 950 1796 τὴν
977 1728 1305 1798 οἰκουμένην
1336 1728 1773 1798 καταπλήσωμεν

179 1815 285 1867 τῶν
344 1816 488 1886 περὶ
533 1816 697 1869 αὐτοῦ
746 1818 1162 1889 συντιθεμένων.
1218 1819 1354 1891 Ἤδη
1410 1819 1468 1872 δὲ
1526 1818 1773 1872 ἐντεῦθεν

180 1908 578 1979 νομοθετῶμεν
613 1912 745 1963 πᾶσι
785 1913 895 1973 τοῖς
941 1910 1147 1965 ἔθνεσιν
1182 1912 1512 1984 ἀντίστροφα
1555 1915 1675 1974 ταῖς
1712 1910 1774 1977 ἐξ

183 2001 381 2065 αξῶνος
408 2006 543 2074 παρ’
579 2004 761 2067 αὐτοῖς
789 2005 918 2074 περὶ
947 2005 1056 2058 τῶν
1084 2006 1353 2077 πατρῴων
1396 2006 1533 2061 θεῶν
1569 2006 1769 2071 δόξαις.

183 2107 520 2177 Κελεύωμεν
559 2108 849 2178 Ῥωμαίοις
892 2110 1075 2173 αὐτοῖς
1107 2110 1390 2181 πρώτιστα
1430 2111 1648 2164 πάντων
1693 2112 1769 2182 μὴ

186 2198 366 2251 σέὁειν
397 2198 500 2261 οὓς
540 2198 771 2269 ἡγοῦντο
802 2199 959 2263 θεοὺς
989 2203 1036 2253 oi
1078 2204 1439 2274 προπάτορες.
1476 2204 1772 2275 Παρίωμεν

182 2290 237 2341 δὲ
268 2292 365 2343 καὶ
406 2291 507 2343 ἐπὶ
535 2291 634 2361 τὴν
672 2290 916 2357 Ἐλλάδα,
959 2292 1055 2345 καὶ
1085 2296 1197 2356 τοῖς
1230 2294 1433 2347 τούτων
1474 2298 1655 2364 σοφοῖς
1681 2296 1775 2347 ἀν-

185 2384 642 2455 τικηρῦττωμεν’
713 2385 835 2455 μηδ’
900 2386 1227 2454 Αἰγυπτίους
1297 2388 1541 2459 ἀνῶμεν,
1618 2388 1773 2441 πολε-

189 2474 381 2544 μῶμεν
438 2475 501 2528 δὲ
559 2476 654 2530 καὶ
695 2477 821 2540 τοὺς
881 2477 1086 2531 τούτων
1148 2477 1336 2541 θεοὺς,
1405 2478 1478 2550 μὴ
1535 2480 1602 2533 τὰ
1648 2481 1776 2533 Μω-

192 2568 321 2631 σέως
360 2567 609 2640 πρόσθεν
657 2571 779 2622 κατ’
821 2571 1000 2623 αὐτῶν
1045 2572 1310 2642 γενόμενα
1351 2572 1771 2643 ἀνατεινόμενοι,

190 2660 273 2712 τὸν
314 2660 372 2712 δὲ
408 2661 508 2714 τοῦ
540 2662 808 2734 ἡμετέρου
837 2663 1154 2716 διδασκάλου
1202 2664 1449 2727 θάνατον,
1493 2665 1680 2736 ὥσπερ
1721 2683 1775 2717 τι

192 2751 488 2823 φόὸητρον,
516 2753 701 2816 αὐτοῖς
736 2754 1163 2818 ἀντιτάττοντες·
1199 2758 1293 2809 καὶ
1320 2756 1418 2827 τὴν
1454 2758 1546 2809 ἀπ’
1580 2756 1774 2820 αίῶνος

192 2842 249 2905 ἐξ
274 2843 465 2897 αὐτῶν
500 2846 585 2907 είς
618 2845 827 2909 πάντας
869 2844 1189 2917 ἀνθρώπους
1233 2848 1602 2918 προελθοῦσαν
1647 2849 1775 2919 περὶ

192 2933 328 2987 θεῶν
370 2938 591 3007 φήμην,
635 2937 710 3007 μὴ
756 2940 1045 3008 ῥηματίοις
1083 2942 1176 2993 καὶ
1209 2940 1410 3008 λόγοις,
1451 2941 1675 3010 δυνάμει
1719 2942 1775 2994 δὲ

195 3027 282 3081 τοῦ
303 3030 720 3099 σταυρωθέντος
745 3030 1062 3085 διδασκάλου
1089 3033 1463 3103 καταλύωμεν.
1500 3033 1776 3104 Ἀπίωμεν

196 3120 282 3171 καὶ
317 3121 418 3173 ἐπὶ
458 3121 561 3193 τὴν
599 3122 765 3190 ἄλλην
807 3123 1080 3197 βάρϐαρον
1108 3126 1230 3195 γῆν,
1261 3127 1353 3179 καὶ¹
1383 3127 1451 3181 τὰ
1485 3126 1635 3198 παρὰ
1665 3129 1775 3191 τοῖς

199 3212 357 3265 πᾶσιν
409 3214 828 3285 ἀνατρέπωμεν.
884 3216 1220 3288 Προθυμίαις
1276 3218 1332 3270 δὲ
1386 3219 1572 3289 μηδεὶς
1618 3218 1846 3290 ήμῶνρ

199 3301 498 3358 λειπέσθω·
527 3304 651 3358 οῦτε
680 3308 789 3379 γὰρ
814 3308 1004 3380 μικρὸς
1026 3311 1052 3361 ὁ
1073 3305 1231 3374 ἆθλος
1258 3311 1365 3363 τῶν
1392 3310 1774 3382 τολμωμένων,

203 3396 315 3448 ἐπὶ
342 3397 425 3467 μὴ
453 3397 521 3450 τὰ
549 3400 780 3469 τυχόντα
812 3400 1037 3471 βραδεῖα
1067 3403 1213 3471 ἡμᾶς
1239 3403 1537 3469 ἐκδέξεται,
1572 3402 1686 3457 ἀλλ’
1721 3405 1776 3457 αἱ

203 3485 301 3539 ἀπὸ
333 3489 449 3540 τῶν
484 3491 617 3559 παρ’
645 3492 918 3555 ἑκάστοις,
953 3493 1027 3555 ὼς
1060 3494 1239 3558 εἰκὸς,
1284 3496 1461 3565 νόμων
1492 3498 1774 3568 τιμωρίαι,

205 3575 367 3649 δεσμὰ
396 3580 602 3653 δηλαδὴ
646 3583 740 3636 καὶ
780 3584 999 3653 βάσανοι
1033 3587 1127 3638 καὶ
1162 3587 1423 3654 φυλακαὶ,
1454 3588 1565 3659 πῦρ
1596 3606 1653 3642 τε
1686 3592 1779 3643 καὶ

208 3670 441 3743 σίδηρος,
475 3675 569 3727 καὶ
598 3675 841 3746 σταυροὶ,
869 3679 963 3730 καὶ
992 3678 1180 3749 θῆρες,
1209 3672 1283 3732 ὧν
1309 3680 1543 3750 μάλιστα
1576 3682 1780 3753 προθυ-

210 3780 423 3848 μητέον,
459 3783 703 3847 καὶτοῖς
744 3788 934 3849 κακοῖς
962 3787 1127 3856 ὁμόσε
1165 3788 1438 3858 χωρητέον
1474 3790 1779 3860 ὑπόδειγμα

207 3868 287 3921 τὸν
326 3871 653 3926 διδάσκαλον
698 3875 1070 3946 κεκτημένοις.
1104 3877 1168 3927 Τί
1200 3877 1309 3947 γὰρ
1342 3876 1544 3930 τούτων
1580 3878 1778 3945 γένοιτ’

210 3960 267 4013 ἂν
313 3964 559 4030 κάλλιον,
601 3967 827 4037 ἐχθροὺς
868 3970 961 4021 καὶ
1010 3969 1151 4032 θεοῖς
1192 3971 1285 4022 καὶ
1330 3970 1637 4042 ἀνθρώποις
1690 3971 1778 4024 ἐπ’

211 4052 375 4108 οὐδενὶ
440 4055 584 4126 λόγῳ
651 4058 987 4128 καταστῆναι
1046 4062 1141 4113 καὶ
1182 4064 1387 4131 μήποτε
1432 4061 1586 4131 ήδὲος
1646 4062 1779 4114 ἀπο-

210 4141 395 4199 λαῦσαί
424 4164 592 4210 τινος,
625 4150 760 4219 μήτε
787 4149 894 4202 τῶν
920 4149 1184 4219 φιλτάτων
1211 4152 1456 4217 ὄνασθαι,
1482 4156 1618 4226 μήτε
1648 4173 1781 4225 χρη-

216 4237 390 4304 μάτων
423 4242 628 4309 τυχεῖν,
660 4244 795 4311 μήτε
822 4243 968 4306 τινὸς
997 4244 1202 4312 ἀγαθοῦ
1232 4246 1289 4298 τὸ
1314 4248 1569 4317 παράπαν
1592 4248 1779 4301 ἐλπίδα

214 4330 530 4400 κτήσασθαι,
554 4332 677 4401 είκῆ
697 4333 753 4385 δὲ
776 4335 870 4386 καὶ
899 4333 1073 4407 μάτην
1100 4337 1401 4391 πλανᾶσθαι
1428 4340 1520 4392 καὶ⁵
1551 4340 1777 4411 πλανᾷν;

214 4418 373 4473 Τοῦτο
406 4421 517 4492 γὰρ
550 4419 619 4491 ἦν
642 4422 703 4475 τὸ
734 4426 1031 4498 συμφέρον,
1064 4428 1156 4479 καὶ
1193 4428 1254 4480 τὸ
1282 4429 1540 4500 φέρεσθαι
1568 4430 1781 4495 ἐξενανο

214 4526 320 4592 τίας
351 4531 489 4582 πᾶσι
513 4532 623 4592 τοῖς
645 4529 761 4583 ἕθνε
772 4548 843 4595 σι,
873 4531 1049 4584 καὶτὸ
1076 4532 1217 4595 θεοῖς
1241 4534 1338 4603 μὲν
1359 4537 1470 4598 τοῖς
1500 4536 1559 4600 ἐξ
1587 4536 1781 4601 αἰῶνος

216 4623 353 4693 παρὰ
412 4625 581 4676 πᾶσιν
635 4623 1079 4697 ὡμολογημένοις
1122 4627 1398 4696 πολεμεῖν,
1464 4629 1553 4681 τὸν
1594 4629 1639 4681 δ’
1688 4630 1780 4683 ὑπ’

216 4713 505 4786 ὀφθαλμοῖς
548 4715 705 4787 ἡμῶν
736 4718 915 4771 αὐτῶν
945 4717 1280 4782 διδάσκαλον,
1317 4720 1450 4773 Θεὸν
1497 4717 1656 4785 εἶναι,
1689 4722 1781 4774 καὶ

216 4803 337 4860 Θεοῦ
368 4807 535 4861 παῖδα
567 4808 877 4880 κηρύττειν,
930 4811 1068 4882 ὑπὲρ
1101 4806 1161 4864 οὗ
1189 4813 1281 4864 καὶ
1308 4813 1503 4876 αὐτοὺς
1531 4812 1781 4885 θνήσκειν

219 4894 458 4968 ἑτοίμους
500 4892 659 4963 εἶναι,
696 4899 862 4970 μηδὲν
891 4899 1088 4971 ἀληθὲς
1114 4901 1243 4975 παρ’
1286 4902 1448 4955 αὐτοῦ
1482 4903 1603 4974 μηδ’
1640 4904 1781 4972 ὠφέ-

218 4985 359 5062 λιμον
394 4991 806 5063 μεμαθηκότας.
845 4994 1024 5064 Ταύτῃ
1060 4995 1102 5048 δ’
1134 4991 1227 5049 οὖν
1259 4998 1351 5049 καὶ
1395 4998 1590 5068 μᾶλλον
1622 5018 1783 5071 τιμη-

218 5098 325 5152 τέον
349 5099 539 5163 αὐτὸν,
577 5101 625 5152 εί
661 5101 826 5170 μηδὲν
862 5101 1009 5171 ἡμᾶς
1042 5100 1237 5172 ὢνησε,
1276 5104 1453 5156 πάντα
1484 5122 1541 5156 τε
1584 5106 1675 5157 ἐπὶ
1706 5105 1782 5174 τῷ

218 5187 424 5256 δοξάσαι
454 5191 620 5245 αὐτοῦ
650 5194 748 5263 τὴν
777 5194 1147 5264 προσηγορίαν
1173 5197 1439 5265 ποιητέον,
1473 5199 1565 5250 καὶ
1602 5200 1783 5261 πάσας

220 5281 391 5356 ὕϐρεις
423 5286 520 5339 καὶ
551 5287 820 5357 τιμωρίας
854 5290 1240 5361 ὀπομενητέον,
1279 5292 1454 5344 πάντα
1486 5310 1543 5344 τε
1584 5294 1781 5365 τρόπον

219 5374 527 5432 ἀναδεκτέον
567 5378 820 5445 θανάτου,
865 5382 1005 5454 ὑπὲρ
1047 5383 1270 5455 μηδενὸς
1307 5382 1555 5455 ἀληθοῦς.
1599 5384 1781 5437 Κακὸν

219 5469 312 5542 γὰρ
342 5472 476 5536 ἴσως
520 5472 767 5543 ἀλήθεια,
806 5475 866 5527 τὸ
907 5476 964 5528 δὲ
1008 5475 1200 5545 ψεῦδος
1239 5475 1351 5547 ἕχει
1382 5477 1476 5530 τοῦ
1514 5478 1684 5531 κακοῦ
1720 5479 1782 5531 τὸ

220 5561 473 5618 ἐναντίον·
506 5566 589 5618 διὸ
622 5565 905 5638 λέγωμεν,
940 5568 1028 5621 ὅτι
1059 5569 1152 5621 καὶ
1181 5571 1406 5641 νεκροὺς
1440 5571 1651 5642 ἤγειρε,
1686 5573 1782 5625 καὶ

220 5652 438 5729 λεπροὺς
466 5660 786 5732 ἐκαθάρισε,
812 5662 905 5715 καὶ
926 5662 1182 5732 δαίμονας
1206 5664 1392 5735 ἤλασε,
1425 5666 1519 5718 καὶ⁸
1549 5664 1656 5717 τῶν
1687 5664 1783 5718 ἄλ-

221 5744 313 5801 λων
352 5750 670 5823 παραδόξων
715 5751 892 5822 ἕργων
932 5753 1122 5821 γέγονε
1172 5756 1420 5826 ποιητὴς,
1470 5755 1637 5827 μηδὲν
1683 5756 1783 5825 μὲν

220 5843 440 5901 τοιοῦτον
489 5844 641 5916 αὑτῷ
680 5848 1101 5916 συνεγνωκότες,
1136 5849 1345 5912 ἑαυτοῖς
1395 5849 1450 5902 δὲ
1500 5850 1567 5904 τὰ
1608 5848 1784 5907 πάντα

1877 603 2177 664 superaret,
2225 610 2289 649 ac
2327 610 2394 650 ne
2439 611 2694 666 magnum
2744 595 2960 665 quidem
3014 608 3240 664 prorsus
3285 594 3448 664 quid-

1875 702 2037 758 quam
2082 688 2180 748 illi.
2215 695 2309 741 aut
2356 688 2531 743 reditu
2566 688 2624 741 in
2665 689 2830 742 vitam
2865 688 3089 758 dignum
3127 695 3310 741 actum
3338 695 3445 748 est,

1876 778 1983 833 nisi
2012 778 2136 847 quis
2175 776 2314 833 dolis
2354 778 2613 847 omnique
2653 778 3004 834 simulatione
3032 778 3267 832 refertos
3296 778 3445 832 illius

1882 870 2089 925 referat
2163 886 2388 934 mores,
2444 879 2500 926 et
2567 872 2716 941 quod
2771 872 2921 941 ipsos
2979 886 3079 924 nos
3117 885 3279 924 usum
3320 885 3449 925 ver--

1875 962 2165 1025 sutiarum,
2217 963 2543 1032 inanemque
2586 964 2907 1033 jactantiam
2958 978 3055 1032 per
3104 962 3351 1016 fraudem
3383 977 3446 1015 ac

1875 1055 2061 1108 dolum
2084 1054 2353 1109 docuerit.
2387 1055 2657 1121 Quocirca
2694 1056 2909 1118 demus,
2939 1071 3147 1125 quaeso,
3174 1057 3317 1111 inter
3344 1071 3449 1112 nos

1875 1145 2117 1211 dextras,
2151 1146 2422 1217 simulque
2458 1162 2647 1202 omnes
2680 1148 2857 1202 foedus
2884 1148 3250 1218 paciscamur,
3282 1157 3344 1203 ut
3377 1148 3448 1203 de

1874 1234 1968 1289 illo
1994 1235 2049 1288 in
2078 1243 2306 1290 cunctos
2336 1235 2584 1292 homines
2609 1237 2983 1307 deceptionem
3007 1254 3305 1295 consonam
3328 1254 3449 1309 pro-

1875 1325 2547 1398 feramus,narremusque
2576 1328 2779 1384 vidisse
2808 1344 2910 1383 nos
2944 1329 3095 1383 illum
3126 1330 3254 1386 dum
3285 1331 3447 1386 caecis

1874 1416 2049 1472 visum
2086 1417 2397 1489 largiretur,
2434 1418 2651 1473 tametsi
2694 1418 2881 1473 nullus
2911 1434 3155 1489 unquam
3193 1427 3447 1475 nostrum

1874 1509 1978 1564 hoc
2017 1509 2170 1575 vidit,
2205 1522 2258 1566 et
2293 1511 2421 1565 dum
2466 1511 2649 1568 surdis
2696 1510 2939 1566 auditum
2973 1510 3263 1581 prmberet,
3301 1510 3450 1581 quod

1873 1603 2091 1674 quidem
2141 1605 2325 1660 nullus
2370 1619 2609 1675 unquam
2660 1613 2910 1659 nostrum
2960 1605 3188 1669 audivit,
3222 1614 3276 1660 et
3316 1605 3449 1659 dum

1874 1696 2119 1766 leprosos
2152 1705 2428 1768 purgaret,
2447 1705 2802 1768 mortuosque
2829 1698 2897 1753 ad
2920 1698 3087 1751 vitam
3112 1697 3448 1753 restitueret.

1874 1788 2116 1859 Denique
2146 1805 2206 1844 ea
2238 1806 2360 1859 qua:
2398 1806 2575 1861 neque
2602 1790 2745 1844 facta
2782 1792 2850 1845 ab
2892 1790 2987 1844 illo
3022 1790 3298 1853 novimus,
3339 1805 3450 1843 ne-

1804 1872 1847 1927 Β
1874 1897 1978 1951 que
2002 1881 2148 1935 dicta
2177 1882 2508 1946 audivimus,
2532 1891 2793 1953 tanquam
2815 1898 2943 1938 vere
2972 1890 3124 1953 gesta
3151 1881 3451 1937 contenda-

1873 1988 2018 2027 mus.
2078 1971 2278 2028 Vcrum
2332 1975 2591 2043 quoniam
2647 1983 2951 2030 extremum
3006 1975 3155 2029 illius
3208 1982 3447 2044 tempus,

1872 2066 2138 2120 celebrem
2191 2066 2380 2119 habuit
2408 2075 2460 2121 et
2491 2066 2837 2136 perspicuum
2868 2067 3171 2130 interitum,
3208 2074 3266 2120 ut
3304 2082 3454 2121 nus-

1873 2172 2035 2226 quam
2078 2158 2146 2211 ab
2184 2157 2277 2211 illo
2309 2157 2572 2212 occultari
2603 2158 2864 2228 potuerit,
2909 2173 3011 2213 nos
3066 2157 3195 2212 huic
3231 2172 3452 2227 quoque

1872 2248 2220 2303 incommodo
2252 2258 2398 2303 recta
2437 2257 2721 2320 pergentes
2762 2264 3150 2315 occurramus;
3186 2248 3451 2305 testiﬁce-

1873 2356 2105 2409 murque
2155 2341 2315 2410 plane
2369 2340 2506 2395 bene
2549 2341 2910 2411 impudenter,
2946 2341 3099 2394 illum
3155 2349 3453 2410 postquam

1878 2432 2037 2505 114
2068 2448 2097 2485 a
2130 2440 2305 2487 morte
2336 2432 2401 2486 ad
2430 2433 2596 2486 vitam
2623 2432 2864 2495 redierit,
2901 2433 3044 2487 inter
3068 2446 3169 2486 nos
3192 2446 3314 2486 esse
3334 2446 3453 2485 ver-

1874 2534 2075 2589 sutum,
2127 2524 2418 2595 iocumque
2473 2534 2527 2579 et
2571 2524 2758 2579 cibum
2788 2533 3111 2579 consuetum
3162 2523 3451 2578 nobiscum

1874 2632 2191 2688 usurpasse.
2238 2618 2608 2672 Conservetur
2656 2625 2836 2671 autem
2883 2616 2953 2670 ab
3002 2616 3259 2670 omnibus
3290 2615 3453 2670 nobis

1874 2708 2226 2777 impudentiae
2299 2707 2868 2777 immutabilitati'sque
2908 2715 3085 2773 tenor,
3131 2714 3186 2762 et
3232 2715 3454 2761 maneat

1874 2799 1991 2853 hinc
2024 2800 2221 2854 mentis
2252 2799 2507 2854 alienatio
2540 2816 2713 2869 usque
2747 2800 2815 2853 ad
2848 2807 3109 2863 mortem;
3142 2799 3275 2870 quid
3304 2800 3453 2854 enim

1875 2888 2097 2943 absurdi
2131 2889 2289 2944 habet
2316 2904 2414 2959 pro
2449 2888 2621 2943 nihilo
2651 2890 2811 2957 mori,
2840 2898 2935 2943 aut
2977 2889 3107 2960 quid
3141 2890 3453 2959 quempiam

1874 2979 2130 3047 oll‘endat,
2146 2981 2291 3035 nulla
2323 2981 2590 3051 probabili
2616 2997 2802 3046 causa,
2824 2982 3047 3037 verbera
3070 2990 3453 3052 tormentaque

1874 3074 1933 3128 in
1962 3089 2211 3145 corpore,
2241 3082 2296 3128 et
2345 3074 2392 3128 si
2441 3089 2578 3144 opus
2627 3074 2721 3136 sit,
2757 3073 2975 3127 vincula
3001 3090 3217 3145 quoque
3245 3082 3298 3130 ct
3328 3089 3454 3128 car-

1878 3181 2051 3230 ceres,
2078 3182 2178 3222 nec
2213 3181 2322 3221 non
2356 3166 2719 3221 contumelias
2738 3175 2791 3221 et
2834 3168 3035 3237 probra
3071 3168 3275 3223 nullius
3312 3184 3456 3223 vera:

1883 3260 1957 3315 rei
2000 3260 2172 3331 gratia
2220 3258 2495 3329 experiri?
2535 3257 2649 3313 Hoc
2688 3258 2852 3328 igitur
2877 3259 2987 3328 jam
3030 3274 3177 3313 nunc
3223 3260 3456 3314 medite-

1881 3369 2023 3420 mur,
2074 3353 2511 3422 mentiamurque
2560 3367 2754 3406 omnes
2787 3366 2897 3405 uno
2929 3367 3044 3415 ore,
3077 3361 3131 3407 et
3186 3352 3455 3424 fingamus

1880 3461 1966 3512 ea,
1997 3461 2118 3515 quae
2170 3460 2346 3515 neque
2380 3445 2544 3498 alicui
2596 3452 2847 3499 nostrum
2903 3446 3053 3498 utilia
3098 3445 3282 3499 futura
3319 3447 3455 3510 sint,

1880 3556 2057 3610 neque
2106 3539 2266 3593 alicui
2315 3554 2505 3593 eorum
2563 3554 2703 3609 quos
2760 3540 3116 3609 decipiemus,
3158 3555 3221 3593 ac
3267 3557 3335 3595 ne
3375 3542 3456 3596 illi

1880 3632 2098 3701 quidem
2151 3632 2243 3701 qui
2291 3646 2321 3685 a
2369 3630 2527 3687 nobis
2587 3631 2873 3686 mendacio
2924 3633 3225 3691 extollitur.
3267 3641 3321 3688 et
3354 3650 3456 3704 pro

1881 3723 1991 3779 Deo
2019 3722 2453 3778 commendatur.
2488 3722 2656 3778 Porro
2684 3733 2863 3779 autem
2895 3725 3239 3780 mendacium
3275 3726 3457 3779 inten-

1881 3814 2079 3868 damus
2133 3830 2244 3868 non
2304 3814 2467 3869 modo
2510 3815 2566 3868 in
2608 3824 2811 3870 nostrre
2845 3818 3018 3885 gentis
3057 3816 3326 3881 homines,
3357 3819 3455 3873 sed

1864 3908 1938 3963 .in
1980 3922 2141 3962 omne
2186 3907 2410 3962 omnino
2463 3908 2747 3962 hominum
2793 3924 2987 3978 genus,
3031 3918 3316 3981 totumque
3362 3927 3457 3965 or-

1880 4002 2003 4056 bem
2055 4010 2326 4056 terrarum
2350 4002 2455 4057 hoc
2482 4016 2692 4066 errore,
2727 4002 2903 4071 iisque
2941 4018 3061 4072 quae
3086 4003 3151 4058 de
3181 4004 3274 4058 illo
3310 4004 3454 4059 inter

1882 4110 1984 4150 nos
2028 4096 2438 4165 composuimus
2498 4096 2842 4165 impleamus.
2903 4095 3132 4166 Jamque
3195 4097 3455 4167 deinceps

1876 4189 2027 4258 leges
2058 4189 2194 4242 alias
2219 4190 2433 4243 cunctis
2452 4190 2704 4259 gentibus
2737 4190 3101 4258 imponamus,
3121 4205 3241 4258 qua:
3263 4205 3453 4243 omnes

1881 4278 2126 4332 omnium
2171 4278 2239 4333 de
2290 4279 2485 4348 patriis
2535 4279 2778 4349 ipsorum
2819 4280 2926 4335 diis
2957 4280 3246 4349 opiniones
3281 4296 3455 4351 oppu-

1883 4380 2049 4442 gnent
2082 4381 2246 4442 atque
2295 4380 2563 4435 evertant,
2603 4388 2963 4442 quascunque
2991 4389 3021 4425 ιι
3065 4371 3285 4425 condito
3340 4386 3457 4425 :evo

1883 4465 2195 4526 habuerint,
2223 4464 2662 4534 imperemusque
2680 4465 2870 4533 primis
2897 4464 3140 4517 omnium
3168 4462 3453 4522 Romanis.

1814 4574 1856 4628 ι)
1886 4571 1953 4612 ne
2004 4557 2187 4610 colant
2240 4572 2378 4625 quos
2410 4546 2661 4625 majores
2712 4556 2956 4624 ipsorum
3020 4554 3154 4609 deos
3209 4554 3458 4608 arbitrati

1887 4653 2035 4700 sunt.
2070 4645 2129 4700 ln
2170 4644 2436 4700 Graeciam
2474 4662 2692 4717 quoque
2738 4654 3107 4717 penetreunts,
3149 4657 3201 4700 et
3240 4645 3459 4716 sapien-

1884 4738 2030 4792 tibus
2068 4739 2159 4808 qui
2186 4740 2295 4793 illic
2327 4747 2455 4794 sunt
2484 4742 2753 4795 contraria
2790 4741 3003 4809 publice
3034 4740 3355 4803 doceamus,
3394 4754 3461 4793 ac

1884 4846 1951 4884 ne
1980 4829 2265 4902 {Egyptios
2296 4833 2517 4902 quidem
2543 4834 2884 4898 omittamus,
2918 4832 3013 4889 sed
3052 4834 3292 4903 ipsorum
3320 4846 3460 4902 quo-

1885 4939 1989 4992 que
2027 4925 2159 4981 deos
2213 4928 2419 4995 patrios
2458 4942 2856 4997 oppugnemus,
2906 4942 3014 4982 non
3065 4925 3302 4981 .‘llosaica
3345 4938 3458 4975 am-

1885 5018 2026 5085 plius
2060 5034 2180 5087 qua:
2218 5020 2347 5072 olim
2394 5019 2538 5089 apud
2572 5020 2696 5074 illos
2740 5028 2890 5091 gesta
2925 5028 3053 5074 sunt
3092 5019 3458 5087 proferentcs.

1886 5114 1980 5167 sed
2016 5113 2188 5165 nostri
2222 5112 2571 5180 przeceptoris
2628 5111 2907 5165 interitum
2941 5110 3049 5162 illis
3093 5106 3253 5176 quasi
3287 5106 3462 5175 quod-

1885 5207 2008 5260 dam
2064 5205 2274 5274 insigne
2313 5204 2540 5258 terroris
2577 5204 2920 5270 objicientes.
2954 5200 3085 5265 Qua:
3114 5213 3244 5251 vero
3273 5198 3461 5267 opinio

1885 5308 1939 5351 et
1964 5296 2105 5348 fama
2134 5296 2202 5348 ab
2226 5294 2381 5348 initio
2410 5295 2479 5349 ab
2516 5294 2648 5356 illis,
2672 5292 2738 5346 ad
2774 5307 2967 5345 omnes
2991 5288 3240 5341 homines
3265 5286 3331 5340 de
3354 5286 3462 5339 diis

1885 5390 2153 5461 pervenit,
2184 5388 2324 5441 hanc
2360 5403 2460 5441 nos
2492 5403 2598 5440 non
2631 5385 2839 5439 voculis
2874 5379 3202 5451 quibusdam
3244 5386 3337 5431 aut
3371 5394 3463 5429 ra—

1885 5483 2147 5543 tionibus,
2198 5480 2292 5535 sed
2347 5477 2698 5550 prmeeptoris
2754 5474 3001 5530 cruciﬁxi
3049 5473 3102 5526 vi
3157 5472 3458 5527 diluamus.

1884 5572 2304 5643 Progrediamur
2347 5585 2474 5624 vero
2520 5570 2684 5624 etiam
2733 5569 2787 5621 in
2837 5567 3106 5638 reliquam
3162 5565 3456 5619 barbaram

1887 5674 2116 5729 terram,
2155 5673 2208 5720 et
2235 5679 2355 5734 qua:
2390 5660 2532 5732 apud
2589 5675 2780 5715 omnes
2829 5659 3047 5714 decreta
3079 5666 3209 5712 sunt
3247 5664 3462 5711 everta-

1887 5772 2011 5811 mus
2048 5775 2064 5810 :
2100 5770 2275 5828 neque
2303 5768 2431 5809 vero
2470 5752 2760 5824 quisquam
2793 5760 3040 5805 nostrum
3079 5749 3244 5803 animi
3282 5748 3465 5800 inten-

1886 5850 2095 5905 tionem
2146 5849 2411 5904 remittat.
2436 5844 2558 5902 Non
2606 5846 2753 5902 enim
2804 5845 3059 5915 exiguum
3102 5849 3195 5896 aut
3231 5853 3462 5912 parvum
