3954 6522
477 391 582 450 207
1140 397 1406 455 EUSEBII
1449 393 1922 454 CESARIENSIS
1959 395 2109 453 OPP.
2141 399 2323 455 PARS
2359 399 2424 456 ll.
2463 403 3032 461 —APOLOGETICA'.
3607 377 3724 460 εἰοε

481 519 582 572 riet
617 516 779 587 hujus
823 517 1063 572 audaciae
1115 519 1416 588 praemium,
1467 517 1734 587 siquidem
1779 533 1886 572 non
1929 519 2050 574 vul-
2073 552 2120 610 Δ

478 626 638 682 gares
677 625 778 666 nos
811 625 911 681 pro
939 611 1108 664 tantis
1140 611 1529 665 certaminibus
1559 620 1780 666 manent
1802 626 2030 672 coronte.

2151 611 2225 683 μὴ
2251 611 2486 666 πείθοιτό
2509 631 2610 677 τις,
2635 614 2746 667 ἀλλ’
2769 615 2916 667 αὐτοί
2937 631 3020 683 γε,
3052 617 3191 688 ὑπὲρ
3206 609 3280 668 ὧν
3307 614 3724 685 συντεθείμεθα,

479 697 576 753 sed
628 713 748 770 quae
787 697 1054 768 supplicia
1087 697 1341 754 videlicet
1367 699 1627 769 alegibus
1657 701 1902 755 omnium
1941 702 2030 756 ho-

2151 702 2441 775 τάπίχειρα
2471 703 2570 774 τῆς
2601 705 2808 776 πλάνης
2838 705 2960 759 καθ’
2997 707 3202 759 ἑαυτῶν
3235 705 3608 776 ἐφελκόμενοι.

475 790 707 854 minum,
733 797 790 843 ut
822 805 918 860 par
947 799 1051 855 est,
1076 789 1580 848 contradicentibus
1618 793 1866 862 injuncta
1893 801 2043 858 sunt,
2079 793 2294 849 vincula
2327 797 2552 862 scilicet,
2585 805 2873 864 tormenta,
2941 812 3191 852 carceres
3226 815 3240 851 :
3274 811 3482 851 necnon
3549 794 3726 865 ignis.

472 890 530 938 et
581 883 808 948 ferrum,
847 891 900 938 et
961 898 1174 946 cruces,
1211 891 1265 938 et
1321 884 1512 939 bellua}
1547 904 1562 940 :
1597 885 1665 940 ad
1711 902 1833 957 quae
1862 888 2044 941 omnia
2081 888 2486 958 promptissimo
2547 889 2730 944 animo
2751 897 2833 944 est
2862 869 3252 952 accedendum,
3303 887 3478 956 iisque
3497 885 3726 938 obviam

471 979 631 1032 malis
655 979 890 1033 etmdum
951 977 1241 1048 intrepide,
1282 995 1402 1050 qua:
1438 977 1828 1052 praeceptorem
1865 991 2113 1037 nostrum
2153 983 2310 1038 nobis
2336 997 2433 1053 pro
2449 984 2693 1054 exemplo
2725 993 3020 1038 ostentant.
3049 981 3191 1048 Quid
3219 981 3362 1036 enim
3395 979 3688 1049 pulchrius
3709 1017 3726 1044 ,

470 1085 632 1139 quam
665 1071 812 1124 nulla
846 1073 1054 1126 ratione
1077 1079 1129 1126 et
1156 1071 1262 1126 diis
1291 1081 1343 1126 et
1375 1073 1686 1128 hominibus
1736 1074 1852 1129 ﬁeri
1917 1074 2194 1140 inimicos;
2229 1091 2405 1145 neque
2449 1075 2558 1128 ulla
2621 1091 2860 1145 unquam
2909 1091 3136 1145 prorsus
3192 1073 3296 1128 l'rui
3346 1071 3726 1142 iucunditate,

475 1161 631 1234 115
661 1177 836 1232 neque
881 1161 1224 1218 charissimis
1277 1162 1442 1218 rebus
1500 1163 1804 1229 oblectari,
1857 1179 2036 1242 neque
2069 1179 2388 1234 comparare
2422 1165 2702 1235 pecunias,
2735 1181 2838 1220 nec
2871 1165 3036 1220 ullius
3093 1179 3320 1235 prorsus
3365 1162 3491 1217 boni
3559 1175 3726 1230 spem

467 1256 573 1313 sibi
605 1255 868 1325 reliquam
901 1255 1077 1309 facere
1111 1275 1123 1309 :
1159 1263 1362 1310 temere
1417 1262 1597 1309 autem
1629 1263 1684 1309 et
1717 1255 1955 1310 inaniter
2019 1270 2203 1311 errare
2244 1271 2308 1312 ac
2353 1256 2642 1327 decipere?
2686 1255 2804 1312 Hoc
2855 1257 3000 1311 enim
3045 1258 3380 1328 pmcipuum
3443 1263 3526 1308 est
3563 1250 3728 1322 quod

467 1359 814 1422 spectemus:
842 1363 905 1402 ac
931 1357 1189 1419 praeterea
1223 1351 1476 1404 omnibus
1535 1349 1844 1406 nationibus
1908 1351 2206 1415 adversari,
2243 1359 2298 1407 et
2342 1351 2494 1418 deos,
2526 1353 2686 1422 qui-a
2728 1352 2950 1407 condito
2997 1367 3112 1407 tero
3144 1351 3287 1422 apud
3344 1363 3536 1404 omnes
3591 1361 3729 1402 ceto

465 1445 666 1502 tissimi
708 1445 877 1502 habiti
913 1452 1041 1500 sunt
1073 1459 1405 1517 Oppugnare.
1454 1443 1846 1516 Prmceptorem
1883 1463 2032 1512 vero,
2088 1462 2250 1518 quem
2300 1449 2476 1503 oculis
2523 1449 2731 1503 nostris
2793 1449 3061 1517 supplicio
3111 1448 3246 1500 aiiici
3303 1445 3564 1508 vidimus,
3613 1457 3727 1512 pro

466 1535 579 1592 Deo
608 1545 662 1592 et
691 1550 790 1605 pro
823 1533 918 1589 Dei
959 1533 1098 1589 Filio
1125 1535 1438 1604 prtedicare.
1471 1533 1578 1588 Pro
1621 1551 1726 1604 quo
1757 1543 1810 1590 et
1861 1537 1962 1606 ipsi
1993 1539 2130 1593 mori
2166 1539 2338 1608 parati
2379 1541 2570 1602 simus,
2603 1541 2820 1594 tametsi
2868 1540 2936 1594 ab
2983 1539 3074 1594 illo
3132 1554 3308 1608 neque
3363 1539 3478 1592 veri
3535 1551 3728 1605 neque

465 1628 616 1683 utilis
649 1635 742 1681 aut
766 1625 1038 1681 commodi
1075 1625 1367 1696 quidquam
1400 1624 1713 1680 didicimus.
1742 1624 1855 1681 Hoc
1887 1628 2030 1682 enim
2068 1629 2185 1698 ipso
2217 1629 2306 1684 ille
2333 1631 2504 1702 pluris
2534 1639 2618 1686 est
2649 1629 2949 1696 faciendus,
2981 1629 3124 1699 quod
3179 1628 3318 1682 nihil
3379 1627 3536 1682 nobis
3579 1643 3726 1696 pro—

466 1719 650 1774 fuerit.
705 1717 898 1773 Omnia
931 1733 1061 1772 vero
1105 1719 1263 1773 nobis
1311 1716 1559 1772 facienda
1609 1725 1756 1782 sunt,
1804 1728 1860 1773 ut
1918 1719 2062 1775 illius
2127 1737 2324 1777 nomen
2388 1724 2597 1779 illustre
2673 1723 3077 1793 gloriosumque
3151 1721 3461 1777 reddamus.
3513 1720 3724 1777 Omnia

463 1819 685 1891 probra,
719 1817 901 1871 omnia
951 1815 1214 1885 supplicia
1250 1814 1488 1881 ferenda,
1555 1831 1716 1870 omne
1759 1831 1928 1886 genus
1960 1818 2152 1874 mortis
2195 1819 2536 1874 subeundum
2567 1834 2664 1889 pro
2708 1833 2770 1872 ea
2807 1833 2886 1881 re,
2923 1833 3043 1886 qua:
3071 1816 3220 1870 nulla
3280 1815 3334 1870 in
3377 1824 3530 1885 parte
3581 1830 3725 1869 vera

464 1921 570 1970 est.
628 1911 837 1965 Malum
883 1909 1028 1966 enim
1074 1909 1306 1966 forsitan
1353 1911 1581 1974 veritas,
1645 1918 1698 1964 et
1760 1911 1887 1964 mali
1953 1913 2284 1967 contrarium
2341 1915 2397 1968 in
2463 1913 2748 1968 mendacio
2797 1932 2810 1968 :
2865 1927 3032 1982 quare
3083 1909 3408 1964 allirmemus
3454 1907 3606 1960 illum
3661 1915 3725 1960 et

464 2014 709 2059 mortuos
760 2004 1053 2068 excitasse,
1105 2013 1156 2058 et
1199 2004 1446 2072 leprosos
1515 2017 1812 2074 purgasse,
1883 2013 1938 2059 et
2001 2005 2276 2062 daemonas
2307 2006 2550 2076 eiecisse,
2593 2013 2648 2060 et
2685 2005 2790 2059 alia
2835 2002 3199 2066 incredibilia,
3260 2016 3585 2070 omnemque
3645 2001 3722 2054 ii-

463 2099 586 2156 dem
615 2099 928 2171 superantia
953 2097 1173 2164 fecisse,
1202 2113 1434 2168 quarum
1465 2097 1682 2168 quidem
1731 2113 1913 2152 rerum
1971 2099 2186 2155 nullius
2232 2100 2306 2154 illi
2356 2117 2456 2155 nos
2509 2100 2720 2155 conscii
2785 2113 2996 2164 sumus,
3063 2097 3158 2152 sed
3201 2097 3465 2152 arbitratu
3515 2106 3722 2152 nostro

383 2265 388 2269 _
463 2206 661 2248 cunCta
715 2190 983 2264 ﬁngentes
1016 2211 1029 2246 :
1058 2199 1112 2246 et
1145 2191 1482 2261 decipiamus
1510 2189 1726 2260 quidem
1761 2207 1899 2262 quos
1938 2208 2251 2263 possumus,
2297 2194 2343 2248 si
2378 2194 2466 2248 cui
2496 2209 2623 2248 vero
2648 2209 2758 2248 non
2785 2192 3239 2262 persuaserimus,
3298 2200 3411 2244 tum
3451 2191 3555 2261 ipsi
3607 2207 3720 2261 pro

462 2293 534 2352 iis
563 2308 684 2364 qua:
717 2293 856 2346 inter
883 2305 984 2344 nos
1015 2288 1424 2358 composuimus
1456 2287 1660 2342 erroris
1691 2287 2017 2353 mercedem,
2063 2289 2325 2346 adversus
2361 2305 2460 2345 nos
2484 2289 2638 2358 ipsos
2672 2289 2974 2343 eliciamus.
3729 2301 3736 2340 ι

535 2385 875 2440 Videnturne
913 2381 1009 2436 tibi
1047 2379 1329 2434 credibilia
1369 2377 1504 2442 haec,
1539 2387 1634 2433 aut
1683 2379 1781 2433 ulli
1817 2395 1942 2435 vero
1970 2380 2030 2434 si-

2212 2378 2358 2452 Ἀρά
2384 2399 2464 2436 σοι
2491 2380 2692 2434 πιθανὰ
2717 2379 2886 2434 ταῦτα
2909 2380 2942 2451 ἢ
2971 2380 3065 2434 καὶ
3093 2378 3326 2451 ἀληθοῦς
3352 2379 3584 2451 ἐχόμενα
3620 2381 3720 2436 λό-

461 2478 657 2534 milia?
696 2475 962 2547 ignobiles
1007 2473 1366 2543 vulgaresque
1414 2471 1683 2536 homines,
1743 2479 2030 2542 postquam

2135 2491 2254 2542 γου,
2287 2473 2362 2536 ὼς
2404 2473 2474 2526 τὰ
2510 2472 2734 2526 τοιαῦτα
2765 2471 3098 2542 πλασάμενοι
3129 2473 3225 2526 καὶ
3259 2471 3572 2542 συνθέμενοι
3609 2474 3718 2528 ἁλ-

2153 519 2526 592 πλαττόμενοι,
2562 524 2658 576 καὶ·
2683 523 2991 588 πλανῶντες
3027 525 3126 596 μὲν
3151 523 3244 590 οὓς
3279 524 3498 578 δυνατόν
3519 541 3534 556 ·
3575 527 3626 577 εί
3661 525 3726 578 δὲ

461 2571 590 2626 talia
615 2568 892 2632 ﬁnxerint,
923 2573 1088 2636 atque
1114 2566 1256 2620 inter
1289 2581 1348 2620 se
1377 2561 1806 2634 composuerint,
1841 2563 2036 2617 Roma-

463 2679 594 2720 num
629 2663 914 2732 imperium
966 2658 1270 2714 invasisse?
1301 2665 1394 2712 aut
1422 2657 1718 2712 humanam
1759 2663 2030 2718 naturam,

461 2769 584 2825 quae
633 2753 758 2806 vita:
811 2765 1054 2806 amorem
1111 2765 1175 2803 ac
1238 2747 1476 2802 studium
1533 2747 1688 2816 quasi
1753 2748 2034 2816 preprium

461 2844 722 2916 quiddam
769 2842 1030 2913 possidet,
1080 2840 1322 2910 potuisse
1355 2854 1594 2908 unquam
1635 2838 1744 2891 ulla
1786 2837 2034 2892 mercede

460 2934 828 2992 voluntarium
862 2932 1050 2988 subire
1080 2932 1383 2995 interitum,
1415 2927 1871 3000 quemadmodum
1910 2925 2033 2982 Sal-

459 3029 666 3086 vatoris
705 3025 878 3082 nostri
909 3023 1162 3096 discipuli
1194 3023 1460 3094 potuere?
1503 3021 1653 3088 Quos
1688 3020 1768 3075 sic
1812 3019 2032 3090 quidem

457 3137 526 3178 eo
549 3119 792 3190 stuporis
819 3117 1034 3172 venisse
1065 3115 1275 3180 credas,
1309 3123 1367 3168 ut
1394 3129 1518 3168 cum
1549 3113 1617 3167 ab
1643 3112 1737 3167 illo
1779 3111 1914 3165 nihil
1943 3110 2030 3166 di-

461 3227 627 3284 gnum
661 3209 1024 3264 admiratione
1056 3215 1266 3278 gestum
1313 3207 1670 3276 inspexerint,
1707 3205 1810 3274 ipsi
1851 3215 2033 3260 tamen

465 3319 534 3360 ex
583 3301 886 3372 composito
935 3309 1131 3355 cuncta
1186 3299 1306 3368 ejus
1357 3298 1572 3370 generis
1631 3297 2034 3353 coniinxerint?

459 3394 656 3452 deinde
693 3393 854 3464 nugis
892 3391 1215 3462 quibusdam
1254 3390 1320 3446 de
1361 3391 1453 3445 illo
1485 3391 1804 3461 corrugatis,
1836 3405 1934 3461 pro
1963 3390 2030 3445 iis

457 3501 621 3544 omne
653 3499 825 3556 genus
851 3483 1044 3537 mortis
1085 3481 1271 3536 subire
1299 3479 1495 3550 parati,
1531 3481 1876 3551 promptique
1915 3477 2032 3535 fue-

455 3579 606 3636 rint?
629 3587 688 3632 tu
711 3592 840 3632 vero
871 3575 1000 3646 quid
1029 3574 1109 3630 ais
1159 3573 1379 3629 tandem
1412 3572 1672 3630 adversus
1694 3573 1807 3627 haec
1826 3574 1849 3626 ?
1869 3571 2031 3628 Nem-

459 3687 529 3744 pe
591 3670 718 3726 illos
754 3683 930 3738 neque
978 3667 1227 3736 opinatos
1285 3663 1487 3730 fuisse,
1541 3679 1718 3734 neque
1777 3677 2028 3734 sperasse

2139 2563 2322 2634 λήλοις
2338 2563 2572 2627 εὐτελεῖς
2596 2564 2788 2635 ἀνδρες
2813 2563 2906 2616 καὶ
2938 2561 3162 2626 ἰδιῶται,
3180 2562 3462 2632 παρῄεσαν
3489 2563 3582 2614 ἐπὶ
3607 2564 3716 2636 τὴν

2145 2655 2428 2726 Ῥωμαίων
2454 2656 2704 2728 ἀρχήνςῆ
2735 2655 2809 2719 ὡς
2831 2654 3138 2727 ἀνθρωπεία
3155 2653 3336 2723 φύσις,
3357 2654 3420 2708 τὸ
3447 2652 3715 2721 φιλόξωον

2133 2748 2329 2802 οἰκεῖον
2361 2749 2695 2820 κεκτημένη,
2727 2746 2924 2802 δύναιτ’
2953 2747 3018 2800 ἄν
3047 2747 3165 2799 ποθ’
3189 2747 3326 2817 ὑπὲρ
3349 2744 3444 2800 τοῦ
3479 2729 3712 2816 μηδενὸς
3777 2763 3784 2768 ·

2133 2838 2451 2910 αὐθαίρετον
2475 2839 2758 2908 ὑπομεῖναι
2779 2836 3068 2908 τελευτήνς
3096 2836 3128 2907 ἦ
3157 2836 3234 2898 ὠς
3261 2840 3308 2890 οἱ
3335 2835 3428 2892 τοῦ
3454 2836 3708 2908 Σωτῆρος

2133 2930 2290 3002 ἡμῶν
2335 2930 2575 3002 μαθηταὶ
2624 2931 2703 2994 είς
2747 2927 3013 2999 τοσαύτην
3059 2926 3360 3000 ὑπερϐολὴν
3407 2927 3707 2999 ὲκπληξίας

2133 3023 2359 3094 ἢλασαν,
2385 3023 2461 3085 ὡς
2497 3023 2661 3094 μηδὲν
2685 3023 2782 3092 μὲν
2815 3023 2908 3076 ὑπ’
2935 3021 3099 3074 αὑτοῦ
3127 3020 3428 3093 παράδοξον
3457 3020 3705 3091 πραχθὲν

2133 3114 2456 3186 ἑωρακέναι,
2485 3115 2682 3178 αὐτοὺς
2715 3115 2760 3168 δ’
2792 3117 2858 3167 ὲκ
2890 3113 3228 3186 συνθήματος
3258 3111 3392 3183 ὁμοῦ
3423 3113 3602 3166 πάντα
3631 3111 3708 3166 τὰ

2132 3207 2355 3261 τοιαῦτα
2413 3205 2750 3272 πεπλάσθαι,
2818 3205 3008 3261 ἔπειτα
3066 3207 3306 3278 ῥημάτια
3359 3205 3488 3277 περὶ
3535 3202 3704 3257 αὐτοῦ

2129 3300 2300 3371 ψευδῆ
2355 3297 2970 3372 συνταξαμένους,ὑπὲρ
3021 3299 3224 3352 τούτων
3271 3298 3525 3369 θνήσκειν
3573 3298 3706 3350 ὐπο-

2136 3395 2318 3465 μένειν
2369 3393 2599 3465 ἑτοίμως
2653 3393 2829 3463 ἔχεινς
2885 3391 3044 3444 Ἀλλά
3089 3393 3142 3444 τί
3184 3393 3326 3462 φῄς;
3365 3389 3438 3462 μὴ
3471 3389 3704 3462 προσδο-

2131 3487 2297 3557 κῆσαι
2335 3485 2528 3550 αὐτοὺς
2573 3485 2705 3556 μηδὲ
2748 3483 2964 3537 ἐλπίσαι
3011 3483 3179 3536 δεινόν
3221 3501 3272 3536 τι
3314 3481 3595 3536 πείσεσθαι
3631 3482 3702 3536 ἐκ

2130 3579 2228 3650 τῆς
2273 3577 2524 3650 περὶτοῦ
2570 3577 2742 3648 Ἰησοῦ
2781 3575 3101 3648 μαρτυρίας,
3153 3575 3232 3628 διὸ
3261 3575 3353 3628 καὶ
3393 3573 3564 3638 ἀδεῶς
3605 3573 3706 3627 ἐπὶ

2129 3675 2190 3728 τὸ
2217 3673 2345 3744 περὶ
2373 3671 2536 3725 αὐτοῦ
2580 3671 2840 3743 κήρυγμα
2882 3669 3196 3742 προελθεῖν;
3255 3667 3390 3720 Ἀλλ’
3421 3667 3520 3720 οὐκ
3551 3667 3706 3730 είκδς

455 3762 756 3836 quidquam
789 3758 1058 3830 ejusmodi
1094 3755 1163 3810 ob
1192 3755 1720 3810 commendationem
1749 3753 1878 3809 Jesu
1907 3770 2022 3824 per-

2131 3757 2196 3831 ἦν
2237 3759 2534 3814 ἀπελπίσαι
2578 3758 2646 3812 τὰ
2680 3760 2852 3814 πάντα
2886 3759 2976 3812 ὑπ’
3010 3759 3187 3812 αὐτῶν
3221 3756 3524 3820 πείσεσθαι,
3571 3757 3704 3821 τοὺς

459 3868 739 3926 pessuros.
772 3851 952 3916 Quare
982 3859 1086 3902 tam
1121 3847 1388 3918 intrepide
1431 3847 1495 3900 ad
1533 3845 1932 3918 prmdicandum
1963 3843 2029 3899 de

457 3947 551 4003 illo
595 3951 882 4016 provectos
935 3960 946 3994 :
999 3950 1053 3995 at
1098 3939 1239 3996 istuc
1279 3953 1516 4010 quonam
1561 3945 1721 4008 pacto
1765 3937 2029 3991 concede—

457 4035 586 4092 tur?
623 4035 744 4088 illos
775 4048 884 4088 non
911 4045 1161 4102 sperasse
1197 4045 1294 4100 pro
1321 4030 1414 4082 illo
1439 4043 1499 4083 se
1522 4028 1703 4082 omnia
1733 4025 2029 4097 passuros?

455 4127 637 4198 quiet
690 4124 832 4195 apud
882 4119 1178 4186 Romanos,
1215 4127 1268 4175 et
1322 4120 1466 4190 apud
1524 4115 1762 4180 Graecos,
1799 4123 1854 4170 et
1883 4115 2027 4184 apud

454 4219 742 4280 barbaros,
775 4214 1002 4270 deorum
1031 4213 1364 4269 eversionem
1395 4218 1579 4266 essent
1613 4208 1918 4264 invecturi?
1959 4207 2026 4259 At

455 4311 599 4366 enim
627 4307 856 4362 historia
888 4321 1010 4378 qua:
1037 4308 1103 4359 de
1137 4304 1244 4358 illis
1271 4311 1468 4367 exstat,
1498 4309 1682 4371 aperte
1709 4301 1814 4355 hoc
1841 4299 2024 4363 habet,

458 4401 620 4472 116
649 4399 772 4455 illos
801 4407 924 4470 post
954 4395 1313 4466 Praeceptoris
1353 4393 1652 4456 interitum,
1694 4393 1763 4447 ab
1797 4391 2025 4447 insidia-

455 4492 668 4544 toribus
717 4487 1045 4558 quibusdam
1080 4493 1268 4556 captos
1314 4483 1504 4548 fuisse,
1537 4489 1589 4536 et
1623 4481 1858 4552 primum
1905 4483 2027 4552 qui-

455 4582 578 4636 dem
622 4581 677 4635 in
715 4594 990 4634 carcerem
1022 4579 1322 4646 conjectos,
1363 4573 1561 4630 deinde
1595 4589 1722 4628 vero
1745 4572 2021 4634 dimissos,

455 4679 570 4724 tum
601 4671 667 4723 iis
693 4671 1015 4740 imperatum
1047 4685 1114 4722 ne
1145 4668 1239 4721 ulli
1259 4668 1540 4720 hominum
1571 4665 1624 4719 in
1656 4665 1872 4720 nomine
1897 4663 2024 4718 Jesu

456 4763 829 4832 loquerentur.
889 4759 1084 4813 Postea
1135 4773 1263 4812 vero
1312 4773 1434 4811 cum
1488 4758 1565 4811 illi
1621 4757 1719 4811 hos
1763 4757 2026 4811 vidissent

455 4851 598 4922 apud
629 4851 1034 4904 multitudinem
1063 4849 1236 4919 palam
1270 4849 1338 4902 de
1364 4849 1456 4902 illo
1489 4849 1682 4903 iterum
1717 4849 2020 4917 loquentes,

455 4949 738 5010 correptos
778 4941 1152 5002 verberarunt,
1184 4955 1387 5009 eosque
1431 4939 1502 4993 ob
1535 4939 1796 4994 doctrina:
1855 4955 2025 5011 genus

455 5039 828 5101 tucreparunt.
867 5029 984 5096 Quo
1021 5039 1264 5100 tempore
1307 5030 1558 5085 videlicet
1603 5047 1794 5087 rursus
1831 5031 1908 5086 illi
1939 5048 2025 5087 re-

2143 3852 2436 3922 Ῥωμαίοις
2483 3851 2619 3922 ὁμοῦ
2675 3851 2767 3905 καὶ
2817 3851 3041 3922 Ἕλλησι
3093 3852 3183 3904 καὶ
3228 3849 3520 3923 βαρϐάροις
3559 3849 3702 3902 θεῶν

2129 3943 2442 4014 ἀνατροπὴν
2485 3943 2986 4015 είσηγησαμένους;
3043 3943 3106 3996 Ἦ
3151 3942 3206 3994 δέ
3239 3957 3302 4010 γε
3349 3942 3475 4011 περὶ
3517 3939 3703 3994 αὐτῶν

2130 4034 2340 4104 ἱστορία
2377 4033 2560 4100 σαφῶς
2587 4033 2874 4096 δείκνυσιν,
2913 4033 2989 4097 ὠς
3021 4031 3157 4104 μετά
3189 4031 3290 4104 τὴν
3321 4030 3414 4084 τοῦ
3446 4029 3704 4083 διδασκά-

2129 4123 2221 4178 λου
2270 4121 2521 4194 τελευτὴν
2568 4121 2840 4176 ἐπίϐουλοι
2881 4139 3048 4188 τινες,
3084 4121 3433 4184 συλλαϐόντες
3475 4122 3698 4185 αὐτοὺς,

2127 4215 2320 4288 πρῶτα
2349 4214 2449 4286 μὲν
2479 4214 2803 4286 παρέδωκαν
2831 4214 3066 4285 φυλακῇ,
3105 4213 3291 4266 ἔπειτα
3319 4211 3376 4266 δὲ
3397 4209 3696 4274 ἀπέλυσαν,

2128 4306 2595 4378 παραγγείλαντες
2633 4306 2820 4376 μηδενὶ
2865 4305 3046 4359 λαλεῖν
3109 4305 3203 4358 ἐπὶ
3235 4303 3314 4376 τῷ
3345 4304 3567 4376 ὀνόματι
3597 4303 3698 4356 τοῦ

2141 4395 2332 4464 Ἰησοῦ.
2367 4394 2588 4456 Γνόντες
2620 4393 2677 4446 δὲ
2715 4393 2912 4458 αὐτοὺς
2949 4393 3084 4464 μετά
3125 4392 3316 4456 ταῦτα,
3349 4393 3582 4463 δημοσίᾳ
3617 4393 3700 4464 τῷ

2129 4485 2321 4557 πλήθει
2359 4487 2425 4540 τὰ
2458 4487 2584 4558 περὶ
2623 4487 2787 4540 αὐτοῦ
2820 4485 3248 4557 διαλεγομένους,
3282 4485 3700 4556 ἀναρπάσαντες

2127 4577 2456 4647 ἐμάστιζον,
2506 4578 2864 4650 ἐπιτιμῶντες
2922 4579 3014 4632 ἐπὶ
3060 4581 3126 4650 τῇ
3173 4576 3510 4647 διδασκαλίᾳ.
3567 4579 3696 4630 Ὅτε

2126 4670 2446 4742 ἀποκριθεὶς
2478 4667 2632 4734 αὖθις
2659 4673 2844 4736 αὐτοῖς
2874 4673 2902 4724 ὁ
2937 4671 3142 4742 Πέτρος
3183 4665 3368 4724 εἶπεν·
3405 4691 3421 4721 ι
3461 4669 3700 4740 Πειθαρ-

2126 4769 2240 4834 χεῖν
2277 4767 2358 4820 δεῖ
2394 4765 2512 4836 Θεῷ
2553 4765 2747 4834 μᾶλλον
2779 4767 2811 4838 ἢ
2843 4765 3167 4838 ἀνθρώποις.
3211 4785 3228 4817 ›
3261 4765 3414 4820 Μετά
3437 4765 3492 4818 δὲ
3523 4765 3698 4818 ταῦτα

2128 4859 2294 4923 λίθοις
2343 4859 2558 4930 βληθεὶς
2591 4861 2891 4930 ἀναιρεῖται
2936 4858 3224 4929 Στέφανος,
3273 4858 3364 4910 ἐπὶ
3408 4857 3502 4909 τοῦ
3560 4857 3695 4910 Ἰου-

2127 4952 2286 5006 δαίων
2313 4951 2548 5022 πλήθους
2580 4953 3114 5024 παρρησιασάμενος,
3148 4952 3242 5004 καὶ
3272 4950 3506 5020 διωγμὸς
3538 4950 3635 5019 οὺχ
3667 4951 3696 5002 δ

2126 5041 2301 5111 τυχὼν
2342 5042 2697 5096 ἐπανίσταται
2731 5045 2839 5105 τοῖς
2883 5041 3241 5113 πρεσϐεύουσι
3275 5041 3334 5094 τὸ
3363 5039 3454 5093 τοῦ
3517 5039 3694 5110 Ἰησοῦ

455 5121 734 5194 spondens
758 5123 954 5178 Petrus
999 5121 1132 5176 dixit
1161 5142 1171 5176 :
1207 5141 1226 5172 ι
1257 5121 1488 5178 Obedirc
1514 5131 1728 5193 oportet
1773 5123 1882 5179 Deo
1913 5139 2027 5176 ma-

2131 5135 2314 5204 δνομα.
2349 5133 2459 5186 Καὶ
2504 5133 2664 5187 πάλιν
2703 5133 2888 5187 ἄλλοτε
2933 5133 3174 5204 Ἡρώδης
3217 5135 3245 5186 ὁ
3278 5133 3385 5186 τῶν
3431 5133 3696 5188 Ἰουδαίων

457 5217 539 5284 gis
568 5229 730 5284 quam
760 5212 1074 5268 hominibus
1106 5212 1172 5265 ⁵⁵.
1211 5230 1230 5262 ι
1270 5209 1421 5264 Haud
1461 5211 1534 5265 ita
1573 5211 1744 5265 multo
1791 5217 1914 5282 post
1945 5212 2024 5264 la-

457 5306 674 5374 pidibus
719 5307 919 5376 pctitus
967 5303 1276 5375 Stephanus
1327 5304 1668 5368 interﬁcitur,
1717 5321 1840 5358 cum
1880 5303 2024 5374 apud

455 5395 770 5451 Judteoruin
810 5397 1214 5453 multitudinem
1259 5397 1526 5466 intrepide
1581 5397 2020 5458 concionaretur,

458 5497 620 5558 atque
671 5489 957 5543 insectatio
1004 5505 1112 5544 non
1171 5490 1459 5545 mediocris
1489 5497 1606 5542 orta
1655 5499 1734 5544 est
1764 5489 2023 5544 adversus

459 5595 576 5644 eos,
607 5582 702 5650 qui
741 5595 944 5636 nomen
979 5581 1104 5637 Jesu
1140 5583 1353 5652 publice
1377 5581 1858 5637 commendabant.
1902 5581 2024 5633 Alio

459 5688 652 5728 rursus
695 5680 935 5744 tempore
983 5673 1252 5738 Herodes,
1283 5675 1376 5746 qui
1419 5673 1730 5729 Iudaeorum
1763 5689 1856 5728 rex
1882 5683 2020 5736 erat,

456 5761 718 5820 Iacobum
771 5765 996 5822 fratrem
1042 5767 1270 5826 Joannis
1305 5767 1522 5842 "occidit
1559 5767 1760 5839 gladio.
1801 5761 2021 5822 Petrum

527 5857 572 5888 σε
605 5857 726 5915 Act.
761 5877 812 5927 ν,
837 5859 926 5915 29.

2131 5225 2380 5296 βασιλεὺς
2403 5225 2610 5279 ἀνεῖλεν
2642 5226 2731 5278 τὸν
2769 5223 3018 5279 Ἰάκωϐον
3049 5226 3136 5277 τὸν
3169 5225 3394 5294 ἀδελφὸν
3445 5225 3692 5278 Ἰωάννου

2134 5313 2393 5384 μαχαίρᾳ,
2422 5314 2512 5367 τόν
2540 5331 2597 5366 τε
2628 5313 2832 5382 Πέτρον
2861 5317 2889 5366 ὁ
2919 5313 3077 5376 αὐτὸς
3104 5313 3318 5385 δεσμοῖς
3353 5313 3692 5385 περιέϐαλεν,

2130 5404 2204 5466 ὡς
2231 5405 2289 5456 ὲν
2310 5407 2430 5468 ταῖς
2456 5403 2692 5476 Πράξεσι
2734 5403 2842 5456 τῶν
2881 5403 3189 5457 ἀποστόλων
3211 5403 3540 5475 γέγραπται.
3583 5401 3696 5454 Καὶ

2129 5494 2332 5548 τούτων
2361 5494 2528 5548 ταῦτα
2561 5494 2922 5558 πεπονθότων,
2953 5495 3000 5546 oi
3035 5493 3211 5548 λοιποὶ
3250 5494 3486 5566 μαθηταὶ
3525 5490 3697 5559 ἀπρίξ

2129 5581 2374 5652 ἐχόμενοι
2405 5581 2497 5634 τοῦ
2541 5583 2735 5654 Ἰησοῦ,
2777 5582 3080 5653 παρέμενον
3113 5583 3188 5636 ἔτι
3216 5582 3412 5654 μᾶλλον
3443 5583 3523 5646 εἰς
3567 5581 3696 5635 πάν-

2127 5689 2224 5735 τας
2256 5673 2416 5726 αὐτόν
2447 5691 2503 5726 τε
2532 5676 2626 5728 καὶ
2667 5674 2765 5738 τὰς
2801 5675 3256 5746 παραδοξοποιίας
3287 5673 3447 5727 αὑτοῦ
3485 5691 3693 5742 καταγ-

2127 5763 2427 5834 γέλλοντες.
2467 5765 2590 5821 Ἐπὶ
2615 5766 2824 5832 τούτοις
2871 5767 3125 5832 Ἰάκωϐος
3149 5769 3176 5821 ό
3208 5765 3431 5836 ἁδελφὸς
3457 5763 3547 5818 τοῦ
3587 5762 3696 5817 Κυο
