3954 6512
189 452 289 510 ιω

1095 451 1744 509 DEMONSTRATIONIS
1769 448 2223 508 EVANGELICE
2263 449 2392 505 LlB.
2430 447 2521 505 111.

3301 450 3403 508 210

193 562 320 638 ρίου,
359 563 419 615 δν
449 563 504 615 οἰ
541 563 711 616 ’πάλαι
743 561 810 615 τὰ
847 562 1188 636 Ἱεροσόλυμα
1221 566 1492 633 οἰκοῦντες
1527 567 1735 622 ἐκάλουι

1853 584 1981 623 vero
2029 567 2083 620 in
2129 565 2342 620 vincula
2384 548 2646 633 coniecit,
2671 567 2732 616 ut
2759 562 2811 616 in
2853 549 3011 617 Actis
3038 564 3406 634 apostolorum

188 659 382 712 δίκαιον
407 653 502 710 διὰ
535 654 606 707 τά
628 654 727 724 τῆς
751 655 948 724 ἀρετῆς
976 655 1436 727 πλεονεκτήματα,
1459 658 1752 730 ἐρωτηθεὶς

189 749 310 822 πρὸς
347 747 458 798 τὼν
504 746 806 818 ἀρχιερέων
849 747 943 800 καὶ
981 747 1310 801 διδασκάλων
1337 749 1431 801 τοῦ
1488 750 1752 805 Ἰουδαίων

186 842 376 903 ἔθνους,
405 838 536 890 τίνα
581 839 706 908 περὶ
744 837 838 890 τοῦ
877 838 1110 910 Χριστοῦ
1149 839 1262 909 ἔχοι
1300 839 1478 906 δόξαν,
1517 841 1750 896 κᾶπειτα

185 930 652 1002 ἀποκρινάμενος,
689 929 768 981 δτι
811 930 924 994 υίὸς
956 930 1090 984 Θεοῦ
1122 932 1227 1002 εἴη,
1261 931 1427 995 λίθοις
1462 935 1556 986 καὶ
1588 935 1749 1000 αὐτὸς

184 1025 305 1096 πρὸς
347 1023 539 1076 αὐτῶν
582 1023 848 1092 βάλλεται.
892 1023 1003 1075 Καὶ⁴
1045 1022 1248 1094 Πέτρος
1289 1024 1344 1077 δέ
1392 1025 1484 1078 ἐπὶ
1534 1024 1749 1097 Ῥώμης

183 1115 309 1170 κατὰ
347 1115 602 1184 κεφαλῆς
637 1113 979 1186 σταυροῦται,
1015 1115 1224 1178 Παῦλός
1259 1133 1318 1169 τε
1361 1117 1746 1188 ἀποτέμνεται,

194 1207 438 1279 Ἰωάννης
477 1225 545 1261 τε
589 1209 738 1278 νήσῳ
771 1207 1138 1280 παραδίδοται.
1181 1209 1288 1263 Καὶ
1332 1209 1534 1264 τούτων
1576 1211 1747 1265 ταῦτα

183 1299 474 1361 παθόντων,
511 1300 688 1363 οὐδεὶς
718 1299 826 1352 τῶν
849 1299 1052 1353 λοιπῶν
1075 1300 1264 1373 ἐξέστη
1294 1302 1394 1372 τῆς
1417 1302 1744 1373 προθέσεως,

181 1391 236 1443 δι’
264 1392 426 1461 εὐχῆς
452 1391 516 1444 δὲ
541 1391 811 1463 τιθέμενοι
840 1393 934 1444 καὶ
955 1393 1107 1446 αὐτοὶ
1131 1393 1238 1446 τῶν
1265 1378 1393 1448 ἰσων
1422 1398 1533 1459 τοῖς
1558 1413 1744 1466 προει-

183 1485 424 1554 ρημένοις
450 1481 566 1555 ¹τῆς
611 1486 691 1548 εἰς
727 1484 788 1537 τὸ
835 1483 987 1539 Θεῖον
1032 1486 1311 1549 εὐσεϐείας
1342 1486 1502 1539 ἕνεκα
1539 1489 1742 1557 τυχεῖν,

184 1574 249 1626 ἐτι
305 1573 510 1644 μᾶλλον
567 1575 645 1646 τῷ
698 1574 873 1646 Ἰησοῦ
925 1576 1164 1639 καὶτοῖς
1205 1575 1525 1646 παραδόξοις
1567 1577 1745 1648 ἔργοις

182 1665 327 1717 αὐτοῦ
359 1665 503 1735 μετὰ
553 1665 866 1737 παρρησίας
905 1666 1263 1738 ἐμαρτύρουν.
1305 1667 1412 1719 Καὶ
1444 1667 1548 1739 μὴν
1586 1667 1744 1739 εἴπερ

181 1758 448 1828 ψεύσματα
503 1753 580 1829 ἦν
631 1757 773 1812 κατὰ
829 1758 1098 1829 συνθήκην
1137 1759 1318 1821 αὐτοῖς
1363 1758 1740 1830 πεπλασμένα,

185 1850 465 1920 θαυμάζειν
501 1851 678 1918 ἄξιον,
709 1852 858 1915 ὅπως
889 1851 1110 1905 τοσοῦτο
1141 1851 1343 1922 πλῆθος
1382 1853 1482 1923 τὴν
1521 1869 1741 1924 συμφω-

183 1941 284 1996 νίαν
311 1943 402 1996 ἐπὶ
443 1946 568 2007 τοῖς
605 1944 884 2014 πλάσμασι
915 1945 1008 1998 καί
1048 1946 1208 2016 μέχρι
1239 1943 1464 1998 θανάτου
1494 1945 1742 2014 διεφύλα-

184 2031 276 2096 ξεν,
316 2034 494 2098 οὐδείς
551 2052 610 2087 τε
660 2035 835 2088 αὐτῶν
898 2034 1114 2091 πώποτε
1173 2036 1242 2090 τά
1297 2036 1577 2107 συμϐάντα
1630 2040 1742 2100 τοῖς

185 2121 648 2194 προανῃρημένοις
719 2124 954 2194 τρέσας,
1030 2125 1222 2196 ἐξέστη
1292 2127 1391 2196 τῆς
1466 2127 1737 2198 ἑταιρίας,

182 2213 274 2265 οὐδ’
315 2213 658 2284 ἁντεκήρυξε
708 2217 817 2278 τοῖς
867 2215 1067 2279 ἄλλοις,
1124 2217 1203 2278 εἰς
1246 2217 1360 2287 φῶς
1411 2217 1630 2287 ἀγαγὼν
1672 2219 1740 2272 τά

182 2304 578 2373 συντεθειμένα.
654 2305 812 2357 Ἀλλά
854 2307 947 2358 καὶ
989 2309 1017 2359 ὁ
1066 2304 1242 2370 ζῶντα
1291 2307 1577 2379 προδοῦναι
1621 2309 1739 2362 τολ-

184 2394 340 2462 μήσας
381 2395 573 2457 αὐτὸν,
603 2394 917 2466 αὐτοχειρίᾳ
977 2396 1098 2449 καθ’
1154 2397 1345 2451 ἑαυτοῦ
1405 2399 1740 2469 παραχρῆμα

181 2482 262 2551 τὴν
285 2483 435 2555 δίκην
480 2485 860 2540 ἐπεσπάσατο.
909 2487 1144 2540 Κάκεῖνο
1188 2487 1244 2540 δὲ
1288 2487 1404 2551 πῶς
1438 2490 1497 2540 ού
1546 2487 1739 2559 μεστὸν

184 2573 494 2644 ἐκπλήξεως,
546 2575 608 2628 τὸ
649 2575 878 2638 πλάνους
919 2575 1117 2648 ἄνδρας
1158 2578 1253 2629 καὶ
1310 2576 1542 2641 ἰδιώτας,
1601 2579 1739 2649 μήτε

181 2661 356 2730 λαλεῖν,
395 2666 543 2736 μήτε
609 2665 827 2720 ἀκούειν
885 2667 1041 2721 πλέον
1114 2669 1212 2739 τῆς
1274 2669 1502 2742 πατρίου
1557 2670 1739 2740 φωνῆς

183 2755 577 2826 ἐπισταμένους,
655 2758 730 2828 μὴ
807 2757 983 2828 μόνον.
1037 2759 1382 2830 διανοηθῆναι
1471 2761 1737 2832 τολμῆσαι

183 2847 438 2917 προελθεῖν
501 2849 597 2903 ἐπὶ
641 2849 738 2920 τὴν
787 2849 896 2903 τῶν
945 2850 1112 2905 ἐθνῶν
1165 2853 1417 2906 ἁπάντων
1469 2853 1734 2923 περίοδον,

184 2932 297 2987 ἀλλὰ
377 2938 471 2990 καὶ
551 2937 910 3008 προελθόντας
992 2941 1330 3012 κατορθῶσαι
1416 2942 1477 2995 τὸ
1552 2943 1738 3013 ἐπιτή-

181 3023 368 3094 δευμας
399 3027 615 3097 Σκέψαι
647 3028 702 3081 δὲ
743 3029 923 3082 ὁποῖόν
951 3030 1067 3083 ἐστι
1099 3032 1190 3084 καὶ
1229 3032 1288 3084 τὺ
1334 3032 1535 3103 μηδένα
1567 3031 1738 3102 μηδα-

187 3114 272 3184 μοῦ
295 3116 566 3187 διάφωνον
601 3119 902 3188 ἐξενεγκεῖν
937 3122 1062 3192 περὶ
1093 3122 1197 3174 τῶν
1223 3122 1473 3194 πράξεων
1497 3121 1590 3174 τοῦ
1627 3124 1732 3194 ’1η-

1853 662 2113 730 scriptum
2143 665 2227 713 est
2263 658 2330 712 ⁸⁷.
2369 656 2433 709 Et
2463 671 2585 710 cum
2617 655 2672 708 hi
2710 655 2839 708 talia
2867 656 3238 725 pertulissent,
3280 659 3407 712 reli-

1850 754 1942 824 qui
1975 751 2227 821 discipuli
2261 747 2700 804 constantissime
2737 744 2866 801 Jesu
2910 763 3010 802 suo
3042 748 3405 814 adhaerentes,

1849 844 2006 913 longe
2032 841 2194 897 etiam
2218 839 2388 909 magis
2411 853 2573 908 quam
2605 847 2730 892 ante
2757 846 3172 908 perseverarunt
3200 839 3254 893 in
3284 855 3408 909 pro-

1849 935 2048 1006 posito,
2084 932 2227 1002 apud
2265 931 2549 986 universos
2579 930 2778 1001 ubique
2807 937 2862 984 et
2886 930 3035 985 illum
3062 939 3116 993 et
3143 932 3408 986 miracula

1848 1027 1994 1081 illius
2042 1025 2418 1096 praedicantes.
2472 1021 2668 1078 Postea
2715 1023 2951 1080 Jacobus
2994 1022 3160 1080 frater
3193 1023 3406 1079 Domini

1847 1117 1940 1186 qui
1965 1116 2032 1169 ab
2055 1117 2120 1169 iis
2147 1115 2240 1185 qui
2270 1115 2398 1168 olim
2431 1112 2808 1186 Hierosolyma
2834 1115 3162 1179 incolebant,
3193 1115 3263 1170 ob
3289 1115 3398 1168 vir-

1846 1206 1978 1260 tutis
1999 1203 2413 1271 excelieutiamJ
2420 1211 2574 1258 ustus
2595 1204 2913 1268 vocabatur,
2931 1216 2962 1258 a
2985 1205 3331 1275 pontificibus
3349 1211 3406 1261 et

1844 1295 2082 1351 Iudaica:
2111 1297 2288 1366 gentis
2314 1295 2589 1366 magistris
2627 1297 3015 1366 interrogatus,
3043 1298 3303 1367 quidnam
3337 1297 3405 1352 de

1843 1387 1970 1444 Jesu
2003 1388 2248 1452 sentiret,
2290 1403 2414 1441 cum
2442 1387 2600 1458 plane
2624 1387 2774 1441 illum
2816 1403 2938 1443 esse
2970 1386 3167 1442 Filium
3196 1388 3292 1443 Dei
3319 1405 3408 1444 rc-

1845 1479 2176 1551 spondisset,
2220 1481 2334 1550 ipse
2362 1494 2579 1548 quoque
2620 1478 2891 1548 lapidibus
2942 1479 3012 1534 ab
3061 1480 3169 1534 illis
3207 1482 3408 1550 petitur

1844 1581 2006 1644 atque
2037 1570 2378 1628 interficitur.
2424 1570 2615 1626 Petrus
2661 1580 2841 1626 autem
2890 1569 3074 1626 Romae
3124 1573 3300 1643 capite
3348 1573 3412 1628 in.

1843 1676 2040 1724 terram
2080 1681 2240 1721 verso
2274 1664 2424 1718 cruci
2455 1662 2706 1734 alligitur.
2740 1663 2909 1718 Paulo
2949 1679 3077 1719 vero
3109 1672 3272 1735 caput
3309 1666 3409 1721 ab—

1843 1758 2131 1821 scinditur,
2171 1765 2223 1812 et
2253 1755 2490 1811 Joannes
2531 1756 2585 1809 in
2624 1756 2858 1810 insulam
2891 1756 3183 1825 relegatur.
3229 1754 3407 1826 Hique

1843 1863 1964 1904 cum
1992 1849 2120 1902 talia
2146 1849 2293 1919 passi
2326 1854 2529 1912 essent,
2560 1846 2742 1900 nullus
2773 1847 3106 1916 reliquorum
3141 1847 3209 1902 ab
3233 1847 3408 1902 inem-

1842 1947 1934 2009 pto
1963 1939 2189 1995 destitit.
2223 1937 2365 2005 Quin
2415 1940 2576 1993 etiam
2607 1939 2748 1992 votis
2778 1939 3152 2008 unusquisque
3183 1946 3409 2008 expete-

1841 2030 1952 2097 bat,
1988 2030 2206 2100 pietatis
2269 2029 2547 2100 divinique
2585 2029 2766 2084 cultus
2813 2030 3008 2100 gratia,
3041 2028 3144 2083 sibi
3188 2043 3407 2098 quoque

1841 2121 2043 2190 aliquid
2079 2122 2183 2176 tale
2205 2122 2537 2192 contingere.
2557 2119 2675 2187 Quo
2697 2121 2859 2174 etiam
2883 2121 3225 2175 constantius
3241 2128 3411 2190 atque-

1840 2214 2119 2268 ardeutius
2167 2221 2221 2268 el.
2269 2214 2372 2282 ipsi
2403 2213 2553 2277 Jcsu,
2589 2221 2643 2267 et
2695 2211 3108 2267 admirabilibus
3157 2211 3408 2280 ejusdem-

1839 2303 2004 2374 gestis
2051 2305 2421 2359 testimonium
2469 2304 2782 2358 allerebant.
2839 2303 2994 2368 Quod
3031 2305 3076 2357 si
3121 2303 3406 2358 mendacia

1840 2395 1953 2450 haec
1985 2405 2140 2450 erant
2179 2412 2298 2465 quae
2344 2395 2420 2448 illi
2449 2411 2514 2450 ex
2550 2396 2851 2463 composito
2886 2394 3187 2457 finxisscnt,
3223 2409 3402 2464 operae

1838 2489 2070 2559 pretium
2103 2489 2206 2542 erit
2235 2487 2515 2551 admirari,
2542 2501 2779 2555 quonam
2810 2492 2970 2554 pacto
2999 2493 3183 2539 tantus
3213 2500 3405 2539 nume-

1838 2595 1956 2644 rus,
1990 2594 2319 2635 consensum
2347 2579 2497 2632 illum
2536 2578 2678 2632 inter
2703 2592 2761 2632 se
2806 2578 2862 2630 in
2906 2577 3071 2630 rebus
3110 2575 3267 2644 fictis,
3319 2577 3404 2632 vel

1840 2688 2011 2743 usque
2038 2670 2105 2726 ad
2144 2683 2369 2726 mortem
2406 2669 2723 2734 servaverit,
2765 2684 2942 2738 neque
2965 2669 3107 2724 ullus
3137 2684 3398 2739 unquam,

1837 2779 2022 2817 earum
2051 2778 2231 2817 rerum
2260 2761 2549 2816 formidine
2575 2775 2696 2830 quae
2725 2759 2853 2820 illis,
2901 2758 2993 2828 qui
3024 2759 3176 2829 prius
3201 2758 3402 2814 sublati

1836 2863 1991 2910 erant
2018 2853 2365 2917 accidissent,
2395 2867 2425 2906 a
2457 2853 2718 2907 societate
2761 2851 3070 2916 desciverit,
3113 2869 3286 2923 neque
3315 2868 3403 2906 re-

1836 2947 2002 3018 liquis
2033 2947 2248 3016 publice
2272 2946 2686 3012 contradixerit,
2721 2947 2955 3018 prodens
2998 2960 3063 3001 ea
3091 2961 3212 3016 qua:
3261 2946 3405 3000 inter

1837 3038 1986 3110 ipsos
2011 3039 2466 3108 composuissent.
2493 3039 2632 3104 Quin
2651 3047 2705 3093 et
2723 3053 2863 3092 unus
2879 3053 3090 3101 eorum,
3110 3037 3200 3108 qui
3218 3037 3401 3091 vivum

1839 3138 2224 3199 praeceptorem
2267 3129 2497 3199 prodere
2527 3145 2696 3184 ausus
2725 3137 2829 3192 est,
2867 3129 3012 3182 illico
3040 3143 3258 3181 manum
3295 3127 3403 3181 sibi

182 3201 262 3253 σοῦ
285 3203 449 3272 λόγον.
479 3207 550 3258 Εἰ
583 3207 693 3278 γὰρ
728 3208 818 3260 ἐπὶ
851 3209 1062 3262 πάντων
1089 3211 1568 3283 άμφιγνοουμένων
1597 3231 1728 3284 πρα-

1835 3223 1932 3295 ipsi
1963 3225 2310 3278 consciscens
2332 3261 2348 3286 ,
2395 3221 2639 3277 debitum
2663 3221 2989 3292 supplicium
3012 3221 3238 3275 invenit.
3263 3219 3400 3274 lllud

182 3295 401 3364 γμάτων,
437 3298 502 3351 ἐν
537 3316 596 3351 τε
631 3303 741 3363 τοῖς
771 3301 911 3354 κατά
937 3301 1133 3372 νόμους
1164 3303 1528 3378 δικαστηρίοις
1560 3308 1652 3361 καὶ
1677 3309 1735 3362 ἐν

183 3389 283 3450 ταῖς
317 3395 528 3454 κοιναῖς
560 3392 1021 3464 άμφισϐητήσεσι,
1043 3395 1150 3448 τῶν
1185 3397 1475 3468 μαρτύρων
1511 3417 1736 3471 συμφω-

184 3477 255 3529 νία
293 3485 442 3551 κυροῖ
475 3482 542 3534 τὸ
581 3484 1050 3556 ἁμφιγνοούμενον
1119 3489 1231 3558 (ἐπὶ
1278 3491 1538 3562 στόματος
1565 3493 1609 3545 δ’
1641 3490 1734 3547 οῦν

183 3568 259 3622 δύο
283 3573 366 3623 καὶ
386 3574 559 3644 τριῶν
591 3576 881 3648 μαρτύρων
907 3579 1212 3634 συνίσταται
1244 3583 1349 3634 πᾶν
1385 3584 1536 3654 ῥῆμα
1553 3584 1592 3654 ),
1617 3585 1734 3649 πῶς

186 3661 267 3713 οὐκ
305 3664 428 3737 ἃ,νὴ
477 3666 709 3737 ἀλήθεια
755 3671 846 3722 καὶ
893 3671 984 3723 ἐπὶ
1029 3671 1194 3725 τῶνδε
1239 3676 1485 3745 συσταίη,
1528 3675 1734 3731 δώδεκα

190 3750 269 3818 μὲν
317 3755 484 3809 ὄντων
545 3758 875 3825 ἀποστόλων,
925 3762 1288 3834 ἐϐδομήκοντα
1333 3765 1390 3818 δὲ
1451 3766 1729 3838 μαθητῶν,

190 3849 354 3917 μυρίον)
379 3868 435 3903 τε
471 3851 711 3921 πλήθους
735 3854 939 3907 τούτων
963 3856 1138 3919 ἐκτὸς,
1168 3857 1382 3911 πάντων
1416 3859 1731 3932 θαυμαστὴν

189 3943 476 4009 συμφωνίαν
526 3944 995 4017 ἐπιδεδειγμένων,
1039 3951 1132 4002 καὶ
1173 3953 1637 4022 μαρτυρησάντων
1667 3971 1730 4022 γε

186 4032 278 4092 τοῖς
321 4033 418 4087 ὑπὸ
469 4034 566 4087 τοῦ
615 4035 786 4104 Ἰησοῦ
833 4039 1260 4109 πεπραγμένοις,
1310 4042 1410 4094 οὐκ
1457 4042 1727 4113 ἀνιδρωτὶ,

188 4116 258 4172 διὰ
290 4121 339 4175 δέ
366 4124 618 4194 βασάνων
647 4125 941 4197 ὑπομονῆς,
976 4130 1068 4181 καὶ
1096 4128 1274 4201 πάσης
1301 4132 1484 4195 αἰκίας
1515 4134 1606 4185 καὶ
1639 4132 1732 4186 θα-

188 4214 340 4275 νάτου,
367 4220 461 4271 καὶ
493 4218 583 4271 ἐπὶ
623 4220 784 4270 πᾶσιν
811 4221 914 4273 ὑπὸ
941 4221 1033 4274 τοῦ
1067 4222 1200 4275 Θεοῦ
1244 4225 1728 4296 μαρτυρηθέντων;

192 4305 268 4370 Ὃς
296 4309 378 4362 τὸν
411 4311 508 4364 ὑπ’
538 4310 700 4362 αὑτοῦ
736 4313 1172 4381 καταγγελθέντα
1194 4315 1347 4383 λόγον
1380 4316 1458 4369 ἔτι
1490 4318 1582 4369 καὶ
1609 4317 1724 4382 νῦν,

190 4399 264 4451 καὶ
292 4405 363 4465 εἰς
385 4404 511 4456 δλον
538 4404 628 4456 τὸν
668 4405 836 4459 αἰῶνα
866 4407 1139 4476 κρατύνει.
1173 4409 1355 4461 Ταῦτα
1385 4409 1483 4479 μὲν
1514 4405 1606 4462 οὖν
1632 4412 1730 4480 ἀρ-

189 4489 268 4558 χῆς
291 4493 484 4548 ἀτόπου
520 4495 660 4548 κατὰ
707 4495 1048 4566 συγχώρησιν
1073 4497 1314 4566 δοθείσης
1343 4517 1474 4568 γεγυ
1483 4499 1723 4569 μνάσθω.
1769 4541 1775 4546 .

1757 4571 1802 4624 D
1830 4595 2044 4664 quoque
2093 4591 2292 4646 veritas
2349 4605 2459 4645 non
2515 4589 2810 4645 consistat?
2856 4605 2979 4644 cum
3009 4597 3062 4644 et
3106 4588 3390 4643 duodecim

191 4577 248 4633 Τὸ
272 4585 367 4656 γὰρ
394 4591 511 4650 τοῖς
535 4589 828 4656 ἐγγράφοις
853 4588 1106 4640 τάναντία
1150 4590 1453 4655 ὑπολαϐεῖν,
1490 4594 1584 4644 καὶ
1619 4593 1723 4661 φά-

189 4689 259 4726 ναι
286 4678 371 4732 τὸν
416 4681 624 4751 Ἰησοῦν
658 4681 972 4735 διδάσκαλον
1009 4683 1286 4751 γεγονέναι
1326 4687 1398 4758 μὴ
1432 4688 1724 4758 σωφρόνων

191 4762 348 4836 λόγων,
377 4773 594 4836 ἀδικίας
623 4773 679 4825 δὲ
722 4776 813 4826 καὶ
843 4775 1149 4842 πλεονεξίας
1185 4777 1276 4829 καὶ
1320 4779 1498 4848 πάσης
1530 4780 1727 4832 ἀκολα-

192 4853 306 4920 σίας,
332 4863 457 4925 τούς
489 4862 814 4933 τεξμαθητάς
847 4863 1012 4934 αὐτῷ,
1038 4865 1260 4919 τοιαῦτα
1284 4867 1722 4937 δεδιδαγμένους,

194 4955 529 5024 παντορέκτας
573 4958 848 5024 γεγονέναι
898 4957 992 5010 καὶ
1029 4960 1416 5031 παμπονήρους
1456 4961 1564 5013 τῶν
1612 4961 1726 5014 πώ-

196 5051 296 5092 ποτε
336 5044 658 5116 ἀνθρώπων,
705 5047 825 5100 καθ’
869 5048 1120 5101 ὑπόθεσιν
1155 5051 1282 5120 ἡμῖν
1329 5055 1721 5123 συνεχωρεῖτο’

193 5127 302 5202 ὅπερ
320 5129 380 5206 ἦν
421 5137 621 5191 παντὸς
652 5138 995 5192 ἀτοπώτατον
1029 5140 1210 5211 ὅμοιον
1243 5141 1319 5204 ὠς
1361 5143 1410 5194 εἰ
1442 5143 1551 5207 καὶ,
1609 5143 1728 5196 Μω-

195 5219 305 5285 σέως
338 5227 394 5279 ἐν
424 5231 538 5290 τοῖς
565 5228 747 5298 νόμοις
779 5230 1044 5299 λέγοντος,
1084 5232 1157 5284 Οὐ
1193 5231 1488 5302 φονεύσεις,
1515 5236 1574 5288 ού
1608 5254 1726 5306 μοι-

195 5313 392 5385 χεύοεις,
427 5322 487 5373 οὐ
523 5321 762 5391 κλέψεις,
797 5324 857 5376 οὐ
886 5323 1436 5395 ψευδομαρτυρήσεις,
1461 5343 1725 5398 συκοφαν-

195 5403 278 5455 τῶν
303 5411 456 5464 αὐτὸν
501 5412 740 5465 διέϐαλλέ
772 5431 874 5478 τις,
911 5413 1082 5482 λέγων
1126 5417 1376 5487 εἰρωνεία
1415 5417 1586 5472 ταῦτα
1621 5419 1724 5487 φά-

197 5508 265 5547 ναι
290 5502 369 5553 καὶ
402 5505 785 5574 προσποιήσει.
830 5505 1119 5560 Βούλεσθαι
1166 5508 1264 5578 μὲν
1294 5507 1402 5580 γάρ
1433 5510 1557 5573 τοὺς
1591 5511 1724 5581 ὑπη-

197 5585 340 5654 κθως,
385 5595 478 5648 καὶ
526 5596 790 5666 φονεύειν,
844 5599 936 5651 καὶ
987 5598 1276 5670 μοιχεύειν,
1331 5599 1422 5652 καὶ
1468 5601 1728 5656 τάναντία

200 5680 416 5745 πράττειν
448 5682 528 5752 οἷς
562 5689 858 5758 νομοθετεῖ,
903 5690 1314 5761 προσποιεῖσθαι
1356 5690 1411 5743 δέ
1462 5692 1727 5761 σχηματί-

203 5766 369 5841 ζεσθαι,
400 5782 488 5834 καὶ
520 5782 1011 5854 καθυποκρίνεσθαι
1035 5786 1123 5838 τδν
1159 5783 1349 5854 σεμνὸν
1380 5783 1508 5853 βίον.
1544 5784 1729 5857 Ταύτῃ

259 5885 292 5915 ⁸⁷
323 5890 427 5948 Act.
463 5909 562 5955 xu.
594 5893 715 5949 2-4.

1840 3315 1996 3384 117
2025 3330 2188 3385 porro
2208 3313 2303 3384 qui
2335 3313 2453 3368 fieri
2480 3321 2678 3384 potest,
2712 3325 2769 3368 ut
2811 3329 2917 3367 non
2950 3328 3165 3367 omnem
3203 3312 3402 3367 habeat

1835 3413 2143 3476 stuporem,
2188 3405 2433 3460 homines
2475 3404 2793 3459 seductores
2845 3412 3006 3472 atque
3059 3403 3398 3467 illitteratos,

1833 3495 1926 3564 qui
1960 3509 2135 3564 neque
2179 3493 2329 3563 loqui
2376 3507 2552 3561 neque
2593 3490 2783 3545 audire
2841 3489 3170 3560 quidquam,
3204 3496 3401 3558 praeter

1834 3601 1997 3639 unam
2030 3586 2258 3656 patriam
2301 3585 2537 3653 linguam
2566 3581 3004 3644 consuevissent,
3053 3594 3164 3634 non
3219 3579 3396 3634 solum

1832 3678 2169 3747 excogitasse
2217 3675 2497 3731 audaciam
2550 3674 2870 3744 peragrandi
2917 3673 3105 3728 orbem
3152 3671 3394 3726 omnium

1832 3769 2134 3832 nationum,
2167 3768 2260 3823 sed
2287 3783 2414 3822 cum
2447 3764 2853 3836 peragraveriut
2875 3803 2891 3830 ,
2925 3761 3220 3834 perfecisse
3251 3762 3396 3831 quod

1832 3861 2242 3933 cogitaverant?
2282 3860 2664 3931 Contemplare
2717 3865 2978 3929 praeterea
3039 3861 3301 3926 quantum
3342 3861 3401 3910 et

1831 3951 2137 4022 cuiusmodi
2169 3953 2258 4013 sit,
2292 3950 2414 4004 illos
2453 3949 2521 4003 de
2562 3949 2726 4003 rebus
2759 3946 2926 4016 gestis
2962 3943 3090 4001 Jesu
3113 3984 3128 4008 ,
3185 3944 3396 4000 nullum

1831 4060 2059 4114 usquam
2089 4044 2404 4112 discrepans
2442 4041 2665 4095 verbum
2709 4039 3019 4109 protulisse.
3063 4035 3120 4091 Si
3150 4039 3296 4092 enim
3339 4039 3397 4094 in

1830 4138 2083 4192 omnibus
2116 4135 2280 4189 rebus
2308 4133 2373 4187 de
2401 4132 2599 4202 quibus
2637 4130 2950 4200 ambigitur,
2976 4137 3138 4201 atque
3171 4131 3226 4185 in
3247 4131 3396 4200 judi-

1830 4231 1932 4284 ciis
1986 4244 2108 4299 quae
2146 4243 2210 4282 ex
2249 4227 2458 4296 legibus
2488 4232 2848 4291 exercentur,
2905 4224 3396 4294 communibusque

1829 4317 2235 4380 controversiis,
2266 4331 2565 4371 consensus
2607 4315 2821 4369 testium
2857 4320 3064 4368 certum
3109 4321 3396 4383 ratumque

1830 4411 1882 4465 id
1901 4409 2060 4466 ellicit
2090 4409 2156 4464 de
2187 4407 2294 4479 quo
2326 4409 2617 4477 ambigitur
2646 4408 2722 4476 (in
2756 4421 2851 4462 ore
2885 4405 3030 4459 enim
3053 4406 3284 4461 duorum
3308 4406 3394 4460 vel

1829 4504 1992 4556 trium
2026 4501 2245 4556 testium
2276 4501 2530 4554 consistit
2572 4499 2732 4553 omne
2758 4499 3041 4568 verbum),
3082 4514 3182 4554 cur
3210 4498 3265 4552 in
3306 4499 3393 4554 his

1834 4683 2062 4754 apostoli
2095 4682 2311 4749 fuerint,
2341 4689 2393 4736 et
2427 4681 2766 4751 septuaginta
2795 4680 3078 4750 discipuli,
3132 4687 3186 4734 et
3232 4680 3394 4733 inuu-

1833 4775 2110 4829 merabilis
2145 4782 2298 4829 extra
2332 4773 2474 4828 hunc
2507 4788 2792 4828 numerum
2821 4772 3142 4837 multitudo,
3173 4773 3270 4843 qui
3297 4773 3394 4826 ad-

1831 4865 2131 4919 mirabilem
2167 4866 2222 4919 in
2259 4865 2512 4920 omnibus
2559 4880 2885 4920 consensum
2937 4866 3303 4929 servaverint,
3338 4872 3392 4918 et

1834 4951 1900 5005 de
1924 4953 2080 5008 rebus
2095 4954 2164 5008 ah
2191 4953 2320 5008 Jesu
2336 4955 2503 5024 gestis
2525 4957 2890 5012 testimonium
2940 4957 3220 5020 dederint.
3279 4972 3390 5012 non

1831 5045 1961 5098 illud
2013 5046 2230 5114 quidem
2270 5047 2388 5101 siue
2426 5047 2642 5111 sudore,
2689 5049 2784 5104 sed
2829 5064 2951 5103 cum
2995 5056 3388 5102 tormentorum

1830 5137 2114 5208 omnisque
2148 5138 2360 5207 injuriae
2397 5153 2461 5193 ac
2495 5139 2728 5209 denique
2761 5141 2955 5196 mortis
3007 5142 3386 5210 perpessiouc,

1829 5235 1883 5283 et
1905 5244 2044 5299 quos
2073 5239 2345 5298 postremo
2373 5231 2534 5284 etiam
2565 5229 2704 5285 Deus
2738 5232 2979 5287 vicissim
3009 5246 3109 5286 suo
3139 5229 3389 5285 testimo-

1829 5325 1920 5380 nio
1947 5326 2398 5396 comprobaverit,
2432 5327 2524 5397 qui
2555 5329 2778 5382 verbum
2807 5327 2960 5398 quod.
2976 5327 3043 5380 ab
3072 5325 3178 5380 illis
3205 5325 3392 5394 prodi-

1830 5424 1942 5472 tum
1990 5416 2371 5486 vulgatumque
2399 5425 2512 5478 est.
2559 5418 2626 5470 ad
2658 5418 2802 5471 hunc
2846 5432 3016 5484 usque
3042 5417 3205 5481 diem,
3240 5423 3294 5470 et
3330 5417 3386 5472 in

1825 5523 1986 5565 omne
2027 5515 2199 5562 azvum
2232 5509 2510 5562 continuat
2550 5516 2712 5578 atque
2740 5516 3018 5579 pr0pagat.
3067 5507 3191 5562 Haec
3222 5507 3387 5577 igitur

1832 5603 1968 5658 satis
2010 5616 2076 5656 ex
2105 5600 2456 5656 concessione
2488 5607 2596 5656 tam
2627 5599 2846 5655 ahsurdi
2889 5601 3177 5670 principii,
3225 5600 3386 5655 nobis

1830 5692 2084 5748 meditata
2117 5693 2243 5748 sint.
2275 5691 2558 5745 Contraria
2585 5692 2727 5748 enim
2762 5689 2829 5747 iis
2861 5707 2980 5761 quae
3027 5691 3228 5762 scripta
3257 5699 3383 5746 sunt

1829 5785 2062 5856 opinari,
2090 5794 2141 5843 et
2177 5783 2359 5842 Jcsum
2390 5783 2569 5842 dicere
2598 5799 2707 5841 non
2737 5783 3036 5840 honestatis
3064 5790 3154 5839 aut
3184 5781 3388 5838 sobrie-
