3954 6546
508 456 612 512 211

1187 459 1456 515 EUSEBH
1492 459 1966 520 Cz’ESARlENSIS
2005 465 2153 521 OPP.
2197 464 2376 522 PARS
2415 465 2480 522 Il.
2509 497 2580 507 —
2603 465 3101 523 APOLOGETICA.

3643 465 3764 520 2|!

503 575 632 630 tatis
665 585 1050 646 praeceptorem
1083 577 1281 642 fuisse,
1321 578 1417 634 sed
1445 579 1730 649 iniustitiae
1777 589 1833 638 et
1885 601 2066 656 super-

2179 587 2287 658 γάρ
2319 587 2412 640 καὶ
2445 585 2541 650 τὰς
2577 587 2684 640 τῶν
2713 587 2842 658 παρ’
2873 585 3094 656 Ἕλλησι
3128 583 3430 653 φιλοσόφων
3464 583 3764 655 ὑποθήκας

499 666 606 721 bize
639 668 926 737 omnisque
955 669 1407 740 intemperantiae,
1433 677 1488 727 et
1513 672 1660 729 illius
1687 674 1983 745 discipulos
2003 679 2070 733 ab

499 757 594 812 illo
627 760 755 814 talia
788 761 1010 816 edoctos
1031 800 1045 824 ,
1074 762 1223 815 omni
1261 763 1558 832 cupiditate
1605 779 1670 820 ac
1719 768 1924 824 scelere
1953 785 2072 824 om~

497 865 600 906 nes
629 853 724 922 qui
756 867 997 922 unquam
1045 853 1249 907 fuerint
1292 855 1540 914 homines
1574 873 1865 928 superasse
1886 901 1902 926 ,
1943 876 2069 916 cum

498 944 741 998 omnium
773 960 894 1016 qua:
927 943 1164 999 absurda
1193 955 1342 1009 sunt,
1373 949 1829 1008 absurdissimum
1856 954 1946 1018 sit,
1973 970 2074 1010 nos

497 1038 634 1092 illud
669 1047 847 1092 tamen
870 1037 1185 1108 disputandi
1221 1041 1398 1112 gratia
1433 1044 1657 1098 concedi
1700 1059 1862 1114 posse
1890 1046 2078 1101 existi-

498 1129 785 1183 mavimus.
821 1128 978 1195 Quod
1021 1130 1240 1200 quidem
1267 1138 1350 1186 est
1376 1131 1574 1196 simile,
1599 1142 1661 1188 ut
1692 1135 1737 1190 si
1769 1135 1914 1206 quis,
1945 1149 2070 1190 cum

496 1217 674 1274 Moses
704 1221 760 1273 in
790 1223 906 1276 suis
962 1223 1170 1294 legibus
1202 1223 1351 1279 dicat
1380 1243 1394 1280 :
1445 1243 1463 1276 ι
1505 1224 1623 1282 Νοη
1654 1229 1871 1284 occides
1896 1270 1910 1294 ,
1959 1243 2070 1283 non

496 1312 883 1376 mmchaberis,
918 1329 1028 1368 non
1085 1315 1354 1372 furaberis
1378 1358 1392 1380 ,
1429 1333 1540 1372 non
1585 1317 1784 1373 falsum
1831 1320 2072 1376 testimo-

495 1402 646 1456 nium
678 1405 829 1460 diccs
860 1405 944 1460 δίε
990 1427 1008 1459 ι
1052 1410 1166 1463 haec
1206 1411 1263 1464 in
1297 1411 1534 1480 priorem
1581 1427 1802 1466 sensum
1851 1413 2070 1470 trahens

495 1505 552 1550 et
583 1497 944 1566 calumnians,
975 1501 1145 1565 dicat,
1175 1502 1329 1557 illum
1361 1519 1488 1558 cum
1517 1505 1770 1560 irrisione
1799 1520 1862 1560 ac
1903 1506 2072 1561 simu-

493 1587 700 1644 latione
751 1591 861 1646 alia
900 1597 1244 1666 pmcepisse.
1273 1596 1424 1652 Velle
1441 1600 1585 1654 enim
1614 1614 1711 1654 eos
1732 1599 1930 1670 quibus
1965 1600 2070 1654 im-

490 1692 668 1752 peret,
695 1691 748 1739 et
776 1686 1028 1744 occidere
1055 1697 1108 1744 et
1135 1691 1423 1757 mcechari,
1457 1701 1510 1748 et
1541 1693 1610 1747 iis
1639 1694 1822 1747 omnia
1848 1699 2073 1748 contra-

493 1772 577 1826 ria
603 1773 782 1831 facere
813 1793 936 1847 quae
955 1778 1071 1849 ipse
1102 1779 1156 1833 in
1185 1781 1394 1850 legibus
1426 1785 1692 1853 posuerit,
1725 1782 1817 1838 sed
1851 1783 2070 1838 interim

494 1865 700 1937 ﬁngere
729 1869 976 1925 habitum
1019 1887 1079 1926 se
1109 1880 1163 1927 et
1191 1889 1482 1942 personam
1517 1875 1640 1930 vitae
1679 1877 1944 1946 gravioris
1986 1877 2072 1930 in-

2181 679 2453 734 διαὸάλλοι
2483 679 2546 733 ἄν
2579 697 2680 744 τις,
2709 681 2798 734 τόν
2819 696 2878 732 τε
2911 677 3232 750 καρτερικὸν
3266 676 3378 746 βίον
3406 677 3500 730 καὶ
3523 677 3654 739 τοὺς
3679 675 3770 728 λό-

2182 789 2312 841 γους
2338 771 2515 824 αὑτῶν
2547 770 2783 835 πάντων,
2812 770 3032 840 φάσκων
3063 767 3318 828 ἐναντίως
3353 765 3450 836 μὲν
3477 768 3588 828 τοῖς
3613 765 3762 819 ἀνα-

2179 860 2583 932 γεγραμμένοις
2616 859 2975 914 διατεθεῖσθαι
3013 859 3208 920 αὑτοὺς
3253 856 3349 910 καὶ
3383 855 3766 908 ἀναϐεϐιωκέ-

2178 967 2290 1014 ναι,
2322 951 2788 1022 προσπεποιῆσθαι
2815 950 2872 1003 δὲ
2908 949 3028 1003 καθ’
3063 947 3366 1019 ὑπόκρισιν,
3401 947 3489 999 τὸν
3533 945 3768 1014 φιλόσο-

2181 1060 2278 1113 φον
2315 1043 2588 1114 μετελθεῖν
2623 1043 2754 1115 βίον.
2789 1042 2973 1106 Οὕτως
3003 1041 3060 1094 δέ
3100 1057 3182 1104 τις
3215 1041 3309 1094 καὶ
3335 1040 3514 1102 πάσας
3563 1036 3768 1100 ἁπλῶς

2181 1139 2351 1191 εἰπεῖν
2379 1136 2476 1200 τὰς
2505 1135 2612 1188 τῶν
2649 1134 2893 1189 παλαιῶν
2933 1134 3202 1188 διαϐάλλοι
3237 1133 3301 1187 ἂν
3334 1131 3596 1202 ἱστορίας,
3627 1129 3768 1183 ἀθε-

2180 1231 2287 1284 τῶν
2313 1231 2411 1301 τὴν
2453 1232 2511 1284 ἐν
2548 1231 2737 1292 αὑταῖς
2781 1227 3060 1299 ἀλήθειαν,
3094 1228 3188 1280 καὶ
3230 1229 3310 1288 εἰς
3347 1223 3662 1278 τούναντίον
3693 1220 3769 1274 τά

2178 1322 2482 1394 δηλούμενα
2507 1321 2964 1394 παραδεχόμενος.
3005 1319 3142 1372 Ἀλλ’
3169 1319 3246 1381 ὼς
3272 1318 3372 1370 οὑκ
3396 1315 3461 1370 ἄν
3481 1333 3566 1378 τις
3593 1315 3768 1384 ὀκνή-

2181 1431 2291 1468 σειε
2317 1415 2426 1468 τῶν
2463 1409 2520 1468 εὖ
2549 1413 2886 1485 φρονούντων
2921 1410 3204 1482 μαίνεσθαι
3228 1409 3318 1462 τὸν
3345 1408 3584 1461 τοιοῦτον
3617 1407 3767 1460 ἀπο-

2181 1505 2470 1577 φήνασθαι,
2499 1505 2642 1559 οὓτω
2672 1505 2766 1558 καὶ
2797 1506 2892 1558 ἐπὶ
2923 1504 3031 1558 τῶν
3063 1502 3156 1556 τοῦ
3193 1501 3448 1572 Σωτῆρος
3483 1499 3664 1568 λόγων
3699 1515 3766 1551 τε

2179 1603 2274 1655 καὶ
2327 1599 2697 1671 μαθημάτων,
2744 1597 2914 1662 εἴτις
2967 1595 3197 1668 τάληθὲς
3247 1594 3602 1666 διαστρέφων,
3653 1593 3768 1664 τὴν

2179 1693 2428 1746 ἐναντίαν
2471 1686 2552 1755 οἷς
2593 1690 2837 1744 ἐδίδασκε
2871 1688 3214 1761 περιϐάλλειν
3255 1684 3402 1758 αὐτῷ
3432 1686 3587 1750 δόξαν
3627 1703 3766 1739 πει-

2183 1783 2339 1856 ρῷτο.
2385 1782 2530 1854 Πλὴν
2575 1781 2691 1837 ἀλλ’
2740 1781 2894 1854 ἐδόθη
2933 1784 3028 1836 καὶ
3067 1781 3224 1835 τοῦτο
3259 1781 3334 1843 ὡς
3375 1781 3431 1834 ὲν
3473 1779 3764 1846 ὑποθέσει,

2180 1877 2327 1940 ὅπως
2359 1875 2453 1929 καὶ
2485 1877 2549 1928 ἐκ
2579 1873 2914 1947 περιουσίας,
2943 1876 3038 1928 καλ⁵
3080 1875 3140 1926 ἐν
3163 1874 3348 1944 ἀτόπῳ
3380 1873 3762 1944 συγχωρήσει,

493 1957 680 2013 duere.
731 1959 996 2016 Caeterum
1045 1963 1233 2018 eadem
1263 1967 1475 2021 ratione
1504 1964 1815 2022 Graecorum
1849 1983 2066 2038 quoque

2171 1969 2230 2021 τὸ
2255 1967 2558 2022 ἀσύστατον
2586 1967 2678 2020 τοῦ
2706 1966 2771 2019 δι’
2803 1966 3050 2030 ἐναντίας
3083 1963 3240 2034 λόγου
3271 1966 3432 2036 φανῇ.

493 2052 942 2122 philosophorum
997 2065 1290 2128 praecepta,
1319 2067 1374 2114 et
1399 2060 1746 2115 tolerantiam
1801 2062 1960 2128 vitae,
2014 2062 2285 2133 planeque
2341 2075 2531 2116 eorum
2577 2063 2822 2115 omnium
2874 2059 3076 2130 scripta
3129 2057 3504 2128 unusquisque
3547 2056 3762 2128 poterit

493 2145 855 2209 calumniari,
894 2157 947 2203 et
995 2149 1212 2206 dicere:
1252 2151 1376 2206 illos
1411 2153 1629 2223 quidem
1700 2155 1770 2209 iis
1805 2170 1924 2225 qua:
1988 2155 2338 2225 scripserint,
2381 2152 2659 2209 contraria
2714 2153 2770 2206 in
2820 2151 3003 2206 animo
3053 2150 3330 2216 habuisse,
3386 2149 3760 2203 contrariam-

492 2249 599 2305 que
629 2237 822 2292 rationi
855 2241 1019 2294 vitam
1061 2242 1303 2307 vixisse,
1356 2244 1649 2300 simulasse
1693 2253 1872 2299 autem
1916 2244 2073 2316 quasi
2113 2244 2216 2297 alia
2244 2243 2432 2298 induta
2461 2257 2718 2314 persona,
2777 2239 3213 2313 philosophicum
3255 2241 3358 2295 sibi
3415 2241 3539 2294 vitae
3567 2254 3758 2304 genus

491 2329 784 2400 placuisse.
831 2336 992 2406 118
1041 2335 1343 2393 Sic‘autem
1395 2355 1585 2396 omnes
1637 2355 1890 2411 quoque,
1927 2350 1986 2396 ut
2033 2340 2088 2394 in
2128 2355 2339 2395 summa
2371 2339 2572 2404 dicam,
2599 2346 2842 2394 veterum
2876 2336 3136 2392 historias
3163 2334 3486 2390 calumniari
3541 2335 3619 2390 sit
3664 2334 3758 2388 fa-

489 2431 615 2496 cile,
645 2437 700 2485 ct
726 2432 941 2488 veritati
972 2449 1092 2501 quae
1124 2434 1181 2487 in
1216 2435 1325 2488 illis
1355 2442 1440 2491 est
1492 2435 1779 2492 detrahere
1799 2477 1814 2502 ,
1865 2451 2095 2507 eamque
2131 2436 2336 2490 nullam
2366 2449 2488 2490 esse
2516 2432 2869 2495 contendere,
2903 2441 2958 2487 et
2989 2431 3224 2501 denique
3269 2431 3326 2485 in
3365 2429 3710 2485 contrarium
3737 2467 3758 2493 ,

489 2541 830 2598 quaecunque
881 2537 1106 2584 narrata
1158 2539 1318 2598 sunt,
1349 2539 1584 2589 vertere.
1627 2531 1732 2588 Sed
1779 2533 2231 2604 quemadmodum
2283 2531 2465 2586 nullus
2517 2530 2715 2585 mentis
2757 2542 2981 2598 compos
3017 2543 3163 2592 eum,
3229 2526 3323 2598 qui
3375 2526 3504 2579 talia
3551 2524 3754 2588 dicat,

490 2621 746 2674 insanum
794 2632 956 2692 atque
997 2629 1268 2678 amentem
1319 2624 1589 2680 ailirmarc
1641 2635 1929 2691 vereatur,
1987 2628 2061 2681 ita
2100 2629 2259 2683 etiam
2291 2626 2346 2679 in
2377 2623 2675 2680 Salvatoris
2702 2623 2876 2679 nostri
2934 2622 3277 2677 sermonibus
3317 2627 3480 2690 atque
3533 2633 3752 2689 praece-

493 2717 624 2787 ptis,
656 2718 704 2773 si
727 2718 852 2788 quis
875 2719 1164 2774 veritatem
1197 2727 1566 2792 contorquens
1599 2731 1761 2792 atque
1789 2731 2104 2792 pervertens
2125 2764 2139 2784 ,
2171 2722 2510 2777 contrariam
2551 2721 2618 2777 iis
2652 2737 2773 2791 qua!
2802 2720 2986 2776 docuit
3016 2719 3103 2774 ille
3135 2719 3458 2774 sententiam
3511 2723 3758 2771 conetur

489 2809 792 2881 imponere,
824 2810 952 2866 huic
980 2827 1196 2883 quoque
1248 2829 1279 2867 a
1338 2815 1530 2878 nobis,
1583 2814 1636 2868 id
1681 2814 1828 2885 quod
1861 2815 2056 2870 falsum
2095 2824 2200 2880 est,
2233 2813 2570 2870 illustrandae
2599 2813 2845 2870 veritatis
2905 2812 3099 2883 gratia,
3133 2822 3198 2865 ut
3239 2811 3296 2865 in
3355 2807 3755 2878 disputationi-

490 2905 596 2962 bus
623 2905 741 2960 tieri
772 2909 927 2971 solet,
961 2923 1283 2966 concessum
1309 2918 1428 2966 esto
1460 2929 1474 2965 :
1513 2918 1572 2964 ut
1631 2899 1754 2966 cum
1789 2910 2098 2967 dederimus
2137 2911 2192 2966 id
2215 2911 2359 2982 quod
2397 2911 2546 2968 dictu
2595 2910 2896 2966 absurdum
2923 2917 3029 2976 est,
3054 2908 3339 2964 contraria:
3368 2907 3596 2964 rationis
3649 2906 3752 2962 in.-

491 3001 804 3056 constantia
826 3013 1101 3058 cernatur.

561 3091 700 3146 Cum
727 3107 858 3162 ergo
886 3108 1010 3150 eum
1045 3096 1138 3164 qui
1167 3095 1246 3150 sic
1285 3096 1648 3151 calumnietur
1683 3097 1816 3152 satis
1850 3094 2066 3152 abunde

2175 3097 2204 3109 "
2253 3087 2639 3160 Ἔληλεγμένου
2683 3089 2818 3160 δῆτα
2867 3085 3075 3155 τούτου,
3124 3088 3286 3160 φέρεν
3337 3088 3754 3162 ἀναδραμόντες

491 3183 1023 3253 reprehenderimus,
1050 3195 1264 3258 tempus
1294 3189 1406 3258 jam
1454 3197 1560 3254 est,
1597 3199 1654 3244 ut
1685 3191 1750 3243 ad
1783 3204 2065 3246 sacrorum

2171 3183 2261 3236 ἐπὶ
2300 3182 2396 3254 τὴν
2430 3182 2538 3234 τῶν
2586 3181 2745 3252 ἱερῶν
2785 3180 3017 3253 Γραφῶν
3049 3181 3321 3253 ἀλήθειαν,
3355 3181 3416 3235 τὸ
3455 3179 3586 3252 ἦθος
3631 3185 3753 3240 τῶν

493 3276 756 3330 librorum
791 3278 1074 3334 veritatem
1105 3295 1476 3345 recurramus,
1502 3291 1556 3336 et
1597 3283 1652 3337 in
1687 3283 1795 3338 illis
1821 3283 2064 3353 discipu-

491 3371 670 3425 lorum
704 3369 836 3426 Iesu
865 3387 1046 3427 mores
1075 3373 1525 3444 contemplemur.
1559 3373 1692 3441 Quis
1725 3376 1889 3445 igitur
1912 3391 2066 3430 men-

489 3464 564 3518 tis
599 3465 830 3520 sanitate
881 3465 1175 3534 przeditus,
1229 3482 1336 3521 non
1371 3467 1440 3522 ab
1491 3467 1600 3523 illis
1629 3468 1765 3537 ipsis
1815 3469 2065 3538 protinus

492 3565 900 3626 argumentaris,
929 3559 1074 3612 omni
1093 3558 1197 3614 title
1214 3560 1414 3630 dignos
1437 3561 1564 3616 illos
1595 3561 1957 3630 judicavcrit?
1985 3562 2066 3616 vi-

491 3662 588 3701 ros
630 3647 836 3717 absque
883 3651 1254 3706 controversia
1302 3649 1600 3720 ignobiles,
1659 3653 2066 3722 litterarumque

492 3740 714 3810 ignaros
743 3741 1107 3811 loquendique
1137 3744 1438 3812 imperitos,
1462 3752 1516 3798 at
1537 3744 1594 3798 in
1625 3752 1826 3800 sanctae
1854 3760 1918 3800 ac
1942 3745 2065 3815 phi—

490 3833 788 3902 losophica:
831 3832 1094 3888 doctrinae
1147 3849 1388 3888 amorem
1436 3849 1784 3904 progressos,
1836 3843 1889 3890 et
1927 3845 2066 3891 stre-

493 3939 657 3980 nuam
709 3923 1146 3993 laboriosamque
1185 3926 1346 3978 vitam
1381 3927 1693 3996 amplexos,
1744 3942 1908 3997 quam
1949 3927 2066 3998 qui-

492 4017 618 4072 dem
649 4017 848 4078 inedia,
872 4023 926 4071 et
953 4017 1282 4071 abstinentia
1311 4026 1425 4072 tum
1455 4033 1486 4071 a
1516 4019 1667 4081 vino,
1703 4027 1816 4073 tum
1856 4032 1888 4072 a
1941 4034 2064 4073 car-

491 4106 656 4161 nibus
677 4147 689 4168 ,
735 4107 1000 4175 plurimos
1033 4107 1160 4161 item
1193 4107 1315 4162 aliis
1345 4107 1730 4164 afﬂictionibus
1781 4109 2061 4179 corporis,

493 4205 657 4268 atque
693 4196 1031 4252 orationibus
1091 4199 1688 4270 supplicationibusque
1743 4197 1812 4254 ad
1853 4201 2018 4255 Deum
2045 4241 2061 4262 ,

493 4303 560 4342 ac
609 4289 780 4343 multo
819 4289 1000 4358 prius,
1045 4305 1258 4345 summa
1309 4294 1664 4360 temperantia
1722 4302 1776 4349 et
1813 4293 2064 4350 castitate

491 4385 772 4452 corporis,
823 4382 1030 4451 pariter
1061 4389 1224 4453 atque
1270 4383 1466 4439 animae
1513 4385 1852 4440 correxerint
1899 4395 2064 4456 atque

490 4475 853 4546 perfecerint?
880 4476 1005 4546 quis
1041 4490 1152 4529 non
1209 4475 1371 4547 igitur
1410 4477 1627 4531 illorum
1668 4477 2062 4550 philosophiam

2171 3273 2266 3328 τοῦ
2309 3273 2482 3344 Ἰησοῦ
2528 3273 2782 3344 μαθητῶν
2831 3273 3171 3344 θεασώμεθα.
3219 3274 3449 3328 Αὐτόθεν
3503 3275 3601 3346 μὲν
3647 3273 3752 3332 οὖν

2171 3367 2237 3420 ἄν
2273 3383 2358 3430 τις
2401 3361 2458 3418 εὖ
2505 3364 2715 3436 φρονῶν
2760 3365 2876 3428 πῶς
2917 3365 2976 3417 οὑ
3011 3365 3190 3434 πάσης
3239 3365 3506 3437 ἀποδοχῆς
3543 3367 3750 3432 αὐτοὺς

2172 3459 2354 3526 ἀξίους
2400 3459 2661 3532 κρίνειεν;
2701 3459 2931 3529 Ἀνδρας
2974 3458 3073 3529 μὲν
3105 3457 3339 3520 εὐτελεῖς
3379 3459 3752 3532 ὁμολογουμέ-

2171 3569 2298 3618 νως,
2327 3551 2537 3606 καὶτὸν
2571 3551 2726 3619 λόγον
2761 3550 2994 3615 ἰδιώτας,
3019 3549 3272 3612 εὐσεϐοῦς
3305 3549 3360 3603 δὲ
3393 3551 3486 3604 καὶ
3525 3551 3748 3621 φιλοσόρ

2173 3663 2273 3715 φου
2301 3644 2641 3707 διδασκαλίας
2676 3645 2753 3706 εἰς
2793 3642 2968 3714 ἔρωτα
2995 3641 3427 3712 συμϐεϐηκότας,
3458 3645 3550 3695 καὶ
3582 3643 3749 3716 στέρ-

2175 3737 2365 3804 ξαντας
2397 3740 2506 3810 βίον
2537 3731 2862 3810 καρτερικὸν
2889 3735 2982 3788 καὶ
3016 3735 3291 3798 ἐπίπονον,
3332 3735 3419 3788 διὰ
3452 3737 3746 3806 νηστειῶν,

2170 3831 2315 3885 οἴνου
2344 3849 2402 3884 τε
2429 3832 2520 3884 καὶ
2554 3829 2730 3900 κρεῶν
2763 3827 2997 3898 ἀποχῆς,
3035 3829 3128 3881 καὶ
3161 3827 3418 3898 πλείστης
3455 3827 3620 3898 ἄλλης
3646 3846 3750 3882 τα-

2171 3921 2478 3984 πεινώσεως
2500 3921 2591 3974 τοῦ
2623 3919 2891 3990 σώματος,
2927 3919 3016 3973 διά
3045 3935 3104 3971 τε
3130 3919 3302 3989 εὐχῶν
3327 3919 3420 3971 καὶ
3451 3920 3748 3990 ἱκετηριῶν

2168 4013 2278 4065 τῶν
2299 4013 2435 4080 πρὸς
2463 4013 2554 4065 τὸν
2578 4011 2734 4076 Θεὸν,
2767 4011 2861 4064 καὶ
2881 4010 3014 4062 πολὺ
3045 4010 3308 4081 πρότερον
3336 4009 3404 4062 δι’
3431 4011 3606 4082 ἄκρας
3643 4027 3750 4065 σω-

2170 4104 2438 4174 φροσύνης
2460 4103 2551 4157 καὶ
2583 4103 2802 4172 ἁγνείας
2837 4102 3082 4172 σώματος
3119 4101 3253 4172 ὁμοῦ
3285 4103 3376 4156 καὶ
3402 4101 3578 4173 ψυχῆς
3613 4119 3746 4158 κατ-

2169 4181 2515 4267 ορθούμενονζ
2552 4193 2647 4257 Τίς
2675 4194 2718 4246 δ’
2746 4189 2836 4247 οὖν
2859 4194 2959 4246 οὐκ
2989 4193 3054 4246 ἂν
3077 4195 3269 4258 αὐτοὺς
3323 4193 3638 4264 θαυμάσειε,
3668 4195 3742 4250 δι’

2171 4284 2472 4356 ὑπερϐολὴν
2499 4284 2813 4354 φιλοσοφίας
2843 4285 2937 4338 καὶ
2957 4287 3076 4348 ταῖς
3099 4283 3237 4339 κατὰ
3267 4285 3430 4355 νόμον
3463 4301 3746 4358 συγκεχω-

2173 4374 2436 4444 ρημέναις
2480 4377 2746 4445 γαμεταῖς
2791 4373 3284 4447 ἀποτεταγμένους,
3331 4377 3422 4429 καὶ
3465 4377 3590 4450 μήθ’
3633 4379 3744 4436 ὑπὸ

2169 4467 2266 4537 τῆς
2315 4465 2550 4534 φυσικῆς
2582 4465 2774 4536 ἡδονῆς
2821 4465 3305 4546 καθελκυσθέντας,
3350 4471 3485 4540 μήτε
3533 4469 3746 4524 παίδων

491 4584 658 4638 supra
707 4569 928 4624 modum
979 4569 1298 4636 admiretur,
1331 4569 1422 4640 qui
1450 4579 1503 4624 et
1537 4587 1568 4624 a
1599 4571 1853 4642 legitimis
1888 4575 2066 4627 uxori-

2171 4557 2262 4608 καὶ
2291 4556 2526 4624 ἐγγόνων
2556 4556 2820 4628 ἐπιθυμίᾳ
2849 4557 3244 4625 δουλωθέντας;
3294 4561 3420 4612 ἐπεὶ
3456 4560 3588 4632 μηδὲ
3615 4562 3742 4634 θνη-

491 4659 599 4713 bus
627 4675 686 4712 se
715 4660 1060 4724 abduxerim,
1097 4677 1272 4730 neque
1311 4675 1340 4713 a
1373 4663 1648 4730 voluptate
1681 4663 1872 4718 saltem
1903 4671 2064 4718 natu-

490 4754 590 4806 rali
621 4751 828 4806 deliniti
847 4754 977 4814 sint,
992 4769 1167 4822 neque
1185 4755 1417 4808 tiliorum
1439 4770 1502 4809 ac
1521 4764 1775 4825 nepotum
1793 4756 2064 4812 desiderio

491 4845 654 4900 fracti
683 4853 738 4901 et
771 4845 1020 4902 subacti?
1047 4845 1196 4916 quod
1238 4847 1452 4916 quidem
1497 4849 1604 4902 illis
1657 4848 1784 4904 ideo.
1806 4850 2062 4921 contigit,

491 4937 636 5008 quod
673 4953 782 4992 non
811 4939 1068 4994 unortales
1113 4948 1377 5009 nepotes,
1423 4941 1519 4995 sed
1567 4941 1904 4996 immortales
1959 4943 2062 4996 sibi

489 5024 868 5094 expetiverint.
909 5022 1086 5078 Mores
1135 5033 1314 5080 autem
1363 5025 1677 5080 earumdem
1709 5039 1738 5078 a
1771 5027 2065 5096 cupiditate

491 5121 670 5176 omnis
699 5118 916 5190 generis
941 5118 1182 5188 pecunizr
1215 5118 1420 5174 alienos
1443 5159 1457 5178 ,
1499 5119 1623 5188 quis
1657 5133 1766 5174 non
1804 5119 2064 5189 obstupe-

489 5205 643 5260 scat?
667 5205 762 5274 qui
785 5203 891 5258 hoc
922 5217 1139 5273 quoque
1183 5203 1474 5270 conjecerit
1510 5219 1578 5258 ex
1628 5220 1722 5266 eo,
1775 5205 1921 5276 quod
1955 5221 2064 5262 non

491 5289 751 5359 fugerint.
792 5287 888 5344 sed
923 5288 1096 5343 secuti
1135 5290 1244 5342 sint
1274 5285 1687 5356 Praeceptorem,
1715 5289 1808 5358 qui
1851 5289 1999 5360 ipsos
2033 5304 2064 5343 a

491 5379 823 5452 possidendo
838 5395 973 5434 auro
991 5389 1154 5450 atque
1175 5388 1400 5451 argento
1420 5380 1764 5448 deterruerit,
1785 5383 2065 5454 legemque

491 5473 693 5536 ﬁxerit,
709 5480 768 5526 ut
791 5488 858 5526 ne
871 5487 1044 5542 usque
1062 5473 1128 5528 ad
1147 5473 1284 5528 duas
1302 5471 1520 5543 quidem
1551 5473 1768 5530 tunicas
1783 5489 1898 5529 rem
1910 5489 2062 5530 suam

491 5571 753 5634 augerent
779 5583 794 5617 :
830 5565 974 5632 quod
1003 5565 1222 5634 quidem
1255 5565 1340 5620 vel
1371 5564 1579 5620 auditui
1607 5565 1946 5622 intolerabile
1972 5567 2062 5620 alii

489 5657 725 5726 cuipiam
781 5653 1046 5718 videatur,
1079 5656 1148 5711 ob
1193 5657 1512 5726 gravitatem
1559 5658 1812 5728 imperii:
1841 5665 1898 5712 at
1939 5657 2083 5713 illos-

487 5752 654 5804 etiam
687 5747 864 5818 reipsa
887 5747 1245 5818 complcvisse
1273 5749 1418 5820 quod
1449 5749 1654 5804 dictum
1686 5759 1769 5805 est
1811 5757 2056 5806 constat:

489 5855 620 5912 ergo
649 5838 884 5916 quodam
932 5847 1174 5912 tempore
1223 5855 1345 5898 cum
1375 5843 1596 5912 quidam
1639 5843 1866 5899 claudus
1899 5859 1928 5896 a
1961 5841 2061 5897 Pc-

560 5964 605 5995 "'
633 5961 798 6018 Exod.
827 5977 940 6024 XXI,
970 5959 1120 6018 5-15.

2164 4647 2272 4700 τῶν
2303 4647 2561 4715 ἐγγόνων,
2587 4648 2704 4700 ἀλλ’
2729 4648 3010 4702 ἀθανάτων
3039 4649 3376 4720 ὠρέχθησαν.
3414 4651 3486 4704 Τὸ
3525 4653 3582 4706 δὲ
3609 4655 3743 4725 ἀφισ-

2164 4739 2504 4812 λοχρήματον
2535 4741 2712 4796 αὑτῶν
2736 4741 2828 4793 τοῦ
2859 4743 3056 4813 τρόπου
3081 4743 3196 4807 πῶς
3221 4745 3320 4800 οὐκ
3341 4747 3406 4800 ἄν
3430 4763 3512 4810 τις
3543 4748 3741 4802 ἐκπλα-

2164 4829 2286 4905 γείη
2315 4845 2330 4894 ;
2361 4831 2454 4882 καὶ
2491 4829 2646 4883 τοῦτο
2689 4831 3100 4906 τεκμηράμενος
3135 4835 3200 4886 ἐκ
3237 4833 3328 4886 τοῦ
3380 4834 3453 4906 μὴ
3493 4834 3738 4904 φεύγειν,

2165 4921 2282 4974 ἀλλ’
2315 4921 2662 4978 ἀσπάσασθαι
2715 4923 3054 4990 διδάσκαλον,
3100 4925 3299 4996 χρυσοῦ
3351 4927 3443 4979 καὶ
3493 4928 3740 5000 ἀργύρου.

2163 5013 2262 5084 τὴν
2304 5015 2494 5084 κτῆσιν
2541 5015 2970 5086 ἀπαγορεύοντα,
3018 5017 3111 5071 καὶ
3161 5017 3550 5088 νομοθετοῦντα
3595 5020 3736 5092 μηδὲ

2169 5107 2329 5178 μέχρι
2379 5107 2630 5178 δευτέρου
2675 5107 2896 5177 χιτῶνος
2937 5108 3118 5172 αὔξειν
3149 5109 3246 5180 τὴν
3287 5109 3554 5180 ὓπαρξιν·
3593 5113 3740 5186 ὅπερ

2163 5199 2304 5274 τάχα
2333 5217 2416 5263 τις
2443 5199 2680 5263 ἀκούσας
2705 5201 2984 5272 παρῄτητο
3005 5201 3069 5255 ἂν
3095 5202 3157 5255 τὸ
3184 5203 3322 5274 βαρὺ
3351 5205 3444 5257 τοῦ
3476 5189 3740 5276 πράγμαέ

2163 5311 2254 5356 τος
2277 5311 2289 5323 ·
2319 5295 2366 5346 οἱ
2402 5293 2461 5346 δὲ
2490 5293 2582 5346 καὶ
2609 5293 2768 5362 ἔργον
2803 5295 3160 5366 πεποιηκότες
3204 5297 3293 5350 τὸν
3333 5298 3486 5366 λόγον
3521 5299 3738 5353 ἀποδεί-

2155 5403 2404 5454 κνυνται.
2431 5387 2756 5456 Αἰτὴσαντος
2782 5385 3057 5460 γοῦνποτε
3089 5389 3214 5452 τοὺς
3240 5391 3383 5462 ἀμφὶ
3417 5391 3508 5445 τὸν
3529 5392 3736 5464 Πέτρον

2167 5477 2339 5548 χωλοῦ
2367 5495 2512 5542 τινος
2561 5473 2733 5550 (οὗτος
2749 5477 2792 5530 δ’
2819 5473 2886 5552 ἦν
2907 5477 3013 5532 τῶν
3031 5479 3094 5534 δι’
3120 5481 3354 5552 ἐσχάτην
3382 5481 3614 5554 ἀπορίαν
3633 5483 3734 5547 τὰς

2163 5570 2367 5641 τροφὰς
2399 5569 2852 5642 μεταιτούντων),
2883 5572 2982 5625 οὑκ
3017 5571 3154 5642 ἔχων
3193 5575 3222 5626 ὁ
3251 5573 3456 5645 Πέτρος
3489 5577 3516 5628 ὅ
3547 5593 3599 5629 τι
3631 5575 3728 5647 δῷ,

2161 5661 2428 5730 ὡμολόγει
2451 5661 2629 5732 πάσης
2649 5663 2932 5733 ὑπάρξεως
2948 5665 3167 5734 χρυσίου
3185 5666 3278 5718 καὶ
3293 5665 3552 5738 ἀργυρίου
3561 5665 3734 5738 παθα-

2165 5752 2365 5824 ρεύειν,
2399 5753 2602 5823 φήσας·
2635 5771 2652 5804 ι
2677 5754 2961 5826 Ἀργύριον
2991 5757 3085 5810 καὶ
3114 5757 3334 5826 χρυσίον
3367 5757 3465 5832 οὐχ
3495 5757 3729 5830 ὑπάρχει

2167 5861 2275 5912 μοι,
2295 5843 2406 5896 δ’δὲ
2441 5841 2566 5915 ἔχω,
2589 5843 2740 5900 τοῦτό
2760 5864 2838 5899 σοι
2858 5847 3046 5917 δίδωμι
3067 5865 3078 5876 ·
3111 5849 3168 5900 ἐν
3190 5845 3267 5920 τῷ
3295 5847 3514 5920 ὀνόματι
3555 5845 3728 5922 Ἰησοῦ
