3954 6516
197 427 298 482 Elii

1130 419 1787 478 DEMONSTRATIONIS
1827 414 2287 474 EVANGELICAE
2325 413 2451 469 LIB.
2487 411 2579 468 Ill.

3353 406 3451 464 2M

171 540 426 616 Χριστοῦ
491 541 708 616 ἐγειραι
756 541 852 596 καὶ
904 541 1216 613 περιπάτει.
1265 560 1284 593 ι
1356 539 1663 614 Σκυθρωπά
1723 541 1773 594 δὲ

1883 548 1986 602 tro,
2011 545 2065 594 et
2096 537 2166 592 ab
2196 535 2263 591 iis
2300 535 2391 605 qui
2421 533 2627 588 circum
2658 529 2877 584 Petrum
2905 533 3062 582 erant
3099 523 3245 579 aliud
3269 532 3456 594 postu-

194 641 368 700 αὐτοῖς
403 637 880 707 προαγγέλλοντος
910 635 1005 688 τοῦ
1035 633 1384 700 Διδασκάλου,
1427 635 1782 705 προσέχοντες

193 730 252 783 δι’
285 723 358 781 ὧν
385 729 535 800 πρὸς
583 730 776 792 αὐτοὺς
817 728 1000 796 ἔλεγεν
1025 745 1040 758 ⁸
1095 746 1113 780 ι
1150 727 1238 779 Ἐν
1267 726 1346 797 τῷ
1384 727 1574 797 κόσμῳ
1605 724 1781 794 θλίψιν

193 823 334 892 ἔχετε
356 839 405 872 ·›
437 823 542 876 καὶ
577 821 772 877 πάλιν·
811 819 1119 874 «κλαύσετε
1144 819 1238 872 καὶ
1273 819 1570 889 θρηνήσετε
1603 818 1779 888 ὑμεῖς,

184 917 208 966 6
239 913 291 965 δὲ
322 913 543 982 κόσμος
592 915 913 984 χαρήσεται,
939 931 956 962 ι
1003 910 1120 974 πῶς
1164 910 1264 963 οὐκ
1303 910 1457 962 αὐτοὶ
1507 909 1604 979 μὲν
1633 907 1781 978 δῆλοι

181 1009 264 1060 τὶν
299 1005 538 1077 τρόπον,
569 1008 649 1058 ὅτι
676 1006 741 1076 δὴ
775 1003 990 1078 στερροί
1015 1021 1158 1066 τινες
1184 1003 1278 1056 καὶ
1308 1001 1489 1072 βαθεῖς
1515 1001 1778 1072 ὑπῆρχον,

185 1100 251 1169 μὴ
305 1097 621 1166 φεύγοντες
664 1097 734 1151 τὰ
784 1098 886 1168 τῆς
941 1096 1118 1166 ψυχῆς
1177 1095 1491 1166 γυμνάσια,
1536 1093 1668 1164 μηδὲ
1711 1092 1778 1146 τὰ

182 1189 307 1260 :96;
359 1190 574 1261 ἡδονὴν
623 1188 1075 1260 μεταδιώκοντεςς
1116 1187 1211 1240 καὶ
1263 1188 1290 1239 6
1333 1185 1648 1248 διδάσκαλος
1698 1185 1776 1249 δὲ,

181 1283 250 1332 Et:
309 1281 386 1351 μὴ
437 1281 515 1333 δι’
553 1281 774 1352 ἀπάτης
829 1281 1034 1349 θέλγων
1091 1280 1289 1342 αὐτοὺς
1343 1279 1438 1333 καὶ
1490 1277 1560 1330 τὰ
1603 1279 1780 1332 οἰκεῖα

184 1373 590 1443 προϊσχόμενος
643 1372 993 1444 ἐξῳκειοῦτο,
1042 1372 1307 1444 ἐλευθέρῳ
1346 1372 1402 1424 δὲ
1452 1374 1547 1426 καὶ
1589 1370 1781 1441 ἀληθεῖ

185 1464 317 1532 λόγῳ
363 1463 437 1517 τά
495 1464 895 1535 συμϐησόμενα
952 1463 1240 1528 θεσπίζων,
1291 1462 1389 1533 τὴν
1429 1463 1638 1532 αἵρεσιν
1678 1461 1779 1531 τῆς

184 1557 294 1609 κατ’
311 1554 488 1608 αὐτοῦ
514 1555 598 1625 (1)
617 1555 890 1619 πολιτείας
904 1556 983 1618 είς
1001 1556 1198 1618 αὐτοὺς
1220 1553 1484 1606 ὲνετίθετο
1507 1570 1520 1617 ;
1545 1553 1781 1608 Τοιαῦτα

184 1647 235 1699 δὲ
265 1642 334 1716 ἦν
366 1647 468 1701 καὶ
496 1647 572 1701 τά
599 1648 725 1719 tripl.
749 1647 856 1700 τῶν
883 1647 1179 1718 μελλόντων
1207 1645 1294 1698 διὰ
1325 1644 1386 1697 τὸ
1413 1645 1582 1715 δνομα
1615 1643 1779 1696 αὐτοῦ

189 1738 577 1809 συμϐήσεσθαι
619 1739 837 1802 αὐτοῖς,
887 1739 944 1791 ὲν
984 1732 1065 1800 οἷς
1099 1736 1378 1810 προλέγων
1413 1735 1778 1807 ἐμαρτύρατο,

188 1830 262 1880 ὅτι
292 1831 386 1882 καὶ
421 1829 524 1880 ἐπὶ
562 1827 860 1899 ἡγεμονίας
903 1827 1253 1897 ἁχθήσονται,
1290 1825 1386 1877 καὶ
1424 1823 1584 1894 μέχρι
1621 1822 1778 1892 βασιο

1881 634 2018 688 laret
2047 632 2157 704 (hic
2189 644 2351 700 porro
2382 642 2524 681 unus
2551 633 2671 680 erat
2699 636 2908 687 eorum,
2935 619 3028 690 qui
3057 617 3130 672 ob
3159 625 3457 672 extremam

1879 721 2117 794 inopiam
2163 723 2362 775 victum
2415 713 2819 785 mendicabant)
2863 727 2972 766 non
3023 709 3231 764 habens
3262 708 3458 762 Petrus

1878 813 2010 884 quid
2061 814 2252 878 daret,
2309 809 2597 866 confessus
2654 815 2781 871 est,
2838 804 2907 859 ab
2963 801 3111 857 omni
3150 816 3208 856 se
3240 814 3457 869 posses-

1877 906 2034 962 sione
2080 905 2201 958 auri
2253 910 2415 973 atque
2459 899 2668 971 argenti
2732 896 3055 957 abhorrere,
3122 893 3208 946 his
3241 891 3457 961 quidem

1877 996 2106 1052 verbis:
2155 1013 2173 1045 ι
2232 994 2530 1063 Argentum
2593 997 2646 1044 et
2702 1001 2894 1040 aurum
2960 999 3070 1038 non
3131 989 3215 1038 est
3289 980 3456 1063 mihi.

1884 1086 2044 1156 119
2083 1083 2228 1156 quod
2275 1055 2452 1138 autem
2498 1082 2692 1146 habeo,
2733 1081 2837 1134 hoc
2859 1079 2954 1132 tibi
2987 1078 3089 1139 do;
3141 1076 3194 1128 in
3238 1055 3458 1127 noi'nine

1875 1172 2004 1229 Jesu
2025 1172 2226 1228 Christi
2258 1187 2419 1242 surge
2449 1179 2502 1225 et
2527 1170 2742 1223 ambula
2760 1170 2826 1223 ‘9.
2855 1187 2873 1218 ι
2892 1167 3027 1221 Cum
3050 1181 3176 1219 vero
3199 1165 3272 1218 illi
3307 1179 3336 1216 a
3359 1175 3458 1218 suo

1877 1266 2218 1337 Prwceptore
2243 1267 2422 1321 tristia
2456 1265 2644 1319 auditu
2687 1265 3050 1333 perciperent,
3100 1261 3143 1315 si
3181 1259 3344 1313 modo
3378 1265 3458 1312 at-

1877 1360 2170 1416 tendebant
2194 1375 2313 1431 quae
2341 1360 2407 1413 ad
2447 1359 2594 1429 ipsos
2622 1356 2849 1419 diceret,
2875 1354 2960 1408 «In
2983 1355 3184 1408 mundo
3211 1353 3458 1408 atilictio—

1877 1464 2002 1502 nem
2034 1450 2322 1506 habebitis.
2342 1468 2360 1502 ι
2386 1448 2453 1502 Et
2486 1460 2678 1502 rursus
2705 1443 3049 1516 :cLugebitis
3079 1455 3131 1500 et
3171 1443 3459 1516 plorabitis

1877 1557 1995 1606 vos,
2029 1541 2264 1598 mundus
2291 1544 2472 1596 autem
2512 1538 2769 1611 gaudebit
2803 1557 2815 1590 :
2847 1539 2892 1568 "°
2916 1556 2933 1588 ι
2973 1552 3154 1590 nonne
3195 1536 3261 1590 de
3292 1535 3457 1590 animi

1880 1635 1966 1690 sui
2010 1635 2256 1689 moribus
2279 1635 2440 1703 plane
2485 1633 2839 1688 iudicabant?
2867 1631 3013 1702 quod
3040 1630 3295 1686 videlicet
3324 1628 3461 1683 soli-

1878 1725 2019 1781 diori
2043 1727 2276 1797 quadam
2298 1727 2584 1796 altiorique
2607 1731 2800 1778 natura
2822 1730 3160 1787 constarent,
3189 1737 3317 1777 cum
3337 1722 3458 1802 ani-

1879 1821 1955 1874 mi
1984 1820 2203 1877 labores
2249 1836 2361 1875 non
2397 1821 2670 1891 fugerent,
2700 1833 2878 1888 neque
2911 1818 3238 1888 voluptatem
3275 1832 3460 1887 perse-

190 1921 314 1972 λέων
346 1921 661 1988 φθάσουσι,
697 1920 792 1973 καὶ
825 1918 1082 1981 παντοίας
1121 1915 1452 1986 ὑπομενοῦσι
1485 1913 1773 1984 τιμωρίας,

1879 1923 2196 1983 querentur,
2233 1914 2488 1984 quodque
2519 1915 2761 1984 ipsorum
2806 1913 3066 1984 magister
3089 1927 3201 1965 non
3232 1909 3460 1966 fraudu-

189 2013 250 2065 δι’
279 2013 436 2066 οὐδὲν
471 2013 578 2084 μὲν
613 2012 835 2082 φαῦλον,
871 2012 992 2064 οὐδὲ
1019 2010 1084 2062 δι’
1120 2009 1310 2080 ἑτέραν
1343 2006 1560 2075 εῦλογον
1576 2006 1775 2069 αἰτίαν,

188 2105 312 2158 αὐτὸ
341 2105 401 2158 δὲ
434 2104 607 2158 τοῦτο
639 2104 760 2157 ὅλον
787 2104 874 2156 διὰ
902 2103 963 2155 τὸ
991 2102 1158 2173 ὄνομα
1183 2100 1370 2154 αὐτοῦ.
1412 2101 1476 2153 Ὃ
1504 2099 1598 2152 καὶ
1633 2097 1777 2150 ἔστιν

191 2200 263 2260 είς
308 2196 476 2268 δεῦρο
524 2196 866 2271 θεωροῦντας
909 2193 1318 2267 ὲνεργούμενον,
1367 2191 1779 2260 καταπλαγῆναι

189 2291 277 2361 τὴν
303 2291 622 2362 πῴρῤησιν
641 2305 654 2318 ·
693 2290 725 2359 ἡ
752 2287 861 2359 γὰρ
890 2286 983 2339 τοῦ
1017 2284 1190 2354 Ἰησοῦ
1221 2284 1484 2354 ὀνόματος
1515 2281 1776 2352 ὁμολογία

191 2385 308 2446 τοὺς
335 2382 555 2454 θυμοὺς
619 2382 808 2433 εἴωθεν
859 2379 1099 2433 ἐκκαίειν
1143 2377 1252 2430 τῶν
1298 2375 1592 2448 ἀρχόντων.
1655 2373 1775 2426 Κᾶν

197 2477 373 2546 μηδενὶ
425 2475 546 2547 γάρ
585 2473 787 2544 φαῦλον
896 2469 1283 2542 πεπραγμένον
1314 2467 1392 2538 τῷ
1423 2467 1514 2519 τὸν
1541 2464 1774 2537 Χριστὸν

195 2564 577 2634 ὁμολογοῦντι,
630 2563 950 2627 κολάζουσιν
989 2561 1190 2631 ὁμοίως
1231 2558 1562 2629 αἰκιζόμενοι
1593 2557 1681 2611 διά
1712 2557 1774 2610 τὸ

193 2658 350 2726 ὖνομα
375 2655 576 2720 αὐτοῦ,
603 2657 680 2719 ῶς
709 2656 923 2709 πάντων
951 2652 1316 2724 ἀνοσιουργῶν
1339 2651 1770 2722 χαλεπωτέρους

197 2749 238 2800 εἰ
267 2747 306 2800 δ’
331 2747 663 2817 ὲξομόσαιτό
693 2763 778 2809 τις
815 2745 913 2816 τὴν
947 2743 1341 2816 προσηγορίαν,
1381 2743 1473 2794 καὶ
1507 2739 1770 2811 ἀρνηθείη

198 2837 262 2907 μὴ
293 2834 438 2891 εἶναι.
464 2838 578 2890 τῶν
601 2835 838 2907 Χριστοῦ
879 2833 1156 2905 μαθητῶν,
1187 2832 1406 2900 ἀφεῖται
1438 2830 1772 2902 παραχρῆμα

194 2927 496 2998 ἒλεύθερος,
536 2925 642 2979 κᾶν
677 2926 891 2998 μυρίοις
917 2924 1096 2996 ἔνοχος
1123 2923 1408 2993 ἁλίσκηται
1443 2920 1770 2992 πλημμελή-

197 3038 336 3090 μασι.

1876 2006 2021 2061 lente
2049 2022 2144 2062 eos
2178 2007 2518 2074 demulcens,
2548 2017 2641 2063 aut
2665 2025 2753 2066 res
2771 2025 2901 2067 suas
2923 2008 3004 2066 eis
3027 2017 3313 2063 ostentans
3349 2007 3460 2061 sibi

1877 2096 1981 2167 ipsi
2015 2097 2140 2153 illos
2175 2098 2519 2169 adjungeret,
2555 2098 2653 2155 sed
2682 2100 2920 2172 ingenua
2946 2115 3185 2170 veraque
3211 2098 3460 2153 oratione

1875 2205 1998 2260 quae
2017 2199 2274 2245 eventura
2297 2202 2450 2246 erant
2469 2207 2694 2257 canens,
2725 2208 2838 2248 sum
2861 2193 3173 2263 reipublicae
3193 2193 3458 2245 rationem

1879 2291 2042 2352 atque
2067 2283 2428 2352 propositum,
2459 2285 2515 2338 in
2543 2286 2742 2341 animis
2764 2285 2980 2340 illorqu
3004 2285 3285 2354 inﬁgeret?
3306 2283 3460 2338 Talia

1879 2375 2009 2429 item
2041 2384 2198 2430 erant
2227 2393 2349 2446 qum
2389 2387 2606 2448 propter
2634 2394 2832 2434 nomen
2861 2394 3019 2435 suum
3051 2394 3312 2449 passuros
3334 2378 3461 2434 illos

1880 2465 2228 2532 praedicabat,
2267 2466 2606 2536 significans,
2641 2471 2788 2538 quod
2827 2469 2893 2523 ad
2925 2469 3186 2539 prazsides
3223 2468 3460 2522 ducendi

1879 2565 2083 2624 essent,
2134 2558 2282 2626 quod
2316 2569 2439 2614 ante
2483 2575 2640 2633 reges
2680 2559 2932 2622 sistendi,
2959 2561 3106 2630 quod
3150 2560 3328 2615 omnis
3363 2575 3461 2630 ge-

1880 2648 2029 2703 neris
2067 2663 2258 2717 poenas
2297 2648 2696 2724 subituri,rnon
2725 2650 2797 2704 ob
2828 2649 2999 2704 levem
3034 2664 3148 2704 rem
3194 2649 3456 2718 aliquam,

1876 2754 2052 2808 neque
2081 2739 2151 2795 ob
2194 2739 2360 2794 ullam
2388 2741 2723 2810 probabilem
2763 2756 3012 2806 causam,
3058 2741 3152 2796 sed
3191 2740 3245 2795 id
3279 2748 3458 2795 totum

1877 2838 2095 2901 propter
2117 2847 2284 2886 unum
2307 2849 2467 2888 suum
2491 2848 2710 2889 nomen.
2730 2833 2887 2900 Quod
2909 2833 3125 2889 interim
3143 2849 3266 2888 cum
3279 2833 3461 2902 reipsa

1875 2921 1946 2976 ad
1984 2922 2134 2978 hunc
2168 2940 2342 2994 usque
2383 2925 2528 2981 diem
2569 2927 2829 2998 compleri
2874 2941 3189 2990 cernamus,
3220 2939 3320 2979 cur
3350 2939 3459 2978 non

1874 3013 2103 3084 hujusce
2135 3025 2361 3072 eventus
2385 3017 2792 3088 praadictionem
2843 3017 3318 3088 obstupescimus?
3353 3032 3460 3070 una

195 3114 327 3168 enim
378 3114 668 3170 confessio
717 3114 958 3168 nominis
1000 3112 1164 3178 Jesu,
1219 3112 1432 3166 animos
1478 3107 1765 3164 consuevit
1803 3110 2104 3167 accendere
2137 3112 2478 3184 principum.
2512 3113 2650 3168 Nam
2709 3115 2814 3170 etsi
2867 3115 3003 3170 nihil
3037 3113 3461 3185 reprehensione

198 3210 406 3281 dignum
443 3208 744 3272 admiserit,
776 3207 870 3277 qui
895 3205 1173 3260 Christum
1198 3204 1488 3260 confessus
1517 3210 1621 3270 est,
1647 3218 1771 3258 eum
1808 3208 1991 3257 tamen
2028 3205 2262 3273 puniunt
2293 3208 2591 3277 plectentes
2617 3207 2858 3262 nominis
2890 3207 3038 3262 illius
3102 3221 3289 3270 causa,
3341 3195 3460 3262 em-
3508 3263 3518 3274 ,

197 3302 346 3357 nibus
381 3302 643 3357 scelestis
673 3300 944 3370 asperius.
1007 3297 1161 3363 Quod
1197 3299 1244 3351 si
1294 3297 1416 3367 quis
1477 3312 1598 3351 eam
1660 3295 2079 3368 appellationem
2117 3297 2486 3367 abjuraverit,
2531 3303 2919 3372 negaveritque
2971 3316 3030 3355 se
3076 3298 3283 3355 Christi
3333 3315 3457 3354 esse

202 3395 552 3466 discipulum,
593 3395 887 3448 dimittitur
940 3393 1087 3446 illico
1122 3409 1186 3447 ac
1232 3393 1516 3454 liberatur,
1550 3392 1765 3448 etiamsi
1801 3391 2291 3448 innumerabilibus
2323 3394 2558 3462 peccatis
2589 3395 2862 3449 obnoxius
2895 3402 3167 3449 teneatur.

264 3490 366 3542 Καὶ
394 3490 451 3542 τί
484 3507 549 3558 με
577 3489 682 3559 χρὴ
733 3488 900 3558 μυρία
930 3489 1277 3555 συναγαγεῖν,
1301 3487 1360 3538 τὸ
1397 3485 1504 3537 τῶν
1550 3485 1773 3538 ἀποστό-

1951 3482 2017 3536 Ει
2043 3484 2172 3553 quid
2211 3500 2297 3539 me
2329 3485 2628 3540 Salvatoris
2662 3486 2838 3541 nostri
2872 3485 3246 3554 apostolorum
3276 3498 3472 3538 mores

203 3579 295 3632 λων
322 3583 421 3634 τοῦ
452 3582 705 3651 Σωτῆρος
732 3580 887 3650 ἡμῶν
915 3579 1232 3650 διαγράφειν
1261 3576 1390 3650 ἦθος
1415 3578 1773 3650 πειρώμενον,

204 3674 504 3744 ἀρκούντων
559 3677 652 3727 καὶ
701 3673 809 3726 τῶν
864 3675 1168 3746 εἰρημένων
1211 3674 1311 3736 είς.
1342 3671 1612 3736 ἀπόδειξιν
1680 3671 1774 3726 τοῦ

206 3765 600 3833 προκειμένου;
639 3756 720 3824 οἷς
753 3761 833 3814 ἔτι
866 3762 1036 3816 ταῦτα
1071 3761 1349 3834 προσθεὶς,
1381 3764 1473 3817 ἐπὶ
1505 3762 1564 3816 τὸ
1591 3764 1775 3832 ἕτερον

206 3857 373 3922 etis-0;
435 3854 546 3907 τῶν
615 3855 961 3923 συκοφαντῶν
1026 3854 1423 3925 μεταϐήσομαι.
1498 3854 1775 3918 Ματθαῖος

207 3947 491 4011 ἀπόστολος
521 3948 612 4000 τὸν
639 3948 902 4018 πρότερον
935 3947 1048 4016 βίον
1075 3948 1175 4000 οὐκ
1203 3947 1310 4000 άπὸ
1339 3947 1544 4018 σεμνῆς
1571 3947 1775 4018 διατρι-

207 4039 293 4110 εῆς
315 4043 564 4113 ὡρμᾶτο,
597 4042 660 4093 ἐκ
681 4040 737 4092 δὲ
770 4039 878 4092 τῶν
905 4039 1044 4108 ἀμφὶ
1076 4038 1174 4100 τὰς
1201 4039 1456 4102 τελωνίας
1487 4040 1580 4092 καὶ
1613 4039 1772 4091 πλεο-

209 4133 368 4198 νεξξας
406 4132 794 4203 σχολαζόντων.
830 4129 999 4183 Τοῦτο
1029 4129 1204 4192 οὐδεὶς
1236 4129 1343 4184 τῶν
1373 4131 1772 4198 εύαγγελιστῶν

209 4223 480 4295 ἐδήλωσεν,
506 4226 603 4292 οὺχ
626 4227 653 4276 6
677 4223 1066 4285 συναπόστολος
1085 4221 1249 4274 αὐτοῦ
1275 4221 1544 4290 Ἰωάννης,
1566 4221 1686 4273 ούδέ
1707 4237 1770 4289 γε

210 4315 428 4380 Λουκᾶς,
443 4315 567 4368 οὐδὲ
586 4315 827 4386 Μάρκος,
846 4316 873 4366 6
908 4313 962 4366 δὲ
978 4313 1251 4376 Ματθαῖος
1273 4313 1363 4365 τὸν
1381 4312 1572 4366 ἑαυτοῦ
1593 4313 1772 4384 στηλι-

208 4406 362 4459 τεύων
395 4406 531 4475 βίον,
564 4406 656 4457 καὶ
685 4406 983 4474 κατήγορος
1011 4403 1172 4468 αὐτὸς
1205 4403 1398 4456 ἑαυτοῦ
1428 4405 1767 4475 γιγνόμενος.

218 4496 438 4552 Ἐπάκου
448 4516 538 4550 σον
561 4496 689 4566 γοῦν
713 4497 859 4560 ὅπως
879 4496 1173 4568 διαρρήδην
1200 4498 1286 4549 ἐπ’
1309 4497 1569 4567 ὀνόματος
1595 4497 1765 4551 αὑτοῦ

211 4591 466 4660 μέμνηται
487 4593 542 4643 ἐν
557 4589 635 4660 τῷ
655 4589 788 4660 πρὸς
809 4589 970 4642 αὐτοῦ
997 4588 1260 4659 γραφέντι
1290 4589 1624 4660 Εὐαγγελίῳ,
1649 4589 1769 4642 τοῦ-

208 4699 282 4734 τον
296 4685 470 4752 λέγων
491 4683 582 4736 τὸν
602 4683 822 4753 τρόπον·
853 4703 869 4731 ι
884 4681 990 4734 Καὶ
1012 4681 1274 4752 παράγων
1299 4681 1504 4736 ἐκεῖθεν
1523 4684 1550 4734 6
1568 4681 1767 4752 Ἰησοῦς

211 4771 330 4828 εἶδεν
353 4775 642 4848 ἄνθρωπον
662 4774 968 4846 καθήμενον
997 4775 1088 4826 ἐπὶ
1114 4775 1176 4826 τὸ
1199 4773 1470 4838 τελώνιον,
1491 4775 1765 4828 Ματθαῖον

210 4868 446 4941 ὀνόματι,
513 4869 606 4922 καὶ
676 4864 829 4922 εἶπεν
900 4867 1077 4938 αὐτῷ·
1137 4867 1441 4920 ’Λκολούθει
1491 4885 1610 4938 μοι’
1673 4869 1767 4922 καὶ

209 4961 426 5026 ἀναστάς
471 4962 835 5031 ἠκολούθησεν
863 4959 1029 5030 αὐτῷ.
1067 4959 1174 5013 Καὶ
1210 4961 1444 5027 ἐγένετο,
1480 4961 1768 5032 ἀνακειμέ-

208 5070 284 5107 νου
322 5055 488 5109 αὑτοῦ
527 5056 584 5106 ὲν
611 5057 678 5124 τῇ
721 5054 883 5123 οἰκίᾳ,
917 5052 1011 5106 καὶ
1049 5052 1156 5106 ἰδοὺ
1194 5053 1375 5105 πολλοὶ
1412 5053 1640 5107 τελῶναι
1674 5054 1769 5107 καὶ

210 5145 507 5219 ἁμαρτωλοὶ
535 5145 906 5200 συνανέκειντο
929 5145 1006 5214 τῷ
1039 5143 1212 5215 Ἰησοῦ
1240 5145 1334 5198 καὶ
1357 5147 1470 5208 τοῖς
1503 5145 1768 5216 μαθηταῖς

209 5239 378 5294 αὑτοῦ.
415 5259 433 5289 ι
491 5239 602 5290 Καὶ
647 5236 807 5290 πάλιν
841 5235 1044 5308 προῖὼν
1082 5235 1226 5307 ἑξῆς,
1259 5236 1350 5288 τόν
1386 5253 1444 5288 τε
1475 5236 1773 5306 κατάλογον

207 5330 296 5384 τῶν
327 5329 588 5402 μαθητῶν
628 5327 1104 5399 ἐξαριθμούμενος,
1154 5327 1318 5390 αὐτὸς
1359 5327 1537 5398 ἐαυτῷ
1579 5327 1640 5380 τὸ
1677 5327 1770 5380 τοῦ

206 5423 416 5476 τελώνου
478 5422 652 5492 ϐνομα
705 5419 1078 5489 προστίθησιν.
1124 5420 1286 5488 Λέγει
1331 5420 1376 5473 δ’
1413 5417 1538 5473 οῦν·
1597 5440 1616 5472 ι
1648 5421 1770 5473 Τῶν

204 5508 248 5563 δὲ
275 5512 479 5568 δώδεκα
513 5512 827 5567 ἀποστόλων
855 5510 924 5564 τὰ
947 5511 1188 5582 ὀνόματά
1216 5513 1333 5564 ἐστι
1361 5512 1533 5566 ταῦτα
1552 5530 1565 5542 ·
1614 5512 1766 5585 πρῶο

205 5616 278 5665 τος
305 5605 485 5675 Σίμων
524 5609 554 5660 6
577 5605 863 5676 λεγόμενος
892 5605 1116 5678 Πέτρος,
1141 5610 1234 5662 καὶ
1275 5608 1526 5679 Ἀνδρέας
1557 5609 1585 5661 6
1612 5608 1764 5662 ἀδελ-

208 5693 288 5759 τές
318 5695 505 5760 αὐτοῦ,
551 5697 804 5761 Ἰάκωϐος
845 5700 873 5745 6
909 5697 1003 5750 τοῦ
1035 5699 1339 5764 Ζεϐεδαίου,
1376 5701 1469 5753 καλ⁵
1515 5701 1766 5770 Ἰωάννης

264 5789 438 5846 "Act.
473 5809 557 5854 ιιι,
589 5792 645 5847 6.
789 5794 837 5824 "°
864 5792 998 5850 Luc.
1033 5813 1106 5859 vi,
1139 5797 1228 5850 25.
1306 5800 1346 5830 ⁷¹
1379 5797 1568 5853 Matth.
1606 5814 1680 5864 nt,
1710 5798 1798 5855 10.

259 5883 326 5952 (Ι)
368 5888 588 5942 Αὑτοῦ.
625 5885 784 5945 Forte
818 5890 997 5945 αὐτόν,
1039 5890 1190 5947 Eon.

1880 3571 2194 3629 describere
2231 3584 2545 3640 conantem,
2583 3577 2740 3645 plura
2782 3577 2837 3630 in
2873 3591 3041 3629 unum
3071 3589 3264 3644 cogere
3293 3589 3459 3644 opor-

1875 3675 1972 3734 tet,
2004 3683 2128 3720 eum
2169 3667 2236 3722 iis
2262 3685 2384 3739 qua:
2419 3669 2568 3723 dicta
2597 3676 2748 3735 sunt,
2795 3667 3014 3723 abunde
3051 3667 3292 3721 contenti
3333 3683 3458 3723 esse

1877 3762 2172 3831 possimus,
2203 3761 2271 3815 ad
2301 3761 2353 3815 id
2384 3760 2872 3818 demonstrandum
2904 3761 3048 3832 quod
3091 3775 3120 3813 a
3150 3761 3310 3815 nobis
3339 3776 3459 3830 ριὀο

1876 3855 2113 3925 positum
2137 3855 2254 3910 est?
2275 3853 2488 3920 Quibus
2518 3871 2642 3910 eum
2666 3871 2840 3926 pauca
2873 3871 2996 3926 qua:
3027 3862 3334 3925 sequuntur
3359 3853 3459 3908 ad-

1873 3948 2084 4011 didero,
2114 3949 2182 4003 ad
2219 3950 2364 4003 aliud
2405 3949 2859 4004 calumniantium
2904 3965 3077 4020 genus
3116 3964 3202 4004 me
3229 3962 3480 4026 conver:

1873 4048 2006 4093 tam.
2054 4039 2339 4097 Mattha-us
2381 4042 2660 4111 apostolus
2705 4043 2831 4096 vita!
2871 4057 3066 4113 genus,
3111 4041 3261 4113 quod
3302 4041 3458 4112 prius

1873 4141 2116 4188 sectatus
2151 4143 2258 4201 est,
2293 4136 2445 4189 nullo
2486 4135 2739 4205 graviore
2781 4135 2968 4192 studio
3013 4145 3108 4190 aut
3159 4142 3458 4191 consuetu-

1871 4228 1998 4282 dine
2054 4228 2316 4283 relertum
2362 4229 2465 4283 sibi
2510 4229 2733 4298 delegit,
2783 4229 2877 4285 sed
2921 4229 3065 4284 inter
3109 4228 3454 4300 publicanos,

1870 4330 1924 4374 et
1945 4335 2040 4376 eos
2072 4323 2165 4391 qui
2206 4323 2452 4392 pecuniae
2490 4323 2813 4394 colligendae
2861 4331 3142 4378 vacarent.
3181 4321 3297 4377 Hoc
3333 4323 3458 4394 qui-

1869 4413 1992 4468 dem
2020 4415 2204 4470 nullus
2223 4415 2681 4485 evangelistarum
2713 4414 2995 4479 indicavit,
3021 4429 3129 4469 non
3160 4421 3454 4484 coaposto-

1872 4507 1955 4562 lus
1995 4508 2114 4577 ejus
2141 4507 2403 4571 Joannes,
2434 4501 2543 4563 non
2575 4507 2775 4574 Lucas,
2795 4524 2907 4562 non
2937 4507 3176 4573 Marcus,
3219 4507 3315 4562 sed
3339 4506 3456 4578 ipse

1872 4599 2157 4654 Matthmus
2194 4615 2348 4654 suam
2378 4600 2557 4670 ipsius
2583 4599 2748 4653 vitam
2783 4615 2892 4654 non
2925 4598 3304 4663 dissimulans,
3338 4599 3456 4669 pla-

1869 4709 2046 4763 neque
2082 4694 2197 4762 ipse
2228 4693 2467 4763 seipsum
2492 4709 2783 4751 accusans.
2813 4694 2957 4748 Audi
2985 4693 3153 4763 igitur
3180 4694 3455 4766 quomodo

1870 4785 2151 4862 palam‘sui
2187 4786 2426 4840 nominis
2475 4786 2744 4851 meminit,
2772 4786 2826 4840 iu
2858 4802 2944 4849 eo,
2983 4785 3128 4857 quod
3159 4787 3276 4856 ipse
3317 4787 3456 4842 scri-

1873 4879 1981 4947 psit
2024 4878 2337 4949 Evangelio,
2367 4885 2422 4933 et
2472 4893 2656 4932 mores
2712 4879 2966 4948 proprios
3022 4877 3272 4932 notavit;
3323 4897 3342 4930 ι
3387 4876 3455 4932 Et

1875 4970 2187 5039 prreterien-s
2219 4970 2368 5024 illinc
2385 4969 2567 5035 Jesus,
2600 4970 2733 5025 vidit
2759 4971 2918 5041 120
2941 4971 3215 5026 hominem
3251 4971 3456 5026 seden-

1873 5071 1982 5115 tem
2016 5061 2071 5115 in
2108 5063 2332 5128 telonio,
2356 5062 2667 5117 Matthagum
2715 5065 2957 5129 nomine,
2989 5072 3042 5120 et
3081 5064 3219 5118 dixit
3243 5063 3328 5118 ei:
3355 5061 3453 5118 Se-

1875 5167 2044 5221 quere
2076 5169 2184 5215 me,
2225 5163 2279 5208 et
2318 5168 2549 5224 surgens
2585 5164 2807 5209 secutus
2844 5162 2930 5210 est
2961 5169 3110 5218 eum,
3155 5162 3210 5207 et
3245 5152 3450 5207 factum

1873 5254 1978 5309 est,
2010 5246 2391 5302 discumbentc
2419 5247 2512 5300 illo
2545 5247 2598 5300 in
2632 5247 2816 5312 domo,
2839 5262 2970 5302 ecce
2991 5247 3146 5300 multi
3171 5247 3449 5317 publicani

1872 5344 1926 5390 et
1975 5347 2292 5407 peccatores
2337 5340 2501 5394 simul
2549 5338 2970 5394 discumbebant
3026 5353 3150 5392 cum
3187 5335 3353 5406 Iesu,
3398 5349 3454 5394 et

1871 5429 2156 5499 discipulis
2204 5431 2406 5499 ejus“.
2436 5450 2454 5482 ι
2489 5431 2755 5501 Deinceps
2803 5445 3056 5486 sermone
3099 5447 3448 5502 progressus,

1871 5539 1933 5577 ac
1964 5523 2358 5594 discipulorum
2401 5527 2624 5580 nomina
2655 5542 3006 5590 enumerans,
3043 5527 3160 5598 ipse
3196 5526 3302 5581 sibi
3343 5526 3449 5597 ipsi

1869 5617 2144 5685 publicani
2174 5633 2371 5673 nomen
2399 5618 2666 5688 adjungit,
2698 5619 3015 5690 dicitigitur
3042 5641 3053 5675 :
3093 5639 3114 5673 ι
3152 5619 3452 5676 Duodecim

1870 5723 1997 5764 vero
2029 5709 2400 5779 apostolorum
2426 5711 2649 5767 nomina
2677 5720 2805 5771 sunt
2833 5711 2971 5778 haec,
2994 5711 3203 5782 primus
3235 5710 3448 5774 Simon,
