3954 6542
517 422 623 480 ειε

1187 429 1456 486 EUSEBII
1492 427 1969 540 CAESABIE§518
1999 433 2149 490 OPP.
2189 433 2368 490 PARS
2397 434 2462 492 ιι.
2489 467 2558 478 —-
2591 435 3086 496 APOLOGETICA.

3650 439 3760 496 216

513 545 609 614 qui
647 545 847 602 dicitur
875 545 1095 612 Petrus,
1131 556 1186 603 et
1209 548 1456 605 Andreas
1489 549 1658 604 frater
1689 549 1825 618 ejus,
1856 550 2067 606 Jacobu!

2189 552 2218 603 6
2237 553 2460 622 ἀδελφὸς
2485 551 2672 616 αὐτοῦ,
2699 554 2960 617 Φίλιππος
2981 556 3074 608 καὶ
3102 555 3520 627 Βαρθολομαῖος,
3551 555 3758 626 Θωμᾶς

515 633 789 704 Zebedasi,
813 647 866 694 ct
900 639 1138 696 Joannes
1175 641 1344 696 frater
1382 643 1521 710 ejus,
1561 642 1846 714 Philippus
1877 654 1929 699 et
1962 644 2086 698 Bar-

513 729 864 796 tholomaaus,
915 731 1150 787 Thomas
1195 742 1248 788 et
1290 734 1574 790 Matthzeus
1608 736 1932 806 publicanus
1956 737 2021 790 ⁷³.
2061 754 2080 788 ι

523 818 708 890 Itaque
735 822 1016 878 Malthams
1042 825 1374 879 abundantia
1397 827 1628 896 quadam
1653 827 1946 893 modestiae,
1977 837 2086 884 stu-

519 912 671 968 dium
711 931 820 984 prae
847 931 905 971 se
935 916 1115 972 ferens
1141 919 1386 974 veritatis
1420 921 1474 974 in
1506 921 1621 974 suis
1655 921 1896 976 moribus
1931 921 2072 975 indi-

517 1005 729 1070 candis,
773 1007 1124 1076 publicanum
1167 1025 1225 1065 se
1267 1012 1578 1082 appellavit,
1617 1029 1796 1083 neque
1846 1015 2082 1082 priorem

517 1111 673 1150 suam
705 1099 866 1152 vitam
898 1103 1178 1158 occultare
1217 1106 1404 1158 voluit.
1437 1105 1503 1158 Et
1537 1107 1776 1160 secundo
1813 1107 1934 1161 loco
1961 1113 2083 1175 post

516 1190 777 1256 aequalem
799 1205 956 1246 suum
989 1209 1048 1248 se
1075 1196 1394 1250 nominavit.
1423 1195 1558 1250 Cum
1577 1197 1720 1252 enim
1749 1199 1946 1264 singuli
1969 1199 2084 1253 sin-

517 1281 662 1348 gulis
715 1296 1122 1352 comparantur,
1151 1288 1268 1356 ipse
1303 1286 1588 1344 Matthzeus
1617 1288 1858 1356 Thomae,
1887 1289 2082 1346 Petrus

512 1373 766 1436 Andrem,
805 1374 1042 1432 Jacobus
1075 1377 1291 1443 Joanni,
1335 1379 1618 1452 Philippus
1663 1381 2078 1450 Bartholomaeo,

515 1463 781 1522 Thomam
830 1469 931 1523 sibi
971 1470 1074 1538 ipsi
1128 1473 1414 1541 prmponit,
1464 1475 1699 1542 priorem
1743 1475 1820 1528 illi
1865 1475 2080 1542 locum,

514 1561 764 1628 quamvis
787 1563 1124 1630 coapostolo,
1155 1571 1412 1634 tanquam
1448 1565 1785 1622 honoratiori
1814 1569 2079 1636 tribuens,

513 1649 731 1702 tametsi
785 1651 982 1719 reliqui
1051 1655 1398 1722 evangelista:
1451 1657 1789 1710 contrarium
1849 1656 2078 1715 faciunt.

510 1737 654 1794 Audi
687 1741 870 1812 itaque
886 1743 1112 1807 Lucam,
1149 1754 1208 1798 ut
1230 1745 1464 1800 Μοιιὶιωί
1492 1747 1819 1803 mentionem
1850 1748 2077 1814 faciens,

514 1845 623 1882 non
675 1832 1027 1900 publicanum
1073 1834 1224 1899 dicit,
1269 1851 1444 1904 neque
1489 1845 1614 1906 post
1653 1835 1915 1892 Thomam
1966 1840 2080 1892 col-

2186 655 2278 700 mt
2306 646 2580 709 Ματθαῖος
2603 648 2631 699 6
2661 646 2916 720 τελώνης.
2937 667 2954 698 ι
2973 649 3156 712 υῦτως
3188 650 3286 719 μὲν
3314 651 3344 703 6
3369 650 3666 715 Ματύαῖος,
3688 651 3758 705 δι’

2186 738 2486 810 ὐπερόολὴν
2531 741 2830 805 ἐπιεικείας
2877 743 2940 795 τὸ
2970 743 3258 814 φιλάληθες
3295 745 3604 814 ὑποφαίνων
3657 744 3760 798 τοῦ

2188 829 2317 882 ἰδίου
2366 830 2570 900 τρόπου
2590 869 2604 894 ,
2667 831 2762 884 καὶ
2807 832 3043 903 τελώνην
3095 834 3281 888 ἐαυτὸν
3337 835 3631 899 ἀπεκάλει,
3679 835 3760 908 μὴ

2185 920 2548 991 ἀποκρύπτων
2603 921 2694 976 τὸν
2743 926 3008 996 πρότερον
3063 925 3257 978 ἐαυτοῦ
3308 925 3419 994 βίον
3445 967 3459 990 ,
3515 926 3610 986 καὶ
3659 926 3758 980 τοῦ

2186 1010 2419 1080 συζύγου
2463 1011 2712 1084 δεύτερον
2755 1015 2946 1070 ἐαυτὸν
2977 1017 3287 1086 κατέλεγεν.
3321 1017 3761 1088 Συνεζευγμένος

2183 1101 2311 1170 γοῦν
2352 1103 2428 1172 τῷ
2453 1103 2641 1176 Θωμᾷ,
2678 1107 2706 1158 6
2739 1106 2940 1178 Πέτρος
2979 1107 3220 1178 Ἀνδρέᾳ,
3253 1109 3348 1161 καὶ
3393 1108 3646 1170 Ἰάκωϐος
3675 1107 3759 1178 τῷ

2196 1191 2447 1262 Ἰωάννῃ,
2500 1194 2592 1245 ml.
2643 1193 2902 1258 Φίλιππος
2969 1195 3388 1267 Βαρθολομαίῳ,
3461 1196 3760 1266 προτάττει

2183 1281 2375 1334 ἑαυτοῦ
2407 1282 2498 1336 τὸν
2528 1283 2748 1353 Θωμᾶν,
2778 1285 3053 1357 προτιμῶν
3093 1286 3168 1349 ὡς
3194 1288 3476 1358 κρείττονα
3502 1288 3594 1340 τὸν
3627 1305 3758 1340 συν-

2181 1373 2512 1436 απόστολον,
2559 1376 2668 1428 τῶν
2714 1376 2914 1431 λοιπῶν
2981 1377 3377 1446 εὐαγγελιστῶν
3445 1379 3758 1434 τούναντίον

2183 1465 2576 1535 πεποιηκότων.
2603 1467 2798 1520 Ἀκουε
2825 1468 2953 1536 γοῦν
2975 1471 3175 1532 Λουκᾶ,
3201 1468 3338 1532 πῶς,
3361 1469 3452 1522 τοῦ
3469 1468 3756 1522 Ματθαίου

2183 1556 2580 1626 μνημονεύσας,
2631 1560 2692 1611 οὐ
2722 1558 2957 1632 τελώνην
2999 1559 3273 1632 ὀνομάζει,
3319 1561 3424 1614 οὐδ’
3463 1561 3756 1615 ὐποτάττει

2180 1645 2258 1716 τῷ
2287 1647 2487 1719 Θωμᾷ,
2520 1649 2802 1721 κρείττονα
2843 1651 2900 1704 δὲ
2935 1651 3096 1706 αὐτὸν
3135 1650 3310 1716 εἰδὼς,
3339 1651 3552 1722 πρῶτον
3587 1651 3755 1705 αὐτὸν

2181 1738 2485 1804 κατέλεξεν,
2529 1741 2780 1814 δεύτερον
2825 1742 2916 1796 τὸν
2955 1743 3154 1813 Θωμᾶν
3204 1741 3520 1812 ἐπαγαγὼν,
3553 1741 3754 1814 ὥσπερ

2181 1830 2276 1882 ml.
2316 1832 2344 1883 6
2367 1831 2592 1902 Μάρκος
2629 1834 2926 1904 πεποίηκεν
2945 1851 2958 1864 ·
2999 1834 3178 1904 έχουσι
3211 1834 3266 1886 δέ
3293 1834 3456 1888 αὐτοῦ
3485 1836 3542 1887 αἱ
3573 1833 3754 1902 λέξεις

511 1917 675 1984 locat,
705 1923 802 1978 sed
823 1925 1253 1992 prmstantiorem
1281 1927 1431 1980 illum
1457 1943 1813 1998 cognoscens,
1845 1931 2067 2000 priorerr

2181 1920 2384 1985 οὕτως·
2449 1941 2467 1973 ι
2495 1924 2604 1976 Καὶ
2648 1925 2736 1976 ὅτε
2795 1925 2975 1996 ἡμέρα
3019 1925 3266 1993 ἐγένετο,
3323 1923 3566 1996 ἐφώνησε
3621 1925 3754 1988 τούς

510 2031 729 2084 quoque
759 2019 1026 2079 nominat,
1054 2017 1316 2074 Thomam
1340 2021 1417 2074 illi
1443 2022 1684 2076 secundo
1714 2023 1835 2078 loco
1857 2025 2078 2092 subjun-

510 2123 666 2176 gens,
693 2110 838 2179 quod
884 2111 1062 2182 ipsum
1106 2111 1320 2169 Marcus
1361 2130 1576 2184 quoque
1615 2119 1872 2173 servavit.
1901 2119 2078 2174 Verba

509 2201 678 2270 igitur
725 2203 874 2258 illius
919 2205 999 2258 sic
1043 2220 1101 2259 se
1137 2205 1388 2261 habent:
1421 2225 1438 2258 ι
1478 2207 1544 2261 Et
1581 2223 1704 2262 cum
1745 2209 1863 2266 dies
1903 2211 2078 2267 factus

507 2302 676 2354 esset,
711 2297 926 2350 vocavit
973 2297 1276 2368 discipulos
1309 2316 1460 2366 suos,
1505 2309 1559 2358 et
1588 2304 1748 2375 elegit
1789 2307 2074 2362 duodecim

507 2399 572 2438 ex
615 2385 716 2446 eis,
765 2401 904 2455 quos
943 2393 998 2440 et
1043 2389 1320 2456 apostolos
1370 2389 1674 2444 nominavit
1715 2411 1728 2446 :
1778 2393 2075 2456 Simonem,

505 2491 668 2546 quem
718 2479 881 2532 etiam
926 2475 1148 2532 Petrum
1188 2481 1426 2544 vocavit,
1460 2488 1513 2537 et
1545 2483 1816 2540 Andream
1853 2485 2077 2540 fratrem

508 2565 657 2634 ejus,
683 2563 943 2621 Iacobum
977 2575 1030 2621 et
1059 2565 1346 2633 Joannem,
1367 2569 1679 2643 Philippum
1712 2583 1765 2628 et
1793 2573 2078 2629 Bai-tholo-

503 2674 726 2724 marum,
761 2659 1069 2714 Matthaeum
1105 2667 1159 2713 et
1191 2659 1454 2716 Thomam
1477 2663 1542 2717 ⁷³.
1585 2684 1604 2716 ι
1642 2663 1732 2720 Sic
1763 2665 2074 2721 Matthamm

504 2747 686 2804 Lucas
724 2752 1021 2819 anteponit,
1064 2752 1515 2820 quemadmodum
1563 2755 1669 2826 ipsi
1714 2755 2072 2821 tradiderant,

503 2841 599 2910 qui
625 2841 694 2896 ab
727 2841 882 2896 initio
914 2843 1018 2912 ipsi
1050 2842 1320 2908 viderant,
1356 2852 1410 2898 et
1441 2846 1675 2900 ministri
1708 2847 1924 2902 fuerant
1957 2865 2074 2904 ser-

503 2932 704 2988 monis.
741 2931 1002 2988 Joannem
1031 2953 1247 3008 quoque
1270 2939 1499 2993 similem
1531 2939 1783 2996 Matthazo
1811 2941 2073 2998 invenies.

504 3021 640 3076 Nam
667 3023 720 3076 in
751 3025 866 3078 suis
903 3026 1151 3095 epistolis
1183 3043 1250 3082 ne
1292 3027 1538 3081 meminit
1571 3028 1788 3097 quidem
1821 3043 1932 3084 sua:
1975 3045 2073 3100 ap-

507 3115 842 3186 pellationis,
865 3125 958 3170 aut
984 3119 1252 3172 seniorem
1279 3135 1337 3174 se
1367 3120 1632 3183 nominat,
1655 3135 1924 3190 nusquam
1947 3137 2074 3176 vero

405 3231 422 3252 ο
508 3209 813 3276 apostolum
854 3216 948 3263 aut
976 3211 1386 3280 evangelistam.
1429 3208 1486 3264 In
1530 3211 1822 3280 Evangelio
1867 3219 2068 3278 autem,

2186 2015 2429 2085 μαθητὰς
2467 2015 2663 2078 αὐτοῦ,
2697 2017 2788 2068 ml.
2825 2013 3174 2086 ἐκλεξάμενος
3203 2003 3268 2080 ἐξ
3305 2015 3480 2068 αὐτῶν
3514 2015 3752 2080 δώδεκα,

2179 2105 2275 2170 οὓς
2313 2108 2406 2160 καὶ
2443 2107 2770 2170 ἀποστόλους
2805 2107 3104 2177 ὠνόμασεν,
3136 2106 3373 2176 Σίμωνα,
3401 2106 3459 2160 ὃν
3493 2108 3586 2159 καὶ
3617 2107 3752 2159 ἐκά-

2181 2196 2302 2249 λεσε
2326 2197 2549 2269 Πέτρον,
2594 2198 2688 2250 καὶ
2727 2196 2977 2268 Ἀνδρέαν
3013 2198 3103 2250 τὸν
3144 2196 3368 2267 ἀδελφὸν
3413 2197 3600 2262 αὐτοῦ,
3644 2199 3750 2251 Ἰά-

2179 2287 2354 2341 κωϐον
2382 2290 2472 2342 καὶ
2495 2288 2769 2358 Ἰωάννην,
2787 2288 2882 2340 καὶ
2902 2287 3184 2350 Φίλιππον,
3205 2289 3297 2341 καὶ
3321 2286 3744 2357 Βαρθολομαῖον,

2180 2381 2276 2432 καὶ
2309 2381 2606 2444 Ματθαῖον,
2653 2383 2746 2434 ml.
2789 2380 3010 2450 Θωμᾶν.
3039 2399 3056 2431 ι
3091 2380 3276 2442 Οὕτως
3323 2380 3421 2450 μὲν
3463 2379 3552 2431 τὸν
3581 2380 3744 2432 Ματ-

2179 2471 2328 2525 θαῖον
2370 2473 2398 2522 6
2426 2473 2635 2534 Λουκᾶς
2681 2471 2939 2543 ἐτίμησε,
2987 2471 3106 2524 καθ’
3155 2469 3192 2524 ἃ
3237 2469 3556 2542 παρέδωκαν
3593 2469 3748 2541 αὐτῴ

2176 2565 2226 2616 οἱ
2262 2564 2512 2634 ἀπαρχῆς
2551 2563 2813 2617 αὐτόπται
2866 2563 2957 2616 καὶ
3002 2562 3271 2634 ὑπηρέται
3319 2563 3600 2633 γενόμενοι
3643 2560 3746 2616 τοῦ

2177 2654 2353 2722 λόγου.
2404 2655 2513 2707 Καὶ
2552 2655 2639 2708 τὸν
2689 2655 2938 2725 Ἰωάννην
2993 2653 3050 2706 δὲ
3100 2654 3280 2724 ὅμοιον
3335 2653 3514 2725 εὐροις
3561 2653 3626 2706 ἂν
3661 2653 3746 2724 τῷ

2175 2746 2455 2816 Ματθαίῳ.
2510 2747 2596 2798 Ἐν
2633 2745 2729 2816 μέν
2765 2745 2872 2815 γὰρ
2915 2748 3036 2808 ταῖς
3077 2747 3385 2807 ἐπιστολαῖς
3424 2743 3586 2797 αὐτοῦ
3621 2744 3744 2797 οὐδὲ

2181 2836 2396 2906 μνήμην
2423 2836 2520 2905 τῆς
2545 2837 2746 2899 οἰκείας
2773 2836 3136 2908 προσηγορίας
3163 2839 3410 2902 ποιεῖται,
3441 2836 3474 2906 ἢ
3505 2835 3746 2908 πρεσϐύ-

2173 2943 2330 2996 τερον
2374 2926 2558 2978 ἐαυτὸν
2603 2927 2875 2997 ὀνομάζει,
2916 2927 3148 2999 οὐδαμοῦ
3186 2927 3242 2980 δέ
3275 2927 3588 2990 ἀπόστολον,
3617 2927 3743 2982 οὐδέ

2174 3018 2561 3089 εὐαγγελιστήν
2579 3035 2592 3047 ·
2628 3019 2685 3072 ἐν
2713 3019 2768 3070 δὲ
2797 3017 2873 3088 τῷ
2901 3017 3216 3088 Εὐαγγελίῳ
3262 3017 3743 3088 ἐπισημηνάμενος

2172 3109 2232 3164 ὃν
2259 3109 2445 3179 ἠγάπα
2475 3112 2503 3162 6
2537 3110 2760 3180 Ἰησοῦς,
2794 3112 2892 3165 οὐκ
2933 3112 3198 3183 ἐδήλωσαν
3235 3111 3492 3182 ὀνομαστὶ
3523 3112 3738 3168 ἑαυτόν.

2178 3198 2244 3252 Ὅ
2275 3216 2338 3267 γε
2365 3199 2470 3270 μὴν
2493 3199 2697 3270 Πέτρος
2730 3200 2851 3253 οὐδὲ
2880 3201 3116 3272 καθῆκεν
3151 3201 3243 3254 ἐπὶ
3279 3201 3377 3272 τὴν
3403 3201 3742 3270 Εὐαγγελίου

503 3315 627 3354 cum
651 3300 1014 3370 significasset
1037 3279 1188 3356 illum
1215 3318 1375 3373 quem
1401 3279 1848 3373 diligebatlesus,
1872 3319 2067 3359 nomen

2171 3291 2385 3364 γραφὴν
2406 3291 2472 3344 δι’
2489 3292 2769 3357 εὐλαϐείας
2793 3294 3115 3365 ὑπερϐολήν.
3143 3294 3342 3348 Τούτου
3365 3297 3588 3366 Μάρκος
3607 3296 3742 3364 γνὼ-

504 3407 664 3447 suum
699 3408 809 3447 non
855 3395 1062 3464 posuit.
1099 3393 1295 3450 Petrus
1339 3410 1470 3452 vero
1516 3411 1582 3451 ex
1627 3396 1794 3449 nimia
1835 3395 2067 3466 quadam

2170 3402 2328 3456 ριμος
2349 3386 2440 3438 ml.
2473 3386 2730 3457 φοιτητὴς
2757 3385 2990 3454 γεγονὼς
3013 3387 3485 3458 ἀπομνημονεῦσαι
3518 3387 3740 3456 λέγεται

453 3479 462 3488 ’
501 3487 832 3550 reverentia,
867 3503 934 3542 ne
963 3487 1184 3557 dignum
1207 3488 1423 3558 quidem
1459 3503 1518 3542 se
1557 3488 1853 3558 scriptione
1892 3487 2067 3544 Evan-

2170 3477 2264 3542 τάς
2281 3477 2375 3531 τοῦ
2391 3477 2592 3550 Πέτρου
2615 3477 2866 3548 περὶτῶν
2887 3477 3132 3548 πράξεων
3151 3479 3244 3532 τοῦ
3260 3479 3433 3550 Ἰησοῦ
3454 3479 3736 3546 διαλέξεις,

501 3579 628 3650 gelii
671 3579 1026 3636 existimavit.
1069 3582 1174 3636 Sed
1213 3581 1335 3650 ejus
1380 3580 1667 3638 familiaris
1710 3596 1774 3635 ac
1826 3581 2068 3653 discipu-

499 3669 590 3726 lus
629 3670 865 3736 Marcus,
899 3671 971 3725 in
1023 3671 1474 3746 commentarium
1521 3673 1777 3727 retulisse
1824 3671 2064 3742 ejusdem

499 3749 568 3816 de
623 3763 791 3818 rebus
851 3762 1020 3832 gestis
1077 3761 1241 3827 .lesu,
1301 3761 1644 3818 narrationes
1715 3775 2062 3818 memoratur.

501 3853 656 3922 121
677 3851 778 3918 Qui
818 3868 942 3906 cum
967 3854 1030 3908 ad
1055 3854 1204 3907 illum
1229 3853 1468 3908 historiae
1493 3853 1670 3906 locum
1687 3853 1945 3916 venisset,
1971 3855 2063 3909 ubi

497 3941 656 3998 Jesus
704 3943 1075 4010 interrogavit.
1107 3958 1264 4012 quem
1291 3959 1350 3998 se
1376 3958 1498 3998 esse
1523 3945 1769 3998 homines
1800 3941 2061 4006 dicerent,

497 4034 710 4104 ipsique
747 4034 829 4089 sui
869 4033 1122 4102 discipuli
1157 4049 1318 4104 quam
1349 4033 1416 4088 de
1458 4049 1516 4088 se
1553 4034 1863 4103 opinionem
1897 4034 2064 4088 habe-

495 4132 642 4190 rent,
677 4125 1162 4195 subjunxissetque
1189 4125 1403 4188 Petrus,
1435 4133 1690 4196 tauquam
1727 4128 1792 4182 de
1820 4127 2060 4192 Christo,

494 4216 633 4271 nihil
661 4216 738 4269 illi
767 4215 1186 4286 respondentem
1219 4216 1402 4272 .lesum
1442 4225 1534 4271 aut
1559 4219 1828 4274 dicentem
1854 4220 2062 4274 descri-

495 4304 592 4372 πει,
620 4307 714 4362 sed
757 4308 866 4362 illis
897 4307 1318 4362 comminantem
1361 4307 1644 4374 duntaxat,
1679 4319 1736 4363 ut
1761 4313 1962 4366 nemini
1993 4312 2061 4366 de

489 4413 614 4468 .pso
647 4399 852 4455 dicant.
883 4399 1000 4455 Non
1033 4399 1178 4454 enim
1209 4399 1456 4454 interfuit
1487 4399 1700 4455 Marcus
1743 4402 1810 4456 iis
1857 4418 1976 4473 qua-
2027 4417 2058 4456 a

493 4492 714 4546 Christo
743 4493 884 4547 dicta
935 4501 1061 4548 sunt
1091 4511 1105 4548 :
1151 4507 1215 4547 ac
1242 4507 1310 4547 ne
1341 4491 1534 4547 Petrus
1562 4492 1802 4562 quidem,
1837 4509 1956 4564 qua:
1989 4494 2058 4549 ad

495 4581 674 4652 ipsum
711 4596 774 4634 ac
801 4582 870 4636 de
895 4583 1016 4651 ipso
1047 4583 1190 4636 dicta
1225 4591 1352 4638 sunt
1377 4583 1445 4636 ab
1473 4580 1623 4643 Jesu.
1653 4585 1872 4653 preprio
1903 4585 2057 4640 testi-

489 4675 677 4728 monio
724 4675 965 4742 proferre
1019 4689 1233 4742 atquum
1282 4673 1511 4743 putavit.
1566 4673 1696 4739 Quae
1736 4683 1916 4728 autem
1967 4677 2058 4730 illa

489 4763 621 4824 sint.
643 4777 768 4832 quae
782 4763 1032 4818 videlicet
1051 4763 1118 4816 ad
1149 4765 1324 4833 ipsum
1345 4762 1562 4818 Petrum
1591 4764 1736 4818 dicta
1757 4771 1904 4828 sunt,
1931 4765 2060 4819 Mat-

487 4855 666 4909 threus
681 4855 768 4907 his
785 4853 990 4908 indicat
1004 4855 1213 4908 verbis:
1236 4872 1254 4905 ι
1267 4851 1373 4908 Vos
1389 4861 1566 4906 autem
1585 4869 1746 4923 quem
1770 4869 1856 4908 me
1876 4855 2057 4910 dicitis

485 4946 644 5001 esse?
669 4953 722 5000 et
741 4945 1077 5014 respondens
1097 4944 1282 5000 Simon
1305 4944 1496 4999 Petrus
1519 4943 1686 4999 dixit:
1709 4945 1790 5000 Tu
1817 4961 1878 5001 es
1909 4945 2057 5002 Chri-

489 5045 610 5094 stus
632 5035 806 5092 Filius
821 5035 914 5090 Dei
938 5035 1066 5090 vivi.
1097 5034 1448 5105 Respondeas
1469 5033 1626 5091 Jesus
1646 5035 1782 5090 dixit
1805 5037 1853 5093 ei
1887 5056 1900 5092 :
1925 5037 2052 5092 Bea-

487 5141 580 5186 tus
605 5144 687 5192 es,
717 5127 904 5183 Simon
935 5126 1188 5196 Barjona,
1209 5126 1462 5198 quoniam
1487 5141 1615 5181 caro
1629 5133 1684 5181 et
1703 5129 1923 5197 sanguis
1939 5143 2048 5183 non

485 5221 747 5278 revelavit
773 5221 904 5284 tibi,
934 5219 1030 5276 sed
1063 5218 1226 5274 Pater
1270 5235 1423 5275 meus
1461 5219 1554 5290 qui
1577 5227 1661 5274 est
1703 5219 1758 5273 in
1788 5220 1963 5286 cmlis,
1995 5227 2048 5276 et

484 5314 708 5383 egotibi
735 5313 860 5368 dico
887 5331 900 5368 :
937 5313 1018 5368 Tu
1047 5327 1106 5368 es
1129 5311 1344 5376 Petrus,
1371 5319 1426 5368 et
1459 5325 1623 5380 super
1664 5311 1806 5366 hanc
1839 5319 2044 5382 petram

481 5405 762 5460 zdiiicabo
808 5406 1107 5463 Ecclesiam
1164 5419 1364 5470 meam,
1403 5410 1457 5459 et
1488 5409 1658 5474 porta:
1705 5403 1901 5459 inferni
1935 5417 2044 5457 non

481 5497 846 5566 praevalebunt
875 5497 1138 5550 adversus
1158 5503 1374 5562 eam;et
1403 5495 1542 5549 dabo
1574 5495 1670 5549 tibi
1699 5495 1879 5550 claves
1893 5494 2045 5564 regni

479 5589 762 5650 ein-lorum,
775 5593 830 5642 et
842 5601 1172 5656 quaecunque
1195 5587 1444 5657 ligaveris
1470 5601 1634 5656 super
1647 5595 1870 5652 terram,
1887 5592 2048 5642 erunt

479 5679 640 5750 ligata
667 5687 720 5733 et
745 5681 800 5732 in
827 5678 1010 5734 caelis:
1050 5687 1104 5733 et
1127 5693 1462 5750 quacunque
1490 5679 1717 5734 solveris
1739 5693 1902 5750 super
1931 5685 2043 5734 ter-

581 5839 625 5872 ⁷⁸
651 5836 835 5894 Matth.
853 5855 908 5904 ς,
933 5837 988 5906 ‘2,
1014 5839 1066 5894 3.
1141 5837 1185 5870 ⁷⁸
1210 5837 1339 5892 Luc.
1358 5852 1411 5892 vl
1434 5876 1449 5904 ,
1483 5834 1666 5892 13-15.

2163 3571 2222 3635 ὂς
2264 3570 2430 3624 ἐλθὼν
2465 3572 2548 3624 ἐπ’
2583 3573 2763 3624 ἐκεῖνα
2795 3571 2893 3641 τῆς
2934 3572 3189 3642 ἱστορίας,
3227 3573 3284 3624 ἐν
3329 3567 3410 3636 οἷς
3447 3575 3476 3626 ὁ
3523 3571 3733 3643 Ἰησοῦς

2164 3665 2464 3734 ἐρωτήσας,
2495 3661 2616 3716 τίνα
2646 3662 2806 3732 φασὶν
2835 3662 2993 3715 αὐτὸν
3026 3664 3073 3715 oi
3115 3663 3410 3736 ἄνθρωποι,
3443 3663 3537 3715 καὶ
3579 3663 3738 3718 αὐτοὶ

2162 3756 2218 3810 δὲ
2247 3758 2296 3808 οἱ
2330 3755 2493 3808 αὐτοῦ
2537 3755 2794 3826 μαθηταὶ,
2838 3755 2956 3808 τίνα
2983 3755 3136 3820 δόξαν
3166 3757 3337 3827 ἔχοιεν
3375 3757 3502 3828 περὶ
3544 3755 3736 3822 αὐτοῦ,

2165 3849 2570 3910 ὑπακούσαντος
2611 3848 2704 3901 τοῦ
2751 3848 2978 3920 Πέτρου,
3011 3849 3086 3912 ὡς
3128 3851 3254 3920 περὶ
3295 3847 3552 3921 Χριστοῦ,
3579 3849 3734 3902 οὐδὲν

2161 3943 2590 4013 ἀποκρινάμενον
2631 3943 2720 3996 τὸν
2755 3942 2957 4012 Ἰησοῦν
2988 3942 3106 3994 οὐδὲ
3143 3941 3369 4009 λέγοντα
3413 3939 3559 4011 αὐτῷ
3596 3941 3736 4012 γρά-

2163 4051 2272 4102 (ρει,
2299 4033 2410 4086 ἀλλ’
2435 4035 2514 4086 ὅτι
2558 4034 2885 4104 ἐπετίμησεν
2929 4034 3128 4097 αὐτοῖς,
3174 4033 3262 4086 ἴνα
3299 4031 3488 4106 μηδεν)⁸
3529 4035 3732 4101 λέγωσι

2162 4129 2288 4198 περὶ
2325 4126 2506 4179 αὐτοῦ.
2542 4127 2614 4178 υύ
2658 4126 2765 4196 γὰρ
2805 4125 2984 4196 παρῆν
3011 4127 3039 4177 6
3079 4124 3301 4196 Μάρκος
3329 4127 3440 4188 τοῖς
3471 4125 3576 4177 ὐπὸ
3631 4125 3730 4178 τοῦ

2175 4217 2343 4289 Ἰησοῦ
2377 4217 2662 4287 λεχθεῖσιν,
2705 4216 2819 4271 ἀλλ’
2864 4216 2984 4268 οὐδέ
3033 4216 3236 4286 Πέτρος
3271 4215 3340 4269 τὰ
3378 4215 3512 4286 πρὸς
3563 4214 3730 4269 αὐτὸν

2159 4311 2253 4363 καὶ
2297 4309 2424 4380 περὶ
2462 4309 2624 4362 αὐτοῦ
2668 4307 2924 4380 λεχθέντα
2951 4307 3028 4378 τῷ
3073 4307 3242 4378 Ἰησοῦ
3279 4307 3514 4361 ἐδικαίου
3554 4307 3620 4360 δι’
3647 4309 3728 4362 οι-

2159 4401 2311 4465 κείας
2343 4401 2634 4473 προφέρειν
2665 4399 2986 4472 μαρτυρίας.
3019 4401 3152 4453 Τίνα
3178 4399 3234 4451 δέ
3259 4395 3326 4471 ἦν
3349 4399 3419 4452 τὰ
3452 4399 3586 4472 πρὸς
3628 4400 3729 4453 αὐ-

2157 4495 2246 4548 τὸν
2282 4493 2554 4565 λεχθέντα,
2591 4495 2860 4556 Ματθαῖος
2895 4493 3042 4564 δηλοῖ
3066 4491 3153 4544 διὰ
3189 4492 3423 4544 τούτων·
3467 4511 3486 4544 ι
3533 4493 3726 4562 Ὑμεῖς

2157 4585 2214 4637 δὲ
2239 4585 2357 4636 τίνα
2403 4601 2469 4653 με
2511 4583 2696 4652 λέγετε
2740 4578 2910 4647 εἷναι;
2958 4581 3297 4653 Ἀποκριθεὶς
3327 4581 3384 4635 δὲ
3411 4583 3589 4653 Σίμων
3619 4585 3728 4637 Πέ-

2155 4694 2279 4749 τρος
2327 4671 2486 4729 εἶπεν
2523 4677 2593 4728 Συ
2630 4673 2678 4728 εἷ
2727 4676 2755 4728 6
2800 4675 3029 4746 Χριστὸς
3069 4675 3098 4726 6
3129 4673 3256 4738 Υἱὸς
3304 4673 3397 4726 τοῦ
3442 4674 3575 4728 Θεοῦ
3623 4679 3724 4731 τοῦ

2155 4767 2378 4832 ζῶντος.
2417 4765 2756 4835 Ἀποκριθεὶς
2782 4764 2838 4818 δέ
2877 4763 3081 4837 Ἰησοῦς
3117 4760 3268 4818 εἶπεν
3297 4765 3444 4836 αὐτῷ
3467 4783 3479 4795 ·
3526 4767 3722 4820 Μακά-

2159 4879 2269 4933 ριος
2303 4859 2372 4924 εἷ,
2401 4861 2582 4930 Σίμων
2609 4861 2878 4930 Βαριωνᾶ,
2907 4861 2988 4912 ὅτι
3014 4857 3150 4930 σὰρξ
3177 4857 3271 4911 ml.
3298 4853 3435 4928 αἷμα
3470 4859 3568 4911 οὐκ
3596 4859 3668 4912 ἐπ
3693 4887 3722 4900 -

2153 4946 2385 5016 εκάλυιξαέ
2423 4963 2522 5010 σοι,
2557 4945 2670 4999 ἀλλ’
2708 4948 2736 5000 6
2763 4947 2950 5018 Πατήρ
2991 4964 3092 5016 μου
3132 4946 3160 4996 6
3197 4947 3251 4998 ἐν
3297 4949 3408 5010 τοῖς
3448 4947 3716 5018 οὐρανοῖς,

2153 5040 2245 5092 καὶ
2278 5037 2388 5106 ἐγώ
2440 5055 2521 5091 σοι
2553 5038 2727 5106 λέγω·
2766 5039 2837 5093 Σὺ
2879 5036 2930 5092 εῐ
2969 5039 3193 5110 Πέτρος,
3243 5038 3336 5092 ml.
3380 5039 3472 5091 ἐπὶ
3515 5039 3718 5110 ταύτην

2151 5130 2252 5200 τὴν
2301 5129 2501 5200 πέτραν
2537 5129 2872 5202 οἰκοδομήσω
2921 5147 3022 5202 μου
3065 5132 3163 5202 τὴν
3215 5129 3562 5200 Ἐκκλησίαν,
3619 5134 3718 5185 καὶ

2155 5221 2315 5274 πύλαι
2353 5221 2476 5293 ᾷδου
2506 5223 2566 5275 οὐ
2613 5222 3025 5293 κατισχύσουσιν
3069 5221 3259 5292 αὐτῆς·
3298 5223 3391 5276 ml.
3431 5221 3586 5275 δώσω
3631 5241 3717 5278 σοι

2151 5313 2250 5375 τὰς
2291 5311 2437 5376 κλεῇ
2476 5312 2574 5382 τῆς
2612 5311 2883 5381 βασιλείας
2925 5311 3032 5363 τῶν
3065 5310 3338 5383 οὐρανῶν
3383 5311 3476 5364 καὶ
3513 5311 3612 5365 ὅσα
3647 5312 3714 5366 ἂν

2150 5405 2318 5477 δήσῃς
2347 5405 2441 5458 ἐπὶ
2468 5405 2565 5476 τῆς
2588 5405 2709 5474 γῆς,
2741 5403 2887 5456 ἐσται
2910 5403 3163 5474 δεδεμένα
3196 5405 3253 5457 ἐν
3283 5407 3396 5468 τοῖς
3427 5405 3712 5476 οὐρανοῖςο

2149 5495 2240 5548 καὶ
2269 5497 2368 5548 ὅσα
2403 5495 2468 5547 ἂν
2509 5493 2676 5566 λύσῃς
2713 5493 2805 5547 ἐπὶ
2847 5495 2944 5564 τῆς
2989 5494 3114 5564 γῆς,
3156 5494 3304 5548 ἔσται
3347 5494 3614 5566 λελυμένα
3654 5496 3712 5548 ἐν

2147 5589 2259 5650 τοῖς
2286 5586 2549 5657 οὐρανοῖς.
2589 5604 2608 5635 ι
2643 5584 2921 5638 Τοσούτων
2953 5587 3255 5658 εἰρημένων
3280 5585 3357 5658 τῷ
3390 5587 3580 5657 Πέτρῳ
3605 5585 3712 5641 ὑπὸ

2147 5676 2240 5732 τοῦ
2281 5677 2474 5750 Ἰησοῦ,
2521 5678 2554 5729 6
2580 5676 2824 5752 Μάρκος,
2861 5677 3024 5752 μηδὲν
3063 5677 3264 5732 τούτων
3310 5675 3707 5751 μνημονεύσας,
