3954 6518
189 416 281 474 ΞΠ
1103 416 1750 477 DEMONSTRATIONIS

1867 419 2235 477 'ANGELICE
2257 419 2384 474 LIB.
2411 417 2500 476 ΙΙΙ.
3323 429 3428 478 21δ

187 532 259 587 δτι
305 530 430 600 μηδ’
476 531 510 583 ὁ
547 533 758 604 Πέτρος
805 531 979 598 ταῦθ’,
1020 532 1096 596 ὡς
1137 521 1302 597 είκδς,
1337 538 1394 588 ὲν
1433 539 1551 600 ταῖς
1593 537 1748 590 αὑτοῦ

1866 552 1998 599 ram,
2018 541 2177 591 erunt
2199 535 2372 590 soluta
2390 546 2442 590 et
2464 535 2518 588 in
2538 535 2690 590 rmlis
2711 535 2775 589 ⁷⁸.
2791 553 2808 588 ι
2835 534 2971 592 Cum
2993 533 3106 591 lucc
3128 543 3236 590 tam
3259 539 3427 594 multa

182 618 552 684 διδασκαλίαις
581 622 954 694 ὲξηγόρευσεν,
983 623 1083 693 ὅρα
1103 623 1155 675 τί
1182 642 1364 694 φησιν,
1389 626 1743 695 ἐρωτήσαντος

1865 629 2006 682 dicta
2041 627 2151 682 sint
2179 625 2341 680 Petro
2370 628 2437 681 ab
2464 626 2614 689 Jesu,
2649 627 2863 682 Marcus
2893 629 3030 682 nihil
3053 629 3244 684 horum
3275 645 3426 686 com-

183 715 266 767 τοῦ
302 715 485 784 Ἰησοῦ
516 733 532 747 ·
573 734 594 766 ι
620 715 958 788 Ἀποκριθεὶς
985 719 1012 769 ὁ
1039 717 1240 788 Πέτρος
1290 717 1436 787 λέγει
1461 737 1472 748 ·
1522 721 1592 773 Συ
1639 716 1689 773 εἷ
1730 724 1744 775 ἐ

1866 735 2188 778 memorans.
2202 727 2484 789 propterea
2501 720 2644 788 quod
2661 735 2728 773 ne
2748 719 2941 775 Petrus
2960 721 3198 790 quidem,
3213 733 3270 777 ut
3283 724 3427 778 veri-

179 805 421 876 Χριστός.
467 807 593 859 Καὶ
621 807 948 876 ἐπετίμησεν
975 807 1176 872 αὐτοῖς,
1203 809 1290 862 ἵνα
1331 809 1517 879 μηδενὶ
1557 811 1740 879 λέγωσι

1860 810 2028 866 simile
2045 818 2126 864 est
2150 811 2275 862 talia
2297 811 2349 864 in
2376 810 2491 864 suis
2514 811 2914 864 narrationibus
2937 813 3256 877 enuntiavit,
3273 815 3421 880 audi,

176 897 293 964 περὶ
319 896 520 951 αὐτοῦ.
569 916 589 949 ι
631 897 814 950 Ταῦτα
848 898 944 966 μὲν
978 893 1070 950 οὖν
1099 899 1126 949 ὁ
1161 899 1362 970 Πέτρος
1393 902 1615 964 εἰκότως
1654 920 1737 954 πα·

1864 901 1981 971 ιιιίᾱ
2013 901 2180 964 dicat,
2209 908 2331 970 past
2367 900 2495 956 Jesu
2544 901 3058 972 interrogationem:
3106 923 3124 955 ι
3174 903 3425 975 Respon-

175 988 562 1056 ρασιωπᾶσθαι
587 989 737 1057 ἠξίου
758 1001 772 1018 ’
813 989 893 1041 διὸ
923 990 1016 1042 καὶ
1039 991 1260 1061 Μάρκος
1281 991 1418 1044 αὐτὰ
1448 995 1710 1064 παρέλιπε

1863 991 2007 1052 dens,
2052 990 2246 1060 inquit,
2273 988 2466 1042 Petrus
2493 989 2622 1043 dicit
2650 1007 2663 1043 :
2689 988 2769 1042 Tu
2799 1005 2857 1044 es
2885 990 3158 1052 Christus,
3191 998 3245 1046 et
3273 1007 3424 1046 com-

172 1074 231 1124 τὰ
261 1075 315 1125 δὲ
359 1075 516 1128 κατὰ
549 1077 647 1146 τὴν
677 1077 904 1147 ἄρνησιν
948 1078 1111 1130 αὑτοῦ
1146 1081 1225 1142 εἰς
1254 1082 1460 1144 πάντας
1489 1082 1733 1154 ἐκήρυξεπ

1856 1082 2097 1135 minatus
2149 1091 2231 1135 est
2260 1081 2363 1144 eis,
2402 1088 2462 1135 ut
2496 1081 2698 1135 nemini
2743 1081 2985 1136 dicerent
3035 1082 3102 1137 de
3154 1084 3271 1153 ipso
3289 1084 3356 1136 ⁷⁸.
3397 1103 3417 1136 ι

171 1164 516 1235 ἀνθρώπους.
578 1169 730 1222 Ἑπεὶ
767 1171 858 1221 καὶ
905 1169 1164 1223 ἔκλαυσεν
1210 1173 1294 1224 ἐπ’
1339 1173 1474 1245 αύτῇ
1519 1175 1726 1246 πικρῶς

1862 1171 1976 1226 Haec
2007 1187 2138 1227 sane
2178 1171 2372 1227 Petrus
2407 1173 2600 1227 merito
2630 1173 2856 1226 tacenda
2901 1174 3167 1242 judicavit
3204 1194 3216 1229 :
3251 1191 3423 1244 quare

172 1254 358 1326 Εὖροις
409 1256 458 1308 δ’
511 1252 606 1310 οὖν
649 1259 740 1312 τὸν
795 1259 1019 1329 Μάρκον
1068 1261 1379 1333 ἱστοροῦντα
1423 1267 1548 1336 περὶ
1587 1266 1733 1318 αύτοί

1862 1262 2014 1317 etiam
2056 1263 2270 1318 Marcus
2295 1280 2356 1319 ca
2393 1266 2674 1333 praeteriit.
2710 1265 2841 1330 Qum
2871 1275 3048 1320 autem
3080 1267 3146 1320 ad
3177 1267 3423 1337 negatio-

170 1345 282 1396 τάδε
305 1361 321 1374 ο
376 1364 397 1395 ι
440 1347 562 1400 Καὶ
593 1348 744 1412 ὄντος
788 1348 880 1401 τοῦ
910 1350 1113 1422 Πέτρου
1154 1355 1211 1405 ὲν
1238 1358 1303 1426 τῇ
1345 1355 1502 1428 αύλῆ,
1535 1356 1728 1428 ἕρχετα

1856 1369 1969 1408 nem
1985 1370 2134 1408 suam
2151 1356 2511 1423 pertinebant,
2537 1357 2587 1410 in
2608 1373 2797 1411 omnes
2827 1357 3074 1413 homines
3108 1360 3330 1428 pr0tulit
3353 1375 3417 1416 ac

172 1438 291 1506 πρὸς
321 1438 500 1492 αὑτὸν
555 1440 654 1509 μία
685 1440 792 1492 τῶν
828 1440 1121 1496 παιδίσκων
1160 1447 1253 1498 τοῦ
1298 1447 1615 1518 ἀρχιερέως,
1657 1449 1733 1502 κα¹

1856 1445 2176 1513 publicavit:
2203 1436 2466 1516 quoniam
2481 1455 2600 1516 post
2623 1449 2766 1500 illam
2792 1447 2933 1502 flevit
2951 1464 3149 1504 amare.
3171 1449 3417 1506 Invenies

170 1529 340 1581 ἰδοῦσα
376 1531 560 1584 αὐτὸν
583 1532 1022 1604 θερμαινόμενον,
1050 1537 1363 1607 ἐμϐλέψασα
1393 1540 1539 1610 αὐτῷ
1567 1541 1712 1610 λέγει

1856 1539 2028 1605 itaque
2051 1537 2116 1591 de
2137 1553 2200 1592 eo
2222 1547 2532 1592 narrantem
2557 1537 2795 1591 Marcum
2829 1556 2841 1592 :
2872 1558 2888 1587 ι
2920 1538 2985 1591 Et
3001 1554 3123 1592 eum
3151 1547 3295 1595 esset
3318 1538 3417 1594 Pe-

165 1618 265 1669 Καὶ
296 1620 362 1670 σὺ
401 1621 556 1688 μετά
601 1623 772 1691 Ἰησοῦ
801 1624 893 1676 τοῦ
922 1626 1239 1696 Ναζωραίου
1264 1625 1351 1699 ἧς.
1397 1631 1451 1684 '0
1488 1632 1544 1685 δὲ
1581 1635 1726 1706 ὴρνὴι

1854 1633 1964 1682 irus
2000 1627 2053 1680 in
2085 1629 2244 1689 atrio,
2277 1630 2420 1682 venit
2451 1630 2514 1682 ad
2542 1645 2663 1682 eum
2698 1644 2805 1682 una
2857 1644 2920 1684 ex
2953 1629 3166 1684 ancillis
3215 1632 3415 1686 summi

167 1723 288 1760 σατο
312 1709 503 1778 λέγων
529 1729 543 1742 ο
575 1712 709 1766 Οὔτε
733 1715 1026 1786 ἐπίσταμαι
1059 1718 1112 1770 τί
1151 1721 1213 1772 σὺ
1239 1720 1443 1789 λέγεις’
1475 1725 1566 1776 καὶ
1592 1726 1728 1796 ἐξῆλ-

1850 1720 2166 1780 sacerdotis,
2215 1725 2424 1774 etcum
2472 1721 2698 1774 vidisset
2742 1719 2961 1772 Petrum
3000 1721 3411 1774 calefacientem

163 1804 248 1858 θεν
293 1809 376 1869 εἰς
423 1809 494 1862 τὸ
540 1809 642 1874 ἔξω
689 1812 998 1881 προαύλιον,
1047 1815 1139 1866 καὶ
1189 1816 1433 1889 ἀλέκτωρ
1475 1819 1717 1891 ἐφώνησε

1854 1825 1920 1872 se,
1953 1811 2224 1878 aspiciens
2266 1813 2438 1877 illum,
2469 1813 2543 1865 ait
2580 1831 2592 1866 :
2625 1811 2688 1864 Et
2721 1821 2777 1865 tu
2808 1827 2930 1864 cum
2965 1810 3094 1866 Jesu
3130 1811 3415 1866 Nazareno

163 1895 324 1948 Πάλιν
361 1900 424 1951 δὲ
480 1900 660 1953 ἰδοῦσα
699 1904 858 1958 αὑτὸν
900 1908 932 1976 ἡ
983 1907 1259 1977 παιδίσκη,
1315 1910 1512 1981 ἤρξατο
1563 1912 1724 1981 λέγειι

1852 1916 1982 1964 aras,
2019 1910 2073 1954 at
2128 1903 2216 1957 ille
2262 1907 2475 1975 negavit
2535 1904 2762 1958 dicens:
2797 1903 2980 1972 Neque
3027 1904 3175 1968 novi,
3234 1918 3413 1974 neque

162 1991 266 2053 τοῖς
293 1992 656 2062 παρεστῶσιν
684 2010 698 2024 ο
733 1991 898 2059 Οὗτος
919 1997 976 2063 ἐξ
1001 2000 1178 2052 αὐτῶν
1205 2002 1369 2054 ἐστιν.
1415 2004 1472 2056 '0
1496 2005 1552 2057 δὲ
1582 2006 1723 2058 πάλιτ

1849 1994 1957 2046 scio
1985 1993 2114 2062 quid
2137 1993 2310 2057 dicas,
2340 2003 2391 2048 et
2419 1997 2584 2050 exivit
2619 1995 2764 2050 foras
2795 2004 2921 2048 ante
2953 1999 3172 2056 atrium,
3209 2003 3264 2050 et
3296 1995 3410 2064 gal-

162 2083 461 2152 ὴρνήσατο.
509 2087 617 2140 Καὶ
653 2087 791 2157 μετά
826 2090 1016 2160 μικρὸν
1049 2090 1206 2144 πάλιν
1244 2096 1590 2164 παρεστῶτες
1625 2098 1723 2150 ἕλε·

1850 2084 1925 2138 lus
1958 2086 2214 2138 cantavit.
2249 2084 2460 2141 Rursus
2501 2093 2679 2137 autem
2710 2099 2832 2137 cum
2862 2085 3086 2138 vidisset
3128 2083 3278 2136 illum
3310 2097 3411 2136 an-

165 2188 253 2238 γον
282 2174 364 2243 τῷ
394 2176 595 2247 Πέτρῳ
615 2194 630 2207 °
677 2179 914 2249 Ἀληθῶς
937 2181 993 2247 ἐξ
1020 2183 1198 2235 αὐτῶν
1226 2181 1293 2246 εἴ,
1323 2187 1414 2238 καὶ
1444 2187 1548 2258 γὰρ
1583 2189 1726 2242 Γαλι-

1844 2173 1980 2239 eilla,
2007 2177 2167 2244 cmpit
2193 2177 2374 2230 dicere
2400 2175 2886 2230 circumstantibus
2914 2195 2925 2229 :
2961 2174 3058 2228 llic
3084 2191 3148 2230 ex
3171 2175 3278 2229 illis
3299 2182 3405 2240 est,

162 2261 304 2328 λαῖος
336 2262 411 2322 εἷ.
466 2269 525 2321 Ὀ
563 2269 620 2322 δὲ
669 2270 869 2341 ἤρξατο
910 2273 1325 2344 ἀναθεματίζειν
1359 2281 1452 2331 καὶ
1495 2281 1723 2350 ὀμνύειν,

1846 2269 1893 2314 at
1944 2261 2035 2316 ille
2088 2264 2284 2317 iterum
2333 2264 2594 2332 negavit:
2631 2263 2692 2315 Et
2741 2271 2862 2333 post
2899 2263 3176 2332 pusillum,
3212 2266 3407 2318 rursus

161 2354 236 2407 δτι
266 2358 384 2411 Ούκ
419 2355 536 2413 οἶδα
583 2362 674 2414 τὸν
718 2362 1002 2432 ἄνθρωπον
1044 2367 1248 2433 τοῦτον,
1293 2370 1350 2423 ὃν
1392 2369 1607 2438 λέγετε⁹
1643 2375 1722 2426 καῖ

1842 2353 1927 2422 qui
1956 2353 2205 2407 astabant
2241 2353 2492 2407 dicebant
2511 2353 2669 2408 Petro
2708 2373 2719 2406 :
2760 2353 2895 2408 Vere
2923 2369 2989 2407 ex
3023 2353 3130 2406 illis
3161 2367 3243 2416 es,
3278 2367 3403 2407 nam

164 2447 357 2512 εὐθέως
391 2453 456 2504 ἐκ
485 2452 735 2524 δευτέρου
769 2455 1012 2530 ἀλέκτωρ
1047 2459 1308 2531 ἐφώνησε.
1343 2479 1360 2512 ι
1386 2464 1607 2534 Μάρκος
1638 2466 1725 2535 μὲν

1840 2453 1890 2498 et
1918 2442 2170 2499 Galilzeus
2211 2461 2272 2499 es
2308 2463 2320 2498 :
2351 2446 2439 2499 ille
2491 2458 2668 2499 autem
2711 2445 2876 2514 C(Bpil
2919 2445 3401 2505 anathematizare,

164 2538 329 2594 ταῦτα
367 2545 573 2614 γράφει
599 2562 612 2574 ο
649 2545 854 2617 Πέτρος
893 2549 948 2602 δὲ
983 2549 1158 2604 ταῦτα
1203 2553 1328 2623 περὶ
1372 2555 1566 2607 ἑαυτοῦ
1597 2573 1725 2627 μαρ-

1846 2543 1888 2589 at
1933 2535 2141 2603 jurare,
2174 2536 2317 2604 quod
2364 2537 2549 2590 nescio
2587 2536 2859 2590 hominem
2902 2535 3090 2597 istum,
3131 2550 3290 2604 quem
3319 2535 3407 2588 di-

166 2634 346 2718 τυρεῖ·
380 2636 557 2689 πάντα
586 2637 696 2710 γὰρ
726 2641 794 2692 τὰ
819 2642 968 2712 παρά
997 2644 1208 2714 Μάρκῳ
1234 2643 1340 2697 τῶν
1376 2646 1581 2718 Πέτρου
1621 2648 1727 2700 δια-

1842 2628 1961 2682 citis
2002 2644 2018 2682 :
2052 2635 2104 2682 et
2148 2629 2330 2683 statim
2361 2630 2536 2699 gallus
2570 2629 2766 2683 iterum
2799 2630 3042 2683 cantavit
3075 2631 3140 2682 ⁷⁸.
3189 2648 3208 2680 ι
3245 2628 3403 2698 122

166 2717 359 2786 λέξεων
398 2723 537 2780 εἶναι
578 2729 790 2798 λέγεται
841 2733 1390 2807 ἀπομνημονεύματα.
1441 2739 1503 2792 Oi
1545 2739 1607 2810 δὴ
1639 2735 1727 2793 οὖν

1842 2717 2047 2773 liarcus
2077 2721 2292 2788 quidem
2326 2721 2438 2774 haec
2462 2719 2670 2782 scribit,
2695 2733 2758 2772 ac
2777 2717 2972 2774 Petrus
2993 2719 3106 2774 hmc
3129 2720 3196 2774 de
3220 2720 3403 2790 seipso

168 2813 230 2866 τὰ
261 2815 360 2883 μὲν
386 2816 611 2882 δόξαντα
647 2821 828 2885 αὐτοῖς
861 2823 1068 2894 ἀγαθὴν
1099 2825 1284 2896 φέρειν
1317 2829 1500 2899 φήμην
1531 2809 1729 2900 παραι-

1840 2809 2156 2863 testificatur
2186 2827 2199 2863 :
2233 2810 2415 2862 omnia
2443 2811 2585 2864 enim
2612 2825 2732 2879 quae
2758 2811 2901 2879 apud
2937 2809 3178 2864 Marcum
3211 2809 3401 2880 legun-

165 2907 433 2973 τούμενοι,
472 2909 572 2971 τάς
603 2909 659 2963 δὲ
687 2911 808 2963 καθ’
855 2914 1058 2966 ἑαυτῶν
1084 2915 1334 2980 διαϐολὰς
1377 2898 1463 2980 είς
1495 2898 1726 2980 ἄληστον

1840 2908 1940 2961 iur,
1984 2899 2357 2952 narrationum
2381 2915 2801 2968 sermonumque
2826 2898 2970 2953 Petri
2999 2898 3258 2952 dicuntur
3277 2913 3401 2953 esse

259 2967 269 2973 .
552 2967 566 2971 -
1145 2967 1148 2968 ν
1221 2967 1225 2968 κ
1381 2967 1452 2980 ην
1498 2967 1720 2992 -τ---ι-η-

167 2994 329 3046 αἰῶνα
365 2997 820 3069 καταγράφοντες,
851 3003 945 3055 καὶ
977 3003 1083 3055 τῶν
1119 3005 1613 3077 πλημμεληθέντων
1641 3011 1728 3064 αύ-

1838 2993 2239 3045 commentaria.
2271 2992 2372 3056 Qui
2413 2992 2577 3061 igitur
2603 3007 2666 3046 ea
2707 2967 2826 3061 quae
2865 3000 3114 3062 poterant
3139 2991 3272 3060 ipsis
3312 2990 3399 3044 af-

166 3085 272 3147 τοῖς
313 3089 417 3150 τὰς
447 3091 800 3161 κατηγορίας,
835 3091 903 3154 ἂς
939 3093 1036 3145 οὐκ
1065 3094 1130 3148 ἄν
1161 3112 1244 3159 τις
1277 3096 1414 3164 ἔγνω
1445 3098 1552 3151 τῶν
1588 3101 1727 3170 μετά

1836 3082 1970 3138 ferre
2006 3083 2203 3137 bonam
2252 3082 2470 3146 famam,
2514 3091 2791 3146 recusant,
2825 3084 3236 3138 criminationes
3269 3096 3397 3138 vero

166 3178 351 3243 ταῦτα,
377 3181 422 3232 εί
454 3183 526 3252 μὴ
565 3181 653 3235 διὰ
680 3183 780 3253 τῆς
803 3184 978 3237 αὐτῶν
1010 3185 1208 3256 ἔμαθεν
1248 3189 1431 3259 φωνῆς
1453 3190 1572 3244 καθ’
1603 3193 1726 3245 ἑαυ-

1836 3183 2018 3228 contra
2049 3175 2280 3242 seipsos,
2301 3176 2642 3244 sempiternae
2667 3179 2941 3229 memoria:
2967 3176 3020 3228 in
3044 3177 3262 3245 scriptis
3281 3175 3397 3230 suis

183 3229 186 3230 ν
238 3229 351 3243 κνίν
381 3229 421 3232 --
454 3229 526 3252 τνι
569 3229 653 3235 --ν-
691 3229 776 3253 --ιν
805 3229 973 3237 -ν-νσν
1010 3229 1204 3256 -ι-π-νυ
1250 3229 1428 3259 τυννσιν
1455 3229 1553 3244 ’ν’-ν
1603 3229 1726 3245 “"—

166 3270 264 3323 τῶν
287 3273 708 3343 στηλιτεύοντες,
739 3277 856 3339 πῶς
876 3277 936 3329 ού
957 3279 1237 3346 φιλαυτίας
1265 3283 1362 3351 μὲν
1387 3283 1602 3354 ἀπάσης
1629 3287 1723 3340 καὶ

1835 3263 2233 3327 commendant,
2265 3271 2316 3318 et
2345 3279 2532 3317 eorum
2572 3281 2692 3334 quae
2721 3266 2790 3320 ab
2839 3265 2975 3335 ipsis
3005 3276 3226 3334 peccata
3265 3274 3396 3320 sunt

167 3359 503 3432 ψευδολογίας
529 3366 685 3430 ἐκτὸς
711 3368 989 3435 γεγονέναι
1022 3370 1242 3434 ἐνδίκως
1265 3372 1330 3425 ἂν
1360 3373 1718 3443 ὁμολογοῐντο,

1832 3358 2223 3420 accusationes,
2254 3373 2390 3424 quas
2422 3357 2782 3426 posteriorum
2817 3359 3000 3412 nullus
3029 3374 3268 3428 unquam
3299 3373 3393 3412 co.-

168 3451 479 3524 φιλαλήθους
503 3455 559 3507 δὲ
585 3455 875 3520 διαθέσεως
907 3458 1049 3529 σαφῆ
1091 3461 1182 3512 καὶ
1221 3463 1421 3534 ἐναργῆ
1450 3466 1719 3536 τεκμήρια

1831 3450 2116 3516 gnovisset,
2150 3448 2254 3502 nisi
2295 3449 2534 3516 ipsorum
2577 3450 2796 3518 scriptis
2830 3449 3132 3515 didicisset,
3178 3449 3392 3518 publice

168 3543 556 3612 παρεσχηκέναι
579 3559 594 3607 ;
621 3546 682 3596 Οί
705 3543 760 3596 δέ
788 3561 851 3612 γε
877 3546 1002 3608 τοὺς
1032 3548 1268 3600 τοιούσδε
1298 3551 1604 3604 πεπλάσθαι
1627 3556 1720 3606 καὶ

1825 3541 1890 3593 ab
1920 3541 2174 3594 omnibus
2207 3539 2456 3608 legendas
2500 3549 2830 3610 proponunt,
2861 3556 2960 3594 cur
2990 3555 3096 3594 non
3140 3541 3210 3594 al)
3239 3541 3386 3594 omni

168 3631 588 3698 καταψεύσασθαι
612 3633 944 3704 νομίζοντες,
981 3637 1072 3689 καὶ
1102 3632 1188 3690 οἷα
1227 3639 1446 3703 πλάνοις
1484 3641 1720 3714 βλασφη-

1825 3634 1885 3689 de
1937 3635 2132 3703 seipsis
2193 3635 2482 3704 Opinione,
2531 3635 2789 3703 omnique
2847 3633 3136 3687 mendacio
3190 3635 3386 3688 merito

169 3724 277 3786 μεῖν
300 3721 643 3794 πειρώμενοι,
676 3725 792 3788 πῶς
816 3728 915 3780 οὐκ
943 3727 1008 3780 ἂν
1033 3731 1270 3796 γένοιντο
1294 3732 1714 3800 καταγέλαστοις

1825 3727 2110 3782 abhorrere
2157 3727 2486 3781 credantur?
2522 3728 2795 3795 studiique
2821 3740 2949 3795 erga
2983 3725 3262 3779 veritatem
3296 3741 3386 3780 ar-

169 3813 296 3878 φίλοι
338 3816 433 3884 μὲν
477 3817 672 3885 φθόνου
719 3820 812 3872 καὶ
862 3819 1181 3888 βασκανίας,
1225 3823 1404 3893 ἐχθροὶ
1448 3825 1505 3876 δὲ
1551 3827 1716 3896 αὐτῆς

1823 3826 2070 3889 gumenta
2119 3819 2424 3873 certissima
2461 3819 2736 3888 prrebere?
2764 3818 2867 3882 Qui
2909 3831 3036 3870 vero
3073 3817 3206 3870 tales
3237 3815 3384 3870 viros

166 3903 400 3974 ἀληθείας
433 3908 802 3979 ἁλισκόμενοι,
836 3910 888 3962 οἴ
910 3927 971 3978 γε
999 3912 1123 3974 τοὺς
1149 3911 1317 3976 οὕτως
1340 3914 1714 3986 ἀπανούργους

1818 3911 2126 3964 fictionibus
2165 3924 2315 3970 usos,
2349 3923 2412 3962 ac
2461 3909 2718 3962 mentitos
2766 3916 2979 3978 putant,
3027 3915 3079 3961 et
3121 3915 3379 3976 tanquam

165 3998 248 4048 καὶ
277 3999 542 4052 ἄπλαστον
574 4000 650 4062 ὡς
680 3999 895 4069 ἀληθῶς
928 4002 1022 4056 καὶ
1049 4003 1305 4075 ἀκέραιον
1331 4000 1460 4075 ἦθος
1489 4006 1575 4058 διὰ
1608 4006 1713 4058 τῶν

1823 4003 2136 4072 impostores
2181 4001 2397 4054 infamia
2427 4001 2748 4070 probrisque
2768 4009 2954 4052 notare
2977 4009 3267 4065 conantur,
3285 4014 3384 4053 cur

165 4087 354 4142 οἰκείων
381 4091 553 4160 λόγων
583 4091 1067 4162 ἐπιδεδειγμένους,
1091 4095 1427 4166 πανούργους
1443 4096 1592 4159 τινας
1621 4097 1713 4150 καὶ

1820 4109 1919 4147 non
1951 4093 2053 4163 ipsi
2088 4092 2269 4161 potius
2303 4097 2356 4146 et
2383 4091 2596 4144 ridiculi
2639 4101 2787 4154 sunt,
2825 4098 2878 4145 et
2904 4091 3031 4144 odio
3070 4090 3381 4160 invidiaque

164 4178 345 4245 δεινοὺς
371 4183 712 4236 ὑποτίθενται
744 4185 1020 4253 σοφιστὰς,
1046 4185 1120 4249 ὡς
1143 4186 1211 4239 τά
1245 4189 1318 4258 μὴ
1348 4188 1478 4241 ὄντα
1510 4187 1713 4242 πλασα-

1819 4184 1980 4254 digni,
2034 4194 2290 4253 tanquam
2342 4185 2520 4237 omnis
2565 4183 2808 4238 veritatis
2836 4183 3038 4236 inimici
3073 4183 3380 4236 habentur?

164 4273 356 4340 μένους,
382 4276 475 4327 καὶ
504 4275 582 4345 τῷ
629 4275 812 4345 οἰκείῳ
837 4275 1140 4347 διδασκάλῳ
1164 4277 1232 4330 τὰ
1269 4279 1342 4349 μὴ
1379 4280 1512 4350 πρὸς
1545 4281 1708 4333 αὑτοῦ

1816 4277 1899 4346 qni
1927 4276 2141 4346 quidem
2167 4277 2313 4330 viros
2344 4287 2450 4330 tam
2483 4275 2552 4330 ab
2572 4275 2719 4328 omni
2744 4275 2947 4328 malitia
2976 4275 3206 4337 alienos,
3237 4282 3377 4326 tam-

163 4362 447 4430 πραχθέντα
476 4365 885 4435 κεχαρισμένως
921 4366 1233 4430 ἀναθέντας.
1280 4369 1366 4431 Ὠς
1403 4366 1460 4422 εὗ
1504 4388 1592 4440 μοι
1625 4371 1709 4423 δο-

1816 4379 1913 4433 que
1949 4365 2064 4418 sine
2117 4363 2261 4428 fuco,
2295 4378 2528 4432 vereque
2579 4364 2852 4417 sincerum
2900 4363 3140 4415 animum
3173 4363 3225 4415 in
3260 4364 3377 4418 suis

161 4454 237 4502 κεῖ
267 4454 506 4524 εἰρῆσθαι
533 4472 546 4485 ο
591 4457 773 4508 Πάντα
805 4456 908 4527 χρὴ
958 4458 1230 4512 πιστεύειν
1258 4462 1368 4523 τοῖς
1399 4461 1491 4513 τοῦ
1535 4461 1705 4533 Ἰησοῦ

1815 4454 2028 4524 scriptis
2055 4468 2164 4523 pra:
2190 4469 2248 4507 sc
2281 4451 2540 4514 ferentes,
2571 4452 2874 4506 malitiosos
2898 4452 3160 4520 quosdam
3183 4459 3236 4505 et
3263 4453 3376 4505 eal-

163 4537 420 4610 μαθηταῖς,
453 4542 484 4612 ἢ
533 4544 638 4613 μήο
674 4544 766 4595 καὶ
799 4545 845 4595 εί
891 4545 1072 4613 μόνοις
1100 4547 1308 4611 τούτοις
1370 4553 1480 4613 τοῖς
1511 4552 1706 4622 ἀνδρά-

1811 4545 1948 4598 lidos
2005 4545 2205 4597 audent
2252 4543 2451 4612 fingere
2495 4543 2790 4612 sophistas,
2822 4550 3080 4610 tanquam
3138 4556 3234 4596 eos
3277 4543 3372 4611 qui

163 4643 234 4679 σιν
255 4630 588 4703 ἀπιστητέον,
614 4632 708 4685 καὶ
733 4636 844 4694 τοῖς
878 4637 1059 4698 πᾶσιν,
1084 4637 1278 4700 οἵτινές
1303 4641 1419 4692 ποτ’
1445 4640 1551 4712 ἄρα
1576 4642 1703 4713 παρ’

1811 4636 2065 4705 quidquid
2091 4635 2406 4704 scripserint
2435 4633 2724 4688 commenti
2761 4633 2890 4694 sint,
2923 4641 2978 4686 et
3013 4648 3115 4687 suo
3169 4648 3372 4702 praece-

161 4719 409 4792 Ἐλλησιν,
450 4725 483 4795 ἢ
524 4726 674 4798 παρὰ
711 4727 1004 4800 βαρϐάροις
1051 4731 1196 4801 βίους
1238 4734 1330 4785 καὶ
1378 4733 1565 4802 λόγους
1613 4737 1705 4789 καὶ

1811 4729 1972 4797 ptori,
2003 4743 2122 4796 quae
2157 4729 2244 4781 ille
2276 4740 2552 4794 nunquam
2583 4725 2789 4784 fecerit,
2819 4725 2884 4778 ad
2912 4725 3139 4794 gratiam
3169 4725 3372 4779 tribue-

160 4809 667 4886 ἀπομνημονεύματα
699 4818 806 4872 τῶν
832 4821 970 4874 κατὰ
1003 4822 1224 4892 χρόνους
1256 4823 1348 4875 ἐπί
1391 4841 1532 4878 τισιν
1568 4827 1703 4894 ἀγα-

1809 4818 1950 4871 rint?
1987 4817 2127 4872 Sane
2179 4815 2458 4871 commode
2507 4815 2638 4868 mihi
2689 4815 2893 4868 dictum
2939 4813 3154 4868 videtur
3209 4833 3222 4868 ι
3272 4820 3370 4868 aut

159 4899 254 4967 θοῖς
279 4907 660 4978 κατορθώμασι
703 4909 1002 4982 βοηθέντων
1041 4915 1473 4984 συνεγράψαντο·
1507 4917 1538 4988 ἢ
1591 4922 1702 4983 τοῖς

1809 4924 2027 4979 prorsus
2077 4909 2297 4963 credere
2319 4915 2532 4978 Oportet
2557 4904 2684 4961 Jesu
2716 4906 3020 4976 discipulis,
3053 4907 3099 4960 si
3144 4906 3370 4975 reliquis

160 4997 243 5064 μὲν
263 4999 431 5064 ἄλλοις
463 5001 742 5055 πιστεύειν
764 5003 1000 5072 εὔλογον,
1041 5006 1222 5075 μόνοις
1246 5007 1300 5060 δὲ
1341 5008 1552 5071 τούτοις
1581 5011 1702 5062 ἀπι-

1815 5016 2018 5070 ιυοιιυθ
2069 5000 2426 5068 scriptoribus
2461 5019 2474 5054 :
2507 5007 2601 5052 aut
2645 5000 2691 5054 si
2743 5014 2848 5052 non
2881 4999 2988 5062 his,
3032 5014 3101 5052 ne
3141 4997 3376 5066 reliquis.

158 5094 294 5145 στεῑν.
319 5094 426 5146 Καὶ
456 5094 572 5158 πῶς
603 5095 701 5147 ούκ
734 5097 977 5168 ἐμφανὴς
1003 5099 1031 5150 ὁ
1063 5099 1290 5167 φθόνος;
1319 5101 1458 5154 Τίδέ
1483 5118 1496 5167 ;
1521 5103 1569 5154 οἱ
1595 5120 1696 5155 κα-

1808 5093 2034 5162 quidem.
2069 5093 2182 5147 Cur
2212 5093 2384 5155 enim,
2415 5093 2460 5146 si
2483 5092 2614 5147 solis
2646 5093 2730 5147 liis
2761 5091 2895 5146 viris
2934 5089 3265 5147 detrahenda
3294 5090 3369 5143 sit

155 5179 509 5252 ταῷενδόμενοι
534 5183 629 5236 τοῦ
654 5185 1001 5250 Διδασκὰλου,
1032 5187 1124 5239 καὶ
1148 5187 1214 5240 τὰ
1245 5187 1318 5259 μὴ
1346 5191 1603 5256 γεγονότα
1626 5193 1692 5262 τῇ

1799 5186 1952 5250 fides,
1979 5201 2085 5240 non
2111 5186 2270 5240 etiam
2311 5186 2538 5256 reliquis
2573 5186 2832 5240 omnibus
2853 5224 2868 5248 ,
2903 5184 3217 5254 quicunque
3237 5185 3359 5236 'un-

155 5271 306 5324 αὐτῶν
333 5276 715 5345 παραδιδόντες
751 5281 958 5348 γραφῇ,
1003 5275 1110 5350 ἆρα
1137 5281 1230 5333 καὶ
1257 5280 1326 5333 τὰ
1359 5280 1503 5350 πάθη
1561 5299 1694 5334 κατ-

1798 5293 1960 5348 quam
2003 5285 2096 5331 aut
2127 5279 2266 5348 apud
2291 5278 2530 5341 Grzncos,
2564 5286 2656 5330 aut
2705 5276 2844 5346 apud
2878 5276 3158 5337 barbaros,
3195 5275 3355 5337 vitas,

153 5361 418 5430 εψεύσαντο
480 5367 680 5430 adma");
713 5368 812 5439 τὴν
853 5371 970 5434 ἐνὸς
1002 5370 1142 5438 λέγω
1193 5371 1446 5442 μαθητῶν
1506 5373 1694 5442 προδο-

1798 5376 1888 5422 aut
1919 5369 2212 5431 orationes,
2241 5377 2333 5423 aut
2357 5367 2742 5423 commentaria
2774 5365 3240 5434 conscripserunt,
3265 5379 3359 5418 co-

153 5452 270 5516 σίαν,
316 5458 406 5510 καὶ
440 5458 538 5529 τὴν
579 5459 688 5513 τῶν
723 5462 1070 5530 συκοφαντῶν
1102 5465 1449 5535 κατηγορίαν,
1494 5465 1690 5534 χλεύας

1798 5475 1911 5513 rum
1935 5462 2024 5530 qui
2060 5461 2226 5515 variis
2255 5460 2587 5529 temporibus
2623 5457 2676 5510 in
2712 5456 2894 5525 aliquo
2914 5471 3111 5527 genere
3140 5455 3359 5511 virtutis

149 5557 196 5596 τε
221 5549 304 5599 καὶ
328 5549 661 5621 διασυρμοὺς
692 5551 980 5616 δικαστῶν,
1009 5553 1106 5616 τ’ἀς
1133 5571 1189 5606 τε
1226 5553 1408 5625 ὕϐρεις
1454 5554 1545 5607 καὶ
1590 5555 1688 5618 τὰς

1794 5559 1953 5622 atque
1982 5551 2160 5616 oflieii,
2189 5550 2571 5620 prmstiterint?
2601 5555 2694 5602 aut
2719 5548 2765 5602 si
2805 5547 2942 5602 dicis
2982 5548 3103 5603 aliis
3136 5547 3355 5616 quidem

149 5633 331 5706 πληγὰς
352 5639 448 5704 τὰς
482 5640 622 5694 κατά
658 5642 971 5712 προσώπου,
1018 5644 1284 5715 μάστιγάς
1316 5663 1374 5700 τε
1415 5645 1556 5699 κατά
1587 5643 1688 5698 νώ-

1791 5644 2011 5702 eredere
2058 5659 2272 5716 :cquum
2320 5658 2481 5709 esse,
2519 5648 2572 5695 at
2627 5641 2711 5698 bis
2765 5641 2895 5696 solis
2931 5655 3038 5695 non
3084 5639 3352 5696 credere:

206 5811 242 5844 ἰ
266 5814 445 5872 Matth.
481 5836 594 5882 ιη,
628 5805 796 5876 is-i‘a
895 5823 940 5856 τι
967 5816 1100 5874 Ibid.
1130 5818 1220 5874 eo.
1297 5819 1341 5851 το
1362 5817 1528 5875 Marc.
1554 5837 1662 5888 m,
1689 5821 1876 5878 66-72.
