3954 6524
559 397 667 452 ειν

1203 394 1470 452 susse“
1503 394 1982 452 cassamsusus
2015 369 2127 451 0P1

2230 397 2381 454 'ARS
2421 397 2485 453 ιι.
2527 413 2598 438 —-
2634 371 3140 454 APOLOGETICA.

3723 385 3862 444 220

563 525 663 566 cur
687 523 796 564 non
816 507 920 564 hoc
945 507 1104 580 plane
1126 509 1190 563 ad
1211 509 1464 564 invidiam
1483 509 1772 564 referatur?
1786 508 1942 576 Quod
1963 511 2010 563 si
2033 510 2127 564 de-

2230 530 2342 578 του,
2363 513 2456 566 καὶ
2479 511 2569 565 τὸν
2595 509 2654 574 ἐξ
2678 507 2924 565 ἀκανθῶν
2956 507 3212 576 στέφανον
3245 505 3330 558 ἐπ’
3359 503 3550 576 ἀτιμίᾳ
3579 519 3862 572 περιτι-

561 619 687 658 mus
711 601 833 658 illos
861 601 928 656 de
949 599 1281 669 Przeceptore
1309 599 1478 655 fuisse
1509 601 1788 664 mentitos,
1812 607 1866 654 et
1885 615 2004 670 quae
2033 599 2124 655 ille

563 709 842 764 nunquam
871 693 1057 748 fecerit
1079 691 1296 760 scriptis
1317 691 1432 747 suis
1453 692 1784 762 complexos,
1809 707 1938 746 num
1959 692 2124 746 etiam

563 785 632 840 de
665 785 735 840 iis
761 785 1034 848 mentitos,
1075 799 1194 854 qua:
1225 783 1366 839 idem
1395 799 1589 854 passus
1617 793 1720 848 est,
1754 784 1886 838 dare
1930 799 2124 854 possu-

563 876 726 931 mus?
747 876 871 930 dico
899 884 1076 928 autem
1110 875 1176 930 de
1209 877 1370 930 unius
1395 891 1462 930 ex
1487 875 1767 945 discipulis
1793 875 2122 944 proditione,

561 966 631 1022 de
671 965 961 1020 calumniis
987 966 1417 1031 criminantium,
1451 966 1519 1022 de
1551 967 1804 1021 ludibriis
1833 975 1886 1020 et
1917 967 2126 1022 irrisio—

561 1057 726 1112 nibus
747 1057 1014 1125 j'udicum,
1052 1058 1120 1113 de
1151 1061 1516 1124 contumeliis,
1549 1060 1616 1114 de
1648 1061 1847 1116 ictibus
1881 1060 1936 1114 in
1963 1060 2121 1124 facie,

559 1147 894 1218 ﬂagellisque
923 1149 978 1203 in
1011 1160 1160 1220 tergo
1193 1171 1206 1204 :
1240 1151 1306 1206 de
1341 1167 1542 1206 corona
1575 1153 1778 1222 spinea,
1797 1167 1916 1221 quae
1946 1151 2022 1206 illi
2057 1153 2124 1206 ad

561 1237 912 1307 ignominiam
943 1239 1198 1308 imposita
1228 1249 1314 1295 est
1339 1259 1353 1294 :
1382 1241 1449 1296 de
1471 1257 1744 1311 purpureo
1777 1242 2122 1306 vestimento,

561 1329 708 1397 quod
739 1328 912 1382 instar
939 1331 1239 1402 chlamydis
1263 1332 1338 1386 illi
1369 1333 1759 1390 circumdatum
1789 1341 1872 1388 est
1904 1352 1916 1387 :
1943 1333 2010 1388 de
2033 1333 2125 1387 illo

559 1421 681 1490 ipso
710 1421 942 1492 denique
963 1439 1179 1480 crucem
1209 1427 1362 1496 quasi
1396 1429 1658 1497 tropaeum
1689 1428 1906 1498 aliquod
1937 1428 2125 1484 hume-

560 1512 641 1568 ris
669 1521 935 1584 gestante,
988 1526 1039 1570 et
1082 1517 1138 1570 in
1171 1533 1232 1572 ea
1284 1517 1472 1582 inﬁxo,
1505 1520 1754 1574 manibus
1788 1521 2126 1591 pedibusque

561 1603 824 1672 trajectis,
859 1605 926 1660 de
954 1613 1109 1662 aceto
1131 1609 1270 1678 quod
1303 1610 1378 1664 illi
1411 1619 1572 1680 potus
1603 1612 1721 1667 loco
1743 1622 2119 1683 porrexerunt,

559 1691 631 1748 de
661 1694 928 1750 arundine
957 1713 1064 1766 qua
1097 1697 1242 1752 illius
1269 1707 1510 1769 tempora
1541 1717 1876 1771 percussere,
1905 1705 1972 1760 de
1993 1719 2124 1758 con-

560 1783 718 1839 viciis
760 1801 880 1855 quae
919 1787 974 1841 in
1027 1788 1178 1842 illum
1235 1805 1264 1843 a
1299 1794 1670 1861 spectantibus
1712 1795 1916 1864 jactata
1961 1797 2123 1850 sunt?

564 1876 722 1948 123
757 1877 826 1931 At
855 1881 998 1934 enim
1042 1889 1096 1936 et
1129 1881 1263 1947 hinc,
1296 1891 1348 1938 et
1381 1899 1716 1955 quacunque
1765 1888 1871 1942 alia
1921 1889 1988 1943 de
2026 1889 2122 1944 illo

561 1964 650 2019 his
685 1966 884 2021 similia
915 1968 1182 2034 feruntur,
1219 1981 1314 2026 aut
1343 1973 1464 2028 ﬁcta
1487 1991 1610 2031 esse
1633 1984 1844 2045 oportet
1879 1977 1947 2032 ab
1978 1977 2124 2033 illius

561 2055 867 2126 discipulis,
903 2071 996 2114 aut
1037 2061 1092 2116 in
1125 2063 1211 2118 his
1252 2064 1468 2133 quidem
1507 2073 1764 2137 tanquam
1800 2067 2122 2133 verissimis,

563 2148 672 2204 illis
706 2152 1036 2206 credendum
1078 2163 1182 2216 est,
1220 2157 1274 2210 in
1325 2158 1548 2227 reliquis
1583 2175 1734 2220 vero,
1779 2177 1898 2229 quae
1930 2162 2126 2216 clario-

561 2241 881 2296 remsillum
940 2245 1498 2318 venerabilioremque
1545 2250 1798 2314 reddunt,
1836 2268 1946 2307 non
2003 2269 2126 2308 cre-

561 2329 822 2386 dendum.
856 2333 960 2388 Sed
997 2335 1110 2390 haec
1131 2337 1198 2392 de
1225 2340 1414 2394 iisdem
1442 2341 1545 2396 sibi
1567 2343 1670 2412 ipsi
1701 2346 1977 2399 contraria
2009 2347 2128 2417 opi-

561 2419 674 2486 nio,
723 2423 866 2480 unde
907 2427 1352 2484 continuabitur?
1391 2431 1580 2488 Dicere
1617 2435 1761 2489 enim
1799 2437 2019 2493 eosdem
2061 2439 2128 2494 de

561 2512 774 2578 eodem,
809 2523 864 2570 et
889 2531 1010 2572 vera
1055 2519 1283 2588 prodere
1312 2530 1366 2576 et
1399 2526 1635 2590 mentiri,
1671 2527 1808 2580 nihil
1837 2529 1984 2582 aliud
2021 2540 2125 2594 est,

561 2606 672 2660 nisi
704 2611 980 2664 contraria
1039 2613 1094 2665 iu
1129 2615 1316 2668 eodem
1357 2615 1425 2671 de
1471 2618 1664 2672 iisdem
1713 2621 1879 2674 rebus
1920 2619 2124 2678 dicere.

564 2695 846 2762 Quomodo
875 2702 990 2756 haec
1013 2705 1355 2759 refellentur?
1388 2709 1442 2760 Si
1467 2709 1610 2764 enim
1637 2711 1739 2764 hoc
1761 2711 1870 2766 illis
1895 2713 2128 2782 fingendi

563 2792 898 2859 propositum
943 2793 1076 2858 fuit,
1109 2803 1168 2848 ut
1203 2798 1500 2855 mendaciis
1544 2817 1702 2856 suum
1741 2813 2128 2873 przeceptorem

563 2890 841 2946 ornarent,
875 2898 975 2937 cur
1011 2885 1088 2938 illi
1119 2901 1181 2940 ea
1203 2927 1216 2950 ,
1249 2903 1369 2958 qua:
1399 2891 1558 2945 modo
1589 2891 1826 2948 diximus
1859 2895 2130 2964 ascripse-

563 2971 728 3024 runt?
759 2981 852 3026 aut
893 2989 994 3028 cur
1033 2979 1265 3044 posteris
1303 2980 1636 3044 indicarunt,
1680 2984 1824 3052 quod
1859 2993 1912 3038 et
1955 2985 2129 3039 tristis

565 3063 750 3128 fuerit,
795 3073 850 3119 et
889 3066 1046 3120 taedio
1095 3068 1338 3134 affectus,
1379 3081 1433 3126 et
1475 3074 1659 3128 animo
1711 3076 1996 3130 turbatus?
2037 3085 2130 3130 aut

563 3155 710 3224 quod
761 3157 864 3226 ipsi
908 3159 1060 3213 illum
1111 3161 1450 3218 deseruerint
1488 3172 1652 3234 atque
1713 3167 1982 3222 abierint?
2035 3177 2128 3222 aut

563 3244 709 3313 quod
741 3247 834 3316 qui
869 3251 1119 3304 omnibus
1149 3251 1280 3320 ipsis
1305 3255 1625 3323 praepositus
1655 3255 1830 3310 fuerat
1848 3259 2124 3326 apostolus

563 3338 734 3401 illius,
759 3347 812 3394 et
835 3341 1136 3411 discipulus
1163 3343 1378 3408 Petrus,
1414 3347 1578 3402 nullis
1603 3363 1776 3418 neque
1817 3351 2122 3412 tormentis,

565 3445 742 3501 neque
799 3435 1098 3503 tyrannicis
1151 3438 1356 3500 minis,
1411 3446 1492 3494 ter
1543 3439 1693 3493 illum
1746 3442 2128 3510 ahjuraverit‘!

565 3519 690 3576 lhec
719 3523 862 3578 enim
893 3533 946 3579 et
977 3527 1020 3580 si
1046 3527 1136 3582 alii
1167 3529 1453 3594 dixissent,
1477 3531 1722 3600 neganda
1757 3533 1824 3588 ab
1853 3533 1922 3588 iis
1945 3543 2126 3589 tamen

567 3613 738 3676 fuere,
779 3615 872 3683 qui
911 3616 1044 3670 nihil
1076 3619 1220 3672 aliud
1251 3621 1354 3675 sibi
1387 3621 1440 3674 in
1482 3622 1770 3676 scribendo
1810 3627 2127 3694 proposuis-

567 3709 708 3764 sent,
742 3703 848 3758 nisi
883 3711 942 3756 ut
977 3707 1334 3761 reverentiam
1369 3710 1686 3778 prmeeptori
1726 3719 2124 3780 compararent.

565 3793 722 3859 Quod
750 3797 796 3850 si
823 3797 1046 3851 veridici
1081 3797 1134 3851 iu
1161 3799 1494 3853 tristioribus
1516 3797 1582 3854 de
1609 3800 1702 3854 illo
1724 3803 2128 3858 narrationibus

565 3884 838 3951 videntur,
869 3901 969 3940 cur
1019 3903 1128 3942 non
1165 3891 1216 3943 in
1265 3891 1330 3944 iis
1357 3892 1505 3954 item,
1552 3907 1672 3962 quae
1715 3894 1975 3957 laetitiam,
2017 3897 2130 3964 glo-

565 3978 812 4048 riamque
833 3981 1054 4044 habent,
1086 3983 1258 4038 multo
1279 3984 1472 4053 magis,
1499 3999 1660 4052 quam
1691 3985 1795 4040 sibi
1827 3986 1964 4054 ipsis
1997 4003 2130 4040 con-

567 4071 766 4126 trarii?
799 4071 933 4126 Nam
961 4073 1158 4142 quibus
1189 4091 1353 4128 unum
1389 4077 1724 4146 propositum
1775 4077 1936 4133 fuerit
1977 4096 2132 4136 men-

567 4161 760 4224 tiendi,
798 4164 866 4218 ab
895 4164 961 4218 iis
995 4166 1038 4218 si
1079 4181 1186 4235 qua
1225 4165 1524 4232 offendunt,
1569 4184 1633 4224 ea
1683 4171 1738 4224 in
1787 4171 2000 4240 primis,
2037 4181 2132 4226 aut

569 4255 836 4324 printeriri
868 4257 1152 4324 oportebat
1181 4259 1418 4324 silentio,
1453 4267 1546 4312 aut
1573 4261 1620 4316 si
1661 4262 1712 4315 id
1753 4277 1858 4316 nou
1881 4271 2128 4334 poterat,

569 4347 857 4416 negatione
886 4347 1080 4405 refelli.
1111 4348 1245 4414 Quis
1273 4351 1418 4405 enim
1461 4352 1602 4422 apud
1645 4361 1892 4423 posteros
1925 4369 1988 4410 ea
2011 4371 2132 4426 quae

571 4437 892 4502 tacuissent,
927 4439 1323 4508 reprehendere
1347 4456 1584 4510 unquam
1611 4443 1920 4512 potuisset?
1945 4443 2051 4498 Sed
2083 4445 2130 4500 si

569 4528 784 4582 mentiri
813 4529 1186 4594 decreverant,
1217 4547 1316 4586 cur
1353 4548 1462 4586 non
1503 4533 1632 4586 illud
1662 4549 1878 4604 quoque
1919 4537 2131 4590 mentiti

569 4627 718 4680 sunt,
763 4618 959 4674 Judam
1003 4623 1096 4692 qui
1139 4625 1328 4678 osculo
1369 4625 1520 4678 illum
1577 4625 1819 4690 tradidit,
1864 4627 2026 4682 simul
2065 4642 2131 4682 ac

571 4711 894 4780 proditionis
921 4715 1134 4783 signum
1169 4717 1457 4771 ostendere
1491 4733 1657 4772 ausus
1689 4727 1793 4778 est,
1827 4719 1879 4772 in
1901 4719 2128 4788 lapidem

571 4814 696 4854 esse
717 4804 1078 4856 conversum?
1109 4815 1160 4858 et
1202 4807 1294 4874 qui
1333 4807 1538 4874 alapam
1589 4807 1662 4860 illi
1723 4807 1922 4863 inferre
1963 4825 2130 4864 ausus

571 4899 676 4952 est,
699 4889 819 4958 ejus
848 4891 991 4944 illico
1020 4891 1265 4947 dextram
1300 4897 1547 4952 aruisse?
1573 4907 1626 4951 et
1651 4897 1912 4966 Caipham
1953 4901 2130 4968 ponti-

571 4979 754 5044 ﬁcem,
783 4987 1065 5049 propterea
1094 4983 1238 5052 quod
1273 4983 1425 5040 falsis
1457 4993 1646 5040 contra
1687 4987 1840 5041 illum
1889 4989 2132 5044 crimini-

573 5069 678 5124 bus
717 5073 1076 5134 consenserit.
1123 5075 1296 5130 oculis
1339 5085 1556 5146 captum
1607 5078 1811 5134 fuisse?
1851 5079 1963 5136 Cur
2005 5099 2132 5138 vero

571 5179 680 5220 non
722 5177 912 5219 omnes
953 5165 1162 5220 mentiti
1203 5175 1350 5232 sunt,
1395 5169 1764 5238 significantes
1803 5173 1936 5226 nihil
1976 5173 2132 5243 plane

573 5254 650 5308 illi
684 5255 830 5325 quod
857 5257 1032 5326 possit
1059 5257 1330 5314 oﬂeudere
1356 5263 1640 5316 evenisse?
1669 5263 1762 5318 sed
1805 5264 1980 5333 ipsum
2011 5267 2132 5335 qui-

569 5347 692 5400 dem
731 5349 1036 5411 evanuisse.
1055 5348 1338 5420 forumque
1363 5357 1416 5406 et
1435 5351 1638 5420 judicia
1669 5353 1884 5409 illorum
1909 5357 2133 5412 risisse?

571 5437 666 5503 qui
697 5453 826 5492 vero
865 5439 1016 5494 illum
1053 5441 1512 5512 comprehendere
1527 5443 1646 5498 ausi
1675 5444 1910 5512 fuerant,
1937 5447 2134 5501 divini-

573 5535 664 5580 tus
697 5527 1106 5592 illusos,contra
1131 5533 1280 5588 illum
1297 5551 1354 5589 se
1380 5551 1538 5606 agere
1553 5553 1673 5607 qum
1699 5545 1949 5606 egerunt,
1981 5547 2126 5592 tam-

575 5620 680 5675 ctsi
753 5619 846 5676 ille
921 5637 1030 5678 non
1088 5625 1296 5690 aderat,
1359 5629 1692 5684 credidisse?
1733 5629 1874 5694 Quid
1933 5635 2134 5698 porro?

575 5711 764 5766 Nonne
815 5714 1032 5782 gravius
1091 5715 1418 5787 digniusque
1475 5722 1862 5792 scripsissent,
1927 5723 2130 5776 nullum

577 5805 734 5874 plane
776 5805 1070 5862 humanum
1119 5817 1208 5862 aut
1243 5813 1521 5868 mortalem
1563 5829 1770 5880 casum,
1813 5815 1960 5869 illum
2003 5817 2130 5872 sub-

2226 603 2444 674 θέμενον
2469 602 2634 674 αὐτῷ,
2669 599 2941 672 φοινικοῦν
2967 617 3024 652 τε
3061 598 3258 672 χιτῶνα
3283 600 3339 652 ὲν
3363 597 3638 670 χλαμύδος
3689 595 3848 664 σχή-

2227 713 2356 766 ματι
2407 693 2818 766 περιδληθέντα,
2871 693 2966 746 καὶ⁸
3020 692 3169 754 τέλος
3220 691 3378 744 αὑτὸν
3417 690 3546 744 αὐτὸ
3585 689 3666 742 τὸ
3729 687 3854 740 τοῦ

2227 785 2458 858 σταυροῦ
2490 787 2744 857 τρόπαιον
2793 781 3212 852 έπικομίζοντα·
3257 783 3314 834 ὲν
3361 779 3534 850 τούτῳ
3579 795 3654 832 τε
3717 793 3858 847 πη·-

2224 875 2508 946 γνύμενον,
2555 875 2648 927 καὶ
2699 875 2886 944 χεῖρας
2938 871 3032 924 καὶ
3078 871 3246 932 πόδας
3299 869 3854 940 καταπειρόμενον,

2223 968 2332 1034 ὄξει
2385 985 2444 1021 τε
2489 966 2864 1036 ποτιζόμενον,
2911 963 3005 1016 καὶ
3057 962 3345 1031 παιόμενον
3392 959 3534 1013 κατά
3587 957 3854 1028 κόρῤης

2225 1060 2486 1129 καλάμῳ,
2543 1058 2636 1110 ml.
2700 1054 2836 1126 πρὸς
2879 1053 2986 1108 τῶν
3041 1050 3289 1122 ὁρώντων
3349 1048 3784 1118 όνειδιζὸμενον
3827 1061 3848 1108 ;

2239 1149 2396 1202 Ἀλλά
2426 1147 2542 1218 γὰρ
2563 1147 2656 1200 ml.
2692 1145 2884 1206 ταῦτα,
2930 1143 3024 1196 καὶ
3059 1143 3158 1195 ὅσα
3185 1141 3390 1203 τούτοις
3431 1139 3846 1210 συμφέρεται,

2222 1242 2420 1310 ὁμοίως
2463 1237 2766 1292 πεπλάσθαι
2813 1237 2918 1308 χρὴ
2963 1236 3098 1307 πρὸς
3139 1234 3246 1286 τῶν
3294 1231 3456 1286 αὑτοῦ
3509 1230 3840 1304 μαθητῶν,

2223 1332 2256 1402 ἢ
2298 1333 2355 1384 ὲν
2403 1330 2610 1394 τούτοις
2675 1331 2772 1400 μὲν
2809 1329 2914 1400 χρὴ
2957 1324 3232 1380 πιστεύειν
3261 1323 3440 1388 αὐτοῖς
3474 1325 3549 1386 ὡς
3595 1320 3840 1392 ἀληθε-

2227 1424 2458 1486 στάτοις,
2493 1424 2548 1476 ὲν
2589 1421 2644 1474 δὲ
2685 1423 2796 1482 τοῖς
2839 1417 3100 1484 ὲπιδόξοις
3135 1417 3228 1469 ml.
3281 1415 3624 1499 σεμνοτέροις
3677 1414 3840 1466 ἀττι-

2227 1519 2386 1572 στεῖν.
2417 1517 2525 1570 Καὶ
2558 1514 2720 1568 πόθεν
2749 1513 2810 1566 τὸ
2845 1513 2970 1582 περὶ
2999 1511 3192 1572 αὐτοὺς
3225 1508 3463 1562 ἐναντίον
3491 1509 3686 1578 δόγμα
3719 1523 3838 1559 συ-

2227 1609 2513 1680 στήσεται;
2542 1607 2614 1660 Τὸ
2643 1607 2749 1678 γάρ
2774 1605 3054 1677 ἀληθεύειν
3083 1604 3208 1666 τοὺς
3239 1603 3434 1665 αὐτοὺς
3476 1603 3672 1670 φάναι,
3723 1601 3838 1654 καὶ

2225 1703 2280 1752 ἐν
2309 1701 2382 1770 τῷ
2405 1698 2550 1770 αὐτῷ
2585 1697 2891 1770 ψεύδεσθαι,
2937 1695 3084 1748 οὐδέν
3133 1697 3277 1748 ἐστιν
3307 1693 3338 1762 ἢ
3369 1693 3624 1746 τάναντία
3657 1691 3836 1744 κατά

2225 1792 2283 1844 τὸ
2324 1791 2453 1844 αὐτὸ
2507 1792 2631 1862 περί
2673 1789 2777 1842 τῶν
2820 1788 2996 1842 αὐτῶν
3043 1789 3240 1857 λέγειν.
3275 1789 3368 1850 Τίς
3402 1783 3493 1840 οὖν
3531 1789 3562 1839 6
3591 1787 3834 1839 τούτων

2151 1857 2194 1913 Β
2225 1884 2472 1956 ἐλεγχος;
2503 1887 2549 1937 εἰ
2582 1885 2689 1956 γὰρ
2717 1885 2780 1956 δὴ
2809 1883 3132 1936 πλάττεσθαι
3163 1883 3342 1944 αὐτοῖς
3367 1882 3566 1944 σκοπὸς
3585 1877 3682 1952 ἦν,
3717 1881 3832 1936 καὶ

2223 1977 2400 2044 λόγοις
2435 1977 2655 2046 ψευδέσι
2688 1976 2776 2030 τὸν
2799 1975 3125 2028 Διδάσκαλον
3159 1977 3403 2044 κοσμεῖν,
3437 1975 3536 2026 οὐκ
3569 1975 3636 2027 ἄν
3671 1989 3828 2026 ποτε

2225 2069 2405 2132 αὐτοῖς
2429 2069 2496 2122 τά
2529 2068 2894 2140 προειρημένα
2938 2067 3302 2138 κατέγραφον,
3333 2065 3439 2118 οὐδ’
3471 2065 3535 2118 ἂν
3573 2065 3826 2136 ἐδήλουν

2225 2163 2334 2224 τοῖς
2378 2161 2512 2231 μετὰ
2555 2160 2728 2214 ταῦτα
2771 2159 3096 2232 ἀνθρώποις,
3142 2160 3224 2212 ὅτι
3271 2159 3334 2229 δὴ
3385 2157 3656 2222 ἐλυπεῖτο,
3713 2157 3829 2210 καὶ

2225 2251 2500 2321 ἠδημόνει,
2531 2251 2621 2304 ml.
2647 2255 2946 2324 τετάρακτο
2977 2250 3075 2320 τὴν
3108 2249 3304 2320 ψυχὴν,
3343 2249 3424 2300 ὅτι
3451 2248 3606 2301 αὐτοὶ
3633 2247 3824 2302 αὑτὸν

2227 2343 2580 2406 ἀπολιπόντες
2605 2342 2834 2414 ᾤχοντο·
2865 2343 2898 2412 ἢ
2937 2343 3016 2396 ὅτι
3059 2343 3087 2393 6
3127 2341 3342 2394 πάντων
3379 2339 3556 2393 αὐτῶν
3597 2356 3822 2410 προκε-

2227 2437 2479 2508 κριμένος
2514 2435 2804 2499 ἀπόστολός
2847 2452 2905 2488 τε
2943 2436 3036 2488 καὶ
3075 2433 3322 2504 μαθητὴς
3365 2432 3526 2484 αὐτοῦ
3565 2431 3818 2503 Πέτρος,

2229 2528 2473 2598 βασάνων
2506 2529 2661 2591 ἐκτὸς
2692 2529 2784 2582 καὶ
2815 2527 3138 2598 ἀρχοντικῆς
3171 2525 3396 2593 ἀπειλῆς
3427 2525 3608 2596 τρίτον
3633 2523 3820 2576 αὐτὸν

2228 2621 2554 2692 ἐξωμόσατο.
2591 2620 2788 2674 Ταῦτα·
2819 2621 2924 2692 γάρ
2969 2619 3071 2672 κᾶν
3109 2617 3283 2672 ἄλλων
3335 2617 3618 2686 λεγόντων,
3659 2617 3816 2688 χρῆν

2227 2713 2490 2783 δήπουθεν
2525 2711 2797 2785 ἀρνεῖσθαι
2826 2713 2949 2774 τοὺς
2977 2711 3124 2764 οὐδὲν
3154 2709 3279 2763 ἀλλο
3311 2711 3344 2781 ἢ
3375 2709 3700 2780 χαρίζεσθαι
3739 2709 3816 2764 τὰ

2231 2805 2528 2876 σεμνότερα
2549 2803 2624 2874 τῷ
2651 2804 2950 2874 διδασκάλῳ
2973 2801 3442 2874 προτεθειμένους.
3475 2802 3537 2853 Εἰ
3561 2801 3620 2852 δὲ
3649 2799 3816 2870 φιλα-

2227 2896 2408 2967 λήθεις
2445 2899 2502 2949 ὲν
2533 2899 2642 2958 τοῖς
2675 2895 2838 2948 αὑτοῦ
2871 2895 3208 2966 σκυθρωποῖς
3246 2893 3542 2964 διηγήμασι
3581 2893 3814 2958 φαίνον-

2229 3005 2337 3052 ται,
2369 2987 2500 3041 πολὺ
2539 2987 2734 3058 μᾶλλον
2767 2989 2824 3040 ὲν
2853 2989 2963 3048 τοῖς
2995 2985 3348 3057 ένδοξοτέροις
3373 2981 3482 3038 εἷεν
3517 2983 3580 3036 ἂν
3617 2981 3810 3036 τοιοῦ-

2229 3095 2330 3130 τοι.
2371 3077 2509 3140 Τοὺς
2541 3078 2646 3148 γάρ
2667 3077 2810 3142 ἅπαξ
2849 3076 3138 3145 ψεύδεσθαι
3173 3075 3583 3148 προελομένους,
3615 3075 3684 3128 τὰ
3715 3075 3812 3126 λυ-

2155 3203 2198 3260 C
2232 3171 2380 3242 πηρά
2413 3173 2547 3242 χρῆν
2579 3171 2775 3242 μᾶλλον
2804 3173 3056 3238 ἐκφυγεῖν
3095 3170 3210 3238 ἦτοι
3257 3169 3343 3222 διὰ
3377 3166 3604 3260 σιωπῆς,
3713 3167 3810 3222 διὰ

2229 3265 2326 3335 τῆς
2359 3265 2486 3336 περὶ
2517 3263 2690 3316 αὐτῶν
2729 3263 3024 3333 ἀρνήσεως,
3067 3261 3138 3331 μὴ
3183 3261 3355 3323 ἄλλως
3393 3257 3496 3312 τῶν
3533 3259 3810 3328 ὀψιγόνων

2231 3356 2438 3424 ἐλέγξαι
2467 3356 2773 3426 δυναμένων
2821 3355 2888 3408 τά
2940 3354 3286 3424 σεσιγημένα.
3329 3353 3426 3406 Διά
3467 3351 3518 3404 τί
3561 3351 3670 3422 γὰρ
3725 3352 3810 3422 μὴ

2227 3457 2538 3528 ἐψεύσαντο,
2570 3459 2661 3512 ml.
2707 3457 2931 3528 ἔφησαν,
2979 3458 3060 3511 ὅτι
3101 3457 3302 3520 Ἰούδας
3351 3458 3446 3526 μὲν
3489 3459 3518 3508 6
3567 3455 3810 3526 προδοὺς

2227 3551 2388 3604 αὐτὸν
2429 3551 2710 3623 φιλήματι,
2753 3549 3028 3620 τολμήσας
3065 3549 3126 3603 τὸ
3160 3548 3424 3620 σύμϐολον
3463 3547 3806 3612 ἐνδείξασθαι

2227 3643 2328 3714 τῆς
2363 3643 2669 3716 προδοσίας,
2715 3643 3071 3714 ἀπολιθωθείη
3119 3643 3350 3696 αύτίκα’
3395 3644 3423 3694 ὁ
3469 3641 3524 3692 δὲ
3568 3639 3806 3710 ῥαπίσαι

2227 3734 2388 3788 αὑτὸν
2419 3735 2710 3806 τολμήσας,
2741 3735 2902 3806 ξηρὸς
2955 3733 3287 3804 παραχρῆμα
3334 3731 3542 3800 γένοιτο
3581 3730 3678 3801 τὴν
3711 3731 3806 3782 δε-

2230 3827 2346 3891 ξιάν
2365 3845 2380 3858 ·
2407 3830 2436 3880 6
2457 3827 2500 3880 δ’
2527 3829 2810 3900 ἀρχιερεὺς
2843 3827 3113 3896 Καϊάφας,
3147 3826 3222 3888 ὡς
3261 3825 3326 3877 ἂν
3355 3823 3658 3895 συντρέχων
3685 3824 3806 3886 τοῖς

2230 3931 2347 3982 κατ’
2377 3929 2540 3982 αὑτοῦ
2570 3929 2946 3997 συκοφάνταις,
2981 3928 3261 4001 πηρωθείη
3289 3929 3384 3992 τάς
3415 3929 3595 3997 ὕψεις;
3633 3927 3724 3980 διὰ
3749 3929 3804 3981 τί

2229 4019 2286 4072 δὲ
2321 4019 2393 4090 μὴ
2423 4019 2713 4088 ἐψεύσαντο
2743 4019 2961 4084 πάντες,
3001 4022 3080 4073 ὅτι
3117 4020 3280 4090 μηδὲν
3321 4019 3638 4091 σκυθρωπὸν
3667 4019 3806 4089 ἀλη-

2231 4121 2338 4184 θῶς
2381 4123 2507 4194 περὶ
2561 4123 2720 4175 αὑτὸν
2773 4123 3032 4190 γέγονεν;
3076 4123 3212 4176 Ἀλλ’
3263 4125 3290 4176 ὀ
3337 4123 3432 4194 μὲν
3473 4123 3683 4194 ἀφανὴς
3731 4119 3803 4196 ἦν

2231 4213 2601 4281 καταγελάσας
2649 4213 2825 4265 αὐτῶν
2861 4215 2952 4266 τοῦ
3001 4213 3346 4286 δικαστηρίου
3367 4232 3380 4244 ’
3412 4217 3460 4267 οἱ
3488 4215 3544 4268 δὲ
3577 4213 3802 4268 επιϐου-

2231 4305 2493 4368 λεύοντες,
2523 4303 2626 4356 ὑπὸ
2655 4305 2955 4374 φαντασίας
2984 4305 3236 4376 θεηλάτου
3267 4304 3623 4376 πλανώμενοι,
3651 4309 3806 4379 ἐνερ-

2231 4399 2346 4462 γεῖν
2378 4397 2495 4448 κατ’
2515 4394 2678 4447 αύτοῦ
2711 4395 2784 4466 μὴ
2817 4395 3078 4466 παρόντος
3107 4395 3352 4460 ὲδόκουν;
3377 4397 3441 4448 Τί
3473 4394 3538 4461 δ“;
3567 4393 3676 4468 ἆρα
3701 4397 3804 4450 οὐκ

2231 4483 2298 4558 ἦν
2333 4485 2654 4558 σεμνότερον
2679 4485 2772 4538 τοῦ
2803 4487 3147 4550 πλάττεσθαι,
3178 4488 3384 4540 ὅτιτῶν
3407 4488 3620 4540 τοιῶνδε
3645 4506 3804 4559 ποιη-

2233 4579 2332 4648 τὴς
2361 4575 2534 4650 ἔργων
2559 4577 2872 4648 παραδόξων
2897 4579 3105 4646 γέγονε,
3143 4578 3204 4630 τὸ
3239 4580 3490 4648 γράφειν,
3520 4581 3600 4632 ὅτι
3634 4579 3804 4650 μηδὲν

2239 4671 2334 4741 μὲν
2362 4669 2714 4740 ἀνθρώπινον,
2747 4669 2877 4739 μηδὲ
2905 4669 3092 4740 θνητὸν
3119 4672 3243 4741 περὶ
3277 4671 3434 4724 αὑτὸν
3471 4671 3688 4742 συνέϐη,
3717 4673 3804 4724 ὲν-

2237 4761 2340 4832 θέῳ
2381 4761 2437 4814 δὲ
2485 4763 2801 4833 δυνάμειτά
2850 4762 3025 4816 πάντα
3075 4764 3534 4836 καταδησάμενος,
3579 4763 3682 4834 τὴν
3721 4765 3802 4828 εἰς

2235 4855 2492 4926 οὐρανοὺς
2525 4857 2779 4910 ἐπάνοδον
2811 4857 2945 4926 μετά
2985 4857 3256 4928 θειοτέρας
3280 4855 3433 4926 δόξης
3473 4858 3798 4928 ἐποιήσατος

2235 4948 2294 4999 οὐ
2341 4949 2448 5020 γὰρ
2482 4949 2546 5020 δὴ
2595 4949 2800 5013 τούτοις
2835 4951 3080 5003 ἀπιστεῖν
3127 4949 3343 5020 ἔμελλον
3384 4952 3432 5002 οἱ
3469 4952 3586 5012 ταῖς
3614 4949 3800 5013 ἄλλαις

2162 4536 2206 4590 D

2237 5052 2413 5104 αὐτῶν
2445 5051 2724 5122 διηγήσεσι
2756 5051 3190 5115 πεπιστευκότες.
3219 5053 3281 5105 υἱ
3312 5050 3354 5103 δ’
3389 5047 3479 5105 οὖν
3515 5051 3678 5122 μηδὲν
3704 5051 3800 5122 τῆς

2236 5144 2488 5214 ἀληθείας
2520 5145 2576 5198 ὲν
2615 5149 2723 5208 τοῖς
2759 5144 3156 5214 ἀπεμφαίνουσι
3191 5145 3284 5197 ml.
3323 5143 3662 5216 σκυθρωποῖς
3693 5161 3798 5196 πα-

2239 5237 2642 5308 ραχαράξαντες
2676 5236 2791 5298 πῶς
2821 5237 2920 5288 ούκ
2950 5235 3014 5288 ἂν
3047 5231 3156 5288 εἷεν
3189 5235 3327 5302 ἄξιοι
3355 5237 3449 5290 καὶ
3478 5238 3536 5289 ἐν
3563 5237 3675 5297 τοῖς
3702 5234 3800 5288 λοιν

2238 5339 2376 5400 τωῖς,
2411 5333 2490 5400 οἷς
2523 5335 2907 5408 ἐμαρτύρησαν
2959 5335 3106 5406 αὐτῷ
3145 5335 3213 5390 τὰ
3259 5334 3553 5407 παράδοξα,
3593 5333 3798 5406 φαύλης

2237 5429 2390 5492 ἐκτὸς
2424 5430 2674 5492 ὑπονοίας
2727 5428 3086 5492 καθεστάναι;
3138 5429 3424 5498 Αὐτάρκης
3452 5427 3552 5498 μὲν
3581 5423 3674 5480 οὖν
3711 5425 3799 5480 ml.

2238 5523 2272 5591 ἠ
2301 5521 2466 5573 τῶνδε
2490 5520 2744 5590 τυγχάνει
2779 5521 2902 5592 περὶ
2927 5519 3019 5572 τοῦ
3047 5521 3291 5592 Σωτῆρος
3317 5519 3470 5590 ἡμῶν
3495 5519 3796 5592 μαρτυρία·

2237 5621 2387 5676 οὐδὲν
2419 5621 2476 5674 δὲ
2505 5618 2615 5674 οἷον
2639 5621 2704 5674 ἐκ
2731 5623 3040 5694 περιουσίας
3071 5625 3162 5676 καὶ
3189 5622 3265 5692 τῷ
3283 5621 3342 5686 ἐξ
3381 5621 3645 5693 Ἐϐραίων
3687 5621 3802 5674 Ἰωο

2239 5727 2394 5796 σήπῳ
2427 5723 2659 5793 μάρτυρι
2690 5725 3011 5794 χρήσασθαι,
3051 5725 3108 5787 ὃς
3145 5727 3201 5776 ἐν
3239 5723 3316 5794 τῷ
3355 5723 3796 5792 ὀκτωκαιδεκάτῳ

2239 5815 2336 5878 τῆς
2379 5812 2702 5878 Ἰουδαϊκῆς
2733 5815 3192 5884 Ἀρχαιολίγγις.
3223 5815 3290 5868 τὰ
3311 5813 3444 5868 κατὰ
3467 5815 3607 5874 τοὺς
3641 5811 3798 5866 Πιλά-
