3954 6508
129 424 212 479 ιιι
1076 427 1726 485 DEMONSTBATIONlS
1764 426 2229 484 EVANGELICAE
2252 398 2383 483 LIB.
2424 425 2513 480 tu.
3274 426 3383 484 εει

128 562 208 598 του
233 542 460 614 χρόνους
499 544 762 619 ἱστορῶν,
808 547 1077 623 μέμνηται
1120 551 1213 605 τοῦ
1256 551 1507 624 Σωτῆρος
1549 551 1699 623 ἡμῶν

1808 551 1975 607 iisse?
2003 565 2186 605 verum
2222 549 2315 603 ubi
2345 549 2397 602 vi
2442 548 2622 603 divina
2656 562 2745 603 res
2778 561 2968 601 omnes
3010 561 3139 603 suas
3181 550 3383 605 conﬁr-

127 639 176 687 ἐν
200 633 431 698 τούτοις·
1817 652 2045 709 masset,
2076 651 2195 699 tum
2244 643 2300 697 in
2350 643 2549 697 coelum
2594 641 2885 712 gloriosius
2915 639 3262 710 diviniusque
3293 659 3386 699 re-

125 726 385 781 vertisse?
445 728 628 786 Certe
673 731 777 787 hoc
830 734 1003 790 multo
1073 735 1335 805 majorem
1363 738 1767 793 venerationem
1820 744 2227 810 comparasset,
2258 752 2422 807 quam
2474 736 2710 807 ﬁngere,
2741 737 2810 790 ab
2858 737 2951 791 illo
2996 751 3059 790 ea
3118 735 3385 790 miracula
3428 718 3439 773 ἶ

128 821 252 874 facta
277 836 401 888 quae
430 824 737 880 novimus?
767 824 926 896 125
973 842 1149 898 neque
1173 829 1316 883 enim
1371 830 1455 885 his
1496 832 1757 887 credituri
1791 848 1900 887 non
1926 833 2163 893 fuerant,
2209 829 2302 900 qui
2365 830 2575 884 caeteris
2607 830 2921 884 eorumdem
2975 828 3387 883 narrationibus

126 911 266 963 ﬁdem
319 911 609 969 habuere.
677 916 780 981 Qui
828 917 994 987 igitur
1064 918 1120 973 in
1160 918 1229 975 iis
1277 936 1398 991 qua:
1429 921 1667 977 dedecus
1715 923 1915 977 habent
1962 930 2123 991 atque
2188 920 2489 982 tristitiam,
2526 920 2806 973 veritatem
2854 934 3205 987 corrumpere
3262 915 3386 973 ausi

126 1020 219 1059 non
245 1014 396 1071 sunt,
432 1022 543 1062 cur
573 1026 681 1065 non
724 1011 779 1065 in
827 1014 1051 1083 reliquis
1092 1030 1329 1085 quoque,
1372 1032 1493 1087 qua:
1531 1017 1601 1072 de
1650 1018 1743 1071 illo
1783 1018 2124 1087 protulerunt
2167 1015 2315 1085 digni
2362 1015 2649 1078 habentur,
2698 1015 2898 1085 quibus
2940 1014 3147 1083 absque
3201 1008 3384 1079 suspi-

124 1100 261 1151 cione
292 1097 576 1155 falsitatis
630 1102 919 1167 credatur,
973 1104 1137 1159 etiam
1204 1107 1251 1161 si
1294 1108 1556 1163 miracula
1611 1109 2001 1163 narraverint?
2061 1122 2190 1177 ergo
2237 1107 2364 1161 licet
2414 1106 2604 1159 talium
2658 1106 2940 1160 hominum
2980 1106 3047 1160 de
3098 1104 3384 1158 Salvatore

126 1198 290 1245 nostro
334 1192 759 1258 testimonium,
798 1196 959 1251 nobis
1003 1198 1225 1254 abunde
1280 1201 1593 1257 satisfacere
1646 1201 1841 1257 debeat
1878 1244 1892 1269 ,
1952 1209 2137 1256 tamen
2202 1201 2338 1255 nihil
2380 1216 2466 1255 me
2505 1208 2701 1271 praeter
2736 1202 3071 1270 propositum
3114 1200 3383 1253 facturum

125 1282 358 1344 arbitror,
395 1282 447 1337 si
495 1286 665 1354 quasi
694 1303 763 1342 ex
805 1288 1140 1345 abundantia
1185 1291 1453 1361 quadam,
1492 1292 1703 1349 Hebrzei
1743 1309 1958 1364 quoque
1983 1292 2205 1362 Josephi
2229 1293 2545 1348 testimonio
2576 1303 2731 1356 utar,
2787 1293 2878 1360 qui
2920 1292 2973 1345 in
3022 1292 3236 1346 decimo
3285 1302 3384 1343 oc-

128 1387 229 1432 ιιιό
264 1377 526 1434 Iudaica:
577 1382 953 1461 Antiquitatis,
982 1387 1142 1452 libro,
1170 1387 1329 1444 Pilati
1374 1398 1618 1461 tempora
1646 1391 1703 1445 in
1746 1392 2027 1446 historiam
2060 1406 2214 1447 suam
2245 1390 2509 1453 referens,
2556 1389 2623 1444 de
2677 1387 2955 1442 Salvatore
2986 1395 3177 1442 nostro
3235 1399 3385 1440 men-

127 1473 303 1525 tionem
332 1472 501 1539 facit,
548 1474 640 1531 bis
669 1478 877 1535 verbis.

457 1584 762 1651 Ἰωσήπου
790 1590 923 1657 περὶ
951 1591 1057 1646 τοῦ
1086 1593 1362 1661 Χριστοῦ.

182 1712 202 1745 ι
232 1694 451 1749 Γίνεται
502 1696 568 1749 δὲ
605 1700 722 1751 κατ’
754 1702 959 1756 ἐκεῖνον
1001 1705 1092 1757 τὸν
1131 1706 1322 1776 χρόνον
1370 1706 1577 1776 Ἰησοῦς
1616 1723 1703 1758 σο-

124 1787 206 1852 τὰς
230 1787 385 1859 ἀνὴρ,
414 1788 544 1857 εἴγε
582 1790 750 1863 ἄνδρα
775 1794 939 1846 αὐτὸν
964 1794 1139 1864 λέγειν
1173 1800 1299 1869 χρή.
1322 1795 1429 1852 Ἦν
1458 1798 1568 1870 γὰρ
1602 1817 1703 1853 πα-

125 1876 334 1945 ραδόξων
382 1878 581 1950 ἔργων
616 1884 863 1954 ποιητὴς,
907 1884 1223 1952 διδάσκαλος
1264 1889 1567 1961 ἀνθρώπων
1603 1891 1701 1943 τά-

125 1966 245 2036 ληθῆ
290 1967 650 2038 σεϐομένων·
704 1974 798 2025 καὶ
841 1975 1067 2040 πολλοὺς
1102 1978 1199 2047 μὲν
1246 1978 1340 2032 τοῦ
1388 1978 1700 2045 Ἰουδαϊκοῦ,
1734 2015 1775 2070 Β

125 2060 326 2125 πολλοὺς
347 2062 404 2114 δὲ
428 2064 534 2116 καὶ
567 2064 873 2135 Ἑλληνικοῦ
902 2068 1231 2138 ἐπηγάγετο⁵
1248 2071 1276 2122 ὁ
1294 2071 1525 2142 Χριστὸς
1548 2065 1702 2135 οὗτος

125 2147 180 2220 ἦν
207 2152 299 2221 (l),
338 2154 436 2207 καὶ
483 2154 670 2207 αὐτῶν
711 2156 1056 2222 ἐνδείξειτῶν
1090 2160 1217 2231 παρ’
1264 2161 1395 2229 ἡμῖν
1431 2159 1703 2229 ἀρχόντων

126 2245 321 2313 σταυρῷ
363 2246 828 2317 ἐπιτετιμηκότος
878 2249 1131 2317 Πιλάτου,
1168 2252 1267 2303 οὐκ
1315 2252 1621 2305 ἐπαύσαντο
1654 2254 1703 2305 οἱ

127 2332 402 2403 τὸπρῶτον
431 2337 853 2409 ἀγαπήσαντες.
899 2339 1099 2411 Ἐφάνη
1145 2342 1252 2415 γάρ
1286 2344 1470 2408 αὐτοῖς
1515 2346 1703 2417 τρίτην

127 2424 313 2493 ἡμέραν
361 2427 539 2481 πάλιν
586 2430 713 2495 ζῶν,
749 2431 855 2484 τῶν
901 2433 1059 2488 Οεὶων
1098 2438 1390 2508 προφητῶν
1433 2438 1605 2493 ταῦτά
1642 2457 1701 2492 τε

127 2518 205 2568 καὶ
237 2518 367 2571 ἄλλα
410 2522 595 2591 μυρία
640 2524 767 2594 περὶ
796 2525 961 2578 αὐτοῦ
1000 2529 1314 2598 εἰρηκότων.
1348 2531 1509 2584 Ὄοεν
1537 2532 1701 2586 εἰσέτι

130 2608 332 2663 νῦνάπὸ
361 2612 529 2665 τοῦδε
579 2614 685 2667 τῶν
733 2616 1071 2686 Χριστιανῶν
1116 2620 1213 2673 οὐκ
1259 2621 1480 2675 ἐπέλιπε
1510 2623 1569 2677 τὸ
1598 2623 1700 2691 φῦ-

129 2701 223 2755 λον.
255 2722 272 2753 ι
302 2705 363 2757 Εἰ
387 2707 709 2761 τοίνυνκαὶ
739 2710 879 2763 κατὰ
910 2712 1001 2764 τὸν
1030 2713 1296 2783 ἱστορικὸν
1322 2720 1699 2786 μαρτυρεῖται,

133 2794 181 2846 οὐ
210 2796 360 2865 μόνον
408 2803 549 2864 τοὺς
587 2801 795 2855 δώδεκα
830 2805 1189 2871 ἀποστόλους,
1229 2808 1346 2862 οὐδὲ
1390 2810 1515 2875 τοὺς
1554 2810 1703 2864 ἐϐδο-

136 2887 349 2954 μήκοντα
388 2891 651 2960 μαθητάς
703 2892 1125 2965 ἐξῳκειωμένος,
1156 2897 1291 2951 ἀλλὰ
1342 2878 1566 2961 πολλους
1604 2901 1702 2970 μὲν

135 2978 211 3029 τοῦ
244 2980 560 3039 Ἰουδαϊκοῦ.
589 2985 815 3049 πολλοὺς
854 2986 911 3039 δὲ
939 2986 1031 3040 τοῦ
1074 2988 1383 3061 Ἑλληνικοῦ
1430 2992 1702 3063 προσαγό-

140 3071 463 3143 μενοςνδῆλος
484 3076 556 3129 ἂν
582 3075 665 3146 εἴη
693 3077 944 3146 περιττόν
969 3095 1020 3130 τι
1044 3081 1377 3151 κεκτημένος
1402 3081 1553 3154 παρὰ
1574 3084 1702 3146 τοὺς

140 3158 327 3226 λοιποὺς
354 3165 705 3237 ἀνθρώπους.
756 3167 879 3230 Πῶς
916 3167 1023 3238 γάρ
1073 3170 1138 3223 ἂν
1181 3171 1353 3236 ἄλλως
1398 3175 1702 3245 προσήγετο

139 3252 214 3305 τοῦ
228 3253 540 3321 Ἰουδαϊκοῦ,
566 3259 660 3310 καὶ
683 3259 775 3311 τοῦ
807 3259 1114 3329 Ἐλληνικοῦ
1141 3262 1377 3327 πλείους,
1410 3267 1457 3317 εἰ
1494 3266 1566 3335 μή
1591 3282 1700 3318 τισι

2309 1588 2526 1658 Josephi
2548 1588 2610 1641 de
2634 1587 2867 1642 Christo.

1882 1726 1901 1759 ι
1942 1706 2171 1763 Exsistit
2200 1720 2297 1776 per
2326 1705 2468 1760 idem
2499 1712 2715 1773 tempus
2756 1702 2915 1758 Jesus
2944 1703 3162 1772 sapiens
3193 1705 3295 1767 vir,
3332 1704 3381 1761 si

1804 1800 1967 1855 modo
1997 1800 2173 1853 virum
2208 1813 2331 1852 eum
2365 1797 2549 1851 dicere
2571 1803 2806 1865 Oportet,
2833 1795 3033 1865 quippe
3067 1797 3158 1867 qui
3192 1812 3381 1851 earum

1802 1908 1985 1947 rerum
2010 1899 2210 1945 auctor
2237 1890 2419 1954 fuerit,
2452 1904 2571 1959 qua:
2592 1888 2883 1941 humanam
2914 1886 3072 1941 fidem
3097 1895 3381 1959 superant.

1804 1982 2041 2039 Docebat
2075 1998 2238 2054 porro
2267 1982 2355 2036 hic
2400 1980 2673 2043 homines,
2706 1980 2752 2033 si
2795 1995 2933 2050 quos
2974 1981 3222 2035 veritatis
3264 1989 3382 2037 stu-

1805 2077 1992 2132 diosos
2026 2076 2372 2146 reperiebat:
2412 2090 2542 2145 ergo
2576 2074 2776 2128 multos
2808 2073 2913 2127 sibi
2942 2071 3213 2138 Iudaicae,
3240 2073 3383 2128 mul-

1803 2179 1890 2225 tos
1921 2170 2081 2224 etiam
2118 2169 2320 2224 Graeca:
2354 2167 2608 2221 factionis
2647 2166 2915 2235 adjunxit.
2945 2167 3195 2223 Christus
3220 2168 3381 2237 plane

1803 2262 1895 2317 hic
1940 2262 2041 2316 fuit
2080 2280 2093 2315 :
2143 2260 2410 2330 siquidem
2440 2274 2564 2313 cum
2609 2259 3018 2328 magistratibus
3049 2260 3253 2313 nostris
3283 2274 3377 2314 ac-

1803 2354 2145 2414 cusantibus,
2174 2353 2327 2406 illum
2353 2350 2533 2405 crucis
2555 2350 2826 2418 supplicio
2852 2349 3120 2405 affecisset
3141 2349 3373 2415 Pilatus,

1803 2461 1915 2500 non
1963 2444 2314 2503 destiterunt,
2349 2443 2442 2511 qui
2489 2442 2556 2495 ab
2589 2441 2745 2495 initio
2792 2440 3061 2510 complexi
3110 2440 3373 2495 fuerant:

1803 2538 2054 2608 apparuit
2087 2538 2229 2592 enim
2261 2536 2369 2591 illis
2408 2535 2569 2589 tertio
2599 2534 2685 2589 die
2720 2534 2914 2588 iterum
2939 2533 3148 2596 vivens,
3182 2547 3376 2601 quem-

1804 2629 2099 2683 admodum
2150 2627 2317 2680 divini
2351 2626 2630 2696 prophetae
2657 2634 2713 2680 et
2776 2625 2890 2680 haec
2918 2636 2971 2681 et
2994 2626 3098 2679 alia
3132 2627 3377 2681 innume-

1802 2721 1996 2775 rabilia
2028 2720 2093 2774 de
2137 2720 2231 2773 illo
2260 2718 2645 2788 praedixerant,
2692 2732 2759 2771 ex
2796 2732 2906 2786 quo
2932 2716 2998 2769 ad
3026 2717 3171 2770 hunc
3202 2734 3377 2787 usque

1803 2813 1945 2867 diem
1979 2812 2414 2867 Christianorum
2448 2825 2559 2862 non
2593 2808 2793 2863 defecit
2842 2823 3034 2877 genus.
3077 2828 3095 2859 ι
3151 2806 3207 2861 Si
3244 2823 3374 2879 ergo

1801 2905 2101 2959 historicus
2130 2918 2347 2973 quoque
2374 2901 2723 2963 testificatur,
2765 2914 2877 2953 non
2905 2900 3050 2953 solos
3083 2898 3375 2954 duodecim

1801 2997 2099 3065 apostolos,
2141 2994 2593 3064 septuagintaque
2633 2991 2960 3060 discipulos,
3014 2990 3083 3044 ab
3130 2991 3222 3044 illo
3268 2990 3376 3045 sibi

1802 3089 2110 3159 adiunctos,
2158 3087 2253 3142 sed
2298 3087 2500 3140 multos
2532 3099 2749 3155 quoque
2784 3094 2897 3137 tum
2942 3082 3203 3147 Judaicaa,
3253 3091 3371 3137 tum

1802 3180 2003 3235 Graeca:
2043 3179 2297 3233 factionis
2327 3186 2660 3247 assumptos,
2692 3177 2869 3247 palam
2916 3187 3002 3232 est
3048 3176 3199 3229 illum
3230 3175 3284 3229 in
3313 3189 3374 3230 se

1802 3272 2007 3342 aliquid
2055 3271 2407 3326 excellentius
2442 3272 2653 3324 caeteris
2702 3269 3016 3323 hominibus
3065 3266 3371 3322 habuisse:

143 3341 437 3415 θαυμαστοῖς
462 3350 564 3401 καὶ
593 3350 911 3421 παραδόξοις
939 3353 1139 3422 ἔργοις,
1170 3356 1263 3407 καὶ
1294 3355 1575 3428 ξενιζούσῃ
1603 3358 1698 3411 κέ-

1803 3379 1909 3434 qua
1938 3364 2079 3419 enim
2130 3364 2235 3416 alia
2285 3364 2495 3417 ratione
2534 3370 2587 3416 et
2628 3360 2841 3416 Judaici
2872 3370 2925 3416 et
2955 3360 3128 3415 Graeci
3160 3359 3375 3429 generis

142 3454 281 3509 χρητο
308 3440 658 3515 διδασκαλίᾳ;
703 3446 983 3517 Μαρτυρεί
1016 3447 1072 3499 δὲ
1106 3448 1197 3499 καὶ
1226 3450 1258 3518 ἡ
1296 3448 1402 3501 τῶν
1436 3448 1700 3520 ligatam,

145 3530 230 3581 τῶν
265 3533 578 3588 ἀποστόλων
622 3537 843 3607 γραφὴ,
886 3538 967 3590 ὅτι
1020 3537 1211 3591 πολλαὶ
1264 3539 1518 3609 μυριάδες
1562 3535 1700 3610 ἦσαν

156 3620 384 3677 Ἰουδαίων
417 3626 635 3697 ἀνδρῶν
667 3628 1045 3698 πεπεισμένων
1083 3630 1244 3681 αὐτὸν
1280 3626 1416 3683 εἶναι
1441 3631 1531 3682 τὸν
1562 3632 1700 3702 Χρι-

150 3716 351 3772 οτὺντοῦ
389 3719 556 3784 Θεοῦ,
596 3722 688 3774 τὸν
723 3722 827 3775 ὑπὸ
864 3722 973 3774 τῶν
996 3722 1289 3793 προφητῶν
1326 3724 1702 3795 κατηγγελμέ-

148 3816 352 3868 νονοκαὶ
387 3818 419 3889 ἡ
466 3817 682 3887 ἱστορία
714 3816 772 3867 δὲ
812 3815 1049 3885 κατέχει,
1093 3815 1169 3878 ὡς
1210 3816 1302 3868 καὶ
1348 3817 1576 3888 μεγίστη
1618 3834 1701 3881 τις

148 3895 203 3970 ἦν
229 3906 514 3982 Ἐκκλησία
566 3907 805 3979 Χριστοῦ
860 3909 917 3961 ἐν
962 3909 1077 3970 τοῖς
1123 3908 1541 3979 Ἰεροσολύμοις,
1593 3910 1700 3963 ἀπὸ

159 3991 387 4050 Ἰουδαίων
440 3999 884 4069 συγκροτουμένη
910 4038 924 4060 ,
982 3998 1141 4068 μέχρι
1190 3999 1299 4052 τῶν
1349 4001 1552 4071 χρόνων
1602 4003 1699 4070 τῆς

152 4088 245 4136 κατ’
272 4089 546 4161 Ἀδριανὸν
575 4090 910 4161 πολιορκίας.
943 4092 1206 4158 Λέγονται
1240 4089 1371 4158 γοῦν
1414 4094 1463 4144 οἱ
1492 4092 1697 4162 πρῶτοι

154 4179 265 4231 κατὰ
288 4182 535 4254 διαδοχὴν
560 4184 887 4253 προστάντες
915 4183 1099 4237 αὐτόοι
1140 4183 1425 4237 ἐπίσκοποι
1461 4185 1697 4237 Ἰουδαῖοι

152 4274 418 4341 γεγονέναι,
478 4269 553 4328 ὧν
598 4277 690 4328 καὶ
734 4275 969 4346 ὀνόματα
1020 4276 1185 4328 εἰσέτι
1232 4275 1326 4329 νῦν
1386 4276 1536 4346 παρὰ
1590 4278 1700 4338 τοῖς

152 4359 390 4436 ἐγχωρίοις
438 4368 871 4439 μνημονεύεται·
914 4368 991 4430 ὡς
1046 4368 1140 4420 καὶ
1183 4368 1248 4419 ἐκ
1296 4367 1497 4419 τούτων
1548 4366 1701 4419 λελῦ-

156 4452 250 4507 aiat
270 4463 443 4515 πᾶσαν
472 4463 573 4535 τὴν
607 4462 748 4515 κατὰ
769 4461 877 4513 τῶν
920 4460 1176 4531 μαθητῶν
1227 4459 1391 4512 αὑτοῦ
1422 4458 1695 4530 διαῦολὴν,

156 4545 223 4598 ὅτε
250 4553 328 4604 καὶ
358 4553 498 4624 πρὸς
531 4551 729 4611 αὐτῶν,
762 4552 856 4603 καὶ
886 4550 1010 4620 δίχα
1034 4551 1133 4621 τῆς
1166 4550 1344 4602 αὐτῶν
1375 4552 1695 4621 μαρτυρίας,

158 4643 291 4713 μυρία
318 4647 659 4715 ὁμολογεῖται
692 4644 868 4714 πλήθη
912 4643 1179 4695 Ἰουδαίων
1204 4660 1262 4694 τε
1302 4644 1392 4695 καὶ
1434 4643 1697 4714 Ἑλλήνων

1802 3456 2003 3510 multos
2034 3455 2139 3508 sibi
2161 3454 2457 3523 adjungere
2491 3454 2780 3523 potuisset,
2827 3453 2933 3506 nisi
2960 3452 3375 3507 admirabilibus

1801 3548 2070 3618 fidemque
2099 3546 2486 3615 superantibus
2533 3546 2726 3615 gestis,
2771 3554 2824 3599 et
2854 3543 3100 3598 inaudita
3135 3543 3372 3611 quadam

1802 3638 2051 3693 doctrina
2105 3653 2239 3691 usus
2286 3636 2467 3691 esset?
2514 3636 2675 3689 fidem
2720 3636 2885 3690 etiam
2939 3634 3070 3687 facit
3113 3634 3251 3687 liber
3278 3634 3372 3703 qui

1799 3731 1935 3785 Acta
1984 3729 2353 3799 apostolorum
2403 3727 2744 3791 inscribitur,
2780 3728 2947 3795 multa
2978 3726 3144 3779 millia
3192 3724 3371 3777 homi-

1800 3838 1931 3878 num
1979 3821 2288 3877 Judaeorum
2332 3820 2657 3885 credidisse,
2714 3820 2867 3873 illum
2923 3834 3044 3874 esse
3088 3816 3370 3872 Christum

1799 3914 1921 3981 Dei,
1948 3930 2107 3985 quem
2146 3914 2423 3984 propheta:
2454 3920 2745 3966 venturum
2781 3909 3149 3965 nuntiassent.
3186 3906 3372 3960 Histo-

1800 4010 1877 4062 ria
1908 4023 2123 4078 quoquc
2157 4005 2287 4060 illud
2314 4006 2475 4059 habet
2502 4024 2515 4058 :
2551 4004 2809 4074 grandem
2835 4002 3037 4056 Christi
3070 3998 3370 4053 Ecclesiam

1797 4099 2191 4170 Hierosolymis
2237 4098 2430 4161 fuisse,
2484 4112 2649 4166 quam
2700 4094 2871 4149 Jud:ei
2932 4095 3367 4163 comparassent,

1799 4191 2136 4262 durasscque
2191 4206 2364 4259 usque
2418 4189 2483 4243 ad
2552 4188 2930 4246 obsidionem.
2980 4200 3101 4254 quae
3143 4180 3370 4236 Adriani

1798 4294 2043 4353 tempore
2069 4284 2209 4338 facta
2242 4289 2325 4338 est
2356 4300 2380 4343 ;-
2404 4295 2535 4350 ergo
2565 4279 2659 4349 qui
2690 4277 2848 4348 primi
2876 4274 3121 4345 episc0pi
3146 4289 3212 4328 ex
3248 4287 3371 4327 suc-

1799 4376 2049 4434 cessione
2097 4378 2207 4432 illic
2245 4375 2584 4447 prazfuerunt
2608 4413 2622 4437 ,
2653 4370 2824 4424 Judaei
2877 4367 3048 4423 fuisse
3088 4365 3366 4429 dicuntur,

1800 4486 2031 4542 quorum
2080 4469 2298 4523 nomina
2352 4467 2420 4519 ab
2462 4465 2582 4533 ejus
2632 4462 2737 4515 loci
2785 4459 2979 4513 incolis
3028 4456 3191 4510 etiam
3222 4469 3368 4507 nunc

1801 4568 2194 4621 memorantur,
2236 4558 2392 4628 125
2424 4564 2483 4609 ut
2516 4571 2581 4609 ex
2606 4555 2691 4608 his
2721 4565 2939 4621 quoque
2970 4549 3147 4602 omnis
3173 4555 3367 4601 contra

1802 4653 2099 4724 discipulos
2133 4653 2278 4706 illius
2301 4649 2572 4705 calumnia
2611 4647 2875 4706 diluatur,
2911 4642 3128 4713 quando
3172 4647 3225 4695 et
3258 4640 3367 4695 illis

159 4734 285 4800 with;
323 4740 529 4812 Ἰησοῦς
565 4740 594 4791 ὁ
634 4738 866 4809 Χριστὸς
917 4736 1010 4789 τοῦ
1051 4735 1183 4788 Θεοῦ
1226 4735 1293 4788 δι’
1336 4729 1412 4789 ὧν
1456 4737 1697 4788 ἐπετέλει

1802 4745 2239 4810 testificantibus,
2269 4755 2321 4799 et
2353 4752 2568 4805 contra,
2615 4740 2723 4793 illis
2772 4752 2878 4790 non
2924 4734 3366 4796 testificantihus,

160 4831 435 4900 παραδόξων
487 4832 664 4903 ἔργων
719 4832 807 4899 ὑφ’
866 4830 1057 4882 ἑαυτὸν
1110 4829 1492 4900 πεποιημένος.
1537 4828 1696 4881 Ἀλλὰ

161 4922 321 4979 τούτων
340 4930 473 4999 ἡμῖν
512 4926 606 4979 ἐπὶ
638 4924 889 4978 τοσοῦτον
927 4921 1251 4993 εἰρημένων,
1288 4921 1423 4990 πρὸς
1450 4922 1510 4973 τὸ
1542 4920 1693 4991 πρῶ-

162 5026 229 5064 την
247 5018 338 5072 τῶν
364 5020 610 5072 ἀπίστων
638 5017 844 5086 τάγμα,
877 5015 1029 5086 φέρε,
1061 5014 1155 5066 καὶ
1194 5010 1327 5083 πρὸ.³
1356 5013 1414 5064 τὸ
1446 5012 1694 5083 δεύτερον

167 5108 309 5174 στῖφος
336 5111 631 5180 ὲνστῶμεν.
664 5108 833 5161 Τοῦτο
865 5107 921 5159 δὲ
954 5103 1021 5176 ἧν
1052 5107 1111 5158 τὸ
1138 5105 1246 5158 τῶν
1282 5104 1696 5173 συνομολογούν-

164 5210 244 5250 των
272 5203 355 5269 μὲν
388 5204 478 5256 τὸν
520 5201 724 5273 Ἰησοῦν
753 5201 818 5253 τά
852 5198 1124 5271 παράδοξα
1165 5194 1541 5266 πεποιηκέναι,
1570 5214 1698 5266 γοη-

166 5288 253 5358 τεία
276 5292 321 5346 δὲ
351 5294 524 5356 ἄλλως
566 5294 658 5345 ἐπὶ
703 5291 879 5362 πλάνῃ
923 5290 1029 5344 τῶν
1061 5288 1332 5358 ὁρώντων,
1373 5281 1460 5338 οἷα
1489 5285 1697 5354 Θαυμα-

166 5383 405 5456 τουργὸνῆ
449 5382 744 5455 φαρμακέα
794 5380 935 5445 τινὰ,
981 5377 1371 5450 θαυμαστῶσαι
1410 5376 1534 5439 τοὺς
1554 5391 1690 5443 παρ-

169 5466 303 5537 (ινιας.

1804 4841 1919 4909 ipse
1957 4838 2138 4900 Jesus.
2177 4837 2271 4907 qui
2319 4836 2571 4891 Christus
2628 4838 2711 4886 est
2762 4829 2878 4892 Dei,
2931 4826 3364 4897 comprobatur:

1802 4931 2251 4985 innumerabilem
2282 4925 2711 4987 multitudinem,
2746 4931 2861 4975 tum
2910 4918 3220 4973 Juda'orum
3250 4923 3367 4968 tum

1800 5022 2110 5077 Graecorum
2140 5020 2245 5075 sibi
2276 5020 2379 5089 ipsi
2409 5017 2732 5085 subiecisse.
2764 5014 3030 5069 Caeterum
3082 5025 3205 5064 cum
3251 5008 3367 5061 hac

1800 5130 1828 5167 a
1854 5114 2008 5168 nobis
2034 5113 2183 5166 dicta
2204 5112 2313 5166 sint
2333 5111 2597 5164 adversus
2624 5108 2858 5177 primum
2888 5121 2996 5159 non
3023 5100 3365 5156 credentium

1798 5222 1992 5277 genus,
2030 5220 2176 5259 nunc
2198 5204 2262 5258 ad
2288 5204 2520 5257 alterum
2556 5207 2964 5260 convertamur,
3012 5194 3175 5264 idque
3207 5192 3366 5246 refel-

1796 5300 1991 5353 lamus.
2028 5296 2085 5352 ld
2136 5304 2315 5351 autem
2357 5302 2442 5349 est
2485 5308 2699 5354 eorum,
2733 5291 2830 5360 qui
2870 5290 3110 5342 fatentur
3144 5283 3365 5355 quidem

1796 5390 1981 5446 Jesum
2008 5404 2095 5444 res
2118 5388 2354 5459 gessisse
2380 5384 2749 5447 admirabiles,
2781 5381 2873 5436 sed
2916 5376 3203 5449 praestigiis
3234 5389 3364 5428 ocu-

1799 5485 1881 5539 los
1912 5482 2239 5537 intuentium
2274 5479 2561 5542 delttsisse,
2604 5484 2766 5544 atque
2812 5482 2871 5528 ut
2905 5472 3081 5528 solent
3116 5471 3361 5524 incanta-

1798 5587 1942 5630 tores
1998 5582 2053 5627 et
2102 5568 2355 5633 veneﬁci,
2409 5569 2463 5621 in
2520 5562 2937 5619 admirationem
2988 5562 3073 5615 sui
3126 5556 3364 5611 traxisse

1798 5677 2090 5737 praesentes
2103 5706 2115 5717 .

222 5832 281 5900 (1)
308 5834 500 5892 Procul
537 5836 706 5890 dubio
734 5835 1004 5904 glossema
1062 5840 1145 5891 est
1179 5841 1230 5889 et
1272 5828 1592 5903 marginalis
1653 5825 1935 5898 cujusdam
1980 5822 2273 5879 Christiani
2320 5819 2542 5877 lectoris
2593 5817 2893 5884 aduotatio,
2965 5815 3091 5870 licet
3150 5806 3355 5863 habea-

178 5902 239 5954 ιιιτ
268 5906 307 5961 in
336 5925 464 5967 mss.
490 5920 546 5965 et
570 5910 625 5963 iu
654 5902 911 5977 Jos'epho.
