3954 6504
587 396 696 453 225

1240 400 1507 458 EUSEBII
1540 399 2013 458 CESARIENSIS
2047 398 2195 456 OPP.
2235 397 2417 455 PARS
2450 397 2514 453 ll.
2555 429 2627 440 —
2660 393 3163 453 APOLOGETICA.

3767 386 3860 443 εει

590 513 680 571 Ἣ.
715 513 916 573 Contra
949 533 1036 572 eos
1071 518 1159 589 qui
1185 518 1620 600 oiwstigiatorem
1647 527 1835 589 putant
1875 517 2138 574 Christum

2249 517 2339 583 σ’-
2404 509 3346 600 ηρδςτοὺςθιομέτωξςργέὲῖξ
3392 498 3726 573 τετονθαι
3771 502 3862 555 τὸν

1215 587 1314 642 Dei
1334 589 1518 656 fuisse.

657 698 735 754 Ac
761 700 996 770 primum
1041 701 1257 770 quidem
1304 702 1397 757 isti
1427 701 1792 774 interrogandi
1833 711 1981 770 sunt,
2019 703 2148 774 quid

590 789 661 844 ad
715 805 778 846 ea
819 806 939 861 qua:
971 799 1382 847 antecesserunt
1427 795 1837 865 respondeant?
1875 794 2147 865 Numquid

593 880 736 935 ullus
791 881 1069 936 hominum
1112 899 1340 953 usquam
1392 885 1685 955 excogitari
1730 885 1949 956 potuit,
1999 888 2146 942 omni

587 973 853 1042 gravitate
888 988 950 1027 ac
981 974 1181 1029 virtute
1224 975 1437 1030 refertae
1483 977 1795 1047 reipublicae
1837 979 2143 1045 institutor,

587 1065 923 1134 sinceraeque
963 1081 1027 1121 ac
1066 1081 1207 1121 verae
1239 1067 1522 1131 doctrinaa,
1557 1071 1736 1138 qualis
1764 1086 1828 1125 ea
1864 1079 1950 1126 est
1981 1087 2144 1139 quam

585 1163 711 1210 ante
735 1158 1109 1225 exposuimus.
1142 1161 1593 1230 praeceptortqui
1630 1176 1810 1217 mores
1849 1163 2144 1233 praestigia-

586 1246 722 1300 toris
750 1246 1042 1302 habuerit?
1080 1247 1232 1314 Quod
1265 1251 1309 1305 si
1338 1258 1391 1304 et
1426 1266 1638 1321 magus,
1677 1260 1730 1307 et
1768 1253 2056 1318 veneficus,
2092 1265 2146 1309 ct

584 1335 872 1407 imposlor,
896 1347 950 1393 et
995 1341 1360 1412 praistigiator
1399 1341 1519 1406 fuit,
1550 1359 1786 1412 quonam
1834 1345 1995 1400 modo
2019 1347 2144 1402 talis

582 1427 845 1484 doctrina:
873 1432 1013 1499 apud
1047 1447 1236 1487 omnes
1286 1443 1471 1503 gentes
1511 1442 1702 1490 auctor
1744 1438 1969 1502 exstitit,
2008 1452 2143 1508 qua-

583 1519 686 1575 lem
722 1520 790 1574 ad
815 1522 959 1577 hunc
978 1539 1148 1592 usque
1173 1525 1314 1579 diem
1336 1533 1391 1581 et
1419 1527 1595 1583 oculis
1624 1528 1916 1593 intuemur,
1948 1538 2002 1584 et
2032 1546 2143 1584 au—

583 1611 737 1667 ribus
772 1615 1135 1684 percipimus?
1160 1616 1355 1672 deinde
1406 1620 1530 1689 quis
1578 1627 1688 1674 tam
1725 1621 1840 1676 sibi
1890 1621 1994 1692 ipsi
2018 1638 2141 1678 con-

581 1704 777 1768 ﬁdens,
802 1714 860 1761 ut
890 1708 1234 1777 aggrediatur
1265 1725 1326 1764 ea
1352 1711 1407 1765 in
1438 1727 1603 1766 unum
1634 1727 1847 1782 cogere,
1878 1730 1999 1784 quae
2019 1717 2139 1786 cogi

582 1796 733 1852 nullo
758 1797 916 1852 modo
963 1801 1233 1868 possunt?
1259 1799 1392 1866 Quis
1435 1802 1579 1856 enim
1614 1818 1740 1858 vere
1781 1806 2140 1875 praestigiator

581 1895 688 1951 est,
728 1904 851 1944 cum
890 1896 942 1945 et
990 1891 1273 1946 sceleratis
1303 1892 1375 1945 sit
1418 1901 1472 1947 et
1510 1893 1735 1949 nefariis
1770 1897 2036 1961 moribus,
2085 1907 2139 1953 et

583 1994 678 2035 eas
726 1995 816 2036 res
859 1982 1233 2051 aggrediatur,
1283 1999 1405 2055 quae
1451 1985 1752 2055 desperatis
1807 1989 2140 2061 nefariisque

585 2071 895 2127 hominibus
929 2076 1274 2139 conveniant,
1312 2077 1492 2130 omnia
1518 2091 1679 2147 agere
1704 2080 1842 2135 solet
1871 2082 2047 2152 turpis
2076 2098 2139 2137 ac

578 2162 785 2217 sordidi
824 2165 959 2218 lucri
1000 2167 1190 2236 gratia.
1236 2166 1505 2239 Numquid
1530 2170 1694 2241 igitur
1731 2170 1981 2226 Salvator
2006 2189 2141 2243 quo-

579 2268 707 2323 que,
759 2270 823 2310 ac
866 2254 1128 2314 Dominus
1172 2268 1362 2316 noster
1401 2262 1583 2325 Iesus,
1627 2265 1721 2335 qui
1760 2263 2017 2320 Christus
2054 2273 2138 2321 est

578 2345 696 2410 Dei,
726 2349 924 2405 talibus
952 2351 1114 2406 rebus
1137 2353 1405 2411 obnoxius
1432 2357 1544 2410 sit?
1572 2358 1798 2413 Atenim
1823 2360 1966 2414 unde
1996 2369 2139 2416 tene-

576 2436 726 2493 bitur
749 2455 896 2503 reus,
922 2451 1015 2495 aut
1041 2445 1334 2513 quomodo,
1362 2449 1455 2517 qui
1492 2449 1607 2504 suis
1645 2449 1951 2519 discipulis,
1982 2458 2039 2503 ut
2071 2467 2137 2506 ex

577 2527 820 2599 ipsorum
866 2532 1178 2589 testimonio
1219 2526 1463 2606 apparet,
1494 2539 1753 2607 praecepit
1784 2554 1851 2592 ne
1894 2537 2139 2608 posside-

576 2628 700 2675 rent
727 2636 939 2689 aurum,
967 2632 1059 2677 aut
1090 2633 1370 2696 argentum
1405 2628 1457 2681 in
1495 2628 1647 2683 zonis
1672 2629 1808 2691 suis,
1840 2643 2017 2697 neque
2052 2644 2139 2697 ρει

575 2724 693 2765 ram
722 2713 779 2766 in
820 2713 928 2776 via,
969 2731 1146 2785 neque
1184 2719 1586 2774 calceamenta?
1622 2717 1827 2774 Deinde
1867 2734 1963 2773 cur
1989 2718 2137 2773 dicto

576 2798 724 2858 illius
751 2803 1033 2862 audientes
1088 2806 1338 2872 fuissent,
1381 2817 1435 2864 et
1460 2824 1523 2865 ea
1553 2826 1674 2879 quae
1710 2817 2032 2879 acceperant
2078 2809 2136 2864 in

577 2898 996 2953 commentarios
1038 2899 1320 2955 referenda
1360 2901 1663 2972 litterisque
1704 2904 2135 2959 commendanda

577 2993 884 3057 putassent,
920 2990 963 3043 si
996 2991 1241 3059 pecun’e
1284 2991 1588 3047 studiosum
1640 3007 1796 3048 suum
1832 2992 2137 3064 Praecepto-

577 3091 694 3131 rem
723 3078 1019 3144 vidissent,
1049 3089 1104 3136 et
1144 3084 1177 3138 ii
1201 3083 1518 3153 -..aontraria
1566 3099 1687 3154 quae
1728 3085 1866 3141 alios
1909 3085 2136 3142 docebat

576 3172 938 3226 tractantem?
984 3172 1100 3227 Non
1150 3174 1241 3229 diu
1295 3174 1538 3244 profecto
1583 3192 1642 3233 se
1690 3178 2131 3243 continuissent,
2160 3182 2203 3240 C

576 3260 707 3330 quin
731 3260 881 3315 illum
915 3263 1233 3321 habuissent
1264 3266 1490 3349 derisui,
1518 3270 1782 3341 verbaque
1803 3271 1923 3340 ejus
1956 3286 2138 3341 asper-

576 3351 691 3404 nati
733 3362 948 3421 essent,
1004 3363 1167 3427 atque
1205 3372 1235 3412 a
1283 3358 1575 3430 disciplina
1633 3361 1990 3417 recessissent
2029 3377 2041 3412 :
2085 3369 2139 3417 et

2169 1851 2211 1905 Β

577 3445 773 3502 merito
801 3448 1039 3517 quidem,
1072 3451 1117 3503 si
1147 3450 1411 3507 vidissent
1444 3452 1595 3506 illum
1622 3451 1724 3508 Sibi
1752 3455 1969 3524 quidem
2002 3454 2137 3524 ipsis

575 3537 951 3593 scverissimas
969 3538 1111 3609 leges
1139 3540 1522 3611 imponentern,
1544 3542 1717 3612 ipsum
1753 3555 1928 3600 autem
1960 3546 2135 3616 legum

576 3634 853 3683 auctorem
887 3630 1034 3685 nullo
1068 3632 1229 3686 modo
1265 3634 1424 3689 verba
1460 3650 1681 3689 suarum
1710 3635 1886 3705 legum
1905 3652 2138 3706 sequen-

574 3724 708 3771 tem.
744 3717 947 3774 Deinde
975 3720 1067 3789 qui
1097 3736 1224 3776 vere
1247 3723 1611 3792 praestigiator
1648 3734 1734 3778 est
1762 3738 1827 3778 ac
1856 3726 2133 3788 seductor,

572 3805 877 3878 desperatis
897 3811 1228 3881 nefariisque
1255 3813 1565 3870 hominibus
1586 3817 1820 3885 seipsum
1849 3817 2133 3885 permittit,

579 3899 741 3970 126
784 3908 843 3954 ut
889 3902 1063 3971 possit
1105 3902 1329 3959 liberius
1374 3905 1633 3960 scelestas
1673 3915 1834 3972 atque
1884 3906 2135 3961 infandas

574 3991 882 4059 voluptates
919 3994 1192 4063 persequi,
1217 4003 1270 4048 et
1299 3996 1588 4065 praestigiis
1616 4004 1779 4066 atque
1813 3998 2137 4053 incantatio-

576 4081 739 4135 nibus
778 4083 1028 4153 subigere
1061 4086 1411 4143 mulierculas
1440 4098 1492 4141 et
1535 4090 1638 4143 sub
1681 4105 1833 4143 suam
1873 4091 2133 4143 malitiam

574 4170 813 4225 trahere.
859 4169 928 4225 At
966 4188 1094 4228 vero
1124 4174 1192 4228 de
1244 4173 1544 4233 Salvatoris
1586 4193 1650 4233 ac
1699 4177 1910 4232 Domini
1960 4182 2132 4234 nostri

573 4265 932 4333 temperantia
971 4280 1040 4320 ne
1072 4266 1177 4320 dici
1210 4267 1427 4336 quidem
1467 4271 1602 4326 satis
1633 4270 1847 4326 abunde
1892 4286 2132 4342 unquam

571 4363 778 4427 posset.
814 4355 1026 4413 Rursus
1078 4359 1221 4414 enim
1274 4360 1527 4431 discipuli
1575 4362 1725 4417 illum
1774 4362 2135 4419 testificantur

572 4450 916 4519 praecepisse,
961 4460 1021 4507 ut
1059 4468 1128 4509 ne
1178 4455 1520 4511 intuerentur
1572 4456 1790 4526 quidem
1849 4458 2129 4512 mulierem

2737 578 2992 652 Χριόντὸν
3022 578 3125 634 τοῦ
3165 578 3364 631 Θεοῦ.

2320 700 2429 754 Καὶ
2460 700 2523 770 δὴ
2558 698 2743 754 τούσδε
2776 697 2988 769 πρῶτον
3030 694 3303 749 ἁπάντων
3356 684 3707 759 ἐρωτητέον,
3755 684 3862 738 τίνα

2250 796 2404 862 φαῖεν
2433 792 2566 863 πρὸς
2587 791 2656 844 τά
2682 787 3082 862 προωδευμένα.
3106 782 3176 838 Ἀ
3192 800 3273 856 pot
3301 781 3428 851 γάρ
3457 774 3757 848 ἐπινοῆσαι
3783 775 3862 830 δυ-

2248 884 2426 948 νατὸν,
2455 882 2619 954 ἄνδρα
2647 880 2959 935 διδάσκαλον
2983 878 3190 950 σεμνῆς
3219 876 3329 930 καὶ
3363 869 3697 941 παναρέτου
3732 867 3862 921 πολι-

2245 973 2415 1037 τείας,
2443 974 2610 1041 ἁγίων
2627 990 2686 1026 τε
2724 972 2816 1025 καὶ
2838 969 3052 1042 ἀληθῶν
3082 966 3426 1039 δογμάτων,
3461 963 3601 1016 οἴων
3619 960 3862 1033 προδιήλ-

2248 1065 2431 1136 οομεν,
2458 1065 2627 1136 γόητα
2650 1064 2740 1117 τὸν
2760 1062 2958 1134 τρόπον
2986 1060 3287 1130 γεγονέναι
3317 1075 3333 1123 ;
3373 1058 3445 1110 Εἰ
3468 1055 3531 1108 δὲ
3558 1054 3628 1125 δὴ
3655 1070 3857 1124 μαγγα-

2245 1159 2434 1228 νευτής
2458 1174 2541 1220 τις
2573 1152 2639 1226 ἦν
2668 1156 2760 1208 καὶ
2790 1154 3129 1225 φαρμακεὺς,
3160 1147 3455 1204 ἀπατεὼν
3484 1163 3552 1198 τε
3588 1145 3686 1199 καὶ
3716 1144 3855 1215 γόης,

2246 1248 2361 1311 πῶς
2386 1248 2450 1302 ἂν
2472 1246 2727 1317 τοιαύτης
2756 1245 3096 1308 διδασκαλίας
3127 1242 3274 1296 πᾶσι
3311 1243 3441 1302 τοῖς
3505 1237 3694 1291 ἔθνεσι
3737 1253 3855 1289 κατ-

2244 1341 2374 1412 έστη
2398 1343 2585 1404 αἴτιος,
2609 1341 2724 1404 οἵας
2746 1340 2900 1392 αὐτοὶ
2925 1337 3139 1409 ὁρῶμεν
3166 1333 3532 1404 ὀφθαλμοῖς,
3552 1330 3652 1383 καὶ
3681 1329 3854 1392 ἀκοαῖς

2242 1435 2322 1497 εἰς
2354 1433 2512 1503 δεῦρο
2552 1430 3079 1504 παραλαμϐάνομεν;
3116 1429 3289 1491 Ποῖος
3320 1426 3385 1479 δέ
3427 1424 3535 1478 καὶ
3574 1423 3851 1493 αἱρήσεται

2242 1523 2310 1576 τά
2342 1522 2615 1576 ἀσύνακτα
2648 1522 2927 1591 συνάγειν;
2963 1521 3096 1592 γόης
3119 1520 3221 1591 μὲν
3259 1518 3384 1589 γάρ
3416 1534 3512 1580 τις
3540 1514 3621 1578 ὠς
3652 1511 3854 1583 ἀληθῶς

2242 1614 2454 1679 ἀνόσιος
2493 1615 2587 1668 καὶ
2631 1614 2825 1685 μιαρὸς
2866 1614 2956 1666 τὸν
3000 1612 3224 1684 τρόπον,
3286 1607 3713 1680 ἀπειρημένοις
3765 1605 3848 1658 καὶ

2242 1707 2473 1771 ἀνοσίοις
2498 1706 2776 1779 ἐγχειρῶν,
2798 1705 2975 1759 πάντα
2999 1705 3229 1776 πράττει
3263 1700 3524 1773 αἰσχροῦ
3561 1698 3662 1789 καὶ
3686 1699 3850 1770 ῥύπα·

2243 1799 2337 1869 ροῦ
2364 1799 2583 1868 κέρδους
2606 1799 2782 1870 χάριν.
2810 1799 2954 1869 Μήτι
2980 1794 3071 1850 οὖν
3098 1796 3193 1850 καὶ
3224 1796 3258 1847 6
3287 1794 3504 1864 Σωτὴρ
3533 1793 3634 1846 καὶ
3656 1789 3849 1861 Κύριος

2240 1890 2392 1961 ἡμῶν
2420 1891 2630 1961 Ἰησοῦς
2659 1892 2687 1943 6
2718 1889 2951 1961 Χριστὸς
2980 1888 3074 1942 τοῦ
3102 1887 3242 1941 Θεοῦ
3299 1885 3557 1939 τοιοῖσδέ
3590 1898 3735 1937 τισιν
3768 1879 3846 1933 ἓν·

2238 2000 2361 2053 οχος
2388 1978 2489 2054 ἦνς
2521 1982 2709 2046 Πόθεν,
2743 1982 2776 2053 ἢ
2820 1981 2956 2045 πῶς,
2992 1982 3021 2033 6
3050 1983 3162 2043 τοῖς
3194 1977 3414 2032 ἐαυτοῦ
3451 1975 3751 2048 μαθηταῖς,
3776 1971 3844 2034 ὡς

2240 2072 2371 2144 πρὸς
2392 2071 2570 2125 αὐτῶν
2599 2070 3034 2143 μεμαρτύρηται,
3057 2066 3307 2141 εἰρηκώς
3330 2082 3347 2097 ’
3392 2084 3412 2114 ι
3448 2064 3548 2135 Μὴ
3577 2059 3841 2132 κτήσησθε

2238 2165 2455 2237 χρυσὸν,
2502 2163 2621 2234 μηδ’
2659 2164 2896 2235 ἄργυρον
2932 2162 3011 2225 είς
3050 2160 3149 2224 τὰς
3175 2158 3372 2223 ζώνας
3402 2155 3593 2227 ὑμῶν,
3642 2152 3715 2224 μὴ
3748 2155 3840 2222 πήκ

2240 2274 2337 2329 ραν
2363 2258 2442 2321 είς
2469 2256 2605 2321 ὁδὸν,
2642 2255 2759 2327 μηδ’
2790 2253 3140 2326 ὑποδήματα;
3175 2271 3191 2302 ι
3230 2250 3373 2313 Πῶς
3403 2249 3452 2302 δ’
3475 2249 3547 2305 ἂν
3575 2244 3842 2299 ἐπείθοντο

2236 2348 2464 2416 λέγοντι,
2496 2348 2586 2401 καὶ
2620 2348 2676 2400 ἐν
2701 2344 3262 2418 ἀπομνημονεύμασιν
3313 2340 3640 2413 ἐγγράφοις
3677 2336 3835 2391 ταῦτα

2238 2441 2585 2514 παραδιδόναι
2618 2440 2823 2510 ἠξίουν,
2858 2441 2907 2492 εί
2939 2433 3429 2510 χρηματιζόμενον
3463 2434 3564 2487 τὸν
3591 2432 3834 2485 διδάσκα-

2235 2534 2323 2588 λον
2351 2534 2535 2607 ἐώρων
2580 2537 2675 2588 καὶ
2709 2532 3028 2588 κατεναντία
3043 2525 3122 2593 οἷς
3150 2530 3392 2601 ἐτέρους
3422 2527 3680 2581 ἐδίδασκε
3712 2540 3829 2595 μετ-

2238 2626 2385 2680 ιόντα
2468 2625 2641 2679 Πάλαι
2676 2627 2720 2680 δ’
2758 2625 2822 2680 ἂν
2850 2622 3323 2692 καταγελάσαντες
3348 2620 3555 2687 αὐτοῦ,
3596 2619 3691 2673 καὶ
3731 2617 3830 2670 τῶν

2234 2717 2405 2785 λόγων
2434 2716 2894 2780 καταπτύσαντες,
2955 2712 3317 2785 ἀνεχώρησαν
3374 2713 3483 2784 τῆς
3541 2710 3827 2783 μαθητείας

2236 2808 2476 2871 εἰκότως,
2508 2809 2557 2860 εί
2589 2808 2781 2870 αὐτοῖς
2804 2809 2899 2877 μὲν
2922 2806 3144 2860 τοιαῦτα
3174 2803 3405 2875 σεμνῶς
3440 2803 3825 2875 νομοθετοῦντα

2236 2895 2440 2968 ἐώρων,
2490 2899 2651 2952 αὐτὸν
2691 2898 2747 2951 δὲ
2790 2898 2881 2951 τὸν
2903 2897 3197 2969 νομοθέτην
3237 2898 3374 2950 κατ’
3404 2897 3608 2950 οὐδένα
3638 2894 3820 2965 τρόπον

2235 2988 2502 3059 ἑπόμενον
2532 2993 2643 3055 τοῖς
2675 2990 2893 3054 οἰκείοις
2928 2989 3128 3059 λόγοις.
3162 2990 3341 3043 Πάλιν
3381 2990 3413 3042 6
3446 2989 3549 3060 μὲν
3576 2987 3708 3056 γόης
3738 2984 3820 3037 καὶ

2235 3085 2312 3148 ὡς
2356 3084 2568 3156 ἀληθῶς
2612 3084 2810 3147 πλάνος
2857 3086 2970 3147 τοῖς
3007 3084 3411 3155 ἀπειρημένοις
3450 3083 3551 3136 καὶ
3583 3082 3697 3142 τοῖς
3739 3079 3822 3131 ἀν-

2233 3177 2397 3241 οσίοις
2428 3177 2618 3229 ἐαυτὸν
2646 3175 2968 3242 ἐπιδίδωσιν,
3000 3175 3226 3228 ἀνοσίων
3260 3174 3363 3228 καὶ
3392 3173 3677 3244 ἀθεμίτων
3716 3168 3819 3240 ἠδο-

2235 3267 2344 3321 νῶν
2368 3268 2549 3321 ἕνεκεν
2577 3266 2765 3339 θήρας,
2795 3267 2934 3320 ὥστε
2960 3266 3059 3338 ἤδη
3092 3265 3177 3320 διά
3200 3264 3304 3330 τάς
3348 3264 3698 3337 μαγγανείας
3727 3278 3816 3329 γυ-

2235 3361 2397 3415 ναῖκά
2431 3378 2551 3414 τινα
2585 3358 2940 3414 καταϐάλλειν
2979 3359 3071 3412 καὶ
3096 3356 3398 3429 ὁποσύρειν
3431 3360 3503 3429 τῇ
3526 3354 3695 3410 αὐτοῦ
3718 3368 3813 3405 κα-

2235 3450 2361 3522 κίᾳ·
2412 3452 2440 3503 6
2470 3451 2526 3504 δὲ
2555 3451 2745 3521 Σωτὴρ
2780 3451 2873 3503 καὶ
2898 3448 3100 3520 Κύριος
3130 3446 3292 3518 ἡμῶν
3325 3449 3441 3502 οὐδ’
3472 3448 3625 3501 ἐστιν
3654 3444 3814 3498 εἰπεῖν

2234 3543 2380 3607 ὅπως
2409 3543 2774 3614 ἀνέστραπται
2800 3541 2928 3613 περὶ
2967 3539 3340 3612 σωφροσύνην,
3378 3541 3548 3594 ὁπότε
3586 3537 3743 3592 πάλιν
3764 3532 3810 3586 oi

2238 3633 2474 3705 μαθηταὶ
2505 3633 2837 3705 μαρτυροῦσι
2865 3634 3147 3703 παραινεῖν
3170 3632 3290 3703 μηδ’
3318 3631 3628 3704 ἐμϐλέπειν
3642 3642 3811 3697 γυναι-

2233 3726 2293 3778 κὶ
2342 3726 2455 3795 μετ’
2501 3723 2791 3795 ἐπιθυμίας
2831 3722 3152 3785 ἀκολάστου,
3203 3723 3498 3793 φήσαντα·
3537 3741 3557 3773 ι
3586 3717 3807 3793 Ἐρρέθη

2232 3818 2345 3876 τοῖς
2371 3816 2645 3886 ἀρχαίοις·
2683 3816 2756 3868 Οὐ
2810 3812 3114 3885 μοιχεύσεις
3137 3829 3151 3844 ·
3204 3812 3319 3881 ἐγὼ
3363 3814 3424 3868 δέ
3471 3814 3618 3881 λέγω
3668 3811 3803 3880 ὑμῖν.

2233 3907 2315 3960 ὅτι
2350 3909 2455 3970 πᾶς
2483 3910 2512 3960 6
2535 3906 2819 3977 ἐμϐλέπων
2843 3909 3078 3974 γυναῖκα
3098 3904 3233 3976 πρὸς
3251 3905 3315 3958 τὸ
3339 3905 3684 3976 ἐπιθυμῆσαι
3711 3899 3802 3953 αὐ-

2233 3997 2331 4067 τὴν
2355 3998 2450 4069 ἤδη
2484 3997 2800 4067 ἐμοίχευσεν
2823 3997 2992 4068 αὐτὴν
3019 3997 3078 4050 ἐν
3104 4000 3167 4068 τῇ
3191 3997 3394 4069 καρδίᾳ
3423 3995 3616 4051 αὑτοῦ.
3648 4012 3666 4045 ι
3703 3986 3805 4045 Καί

2234 4106 2365 4141 ποτε
2410 4090 2720 4157 ἀναγκαίως
2766 4089 2859 4142 ἐπὶ
2885 4088 3121 4159 ὠφελείᾳ
3161 4089 3254 4141 καὶ
3303 4088 3559 4159 σωτηρίᾳ
3605 4081 3803 4137 πολλῶν

2234 4180 2581 4252 Σαμαρείτιδι
2624 4181 2841 4249 γυναικὶ
2886 4179 3259 4250 διαλεγόμενον
3292 4180 3461 4233 αὑτὸν
3497 4174 3798 4246 τεθεαμένοι

2234 4272 2556 4343 ἐθαύμαζον,
2597 4274 2677 4326 ὅτι
2726 4272 2862 4344 μετά
2889 4273 3145 4341 γυναικὸς
3169 4272 3368 4335 ἐλάλει,
3413 4268 3714 4343 παράδοξόν
3751 4281 3798 4317 τι

2232 4363 2389 4418 τοῦτο
2427 4363 2675 4429 δόξαντες
2697 4366 2849 4436 ὁρᾷν,
2877 4364 3064 4437 ὤσπερ
3094 4365 3245 4419 οὔπω
3270 4365 3367 4419 καὶ
3398 4364 3589 4419 ἄλλοτε
3614 4358 3799 4433 πρότε-

2238 4470 2349 4524 ρον.
2398 4455 2621 4525 Συνίστη
2659 4454 2713 4507 δὲ
2754 4456 2861 4526 ἄρα
2898 4456 2928 4507 6
2966 4455 3120 4523 λόγος
3156 4453 3250 4508 τοῦ
3285 4456 3547 4525 Σωτῆρος
3571 4445 3803 4522 movet

571 4554 696 4594 cum
738 4538 980 4603 libidine,
1024 4543 1110 4599 his
1145 4546 1325 4601 verbis
1366 4565 1380 4602 :
1420 4566 1439 4597 ι
1480 4525 1691 4603 Dictum
1742 4558 1826 4603 est
1864 4549 2126 4618 antiquis,

2239 4544 2486 4617 ἐμϐριθὲς
2530 4547 2624 4599 καὶ
2666 4525 2936 4617 αὐστηρὸν
2973 4546 3067 4599 τοῦ
3090 4547 3291 4618 τρόπου
3360 4542 3721 4616 Σωφροσύνης
3743 4537 3794 4591 δὲ

570 4628 688 4684 Non
725 4632 1103 4697 mcecliaberis,
1131 4650 1231 4705 ego
1261 4643 1441 4691 autem
1484 4637 1606 4692 dico
1640 4637 1816 4699 vobis,
1841 4638 1983 4707 quod
2012 4640 2133 4707 qui-

571 4735 787 4792 cunque
829 4724 1131 4780 intuebitur
1186 4728 1466 4782 mulierem
1510 4728 1579 4783 ad
1636 4730 2128 4798 concupiscendum

569 4827 710 4877 eam,
735 4813 847 4882 jam
883 4815 1185 4871 moechatus
1212 4825 1296 4873 est
1311 4833 1430 4872 eam
1453 4819 1507 4873 in
1541 4820 1706 4873 corde
1727 4820 1906 4873 suo".
1948 4838 1967 4872 ι
1993 4818 2128 4872 Cum

572 4917 700 4958 vero
724 4903 851 4958 olim
874 4919 939 4960 ex
962 4920 1124 4959 causa
1139 4907 1532 4974 necessaria,ut
1553 4907 1738 4962 multis
1759 4909 1946 4977 utique
1964 4904 2134 4976 prod-

570 5004 739 5063 esset,
782 5011 908 5052 cum
968 4996 1310 5053 Samaritana
1357 5001 1585 5055 muliere
1628 4999 1938 5070 loquentem
1980 4998 2129 5052 illum

571 5091 856 5156 vidissent,
900 5090 1153 5145 admirati
1187 5098 1315 5146 sunt
1351 5091 1496 5161 quod
1528 5106 1653 5147 cum
1695 5091 1919 5146 muliere
1944 5092 2133 5161 loque-

571 5192 744 5248 retur,
776 5184 1116 5253 inopinatum
1146 5184 1402 5255 quiddam
1432 5184 1535 5240 hoc
1565 5191 1729 5255 atque
1764 5184 2040 5240 insolitum
2072 5200 2132 5239 se

572 5277 770 5333 intueri
800 5277 1148 5339 arbitrantes,
1193 5286 1450 5348 tanquam
1480 5278 1518 5333 ii
1549 5278 1643 5350 qui
1672 5291 1948 5348 nunquam
1978 5283 2131 5331 ante-

573 5367 675 5423 hac
707 5370 847 5424 idem
880 5370 1163 5428 vidissent.
1197 5369 1625 5427 Commendabat
1653 5372 1796 5426 enim
1833 5368 2132 5426 Salvatoris

572 5460 744 5514 nostri
790 5476 971 5517 sermo
996 5462 1131 5518 nihil
1168 5461 1335 5527 aliud,
1372 5464 1477 5519 nisi
1517 5464 1573 5519 in
1617 5464 1860 5520 moribus
1898 5462 2134 5533 gravita-

575 5561 681 5607 tem
701 5558 864 5621 atque
891 5556 1278 5611 austeritatem.
1298 5555 1566 5611 Cazterum
1590 5556 1963 5625 temperantiae
1985 5555 2133 5623 ejus-

576 5642 719 5709 dem,
741 5644 833 5699 illa
874 5661 1091 5718 quoque
1126 5647 1381 5704 doctrina
1417 5664 1611 5720 magno
1655 5655 1976 5718 argumento
2012 5663 2133 5705 esse

644 5813 693 5849 π
720 5813 907 5873 Matth.
937 5834 993 5888 ν,
1024 5816 1116 5885 27,
1144 5818 1236 5876 28.

2233 4635 2394 4687 αὐτοῦ
2439 4635 2580 4704 μέγα
2614 4635 2814 4707 δεῖγμα
2835 4632 2904 4707 ἦν
2939 4638 3160 4709 κάκείνη
3196 4638 3228 4708 ὴ
3259 4636 3594 4697 διδασκαλία,
3641 4632 3705 4685 δι’
3733 4626 3795 4700 ἧς

2234 4726 2480 4795 ἁγνεύειν
2504 4726 2560 4794 ἐξ
2577 4728 2740 4781 αὐτοῦ
2758 4727 2851 4782 τοῦ
2876 4728 2978 4798 τῆς
3005 4729 3234 4793 διανοίας
3261 4728 3481 4798 βάθους,
3511 4726 3790 4794 τάςέμπα-

2235 4818 2345 4881 θεῖς
2377 4817 2582 4889 ὀρέξεις
2623 4820 3025 4890 ἀποτέμνοντας
3065 4822 3307 4876 ἐδίδασκε
3337 4822 3545 4890 λέγων·
3592 4837 3612 4869 ι
3649 4811 3791 4869 Εἰσὶν

2234 4908 2477 4979 εὐνοῦχοι
2506 4906 2701 4974 οἵτινες
2724 4911 3093 4982 ἐγεννήθησαν
3116 4911 3312 4975 οὕτως·
3344 4909 3592 4965 καὶείσὶν
3611 4901 3786 4961 εὐνοῦ-

2235 5016 2316 5069 χοι
2346 5000 2539 5065 οἵτινες
2581 5000 3000 5072 εὐνουχίσθησαν
3028 5002 3132 5055 ὑπὸ
3165 5001 3496 5073 ἀνθρώπων·
3544 4999 3637 5055 καὶ
3661 4995 3788 5050 εἰσὶν

2235 5089 2477 5159 εὐνοῦχοι
2513 5090 2707 5152 οἵτινες
2756 5089 3068 5160 εὐνούχισαν
3116 5091 3339 5157 ἑαυτοὺς
3381 5093 3468 5146 διὰ
3515 5090 3611 5161 τὴν
3643 5087 3783 5157 βασι-

2234 5184 2381 5236 λείαν
2411 5183 2520 5236 τῶν
2546 5183 2808 5256 οὐρανῶν.
2844 5178 2863 5234 ι
2896 5183 3064 5238 Πάλιν
3096 5187 3124 5238 6
3156 5184 3255 5255 μὲν
3287 5186 3420 5257 γόης
3458 5185 3551 5238 καὶ¹
3582 5174 3787 5251 ἀληθῶς

2234 5275 2531 5339 λαοπλάνος
2554 5279 2732 5329 πάντα
2759 5277 2997 5347 ἐγχειρεῖ
3020 5276 3112 5329 καὶ
3143 5278 3367 5349 πράττει
3395 5271 3689 5342 δοξοκοπῶν
3716 5265 3778 5318 τὰ

2236 5365 2406 5419 πολλά
2439 5364 2907 5435 φαντασιοκοπῶν,
2939 5365 3031 5418 καὶ
3063 5365 3223 5419 πλέον
3254 5385 3304 5420 τι
3334 5365 3484 5439 παρά
3503 5365 3624 5427 τοὺς
3658 5355 3775 5411 πολ·

2234 5457 2359 5522 λοὺς
2394 5457 2588 5510 εἰδέναι
2609 5457 2701 5509 καὶ
2727 5455 2870 5527 ἔχειν
2899 5456 3399 5529 μεγαλαυχούμενος
3420 5475 3433 5488 ·
3467 5459 3494 5509 6
3519 5454 3573 5506 δὲ
3603 5445 3777 5516 Σωτὴρ

2236 5550 2330 5604 καὶ
2359 5549 2561 5620 Κύριος
2589 5546 2766 5618 ἡμῶν,
2795 5548 2877 5601 ὅτι
2913 5547 2985 5619 μὴ
3021 5546 3316 5619 δοξομανὴς
3352 5548 3445 5601 καὶ
3464 5540 3668 5606 ἀλαζὼν
3689 5536 3776 5590 xa‘t

2237 5639 2664 5710 φαντασιοκόπος
2701 5632 2788 5709 ἦν,
2824 5640 2916 5708 ἀφ’
2947 5631 3024 5693 ὦν
3073 5638 3297 5711 ἰώμενος
3343 5636 3566 5708 παρῄνει
3605 5625 3776 5703 μηδενὶ

3793 5727 3815 5763 ι
