3954 6522
133 412 230 470 29.5

133 528 360 599 φράζειν
415 532 568 603 μηδὲ
615 537 695 599 είς
720 537 946 602 πολλοὺς
1003 540 1166 593 αὑτὸν
1202 543 1500 612 ἐκφαίνειν,
1540 544 1733 613 γένοιτ’

129 623 189 674 ἂν
243 621 489 692 ἔκδηλος
544 627 649 679 ἀπό
700 645 759 680 τε
819 629 912 682 τοῦ
974 629 1073 694 τὰς
1119 634 1176 685 ἐν
1239 633 1388 704 ὄρεσι
1446 635 1726 708 διατριϐὰς

125 714 211 767 καὶ
268 715 372 778 τὰς
447 720 842 792 ἀναχωρήσεις
893 723 1148 790 διώκειν,
1199 727 1296 780 καὶ
1346 728 1569 797 φεύγειν
1626 729 1726 794 τὰς

121 808 254 861 κατὰ
317 809 530 874 πόλεις
581 812 691 864 τῶν
760 813 971 869 πολλῶν
1035 817 1325 886 ὲμϐλαϐεῖς
1386 819 1618 890 ὁμιλίας.
1664 820 1727 873 Et

121 901 250 970 μήτε
279 901 598 972 τοιγαροῦν
622 904 800 976 δόξης,
846 908 981 978 μήτε
1011 910 1333 979 χρημάτων,
1371 913 1509 982 μήτε
1537 912 1727 984 ἡδονῆς

115 993 298 1044 ἕνεκεν
368 994 717 1067 ἐπιϐέϐλητο
771 1001 838 1069 τῇ
891 998 1242 1070 διδασκαλίᾳ,
1305 1003 1389 1067 τίς
1446 1005 1525 1058 ἑτι
1577 1005 1728 1076 χώρα

117 1084 510 1154 περιλείπεται
557 1089 816 1153 ὑπονοίας
866 1091 960 1144 τοῦ
996 1092 1192 1145 πλάνον
1222 1094 1386 1147 αὑτὸν
1435 1097 1527 1150 καὶ
1556 1098 1737 1167 γόητα

114 1175 396 1246 νομίζειν;
451 1180 666 1249 Σκέψαι
713 1181 770 1234 δὲ
819 1184 914 1236 καὶ
953 1184 1126 1239 ταῦτα
1171 1186 1362 1253 πάλιν,
1395 1187 1547 1258 γόης,
1595 1190 1723 1243 ὅταν

115 1269 313 1338 ἑτέροις
362 1271 442 1325 τὰ
487 1273 591 1343 τῆς
620 1275 823 1338 κακίας
847 1277 1131 1348 μεταδιδῷ,
1161 1279 1378 1345 ὁποίους
1404 1283 1600 1354 ἄνδρας
1625 1303 1750 1357 καί

111 1363 450 1428 τασκευάζει
471 1385 483 1397 ·
513 1363 602 1438 ἆρ’
626 1370 746 1439 οὐχὶ
768 1370 968 1442 γόητας
992 1373 1086 1425 καὶ
1115 1373 1348 1440 πλάνους
1379 1377 1472 1428 καὶ
1502 1395 1721 1450 φαρμα-

115 1459 230 1516 xei;
269 1458 438 1529 αὐτῷ
484 1461 628 1514 κατὰ
679 1464 856 1516 πάντα
891 1464 1338 1537 παραπλησίους;
1369 1469 1462 1532 Τίς
1487 1467 1578 1524 οὖν
1613 1455 1716 1544 ἢδη

115 1545 327 1600 πώποτε
363 1549 434 1602 τὸ
473 1553 584 1604 πᾶν
614 1553 955 1623 Χριστιανῶν
978 1555 1135 1622 γένος
1177 1560 1240 1610 ἐκ
1271 1558 1370 1630 τῆς
1393 1561 1602 1614 ἐκείνου
1634 1563 1714 1616 δι-

111 1639 411 1704 δασκαλίας
490 1642 752 1713 γοητεῦον
823 1645 855 1716 ἦ
930 1648 1288 1717 φαρμακεῦον
1356 1651 1710 1722 κατείληφεν;

119 1730 250 1784 Ἀλλ’
284 1735 398 1786 οὐκ
453 1733 606 1788 ἔστιν
643 1736 848 1788 εἰπεῖν’
885 1737 1120 1807 ἔμπαλιν
1161 1740 1216 1792 δὲ
1264 1741 1453 1810 λόγους
1500 1746 1712 1814 φιλοσό-

108 1840 232 1890 φους
263 1826 487 1892 μετιὸν,
519 1825 595 1889 ὡς
619 1827 1015 1882 ἀποδέδεικται.
1058 1829 1114 1883 Ὀ
1141 1831 1204 1903 δὴ
1243 1829 1335 1886 οὖν
1375 1835 1581 1907 ἑτέροις
1628 1855 1710 1891 σε·

107 1913 235 1982 μνοῦ
271 1917 374 1968 καὶ
423 1915 710 1988 σώφρονος
756 1919 873 1989 βίου
919 1920 1201 1986 εὐσεϐείας
1224 1941 1282 1976 τε
1317 1926 1417 1995 τῆς
1449 1929 1706 1983 ἀνωτάτω

106 2007 400 2076 παραίτιος
421 2011 820 2080 γεγενημένος,
864 2013 948 2076 τίς
1003 2012 1069 2066 ἂν
1103 2014 1325 2081 ἐνδίκως
1355 2021 1637 2092 νομισθείη
1667 2022 1698 2092 ἢ

106 2098 416 2168 φιλοσόφων
471 2103 502 2156 ὀ
549 2102 874 2174 πρώτιστος,
904 2105 997 2158 καὶ
1038 2106 1280 2160 εὐσεϐῶν
1324 2110 1530 2182 ἀνδρῶν
1558 2113 1703 2167 διδά-

110 2191 321 2256 σκαλος;
350 2194 452 2246 καὶ
474 2194 585 2266 γὰρ
612 2194 678 2248 ἂν
703 2197 784 2266 εἴη
816 2196 1036 2266 βελτίων
1063 2199 1234 2271 δήπου
1263 2203 1369 2265 πᾶς
1393 2204 1420 2256 ὁ
1439 2203 1701 2260 διδάσκων

106 2280 202 2332 τῶν
259 2283 752 2356 μαθητευομένων.
799 2289 1090 2359 Φιλόσοφος
1143 2294 1288 2365 ἄρα,
1341 2295 1434 2346 καὶ
1483 2297 1700 2366 ἀληθῶς

107 2375 351 2446 εὐσεϐὴς,
398 2378 598 2431 πολλοῦ
633 2379 715 2431 δεῖ
741 2379 942 2446 πλάνος
977 2385 1071 2437 καὶ
1114 2385 1266 2456 γόης,
1301 2388 1600 2458 ὁμολογοῖτ’
1632 2389 1698 2443 ἂν

105 2467 129 2515 ὸ
157 2467 349 2539 Σωτὴρ
386 2471 480 2523 καὶ
509 2471 715 2540 Κύριος
743 2473 918 2542 ἡμῶν.
952 2477 1013 2530 Εἰ
1042 2477 1105 2549 δὴ
1139 2474 1230 2532 οὖν
1259 2479 1461 2532 τοιόσδε
1491 2498 1574 2542 τις
1595 2475 1693 2551 ἦν,

109 2557 214 2620 πῶς
238 2559 305 2612 ἂν
336 2560 520 2623 ἄλλως
553 2563 830 2634 ἐπεχείρει
860 2569 980 2629 ταῖς
1021 2566 1539 2640 θαυματουργίαιςῆ
1575 2569 1695 2643 θείᾳ

108 2650 191 2700 καὶ
213 2651 524 2724 ἀπορρήτῳ
551 2653 778 2725 δυνάμει
810 2658 904 2710 καὶ
929 2663 991 2730 τῇ
1025 2661 1285 2714 ἀνωτάτω
1314 2661 1559 2733 περὶ¹τοῦ
1586 2663 1692 2718 τῶν

108 2742 230 2794 am
257 2743 402 2796 Θεοῦ
432 2746 722 2818 εὐσεϐείας
751 2748 813 2801 ὃν
837 2745 924 2802 οῗα
951 2751 1169 2822 Πατέρα
1194 2752 1369 2822 τιμῶν
1398 2755 1492 2807 καὶ⁵
1520 2756 1692 2809 σέϐων

109 2835 168 2887 τίι
196 2838 436 2905 μάλιστα
465 2839 851 2895 ἀποδείκνυται
897 2845 961 2896 ἐκ
987 2843 1096 2896 τῶν
1133 2845 1262 2918 περὶ
1297 2845 1460 2900 αὐτοῦ
1494 2847 1685 2917 λόγων.

121 2927 231 2980 Ἐπὶ
254 2929 516 2984 τοσοῦτον
541 2932 598 2984 δὲ
633 2932 741 3002 ἄρα
767 2934 819 2985 οῖ
847 2951 905 2986 τε
937 2933 1176 3005 ἀρχῆθεν
1205 2936 1353 3007 αὑτῷ
1379 2955 1686 3009 προσεσχη-

111 3017 254 3081 κότες
284 3018 532 3091 μαθηταὶ
559 3021 747 3084 αὑτοῦ,
775 3023 867 3075 καὶ
888 3023 936 3074 οί
970 3023 1106 3092 μετὰ
1136 3024 1308 3079 ταῦτα
1335 3025 1436 3095 τῆς
1466 3028 1686 3080 ἐκείνων

110 3109 381 3181 διατριϐῆς
419 3112 678 3182 διάδοχοι,
712 3115 1048 3185 πορρωτάτω
1090 3115 1497 3188 καθεστήκεσαν
1547 3118 1684 3187 φαύ-

114 3202 197 3272 λης
222 3207 318 3258 καὶ
355 3207 600 3276 πονηρᾶς
633 3207 908 3269 ὑπονοίας,
933 3207 1008 3269 ὡς
1035 3208 1168 3278 μηδὲ
1191 3211 1303 3271 τοῖς
1335 3209 1684 3282 νοσηλευομέ-

113 3312 208 3358 νοις
235 3299 558 3368 ἐπιτρέπειν
584 3295 670 3351 οἷα
702 3299 885 3353 πολλοὶ
921 3299 1089 3352 πολλὰ
1129 3301 1261 3372 δρᾷν
1293 3301 1680 3374 ἐπιχειροῦσιν,

113 3388 140 3456 ἦ
178 3389 418 3442 πετάλων
453 3392 802 3462 ἐπιγραφαῖς,
840 3392 932 3444 καὶ
969 3391 1318 3462 περιάμμασι
1365 3394 1618 3465 χρῆσθαι,
1650 3397 1682 3468 ἢ

113 3485 208 3542 τοῖς
234 3484 563 3554 κατεπᾲδειν
592 3484 1081 3554 ἐπαγγελλομένοις
1105 3487 1393 3557 προσέχειν
1422 3488 1511 3541 τὸν
1537 3489 1682 3553 νοῦν,

115 3575 140 3642 ἦ
173 3576 328 3644 ῥιζῶν
357 3577 456 3628 καὶ
483 3575 722 3644 βοτανῶν
749 3575 988 3646 θαύμασι
1023 3576 1116 3630 καί
1143 3595 1285 3630 τισιν
1308 3578 1488 3642 ἄλλοις
1519 3597 1688 3633 τοιου-

113 3669 373 3739 τοτρὰποις
444 3669 669 3732 ἁκέσεις
733 3667 845 3722 τῶν
903 3668 1092 3721 παθῶν
1151 3671 1364 3734 ἑαυτοῖς
1421 3673 1679 3742 πορίζειν.

115 3754 278 3809 ταῦτα
299 3757 432 3825 γοῦν
463 3758 645 3811 πάντα
671 3757 770 3828 τῆς
792 3757 1028 3829 Χριστοῦ
1055 3758 1402 3823 διδασκαλίας
1425 3761 1680 3833 ἐξελήλα-

113 3864 187 3899 ται
207 3868 219 3879 ·
245 3851 352 3903 οὐδ’
379 3850 529 3902 ἔστιν
559 3849 781 3902 πώποτε
815 3850 1142 3921 Χριστιανὸν
1173 3853 1516 3923 περιάμματι
1546 3854 1683 3924 χρὼ-

117 3958 254 4008 μενον
299 3941 624 4006 θεάσασθαι,
659 3941 768 3994 οὐδ’
809 3942 1134 4007 ὲπιλαλιαῖς,
1167 3944 1198 4015 ἢ
1243 3943 1489 3998 πετάλων
1517 3945 1678 4000 τινῶν

115 4035 396 4104 περιέργων
444 4036 800 4105 ἐπιγραφαῖς,
850 4033 960 4086 οὔδ’
1003 4034 1204 4098 ἄλλοις,
1240 4028 1314 4088 ῶν
1354 4036 1451 4106 τὴν
1484 4038 1677 4106 χρῆσιν

113 4125 375 4200 ἀδιάφορον
420 4130 469 4180 οἱ
500 4127 690 4179 πολλοὶ
719 4127 1056 4196 νενομίκασι.
1089 4126 1184 4189 Τίς
1211 4123 1302 4180 οὖν
1345 4129 1491 4200 αἱρεῖ
1521 4127 1677 4197 λόγος

112 4219 217 4282 τοῦς
256 4219 460 4273 τοιοῦδε
493 4219 815 4273 διδασκάλου
846 4219 1041 4290 γόητος
1066 4220 1160 4271 καὶ
1190 4220 1392 4274 πλάνου
1427 4220 1675 4291 μαθητὰς

112 4314 363 4380 γεγονέναι
410 4314 691 4384 νομίζειν;
727 4314 835 4367 Καὶ
879 4313 985 4385 μὴν
1033 4314 1230 4378 παντὸς
1264 4313 1671 4384 ὲπαγγελλομὲο

112 4421 185 4456 νου
233 4424 282 4458 τι
333 4407 511 4478 μέγας
561 4406 782 4476 ἐλεγχος
832 4407 865 4476 ή
921 4404 1029 4458 τῶν
1085 4405 1351 4475 φοιτητῶν
1391 4405 1667 4459 συνουσία.

116 4497 311 4570 ’Δνδρες
353 4500 488 4570 γοῦν
524 4500 760 4569 ἔντεχνοι
792 4498 886 4551 καὶ
929 4499 1291 4569 ἐπιστήμονες
1320 4499 1536 4560 πάντως
1565 4515 1667 4550 που

112 4591 183 4642 τὸν
230 4594 396 4646 αἴτιον
449 4593 632 4654 αὐτοῖς
687 4591 786 4661 τῆς
840 4591 1153 4661 ἐπιστήμης
1199 4590 1332 4643 πολὺ
1385 4590 1666 4660 κρείττονα
1698 4606 1741 4660 ι)

115 4683 235 4749 σφῶν
277 4684 454 4737 αὐτῶν
512 4680 1220 4753 ἐμφαίνουσινοὼσπεροῦν
1280 4681 1510 4752 ίατρικοὶ
1569 4682 1666 4752 μὲν

111 4775 189 4843 τῆς
214 4776 298 4829 τοῦ
341 4775 666 4830 διδασκάλου
710 4773 838 4844 περὶ
888 4771 948 4825 τὸ
993 4773 1224 4844 μάθημα
1276 4772 1666 4845 κατορθώσεως

112 4862 198 4919 εἷεν
227 4869 286 4921 ἂν
311 4870 595 4942 μάρτυρες
617 4887 630 4900 °
661 4871 1026 4940 γεωμετρικοὶ
1050 4869 1107 4922 δὲ
1139 4868 1228 4921 τὸν
1262 4869 1498 4938 ἄρχοντα
1543 4867 1665 4920 τίνα

112 4957 238 5010 ἄλλον
341 4961 669 5033 γεωμέτρην
704 4961 1139 5033 ἐπιγράῲονταυ
1185 4959 1278 5011 καὶ
1311 4957 1662 5029 ἀριθμητικοὶ

113 5047 183 5098 τὶν
217 5049 603 5121 ἀριθμητικόν;
636 5050 790 5103 Κατὰ
825 5051 965 5103 αὐτὰ
998 5049 1050 5101 δὲ
1097 5050 1191 5101 καὶ
1239 5047 1433 5116 γόητος
1470 5046 1661 5118 ἀνδρὸς

115 5140 322 5208 μέγιστοι
352 5143 418 5196 ἂν
451 5138 561 5195 εἷεν
591 5142 868 5213 μάρτυρες
894 5142 942 5194 οἱ
970 5139 1240 5210 φοιτηταί.
1274 5137 1344 5189 τὰ
1371 5136 1532 5206 ὅμοιά
1555 5153 1657 5188 που

111 5233 168 5303 τῷ
190 5235 484 5306 διδασκάλῳ
516 5235 612 5288 καὶ
639 5235 792 5287 αὐτοὶ
828 5233 1121 5300 μετιόντες·
1171 5229 1330 5282 Ἀλλὰ
1364 5229 1537 5292 οὐδείς
1573 5246 1659 5281 πω

111 5328 337 5380 τοσούτων
372 5328 511 5381 ἐτῶν
541 5327 676 5398 γόης
720 5325 992 5395 πέφανται
1031 5323 1125 5376 τοῦ
1169 5320 1341 5391 Ἰηοοῦ
1389 5318 1654 5390 μαθητὴς,

114 5420 249 5472 καίτοι
275 5421 358 5474 διὰ
395 5420 649 5492 βασάνων
680 5420 872 5490 πείρας
905 5418 1012 5471 τῶν
1045 5414 1185 5469 κατὰ
1207 5413 1430 5486 Χρόνους
1462 5411 1658 5483 ἡ”ίεμό’

115 5530 191 5564 νων
207 5531 258 5565 τε
285 5515 376 5568 καί
406 5511 675 5583 βασιλέων
698 5511 900 5582 ἀκριϐῆ
929 5509 1038 5564 τῶν
1064 5507 1182 5561 καθ’
1211 5507 1362 5578 ,ἡμᾶς
1395 5504 1656 5576 πραγμά-

112 5618 190 5656 των
210 5607 295 5676 τήν
324 5607 571 5672 ἐξέτασιν
601 5604 1009 5676 πεποιημένων.
1048 5600 1234 5663 Οὕτως
1262 5599 1316 5652 δὲ
1349 5599 1455 5670 ἄρα
1478 5599 1654 5662 οὐδεὶς

111 5687 157 5760 ἦν
192 5696 330 5768 γόης,
362 5700 439 5763 ὡς
473 5699 760 5769 ἐλεύθερον
811 5697 1061 5766 ἀφεῖσθαι
1108 5696 1202 5749 καὶ
1246 5691 1446 5754 παντὸς
1496 5689 1652 5753 ἐκτὸς

111 5788 307 5844 κινδύνου
339 5793 430 5846 τὸν
452 5791 587 5846 αὐτὸ
619 5790 780 5863 μόνον
807 5790 867 5844 τὸ
900 5788 1058 5844 θῦσαι
1088 5787 1222 5859 πρὸς
1249 5784 1426 5840 αὐτῶν
1460 5781 1648 5854 βεϐια-

159 5905 392 5964 "llatth.
462 5921 576 5975 ιις,
619 5905 706 5961 12.

1067 426 1718 487 DEMONSTRATIONIS
1756 432 2218 491 EVANGELICIE
2262 437 2390 494 LIB.
2433 438 2523 493 lli.

3306 450 3411 505 2‘26

1767 553 1810 609 Α
1837 555 2053 616 potest:
2093 564 2198 618 qua
2238 552 2585 609 turbulentos
2633 556 2906 626 appetitus
2943 575 3009 614 ex
3041 562 3162 631 ipso
3199 565 3409 635 cogita-

1831 639 2000 695 tionis
2027 641 2300 710 profundo
2327 659 2578 701 resecare
2598 662 2661 700 ac
2685 664 2916 719 purgare
2933 651 3401 720 jubebatdicens:

1835 749 1855 781 ι
1897 730 2037 786 Sunt
2070 735 2332 800 eunuchi,
2364 737 2456 806 qui
2488 739 2566 793 sic
2607 742 2716 794 nati
2762 750 2889 796 sunt.
2919 763 2930 797 :
2961 753 3013 798 et
3062 757 3190 802 sunt
3228 765 3392 804 eunu-

1829 822 1943 889 chi,
1979 825 2071 895 qui
2103 825 2234 880 l‘acti
2264 836 2393 882 sunt
2423 830 2491 883 ab
2525 829 2862 894 hominibus.
2893 845 2947 890 et
2983 847 3112 891 sunt
3141 842 3396 894 eunuchi,

1829 915 1924 984 qui
1979 925 2359 972 castraverunt
2417 920 2629 989 seipsos
2672 933 2895 994 propter
2950 943 3177 999 regnum
3228 933 3394 986 cmloo

1829 1021 1950 1060 rum
1980 1009 2044 1065 ⁷⁸.
2084 1028 2103 1061 ι
2131 1008 2336 1066 Deinde
2364 1013 2456 1081 qui
2487 1016 2851 1087 praestigiator
2869 1029 2952 1075 est
2982 1031 3035 1075 ct
3061 1039 3186 1078 vere
3216 1026 3396 1094 p0pull

1828 1097 2105 1170 deceptor,
2149 1105 2331 1155 omnia
2368 1105 2682 1174 aggreditur
2714 1117 2877 1178 atque
2917 1115 3026 1182 agit
3057 1131 3183 1168 cum
3220 1116 3392 1184 jacta-

1827 1190 1972 1245 tione
2001 1192 2086 1246 sui
2113 1193 2452 1264 plerumque,
2485 1205 2538 1250 ct
2556 1198 2620 1251 ad
2649 1202 2909 1268 speciem,
2955 1222 3060 1259 nou
3097 1206 3162 1260 ad
3193 1211 3400 1262 verita-

1822 1293 1951 1347 tem,
1979 1296 2142 1355 atque
2179 1288 2413 1357 amplius
2444 1290 2702 1359 quiddam
2738 1302 2934 1362 praeter
2978 1309 3202 1353 caeteros
3232 1316 3399 1356 nosse

1822 1389 1882 1429 se
1941 1385 2106 1447 atque
2160 1378 2393 1444 habere,
2457 1396 2582 1434 cum
2653 1387 3018 1443 ostentatione
3085 1392 3393 1460 prolitetur.

1822 1478 2158 1538 Salvatorcm
2182 1501 2311 1540 vero
2342 1483 2741 1558 Dominumque
2769 1500 3041 1562 nostrum,
3076 1512 3186 1550 non
3211 1498 3400 1566 gloriae

1817 1575 2116 1644 cupiditate
2144 1587 2236 1632 aut
2283 1582 2594 1650 arrogantia
2621 1582 2917 1648 laborasse,
2954 1603 3129 1657 neque
3170 1589 3236 1643 ad
3272 1607 3396 1660 spe-

1815 1669 1952 1722 ciem
2003 1671 2183 1740 egisse
2224 1689 2345 1742 qum
2383 1675 2512 1744 egit,
2555 1677 2637 1728 vel
2678 1693 2745 1731 ex
2785 1678 2850 1732 iis
2889 1690 3146 1736 constare
3189 1692 3392 1752 potest,

1816 1775 1958 1830 quos
2001 1775 2031 1814 a
2077 1777 2136 1816 se
2180 1764 2400 1817 sanitati
2449 1767 2756 1831 resaitutos,
2796 1770 3024 1839 jubebat
3063 1775 3267 1828 nemini
3308 1776 3394 1830 di-

1741 1897 1784 1956 B
1814 1869 1959 1918 cere,
1992 1871 2169 1925 neque
2203 1858 2442 1926 seipsum
2492 1859 2546 1912 in
2587 1862 2785 1932 vulgus
2825 1865 3084 1934 prodere,
3125 1868 3288 1922 etiam
3323 1887 3392 1925 ex

1778 1946 1788 1977 '-
1813 1959 1879 1999 eo
1917 1946 2064 2015 quod
2102 1947 2157 2000 in
2186 1950 2468 2005 montibus
2499 1952 2820 2024 plerumque
2849 1956 3088 2027 degeret,
3115 1967 3168 2014 et
3198 1961 3391 2016 solitu-

1811 2037 1968 2094 dines
2012 2040 2068 2094 in
2115 2040 2182 2096 iis
2224 2041 2360 2098 locis
2403 2052 2728 2111 sectaretur,
2777 2045 3100 2121 fugeretque
3149 2054 3388 2111 urbanas

1809 2131 1977 2200 vulgi,
2011 2147 2132 2202 quae
2161 2149 2360 2192 nocere
2389 2151 2765 2205 saepenumero
2799 2140 2998 2205 solent,
3029 2145 3388 2200 consuetudi-

1810 2237 1925 2276 nes.
1965 2221 2021 2276 Si
2058 2225 2244 2295 igitur,
2283 2243 2462 2297 neque.
2510 2231 2729 2300 gloriae,
2781 2248 2958 2302 neque
2994 2236 3385 2304 pecuniarum,

1809 2330 1983 2384 neque
2005 2317 2302 2386 voluptatis
2331 2335 2497 2375 causa
2529 2322 2786 2378 docuisse
2817 2325 2966 2380 illum
2993 2337 3229 2393 constat,
3261 2331 3387 2399 quis

1804 2414 2067 2474 praeterea
2093 2419 2346 2477 superest
2384 2412 2672 2468 calumniae
2704 2418 2879 2479 locus,
2913 2433 3018 2487 qua
3049 2427 3108 2471 ut
3129 2419 3388 2490 deceptor

1805 2512 1870 2550 ac
1913 2500 2281 2570 praestigiator
2311 2505 2638 2559 accusetur?
2670 2504 2774 2560 Sed
2809 2508 2923 2562 haec
2962 2525 3179 2580 quoque
3204 2512 3388 2566 videa-

1801 2605 2166 2662 mus,quaeso.
2194 2593 2324 2650 Item
2356 2598 2722 2668 prmStigiator
2750 2601 2841 2654 ubi
2874 2600 3010 2656 alios
3042 2619 3141 2658 sua
3173 2604 3382 2659 malitia

1801 2694 2168 2767 imbuit,quos
2189 2699 2407 2755 tandem
2439 2703 2586 2757 viros
2615 2704 2738 2757 illos
2770 2705 2989 2760 reddit?
3023 2707 3212 2764 Nonne
3240 2725 3379 2778 prae-

1799 2788 2130 2859 stigiatores,
2161 2792 2500 2857 seductores,
2533 2796 2824 2862 veneﬁcos,
2861 2799 2965 2852 sibi
2994 2800 3095 2869 ipsi
3120 2801 3378 2857 omnibus

1798 2897 1916 2952 quae
1935 2890 2095 2952 agant
2122 2884 2368 2940 similes?
2396 2885 2531 2952 Quis
2562 2888 2728 2957 igitur
2760 2905 2998 2960 unquam
3031 2907 3192 2946 omne
3219 2894 3380 2948 Chri-

1797 2977 2100 3030 stianorum
2127 2993 2300 3046 genus
2332 2979 2475 3048 quod
2510 2982 2580 3036 ab
2620 2983 2766 3039 illius
2800 2984 3047 3040 doctrina
3072 2985 3377 3054 profectum

1793 3075 1897 3128 est,
1923 3077 2015 3121 aut
2047 3069 2339 3139 praestigiis
2365 3078 2544 3136 utens,
2569 3081 2661 3126 aut
2690 3075 2968 3130 veneﬁciis
2985 3075 3382 3146 deprehendit?

1797 3159 1955 3228 127
1991 3158 2163 3214 Nemo
2188 3163 2404 3230 quidem
2433 3164 2535 3218 hoc
2563 3165 2762 3220 dixerit
2794 3185 2806 3220 :
2839 3174 2893 3222 at
2921 3179 3134 3230 contra,
3162 3169 3381 3223 incum-

1713 3266 1754 3322 (ς
1790 3249 1924 3304 bens
1964 3252 2017 3306 in
2049 3267 2332 3308 sermones
2357 3267 2735 3328 praeceptaque
2765 3259 3064 3328 sapientiae,
3097 3277 3230 3316 sane
3277 3261 3376 3316 de-

1791 3343 2087 3412 prehendet
2115 3345 2207 3414 qui
2240 3347 2406 3411 volet,
2438 3356 2496 3401 ut
2539 3349 2978 3406 demonstratum
3008 3361 3110 3407 cst.
3133 3354 3236 3419 Qui
3270 3353 3374 3423 igi-

1789 3446 1876 3490 tur
1906 3439 2028 3493 aliis
2077 3455 2280 3496 severae
2332 3451 2604 3514 castaeque
2627 3446 2769 3512 vitae,
2805 3462 2868 3500 ac
2900 3463 3125 3504 summae
3150 3450 3371 3518 pietatis

1787 3537 1978 3582 auctor
1994 3531 2226 3596 exstitit,
2257 3533 2510 3602 quisnam
2543 3536 2739 3590 merito
2763 3539 3095 3601 censebitur,
3121 3539 3226 3593 nisi
3247 3541 3368 3608 phi-

1787 3619 2138 3689 losophorum
2201 3623 2435 3692 primus,
2491 3634 2543 3679 et
2572 3627 2792 3696 pietatis
2831 3628 3220 3698 religionisque
3245 3645 3364 3683 ma-

1782 3713 1987 3781 gister?
2015 3713 2283 3783 siquidem
2317 3717 2364 3770 is
2391 3716 2483 3786 qui
2510 3718 2690 3782 docet,
2727 3719 2936 3789 absque
2983 3722 3363 3777 controversia

1783 3805 2128 3873 praestantior
2157 3821 2319 3875 quam
2344 3808 2379 3860 ii
2404 3808 2496 3879 qui
2519 3808 2806 3864 docentur.
2837 3809 3200 3883 Philosophus
3232 3829 3364 3884 ergo

1781 3926 2014 3980 vereque
2054 3913 2198 3980 pius,
2224 3928 2494 3983 nusquam
2519 3928 2650 3969 vero
2699 3915 2993 3979 seductor,
3028 3925 3122 3971 aut
3146 3919 3362 3988 praesti-

1778 4003 2074 4073 giatordici
2126 4006 2326 4074 poterit
2363 4003 2615 4060 Salvator
2645 4021 2709 4060 ac
2742 4005 3006 4063 Dominus
3042 4021 3244 4064 noster.
3300 4011 3356 4066 Si

1777 4095 1946 4165 igitur
1997 4097 2124 4151 talis
2185 4097 2288 4151 fuit
2330 4099 2544 4169 qualem
2582 4100 2946 4164 ostendimus,
2998 4117 3105 4171 qua
3137 4105 3358 4158 tandem

1777 4187 1882 4240 alia
1908 4188 2119 4242 ratione
2146 4190 2410 4244 miracula
2453 4189 2695 4246 edidisse
2725 4191 2872 4247 credi
2902 4200 3102 4262 potest,
3140 4195 3248 4249 nisi
3270 4195 3356 4250 di-

1775 4280 1898 4332 vina
1925 4283 2158 4350 quadam
2185 4283 2453 4353 nobisque
2500 4284 2683 4354 ignota
2734 4284 2957 4347 virtute,
2989 4299 3355 4359 supremaque

1773 4388 1897 4442 erga
1927 4373 2094 4428 Deum
2127 4375 2369 4430 universi
2401 4377 2634 4446 pietate?
2667 4376 2837 4443 Quem
2862 4377 3006 4446 quod
3043 4387 3100 4431 ut
3141 4379 3352 4435 Patrem

1771 4475 2126 4519 veneraretur
2152 4475 2206 4521 et
2232 4467 2456 4533 coleret,
2492 4478 2799 4538 apparetex
2829 4469 2897 4523 iis
2928 4470 2982 4522 in
3006 4469 3198 4538 primis
3223 4486 3347 4541 quae

1771 4556 1837 4610 de
1861 4555 1954 4610 illo
1983 4557 2196 4612 locutus
2243 4566 2346 4612 est.
2396 4558 2631 4612 Tantum
2666 4575 2796 4629 ergo
2825 4560 3000 4624 abest,
3033 4569 3093 4614 ut
3141 4562 3232 4632 qui
3271 4562 3350 4616 illi

1771 4649 2017 4704 abinitio
2063 4651 2409 4705 adhaeserunt
2447 4651 2724 4721 discipuli,
2774 4660 2824 4706 ct
2861 4654 2952 4722 qui
2980 4653 3210 4723 posthac
3239 4653 3350 4708 illis

1767 4741 2052 4810 discipulis
2085 4758 2424 4806 successere,
2468 4743 2535 4796 ab
2571 4743 2788 4797 illorum
2833 4743 3228 4798 consuetudine
3263 4745 3348 4798 in-

1766 4847 2006 4912 formati,
2047 4865 2226 4919 pravae
2256 4850 2417 4903 alicui
2440 4857 2532 4903 aut
2557 4850 2880 4920 perniciosae
2923 4850 3222 4919 suspicioni
3248 4850 3344 4904 oba

1763 4942 1911 4996 noxii
1944 4942 2180 4997 habendi
2210 4943 2352 5008 sint,
2384 4951 2442 4997 ut
2469 4960 2538 4998 nc
2563 4944 2956 5014 aegrotantibus
2985 4943 3203 5013 quidem
3229 4959 3346 5012 per-

1762 5034 1997 5098 mittant,
2024 5035 2185 5090 sicuti
2224 5036 2394 5089 multa
2438 5037 2593 5089 inulti
2625 5038 2838 5090 etlicere
2883 5043 3155 5090 cernantur
3181 5074 3195 5097 ,
3251 5044 3342 5087 aut

1763 5125 2016 5181 foliorum
2048 5127 2501 5197 inscriptionibus
2525 5167 2540 5192 ,
2585 5128 3099 5198 colligationibusve
3125 5127 3225 5189 uti,
3247 5134 3340 5179 aut

1759 5236 1854 5275 eos
1887 5221 1979 5290 qui
2013 5237 2070 5276 se
2099 5222 2475 5276 incantaturos
2539 5223 2865 5291 proﬁtentur
2908 5220 3208 5282 attendere,
3246 5227 3338 5273 aut

1757 5312 2005 5366 radicum
2051 5313 2456 5382 herbarumque
2518 5312 3051 5382 sutTumigationibus
3083 5350 3097 5373 ,
3146 5311 3337 5366 aliisve

1755 5405 2000 5474 ejusdem
2033 5405 2247 5474 generis
2273 5404 2576 5466 nonnullis,
2608 5403 2849 5458 medelas
2878 5401 2981 5456 sibi
3019 5402 3335 5456 morborum

1755 5497 2039 5552 suﬂicerc:
2075 5495 2191 5550 haec
2230 5510 2464 5564 namque
2513 5494 2697 5548 omnia
2745 5508 2774 5546 a
2828 5491 3035 5547 Christi
3085 5491 3334 5546 doctrina

1753 5590 1978 5644 exclusa
2027 5594 2157 5642 sunt
2185 5603 2197 5638 :
2224 5589 2401 5654 neque
2453 5598 2694 5654 unquam
2746 5583 2947 5638 intueri
2988 5582 3140 5638 licuit
3173 5581 3334 5637 Chri-

1752 5680 1996 5735 stianum
2051 5679 2145 5750 qui
2179 5679 2524 5749 colligatione
2577 5686 2840 5741 uteretur,
2875 5693 3052 5747 neque
3105 5675 3331 5746 magicis

1750 5773 2160 5846 nugatiouibus,
2183 5789 2358 5846 neque
2381 5772 2636 5829 foliorum
2660 5770 3017 5844 quorumdam
3042 5766 3330 5824 laboriosis
