3954 6528
604 398 716 456 22⁸1
1242 392 1512 448 EUSEB“
1550 389 2030 450 CZESARIENSIS
2068 388 2222 447 OPP.
2267 384 2468 443 PARS.
2510 382 2580 440 ll.
2617 413 2689 424 —-—
2727 379 3237 439 APOLOGETICA.
3771 381 3855 443 29.3

603 515 1088 588 inscriptionibus,
1128 529 1310 584 neque
1355 512 1568 567 caeteris
1613 511 1909 574 similibus,
1951 522 2186 579 quorum

2293 505 2510 576 σμένον.
2558 501 2621 555 ΕΙ
2655 501 2712 555 δὲ
2744 500 2917 563 οὐδεὶς
2965 496 3190 551 πώποτε
3239 494 3357 550 τῶν
3405 493 3534 548 καθ’
3580 494 3719 565 ἡμᾶς
3758 497 3853 553 οὔτε

608 584 1195 666 usumindill'erentem
1227 605 1473 676 plerique
1525 603 1865 658 arbitrantur
1900 615 2061 670 :quaa
2084 598 2185 669 igi-

2293 597 2400 649 τῶν
2440 592 2684 647 παλαιῶν
2715 590 2936 644 ἐκείνων
2982 588 3076 642 τοῦ
3115 585 3303 657 Ἰησοῦ
3352 584 3619 657 μαθητῶν
3645 589 3856 658 γοητείας

605 711 698 756 tur
718 714 958 772 unquam
987 698 1127 753 ratio
1147 699 1457 758 convincet,
1487 703 1546 749 ut
1570 680 1661 764 qui
1684 694 1810 748 talis
1838 691 2187 763 praeceptoris

2293 686 2428 758 ἥλω,
2458 682 2579 738 οὐδὲ
2609 686 2639 736 ό
2670 679 2996 743 Διδάσκαλος
3022 675 3092 751 ἦν
3129 679 3247 751 ἄρα
3274 677 3549 764 τοιοῦτος.
3576 676 3688 730 Ἵνα
3722 678 3773 732 δὲ
3799 683 3856 751 μὴ

604 765 863 865 discipuli
891 791 1118 855 fuerint,
1144 788 1560 858 praastigiatoris
1588 793 1683 840 aut
1727 783 2043 853 impostoris
2095 780 2182 834 di-

2296 776 2354 843 ἐξ
2383 775 2644 847 ἀγράφων
2675 773 2704 824 ὁ
2730 770 2885 838 λόγος
2918 767 3073 840 ἡμῶν
3098 766 3304 830 όδεύοι,
3341 766 3509 837 δέχου
3552 765 3652 830 τὰς
3683 767 3858 822 ἀποδεί-

604 859 804 953 scipuli
836 883 1006 939 fuisse
1023 878 1374 952 judicentur?
1392 876 1543 947 atqui
1572 876 1752 946 qualis
1776 875 1847 929 sit
1863 873 2039 927 omnis
2065 870 2189 941 qui-

2299 866 2407 933 ξεις
2434 867 2528 920 καὶ
2552 864 2661 922 ἀπὸ
2688 862 2929 935 ἱστορίας
2954 859 3263 932 ἐγγράφου.

599 996 819 1051 cunque
855 977 1061 1049 aliquid
1086 976 1425 1049 proﬁteatur,
1451 974 1601 1029 nulla
1628 987 1719 1027 res
1767 970 2075 1026 evidentius
2125 965 2465 1037 probaverit,
2517 976 2685 1034 quam
2734 958 3131 1051 discipulorum
3180 953 3551 1051 consuetudo
3608 970 3626 1009 :
3678 970 3788 1051 nam
3822 958 3857 1012 si

598 1073 706 1128 viri
730 1047 849 1129 sint
887 1047 1100 1125 artibus
1131 1077 1187 1125 et
1239 1067 1493 1123 scientiis
1539 1064 1777 1135 praediti,
1812 1062 2059 1133 profecto
2084 1060 2181 1131 qui
2222 1059 2358 1130 ipsis
2402 1053 2674 1126 ejusmodi
2709 1053 2913 1107 artium
2938 1059 2995 1105 et
3042 1049 3421 1107 scientiarum
3473 1055 3667 1103 auctor
3704 1047 3856 1113 fuerit,

600 1180 726 1221 eum
760 1164 919 1234 longe
968 1162 1212 1231 se_ipsis
1284 1160 1720 1231 praestantiorem
1780 1156 1952 1212 fuisse
2012 1152 2489 1210 demonstrabunt.
2549 1147 2797 1218 Exempli
2844 1145 3053 1218 gratia,
3087 1144 3182 1214 qui
3214 1142 3561 1198 medicinam
3612 1140 3679 1195 ab
3712 1142 3857 1211 aliquo

598 1260 929 1324 didicerunt,
996 1257 1333 1313 excellentia
1384 1256 1741 1327 praeceptoris
1773 1255 1829 1309 in
1859 1252 1953 1308 tali
1973 1250 2261 1322 disciplina
2298 1255 2468 1304 testes
2516 1245 2699 1302 idonei
2733 1245 2969 1301 habendi
3016 1252 3163 1311 sunt,
3213 1241 3319 1313 qui
3349 1255 3487 1296 vero
3522 1241 3855 1312 geometriam,

598 1355 810 1411 nullum
840 1354 1007 1408 alium
1032 1368 1090 1408 se
1118 1352 1378 1409 habuisse
1432 1352 1560 1407 talis
1580 1350 1883 1421 disciplina:
1940 1348 2262 1420 magistrum
2302 1360 2465 1416 quam
2493 1350 2823 1415 geometram
2858 1340 3168 1413 probabunt
3193 1356 3211 1405 ;
3236 1352 3347 1394 nec
3379 1351 3518 1392 vero
3569 1336 3855 1391 arithmetici

599 1447 769 1502 alium
803 1460 967 1517 quam
1031 1444 1437 1500 arithmeticum
1470 1443 1697 1499 :eadem
1750 1444 1983 1507 ratione,
2017 1441 2254 1511 aliquem
2295 1439 2464 1494 fuisse
2494 1439 2849 1509 impostorem
2881 1433 3070 1505 optimi
3109 1447 3247 1488 sane
3281 1438 3465 1486 testes
3501 1428 3729 1485 habendi
3756 1440 3855 1485 sunt

597 1538 696 1610 qui
751 1537 819 1593 ab
876 1538 969 1592 illo
1024 1536 1336 1603 didicerint,
1399 1545 1454 1593 et
1485 1538 1578 1608 qui
1641 1536 1887 1593 eamdem
1921 1551 2046 1591 cum
2111 1549 2212 1590 suo
2251 1539 2585 1604 prmeeptore
2650 1539 2821 1584 artem
2854 1534 3164 1584 exerceant.
3208 1524 3385 1594 128
3441 1520 3553 1578 Sed
3578 1524 3752 1578 nullus
3780 1524 3856 1577 ad-

597 1632 709 1691 huc
734 1632 793 1687 in
821 1641 930 1688 tam
975 1634 1164 1690 multis
1218 1634 1383 1690 anuis
1447 1633 1753 1701 discipulus
1792 1630 1922 1688 Jesu
1951 1628 2317 1702 praestigiator
2367 1626 2642 1698 apparuit,
2710 1625 2928 1679 tametsi
2977 1624 3030 1677 in
3062 1621 3306 1677 diversis
3341 1619 3687 1691 temporibus
3712 1626 3853 1674 etre-

610 1744 707 1800 ges
739 1740 791 1785 et
812 1729 1070 1799 praesides
1099 1745 1196 1800 per
1243 1738 1513 1785 tormenta
1586 1728 1856 1800 quidquid
1889 1728 1959 1782 ad
2030 1742 2132 1782 nos
2192 1724 2450 1797 pertinet,
2481 1721 2899 1793 diligentissime
2924 1716 3333 1789 exquisiverint
3361 1730 3376 1766 :
3410 1716 3490 1769 ita
3514 1728 3677 1785 porro
3704 1713 3853 1768 nullus

599 1823 965 1894 praestigiator
998 1823 1123 1889 fuit,
1154 1833 1215 1878 ut
1245 1824 1381 1880 liber
1400 1824 1789 1891 dimitteretur,
1825 1832 1989 1893 atque
2020 1831 2175 1878 extra
2207 1836 2371 1877 omne
2402 1819 2711 1889 periculum
2744 1816 3191 1879 constitueretur,
3249 1810 3353 1883 qui
3388 1811 3558 1867 modo
3622 1809 3688 1866 ab
3746 1810 3851 1880 ipsis

600 1924 824 1973 coactus
870 1924 1016 1972 esset
1052 1918 1298 1988 ipsorum
1355 1918 1466 1973 ritu
1519 1918 1856 1974 sacriﬁcare.
1894 1916 2052 1983 Quod
2081 1917 2125 1972 si
2174 1915 2358 1970 nullus
2418 1927 2657 1983 unquam
2700 1918 3037 1978 nostrorum,
3078 1918 3189 1963 tam
3228 1908 3463 1964 illorum
3507 1919 3646 1976 quos
3677 1902 3768 1972 ipsi
3792 1902 3856 1955 vi-

599 2011 730 2069 dere
764 2013 1062 2084 potuimus,
1107 2029 1270 2084 quam
1313 2015 1529 2069 illorum
1591 2016 1685 2086 qui
1727 2014 2004 2086 quondam
2038 2013 2211 2084 ipsius
2247 2010 2377 2066 Jesu
2414 2009 2673 2080 discipuli
2738 2007 2981 2071 fuerunt,
3022 2004 3280 2060 veneﬁcii
3334 2010 3436 2059 aut
3487 2000 3846 2075 prastigiarum

600 2106 893 2163 damnatus
939 2115 1050 2174 est,
1084 2124 1212 2179 ergo
1254 2124 1323 2163 ne
1350 2107 1661 2179 Prmceptor
1714 2109 1935 2180 quidem
1966 2108 2089 2162 talis
2146 2106 2268 2160 fuit.
2306 2102 2577 2159 Carterum
2599 2118 2668 2157 ne
2695 2100 2873 2157 omnis
2900 2108 3088 2156 nostra
3111 2100 3317 2165 oratio,
3348 2114 3419 2155 ex
3450 2092 3851 2153 rebusnonscri-

600 2205 709 2273 ptis
738 2203 1137 2274 proﬁciscatur,
1163 2204 1448 2260 videamus
1479 2206 1606 2259 item
1651 2204 1785 2275 quid
1844 2203 2182 2276 probationis
2220 2202 2290 2257 ab
2313 2198 2545 2255 historia
2570 2213 2691 2269 qua:
2730 2196 2928 2251 litteris
2957 2196 3297 2260 continetur,
3323 2194 3455 2249 elici
3478 2192 3673 2262 possit.

672 2296 843 2350 Primi
875 2297 1041 2366 igitur
1080 2297 1256 2366 ipsius
1297 2296 1449 2351 Jesu.
1474 2297 1751 2367 discipuli,
1802 2297 1859 2351 in
1906 2297 2050 2351 libro
2094 2296 2189 2366 qui
2222 2306 2263 2360 Β

598 2388 736 2443 Acta
786 2388 1027 2458 ipsorum
1061 2388 1327 2452 continet,
1385 2398 1797 2452 memorantur,
1831 2403 2190 2459 quoscunque

599 2496 667 2537 ex
698 2481 950 2552 gentibus
985 2480 1042 2534 in
1075 2496 1235 2534 suam
1293 2480 1643 2551 disciplinam
1672 2482 2006 2552 acciperent,
2060 2495 2184 2537 cum

599 2589 790 2630 eorum
810 2573 1057 2643 plerique
1085 2575 1316 2631 crimine
1368 2578 1770 2647 praestigiarum
1831 2577 2065 2633 infames
2094 2592 2189 2638 es-

602 2672 753 2729 sent,
783 2665 839 2719 in
854 2663 1103 2719 diversos
1135 2680 1313 2720 mores
1364 2665 1501 2721 adeo
1559 2675 1949 2733 commutasse,
1981 2675 2042 2721 ut
2068 2667 2191 2721 ausi

600 2756 713 2811 sint
745 2771 886 2826 quos
913 2756 1084 2811 libros
1116 2756 1223 2812 illis
1262 2757 1693 2823 interdixissent,
1718 2760 1774 2814 in
1799 2760 2035 2814 medium
2064 2773 2191 2828 pro-

600 2844 768 2911 ferre,
799 2855 854 2903 et
889 2848 944 2902 in
975 2857 1272 2918 conspectu
1308 2850 1553 2905 omnium
1581 2850 1925 2907 comburere.
1984 2849 2191 2904 Audia-

602 2952 731 2992 mus
765 2937 950 3009 itaque
1000 2939 1132 3010 quid
1174 2939 1461 3010 Scriptura
1519 2942 1613 2996 illa
1663 2946 1963 2999 contineat.
1996 2941 2191 2997 «Multi

604 3038 788 3087 autem
814 3046 1005 3087 eorum
1052 3030 1148 3101 qui
1209 3031 1426 3086 fuerant
1450 3033 1672 3088 curiosa
1726 3034 1943 3100 sectati,
1992 3045 2192 3090 contu-

601 3119 784 3178 lerunt
810 3120 1000 3187 libros,
1019 3130 1073 3178 et
1110 3122 1531 3178 combusserunt
1557 3139 1652 3179 eos
1685 3139 1870 3179 coram
1899 3126 2181 3192 omnibus,

603 3220 659 3268 et
680 3213 1010 3282 computatis
1040 3213 1232 3283 pretiis
1259 3214 1497 3279 illorum,
1539 3217 1868 3270 invenerunt
1899 3219 2187 3286 pecuniam

603 3300 951 3358 denariorum
982 3302 1378 3373 quinquaginta
1417 3303 1648 3358 millium
1682 3304 1727 3335 ⁷⁹
1759 3323 1772 3359 :
1805 3322 1825 3355 ι
1862 3306 1999 3360 tales
2057 3321 2189 3361 sane

602 3401 762 3449 erant
793 3392 1094 3451 Salvatoris
1119 3395 1295 3450 nostri
1327 3396 1605 3467 discipuli,
1636 3403 1895 3467 tantaque
1923 3399 2189 3454 orationis

601 3500 794 3541 eorum
821 3487 903 3543 vis
934 3497 1072 3552 erat,
1098 3503 1222 3543 cum
1274 3504 1406 3544 suos
1444 3487 1724 3544 auditores
1754 3489 2186 3559 alloquerentur,

603 3585 666 3632 ut
687 3577 911 3634 intimas
958 3579 1126 3634 animi
1176 3589 1359 3650 partes
1377 3590 1749 3651 penetrarent,
1796 3590 2191 3653 tangerentque

2363 2295 2426 2348 Οί
2452 2292 2517 2364 δὴ
2540 2290 2746 2363 πρῶτοι
2774 2289 2869 2343 τοῦ
2912 2287 3088 2359 Ἰησοῦ
3125 2286 3374 2359 μαθηταὶ
3397 2287 3458 2339 ὲν
3492 2287 3558 2355 τῇ
3590 2282 3743 2355 βίϐλῳ
3764 2278 3848 2333 τῶν

2294 2385 2440 2439 ίδίων
2481 2383 2736 2454 πράξεων
2783 2379 3119 2452 ἱστοροῦνται
3165 2380 3299 2441 τοὺς
3347 2376 3410 2440 ἐξ
3440 2375 3613 2429 ἐθνῶν
3646 2376 3706 2444 τῇ
3734 2371 3846 2425 διδα-

2292 2475 2491 2546 σκαλίᾳ.
2525 2473 2705 2528 αὐτῶν
2742 2471 3088 2541 προσιόντας,
3119 2469 3265 2523 ὥστε
3293 2468 3530 2530 πολλοὺς
3561 2464 3666 2518 τῶν
3692 2464 3845 2534 πρότε-

2292 2585 2385 2640 ρον
2422 2567 2550 2638 περὶ
2572 2565 2827 2637 γοητείαν
2860 2563 3305 2634 διαϐεϐλημένων
3330 2563 3414 2624 είς
3442 2557 3688 2613 τοσοῦτον
3713 2572 3843 2627 μετα-

2290 2658 2475 2712 ϐαλεῖν
2502 2657 2594 2710 τὸν
2620 2655 2828 2710 ἑαυτῶν
2855 2655 3077 2728 τρόπον,
3103 2654 3178 2717 ὡς
3204 2656 3287 2716 είς
3318 2652 3489 2724 μέσον
3518 2646 3844 2719 ἀγαγεῖν-τολ-

2295 2752 2464 2823 μῆσαι
2490 2749 2590 2813 τὰς
2628 2748 3084 2821 ἀπηγορευμένας
3129 2746 3372 2817 βίϐλους,
3400 2746 3501 2799 καὶ
3549 2744 3741 2806 ταύτας
3778 2743 3844 2794 ἐν*

2298 2841 2469 2895 ώπιον
2487 2840 2704 2895 πάντων
2736 2842 2868 2912 πυρὶ
2895 2838 3253 2913 παραδοῦναι.
3298 2839 3636 2893 Ἐπάκουσον
3654 2836 3706 2890 δὲ
3728 2836 3841 2894 ὅπως

2292 2936 2325 3005 ἡ
2370 2931 2558 3004 γραφὴ
2610 2932 2893 3004 περιέχει·
2933 2950 2955 2981 ι
3013 2932 3209 2985 Ἱκανοὶ
3257 2930 3318 2985 δὲ
3363 2930 3475 2984 τῶν
3506 2929 3579 2983 τά
3618 2926 3839 3000 περίεργα

2290 3024 2637 3095 πραξάντων,
2666 3022 3170 3091 συνεισενέγκαντες
3194 3022 3299 3087 τὰς
3326 3023 3568 3095 βίϐλους,
3596 3019 3843 3074 κατέκαιον

2290 3113 2517 3169 ἐνώπιον
2547 3114 2785 3179 πάντων,
2821 3113 2912 3167 καὶ
2949 3112 3330 3181 συνεψήφισαν
3361 3113 3467 3177 τὰς
3492 3110 3657 3183 τιμὰς
3682 3105 3844 3165 αὐτῶν.

2291 3208 2384 3261 καὶ
2429 3202 2591 3279 εὗρον
2627 3205 2891 3277 ἀργυρίου
2944 3203 3209 3275 μυριάδας
3237 3206 3437 3261 πέντε.
3476 3223 3496 3258 ι
3547 3202 3767 3257 Τοιοῦτοι
3797 3197 3844 3267 δή

2288 3316 2433 3363 τινες
2460 3300 2511 3352 oi
2543 3297 2638 3351 τοῦ
2669 3297 2921 3369 Σωτῆρος
2952 3294 3110 3366 ἡμῶν
3146 3296 3396 3368 μαθηταὶ
3420 3296 3683 3367 τοσαύτην
3717 3291 3843 3346 δύνα-

2293 3407 2387 3463 μιν
2414 3390 2784 3462 προφέροντες
2816 3388 2992 3455 λόγων
3031 3390 3090 3441 ἐν
3118 3392 3238 3452 ταῖς
3266 3391 3418 3462 πρὸς
3448 3391 3573 3452 τοὺς
3597 3382 3842 3458 ἀκροωμέ-

2289 3500 2413 3546 νους
2440 3482 2701 3553 ὁμιλίαις,
2725 3480 2800 3543 ὡς
2823 3479 3196 3534 καθικνεῖσθαι
3224 3482 3328 3535 τοῦ
3354 3481 3554 3553 βάθους
3582 3479 3677 3549 τῆς
3704 3475 3842 3547 ψυχῆς

2292 3577 2491 3642 αὐτῶν,
2536 3574 2911 3630 καθάπτεσθαί
2950 3593 3010 3629 τε
3053 3575 3147 3629 καὶ
3185 3575 3520 3647 τιτρώσκειν
3562 3573 3621 3626 τὸ
3651 3571 3840 3624 ἑκάστου

602 3680 673 3722 ac
718 3668 1074 3724 vulnerarent
1123 3669 1561 3738 uniuscujusque
1600 3669 1997 3724 conscientiam
2031 3668 2188 3737 adeo,

2295 3670 2554 3734 συνειδὸς,
2582 3671 2659 3733 ὡς
2689 3670 2887 3740 μηκέτι
2918 3669 3131 3738 στέγειν
3165 3670 3642 3742 ἀποκρύπτοντες,
3667 3668 3738 3727 είς
3760 3678 3839 3731 φε-

602 3766 667 3816 ut
687 3775 849 3815 nemo
876 3762 1110 3830 amplius
1127 3761 1406 3817 occultare
1442 3770 1646 3830 posset,
1684 3761 1781 3817 sed
1812 3762 2191 3833 unusquisque

602 3851 665 3907 in
692 3859 941 3923 apertum
963 3852 1252 3922 proferret,
1290 3854 1336 3908 si
1373 3852 1533 3922 cujus
1579 3854 1766 3908 arcani
1797 3856 2053 3909 conscius
2083 3855 2190 3910 sibi

603 3951 773 4009 esset,
804 3942 1151 4013 iudicemque
1195 3960 1419 3999 suorum
1473 3959 1594 4015 quae
1641 3945 1792 4015 prius
1823 3944 2191 4001 commisisset

605 4033 962 4106 ﬂagitiorum,
997 4037 1239 4108 seipsum
1293 4047 1575 4109 praestaret
1602 4058 1614 4094 :
1645 4039 1782 4094 tales
1828 4038 1956 4094 item
1996 4039 2089 4110 qui
2120 4040 2190 4096 ab

606 4128 717 4183 illis
742 4129 975 4183 instituti
1000 4138 1150 4195 sunt,
1181 4129 1335 4199 puris
1368 4130 1576 4200 utique,
1616 4130 1958 4202 sincerisque
1989 4133 2189 4190 animis

605 4220 842 4292 praditi,
879 4228 939 4274 ut
972 4220 1106 4275 nihil
1154 4221 1210 4274 in
1262 4221 1370 4276 illis
1417 4221 1681 4288 simulati,
1731 4228 1826 4275 aut
1859 4221 2190 4278 fraudulenti

607 4312 805 4366 lateret
837 4332 852 4366 :
888 4310 985 4367 sed
1014 4319 1205 4367 contra
1252 4312 1436 4382 potius
1489 4312 1593 4382 ipsi
1650 4313 1953 4369 mutatione
1975 4328 2004 4366 a
2033 4313 2188 4368 dete-

606 4406 755 4462 riore
777 4405 888 4459 vita
905 4405 971 4461 ad
1001 4405 1304 4469 meliorem,
1335 4405 1700 4476 gloriarentur
1746 4413 1909 4477 atque
1946 4407 2194 4479 conﬁde:

607 4505 760 4554 rent:
792 4499 885 4569 qui
916 4499 1084 4570 igitur
1113 4499 1358 4570 magicos
1390 4498 1561 4553 libros
1592 4498 1975 4564 incenderunt,
2009 4511 2063 4555 et
2093 4516 2189 4555 cx-

608 4597 822 4645 ternam
870 4591 1085 4646 illorum
1141 4591 1503 4662 perditionem
1557 4591 1775 4661 publico
1818 4592 2028 4662 judicio
2087 4607 2188 4648 suo

609 4682 1054 4751 comprobarunt,
1086 4697 1187 4736 cur
1218 4696 1327 4737 non
1356 4681 1424 4737 de
1447 4682 1648 4751 seipsis
1679 4683 1819 4753 apud
1847 4699 2039 4741 omnes
2066 4700 2188 4741 cer-

609 4774 887 4829 tissimum
925 4775 1153 4844 posthac
1183 4775 1464 4844 praebeant
1515 4784 1917 4846 argumentum,
1953 4779 2105 4834 nullo
2128 4796 2188 4836 se

610 4879 840 4937 prorsus
907 4865 1241 4935 magicarum
1318 4881 1503 4920 rerum
1562 4866 1746 4921 studio
1818 4867 2035 4922 teneri?
2091 4871 2187 4926 sed

609 4963 803 5012 contra
835 4956 1040 5028 potius,
1100 4973 1165 5011 ex
1216 4957 1309 5012 illo
1346 4958 1461 5027 jam
1519 4973 1688 5029 puros
1731 4976 1790 5015 se
1826 4976 1970 5026 esse,
2014 4971 2069 5019 et
2119 4966 2188 5021 ab

2292 3762 2447 3834 νερδν
2492 3762 2549 3816 δὲ
2594 3762 2750 3831 ἄγειν
2793 3762 2864 3817 τά
2910 3763 3222 3834 ἀπόρρητα,
3268 3763 3535 3840 ἐλέγχους
3582 3778 3641 3815 τε
3680 3754 3840 3814 αὐτοὺς

2290 3854 2497 3908 ἑαυτῶν
2529 3855 2623 3908 καὶ
2651 3856 2751 3927 τῆς
2786 3855 3058 3927 προτέρας
3086 3854 3266 3907 αὐτῶν
3295 3855 3605 3927 μοχθηρίας
3631 3846 3839 3919 ἀπεργά-

2291 3943 2511 4009 ζεσθαι’
2547 3944 2779 4000 τοιοῦτοι
2820 3946 2877 3999 δὲ
2914 3947 3007 4000 καὶ
3030 3947 3081 3999 οἱ
3111 3946 3248 4017 πρὸς
3277 3946 3466 4000 αὐτῶν
3509 3938 3837 4017 μαθητευόμε-

2289 4055 2392 4105 νοι,
2426 4037 2657 4111 καθαροὶ
2706 4041 2802 4093 καὶ
2848 4041 3060 4110 γνήσιοι
3105 4039 3205 4103 τὰς
3252 4038 3552 4103 διαθέσεις,
3593 4036 3665 4099 ὡς
3707 4029 3837 4104 μηδὲν

2292 4127 2521 4183 ὓπουλον
2564 4131 2622 4183 ἐν
2670 4131 2851 4194 αὐτοῖς
2886 4129 3191 4195 λανθάνειν,
3224 4126 3650 4200 ὲνσεμνύνεσθαι
3679 4122 3730 4175 δὲ
3765 4117 3835 4172 καὶ

2290 4222 2762 4294 παρρησιάζεσθαι
2794 4223 2887 4276 ἐπὶ
2918 4225 2983 4293 τῇ
3015 4222 3124 4274 τῶν
3149 4223 3479 4293 κρειττόνων
3506 4218 3611 4274 ἀπὸ
3633 4214 3731 4270 τῶν
3755 4224 3836 4284 χει·

2291 4313 2462 4384 ρόνων
2507 4313 2795 4385 μεταϐολῇ.
2847 4316 2910 4367 Οἱ
2958 4313 3020 4384 δὴ
3072 4309 3166 4367 οὖν
3214 4315 3351 4385 πυρὶ
3402 4311 3725 4385 παραδόντες
3758 4302 3834 4359 τὰς

2295 4404 2540 4475 μαγικὰς
2584 4405 2819 4476 βίϐλους,
2855 4406 2948 4460 καὶ
2982 4406 3219 4477 παντελῆ
3252 4406 3463 4479 φθορὰν
3502 4401 3675 4459 αὐτῶν
3700 4397 3836 4467 411;:-

2294 4498 2543 4569 σάμενοι,
2578 4499 2695 4563 πῶς
2734 4500 2835 4553 οὐκ
2880 4499 2948 4553 ἂν
2993 4496 3103 4553 εἶεν
3138 4498 3395 4571 πρόδηλοι
3429 4500 3541 4561 τοῖς
3569 4495 3739 4547 πᾶσιν.
3772 4486 3833 4537 ὅτι

2294 4592 2565 4663 μηδεμίαν
2628 4591 2801 4663 ἔχοιεν
2856 4591 2949 4645 τοῦ
2992 4590 3180 4646 λοιποῦ
3227 4592 3358 4664 περὶ
3401 4587 3649 4662 γοητείαν
3701 4592 3835 4633 σπου·

2289 4686 2406 4759 δὴν,
2461 4685 2691 4758 καθαροὶ
2734 4687 2791 4740 δὲ
2833 4686 2892 4754 ἐξ
2951 4686 3162 4741 ἐκείνου
3208 4687 3390 4757 πάσης
3422 4686 3521 4754 τῆς
3576 4676 3697 4750 περὶ
3738 4669 3836 4724 τοῦ·

2289 4797 2384 4833 του
2433 4780 2686 4844 ὑπονοίας
2728 4780 3061 4850 ἐτύγχανον;
3111 4780 3239 4834 Ὅτε
3298 4779 3479 4833 τοίνυν
3538 4775 3586 4828 οἱ
3634 4762 3835 4842 μαθηταὶ

2290 4870 2383 4924 τοῦ
2431 4870 2683 4943 Σωτῆρος
2744 4870 2899 4942 ἡμῶν
2950 4872 3223 4941 πεφήνασι
3274 4867 3558 4937 γεγονότες
3606 4854 3832 4915 τοιούτου.

2290 4961 2408 5026 πῶς
2447 4962 2508 5015 ού
2555 4962 2689 5015 πολὺ
2729 4962 2994 5033 πρότερον
3045 4964 3075 5014 ό
3119 4960 3488 5024 Διδάσκαλος;
3536 4958 3598 5009 Εἰ
3628 4952 3681 5007 δὲ
3721 4948 3833 5001 ὅλως

610 5052 762 5108 omni
813 5050 1084 5119 ejusmodi
1114 5049 1434 5121 suspicione
1491 5052 1773 5107 remotos?
1802 5051 1859 5106 Si
1891 5068 2021 5125 ergo
2068 5055 2182 5125 jam

2293 5055 2398 5108 ἀπὸ
2449 5054 2559 5109 τῶν
2606 5055 2896 5125 γνωρίμων
2942 5055 3034 5108 τὸν
3067 5054 3397 5125 προστάτην,
3427 5048 3606 5112 ὁποῖός
3662 5058 3736 5105 τις
3762 5033 3832 5107 ἦν·

609 5152 828 5199 constat
882 5142 1181 5198 Salvatoris
1240 5143 1416 5198 nostri
1465 5142 1769 5213 discipulos
1822 5147 1960 5202 tales
2016 5150 2185 5205 exsti-

610 5235 768 5298 tisse,
827 5250 927 5290 cur
984 5250 1095 5289 non
1145 5235 1261 5306 ipse
1314 5234 1622 5305 Praeceptor
1666 5236 1767 5293 fuit
1814 5239 1986 5294 multo
2021 5241 2187 5295 ante?

615 5326 778 5398 129
806 5327 961 5394 Quod
1014 5328 1060 5384 si
1103 5326 1170 5383 de
1212 5327 1499 5399 discipulis
1528 5330 1743 5398 qualem
1796 5340 2187 5402 pra’ceptorem

611 5418 905 5474 habuerint
930 5420 1014 5476 vis
1048 5438 1403 5493 cognoscere,
1448 5423 1616 5477 babes
1660 5422 1824 5477 hodie
1852 5438 2069 5494 quoque
2098 5424 2186 5478 in-

613 5512 982 5568 numerabiles
1014 5514 1302 5570 verborum
1331 5512 1462 5569 Jesu
1511 5513 1835 5583 discipulos,
1869 5530 1937 5569 ex
1985 5516 2185 5585 quibus

614 5601 836 5673 plurimi
870 5604 1109 5659 virorum
1135 5619 1438 5662 conventus
1462 5607 1754 5673 exsistunt,
1778 5607 1872 5677 qui
1907 5616 2019 5661 tum
2053 5623 2185 5662 con-

618 5702 704 5749 tra
740 5695 1016 5752 naturales
1044 5702 1290 5770 corporis
1320 5702 1626 5771 voluptates
1654 5700 1813 5770 quasi
1843 5700 1897 5754 in
1921 5701 2035 5755 acie
2062 5715 2189 5756 con-

683 5851 736 5939 1'
753 5851 875 5910 Act.
905 5868 1021 5923 xxx,
1056 5853 1140 5910 l9.

2293 5148 2467 5220 βούλει
2518 5145 2918 5215 διαγινώσκειν,
2982 5149 3125 5218 ἔχεις
3174 5146 3266 5200 τοῦ
3325 5144 3496 5216 Ἰησοῦ
3544 5140 3648 5195 τῶν
3689 5133 3832 5198 λόγων

2297 5238 2540 5312 μαθητὰς
2573 5239 2739 5292 εἰσέτι
2771 5238 2864 5292 νῦν
2901 5239 3145 5311 μυρίους,
3179 5231 3253 5290 ὧν
3286 5239 3510 5292 πλεῖστα
3541 5234 3635 5306 μὲν
3661 5220 3834 5294 ἀνδρὡν

2293 5333 2569 5403 τυγχάνει,
2636 5330 2815 5402 πλήθη
2880 5329 3347 5403 παραταξαμένων
3414 5332 3508 5403 μὲν
3577 5324 3705 5397 πρὸς
3756 5313 3832 5370 τάἕ

2294 5425 2526 5494 φυσικὰς
2575 5425 2671 5479 τοῦ
2720 5425 2969 5496 σώματος
3019 5425 3232 5495 ἡδονὰς,
3281 5428 3518 5499 ἄτρωτον
3562 5422 3613 5475 δὲ
3644 5414 3730 5471 καὶ
3754 5407 3834 5474 τὴν

2292 5520 2526 5574 διάνοιαν
2560 5520 2755 5584 παντὸς
2788 5521 3012 5592 αἰσχροῦ
3048 5520 3253 5585 πάθους
3285 5518 3645 5590 φυλαξάντων.
3675 5507 3736 5570 οἳ,
3756 5500 3830 5556 καὶ

2290 5610 2382 5664 τὸν
2415 5612 2592 5664 πάντα
2638 5610 2750 5680 βίον
2798 5614 2857 5665 ὲν
2906 5612 3201 5685 ἐγκρατείᾳ
3246 5610 3725 5681 καταγηράσαντες,
3753 5592 3831 5658 τῆς

2292 5704 2356 5756 ἐκ
2387 5702 2493 5757 τῶν
2524 5703 2695 5773 λόγων
2719 5705 2884 5760 αὐτοῦ
2933 5705 3139 5777 τροφῆς
3170 5705 3397 5777 λαμπρά
3426 5700 3683 5773 τεκμήρια
3711 5698 3827 5755 παρ’
