3954 6506
126 399 219 457 229

1006 398 1653 456 DEMONSTBATIONIS
1686 399 2141 459 ΕνΑΝςΕιιοιΕ
2182 407 2308 462 LIB.
2352 410 2442 463 Ill.

3247 421 3354 478 259

120 516 417 587 εστήσαντο.
476 514 559 567 Οὐ
621 514 771 585 μόνον
802 513 857 566 δὲ
894 511 1082 582 ἄνδρες
1121 514 1267 585 παρὰ
1300 514 1446 585 αὐτῷ
1499 514 1659 567 τοῦτο

1757 569 1758 574 η
1791 514 2007 579 sistant,
2047 526 2160 572 tum
2206 531 2437 576 mentem
2483 524 2554 578 ab
2583 526 2731 579 omni
2763 528 2942 584 minus
2970 530 3199 588 honesta
3230 550 3351 603 per-

119 602 454 675 φιλοσοφοῦσι
503 605 610 658 τὸν
648 605 876 675 τρόπον,
941 602 1073 656 ἀλλὰ
1123 606 1217 657 καὶ
1268 605 1537 673 γυναικῶν
1583 604 1688 657 οὐδ⁹

116 700 245 750 ἐστιν
275 698 456 747 εἰπεῖν
480 697 617 748 ὅσαι
640 694 891 766 μυριάδες
913 695 1032 748 καθ’
1065 696 1190 767 ὅλης
1221 697 1317 767 τῆς
1350 698 1686 767 οἰκουμένης,

114 783 187 841 οἷά
230 802 373 847 τινες
430 786 643 855 ἱέρειαι
674 786 766 837 τοῦ
797 786 903 838 τῶν
936 786 1070 839 ὅλων
1102 786 1257 849 Θεοῦ,
1304 786 1401 857 τὴν
1434 788 1689 840 ἀνωτάτω

115 882 283 947 casia»
309 879 739 949 ἁσπασάμεναι,
773 879 1019 950 οὐρανίου
1053 896 1112 932 τε
1148 879 1336 947 σοφίας
1382 880 1543 951 ἔρωτι
1588 881 1685 953 λη·-

114 971 325 1039 ςθείσαι,
360 968 479 1020 τῶν
536 970 640 1039 μὲν
675 970 872 1040 σαρκὸς
906 970 1138 1038 ἐγγόνων
1168 970 1459 1042 ἠλύγησανν
1511 972 1686 1042 ψυχῆς

112 1064 158 1115 δὲ
188 1065 357 1115 πᾶσαν
391 1062 725 1131 ἐπιμέλειαν
756 1065 1123 1133 πεποιηκυῖαι,
1169 1063 1296 1126 ὅλας
1339 1063 1506 1127 αὑτὰς
1540 1064 1684 1134 αὐτῷ

117 1155 297 1225 σώματι
330 1154 430 1206 καὶ
464 1154 622 1223 ψυχῇ
658 1153 734 1223 τῷ
767 1153 1098 1223 παμϐασιλεῖ
1127 1156 1219 1207 καὶ
1264 1154 1381 1225 Θεῷ
1412 1154 1519 1208 τῶν
1550 1156 1683 1208 ὅλων

115 1243 534 1305 ἀνατεθείκασιν,
574 1244 793 1311 ἁγνείαν
818 1245 1052 1315 παντελῆ
1079 1247 1171 1297 καὶ
1192 1246 1488 1316 παρθενίαν
1510 1248 1681 1318 ἀσκή-

115 1333 299 1384 ειτθαι.
353 1332 506 1385 Ἕνα
554 1333 655 1403 μὲν
701 1329 791 1385 οὖν
841 1334 1132 1403 μηλοϐότον
1182 1337 1541 1391 καταλιπόντα
1584 1338 1680 1409 τὴν

117 1425 277 1476 ἑαντοῦ
312 1426 509 1496 χώραν
548 1426 821 1495 προφάσει
856 1428 1167 1497 φιλοσοςρίας
1195 1430 1412 1498 ἄγουσιν
1450 1425 1548 1484 ὧδε
1582 1433 1678 1484 κά-

116 1518 234 1565 κεῖεε
280 1514 694 1583 περιφέροντες
754 1514 1015 1585 Ἑλλήνων
1076 1518 1278 1581 παῖδες
1343 1520 1677 1591 Δημόκριτος

114 1606 264 1666 αὐτοῖς
294 1599 455 1668 οὗτος
490 1601 589 1675 ἦν·
626 1608 721 1659 καὶ
754 1608 975 1679 Κράτης
1018 1604 1097 1672 εἷς
1142 1612 1272 1680 παρ’
1322 1612 1501 1675 αὐτοῖς
1550 1612 1677 1666 Θαυ-

112 1695 333 1760 μᾶζεται,
369 1696 459 1745 ὅτι
498 1695 593 1766 δὴ,
644 1696 742 1767 τὴν
788 1698 973 1750 οὐσίαν
1017 1699 1327 1753 καταλιπὼν
1370 1704 1480 1765 τοῖς
1523 1703 1673 1756 πολί-

110 1801 223 1846 ταις,
238 1786 393 1848 αὐτὸς
428 1788 655 1851 ἑαυτὸν,
679 1789 899 1859 Κράτης
920 1790 1200 1862 Κράτητα,
1220 1791 1507 1865 ἠλευθέρου
1542 1812 1674 1864 κομ-

106 1875 291 1938 πάξωψ
334 1882 384 1933 οξ
429 1883 495 1935 δὲ
538 1882 653 1935 τῶν
692 1884 865 1955 Ἰησοῦ
899 1884 1068 1952 λόγων
1102 1886 1337 1957 ζηλωταὶ
1372 1889 1549 1959 μυρίοι
1580 1890 1671 1944 τὸν

111 1967 329 2037 ἀριθμὸν,
365 1969 487 2022 ἀλλ’
525 1973 632 2042 οὐχ
664 1968 743 2036 εἷς
775 1974 892 2026 οὐδὲ
923 1973 1034 2039 δύο,
1068 1975 1166 2043 τὰς
1198 1978 1417 2047 κτήσεις
1448 1980 1671 2032 ἀποπω-

110 2059 355 2129 λήσαντες,
393 2062 610 2133 πένησι
643 2065 737 2117 καὶ
758 2066 957 2118 ἐνδεέσι
991 2066 1436 2138 μεταδεδώκασιν,
1472 2064 1546 2124 ὧν
1577 2073 1670 2125 κα)⁸

110 2150 235 2201 αὐτοὶ
260 2152 617 2223 τυγχάνομεν
653 2154 944 2227 μάρτυρες,
981 2158 1360 2228 συγγενόμενοι⁹
1388 2161 1662 2227 τοιούτοις,

110 2240 184 2290 καὶ
222 2241 400 2304 αὐτοῖς
449 2243 667 2314 ἔργοις,
722 2245 835 2298 ἀλλ’
882 2246 940 2299 οὐ
975 2246 1154 2314 λόγοις
1197 2248 1374 2318 μόνοις
1420 2253 1518 2320 τῆς
1570 2254 1665 2306 τοῦ

119 2332 265 2401 Ἰησοῦ
312 2333 629 2405 μαθητείας
687 2338 983 2401 συνιδόντες
1023 2338 1090 2391 τὰ
1140 2341 1551 2413 κατορθώματα.
1602 2346 1665 2399 Τί

111 2424 193 2493 χρὴ
235 2425 431 2493 λέγειν,
469 2429 679 2482 ὁπόσαι
729 2430 981 2501 μυριάδες
1013 2432 1105 2484 καὶ
1150 2432 1325 2486 αὐτῶν
1359 2434 1662 2507 βαρϐάρων,

106 2517 206 2585 οὐχὶ
229 2517 281 2569 δὲ
316 2518 479 2588 μόνον
522 2520 816 2590 Ἐλλήνων,
854 2522 1042 2576 ἐκτῶν
1082 2523 1251 2593 Ἰησοῦ
1285 2524 1455 2593 λόγων
1487 2530 1664 2583 πᾶσαν

112 2608 192 2675 μὲν
230 2610 621 2681 ὑπερεκκύψαι
656 2612 911 2666 πολύθεον
956 2613 1183 2685 πλάνην,
1216 2617 1305 2669 τὸν
1347 2617 1404 2670 δὲ
1437 2618 1663 2691 Σωτῆρα

108 2701 185 2751 καὶ
210 2700 550 2773 δημιουργὸν
580 2704 730 2757 τοῦδε
753 2704 845 2757 τοῦ
868 2708 1083 2773 παντὸς,
1117 2709 1273 2778 μόνον
1306 2710 1498 2765 εἰδέναι
1530 2712 1660 2767 Θεὸν

112 2790 502 2864 ὲμαρτῦρησαν;
548 2794 605 2847 ὂν
636 2795 802 2849 πάλαι
835 2795 1133 2865 φιλοσόφων
1165 2795 1245 2862 εἷς
1279 2800 1434 2870 μόνος
1461 2804 1488 2854 ὁ
1520 2802 1661 2855 Πλά-

110 2896 194 2933 των
220 2883 389 2948 εἰδὼς,
444 2889 542 2951 εἰς
573 2887 781 2951 πάντας
827 2888 1075 2958 ἐκφέρειν
1119 2889 1385 2960 ὡμολόγει
1420 2892 1493 2963 μὴ
1539 2892 1659 2945 τολ-

115 2977 215 3043 μᾷν,
259 2977 562 3051 διαρρήδην
609 2981 847 3050 φάσκων·
873 3002 890 3034 ι
916 2983 1016 3036 Τὸν
1051 2985 1147 3054 μὲν
1189 2980 1281 3037 οὖν
1314 2986 1522 3056 πατέρα
1564 2987 1657 3039 καὶ

112 3064 398 3139 δημιουργὸν
440 3070 606 3124 τοῦδε
651 3072 742 3125 τοῦ
791 3074 985 3137 παντὸς
1031 3077 1209 3146 εὑρεῖν
1248 3094 1306 3129 τε
1350 3076 1529 3148 ἔργον,
1564 3079 1656 3131 καὶ

1793 608 2103 665 turbatione
2151 613 2538 670 invulneratam
2571 629 2922 687 conservent;
2953 624 3042 692 qui
3067 640 3188 679 cum
3231 644 3348 681 om-

1790 716 1911 755 nem
1944 718 2097 757 suam
2126 708 2289 761 vitam
2325 724 2497 778 usque
2532 710 2597 764 ad
2627 722 2956 768 senectutem
2988 718 3348 775 continentis-

1788 794 1925 847 sime
1950 797 2181 865 egeriut,
2211 798 2569 856 institutionis
2601 819 2719 871 qua}
2748 804 2815 858 de
2856 807 3036 861 verbis
3070 808 3215 863 illius
3245 812 3345 864 lia-

1788 882 1902 937 beri
1925 888 2114 948 soleat,
2141 890 2441 945 certissima
2472 905 2782 962 argumenta
2807 907 3066 967 praestare
3090 910 3340 968 possunt.

1785 972 1969 1044 Neque
2009 979 2109 1031 viri
2164 982 2339 1036 solum
2382 986 2482 1037 sub
2522 986 2612 1038 illo
2646 989 2784 1042 duce
2833 990 2898 1043 ad
2931 990 3074 1046 hunc
3118 995 3340 1048 modum

1784 1068 2252 1139 philosophantur,
2296 1076 2389 1129 sed
2440 1077 2759 1133 feminarum
2801 1098 3015 1152 quoque
3050 1091 3127 1139 t0t
3170 1087 3339 1142 millia

1783 1174 1880 1227 per
1909 1169 2079 1215 totum
2110 1165 2317 1229 orbem,
2366 1176 2424 1221 ut
2457 1185 2617 1238 quam
2649 1173 2816 1225 multa
2852 1175 2960 1228 sint
3004 1190 3111 1229 non
3149 1176 3340 1243 dicen-
3414 1190 3423 1197 ‘

1781 1250 1908 1304 dum
1938 1269 2058 1309 esse
2090 1255 2356 1321 videatur,
2386 1274 2506 1328 qua:
2551 1262 2707 1329 quasi
2750 1264 2993 1332 quaedam
3026 1267 3336 1326 sacerdotes

1779 1342 1947 1398 Deum
1969 1346 2205 1402 universi
2230 1350 2489 1417 colentes,
2506 1357 3333 1428 supremamque-philosophiam

1777 1434 2056 1502 amplexaz,
2108 1445 2270 1505 atque
2321 1453 2505 1493 amore
2547 1443 2785 1497 caelestis
2830 1447 3107 1513 sapientia:
3140 1461 3329 1518 captae,

1775 1520 1942 1588 prolis
1975 1522 2193 1589 quidem
2236 1540 2299 1579 ac
2344 1526 2660 1594 liberorum,
2707 1540 2889 1601 utpote
2918 1537 3010 1604 qui
3036 1537 3101 1591 ad
3135 1555 3331 1608 corpus

1774 1610 2101 1677 pertineant,
2138 1615 2339 1670 nullam
2378 1616 2579 1674 habent
2622 1623 2905 1689 rationem,
2937 1628 3170 1682 animam
3203 1647 3332 1686 vero

1774 1701 1919 1753 omni
1941 1702 2220 1773 diligentia
2247 1720 2518 1772 curantes,
2546 1719 2688 1766 totas
2718 1715 2926 1785 seipsas
2953 1718 3070 1787 ipso
3102 1735 3331 1790 corpore

1774 1798 1936 1860 atque
1957 1793 2157 1857 animo,
2193 1797 2304 1866 regi
2336 1801 2576 1853 omnium
2609 1805 2952 1875 universique
2982 1807 3089 1863 Deo
3111 1809 3327 1867 dedica-

1703 1867 1744 1921 Β
1775 1893 1926 1950 runt,
1958 1892 2016 1938 ut
2050 1887 2129 1940 sic
2165 1888 2374 1959 integra
2406 1902 2769 1966 perpetuaque
2798 1901 3047 1957 castitate
3074 1918 3137 1957 ac
3166 1906 3326 1975 virgi-

1769 1975 1934 2029 nitate
1962 1976 2275 2047 fungantur.
2318 1982 2379 2036 Et
2409 1982 2579 2039 Graeci
2630 1989 2845 2057 quidem
2888 2007 3013 2046 eum
3055 1997 3149 2065 qui
3195 1998 3324 2051 olim

1762 2067 2061 2136 jactatione
2094 2073 2448 2145 philosophia:
2480 2080 2752 2148 regionem
2792 2100 2946 2139 suam
2977 2087 3046 2141 ab
3074 2090 3324 2145 hostibus

1766 2159 2144 2230 depopulatam
2178 2173 2338 2236 atque
2390 2181 2652 2227 vastatam
2703 2178 2935 2247 reliquit,
2986 2183 3164 2237 verbis
3214 2184 3322 2239 huc

1766 2259 1925 2321 atque
1954 2255 2081 2309 illuc
2108 2258 2501 2317 circumferunt
2527 2276 2686 2335 atque
2714 2272 2996 2327 extollunt.
3045 2273 3321 2331 Democri-

1766 2350 1856 2396 tus
1895 2344 1984 2398 hic
2016 2355 2099 2401 est
2133 2349 2272 2417 apud
2300 2351 2442 2416 illos,
2474 2362 2526 2408 et
2550 2356 2738 2414 Crates
2764 2376 2904 2416 unus
2927 2365 3065 2433 apud
3098 2365 3315 2422 eosdem

1764 2432 2123 2490 admiratione
2153 2436 2348 2505 dignus
2376 2450 2617 2510 putatur,
2653 2448 2815 2515 quod,
2853 2465 2912 2504 re
2942 2432 3037 2505 sua
3061 2452 3315 2511 familiari

1762 2519 1973 2577 civibus
2019 2525 2135 2579 suis
2169 2528 2377 2593 relicta,
2419 2530 2536 2600 ipse
2562 2534 2799 2603 seipsum
2827 2538 3015 2595 Crates
3043 2542 3313 2599 Cratetem

1761 2610 1817 2665 in
1854 2612 2157 2670 libertatem
2188 2618 2492 2677 vindicasse
2518 2623 2821 2693 jactaverit.
2846 2629 2915 2683 At
2942 2633 3082 2686 enim
3121 2635 3313 2691 verbo-

1760 2717 1882 2757 rum
1928 2704 2056 2761 Jesu
2095 2712 2437 2768 aemulatores
2494 2716 2939 2786 innumerabiles,
2976 2739 3085 2778 non
3132 2736 3313 2783 autem

1759 2813 1901 2853 unus
1925 2799 2186 2856 duntaxat
2216 2804 2435 2873 alterve,
2467 2806 2763 2865 divenditas
2785 2816 3158 2881 possessiones
3179 2833 3315 2888 pau-

1758 2892 1977 2959 peribus
2022 2902 2182 2964 atque
2226 2895 2592 2967 indigentibus
2645 2902 3071 2974 impertiverunt,
3112 2908 3313 2978 quibus

1755 2980 1915 3033 etiam
1956 2996 2056 3037 nos
2086 2990 2254 3038 testes
2295 2985 2577 3050 adsumus,
2604 2990 2697 3059 qui
2725 2991 2922 3046 versati
2957 3009 3144 3048 sumus
3185 3010 3307 3050 cum

1754 3072 1975 3138 talibus,
2006 3074 2206 3145 quique
2233 3076 2413 3143 factis,
2442 3079 2639 3136 nedum
2672 3083 2869 3147 verbis,
2894 3100 3080 3140 eorum
3107 3085 3307 3142 omcio-

114 3156 303 3226 εὑρόντα
334 3164 414 3224 είς
448 3163 670 3228 πάντας
692 3163 946 3218 ἀδύνατον
979 3165 1173 3234 λέγειν.
1215 3186 1235 3219 ι
1274 3168 1429 3221 Ἀλλὰ
1464 3170 1653 3241 ἐκείνῳ

1757 3176 1877 3216 rum
1898 3161 2025 3217 facti
2047 3168 2273 3233 conscii,
2296 3184 2416 3237 qua:
2448 3170 2524 3223 illi
2554 3172 2607 3224 in
2632 3169 2760 3228 Jesu
2789 3173 3074 3245 disciplina
3097 3178 3308 3246 praesti-

116 3248 192 3315 μὲν
218 3252 301 3303 καὶ
331 3252 493 3323 ἔργον
535 3256 713 3325 εὑρεῖν
753 3256 925 3310 ἐδόκει
957 3258 1018 3310 τὸ
1060 3260 1308 3330 πρᾶγμα,
1356 3260 1450 3315 καὶ
1481 3257 1548 3333 ἦν
1577 3263 1653 3326 ὡς

116 3338 291 3409 ἀληθῶς
324 3345 593 3414 μέγιστον
618 3363 633 3377 ⁸
668 3348 927 3402 ἀδύνατον
965 3350 1021 3403 δὲ
1052 3348 1120 3421 ἦν
1151 3352 1297 3422 αὐτῷ
1350 3353 1523 3422 λέγειν
1573 3357 1652 3419 είς

116 3426 300 3490 πάντας,
328 3432 408 3484 ὅτι
446 3433 533 3504 μὴ
565 3437 742 3505 παρῆν
788 3436 935 3507 αὐτῷ
978 3437 1210 3509 τοσαύτη
1248 3458 1330 3503 τις
1373 3442 1650 3508 εὐσεϐείας

116 3514 318 3587 δύναμις,
351 3524 449 3595 ὅση
482 3528 605 3588 τοῖς
637 3527 808 3597 Ἰησοῦ
880 3528 1164 3598 μαθηταῖς,
1199 3524 1278 3593 οἷς
1308 3530 1395 3583 διὰ
1427 3533 1525 3602 τῆς
1557 3533 1649 3586 τοῦ

115 3608 397 3666 Διδασκάλου
451 3617 745 3687 συνεργίας
801 3618 891 3671 τὸν
930 3621 1140 3691 πατέρα
1190 3622 1284 3675 καὶ
1326 3622 1650 3695 δημιουργὸν

116 3698 199 3751 τῶν
224 3702 343 3758 ὅλων
374 3708 566 3778 εὑρεῖν
598 3725 655 3760 τε
688 3710 783 3762 καὶ
832 3709 1032 3777 γνῶναι
1079 3712 1258 3782 ῥᾴδιον
1301 3713 1510 3782 γέγονε,
1558 3718 1651 3771 καὶ

117 3791 326 3861 εὑροῦσιν
353 3801 431 3861 εἰς
455 3801 573 3853 πᾶν
594 3800 747 3868 γένος
768 3800 1067 3871 ἀνθρώπων
1098 3801 1420 3872 ἐξενεγκεῖν,
1454 3807 1650 3860 ἀνακα-

118 3881 245 3951 bibat
286 3906 341 3941 τε
386 3892 483 3943 καὶ
534 3893 837 3963 πληρῶσαι,
886 3896 980 3948 καὶ
1040 3894 1271 3965 κηρύξαι
1324 3895 1420 3966 τὴν
1451 3898 1647 3965 γνῶσιν

120 3977 266 4036 πᾶσιν,
296 3978 427 4034 ὥστε
462 3985 536 4035 ὲκ
566 3983 662 4052 τῆς
695 3985 871 4037 αὐτῶν
904 3986 1124 4039 ἐκείνων
1168 3985 1508 4051 διδασκαλίας
1534 3992 1647 4043 είσ-

116 4062 179 4115 ἑτι
213 4067 293 4121 νῦν
331 4072 472 4126 κατὰ.
521 4074 612 4126 τὸν
659 4077 900 4146 παρόντα
943 4078 1135 4149 καιρὸν
1157 4080 1215 4130 ὲν
1244 4077 1382 4140 ὅλοις
1413 4082 1522 4143 τοῖς
1555 4083 1645 4135 ἐπὶ

123 4159 201 4227 γῆς
218 4162 371 4216 ἔθνεσι
407 4166 582 4237 μυρία
614 4166 787 4238 πλήθη
821 4169 881 4221 οὐ
927 4170 1081 4239 μόνον
1127 4170 1352 4242 ἀνδρῶν,
1385 4172 1518 4228 ἀλλὰ
1551 4176 1645 4228 καὶ

122 4255 365 4321 γυναικών,
398 4259 501 4311 καὶ
535 4258 759 4325 παίδων,
785 4259 1005 4313 οἰκετῶν
1035 4278 1093 4313 τε
1119 4262 1212 4314 καὶ
1244 4265 1532 4335 ἀγροίκων,
1557 4284 1644 4319 το-

125 4342 271 4397 σοῦτον
296 4348 368 4417 τῷ
396 4348 498 4403 τοῦ
530 4350 813 4414 Πλάτωνος
941 4352 1239 4420 πείθεσθαι,
1272 4356 1348 4420 ὼς
1378 4358 1468 4411 τὸν
1496 4376 1643 4431 ποιη-

119 4432 191 4502 τὴν
233 4441 315 4492 καὶ
358 4442 690 4514 δημιουργὸν
732 4444 881 4497 τοῦδε
922 4445 1014 4499 τοῦ
1057 4449 1253 4513 παντὸς
1297 4450 1452 4519 μόνον
1510 4453 1639 4506 Θεὸν

122 4529 373 4597 γνωρίζειν,
396 4534 496 4586 καὶ
529 4534 684 4604 μόνον
717 4536 913 4599 σέϐειν,
948 4538 1041 4590 καὶ
1072 4539 1229 4609 μόνον
1260 4541 1347 4594 διὰ
1378 4541 1471 4595 τοῦ
1505 4542 1637 4614 Χρι-

124 4617 217 4669 στοῦ
255 4620 531 4693 θεολογεῖν.
583 4625 745 4679 Ταῦτ’
786 4622 854 4698 ἦν
885 4628 977 4681 τοῦ
1012 4629 1131 4682 νέου
1165 4632 1257 4685 καὶ
1289 4634 1470 4687 καινοῦ
1507 4636 1636 4706 γόη-

124 4721 189 4769 τος
213 4711 269 4763 τὰ
297 4715 709 4787 κατορθώματα·
743 4718 964 4772 τοιαῦτα
995 4720 1087 4773 τοῦ
1121 4721 1468 4794 νομιζομένου
1502 4726 1633 4779 πλά-

123 4813 191 4850 νου
211 4803 267 4856 τὰ
294 4808 655 4879 γοητεύματα⁹
692 4809 786 4863 καὶ
817 4811 1004 4864 τοιοίδε
1041 4815 1087 4864 οἱ
1120 4813 1213 4866 τοῦ
1252 4815 1423 4886 Ἰησοῦ
1463 4817 1633 4888 μαθη-

126 4893 203 4947 ταὶ.
216 4896 290 4965 ἀφ’
304 4892 373 4953 ὧν
386 4901 471 4954 δεῖ
482 4902 571 4955 τὸν
585 4902 901 4955 διδάσκαλον
916 4904 1113 4967 ὁποῖός,
1128 4921 1208 4967 τις
1229 4901 1296 4976 ἦν
1309 4954 1314 4965 ,
1329 4907 1628 4979 γνωρίζειν.

1755 3254 1936 3308 terint.
1957 3255 2223 3311 Craterum
2253 3258 2381 3327 quid
2401 3275 2483 3315 me
2504 3269 2714 3330 oportet
2733 3262 2932 3328 dicere,
2953 3281 3115 3335 quam
3135 3268 3306 3323 multa

1751 3345 1920 3400 millia
1944 3347 2104 3402 etiam
2129 3348 2409 3404 hominum
2434 3351 2804 3421 barbarorum,
2835 3371 2942 3410 non
2969 3357 3128 3412 modo
3155 3358 3304 3413 Grae-

1751 3451 1959 3502 corum,
1992 3454 2057 3493 ex
2102 3441 2385 3510 praeceptis
2418 3440 2547 3497 Jesu
2592 3460 2804 3499 omnem
2848 3448 3059 3502 colendi
3102 3451 3304 3508 multos

1750 3527 1879 3584 deos
1906 3544 2147 3585 errorem
2175 3533 2535 3587 transilicrint
2552 3543 2711 3604 atque
2734 3536 3099 3605 despexerint,
3126 3550 3178 3594 et
3201 3540 3306 3596 hu-

1744 3619 1836 3689 jus
1870 3622 2108 3686 universi
2138 3633 2413 3692 parentem
2450 3635 2607 3696 atque
2634 3628 2879 3697 opiﬁcem
2919 3628 3088 3684 Deum
3132 3648 3301 3686 unum

1749 3727 1808 3768 se
1833 3728 2125 3783 agnoscere
2138 3714 2519 3771 alﬁrmaverint
2534 3718 2557 3771 ?
2575 3717 2743 3783 Quem
2764 3722 3109 3789 antiquorum
3128 3722 3303 3790 philo-

1747 3803 2041 3873 80phorum
2067 3805 2157 3859 vix
2178 3822 2321 3863 unus
2345 3806 2498 3863 Plato
2527 3826 2647 3864 olim
2672 3812 3032 3881 cognovisset,
3063 3829 3172 3869 non
3200 3829 3302 3870 au-

1746 3892 1873 3947 dere
1904 3908 1962 3949 se
1993 3893 2184 3950 efferre
2209 3896 2263 3949 in
2288 3912 2474 3952 omnes
2499 3899 2673 3968 palam
2697 3899 2976 3971 professus
3002 3912 3105 3967 est,
3141 3904 3300 3974 plane

1748 3984 2042 4047 allirmans,
2082 4005 2100 4036 ‹
2142 3996 2415 4056 parentem
2452 3991 2667 4059 quidem
2706 4000 2866 4061 atque
2897 3994 3144 4063 Opiﬁcem
3175 3995 3298 4051 uni-

1743 4076 1886 4131 versi
1901 4076 2081 4148 hujus,
2093 4086 2144 4132 et
2159 4079 2397 4134 invenire
2412 4081 2624 4135 dilﬁcile
2638 4098 2776 4144 esse,
2794 4094 2983 4138 etcum
3000 4085 3292 4152 inveneris,

1744 4171 1896 4240 prodi
1913 4171 1966 4224 in
1987 4174 2177 4242 vulgus
2189 4188 2295 4227 non
2314 4188 2493 4243 posse.
2506 4191 2523 4223 ›
2535 4174 2734 4231 Verum
2760 4177 2831 4231 illi
2857 4179 3069 4248 quidem
3083 4182 3297 4237 etinveo

1742 4262 1860 4315 nire
1886 4261 2115 4317 dilIicilis
2132 4264 2248 4318 visa
2276 4272 2358 4318 est
2379 4279 2465 4318 res
2496 4271 2549 4318 et
2592 4281 2778 4320 revera
2808 4268 2995 4338 ingens
3023 4274 3292 4339 negotium

1741 4365 1844 4411 est.
1862 4356 1929 4411 At
1965 4371 2094 4411 vero
2138 4356 2278 4412 idem
2307 4358 2581 4426 publicare
2604 4359 2657 4411 in
2676 4372 2883 4423 omnes,
2906 4362 3295 4432 enuntiarequc

1746 4451 1900 4522 130
1910 4466 2017 4506 non
2035 4453 2227 4520 potuit,
2243 4458 2527 4519 propterea
2544 4451 2686 4521 quod
2704 4468 2809 4531 non
2825 4460 2975 4507 tanta
2993 4454 3067 4507 illi
3081 4456 3294 4525 pietatis

1666 4522 1712 4579 D
1738 4559 1865 4614 erga
1888 4543 2053 4598 Deum
2082 4544 2164 4598 vis
2183 4544 2389 4607 aderat,
2406 4552 2604 4614 quanta
2619 4525 2745 4599 Jesu
2765 4545 3066 4615 discipulis,
3081 4522 3294 4618 quibus

1739 4649 1841 4704 ope
1882 4634 2189 4704 auxilioque
2215 4634 2559 4704 praeceptoris
2579 4675 2592 4698 ,
2623 4643 2899 4704 parentem
2939 4637 3293 4705 opiﬁcemque

1739 4725 2063 4789 universi,et
2095 4726 2355 4790 invenire,
2373 4735 2424 4779 et
2441 4740 2752 4796 agnoscere,
2768 4726 3108 4782 illaboratum
3134 4744 3197 4783 ac
3213 4727 3295 4783 fa-

1738 4821 1840 4875 cile
1853 4820 2075 4889 contigit
2091 4836 2106 4884 ;
2123 4826 2175 4872 et
2191 4827 2475 4888 postquam
2496 4818 2833 4883 invenerunt,
2851 4820 3012 4874 etiam
3030 4819 3215 4875 eﬂ‘erre
3235 4821 3292 4875 in

1738 4926 1898 4965 omne
1930 4924 2099 4980 genus
2132 4908 2428 4972 hominum,
2460 4905 2794 4976 prodereque
2826 4916 2878 4960 et
2924 4908 3213 4977 complere,
3240 4917 3293 4961 et

127 4983 581 5049 Publiceenuntiare
601 4994 851 5049 omnibus
872 4996 1012 5064 quod
1030 5007 1411 5065 cognoverant,
1434 5001 1566 5055 adeo
1586 5002 1823 5072 quidem,
1844 5008 1901 5054 ut
1922 5016 1986 5056 ex
2009 4999 2221 5054 illorum
2239 4998 2520 5067 disciplina
2540 5013 2711 5068 usque
2734 4999 2788 5052 in
2802 5013 3040 5067 praesens
3056 5006 3289 5067 tempus,

130 5085 200 5137 Per
225 5093 388 5140 omnes
435 5102 559 5156 quae
619 5095 745 5142 sunt
800 5087 856 5141 in
890 5087 1019 5142 orbe
1051 5096 1317 5144 terrarum
1377 5100 1585 5161 gentes,
1621 5101 1923 5149 conventus
1975 5090 2429 5153 innumerabiles,
2478 5106 2586 5144 non
2646 5089 2887 5190 virorum
2937 5091 3167 5190 s‘olum..
3197 5089 3291 5190 Β(ξά

128 5168 254 5224 etiam
300 5174 641 5245 feminarum,
680 5188 735 5235 et
789 5195 1102 5250 puerorum,
1154 5190 1208 5236 et
1252 5197 1553 5249 servorum,
1586 5194 1640 5239 et
1679 5186 1970 5256 agrestium
2022 5182 2324 5245 hominum,
2390 5189 2597 5234 tantum
2644 5181 2803 5245 absit,
2874 5187 2933 5233 ut
2959 5179 3168 5233 Platoni
3196 5180 3290 5233 ob-

131 5263 373 5330 1timpereu't
400 5279 491 5324 aut
534 5271 790 5337 credant,
822 5280 881 5326 ut
936 5279 1232 5336 auctorem,
1302 5272 1653 5344 Opiﬁcemque
1691 5273 1928 5330 universi
1960 5272 2145 5341 hujus,
2209 5271 2385 5325 solum
2428 5269 2595 5323 Deum
2636 5277 2949 5339 agnoscant,
2981 5270 3157 5324 solum
3196 5283 3293 5323 co-

135 5349 233 5414 lant,
267 5357 325 5413 de
354 5363 466 5415 solo
492 5378 589 5433 per
631 5361 931 5425 Christum,
996 5369 1057 5415 ut
1097 5362 1163 5417 de
1216 5361 1326 5417 Deo
1358 5364 1666 5434 loquantur.
1704 5366 1770 5419 lli
1801 5372 1928 5420 sunt
1960 5363 2087 5419 novi
2120 5361 2280 5429 hujus
2318 5376 2417 5462 .ac.
2447 5362 2681 5462 rec'entis
2709 5359 3117 5462 pmstigiatoris
3166 5374 3290 5462 suc-

134 5447 280 5497 cessus
311 5466 323 5499 :
352 5451 474 5504 talia
505 5452 646 5519 eius,
683 5452 775 5522 qui
841 5451 1188 5507 existimatur
1237 5454 1494 5510 seductor
1548 5458 1969 5522 incantamenta,
2035 5454 2276 5523 talesque
2316 5452 2490 5523 ipsius
2522 5450 2649 5506 Jesu
2695 5450 2969 5522 discipuli,
2998 5451 3066 5506 de
3093 5451 3289 5521 quibus

138 5535 377 5603 Pi’wceptor
405 5543 583 5611 qualis
616 5543 780 5597 fuerit
807 5545 1059 5613 cognosci
1087 5545 1301 5599 debeat.

184 5620 291 5693 Φέρε
320 5629 359 5681 δ’
390 5631 484 5696 ἔτι,
516 5649 610 5686 και
652 5632 822 5705 ταύτῃ
848 5634 938 5686 τὸν
968 5633 1122 5704 λόγον
1142 5635 1625 5709 διερευνησώμεθα.

140 5705 270 5781 Nam
292 5724 382 5793 φῂς
410 5726 588 5794 αὐτὸν,
614 5720 659 5780 ὧ
700 5718 873 5789 οὗτος·
912 5726 1045 5779 ἀλλά
1078 5729 1171 5781 καὶ
1204 5705 1494 5800 φαρμάκέάι
1521 5731 1629 5784 δει-

139 5800 203 5853 νὼ
229 5811 305 5863 καὶ
327 5814 598 5875 ἀπατεῶνα
643 5816 844 5884 καλεῖς.
901 5812 1023 5893 'Ap’
1068 5813 1159 5875 οὖν
1210 5820 1423 5894 πρῶτος
1466 5822 1626 5889 αὐτὸς

1802 5640 2068 5697 Caeterum
2099 5638 2203 5693 alia
2238 5651 2453 5708 quoque
2475 5637 2702 5697 ratione.
2736 5636 2789 5691 id
2811 5635 2879 5691 de
2900 5651 3007 5707 quo
3030 5635 3287 5707 quaeritur

1710 5733 2030 5789 videamus.
2069 5730 2522 5800 Praestigiatorem
2566 5743 2696 5783 sane
2728 5728 2879 5782 illum
2907 5728 3044 5783 dicis
3070 5726 3236 5782 fuisse
3270 5745 3280 5779 :

1730 5823 2025 5893 quinetiam
2052 5822 2354 5882 veneﬁcum
2384 5821 2792 5882 callidissimum
2835 5822 3286 5892 deceptoremque
