3954 6544
549 411 647 466 931

1203 405 1472 462 EUSEBI‘I
1517 403 2000 461 CAESARIENSIS
2037 403 2189 462 OPP.
2221 405 2422 464 PARS.
2463 405 2531 462 ll.
2569 435 2644 454 οι·-
2677 403 3172 462 APOLOGETICA.

3715 401 3836 460 εει».

549 537 734 579 vocas.
769 520 1042 592 Numquid
1079 521 1244 590 igitur
1269 517 1480 588 primus
1511 517 1602 572 ille
1627 528 1680 572 et
1718 517 1870 573 solus
1901 518 2122 586 hujusce

2231 517 2324 571 καὶ
2353 517 2510 588 μόνος
2543 518 2770 590 εὑρετὴς
2801 519 3036 590 κατέστη
3069 517 3163 572 τοῦ
3205 519 3562 590 πράγματος;
3602 517 3644 589 ἤ
3685 517 3837 571 πάν-

547 613 630 669 rel
674 612 926 666 inventor
957 610 1187 674 exstitit,
1239 623 1308 662 an
1355 621 1485 662 vero
1525 606 1595 662 de
1639 622 1810 672 more,
1855 607 1922 660 ad
1973 611 2124 678 ipsos

546 715 914 776 praeceptores
959 704 1112 757 initia
1155 701 1363 757 referre
1399 700 1654 770 oportet?
1681 699 1816 754 Nam
1874 700 1922 756 si
1973 701 2124 756 nullo

549 795 781 852 docente
825 797 940 865 ipse
985 795 1194 866 primus
1225 795 1485 864 solusque
1525 795 1776 848 inventor
1817 793 1981 863 hujus
2017 793 2124 846 fuit

551 887 797 958 incepti,
831 889 903 942 ita
938 898 994 942 ut
1036 889 1170 943 nihil
1211 903 1436 959 prorsus
1466 889 1536 944 ab
1565 889 1685 943 aliis
1721 903 1948 958 usquam
1981 887 2124 942 didi-

550 977 710 1039 cerit,
741 992 916 1046 neque
943 977 1012 1030 ab
1047 978 1289 1047 antiquis
1319 977 1715 1048 compilaverit,
1756 992 1854 1032 cur
1891 995 1999 1033 non
2035 979 2120 1033 di-

548 1070 732 1122 vinam
767 1068 842 1122 illi
891 1075 1145 1122 naturam
1175 1069 1411 1123 tribuere
1449 1078 1719 1138 oporteat,
1749 1071 1840 1140 qui
1869 1071 2034 1126 nullis
2056 1073 2124 1125 li-

547 1159 684 1224 bris,
707 1159 872 1215 nullis
899 1159 1204 1230 praeceptis,
1225 1177 1320 1216 seu
1350 1163 1794 1232 praeceptoribus,
1814 1177 1912 1216 sua
1931 1177 2122 1234 sponte

545 1251 776 1307 edoctus
809 1268 906 1322 per
949 1253 1212 1322 seipsum,
1257 1256 1436 1310 omnis
1481 1255 1783 1326 disciplina:
1809 1273 2000 1327 capax,
2037 1267 2123 1312 ta-

546 1343 680 1397 lium
711 1359 898 1398 rerum
931 1345 1189 1400 inventor
1221 1347 1526 1401 exstiterit?
1553 1347 1718 1418 Atqui
1745 1365 1920 1418 neque
1945 1348 2122 1403 sordi-

549 1434 632 1489 dae
659 1435 894 1503 alicujus
925 1437 1080 1500 artis,
1111 1453 1288 1506 neque
1313 1439 1593 1494 rationalis
1616 1441 1920 1510 cujuspiam
1943 1441 2122 1496 scien-

547 1529 656 1591 tiae,
688 1543 751 1581 ac
777 1545 845 1582 ne
875 1529 1176 1598 primorum
1207 1529 1425 1599 quidem
1459 1531 1848 1586 elementorum
1871 1531 2118 1601 discipli-

549 1636 676 1674 nam
721 1631 780 1676 ut
831 1623 1122 1691 percipias,
1163 1623 1280 1678 sine
1307 1623 1446 1678 duce
1487 1639 1550 1678 ac
1577 1635 1906 1694 praeceptore
1939 1627 2120 1696 aliquo

547 1713 662 1769 ﬁeri
701 1721 898 1784 potest,
947 1716 1144 1770 nedum
1187 1732 1252 1770 ea
1294 1734 1414 1786 quin
1465 1727 1712 1772 naturam
1775 1735 2117 1775 communem

548 1818 826 1876 superant.
849 1805 1042 1860 Nullus
1073 1817 1220 1863 certe
1242 1825 1476 1878 unquam
1505 1825 1599 1879 per
1632 1827 1691 1866 se
1718 1811 1911 1866 doctus
1939 1827 2120 1882 gram-

547 1900 760 1954 matica:
783 1909 1084 1968 praeceptor
1113 1901 1270 1955 nobis
1293 1903 1554 1969 occurrit,
1583 1919 1761 1972 neque
1789 1903 1994 1966 rhetor,
2025 1873 2192 1973 qui'B

548 2003 657 2044 non
689 1989 756 2043 ab
788 1991 972 2059 aliquo
1005 1991 1280 2058 didicerit,
1321 2009 1498 2062 neque
1530 1995 1619 2063 qui
1667 2007 1857 2065 suopte
1904 1996 2119 2066 ingenio

547 2081 793 2136 medicus
830 2083 1084 2146 evaserit,
1143 2099 1319 2152 neque
1378 2085 1731 2150 architectus,
1767 2102 1943 2157 neque
1987 2089 2122 2142 alte-

547 2175 664 2229 rius
694 2177 996 2246 cujuspiam
1027 2178 1102 2230 rei
1151 2179 1344 2232 artifex
1382 2197 1396 2234 :
1430 2187 1483 2233 et
1531 2179 1642 2234 haec
1676 2181 1891 2250 quidem
1924 2182 2120 2252 exigua

547 2267 731 2321 omnia
759 2275 920 2338 atque
945 2269 1197 2323 lnnnana.
1229 2267 1382 2324 Verae
1403 2279 1582 2324 autem
1612 2273 1830 2344 pietatis
1859 2274 1997 2328 inter
2025 2275 2122 2328 ho-

547 2359 724 2412 mines
749 2358 1050 2422 doctorem,
1099 2357 1281 2414 dicere
1321 2362 1607 2432 praestigiis
1637 2363 1963 2432 quibusdam
1989 2365 2120 2418 talia

549 2450 940 2518 introduxisse,
975 2467 1041 2504 eo
1075 2466 1181 2520 quo
1221 2452 1354 2505 vixit
1399 2461 1662 2524 tempore,
1695 2455 1960 2523 ejusmodi
1995 2471 2121 2525 prn-

548 2543 760 2614 digiosa
809 2543 1258 2614 admirabiliaque
1314 2544 1458 2599 facta
1503 2545 1761 2610 edidisse,
1810 2549 2118 2618 cujusmodi

549 2650 725 2705 nuper
785 2636 890 2704 ipsi
945 2637 1315 2706 exposuimus,
1380 2637 1652 2710 talemque
1717 2639 1870 2693 illum
1929 2650 2120 2710 suapte

553 2725 706 2795 131
744 2734 939 2779 natura
990 2743 1197 2797 suaque
1249 2735 1443 2798 sponte
1490 2729 1792 2794 exstitisse,
1841 2746 2017 2800 neque
2051 2733 2119 2786 ab

548 2816 790 2886 antiquis
819 2819 1163 2888 compilasse,
1196 2837 1371 2891 neque
1398 2837 1429 2876 a
1460 2823 1614 2877 novis
1657 2823 1933 2894 magistris
1964 2823 2120 2894 adju-

549 2920 667 2968 tum
713 2911 904 2978 fuisse,
943 2916 1036 2985 qui
1080 2917 1229 2986 paria
1267 2932 1330 2971 ac
1365 2918 1563 2973 similia
1589 2928 1714 2974 ante
1747 2919 1925 2988 ipsum
1956 2934 2116 2974 exer-

549 3004 782 3070 cuerint,
826 3005 954 3074 quid
1004 3006 1172 3072 aliud,
1208 3021 1414 3077 quaeso,
1446 3017 1550 3072 est,
1584 3008 1691 3063 nisi
1737 3009 2018 3064 testiﬁcari
2067 3019 2121 3064 et

551 3096 732 3160 fateri,
771 3097 1014 3151 divinum
1069 3100 1226 3169 plane
1261 3101 1519 3171 quiddam
1571 3100 1760 3166 fuisse,
1793 3115 2118 3170 omnemque

549 3187 834 3242 hominum
879 3199 1128 3244 naturam
1179 3205 1468 3261 superasse
1498 3191 1650 3244 illum
1685 3191 1752 3247 de
1785 3207 1892 3262 quo
1920 3193 2118 3262 quieri-

550 3281 708 3335 mus?
737 3280 803 3334 At
835 3281 978 3336 enim
1027 3283 1318 3352 magistros
1366 3283 1517 3337 illum
1559 3283 1697 3339 dicis
1730 3284 1986 3339 habuisse
2019 3285 2120 3338 im-

551 3382 820 3444 postores,
837 3391 936 3430 nec
960 3377 1028 3430 ab
1050 3375 1427 3448 Aﬂgyptiorum
1458 3377 1725 3447 sapientia
1752 3377 2118 3444 abhorruisse,

552 3481 653 3522 nec
670 3482 789 3537 qua:
810 3468 1026 3522 illorum
1056 3471 1355 3540 antiquitas
1376 3469 1566 3524 habuit
1590 3484 1790 3524 arcana
1818 3470 2118 3538 ignorasse,

549 3574 582 3613 a
613 3560 813 3630 quibus
841 3575 966 3614 cum
999 3561 1330 3634 collegisset,
1363 3561 1576 3632 qualem
1619 3560 1762 3614 fama
1810 3559 1914 3614 fert
1959 3560 2122 3614 talem

549 3651 816 3708 evasisse.
878 3651 990 3706 Cur
1041 3653 1207 3724 igitur
1246 3655 1338 3708 alii
1397 3655 1533 3708 nulli
1578 3653 1671 3708 illo
1715 3653 2122 3723 praestantiores

549 3745 820 3814 magistri,
856 3746 948 3814 qui
981 3751 1036 3799 et
1081 3745 1232 3799 illum
1276 3754 1437 3802 aetate
1487 3745 1901 3808 antecesserint,
1941 3753 1995 3799 et
2023 3759 2123 3800 sua

549 3833 802 3889 doctrina
847 3837 1202 3900 instituerint,
1234 3845 1328 3890 aut
1379 3836 1437 3891 in
1471 3837 1727 3908 Egypto,
1754 3846 1847 3890 aut
1891 3851 2120 3906 usquam

551 3924 703 3990 alibi,
737 3925 842 3980 visi
876 3927 1037 3981 sunt?
1060 3926 1171 3980 Cur
1199 3927 1362 3998 igitur
1391 3942 1498 3981 non
1530 3927 1598 3981 de
1621 3928 1730 3982 illis
1758 3941 1974 3998 quoque
1998 3935 2124 3984 ante

552 4015 718 4086 hujus
760 4017 1186 4082 accusationem,
1219 4017 1275 4072 in
1308 4033 1500 4073 omnes
1529 4017 1778 4073 homines
1818 4017 1960 4070 fama
1999 4033 2124 4088 per-

551 4107 734 4162 venit?
773 4122 872 4161 cur
909 4123 1018 4161 non
1067 4108 1190 4162 item
1237 4108 1455 4162 illorum
1509 4107 1651 4163 sicut
1707 4110 1880 4162 nostri
1935 4107 2121 4176 hujus,

551 4197 718 4252 etiam
749 4214 894 4254 nunc
923 4198 1096 4270 gloria
1124 4197 1525 4266 canitur?Quis
1549 4213 1679 4254 vero
1702 4213 1939 4269 unquam
1987 4213 2126 4268 prae-

553 4290 804 4360 stigiator
852 4306 1042 4346 eorum
1084 4290 1178 4362 qui
1231 4291 1456 4356 fuerint,
1491 4306 1560 4346 ex
1594 4305 1703 4361 quo
1747 4305 1840 4346 res
1875 4290 2126 4344 humanae

553 4396 788 4451 coepere,
822 4393 912 4436 aut
937 4382 1082 4452 apud
1115 4382 1400 4446 barbaros,
1431 4389 1524 4436 aut
1549 4383 1692 4452 apud
1717 4381 1959 4444 Graicos,
1989 4381 2124 4436 tales

555 4471 792 4526 instituit
842 4472 1162 4544 discipulos,
1210 4479 1303 4526 aut
1350 4471 1540 4526 talium
1597 4471 1776 4541 legum
1825 4469 2123 4536 taliumque

2222 627 2322 674 τας
2360 627 2463 664 που
2501 611 2641 664 κατὰ
2673 611 2732 663 τὸ
2765 610 3052 664 ἀκόλουθον
3082 613 3160 673 είς
3191 610 3543 674 διδασκάλους
3567 609 3838 681 ἀναπέμ-

2223 719 2344 756 πειν
2377 703 2482 775 χρὴ
2525 703 2591 756 τά
2627 702 2809 767 αἴτια;
2841 703 2903 756 Εἰ
2929 703 3024 774 μὲν
3050 701 3178 774 γὰρ,
3214 703 3438 774 μηδενὸς
3469 701 3833 768 διδάξαντος,

2223 797 2383 860 αὐτὸς
2412 796 2627 868 πρῶτος
2661 796 2754 850 καὶ
2790 797 2948 867 μόνος
2987 795 3214 866 εὑρετὴς
3249 795 3440 864 γέγονε
3469 794 3576 864 τῆς
3611 796 3838 864 ἐπιχει-

2227 892 2452 962 ρήσεως,
2495 890 2656 960 μηδὲν
2711 889 2972 960 μηδαμῶς
3005 890 3134 960 παρ’
3182 888 3382 958 ἑτέρων
3419 885 3634 958 μαθὼν,
3683 885 3838 957 μηδὲ.

2223 986 2288 1036 ὲκ
2317 981 2559 1036 παλαιῶν
2580 983 2988 1053 ὲρανισάμενος,
3007 984 3122 1046 πῶς
3149 983 3209 1034 οὐ
3238 981 3386 1044 θείας
3417 978 3644 1048 φύσεως
3680 977 3836 1048 χρῆν

2221 1075 2498 1146 ὁμολογεῖν
2530 1075 2712 1140 αὐτὸν,
2745 1075 2804 1138 ὃς
2829 1070 2894 1146 ἦν
2928 1075 3054 1129 ἄνευ
3095 1073 3312 1144 βίϐλων,
3346 1073 3440 1126 καὶ
3476 1071 3690 1140 λόγων,
3733 1069 3838 1123 καὶ

2221 1167 2576 1230 διδασκάλων,
2625 1168 3020 1231 αὐτοδίδακτος,
3063 1170 3156 1222 καὶ
3193 1164 3503 1236 αὐτομαθὴς
3548 1162 3837 1215 τοιούτων

2223 1261 2562 1332 πραγμάτων
2593 1261 2820 1332 εὑρετὴς
2853 1260 3226 1328 ἀναπέφηνεν;
3261 1259 3372 1311 Καὶ
3406 1257 3511 1327 μὴν
3545 1254 3688 1312 οὔτε
3727 1253 3832 1322 βα-

2221 1357 2418 1411 ναύσου
2439 1357 2651 1426 τέχνης,
2673 1353 2796 1408 οὐτε
2829 1352 3049 1423 λογικῆς
3082 1351 3412 1420 ἐπιστήμης,
3445 1347 3569 1400 οὐδέ
3605 1363 3680 1415 γε
3711 1345 3830 1397 τῶν

2222 1449 2452 1521 πρώτων
2487 1448 2762 1518 στοιχείων
2793 1443 2892 1516 τὴν
2929 1444 3162 1515 μάθησιν
3187 1441 3310 1510 δίχα
3339 1437 3577 1509 ποδηγοῦ
3609 1438 3724 1490 καὶ
3749 1437 3834 1492 δι·-

2223 1541 2490 1596 δασκάλου
2523 1540 2664 1601 τινὸς
2695 1537 2981 1590 ἀναλαϐεῖν
3023 1536 3266 1598 δυνατὸν,
3303 1533 3377 1606 μὴ
3417 1533 3540 1604 οὐχὶ
3565 1533 3678 1603 τὴν
3708 1548 3832 1584 κοι-

2221 1633 2316 1704 νὴν
2349 1631 2687 1703 ἐκϐεϐηκότα
2722 1630 2902 1698 φύσιν.
2931 1629 3118 1691 Οὐδεὶς
3151 1627 3280 1696 γοῦν
3312 1627 3418 1679 τῶν
3457 1625 3698 1678 πώποτε
3729 1625 3832 1678 αὐ-

2217 1724 2521 1787 τοδίδακτος
2563 1725 2692 1794 ἡμῖν
2757 1721 3151 1794 γραμματικῆς
3185 1719 3428 1792 παρῆλθε
3460 1718 3830 1782 διδάσκαλος,

2219 1817 2339 1870 οὐδέ
2361 1833 2425 1884 γε
2456 1817 2636 1887 ῥήτωρ
2661 1815 2732 1885 μὴ
2763 1812 3119 1884 μεμαθηκὼς,
3141 1811 3262 1864 οὐδὲ
3285 1809 3564 1880 αὐτοφυὴς
3599 1807 3828 1880 ἰατρὸς,

2225 1909 2346 1962 οὐδὲ
2381 1908 2608 1970 τέκτων,
2637 1907 2744 1959 οὐδ’
2782 1906 2972 1977 ἐτέρας
3008 1905 3338 1976 δημιουργὸς
3367 1905 3584 1974 τέχνης.
3613 1902 3828 1956 Καίτοι

2231 1999 2402 2072 μικρὰ
2427 1997 2601 2052 ταῦτα
2635 1999 2727 2051 καὶ
2749 1996 3076 2068 ἀνθρώπεια.
3115 1995 3186 2048 Τὸ
3202 1995 3258 2048 δὲ
3293 1996 3455 2064 φάναι
3483 1992 3577 2046 τὸν
3596 1991 3832 2064 ἀνθρὼ-

2227 2108 2342 2144 πων
2369 2089 2646 2151 εὐσεϐείας
2667 2087 2898 2158 ἀληθοῦς
2923 2084 3238 2139 διδάσκαλον
3269 2083 3490 2138 τοιαῦτα
3529 2083 3832 2152 τεθαυμα-

2225 2183 2558 2253 τουργηκότα
2597 2179 2717 2234 καθ’
2761 2179 2818 2232 δν
2873 2177 3134 2247 ἐπεδήμει
3177 2175 3254 2246 τῷ
3295 2175 3394 2246 βίῳ
3443 2175 3672 2246 χρόνον,
3729 2173 3830 2227 καὶ

2226 2276 2476 2340 τοιαύτας
2511 2273 2845 2344 παραδόξους
2886 2271 3168 2342 τερατείας
3204 2269 3562 2338 πεποιηκότα,
3601 2270 3682 2332 ἃς
3725 2269 3830 2338 ἁρ-

2224 2367 2352 2431 τίως
2431 2367 2773 2438 διεξήλθομεν
2803 2405 2818 2428 ,
2893 2367 2958 2418 ὲκ
3027 2362 3120 2415 τοῦ
3191 2361 3497 2431 αὐτομάτου
3557 2359 3828 2414 τοιοῦτον

2227 2459 2411 2530 φῆναι,
2456 2461 2592 2531 μήτε
2637 2459 2784 2529 παρὰ
2819 2455 3060 2509 παλαιῶν
3107 2453 3524 2526 ἐρανισάμενον,
3578 2453 3722 2522 μήτ’
3759 2454 3830 2504 ὲκ

2225 2553 2360 2607 νέων
2391 2551 2722 2604 διδασκάλων
2785 2547 3170 2617 ὼφελημένον,
3229 2543 3298 2598 τά
3341 2545 3499 2614 ὅμοια
3557 2544 3660 2596 καὶ
3717 2543 3828 2614 πρὸ

2225 2645 2388 2702 αὐτοῦ
2437 2644 2812 2714 πεποιηκότων
2837 2681 2851 2706 ,
2883 2639 2934 2693 τί
2981 2638 3166 2708 ἄλλοῆ
3220 2635 3636 2708 μαρτυρούντων
3703 2636 3828 2690 ἐστὶ

2226 2740 2318 2792 καὶ
2343 2736 2744 2808 ὁμολογούντων
2767 2734 2905 2788 θεῖον
2928 2731 3140 2801 ἀληθῶς
3169 2731 3355 2801 χρῆμα
3379 2727 3699 2796 γεγονέναι,
3729 2728 3826 2782 καὶ

2226 2833 2405 2884 πᾶσαν
2449 2828 2734 2900 ἀνθρώπου
2791 2827 2952 2895 φύσιν
3001 2823 3432 2896 ὑπερϐεϐηκέναι
3465 2821 3552 2874 τὸν
3610 2821 3826 2890 δηλού-

2229 2937 2418 2992 μενον;
2465 2919 2624 2971 Ἀλλά
2649 2917 2986 2978 διδασκάλοις
3018 2915 3178 2968 αὐτὸν
3223 2915 3327 2984 φῂς
3369 2913 3822 2983 προσεσχηκέναι

2228 3007 2466 3070 πλάνοις,
2501 3007 2636 3078 μηδὲ
2672 3005 2849 3058 λαθεῖν
2879 3004 3040 3057 αὐτὸν
3070 3002 3136 3056 τὰ.
3161 3003 3298 3070 σοφά
3327 3001 3434 3054 τῶν
3462 3000 3821 3068 Αἰγυπτίων,

2226 3100 2318 3153 καὶ
2349 3099 2456 3152 τῶν
2487 3098 2653 3152 πάλαι
2689 3097 2816 3166 παρ’
2855 3098 3038 3160 αὐτοῖς
3064 3095 3366 3166 λεγομένων
3395 3093 3462 3146 τά
3491 3093 3822 3164 ἀπόρρητα,

2228 3195 2354 3265 παρ’
2385 3187 2460 3246 ὧν
2495 3191 2918 3261 συλλεξάμενον,
2966 3189 3134 3255 ἄνδρα
3169 3187 3406 3240 τοιοῦτον
3437 3182 3544 3240 οἷον
3578 3187 3607 3238 ὁ
3645 3185 3826 3254 λόγος

2223 3285 2568 3356 παρίστησιν,
2599 3281 3000 3351 ἀποδειχθῆναι.
3025 3279 3087 3333 Τί
3119 3281 3252 3350 δῆτα
3279 3274 3394 3342 οὖνς
3417 3273 3452 3350 ἦ
3483 3293 3630 3339 τινες
3655 3278 3826 3331 ἄλλοι

2223 3379 2499 3450 κρείττους
2541 3375 2702 3428 αὐτοῦ
2749 3375 3039 3446 πεφήνασι,
3069 3373 3161 3426 καὶ
3203 3371 3454 3444 πρότεροι
3495 3369 3574 3440 τῷ
3599 3372 3818 3440 χρόνῳ,

2223 3470 2317 3523 καὶ
2353 3467 2515 3522 αὐτοῦ
2565 3467 2906 3528 διδάσκαλοι,
2957 3465 3053 3518 εἴτ’
3085 3466 3172 3516 ἐπ’
3211 3463 3515 3542 Αἰγύπτου,
3549 3461 3653 3513 εἶθ’
3705 3464 3820 3534 ὅπη

2223 3556 2318 3626 δὴ;
2348 3555 2410 3608 Τί
2440 3550 2531 3607 οὖν
2552 3554 2670 3625 οὐχὶ
2697 3555 2962 3607 κάκείνων
2989 3553 3092 3624 πρὸ
3123 3553 3222 3622 τῆς
3247 3551 3434 3604 τούτου
3463 3551 3822 3622 κατηγορίας

2223 3647 2456 3716 ἔφθασεν
2479 3649 2558 3710 εἰς
2581 3647 2788 3708 πάντας
2813 3644 3131 3716 ἀνθρώπους
3151 3648 3184 3716 ή
3215 3646 3369 3715 φήμη
3393 3661 3406 3709 ;
3433 3644 3465 3714 ἢ
3493 3641 3544 3695 τί
3577 3643 3654 3714 μὴ
3689 3645 3822 3716 οὐχὶ

2225 3741 2488 3794 κάκείνων
2531 3741 2698 3793 εἰσέτι
2749 3740 2842 3794 νῦν
2883 3739 2944 3791 τὸ
3000 3737 3156 3799 κλέος
3191 3739 3376 3808 ᾄδεται
3421 3735 3499 3805 τῷ
3547 3737 3822 3808 ἡμετέρῳ

2224 3832 2647 3903 παραπλησίως;
2682 3830 2778 3893 Τίς
2806 3829 2863 3883 δὲ
2904 3828 3012 3882 τῶν
3046 3829 3139 3881 ἀπ’
3178 3828 3374 3890 αἰῶνος
3401 3826 3621 3880 πώποτε
3648 3830 3819 3900 γόης,

2225 3921 2498 3993 βάρϐαρος
2541 3921 2575 3991 ἢ
2609 3918 2842 3990 Ἕλλην,
2891 3917 3146 3972 τοιούτων
3185 3917 3424 3988 κατέστη
3480 3916 3819 3980 διδάσκαλος

2224 4013 2509 4084 φοιτητῶν,
2541 4013 2632 4065 καί¹
2669 4012 2924 4066 τοιούτων
2955 4012 3133 4082 νόμων
3162 4013 3254 4065 καὶ
3286 4011 3459 4080 λόγων
3493 4008 3778 4080 αὐθέντης
3801 4050 3818 4072 ,

2223 4105 2348 4158 οἵων
2398 4106 2432 4174 ἡ
2465 4103 2558 4156 τοῦ
2613 4103 2862 4174 Σωτῆρος
2924 4101 3076 4172 ἡμῶν
3125 4101 3485 4154 ἐπιδέδεικται
3533 4099 3816 4170 δύναμιςς

2235 4196 2426 4260 ’ἰάσεις
2445 4195 2500 4248 δὲ
2519 4193 2740 4248 τοσάσδε
2763 4194 2856 4247 καί⁷
2875 4195 3210 4266 παραδόξους
3229 4193 3544 4264 εὐεργεσίας
3563 4191 3816 4256 τοιάσδε,

2223 4290 2340 4353 οἵας
2366 4291 2393 4344 ὁ
2435 4289 2702 4360 ἡμέτερος
2742 4287 3054 4357 πεποιηκὼς
3101 4286 3646 4357 μνημονεύεται,.τίς
3689 4286 3816 4338 mii-

2225 4399 2353 4434 ποτε
2391 4378 2824 4451 διαπραξάμενος
2855 4381 3172 4452 ἱστορεῖταις
3199 4379 3352 4442 Τίνος
3379 4379 3436 4432 δὲ
3467 4380 3512 4432 οἱ
3534 4377 3820 4450 γνώριμοι

2226 4477 2316 4529 καὶ
2342 4475 2451 4527 τῶν
2478 4475 2816 4546 πραγμάτων
2841 4475 3127 4536 αὐτόπται,
3145 4473 3231 4526 διὰ
3253 4472 3425 4543 πυρὲς
3450 4472 3544 4525 καὶ
3577 4472 3816 4544 σιδήρου

555 4573 943 4634 prmceptorum
975 4573 1168 4619 auctor
1199 4565 1320 4629 fuit,
1347 4563 1590 4635 qualium
1627 4563 1798 4617 fuisse
1827 4561 2122 4615 Salvatoris

2225 4565 2449 4636 δοκιμῆς
2475 4565 2574 4636 τὴν
2607 4564 2746 4636 ὑπὲρ
2772 4557 2846 4620 ὧν
2865 4563 3247 4636 ὲμαρτύῃσαν
3279 4563 3534 4635 ἀλήθειαν
3561 4563 3816 4616 ἐπιστώ-

553 4657 729 4712 nostri
777 4659 949 4712 virtus
1005 4659 1343 4713 ostenditur?
1393 4665 1487 4712 aut
1535 4657 1660 4727 quis
1713 4670 1952 4724 unquam
2013 4661 2124 4708 tam

555 4747 741 4801 multis
771 4749 1015 4810 medelis,
1047 4759 1156 4802 tam
1181 4749 1528 4804 mirabilibus
1555 4746 2124 4816 beneficentiis,quam

555 4839 644 4893 hic
685 4848 871 4892 noster
901 4837 1122 4893 functus
1156 4841 1516 4894 memoratur?
1544 4839 1713 4908 Cujus
1747 4848 1925 4893 autem
1971 4837 2128 4892 fami-

555 4930 720 4985 liares
758 4929 898 5000 ignis
931 4929 1174 5001 ferrique
1203 4932 1522 5000 probatione
1554 4945 1740 4986 earum
1773 4945 1954 4984 rerum
1989 4945 2125 4998 quas

557 5023 984 5080 testiﬁcarentur
1007 5025 1288 5080 veritatem
1321 5025 1396 5078 ita
1425 5026 1840 5088 conﬁrmarunt,
1863 5031 1922 5076 ut
1953 5022 2124 5077 nostri

556 5115 860 5171 Salvatoris
889 5116 1165 5187 discipuli,
1197 5117 1290 5187 qui
1317 5116 1500 5170 omnia
1531 5115 1748 5186 quidem
1785 5115 1982 5188 probra
2005 5131 2126 5184 per-

556 5208 822 5274 tulerunt,
847 5207 1029 5275 omnia
1079 5223 1209 5264 vero
1259 5215 1654 5262 tormentorum
1692 5221 1890 5276 genera
1928 5205 2128 5260 tolera-

558 5307 707 5367 runt,
729 5306 783 5354 et
811 5297 1042 5370 denique
1069 5299 1348 5369 proprium
1375 5299 1695 5369 sanguinem
1722 5295 2047 5358 elluderunt,
2069 5304 2128 5349 ut

559 5407 680 5462 quae
727 5391 830 5460 ipsi
888 5392 1162 5447 testiﬁcati
1197 5401 1380 5448 essent
1410 5389 1834 5446 conﬁrmarent?
1861 5389 2127 5444 Praeterea

559 5479 874 5550 quicunque
915 5481 1045 5537 huic
1092 5490 1292 5538 nostra:
1333 5481 1531 5536 rationi
1585 5481 1922 5546 adversatur,
1959 5479 2124 5543 dicat,

559 5587 766 5642 quaeso,
797 5571 921 5640 quis
969 5589 1208 5644 unquam
1259 5574 1618 5644 prmstigiator
1673 5572 1864 5627 saltem
1915 5569 1971 5624 in
2004 5570 2126 5624 ani-

561 5678 710 5717 mum
741 5663 974 5730 induxit,
994 5663 1060 5718 de
1095 5665 1315 5734 proprio
1369 5665 1588 5720 nomine
1646 5677 1704 5717 se
1753 5677 1907 5717 novae
1939 5660 2128 5732 cujus-

562 5752 688 5808 dam
744 5754 921 5824 gentis
970 5755 1259 5811 factionem
1325 5755 1810 5827 comparaturum?
1861 5753 1973 5808 lloc
2029 5769 2128 5808 au-

563 5851 671 5900 tem
722 5847 900 5918 ipsum
957 5844 1266 5916 quempiam
1329 5861 1444 5902 non
1498 5847 1658 5903 modo
1701 5845 1995 5918 cogitasse,
2031 5845 2126 5904 sed

2227 4672 2407 4722 σαντο,
2447 4655 2728 4727 ὼσπεροῦν
2785 4657 2833 4708 οἰ
2879 4655 2972 4708 τοῦ
3033 4655 3282 4726 Σωτῆρος
3332 4653 3488 4725 ἡμῶν
3535 4653 3812 4724 μαθηταὶ,

2226 4748 2402 4810 πάσας
2439 4747 2535 4817 μὲν
2581 4747 2762 4811 αἰκίας
2811 4746 3166 4810 ἀνατλάντες,
3202 4747 3380 4810 πάσας
3437 4745 3494 4799 δὲ
3551 4744 3824 4814 βασάνων,

2229 4839 2370 4902 ἰδέας
2403 4839 2812 4909 ὑπομείναντες,
2835 4841 2928 4893 καὶ
2957 4839 3109 4902 τέλος
3133 4838 3219 4892 διὰ
3253 4838 3346 4891 τοῦ
3383 4837 3514 4891 ίδίου
3547 4837 3814 4908 αἵματος,

2225 4931 2292 4984 τὰ
2331 4931 2458 5001 περὶ
2485 4929 2646 4983 αὐτοῦ
2683 4930 3101 5002 μαρτυρηθέντα
3129 4931 3314 4993 αὐτοῖς
3363 4931 3814 5000 πιστωσάμενοι;

2230 5023 2349 5074 Ἔτι
2379 5021 2516 5091 πρὸς
2547 5021 2774 5086 τούτοις,
2803 5025 2831 5075 ό
2855 5023 2930 5093 τῷ
2959 5022 3024 5074 δι’
3053 5022 3300 5085 ἐναντίας
3321 5024 3452 5093 ἡμῖν
3488 5021 3631 5092 λόγῳ
3661 5041 3816 5096 παρ-

2228 5114 2510 5185 ιστάμενος
2559 5115 2786 5183 λεγέτω,
2833 5116 2916 5179 τίς
2962 5117 3069 5168 τῶν
3102 5115 3317 5168 πώποτε
3349 5117 3558 5186 γοήτων
3587 5113 3690 5168 κᾶν
3727 5118 3816 5178 εἰς

2227 5205 2349 5258 νοῦν
2375 5206 2596 5260 ἐϐάλετο
2618 5207 2738 5260 νέου
2773 5205 2958 5270 ἔθνους
2997 5207 3088 5260 ἐπὶ
3119 5207 3304 5276 οἰκείῳ
3339 5207 3562 5277 ὀνόματι
3601 5207 3808 5260 σύστα-

2228 5314 2311 5350 σιν
2336 5298 2687 5368 ποιήσασθαις
2717 5297 2790 5350 Τὸ
2813 5297 2870 5350 δὲ
2900 5297 2974 5369 μὴ
3005 5298 3160 5367 μόνον
3181 5299 3426 5370 ἐννοῆσαι
3456 5297 3631 5361 τοῦτο,
3664 5297 3808 5351 ἀλλὰ

2227 5393 2320 5442 καὶ
2353 5391 2694 5462 κατορθῶσαι
2721 5390 2780 5442 τὸ
2816 5389 3094 5460 βουληθὲν,
3130 5391 3246 5455 πῶς
3291 5392 3351 5444 οὐ
3381 5392 3558 5443 πᾶσαν
3589 5390 3782 5460 ἀνθρώ

2227 5501 2328 5535 που
2363 5482 2620 5536 καλύπτοι
2671 5481 2736 5534 ἂν
2773 5481 2964 5549 φύσιν;
3007 5481 3274 5536 Βασιλέων
3308 5483 3362 5535 δὲ
3409 5482 3660 5552 δόγμασι,
3703 5484 3810 5534 καὶ

2229 5572 2469 5625 παλαιῶν
2501 5572 2822 5642 νομοθετῶν,
2860 5573 3162 5642 φιλοσόφων
3194 5592 3253 5628 τε
3283 5575 3373 5627 καὶ
3419 5573 3676 5643 ποιητῶν,
3707 5573 3808 5624 καὶ

2229 5659 2491 5730 θεολόγων
2514 5662 2574 5726 ἐξ
2601 5663 2846 5726 ἐναντίας
2875 5663 3060 5718 θέσθαι
3079 5663 3275 5734 νόμους
3293 5664 3419 5726 τοὺς
3443 5663 3563 5717 κατ’
3583 5660 3808 5713 εἰδωλο-

2228 5755 2477 5826 λατρείας
2502 5795 2515 5817 ς
2572 5755 2665 5808 καὶ
2697 5755 2919 5821 τούτους
2971 5757 3270 5828 κρατῦναι.
3313 5758 3555 5828 ἀμάχους
3595 5769 3654 5805 τε
3707 5749 3808 5806 καὶ

2227 5847 2528 5919 ἀηττήτους
2557 5849 2636 5912 είς
2679 5849 2886 5922 μακρὴν
2921 5848 3178 5915 ἐπιδεῖξαι
3217 5847 3407 5916 αἰῶνα,
3451 5849 3534 5910 τίς
3579 5843 3804 5900 πώποτε
