3954 6558
169 451 256 506 233
1038 453 1688 511 DEMONSTRATIONIS
1729 427 2194 514 EVANGEUCA}
2247 456 2376 514 LIB.
2416 457 2508 516 ιιι.

3279 463 3385 522 234

164 576 345 646 γοήτων
376 573 740 644 διανενόηταις
785 571 843 628 '0
875 576 932 629 δὲ
956 576 1149 649 Σωτὴρ
1181 578 1274 630 καὶ
1315 579 1518 649 Κύριος
1558 578 1699 650 ήμῶι

1818 583 1978 638 etiam
2011 582 2306 652 perfecisse
2347 597 2448 637 suo
2482 582 2773 647 arbitratu,
2811 597 2910 637 cur
2939 598 3045 637 non
3079 591 3244 638 totam
3288 585 3385 639 ho-

161 671 243 722 οὑιι
268 669 515 738 ἐνενόησε
549 670 668 739 μὲν,
697 672 756 724 οὐ
786 671 1089 742 τετόλμηκε
1115 673 1170 725 δέ
1197 675 1569 746 ἐπιχειρῆσαι·
1593 673 1707 728 ἀλλ’

276 762 599 834 ἐπεχείρησε
627 764 748 834 μὲν,
774 765 833 818 οὐ
858 765 1182 836 κατώρθωσε
1211 767 1268 818 δέ
1285 783 1297 796 ·
1322 767 1402 820 ἐν).
1427 768 1482 820 δέ
1507 769 1709 838 ῥήματι

163 856 239 908 καὶ
282 856 375 926 μιᾷ
422 858 572 925 φωνῇ
615 857 792 926 φήσας
826 857 958 926 πρὸς
1013 859 1139 920 τοὺς
1189 859 1381 912 ἑαυτοῦ
1425 857 1704 929 μαθητάς·

167 966 182 995 ι
209 945 560 1015 Πορευθέντες
615 945 990 1016 μαθητεύσατε
1039 948 1218 1002 πάντα
1260 949 1327 1002 τὰ
1365 949 1488 1020 ἔθνη
1531 952 1588 1003 ἐν
1633 950 1709 1021 τῷ

158 1035 351 1106 ὀνόματί
387 1054 528 1107 μου,
567 1037 908 1102 διδάσκοντες
941 1039 1135 1104 αὐτοὺς
1166 1044 1354 1109 τηρεῖν
1394 1042 1568 1095 πάντα
1609 1043 1710 1095 ὅσα

159 1128 486 1197 ἐνετειλάμην
529 1129 678 1198 ὑμῖν,
706 1149 724 1180 ›
775 1130 932 1200 ἔργον
965 1132 1135 1202 ἐπῆγε
1181 1133 1269 1203 τῷ.
1301 1133 1462 1205 λόγῳ,
1511 1135 1710 1187 αὐτίκα.

158 1237 205 1272 τε
236 1220 600 1290 ἐμαθητεύετο
632 1224 689 1275 ἐν
731 1223 895 1293 ὀλίγῳ
935 1225 1040 1278 πᾶν
1073 1226 1228 1294 γένος
1262 1228 1523 1299 Ἑλλήνων
1571 1227 1706 1298 ὁμοῦ

159 1316 233 1365 καὶ
261 1314 584 1386 βαρϐάρων,
634 1317 730 1369 καὶ
781 1316 934 1386 νόμοι
981 1319 1114 1371 πᾶσι
1161 1322 1273 1383 τοῖς
1316 1320 1492 1373 ἔθνεσι
1552 1338 1709 1374 κατε-

160 1404 441 1476 σπείροντο,
493 1407 725 1460 ἐναντίοι
767 1410 830 1478 τῇ
866 1409 976 1462 τῶν
1012 1409 1256 1465 παλαιῶν
1284 1413 1702 1484 δεισιδαιμονίᾳ·

158 1498 281 1566 ideo:
311 1498 588 1567 δαιμόνων
629 1501 875 1570 πολέμιοι
903 1505 997 1555 καὶ
1024 1507 1204 1573 πάσης
1232 1503 1413 1576 ἐχθροὶ
1447 1504 1705 1558 πολυθέου

159 1588 332 1658 πλάνης
357 1605 371 1617 ·
403 1589 564 1658 νόμοι
599 1590 842 1655 Σκυθῶν,
871 1594 966 1647 καὶ
997 1593 1241 1664 Περσῶν,
1277 1595 1369 1647 καί
1397 1594 1502 1647 τῶν
1535 1595 1706 1649 ἄλλων

159 1678 413 1751 βαρϐάρων
445 1684 833 1754 σωφρονισταὶ,
865 1685 1252 1757 ἀποτρεπτικοί
1292 1703 1354 1738 τε
1395 1687 1575 1758 πάσης
1613 1689 1704 1739 ἐκ-

155 1771 327 1842 θέτμου
359 1777 456 1826 καὶ
483 1774 552 1845 θη
561 1775 786 1844 ριώδους
808 1777 1018 1849 διαίτης
1042 1795 1054 1808 ο
1092 1779 1244 1850 νόμοι
1280 1779 1388 1832 τῶν
1421 1779 1479 1843 ἐξ
1512 1779 1705 1843 αἰῶνος

157 1865 261 1935 παρ’
288 1866 467 1929 αὑτοῖς
504 1867 763 1937 ’Ἓλλησιν
795 1869 932 1922 ἐθῶν
981 1870 1389 1940 ἀνατρεπτικοί,
1423 1869 1617 1939 καινῆς
1648 1870 1704 1923 δὲ

162 1955 231 2009 (αὶ
255 1955 479 2026 ἀληθοῦς
525 1958 808 2023 εὐσεϐείας
855 1960 1291 2029 καταγγελτικοί.
1335 1963 1398 2015 Τί
1438 1962 1572 2034 δῆτα
1614 1959 1706 2016 οὖν

159 2053 246 2112 τοῖς
271 2051 430 2104 πάλαι
461 2051 628 2121 γόησι
667 2053 770 2124 πρὸ
801 2053 909 2105 τῶν
938 2053 1029 2106 τοῦ
1069 2054 1239 2124 Ἰησοῦ
1286 2055 1509 2124 χρόνων,
1537 2055 1570 2124 ἢ
1613 2056 1705 2108 καὶ

158 2140 269 2208 μετὰ
293 2142 460 2195 ταῦτα
483 2143 751 2207 τοιοῦτον,
775 2143 806 2213 ἢ
832 2144 924 2196 καὶ
952 2143 1330 2214 παραπλήσιον
1355 2142 1700 2213 τετόλμηται,

157 2233 215 2295 ὡς
234 2235 442 2298 εἰκότως
477 2235 649 2303 φάναι
683 2235 844 2287 αὐτὸν
885 2234 1013 2306 παρ’
1051 2236 1251 2306 ἐτέρων
1276 2235 1588 2305 ὠφελῆσθαι
1635 2235 1703 2289 τὰ

154 2325 233 2395 τῆς
253 2329 532 2397 γοητείας;
581 2329 644 2381 Εἰ
675 2328 718 2380 δ’
762 2329 950 2382 οὐδένα
978 2329 1042 2383 ἄν
1073 2345 1156 2391 τις
1197 2328 1310 2398 ἔχοι
1352 2327 1527 2395 λέγειν
1557 2327 1703 2398 αὐτῷ

155 2419 397 2486 γεγονέναι
443 2421 638 2490 ὅμοιον
677 2421 887 2490 (οὐδεὶς
925 2420 1032 2493 γὰρ
1070 2418 1136 2491 ἦν
1196 2419 1346 2490 αὐτῷ
1388 2420 1559 2483 αἴτιος
1603 2421 1702 2491 τῆς

155 2513 383 2583 τοσαύτης
414 2513 627 2584 ἀρετῆς
652 2513 691 2583 ),
728 2513 844 2585 ὥρα
892 2513 1182 2586 τοιγαροῦν
1218 2515 1497 2585 ὁμολογεῖν
1547 2515 1700 2585 ξένην

156 2604 252 2656 τινὰ
274 2606 359 2658 καὶ
389 2605 548 2659 θείαν
576 2606 736 2674 φύσιν
763 2606 1216 2676 ἐπιδεδημηκέναι
1237 2605 1314 2675 τῷ
1353 2606 1471 2676 βίῳ,
1564 2607 1699 2679 μόνῃ

158 2697 230 2746 καὶ
257 2695 440 2769 πρώτῃ
471 2698 548 2750 τὰ
591 2696 951 2767 μηδεπώποτε
987 2699 1116 2768 παρ’
1156 2696 1460 2768 ἀνθρώποις
1497 2716 1703 2769 μνημο-

156 2785 371 2839 νευθέντα
390 2786 779 2859 κατώρθωται.
809 2785 966 2842 Ἀλλὰ
997 2790 1088 2842 καὶ
1107 2789 1280 2843 ταῦτα
1306 2790 1403 2860 μὲν
1428 2784 1529 2844 ὦδε
1554 2790 1704 2854 τέλος

157 2876 309 2944 ἐχέτω.

1815 675 1978 728 minis
2041 682 2290 728 naturam
2340 675 2597 746 effugiat?
2634 673 2873 730 Decretis
2925 691 3052 731 vero
3085 684 3139 731 et
3173 691 3382 747 regum,

1811 772 1864 819 et
1902 781 2090 820 eorum
2140 766 2232 835 qui
2279 767 2424 836 leges
2475 765 2688 836 priscas
2724 767 3086 830 condiderint,
3121 775 3176 822 et
3209 768 3386 839 philo-

1811 857 2128 926 50phorum,
2163 866 2216 912 et
2245 866 2548 926 poetarum,
2580 865 2633 913 et
2665 859 3038 928 theologorum
3082 859 3384 914 contrarias

1809 948 1955 1017 leges
1986 964 2204 1018 ponere,
2234 965 2354 1019 quae
2375 950 2794 1005 simulacrorum
2818 951 3022 1006 cultum
3049 959 3381 1024 oppugnent.

1811 1057 2037 1110 quaeque
2072 1042 2216 1111 quod
2248 1043 2436 1098 volunt
2464 1043 2767 1110 obtineant,
2797 1043 3127 1114 easdemque
3156 1045 3386 1116 inexpu-

1809 1133 2075 1202 gnabiles,
2103 1142 2156 1187 et
2186 1133 2417 1189 invictas
2450 1134 2504 1188 in
2537 1142 2856 1203 perpetuum
2885 1135 3386 1206 constituere,quis

1809 1241 1873 1281 ex
1913 1227 2168 1281 omnibus
2218 1227 2310 1296 qui
2356 1243 2597 1298 unquam
2649 1227 2870 1289 fuerint.
2901 1229 3266 1299 prtestigiator
3292 1243 3386 1284 co-

1808 1320 2034 1391 gitavit?
2063 1321 2130 1373 At
2177 1319 2322 1374 enim
2379 1319 2628 1373 Salvator
2661 1335 2724 1374 ac
2769 1319 3030 1376 Dominus
3061 1327 3246 1377 noster
3274 1337 3386 1377 non

1808 1413 1891 1467 sic
1925 1410 2141 1482 quidem
2185 1411 2444 1481 cogitavit
2473 1411 2596 1472 hoc,
2633 1421 2691 1465 ut
2715 1419 2905 1482 postea
2936 1412 3155 1482 aggredi
3179 1427 3288 1468 non
3315 1415 3386 1470 sit

1810 1518 2010 1569 ausus;
2044 1517 2220 1572 neque
2248 1517 2376 1557 vero
2405 1504 2484 1556 sic
2513 1517 2804 1573 aggressus
2832 1512 2936 1569 est,
2964 1512 3022 1558 ut
3059 1512 3247 1573 postea
3274 1520 3386 1560 non

1808 1593 2093 1664 perfecerit
2126 1613 2139 1648 :
2171 1593 2267 1650 sed
2296 1609 2405 1648 uno
2433 1595 2600 1650 verbo
2630 1609 2846 1664 unaque
2877 1609 3008 1650 voce
3052 1610 3175 1650 cum
3210 1594 3385 1652 dixis-

1808 1695 1892 1741 set
1949 1685 2017 1740 ad
2078 1701 2210 1741 suos
2271 1685 2622 1755 discipulos:
2664 1685 2821 1755 132
2879 1704 2898 1738 ι
2954 1683 3051 1750 Ite,
3115 1686 3387 1743 instituite

1807 1792 1997 1832 omnes
2023 1785 2213 1848 gentes
2253 1777 2308 1832 in
2351 1778 2570 1833 nomine
2620 1794 2762 1845 meo,
2807 1777 3067 1834 docentes
3121 1793 3216 1835 eas
3269 1795 3390 1834 ser-

1807 1882 1935 1920 vare
1959 1882 2299 1936 quarcunque
2324 1866 2576 1921 mandavi
2596 1867 2834 1933 vobis“,
2857 1887 2875 1920 ι
2897 1868 3064 1924 verbo
3081 1883 3193 1924 rem
3225 1875 3388 1940 atque

1811 1956 2104 2011 eliicaciam
2167 1957 2369 2027 adjecit
2399 1974 2412 2007 :
2445 1964 2610 2029 atque
2645 1959 2909 2029 evestigio
2950 1958 3005 2014 in
3040 1958 3388 2029 disciplinam

1812 2046 1960 2102 venit
2016 2047 2167 2103 brevi
2224 2054 2470 2117 tempore
2508 2064 2671 2105 omne
2701 2063 2876 2120 genus
2913 2057 2968 2103 et
2993 2049 3306 2106 Graecorum
3334 2058 3390 2106 et

1810 2135 2166 2190 barbarorum
2202 2154 2216 2190 :
2250 2143 2302 2191 et
2351 2137 2497 2207 leges
2529 2139 2582 2192 in
2621 2147 2851 2195 cunctas
2873 2139 3121 2195 nationes
3143 2139 3391 2196 dissemi-

1812 2239 1954 2284 nata:
1979 2237 2126 2295 sunt,
2156 2231 2395 2300 antiqua:
2409 2233 2788 2301 superstitioni
2810 2233 3165 2289 adversantes
3198 2251 3212 2289 :
3243 2233 3389 2308 leges

1809 2321 2115 2378 daemonum
2159 2325 2602 2396 oppugnatrices,
2656 2334 2710 2382 ct
2757 2327 2938 2381 omnis
2981 2326 3037 2380 in
3088 2326 3386 2382 multorum

1809 2412 2034 2468 deorum
2069 2415 2218 2469 cultu
2258 2415 2463 2469 erroris
2497 2415 2732 2470 inimica:
2759 2435 2773 2470 :
2803 2417 2949 2486 leges
2981 2415 3311 2488 Scytharum
3335 2424 3390 2472 et

1807 2504 2098 2560 Persarum
2128 2513 2182 2561 et
2210 2507 2442 2560 aliorum
2495 2505 2852 2562 barbarorum
2891 2507 3303 2572 moderatrices,
3335 2515 3390 2563 et

1807 2614 1928 2668 quae
1970 2598 2351 2654 damnaverint
2400 2614 2616 2654 omnem
2673 2600 2742 2655 ab
2771 2599 2920 2654 omni
2972 2600 3096 2670 jure
3148 2600 3389 2656 alierum

1808 2705 1871 2745 ac
1900 2690 2133 2745 ferinum
2163 2689 2365 2744 victum
2393 2708 2405 2743 :
2433 2690 2580 2760 leges
2625 2706 2747 2760 qua:
2787 2691 3083 2747 everterint
3128 2705 3389 2760 quaecun-

1807 2800 1914 2855 que
1964 2783 2214 2839 instituta
2264 2782 2554 2838 habuerint
2609 2783 2782 2851 Grieci
2836 2784 2904 2838 ab
2954 2783 3110 2838 initio
3161 2784 3386 2839 humani

1813 2875 2067 2948 generis,
2120 2883 2174 2932 et
2230 2891 2428 2932 novam
2481 2891 2775 2946 veramque
2841 2876 3091 2946 pietatem
3161 2875 3384 2930 induxe-

157 2969 260 3025 rint.
290 2971 396 3027 Cur
449 2974 628 3045 igitur
690 2977 930 3046 antiquis
983 2976 1471 3046 prmstigiatoribus
1533 2983 1658 3028 ante
1687 2973 1817 3028 Jesu
1847 2981 2114 3043 tempora,
2171 2977 2266 3024 aut
2315 2970 2478 3024 etiam
2525 2976 2673 3040 post,
2732 2969 2867 3024 nihil
2925 2968 3032 3023 tale
3070 2974 3166 3022 aut
3208 2967 3386 3022 simile

157 3061 415 3134 inemptum
446 3076 561 3128 est,
602 3074 658 3119 ut
689 3068 1045 3137 probabiliter
1077 3067 1343 3122 afﬁrmare
1380 3066 1678 3136 possimus,
1702 3066 1853 3119 illum
1887 3063 1956 3118 ab
1986 3064 2108 3118 aliis
2145 3063 2198 3118 in
2233 3063 2301 3120 iis
2355 3079 2476 3134 quae
2537 3062 2603 3117 ad
2637 3062 2938 3133 prmstigias
2975 3062 3248 3132 pertinent
3288 3061 3384 3117 ad-

154 3152 298 3221 jutum
335 3157 552 3213 fuisse?
593 3159 747 3225 Quod
780 3161 824 3214 si
892 3175 1050 3214 nemo
1108 3159 1185 3213 illi
1252 3158 1482 3212 similem
1515 3157 1822 3227 quempiam
1853 3154 2099 3225 proferre
2129 3155 2302 3224 possit
2335 3156 2541 3225 (nullus
2579 3155 2724 3210 enim
2755 3155 2832 3208 illi
2857 3163 3020 3210 tanta
3049 3164 3241 3210 auctor
3269 3154 3376 3209 vir-

161 3249 304 3318 tutis),
332 3250 440 3318 jam
476 3269 616 3320 ergo
661 3251 936 3307 fatendum
968 3253 1058 3317 sit,
1114 3252 1426 3306 inusitatam
1475 3248 1767 3321 quamdam
1810 3247 2161 3318 divinamque
2211 3257 2462 3302 naturam
2520 3249 2660 3302 inter
2721 3248 2970 3304 homines
3018 3262 3140 3302 esse
3188 3261 3375 3302 versa-

153 3343 263 3402 tam,
326 3356 442 3409 qua:
503 3341 628 3395 sola
670 3348 723 3395 ct
763 3342 935 3410 prima
968 3357 1030 3396 ea
1064 3357 1185 3411 qua:
1231 3355 1510 3410 nunquam
1554 3339 1808 3393 humanis
1862 3339 2090 3393 auribus
2152 3339 2339 3393 audita
2377 3339 2508 3403 sint,
2545 3339 2851 3409 perfecerit.
2890 3338 2954 3392 Et
3005 3338 3119 3393 haec
3165 3339 3383 3409 quidem

160 3429 400 3488 hactenus.

211 3524 355 3577 Πάλιν
383 3526 437 3579 δὲ
470 3527 573 3577 ἐπὶ
601 3525 692 3578 τὸν
719 3525 784 3578 δι’
809 3526 1054 3591 ἐναντίας
1092 3526 1251 3591 ἰτέον,
1283 3528 1584 3600 ὲρωτητέον
1614 3547 1692 3595 τε,

1871 3528 2025 3584 Nunc
2077 3545 2272 3584 rursus
2333 3529 2726 3583 contradiccnti
2791 3530 3106 3584 adversario
3167 3529 3380 3584 obviam

158 3621 304 3673 sirm:
329 3621 632 3692 ὀφθαλμοῖς
663 3618 822 3684 οἶδεν,
857 3623 890 3694 ἢ
930 3625 1064 3694 ἀκοῇ
1098 3624 1236 3693 ἔγνω
1274 3627 1474 3696 γόητας
1516 3645 1575 3679 τε
1606 3627 1698 3680 καὶ

157 3715 442 3782 ταρμακέας
468 3714 603 3784 δίχα
633 3715 868 3768 σπονδῶν
896 3717 988 3768 καὶ
1027 3717 1278 3788 θυμάτων
1312 3719 1406 3772 καὶ
1433 3719 1700 3790 δαιμόνων

157 3804 454 3877 ἐπικλήσεως
484 3824 556 3860 τε
582 3807 674 3860 καὶ
705 3809 1002 3879 παρουσίας
1034 3809 1407 3881 γοητεύοντας.
1429 3813 1573 3882 Μήτι
1605 3807 1698 3866 οῦν

158 3898 231 3948 καὶ
274 3900 402 3952 κατὰ
454 3899 558 3953 τοῦ
600 3900 849 3971 Σωτῆρος
893 3902 1071 3972 ἡμῶν,
1119 3903 1153 3973 ἢ
1198 3903 1338 3957 κατὰ
1385 3903 1491 3957 τῶν
1534 3905 1696 3959 αὑτοῦ

157 3986 366 4061 λόγων,ἧ
397 3989 548 4043 κατὰ
577 3989 685 4043 τῶν
728 3991 894 4043 εἰσέτι
935 3991 1029 4045 νῦν
1064 3990 1366 4063 ζηλούντων
1407 3995 1498 4048 τὸν
1530 3995 1695 4050 αὐτοῦ

159 4076 264 4144 βίον,
288 4080 390 4150 ἔχει.
421 4099 508 4144 τις
541 4079 794 4149 τοιαύτην
822 4081 1102 4152 ἐπιτέρειν
1134 4083 1415 4156 διαϐολήν;
1443 4089 1578 4158 Οὐχὶ
1606 4090 1697 4141 καῖ⁹

157 4170 306 4241 τυςὲλς)
331 4173 506 4243 δῆλον,
543 4171 617 4234 ὡς
657 4173 764 4224 πᾶν
790 4172 1091 4226 τούναντίον
1121 4174 1506 4247 τούτοιςήμεῖς
1541 4181 1588 4231 οί
1629 4180 1696 4234 τὰ

166 4262 306 4333 Ἰησοῦ
343 4265 670 4337 φρονοῦντες
697 4266 1104 4337 ἐπιτηδεύομεν,
1137 4267 1328 4322 θᾶττον
1363 4272 1458 4340 μὲν
1485 4271 1696 4343 θανάτῳ

157 4353 232 4425 τὴν
269 4357 435 4430 ψυχὴν
485 4358 525 4429 ἦ
565 4358 781 4428 δαίμοσι
815 4357 1005 4410 θυσίαν
1048 4357 1322 4429 προέσθαι
1355 4360 1691 4431 τολμῶντες,

158 4445 314 4502 θᾶττον
341 4451 393 4503 δέ
420 4451 526 4521 τῆς
553 4449 700 4521 ζωῆς
731 4449 1070 4520 ἐξιστάμενοι
1099 4451 1132 4522 ἢ
1161 4454 1270 4514 τοῖς
1295 4457 1550 4523 πονηροῖς
1583 4455 1697 4507 δαί-

160 4557 257 4609 μοσι
307 4543 644 4614 δουλωθῆναι
693 4544 1084 4614 ὑπομένοντεςς
1143 4544 1239 4608 Τίς
1280 4544 1336 4596 δὲ
1391 4545 1491 4598 οὐκ
1535 4541 1692 4609 οἶδεν,

157 4632 275 4698 ὅπως
311 4639 401 4691 σὺν
451 4639 594 4708 αὐτῇ
631 4639 694 4708 τῇ
738 4636 832 4689 τοῦ
862 4637 1036 4707 Ἰησοῦ
1083 4637 1424 4709 προσηγορία
1467 4639 1559 4690 καὶ
1598 4640 1693 4691 σὺν

157 4725 308 4796 εὐχαῖς
350 4730 770 4803 καθαρωτάταις
801 4730 908 4782 πᾶν
951 4729 1012 4782 τὸ
1041 4729 1311 4800 δαιμόνων
1353 4729 1512 4800 ἔργον
1556 4732 1693 4783 ἀπε-

157 4816 333 4878 λαύνειν
367 4827 500 4896 ἡμῖν
541 4823 692 4892 φίλον
726 4822 905 4886 ἐστίνς
943 4813 1109 4886 Οῦτος
1139 4823 1168 4874 ό
1209 4821 1302 4875 τοῦ
1335 4822 1508 4893 Ἰησοῦ
1540 4821 1694 4890 λόγος

159 4916 233 4969 καὶ
271 4919 301 4989 ἡ
335 4919 460 4990 παρ’
495 4917 661 4972 αὐτοῦ
713 4915 1027 4969 διδασκαλία
1075 4916 1208 4969 πολὺ
1264 4916 1543 4987 κρείττους
1592 4915 1692 4986 τῆς

157 5008 349 5080 ἀοράτου
410 5011 618 5081 ταύτης
673 5009 954 5079 δυνάμεως
1017 5009 1224 5071 πάντας
1283 5011 1432 5080 ἡμᾶς
1497 5010 1690 5079 ἀπειρ-

159 5100 358 5166 γάσατο,
385 5102 612 5176 ἐχθρούς
659 5119 719 5154 τε
758 5101 1024 5171 δαιμόνων
1075 5101 1170 5153 καὶ
1221 5099 1508 5169 πολεμίους
1529 5140 1542 5163 ,
1578 5099 1689 5152 ἀλλ’

159 5193 207 5242 οὗ
231 5194 414 5262 φΰιους,
479 5194 603 5248 οὐδὲ
657 5194 939 5265 συνήθεις,
1009 5191 1204 5246 πολλοῦ
1262 5192 1342 5246 δεῖ
1419 5192 1692 5263 ὑπηκόους

161 5286 235 5337 καὶ
274 5288 608 5360 ὑποχειρίους
641 5284 780 5342 εἶναι
830 5284 1252 5360 παρεσκεύασεν.
1303 5286 1360 5338 '0
1417 5285 1481 5354 δὴ
1514 5284 1691 5337 τοιού-

161 5391 256 5441 τους
276 5383 412 5452 ἡμᾶς
457 5379 811 5452 προαγαγὼν,
859 5377 976 5442 πῶς
1030 5377 1095 5432 ἂν
1141 5375 1300 5440 αὐτὸς
1340 5375 1521 5439 δοῦλος
1569 5378 1690 5444 ἐγε-

160 5470 277 5536 γόνει
318 5473 617 5545 δαιμόνων;
685 5472 799 5537 πῶς
848 5471 891 5525 δ’
948 5470 1012 5524 ἂν
1054 5473 1164 5533 τοῖς
1225 5471 1478 5540 πονηροῖς
1526 5468 1688 5522 πνεύ-

164 5578 294 5629 μασιν
337 5566 558 5631 ἔθυσεν;
601 5567 634 5638 ἢ
674 5565 790 5629 πῶς
837 5564 1064 5636 βοηθοὺς
1120 5563 1378 5635 δαίμονας
1425 5560 1690 5615 ἐπεκαλέ-

163 5669 266 5709 σατο
307 5661 358 5711 ἐν
407 5663 527 5724 ταῖς
565 5659 1066 5733 παραδοξοποιίαις,
1099 5658 1260 5711 ὁπότε
1307 5659 1471 5710 εἰσέτι
1534 5656 1692 5727 δεῦρο

111 5781 114 5785 ·
164 5751 246 5811 πεῖς
272 5751 466 5823 δαίμων
507 5754 599 5807 καί
643 5755 751 5806 πᾶν
783 5751 1088 5822 ἀκάθαρτον
1132 5750 1370 5822 πνεῦμα,
1401 5749 1475 5815 ὥς
1500 5767 1551 5803 τι
1583 5748 1690 5802 τῶν

219 5909 254 5939 ⁸⁸
306 5910 485 5963 Matth.
528 5925 718 5976 xxvm,
745 5909 934 5972 19,20.

327 6008 585 6066 ΡΑϊιιοι..
635 6007 753 6067 Gn.
804 6004 1007 6067 XXII.

1800 3621 2064 3683 eundum,
2085 3620 2241 3691 isque
2269 3620 2688 3690 interrogandus
2717 3622 3034 3690 :ecquando
3064 3623 3178 3676 suis
3204 3627 3377 3684 oculis

1800 3712 1994 3766 viderit
2027 3713 2322 3768 auribusve
2369 3712 2696 3782 perceperit,
2727 3713 3152 3784 prtestigiatorcs
3181 3729 3246 3768 ac
3275 3731 3370 3770 ve-

1800 3807 2004 3862 neficos
2063 3806 2332 3872 homines,
2384 3807 2502 3860 sine
2551 3792 2903 3862 libatiouibus
2953 3818 3006 3862 et
3055 3809 3366 3872 sacrificiis,

1799 3901 2212 3969 daamonumque
2246 3900 2589 3955 invocatione
2643 3913 2708 3954 ac
2738 3901 3048 3969 praesentia,
3079 3901 3379 3971 quidquam

1799 3993 2089 4064 opcratos?
2131 3992 2386 4063 Nunquid
2443 3992 2608 4063 igitur
2651 3999 2745 4046 aut
2790 3998 2987 4046 contra
3043 3989 3382 4047 Salvatorem

1797 4095 2067 4152 nostrum,
2123 4093 2217 4140 aut
2271 4093 2464 4140 contra
2524 4085 2671 4140 illius
2721 4095 3014 4155 pratcepta,
3065 4093 3160 4139 aut
3215 4085 3378 4140 etiam

1798 4185 1986 4231 contra
2016 4193 2110 4233 eos
2143 4177 2236 4248 qui
2267 4177 2427 4233 hodie
2454 4191 2673 4246 quoque
2704 4177 2850 4231 illius
2878 4177 3044 4230 vitam
3073 4177 3375 4238 imitantur,

1799 4271 1970 4338 possit
2001 4269 2198 4340 aliquis
2232 4270 2392 4324 talem
2421 4268 2634 4338 jactare
2668 4267 3036 4322 calumniam?
3073 4267 3266 4324 Nonne
3305 4273 3386 4324 vel

1797 4363 2102 4418 cmentienti
2129 4361 2477 4432 perspicuum
2511 4376 2610 4417 nos
2642 4364 2956 4431 quicunque
2985 4359 3173 4416 Jesum
3203 4371 3380 4417 secta-

1798 4472 1940 4522 mur,
1981 4457 2102 4512 istis
2159 4457 2317 4526 plane
2370 4456 2644 4510 contraria
2704 4456 2887 4510 omnia
2940 4457 3153 4526 Operari
3215 4465 3378 4526 atque

1797 4549 2070 4618 amplecti,
2103 4556 2156 4604 et
2189 4549 2353 4604 citius
2381 4547 2492 4619 pati
2530 4554 2589 4602 ut
2631 4547 2792 4601 morti
2823 4547 3084 4612 animam,
3118 4563 3280 4618 quam
3319 4557 3379 4601 ut

1795 4641 2133 4695 dtemonibus
2156 4640 2485 4696 sacrificium
2509 4638 2803 4695 offeramus
2834 4659 2847 4694 :
2879 4638 3044 4693 citius
3064 4655 3194 4694 vero
3219 4641 3380 4694 susti-
3409 4707 3416 4712 η

1796 4751 1925 4790 nere
1953 4734 2021 4789 de
2053 4735 2161 4787 vita
2191 4734 2479 4798 excedere,
2505 4749 2667 4805 quam
2703 4733 2892 4804 pravis
2934 4733 3274 4788 daemonibus
3322 4735 3376 4788 in

1797 4826 2111 4880 servitutem
2161 4824 2311 4878 dari?
2354 4823 2489 4891 Quis
2539 4832 2718 4880 autem
2763 4825 2978 4896 ignorat
3021 4832 3225 4880 nostrae
3256 4841 3379 4882 esse

1797 4919 2233 4983 consuetudinis,
2258 4917 2378 4989 ipso
2400 4916 2529 4973 Jesu
2564 4916 2804 4979 nomine,
2828 4925 2882 4971 et
2917 4918 3230 4986 purissimis
3255 4931 3378 4988 pre-

1798 5013 1977 5076 cibus,
2031 5027 2248 5067 omnem
2291 5011 2597 5066 daemonum
2624 5009 2964 5064 vexationem
3010 5007 3376 5079 abigere?Sic

1800 5105 1970 5175 ipsius
2017 5102 2146 5159 Jesu
2213 5103 2462 5170 verbum,
2519 5102 2875 5172 ejusdemque
2933 5101 3206 5166 doctrina,
3266 5099 3376 5153 isto

1799 5197 2084 5267 potestatis
2138 5194 2399 5248 invisibili
2448 5207 2666 5264 genere,
2702 5200 2763 5244 ut
2812 5205 3003 5245 omnes
3057 5204 3160 5243 nos
3215 5189 3376 5260 longe

1795 5287 2128 5358 potentiores
2192 5301 2474 5350 essemus,
2540 5283 2750 5347 eﬂ‘ecit,
2818 5283 3130 5336 dmmonum
3186 5281 3375 5351 utique

1799 5381 1986 5435 hostes
2042 5389 2206 5450 atque
2272 5379 2544 5441 inimicos,
2596 5391 2705 5430 non
2765 5382 2946 5429 autem
3016 5375 3224 5429 amicos
3280 5382 3374 5428 aut

1799 5472 2094 5528 familiares
2177 5489 2280 5529 nos
2355 5471 2626 5538 reddens;
2697 5478 2904 5539 quanto
2986 5484 3118 5540 ergo
3193 5470 3374 5525 minus

1797 5581 1985 5620 eorum
2035 5566 2183 5620 dicto
2235 5565 2539 5630 audientes,
2561 5571 2657 5617 aut
2694 5562 2975 5631 subjectos
3015 5561 3376 5632 comparavit?

1803 5657 1958 5726 133
1991 5656 2093 5722 Qui
2127 5656 2292 5727 igitur
2319 5670 2421 5710 nos
2463 5655 2602 5710 tales
2633 5652 2916 5727 produxit,
2939 5654 3031 5724 qui
3056 5653 3169 5708 fieri
3198 5661 3374 5723 potest

1801 5755 1859 5803 ut
1894 5751 2009 5819 ipse
2050 5748 2394 5804 dmmonihus
2448 5747 2611 5802 fuerit
2661 5746 2957 5802 addictus?
3003 5745 3177 5812 Quam
3209 5757 3376 5816 porro
