3954 6570
597 438 707 498 235

1232 442 1500 502 EUSEBII
1537 442 2010 507 CIESARIENSIS
2056 449 2142 508 ΟΡ

2251 451 2451 517 PARS.
2493 455 2561 511 Ῑῐ.
2601 485 2669 498 -
2710 454 3201 513 APOLOGETICA.

3741 455 3844 512 256

596 552 858 610 credibile
888 554 960 611 sit
986 554 1164 621 illum,
1208 566 1304 613 aut
1356 558 1620 631 improbis
1672 564 1959 633 spiritibus
2008 581 2143 622 sacr:

2266 570 2602 625 κολαστικῶν
2643 573 2733 627 καὶ
2779 571 3176 645 βασανιστικῶν
3225 570 3325 642 τῆς
3366 569 3572 634 οἰκείας
3599 567 3843 640 φύσεως,

596 647 813 711 fecisse,
852 655 945 703 aut
999 648 1274 706 daemonas
1330 651 1396 706 ad
1452 653 1715 708 auxilium
1755 671 2001 722 vocasse,
2032 659 2159 713 dum

570 741 857 811 piracula
882 741 1085 805 ederet,
1116 744 1336 813 quando
1387 747 1547 801 hodie
1593 762 1810 819 quoque
1842 751 2022 806 omnis
2054 753 2162 807 (ιω-

593 847 747 898 mon,
778 835 1070 906 omnisque
1110 836 1358 906 impurus
1389 839 1641 909 spiritus,
1678 843 1752 895 ita
1790 841 1919 898 Jesu
1963 858 2158 899 nomen

590 927 868 991 exhorret,
905 937 966 982 ut
988 944 1158 982 unum
1193 930 1397 1000 aliquid
1427 947 1617 987 eorum
1646 949 1766 1002 quae
1795 934 1970 1004 ipsius
1996 944 2158 990 natu-

590 1033 707 1075 ram
739 1021 1040 1091 castigandi
1072 1037 1139 1077 ac
1169 1025 1458 1094 torquendi
1507 1027 1615 1079 vim
1653 1025 1909 1090 habeant,
1956 1027 2158 1084 aufert-

590 1126 699 1182 que
728 1127 788 1167 se
816 1112 986 1178 illico,
1013 1122 1067 1168 et
1097 1116 1350 1170 concedit
1377 1134 1391 1171 :
1422 1123 1629 1171 tantam
1663 1120 1831 1173 sentit
1864 1121 2012 1176 illius
2064 1136 2158 1176 no-

589 1202 751 1257 minis
787 1204 915 1257 vim.
952 1202 1045 1259 Sic
1066 1220 1201 1261 sane
1223 1207 1352 1260 olim
1384 1223 1623 1278 quoque,
1649 1225 1772 1264 cum
1803 1213 1949 1267 inter
1982 1214 2158 1268 homi-

587 1309 687 1350 nes
732 1294 970 1365 degeret,
1020 1312 1129 1351 non
1161 1296 1399 1355 ferentes
1431 1300 1578 1355 illius
1612 1305 1981 1373 praesentiam,
2014 1307 2155 1363 alius

586 1386 825 1449 aliunde,
858 1389 1211 1446 clamabant:
1257 1410 1277 1442 ι
1320 1392 1449 1464 Age,
1478 1394 1606 1464 quid
1632 1396 1790 1451 nobis
1808 1403 1862 1451 et
1885 1397 2002 1463 tibi,
2022 1397 2154 1455 Jesu

584 1471 687 1531 Fili
712 1475 839 1531 Dei?
871 1479 1065 1533 venisti
1090 1488 1217 1534 ante
1252 1489 1464 1551 tempus
1483 1490 1736 1553 torquere
1759 1502 1860 1543 nos
1884 1487 1927 1519 ⁸¹
1955 1489 1978 1543 ?
2017 1510 2036 1542 ι
2061 1489 2156 1545 Vir

585 1574 771 1623 autem
804 1569 1096 1640 priestigiis
1123 1585 1352 1639 prorsus
1382 1573 1648 1639 intentus,
1673 1583 1729 1630 et
1769 1579 1927 1647 plane
1960 1580 2154 1650 despe-

472 1702 495 1717 ..
584 1659 721 1715 ratis
750 1660 918 1716 rebus
945 1677 1107 1717 omne
1135 1678 1295 1718 suum
1322 1665 1562 1720 studium
1596 1667 1940 1738 impendens,
1973 1687 2155 1727 nonne

583 1752 667 1805 vel
698 1751 1017 1822 imprudens
1052 1755 1169 1825 ipse
1211 1756 1279 1811 de
1322 1757 1503 1826 seipso
1533 1759 1737 1813 indicio
1770 1762 1860 1826 sit,
1889 1766 2035 1832 quod
2066 1765 2153 1818 in-

584 1842 763 1899 fandis
810 1845 1077 1911 moribus,
1129 1847 1273 1917 quod
1327 1850 1611 1914 scelestus,
1661 1853 1807 1922 quod
1857 1854 2148 1920 obscenus,

581 1935 741 2004 quod
760 1937 1006 2008 religioni
1048 1940 1326 2005 inimicus,
1364 1943 1509 2013 quod
1544 1944 1801 2015 injustus,
1851 1949 1997 2017 quod
2057 1950 2155 2003 im-

582 2028 740 2096 pius?
771 2028 874 2095 Qui
905 2046 1036 2086 vero
1062 2034 1186 2088 talis
1218 2035 1311 2101 sit,
1354 2035 1497 2090 unde
1520 2045 1612 2091 aut
1638 2039 1912 2107 quomodo
1942 2055 2005 2094 ea
2030 2056 2151 2111 qua:

579 2119 650 2175 ad
697 2121 1015 2192 religionem
1050 2126 1344 2194 pertinent,
1402 2127 1542 2184 alios
1588 2131 1818 2187 doceat?
1866 2131 2151 2198 Quomodo

579 2212 708 2268 item
753 2230 874 2286 quae
915 2216 982 2270 ad
1029 2219 1472 2288 temperantiam,
1505 2237 1625 2291 quae
1657 2223 1724 2278 ad
1756 2222 1850 2278 Dei
1882 2223 2151 2295 cognitio-

578 2320 725 2374 nem,
785 2324 906 2377 quae
955 2311 1021 2365 ad
1054 2310 1299 2365 divinum
1337 2312 1513 2367 forum
1554 2328 1617 2370 ac
1650 2315 1918 2385 judicium
1949 2316 2150 2371 summi

577 2397 711 2454 Dei?
736 2399 929 2456 Nonne
957 2402 1040 2458 his
1066 2404 1323 2459 omnibus
1351 2406 1628 2461 contraria
1654 2407 1837 2477 potius
1866 2422 2143 2463 commen-

574 2488 666 2543 det
695 2504 761 2544 ac
797 2491 1071 2561 praeferat,
1119 2509 1233 2549 sua:
1275 2495 1451 2565 ipsius
1502 2496 1754 2567 nequitiae
1784 2506 2147 2554 consentanea

578 2583 939 2652 perpetrans?
968 2584 1159 2641 Nonne
1190 2586 1381 2650 Deum,
1424 2587 1628 2658 Deique
1656 2589 2053 2658 providentiam
2083 2605 2147 2647 ac

578 2674 670 2729 Dei
700 2675 969 2743 judicium
999 2676 1195 2747 neget?
1229 2675 1422 2733 Nonne
1463 2680 1645 2733 omnia
1683 2678 1751 2732 de
1778 2679 2001 2743 virtute,
2027 2695 2146 2734 om-

573 2768 665 2822 nia
692 2767 759 2821 de
800 2767 1216 2824 immortalitate
1249 2770 1446 2825 anima:
1477 2770 1639 2825 verba
1690 2771 1956 2827 irrideat?
1987 2770 2143 2838 Quod

573 2857 620 2913 si
651 2857 783 2928 quid
813 2859 922 2914 tale
950 2859 1115 2914 etiam
1147 2859 1202 2913 in
1236 2860 1303 2915 iis
1333 2876 1455 2930 qua:
1482 2861 1547 2915 ad
1583 2861 1918 2917 Salvatorem
1960 2862 2144 2918 Domi-

574 2962 819 3016 numque
851 2956 1102 3003 nostrum
1136 2951 1430 3020 pertinent,
1464 2952 1665 3007 intueri
1707 2952 1977 3017 licuisset,
2006 2954 2142 3008 nihil

572 3055 707 3095 sane
739 3038 934 3095 fuisset
965 3040 1282 3097 dicendum.
1321 3050 1389 3095 At
1418 3058 1548 3098 vero
1569 3058 1692 3098 cum
1717 3042 1773 3099 in
1805 3044 2035 3116 singulis
2055 3060 2142 3101 re-

571 3133 675 3188 bus
704 3138 760 3187 et
796 3132 1003 3198 verbis,
1033 3132 1272 3189 universi
1304 3134 1553 3206 opificem
1609 3133 1777 3190 Deum
1812 3133 2029 3191 Patrem
2056 3137 2142 3191 in-

569 3238 766 3280 vocare
793 3223 1014 3279 solitum
1050 3232 1286 3289 constet,
1328 3227 1577 3297 talesque
1619 3242 1760 3298 quos
1809 3229 1863 3283 in
1896 3227 2141 3299 discipli-

2266 662 2360 714 τοῦ
2389 664 2561 733 ’ῖησοῦ
2575 664 2636 717 τὸ
2657 664 2824 735 ὄνομα
2844 666 3074 737 φρίττει,
3097 663 3446 730 ὑπεξίσταταί
3466 680 3523 717 τε
3545 664 3642 717 καὶ
3663 681 3845 736 παρα-

2268 759 2435 828 χωρεῖ
2457 760 2520 830 τῇ
2564 759 2661 829 τῆς
2698 759 3065 831 προσηγορίας
3095 758 3155 811 δυ
3171 758 3351 829 δάμει;
3387 757 3695 829 Ὠσπεροῦν
3751 759 3846 811 καὶ

2266 850 2430 903 πάλαι
2460 850 2580 903 καθ’
2604 851 2662 903 δν
2691 851 2948 922 ἐπεδήμει
2988 851 3065 921 τῷ
3093 850 3191 920 βίῳ
3216 850 3425 920 χρόνον,
3462 849 3536 921 μὴ
3579 849 3848 920 φέροντες

2265 940 2429 993 αὐτοῦ
2454 940 2552 1012 τὴν
2582 942 2901 1013 παρουσίαν,
2938 942 3095 1005 ἀλλος
3136 942 3358 995 ἄλλοθεν
3391 941 3519 995 ἐϐόα
3537 957 3551 971 ·
3581 961 3601 991 ι
3632 943 3771 1003 Ἔα,
3795 942 3845 994 τί

2265 1033 2391 1101 ἡμῖν
2420 1034 2514 1085 καὶ
2541 1034 2641 1097 σοὶ,
2679 1034 2850 1104 Ἰησοῦ
2871 1034 2966 1087 Υἱὲ
2988 1034 3080 1088 τοῦ
3109 1033 3241 1088 Θεοῦ
3268 1052 3283 1099 ;
3319 1030 3480 1105 ἦλθες
3502 1035 3610 1105 πρὸ
3638 1032 3843 1104 καιροῦ

2268 1124 2553 1195 βασανίσαι
2576 1127 2761 1197 ἡμᾶς
2800 1146 2819 1177 ι
2867 1127 3029 1198 Ἀνὴρ
3057 1127 3101 1179 δ’
3141 1127 3276 1190 ὅλως
3296 1126 3517 1197 γοητείᾳ
3550 1127 3843 1197 προσέχων

2263 1215 2350 1268 τὸν
2372 1216 2514 1282 νοῦν,
2549 1217 2643 1272 καὶ
2682 1221 2896 1281 πάντως
2924 1217 2989 1285 γέ
3012 1234 3114 1270 που
3142 1215 3532 1286 ἀπειρημένοις
3571 1214 3844 1286 πράγμα-

2265 1324 2346 1361 σιν
2388 1309 2671 1381 ἐγχειρῶν,
2725 1308 2813 1383 ἆρ⁹
2850 1309 2947 1363 οὐκ
2987 1308 3051 1361 ἂν
3084 1309 3170 1377 εἴη
3195 1306 3351 1378 δῆλος
3388 1306 3599 1368 ἀνόσιος
3631 1304 3720 1357 ὢν
3752 1304 3841 1359 τὸν

2261 1401 2479 1471 τρόπον,
2529 1402 2621 1455 καὶ
2676 1403 2889 1475 μιαρὸς,
2960 1403 3054 1455 καὶ
3108 1400 3348 1473 αἰσχρὸς,
3397 1400 3491 1453 καὶ
3525 1399 3715 1463 ἄθεος,
3740 1399 3841 1452 καὶ

2261 1490 2489 1562 ἀσεϐής;
2524 1492 2772 1558 Τοιοῦτος
2800 1492 2857 1546 δὲ
2882 1482 2976 1555 ῶν,
3007 1491 3167 1545 πόθεν
3203 1492 3235 1563 ἤ
3268 1491 3385 1555 πῶς
3411 1490 3480 1543 τὰ
3508 1492 3637 1562 περὶ
3684 1490 3836 1542 εύσεο

2260 1579 2406 1643 ϐείας
2452 1581 2680 1646 διδάξειν
2741 1582 2983 1653 ἐτέρους,
3048 1581 3083 1650 ἦ
3111 1580 3178 1634 τὰ
3213 1582 3341 1651 περὶ
3382 1578 3769 1652 σωφροσύνης,
3803 1578 3834 1649 ἢ

2259 1673 2325 1726 τὰ
2356 1676 2483 1746 περὶ
2514 1675 2648 1729 Θεοῦ
2680 1676 2950 1745 γνώσεως,
2977 1676 3008 1746 ἢ
3040 1674 3107 1729 τὰ
3142 1675 3269 1746 περὶ
3319 1673 3715 1743 δικαιωτηρίου
3743 1672 3836 1725 καὶ

2266 1766 2500 1835 κρίσεως
2536 1766 2630 1819 τοῦ
2673 1768 2764 1821 ἐπὶ
2815 1767 3030 1821 πάντων
3063 1763 3229 1831 Θεοῦ;
3256 1765 3390 1835 Οὐχὶ
3421 1756 3836 1818 τούτωνσὰπάν-

2257 1874 2362 1910 των
2383 1856 2451 1910 τὰ
2467 1859 2681 1912 ἐναντία
2709 1858 3019 1930 πρεσϐεύει,
3045 1857 3311 1912 ἀκόλουθα
3336 1859 3403 1928 τῇ
3432 1854 3597 1910 αὑτοῦ
3616 1855 3833 1927 μοχθη-

2255 1947 2345 2018 ρίᾳ
2378 1947 2662 2018 πράττων;
2692 1950 2782 2002 καὶ
2801 1948 2931 2002 Θεὸν
2954 1950 3049 2019 μὲν
3077 1950 3389 2021 ἀρνήσεται,
3424 1949 3519 2002 καὶ
3536 1946 3682 2000 Θεοῦ
3708 1946 3831 2018 πρό-

2255 2053 2399 2090 νοιαν
2425 2077 2439 2101 ,
2469 2037 2562 2090 καὶ
2591 2038 2725 2091 Θεοῦ
2753 2041 2952 2111 κρίσιν,
2975 2038 3226 2109 χλευάσει
3242 2038 3298 2093 δὲ
3321 2037 3446 2101 τοὺς
3469 2038 3598 2109 περὶ⁵
3616 2036 3830 2107 ἀρετῆς

2252 2124 2496 2187 καὶτοὺς
2546 2126 2671 2196 περὶ
2693 2125 2871 2198 ψυχῆς
2918 2125 3213 2190 ἀθανασίας
3257 2127 3477 2196 λόγουςλ
3509 2127 3574 2179 Εἰ
3616 2125 3729 2196 μὲν
3768 2125 3830 2195 δὴ

2247 2215 2471 2269 τοιαῦτά
2489 2234 2609 2271 τινα
2633 2213 2702 2289 ἦν
2737 2219 2864 2272 ἰδεῖν
2898 2219 2991 2273 καὶ
3019 2219 3148 2291 περὶ
3174 2219 3267 2273 τὸν
3300 2219 3528 2291 Σωτῆρα
3574 2218 3677 2273 καὶ
3715 2217 3830 2270 Κύ-

2250 2325 2360 2380 ριον
2377 2309 2551 2381 ἡμῶν,
2580 2310 2731 2365 οὐδὲν
2757 2311 2821 2365 ἀν
2845 2307 2912 2383 ἦν
2938 2314 3109 2365 εἰπεῖν
3127 2328 3140 2343 ·
3174 2313 3223 2365 εί
3248 2312 3293 2366 δ’
3314 2313 3400 2382 ἐφ’
3433 2311 3649 2382 ἑκάστῳ
3687 2310 3832 2381 πράο-

2246 2417 2417 2470 γματι
2450 2404 2545 2456 κα)⁸
2564 2402 2708 2474 λόγῳ
2725 2405 2817 2457 τὸν
2842 2405 3060 2459 πάντων
3080 2404 3410 2476 δημιουργὸν
3439 2403 3661 2474 Πατέρα
3694 2403 3831 2456 Θεὸν

2244 2488 2679 2562 ἀνακαλούμενος
2742 2493 3157 2559 ἀποδείκνυται,
3213 2494 3307 2546 καὶ
3365 2493 3492 2556 τοὺς
3552 2492 3830 2564 φοιτητὰς

2243 2582 2513 2649 τοιούτους
2545 2582 2683 2640 εἶναι
2713 2586 3162 2658 παρασκευάζων,
3193 2587 3289 2640 καὶ
3323 2588 3371 2639 εί
3392 2585 3624 2657 σώφρων
3654 2584 3831 2649 αὐτὸς

2243 2676 2338 2727 καὶ
2362 2676 2655 2749 σωφρόνων
2692 2678 2865 2747 λόγων
2893 2677 3231 2742 διδάσκαλος,
3262 2678 3356 2731 καὶ
3378 2678 3426 2731 εί
3451 2677 3689 2749 ποιητὴς
3734 2680 3829 2732 καὶ

2243 2765 2416 2837 κῆρυξ
2435 2767 2799 2837 δικαιοσύνης,
2825 2768 2918 2820 καὶ
2953 2766 3225 2838 ἀληθείας,
3255 2767 3350 2820 καὶ
3381 2764 3826 2835 φιλανθρωπίας,

2242 2857 2337 2909 καὶ
2383 2856 2584 2929 ἀρετῆς
2644 2855 2880 2926 ἀπάσης,
2925 2856 3020 2909 καὶ
3045 2854 3349 2917 θεοσεϐείας
3392 2849 3696 2922 εἰσηγητὴς
3731 2851 3827 2906 τοῦ

2243 2948 2628 3019 παμϐασιλέως
2646 2949 2780 3003 Θεοῦ
2800 2966 2814 2980 ·
2846 2948 2961 3012 πῶς
2989 2950 3086 3018 οὐχ
3114 2939 3528 3009 ἕπεταιτούτοις
3550 2944 3613 2998 τὸ
3641 2944 3827 3017 μηθὲν

2245 3040 2342 3111 μὲν
2374 3038 2623 3109 ἡγεῖσθαι
2679 3039 2819 3093 κατὰ
2873 3037 3124 3108 γοητείαν
3152 3038 3313 3092 αὐτὸν
3344 3036 3453 3090 τῶν
3489 3034 3825 3105 παραδόξων

2242 3131 2617 3202 πεποιηκέναι,
2668 3131 2891 3203 δυνάμει
2936 3131 2981 3184 δ’
3013 3132 3328 3203 ἀπορρήτῳ,
3360 3129 3453 3183 καὶ
3481 3129 3556 3193 ὼς
3591 3128 3825 3199 ἀληθῶς

2241 3226 2407 3298 ὲνοέῳ
2429 3226 2830 3296 συνομολογεϊν;
2861 3225 2998 3279 Ἀλλ’
3023 3227 3102 3289 είς
3129 3224 3380 3279 τοσοῦτον
3400 3224 3642 3287 ἐλαύνεις
3667 3225 3824 3296 ἀπη-

568 3330 694 3370 nam
722 3316 1016 3387 acciperet,
1043 3332 1394 3387 comparasse
1420 3337 1433 3372 :
1460 3333 1583 3372 cum
1613 3326 1668 3374 et
1693 3319 1807 3390 ipse
1830 3329 2138 3391 temperans

2251 3317 2405 3382 νείας,
2440 3318 2514 3381 ὡς
2547 3319 2620 3388 μὴ
2652 3318 2931 3387 λογισμοῖς
2956 3314 3216 3386 σώφροσι,
3243 3314 3415 3382 λόγων
3441 3330 3499 3366 τε
3515 3312 3824 3385 ἀκολουθίᾳ

568 3408 757 3474 fuerit,
810 3418 863 3464 et
908 3411 1198 3467 verborum
1248 3428 1368 3483 qua:
1408 3412 1474 3466 ad
1511 3413 1924 3483 temperantiam
1971 3415 2139 3484 perti-

566 3509 698 3558 nent
720 3510 1062 3573 preceptor:
1093 3518 1219 3557 cum
1260 3514 1471 3568 auctor,
1515 3504 1948 3576 praedicatorque
1973 3503 2137 3574 justi—

564 3594 675 3659 tiaa,
702 3596 972 3662 veritatis,
995 3595 1380 3660 humanitatis,
1413 3597 1632 3652 virtutis
1659 3597 1926 3653 universa:
1958 3616 1971 3653 :
2008 3613 2131 3652 cum

2241 3411 2526 3480 προσέχειν
2576 3410 2665 3463 τὸν
2724 3408 2882 3473 νοῦν,
2941 3408 3071 3478 μηδὲ
3131 3406 3412 3461 πείθεσθαι
3470 3409 3582 3471 τοῖς
3634 3408 3823 3462 εἰκόσι

2238 3500 2577 3571 τεκμηρίοις,
2627 3498 2867 3553 ὑπονοῶν
2896 3499 3035 3568 τάχα
3059 3515 3162 3550 που
3201 3498 3326 3560 τοὺς
3345 3497 3601 3566 λέγοντας
3634 3498 3818 3569 ἡμᾶς.

2250 3592 2408 3645 Ἀλλὰ
2436 3592 2498 3645 σύ
2524 3610 2585 3660 γε
2606 3592 2709 3646 κᾶν
2737 3590 2844 3644 τῶν
2878 3589 3075 3644 σαυτοῦ
3100 3589 3388 3660 δαιμόνων,
3413 3588 3589 3642 αὐτῶν
3611 3588 3681 3661 δὴ
3703 3589 3819 3643 τῶν

562 3686 845 3758 religionis
894 3686 1005 3740 dux
1049 3693 1103 3741 et
1152 3686 1433 3757 magister,
1484 3703 1604 3759 quae
1649 3689 1899 3745 omnium
1950 3704 2130 3760 regem

2251 3684 2573 3758 (ρησμῳδῶν
2590 3684 2745 3748 θεῶν,
2771 3683 2953 3747 ἄκουε,
2978 3681 3056 3753 τῷ
3083 3682 3339 3753 Σωτῆριή
3349 3680 3464 3751 μῶν
3496 3680 3593 3750 οὐχ
3614 3679 3820 3753 ὥσπερ

561 3776 733 3834 Deum
773 3778 907 3833 colit
937 3798 951 3834 :
987 3795 1086 3835 cur
1108 3794 1219 3834 non
1240 3781 1329 3836 his
1359 3768 1789 3838 consentaneum
1814 3783 1886 3839 sit
1916 3791 2131 3853 putare,

2251 3778 2297 3831 τὺ
2333 3776 2605 3848 γοητείαν,
2631 3776 2744 3829 ἀλλ’
2772 3774 3049 3829 εὐσέϐειαν
3072 3776 3164 3828 καὶ
3195 3775 3382 3843 σοφίαν
3410 3773 3502 3827 καὶ
3528 3775 3609 3836 είς
3635 3773 3816 3845 οὐρα-

561 3869 700 3924 nihil
732 3882 923 3924 eorum
954 3886 1076 3941 quae
1099 3872 1154 3926 in
1195 3872 1289 3926 illo
1313 3872 1673 3937 admiramur,
1706 3874 1776 3929 ab
1801 3874 1896 3928 illo
1925 3889 2021 3943 per
2040 3874 2135 3929 do-

2251 3871 2353 3933 νοὺς
2379 3869 2563 3922 ἄνοδον
2597 3866 3032 3941 μαρτυρούντων.
3051 3867 3145 3930 Τίς
3177 3866 3221 3919 δ’
3249 3865 3315 3919 ἂν
3337 3865 3542 3934 γένοιτό
3569 3883 3653 3919 σοι
3677 3867 3816 3920 τού-

557 3959 674 4014 lum
712 3957 1135 4029 praestigiarum,
1177 3967 1270 4014 aut
1318 3975 1416 4029 per
1444 3958 1715 4015 fallaciam
1747 3961 2001 4032 gestum?
2032 3974 2133 4014 cur

2251 3979 2334 4016 των
2364 3962 2675 4027 ἀξιόπιστος
2718 3960 2978 4031 ὁμολογία
3027 3958 3223 4031 μᾶλλον
3242 3961 3339 4031 τῆς
3365 3958 3459 4013 τοῦ
3487 3958 3609 4013 καθ’
3640 3962 3675 4029 ἠ
3686 3961 3815 4031 μῶν

553 4065 673 4106 non
700 4050 888 4121 potius
918 4063 1119 4105 arcana
1149 4050 1384 4120 quadam
1420 4051 1495 4116 vi,
1525 4067 1760 4122 vereque
1784 4051 1971 4109 divina
1995 4067 2128 4108 con-

2251 4049 2487 4120 τολεμίου
2542 4049 2779 4120 γραφῆς,
2818 4047 2885 4119 ἥν
2914 4051 2971 4102 ὲν
3002 4042 3083 4110 οἷς
3127 4046 3402 4119 ἐπέγραψε
3433 4046 3560 4118 περὶ
3580 4046 3684 4116 τῆς
3713 4042 3814 4103 Ἐκ

554 4141 741 4199 ﬁeri?
766 4141 922 4210 Quod
970 4142 1017 4200 si
1063 4157 1129 4198 eo
1177 4142 1443 4199 vecordiae
1483 4143 1822 4213 proveheris,
1858 4152 1915 4198 ut
1950 4159 2127 4214 neque

2251 4140 2454 4210 τογίων
2472 4140 2836 4209 φιλοσοφίας
2859 4141 2915 4192 ὲν
2938 4140 3106 4210 τρίτῳ
3126 4138 3512 4210 συγγράμματι
3533 4138 3811 4206 τέθειται,

550 4237 800 4293 rationes
828 4237 1196 4308 incorruptas,
1222 4252 1397 4306 neque
1424 4238 1711 4293 verborum
1743 4237 2123 4293 necessitatem

2251 4225 2329 4285 ἶ)δὲ
2362 4250 2477 4296 πως
2518 4232 2743 4303 ἱστορῶν
2772 4230 2915 4285 κατά
2939 4229 3108 4294 λέξιν.

554 4330 691 4386 velis
724 4330 1027 4394 attendere,
1093 4345 1269 4400 neque
1304 4345 1433 4384 vero
1496 4329 1869 4400 probabilibus
1928 4326 2265 4398 argumentis
2294 4326 2629 4391 auscultare,
2689 4324 2815 4395 quia
2867 4323 3100 4380 fortasse
3133 4339 3234 4380 nos
3270 4324 3426 4395 quasi
3458 4338 3682 4381 causam
3720 4327 3813 4382 di-

552 4426 740 4478 centes
778 4420 948 4475 babes
977 4426 1284 4488 suspectos,
1321 4430 1376 4473 at
1411 4428 1466 4474 tu
1540 4420 1648 4477 tuis
1688 4421 1880 4475 saltem
1945 4418 2307 4482 daemonibus,
2365 4417 2520 4489 ipsis,
2557 4417 2804 4488 inquam,
2844 4416 3001 4489 135
3034 4417 3255 4472 oracula
3308 4417 3659 4473 reddentibus
3688 4419 3811 4475 diis

552 4514 824 4579 ausculta,
878 4514 972 4585 qui
1024 4512 1290 4568 Salvatori
1357 4522 1570 4579 nostro,
1621 4531 1731 4571 non
1786 4522 1846 4569 ut
1899 4522 1958 4570 tu
2011 4515 2411 4585 praestigiarum
2460 4513 2752 4578 fallaciam,
2789 4514 2885 4569 sed
2935 4513 3190 4584 pietatem
3240 4520 3293 4568 et
3362 4513 3714 4584 sapientiam,
3749 4524 3810 4573 et

550 4621 845 4663 ascensum
900 4608 959 4662 in
1004 4608 1203 4663 cmlum
1257 4624 1357 4663 suo
1406 4610 1719 4664 testimonio
1765 4610 2032 4665 tribuunt.
2072 4609 2314 4675 Quorum
2377 4608 2596 4679 quidem
2658 4609 2934 4679 quodnam
2991 4608 3088 4663 tibi
3121 4606 3339 4678 dignius
3385 4607 3471 4663 cui
3515 4607 3673 4662 fidem
3704 4608 3808 4664 ha.

551 4699 684 4754 beas
729 4699 1103 4754 testimonium
1156 4699 1239 4755 vis
1288 4698 1431 4761 dari,
1481 4715 1642 4769 quam
1677 4701 1885 4755 inimici
1944 4701 2117 4757 nostri
2156 4699 2578 4765 confessionem,
2651 4715 2816 4771 quam
2855 4700 2910 4754 in
2943 4702 3105 4755 tertio
3169 4699 3443 4755 volumine
3487 4698 3668 4768 posuit
3699 4717 3807 4756 eo—

548 4810 674 4850 rum
704 4810 825 4866 quae
855 4795 1158 4867 inscripsit,
1191 4794 1269 4850 De
1289 4796 1615 4865 philosophia
1643 4798 1990 4862 selectorum,
2015 4797 2109 4851 ubi
2151 4796 2266 4852 haec
2297 4797 2366 4851 ad
2393 4797 2618 4853 verbum
2645 4795 2833 4853 refert.

546 4931 959 5016 Quodrﬂicacia
986 4935 1098 5014 ipsa
1128 4944 1281 5004 atque
1307 4934 1583 5016 evidentia,
1608 4936 1752 5016 illius
1788 4936 1976 5016 divime
2005 4940 2113 5016 vir-

2251 4937 2324 5002 Ως
2538 4936 2666 5016 *τῆς
2720 4935 3020 5016 ἐγεργείας
3069 4932 3257 5016 αὐτῆς
3293 4929 3617 5016 Cyr-[optimi
3664 4938 3802 5016 τοῖς

623 5005 751 5058 tutis
786 5005 889 5057 vim
919 5003 1207 5072 perspicue
1235 5003 1459 5056 ostendit
1499 5008 1823 5061 amatoribus
1857 5010 2111 5064 raritatis.

622 5073 859 5132 Oracula
884 5074 947 5129 de
975 5072 1208 5131 Christo.

617 5212 961 5271 Vll.cMirum
981 5210 1205 5268 forsitan
1226 5211 1496 5275 nonnullis
1525 5211 1818 5274 videbitur,
1850 5212 1995 5283 quod
2030 5213 2116 5266 di-

539 5301 688 5355 cturi
734 5316 948 5357 sumus.
1008 5299 1288 5372 Siquidem
1336 5303 1612 5358 Christum
1643 5302 1718 5357 dii
1750 5317 1960 5357 summe
1993 5301 2118 5357 reli-

544 5392 759 5462 giosum
794 5393 1269 5466 immortalemque
1310 5394 1479 5451 fuisse
1530 5393 1909 5466 prodiderunt,
1942 5393 2115 5463 deque

545 5484 640 5538 illo
670 5498 793 5537 cum
833 5485 993 5542 laude
1021 5487 1353 5543 mentionem
1394 5487 1647 5554 faciunt;
1687 5505 1705 5538 ι
1761 5494 1816 5542 et
1862 5500 2115 5542 sermone

538 5590 866 5645 progressus
897 5576 1146 5649 adjnngit
1180 5597 1193 5633 :
1254 5596 1273 5630 ι
1331 5578 1499 5650 Igitur
1522 5578 1590 5634 de
1620 5577 1844 5635 Christo
1873 5579 2112 5634 interro-

541 5666 815 5736 gantibus,
842 5677 1022 5722 utrum
1050 5670 1120 5723 sit
1156 5669 1317 5736 Deus,
1342 5671 1626 5742 respondit
1659 5687 1672 5725 :

610 5868 652 5902 ⁸⁸
687 5866 871 5923 Matth.
908 5886 1030 5938 vm,
1054 5869 1144 5927 29.

2293 5002 2698 5075 εριλαλήθεσιν
2747 5007 2785 5074 ἠ
2816 5002 2926 5073 τῆς
2955 5005 3086 5072 περὶ
3113 5002 3300 5057 αὐτὸν
3326 5003 3533 5075 ἐνθέου
3569 5002 3804 5075 (ipsaig-

2295 5073 2564 5158 Bergium.
2640 5076 2904 5145 Χρησμοὶ
2931 5074 3190 5143 περὶτοῦ
3229 5073 3503 5142 Χριστοῦ.

2274 5214 2697 5286 Ζ’.εΠαράδοξον
2713 5212 3056 5279 ἴσωςδόξεςεν
3085 5212 3149 5267 ἀν
3172 5229 3314 5266 τισιν
3345 5209 3563 5264 εἶναιτὸ
3593 5210 3802 5279 μέλλον

2223 5304 2472 5372 λέγεσθαι
2525 5306 2613 5373 ὑφ’
2666 5304 2837 5375 ὴμῶν.
2863 5303 2964 5356 Τὸν
3007 5303 3114 5374 γὰρ
3142 5302 3372 5375 Χριστὸν
3393 5305 3440 5356 οἱ
3477 5302 3587 5356 θεοὶ
3631 5304 3798 5357 εὐσε-

2223 5395 2481 5449 ϐέστατον
2507 5394 2850 5464 ἀπεφήναντο
2891 5393 2985 5446 καὶ
3022 5392 3285 5448 ἀθάνατον
3312 5393 3591 5462 γεγονότα,
3622 5394 3794 5465 εύφής

2225 5502 2342 5557 μως
2360 5503 2419 5538 τε
2446 5482 2607 5538 αὐτοῦ
2640 5484 3047 5554 μνημονεύουσι.
3080 5502 3098 5534 ι
3138 5483 3246 5536 Καὶ
3280 5483 3484 5546 ὑποϐὰς
3509 5480 3788 5551 ὲπιλέγει’

2224 5596 2242 5628 ι
2286 5578 2421 5648 Περὶ
2449 5575 2578 5646 γοῦν
2608 5574 2700 5629 τοῦ
2739 5575 2976 5648 Χριστοῦ
3005 5577 3394 5648 ὲρωτησάντων
3420 5578 3469 5631 εί
3491 5576 3605 5631 ἐστι
3626 5576 3789 5643 Θεὸς,

2220 5668 2385 5741 φησίν
2408 5685 2424 5702 ·
