3954 6524
164 463 254 517 237
1054 459 1688 519 DEMONSTRATIONIE

1792 462 2204 521 VANGELICIE
2245 466 2373 522 ΗΒ.
2419 469 2505 525 Ill.
3291 481 3396 536 258

175 574 455 660 'Orri’yér
469 573 746 665 ἀθανᾴτη
772 573 942 644 ψυχὴ
966 577 1116 665 μετὰ
1132 577 1301 665 mima
1319 581 1656 665 'rtpotfalrst,

1789 595 1802 642 ι
1836 579 2199 665 ζιπηιονιαζεηι
2237 586 2466 640 animam
2495 599 2612 665 post
2650 605 2856 665 cassum
2908 591 3141 665 incedere
3185 608 3394 665 corpus,

163 645 475 731 Γιττώσκεε
500 647 696 731 daily
726 647 1110 731 τετιμημένος
1128 665 1141 677 ·
1173 645 1334 731 (illa
1449 651 1620 731 ψυχὴ

170 716 381 784 Ἁνέρος
411 715 674 783 εὐσεὸίῃ
698 716 1142 785 προφερεστάτη
1169 719 1342 772 ἐστὶν
1360 715 1622 776 ἓκέίνο-υζ
1669 740 1687 772 ι

157 827 554 882 Εὐσεϐέστατον
597 829 702 898 ἄρα
750 828 853 899 ἔφη
882 829 1062 894 αὑτὸν,
1086 830 1179 883 καὶ
1209 831 1306 902 τὴν
1338 831 1512 903 ψυχὴν
1539 833 1723 896 αὐτοῦ,

155 920 386 990 καθάπερ
434 919 540 972 καὶ
592 919 699 973 τῶν
765 920 960 983 ἄλλων,
1010 923 1144 990 μετὰ
1181 922 1408 976 θάνατον
1453 924 1725 978 ἀπαθανα-

152 1011 416 1080 τισθῆναι,
470 1010 546 1081 ἦν
592 1010 767 1063 σέϐειν
823 1011 1148 1079 ἀγνοοῦντας
1191 1015 1317 1078 τοὺς
1344 1016 1721 1086 Χριστιανούς.

161 1101 654 1174 Ἐπερωτησάντων
682 1103 740 1156 δὲ
763 1102 851 1156 διὰ
869 1103 920 1156 τί
943 1103 1230 1176 ὲκολάσθη,
1255 1106 1490 1178 ἔχρησεν
1505 1125 1518 1137 °

148 1323 297 1390 Σῶμα
317 1322 437 1393 μὲν
470 1323 811 1390 ἁδρανέσιν
829 1324 1131 1390 βασάνοις
1156 1324 1269 1377 αἰεὶ
1301 1325 1712 1393 προϐέϐληταν

156 1394 303 1461 Ψυχὴ
338 1391 391 1444 δ’
431 1394 742 1447 εὐσεϐέων
765 1397 852 1461 εἰς
881 1394 1164 1463 οὐράνιον
1196 1395 1382 1449 πέδον
1403 1393 1527 1454 ἵζει.

148 1506 237 1559 Καὶ
282 1506 534 1575 ἐπιλέγει
581 1506 718 1579 μετά
743 1507 832 1561 τὸν
878 1509 1124 1580 χρησμὸν
1156 1509 1281 1581 ἑξῆς
1309 1527 1321 1540 ·
1363 1530 1381 1561 ι
1421 1510 1592 1574 Λύτὺς
1624 1506 1715 1566 οῦν

148 1597 368 1668 εὖσεεὴς,
399 1600 499 1652 καὶ
549 1601 632 1662 είς
666 1599 930 1670 οὐρανοὺς
971 1600 1157 1673 ὥσπερ
1191 1604 1236 1654 οἱ
1267 1602 1509 1666 εὐσεϐεῖς
1537 1606 1715 1676 χωρή-

148 1707 244 1751 σας.
279 1691 438 1742 Ὥστε
494 1690 692 1744 τοῦτον
728 1692 824 1762 μὲν
861 1694 922 1746 ού
982 1693 1424 1764 βλασίρημήσεις,
1471 1695 1713 1765 ὲλεήσεις

144 1781 189 1834 δὲ
217 1780 311 1834 τῶν
370 1780 691 1853 ἀνθρώπων
736 1784 833 1855 τὴν
887 1785 1096 1839 ἄνοιαν.
1131 1806 1148 1837 ι
1185 1786 1368 1838 Ταῦτα
1431 1786 1522 1838 καὶ
1561 1785 1655 1839 νῦν
1682 1787 1710 1839 ὁ

146 1872 447 1944 Πορφύριος.
479 1869 615 1946 ⁷Λρ’
646 1871 739 1928 οῦν
773 1876 1041 1937 ἀπατεὼν,
1080 1870 1124 1928 ὦ
1145 1871 1316 1941 οῦτος;
1349 1876 1450 1930 κᾶν
1483 1876 1552 1930 τὰ
1580 1877 1706 1948 φίλα

1835 650 2064 724 ιδόεεενε
2095 654 2407 708 honoratam
2439 650 2690 724 sapientis
2713 661 2843 724 luce,
2869 661 2958 715 sed
2985 663 3133 716 it'lam

1832 719 2062 792 Insignis
2089 725 2279 789 pietate
2309 727 2408 779 viri
2446 719 2667 800 mentem
2695 747 2806 783 esse
2832 719 3100 786 decoram.
3129 753 3146 785 ι

1832 833 2052 891 Summe
2090 852 2221 908 ergo
2273 839 2584 910 religiosum
2614 843 2762 896 illum
2797 844 2954 909 dixit,
2977 855 3030 902 et
3061 849 3298 904 animam
3332 852 3397 906 il-

1827 929 1933 982 lius
1979 930 2140 984 sicuti
2191 931 2443 996 aliorum,
2479 943 2600 1004 post
2632 946 2860 992 mortem
2904 939 3266 998 immortalem
3301 944 3385 998 ra-

1825 1029 1992 1084 ctam,
2049 1037 2277 1093 eamque
2346 1026 2548 1091 colere,
2615 1028 2928 1098 ignorantes
3003 1034 3392 1104 Christianos;

1823 1111 2018 1167 deinde
2040 1114 2506 1187 interrogantibus
2539 1134 2638 1172 cur
2667 1123 2937 1192 supplicio
2965 1125 3192 1183 allectus
3221 1137 3388 1194 esset,

1823 1204 2106 1274 respondit
2136 1225 2149 1258 :

1822 1317 1954 1389 Esse
1974 1319 2182 1388 quidem
2213 1337 2412 1389 semper
2443 1322 2646 1378 modico
2674 1327 2995 1382 cruciamina
3030 1339 3225 1386 tortum

1820 1387 2046 1458 Corpus,
2075 1399 2129 1444 at
2168 1387 2402 1446 azthereis
2433 1404 2652 1447 mentem
2681 1397 2965 1451 clarescere
2994 1404 3214 1470 campis.

1817 1497 1886 1552 Et
1912 1508 2036 1569 post
2060 1503 2342 1557 oraculum
2397 1503 2646 1574 adiungit
2677 1506 2934 1578 deinceps
2973 1529 2985 1564 :
3023 1529 3040 1562 ι
3071 1510 3191 1581 ipse
3225 1513 3389 1586 igitur
3453 1547 3458 1551 -

1815 1591 1960 1660 pius,
1984 1601 2036 1646 et
2065 1592 2120 1646 in
2155 1595 2374 1662 coelum,
2410 1602 2468 1649 ut
2500 1597 2574 1667 pii
2609 1598 2806 1664 solent,
2835 1602 3151 1659 subvectus.
3202 1603 3385 1672 Quare

1825 1686 1971 1742 hunc
2019 1688 2238 1758 quidem
2284 1684 2392 1745 non
2425 1693 2822 1761 exsecraheris,
2873 1698 3220 1755 miseraberis
3255 1717 3386 1756 vero

1814 1777 2093 1831 hominum
2118 1779 2514 1849 ignorantiam?
2551 1802 2572 1832 ιι
2603 1782 2733 1837 llaec
2764 1785 2929 1840 etiam
2965 1803 3110 1844 nunc
3139 1789 3384 1863 Porphy-

1822 1869 1961 1924 rius.
2001 1869 2197 1936 Quzeso
2239 1872 2423 1943 igitur,
2451 1876 2700 1944 nunquid
2728 1877 2994 1948 impostor
3021 1881 3148 1936 ille?
3189 1891 3244 1936 at
3274 1885 3384 1940 sal-

146 1982 192 2018 σε
211 1964 522 2017 δυσωπείτω
547 1966 662 2018 τῶν
691 1967 905 2019 οἰκείων
937 1968 1175 2038 ῥήματα.
1211 1968 1395 2038 Ἔχεις
1423 1969 1688 2041 τοιγαροῦπ

1810 1970 1918 2015 tem
1951 1969 2170 2017 tuorum
2216 1965 2516 2020 amicorum
2553 1968 2716 2023 verba
2768 1971 2864 2025 tibi
2917 1972 3270 2043 blandientia,
3328 1985 3382 2032 te

144 2058 216 2108 τον
235 2057 497 2127 ἡμέτερον
530 2057 764 2129 Σωτῆρα
815 2059 1020 2129 Ἰησοῦν
1049 2059 1138 2112 τὸν
1163 2061 1396 2132 Χριστὸν
1423 2061 1515 2114 τοῦ
1549 2063 1704 2127 Θεοῦ,

143 2148 221 2201 καὶ
244 2148 387 2220 παρᾶ
442 2152 571 2212 τοῖς
593 2149 784 2202 ἑαυτοῦ
814 2149 1230 2221 ὡμολογημένον
1277 2152 1336 2204 ού
1383 2153 1553 2224 γόητα
1586 2155 1706 2208 οὐδὲ

146 2239 434 2308 φαρμακέα,
462 2236 593 2291 ἀλλ’
619 2239 814 2310 εὐσεϐῆ
836 2241 1276 2294 καὶδικαιότατον
1296 2242 1389 2295 καὶ
1419 2245 1580 2313 σοφὸν
1614 2250 1706 2302 καὶ

142 2330 376 2400 οὐρανίων
433 2329 655 2399 ἀψίδων
706 2332 985 2403 οἰκήτορα.
1027 2333 1083 2385 '0
1110 2332 1172 2404 δὴ
1203 2329 1292 2387 οὖν
1315 2336 1553 2400 τοιοῦτος
1591 2339 1705 2400 πῶς

142 2421 195 2472 ἂν
238 2421 401 2484 ἄλλως
461 2421 583 2474 τῶν
634 2421 954 2496 παραδόξων
996 2423 1172 2494 ἔργων
1205 2425 1392 2494 γέγονε
1418 2428 1727 2501 ποιητὴςῆ.

140 2511 335 2582 δυνάμει
384 2513 563 2584 θείας
616 2515 682 2586 ἣν
730 2514 826 2566 καὶ
864 2514 932 2567 τὰ
982 2515 1101 2586 ἱερά
1148 2516 1304 2584 λόγια
1339 2519 1704 2589 μαρτυροῦσιν

143 2605 281 2676 αὐτῷ,
307 2606 440 2658 Θεοῦ
496 2606 666 2675 λόγον
691 2608 784 2660 καὶ
813 2607 948 2661 Θεοῦ
975 2608 1200 2680 δύναμιν
1237 2609 1332 2680 τὴν
1362 2611 1619 2664 ἀνωτάτω
1644 2614 1701 2664 ὲν

142 2696 397 2768 ἀνθρώπου
461 2703 659 2771 μορφῇ
707 2701 800 2752 καὶ
847 2702 1105 2772 σχήματι,
1139 2701 1337 2772 μᾶλλον
1377 2704 1422 2757 δ’
1464 2706 1520 2757 ὲν
1561 2707 1698 2776 αύτῇ

145 2790 279 2860 σαρκὶ
325 2792 418 2844 καὶ
471 2790 697 2862 σώματι
749 2793 1092 2863 κατοικῆσαι,
1142 2794 1236 2846 καί⁸
1294 2797 1474 2849 πᾶσαν
1515 2795 1612 2867 τὴν
1643 2797 1700 2850 ὲν

141 2881 413 2952 ἀνθρώποις
491 2884 814 2953 οἰκονομίαν

143 2973 230 3025 Καὶ
255 2975 312 3027 σὺ
353 2974 398 3027 δ’
440 2975 509 3028 ἂν
563 2976 724 3040 αὐτὸς
766 2977 1103 3046 καταμάθοις
1134 2978 1192 3031 τὸ
1231 2977 1409 3031 ἔνθεον
1440 2980 1538 3049 τῆς
1571 2981 1698 3053 περὶ

142 3062 275 3115 αύτοῦ
301 3064 612 3136 δυνάμεως,
659 3067 706 3118 εἰ
754 3066 995 3134 λογίσαιο
1044 3069 1125 3132 τίς
1164 3085 1292 3122 ποτε
1335 3067 1410 3120 ὢν
1456 3069 1564 3140 ἆρα
1599 3071 1697 3142 τὴν

910 2884 1219 2938 ἐπιτελέσαι
1295 2887 1694 2958 μαρτυροῦντα.

1807 2049 2050 2107 ﬂectant.
2082 2052 2272 2110 llabes
2294 2055 2459 2126 igitur
2498 2069 2746 2114 nostrum
2797 2059 3132 2120 Salvatorem
3166 2065 3376 2133 Jesum,

1807 2144 1899 2212 qui
1947 2144 2204 2202 Christus
2251 2157 2334 2204 est
2381 2147 2497 2215 Dei,
2545 2153 2709 2206 etiam
2765 2154 3007 2210 virorum
3033 2141 3378 2217 ‘testimonio

1806 2237 2244 2305 comprobatum,
2275 2248 2332 2294 ut
2362 2257 2471 2296 non
2518 2245 2992 2315 praestigiatorem,
3048 2261 3143 2306 aut
3173 2253 3377 2309 veneﬁ-

1805 2341 1949 2391 cum,
1997 2330 2109 2383 sed
2145 2338 2202 2384 ut
2244 2331 2412 2400 pium,
2462 2342 2516 2388 et
2555 2335 2942 2404 justissimum,
2975 2349 3029 2396 et
3055 2343 3376 2414 sapientem,

1804 2419 2128 2489 orbiumque
2177 2423 2484 2478 cmlestium
2546 2427 2802 2484 incolam.
2860 2432 2963 2497 Qui
3027 2435 3195 2504 igitur
3251 2438 3377 2493 talis

1806 2506 1928 2570 fuit,
1961 2525 2194 2579 quanam
2229 2513 2334 2568 alia
2382 2517 2594 2573 ratione
2645 2520 3047 2577 admirabilium
3101 2524 3372 2582 factorum

1767 2652 1777 2661 ,
1804 2608 1995 2655 auctor
2027 2617 2149 2658 esse
2177 2606 2372 2674 potuit,
2409 2609 2514 2662 nisi
2548 2609 2749 2667 virtute
2773 2614 2999 2670 divina?
3027 2632 3187 2688 quam
3209 2621 3372 2676 etiam

1803 2707 1960 2749 sacra
1987 2698 2208 2752 oracula
2233 2700 2564 2759 testimoniis
2583 2705 2699 2759 suis
2722 2705 2796 2758 illi
2817 2707 3088 2773 tribuunt,
3111 2725 3232 2780 qua:
3259 2713 3377 2782 qui-

1801 2783 1924 2840 dem
1947 2785 2041 2842 Dei
2061 2789 2284 2843 verbum
2302 2789 2504 2862 Deique
2516 2795 2769 2850 virtutem
2788 2813 3119 2868 supremam,
3138 2803 3192 2856 in
3208 2803 3376 2859 homi-

1798 2874 1885 2930 nis
1909 2875 2082 2933 lorma
2097 2889 2259 2950 atque
2283 2881 2490 2951 habitu,
2517 2900 2580 2940 ac
2603 2889 2786 2958 potius
2807 2891 2860 2944 in
2879 2891 2997 2961 ipsa
3017 2907 3203 2959 carne,
3224 2895 3374 2966 ipso-

1799 2981 2142 3038 quecorpore
2155 2970 2446 3037 habitasse,
2473 2988 2800 3049 omnemque
2817 2978 3109 3035 humanam
3143 2981 3376 3053 disposi-

1801 3058 2024 3125 tionem,
2057 3064 2622 3139 gubernationemque
2643 3070 2968 3137 absolvisse,
2988 3074 3372 3134 testiﬁcanti».

145 3153 274 3221 τύσιν
317 3157 409 3209 καὶ
465 3157 704 3228 πηλίκος
756 3159 955 3230 ἄνδρας
1001 3160 1237 3224 εὐτελεῖς
1273 3160 1332 3226 ἐξ
1374 3162 1557 3230 ἁλιείας
1604 3163 1688 3216 καὶ

1802 3150 1958 3221 135
1984 3151 2062 3207 Tu
2097 3171 2313 3228 quoque
2346 3158 2503 3215 facile
2540 3161 2724 3217 discas
2751 3163 3093 3220 divinitatem
3140 3167 3365 3224 virtutis

143 3249 358 3302 ταπεινοῦ
393 3250 514 3320 βίου
569 3251 1148 3322 προσοικειωσάμενος,
1185 3251 1390 3316 τούτοις
1429 3242 1688 3326 κέχρηται

1797 3257 1917 3310 qua:
1961 3242 2027 3299 de
2065 3244 2157 3299 illo
2191 3246 2382 3313 fertur,
2417 3250 2464 3305 si
2496 3251 2702 3321 cogites
2744 3269 2865 3323 qua
2912 3254 3004 3310 ille
3058 3264 3276 3324 natura,
3312 3266 3369 3314 et

147 3338 372 3405 διακόνοις
421 3344 525 3396 ἐπὶ
574 3342 907 3414 κατορθώσει
958 3345 1276 3414 πράγματος
1314 3345 1487 3398 πάντα
1531 3347 1694 3401 καλύ-

148 3449 331 3497 nemo;
359 3435 547 3503 λόγον.
577 3433 886 3506 Διανοηθεὶς
911 3435 1016 3505 γὰρ
1048 3435 1076 3488 ὂ
1112 3435 1298 3507 μηδεὶς
1341 3435 1583 3503 πώποτε,
1608 3439 1693 3492 νό-

147 3541 252 3590 μους
281 3528 508 3592 οἰκείους
542 3529 635 3581 καὶ
661 3526 815 3597 ξένην
847 3526 1190 3581 διδασκαλίαν
1223 3529 1300 3592 είς
1328 3529 1504 3583 πάντα
1533 3548 1692 3585 κατα-

143 3619 323 3687 σπεῖραι
357 3619 422 3671 τὰ
453 3618 614 3688 ἔθνη,
647 3619 738 3670 καὶ
778 3618 974 3682 παντὸς
1007 3619 1194 3688 γένους
1223 3618 1522 3692 ἀνθρώπων
1556 3622 1691 3676 διδά-

145 3708 300 3760 σκαλον
330 3709 620 3773 εὐσεϐείας
663 3711 780 3774 ἐνὸς
818 3711 910 3764 τοῦ
959 3712 1051 3765 ἐπὶ
1087 3714 1299 3766 πάντων
1332 3715 1464 3767 Θεοῦ
1500 3716 1688 3769 ἑαυτὸν

144 3797 394 3870 ἀποφῆναι,
417 3805 540 3866 τοῖς
574 3801 790 3855 παντων
824 3804 1228 3872 ἀγροικοτατοις
1260 3807 1348 3858 καὶ
1383 3807 1687 3862 εύτελεστά-

140 3903 228 3952 τοις
250 3893 478 3963 ἡγήσατο
521 3893 752 3965 χρῆσθαι
785 3895 881 3965 τῆς
904 3895 1108 3958 οἰκείας
1141 3896 1334 3968 βουλῆς
1363 3899 1679 3971 ὑπηρέταις.

143 3977 270 4043 Εἱκός
302 3999 412 4036 τινα
441 3981 882 4056 παραλογώτατα
909 3983 1076 4036 ταῦτα
1111 3986 1279 4039 ἀὐτὸν
1326 3989 1682 4060 πεποιηκέναι

143 4071 334 4139 νομίσαι.
376 4076 506 4138 Πῶς
534 4075 642 4146 γὰρ
684 4077 732 4127 οἱ
766 4075 896 4144 μηδὲ
929 4076 1108 4147 διᾶραι
1153 4077 1436 4148 δυνάμενοι
1485 4080 1678 4151 στόμα,

147 4161 224 4212 κᾶν
244 4165 343 4229 ἑνός
363 4185 514 4231 τινος
537 4167 842 4220 διδάσκαλοι
869 4169 1223 4237 κατέστησαν,
1245 4169 1363 4239 ούχί
1384 4188 1446 4239 γε
1471 4171 1680 4242 ἀνδρῶν

145 4252 383 4323 andron;
415 4258 540 4322 πῶς
587 4258 630 4310 δ’
672 4257 736 4311 ἂν
770 4258 962 4329 πλήθει
1008 4258 1375 4330 διειλέχθησαν
1417 4263 1464 4314 oi
1498 4263 1678 4334 πάσης

145 4343 266 4408 Exte;
302 4353 580 4418 γεγονότες
629 4349 908 4413 παιδείαςς
953 4349 1109 4403 Ἀλλὰ
1164 4351 1304 4403 τοῦτ’
1353 4347 1420 4423 ἦν
1467 4355 1573 4425 ἄρα
1616 4356 1676 4408 τὸ

142 4437 216 4506 τῆς
251 4442 414 4496 ἐνθέου
476 4443 695 4515 βουλῆς,
735 4444 828 4496 καὶ
877 4444 975 4514 τῆς
1021 4445 1346 4516 ἐνεργούσης
1395 4448 1455 4498 ὲν.
1495 4447 1675 4511 αὐτοῖς

145 4525 259 4593 θείας
297 4533 570 4607 δυνάμεως
634 4535 1060 4605 παραστατικόν.
1124 4535 1482 4600 Ἀνακαλέσας
1542 4538 1672 4606 γοῦν

1796 3334 2101 3403 cujusmodi
2133 3341 2394 3408 praeditus
2416 3381 2430 3407 ,
2463 3344 2612 3400 viros
2663 3346 2930 3416 ignobiles
2962 3347 3030 3403 de
3070 3351 3367 3418 piscatorio

1794 3431 1957 3492 atque
1985 3426 2175 3481 humili
2206 3431 2348 3484 victu
2397 3435 2692 3503 acceperit,
2754 3434 2968 3505 sibique
3027 3439 3362 3507 adjunxerit.

1793 3509 1994 3567 Deinde
2027 3515 2095 3569 iis
2131 3533 2264 3574 usus
2305 3519 2375 3572 sit
2403 3521 2745 3578 administris
2775 3525 2840 3578 ad
2879 3526 3011 3580 illud
3063 3528 3360 3598 inemptum

1790 3605 2200 3672 perliciendum,
2231 3611 2375 3679 quod
2404 3627 2620 3667 omnem
2651 3613 2872 3686 ell‘ngiat
2903 3616 3192 3672 rationem.
3222 3618 3357 3674 Cum

1789 3697 1932 3751 enim
1995 3702 2287 3772 cogitasset
2356 3705 2408 3758 id
2437 3706 2582 3776 quod
2633 3708 2816 3762 nullus
2861 3725 3098 3780 unquam
3148 3711 3360 3783 cogita-

1787 3792 1862 3844 vit
1894 3811 1905 3844 :
1941 3794 2192 3862 proprias
2221 3795 2364 3865 leges
2390 3813 2694 3870 novamque
2719 3800 3025 3856 doctrinam
3079 3802 3134 3858 in
3165 3819 3355 3860 omnes

1785 3883 2144 3943 disseminare
2191 3891 2462 3957 nationes,
2525 3908 2794 3965 omneque
2851 3894 3131 3951 hominum
3181 3914 3355 3970 genus

1783 3991 1902 4030 eam
1932 3975 2128 4032 docere
2177 3978 2454 4048 pietatem,
2484 3997 2605 4053 quae
2635 4000 2802 4038 unum
2827 4000 3145 4056 supremum
3178 3987 3348 4044 Deum

1782 4084 2150 4139 veneraretur,
2180 4073 2311 4144 huju
2334 4092 2456 4147 que
2505 4077 2584 4132 rei
2627 4093 2687 4134 se
2721 4079 3046 4150 magistrum
3070 4082 3348 4148 exhibere,

1781 4166 2020 4220 omnium
2052 4169 2287 4224 maxime
2310 4171 2615 4241 agrestibus
2648 4175 2994 4244 maximeque
3019 4175 3349 4246 ignobilibus

1779 4257 1988 4327 putavit
2017 4259 2117 4314 sibi
2141 4261 2398 4316 utendum
2412 4278 2533 4318 esse
2555 4264 2782 4334 hujusce
2810 4267 3023 4321 consilii
3049 4267 3347 4323 ministris:

1778 4357 1966 4420 utpote
1994 4367 2118 4405 cum
2171 4353 2467 4408 verisimile
2495 4357 2564 4410 sit
2599 4357 2749 4410 illum
2804 4358 3119 4422 censuisse,
3153 4366 3349 4427 praeter

1776 4454 1990 4495 onmem
2043 4443 2308 4496 rationem
2341 4443 2455 4498 hrec
2490 4462 2548 4499 se
2597 4445 2886 4500 facturum.
2915 4444 3034 4510 Quo
3075 4447 3218 4500 enim
3249 4460 3348 4517 pa-

1775 4542 1884 4596 cto,
1921 4533 2012 4602 qui
2042 4549 2110 4587 ne
2147 4533 2404 4589 diducere
2438 4536 2654 4606 quidem
2708 4552 2772 4592 os
2803 4537 2982 4592 idonei
3015 4544 3192 4599 erant,
3237 4539 3346 4592 sal-

144 4621 312 4688 αὖτοὺς,
356 4628 418 4680 τὰ
466 4627 569 4698 μὲν
608 4626 801 4696 πρῶτά
852 4643 1017 4696 φησι·
1060 4645 1076 4675 ι
1114 4625 1296 4690 Δεῦτε,
1337 4628 1673 4684 ἀκολουθεῖτέ

1789 4631 1888 4676 lem
1914 4624 2076 4678 unius
2099 4625 2406 4694 cujuspiam
2447 4626 2684 4681 hominis
2717 4635 3080 4697 pragceptores
3111 4629 3224 4684 ﬁeri
3247 4646 3346 4700 po—

1771 4724 2014 4779 tuerunt,
2040 4718 2238 4772 nedum
2266 4718 2508 4772 virorum
2527 4728 2830 4775 conventus
2868 4721 2892 4773 ?
2936 4722 3209 4791 quomodo
3240 4737 3339 4776 au-

1769 4818 1876 4862 tem
1931 4808 2331 4862 multitudinem
2395 4809 2596 4879 alloqui
2651 4819 2745 4863 aut
2792 4809 3087 4874 instruere,
3124 4814 3216 4882 qui
3269 4813 3341 4868 ab

1767 4898 1913 4951 omni
1942 4899 2248 4954 eruditione
2269 4899 2636 4955 abhorrebant
2669 4901 2692 4953 ?
2720 4900 2789 4954 At
2823 4901 2924 4956 hoc
2953 4902 3170 4971 quidem
3215 4901 3339 4968 fuit,

1767 4989 1915 5058 quod
1941 4999 1994 5045 et
2025 4991 2270 5045 divinum
2302 4993 2616 5055 consilium,
2652 4999 2705 5044 et
2735 4993 2845 5046 vim
2868 4993 3107 5048 divinam
3139 5009 3260 5064 qua:
3282 4994 3336 5046 in

1766 5083 1894 5145 illis,
1927 5088 1980 5136 et
2006 5098 2127 5136 eum
2150 5083 2256 5137 illis
2275 5083 2448 5153 ipsum
2475 5099 2612 5153 opus
2639 5083 2842 5146 obibat,
2862 5085 3181 5138 declararet.
3199 5085 3341 5154 Ergo

1764 5189 1887 5228 cum
1913 5174 2036 5229 illos
2067 5184 2337 5244 vocasset,
2378 5185 2491 5229 tum
2550 5177 2784 5246 primum
2819 5177 2960 5231 dixit
2990 5195 3006 5230 :
3068 5196 3085 5228 ι
3120 5175 3335 5240 Venite,

1764 5265 2056 5335 sequimini
2078 5283 2163 5321 me
2181 5286 2192 5320 :
2208 5275 2260 5321 et
2279 5267 2474 5322 faciam
2491 5284 2588 5323 vos
2610 5269 2914 5338 piscatores
2934 5269 3213 5323 hominum
3227 5269 3294 5322 ".
3311 5289 3331 5321 ι

1761 5359 1896 5411 Cum
1934 5373 2062 5412 vero
2086 5358 2198 5427 jam
2231 5359 2354 5412 illos
2389 5366 2688 5414 sectatores
2731 5371 2879 5414 esset
2910 5360 3161 5429 adeptus,
3192 5359 3334 5414 :livi—

1761 5463 1940 5516 naquc
1967 5463 2064 5502 sua
2094 5448 2140 5500 vi
2167 5449 2423 5512 alllasset,
2475 5449 2777 5518 roboreque
2818 5459 2982 5520 atque
3013 5449 3182 5503 animi
3206 5465 3337 5504 con-

1762 5541 1981 5596 ﬁdentia
2016 5542 2363 5612 complesset,
2380 5543 2602 5612 jamque
2628 5542 2790 5596 veluti
2811 5542 3083 5613 quoddam
3097 5559 3224 5598 vere
3243 5542 3333 5598 Dei

1761 5636 2008 5697 verbum,
2066 5636 2292 5705 ipseque
2323 5635 2464 5690 Deus
2498 5643 2774 5690 tantorum
2825 5647 3015 5693 auctor
3041 5639 3336 5694 miraculo-

1759 5743 1902 5792 rum,
1953 5728 2373 5798 intelligentium
2412 5728 2874 5799 rationaliumqne
2915 5733 3220 5786 animarum
3250 5749 3326 5784 ve-

1758 5827 1979 5874 natores
2009 5819 2132 5875 illos
2151 5820 2528 5876 constituisset
2558 5839 2569 5874 :
2595 5836 2818 5892 remque
2854 5823 3031 5894 ipsam
3065 5829 3230 5892 atque
3260 5821 3331 5875 ef-

146 4730 226 4778 μῦς,
260 4720 340 4771 καὶ
379 4721 594 4790 ποιήσω
639 4720 783 4789 ὑμᾶς
826 4719 996 4781 ἁλιεῖς
1038 4717 1357 4788 ἀνθρώπων.
1397 4740 1414 4771 ›
1453 4722 1666 4795 Ἐπειδὴ

143 4801 182 4852 δὲ
213 4804 365 4862 λοιπον
403 4811 603 4873 αὐτοὺς
647 4807 973 4870 ἀκολούθους
1025 4808 1316 4878 ἐκτήσατο,
1359 4810 1666 4879 ἐμπνεύσας

144 4894 282 4961 αὑτοῖς
318 4901 591 4968 δυνάμεως
631 4902 799 4966 θείας,
849 4902 1041 4972 μένους
1078 4919 1139 4953 τε
1173 4901 1264 4953 καὶ
1306 4902 1537 4972 θάρσους
1569 4903 1666 4974 ἐμ-

146 4986 327 5058 πλήσας.
356 4996 444 5050 καὶ
479 4996 542 5066 δὴ
575 4996 666 5049 οίά
689 5012 768 5058 τις
798 4993 1011 5064 ἀληθῶς
1037 4994 1170 5046 Θεοῦ
1191 4993 1345 5063 λόγος
1379 4995 1470 5048 καὶ
1504 4996 1664 5060 αὐτὸς

144 5075 258 5144 θεὲ,ςο
283 5087 597 5154 τηλικούτων
631 5087 921 5158 θαυμάτων
943 5088 1192 5158 ποιητὴς,
1235 5088 1434 5157 νοερῶν
1464 5088 1661 5151 αὐτοὺς

144 5172 211 5223 καὶ
235 5173 435 5244 λογικῶν
460 5179 648 5250 ψυχῶν
674 5177 939 5251 θηρευτὰς
975 5181 1226 5249 ποιήσας,
1257 5179 1416 5250 ἔργον
1447 5197 1505 5231 τε
1544 5181 1662 5233 ἐπι-

144 5256 225 5325 θεὶς
243 5269 298 5335 τῇ
314 5274 475 5342 φωνῇ,
497 5274 584 5341 τῇ,
606 5290 623 5322 ι
649 5271 832 5334 Δεῦτε,
856 5270 1195 5324 ἀκολουθεῖτέ
1214 5287 1322 5340 μοι,
1342 5271 1436 5322 καὶ
1453 5272 1661 5342 ποιήσω

147 5350 252 5420 ὖμὶς
279 5361 427 5428 ἁλιεῖς
457 5363 780 5436 ἀνθρώπων,
832 5383 848 5414 ι
883 5363 1120 5433 φησάσῃ,
1161 5362 1293 5432 ὁμοῦ
1329 5380 1385 5415 τε
1425 5363 1660 5432 ὲργάτας

148 5446 214 5497 καὶ
249 5451 577 5520 διδασκάλους
622 5459 817 5520 αὐτοὺς
875 5455 1155 5518 εὐσεϐείας
1199 5456 1654 5526 ἀπειργασμένος,

147 5533 218 5606 ἤδη
255 5547 332 5598 καὶ
365 5551 436 5612 είς
487 5551 663 5603 πάντα
710 5549 777 5602 τά
827 5548 952 5619 ἔθνη
1002 5547 1356 5618 διεπέμπετο,
1413 5550 1658 5619 κήρυκας

146 5620 366 5698 ἀνειὲίξας
389 5639 480 5710 τῆς
512 5638 677 5692 αὑτοῦ
710 5637 1077 5700 διδασκαλίας.
1115 5639 1222 5690 Καὶ
1248 5638 1331 5702 τίς
1360 5639 1458 5690 οὐκ
1484 5637 1546 5691 ἂν
1573 5637 1658 5701 ἐξ·

150 5715 324 5792 επλάγη,
346 5729 427 5780 καὶ
457 5729 761 5800 ⁴ᾕπίστησεν
789 5729 853 5782 ἂν
888 5729 1111 5790 εἰκότως
1143 5727 1221 5798 τῷ
1253 5728 1536 5798 παραδόξῳ
1563 5728 1654 5780 τοῦ

147 5802 375 5885 θίῦματος,
395 5823 475 5875 ὅτε
507 5822 697 5894 μηδεὶς
730 5821 828 5894 μὲν
863 5820 968 5874 τῶν
1005 5817 1218 5872 πώποτε
1265 5822 1321 5872 ἐν
1351 5819 1656 5892 ἀνθρώποις

206 5943 418 6007 ἰιιειιιιιι
453 5957 642 6023 iv,18.
