3954 6514
131 389 223 445 2όὸ

1044 383 1694 441 DEMONSTRATIONIS
1732 383 2191 440 EVANGEL'CIE
2227 383 2336 439 LIB
2375 382 2438 437 lll

3280 380 3409 480 ξω,

131 502 264 564 δείας
294 502 418 567 ἐνὸς
454 503 560 558 τοῦ
590 504 685 559 ἐπὶ
711 504 924 558 πάντων
951 501 1087 556 Θεοῦ
1143 503 1535 572 συνεστήσαντο
1561 501 1700 554 διδα-

1810 516 1971 572 quam
2013 500 2182 565 aliud,
2219 498 2397 570 ipsum
2440 498 2624 569 utique
2651 495 2785 553 illud
2828 494 2974 567 quod
3015 488 3407 566 quaerebatur;

130 594 359 648 παλεία.

1810 608 2044 665 quanam
2088 593 2141 649 vi
2184 591 2439 660 discipuli
2482 590 2634 655 .lesu,
2667 604 2855 644 eorum
2887 589 2979 660 qui
3008 589 3077 643 ah
3101 589 3256 644 initio
3287 605 3387 645 au-

127 690 330 744 diebant
365 690 621 746 victores
661 688 883 756 fuerint,
918 698 972 746 et
1002 688 1277 761 quomodo
1324 695 1435 742 tam
1471 686 1692 743 Graacos
1730 700 1893 759 quam
1920 686 2205 752 barbaros,
2238 691 2299 739 ut
2349 684 2417 739 de
2446 683 2539 738 illo
2567 692 2826 753 tanquam
2876 681 2943 736 de
2965 679 3073 736 Deo
3121 681 3386 737 sentirent

124 782 483 851 adduxerim.
530 796 586 844 et
618 788 893 860 quomodo
924 789 979 843 in
1026 786 1220 843 mediis
1259 781 1487 840 urbibus
1517 795 1581 835 ac
1608 793 1704 850 per
1741 794 1932 836 omnes
1962 781 2234 850 regiones,
2259 779 2538 851 religionis
2561 796 2668 851 qua
2725 795 2868 836 unus
2909 794 3196 851 supremus
3240 775 3385 831 Deus

122 877 324 941 colitur,
363 878 597 935 scholas
647 886 812 950 atque
843 878 1114 935 auditoria
1157 874 1562 932 constituerint.

182 969 374 1023 Καίτοι
405 970 503 1034 τίς
529 972 633 1025 οὐκ
659 970 726 1025 ἂν
750 970 1065 1043 θαυμάσειε,
1102 969 1238 1041 πρὸς
1267 966 1445 1039 ἐαυτῷ
1464 967 1705 1034 ἐπιλογι-

123 1064 343 1134 σάμενος
398 1062 509 1117 καὶ
541 1063 887 1136 ἐνθυμηθεὶς,
930 1063 1007 1129 ὡς
1051 1064 1151 1118 οὐκ
1178 1061 1517 1135 ἀνθρώπινον
1546 1055 1615 1130 ἦν
1643 1058 1705 1110 τὸ

126 1155 233 1227 μηδ’
261 1154 466 1208 ἄλλοτε
516 1155 624 1209 ὑπὸ
678 1154 807 1226 μίαν
853 1154 949 1226 τὴν
1012 1153 1299 1225 Ῥωμαίων
1343 1149 1609 1229 γενέσθαι.
1635 1147 1706 1201 τὰ

126 1246 334 1300 πλεῖστα
360 1247 474 1317 τῆς
503 1246 828 1319 οἰκουμένης
851 1247 1001 1318 ἔθνη,
1047 1246 1161 1300 ἀλλ’
1191 1245 1298 1301 ἀπὸ
1332 1243 1440 1297 τῶν
1471 1242 1565 1296 τοῦ
1603 1243 1706 1314 Ἰη-

126 1337 205 1392 σοῦ
239 1337 501 1409 χρόνων;
535 1338 687 1408 ’Ἅμα
720 1337 829 1410 γὰρ
856 1341 921 1409 τῇ
953 1340 1034 1401 είς
1056 1336 1374 1409 ἀνθρώπους
1398 1333 1563 1387 αὐτοῦ
1604 1349 1709 1387 πα-

128 1429 311 1500 ραδόξῳ
341 1429 623 1501 ἐπιδημίᾳ
658 1429 844 1483 καὶτὰ
877 1429 1164 1501 Ῥωμαίων
1197 1427 1443 1499 ἀκμάσαι
1477 1425 1702 1495 συνηνὲ-

126 1520 231 1591 ιθη,
266 1520 397 1574 τότε
458 1521 679 1595 πρῶτον
717 1520 1027 1590 Αὐγούστου
1069 1519 1180 1574 τῶν
1225 1520 1491 1573 πλείστων
1532 1516 1699 1570 ἐθνῶν

125 1613 591 1685 μοναρχήσαντος,
649 1614 773 1667 καθ’
812 1614 892 1678 ὃν,
944 1614 1302 1685 Κλεοπάτρας
1359 1611 1612 1684 ἁλούσης,
1665 1612 1699 1681 ἡ

122 1702 226 1755 κατ’
257 1703 547 1772 Αἴγυπτον
589 1704 698 1759 τῶν
729 1705 1080 1777 Πτολεμαίων
1118 1704 1337 1777 διαδοχὴ
1369 1704 1557 1759 λέλυτο
1576 1720 1591 1734 ο
1639 1701 1700 1767 ἐξ

122 1797 316 1850 ἐκείνου
364 1814 428 1850 τε
478 1798 575 1851 καὶ
602 1800 682 1862 εἰς
711 1797 873 1871 δεῦρο
902 1798 963 1851 τὸ
986 1798 1080 1851 ἀπ’
1105 1798 1322 1862 αἰῶνος,
1354 1798 1445 1852 καὶ
1477 1799 1570 1852 ἀπ’
1598 1798 1698 1851 αὐ-

1877 957 2169 1024 Caeterum,
2201 958 2327 1030 quis
2365 974 2475 1015 non
2506 961 2881 1030 Obstupescat,
2909 975 3095 1017 secum
3135 962 3383 1033 cogitans

1808 1059 1971 1123 atque
2018 1052 2201 1106 animo
2240 1067 2486 1114 versans,
2536 1068 2648 1106 non
2700 1052 2997 1107 humanum
3051 1052 3155 1108 hoc
3213 1053 3385 1111 fuisse

1807 1161 1965 1216 opus,
1996 1146 2081 1200 vel
2105 1160 2173 1201 ex
2197 1160 2264 1199 eo
2291 1144 2435 1215 quod
2454 1160 2731 1214 nunquam
2755 1144 2891 1201 alias
2919 1145 3022 1200 sub
3047 1160 3156 1200 uno
3187 1145 3385 1201 Roma-

1806 1251 2002 1292 norum
2054 1237 2283 1306 imperio
2322 1236 2570 1306 plurimae
2612 1237 2762 1293 orbis
2811 1240 2999 1306 gentes
3031 1252 3153 1294 esse
3184 1245 3379 1308 potuc-

1808 1336 1956 1394 runt,
1990 1329 2097 1384 nisi
2131 1327 2433 1384 secundum
2475 1327 2606 1384 Iesu
2637 1329 2925 1399 tempora?
2954 1328 3091 1385 Nam
3123 1331 3287 1386 simul
3316 1344 3381 1385 ac

1802 1421 1894 1478 ille
1919 1421 2318 1476 admirabiliter
2343 1422 2409 1478 ad
2449 1421 2705 1477 homines
2733 1422 2901 1488 venit,
2925 1432 3089 1494 atque
3115 1423 3258 1479 inter
3282 1424 3380 1481 ho-

1802 1517 1978 1572 mines
2006 1525 2253 1574 versatus
2277 1527 2382 1583 est,
2407 1516 2570 1572 etiam
2605 1534 2693 1573 res
2717 1517 2991 1574 Romanas
3013 1516 3082 1571 ad
3104 1532 3379 1573 summum

1800 1608 2119 1679 pervenisse
2166 1609 2418 1680 contigit,
2455 1623 2564 1678 quo
2596 1608 2829 1679 primum
2859 1616 3101 1679 tempore
3132 1607 3382 1665 videlicet

1801 1702 2104 1773 Augustus,
2132 1701 2493 1772 plurimarum
2525 1704 2768 1771 gentium
2798 1701 3055 1757 dominus
3085 1701 3281 1757 evasit.
3321 1699 3381 1756 id

1798 1809 1929 1850 vero
1948 1792 2050 1848 fuit
2093 1808 2220 1848 cum
2252 1802 2307 1849 et
2333 1792 2622 1863 Cleopatra
2651 1802 2808 1864 capta
2836 1800 2942 1857 est,
2970 1802 3025 1849 et
3052 1791 3381 1848 Ptolemaeo-

126 1883 231 1953 τῆς,
253 1882 333 1947 ὡς
356 1886 561 1949 εἰπεῖν,
584 1885 685 1957 τῆς
707 1885 931 1959 πρώτης
954 1887 1296 1960 ἀνθρωπείας
1317 1887 1516 1941 συστὰν
1536 1886 1700 1957 Αίγύ-

1803 1904 1923 1943 rum
1943 1887 2294 1943 successioin
2326 1886 2564 1959 Egypto
2593 1886 2884 1951 dissoluta,
2918 1896 3083 1956 atque
3102 1901 3169 1942 ex
3206 1884 3299 1940 illo
3324 1884 3379 1940 in

123 1994 244 2030 πτου
272 1976 553 2048 βασίλειον
595 1978 875 2051 καθῄρητο
896 1997 911 2010 υ
949 1978 1010 2044 ἐξ
1036 1978 1242 2034 ἐκείνου
1271 1996 1331 2032 τε
1365 1980 1458 2032 καὶ
1482 1979 1544 2032 τὸ
1578 1980 1702 2033 ἰου-

123 2068 271 2122 δαίων
320 2069 483 2134 ἔθνος
523 2070 809 2143 Ῥωμαίων
839 2071 1023 2125 δοῦλον
1052 2072 1262 2140 γέγονε,
1297 2072 1388 2125 καὶ
1422 2072 1484 2124 τὸ
1515 2070 1701 2143 Σύρων

126 2162 395 2226 ὡσαύτως,
417 2163 806 2219 Καππαδόκων
825 2181 885 2216 τε
916 2163 1010 2218 καὶ
1040 2165 1384 2228 Μακεδόνων,
1414 2165 1509 2217 καὶ
1539 2164 1700 2218 Βιθυ-

128 2254 241 2318 νῶν,
267 2256 368 2308 καὶ
415 2255 708 2328 Ἑλλήνων,
740 2257 834 2310 καὶ
857 2256 1131 2309 συνελόντι
1162 2257 1326 2325 φάναι
1358 2255 1466 2308 τῶν
1498 2256 1700 2311 λοιπῶν

126 2348 220 2400 τῶν
243 2349 351 2402 ὐπὸ
378 2350 483 2422 τὴν
519 2349 806 2420 Ῥωμαίων
835 2350 1009 2421 ἀρχὴν
1041 2350 1311 2403 ἁπάντων.
1350 2350 1520 2403 Τοῦτο
1542 2349 1597 2402 δὲ
1619 2351 1699 2403 ὅτι

130 2441 194 2512 μὴ
224 2440 377 2496 ἀθεεὶ
402 2447 471 2513 τῇ
502 2443 631 2514 περὶ¹
664 2442 758 2496 τοῦ
788 2443 1040 2515 Σωτῆρος
1065 2442 1220 2514 ἡμῶν
1244 2441 1559 2513 διδασκαλίᾳ
1587 2458 1711 2494 συν-

129 2530 387 2600 ειήλθεν,
422 2532 507 2596 τίς
541 2532 643 2585 οὐκ
674 2531 741 2585 ἂν
766 2531 1141 2603 ὁμολογήσειε,
1178 2531 1498 2601 διανοηθεὶς,
1529 2532 1605 2594 ὡς
1637 2548 1696 2583 ου

131 2626 294 2696 ῥᾴδιον
322 2622 395 2697 ἧν
415 2629 530 2689 τοῖς
562 2623 829 2697 μαθηταῖς
856 2622 1021 2677 αὐτοῦ
1055 2623 1279 2695 πορείαν
1312 2624 1405 2677 ἐπὶ
1430 2623 1529 2694 τῆς
1554 2622 1699 2675 ἁλλο-

128 2716 288 2788 δαπῆς
358 2717 704 2781 στείλασθαι,
770 2713 1070 2770 διεστώτων
1135 2715 1271 2787 πρὸς
1333 2715 1537 2787 ἄλληλα
1591 2714 1699 2769 τῶν

132 2811 302 2875 ἐθνῶν,
351 2812 443 2865 καὶ
477 2810 747 2882 μηδεμιᾶς
793 2808 959 2880 οὔσης
998 2811 1055 2862 ἐν
1087 2809 1267 2871 αὐτοῖς
1302 2806 1578 2878 ἐπιμιξίας
1611 2805 1698 2859 διά

130 2902 217 2964 τὰς
259 2902 462 2966 πολλὰς
505 2900 829 2973 ἐθναρχίας·
865 2895 941 2954 ὧν
987 2900 1431 2974 περιῃρημένων,
1482 2898 1698 2967 ἀφόϐως

134 2995 221 3065 ἤδη
243 2995 339 3050 καὶ
356 2997 444 3051 ἐπ’
475 2994 661 3059 ἀδείας
689 2996 752 3050 τὸ
776 2995 1134 3067 προκείμενον
1150 2996 1329 3066 ἤνυον,
1353 2995 1454 3066 τὴν
1475 2995 1697 3065 πορείαν

136 3088 302 3152 air-toi;
333 3087 895 3160 προεξευμαρίσαντος
923 3086 1017 3140 τοῦ
1046 3088 1139 3140 ἐπὶ
1171 3087 1386 3140 πάντων
1417 3087 1573 3153 Θεοῦ,
1603 3088 1697 3142 καὶ

136 3180 248 3244 τοὺς
297 3179 501 3252 θυμοὺς
559 3180 670 3235 τῶν
716 3180 861 3235 κατά
894 3179 1076 3281 πόλεις
1111 3180 1516 3253 δεισιδαιμόνων
1545 3181 1697 3254 φόϐῳ
1724 3223 1766 3281 C

135 3270 222 3340 τῆς
274 3273 517 3344 μείζονος
573 3274 748 3346 αρχῆς
777 3269 1263 3340 καταστείλαντος;
1297 3273 1522 3343 Λὸγισαι
1565 3273 1695 3347 γὰρ,

137 3362 219 3426 ὡς,
249 3368 295 3418 εἰ
345 3366 511 3437 μηδὲν
552 3366 614 3419 τὸ
643 3366 851 3423 κωλῦον
889 3363 958 3439 ἧν
997 3368 1124 3432 τούς
1164 3366 1291 3439 περὶ
1313 3367 1412 3438 τὴν
1442 3367 1698 3421 πολύθεον

138 3456 323 3528 πλάνην
367 3457 739 3529 ἐπτοημένους
785 3461 852 3529 τῇ
908 3457 1003 3512 τοῦ
1046 3458 1283 3531 Χριστοῦ
1301 3458 1586 3538 ,πολεμεῖν
1621 3458 1699 3511 δι-

137 3550 396 3623 δασκαλίᾳ,
454 3551 625 3607 πάλαι
666 3552 733 3606 ἂν
778 3552 954 3625 ἐώρας
1005 3554 1148 3608 κατὰ
1200 3554 1384 3619 πόλεις
1433 3556 1527 3608 καὶ
1557 3555 1699 3609 κατὰ

141 3644 321 3714 ἀγροὺς
336 3644 638 3715 ἐμφυλίους
659 3644 898 3709 στάσεις,
926 3645 1199 3717 διωγμούς
1218 3663 1278 3699 τε
1311 3648 1405 3699 καὶ
1431 3646 1698 3717 πολέμους

138 3736 190 3787 οὐ
214 3737 329 3799 τούς
346 3737 734 3807 τυγχάνοντας,
768 3739 818 3790 εί
845 3738 909 3809 δὴ
934 3739 1019 3808 ἐφ’
1041 3739 1267 3801 ἑαυτοὺς
1293 3734 1438 3808 εἶχον
1457 3739 1506 3792 οἱ
1536 3738 1698 3791 δεισι-

140 3827 364 3898 δαίμονες
394 3831 496 3902 τὴν
528 3831 617 3884 ἐπ’
651 3829 833 3884 αὐτῶν
873 3830 1141 3897 ἐξουσίαν.
1187 3830 1302 3884 Νῦν
1324 3831 1380 3884 δὲ
1413 3833 1507 3885 καὶ
1539 3831 1698 3885 τοῦτο

140 3918 256 3972 Θεοῦ
280 3920 369 3974 τοῦ
404 3922 497 3977 ἐπὶ⁵
532 3920 751 3975 πάντων
777 3921 936 3993 ἔργον
961 3918 1050 3993 ἦν,
1079 3922 1140 3976 τὸ
1173 3922 1377 3995 μείζονι
1420 3922 1571 3994 φόϐῳ
1598 3924 1697 3995 τῆς

142 4009 371 4064 ἀνωτάτω
393 4011 592 4083 ἀρχῆς,
615 4011 742 4074 τοὺς
766 4010 993 4081 ἐχθροὺς
1010 4010 1104 4064 τοῦ
1131 4010 1331 4063 οἰκείου
1352 4009 1512 4078 λόγου
1538 4027 1698 4063 κατα-

142 4099 391 4156 δουλῶσαι.
437 4104 776 4174 Προκὸπτειν
816 4102 925 4175 γὰρ
970 4102 1130 4156 αὐτὸν
1158 4103 1446 4175 ὁσημέραι,
1489 4103 1582 4156 καὶ
1617 4104 1697 4166 είς

147 4192 329 4257 πάντας
358 4192 680 4265 ἀνθρώπους
711 4192 895 4258 αὐξειν
932 4192 1195 4269 βούλεται.
1230 4192 1396 4246 Πάλιν
1432 4209 1492 4246 τε
1522 4186 1588 4245 αὖ
1622 4192 1697 4255 ὡς

147 4282 207 4354 μὴ
225 4284 492 4358 νομισθείη
515 4284 660 4338 κατὰ
688 4284 1032 4356 συγχώρησιν
1058 4285 1166 4339 τῶν
1186 4285 1528 4357 κρατούντων
1547 4284 1698 4354 διαρ-

145 4375 318 4440 κέσειν,
367 4377 551 4431 εἷποτέ
604 4395 689 4441 τις
732 4376 937 4430 τούτων
981 4378 1214 4450 πονηρίᾳ
1248 4377 1470 4445 ληφθεὶς
1499 4376 1575 4448 τῷ
1601 4376 1695 4430 τοῦ

146 4467 352 4538 Χριστοῦ
376 4470 522 4541 λόγῳ
545 4469 802 4541 πολεμεῖν
825 4469 1111 4541 προῦθετο,
1132 4471 1224 4522 καὶ
1250 4469 1407 4523 τοῦτο
1435 4470 1697 4541 πράττειν

1804 1981 1949 2037 hunc
1987 1996 2161 2051 usque
2186 1980 2350 2048 diem,
2387 1981 2532 2051 quod
2556 1980 2625 2034 ab
2656 1980 2813 2035 initio
2835 1980 3009 2045 orbis,
3050 1976 3214 2051 140
3229 1986 3283 2034 et
3309 1977 3383 2034 ah

1801 2076 1943 2146 ipsa,
1978 2084 2039 2130 ut
2056 2075 2133 2129 ita
2159 2073 2361 2140 dicam,
2397 2073 2680 2129 hominum
2702 2071 2934 2142 origine,
2960 2079 3188 2127 steterat
3211 2068 3381 2141 Αἶαν-

1802 2168 1877 2237 pti
1907 2181 2156 2238 regnum,
2187 2180 2439 2221 eversum
2462 2171 2568 2221 est.
2599 2163 2678 2218 Ex
2703 2163 2797 2219 illo
2824 2160 3135 2217 Judaeorum
3162 2174 3382 2231 quoque

1800 2260 1950 2314 natio
1982 2274 2014 2312 a
2056 2257 2319 2313 Romanis
2366 2258 2421 2313 in
2457 2257 2778 2313 servitutem
2822 2253 3066 2320 redacta,
3113 2250 3380 2324 Syrorum

1802 2351 1952 2416 item,
1986 2357 2042 2405 et
2080 2347 2485 2419 Cappadocum,
2523 2355 2577 2403 et
2616 2346 2996 2412 Macedonum,
3027 2351 3083 2400 et
3115 2343 3378 2415 Bithyno-

1802 2457 1946 2504 rum,
1977 2450 2030 2496 et
2059 2440 2392 2508 Graecorum,
2420 2455 2484 2494 ac
2513 2439 2749 2508 denique
2772 2438 3110 2508 reliquorum
3135 2436 3378 2490 omnium

1799 2535 1896 2605 qui
1926 2533 2173 2589 Romano
2208 2534 2437 2604 imperio
2465 2540 2771 2588 cesserunt.
2803 2529 2918 2586 Hoc
2944 2536 3127 2584 autem
3153 2545 3264 2585 non
3298 2529 3380 2584 si-

1800 2643 1869 2683 ne
1900 2626 2031 2689 Deo,
2064 2640 2168 2680 una
2199 2641 2323 2680 cum
2355 2625 2605 2681 doctrina
2639 2640 2759 2694 quae
2783 2623 2851 2677 de
2883 2621 3164 2677 Salvatore
3190 2629 3381 2677 nostro

1800 2717 2056 2783 ferretur,
2089 2718 2369 2774 introiisse
2391 2717 2445 2772 in
2479 2717 2690 2781 orbem,
2723 2717 2848 2787 quis
2873 2730 2979 2769 non
3013 2714 3267 2779 fateatur,
3299 2728 3383 2768 re-

1801 2818 2000 2881 putans
2030 2826 2137 2865 non
2179 2810 2391 2865 facilem
2420 2809 2549 2866 Jesu
2590 2808 2874 2879 discipulis
2918 2815 3268 2862 externarum
3300 2821 3383 2861 re.

1800 2903 2020 2974 gionum
2056 2904 2494 2973 peragrationem
2524 2902 2761 2957 futuram
2790 2900 2982 2965 fuisse,
3011 2900 3056 2955 si
3079 2904 3269 2970 gentes
3296 2899 3382 2951 in-

1800 3004 1882 3050 ter
1921 3010 1980 3051 se
2019 2996 2207 3051 divisa:
2239 2995 2631 3065 discordesque
2679 2993 2931 3051 fuissent.
2981 3006 3159 3061 neque
3209 2990 3378 3044 ullum

1798 3104 2049 3161 prorsus,
2076 3088 2147 3144 ob
2176 3088 2506 3158 multiplices
2531 3088 2892 3159 principatus,
2924 3086 3067 3140 inter
3088 3084 3211 3139 illas
3236 3099 3382 3138 com-

1800 3180 2095 3246 mercium;
2143 3179 2343 3250 quibus
2395 3193 2527 3234 sane
2556 3178 2787 3234 sublatis
2821 3174 3242 3248 principatibus,
3293 3174 3381 3229 in-

1800 3271 2008 3343 trepide
2059 3270 2173 3342 jam
2223 3279 2386 3342 atque
2433 3271 2654 3341 impune
2704 3270 2979 3341 negotium
3037 3267 3378 3339 propositum

1800 3364 2232 3433 compleverunt,
2265 3378 2391 3419 cum
2424 3377 2718 3433 supremus
2750 3361 2896 3418 Deus
2928 3370 2982 3417 et
3012 3362 3119 3416 iter
3144 3360 3253 3415 illis
3284 3375 3380 3415 ex-

1800 3454 2041 3524 peditum
2073 3471 2137 3510 ac
2172 3455 2329 3510 facile
2374 3461 2737 3524 compararet,
2780 3464 2834 3509 et
2868 3453 3379 3524 superstitiosorum

1800 3548 1856 3601 in
1889 3546 2204 3602 civitatibus
2243 3546 2456 3601 animos
2480 3554 2688 3603 terrore
2726 3546 2951 3616 majoris
2978 3542 3194 3615 imperii
3225 3542 3382 3597 cohi-

1799 3639 1992 3695 beret?
2024 3637 2237 3709 Reputa
2272 3638 2418 3694 enim
2457 3647 2636 3694 tecum
2661 3653 2955 3709 parumper
2988 3656 3001 3692 :
3031 3637 3077 3691 si
3114 3637 3261 3691 nulla
3293 3651 3383 3692 res

1800 3730 2190 3801 impedimento
2234 3731 2429 3787 fuisset
2463 3732 2531 3788 iis
2561 3732 2654 3802 qui
2683 3746 2872 3787 errore
2920 3730 3132 3786 colendi
3176 3729 3383 3785 multos

1799 3823 1930 3877 deos
1978 3823 2326 3890 tenebantur,
2383 3839 2452 3879 ne
2503 3824 2811 3878 doctrinam
2843 3821 3047 3878 Christi
3098 3835 3384 3895 oppugna-

1799 3924 1942 3982 rent,
1967 3935 2130 3989 quam
2162 3921 2363 3974 multas
2391 3920 2625 3974 antehac
2660 3919 2850 3974 civiles
2904 3917 3222 3982 seditiones,
3246 3925 3301 3972 et
3325 3917 3382 3972 in

1799 4011 2028 4067 urbibus
2060 4013 2191 4068 etin
2214 4016 2360 4084 agris
2394 4012 2630 4069 vidisses
2664 4032 2676 4069 :
2711 4023 2843 4083 quot
2868 4014 3209 4078 vexationes,
3243 4019 3377 4083 quot

1800 4105 1941 4159 bella
1979 4119 2090 4159 non
2126 4105 2424 4160 mediocria
2453 4106 2545 4160 illa
2580 4105 2826 4177 quidem,
2894 4108 2938 4162 si
3007 4105 3377 4177 superstitiosi

1800 4194 1877 4249 illi
1927 4212 2040 4251 sua:
2095 4195 2337 4267 ipsorum
2389 4198 2675 4268 potestatis
2728 4198 2983 4265 fuissent,
3016 4215 3079 4253 ac
3128 4213 3294 4269 penes
3323 4213 3383 4254 se

1793 4288 1886 4358 jus
1920 4288 2134 4359 imperii
2165 4290 2681 4346 habuissent.Nunc
2711 4300 2891 4347 autem
2923 4293 3026 4347 hoc
3048 4307 3266 4362 quoque
3288 4307 3381 4345 su-

1798 4380 1973 4452 premi
2002 4380 2101 4436 Dei
2148 4380 2251 4436 fuit
2280 4397 2440 4453 opus,
2473 4383 2669 4453 majori
2698 4384 2935 4455 quodam
2967 4393 3175 4439 terrore
3201 4397 3385 4451 supre-

1799 4490 1901 4529 ma:
1922 4474 2157 4546 alicujus
2186 4478 2459 4547 potentiae,
2486 4478 2693 4548 proprii
2714 4478 2867 4534 verbi
2897 4478 3151 4533 inimicos
3180 4476 3384 4532 habere

147 4560 343 4614 ἐνεδίδου
375 4562 435 4616 τὸ
465 4560 802 4633 καταθύμιον
828 4580 841 4591 ’
873 4561 1011 4633 ὁμοῦ
1071 4562 1168 4633 μὲν
1213 4564 1292 4624 είς
1324 4562 1546 4628 ἔνδειξιν
1588 4562 1697 4616 τῶν

1802 4568 1908 4640 iam
1953 4568 2191 4624 domitos
2225 4588 2238 4624 :
2271 4568 2324 4623 id
2360 4571 2503 4625 enim
2558 4571 2821 4642 proﬁcere
2875 4571 2933 4625 in
2978 4570 3116 4635 dies,
3147 4578 3203 4626 et
3237 4570 3379 4640 apud

148 4654 226 4722 τῆς
250 4654 522 4718 εὐσεϐείας
547 4653 818 4725 ἀθλητῶν,
849 4653 985 4725 ὁμοῦ
1012 4654 1069 4707 δὲ
1093 4654 1188 4708 καὶ
1218 4655 1297 4718 εἰς
1330 4654 1390 4707 τὸ
1421 4657 1532 4719 τοῖς
1562 4656 1694 4708 πᾶσι

148 4747 344 4817 φανερὸν
395 4747 759 4818 καταστῆναι,
794 4748 874 4800 ὅτι
923 4747 999 4819 μὴ
1042 4746 1099 4813 ἐξ
1134 4746 1434 4819 ἀνθρώπων
1467 4743 1534 4820 ἧν
1572 4748 1696 4820 βου-

146 4834 244 4907 λῆς,
292 4839 400 4893 ἀλλ’
440 4841 509 4893 ἐκ
552 4840 655 4911 τῆς
710 4839 805 4893 τοῦ
859 4839 994 4893 Θεοῦ
1040 4839 1321 4910 δυνάμεως
1374 4842 1407 4911 ἡ
1463 4839 1558 4893 τοῦ
1613 4841 1698 4894 λό-

148 4944 225 4995 γου
269 4932 539 4998 σύστασις.
606 4933 815 4987 Αὐτίκα
865 4933 949 4997 τίς
1004 4933 1105 4986 οὐκ
1151 4932 1217 4987 ἂν
1268 4933 1565 5005 θαυμάσειε
1631 4934 1700 4988 τὰ

151 5024 430 5093 συμϐαίνειν
472 5025 617 5080 κατά
647 5027 775 5091 τοὺς
813 5026 1051 5080 τοιούσδε
1083 5028 1308 5098 καιροὺς
1336 5026 1597 5093 είωθὸτα;
1634 5028 1696 5081 Οἱ

150 5114 231 5181 μὲν
264 5119 366 5192 γάρ
398 5120 501 5192 τῆς
529 5119 813 5183 εὐσεϐείας
838 5119 1067 5190 ἀθληταὶ
1092 5119 1152 5173 τὸ
1181 5120 1310 5192 πρὶν
1339 5118 1699 5191 ἀνθρωπίνοις

148 5222 197 5274 γε
224 5215 324 5275 τοῖς
361 5216 496 5267 πᾶσι
533 5213 773 5284 διάδηλοι
810 5214 906 5267 καὶ
948 5212 1268 5285 διαπρεπεῖς
1293 5213 1553 5281 ἐγίνοντο,
1587 5214 1697 5267 τῶν

149 5306 270 5374 παρὰ
318 5306 394 5376 τῷ
436 5306 558 5377 Θεῷ
599 5306 996 5378 κατηξιωμένοι
1041 5306 1358 5377 βασιλείων·
1408 5309 1457 5360 oi.
1504 5308 1561 5360 δὲ
1597 5310 1697 5379 τῆς

149 5393 393 5462 εὐσεϐείας
438 5399 690 5471 πολέμιοι
752 5399 851 5463 τὰς
903 5401 1286 5471 προσηκούσας
1338 5398 1572 5465 ἐξέτινον
1621 5400 1697 5452 δί-

150 5499 246 5548 κας,
287 5488 563 5561 θεηλάτοις
620 5488 873 5561 μάστιξιν
928 5490 1320 5561 οίστρούμενοι,
1363 5491 1457 5544 καὶ
1495 5492 1601 5543 πᾶν
1636 5491 1698 5545 τὸ

153 5577 279 5649 σῶμα
325 5582 513 5647 δεινοῖς
556 5584 653 5637 καὶ
703 5583 947 5654 ἀνιαροῖς
994 5581 1189 5636 πάθεσι
1236 5581 1693 5653 διαφθειρόμενον

154 5666 264 5725 ὥστε
290 5675 386 5745 ήδη
428 5677 524 5729 καὶ
557 5677 638 5738 εἰς
665 5674 955 5745 ὁμολογίαν
981 5674 1080 5743 τῆς
1124 5674 1265 5727 κατά
1297 5673 1533 5746 Χριστοῦ
1568 5674 1695 5727 δυσ-

160 5761 333 5829 σεϐείας
368 5768 522 5838 ἦκειν
565 5765 974 5837 περιελαθῆναι.
1013 5767 1075 5818 Οἱ
1109 5765 1167 5818 δέ
1196 5781 1259 5834 γε
1289 5764 1465 5818 λοιποὶ
1499 5765 1697 5828 πάντες

160 5852 233 5923 τῆς
275 5857 445 5913 ἐνθέου
482 5857 857 5930 προσηγορίας
909 5855 1221 5928 ἠξιωμένοι,
1271 5856 1411 5913 κατά
1458 5856 1695 5929 Χριστοῦ

1801 4670 2027 4719 cunctos
2085 4662 2334 4719 homines
2381 4680 2631 4721 crescere
2679 4665 2893 4719 volebat
2934 4682 2946 4718 :
2982 4679 3175 4719 rursus
3201 4675 3382 4721 autem

1800 4769 1869 4810 ne
1896 4762 2182 4825 putaretur
2216 4771 2280 4810 ex
2308 4755 2671 4811 concessione
2699 4769 2764 4809 ac
2795 4755 2953 4809 venia
2982 4755 3380 4811 dominantium

1799 4861 2170 4916 perseverare,
2215 4846 2260 4902 si
2309 4847 2531 4917 quando
2582 4847 2779 4901 horum
2832 4850 3073 4918 ipsorum
3108 4848 3379 4919 quiSpiam

1800 4940 2138 5009 malignitate
2186 4943 2421 5011 quadam
2477 4952 2798 5015 correptus,
2853 4943 3119 4998 adversus
3177 4941 3381 4996 Christi

1799 5032 2027 5085 verbum
2083 5048 2327 5103 pugnare
2383 5034 2744 5091 deliberatum
2795 5036 2852 5091 in
2899 5036 3082 5089 animo
3126 5032 3381 5099 habebat,

1800 5123 1963 5176 etiam
1996 5123 2100 5178 hoc
2126 5140 2229 5179 suo
2259 5126 2433 5196 ipsius
2460 5128 2729 5184 arbitratu
2759 5127 3128 5184 illum‘facere
3155 5125 3375 5198 permit-

1800 5216 1968 5282 tebat,
2006 5216 2170 5272 simul
2201 5226 2263 5272 ut
2295 5235 2483 5274 eorum
2519 5220 2777 5276 virtutem
2814 5219 3129 5275 ostenderet
3153 5217 3246 5287 qui
3282 5234 3381 5289 pro

1801 5305 2001 5374 pietate
2041 5310 2375 5378 pugnabant,
2413 5311 2576 5366 simul
2606 5314 2767 5368 etiam
2803 5324 2866 5367 ut
2890 5313 3106 5367 cunctis
3137 5311 3379 5367 homini-

1798 5396 1903 5453 bus
1956 5398 2177 5467 planum
2238 5398 2460 5466 faceret,
2494 5402 2639 5472 quod
2689 5417 2797 5457 non
2848 5393 3089 5456 humano
3122 5399 3376 5465 consilio,

1800 5490 1897 5546 sed
1948 5490 2043 5547 Dei
2095 5492 2295 5548 virtute
2341 5494 2607 5550 niteretur
2640 5495 2757 5566 ipsa
2788 5495 2943 5552 verbi
2992 5496 3376 5568 propugnatio.

1799 5583 2012 5640 Etenim
2040 5586 2164 5654 quis
2196 5600 2306 5641 non
2334 5587 2596 5642 continuo
2620 5588 2972 5659 obstupescat
2995 5605 3079 5653 ea.
3115 5605 3239 5661 quae
3271 5589 3380 5645 illis
3468 5606 3479 5627 ³

1800 5675 2141 5743 temporibus
2191 5674 2440 5731 accidere
2506 5679 2710 5748 passim
2777 5681 3190 5737 cernebantur?
3239 5680 3379 5741 Nam

1802 5764 1905 5833 ipsi
1956 5766 2175 5835 pietatis
2233 5769 2593 5838 defensores,
2659 5771 2893 5842 primum
2956 5773 3098 5844 apud
3151 5783 3381 5829 cunctos

1801 5857 2052 5915 hornines
2114 5861 2249 5917 clari
2308 5863 2659 5937 illustresque
2726 5865 2963 5935 fiebant,
3026 5873 3080 5924 et
3125 5863 3383 5922 certami-
