3954 6560
592 407 699 466 247

1252 410 1522 469 EUSEBII
1548 411 2022 473 CESARIENSIS
2055 416 2203 475 OPP.
2239 417 2421 475 PARS
2455 420 2522 479 Il.
2555 450 2629 460 —
2657 418 3153 479 APOLOGETICA.
3723 425 3820 482 ειδ

591 540 723 583 num
754 526 974 599 prtemia
1008 520 1155 598 apud
1182 526 1350 584 Deum
1382 532 1892 603 consequebantur;
1936 534 2150 609 pietatis

2261 540 2476 611 φρονεῖν
2517 538 2828 610 αὐχοῦντες,
2876 541 2965 595 ἐπ’
2988 541 3186 611 ιόλίγον
3223 538 3664 614 γεγυμνασμένοι
3712 546 3820 608 τοῖς

591 633 722 675 vero
749 621 966 687 hostes,
1001 618 1260 676 divinitus
1313 621 1436 676 caesi
1483 629 1647 692 atque
1702 624 1912 695 agitati,
1966 639 2031 680 ac
2073 634 2159 680 to-

594 719 654 765 to
695 725 922 781 corpore
957 711 1212 782 gravibus
1256 711 1607 785 molestisque
1652 715 1934 773 doloribus
1980 718 2159 788 impli-

591 801 685 859 citi
716 808 877 872 atque
925 803 1251 873 consumpti,
1287 803 1467 858 debita
1510 806 1776 876 supplicia
1825 808 2155 878 pendebant,

595 893 747 966 141
779 893 914 950 adeo
959 895 1174 965 quidem
1218 904 1276 950 ut
1319 895 1598 966 profanam
1645 904 1835 953 contra
1874 898 2155 955 Christum

587 985 923 1041 voluntatem
956 986 1205 1041 conﬁteri
1226 1026 1240 1051 ,
1270 985 1383 1056 jam
1412 993 1528 1041 tum
1562 996 1927 1059 cogerentur:
1962 999 2017 1044 at
2059 1007 2156 1046 ca:-

591 1077 695 1133 teri
729 1071 921 1133 omnes
951 1078 1045 1149 qui
1089 1080 1451 1150 appellatione
1492 1090 1843 1139 sacrosancta
1892 1083 2039 1154 digni
2072 1084 2156 1139 in-

587 1169 735 1224 venti
782 1168 1035 1235 fuerant,
1083 1178 1139 1226 et
1184 1186 1244 1227 se
1276 1172 1526 1243 partibus
1558 1172 1765 1231 Christi
1798 1191 1920 1231 esse
1953 1175 2156 1247 gloria-

587 1259 808 1327 bantur,
871 1277 996 1316 cum
1051 1262 1119 1317 ad
1169 1263 1333 1318 breve
1381 1272 1594 1335 tempus
1641 1266 1920 1322 exercitati
1968 1276 2154 1323 essent

586 1351 878 1421 molestiis,
909 1352 1073 1425 atque
1105 1354 1496 1426 ingenuitatem
1528 1357 2011 1429 sinceritatemque
2040 1358 2153 1413 ani-

584 1445 660 1498 mi
694 1460 807 1515 prae
845 1460 906 1502 se
951 1446 1242 1511 tulissent,
1271 1451 1550 1520 propriam
1582 1465 1777 1506 rursus
1810 1451 2154 1521 recipiebant

582 1536 892 1592 libertatem
917 1579 932 1603 ,
965 1554 1028 1594 ac
1061 1543 1303 1598 salutare
1334 1542 1542 1598 interea
1571 1544 1801 1599 verbum
1844 1543 2053 1611 majore
2098 1544 2150 1597 in

582 1627 700 1684 dies
728 1628 979 1685 claritate
1011 1631 1254 1697 nitebat,
1298 1642 1462 1705 atque
1502 1636 1558 1690 in
1606 1635 1740 1705 ipsis
1786 1635 1980 1690 mediis
2051 1635 2153 1689 bo-

2263 632 2656 705 πειρατηρίοις,
2693 633 2753 687 τὸ
2784 633 2842 688 δὲ
2874 635 3093 706 γνήσιον
3130 636 3224 689 καὶ
3254 634 3540 707 εἱλικρινὲς
3565 633 3666 689 τοῦ
3698 653 3820 708 φρο-

2260 726 2499 796 νήματος
2543 725 2957 798 ἐπιδειξάμενοι,
3006 726 3104 799 τὴν
3143 726 3347 781 οἰκείαν
3380 723 3535 791 αὖθις
3568 727 3818 797 ἀπελάμ-

2261 818 2419 871 ϐανον
2465 816 2792 890 ἐλευθερίαν,
2850 821 2930 882 είς
2983 819 3163 891 μεῖζον
3224 817 3489 890 ὁσημέραι
3531 816 3598 871 δι’
3646 818 3819 870 αὐτῶν

2258 908 2625 978 ἐκλάμποντος
2670 909 2763 963 τοῦ
2813 911 3080 982 σωτηρίου
3117 910 3298 978 λόγου,
3328 910 3421 964 καὶ
3462 911 3521 963 ἐν
3542 910 3730 973 αὐτοῖς
3759 927 3818 978 γε

2262 999 2445 1070 μέσοις
2478 1001 2588 1062 τοῖς
2637 998 2852 1071 ἐχθροῖς
2896 999 3394 1071 κατακρατοῦντος·
3435 998 3509 1070 μὴ
3555 999 3720 1070 μόνον
3761 1015 3819 1052 τε

2256 1089 2365 1144 τῶν
2428 1091 2639 1162 ὁρατῶν
2703 1091 2974 1161 πολεμίων
3044 1090 3614 1162 κατεξανισταμένους,
3688 1091 3818 1146 ἀλλὰ

2257 1181 2349 1235 καὶ
2380 1180 2495 1255 ,τῶν
2526 1181 2800 1253 ἀοράτωνο
2837 1181 2892 1234 εί
2923 1198 3069 1245 τινες
3100 1182 3205 1252 ἄρα
3235 1177 3343 1234 εἷεν
3380 1181 3522 1251 ἀμφὶ
3552 1180 3649 1234 τὸν
3696 1181 3818 1252 περὶ

2250 1272 2359 1343 γῆν
2406 1271 2541 1343 ἀέρα
2597 1270 2809 1342 ζοφώδη
2861 1271 3089 1344 πονηροὶ
3136 1272 3384 1342 δαίμονες
3427 1273 3518 1325 καὶ
3562 1272 3818 1344 ἄρχοντες

2252 1364 2478 1430 τούτων,
2509 1363 2601 1428 οὓς
2631 1366 2725 1417 καὶ
2752 1365 2949 1427 αὐτοὺς
2986 1366 3035 1417 oi
3068 1366 3277 1435 γνήσιοι
3318 1363 3408 1418 τοῦ
3440 1364 3683 1436 Χριστοῦ
3722 1381 3818 1435 μα-

2255 1453 2411 1522 θηταὶ
2433 1452 2498 1505 δι’
2530 1452 2750 1522 ἁγνείας
2783 1452 2920 1523 βίου,
2947 1455 3038 1507 καὶ
3062 1454 3168 1506 τῶν
3198 1454 3332 1524 πρὸς
3355 1453 3446 1508 τὸν
3473 1454 3609 1507 Θεὸν
3627 1453 3816 1524 εὐχῶν,

2252 1546 2341 1599 διά
2369 1561 2428 1598 τε
2460 1545 2561 1615 τῆς
2602 1545 2767 1599 αὐτοῦ
2798 1544 2981 1598 ἐνθέου
3025 1546 3392 1617 προσηγορίας
3424 1545 3816 1612 ἐξελαύνοντες,

2255 1634 2491 1706 σημείων
2520 1633 2626 1686 τῶν
2660 1633 2824 1687 πάλαι
2860 1633 3252 1705 ἱστορουμένων
3292 1632 3382 1686 ὑπ’
3412 1632 3573 1686 αὐτοῦ
3609 1631 3819 1701 γεγονέ-

580 1713 760 1777 stibus
808 1721 1213 1790 dominabatur,
1256 1740 1319 1780 ac
1361 1742 1471 1781 non
1517 1726 1681 1782 modo
1717 1728 1772 1782 in
1821 1726 1889 1781 iis
1922 1727 2012 1797 qui
2047 1728 2150 1782 sub

2255 1744 2339 1781 ναι
2386 1724 2721 1797 παραδόξων,
2750 1724 2844 1779 καὶ
2882 1728 2938 1778 ὲν
2968 1723 3141 1796 τούτῳ
3170 1726 3281 1787 τοῖς
3325 1724 3549 1795 σὀνορᾷν
3585 1721 3815 1792 δυναμέ-

579 1812 758 1868 visum
786 1827 1035 1871 nostrum
1067 1818 1330 1876 cadentes
1362 1820 1817 1885 adversabantur,
1854 1821 1950 1876 sed
1982 1819 2036 1872 in
2080 1818 2149 1874 iis

2255 1836 2362 1882 νοις
2392 1817 2463 1871 τὰ
2498 1819 2770 1890 τεκμήρια
2813 1818 2912 1889 τῆς
2962 1816 3143 1870 ἐνθέου
3182 1816 3383 1889 ἀρετῆς
3419 1814 3584 1868 αὐτοῦ
3628 1813 3818 1868 διαδει-

579 1918 797 1975 quoque
831 1907 927 1978 qui
956 1910 1133 1965 visum
1168 1912 1450 1967 mortalem
1481 1913 1773 1984 elIugiunt,
1805 1913 1852 1968 si
1885 1913 1977 1982 qui
2012 1912 2149 1967 forte

2255 1911 2491 1974 κνύντες.
2529 1910 2685 1964 Ἀλλὰ
2713 1910 2822 1981 γὰρ
2840 1910 2947 1963 τῶν
2971 1909 3029 1963 δὲ
3059 1909 3197 1963 κατὰ
3223 1909 3410 1981 καιρὸν
3439 1922 3819 1978 προγεγυμνα-

579 2003 734 2048 erant
766 1994 821 2049 in
855 1996 958 2052 hoc
987 2000 1078 2070 qui
1108 2008 1311 2056 terram
1342 2004 1659 2074 complexus
1687 2012 1770 2060 est
1799 2003 1998 2059 nebulo
2024 2017 2149 2058 aere

2257 2001 2490 2073 σμένων,
2535 2001 2726 2074 καιρὸς
2754 2001 2854 2072 ἥδη
2898 2000 3052 2054 καλεῖ
3096 2000 3192 2070 τῆς
3237 1998 3654 2071 μυστικωτέρας
3699 1994 3819 2069 περὶ

576 2083 886 2153 daemones,
940 2091 1035 2161 qui
1095 2093 1284 2150 alteris
1334 2095 1443 2150 illis
1495 2095 1847 2166 imperarent.
1904 2094 2149 2165 Namque

2255 2092 2416 2148 αὐτοῦ
2437 2091 2710 2161 θεολογίας
2734 2091 3065 2160 ἐφάψασθαι,
3083 2090 3280 2146 καὶτὸν
3304 2089 3433 2143 Θεὸν
3457 2090 3657 2156 Λόγου,
3683 2088 3818 2152 ὅστις

576 2181 743 2235 etiam
796 2182 897 2240 hos
947 2185 1098 2255 ipsos
1146 2187 1261 2242 veri
1313 2186 1519 2242 Christi
1572 2188 1866 2259 discipuli,
1916 2194 1973 2243 et
2024 2188 2149 2242 vitae

2257 2186 2374 2239 ποτ’
2397 2179 2465 2255 ἦν
2492 2186 2520 2237 ὁ
2543 2183 2633 2236 διὰ
2657 2182 2749 2236 τοῦ
2785 2181 3108 2253 φαινομένου
3132 2180 3322 2251 ἀνδρὸς
3350 2179 3447 2243 τὰς
3479 2179 3820 2250 θαυματουρ-

574 2273 845 2342 puritate,
880 2284 934 2332 et
965 2278 1033 2332 ad
1064 2277 1233 2334 Deum
1264 2280 1489 2336 directis
1524 2281 1809 2351 precibus,
1857 2288 1912 2336 et
1958 2295 2149 2336 sacro-

2255 2278 2382 2347 γίας
2417 2276 2669 2341 ἐκτελῶν,
2698 2274 3049 2329 ἐποπτεῦσαι.

574 2374 765 2422 sancta
795 2369 944 2425 illius
977 2371 1343 2441 appellatione
1372 2372 1668 2442 fugahant,
1702 2372 1759 2426 in
1784 2373 1889 2427 hoc
1921 2387 2138 2443 quoque
2175 2369 2575 2425 admirabilium
2607 2369 2886 2438 signorum
2917 2383 3037 2438 quae
3064 2367 3134 2422 ab
3163 2367 3255 2421 illo
3283 2366 3427 2422 edita
3454 2381 3580 2422 esse
3617 2379 3815 2421 memoc

572 2470 786 2528 rantur,
820 2480 883 2520 ac
915 2464 1113 2522 divina:
1142 2483 1264 2538 qua:
1297 2468 1350 2521 in
1381 2467 1474 2524 illo
1504 2475 1619 2541 erat
1650 2468 1871 2524 virtutis
1903 2477 2218 2539 argumenta
2251 2464 2558 2522 certissima
2589 2479 2699 2533 prae
2735 2479 2795 2520 se
2829 2462 3086 2519 ferentes.
3127 2462 3434 2525 Caeterum,
3475 2474 3601 2514 cum
3644 2459 3700 2513 in
3737 2457 3815 2512 his

570 2570 674 2626 pro
702 2567 944 2629 tempore
975 2560 1076 2632 ipsi
1108 2577 1219 2616 non
1254 2562 1401 2633 ipsos
1435 2563 1663 2619 antehac
1692 2567 2133 2626 exercuerimus,
2166 2561 2300 2617 ordo
2337 2560 2451 2630 ipse
2483 2560 2596 2629 jam
2634 2559 2906 2629 postulat,
2970 2566 3029 2612 ut
3061 2557 3411 2613 occultiorem
3441 2554 3508 2609 de
3541 2553 3640 2608 illo
3671 2553 3816 2607 theo-

570 2648 769 2720 logiam
800 2644 1151 2724 attingamus,
1187 2655 1464 2725 Deumque
1496 2657 1674 2728 ipsum
1708 2654 1987 2719 Verbum,
2024 2653 2298 2725 quodnam
2333 2653 2530 2720 fuerit,
2562 2651 2704 2723 quod
2736 2652 3017 2722 per-illum
3047 2651 3358 2714 hominem,
3390 2648 3484 2719 qui
3510 2649 3815 2711 videbatur,

569 2739 814 2812 prodigia
845 2751 899 2798 et
930 2744 1191 2801 miracula
1225 2747 1521 2815 eﬂiciebat,
1554 2748 2009 2818 contemplemur.

1644 3122 2736 3295 ΕΥΣΕΒΙΟΥ
2890 3029 2897 3034 ”

1744 3402 1972 3489 ΤΟΥ
2044 3400 2653 3565 ΠΑΜΦΙΛΟἚ

1016 3588 2150 3726 ΕΥΑΓΓΕΛΙΚΗΣ

2266 3584 3356 3727 ΑΠΟΔΕΙΞΕΩΣ
3451 3709 3455 3713 .

1642 3835 2080 3920 BIBAION
2135 3834 2735 3919 TETAPTON.

1300 4194 2053 4352 EUSEBII
2168 4193 3079 4350 PAMPHILI

859 4487 2360 4625 DEMONSTRATIONIS
2455 4486 3510 4620 EVANGELICZE

1662 4745 2026 4833 LIBER
2115 4744 2705 4851 QUARTUS.

780 4940 795 4959 π
2098 4948 2105 4955 ν
2167 4942 2238 4956 ο..

778 5044 951 5101 Il/EC
1015 4998 1309 5101 INS.UNT
1370 5044 1816 5111 [NEQUARTO
1903 5045 2127 5101 LIBRO

2255 5044 2409 5099 ΓΑΔΕ
2437 5044 2758 5097 ΕΝΕΣΤΙΝ
2781 5044 2901 5096 ,ΕΝ
2941 5045 3021 5113 2!)
3062 5042 3378 5113 ΤΕΤΑΡΊᾨ
3431 5041 3793 5113 ΣΥΓΓιξᾼΜτ

560 5046 719 5174 12;
778 5046 951 5133 [nec
1015 5046 1309 5134 ιΝδυΝῖ
1370 5046 1816 5133 magnam?
1903 5046 2127 5133 ιζοηο

694 5117 1137 5177 vannum/13
1206 5118 1297 5171 or.
1352 5116 1784 5174 summm.
1831 5116 2124 5174 nosmo

2255 5046 2409 5099 ΓΑΔΕ
2437 5046 2758 5097 ΕΝΕΣΤΙΝ
2781 5046 2901 5096 ΕΝ
2941 5046 3021 5115 Ίᾨ
3062 5046 3378 5113 ΤΕΤΑΡΊᾨ
3431 5046 3793 5095 ΣΥΓΓΡΑΜο

2299 5115 2480 5167 ΜΑΤΙ
2549 5115 2683 5166 ΤΗΣ
2754 5115 2923 5165 ΠΕΡΙ
3006 5115 3145 5167 ΤΟΥ
3207 5113 3540 5167 ΣΩΤΗΡΟΣ
3592 5111 3796 5167 ΗΜΩΝ

626 5187 1381 5246 DEMONSTRATIONIS.

2297 5185 2342 5235 E
2357 5183 2819 5238 ΥΑΓΓΕΛΙΚΗΣ
2860 5181 3323 5237 ΑΠΟΔΕΙΞΕΩΣ.

561 5302 608 5361 l.
646 5304 726 5361 De
755 5306 1040 5360 occultiore
1071 5304 1353 5377 secundum
1392 5301 1723 5377 salvatorem
1752 5321 1814 5358 ac
1846 5304 2127 5359 Dominum

2255 5301 2479 5377 l'..I]€pi
2496 5296 2613 5377 ςῆς
2638 5298 2787 5377 graec}
2846 5298 2950 5377 τεῒν·
2974 5296 3215 5377 Σωζῆρα
3251 5299 3354 5377 λεαί
3377 5297 3593 5377 Κύριος
3630 5294 3791 5377 ἡμῶν

628 5388 902 5441 nostrum,
938 5378 1028 5448 qui
1061 5375 1308 5430 Christus
1336 5386 1415 5431 est
1444 5375 1575 5439 Dei,
1608 5374 2022 5443 dispensatione.

2318 5368 2565 5448 Ἰηο-οῦν
2591 5367 2699 5421 τὸν
2724 5368 2983 5434 Χριστὸν
3003 5367 3110 5421 τοῦ
3142 5369 3290 5423 Θεοῦ
3311 5367 3613 5438 μυστικῆς
3637 5368 3787 5420 οἱκο-

2420 5441 2534 5492 lac.

2301 5455 2374 5492 νο
2420 5455 2436 5490 ι
2520 5476 2534 5492 .

2226 5532 2308 5598 ,B'.
2354 5456 2552 5596 "fige
2583 5529 2768 5584 αὐτὸν
2794 5529 2908 5597 πρὸ
2940 5527 3143 5598 πάσης
3180 5531 3432 5596 κτίσεως
3479 5530 3617 5586 Υιὸν
3647 5526 3787 5584 Θεοί

2305 5601 2613 5673 γεγονέναι
2641 5599 2853 5669 φαμέν.

2226 5700 2297 5763 τι.
2347 5693 2475 5745 ’Ότι
2510 5688 2596 5763 μὴ
2631 5690 2881 5763 σξλείους
2911 5690 3028 5763 υίοί
3057 5692 3162 5763 τοῦ
3199 5692 3296 5747 ἐπὶ
3341 5693 3582 5748 πάντων
3623 5688 3785 5763 Θεοῦ.

2295 5763 2482 5884 μὲνος
2511 5755 2593 5813 se
2614 5755 2702 5828 εἷς
2729 5760 2797 5815 ἐκ
2837 5755 2987 5818 Θεοῦ
3012 5762 3155 5832 Θεὸς
3184 5764 3447 5834 εὐλόγως
3478 5764 3618 5835 ἡμῖν
3646 5755 3785 5830 ἀνη-

2298 5851 2336 5904 γ
2362 5849 2589 5901 ρευται.

555 5529 610 5585 2.
652 5530 1106 5594 Quemadmodum
1137 5531 1289 5586 illum
1318 5542 1439 5587 ante
1468 5548 1675 5587 omnem
1703 5542 1998 5586 creaturam
2033 5527 2127 5585 Fi-

630 5603 757 5654 lium
796 5602 889 5656 Dei
922 5603 1086 5671 fuisse
1118 5603 1366 5659 dicimus.

554 5684 602 5744 3.
649 5687 800 5755 Quod
834 5708 935 5744 non
966 5692 1141 5759 plures
1175 5694 1406 5760 supremi
1439 5692 1537 5746 Dei
1562 5691 1725 5749 Filii.
1750 5691 1840 5747 sed
1871 5706 2006 5747 unus
2035 5710 2123 5749 s0-

625 5762 709 5815 lus
742 5761 805 5814 de
837 5762 942 5817 Deo
974 5762 1115 5819 Deus
1139 5802 1153 5827 ,
1179 5764 1304 5832 jure
1336 5782 1367 5817 α
1395 5764 1543 5819 nobis
1580 5764 1865 5833 prwtlicari
1893 5766 2081 5820 soleat.
