3954 6514
560 362 661 417 251

1240 365 1506 422 EUSEBII
1550 366 2029 426 CzESARlENSlS
2065 373 2216 428 OPP.
2257 373 2438 428 PARS
2477 373 2545 429 ll.
2578 405 2649 417 -——
2686 370 3193 428 APOLOGETICA.

3757 370 3850 427 252

557 486 739 532 autem
771 485 840 531 ab
873 476 1065 558 eodem
1122 481 1315 550 procul
1368 481 1627 536 labuntur
1650 521 1664 545 ,
1721 485 1923 555 quippe
1957 487 2050 556 qui
2080 496 2122 543 el

2235 490 2332 562 τὴν
2370 490 2597 559 θεότητα
2644 490 2973 561 συνορῶντες
3016 487 3214 551 αὐτοῦ,
3250 490 3253 493 ’
3274 487 3429 558 μήτε
3477 498 3551 539 τα
3588 487 3739 539 αἴτια
3763 487 3849 559 τῆς

554 572 794 627 divinam
826 571 974 627 illius
1000 580 1254 628 naturam
1300 574 1571 645 ignorent,
1619 592 1796 648 neque
1818 593 2014 636 causas
2043 581 2138 636 ad-

552 674 750 719 ventus
779 665 1132 734 perspiciant,
1180 680 1357 735 neque
1391 667 1519 721 item
1553 669 1751 738 quibus
1800 673 2137 742 temporibus

551 765 843 809 venturum
877 755 1030 810 illum
1061 757 1341 827 prophetae
1365 759 1734 828 praadixerint,
1782 764 2138 833 comprehen-

549 845 706 901 dant.
734 845 870 900 Nam
902 846 980 901 illi
1009 848 1229 918 quidem
1263 850 1414 904 illum
1449 853 1614 906 etiam
1670 840 1817 909 nunc
1844 863 2134 911 venturum

548 944 903 1007 exspectant:
936 954 1038 994 nos
1063 946 1245 995 autem
1291 941 1404 1011 jam
1437 946 1602 999 semel
1627 946 1891 1000 duntaxat
1920 948 2137 1004 venisse

548 1029 949 1098 contendimus,
968 1046 1179 1086 necnon
1201 1034 1430 1088 alterum
1454 1035 1697 1104 ejusdem
1711 1053 1833 1091 cum
1851 1039 2135 1109 majestate

550 1123 868 1185 adventum,
899 1131 952 1178 et
992 1127 1235 1182 oraculis
1286 1136 1340 1182 et
1383 1129 1671 1198 praeceptis
1721 1131 2131 1200 prophetarum,

548 1213 643 1283 qui
677 1212 945 1270 divinitus
1000 1215 1164 1271 adlati
1216 1218 1460 1285 fuerunt,
1512 1221 1885 1279 auscultantes
1934 1225 2135 1281 intueri

546 1313 894 1376 exoptamus.
930 1306 1068 1362 Cum
1103 1318 1282 1365 autem
1327 1310 1396 1366 de
1421 1312 1514 1369 illo
1537 1313 1735 1384 duplex
1769 1316 1841 1370 sit
1869 1317 2030 1384 ratio,
2055 1318 2135 1371 al-

547 1404 668 1453 tera
726 1398 946 1468 quidem
979 1401 1253 1456 recentior
1286 1401 1449 1458 fuerit
1474 1444 1489 1470 ,
1526 1408 1727 1476 quippe
1762 1423 1883 1478 quae
1915 1407 2029 1463 heri
2067 1424 2133 1466 ac

547 1502 723 1559 nuper
739 1488 805 1543 ad
833 1490 1085 1547 homines
1122 1493 1432 1549 introducta
1464 1496 1536 1550 sit
1573 1516 1586 1551 :
1624 1498 1796 1553 altera
1830 1516 1962 1555 vero
1982 1502 2133 1556 omni

545 1585 811 1649 tempore,
837 1583 1202 1654 omnibusque
1253 1587 1470 1643 saeculis
1509 1588 1809 1660 antiquior.
1838 1589 1973 1646 Nam
2005 1608 2132 1647 cum

547 1667 693 1727 Deus
717 1672 899 1739 vellet,
941 1683 1128 1745 utpote
1156 1678 1249 1747 qui
1281 1678 1432 1734 solus
1488 1679 1559 1735 sit
1606 1682 1803 1747 bonus,
1844 1684 2133 1754 omnisque

546 1761 679 1817 boni
710 1773 763 1820 et
785 1766 1119 1838 principium
1149 1780 1204 1825 et
1235 1770 1377 1839 fons,
1413 1770 1729 1828 divitiarum
1755 1790 1976 1831 suarum
2008 1777 2128 1833 the-

2240 581 2543 652 παρουσίας
2584 580 2805 646 ειδότες,
2845 586 2981 653 μήτε
3027 579 3133 651 μὴν
3168 580 3315 640 τοὺς
3346 576 3595 649 χρόνους
3621 575 3740 631 καθ’
3767 579 3848 643 οὓς

2236 672 2385 743 ἥξειν
2422 673 2701 745 ἀνείρηται
2734 677 2813 738 είς
2841 672 3163 745 ἀνθρώπους
3204 670 3751 743 περιδρασσόμενοι.
3793 674 3848 725 Ol

2237 764 2337 835 μὲν
2383 765 2493 835 γὰρ
2540 764 2617 818 ἔτι
2664 765 2757 819 καὶ
2786 764 2880 819 νῦν
2911 765 3061 837 ἥξειν
3108 764 3406 836 μέλλοντα
3458 760 3842 836 προσδοκῶσιν.

2234 855 2392 923 ἡμεῖς
2415 852 2460 906 δ’
2497 854 2594 924 ἥδη
2627 854 2726 925 μὲν
2763 854 2994 919 εἰσάπαξ
3022 853 3456 924 άτοδείκνυμεν
3481 852 3730 907 ἐλθόντα·
3764 854 3846 906 καὶ

2232 943 2491 1015 δευτέραν
2533 946 2577 999 δ’
2613 946 2776 999 αὐτοῦ
2811 946 2947 1017 μετὰ
2977 947 3076 1017 τῆς
3102 945 3310 1000 ἐνθέου
3343 944 3520 1013 δόξης
3556 944 3843 1017 παρουσίαν

2231 1036 2352 1099 ταῖς
2384 1035 2492 1088 τῶν
2525 1035 2793 1110 θεοφόρων
2828 1038 3120 1110 προφητῶν
3156 1037 3537 1110 προρρήσεσι
3570 1053 3633 1088 τε
3666 1037 3757 1089 καὶ
3776 1037 3843 1089 δι-

2235 1126 2556 1193 δασκαλίαις
2581 1128 2888 1200 πειθόμενοι
2916 1130 3043 1183 ἰδεῖν
3071 1129 3395 1201 εὐχόμεθα.
3418 1126 3622 1182 Διττοῦ
3643 1126 3688 1180 δ’
3705 1127 3841 1192 ὄντος

2232 1216 2325 1270 τοῦ
2359 1218 2477 1270 κατ’
2512 1218 2672 1272 αὐτὸν
2709 1217 2887 1287 λόγου,
2932 1219 2961 1271 6
2995 1220 3091 1289 μὲν
3123 1215 3423 1288 νεώτερος
3458 1214 3533 1269 ἂν
3575 1215 3684 1284 εἴη,
3730 1213 3837 1285 χθὲς

2232 1310 2326 1362 καὶ
2355 1308 2542 1381 πρώην
2575 1313 2654 1373 είς
2701 1309 3017 1383 ἀνθρώπους
3057 1309 3437 1380 εἰσηγμένος,
3477 1308 3508 1360 6
3552 1306 3613 1360 δὲ
3655 1305 3838 1369 παντὸς

2232 1402 2424 1473 χρόνου
2465 1404 2559 1457 καὶ
2601 1404 2819 1458 πάντων
2852 1402 3060 1456 αἰώνων
3090 1400 3520 1473 πρεσϐύτερος.
3559 1398 3835 1469 Βουληθεὶς

2232 1494 2340 1566 γὰρ
2370 1497 2398 1549 6
2430 1495 2581 1562 Θεὸς,
2616 1496 2711 1549 ἆτε
2743 1497 2899 1567 μόνος
2931 1497 3006 1561 ὡς
3035 1494 3248 1565 ἀγαθὸς
3287 1492 3518 1563 ἀγαθοῦ
3553 1508 3617 1545 τε
3651 1491 3835 1556 παντὸς

2231 1584 2371 1655 ἁρχὴ
2406 1584 2500 1637 καὶ
2533 1587 2705 1657 πηγὴ,
2750 1585 2856 1641 τῶν
2896 1586 3060 1640 αὐτοῦ
3089 1584 3409 1658 θησαυρῶν
3451 1581 3680 1646 πλείους
3710 1582 3831 1635 ἀπο-

2232 1674 2393 1743 φῦναι
2419 1675 2726 1739 κοινωνούς·
2754 1676 2876 1748 ἄρτι
2915 1693 2974 1729 τε
3017 1676 3231 1747 μέλλων
3258 1676 3369 1747 τὴν
3400 1673 3640 1746 λογικὴν
3667 1674 3833 1726 πᾶσαν

2233 1764 2627 1836 προϐάλλεσθαι
2673 1767 2868 1833 κτίσιν,
2918 1768 3249 1838 ἀσωμάτους
3294 1769 3465 1831 τινας
3515 1765 3712 1838 νοεράς
3749 1767 3828 1819 καὶ

545 1869 742 1913 sauros
773 1857 1024 1927 pluribus
1057 1861 1355 1931 impertiri,
1393 1873 1649 1934 essetque
1703 1866 1815 1936 jam
1842 1866 1954 1938 jam
2008 1884 2122 1924 om-

2229 1855 2378 1920 θείας
2408 1858 2685 1928 δυνάμεις,
2722 1858 2983 1927 ἀγγέλους
3020 1877 3080 1912 τε
3110 1860 3206 1912 καὶ
3241 1858 3671 1930 ἀρχαγγέλους,
3706 1855 3829 1910 ἀῦλά

545 1964 669 2004 nem
697 1952 1019 2008 rationalem
1054 1963 1361 2011 creaturam
1416 1958 1471 2012 in
1508 1959 1684 2014 lucem
1734 1962 2125 2030 producturus,

545 2039 901 2112 incorporeas
935 2044 1188 2102 videlicet
1237 2047 1501 2118 quasdam
1537 2059 1703 2119 atque
1764 2051 2127 2121 intelligentes

544 2140 599 2187 et
629 2133 843 2189 divinas
875 2144 1190 2206 potestates,
1221 2141 1553 2213 angeIOSque
1570 2149 1731 2212 atque
1748 2143 2124 2214 archangelos,

544 2226 894 2297 materiaeque
926 2238 1201 2300 expertes,
1244 2239 1298 2286 et
1330 2233 1399 2287 ab
1423 2233 1573 2290 omni
1630 2245 1784 2304 parte
1809 2252 1976 2306 puros
2015 2239 2127 2308 spi-

541 2317 716 2383 ritus,
778 2319 992 2376 animas
1049 2333 1309 2392 praeterea
1349 2324 1629 2380 hominum
1658 2367 1672 2393 ,
1713 2343 1835 2398 quae
1889 2329 2125 2385 solutam

541 2422 606 2464 ac
658 2409 887 2466 liberam
916 2411 1214 2469 voluntatis
1271 2424 1433 2485 atque
1455 2416 1688 2484 arbitrii,
1740 2425 1852 2471 tam
1912 2418 1981 2475 ad
2028 2420 2126 2476 bo~

538 2518 672 2558 num
713 2518 876 2575 quam
938 2504 1006 2559 ad
1063 2506 1195 2562 boni
1253 2509 1624 2574 contrarium,
1678 2519 1933 2565 naturam
1981 2512 2127 2567 acci-

538 2605 731 2667 perent
766 2604 861 2652 :et
909 2611 1248 2669 quacunque
1277 2598 1364 2654 his
1423 2600 1557 2669 ipsis
1586 2602 1965 2657 convenientia
2003 2618 2124 2658 coro

538 2699 734 2756 porum
770 2687 1156 2753 instrumenta,
1191 2689 1370 2745 varias
1403 2690 1619 2745 vivendi
1675 2690 1880 2749 formas
1925 2693 2125 2749 educe-

536 2784 684 2842 rent,
714 2775 870 2849 155
899 2777 1166 2849 sedesque
1189 2779 1275 2835 his
1305 2781 1584 2845 omnibus,
1618 2783 1878 2855 locosque
1912 2786 2123 2842 tribue-

539 2881 599 2921 re
628 2869 880 2938 proprios
915 2870 1064 2938 (nam
1094 2869 1161 2924 iis
1192 2869 1287 2940 qui
1319 2871 1449 2925 boni
1500 2875 1905 2942 permanserint
1936 2917 1952 2941 ,
2010 2892 2123 2932 me-

538 2959 743 3015 liores:
777 2968 971 3016 contra
1006 2969 1213 3026 autem,
1245 2963 1452 3034 alioqui
1473 2967 1891 3036 convenientes,
1917 2969 1972 3023 in
1993 2971 2120 3040 qui-

538 3051 644 3108 bus
672 3052 927 3108 videlicet
973 3054 1341 3124 proclivitatis
1371 3055 1438 3110 ad
1466 3059 1746 3113 contraria
1782 3073 1977 3129 pmnas
2026 3060 2121 3115 da-

538 3146 683 3219 rent)
710 3166 724 3215 ;
758 3163 996 3219 cumque
1030 3149 1083 3205 id
1100 3148 1246 3220 quod
1270 3149 1512 3206 futurum
1529 3159 1671 3216 erat,
1704 3161 1962 3225 tanquam
1977 3153 2121 3210 Deus
2147 3184 2189 3241 ρ

539 3240 851 3312 cognitione
909 3242 1264 3312 praeciperet,
1314 3244 1652 3315 sentiretque
1706 3246 1822 3301 haec
1865 3247 2120 3303 universa

539 3340 833 3403 antequam
867 3333 1102 3399 tierent,
1138 3341 1403 3406 tanquam
1430 3335 1486 3390 in
1514 3352 1711 3408 magno
1765 3352 1996 3409 corpore
2020 3338 2122 3393 ali-

538 3423 686 3494 quod
707 3432 871 3495 caput
894 3426 1258 3495 postulatura,
1285 3442 1452 3481 unum
1476 3428 1654 3482 omnis
1684 3427 2123 3500 opiﬁciidispen-

541 3524 797 3582 satorem,
826 3517 1188 3589 eumdemque
1218 3528 1272 3574 et
1304 3519 1499 3575 ducem
1549 3530 1605 3576 et
1650 3537 1833 3592 regem
1878 3522 2121 3579 universi

540 3608 946 3677 praeﬁciendum
962 3612 1199 3683 putavit:
1217 3613 1524 3682 cujusmodi
1541 3616 1889 3670 oraculorum
1904 3631 2121 3688 quoque

540 3700 874 3766 divinorum,
902 3718 1023 3773 quae
1047 3703 1113 3757 ab
1142 3704 1382 3774 antiquis
1412 3707 1554 3776 apud
1576 3706 1859 3771 Hebraeos,
1889 3717 1943 3764 et
1964 3710 2120 3765 theo-

540 3793 681 3863 logis
715 3800 771 3848 et
832 3795 1118 3865 prophetis
1172 3797 1384 3851 reddita
1429 3806 1579 3864 sunt,
1615 3798 1892 3854 institutio
1928 3810 2012 3856 est
2046 3823 2057 3856 :
2088 3816 2119 3855 a

538 3883 738 3952 quibus
766 3884 984 3954 quidem
1030 3884 1246 3940 discere
1272 3894 1454 3955 potest
1479 3888 1572 3957 qui
1604 3889 1749 3953 vult,
1792 3905 1958 3943 unum
1995 3906 2119 3946 esse

538 3978 782 4031 omnium
808 3992 991 4032 rerum
1020 3979 1373 4049 principium,
1398 3996 1462 4034 ac
1494 3981 1679 4050 potius
1717 3982 1990 4053 principio
2023 3998 2120 4037 su-

539 4067 724 4137 perius
752 4074 807 4121 et
838 4069 1012 4137 prius,
1045 4069 1334 4139 primoque
1385 4072 1688 4141 antiquius,
1723 4081 1776 4127 et
1827 4073 2119 4145 gignendis

538 4158 707 4215 rebus
736 4160 853 4230 ipsa
881 4160 1093 4216 unitate
1123 4162 1421 4227 vetustius,
1460 4164 1722 4233 omnique
1753 4165 2118 4234 appellatione

538 4253 909 4322 praestantius,
937 4253 1082 4324 quod
1105 4269 1283 4325 neque
1317 4256 1447 4320 dici,
1477 4271 1654 4325 neque
1681 4257 1981 4323 enuntiari,
2016 4272 2115 4312 ne-

536 4360 644 4413 que
680 4345 980 4417 excogitari
1011 4354 1191 4417 potest
1221 4366 1234 4401 :
1279 4347 1481 4401 bonum
1507 4348 1654 4418 quod
1681 4363 1848 4404 causa
1880 4356 1964 4404 est
2000 4364 2116 4403 om-

536 4437 687 4491 nium
737 4452 943 4504 rerum,
998 4440 1145 4509 quod
1178 4440 1288 4494 vim
1320 4440 1610 4505 elIiciendi,
1642 4440 1893 4510 juvandi,
1931 4441 2115 4511 provi-

2226 1966 2285 2002 τε
2328 1952 2421 2004 καὶ
2466 1952 2641 2023 πάντη
2689 1954 2903 2026 καθαρά
2945 1952 3259 2023 πνεύματα,
3297 1951 3542 2023 προσέτι
3577 1950 3636 2004 δὲ
3667 1949 3825 2020 ψυχὰς

2226 2041 2525 2115 ἀνθρώπων
2580 2044 2776 2113 ἄφετον
2826 2044 2920 2099 καὶ
2967 2044 3256 2115 ἐλεύθερον
3317 2044 3427 2115 τῆς
3479 2042 3824 2095 αὑθεκουσίου

2228 2135 2358 2206 περὶ
2386 2135 2447 2187 τὸ
2478 2135 2639 2189 καλὸν
2670 2137 2703 2206 ἢ
2732 2136 3036 2189 τούναντίον
3064 2136 3343 2208 αἱρέσεως
3372 2136 3481 2206 τὴν
3509 2133 3673 2204 φύσιν
3700 2135 3823 2186 ἐπα-

2226 2229 2484 2300 γομένας,
2541 2232 2642 2285 ὅσα
2690 2249 2749 2284 τε
2798 2231 3006 2294 τούτοις
3055 2232 3269 2304 ὄργανα
3335 2231 3623 2299 σωμάτων
3672 2225 3818 2298 ἐμελ-

2225 2324 2311 2376 λεν
2369 2322 2586 2376 ἔσεσθαι
2611 2363 2625 2385 ,
2693 2322 2949 2375 ποικίλων
3015 2323 3205 2394 ἀγωγῇ
3268 2320 3616 2391 κατάλληλα
3671 2318 3813 2391 βίων,

2224 2413 2408 2486 χώρας
2443 2433 2503 2468 τε
2535 2416 2742 2479 τούτοις
2794 2415 2963 2468 ἆπασι
3014 2415 3106 2467 καὶ
3148 2415 3364 2479 τόπους
3410 2413 3698 2484 διανέμειν
3748 2414 3816 2465 οξ-

2226 2506 2425 2569 κείους·
2479 2506 2717 2576 (μείνασι
2769 2507 2865 2577 μὲν
2911 2505 3018 2578 γὰρ
3046 2507 3274 2575 ἀγαθοῖς
3315 2508 3452 2569 τοὺς
3486 2503 3807 2577 κρείττονας,

2224 2596 2453 2669 ἔμπαλιν
2484 2599 2540 2652 δὲ
2571 2599 2696 2662 τοὺς
2735 2601 3128 2670 προσήκοντας,
3164 2598 3271 2668 τῆς
3304 2599 3408 2652 ἐπὶ
3434 2596 3700 2651 τάναντία
3732 2596 3810 2666 ῥο-

2225 2689 2334 2759 πῆς
2371 2689 2442 2742 τά
2489 2691 2969 2761 σωφρονιστήριον)
3010 2688 3305 2760 προλαϐὼν
3349 2689 3420 2742 τὸ
3479 2687 3695 2758 μέλλον,
3733 2680 3808 2738 οἷα

2222 2781 2374 2847 Θεὸς,
2406 2784 2472 2853 τῇ
2530 2780 2852 2852 προγνώσει,
2890 2781 3116 2835 συνιδών
3157 2799 3215 2834 τε
3243 2822 3258 2844 ,
3311 2780 3528 2836 τούτων
3569 2780 3805 2834 ἁπάντων

2225 2875 2351 2945 περὶ
2398 2874 2662 2943 γενέσεως
2707 2875 2765 2928 ὲν
2812 2873 3031 2945 μεγάλῳ
3075 2872 3291 2944 σώματι
3336 2872 3595 2943 κεφαλῆς
3633 2872 3805 2942 δεησο-

2224 2970 2421 3036 μένων,
2460 2964 2557 3019 ’ἑνα
2595 2963 2684 3016 τὸν
2726 2963 2823 3034 τῆς
2868 2962 3227 3035 δημιουργίας
3259 2965 3495 3034 ἀπάσης
3538 2959 3802 3029 οἰκονόμον

2223 3055 2465 3126 ἡγεμόνα
2482 3071 2541 3107 τε
2570 3052 2662 3106 καὶ
2691 3052 2916 3122 βασιλέα
2948 3053 3055 3106 τῶν
3081 3053 3216 3106 ὃλων
3262 3052 3655 3127 προτάξασθαι
3683 3050 3803 3123 ᾤετο

2222 3147 2353 3210 δεῖν,
2441 3146 2536 3200 καὶ
2559 3145 2628 3198 τὰ
2657 3144 2776 3199 θεῖα
2810 3149 3159 3217 μυσταγωγεῖ
3187 3145 3350 3215 λόγια
3384 3147 3529 3218 πρὸς
3548 3145 3657 3200 τῶν
3675 3143 3800 3199 ἀνω-

2223 3240 2315 3295 θεν
2342 3242 2469 3311 παρ’
2502 3239 2768 3311 Ἑϐραίοις
2792 3239 3054 3308 θεολόγων
3077 3257 3133 3292 τε
3158 3240 3252 3293 καὶ
3276 3240 3590 3313 προφητῶν
3614 3236 3802 3311 ἀνδρῶν

2220 3330 2639 3402 τεθεσπισμένα·
2686 3332 2816 3401 παρ’
2864 3324 2938 3383 ὧν
2984 3330 3048 3402 δὴ
3094 3332 3288 3401 μαθεῖν
3339 3330 3575 3396 ἔνεστιν,
3609 3329 3681 3392 ὡς
3705 3327 3801 3399 ἄρα

2224 3422 2324 3493 μία
2360 3422 2458 3493 μὲν
2491 3422 2573 3493 εἴη
2609 3421 2716 3475 τῶν
2745 3422 2879 3475 ὅλων
2906 3422 3066 3493 ἀρχὴ,
3101 3422 3311 3492 μᾶλλον
3341 3423 3400 3477 δὲ
3437 3423 3501 3476 τὸ
3531 3424 3624 3476 καὶ
3642 3419 3799 3493 ἀρχῆς

2219 3513 2510 3584 ἀνώτερον,
2543 3514 2637 3567 καὶ
2680 3514 2896 3586 πρώτου
2941 3517 3401 3587 προγενέστερον,
3457 3517 3553 3570 καῖ’¹
3590 3513 3796 3586 μονάδος

2219 3605 2678 3680 ἀρχεγονώτερον,
2736 3608 2830 3659 καὶ
2878 3608 3057 3678 πάσης
3107 3611 3363 3679 κρεῖττον
3416 3604 3792 3681 προσηγορίαςν

2219 3700 2475 3772 ἄρρητον,
2501 3700 2891 3770 ἀνέκφραστον,
2922 3700 3295 3771 ἀπερινόητον,
3332 3701 3562 3771 ἀγαθὸν,
3599 3698 3657 3753 τὸ
3676 3696 3793 3749 πάν-

2219 3792 2326 3844 των
2359 3791 2550 3856 αἴτιον,
2584 3792 2644 3845 τὸ
2674 3791 2974 3861 ποιητικὸν,
3002 3792 3064 3844 τὸ
3088 3793 3466 3862 εὐεργετικὸν,
3498 3794 3561 3847 τὸ
3586 3805 3792 3863 προνοη-

2219 3883 2389 3946 τικὸν,
2438 3883 2499 3936 τὸ
2546 3885 2831 3955 σωτήριον,
2869 3884 3030 3947 αὐτὸς
3057 3884 3133 3939 ὢν
3160 3887 3189 3938 6
3221 3881 3301 3947 εἷς
3332 3888 3429 3939 καὶ
3465 3885 3624 3951 μόνος
3652 3880 3786 3942 Θεὸς,

2219 3977 2279 4041 ἐξ
2325 3968 2386 4029 οὗ
2424 3977 2493 4029 τὰ
2530 3978 2725 4040 πάντα,
2769 3977 2835 4031 δι’
2880 3978 2938 4030 ὃν
2986 3978 3053 4031 τὰ
3108 3977 3286 4031 πάντα
3333 3979 3519 4031 ἐστίν·
3564 3981 3619 4032 ἐν
3655 3970 3787 4042 αὖτῷ

2217 4069 2327 4139 γὰρ
2353 4069 2533 4140 ζῶμεν
2561 4071 2653 4122 καὶ
2677 4069 2975 4140 κινούμεθα
2998 4071 3090 4123 καὶ
3118 4071 3305 4141 ἐσμέν.
3352 4072 3422 4124 ’Ὀ
3449 4089 3500 4124 τι
3527 4070 3591 4142 δὴ
3637 4068 3783 4127 θέλει,

2217 4160 2370 4214 τοῦτο
2398 4162 2527 4230 γοῦν
2553 4161 2750 4233 καὶεὶἠ
2775 4162 2839 4216 ἀν
2854 4161 2914 4215 τὸ
2942 4162 3100 4232 μόνον
3121 4163 3219 4234 τῆς
3229 4162 3339 4217 τῶν
3360 4162 3606 4235 γενητῶν
3623 4158 3785 4215 ἀπάνο

2217 4270 2326 4307 των
2377 4253 2684 4318 οὐσιώσεώς
2721 4272 2782 4307 τε
2844 4256 2938 4309 καὶ
2977 4256 3264 4329 ὑπάρξεως
3305 4257 3504 4311 αἴτιον·
3556 4256 3782 4313 θέλοντος

2219 4344 2325 4415 γάρ
2356 4346 2491 4398 ἐστι.
2521 4346 2673 4398 Θέλει
2705 4346 2780 4409 δὲ,
2818 4347 2898 4399 ὅτι
2927 4346 3024 4417 τὴν
3051 4348 3212 4416 φύσιν
3240 4349 3446 4417 ἀγαθὸς
3488 4348 3564 4401 ῶν
3596 4341 3780 4414 τυγχά-

2216 4453 2316 4488 νει.
2360 4436 2573 4507 ’Λγαθῴ
2611 4437 2667 4490 δὲ
2706 4437 2878 4505 οὐδὲν,
2919 4438 3002 4491 ὅτι
3053 4439 3126 4510 μὴ
3172 4439 3234 4492 τὸ
3272 4439 3448 4493 θέλειν
3499 4439 3567 4492 τὰ
3617 4432 3779 4504 ἀγαθὰ

537 4527 722 4591 dendi,
751 4528 1031 4595 servandi,
1053 4531 1108 4585 in
1125 4548 1184 4587 se
1203 4533 1365 4587 habet
1393 4534 1517 4602 :qui
1544 4549 1688 4590 unus
1716 4534 1833 4604 ipse
1860 4549 1926 4588 ac
1960 4534 2112 4589 solus

2222 4528 2513 4599 προσφυὲς.
2550 4528 2727 4581 Θέλων
2758 4528 2815 4581 δὲ
2846 4528 3037 4593 ταῦτα,
3069 4530 3161 4582 καὶ
3193 4529 3438 4584 δύναταιο
3472 4529 3551 4583 διὸ
3576 4526 3665 4581 καὶ
3701 4523 3779 4576 θέ-

536 4627 619 4671 est
640 4617 807 4684 Deus,
842 4638 908 4676 ex
944 4638 1054 4692 quo
1074 4625 1282 4689 omnia,
1319 4641 1414 4695 per
1434 4642 1596 4696 quem
1616 4628 1800 4681 omnia
1831 4638 1961 4682 sunt
1994 4647 2007 4683 :
2057 4629 2114 4683 in

540 4710 632 4764 illo
670 4712 815 4765 enim
864 4714 1100 4771 vivimus
1150 4724 1204 4770 et
1256 4733 1539 4773 movemur
1567 4729 1621 4772 et
1655 4735 1866 4774 sumus.
1928 4719 2114 4791 Itaque

537 4801 900 4875 quodcunque
926 4807 1065 4870 vult,
1101 4808 1155 4862 id
1178 4809 1343 4863 etiam
1374 4819 1459 4865 est
1484 4812 1772 4875 continuo,
1802 4826 1867 4867 ex
1888 4827 1995 4882 qua
2021 4827 2113 4868 sov

538 4898 587 4950 la
612 4911 800 4962 causa,
833 4901 1019 4954 omnia
1050 4917 1171 4971 quae
1216 4902 1397 4973 genita
1427 4911 1574 4971 sunt,
1608 4903 1660 4959 id
1700 4916 2030 4974 acceperunt
2055 4914 2113 4960 ut

536 4997 742 5052 essent,
771 4998 940 5060 utque
971 4992 1322 5056 exsisterent,
1354 5008 1419 5048 ac
1447 4995 1731 5061 durarent,
1791 5003 1923 5050 sunt
1965 4996 2110 5051 enim

537 5080 628 5135 illo
652 5082 884 5139 volente.
919 5082 1045 5138 Vult
1070 5093 1250 5141 autem
1276 5086 1483 5142 idcirco
1506 5089 1654 5158 quod
1686 5097 1882 5161 suapte
1915 5101 2113 5145 natura

537 5173 712 5232 bonus
739 5184 843 5231 est.
883 5175 1033 5232 Bono
1064 5193 1193 5234 vero
1230 5179 1366 5234 nihil
1405 5188 1601 5235 natura
1625 5182 1984 5252 coniunctum
2016 5183 2113 5237 ad-

538 5283 844 5338 nexumque
872 5278 978 5333 est,
1012 5269 1119 5325 nisi
1167 5280 1225 5325 ut
1266 5286 1330 5325 ea
1369 5287 1492 5341 qua:
1521 5273 1663 5327 bona
1696 5284 1826 5329 sunt
1852 5276 2002 5331 velit.
2041 5276 2110 5330 At

534 5359 679 5414 enim
702 5375 824 5414 cum
848 5361 964 5417 haec
986 5363 1148 5428 velit,
1174 5362 1316 5418 idem
1342 5365 1507 5419 etiam
1538 5373 1750 5435 potest:
1783 5382 1954 5437 quare
1985 5383 2109 5422 cum

535 5449 667 5504 velit
698 5451 862 5507 simul
893 5452 1039 5509 idem
1073 5462 1127 5510 et
1172 5457 1370 5525 possit,
1406 5458 1557 5512 nulla
1594 5473 1655 5512 re
1686 5473 1865 5529 neque
1922 5460 2110 5530 prohi-

534 5540 719 5605 bente,
744 5558 918 5614 neque
938 5546 1287 5616 impediente,
1311 5550 1575 5622 quidquid
1597 5552 1885 5623 pulchrum
1904 5561 1959 5609 et
1982 5555 2110 5609 utile

532 5641 639 5700 est,
665 5643 774 5689 tam
802 5638 858 5691 in
889 5638 957 5693 iis
986 5654 1109 5709 quae
1140 5641 1244 5696 sub
1294 5652 1575 5713 aspectum
1610 5645 1836 5708 cadunt,
1865 5660 2025 5715 quam
2053 5647 2106 5700 in

535 5725 738 5796 iisquae
766 5743 877 5783 non
910 5731 1136 5797 cadunt,
1159 5732 1277 5802 ipse
1304 5735 1408 5790 sibi
1442 5737 1546 5807 ipsi
1575 5737 1811 5793 confecit
1847 5757 1859 5791 :
1907 5739 2109 5809 quippe

533 5818 629 5891 qui
662 5820 819 5894 quasi
838 5824 1121 5879 materiam
1153 5827 1443 5895 quamdam
1476 5838 1638 5902 atque
1678 5830 1974 5887 essentiam
2014 5848 2108 5904 ge—

2213 4621 2318 4675 λων
2352 4619 2484 4691 ὁμοῦ
2516 4620 2609 4672 καὶ
2644 4620 2960 4690 δυνάμενος,
3003 4621 3297 4685 ἀκωλύτως
3334 4623 3430 4677 καὶ
3453 4612 3776 4691 ἀπαραποδί·

2214 4729 2354 4775 στως
2385 4713 2495 4765 πᾶν
2529 4713 2557 4764 ὃ
2597 4729 2650 4763 τι
2691 4712 2853 4765 καλὸν
2886 4714 2978 4765 καὶ
3018 4712 3296 4786 συμφέρον
3322 4712 3379 4766 ἔν
3402 4731 3462 4766 τε
3498 4707 3773 4784 ὁρωμένους

2213 4805 2306 4858 καὶ
2344 4805 2608 4873 ἀφανέσιν
2633 4804 2793 4866 αὐτὸς
2817 4803 2995 4875 ἐαυτῷ
3018 4807 3406 4877 συνεστήσατο,
3443 4805 3573 4875 ὓλην
3600 4802 3773 4868 ὥσπερ

2211 4897 2332 4951 τινὰ
2358 4899 2451 4950 καὶ
2475 4897 2659 4950 οὐσίαν
2688 4897 2784 4968 τῆς
2814 4896 2921 4951 τῶν
2943 4897 3079 4951 ὅλων
3101 4896 3368 4966 γενέσεώς
3387 4915 3445 4951 τε
3476 4897 3568 4950 καὶ
3600 4888 3771 4947 συστά-

2212 5009 2350 5056 σεως
2372 4992 2466 5063 τὴν
2497 4990 2690 5045 ἑαυτοῦ
2721 4990 2914 5060 βουλὴν
2948 4991 3042 5044 καὶ
3072 4990 3302 5061 δύναμιν
3330 4985 3767 5063 προϐεϐλημένος,

2210 5084 2284 5149 ὡς
2321 5086 2521 5157 μηκέτι
2554 5084 2790 5153 εὐλόγως
2818 5086 2982 5153 φάναι
3011 5086 3120 5138 δεῖν
3149 5084 3209 5149 ἐξ
3242 5084 3343 5137 οὐκ
3374 5085 3540 5137 ὄντων
3566 5074 3697 5133 εἷναί
3719 5089 3765 5124 τι

2212 5193 2316 5246 τῶν
2345 5192 2530 5255 ὄντων.
2558 5192 2693 5246 Οὐδὲ
2718 5192 2826 5264 γὰρ
2855 5193 2920 5245 ἂν
2948 5190 3032 5260 εἴη
3058 5209 3109 5245 τι
3144 5191 3206 5243 τὸ
3237 5193 3301 5244 ἐκ
3348 5191 3422 5264 μὴ
3463 5190 3628 5251 ὄντος.
3655 5179 3765 5241 Πῶς

2210 5298 2319 5368 γὰρ
2348 5298 2407 5350 τὸ
2440 5298 2513 5368 μὴ
2545 5296 2604 5350 ὃν
2638 5297 2808 5369 ἑτέρῳ
2830 5297 2921 5350 τοῦ
2955 5294 3092 5351 εἶναι
3122 5297 3317 5365 γένοιτ’
3342 5296 3407 5351 ἂν
3442 5294 3638 5355 αῖτιον;
3667 5286 3762 5341 πᾶν

2209 5400 2266 5453 δὲ
2298 5401 2397 5454 ὅτι
2433 5402 2562 5454 ποτὲ
2591 5399 2684 5453 καὶ
2725 5400 2893 5463 ἐστιν,
2935 5401 2995 5466 ἐξ
3029 5401 3147 5465 ἑνὸς
3188 5401 3281 5454 τοῦ
3322 5401 3481 5472 μόνου
3510 5398 3654 5453 ὄντος
3681 5388 3762 5444 καὶ

2210 5500 2315 5572 πρὸ
2347 5501 2521 5564 ὄντος,
2554 5501 2646 5553 τοῦ
2676 5500 2741 5572 δὴ
2771 5502 2863 5555 καὶ
2891 5504 3183 5573 φήσαντος,
3221 5521 3239 5552 ι
3265 5500 3404 5571 Ἐγὼ
3428 5497 3541 5569 εἰμὶ
3565 5497 3592 5548 6
3612 5491 3700 5554 ὢν,
3738 5506 3753 5536 ³

2208 5604 2268 5656 τὸ
2296 5599 2435 5658 εἶναι
2462 5604 2624 5658 λαϐὸν
2647 5603 2778 5675 ἔχει·
2813 5606 2895 5658 ὅτι
2920 5605 2983 5677 δη
3016 5605 3174 5676 μόνος
3202 5603 3300 5669 ὢν,
3324 5603 3528 5658 καὶ⁹ἁεὶ
3564 5597 3654 5661 ῶν,
3675 5591 3759 5646 ab—

2208 5706 2298 5771 τὸς
2335 5708 2467 5761 πᾶσι
2500 5711 2610 5771 τοῖς
2647 5706 2707 5773 ἐξ
2748 5708 2914 5761 αὐτοῦ
2952 5709 3013 5763 τὸ
3056 5705 3196 5763 εἶναι
3232 5705 3581 5779 κτησαμένοις
3605 5697 3754 5753 αἴτιος

2208 5809 2299 5863 τοῦ
2327 5805 2462 5876 εἶναι
2504 5810 2762 5881 κατέστη,
2812 5810 2889 5883 τῷ
2927 5811 3097 5866 θέλειν
3132 5811 3225 5867 καὶ
3266 5810 3341 5883 τῷ
3378 5805 3640 5865 δύνασθαι’
3674 5810 3755 5849 και
