3954 6540
1116 395 1776 453 DEMONSTRATIONIS
1800 394 2271 457 EVANGELICE
2302 396 2433 455 LIB.
2468 396 2558 453 IV.
3331 398 3438 455 254
3499 474 3506 481 ﬁ

156 505 247 575 τὴν
270 503 472 558 οὐσίαν
503 510 638 572 τοῖς
682 510 832 574 πᾶσι,
868 509 962 562 καὶ
989 507 1088 573 τὰς
1124 510 1401 582 δυνάμεις,
1436 511 1532 565 καὶ
1555 509 1622 565 τὰ
1650 509 1760 581 εἴδη

1868 511 2169 568 nerationis
2198 510 2715 582 constitutionisque
2762 509 3025 575 universi,
3063 525 3222 566 suum
3255 515 3441 569 consi-

158 598 420 663 πλουσίως
446 600 559 653 καὶ
588 601 972 672 ἀνεπιφθόνως
998 602 1057 669 ἐξ
1081 601 1246 657 αὐτοῦ
1278 604 1693 676 κεχαρισμένος.

1869 603 2004 659 lium
2045 618 2313 674 suamque
2339 604 2635 675 potentiam
2690 587 3030 675 praetulerit,
3062 610 3124 659 ut
3153 605 3303 661 nulla
3323 605 3439 676 jam

156 690 356 743 ratione
378 686 502 743 dici
536 694 752 760 possit,
782 692 850 746 de
870 691 1043 746 nihilo
1074 708 1196 749 esse
1225 693 1524 764 quidquam
1564 708 1752 749 eorum
1788 708 1910 764 qua:
1957 700 2109 759 sunt.
2156 710 2336 764 neque
2400 695 2546 751 enim
2600 711 2724 751 esse
2762 695 3041 767 quidpiam
3076 704 3256 768 potest
3281 714 3348 755 ex
3373 713 3442 755 eo

153 780 290 855 quod
342 780 549 852 ipsum
590 799 707 839 non
740 785 830 839 sit.
863 785 1151 851 Quomodo
1183 785 1328 841 enim
1363 786 1419 839 id
1447 786 1593 857 quod
1650 800 1759 840 non
1796 795 1900 851 est,
1932 785 2089 841 alteri
2123 792 2182 840 ut
2236 786 2308 841 sit
2328 800 2496 841 causa
2526 785 2682 842 erit?
2742 786 2915 842 Omne
2949 795 3130 844 autem
3151 789 3469 859 quodcunm

152 895 249 948 que
277 886 390 941 est,
422 893 501 934 ex
532 895 664 935 uno
693 879 788 951 qui
835 880 987 934 solus
1029 889 1135 945 est,
1203 887 1258 935 et
1314 888 1441 935 ante
1482 880 1669 935 omnia
1717 888 1824 945 est,
1864 879 2067 951 quique
2100 878 2230 934 olim
2277 880 2442 934 etiam
2472 879 2606 934 illud
2643 881 2949 951 respondit,
2982 900 3002 934 ι
3037 880 3151 954 Ego
3186 899 3309 941 sum
3343 883 3438 956 qui

152 988 288 1039 sum,
313 991 334 1025 ι
364 980 432 1026 ιιι
457 983 640 1030 esset
670 983 726 1029 et
756 975 969 1045 accepit
989 982 1044 1030 et
1072 974 1268 1031 habet;
1317 976 1519 1048 quippe
1537 992 1660 1031 cum
1682 976 1776 1048 qui
1813 978 1963 1033 solus
1999 982 2103 1042 est,
2159 982 2215 1030 et
2267 988 2484 1047 semper
2508 983 2627 1043 est,
2656 976 2705 1033 is
2728 977 2983 1036 omnibus
3010 995 3349 1052 quaecunque
3371 996 3442 1037 ex

150 1071 260 1139 ipso
279 1068 334 1122 id
363 1069 534 1138 quod
572 1079 713 1126 sunt
751 1079 1103 1141 acceperunt,
1138 1078 1198 1125 ut
1245 1080 1431 1128 essent
1460 1081 1652 1128 auctor
1708 1073 1983 1129 exstiterit
2044 1092 2057 1128 :
2119 1079 2284 1142 atque
2316 1085 2383 1125 ex
2430 1086 2496 1126 eo
2555 1072 2700 1141 quod
2729 1080 2784 1128 et
2811 1072 2940 1128 velit
2966 1080 3021 1129 et
3049 1075 3246 1144 possit,
3275 1078 3441 1134 rebus

152 1156 422 1212 universis
452 1163 519 1212 et
558 1159 893 1224 essentiam,
946 1165 1000 1212 et
1061 1166 1361 1229 potestates
1384 1201 1399 1225 ,
1434 1167 1490 1215 et
1534 1161 1761 1227 formas,
1797 1161 2072 1217 luculente
2099 1169 2155 1218 et
2190 1160 2411 1230 copiose
2434 1160 2503 1217 de
2533 1163 2716 1232 seipso
2744 1162 2978 1234 largitus
3003 1165 3096 1220 sit.

934 1252 1009 1306 B'.
2534 1253 2694 1309 1A6
2721 1252 2785 1309 ΙΙ.

934 1252 1009 1306 B'.

191 1342 385 1408 Ὅπως
426 1342 652 1397 αὑτὸν
696 1343 813 1412 πρὸ
862 1343 1066 1413 πάσης
1097 1345 1350 1412 κτίσεως
1384 1346 1521 1400 Υὶὸν
1547 1346 1695 1403 Θεοῦ

2721 1252 2785 1309 ΙΙ.

1867 1345 2324 1413 Quemadmodum
2352 1344 2507 1399 illum
2534 1253 2694 1401 ιιιῗὲ
2734 1363 2939 1401 omnem
2988 1358 3288 1405 creaturam
3335 1349 3438 1406 ιιέ-

694 1414 1003 1483 τεγονέναι
1027 1415 1245 1485 φαμέν.

2287 1417 2419 1470 lium
2452 1416 2551 1471 Dei
2584 1416 2748 1483 fuisse
2777 1417 3028 1473 dicimus.

210 1504 320 1557 Καὶ
344 1504 416 1578 δὴ
453 1504 583 1557 τῶν
621 1506 792 1560 ὄντων
826 1505 1084 1562 ἁπάντων
1107 1508 1323 1581 πρῶτον
1352 1509 1638 1581 ὑφίστησιν
1672 1509 1763 1563 αὐ-

150 1598 233 1652 τοῦ
256 1598 524 1669 γέννημα
552 1599 665 1671 τὴν
685 1601 1027 1672 πρωτότοκον
1049 1603 1260 1673 σοφίαν,
1275 1601 1403 1674 ὃλην
1425 1603 1491 1657 δι’
1505 1603 1627 1656 ὅλου
1649 1620 1765 1656 vos-

150 1691 261 1762 ρὰν,
292 1691 394 1744 καὶ
423 1690 698 1765 λογικὴν,
725 1694 820 1746 καὶ
853 1695 1147 1764 πάνσοφον,
1179 1694 1378 1767 μᾶλλον
1405 1694 1460 1748 δὲ
1484 1694 1758 1759 αὑτονοῦν,

1936 1508 2125 1582 Itaque
2183 1511 2427 1566 omnium
2474 1525 2814 1582 quaecunque
2860 1518 3012 1579 sunt,
3061 1510 3228 1568 fetum
3278 1527 3438 1568 suum

1868 1605 2101 1676 primum
2126 1603 2512 1660 subministrat
2537 1643 2553 1670 ,
2583 1603 2763 1675 primo
2792 1604 3031 1676 genitam
3059 1604 3316 1662 videlicet
3351 1622 3441 1662 sa-

1868 1695 2150 1766 pientiam,
2186 1705 2353 1752 totam
2386 1710 2780 1768 usquequaque
2808 1694 3224 1767 intelligentem,
3265 1703 3321 1751 et
3350 1711 3442 1750 ra-

153 1785 238 1838 καὶ
267 1784 620 1854 αὺτολὸγον,
654 1787 750 1840 καὶ
788 1787 1134 1857 αὑτοσοφίαψ
1161 1789 1255 1844 καὶ
1286 1787 1339 1841 εἴ
1363 1806 1416 1841 τι
1439 1787 1496 1842 δὲ
1526 1789 1759 1843 αὐτόκα-

1867 1788 2124 1844 tionalem
2179 1795 2234 1844 et
2283 1789 2501 1860 penitus
2541 1788 2882 1858 ‘sapientem,
2912 1802 2979 1842 ac
3031 1787 3216 1858 potius
3261 1788 3439 1859 ipsam

150 1872 233 1927 λον
257 1875 354 1928 καὶ
376 1873 747 1946 αὑτοάγαθον
771 1878 1005 1933 ἐπινοεῖν
1026 1882 1084 1933 ὲν
1102 1882 1379 1953 γεννητοῖς
1395 1880 1575 1951 θέμις,
1603 1877 1760 1933 τοῦτο

1867 1878 2306 1950 intelligentiam,
2336 1878 2512 1949 ipsam
2538 1879 2833 1943 rationem,
2861 1879 3038 1949 ipsam
3059 1879 3384 1951 sapientiam
3421 1897 3438 1935 :

157 1966 360 2039 πρῶτον
384 1968 573 2034 αὐτὸς
597 1969 658 2037 ἐξ
688 1970 854 2024 αὐτοῦ
890 1969 1139 2043 θεμέλιον
1159 1972 1266 2026 τῶν
1304 1971 1442 2044 μετὰ
1465 1971 1640 2025 ταῦτα
1666 1988 1753 2040 γε-

156 2062 471 2132 νησομένων
510 2062 909 2136 προϐάλλεται,
951 2064 1011 2117 τὸ
1037 2064 1240 2118 τέλειον
1261 2064 1465 2118 τελείου
1498 2064 1761 2136 δημιούρ-

158 2167 323 2221 γημα,
349 2153 455 2206 καὶ
487 2153 671 2224 σοφοῦ
707 2154 869 2223 σοφὸν
903 2154 1362 2226 ἅρχιτεκτόνημα,
1407 2152 1613 2223 ἀγαθοῦ
1655 2170 1761 2207 παο

157 2243 272 2314 τρὸς
300 2246 525 2313 ἀγαθὸν
553 2248 829 2321 γέννημα.
862 2248 973 2302 Καὶ
995 2247 1049 2301 τί
1074 2247 1183 2320 γὰρ
1210 2248 1358 2314 ἄλλο,
1392 2247 1426 2320 ἦ
1457 2247 1565 2302 τῶν
1602 2247 1761 2319 μετέ-

161 2351 307 2389 πειτα
329 2338 395 2391 τὸ
418 2334 577 2393 εἶναι
605 2339 673 2393 δι’
705 2340 873 2393 αὐτοῦ
894 2341 1187 2406 λαϐόντων,
1216 2343 1526 2413 προστάτην
1552 2343 1645 2396 καὶ
1670 2359 1763 2412 κη-

161 2428 367 2500 δεμόνα,
405 2434 651 2505 σωτῆρα
689 2449 747 2485 τε
786 2433 882 2486 καὶ
919 2434 1122 2506 ἰατρὸν,
1155 2435 1249 2488 καὶ
1286 2434 1629 2506 κυϐερνήτην
1659 2434 1760 2505 τῆς

162 2521 257 2576 τῶν
283 2523 427 2578 ὅλων
458 2525 838 2599 δημιουργίας
865 2528 993 2591 τοὺς
1015 2526 1207 2591 οἴακας
1233 2528 1757 2601 περιδεδραγμένον;

171 2614 317 2668 Ὅθεν
348 2616 604 2682 εἰκότως
632 2619 683 2670 οἱ
710 2618 949 2690 χρησμοὶ
977 2618 1352 2688 Θεολογοῦντες
1391 2619 1522 2673 Θεὸν
1571 2637 1763 2692 γεννη-

166 2703 246 2757 τὸν
273 2706 441 2760 αὑτὸν
466 2708 897 2778 ἀποφαίνουσιν,
932 2709 1008 2773 ὼς
1037 2709 1103 2764 ἂν
1140 2710 1241 2780 τῆς
1267 2710 1642 2782 άνεκφράστου
1669 2711 1763 2764 καὶ

170 2797 532 2870 ἀπερινοήτου
572 2799 828 2873 θεότητος
872 2799 1029 2872 μόνον
1070 2801 1128 2853 ὲν
1174 2799 1323 2871 αὑτῷ
1375 2800 1609 2873 φέροντα
1662 2802 1761 2873 τὴν

168 2886 358 2951 εἰκόνα,
394 2889 468 2943 δι’
497 2891 576 2961 ἢν
611 2891 706 2945 καὶ
731 2890 863 2943 Θεὸν
905 2885 1045 2944 εἷναί
1087 2908 1146 2944 τε
1178 2891 1338 2945 αὐτὸν
1371 2892 1465 2945 καὶ
1507 2891 1761 2961 λέγεσθαι

172 2977 259 3047 τῆς
289 2981 428 3052 πρὸς
476 2982 548 3036 τὸ
590 2982 805 3054 πρῶτον
843 2980 1215 3053 ἐξομοιὼσεως
1254 2983 1437 3055 χάριν,
1484 2985 1658 3058 ταύτῃ
1701 3002 1761 3038 τε

172 3072 317 3126 αὐτὸν
341 3076 562 3145 ἀγαθόν
584 3094 746 3147 φασιν
769 3078 1049 3150 ὑπηρέτην
1080 3079 1216 3151 πρὸς
1237 3078 1330 3133 τοῦ
1362 3080 1512 3151 Σωτῆ
1522 3098 1611 3153 ρος
1632 3083 1763 3135 ὑπο-

1863 1985 2081 2026 necnon
2106 1970 2154 2026 si
2183 1968 2317 2040 quid
2341 1970 2521 2041 ipsum
2546 1970 2861 2041 pulchrum,
2893 1971 3184 2042 ipsumque
3234 1970 3439 2026 bonum

1862 2063 2177 2135 excogitare
2208 2063 2263 2118 in
2282 2063 2351 2121 iis
2385 2078 2507 2135 qua:
2534 2064 2715 2136 genita
2733 2064 2959 2121 suntfas
2980 2073 3087 2129 est,
3118 2065 3172 2121 id
3200 2065 3437 2136 primum

1863 2156 1980 2228 ipse
2015 2171 2080 2211 ex
2112 2170 2174 2212 se
2205 2155 2327 2226 ipso
2360 2170 2552 2211 eorum
2594 2171 2715 2227 quae
2766 2156 2997 2226 posthac
3047 2156 3232 2211 futura
3281 2165 3441 2213 erant

1862 2249 2279 2304 fundamentum
2294 2248 2535 2321 praefert,
2552 2248 2857 2321 perfectum
2879 2248 3106 2319 perfecti
3134 2249 3436 2320 opificium,

1863 2341 2126 2412 sapientis
2181 2340 2484 2411 sapientem
2535 2339 2973 2406 fabricationem,
3006 2341 3135 2396 boni
3190 2340 3438 2411 parentis

1861 2438 2059 2494 bonam
2079 2438 2344 2504 sobolem,
2362 2446 2416 2492 et
2431 2437 2690 2508 quidnam
2719 2434 2867 2489 aliud
2897 2434 3062 2490 fuerit
3088 2433 3436 2503 praelaturus,

1862 2546 2027 2602 quam
2048 2530 2202 2586 illum
2234 2531 2412 2602 ipsum
2434 2544 2624 2585 eorum
2645 2543 2768 2600 quae
2800 2525 3028 2598 posthac
3050 2540 3147 2596 per
3171 2525 3351 2595 ipsum
3380 2523 3439 2580 id

1860 2621 2005 2693 quod
2039 2627 2167 2676 sunt
2195 2619 2532 2691 acceperint,
2572 2618 2899 2691 perfectum,
2934 2622 3271 2682 curatorem,
3302 2628 3439 2670 con-

1862 2717 2221 2776 servatorem,
2252 2711 2548 2778 medicum,
2599 2710 3026 2783 gubernatorem
3058 2710 3082 2763 ἲ
3131 2722 3258 2763 eum
3282 2706 3437 2763 vide-

1863 2798 1989 2857 licet
2038 2802 2133 2874 qui
2171 2804 2468 2860 creationis
2496 2801 2738 2858 universi
2788 2799 3158 2872 gubernacula
3197 2792 3444 2869 compre-

1859 2891 2031 2948 hensa
2084 2894 2338 2949 teneret?
2372 2894 2555 2965 itaque
2592 2908 2703 2948 non
2731 2892 3007 2948 immerito
3028 2889 3254 2946 oracula
3283 2889 3440 2943 theo-

1859 2985 2035 3056 logice
2077 2987 2393 3058 loquentia,
2446 2986 2615 3043 Deum
2649 2985 2892 3057 genitum
2934 2984 3088 3040 illum
3126 2982 3436 3047 enuntiant,

1859 3085 2119 3150 tanquam
2144 3096 2268 3136 eum
2299 3080 2394 3152 qui
2421 3080 2786 3136 elocutionem
2812 3093 3031 3135 omnem
3058 3117 3074 3141 ,
3108 3089 3440 3146 omnemque

177 3165 480 3240 ὁεσλῆσθαι,
509 3171 626 3236 ἵνα,
655 3170 843 3245 ὥσπερ
880 3173 945 3226 δι’
979 3173 1096 3237 ἐνὸς
1127 3172 1400 3241 πανσόφου
1430 3174 1525 3227 καὶ
1560 3171 1760 3239 ζῶντος

1867 3172 2246 3243 cogitationem
2298 3172 2608 3245 effugientis
2657 3173 2856 3228 divinae
2912 3180 3123 3227 naturae
3177 3171 3330 3227 solus
3381 3170 3439 3224 in

175 3259 412 3329 ὀργάνου,
440 3263 706 3334 τεχνικοῦ
740 3281 799 3317 τε
834 3265 930 3318 καὶ
958 3265 1380 3336 ἐπιστημονικοῦ
1412 3265 1653 3331 κανόνος,
1691 3265 1763 3320 τὰ

182 3349 337 3405 πάντα
364 3353 523 3424 αὐτῷ
547 3353 923 3419 ἁπευθύνοιτο,
950 3354 1178 3425 σώματα
1202 3355 1338 3428 ὁμοῦ
1356 3358 1450 3410 καὶ
1471 3356 1759 3429 ἀσώματα,

180 3439 379 3512 ἔμψυχά
407 3462 472 3498 τε
544 3446 640 3499 καὶ
683 3446 885 3517 ἀψυχα,
930 3446 1125 3515 λογικὰ
1167 3448 1263 3501 σὺν
1301 3447 1536 3515 ἀλόγοις,
1591 3448 1760 3520 θνητὰ

185 3533 267 3586 σὺν
289 3535 604 3602 ἀθανάτοις,
640 3538 736 3592 καὶ
769 3538 896 3592 εἴτι
937 3537 1145 3603 τούτοις
1173 3539 1261 3592 ἓτε
1271 3556 1360 3611 ρον
1388 3540 1760 3612 συνυφέστηκέ

183 3639 231 3676 τε
258 3629 345 3680 καὶ
386 3630 752 3700 συνύφανται,
791 3633 885 3686 καὶ
933 3635 1009 3696 ὡς
1043 3632 1143 3703 μιᾷ
1170 3631 1278 3685 τῶν
1318 3631 1454 3685 ὅλων
1506 3632 1756 3703 δυνάμει,

187 3717 256 3773 ἑνί
274 3738 327 3774 τε
351 3722 519 3787 ζῶντι
546 3725 641 3779 καὶ
670 3725 899 3797 ἐμψύχῳ
929 3725 1078 3796 νόμῳ
1114 3742 1173 3777 τε
1208 3725 1301 3778 καὶ
1326 3724 1469 3797 λόγῳ
1503 3726 1561 3779 ὲν
1592 3727 1758 3779 πᾶσιν

186 3809 394 3869 smmi
422 3816 519 3871 διὰ
553 3816 771 3872 πάντων
811 3818 998 3888 ἥκοντι
1045 3816 1114 3870 τὰ
1152 3815 1328 3870 πάντα
1374 3815 1761 3888 συναρμόζοιτο

190 3899 264 3970 ὕφ’
294 3904 370 3958 ἑνὶ
397 3906 669 3977 πανσόφῳ
693 3906 898 3978 δεσμῷ,
925 3904 1074 3977 αὐτῷ
1114 3905 1178 3977 δὴ
1205 3905 1285 3975 τῷ
1315 3905 1410 3958 τοῦ
1448 3904 1582 3958 Θεοῦ
1616 3905 1759 3978 λόγῳ

191 4008 240 4046 τε
258 3998 344 4050 καὶ
369 4000 546 4071 νόμῳ,
584 4000 927 4072 συναγόμενά
948 4018 1007 4053 τε
1038 4000 1131 4053 καὶ
1159 3997 1512 4070 συνδούμενα.

193 4089 287 4137 tam
314 4088 610 4143 rationalia
624 4103 789 4159 quam
818 4088 1001 4152 bruta,
1035 4095 1144 4143 tam
1174 4087 1426 4143 mortalia
1469 4102 1632 4156 quam
1668 4087 2017 4154 immortalia,

1863 3263 2045 3334 seipso
2072 3263 2251 3318 fuerat
2284 3264 2599 3336 imaginem,
2628 3268 2855 3337 pmpter
2883 3278 3047 3335 quam
3100 3262 3271 3319 Deum
3301 3278 3442 3334 quo-

1862 3370 1968 3426 que
1993 3363 2047 3411 et
2073 3370 2195 3411 esse
2224 3356 2377 3411 illum
2406 3367 2462 3412 et
2490 3356 2625 3422 dici,
2663 3357 2786 3427 ejus
2825 3357 3098 3426 videlicet,
3127 3371 3249 3427 quae
3291 3357 3439 3427 quod

1860 3447 2115 3516 primum.
2140 3457 2227 3504 est
2258 3448 2448 3514 refert,
2482 3465 2759 3521 expressae
2818 3449 3196 3506 similitudinis
3240 3444 3437 3521 gratia.

1865 3536 2136 3604 Quocirca
2168 3540 2323 3595 illum
2350 3540 2555 3595 bonum
2589 3541 2746 3596 aiunt
2794 3539 3180 3595 administrum
3218 3556 3249 3593 a
3279 3539 3441 3595 Patre

1865 3628 2309 3697 suffectumesse,
2339 3641 2402 3688 ut
2432 3632 2593 3702 quasi
2617 3647 2713 3703 per
2741 3647 2912 3687 unum
2945 3631 3163 3701 penitus
3194 3630 3438 3701 sapiens,

1868 3724 2166 3795 vivensque
2198 3724 2658 3791 instrumentum,
2689 3723 3139 3794 artiﬁcialemque
3162 3737 3228 3778 ac
3259 3723 3440 3779 omnis

1867 3812 2110 3870 scientiae
2135 3815 2244 3870 vim
2276 3814 2332 3870 in
2350 3831 2410 3871 se
2437 3816 2726 3872 habentem
2754 3813 3021 3887 regulam,
3074 3814 3333 3871 universa
3370 3814 3440 3869 ab

1864 3907 1985 3978 ipso
2017 3917 2360 3978 regerentur,
2393 3915 2504 3963 tam
2534 3923 2770 3980 corpora
2801 3908 2942 3979 ipsa,
2965 3923 3129 3979 quam
3165 3921 3287 3978 qua:
3322 3920 3443 3961 cor-

1868 4002 2018 4071 poris
2055 4002 2303 4071 expertia
2334 4010 2484 4070 sunt,
2513 4009 2625 4057 tam
2650 4003 2950 4058 animantia
2978 4016 3141 4072 quam
3174 3999 3438 4065 inanima,

2091 4104 2156 4145 ac
2196 4090 2244 4146 si
2295 4091 2430 4162 quid
2471 4091 2616 4147 aliud
2650 4108 2757 4147 una
2789 4107 2915 4148 cum
2940 4092 3028 4147 his
3055 4091 3190 4148 exiit
3230 4091 3289 4145 in
3342 4104 3439 4144 na-

197 4183 369 4245 turam,
395 4196 622 4251 unaque
641 4181 799 4252 quasi
817 4189 1133 4235 contextum
1158 4190 1243 4236 est
1269 4199 1282 4235 :
1310 4195 1524 4235 necnon
1556 4187 1615 4233 ut
1648 4180 1741 4233 uni
1781 4194 1961 4235 rerum
2015 4181 2263 4236 omnium
2292 4184 2572 4254 potestati,
2610 4184 2813 4255 unique
2833 4183 3038 4240 viventi
3103 4190 3266 4254 atque
3321 4181 3441 4235 ani-

197 4281 334 4329 matae
394 4276 526 4349 legi,
572 4292 638 4331 ac
710 4276 913 4332 rationi
962 4293 1082 4347 quae
1132 4277 1186 4331 in
1253 4277 1507 4332 omnibus
1568 4283 1734 4342 esset,
1772 4292 1977 4349 perque
2022 4280 2208 4335 omnia
2271 4286 2605 4350 penetraret,
2675 4283 2859 4338 omnia
2913 4277 3292 4341 convenirent,
3339 4273 3443 4331 sub

201 4378 342 4419 unum
371 4369 566 4438 utique
599 4367 838 4440 perfecte
867 4370 1086 4438 sapiens
1115 4368 1416 4432 vinculum,
1452 4368 1630 4439 ipsum
1671 4369 1882 4423 scilicet
1920 4368 2016 4425 Dei
2058 4370 2283 4427 verbum
2314 4372 2601 4442 ipsamque
2623 4372 2818 4443 legem,
2860 4380 3045 4428 coacta
3070 4378 3125 4426 et
3161 4369 3439 4439 colligata.

935 4482 1009 4536 1".

205 4590 303 4647 Ὀτι
345 4596 429 4666 μὴ
485 4596 737 4666 πλείους
787 4596 905 4651 υἱοὶ
965 4596 1072 4650 τοῦ
1116 4596 1214 4649 ἐπὶ
1270 4595 1512 4651 πάντων
1564 4597 1712 4651 Θεοῦ
1741 4639 1757 4662 ,

254 4664 425 4736 μόνος(
443 4667 516 4721 δὲ
547 4664 637 4733 εἷς
672 4668 740 4721 ἐκ
767 4667 915 4722 Θεοῦ
951 4667 1094 4733 Θεὸς
1134 4668 1398 4737 εὐλόγως
1430 4667 1573 4737 ἡμῖν
1612 4669 1760 4737 ἀνη-

355 4757 383 4793 ε
388 4756 546 4793 ι’ται.

355 4756 546 4793 curm.

262 4737 403 4894 23ft;
426 4830 487 4883 δὲ
509 4828 665 4892 ὄντος
702 4827 797 4881 τοῦ
820 4827 1055 4901 Πατρὸς,
1087 4827 1186 4882 ἕνα
1216 4829 1323 4901 χρὴ
1364 4812 1580 4883 καὶτὸν
1609 4831 1760 4899 Υἱὸν,

210 4915 317 4972 me
342 4924 398 4975 οὐ
433 4922 664 4984 πολλοὺς
691 4917 851 4985 εἶναι,
883 4922 978 4975 καὶ
1012 4921 1108 4974 ἕνα
1148 4921 1351 4974 τέλειον
1385 4922 1544 4993 μόνον
1579 4939 1765 4995 γεννη-

209 5006 281 5061 τὸν
306 5012 431 5068 Θεὸν
471 5016 536 5067 ἐκ
561 5012 718 5079 Θεοῦ,
751 5013 865 5067 ἀλλ’
891 5014 952 5067 οὐ
985 5013 1221 5078 πλείους.
1261 5015 1349 5068 Ἐν
1383 5014 1491 5087 γὰρ
1522 5016 1763 5071 πλείοσιν

212 5099 428 5180 ἑτερότης
467 5106 624 5160 ἔσται
654 5107 746 5159 καί
796 5106 1029 5178 διαφορά
1075 5108 1171 5161 καὶ
1216 5106 1311 5161 τοῦ
1346 5108 1583 5179 χείρονος
1616 5111 1761 5164 είσα-

212 5198 351 5269 γωγή.
385 5199 478 5252 Διὸ
500 5199 565 5270 δὴ
601 5193 682 5263 εἷς
721 5198 876 5265 Θεὸς,
907 5199 1027 5263 ἑνὸς
1062 5199 1195 5253 Υίοῦ
1224 5199 1425 5254 τελείου
1465 5201 1560 5255 καὶ
1600 5218 1759 5272 μονο-

212 5287 397 5354 γενοῦς,
434 5290 552 5344 ἀλλ’
583 5292 647 5344 οὐ
694 5291 955 5345 πλειόνων
1019 5290 1157 5345 θεῶν
1207 5291 1317 5345 οὐδ’
1370 5292 1502 5345 υἱῶν
1546 5294 1758 5364 πατήρ’

212 5370 310 5429 ἐπεὶ
333 5383 422 5435 καὶ
459 5381 591 5452 μιᾶς
620 5379 789 5450 οῠσης
827 5378 1005 5448 φωτὸς
1032 5379 1238 5443 οὐσίας,
1283 5379 1412 5449 μίαν
1446 5379 1538 5434 καὶ
1570 5379 1669 5451 τὴν
1702 5379 1761 5446 ἐξ

213 5465 342 5522 αὑτοῦ
371 5473 721 5544 γεννωμένην
748 5471 958 5526 τελείαν
991 5471 1158 5543 αὐτὴν
1191 5473 1342 5525 πᾶσα
1374 5471 1584 5542 ἀνάγκη
1617 5471 1762 5525 τίθε-

218 5556 330 5615 σθαι.
357 5566 420 5619 Τί
452 5565 565 5637 γὰρ
620 5564 687 5618 ἂν
728 5566 824 5619 καὶ
865 5564 993 5619 ἄλλο
1027 5565 1272 5635 γέννημα
1307 5564 1481 5634 φωτὸς
1529 5563 1763 5617 ἐπινοεῖν

214 5643 419 5721 δ’δνατδν,
457 5655 534 5726 μὴ
560 5654 681 5725 οὐχὶ
714 5654 884 5725 μόνην
911 5655 1012 5727 τὴν
1043 5654 1100 5722 ἐξ
1134 5653 1297 5707 αὑτοῦ
1325 5654 1391 5708 τὰ
1426 5654 1602 5708 πάντα
1628 5653 1766 5724 πλη-

220 5737 376 5804 ροῦσαν
411 5747 517 5805 ,καὶ
566 5745 1032 5817 καταλάμπουσαν
1079 5730 1324 5811 ἁκτῖνα;
1379 5746 1487 5799 πᾶν
1543 5744 1651 5817 γὰρ
1702 5745 1761 5798 τὸ

218 5831 382 5906 ταύτης
414 5838 694 5911 ἀλλότριον
735 5838 924 5901 σκότος
960 5837 1024 5891 ἂν
1061 5838 1145 5909 εἴη
1179 5837 1274 5891 καὶ
1314 5838 1372 5889 οὐ
1405 5837 1538 5907 φῶς.
1576 5837 1761 5911 Ταύτῃ

2521 4486 2679 4560 ιω
2712 4486 2796 4542 m.

1870 4596 2027 4669 Quod
2058 4614 2161 4669 non
2205 4597 2382 4669 plures
2431 4600 2662 4667 supremi
2691 4600 2788 4653 Dei
2819 4599 2941 4669 ﬁlii,
2978 4597 3068 4652 sed
3115 4613 3251 4651 unus
3297 4597 3445 4657 solus

1993 4667 2058 4722 de
2087 4668 2196 4723 Deo
2227 4668 2391 4735 Deus,
2422 4669 2547 4739 jure
2573 4688 2606 4724 a
2638 4669 2787 4725 nobis
2809 4667 3088 4740 pradicari
3120 4671 3308 4723 soleat.

1934 4822 2224 4891 Caeterum,
2258 4841 2384 4880 cum
2436 4842 2582 4882 unus
2631 4826 2705 4881 sit
2764 4825 2947 4892 Pater,
2984 4823 3182 4881 Filium
3225 4839 3445 4895 quoque

1868 4932 2062 4982 unum,
2094 4933 2203 4973 non
2222 4918 2406 4989 plures
2421 4935 2545 4975 esse
2570 4926 2804 4990 oportet,
2835 4933 3113 4989 unumque
3143 4916 3443 4988 perfectum

1866 5011 2043 5065 solum
2074 5011 2318 5082 genitum
2346 5010 2516 5067 Deum
2545 5011 2613 5067 de
2632 5010 2764 5079 Deo,
2794 5024 2909 5065 non
2936 5017 3116 5065 autem
3143 5010 3347 5078 plures.
3381 5007 3444 5063 In

1864 5104 2115 5175 pluribus
2147 5106 2292 5159 enim
2318 5103 2609 5159 diversitas
2642 5103 2745 5158 erit
2770 5117 2835 5158 ac
2856 5100 3181 5166 differentia,
3207 5098 3446 5155 deterio-

1863 5199 2051 5266 risque
2076 5195 2431 5252 introductio.
2481 5195 2663 5262 Quare
2718 5210 2863 5250 unus
2909 5195 3069 5260 Deus,
3120 5190 3285 5248 unius
3314 5188 3444 5246 Filii

1866 5287 2094 5359 perfecti
2128 5296 2291 5358 atque
2323 5287 2494 5353 unici,
2532 5302 2642 5343 non
2698 5287 2938 5358 plurium
2996 5285 3228 5341 deorum
3266 5298 3445 5354 neque

1866 5380 2103 5434 filiorum
2139 5384 2322 5448 pater;
2354 5377 2615 5448 quoniam
2647 5391 2772 5432 cum
2807 5374 3034 5430 luminis
3070 5388 3289 5445 quoque
3335 5387 3445 5427 una

1864 5471 1937 5526 sit
1964 5470 2220 5533 essentia,
2263 5468 2435 5538 ipsam
2466 5469 2594 5525 item
2632 5482 2753 5538 qua:
2783 5481 2846 5521 ex
2878 5481 2945 5523 eo
2973 5472 3285 5538 generetur,
3320 5478 3446 5536 per-

1865 5562 2061 5618 fectam
2088 5576 2252 5615 unam
2286 5575 2508 5630 ponere,
2535 5561 2715 5617 omnis
2745 5559 2890 5632 cogit
2918 5560 3239 5616 necessitas.
3269 5557 3443 5625 Quam

1864 5654 2010 5708 enim
2040 5653 2199 5706 aliam
2224 5658 2484 5721 prmterea
2511 5650 2752 5707 sobolem
2791 5651 3014 5707 luminis
3041 5650 3278 5722 cogitare
3314 5663 3443 5719 pos-

1867 5760 2079 5813 sumus,
2117 5742 2220 5800 uisi
2248 5756 2417 5798 unum
2462 5741 2664 5812 ipsum,
2686 5742 2780 5813 qui
2810 5757 2878 5797 ex
2914 5741 3036 5812 ipso
3058 5737 3443 5811 proficiscitur,

1867 5837 2158 5909 omniaque
2209 5834 2442 5906 complet
2495 5842 2658 5908 atque
2708 5836 2965 5903 illustrat,
2997 5832 3248 5890 radium?
3278 5830 3445 5899 Quid-
