3954 6490
475 367 583 424 255

1149 368 1419 429 EU'SEBII
1450 371 1939 429 CESABIENSIS
1975 371 2126 429 OPP.
2173 371 2354 428 PARS
2390 374 2455 427 ll.
2496 403 2568 415 --
2601 368 3100 428 APOLOGETICA.

3646 364 3793 420 256

472 489 602 559 quid
640 490 786 544 enim
826 490 900 544 ab
930 490 1033 545 hoc
1068 492 1304 547 alienum
1357 492 1540 559 fuerit,
1571 496 1807 551 tenebrae
1855 503 2040 562 eruut,

2166 513 2224 550 :0t
2259 496 2467 550 καὶτοῦ
2498 496 2713 550 πάντων
2747 493 3022 547 ἀνωτάτου
3060 491 3291 562 ιίατρὸς,
3332 490 3573 561 ἀρρήτου
3632 503 3790 555 φωρ

472 597 581 636 non
612 582 814 639 lumen.
845 582 1054 640 ldcirco
1079 587 1242 642 etiam
1300 590 1543 659 supremi
1571 590 1813 644 omnium
1847 588 2051 644 Paren-

470 671 544 726 tis
578 686 704 726 cum
752 672 933 730 lumen
963 677 1053 741 sit,
1078 678 1220 747 quod
1252 680 1416 736 nullis
1447 681 1626 736 verbis
1664 680 2052 751 comprehendi

472 769 673 832 potest.
715 781 782 819 ne
814 765 993 821 simile
1024 767 1242 837 quidem
1272 771 1440 825 ullum
1478 772 1826 843 propriumve
1869 786 2053 827 exem-

473 856 592 925 plar
630 856 817 919 fuerit,
849 867 1045 929 pra-ter
1076 861 1254 930 ipsum
1287 863 1391 918 hoc
1430 865 1630 928 solum,
1659 865 1802 933 quod
1832 862 2052 935 quidem

473 946 652 1017 ipsum
697 948 902 1016 dicere,
938 952 1063 1008 item
1086 954 1154 1011 de
1177 954 1336 1017 Filio,
1367 954 1450 1011 ias
1477 966 1595 1024 est;
1626 953 1884 1026 Splendor
1904 955 2052 1010 enim

471 1046 556 1095 est
583 1040 806 1098 luminis
839 1047 1183 1115 sempiterni,
1208 1048 1601 1118 speculumque
1642 1047 2052 1102 immaculatum

473 1131 669 1187 divina!
706 1135 1015 1199 evidentia,
1048 1147 1102 1193 et
1133 1140 1310 1211 imago
1352 1139 1613 1195 bonitatis
1662 1139 1805 1209 ejus.
1832 1138 1909 1192 Ex
1946 1155 2055 1209 quo

474 1219 605 1275 illud
634 1223 839 1279 dictum
871 1238 954 1281 est
989 1246 1001 1281 :
1042 1247 1061 1279 ι
1101 1228 1202 1295 Qui
1232 1245 1359 1284 cum
1388 1231 1459 1284 sit
1485 1228 1745 1300 splendor
1772 1229 1977 1300 gloiiae.
2002 1237 2057 1284 ct

472 1312 646 1386 ﬁgura
697 1318 1017 1373 substantiae
1064 1320 1265 1390 ejus".
1320 1339 1340 1374 ι
1387 1321 1654 1377 Creterum
1721 1335 1750 1374 a
1808 1319 2057 1375 sensibili

470 1406 691 1476 quidem
736 1406 940 1464 lumine
967 1410 1225 1480 splendor
1255 1411 1499 1481 separari
1549 1427 1659 1466 non
1699 1420 1880 1482 potest
1915 1431 1929 1466 :
1961 1410 2056 1465 Fi-

471 1498 579 1553 lius
621 1505 802 1553 autem
846 1517 1095 1557 seorsum
1130 1519 1159 1557 a
1198 1502 1359 1558 Patre
1405 1520 1502 1573 per
1534 1507 1773 1575 seipsum
1803 1504 2059 1559 subsistit

469 1595 525 1646 et
559 1590 779 1644 luminis
810 1591 1027 1660 quidem
1072 1594 1328 1663 splendor
1368 1596 1547 1648 locum
1579 1594 1881 1650 ellicientia:
1916 1592 2059 1647 obtio

471 1688 595 1750 net;
631 1690 686 1735 at
715 1681 885 1739 Filius
917 1686 1062 1739 aliud
1106 1687 1360 1757 quiddam
1396 1702 1560 1757 quam
1611 1686 1914 1742 secundum
1946 1683 2056 1740 elli-

471 1774 728 1845 (ientiam
779 1776 881 1843 est;
915 1792 1024 1832 non
1085 1795 1181 1849 per
1230 1779 1471 1851 seipsum
1520 1779 1707 1851 utique
1760 1780 2055 1835 essentiam

2152 589 2242 653 τὸς
2263 590 2433 655 ὄντος,
2468 589 2618 642 οὐδὲν
2661 589 2758 659 μὲν
2788 587 3094 659 προσφερὲς
3125 583 3273 655 αὐτῷ
3305 583 3413 637 οὐδ’
3441 585 3672 638 οἷκεῖον
3705 581 3793 633 ἂν

2151 681 2359 751 γένοιτο
2388 682 2756 753 παράδειγμα,
2789 678 2929 751 πλὴν
2962 680 3084 733 ὅσον
3115 679 3245 733 αὐτὸ
3285 677 3442 731 τοῦτο
3489 678 3711 747 μόνον,
3756 672 3796 726 ὃ

2150 773 2215 846 δὴ
2245 775 2339 827 καὶ
2370 776 2535 843 φάναι
2589 774 2719 843 περὶ
2772 772 2901 826 Υἱού
2942 768 3054 825 οἶόν
3097 787 3186 824 τε·
3238 769 3587 839 ἀπαύγασμα
3642 766 3795 837 γὰρ

2153 866 2267 917 ἐστι
2294 864 2467 933 φωτὸς
2495 864 2687 930 ἀϊδίου,
2725 866 2817 918 xal.
2851 863 3112 935 ἔσοπτρον
3146 861 3476 933 ἀκηλίδωτον
3504 859 3615 930 τῆς
3664 856 3793 911 τοῦ

2151 955 2287 1009 Θεοῦ
2340 956 2638 1028 ἐνεργείας,
2683 957 2775 1010 καὶ
2812 954 2977 1009 εἰκὼν
3013 955 3113 1025 τῆς
3168 952 3505 1024 ἀγαθότητος
3544 948 3786 1005 αὑτοῦ.

2152 1050 2244 1103 Διὸ
2276 1048 2520 1121 εἴρηται·
2557 1067 2575 1099 ι
2607 1050 2703 1109 Ὃς
2733 1045 2808 1100 ὢν
2833 1046 3174 1118 ἀπαύγασμα
3197 1046 3296 1115 τῆς
3324 1044 3484 1115 δόξης
3517 1046 3620 1099 καὶ
3662 1061 3791 1113 xa-

2158 1144 2368 1216 ρακτὴρ
2395 1143 2494 1212 τῆς
2526 1141 2874 1205 ὑποστάσεως
2907 1141 3090 1195 αὐτοῦ.
3119 1160 3137 1191 ι
3175 1140 3335 1194 Ἀλλά
3364 1140 3460 1194 τοῦ
3498 1142 3605 1213 μὲν
3677 1140 3793 1192 αἱ·

2156 1234 2353 1305 σθητοῦ
2380 1234 2555 1303 φωτὸς
2606 1232 2973 1306 ἀχώριστοςὴ
3018 1234 3201 1305 αὐγὴ,
3237 1237 3264 1287 ὁ
3313 1234 3356 1286 δ’
3409 1234 3536 1297 Υἱὸς
3601 1232 3790 1295 ἰδίως

2156 1327 2305 1398 παρά
2330 1326 2421 1379 τὸν
2452 1326 2671 1397 Πατέρα
2703 1325 2825 1379 καθ’
2853 1326 3041 1380 ἑαυτὸν
3086 1326 3372 1397 ἐφέστηκε.
3411 1325 3520 1378 Καὶ
3563 1322 3789 1392 φωτὸς

2161 1419 2258 1489 μὲν
2282 1420 2314 1488 ὴ
2350 1416 2492 1488 αὐγὴ
2527 1416 2710 1488 χώραν
2737 1417 3020 1489 ἐνεργείας
3044 1418 3250 1488 ἐπέχει,
3274 1419 3300 1472 6
3321 1418 3377 1470 δὲ
3402 1416 3531 1480 Υἱὸς
3555 1414 3818 1487 ἓτερόγ

2154 1526 2207 1563 τι
2248 1508 2452 1581 ἦκατά
2491 1509 2770 1581 ἐνέργειαν
2806 1509 3097 1580 τυγχάνει,
3132 1508 3254 1562 καθ’
3307 1506 3500 1561 ἑαυτὸν
3547 1506 3791 1560 οὐσιω-

2159 1600 2337 1673 μένος.
2375 1601 2483 1654 Kal.
2515 1600 2733 1671 πάλινή
2770 1600 2868 1671 μὲν
2906 1600 3048 1671 αὐγὴ
3086 1601 3419 1671 συνυπάρχει
3452 1598 3534 1670 τῷ
3581 1598 3783 1667 φωτὶ,

2158 1691 2588 1763 συμπληρωτική
2617 1708 2702 1755 τις
2730 1687 2865 1744 οὐσα
2900 1690 3063 1745 αὐτοῦ
3085 1708 3098 1723 ·
3128 1691 3254 1745 ἄνευ
3293 1691 3403 1762 γὰρ
3436 1691 3619 1761 αὐγῆς
3651 1689 3784 1742 οὐκ

2159 1780 2223 1835 ἂν
2258 1782 2526 1852 ὑποσταίη
2554 1782 2686 1851 φῶς,
2710 1780 2844 1853 ὁμοῦ
2878 1799 2937 1835 τε
2973 1784 3068 1836 καὶ
3098 1781 3217 1835 καθ’
3248 1783 3377 1835 αὐτὸ
3408 1782 3784 1852 συνυφέστη·

472 1872 689 1931 nactus,
723 1864 818 1920 sed
851 1881 879 1919 a
921 1866 1099 1922 Patre.
1140 1866 1354 1924 Rursus
1405 1869 1666 1939 splendor
1707 1869 1871 1925 simul
1910 1869 2056 1923 exsi-

2166 1890 2272 1928 κεν.
2310 1875 2367 1927 '0
2400 1873 2456 1927 δὲ
2488 1874 2676 1947 Πατὴρ
2712 1874 3053 1946 προῡπάρχει
3085 1873 3178 1927 τοῦ
3214 1873 3362 1927 Υἱού.
3399 1875 3493 1927 καὶ
3524 1874 3629 1944 τῆς
3663 1888 3781 1940 γε-

471 1954 566 2009 stit
606 1970 732 2011 cum
791 1957 1023 2023 lumine,
1078 1959 1322 2031 illudque
1372 1960 1776 2031 quodammodo
1821 1960 2055 2029 complet

472 2048 622 2121 (nam
658 2051 776 2106 sine
811 2051 1099 2121 splendore
1145 2069 1256 2107 non
1307 2054 1562 2111 consistit
1606 2036 1829 2122 lumen),
1862 2052 2057 2109 simul-

473 2157 582 2213 que
638 2144 762 2198 ciim
826 2146 940 2211 illo,
995 2158 1050 2201 et
1097 2148 1397 2203 secundum
1430 2148 1565 2204 illud
1606 2148 1859 2204 subsistit
1894 2166 1907 2201 :
1941 2155 1995 2200 at
2027 2160 2058 2199 a

477 2228 639 2291 Patre
667 2234 838 2292 Filius
869 2238 1135 2309 procedit,
1168 2248 1221 2294 et
1257 2240 1408 2295 illum
1428 2248 1680 2312 generat,
1715 2248 1770 2293 at
1802 2240 1919 2309 ipse
1949 2254 2059 2292 non

474 2327 691 2396 genitus
722 2336 809 2384 est
840 2348 854 2384 :
895 2341 947 2385 et
979 2331 1070 2385 ille
1092 2330 1311 2401 quidem
1342 2348 1441 2404 per
1473 2348 1533 2387 se
1564 2332 1745 2404 ipsum
1783 2330 2059 2403 perfectus

473 2428 550 2473 ac'
584 2419 794 2490 primus
846 2430 1102 2495 tanquam
1136 2423 1317 2488 Pater,
1348 2433 1401 2480 et
1431 2424 1525 2495 qui
1563 2431 1757 2479 auctor
1785 2424 1856 2480 sit
1883 2432 1941 2478 ut
1973 2421 2059 2477 Fi-

475 2508 581 2563 lius
630 2512 919 2579 consistat,
942 2514 1088 2583 nihil
1142 2529 1173 2567 a
1223 2513 1360 2569 Filio
1412 2515 1710 2585 accipiens,
1739 2532 1847 2587 quo
1903 2531 2058 2571 suam

474 2609 725 2657 naturam
778 2620 886 2675 qua
933 2604 1076 2663 Deus
1125 2614 1208 2662 est
1251 2609 1520 2678 compleat
1558 2628 1571 2664 :
1605 2592 1697 2664 hic
1723 2618 1901 2663 autem
1937 2617 2061 2663 tan-

473 2709 637 2765 quam
674 2712 739 2751 ει
774 2712 939 2752 causa
970 2699 1249 2768 profectus
1278 2699 1470 2767 Filius,
1507 2701 1648 2757 alius
1683 2703 1751 2757 ab
1786 2703 1878 2757 illo
1902 2702 2060 2772 cujus

474 2794 560 2841 est
596 2785 769 2843 Filius
806 2790 1042 2859 exsistit,
1081 2793 1282 2863 quippe
1311 2793 1406 2863 qui
1441 2808 1471 2846 a
1500 2792 1663 2849 Patre
1705 2802 1764 2848 ut
1804 2804 1857 2850 et
1902 2796 1973 2849 sit
2008 2804 2062 2850 et

476 2877 602 2933 talis
636 2881 707 2935 sit
741 2884 1031 2951 acceperit.
1066 2884 1227 2955 148
1256 2883 1468 2940 Rursus
1522 2886 1781 2955 splendor
1837 2886 2058 2958 quidem

476 2983 587 3023 non
620 2986 688 3026 ex
721 2974 1005 3043 pr0posito
1041 2984 1095 3028 et
1121 2975 1398 3029 voluntate
1430 2975 1656 3032 luminis
1681 2975 2062 3047 splendet,sed

478 3063 779 3118 secundum
823 3065 1079 3134 quiddam
1120 3065 1267 3135 quod
1296 3066 1363 3120 ad
1394 3067 1692 3121 essentiam
1739 3067 1886 3123 illius
1917 3067 2064 3123 inse-

478 3155 799 3225 parabiliter
829 3155 1028 3209 accidit
1062 3174 1075 3211 :
1104 3155 1274 3212 Filius
1306 3173 1437 3213 vero
1465 3174 1528 3214 ex
1560 3159 1830 3214 sententia
1854 3167 1909 3215 et
1944 3174 2065 3229 pro-

480 3247 661 3318 posito
686 3248 864 3317 imago
884 3246 1062 3304 Patris
1093 3250 1327 3306 exsistit.
1355 3249 1554 3307 Volens
1582 3252 1727 3307 enim
1764 3251 1906 3307 Deus
1939 3249 2061 3306 Filii

478 3336 643 3394 Pater
693 3338 929 3401 exsistit,
973 3345 1027 3393 et
1076 3342 1307 3394 alterum
1347 3340 1529 3395 lumen
1569 3341 1623 3395 in
1668 3341 1923 3397 omnibus
1959 3341 2064 3398 sibi

480 3431 585 3503 ipsi
615 3431 795 3487 simile
820 3430 1106 3487 substituit
1135 3451 1148 3486 :
1187 3447 1312 3487 cum
1342 3447 1473 3503 ergo
1506 3448 1615 3487 non
1653 3434 1893 3503 genitum
1921 3450 2066 3491 sem-

482 3524 866 3594 piternumque
889 3524 1070 3578 lumen
1103 3540 1270 3579 unum
1302 3526 1391 3588 sit,
1416 3526 1508 3595 qui
1535 3525 1647 3581 ﬁeri
1677 3532 1855 3597 potest
1882 3536 1937 3582 ut
1964 3528 2067 3583 hoc

481 3615 760 3672 diversum
799 3617 873 3673 sit
902 3618 972 3672 ab
1006 3618 1099 3672 illo
1133 3620 1302 3674 veluti
1336 3619 1513 3690 imago
1546 3620 1832 3690 quaedam?
1860 3638 1924 3677 ac
1956 3637 2064 3676 non

485 3708 668 3781 potius
714 3709 974 3778 splendor
1015 3726 1254 3782 quoque,
1302 3711 1444 3781 quod
1486 3726 1640 3781 aeque
1670 3713 1854 3766 lumen
1886 3713 1978 3779 sit,
2010 3713 2067 3767 in

484 3801 740 3856 omnibus
783 3803 1197 3858 similitudinem
1248 3804 1407 3873 primi
1458 3804 1790 3875 exemplaris
1840 3819 2065 3860 conser-

485 3893 657 3949 vans?
696 3894 982 3963 Quomodo
1041 3913 1169 3952 vero
1228 3898 1375 3953 illius
1425 3897 1553 3953 item
1589 3897 1736 3968 quod
1785 3914 1954 3952 unum
1985 3907 2069 3954 est

486 3979 666 4052 imago
714 3983 910 4049 luerit;
943 3987 989 4039 si
1031 4001 1140 4040 non
1173 4002 1280 4040 una
1318 3989 1432 4056 ipsa
1468 4003 1686 4056 quoque
1714 3989 1807 4051 sit,
1836 3994 1892 4039 ut
1920 3986 2070 4040 vide-

489 4075 614 4130 licet
643 4092 751 4131 non
785 4079 961 4133 solum
989 4084 1243 4137 essentim
1265 4083 1386 4151 ejus
1406 4082 1550 4153 quod
1579 4084 1814 4152 primum
1842 4092 1944 4148 εει,
1973 4082 2067 4137 sed

488 4164 656 4220 etiam
707 4167 827 4238 ejus
880 4170 976 4241 qui
1022 4170 1091 4225 ad
1144 4174 1505 4242 quantitatem
1558 4172 1814 4243 pertinet,
1856 4172 2069 4225 numeri

488 4257 900 4314 similitudinem
928 4261 1189 4317 inducat?
1220 4264 1293 4317 ita
1322 4262 1542 4333 quidem
1577 4270 1637 4316 ut
1671 4262 1836 4317 unius
1863 4262 2069 4331 sempi-

487 4352 627 4407 terni
654 4353 876 4410 luminis
899 4364 1066 4410 unum
1102 4358 1174 4413 sit
1205 4358 1503 4429 perfectum
1536 4359 1739 4422 lumen,
1760 4373 1867 4413 non
1890 4366 2070 4412 autem

488 4445 706 4502 diversa
740 4455 793 4503 et
825 4450 1001 4519 plura,
1030 4452 1084 4506 id
1131 4451 1276 4522 quod
1316 4451 1551 4522 primum
1577 4460 1630 4506 ct
1663 4451 1885 4505 unicum
1913 4450 2069 4522 geni-

490 4545 627 4603 tum,
654 4537 968 4611 editumque
1008 4553 1113 4607 est,
1151 4542 1329 4611 ipsum
1373 4541 1561 4612 utique
1607 4540 1741 4595 illud
1772 4542 2071 4613 perfectum

491 4628 716 4694 bonum,
750 4630 818 4686 de
866 4647 976 4702 quo
1019 4648 1130 4687 uno
1174 4649 1276 4689 nos
1306 4648 1547 4703 quoque,
1579 4640 1701 4703 post
1723 4648 1842 4687 eam
1866 4648 1987 4702 quae
2020 4642 2072 4686 et

488 4721 779 4793 principio,
802 4729 855 4777 et
884 4731 1007 4777 ortu
1038 4733 1187 4780 caret
1208 4724 1532 4789 essentiam,
1569 4733 1629 4778 ut
1660 4722 1727 4777 de
1757 4722 1866 4778 Deo
1897 4724 2073 4794 loqui-

492 4832 633 4871 mur.
675 4814 849 4873 Unius
896 4832 1026 4887 ergo
1058 4818 1234 4873 Patris
1265 4834 1433 4874 unum
1469 4833 1591 4873 esse
1612 4814 1808 4871 Filium
1835 4824 2067 4888 oportet.

492 4909 628 4966 Nam
673 4910 720 4966 si
777 4910 1087 4980 fragrantia:
1116 4925 1287 4981 genus
1315 4925 1483 4963 unum
1512 4927 1581 4965 ex
1609 4911 1790 4981 aliqua
1822 4911 2071 4981 subjecta

490 5022 552 5063 re
583 5003 986 5077 proﬁciscatur,
1022 5018 1187 5057 unum
1232 5016 1449 5073 quoque
1481 5009 1536 5056 et
1572 5002 1845 5068 eumdem,
1871 5002 1965 5071 qui
2015 5003 2070 5057 in

489 5114 681 5154 omnes
710 5096 1050 5153 diffundatur
1080 5109 1300 5150 suavem
1334 5094 1579 5156 odorem,
1611 5108 1718 5148 non
1748 5095 1995 5150 diversos
2018 5102 2072 5149 et

490 5190 678 5260 plures
718 5186 877 5243 fateri
916 5201 1013 5258 par
1042 5194 1147 5241 est.
1175 5183 1312 5239 Cum
1352 5183 1521 5253 igitur
1550 5184 1783 5253 primum
1816 5183 1948 5239 illud
1981 5199 2072 5240 so-

493 5280 715 5351 lumque
754 5280 980 5341 bonum,
1006 5277 1099 5349 qui
1127 5286 1209 5333 est
1235 5277 1479 5330 omnium
1512 5287 1767 5347 regnator
1797 5276 1959 5339 Deus.
1990 5278 2073 5332 di-

496 5373 674 5426 vinam
701 5373 1034 5442 vitalemque
1063 5369 1441 5441 fragrantiam,
1481 5386 1601 5441 qua:
1621 5370 1806 5425 animo
1835 5376 1890 5424 et
1920 5368 2074 5438 (ιοεί-

493 5464 698 5519 tatione
744 5464 1009 5519 duntaxat
1059 5464 1447 5535 comprehendi
1498 5471 1696 5536 potest,
1732 5456 2106 5533 produxerit,-

500 5572 662 5610 unam
684 5557 826 5613 hanc
878 5557 963 5614 fas
1009 5568 1092 5613 est
1128 5558 1449 5631 intelligere,
1491 5560 1678 5631 plures
1724 5557 1898 5614 nefas.
1930 5556 2072 5624 Quid

494 5650 640 5708 enim
664 5667 787 5707 esse
820 5659 1019 5723 potest,
1047 5653 1191 5725 quod
1218 5654 1435 5727 quidem
1461 5654 1528 5712 ab
1549 5653 1652 5710 hac
1679 5652 1955 5711 diversum
1979 5651 2072 5723 sit,

566 5854 614 5891 ⁹⁹
641 5854 805 5912 Hebr.
837 5874 875 5925 ι,
896 5858 950 5913 3.

2158 1964 2357 2028 νέσεως
2397 1965 2560 2018 αὐτοῦ
2593 1966 3005 2037 προῦιρέστηκεν
3028 2006 3042 2031 ,
3151 1966 3310 2037 μόνος
3355 1967 3632 2037 ἀγένητος
3662 1959 3772 2035 ἦν.

2160 2058 2269 2111 Καὶ
2293 2058 2322 2109 ό
2351 2058 2448 2128 μὲν
2472 2056 2591 2111 καθ’
2611 2058 2801 2111 ἑαυτὸν
2821 2058 3025 2122 τέλειος
3050 2059 3143 2112 καὶ
3167 2057 3404 2130 πρῶτος,
3431 2056 3507 2121 ὡς
3531 2054 3776 2126 Πατὴρ,

2160 2147 2253 2200 καὶ
2285 2148 2382 2219 τῆς
2437 2146 2528 2200 τοῦ
2565 2146 2693 2200 Υἱοῦ
2717 2148 3027 2211 συστάσεως
3069 2148 3268 2211 αἴτιος,
3306 2145 3457 2200 οὐδὲν
3490 2147 3574 2209 εῖς
3611 2162 3777 2215 συμ-

2160 2241 2442 2312 πλήρωσιν
2473 2240 2571 2310 τῆς
2598 2238 2790 2292 ἑαυτοῦ
2826 2238 3074 2310 θεότητος
3108 2239 3255 2310 παρὰ
3290 2238 3384 2291 τοῦ
3434 2237 3568 2292 Υἱοῦ
3603 2238 3772 2308 λαμο

2162 2334 2339 2388 δάνων
2358 2351 2372 2364 ·
2409 2336 2436 2387 6
2458 2332 2513 2385 δὲ
2543 2333 2619 2395 ὡς
2651 2329 2711 2396 ἐξ
2744 2331 2917 2384 αἰτίου
2949 2329 3188 2399 γεγονὼς
3224 2330 3371 2394 Υἱδς,
3402 2330 3665 2401 δεύτερος
3696 2319 3774 2383 οὗ

2161 2431 2308 2482 ἐστιν
2338 2427 2464 2491 Υἱὸς
2487 2425 2812 2495 καθέστηκε,
2837 2424 2986 2495 παρά
3018 2423 3110 2477 τοῦ
3146 2424 3355 2495 Ila-:96;
3380 2424 3473 2477 ml.
3505 2423 3570 2476 τὸ
3607 2418 3771 2476 εἶναι

2162 2524 2256 2576 καὶ
2288 2519 2491 2574 τοιόσδε
2520 2515 2657 2571 εἶναι
2691 2516 2946 2587 εἰληφώς.
2983 2517 3090 2569 Καὶ
3119 2516 3278 2568 πάλιν
3308 2517 3339 2586 ἡ
3366 2516 3463 2586 μὲν
3493 2515 3643 2586 αὐγὴ
3693 2514 3769 2568 οὐ

2162 2614 2304 2665 κατά
2332 2610 2649 2682 προαίρεσιν
2681 2606 2775 2661 τοῦ
2794 2607 2966 2677 φωτὸς
2998 2606 3289 2677 ἐκλάμπει,
3311 2605 3453 2659 κατὰ
3483 2622 3535 2658 τι
3557 2605 3615 2657 δὲ
3653 2606 3769 2676 τῆς

2162 2705 2350 2769 οὐσίας
2388 2701 2731 2773 cupiiququ
2752 2700 3053 2773 ἀχώριστον
3073 2717 3085 2729 ·
3120 2702 3148 2753 6
3179 2700 3235 2753 δὲ
3273 2698 3397 2763 Υἱὸς
3431 2698 3573 2751 κατά
3600 2697 3767 2766 γνὼ-

2167 2815 2273 2868 μην
2312 2797 2405 2849 καὶ
2441 2795 2759 2867 προαίρεσιν
2793 2792 2955 2846 εἰκὼν
2985 2791 3191 2863 ὐπέστη
3233 2790 3323 2844 τοῦ
3355 2792 3586 2863 Πατρός.
3619 2790 3769 2843 Βου-

2163 2891 2345 2961 ληθε“ις
2377 2891 2485 2961 γὰρ
2508 2891 2535 2940 6
2556 2888 2688 2950 Θεὸς
2718 2886 2940 2955 γέγονεν
2966 2884 3095 2938 Υἱοῦ
3117 2886 3328 2957 Πατὴρ,
3351 2886 3444 2938 καὶ
3479 2884 3596 2953 φῶς
3627 2884 3769 2937 δεύ-

2162 3002 2316 3056 τερον
2351 2982 2491 3037 κατὰ
2514 2984 2687 3035 πάντα
2712 2980 2888 3051 ἑαυτῷ
2920 2979 3347 3050 ἀφωμοιωμένον
3381 2979 3764 3049 ὑπεστήσατο.

2176 3079 2464 3148 ’Λγενὴτου
2511 3072 2798 3145 τοιγαροῦν
2839 3073 2925 3126 καὶ
2969 3072 3141 3121 eaeam.
3187 3071 3363 3141 φωτὸς
3405 3071 3555 3133 δντος
3602 3072 3767 3139 ἑνὸς,

2168 3170 2284 3235 πῶς
2316 3170 2381 3224 ἂν
2408 3170 2615 3237 γένοιτο
2639 3167 2766 3221 ἄλλο
2792 3161 2985 3230 οἷάτις
3019 3168 3200 3229 εἰκὼν,
3228 3166 3348 3235 οὐχὶ
3367 3165 3423 3217 δὲ
3448 3163 3591 3234 αὐγὴ
3612 3160 3765 3218 οὖσα

2169 3263 2284 3335 φῶς
2310 3264 2450 3317 κατὰ
2470 3262 2647 3315 πάντα
2667 3261 2727 3313 τὸ
2749 3260 2984 3332 ἐμφερὲς
3009 3259 3081 3329 τῷ
3104 3258 3347 3331 πρωτοτύ
3358 3276 3441 3329 mp
3465 3257 3721 3322 σώζουσα
3746 3274 3768 3324 ;

2169 3355 2287 3420 πῶς
2317 3356 2361 3409 δ’
2399 3355 2463 3409 ἂν
2509 3357 2603 3408 καὶ
2647 3353 2813 3407 αὐτοῦ
2843 3352 2936 3405 τοῦ
2971 3353 3087 3415 ἑνὸς
3117 3353 3200 3421 εἴη
3231 3349 3415 3415 εἰκὼν,
3456 3352 3504 3402 εί
3540 3349 3616 3420 μὴ
3653 3349 3765 3419 μία

2168 3450 2260 3504 καὶ
2310 3449 2345 3519 ἡ
2401 3448 2538 3518 αὐτὴ
2584 3442 2747 3511 οὐσα;
2781 3446 2927 3507 ὅπως
2966 3443 3039 3515 μὴ
3077 3445 3235 3513 μόνον
3294 3441 3393 3511 τῆς
3436 3441 3624 3504 οὐσίας
3656 3440 3764 3493 τοῦ

2168 3543 2407 3617 πρώτου,
2451 3542 2586 3596 ἀλλά
2621 3542 2715 3595 καὶ
2756 3540 2849 3594 τοῦ
2896 3540 3034 3593 κατὰ
3077 3538 3139 3591 τὸ
3172 3537 3337 3590 ποσὸν
3384 3535 3615 3608 ἀριθμοῦ
3650 3536 3767 3607 τὴν

2168 3639 2425 3709 ὁμοίωσιν
2456 3636 2732 3705 ἐπάγοιτο,
2770 3634 2899 3687 ὥσθ’
2931 3634 3049 3697 ἐνὸς
3069 3629 3204 3685 εἶναι
3234 3629 3326 3684 τοῦ
3371 3630 3540 3683 ἀϊδίου
3573 3629 3765 3699 φωτὸς

2168 3732 2227 3785 ἒν
2255 3731 2314 3785 τὸ
2343 3730 2569 3795 τέλειον,
2599 3728 2713 3781 ἀλλ’
2746 3728 2808 3781 οὐ
2852 3725 3083 3798 διάφορα
3114 3723 3208 3777 καὶ
3240 3722 3407 3775 πολλά
3434 3721 3496 3774 τὸ
3533 3720 3765 3792 πρῶτον

2170 3827 2263 3880 καὶ
2293 3824 2579 3896 μονογενὲς
2623 3822 2873 3890 ἔκγονον,
2918 3820 3047 3873 αὐτὸ
3087 3818 3150 3891 δὴ
3192 3819 3369 3871 ἐκεῖνο
3401 3815 3461 3868 τὸ
3491 3814 3584 3868 καὶ
3617 3816 3765 3884 ἡμῖν

2171 3916 2384 3988 πρῶτον
2415 3914 2554 3987 μετὰ
2585 3914 2683 3986 τὴν
2716 3912 2949 3983 ἄναρχον
2983 3911 3076 3965 καὶ
3122 3910 3385 3980 ἀγένητον
3412 3906 3597 3961 οὐσίαν
3633 3904 3764 3959 030-

2168 4009 2493 4081 λογούμενον
2521 4007 2723 4061 τέλειον
2752 4005 2976 4075 ἀγαθόν.
3019 3997 3156 4058 Ἕνα
3182 4002 3313 4073 γοῦν
3350 4002 3453 4073 χρὴ
3494 4000 3612 4064 ἑνὸς
3641 4000 3764 4054 Πα-

2170 4101 2293 4175 τρδς
2326 4102 2422 4154 καὶ
2449 4100 2541 4152 τὸν
2584 4099 2713 4153 Υἱὸν
2744 4095 2899 4151 εἶναι.
2948 4097 3058 4151 Καὶ
3103 4095 3211 4168 γὰρ
3257 4096 3383 4167 μιᾶς
3420 4092 3651 4157 εὐωδίας
3696 4094 3762 4162 ἐξ

2172 4194 2539 4265 ὑποκειμένης
2580 4193 2722 4256 τινος
2772 4190 3065 4262 προϊούσης
3097 4189 3285 4252 οὐσίας
3336 4187 3462 4258 μίαν
3512 4187 3607 4240 καὶ
3654 4188 3762 4257 τὴν

2174 4287 2344 4355 αὐτὴν
2373 4285 2745 4358 προχεομένην
2772 4285 2954 4356 ἡδεῖαν
2976 4283 3055 4346 είς
3089 4281 3295 4343 πάντας
3324 4280 3515 4350 ὀδμὴν,
3550 4278 3666 4331 ἀλλ’
3692 4279 3758 4332 οὐ

2173 4379 2462 4453 διαφόρους
2502 4380 2595 4431 κοιλ¹
2636 4376 2837 4441 πολλὰς
2890 4377 3157 4449 προσήκοι
3198 4375 3264 4428 ἂν
3305 4373 3608 4445 ὁμολογεῖν.
3647 4372 3761 4427 Τοῦ

2174 4473 2311 4542 δῆτα
2335 4470 2552 4544 πρώτου
2587 4471 2682 4525 καὶ
2708 4470 2868 4541 μόνου
2906 4466 3136 4538 ἀγαθοῦ,
3171 4468 3199 4519 ὅ
3232 4468 3378 4520 ἐστιν
3417 4468 3445 4519 ὁ
3479 4465 3762 4536 παμϐασι-

2109 4568 2145 4621 Ι.)
2174 4565 2297 4627 λεύς
2318 4564 2470 4628 Θεὸς,
2498 4562 2572 4634 νῷ
2600 4565 2694 4617 καὶ
2714 4562 2919 4634 διανοίᾳ
2941 4560 3152 4632 ληπτὴν
3188 4559 3368 4612 ἔνθεον
3394 4559 3488 4613 καὶ
3521 4558 3760 4631 ζωτικὴν

2175 4657 2403 4711 εὐωδίαν
2418 4655 2886 4726 ὐποστησαμένου,
2909 4653 3036 4725 μίαν
3056 4652 3279 4723 ταύτην,
3302 4651 3418 4705 ἀλλ’
3447 4651 3507 4704 οὐ
3538 4650 3761 4716 πλείους

2174 4750 2411 4803 ἐπινοεῖν
2440 4749 2613 4820 θέμις.
2651 4748 2715 4801 Τί
2740 4748 2850 4818 γὰρ
2879 4747 2943 4800 ἂν
2982 4747 3076 4799 κα)⁸
3110 4747 3320 4814 γένοιτο
3348 4745 3550 4815 ταύτης
3570 4744 3760 4815 ἕτερον

2176 4840 2318 4894 κατὰ
2359 4840 2537 4894 πάντα
2566 4840 2643 4910 τῷ
2678 4839 2851 4911 Πατρὶ
2879 4838 3338 4909 ἀφωμοιωμένης,
3374 4840 3421 4890 εἰ
3458 4838 3529 4907 μή
3559 4852 3611 4888 τι
3650 4837 3760 4907 ἄρα

2177 4930 2518 5001 ὑποϐεϐηκὸς
2551 4931 2645 4984 καὶ
2693 4933 2905 5001 χεῖρον;
2940 4929 2968 4982 ὃ
3007 4928 3259 4999 οὐδαμῶς
3300 4932 3433 5000 ἡμῖν
3466 4930 3523 4981 ὲν
3566 4929 3631 4999 τῇ
3662 4927 3759 4982 τοῦ

2176 5023 2308 5077 Υἱοῦ
2343 5022 2592 5094 θεολογίᾳ
2634 5023 3051 5095 παρεισακτέον.
3115 5023 3305 5093 Ἀτμὶς
3343 5023 3450 5096 γάρ
3495 5026 3611 5077 ἐστι
3656 5022 3760 5095 τῆς

2175 5118 2268 5171 τοῦ
2295 5116 2431 5170 Θεοῦ
2453 5117 2753 5189 δυνάμεως,
2785 5119 2878 5171 καὶ
2910 5116 3178 5189 ἁπόρῤοια
3204 5117 3300 5188 τῆς
3327 5115 3420 5170 τοῦ
3450 5115 3758 5189 παντοκρά-

2175 5227 2332 5282 τορος
2358 5208 2516 5282 δόξης
2550 5209 2865 5282 εἰλικρινής.
2899 5208 2987 5276 ἘΞ
3031 5208 3263 5273 εὐώδους
3300 5210 3398 5280 μὲν
3426 5208 3533 5280 γὰρ
3569 5207 3759 5279 σώμα-

2176 5320 2288 5367 τος,
2317 5303 2489 5375 μύρου
2517 5302 2661 5365 τινὸς
2693 5302 2848 5373 φέρε,
2880 5302 2913 5373 ἢ
2948 5301 3041 5354 καὶ
3069 5300 3176 5353 τῶν
3211 5301 3320 5356 ἀπὸ
3357 5302 3458 5373 γῆς
3485 5299 3758 5372 ἀκμαζόν-

2177 5413 2307 5461 των,
2335 5394 2541 5466 εὐώδης
2572 5412 2653 5459 τις
2688 5393 2865 5447 ἀνθῶν
2897 5410 2955 5446 τε
2984 5394 3080 5447 καὶ
3101 5395 3411 5466 ἀρωμάτων
3440 5394 3575 5463 πνοὴ
3607 5393 3757 5465 παρὰ

2178 5488 2239 5541 τὸ
2274 5487 2487 5560 πρῶτον
2529 5487 2885 5558 ὑποκείμενον
2917 5490 2997 5552 εἰς
3035 5488 3181 5542 ἅπαν
3220 5486 3281 5541 τὸ
3309 5487 3464 5551 ὲκτδς
3504 5486 3758 5556 περιέχον

2181 5582 2488 5650 προχεῖται,
2519 5581 2611 5633 καὶ
2662 5579 2860 5652 πληροῖ
2892 5596 2956 5648 γε
2988 5580 3083 5634 καὶ
3128 5579 3220 5634 τὸν
3267 5579 3406 5651 ἀέρα
3449 5581 3528 5642 εἰς
3559 5577 3756 5642 πλάτος

2179 5672 2548 5745 ἀναχεομένη,
2599 5671 2715 5727 οὐτι
2752 5691 2837 5728 πω
2875 5673 3017 5729 κατὰ
3062 5673 3315 5747 στέρησιν
3347 5672 3380 5743 ἢ
3418 5671 3672 5743 μείωσιν,
3721 5670 3754 5741 ἢ
