3954 6504
149 435 238 489 257
1032 416 1682 489 DEMONSTMTIONIS
1720 429 2179 488 EVANGELICIE
2223 433 2350 488 LIB.
2398 433 2490 488 Iv.

3278 433 3385 488 258

145 553 318 623 τομὴν,
350 552 383 621 ῆ
418 551 701 624 διαίρεσιν
728 554 820 608 τοῦ
861 553 1344 625 προῦποκειμένου.
1375 552 1576 605 Τούτου
1608 552 1716 624 γὰρ

1819 566 1936 621 qua:
1960 551 2012 604 in
2046 551 2300 606 omnibus
2328 550 2475 605 Patri
2500 551 2694 608 similis
2717 559 2821 616 est,
2851 551 2994 622 quod
3026 565 3132 605 non
3151 550 3388 606 submis-

144 650 192 698 ἐν
235 645 411 715 οἰκείᾳ
453 644 623 716 χώρᾳ
662 645 928 715 μένοντος,
982 646 1074 698 καὶ
1127 647 1222 716 τὴν
1252 645 1550 714 ταυτότητα
1582 645 1716 716 πρὸς

144 735 281 789 huc):
306 733 611 799 σώζοντος,
643 738 740 807 τήν
764 754 817 788 τε
841 736 1010 807 εὐώδη
1036 736 1260 807 δύναμιν
1294 737 1715 804 ἁπογεννῶντος,

142 828 275 881 θὺδὲν
297 826 391 878 τοῦ
428 828 710 897 προτέρου
741 829 939 899 χεῖρον,
963 828 1054 880 καὶ
1074 828 1135 880 τὸ
1157 826 1492 898 γεννώμενον
1523 827 1719 891 εὐῶδες

140 917 325 971 οἰκείαν
342 917 472 986 ἕχον
500 919 830 982 ὑπόστασιν,
854 919 928 982 ὡς
950 920 1032 972 ὅτι
1053 919 1282 990 μάλιστα
1305 920 1363 971 τὸ
1408 919 1718 989 ὁμοιότατον

140 1009 302 1080 τῇτοῦ
337 1011 718 1080 γεννήσαντος
746 1010 925 1080 φύσει,
959 1011 1046 1064 διὰ
1082 1012 1179 1080 τῆς
1216 1010 1420 1074 οἰκείας
1443 1011 1719 1080 ἀπομεμί-

143 1119 308 1172 μηται.
329 1102 484 1171 Πλὴν
516 1104 639 1155 ἀλλ’
659 1104 736 1155 ἔτι
756 1103 924 1156 ταῦτα
943 1102 1118 1174 γεώδη
1145 1103 1238 1155 xai.
1267 1102 1432 1172 θνητὰ
1456 1104 1547 1156 καὶ
1578 1102 1717 1173 μέρη

139 1194 223 1262 τῆς
243 1194 388 1245 κάτω
420 1193 760 1264 φθοροποιοῦ
793 1195 887 1246 καὶ
915 1194 1146 1262 γεώδους
1171 1194 1400 1264 φύσεως.
1419 1195 1497 1247 Τά
1524 1211 1586 1262 γε
1613 1196 1716 1264 μὴν

139 1287 223 1355 τῆς
265 1287 656 1357 προκειμένης
714 1289 846 1358 ἡμῖν
899 1286 1174 1356 θεολογίας
1217 1287 1469 1340 ἐπέκεινα
1517 1289 1715 1352 παντὸς

140 1376 248 1428 ὄντα
281 1375 743 1446 παραδείγματος
786 1377 939 1429 οὐδὲν
975 1376 1073 1447 μὲν
1101 1371 1211 1429 οἷον
1244 1377 1310 1430 τὰ
1353 1380 1414 1429 ὲκ
1449 1378 1714 1447 σωμάτων

140 1470 408 1535 ἐπάγεται,
430 1468 680 1542 ὀξυτάτῃ
701 1470 755 1522 δὲ
783 1469 990 1540 διανοίᾳ
1025 1470 1351 1540 φαντάζεται
1373 1472 1498 1524 Υἱὸν
1521 1488 1713 1541 γεννη-

141 1560 245 1622 τὸν,
270 1561 328 1611 οὐ
365 1560 601 1631 χρόνοις
639 1562 736 1631 μέν
767 1579 906 1614 τισιν
935 1563 1032 1615 οὐκ
1065 1563 1191 1615 ὄντα
1210 1602 1223 1623 ,
1254 1562 1476 1635 ὕστερον
1500 1563 1555 1616 δέ
1586 1581 1713 1618 ποτε

140 1652 403 1716 γεγονότα,
442 1651 591 1704 ἀλλὰ
628 1653 730 1722 πρὸ
767 1653 970 1724 χρόνων
1001 1654 1232 1707 αἰωνίων
1261 1655 1407 1718 ὄντα,
1442 1656 1536 1708 καὶ
1578 1674 1711 1727 προ-

139 1744 268 1804 όντα,
292 1743 387 1794 καὶ
415 1743 502 1812 τῷ
535 1745 715 1816 Ila-.91
743 1744 818 1807 ὡς
844 1745 971 1797 Υἱὸν
994 1745 1079 1798 διὰ
1109 1746 1308 1809 παντὸς
1338 1748 1581 1812 συνόντα,
1620 1751 1714 1803 καὶ

140 1835 224 1886 οὐκ
252 1835 560 1906 ἀγέννητον
589 1837 736 1897 ὄντα,
765 1837 1098 1908 γεννώμενον
1127 1838 1169 1890 δ’
1201 1839 1258 1902 ἐξ
1281 1839 1576 1910 ἁγεννήτου
1603 1842 1712 1894 [Ια-

1823 642 1938 694 sius
1974 641 2045 694 sit
2076 655 2139 694 ac
2164 640 2439 697 deterius?
2464 642 2606 712 quod
2637 644 2949 715 neutiquam
2991 643 3150 697 nobis
3180 643 3234 696 in
3268 640 3388 697 Filii

1819 731 2091 802 theologia
2120 731 2604 800 introducendum;
2635 750 2803 805 vapor
2855 735 2998 790 enim
3043 741 3127 789 est
3170 735 3388 787 virtutis

1820 821 1937 885 Dei,
1966 811 2038 875 ac
2081 819 2372 875 deﬂuentia
2412 838 2560 877 mera
2588 824 2774 894 gloriae
2803 823 3222 892 Omnipotentis.
3252 823 3388 878 Nam

1819 929 1881 966 ex
1933 913 2070 967 bene
2117 913 2283 967 olenti
2328 929 2578 982 corpore,
2613 916 2760 969 verbi
2786 917 2981 985 gratia,
3013 932 3076 969 ex
3113 923 3390 984 unguento

1819 1007 2020 1074 aliquo,
2054 1013 2147 1057 aut
2201 1005 2363 1059 etiam
2413 1021 2481 1060 ex
2525 1006 2750 1062 ﬂoribus
2800 1016 2961 1077 atque
2988 1008 3385 1072 odoramentis,

1819 1111 1938 1164 quae
1966 1095 2033 1149 de
2062 1101 2206 1148 terra
2236 1107 2558 1160 nascuntur,
2591 1098 2726 1152 bene
2760 1099 2913 1153 olens
2943 1098 3163 1167 quidam
3203 1097 3386 1163 ﬂatus,

1816 1193 2012 1256 printer
2060 1186 2191 1240 illud
2239 1189 2473 1256 primum
2534 1189 2840 1257 subjectum
2892 1206 3110 1261 corpus.
3143 1192 3196 1245 in
3228 1205 3389 1246 omne

1818 1279 1960 1348 quod
1977 1273 2321 1336 extrinsecus
2352 1282 2542 1344 ambit,
2574 1281 2949 1350 profunditur;
2979 1298 3043 1336 ac
3071 1285 3197 1337 dum
3226 1283 3387 1338 latius

1815 1374 2143 1439 refunditur,
2177 1376 2353 1444 ipsum
2390 1393 2606 1448 quoque
2629 1393 2807 1432 aerem
2838 1380 3092 1448 complet,
3117 1395 3222 1433 non
3257 1393 3387 1434 sane

1815 1468 2119 1536 privatione
2171 1467 2372 1536 aliqua,
2425 1477 2518 1522 aut
2554 1469 2932 1530 diminutione,
2982 1477 3077 1523 aut
3127 1471 3386 1532 sectione.

1817 1562 1910 1609 aut
1950 1555 2219 1608 divisione
2263 1557 2406 1624 ejus,
2465 1556 2609 1626 quod
2664 1557 2897 1625 primum
2955 1556 3258 1623 subjectum
3306 1561 3391 1609 est

1815 1647 2083 1717 corporis.
2125 1646 2230 1701 Sed
2281 1648 2374 1700 illo
2420 1656 2675 1703 manente
2742 1648 2797 1700 in
2862 1649 3083 1718 propria
3138 1649 3287 1712 sede,
3337 1656 3392 1702 et

1814 1739 2059 1793 eamdem
2109 1753 2274 1806 penes
2327 1755 2386 1794 se
2427 1746 2789 1794 conservante
2836 1748 3110 1802 naturam,
3144 1739 3390 1809 fragran-

1817 1829 2057 1898 tiamque
2113 1831 2257 1884 illam
2317 1840 2636 1899 procreante
2679 1848 2690 1883 :
2734 1829 2905 1883 nihilo
2963 1829 3203 1884 deterius
3245 1829 3392 1898 prio-

141 1927 280 1996 τρὸς,
322 1931 604 1998 μονογενῆ
637 1929 796 1991 ὄντα,
833 1931 1003 1998 Λόγον
1047 1932 1140 1983 καὶ
1181 1930 1311 1983 Θεὸν
1346 1932 1410 1984 ὲκ
1439 1932 1606 1984 Θεοῦ·
1647 1935 1707 1986 οὐ

1819 1946 1888 1993 re,
1932 1931 2108 1999 ipsum
2167 1944 2384 2001 quoque
2449 1928 2590 1998 quod
2660 1937 2979 1997 procreatur
3044 1928 3182 1982 bene
3239 1927 3393 1980 olens

143 2019 264 2070 κατὰ
287 2019 587 2073 διάστασιν
615 2020 648 2090 ἦ
676 2021 848 2090 τομὴν
878 2021 910 2092 ἢ
941 2020 1200 2092 διαίρεσιν
1238 2022 1302 2074 ἐκ
1336 2023 1436 2092 τῆς
1469 2023 1560 2076 τοῦ
1597 2025 1708 2076 Πα-

140 2109 250 2180 ego;
280 2112 477 2174 οὐσίας
506 2111 979 2182 προϐεϐλημένον,
1021 2114 1274 2184 apparo;
1305 2113 1359 2166 δὲ
1395 2115 1486 2166 καὶ
1523 2116 1708 2167 ἀνεπι-

143 2200 385 2266 λογίστως
407 2205 557 2272 ἡμῖν
577 2203 636 2266 ἐξ
664 2203 877 2265 αἰῶνος,
905 2203 1100 2272 μᾶλλον
1124 2203 1177 2256 δὲ
1203 2204 1306 2275 πρὸ
1339 2204 1554 2256 πάντων
1581 2204 1711 2257 αἰώ-

143 2308 264 2352 νων,
311 2293 377 2344 ὲκ
426 2293 538 2362 τῆς
585 2293 677 2346 τοῦ
727 2294 940 2362 Πατρὸς
976 2294 1351 2362 ἁνεκφράστου
1391 2295 1483 2346 xai.
1516 2295 1711 2365 ἀπερι-

146 2385 314 2451 ντήτου
374 2383 586 2453 βουλῆς
637 2401 696 2436 τε
755 2386 850 2437 καὶ
909 2384 1188 2454 δυνάμεως
1237 2384 1586 2454 οὐσιούμενον
1633 2384 1711 2436 δι-

145 2472 410 2529 δάσκοντα.
471 2496 490 2527 ι
518 2477 633 2546 Τὴν
678 2475 868 2543 γενεὰν
909 2474 1016 2544 γὰρ
1061 2475 1256 2539 αὐτοῦ,
1291 2495 1308 2526 ι
1365 2477 1526 2546 φησὶ,
1582 2495 1599 2525 ι
1627 2476 1711 2538 τίς

151 2568 480 2637 διηγήσεταις
519 2589 539 2619 ›
578 2569 692 2630 καὶ,
730 2587 747 2618 ι
777 2569 990 2638 ’Ὠσπερ
1012 2568 1188 2631 οὐδεὶς
1218 2568 1359 2636 ἔγνω
1378 2568 1468 2620 τὸν
1492 2567 1710 2637 Πατέρα

150 2663 186 2712 εἰ
218 2662 285 2731 μὴ
327 2664 356 2715 ό
387 2664 526 2727 Υἱὸς
548 2704 562 2727 ,
590 2663 732 2734 οὕτω
765 2665 857 2716 xa‘t
885 2664 972 2717 τὸν
1016 2663 1144 2715 rem
1185 2663 1357 2725 οὐδεὶς
1388 2662 1525 2731 ἔγνω
1558 2665 1605 2715 εί
1637 2663 1712 2734 μὴ

154 2753 288 2819 γένος
316 2755 344 2806 ὁ
374 2757 651 2826 γεννήσας
676 2755 837 2808 αὑτὸν
867 2756 1075 2826 Πατήρ.
1112 2774 1130 2804 3

1812 2031 1866 2076 et
1920 2022 2166 2092 fragrans
2204 2037 2409 2092 genus,
2447 2037 2570 2074 cum
2609 2022 2882 2092 propriam
2949 2009 3146 2074 habeat
3207 2020 3392 2075 sedem

1815 2123 1976 2183 atque
2009 2123 2278 2174 naturam,
2305 2114 2406 2167 hac
2437 2113 2575 2182 ipsa,
2595 2129 2757 2182 quam
2791 2115 3026 2168 maxime
3052 2112 3166 2166 ﬁeri
3192 2119 3391 2182 potest,

1821 2209 1874 2261 id
1894 2209 2036 2276 quod
2066 2207 2400 2261 simillimum
2433 2206 2502 2260 sit
2530 2213 2735 2257 natum
2752 2203 3108 2276 procreanlis,
3129 2204 3391 2257 imitatur.

1823 2301 1980 2373 149
2011 2299 2208 2354 Verum
2247 2300 2358 2353 haec
2392 2297 2606 2367 quidem
2639 2304 2853 2350 terrena
2903 2304 2960 2349 et
3014 2296 3301 2359 mortalia,
3335 2303 3390 2347 et

1815 2391 2092 2444 inferioris
2123 2398 2329 2442 natura
2357 2403 2478 2458 qum
2509 2384 2896 2456 corrumpendi
2938 2384 3045 2438 vim
3093 2384 3289 2450 habet,
3331 2399 3394 2437 ac

1816 2490 2029 2534 terrena
2061 2491 2162 2540 est.
2195 2482 2472 2550 particula:
2495 2479 2761 2548 quaedam.
2801 2476 2933 2542 Quae
2953 2484 3132 2530 autem
3167 2476 3233 2528 ad
3269 2490 3395 2544 pro-

1815 2573 2047 2644 positam
2072 2589 2100 2626 a
2133 2573 2292 2626 nobis
2326 2572 2644 2639 theologiam
2680 2569 2970 2638 pertinent,
3009 2580 3132 2620 eum
3177 2579 3393 2618 omnem

1817 2665 2048 2733 exempli
2113 2665 2574 2733 comparationem
2627 2669 2988 2728 exsuperent,
3058 2658 3195 2712 nihil
3250 2658 3391 2718 tale,

1821 2755 1980 2824 quale
2007 2771 2069 2808 ex
2107 2754 2428 2822 corporibus
2466 2759 2668 2814 manat,
2700 2768 2810 2821 prae
2843 2766 2900 2805 se
2929 2751 3142 2816 ferunt;
3176 2747 3273 2802 sed
3300 2763 3391 2802 co-

151 2846 373 2912 gilationi
435 2849 816 2903 solertissime
863 2849 1202 2913 intuendum,
1271 2847 1426 2917 quasi
1465 2848 1518 2901 in
1561 2849 1779 2918 speculo
1813 2852 2073 2917 praebent,
2116 2847 2419 2916 docentque
2452 2861 2572 2900 esse
2622 2845 2858 2908 Filium,
2900 2846 2989 2914 qui
3039 2844 3255 2912 genitus
3289 2842 3392 2902 sit.

154 2954 244 2991 non
276 2941 426 2993 illum
481 2941 744 3010 quidem,
780 2942 870 3010 qui
915 2943 1080 2995 certis
1138 2940 1474 3009 temporibus
1535 2956 1641 2992 non
1674 2939 1856 3004 fuerit,
1886 2941 2159 3009 posterius
2191 2947 2369 2993 autem
2421 2938 2493 2991 sit
2524 2946 2701 3002 natus,
2725 2937 2816 2992 sed
2865 2937 2956 3006 qui
3005 2936 3076 2990 sit
3107 2943 3232 2990 ante
3259 2943 3395 2989 tem-

155 3046 263 3098 pora
288 3041 521 3095 :eterna,
580 3041 742 3101 atque
786 3039 1033 3097 anteeat,
1064 3039 1116 3084 et
1154 3040 1410 3100 tanquam
1449 3027 1618 3085 Filius
1645 3045 1749 3084 una
1790 3046 1911 3084 cum
1961 3029 2120 3084 Patre
2163 3045 2377 3098 semper
2425 3029 2620 3098 degat;
2669 3042 2844 3100 neque
2874 3044 3001 3082 vero
3059 3027 3149 3096 qui
3176 3042 3286 3081 non
3326 3025 3394 3080 sit

156 3125 366 3194 genitus,
399 3127 499 3180 sed
528 3141 593 3180 ex
632 3124 792 3180 Patre
830 3143 938 3179 non
989 3125 1188 3194 genito,
1226 3124 1479 3194 genitus:
1507 3126 1596 3193 qui
1651 3125 1844 3179 unicus
1895 3125 1986 3186 sit,
2031 3125 2122 3193 qui
2158 3121 2418 3185 Verbum,
2473 3125 2563 3192 qui
2610 3121 2752 3176 Deus
2795 3121 2860 3175 de
2906 3121 3034 3188 Deo,
3062 3137 3169 3176 non
3197 3120 3397 3175 direm-

157 3219 317 3286 ptione
375 3221 605 3288 aliqua,
648 3228 740 3272 aut
788 3221 1050 3282 sectione,
1099 3227 1192 3272 aut
1243 3219 1511 3273 divisione
1553 3220 1620 3274 de
1675 3220 1980 3275 substantia
2011 3219 2189 3274 Patris
2241 3218 2558 3288 productus,
2593 3219 2688 3272 sed
2739 3218 2830 3286 qui
2861 3218 2928 3274 de
2963 3216 3141 3272 Patris
3167 3217 3396 3272 consilio

158 3322 209 3360 ac
233 3310 448 3375 virtute,
476 3326 696 3364 onmem
726 3312 1107 3374 elocutionem,
1159 3327 1483 3381 omnemque
1532 3314 1913 3383 Cogitationem
1950 3323 2243 3384 superante
2289 3312 2358 3365 ab
2385 3327 2520 3374 aevo,
2575 3325 2639 3364 ac
2665 3312 2846 3381 potius
2875 3318 3000 3364 ante
3028 3327 3189 3365 omne
3221 3325 3394 3364 aevum

159 3403 426 3456 essentiam
479 3405 553 3458 sit
592 3413 815 3468 nactus,
853 3405 1011 3457 modo
1061 3405 1335 3474 quodam,
1393 3407 1483 3474 qui
1532 3423 1706 3476 neque
1745 3409 1926 3463 verbis
1982 3405 2391 3476 comprehendi,
2452 3420 2628 3474 neque
2670 3406 2884 3459 ratione
2941 3405 3120 3474 colligi
3168 3419 3198 3456 a
3238 3404 3396 3457 nobis

161 3497 326 3561 possit.
393 3497 450 3551 Si
490 3499 708 3567 quidem
743 3517 760 3549 ι
800 3499 1202 3568 generationem
1251 3499 1391 3567 ejus,
1428 3502 1624 3572 inquit,
1664 3505 1786 3574 quis
1824 3504 2100 3557 enarrabit
2123 3503 2206 3555 "?
2243 3521 2261 3554 ι
2300 3509 2354 3555 et
2389 3499 2841 3571 quemadmodum
2866 3517 2884 3550 ι
2915 3514 3075 3554 nemo
3108 3499 3257 3553 novit
3288 3495 3387 3551 Pa-

161 3592 276 3640 trem
307 3591 410 3645 nisi
445 3589 644 3656 Filius,
676 3592 754 3646 sic
789 3591 982 3645 Filium
1012 3608 1226 3664 quoque
1250 3611 1407 3650 nemo
1431 3597 1578 3649 novit
1605 3597 1711 3650 nisi
1748 3613 1911 3661 unus,
1949 3595 2040 3666 qui
2065 3595 2253 3667 genuit
2286 3593 2462 3647 illum.
2493 3592 2653 3646 Pater
2677 3593 2741 3645 θ’.
2787 3611 2806 3642 ι

898 3733 970 3788 Δ’.

174 3841 256 3908 Ὠς
275 3846 571 3924 ρναῃιαία
596 3845 671 3924 τῇ
684 3845 802 3924 τῷν
811 3849 970 3924 ῥ’λων
984 3850 1282 3924 quoniam
1295 3853 1342 3924 ἡ
1360 3852 1718 3924 τοῦγμονογε-
1759 3878 1763 3882 ·

220 3916 349 3982 νοῦς
383 3918 527 3971 Υἱοῦ
556 3918 663 3971 τοῦ
698 3918 845 3972 Θεοῦ
878 3921 1245 3988 προῦπαρξις
1272 3916 1639 3978 ἀποδίδοται.

224 4051 354 4124 Πλὴν
380 4055 501 4108 ἀλλ’
527 4055 623 4107 ἕνα
654 4055 933 4125 Μονογενῆ
971 4056 1064 4110 καὶ
1090 4058 1369 4128 ἀγαπητὸν
1395 4059 1520 4114 Υἱὸν
1545 4059 1715 4114 ἐδόκει

171 4143 234 4213 τῷ
261 4147 554 4217 παναγάθῳ
583 4148 761 4218 Πατρὶ
797 4148 898 4218 τῆς
926 4149 1033 4200 τῶν
1067 4150 1308 4220 γενητῶν
1342 4152 1595 4206 ἁπάντων
1625 4153 1718 4225 δη·-

175 4239 432 4308 μιουργίας
464 4239 904 4308 προϋφίστασθαι
929 4239 1039 4292 δεῖν
1059 4257 1072 4270 ο
1104 4241 1223 4293 ἐπεὶ
1256 4242 1349 4295 καὶ
1373 4243 1574 4314 κόσμον
1598 4245 1712 4310 ἕνα,

174 4324 330 4400 ὥσπερ
363 4330 419 4386 ἓν
456 4331 551 4383 καὶ
583 4329 725 4399 μέγα
752 4329 912 4399 σῶμα
941 4332 1005 4382 ἐκ
1038 4330 1297 4384 πλειόνων
1324 4334 1418 4385 καὶ
1447 4333 1716 4406 διαφόρων

177 4419 322 4486 μελῶν
367 4441 426 4476 τε
473 4423 568 4476 καὶ
615 4421 830 4494 μερῶν,
865 4421 1094 4492 ἦμελλεν
1126 4423 1247 4476 ὅσον
1293 4424 1410 4476 οὐδέ
1456 4444 1541 4478 πω
1584 4442 1716 4498 προ-

176 4506 453 4577 ϐάλλεσθαι,
477 4514 578 4565 οὐκ
611 4513 920 4565 ἐπιστατεῖν
953 4513 1052 4582 μὲν
1079 4512 1247 4583 αὐτὴν
1276 4513 1499 4580 ἄνωθεν,
1527 4516 1716 4587 ὥσπερ

179 4600 388 4669 μείζονος
421 4604 668 4673 κεφαλῆς
693 4605 791 4673 τῆς
823 4604 917 4657 τοῦ
945 4605 1159 4676 Πατρὸς
1191 4604 1441 4678 θεότητος
1472 4608 1714 4679 ἐξημμέ-

177 4708 253 4761 νην
279 4696 500 4768 (κεφαλὴ
551 4699 661 4769 γὰρ
706 4697 797 4750 τοῦ
824 4697 1060 4768 Χριστοῦ
1089 4701 1117 4752 ό
1145 4699 1374 4770 Πατήρ),
1410 4701 1716 4771 ἡγουμένην

176 4782 218 4835 δὲ
257 4791 340 4842 καὶ
379 4789 843 4860 προῦπὰρχουσαν
887 4790 994 4842 τῶν
1028 4789 1165 4860 μετὰ
1190 4790 1392 4860 ταύτην
1423 4791 1676 4844 ἁπάντων
1699 4831 1712 4855 ,

177 4875 224 4925 0‘3
253 4878 344 4948 μὴν
386 4881 522 4934 ἀλλὰ
557 4883 650 4933 καὶ
679 4881 1007 4952 διαρκοῦσαν
1047 4881 1123 4943 ei;
1157 4898 1214 4934 τε
1245 4880 1342 4952 τὴν
1377 4882 1467 4935 τοῦ
1503 4883 1715 4954 Πατρὸς

179 4969 485 5030 ἐπικέλενσιν
509 4977 604 5029 καὶ
628 4977 707 5039 εἰς
731 4977 828 5047 τὴν
852 4975 959 5028 τῶν
989 4975 1124 5046 μετὰ
1145 4975 1315 5029 ταῦτα
1335 4977 1709 5050 δημιουργίαν.

180 5060 250 5113 Διὸ
274 5064 330 5137 δὴ
362 5070 454 5122 καὶ
501 5068 711 5139 ἔφαμεν
760 5068 922 5121 αὐτὸν
975 5067 1188 5138 πρῶτον
1223 5070 1437 5123 πάντων
1471 5071 1575 5124 ὑπὸ
1619 5072 1710 5124 τοῦ
1753 5104 1791 5158 D

182 5148 357 5224 Πατρός
387 5154 498 5213 οἷόν
546 5176 598 5211 τι
635 5159 904 5228 μονοειδὲς
944 5158 1124 5227 πάσης
1167 5158 1352 5220 οὐσίας
1379 5157 1470 5210 καὶ
1500 5160 1712 5226 φύσεως

179 5246 544 5320 προδεϐλῆσθαι
566 5250 794 5320 ὄργανον
822 5249 1060 5319 ἔμψυχον
1087 5251 1179 5302 καὶ
1205 5250 1330 5313 ζῶν,
1353 5248 1547 5318 μᾶλλον
1570 5249 1616 5300 δ’
1637 5247 1716 5300 ἐν⁸

183 5335 274 5394 θεον
298 5345 383 5396 καὶ
409 5344 668 5408 ζωοποιὸν
697 5343 789 5396 καὶ
819 5344 1110 5412 πάνσοφον,
1135 5341 1354 5410 ἀγαθῶν
1375 5341 1708 5410 γεννητικὸν,

183 5433 322 5498 φωτὸς
348 5436 601 5508 χορηγὸν,
633 5433 862 5506 οὐρανοῦ
885 5433 1294 5505 δημιουργικὸν,
1319 5433 1524 5503 κόσμου
1549 5449 1712 5485 κατα-

186 5530 516 5591 σκευαστικὸν,
547 5528 796 5596 ἀγγέλων
827 5527 1128 5598 ποιητικὸν,
1161 5527 1486 5596 πνευμάτων
1516 5526 1712 5596 ἀρχον-

184 5617 316 5683 τικὸν,
336 5623 560 5693 Εργανον
585 5621 772 5692 ψυχῶν
800 5624 1080 5692 σωτήριον,
1113 5619 1377 5688 σωμάτων
1399 5617 1709 5688 αὐξητικὸν,

187 5707 359 5765 πάντων
398 5712 781 5784 προνοητικὸν,
827 5709 1216 5782 κυϐερνητικὸν
1237 5750 1250 5773 ,
1284 5709 1714 5781 θεραπευτικὸν·

243 5865 273 5895 ⁹¹
301 5867 402 5926 lsa.
462 5888 582 5936 LIII,
628 5871 680 5925 8.
759 5871 803 5901 "
841 5867 1032 5922 Matth.
1067 5882 1143 5926 ιι,
1173 5865 1264 5921 27.

2525 3732 2615 3788 IV.

1819 3852 1972 3920 Quod
2023 3851 2092 3905 ad
2141 3850 2567 3905 constitutionem
2601 3845 2832 3920 universi
2848 3884 2874 3920 ..
2901 3842 3195 3895 necessaria
3252 3842 3394 3896 unici

2119 3921 2214 3976 Dei
2245 3920 2374 3974 Filii
2409 3919 2730 3982 antecessio,
2765 3914 3079 3984 assignetur.

1894 4055 2274 4110 Verumtamen
2312 4054 2550 4122 Optimus
2578 4050 2740 4105 Pater
2776 4064 2942 4104 unum
2969 4046 3235 4118 judicavit
3259 4044 3391 4101 Uni-

1816 4151 2054 4220 genitum
2101 4164 2165 4202 ac
2207 4148 2461 4203 dilectum
2498 4146 2723 4208 Filium,
2770 4143 3013 4198 ornnium
3057 4157 3239 4196 rerum
3273 4153 3395 4210 quae

1817 4241 2064 4295 creandas
2088 4249 2290 4301 essent,
2309 4238 2524 4309 opiﬁcio
2547 4237 2747 4308 praeﬁci
2774 4243 3045 4305 Oportere,
3076 4234 3278 4304 quippe
3298 4231 3391 4300 qui

1820 4348 1986 4386 unum
2019 4347 2236 4405 quoque
2259 4331 2543 4391 mundum,
2579 4330 2734 4400 quasi
2767 4343 2934 4382 unum
2974 4328 3246 4396 quoddam
3306 4335 3391 4379 at-

1818 4443 1923 4496 que
1952 4431 2146 4495 ingens
2175 4441 2396 4494 corpus,
2426 4439 2490 4478 ex
2522 4423 2768 4493 pluribus
2822 4421 3169 4490 diversisque
3219 4435 3392 4474 mein-

1817 4523 1931 4577 bris
1963 4535 2027 4574 ae
2057 4520 2322 4591 partibus,
2344 4518 2568 4588 jamjam
2600 4523 2744 4572 esset
2783 4514 3169 4585 producturus,
3200 4520 3393 4581 caput—

1817 4629 1922 4686 que
1951 4615 2056 4668 hoc
2081 4629 2188 4667 non
2226 4627 2461 4683 praeesse
2511 4611 2688 4680 ipsum
2732 4607 2973 4680 quidem,
2998 4606 3066 4663 de
3120 4605 3388 4674 superiori

1817 4711 2021 4780 aliquo,
2051 4718 2306 4778 tanquam
2343 4707 2409 4761 de
2432 4707 2601 4761 altero
2630 4704 2824 4774 majori
2865 4704 3069 4773 capite,
3105 4699 3389 4754 divinitate

1815 4803 1933 4873 ipsa
1955 4802 2132 4856 Patris
2172 4815 2498 4870 suspensum
2540 4797 2724 4867 (caput
2751 4797 2894 4850 enim
2934 4795 3136 4850 Christi
3183 4792 3385 4859 Pater),

1817 4895 1912 4950 sed
1938 4894 2079 4964 quod
2107 4893 2356 4954 anteiret,
2378 4900 2610 4959 auteque
2643 4890 2823 4942 omnia
2850 4895 2973 4958 post
3008 4887 3184 4957 ipsum
3209 4885 3387 4956 genita

1816 4991 1962 5038 esset
1989 5000 2002 5035 :
2034 4989 2270 5035 attamen
2297 4980 2438 5035 idem
2469 4987 2666 5049 praesto
2695 4987 2840 5034 esset
2871 4986 2985 5031 tum
3011 4979 3079 5030 ad
3104 4975 3388 5045 imperium

1816 5073 2017 5135 Patris,
2049 5082 2164 5125 tum
2206 5072 2272 5125 ad
2331 5070 2608 5141 opificium
2643 5085 2834 5125 earnm
2869 5084 3051 5122 rerum
3081 5082 3200 5137 qua:
3240 5072 3390 5135 post-

1819 5166 1921 5219 hac
1943 5163 2203 5218 l'aciend:e
2229 5169 2404 5216 erant.
2433 5160 2613 5227 Quare
2655 5161 2767 5229 jam
2799 5158 3055 5221 diximus,
3089 5159 3238 5212 illum
3271 5170 3390 5210 om-

1819 5257 1972 5312 nium
2008 5252 2244 5324 primum
2289 5269 2318 5307 a
2366 5253 2556 5315 Patre,
2603 5250 2760 5321 quasi
2789 5250 3061 5320 quoddam
3115 5248 3388 5318 singulare

1821 5349 2240 5403 instrumentum
2268 5346 2448 5400 omnis
2473 5341 2727 5398 essentia!
2755 5351 2809 5394 et
2831 5349 3040 5394 natura'
3063 5337 3387 5408 productum

1821 5453 1942 5494 esse
1971 5458 1984 5490 :
2017 5436 2462 5497 instrumentum,
2498 5435 2742 5503 inquam,
2765 5431 3062 5483 animatum
3097 5440 3150 5485 et
3178 5431 3387 5493 vivens,

1820 5546 1882 5584 ac
1905 5529 2084 5599 potius
2103 5527 2369 5588 divinum,
2403 5525 2733 5593 vitalemque
2755 5523 2860 5577 vim
2893 5523 2944 5577 in
2976 5539 3036 5578 se
3075 5521 3302 5585 habens,
3333 5525 3391 5574 et

1819 5615 2319 5686 sapientissimum;
2353 5615 2511 5685 150
2537 5613 2682 5684 quod
2716 5614 2854 5668 bona
2884 5612 3064 5668 omnia
3100 5612 3388 5684 gigneret,

1814 5709 1960 5779 quod
1993 5708 2172 5764 lumen
2206 5708 2486 5777 praaberet,
2515 5705 2658 5777 quod
2690 5706 2887 5762 caelum
2917 5706 3219 5772 moliretur,
3235 5700 3390 5776 quod
