3954 6536
609 428 716 485 259
1267 430 1535 488 EUSEBII
1573 429 2051 487 CAESARIENSIS
2075 429 2226 485 OPP.
2266 429 2447 486 PARS
2479 431 2543 485 ll.
2582 462 2655 474 —
2690 430 3192 488 APOLOGETICA.
3744 434 3825 490 260

607 550 870 606 mundum
894 556 1259 619 construeret,
1289 551 1433 621 quod
1477 551 1700 622 angelos
1740 550 2003 617 efficeret,
2036 565 2140 621 quo

2238 568 2254 619 ι
2287 550 2581 621 βασιλικὸν,
2606 552 2870 623 κριτικὸν,
2888 552 3101 624 Πατρός
3131 550 3425 615 εὐσεϐείας
3445 550 3821 619 ἀπαγγελτικόν.

606 642 893 713 spiritibus
938 642 1273 713 imperaret:
1306 642 1733 697 instrumentum
1780 639 1928 711 quod
1976 641 2186 694 animas

603 745 986 802 conservaret,
1043 737 1190 807 quod
1221 752 1453 807 corpora
1500 744 1758 807 augeret,
1814 734 1958 807 quod
2026 734 2207 789 omnia
2247 735 2591 806 provideret,
2625 736 2977 807 gubernaret,
3043 742 3288 797 curaret,
3323 732 3474 803 quod
3504 732 3610 787 vim
3639 732 3825 791 haberet

600 828 883 902 regnandi,
912 830 1057 899 quod
1106 830 1425 901 judicandi,
1457 831 1603 901 quod
1651 829 1831 885 Patris
1868 829 2076 884 cultum
2123 835 2179 883 et
2217 830 2575 915 reverentiam
2611 829 2990 886 denuntiandi.

1353 944 1420 999 V.
3036 948 3113 1001 E'.

2276 1058 2377 1150 Εἰ,
2405 1059 2497 1150 295
2532 1061 2751 1150 evpéac
2787 1061 2905 1130 μέν
2949 1061 3374 1150 semermis"
3425 1061 3577 1150 sits!

2342 1130 2505 1201 θείας
2534 1130 2816 1201 δυνάμεις
2840 1173 2855 1197 ,
2882 1130 3080 1201 μόνην
3102 1130 3171 1185 δὲ
3203 1130 3324 1199 τὴν
3357 1131 3469 1186 τοῦ
3509 1132 3658 1191 Υἱοῦ,
3677 1131 3742 1184 δι’
3762 1131 3823 1197 ἢν

2345 1199 2624 1270 ἐπάγεται
2639 1199 2843 1255 εἰκόνα
2866 1199 2972 1256 τοῦ
2987 1202 3133 1256 Θεοῦ
3150 1202 3417 1270 Πατρός,
3438 1201 3819 1272 θεολογοῦμεγ.

598 1054 753 1129 Quod
777 1056 1185 1112 innumerabiles
1214 1058 1422 1129 quidem
1449 1060 1680 1129 fatemur
1705 1077 1819 1116 esse
1859 1070 2065 1115 creatas
2089 1060 2173 1114 di-

664 1127 811 1181 vinas
839 1138 1144 1196 potestates,
1166 1127 1332 1199 uitam
1366 1127 1481 1183 vero
1508 1130 1773 1185 duntaxat
1807 1132 1971 1199 ipsius
1999 1130 2165 1194 Filii,

660 1207 1051 1271 prapterrquam
1079 1198 1372 1259 inducitur.
1400 1202 1684 1271 imaginem
1709 1202 1804 1256 Dei
1836 1202 2020 1256 Patris
2034 1219 2168 1268 esse,

664 1266 944 1339 tlteologice
971 1270 1416 1325 demonstramizs.

660 1378 842 1446 Quare
864 1380 917 1435 in
941 1382 1257 1437 universum
1290 1397 1455 1452 supra
1487 1397 1648 1438 omne
1678 1383 1976 1455 Opificium,
2002 1400 2140 1439 unan

2344 1378 2435 1431 Διὸ
2470 1377 2564 1432 καὶ
2589 1378 2682 1433 ἐπὶ
2712 1379 2927 1432 πάντων
2952 1379 3179 1434 καθόλου
3221 1381 3337 1434 τῶν
3360 1381 3661 1453 δημιουργη
3670 1381 3819 1452 μάτων

590 1487 731 1542 opus
760 1480 846 1529 est
877 1472 1115 1529 divinam
1156 1482 1482 1545 potestatem
1513 1475 1811 1543 admirari,
1844 1493 1952 1532 non
1983 1478 2137 1548 plure

2276 1471 2405 1541 μίαν
2445 1469 2619 1542 χρεὼν
2663 1471 2811 1524 θείαν
2854 1473 3082 1546 δύναμιν
3128 1473 3587 1543 ἀποθαυμάζειν,
3632 1472 3733 1526 ἀλλ’
3773 1474 3819 1525 οὐ

587 1566 941 1622 existimare:
979 1582 1088 1621 una
1132 1568 1277 1622 enim
1307 1567 1530 1622 omnino
1558 1568 1748 1639 mundi
1785 1569 2027 1624 effectrix
2058 1584 2129 1640 po

2273 1562 2470 1626 πολλὰς
2493 1563 2738 1632 ἡγεῖσθαι
2760 1580 2774 1593 ο
2810 1564 2910 1635 μία
2942 1566 3049 1637 γὰρ
3078 1568 3111 1637 ἡ
3140 1565 3379 1620 καθόλου
3407 1564 3724 1636 κοσμοποιὸς
3746 1563 3817 1616 δύ*

585 1665 782 1722 testas,
845 1667 900 1715 et
955 1674 1125 1713 unum
1178 1660 1554 1716 universitatis
1611 1660 1794 1731 opifex
1821 1660 2057 1717 Verbum
2110 1665 2140 1716 ἰ]

2270 1673 2451 1726 ναμις,
2477 1656 2569 1709 καὶ
2596 1651 2675 1719 εἷς
2701 1659 2729 1709 ὁ
2754 1656 2861 1711 τῶν
2883 1657 3019 1711 ὅλων
3046 1657 3385 1730 δημιουργὸς
3416 1657 3589 1726 Λόγος
3622 1659 3676 1709 ὲν
3703 1657 3815 1726 ἀρχῇ

583 1749 856 1818 principio
906 1749 1048 1820 apud
1083 1750 1277 1807 Deum.
1339 1751 1663 1822 Siquidem:
1714 1770 1733 1802 ι
1781 1751 1841 1806 In
1892 1753 2140 1824 principii

2270 1745 2406 1815 πρὸς
2442 1746 2533 1797 τὸν
2578 1745 2728 1799 Θεόν.
2776 1765 2795 1797 ι
2829 1749 2951 1800 ’Ότι
2998 1748 3056 1801 ἐν
3095 1750 3239 1819 ἀρχῇ
3291 1742 3363 1817 ἦν
3396 1749 3427 1801 ό
3469 1748 3669 1815 Λόγος,
3698 1747 3817 1800 καὶὸ

581 1850 700 1895 erat
726 1840 997 1908 Verbum,
1043 1851 1096 1898 et
1128 1842 1366 1899 Verbum
1400 1852 1519 1900 erat
1545 1844 1688 1915 apud
1716 1843 1906 1910 Deum,
1931 1854 1985 1902 et
2020 1846 2140 1902 Deu:

2270 1833 2441 1902 Λόγος
2477 1831 2544 1906 ἦν
2581 1837 2715 1908 πρὸς
2744 1837 2833 1891 τὸν
2861 1838 3027 1901 Θεὸν,
3055 1840 3148 1909 καὶ
3175 1839 3315 1903 Θεὸς
3352 1835 3422 1911 ἦν
3451 1841 3480 1893 ὁ
3505 1838 3698 1908 Λόγος·
3727 1857 3743 1887 ι
3770 1836 3814 1888 ὃν

578 1941 700 1987 erat
733 1932 974 1990 Verbum
1017 1936 1097 2002 9';
1136 1955 1154 1988 ι
1194 1938 1339 2006 quod
1383 1897 1607 2007 quidem
1661 1946 1875 2009 oportet
1923 1954 1981 1994 re
2029 1955 2140 1993 ver:

2263 1926 2341 1979 δεῖ
2359 1897 2587 1999 ’ἀληθῶς
2612 1897 2945 2001 μὴνάγνοείν,
2978 1897 3155 1985 σέϐειν
3184 1932 3245 1986 δὲ
3275 1897 3569 2004 καὶιτιμᾷν
3590 1897 3811 1994 έπαξίως·

578 2039 691 2078 non
726 2024 978 2095 ignorare
999 2068 1014 2092 ,
1048 2028 1231 2083 colere
1257 2035 1439 2084 autem
1470 2036 1525 2082 et
1547 2029 1754 2084 honore
1786 2031 2041 2101 prosequi
2060 2046 2140 2100 ρι’(

2260 2016 2340 2069 ὃτι
2371 2017 2433 2089 δὴ
2468 2019 2646 2072 πάντα
2677 2021 2743 2073 δι’
2777 2022 2942 2076 αὑτοῦ
2972 2024 3031 2077 ού
3063 2024 3223 2094 μόνον
3254 2026 3314 2078 ὲν
3344 2024 3546 2094 ἀρχαῖς
3571 2021 3673 2075 τῶν
3698 2019 3811 2074 ὅλων

576 2116 844 2187 dignitate
879 2137 895 2174 :
949 2120 1392 2191 quandoquidem
1445 2121 1630 2176 omnia
1690 2137 1788 2191 per
1832 2122 2006 2187 illud,
2046 2138 2157 2179 non

575 2208 740 2264 modo
791 2209 861 2264 ab
910 2210 1068 2266 initio
1095 2228 1276 2267 rerum
1313 2214 1557 2268 omnium
1608 2215 1907 2279 exstitere,
1967 2231 2154 2270 verum

573 2301 738 2356 etiam
761 2301 817 2357 in
843 2310 1162 2373 perpetuum
1195 2321 1413 2376 semper
1463 2316 1518 2362 et
1548 2305 1690 2361 facta
1722 2314 1873 2374 sunt,
1899 2314 1952 2363 et
1983 2306 2155 2363 fiunt:

579 2410 601 2443 ι
634 2402 690 2448 et
726 2394 846 2451 sine
873 2396 965 2451 illo
1008 2396 1210 2451 factum
1238 2404 1323 2454 est
1367 2399 1503 2453 nihil
1535 2399 1604 2452 ⁸⁸.
1646 2418 1665 2452 ›
1700 2398 1826 2455 Sive
1857 2401 2003 2455 enim
2045 2402 2156 2457 vita

572 2484 819 2553 quaedam
854 2493 940 2542 est
992 2488 1047 2541 in
1086 2488 1156 2544 iis
1179 2504 1300 2559 qua:
1330 2495 1501 2545 sunt:
1534 2491 1681 2562 quod
1730 2490 1934 2547 factum
1966 2500 2069 2557 est,
2100 2494 2152 2549 in

571 2576 667 2631 illo
694 2578 804 2631 vita
836 2586 974 2633 erat.
1027 2578 1105 2633 Ex
1141 2580 1236 2634 illo
1265 2581 1412 2635 enim
1444 2596 1508 2636 ac
1539 2597 1638 2652 per
1670 2581 1804 2636 illud
1825 2623 1840 2649 ,
1897 2584 2155 2640 universa

570 2674 624 2722 et
658 2668 826 2723 vitam
847 2680 900 2723 et
928 2671 1166 2727 animam
1205 2674 1500 2743 accipiunt.
1553 2673 1680 2731 Sive
1711 2692 1994 2743 numerus,
2037 2677 2154 2734 sive

570 2757 942 2827 pulchritudo,
970 2761 1084 2815 sive
1106 2765 1507 2829 convenientia,
1530 2764 1645 2820 sive
1675 2766 1830 2833 ordo,
1864 2768 1979 2823 sive
2015 2775 2155 2823 tem-

568 2859 847 2917 peratura,
882 2852 997 2908 sive
1019 2854 1290 2920 essentia,
1324 2856 1441 2911 sive
1471 2858 1739 2927 qualitas,
1779 2857 1894 2914 sive
1943 2861 2179 2936 magni-3

567 2940 698 2995 tudo
729 2958 745 2997 :
776 2952 977 2998 cuncta
1020 2961 1187 2999 unum
1224 2961 1408 3001 rerum
1471 2951 1715 3004 omnium
1761 2951 2030 3019 continet,
2085 2966 2150 3007 ac

566 3030 811 3103 disponit
846 3033 1108 3101 Verbum,
1140 3044 1194 3093 et
1216 3052 1324 3092 una
1349 3036 1446 3094 Dei
1472 3040 1664 3095 mundi
1692 3041 1934 3097 effectrix
1951 3044 2147 3112 virtus,

566 3124 820 3180 omnibus
844 3133 1061 3196 praeest.
1112 3125 1267 3181 Sicut
1294 3129 1441 3183 enim
1467 3129 1523 3183 in
1549 3138 1740 3187 nostro
1764 3146 1995 3203 corpore
2026 3134 2151 3203 plu-

2262 2108 2512 2181 συνέστη,
2543 2110 2679 2164 ἀλλά
2707 2113 2801 2166 καὶ
2828 2112 3001 2166 εἰσαεὶ
3032 2113 3223 2183 γέγονέ
3242 2132 3305 2168 τε
3324 2115 3422 2169 καὶ
3453 2114 3677 2183 γίνεται,
3703 2130 3719 2162 ι
3737 2111 3811 2165 καὶ

2258 2200 2425 2272 χωρὶς
2451 2201 2614 2255 αὐτοῦ
2642 2204 2857 2272 ἐγένετο
2880 2206 3002 2259 οὐδὲ
3028 2206 3103 2259 ἓν.
3131 2225 3148 2257 ι
3183 2206 3312 2259 Εἴτε
3329 2206 3440 2278 γὰρ
3461 2206 3572 2277 ζωή
3588 2222 3666 2269 τις
3692 2203 3808 2257 ἔστιν

2258 2295 2317 2346 ὲν
2340 2296 2452 2357 τοῖς
2478 2290 2629 2348 οὖσιν
2648 2335 2664 2360 ,
2697 2296 2726 2350 ὃ
2756 2298 2978 2367 γέγονεν
3011 2301 3068 2353 ὲν
3096 2300 3247 2372 αύτῷ
3281 2299 3400 2371 ζωὴ
3435 2296 3504 2372 ἧν
3527 2316 3542 2331 ’
3585 2298 3643 2363 ἐξ
3671 2295 3806 2351 αὐτοῦ

2256 2385 2365 2458 γὰρ
2393 2388 2484 2441 καὶ
2512 2387 2577 2442 δι’
2608 2389 2773 2443 αὐτοῦ
2815 2392 2847 2461 ἡ
2882 2390 2990 2444 τῶν
3021 2391 3158 2445 ὅλων
3192 2391 3411 2457 ζώωσίς
3437 2409 3498 2445 τε
3533 2390 3622 2444 καὶ
3651 2388 3805 2458 ψύχω-

2258 2495 2340 2543 σις
2359 2495 2373 2510 σ
2404 2480 2511 2533 εἴτε
2542 2479 2768 2551 ῥυθμὸς,
2796 2481 2905 2534 εἴτε
2951 2483 3165 2548 κάλλος,
3193 2485 3306 2538 εἴτε
3338 2483 3595 2556 ἁρμονία,
3621 2482 3717 2534 εἴτε
3735 2481 3806 2533 tci-

2255 2568 2338 2636 ξις
2359 2611 2374 2635 ,
2403 2570 2512 2623 εἴτε
2547 2571 2886 2645 σύγκρασις,
2935 2575 3045 2628 εἴτε
3070 2576 3230 2630 οὐσία
3255 2615 3269 2639 ,
3303 2575 3417 2629 εἴτε
3447 2574 3689 2643 ποιότης,
3717 2573 3802 2624 εἴτε

2257 2658 2502 2730 μέγεθος,
2531 2661 2708 2715 πάντα
2738 2660 2819 2727 εἷς
2846 2665 2874 2716 ό
2902 2664 3010 2718 τῶν
3030 2665 3164 2719 ὅλων
3191 2667 3411 2737 συνέχει
3436 2665 3528 2718 καὶ
3557 2662 3805 2732 διακοσμεῖ

2250 2752 2445 2820 Λόγος,
2473 2755 2567 2808 καὶ
2602 2755 2700 2828 μία
2728 2756 2866 2812 Θεοῦ
2899 2757 3127 2829 δύναμις
3156 2757 3493 2831 κοσμοποιὸς
3534 2758 3731 2829 ἡγεῖται
3753 2754 3803 2806 ἀ-

2252 2849 2488 2906 πάντων.
2530 2852 2619 2916 Ὢς
2644 2853 2753 2926 γάρ
2785 2856 2880 2909 ἐπὶ
2930 2854 3025 2909 τοῦ
3054 2856 3174 2910 καθ’
3200 2857 3357 2928 ἡμᾶς
3387 2852 3635 2926 σώματος
3660 2848 3800 2918 πολλῆ

2252 2941 2353 3012 μὲν
2381 2943 2637 3014 τυγχάνει
2666 2947 2761 2999 καὶ
2790 2947 3005 3020 ποικίλη
3039 2948 3147 3001 τῶν
3183 2948 3370 3021 μερῶν
3393 2950 3429 3020 ἡ
3458 2943 3700 3015 διαφορὰ,
3723 2940 3801 3013 μία

2247 3032 2305 3086 δὲ
2329 3035 2362 3104 ἡ
2389 3033 2483 3088 τοῦ
2514 3036 2713 3101 παντὸς
2751 3037 2980 3110 δύναμις
3024 3039 3361 3112 δημιουργὸς
3406 3039 3503 3112 (οὐ
3544 3037 3648 3108 γὰρ
3689 3031 3798 3103 ἄλλῃ

2250 3123 2352 3193 μὲν
2391 3124 2527 3179 Θεοῦ
2571 3126 2799 3200 δυνάμει
2843 3129 3083 3202 κεφαλῆς
3119 3131 3333 3203 ὑπέστη
3370 3129 3570 3201 φύσις,
3600 3126 3719 3196 ἄλλῃ
3753 3122 3799 3176 δὲ

564 3230 654 3273 res
683 3227 813 3274 sunt
839 3227 894 3274 et
920 3221 1086 3276 variae
1116 3222 1350 3293 partium
1384 3221 1737 3290 differentia},
1801 3240 1908 3280 una
1961 3233 2140 3280 autem

2248 3216 2576 3289 ὀφθαλμῶν,
2604 3220 2765 3294 ἑτέρᾳ
2798 3221 2853 3274 δὲ
2892 3221 3067 3291 ὢτων,
3112 3222 3280 3297 ἑτέρᾳ.
3321 3224 3377 3278 δὲ
3416 3221 3655 3292 ποδῶν),
3679 3218 3796 3273 οὕτω

564 3310 808 3366 universi
845 3311 1028 3383 opifex
1057 3314 1140 3371 vis
1170 3315 1301 3385 (non
1347 3317 1492 3371 enim
1525 3317 1633 3372 alia
1678 3316 1898 3388 quidem
1948 3315 2044 3372 Dei
2088 3316 2142 3372 vi

561 3403 759 3473 capitis
788 3406 999 3461 exstitit
1028 3415 1246 3475 natura,
1282 3410 1388 3464 alia
1419 3424 1550 3466 vero
1576 3410 1901 3476 oculorum,
1931 3417 1986 3466 et
2036 3410 2143 3466 alia

560 3498 800 3559 aurium.
824 3498 1024 3569 pedum
1050 3499 1178 3555 item
1207 3503 1360 3575 alia),
1381 3503 1457 3558 ita
1483 3518 1700 3574 quoque
1729 3518 1853 3559 cum
1884 3503 2141 3559 universo

559 3593 786 3657 mundo,
811 3607 918 3646 una
945 3593 1166 3651 omnino
1192 3595 1375 3651 divina
1392 3597 1568 3653 virtus
1593 3598 1797 3668 praesit,
1821 3596 2009 3653 eadem
2036 3597 2140 3653 erit

556 3688 612 3737 et
634 3684 781 3750 coeli,
808 3693 861 3740 et
889 3694 1190 3755 astrorum,
1211 3696 1266 3743 et
1304 3689 1622 3744 animalium
1648 3705 2011 3763 quacunque,
2044 3701 2138 3745 aut

557 3780 614 3832 in
643 3793 789 3843 aere,
823 3787 917 3833 aut
941 3780 1186 3848 interra,
1208 3788 1302 3836 aut
1326 3781 1383 3835 in
1410 3782 1548 3836 mari
1576 3782 1802 3853 degunt,
1830 3791 1884 3839 et
1907 3784 2138 3839 elemen-

554 3871 734 3919 torum
753 3874 863 3920 tam
880 3868 1123 3922 omnium
1136 3868 1487 3940 simul,quam
1504 3871 1844 3942 singulorum
1861 3882 2131 3929 seorSum:

558 3955 711 4027 151
736 3964 993 4027 prarterea
1028 3970 1345 4015 naturarum
1376 3963 1691 4019 omnimodo
1722 3965 1995 4019 variarum
2022 3972 2131 4019 tam

553 4064 676 4120 quae
719 4064 918 4120 genere
961 4051 1146 4122 aliquo
1187 4053 1558 4121 continentur,
1592 4070 1757 4125 quam
1798 4072 1920 4126 quae
1951 4059 2132 4128 specie

550 4142 984 4213 distinguuntur,
1015 4143 1219 4214 opifex.
1250 4143 1438 4216 Neque
1465 4162 1594 4202 vero
1633 4147 1739 4201 alia
1769 4156 1854 4205 est
1882 4150 2043 4220 ignis,
2077 4159 2131 4208 et

549 4237 657 4292 alia
705 4253 880 4309 aquae,
918 4245 1187 4309 terraique
1218 4254 1415 4295 rursus
1454 4239 1580 4304 alia,
1625 4247 1789 4311 atque
1821 4243 1965 4297 aeris
2001 4242 2128 4298 item

547 4330 655 4385 alia
692 4330 931 4387 effectrix
978 4334 1178 4398 virtus,
1216 4332 1313 4389 sed
1360 4347 1468 4387 una
1517 4341 1679 4403 atque
1722 4332 1911 4390 eadem
1946 4350 2128 4391 rerum

546 4421 929 4477 universarum
978 4420 1176 4476 artifex
1212 4421 1500 4492 sapientia,
1560 4421 1815 4492 quodque
1860 4421 2124 4477 mundum

544 4509 744 4576 effecit,
784 4512 891 4567 hoc
918 4514 1116 4582 ipsum,
1148 4513 1215 4568 de
1241 4528 1350 4583 quo
1378 4528 1480 4568 nos
1505 4520 1564 4567 ut
1594 4512 1663 4568 de
1694 4512 1802 4569 Deo
1827 4513 2120 4584 loquimur,

2246 3310 2339 3363 καὶ
2396 3310 2489 3364 τοῦ
2551 3310 2864 3383 σύμπαντος
2911 3314 3117 3385 κόσμου
3161 3314 3262 3386 μία
3311 3314 3540 3371 καθόλου
3582 3312 3690 3367 θεία
3723 3307 3795 3362 δύ-

2244 3419 2405 3474 ναμις
2444 3405 2808 3459 ὲπιστατοῦσα
2829 3448 2844 3474 ,
2879 3409 2912 3478 ἡ
2942 3407 3079 3479 αὑτὴ
3109 3408 3175 3462 ἂν
3203 3409 3291 3480 εἴη
3335 3411 3433 3463 καὶ
3464 3405 3685 3480 ούρανοῦ
3716 3401 3795 3456 καὶ

2243 3494 2487 3566 ἀστέρων
2506 3536 2521 3560 ,
2556 3497 2665 3551 τῶν
2691 3515 2751 3550 τε
2778 3499 2835 3551 ἐν
2859 3498 3004 3571 ἀέρι,
3032 3499 3127 3552 καὶ
3150 3502 3242 3570 γῇ,
3268 3500 3370 3553 καὶ¹
3391 3499 3626 3570 θαλάττῃ
3646 3493 3794 3560 ζώων,

2242 3589 2519 3658 στοιχείων
2566 3607 2627 3643 τε
2676 3591 2785 3645 τῶν
2833 3590 3059 3644 καθόλου
3106 3593 3202 3645 καὶ¹
3243 3592 3361 3646 τῶν
3413 3589 3554 3646 κατά
3614 3586 3794 3659 μέρος,

2240 3679 2334 3733 καὶ
2365 3680 2445 3733 ἔτι
2476 3680 2690 3750 φύσεων
2736 3682 3002 3736 παντοίων
3038 3684 3270 3753 γενικῶν
3309 3702 3369 3738 τε
3419 3684 3513 3738 καὶ
3558 3679 3665 3734 τῶν
3690 3674 3792 3730 κατ’

2237 3765 2375 3834 εἶδος
2403 3771 2733 3842 δημιουργός
2757 3789 2770 3803 ⁸
2808 3773 2903 3826 καὶ
2931 3773 3032 3827 οὐκ
3057 3772 3187 3845 ἄλλη
3223 3774 3327 3844 μὲν
3359 3773 3549 3845 πυρὸς,
3579 3768 3724 3838 ἑτέρα
3744 3762 3789 3816 δὲ

2238 3861 2429 3925 ὓδατος
2452 3881 2466 3893 ·
2511 3864 2605 3916 καὶ
2644 3864 2746 3935 γῆς
2793 3864 2955 3918 πάλιν
2998 3863 3131 3935 ἄλλη
3156 3905 3171 3929 ,
3215 3866 3313 3919 καί)⁸
3351 3866 3514 3937 ἀέρος
3560 3853 3789 3928 ποιητικὴ

2234 3953 2498 4025 δύναμις·
2547 3954 2683 4007 ἀλλὰ
2734 3955 2832 4026 μία
2873 3955 2967 4009 καὶ
3013 3958 3045 4027 ἡ
3083 3955 3221 4027 αὐτὴ
3252 3957 3365 4011 τῶν
3410 3956 3547 4009 ὅλων
3586 3949 3788 4021 τεχνῖτις

2236 4048 2420 4116 σοφία,
2450 4047 2546 4101 καλ⁸
2578 4049 2904 4119 κοσμοποιὺς
2933 4048 3097 4112 αὐτὸς
3123 4041 3278 4112 οὗτος
3312 4049 3446 4120 ἡμῖν
3474 4049 3503 4100 ό
3535 4035 3786 4108 θεολογοῦ-

2234 4154 2393 4208 μενος
2423 4137 2531 4191 τῶν
2563 4138 2701 4192 ὅλων
2728 4140 2756 4192 ὁ
2785 4138 3113 4211 δημιουργὸς
3137 4138 3230 4192 τοῦ
3264 4138 3403 4192 Θεοῦ
3442 4138 3626 4206 Λόγος.
3654 4130 3787 4195 Μαρ-

2229 4236 2384 4303 τυρεῖ
2409 4232 2465 4286 δὲ
2495 4231 2705 4295 τούτοις
2732 4233 2766 4303 ή
2802 4231 2939 4303 πρὸς
2964 4229 3167 4303 ἄλληλα
3197 4230 3307 4282 τῶν
3337 4228 3613 4299 στοιχείων
3635 4216 3781 4291 φιλίαν

2228 4329 2294 4398 τῇ
2346 4325 2455 4380 τῶν
2488 4324 2843 4397 συγκράσεων
2877 4323 3127 4395 ἐπιμιξίᾳ
3169 4324 3405 4394 συγγενῆ
3453 4319 3545 4375 καὶ
3575 4308 3782 4379 ἀδελφὴν

2229 4419 2322 4473 καὶ
2365 4419 2554 4491 ὥσπερ
2593 4418 2711 4482 ἐνὸς
2755 4416 3132 4490 ἀρχιτέκτονος
3172 4414 3333 4487 ἔργον
3370 4414 3470 4487 τὴν
3519 4408 3627 4464 τῶν
3665 4402 3781 4491 ὅλων

2227 4512 2386 4581 φύσιν
2408 4490 2804 4583 ἀπελέγχουσα.
2834 4510 2913 4580 Γῆ
2939 4526 2999 4562 τε
3033 4508 3139 4580 γὰρ
3171 4506 3232 4561 τὸ
3262 4507 3403 4580 βαρὺ
3438 4502 3686 4573 στοιχεῖον
3706 4490 3780 4562 ἐφ’

545 4602 790 4658 universi
830 4603 1014 4674 opifex
1052 4604 1150 4659 Dei
1196 4604 1457 4661 Verbum.
1491 4603 1679 4660 Fidem
1719 4604 1803 4661 his
1847 4604 1976 4660 facit
2013 4607 2122 4662 elc-

2238 4603 2438 4658 5δάτων
2484 4602 2754 4675 όχουμένη
2782 4642 2797 4664 ,
2824 4602 2919 4655 καὶ
2964 4600 3039 4673 μὴ
3098 4599 3403 4673 στερεμνίῳ
3446 4596 3544 4667 τῆς
3588 4589 3777 4661 φύσεως

546 4700 851 4748 mentorum
895 4694 1036 4749 inter
1069 4711 1128 4750 se
1155 4695 1419 4760 amicitia,
1450 4710 1572 4765 qua
1599 4710 1665 4749 ex
1691 4709 1757 4748 eo
1781 4696 1923 4765 quod
1954 4694 2120 4750 certis

2238 4696 2365 4751 ιατά
2407 4696 2601 4767 βάθους
2639 4695 2927 4766 ἑλκομένη,
2973 4692 3244 4766 μετέωρος
3288 4692 3334 4746 δ’
3373 4691 3462 4744 ἀεὶ
3503 4679 3770 4757 φερομένη,

543 4785 985 4854 temperamentis
1028 4786 1315 4841 commista
1349 4794 1496 4851 sunt,
1547 4792 1840 4857 cognatum
1883 4800 1948 4840 ac
1998 4802 2121 4858 ger-

543 4889 787 4940 manum,
818 4883 873 4931 et
901 4883 1161 4946 tanquam
1204 4878 1369 4933 unius
1410 4877 1696 4932 architecti
1740 4892 1901 4948 opus,
1931 4892 2117 4934 rerum

541 4975 793 5023 naturam
823 4969 1083 5025 ostendit.
1106 4967 1240 5024 Nam
1269 4977 1325 5024 et
1353 4978 1523 5036 terra,
1557 4985 1677 5040 quae
1708 4984 1872 5040 grave
1900 4978 1983 5027 est
2008 4972 2117 5027 ele-

539 5066 805 5122 mentum,
823 5074 946 5112 cum
963 5060 1122 5129 aquis
1154 5060 1383 5123 innatet,
1412 5075 1588 5129 neque
1615 5059 1888 5116 soliditate
1910 5070 2116 5116 natura:

538 5151 593 5206 iu
618 5151 945 5223 profundum
966 5153 1239 5218 trahatur,
1262 5152 1357 5208 sed
1380 5152 1585 5207 feratur
1606 5168 1819 5224 semper
1839 5153 2110 5217 sublimis,

535 5259 712 5316 neque
743 5246 1144 5317 submergatur,
1178 5244 1274 5301 Dei
1320 5243 1499 5301 Verbo
1542 5243 1747 5317 Deique
1782 5246 2013 5303 consilio
2043 5247 2110 5299 ti-

532 5335 657 5390 dem
687 5337 832 5393 facit.
858 5337 1105 5393 Humidae
1132 5338 1259 5393 item
1291 5345 1501 5392 natura;
1531 5352 1657 5392 cum
1686 5338 1839 5393 arida
1860 5353 2109 5393 commu-
2136 5364 2161 5407 ς,

532 5428 756 5495 nicatio,
786 5448 907 5501 qua:
934 5433 1069 5488 nihil
1108 5432 1474 5502 corruptionis
1501 5446 1612 5502 prae
1658 5447 1717 5487 se
1758 5430 1883 5496 fert,
1931 5446 2108 5500 neque

531 5523 823 5579 confertim
864 5526 1118 5583 universa
1151 5532 1451 5597 restagnat,
1482 5523 1577 5580 sed
1611 5522 1708 5580 Dei
1747 5531 1882 5578 nutu
1919 5523 2106 5577 occul—

2221 4791 2316 4843 καὶ
2341 4789 2414 4861 μὴ
2447 4788 2841 4859 καταδυομένη,
2875 4785 3010 4839 Θεοῦ
3044 4786 3201 4856 Λόγῳ
3228 4784 3324 4838 καὶ
3355 4780 3487 4837 Θεοῦ
3512 4776 3667 4849 βουλῇ
3693 4767 3772 4861 καί

2217 4859 2444 4953 δυνάμει
2502 4882 2788 4952 μαρτυρεῖ.
2842 4878 3044 4952 ’Υγρᾶς
3091 4894 3149 4931 τε
3197 4873 3265 4930 αὖ
3312 4873 3473 4928 πάλιν
3523 4867 3699 4928 οὐσίας
3740 4859 3767 4927 ἠ

2219 4973 2355 5043 πρὸς
2391 4973 2451 5025 τὸ
2500 4971 2661 5044 ξηρὸν
2704 4970 2955 5024 κοινωνία
3006 4969 3169 5040 μηδὲν
3221 4966 3447 5038 στερρὸν
3488 4958 3767 5015 ἐπιδεικνυ-

2219 5064 2376 5136 μένη,
2414 5064 2545 5134 μηδὲ
2590 5062 2800 5133 ἀθρόως
2829 5061 2890 5115 τὸ
2934 5062 3044 5114 πᾶν
3084 5057 3529 5128 ὲπιλιμνάζουσα,
3562 5047 3767 5136 νεύματι

2212 5132 2257 5209 θ’
2284 5132 2506 5227 ἀρρῆτῳ
2538 5132 2673 5208 Θεοῦ
2698 5154 3066 5225 πεπεδημένη,
3087 5152 3181 5205 ἕνα
3206 5150 3363 5205 πάλιν
3378 5148 3473 5202 καὶ¹
3501 5144 3590 5198 τὸν
3622 5132 3764 5236 adv-iw

2211 5250 2381 5318 Λόγον
2391 5247 2484 5302 τοῦ
2495 5246 2880 5318 Θεοῦπαρίστη
2889 5245 3029 5299 σι.Τί
3045 5244 3102 5298 δὲ
3113 5243 3173 5297 τὸ
3187 5243 3317 5315 πῦρ,
3332 5242 3505 5297 καίτοι
3520 5239 3763 5318 καυτικης

2211 5316 2308 5396 καί
2352 5341 2619 5423 φθαξχικῆς
2649 5316 2882 5408 φύσεως,
2916 5338 3103 5392 ἔπειτα
3136 5337 3310 5403 ξύλοις
3348 5327 3653 5407 ἐμφωλεῦον
3678 5316 3761 5423 καί

2211 5409 2495 5498 παντοίοις
2517 5432 2672 5498 ζώων
2712 5431 2956 5504 σώμασιν
2982 5429 3446 5503 ἀνακεκραμένον,
3475 5426 3543 5496 γῇ
3575 5436 3631 5473 τε
3678 5409 3759 5504 καί

2209 5526 2361 5581 ὕδατι
2387 5528 2480 5580 καὶ
2503 5527 2625 5598 ἀέρι
2660 5500 3219 5595 συνέστοιχειωμενον,
3255 5500 3486 5577 κᾶπειτα
3513 5514 3646 5581 λόγῳ
3674 5500 3756 5557 καὶ

532 5613 744 5671 tissimo
774 5617 1025 5688 colligata
1067 5624 1302 5683 tenetur,
1334 5632 1503 5671 unum
1531 5631 1725 5671 rursus
1762 5622 1925 5685 atque
1958 5612 2102 5686 idem

2238 5621 2394 5693 ιέτρῳ
2438 5622 2548 5683 τοῖς
2593 5621 2726 5673 πᾶσι
2771 5619 2831 5672 τὸ
2874 5618 3013 5682 δέον,
3052 5618 3175 5671 ὅσον
3213 5616 3279 5671 ἂν
3328 5613 3538 5681 ἑκάστῳ
3567 5603 3754 5700 γένοιξο

530 5702 625 5760 Dei
649 5704 883 5763 Verbum
911 5722 1035 5765 esse
1058 5709 1419 5765 demonstrat.
1443 5706 1585 5776 Quid
1606 5720 1771 5779 porro
1800 5704 1979 5778 ignis?
2005 5704 2099 5775 qui

2238 5713 2340 5785 πρὸς
2389 5711 2675 5782 ὡφελείας,
2720 5709 3104 5782 ὲπιχορηγοῦν,
3149 5709 3251 5779 τῆς
3294 5707 3338 5761 δ’
3380 5701 3577 5761 οἰκείας
3615 5693 3752 5745 6qu-

598 5869 646 5903 ’³
672 5865 827 5924 Joan.
859 5884 897 5934 ι,
930 5869 981 5924 1.
1058 5869 1104 5902 ’⁸
1130 5868 1263 5924 ibid.
1295 5870 1348 5925 5.
