3954 6504
1032 421 1688 483 DEMONSTRATIONIS
1719 421 2176 481 EVANGELICE
2217 424 2347 482 LIB.
2388 423 2481 481 IV.

3300 427 3408 486 56?.

142 561 272 621 μεως
310 542 774 616 ἐπιλελησμένον,
811 543 875 598 οὐ
917 542 1001 597 σοὶ
1028 544 1177 598 δοκεῖ
1207 543 1367 598 πάλιν
1394 542 1531 597 Θεοῦ
1576 541 1702 610 Λόγι

1837 540 1962 597 licet
1989 543 2360 627 comburentis
2402 540 2919 614 corrumpentisque
2958 552 3166 600 naturae
3189 543 3282 609 sit,
3317 553 3404 602 ta-

136 639 220 692 καὶ
240 636 475 706 δυνάμει
519 636 828 704 δουλεύειν,
870 638 1112 709 Ἡμέρας
1137 637 1192 690 δὲ
1222 638 1315 691 καὶ
1345 636 1537 702 νυκτὸς
1562 640 1723 708 ἀμοι-

134 727 274 789 ϐαίιις
298 726 514 797 ὁρῶντι
553 730 822 799 κινήσεις,
848 727 1007 801 ὡρῶν
1032 746 1092 781 τε
1122 730 1217 781 καὶ
1242 728 1447 801 καιρῶν
1472 727 1592 781 τοτὲ
1627 729 1725 799 μὲν

132 818 395 888 αὐξήσεις,
432 818 572 872 τοτὲ
603 818 659 871 δὲ
696 818 969 890 μειώσεις,
1004 819 1236 884 κύκλους
1262 837 1323 873 τε
1351 819 1611 873 ἐνιαυτῶν
1632 821 1725 874 καὶ

132 908 397 980 περιόδους
448 911 692 982 χρόνων,
722 910 939 983 ἄστρων
977 930 1036 965 τε
1064 912 1448 983 περιδινήσεις,
1481 910 1630 984 ήλίου
1664 929 1724 965 τε

130 1005 367 1077 δρόμους,
417 1005 527 1058 καὶ
579 1004 807 1077 σελήνης
846 1003 1089 1077 τροπάς,
1130 1003 1474 1076 συμπαθείας
1518 1020 1577 1056 τε
1628 1001 1723 1056 καὶ

128 1095 478 1159 ἀντιπαθείας
543 1097 824 1161 ἁπάντων,
876 1098 970 1151 καὶ
1026 1098 1230 1168 κόσμον
1281 1095 1380 1151 ἕνα
1433 1095 1612 1149 αὐτῶν
1664 1094 1722 1162 ἐξ

127 1190 391 1253 ἁπάντων,
427 1186 556 1263 ἆρά
600 1209 685 1246 σοι
723 1192 824 1264 τὴν
865 1190 1089 1261 ἀλογίαν
1128 1190 1223 1243 καὶ
1260 1191 1320 1244 τὸ
1358 1190 1481 1261 είκῆ
1526 1190 1619 1244 καὶ
1646 1188 1722 1253 ὡς

127 1283 297 1354 ἔτυχεν
326 1283 527 1338 αἰτίαν
569 1280 709 1338 εἶναι
742 1284 853 1338 τῶν
876 1284 1014 1339 ὅλων
1050 1282 1271 1354 θεμιτὸν
1305 1280 1718 1350 ἀποφαίνεσθαι,

128 1376 336 1448 ῆΔόγον
378 1376 463 1441 ὡς
488 1376 717 1449 ἀληθῶς
739 1375 896 1441 Θεοῦ,
923 1376 1018 1430 καὶ
1040 1374 1176 1429 Θεοῦ
1211 1375 1423 1445 σοφίαν,
1458 1377 1553 1430 καί⁵
1584 1375 1719 1430 Θεοῦ

126 1471 359 1539 δύναμιν,
398 1470 505 1523 καὶ
538 1470 747 1543 ταύτην
784 1470 934 1543 μίαν,
961 1470 1077 1525 ἀλλ’
1098 1471 1160 1524 ού
1194 1470 1392 1533 πολλὰς
1422 1470 1716 1541 ἁνυμνεῖν;

128 1562 233 1616 ἐπεὶ
258 1563 354 1616 καὶ
388 1564 454 1616 ἐν
495 1562 779 1635 ἀνθρώπῳ
816 1562 910 1634 μία
939 1562 1108 1635 ψυχὴ.
1152 1563 1246 1617 καὶ
1277 1563 1374 1634 μία
1405 1562 1598 1633 λογικὴ
1629 1562 1720 1616 δύ-

125 1673 269 1725 ναμις
320 1656 616 1709 πλείστων
665 1656 800 1728 ὁμοῦ
830 1656 1026 1725 γένοιτ’
1058 1656 1123 1709 ἂν
1172 1656 1523 1729 δημιουργὸς,
1554 1656 1587 1728 ἢ
1624 1654 1718 1710 καὶ

123 1751 366 1818 γεωργεῖν
380 1749 416 1818 ἡ
436 1748 513 1801 αὐ
522 1747 613 1820 τὴ,
632 1749 725 1802 καὶ
738 1751 1035 1820 ναυπηγεῖν
1052 1748 1145 1803 καὶ
1162 1748 1289 1803 κυ6ε
1298 1750 1448 1822 ρνᾷν,
1465 1748 1559 1802 καὶ
1574 1750 1718 1803 obto-

121 1836 285 1906 δομείν
321 1840 508 1894 πολλὰ
565 1840 812 1912 μαθοῦσα
855 1841 1199 1896 ἐπιϐάλλοιτο
1222 1858 1235 1871 ·
1270 1841 1365 1895 καὶ
1393 1835 1473 1904 εἷς
1504 1840 1628 1904 νοῦς
1656 1841 1714 1892 ἐν

123 1928 376 2002 ἀνθρώπῳ
413 1932 520 1985 καὶ
553 1932 815 2004 λογισμὸς
848 1932 1046 1998 δέξαιτ’
1080 1933 1146 1987 ἄν
1179 1950 1309 1986 ποτε
1343 1933 1550 2004 μυρίων
1592 1935 1714 1987 ἐπις

123 2023 335 2093 στήμεις.
389 2028 789 2098 γεωμετρήσει
822 2043 880 2079 τε
921 2029 949 2080 ό
977 2025 1140 2089 αὐτὸς
1168 2025 1263 2079 καὶ¹
1292 2026 1708 2097 ἀστρονομήσει,

121 2116 200 2168 καὶ
237 2116 435 2186 λόγους
469 2120 876 2191 γραμματικῆς
924 2118 1236 2193 παραδώσει
1287 2120 1382 2173 καὶ
1442 2119 1708 2192 ίατρικῆς,

123 2206 171 2261 ἐν
205 2226 260 2261 τε
302 2210 611 2282 μαθήμασι
650 2213 743 2265 καὶ⁵
772 2214 885 2276 τοῖς
917 2211 1059 2266 κατὰ
1085 2215 1272 2285 χεῖρας
1307 2213 1705 2284 προστήσεταιο

122 2301 201 2355 καὶ
242 2301 398 2357 οῦπω
429 2322 501 2374 γε
551 2305 728 2368 οὐδεὶς
778 2302 997 2358 πώποτε
1023 2305 1243 2368 πλείους
1289 2306 1347 2358 ἐν
1384 2304 1464 2357 ἐνὶ
1496 2303 1708 2375 σώματι

125 2395 279 2465 ψυχὰς
303 2398 572 2468 ἡγήσατο
598 2391 762 2457 εἶναι,
792 2397 911 2450 οὐδὲ
937 2396 1137 2461 πολλὰς
1165 2396 1474 2469 ἐθαύμασεν
1505 2393 1709 2467 ἀνθρώ-

124 2503 209 2539 που
238 2488 512 2559 δυνάμεις
547 2488 635 2543 διὰ
682 2488 779 2560 τὴν
808 2489 926 2546 τῶν,
949 2488 1159 2543 πολλῶν
1203 2487 1543 2560 μαθημάτων
1572 2487 1707 2541 ὑπο-

125 2580 283 2653 δαί-ἠν.
318 2584 383 2636 Εἰ
434 2584 501 2637 δὲ
549 2584 644 2636 καὶ
693 2582 940 2653 ἄμορφον
989 2580 1121 2653 ῦλην
1168 2580 1340 2653 πηλοῦ
1393 2597 1475 2644 τις
1507 2578 1703 2652 εὑρὼν,

123 2676 338 2732 κᾶπειτα
385 2679 593 2751 χερσὶν
634 2676 942 2739 ἀπολεάνας
988 2675 1242 2745 ἐπιθήσει
1283 2673 1422 2740 ζώου
1467 2675 1701 2747 μορφὴν,

124 2769 248 2841 ἄλλῳ
290 2772 390 2841 μὲν
432 2772 687 2842 σχήματι
731 2770 972 2842 κεφαλὴν
996 2811 1011 2836 ,
1056 2772 1247 2841 χεῖρας
1296 2768 1353 2823 δέ
1403 2769 1499 2823 καὶ
1540 2768 1706 2832 πόδας

124 2863 322 2934 ἑτέρως,
372 2867 477 2920 καὶ
519 2865 833 2937 ὀφθαλμοὺς
879 2865 1041 2919 πάλιν
1085 2863 1280 2928 ἄλλως,
1329 2864 1424 2918 καὶ
1471 2863 1705 2935 παρειὰς

126 2954 384 3021 ὡσαύτως,
425 2951 555 3011 ὦτά
594 2974 653 3012 τε
695 2957 789 3010 καὶ
832 2956 1025 3028 στόμα,
1062 2956 1155 3008 καὶ
1202 2957 1375 3027 ῥῖνας,
1420 2954 1616 3028 στέρνα
1642 2972 1701 3008 τε

126 3046 202 3099 καὶ
224 3046 406 3118 ὤμους
429 3047 943 3119 ύποτυπωσάμενος
964 3048 1127 3120 τέχνῃ
1152 3049 1217 3119 τῇ
1244 3048 1542 3118 πλαστικῇ·
1570 3043 1698 3118 ἆρα,

128 3137 231 3191 ἐπεὶ
261 3141 433 3195 πολλὰ
470 3143 733 3213 σχήματα
783 3143 878 3196 καὶ
924 3141 1062 3212 μέλη
1098 3141 1192 3195 καὶ
1224 3140 1363 3214 μέρη
1392 3140 1443 3194 ὑ¹
1485 3141 1565 3193 ἐνὶ
1594 3139 1701 3193 σώ-

1827 648 1950 687 men
1982 648 2107 688 cum
2153 635 2207 689 in
2259 636 2423 707 lignis
2453 637 2638 703 lateat,
2669 646 2724 694 et
2752 639 2932 695 omnis
2953 638 3169 710 generis
3193 638 3403 693 anima-

1825 723 1957 777 lium
2005 727 2328 796 corporibus
2394 737 2542 785 certa
2588 735 2955 800 temperatura
3005 745 3288 786 connexus
3332 730 3405 787 sit

1824 822 2111 887 terraeque,
2172 825 2335 889 atque
2391 834 2578 891 aquae,
2644 830 2808 892 atque
2850 821 2961 876 aeri
3014 820 3402 885 consociatus,

1825 910 2020 965 deinde
2043 910 2256 966 ratione
2280 927 2343 966 ac
2381 928 2638 968 mensura
2667 922 2932 983 quantum
2953 915 3250 985 unicuique
3263 930 3406 989 opus

1824 1002 1915 1061 sit.
1931 1010 2302 1074 quantumque
2318 1004 2524 1059 utilitas
2546 1006 2801 1076 postulet,
2824 1006 3081 1062 omnibus
3104 1006 3403 1074 sufﬁciens,

1823 1098 2168 1165 propriarum
2202 1096 2399 1151 virium
2429 1097 2788 1153 obliviscatur
2820 1117 2834 1153 :
2867 1114 3050 1155 nonne
3081 1100 3178 1153 tibi
3208 1114 3405 1157 rursus

1825 1184 1916 1240 Dei
1948 1185 2146 1251 Verbo,
2173 1202 2237 1241 ac
2271 1189 2530 1258 potestati
2556 1189 2822 1245 inservire
2839 1191 3051 1246 videtur
3070 1191 3094 1245 ί
3115 1190 3229 1247 Diei
3260 1205 3403 1262 pm-

1824 1293 1970 1338 terca
1998 1283 2285 1353 noctisque
2319 1282 2755 1349 vicissitudines,
2788 1299 2909 1354 quae
2943 1284 3251 1341 terminatis
3282 1299 3403 1340 mo-

1821 1374 1967 1428 tibus
1996 1382 2268 1438 constant,
2306 1373 2676 1445 borarumque
2708 1389 2772 1429 ac
2797 1383 3201 1446 tempestatum,
3255 1390 3403 1430 nunc

1820 1466 2039 1536 quidem
2067 1474 2384 1537 augmenta,
2418 1483 2565 1522 nunc
2590 1477 2768 1524 autem
2805 1469 3213 1533 diminutiones,
3239 1468 3404 1524 orbes

1818 1558 1946 1612 item
1965 1573 2198 1626 annuos,
2224 1574 2287 1615 ac
2303 1560 2569 1616 circuitus
2595 1569 2922 1631 temporum,
2939 1570 3320 1631 astrorumque
3343 1560 3402 1616 in

1819 1652 2007 1707 orbem
2034 1663 2232 1719 motus,
2259 1661 2374 1709 tum
2400 1655 2534 1710 solis
2564 1669 2785 1721 cursus,
2808 1656 3057 1725 lunaeque
3086 1654 3402 1710 conversio-

1818 1757 1938 1808 nes,
1959 1751 2070 1797 tum
2084 1758 2391 1801 consensus
2406 1745 2546 1799 inter
2561 1761 2620 1801 se
2634 1746 2877 1801 omnium
2902 1760 2966 1801 ac
2986 1745 3398 1815 repugnantias,

1819 1850 2098 1906 unumque
2117 1851 2180 1890 ex
2202 1836 2271 1890 iis
2284 1836 2538 1892 omnibus
2554 1836 2835 1901 mundum,
2851 1852 2974 1892 cum
2993 1836 3244 1902 intueris,
3266 1852 3404 1891 nun-

1821 1928 1954 1998 quid
1986 1928 2084 1983 tibi
2108 1944 2230 1984 esse
2260 1928 2342 1983 fas
2362 1937 2545 2000 putas,
2569 1929 3008 2001 imprudentiam,
3035 1930 3151 1985 sive
3177 1929 3399 1986 temeri-

1816 2026 2006 2087 tatem,
2026 2020 2143 2076 sive
2165 2020 2445 2075 fortuitam
2464 2021 2701 2092 aliquam
2719 2035 2967 2086 causam,
2986 2030 3264 2077 auctorem
3284 2021 3402 2075 uni-

1819 2114 1964 2168 versi
2008 2113 2329 2181 enuntiare;
2354 2128 2424 2169 an
2454 2113 2548 2170 Dei
2584 2113 2822 2170 Verbum
2868 2130 3076 2181 revera,
3114 2122 3169 2170 et
3198 2114 3291 2170 Dei
3317 2130 3399 2171 sa-

1813 2207 2097 2280 pientiam,
2116 2215 2171 2263 et
2199 2206 2294 2262 Dei
2314 2208 2595 2273 virtutem,
2624 2214 2676 2263 et
2704 2207 2843 2262 hanc
2873 2209 3045 2279 ipsam
3067 2223 3256 2273 unam,
3287 2222 3398 2261 non

1812 2298 2018 2369 plures.
2037 2297 2229 2354 efferre
2242 2299 2497 2355 laudibus
2513 2299 2537 2353 ?
2551 2298 2753 2372 Nempe
2769 2300 2930 2356 etiam
2950 2300 3005 2354 in
3023 2299 3264 2364 homine,
3289 2295 3403 2354 aui-

1813 2404 1901 2444 ma
1924 2403 2294 2461 una,unaque
2334 2391 2415 2447 vis
2447 2390 2752 2453 rationalis,
2787 2391 3145 2461 plurimarum
3190 2390 3399 2462 pariter

1810 2498 1994 2539 rerum
2012 2490 2191 2554 potest
2211 2499 2335 2539 esse
2356 2483 2557 2555 opifex.
2574 2482 2709 2537 Nam
2724 2493 2977 2554 etagrum
2993 2484 3173 2539 colere
3182 2482 3395 2551 eadem,

1809 2583 1862 2630 et
1884 2589 2015 2631 aves
2031 2584 2432 2641 construere,et
2448 2575 2772 2646 gubernare,
2790 2582 2845 2631 et
2866 2574 3135 2631 mdiﬁcare
3153 2574 3393 2640 audebit,

1809 2675 2101 2739 postquam
2130 2667 2262 2721 talia
2293 2668 2466 2721 multa
2494 2666 2706 2723 didicit.
2739 2666 2831 2722 Sic
2862 2683 2973 2722 una
3007 2682 3162 2723 mens
3200 2666 3395 2739 itho-

1807 2757 1975 2822 mine,
2009 2773 2225 2829 unaque
2258 2758 2493 2814 rationis
2525 2758 2766 2815 versatio
2794 2758 3274 2813 innumerabilium
3303 2773 3394 2814 re-

1804 2866 1929 2906 rum
1959 2851 2218 2907 scientias
2249 2851 2538 2922 percipiet,
2590 2858 2755 2922 atque
2799 2850 2941 2905 idem
2976 2850 3142 2906 homo
3179 2858 3235 2907 et
3263 2865 3396 2922 geo-

1804 2943 2075 3009 metriam,
2109 2951 2163 3000 et
2202 2944 2598 2999 astronomiam
2627 2944 2927 3008 exercebit,
2962 2944 3391 3015 disputationes-

1803 3051 1910 3106 que
1940 3043 1995 3093 et
2040 3035 2108 3092 de
2151 3036 2510 3107 grammatica
2561 3043 2616 3092 et
2665 3036 2734 3092 de
2787 3035 3061 3092 medicina
3129 3034 3391 3107 proferet,

1807 3127 1964 3198 152
1999 3143 2100 3183 nec
2127 3145 2238 3185 non
2271 3129 2324 3183 in
2361 3128 2668 3201 disciplinis
2698 3136 2754 3185 et
2783 3131 2838 3185 in
2865 3129 2935 3186 iis
2965 3143 3087 3200 quae
3132 3143 3393 3182 manuum

129 3247 238 3298 ματι
268 3232 759 3307 δεδημιούργηται,
802 3234 1090 3299 τοσούτους
1120 3234 1225 3307 χρὴ
1256 3234 1349 3287 καὶ
1390 3233 1517 3297 τοὺς
1545 3249 1701 3303 ποιη-

1807 3218 2114 3274 ministerio
2158 3218 2547 3285 conficiuntur,
2580 3218 2806 3275 excellet
2839 3236 2853 3273 :
2885 3233 2987 3274 nec
3024 3232 3267 3289 unquam
3312 3226 3394 3272 ta-

130 3321 210 3385 τὰς
225 3326 477 3395 ἡγεῖσθαι
505 3344 520 3391 ;
541 3328 576 3399 ἢ
599 3327 691 3382 τὸν
709 3326 803 3381 τοῦ
828 3328 1028 3392 παντὸς
1047 3326 1259 3400 ἀθρόως
1277 3326 1525 3398 τεχνίτην
1545 3327 1702 3380 ἐπαι-

130 3414 223 3465 νεῖν
260 3417 338 3469 ἐνὶ
369 3418 629 3490 λογισμῷ
658 3420 754 3474 καὶ
790 3421 888 3491 μιᾷ
920 3419 1148 3491 δυνάμει
1194 3418 1256 3471 τὸ
1297 3420 1405 3472 πᾶν
1443 3419 1706 3491 τεκτηνά-

135 3521 301 3576 nam;
330 3511 397 3563 Τί
428 3512 575 3583 δῆτα
619 3512 908 3585 τοιγαροῦν
942 3514 1035 3567 ἐπὶ
1067 3510 1161 3564 τοῦ
1193 3512 1415 3575 παντὸς,
1456 3512 1576 3575 ἐνὸς
1604 3511 1702 3583 μὲν

130 3596 276 3663 ὃντος,
300 3603 363 3656 ἐκ
388 3623 459 3675 με
470 3604 582 3676 ρῶν
603 3605 660 3659 δὲ
690 3605 959 3659 πλείστων
983 3604 1313 3675 ὑφεστῶτος,
1336 3603 1537 3668 πολλὰς
1560 3604 1700 3676 χρῆν

131 3690 459 3750 ὑποτίθεσθαι
483 3697 885 3770 δημιουργικὰς
910 3697 1189 3769 δυνάμεις,
1220 3697 1314 3751 καὶ
1338 3695 1567 3759 πολλοὺς
1590 3695 1700 3749 ὀνο-

134 3783 301 3852 μάζειν
330 3788 515 3854 θεοὺς,
549 3790 672 3861 ούχὶ
696 3791 754 3844 δὲ
795 3790 921 3861 μίαν
948 3790 1230 3862 ὁμολογεῖν
1260 3788 1357 3861 τὴν
1378 3789 1454 3852 ὡς
1481 3786 1699 3859 ἀληθῶς

130 3874 242 3929 Θεοῦ
290 3880 525 3954 δύναμιν
576 3884 671 3935 καὶ
727 3882 863 3937 Θεοῦ
919 3883 1129 3953 σοφίαν,
1170 3883 1267 3954 μιᾷ
1319 3881 1546 3953 δυνάμει
1601 3881 1695 3947 καὶ

131 3965 274 4043 ἀρετῇ
308 3977 406 4047 μιᾷ
442 3976 584 4046 ὁμοῦ
614 3974 685 4029 τὰ
710 3975 885 4029 πάντα
911 3974 1285 4046 ὑφισταμένην
1310 3991 1369 4027 τε
1395 3973 1490 4028 καὶ
1525 3970 1695 4037 ζωοῦ-

134 4074 234 4127 σαν,
261 4067 351 4121 καὶ
387 4071 510 4132 τοῖς
548 4070 682 4122 πᾶσι
722 4068 972 4139 ποικίλην
1000 4067 1098 4140 τὴν
1143 4067 1203 4133 ἐξ
1229 4068 1399 4138 αὐτῆς
1428 4066 1690 4136 ἐπιχορη-

133 4150 238 4219 γίαν
272 4158 641 4230 ποιουμένην;
668 4157 824 4211 Οῦτω
867 4159 961 4212 καὶ
1015 4158 1190 4228 φωτὸς
1221 4158 1371 4229 ἡλίου
1407 4157 1506 4228 μία
1535 4156 1628 4210 κα.)⁸
1655 4156 1690 4226 ὴ

132 4242 247 4318 αὕτη
287 4250 563 4323 προσϐολὴ
610 4249 746 4322 ὁμοῦ
786 4250 881 4304 καὶ
922 4250 1063 4305 κατὰ
1093 4251 1153 4305 τὸ
1182 4240 1313 4305 αὐτὸ
1356 4247 1689 4318 καταυγάςει

137 4334 219 4404 μὲν
236 4340 386 4413 ἀέρα,
418 4341 646 4411 φωτίζει
676 4342 733 4396 δὲ
760 4342 1089 4414 ὀφθαλμοὺς,
1118 4342 1260 4413 ἁφὴν
1287 4341 1343 4395 δὲ
1385 4332 1685 4414 θερμαίνει,

136 4426 308 4483 πιαίνει
331 4430 387 4485 δὲ
413 4432 542 4504 γῆν,
560 4430 713 4500 αὔξει
743 4432 906 4502 φυτὰ,
927 4432 1117 4505 χρόνον
1142 4432 1450 4503 ύςρίστησιν,
1473 4430 1686 4502 ἄστρων

139 4514 338 4587 ἡγεῖται,
365 4524 601 4596 οὐρανὸν
645 4524 948 4596 περιπολεῖ,
983 4523 1186 4594 κόσμον
1222 4521 1518 4595 φαιδρύνει,
1547 4521 1683 4575 Θεοῦ

1808 3325 1933 3366 men
1978 3313 2270 3383 quisquam
2316 3312 2497 3373 adhuc
2546 3310 2733 3382 plures
2771 3313 2824 3366 in
2862 3328 2975 3368 uno
3004 3327 3236 3384 corpore
3264 3325 3391 3368 esse

1807 3404 2017 3459 animas
2045 3404 2277 3467 censuit,
2309 3420 2490 3475 neque
2538 3419 2669 3460 vero
2724 3405 2912 3475 plures
2961 3405 3265 3461 admiratus
3293 3413 3383 3462 est

1804 3496 1876 3552 ob
1901 3496 2196 3551 multarum
2230 3495 2648 3566 disciplinarum
2685 3495 3112 3567 perceptionem,
3144 3495 3384 3553 hominis

1803 3587 2113 3644 facultates.
2130 3588 2288 3657 Quod
2310 3590 2359 3645 si
2379 3588 2506 3659 quis
2526 3587 2618 3644 ubi
2638 3588 2931 3644 informem
2964 3588 3078 3643 limi
3095 3588 3382 3644 materiam

1800 3689 1996 3738 nactus
2026 3692 2129 3748 est,
2144 3698 2208 3739 ac
2240 3683 2437 3739 deinde
2472 3683 2729 3739 manibus
2747 3681 2996 3748 mollivit,
3026 3689 3142 3736 tum
3172 3682 3382 3737 anima—
3486 3685 3494 3691 ’

1799 3776 1869 3833 lis
1903 3775 2131 3831 formam
2164 3775 2446 3849 adiungat,
2483 3785 2543 3832 ut
2580 3777 2686 3833 alio
2714 3774 2935 3847 quidem
2970 3775 3159 3831 habitu
3195 3782 3384 3846 caput,

1797 3885 2104 3942 manusque
2136 3879 2190 3927 et
2211 3870 2378 3942 pedes
2405 3870 2533 3935 alio,
2568 3877 2623 3926 et
2657 3870 2766 3925 alio
2804 3868 3241 3937 rursuwculos,
3271 3875 3387 3921 tum

1795 3978 1964 4035 genas
2009 3964 2218 4032 itidem,
2248 3978 2521 4034 auresque
2570 3971 2627 4018 et
2654 3977 2738 4027 os,
2773 3969 2829 4017 et
2874 3976 3060 4027 nares,
3080 3968 3387 4030 pectusque

1793 4065 1958 4127 atque
1987 4056 2245 4113 humeros
2275 4055 2534 4113 informet
2565 4070 2668 4111 suo
2705 4054 2799 4109 illo
2832 4052 3066 4124 ﬁngendi
3100 4048 3336 4107 artificio
3373 4065 3387 4100 :

1790 4167 1922 4207 num
1968 4160 2254 4223 prapterea
2296 4150 2444 4222 quod
2490 4151 2691 4205 multos
2724 4148 2966 4209 habitus,
2999 4151 3055 4201 et
3107 4145 3384 4207 membra,

1789 4252 1844 4299 et
1869 4253 2054 4314 partes
2085 4244 2190 4299 sub
2212 4259 2320 4298 uno
2351 4257 2583 4313 corpore
2614 4239 2922 4299 fabricavit,
2958 4235 3183 4292 totidem
3207 4249 3374 4305 opor-

1792 4341 1869 4391 tet
1915 4334 2274 4391 fabricatores
2306 4332 2611 4389 arbitrari?
2641 4346 2709 4386 an
2750 4331 2932 4401 potius
2960 4328 3206 4385 universi
3236 4327 3376 4382 arti-

1788 4429 1945 4484 ﬁcem
1991 4428 2139 4483 illico
2171 4436 2226 4483 et
2254 4426 2568 4490 confertim,
2601 4425 2695 4495 qui
2742 4437 2851 4479 uno
2891 4421 3127 4477 consilio
3157 4435 3377 4489 unaque

1787 4519 2046 4575 facultate
2097 4526 2272 4573 totum
2321 4524 2407 4573 est
2452 4516 2881 4575 architectatus,
2931 4511 3230 4568 extollere?
3259 4510 3379 4567 Cur

139 4605 329 4684 δύναμιν
368 4618 577 4689 ἐναργῆ
611 4617 711 4689 τὴν
756 4618 813 4671 ἐν
850 4617 926 4689 τῷ
959 4617 1121 4671 παντὶ
1162 4616 1476 4688 συνίστησι·
1510 4614 1684 4669 πάντα

1805 4614 1960 4684 igitur
1998 4613 2052 4666 in
2098 4612 2202 4667 hoc
2252 4610 2509 4666 universo
2547 4607 2693 4679 quod
2736 4620 2904 4661 unum
2949 4613 3065 4670 est,
3111 4605 3363 4675 quamvis

140 4718 187 4756 τε
224 4707 381 4764 ταῦτα
438 4713 541 4783 μιᾷ
592 4714 732 4782 ῥοπῇ
786 4711 999 4781 φύσεως
1052 4710 1311 4763 συντελεῖ.
1366 4708 1474 4763 Καὶ
1518 4708 1689 4781 πυρὸς

142 4795 273 4865 φύσις
298 4803 499 4874 χρυσὸν
548 4803 646 4874 μὲν
677 4800 951 4873 καθαίρει,
992 4800 1249 4873 μόλυὸδον
1281 4799 1337 4852 δὲ
1377 4800 1533 4870 τήκει
1555 4817 1569 4830 ο
1598 4800 1690 4852 καὶ

146 4891 285 4961 κηρὸν
326 4897 425 4968 μέν
457 4895 597 4957 λύει,
636 4893 807 4965 πηλὸν
833 4892 890 4947 δὲ
924 4892 1193 4965 ξηραίνει,
1224 4890 1355 4963 ῦλην
1382 4891 1438 4944 δέ
1471 4890 1688 4963 φρύγει,

145 4982 225 5053 μιᾷ
255 4988 314 5058 τῇ
358 4989 629 5058 καυστικῇ
681 4986 909 5058 δυνάμει
958 4982 1025 5038 τὰ
1074 4983 1311 5038 τοσαῦτα
1359 4981 1690 5055 κατεργαζο-

146 5073 273 5148 μίνη.
297 5079 480 5153 Ταύτῃ
512 5098 595 5134 τοι
629 5079 723 5133 καί⁵
755 5078 1004 5150 οὐράνιος
1030 5075 1122 5131 τοῦ
1156 5075 1291 5130 Θεοῦ
1316 5075 1506 5144 Λόγος,
1536 5075 1564 5126 ό
1598 5072 1691 5125 καὶ

143 5161 285 5234 ἡλίου,
308 5174 399 5227 καὶ
426 5172 686 5243 οὐρανοῦ,
717 5171 812 5225 καὶ
844 5171 938 5224 τοῦ
973 5171 1289 5242 σύμπαντος
1336 5166 1544 5236 κόσμου
1594 5162 1689 5233 δη-

145 5265 441 5333 ίιουργικὺς,
468 5267 735 5338 δραστικῇ
773 5264 999 5335 δυνάμει
1039 5265 1152 5326 τοῖς
1193 5262 1359 5313 πᾶσιν
1406 5256 1690 5328 ἐπιπαρὼν

143 5354 217 5407 καὶ
245 5357 324 5413 διὰ
357 5362 580 5416 πάντων
626 5362 801 5428 ἥκων,
848 5359 983 5431 ἡλίῳ
1029 5358 1148 5429 μὲν,
1197 5355 1289 5409 καὶ
1334 5352 1552 5424 σελήνῃ,
1597 5347 1690 5402 καὶ

142 5443 323 5519 ἄστροις
345 5453 404 5521 ἐξ
429 5453 641 5516 οἰκείας
677 5452 778 5522 τῆς
806 5450 1034 5505 ἀεννάου
1067 5447 1349 5518 δυνάμεως
1372 5442 1487 5513 φῶς
1519 5442 1692 5510 ἐπομ-

144 5535 256 5610 ϐρεί,
293 5545 518 5620 οὐρανὸν
565 5546 623 5598 δέ
679 5544 879 5598 οίκείου
934 5541 1197 5615 μεγέθους
1233 5533 1689 5610 προσφυεστάτην

147 5630 292 5690 εἰκόνα
322 5641 416 5710 τὴν
454 5637 632 5711 ἀρχὴν
665 5635 1135 5706 ὑποστησάμενος,
1163 5636 1241 5696 είς
1270 5631 1439 5684 αἰῶνα
1463 5628 1691 5697 διακρα-

149 5723 234 5774 τεῖ⁹
272 5731 358 5796 τὰς
405 5733 464 5785 δὲ
525 5732 783 5785 ἐπέκεινα
838 5726 1068 5800 ούρανοῦ
1124 5726 1219 5780 καί⁵
1276 5723 1481 5793 κόσμου
1532 5718 1691 5772 δυνά-

153 5830 246 5881 μεις
279 5823 514 5893 ἀγγέλων
562 5826 657 5879 καὶ
699 5822 1044 5893 πνευμάτων,
1082 5818 1284 5891 νοερῶν
1323 5834 1381 5869 τε
1416 5814 1510 5869 καὶ
1538 5812 1689 5881 λογι-

153 5909 236 5963 κῶν
280 5920 487 5986 ουσιῶν,
530 5919 676 5990 ζωῆς
728 5917 887 5990 ὁμοῦ,
935 5917 1027 5970 καὶ
1083 5913 1279 5984 φωτὸς,
1330 5910 1424 5965 καὶ
1473 5906 1685 5978 σοφίας,

1792 4702 1981 4757 multis
2014 4702 2260 4772 partibus
2293 4706 2539 4764 constet,
2576 4697 2780 4753 multos
2825 4704 3042 4765 oportet
3070 4695 3382 4767 conﬁngere

1791 4792 2036 4863 opifices,
2084 4800 2139 4848 et
2190 4792 2394 4846 multos
2431 4789 2564 4846 deos
2607 4788 2915 4852 nominare,
2960 4801 3025 4842 ac
3054 4802 3164 4841 non
3196 4788 3380 4858 potius

1794 4902 1955 4942 unam
1981 4886 2139 4941 fateri
2162 4900 2352 4941 revera
2382 4883 2478 4940 Dei
2509 4884 2788 4947 virtutem,
2820 4889 2873 4937 et
2895 4879 2992 4937 Dei
3022 4880 3375 4952 sapientiam,

1793 4994 1911 5048 quae
1944 4994 2051 5032 una
2078 4976 2335 5031 facultate
2371 4990 2587 5045 unaque
2619 4972 2843 5030 solertia
2877 4972 3093 5027 cunctis
3140 4969 3369 5026 rebusst

1791 5078 2044 5125 naturam
2078 5083 2183 5139 qua
2214 5075 2341 5124 sunt
2383 5075 2436 5123 et
2476 5065 2639 5121 vitam
2672 5065 2926 5135 largitur,
2952 5077 3167 5118 necnon
3194 5064 3377 5117 omni~

1791 5163 1895 5217 bus
1938 5162 2148 5214 varium
2185 5159 2253 5215 de
2299 5159 2480 5229 seipsa
2528 5156 2799 5213 ubertatis
2843 5154 3047 5210 fontem
3104 5150 3375 5207 submini-

1793 5255 1970 5311 strat?
2003 5254 2093 5309 Sic
2123 5254 2286 5308 etiam
2323 5251 2521 5307 solaris
2568 5250 2793 5305 luminis
2833 5261 2941 5301 una
2971 5254 3026 5301 et
3056 5244 3249 5300 eadem
3282 5257 3377 5298 ac-

1792 5347 1995 5413 cessio,
2034 5344 2198 5401 simul
2230 5342 2532 5411 eodemque
2563 5349 2805 5411 tempore
2838 5353 3016 5393 aerem
3049 5336 3269 5407 quidem
3299 5336 3377 5389 ir-

1790 5441 1992 5505 radiat,
2041 5440 2315 5494 illuminat
2347 5450 2478 5491 vero
2520 5434 2733 5497 oculos,
2772 5439 2937 5502 atque
2975 5428 3139 5485 afﬁcit
3167 5435 3373 5487 tactum

1791 5533 1995 5596 calore,
2036 5540 2350 5599 terramque
2398 5524 2631 5581 fertilem
2677 5523 2879 5586 reddit,
2930 5522 3148 5595 plantas
3189 5527 3371 5590 auget.

1791 5632 2011 5694 tempus
2039 5619 2316 5692 producit,
2363 5622 2561 5688 praeest
2616 5614 2916 5677 sideribus,
2947 5613 3148 5667 cmlum
3177 5610 3369 5673 ambit,

1792 5717 2056 5773 mundum
2110 5713 2400 5775 exhilarat,
2441 5710 2535 5766 Dei
2588 5709 2694 5764 vim
2747 5708 3093 5767 manifestam
3146 5718 3268 5777 qua
3315 5703 3371 5758 in

1791 5807 2051 5861 universo
2101 5803 2266 5865 inest,
2320 5796 2713 5853 commendat:
2762 5804 2814 5851 et
2862 5794 3045 5849 omnia
3094 5792 3211 5847 haec
3259 5803 3371 5845 uno

1792 5903 2069 5957 momento
2097 5902 2306 5951 natura:
2334 5889 2682 5946 administrat
2716 5903 2778 5945 ac
2808 5887 3040 5959 perficit.
3073 5883 3369 5956 lgnisquo-
