3954 6524
575 397 683 454 263

1204 397 1472 454 EUSEBII
1510 399 1987 458 CIESARIENSIS
2021 403 2170 458 OPP.
2213 404 2397 462 PARS
2433 408 2498 462 ll.
2534 441 2602 450 ——
2639 407 3134 468 APOLOGETICA.

3717 419 3836 476 ξω

571 527 680 584 que
701 517 893 566 natura
923 519 978 566 et
1007 525 1198 566 aurum
1227 521 1422 582 purgat
1449 521 1504 568 et
1529 515 1804 584 plumbum
1833 515 2127 585 liquefacit,

2234 521 2326 574 καὶ
2357 539 2534 593 πασης
2551 524 2770 596 ἀρετῆς,
2794 527 2889 580 καὶ
2911 529 3076 582 καλοῦ
3104 527 3344 598 κάγαθοῦ
3359 528 3556 596 παντὸς
3591 536 3672 588 ὲκ
3703 533 3826 588 τῶν

571 613 626 660 et
655 615 780 658 'cum
813 617 994 658 ceram
1019 603 1304 668 dissolvat,
1345 604 1534 658 limum
1563 613 1744 658 tamen
1777 606 2038 668 exsiccat,
2078 615 2132 662 et

570 695 856 752 materiam
894 695 1074 748 adurit
1111 715 1124 748 :
1159 703 1210 750 et
1247 695 1358 749 haec
1387 702 1496 750 tam
1527 697 1717 760 multa,
1743 711 1848 750 una
1874 697 2134 752 duntaxat

573 789 628 843 vi
672 789 1023 844 comburendi
1055 787 1238 844 efficit.
1274 788 1472 844 Eadem
1521 791 1732 844 ratione
1775 791 1996 848 cmleste
2039 791 2132 847 Dei

574 875 830 942 Verbum,
860 880 1004 949 quod
1037 889 1092 936 et
1119 883 1286 936 solem
1319 884 1518 951 ipsum,
1549 889 1602 935 et
1633 883 1856 946 cmlum,
1897 893 1950 936 et
1977 899 2136 936 mun-

575 974 702 1030 dutn
729 976 1041 1028 universum
1075 973 1374 1037 fabricavit,
1404 989 1526 1028 cum
1551 971 1750 1026 efﬁcaci
1791 974 1838 1026 vi
1863 974 1977 1029 suis
2000 990 2134 1028 cun-

574 1068 676 1122 rtis
703 1069 863 1124 rebus
895 1067 1128 1130 intersit,
1161 1076 1214 1122 et
1248 1083 1345 1136 per
1375 1066 1556 1120 omnia
1589 1073 1856 1135 penetret,
1889 1068 1988 1121 soli
2013 1069 2134 1137 qui-

569 1159 690 1212 dem
735 1175 798 1214 ac
844 1161 986 1214 lunae
1023 1167 1185 1228 atque
1229 1159 1414 1220 astris,
1447 1159 1514 1212 de
1542 1159 1760 1228 propria
1803 1175 2014 1228 semper
2047 1159 2131 1214 af-

563 1250 752 1304 ﬂuenti
777 1251 1052 1310 facultate,
1087 1251 1260 1304 instar
1291 1249 1484 1318 pluvia:
1515 1250 1693 1303 lumen
1721 1249 1986 1317 infundit;
2022 1268 2134 1306 ca:-

569 1342 678 1396 lum
710 1351 908 1408 autem,
945 1359 1066 1396 cum
1117 1359 1227 1398 sum
1267 1341 1655 1412 magnitudinis
1682 1341 1749 1394 ab
1783 1343 1936 1397 initio
1967 1359 2134 1414 appo-

563 1434 887 1489 sitissimam
936 1433 1223 1503 imaginem
1283 1431 1606 1502 protulerit,
1648 1431 1700 1484 in
1754 1445 1912 1486 omne
1959 1447 2130 1488 aevum

567 1523 760 1578 Stlmt'll.
812 1525 1162 1594 continetque
1211 1542 1225 1592 ;
1278 1540 1399 1594 qua:
1449 1531 1628 1576 autem
1691 1538 1856 1592 supra
1905 1525 2128 1587 ccelum,

567 1631 840 1686 supraque
871 1617 1130 1672 mundum
1167 1619 1366 1688 (legunt
1428 1625 1725 1688 potestates
1757 1656 1771 1679 ,
1819 1617 2130 1686 angelorum

565 1709 757 1778 utique
789 1723 850 1762 ac
899 1711 1186 1779 spirituum
1221 1710 1581 1780 intelligentes
1611 1709 2008 1776 rationalesque
2037 1722 2135 1760 na-

565 1807 734 1862 turae,
773 1815 866 1856 eas
911 1809 966 1856 et
1034 1803 1141 1856 vita
1189 1802 1352 1856 simul
1390 1812 1442 1856 et
1483 1801 1704 1862 lumine,
1739 1809 1792 1854 et
1821 1799 2086 1870 sapientia
2115 1838 2130 1863 ,

2238 615 2365 686 παρ’
2395 615 2560 668 αὐτοῦ
2587 616 2875 690 θησαυρῶν
2907 621 3278 692 ἐμπίμπλησι,
3317 626 3418 694 μιᾷ
3447 625 3542 678 καὶ
3571 627 3650 696 τῇ
3681 625 3836 698 αὐτῇ

2234 702 2546 776 δημιουργῷ
2577 709 2740 782 τέχνῃ
2765 725 2776 739 ·
2812 711 2904 764 καὶ
2937 713 3213 782 στοιχείων
3243 714 3430 778 οὐσίας
3460 715 3674 770 οὔποτε.
3711 717 3838 770 δια-

2234 792 2509 864 λιμπάνει,
2553 799 2808 870 παρέχων
2827 802 2920 854 καὶ
2943 801 3116 871 μίξεις
3147 803 3238 856 καὶ
3265 805 3508 874 κράσεις,
3547 806 3650 860 καὶ
3681 805 3834 877 εἴδη,

2235 882 2328 934 καὶ
2364 885 2594 956 μορφὰς,
2625 887 2716 940 καὶ
2750 889 3022 960 σχήματα,
3075 892 3366 962 ποιότητας
3402 912 3460 946 τε
3499 897 3746 967 μυρίας,
3775 897 3834 950 ἐν

2233 988 2292 1023 τε
2315 969 2470 1035 ζώοις
2501 976 2593 1028 καὶ
2624 979 2826 1044 φυτοῖς,
2857 979 2948 1032 καὶ
2993 979 3210 1049 ψυχαῖς,
3246 985 3341 1036 καὶ
3377 981 3620 1054 σώμασι,
3663 985 3832 1055 λογι-

2235 1065 2349 1126 κοῖς
2375 1081 2435 1116 τε
2481 1067 2576 1118 καὶ
2625 1067 2856 1136 ἀλόγοις,
2899 1069 3086 1124 ἄλλοτε
3125 1071 3296 1136 ἄλλως
3349 1077 3832 1142 καταποικΰιλων,

2234 1160 2326 1212 καὶ
2363 1161 2523 1212 πᾶσιν
2553 1161 2686 1232 ὁμοῦ
2719 1163 2894 1216 πάντα
2927 1164 3026 1234 μιᾷ
3047 1163 3268 1234 δυνάμει
3315 1169 3703 1238 ἐπιχορηγῶν,
3733 1171 3835 1224 καὶ

2233 1251 2356 1303 νοῦν
2383 1252 2474 1304 ἐπὶ
2499 1253 2660 1306 πᾶσιν
2711 1253 3014 1325 ἀνθρώποις
3042 1257 3386 1328 ὲπιγνώμονα
3419 1261 3512 1312 καὶ
3537 1261 3834 1333 θεωρητι-

2235 1343 2328 1396 κὸν
2356 1343 2454 1414 τῆς
2481 1343 2642 1398 αὐτοῦ
2668 1346 2858 1413 σοφίας
2877 1347 3234 1417 δωρούμενος,
3265 1350 3527 1422 ἄντικρύς
3557 1369 3622 1406 τε
3675 1371 3832 1424 παρ-

2237 1433 2387 1496 ιστὰς
2425 1437 2536 1497 τοῖς
2595 1437 2727 1487 πᾶσι
2785 1435 2876 1488 καὶ
2910 1435 3238 1507 διαρρήδην,
3278 1438 3378 1490 ἕνα
3423 1439 3636 1509 κόσμον
3699 1442 3830 1492 ἐπι-

2233 1523 2496 1576 δείκνυσιν
2525 1524 2642 1588 eve;
2673 1525 2844 1594 Λόγου
2871 1525 3196 1596 κοσμοποιοῦ
3235 1527 3414 1598 ἔργον.
3464 1529 3740 1582 Τοιοῦτον
3759 1531 3829 1601 δὴ

2233 1617 2584 1689 καλλιτεχναν
2633 1619 2758 1672 Υἰὸν
2794 1622 3054 1692 μονογενῆ
3107 1622 3207 1690 τῆς
3255 1622 3417 1676 αὐτοῦ
3473 1623 3684 1694 βουλῆς
3729 1623 3830 1678 καὶ

2231 1707 2554 1781 δημιουργὸν
2589 1713 2618 1764 ό
2665 1713 2882 1764 πάντων
2912 1713 3170 1768 ἀνωτάτω
3209 1715 3302 1766 καὶ⁵
3343 1716 3506 1766 αὐτοῦ
3537 1715 3828 1786 δημιουρ-

2233 1801 2328 1870 γοῦ
2354 1802 2484 1866 Θεὸς
2505 1803 2596 1856 καὶ
2623 1803 2811 1875 Πατὴρ
2829 1804 3041 1877 πρῶτον
3080 1807 3329 1860 ἁπάντων
3357 1806 3568 1874 ἐγέννα,
3597 1806 3680 1858 δι’
3715 1807 3822 1859 αὐ-

567 1891 721 1962 153
767 1902 820 1947 et
863 1895 1131 1948 universa:
1161 1894 1450 1962 probitatis
1487 1901 1648 1964 atque
1683 1893 1986 1948 honestatis
2009 1891 2127 1944 uni-

2234 1895 2325 1948 τοῦ
2361 1897 2454 1950 καὶ
2491 1898 2546 1948 ὲν
2589 1895 2734 1966 αὐτῷ
2769 1897 2893 1960 τούς
2950 1898 3055 1950 τῶν
3109 1897 3406 1972 μελλόντων
3453 1897 3690 1951 ἔσεσθαι
3723 1898 3826 1967 δη-

561 1999 718 2037 versa
748 1985 968 2052 virtute,
1003 1987 1070 2042 de
1115 1987 1230 2040 suis
1281 1987 1466 2054 implet
1501 1986 1792 2048 thesauris,
1828 1983 1990 2054 idque
2021 1997 2129 2036 uno

560 2074 857 2145 eodemque
919 2078 1054 2130 artis
1100 2077 1336 2147 opificio,
1393 2077 1680 2132 elementis
1728 2091 1856 2130 vero
1906 2082 2128 2132 naturas

559 2167 756 2234 quibus
805 2168 930 2228 sint,
961 2167 1198 2236 praebere
1241 2183 1518 2238 nunquam
1573 2167 1816 2232 desistit;
1865 2167 2126 2220 misturas

559 2268 738 2312 autem
787 2267 840 2314 et
877 2268 1325 2330 temperamenta,
1355 2268 1409 2314 et
1442 2260 1675 2330 species,
1727 2265 1780 2312 et
1821 2257 2043 2320 formas,
2073 2265 2127 2311 et

557 2350 798 2414 habitus,
843 2351 1238 2421 qualitatesque
1288 2351 1730 2412 innumerabiles,
1760 2358 1872 2402 tam
1929 2349 1983 2402 in
2014 2349 2136 2402 ani-

557 2446 790 2500 malibus
818 2462 978 2516 quam
1015 2445 1067 2498 in
1099 2445 1322 2513 plantis,
1360 2452 1469 2498 tam
1525 2445 1577 2500 in
1629 2444 1829 2497 animis
1863 2457 2028 2512 quam
2074 2443 2128 2494 in

555 2537 1018 2606 corporilius,tam
1049 2536 1102 2590 in
1135 2536 1490 2590 rationaiibus
1509 2552 1669 2606 quam
1695 2537 1746 2588 in
1779 2536 1974 2600 brutis,
1993 2534 2128 2588 alias

556 2629 714 2681 aliter
757 2631 992 2692 varians,
1025 2635 1077 2684 et
1103 2630 1316 2683 cunctis
1347 2629 1508 2683 simul
1540 2629 1722 2682 omnia
1757 2643 1864 2682 una
1897 2629 1948 2680 vi
1997 2626 2130 2682 sub-

556 2719 898 2780 ministrans,
947 2729 1000 2774 et
1047 2736 1212 2790 super
1261 2721 1444 2772 omnia
1503 2727 1736 2773 mentem
1793 2719 2125 2780 hominibus,

557 2828 668 2866 suae
687 2813 855 2882 ipsius
885 2813 1236 2882 cognitricem
1269 2811 1880 2880 contemplatricemquc
1913 2810 2130 2878 sapien—

557 2905 644 2960 tia:
672 2905 902 2968 donans,
955 2905 1346 2974 perspicueque
1392 2910 1554 2972 atque
1585 2901 1863 2956 evidenter
1915 2902 2129 2956 cunctis

557 2997 838 3058 assistens,
871 3013 1036 3050 unum
1091 2995 1350 3050 mundum
1405 2995 1643 3050 ostendit
1696 2993 1859 3047 unius
1903 2993 2130 3049 artificis

555 3083 716 3142 Verbi
746 3101 901 3157 opus.
932 3086 1113 3142 Talem
1159 3088 1321 3158 igitur
1365 3088 1583 3140 unicum
1617 3083 1834 3150 Filium,
1867 3086 1952 3140 sui
1991 3101 2126 3140 con-

2236 1989 2586 2058 μιουργικοὺς
2630 1987 2816 2052 λόγους
2863 1989 3247 2058 ὑφιστάμενος,
3279 1990 3370 2042 καὶ
3405 1990 3472 2042 τὰ
3509 1989 3824 2060 σπέρματά

2232 2093 2296 2146 γε
2327 2079 2426 2149 τῆς
2465 2078 2572 2131 τῶν
2623 2078 2758 2130 ὅλων
2823 2079 3134 2140 συστάσεώς
3163 2095 3220 2130 τε
3269 2079 3362 2132 καὶ
3393 2079 3734 2150 διοικήσεως
3765 2083 3824 2132 ἐν

2232 2168 2378 2238 αὐτῴ
2401 2167 2886 2238 καταϐαλλόμενος.
2920 2169 3030 2238 Οὐχ
3063 2169 3190 2241 ὁρᾷς
3221 2167 3510 2239 ὀφθαλμοῖς
3537 2170 3631 2223 τὸν
3671 2173 3822 2240 σύμ-

2233 2277 2410 2312 παντα
2455 2260 2676 2328 κόσμον,
2703 2258 2760 2310 ὃν
2801 2259 3024 2330 οὐρανὸς
3055 2255 3132 2318 εἷς
3159 2275 3223 2310 πε
3235 2258 3574 2329 ριλαμόάνει,
3609 2259 3824 2330 μυρίας

2229 2370 2288 2405 τε
2333 2351 2477 2422 ἀμφὶ
2515 2349 2702 2404 τοῦτον
2731 2351 2948 2421 χορείας
2985 2351 3077 2404 καὶ
3105 2349 3316 2422 ἄστρων
3344 2351 3820 2423 περιπολεύσεις;

2233 2444 2400 2497 Πάλιν
2417 2438 2494 2506 εἷς
2506 2443 2671 2514 ἥλιος,
2691 2443 2801 2496 ἀλλ’
2819 2445 2876 2496 οὐ
2898 2439 3132 2509 πλείους,
3151 2445 3246 2508 τὰς
3259 2445 3508 2498 ἁπάντων
3527 2445 3631 2496 ὑπε
3641 2443 3820 2516 ρὸολῇ

2235 2537 2408 2606 φωτὸς
2443 2535 2706 2590 καλύπτει
2731 2537 3113 2608 μαρμαρυγὰς.
3151 2537 3306 2590 υῦτω
3354 2537 3490 2606 δῆτα
3513 2537 3634 2600 ἐνὸς
3654 2538 3821 2598 ὄντος

2233 2629 2464 2700 Πατρὸς,
2522 2629 2614 2682 ἕνα
2653 2629 2788 2699 χρῆν
2815 2629 2906 2680 καὶ
2937 2629 3024 2680 τὸν
3051 2627 3176 2680 Υίὸν
3205 2623 3365 2682 εἶναι.
3399 2629 3461 2680 Εἰ
3493 2629 3562 2690 δ’,
3603 2631 3695 2682 ὅτι
3743 2629 3816 2700 μὴ

2234 2720 2324 2770 καὶ
2353 2717 2586 2782 πλείους,
2616 2717 2984 2788 ἐπιμέμψαιτό
3017 2735 3120 2780 τις,
3157 2717 3276 2789 ὥρα
3307 2717 3396 2771 τὸν
3437 2717 3710 2781 τοιοῦτον,
3735 2719 3820 2770 δτι

2237 2809 2311 2881 μὴ
2347 2810 2438 2863 καὶ
2495 2810 2674 2880 ἡλίους
2721 2810 2942 2880 συνίστη
3003 2809 3238 2872 πλείους,
3287 2811 3378 2863 καὶ¹
3421 2809 3682 2880 σελήνας,
3725 2809 3818 2862 καὶ

2233 2903 2486 2972 κόσμους,
2514 2903 2606 2955 καὶ
2629 2903 2794 2974 μυρία.
2821 2903 2974 2966 ἄττα,
3003 2901 3296 2965 αἰτιᾶσθαι,
3336 2903 3664 2972 μαινομένου
3691 2902 3820 2973 τρό-

2235 3012 2332 3046 πον
2364 2993 2432 3046 τὰ
2469 2993 2604 3065 ὀρθά
2631 2996 2724 3047 καὶ
2762 2989 2821 3046 εὖ
2851 2993 3039 3065 ἔχοντα
3082 2994 3180 3064 τῆς
3213 2993 3426 3062 φύσεως
3457 2991 3818 3063 διαστρέφειν

2233 3087 2654 3157 ἐπιχειροῦντος.

555 3181 662 3236 silii
697 3181 1004 3238 effectorem
1033 3197 1096 3236 ac
1127 3184 1466 3253 magistrum,
1528 3190 1582 3238 et
1641 3189 1962 3236 cunctarum
2009 3198 2192 3236 rerum
2232 3183 2499 3252 Opificem,
2559 3197 2847 3252 supremus
2897 3189 3061 3253 atque
3111 3181 3284 3252 ipsius
3320 3181 3525 3250 opificis
3562 3179 3720 3236 Deus
3761 3187 3816 3234 et

555 3292 751 3346 parens
788 3279 1019 3348 primum
1049 3279 1290 3332 omnium
1320 3281 1524 3348 genuit,
1555 3293 1648 3348 per
1703 3277 1856 3332 iitum
1883 3285 1936 3332 et
1966 3278 2018 3331 in
2049 3278 2142 3332 illo
2179 3294 2366 3334 eorum
2420 3295 2540 3348 quae
2575 3279 2756 3333 futura
2787 3287 2942 3333 erant
2995 3279 3216 3348 Opifices
3241 3277 3479 3330 rationes
3503 3273 3810 3338 sufficiens,

553 3369 871 3439 seminaque
935 3371 1342 3426 constitutionis
1415 3371 1935 3442 gubernationisque
2000 3372 2242 3426 universi
2301 3373 2356 3426 in
2405 3373 2496 3426 illo
2553 3373 2800 3441 conjecta
2863 3371 3089 3428 habens.
3163 3369 3353 3425 Nonne
3415 3369 3589 3424 oculis
3627 3369 3814 3422 intue-

553 3464 632 3520 ris
683 3465 942 3521 mundum
1005 3469 1342 3532 universum,
1390 3483 1552 3538 quem
1611 3467 1812 3522 cmlum
1869 3483 2039 3520 unum
2080 3468 2477 3538 complectitur,
2537 3467 3058 3536 innumerabiliaque
3113 3467 3316 3519 circum
3367 3464 3510 3516 hunc
3557 3461 3812 3531 tripudia

553 3566 606 3611 et
632 3567 902 3616 astrorum
927 3563 1347 3622 conversiones?
1380 3561 1472 3618 Sol
1493 3564 1619 3619 item
1649 3579 1792 3618 unus
1855 3562 2139 3628 duntaxat,
2204 3581 2310 3618 non
2351 3565 2555 3635 plures,
2611 3563 2942 3618 abundantia
2986 3561 3206 3616 luminis
3267 3560 3506 3614 omnium
3559 3559 3813 3613 occultat

555 3653 888 3722 splendores.
925 3653 1016 3708 Sic
1075 3670 1206 3710 sane
1259 3670 1382 3709 cum
1441 3671 1584 3710 unus
1621 3655 1692 3710 sit
1735 3654 1919 3718 Pater,
1957 3673 2124 3711 unum
2161 3659 2326 3711 etiam
2381 3653 2577 3709 Filium
2629 3670 2750 3709 esse
2794 3661 3025 3723 Oportet.
3085 3651 3238 3716 Quod
3293 3652 3338 3706 si
3373 3651 3496 3719 quis
3535 3648 3588 3702 id
3619 3665 3812 3718 repre-

555 3747 756 3803 hendat
797 3749 942 3818 quod
989 3750 1171 3819 plures
1219 3765 1328 3806 non
1374 3751 1643 3820 genuerit,
1699 3750 1788 3805 hic
1833 3752 1946 3820 jam
2002 3751 2132 3805 illud
2171 3767 2386 3821 quoque
2427 3764 2688 3804 accusare
2737 3749 2954 3818 poterit,
3020 3746 3164 3816 quod
3239 3759 3347 3798 non
3400 3744 3580 3812 plures
3631 3742 3807 3800 soles,

553 3853 606 3896 et
661 3845 837 3906 lunas,
885 3853 938 3900 et
991 3844 1244 3910 mundos,
1323 3853 1374 3900 et
1419 3845 1525 3900 alia
1574 3846 1955 3900 inumerahilia
2017 3847 2342 3908 condiderit,
2391 3853 2446 3901 et
2499 3859 2652 3900 more
2701 3843 3024 3898 insanientis
3099 3837 3424 3909 cujnspiam,
3472 3851 3590 3907 quae
3648 3843 3808 3888 recta

555 3945 703 3998 sunt.
757 3939 1000 4007 beneque
1059 3941 1113 3993 in
1177 3949 1374 3994 natura
1432 3955 1493 4002 se
1551 3939 1783 4008 habent,
1821 3941 2362 4010 pervertere_moliri.

1295 4061 1384 4116 Vl.

555 4147 706 4216 Quod
737 4167 768 4202 α
796 4151 968 4220 prima
1001 4152 1370 4206 constitutione
1401 4152 1652 4214 universi,
1672 4149 1876 4204 occulta
1893 4151 2122 4220 quadam

621 4225 897 4292 ignotaque
946 4223 1168 4284 ratione,
1213 4222 1456 4293 Christus
1493 4224 1582 4276 Dei
1615 4221 1876 4291 religiosis
1913 4223 2119 4293 Deoque

621 4294 786 4360 gratis
817 4293 1007 4347 animis
1047 4292 1314 4362 praesidet.

623 4381 734 4438 llac
769 4385 934 4454 igitur
965 4385 1199 4448 ratione,
1231 4383 1690 4456 quemadmodum
1721 4384 1772 4438 in
1803 4383 1965 4438 rebus
2003 4397 2124 4453 qua:

549 4475 658 4529 sub
697 4485 973 4545 aspectum
1008 4475 1230 4544 cadunt,
1263 4477 1344 4532 sol
1378 4492 1522 4532 unus
1549 4477 1863 4532 universum
1891 4475 2127 4528 illustrat

2239 4151 2332 4217 Ὡς
2353 4149 2472 4204 ἀπὸ
2511 4147 2746 4217 πρώτης
2794 4060 3144 4218 συστιὲῐξεως
3197 4143 3314 4197 τῶν
3339 4143 3514 4218 fidem
3551 4137 3808 4218 ἀεικεῖ-ὧς

2297 4210 2330 4276 ὅ
2353 4210 2609 4301 Χριστός
2639 4210 2745 4274 τὸῧ
2791 4218 2938 4272 Θεοῦ
2971 4216 3087 4272 τῶν
3117 4213 3409 4284 θεοφιλῶν
3429 4210 3646 4280 ψυχῶν
3671 4210 3806 4262 ἐστι·

2297 4309 2520 4347 στατει.

2297 4383 2483 4456 Ταύτῃ
2501 4383 2543 4435 δ’
2575 4377 2667 4435 οῦν
2693 4381 2767 4444 ὡς
2793 4383 2848 4434 ὲν
2879 4347 3090 4449 ὁρατοῖς
3129 4377 3278 4448 ἣλιος
3311 4369 3389 4438 εἷς
3425 4372 3514 4426 τὸν
3545 4369 3806 4440 αίσθητδν

2228 4477 2442 4532 ᾶπαντα
2471 4471 2814 4542 καταλάμπει
2857 4469 3080 4540 κόσμον,
3116 4467 3258 4522 οὐτω
3287 4465 3422 4536 δῆτα
3463 4463 3553 4516 καὶ
3578 4463 3636 4514 ὲν
3667 4477 3800 4532 νοη-

553 4567 700 4622 hunc
740 4553 1052 4624 sensibilem
1077 4572 1364 4636 mundum,
1389 4571 1462 4625 ita
1497 4571 1552 4625 in
1576 4571 1643 4628 iis
1670 4585 1788 4640 qua:
1827 4569 2127 4639 intelligen-

2234 4571 2339 4631 τοῖς
2371 4565 2468 4628 τὰς
2487 4564 2784 4626 ἀθανάτους
2817 4562 2911 4616 καὶ
2944 4560 3262 4630 ἀσωμάτους
3291 4555 3565 4625 δυνάμεις.
3607 4551 3806 4620 νοεράς

551 4661 630 4715 tia
671 4661 786 4716 sola
817 4663 1130 4731 capiuntur,
1163 4662 1502 4718 immortales
1532 4670 1587 4716 et
1617 4663 1970 4732 incorporeas
2024 4675 2125 4732 po-

549 4761 800 4816 testates,
829 4762 884 4808 et
907 4755 1268 4824 intelligentes
1289 4771 1355 4810 ac
1377 4755 1672 4810 rationales
1698 4764 1945 4818 naturas,
1969 4753 2126 4824 quasi

551 4845 974 4902 innumerabiles
1029 4847 1214 4902 stellas
1269 4847 1519 4918 lucisque
1569 4845 1764 4910 fontes,
1801 4861 1970 4900 unum
2033 4845 2126 4904 Dei

549 4935 850 5007 perfectum
883 4937 1154 4992 illuminat
1185 4937 1444 4992 Verbum.
1479 4936 1638 5009 154
1661 4935 1937 5006 Siquidem
1966 4951 2128 5006 opor-

549 5031 654 5085 tuit
683 5045 844 5085 unam
879 5045 1098 5101 quoque
1127 5047 1292 5101 super
1321 5032 1504 5086 omnia
1533 5045 1654 5086 esse
1684 5029 1908 5084 omnino
1929 5029 2123 5098 legem,

543 5131 709 5192 atque
749 5122 802 5176 in
833 5123 1088 5178 omnibus
1117 5131 1171 5177 et
1203 5138 1298 5192 per
1333 5122 1515 5176 omnia
1545 5129 1836 5190 penetrans
1875 5119 1968 5174 Dei
2005 5133 2126 5172 ver-

545 5211 700 5276 bum,
725 5215 968 5268 utetiam
999 5213 1053 5268 in
1077 5213 1178 5268 hoc
1213 5213 1466 5284 imaginis
1489 5212 1790 5268 similitudo
1817 5225 1939 5266 cum
1967 5208 2126 5264 Patre

547 5319 936 5376 usquequaque
967 5315 1230 5369 servetur,
1273 5313 1382 5358 tam
1409 5303 1464 5357 in
1487 5319 1551 5358 eo
1585 5303 1726 5373 quod
1757 5301 1822 5356 ad
1849 5303 2121 5364 virtutem,

543 5395 797 5466 quodque
847 5397 914 5450 ad
959 5404 1278 5466 potestatem
1337 5403 1499 5464 atque
1527 5395 1821 5450 essentiam
1865 5391 2120 5462 pertinet,

537 5501 705 5552 quam
739 5486 794 5540 in
829 5502 894 5542 eo
934 5487 1078 5557 quod
1121 5489 1186 5542 ad
1223 5487 1450 5542 unitatis
1483 5483 1989 5556 singularitatisque
2023 5499 2124 5536 nu-

543 5591 775 5632 merum.
811 5576 948 5632 Cum
997 5587 1176 5632 autem
1219 5577 1424 5648 alioqui
1455 5575 1802 5630 multiformis
1833 5591 1896 5628 ac
1935 5573 2116 5626 multi-

545 5667 702 5723 moda
731 5668 1122 5738 gignendarum
1145 5685 1330 5724 rerum
1359 5679 1575 5732 natura,
1602 5664 2122 5720 innumerabilibus-

543 5777 650 5831 qne
699 5775 762 5816 ac
811 5761 978 5816 variis
1023 5762 1159 5816 alias
1210 5763 1333 5817 aliis
1389 5761 1803 5820 mutationibus.
1844 5757 1915 5812 ob
1967 5771 2117 5812 suam

547 5854 718 5926 ipsius
748 5853 1172 5910 imbecillitatem
1193 5855 1424 5910 obnoxia
1457 5853 1636 5910 futura
1673 5859 1837 5918 esset,
1875 5865 1974 5906 nec
2008 5865 2114 5904 non

2226 4676 2286 4711 τε
2312 4659 2404 4712 καὶ
2428 4655 2652 4726 λογικὰς
2691 4653 2873 4716 οὐσίας
2915 4653 3158 4724 μυρίους,
3198 4649 3383 4720 ὥσπερ
3427 4645 3662 4718 ἀστέρας
3707 4643 3806 4698 καὶ

2228 4754 2536 4824 φωστῆρας,
2593 4743 2672 4812 εἷς
2704 4750 2732 4800 ὁ
2759 4747 2852 4800 τοῦ
2887 4744 3019 4800 Θεοῦ
3061 4741 3394 4811 καταυγάςει
3435 4738 3602 4804 Λόγος
3627 4751 3642 4766 ·
3677 4733 3806 4789 ἐπεὶ

2227 4845 2320 4899 καὶ
2350 4845 2486 4916 χρῆν
2505 4843 2601 4896 ἕνα
2627 4841 2714 4894 τὸν
2743 4841 2834 4892 ἐπὶ
2863 4839 2996 4892 πᾶσι
3026 4837 3148 4890 καθ’
3173 4835 3330 4896 ὅλων,
3361 4833 3452 4887 καὶ
3473 4832 3561 4884 τὸν
3577 4832 3634 4882 ὲν
3663 4831 3802 4882 πᾶσι

2227 4939 2320 4992 καὶ
2342 4937 2429 4992 διὰ
2457 4937 2671 4990 πάντων
2719 4935 2922 5004 ἥκοντα
2949 4929 3044 4984 τοῦ
3082 4927 3216 4983 Θεοῦ
3251 4927 3443 4996 Λόγον,
3485 4925 3561 4987 ὡς
3597 4923 3666 4977 ἂν
3697 4923 3804 4976 κάν

2225 5031 2396 5100 τούτῳ
2449 5029 2510 5081 τὸ
2557 5029 2653 5098 τῆς
2709 5024 2913 5086 εἰκόνος
2947 5021 3183 5092 ἐμφερὲς
3212 5017 3290 5088 τῷ
3331 5015 3506 5088 Πατρὶ
3533 5014 3628 5068 καὶ
3659 5013 3805 5066 κατά

2227 5121 2404 5175 πάντα
2427 5115 2781 5181 ἀποσώζοιτο,
2816 5115 2956 5168 κατὰ
2989 5129 3047 5165 τε
3067 5113 3166 5184 τὴν
3196 5109 3414 5182 ἀρετὴν,
3450 5105 3591 5161 κατά
3611 5123 3670 5159 τε
3703 5106 3804 5176 τὴν

2225 5213 2470 5284 δύναμιν,
2499 5213 2590 5265 καὶ
2609 5209 2706 5282 τὴν
2741 5209 2951 5274 οὐσίαν,
2979 5206 3119 5260 κατά
3134 5221 3192 5258 τε
3225 5203 3314 5257 τὸν
3339 5202 3436 5271 τῆς
3464 5199 3689 5271 μονάδος
3707 5198 3802 5251 καὶ

2225 5301 2409 5366 ὲνάδος
2435 5301 2686 5374 ἀριθμὸν,
2722 5297 3032 5362 πολυειδοῦς
3057 5297 3112 5350 δὲ
3141 5295 3314 5358 ἄλλως
3340 5295 3433 5346 καὶ
3459 5291 3800 5363 πολυτρόπου

2226 5393 2430 5462 καὶτῆς
2451 5392 2555 5444 τῶν
2573 5389 2844 5460 γεννητῶν
2867 5387 3162 5460 μελλούσης
3177 5383 3574 5454 ὑποστήσεσθαι
3589 5381 3799 5444 οὐσίας,
3851 5433 3854 5436 .

2227 5482 2446 5554 μυρίαις
2471 5499 2530 5534 τε
2565 5481 2658 5533 καὶ
2707 5479 2976 5540 ποικίλαις
3007 5475 3194 5529 ἄλλοτε
3244 5473 3430 5534 ἄλλαις
3481 5467 3798 5540 μεταϐολαῖς

2223 5575 2288 5628 δι’
2322 5573 2525 5627 οἰκείαν
2548 5571 2827 5625 ἀσθένειαν
2853 5568 3297 5638 ὐποκεισομὲνης,
3321 5565 3423 5644 τῆς
3449 5579 3506 5615 τε
3538 5561 3796 5615 ἀνωτάτω

2223 5665 2316 5718 τοῦ
2348 5663 2554 5735 Ιῐατρὺς
2577 5663 2856 5732 δυνάμεως
2877 5661 2942 5713 δι’
2964 5657 3268 5730 ὑπερϐολὴν
3296 5655 3392 5726 τῆς
3421 5651 3791 5721 ἀνεκφράστου

2225 5755 2454 5823 καὶτῆς
2507 5755 2669 5806 πᾶσιν
2734 5751 3198 5826 ἀπειρομεγέθους
3253 5747 3466 5818 φύσεως
3515 5737 3791 5808 ἀπολεῖ-40·

2229 5847 2414 5918 μένης,
2451 5845 2724 5908 ἀδυνάτως
2755 5863 2812 5899 τε
2833 5843 3056 5916 ἑξούσης
3089 5833 3187 5914 τῆς
3215 5840 3506 5909 ἀγεννήτω
3527 5833 3620 5888 ttat
3643 5833 3788 5904 ἀχωο
