3954 6500
179 400 272 455 ⁸1ῐῖ3

1063 405 1712 462 DEMONSTiL-XTIONIS
1753 405 2208 467 EVANGEIJCAZ
2245 415 2368 471 ΜΒ.
2412 416 2502 471 Π.

3311 423 3418 476 266

179 523 324 588 ρήτου
359 519 646 592 θεότητος,
668 523 800 596 αὐτή
834 543 895 595 γε
930 529 1158 598 γεννητὴ
1179 523 1311 582 οὖσα
1344 531 1587 600 μετέχειν
1625 531 1722 582 ἀντ

1853 542 1880 579 a
1912 532 2149 598 supremi
2190 534 2370 589 Patris
2421 536 2619 589 virtute
2652 519 3010 602 declinatura,
3043 538 3112 591 ob
3145 537 3289 594 illius
3324 556 3420 594 na-

174 615 326 667 ωπείν
362 633 423 667 τε
465 616 612 679 ἄνω,
640 620 731 671 καὶ
780 620 1118 674 ἀντιϐλέπειν
1151 625 1269 686 ταῖς
1298 624 1745 687 ἀποστιλϐούσαις

173 707 252 758 τοῦ
286 708 462 760 ἀϊδίου
498 711 679 777 φωτὸς
704 713 960 784 ἀρρήτοις
980 719 1384 790 μαρμαρυγαῖς,
1414 718 1548 787 χρῆν
1575 717 1744 788 δήπου

172 799 382 862 εἰκότως
433 802 532 854 τὸν
601 805 908 873 πανάγαθον
949 809 1165 878 Πατέρα
1217 809 1311 862 καὶ
1365 810 1589 881 Σωτῆρα
1639 812 1746 865 τῶν

171 891 310 948 ὅλων.
351 893 432 955 ὡς
463 894 537 948 ἂν
585 896 656 967 μὴ
697 897 971 961 παντελῶς
1003 901 1036 970 ἡ
1075 899 1180 952 τῶν
1212 900 1334 970 ἄρτι
1370 902 1744 974 γενησομένων

172 982 335 1050 φύσις,
381 985 604 1056 ἕρημος
645 983 778 1041 οὖσα
804 989 902 1059 τῆς
928 990 1090 1043 αὐτοῦ
1125 993 1424 1056 κοινωνίας,
1452 994 1556 1046 τῶν
1593 995 1746 1063 μεγί-

172 1089 295 1124 στων
322 1075 558 1140 ἀγαθῶν
593 1081 853 1150 στεροῖτο,
877 1081 1046 1152 μέσην
1078 1081 1198 1134 τινὰ
1222 1083 1620 1154 παρεμϐάλλειν
1645 1087 1743 1156 τὴν

167 1165 247 1218 τοῦ
295 1167 650 1235 Μονογενοῦς
701 1171 864 1224 αὐτοῦ
928 1173 1020 1226 καὶ
1072 1175 1410 1246 πρωτοτόκου
1454 1176 1602 1230 θείαν
1648 1179 1742 1232 καὶ

168 1257 399 1327 παναλκῆ
440 1259 547 1311 καὶ
587 1261 888 1334 πανάρετον
937 1263 1182 1335 δύναμιν,
1237 1267 1600 1336 ἀκριϐέστατα
1629 1269 1741 1339 ,μὲν

167 1350 248 1400 καὶ
276 1349 357 1400 ὅτι
387 1349 642 1420 μάλιστα
673 1354 954 1422 ἐγγυτάτω
989 1355 1064 1426 τῷ
1105 1359 1276 1429 Πατρὶ
1307 1359 1740 1431 προσομιλούσαν

165 1439 280 1500 ἴσως
307 1455 368 1489 τε
402 1440 585 1492 αὐτοῦ
631 1442 738 1495 τῶν
781 1445 1102 1516 ἀπορρήτων
1131 1447 1536 1502 ἀπολαύουσανο
1570 1452 1739 1522 πραό-

161 1541 278 1579 τατα
309 1529 366 1582 δὲ
405 1534 836 1601 συγκατιοῧσαν,
854 1539 946 1590 καὶ
976 1539 1322 1608 ἁμωσγέπως
1347 1544 1741 1614 συσχηματιζο-

162 1621 315 1690 μένην
345 1627 464 1688 τοῖς
486 1627 594 1696 τῆς
622 1629 796 1699 ἄκρας
843 1630 1392 1704 ἀπολιμπανομένοις,
1426 1634 1513 1690 διά
1545 1654 1601 1689 τε
1643 1636 1739 1707 τὴν

164 1710 297 1778 σφῶν
328 1714 631 1770 ἀσθένειαν
678 1720 779 1788 τῆς
810 1721 873 1773 ἐκ
907 1721 998 1774 τοῦ
1043 1723 1294 1795 δευτέρου
1318 1725 1647 1794 βελτιώσεως
1677 1747 1734 1781 τε

163 1806 243 1856 λιιι·ι
265 1806 545 1874 ὠφελείας
569 1811 907 1884 ὲνχρῄζουσι,
931 1816 1028 1880 τὰς
1051 1817 1198 1888 ἡλίου
1219 1823 1585 1892 μαρμαρυγὰς
1611 1824 1736 1893 ea.”

1854 626 1988 673 tune
2018 624 2460 691 superlationem,
2487 643 2607 694 qua:
2636 643 2734 682 nec
2764 629 2868 682 diei
2906 637 3103 698 potest.
3125 637 3178 684 et
3198 633 3419 686 omnino

1854 710 2074 767 infinitae
2122 716 2511 784 magnitudinis
2563 727 2666 777 est,
2719 735 2893 789 neque
2943 736 3183 790 unquam
3234 722 3307 776 ad
3361 724 3417 790 id

1849 801 2126 858 facultatis
2167 817 2512 873 perventura,
2555 816 2614 860 ut
2665 808 2780 877 ipsa
2829 817 3006 863 ortum
3054 810 3281 873 habens,
3327 822 3420 865 aut

1853 893 1996 949 illius
2033 895 2334 952 divinitatis
2385 901 2655 969 particeps
2708 901 2877 963 ﬁeret,
2922 917 3041 970 qua:
3089 918 3190 956 nec
3236 913 3419 958 ortum

1851 983 2030 1048 habet,
2058 1002 2156 1040 nec
2187 991 2304 1058 capi
2338 991 2790 1060 comprehendive
2823 1001 3023 1062 potest,
3058 1006 3152 1050 aut
3179 995 3420 1051 intuere-

1851 1085 1938 1129 tur
1987 1094 2226 1142 sursum,
2263 1082 2673 1154 intenderetque
2695 1085 2864 1139 aciem
2893 1088 3222 1142 contraillos
3260 1088 3419 1142 lumi-

1845 1169 1935 1224 nis
1998 1172 2310 1240 sempiterni
2361 1175 2567 1239 radios,
2614 1177 2706 1245 qui
2753 1177 2919 1232 nullis
2970 1179 3151 1234 verbis
3185 1179 3417 1248 exprimi

1849 1265 2373 1331 possunt,nimirum
2405 1284 2627 1324 necesse
2659 1268 2782 1332 fuit,
2810 1287 2911 1325 nec
2943 1272 3167 1342 injuria,
3189 1280 3248 1325 ut
3275 1273 3416 1342 opti-

1847 1370 1968 1410 mus
2020 1373 2215 1427 parens
2261 1368 2316 1414 et
2369 1362 2607 1416 universi
2655 1374 3030 1448 conservator,
3075 1380 3142 1418 ne
3192 1364 3416 1419 omnino

1848 1462 2025 1500 rerum
2069 1452 2318 1518 protinus
2364 1453 2755 1523 gignendarum
2787 1463 3014 1519 natura,
3057 1456 3100 1529 si
3133 1471 3256 1510 cum
3296 1458 3415 1528 ipso

1847 1538 1980 1591 nihil
2013 1555 2240 1609 prorsus
2269 1546 2717 1608 communicaret,
2751 1548 3004 1601 maximis
3046 1549 3202 1603 bonis
3235 1549 3414 1618 priva-

1846 1639 2012 1695 retur,
2048 1634 2277 1688 mediam
2308 1640 2596 1706 quamdam
2633 1641 2794 1696 unice
2827 1642 2910 1694 sui
2938 1642 3219 1711 primoque
3247 1644 3409 1712 geniti

1846 1721 1961 1776 Filii
1994 1724 2255 1790 divinam,
2287 1736 2341 1783 et
2369 1730 2820 1799 omnipotentem.
2852 1740 2903 1786 et
2950 1733 3204 1788 omnibus
3241 1735 3412 1788 virtu-

1845 1816 1988 1871 tibus
2014 1819 2398 1875 exuberantem
2426 1823 2535 1876 vim
2564 1823 2929 1893 interponere,
2956 1840 3076 1894 quae
3107 1826 3413 1881 certissime

163 1896 327 1966 ἡρέμα
356 1901 457 1953 καὶ
484 1902 681 1973 πράως
715 1907 1108 1974 συγκατιούσας
1131 1909 1280 1979 ἡμῖν,
1309 1911 1407 1962 οὐκ
1433 1911 1606 1976 ἄλλως
1639 1913 1723 1983 τῆς

1839 1919 1890 1961 et
1930 1925 2090 1980 quam
2124 1913 2368 1982 proxime
2403 1923 2456 1969 et
2491 1931 2652 1986 quam
2686 1917 3107 1972 familiarissime
3138 1934 3260 1972 cum
3294 1920 3414 1989 ipso

159 1986 242 2038 τοῦ
271 1990 451 2055 φωτὸς
491 1994 738 2066 ἀκράτου
774 1997 1053 2070 δυνάμεως
1081 2001 1214 2065 οἵοις
1249 2021 1307 2055 τε
1341 2003 1628 2058 ἀπολαύειν
1646 2006 1733 2059 διὰ

159 2079 242 2151 τὴν
275 2083 540 2155 σώματος
593 2088 891 2146 ἀσθένειαν.
943 2092 1004 2145 Ei
1051 2094 1202 2162 γοῦν,
1257 2095 1332 2158 ὡς
1377 2097 1436 2148 ὲν
1481 2097 1730 2150 ὑποθέσει

162 2172 324 2242 λόγου,
373 2180 576 2243 καθεὶς
619 2183 905 2253 οὐρανόθεν
954 2186 1114 2250 αὐτὸς
1170 2188 1360 2240 ἑαυτὸν
1391 2190 1419 2241 6
1467 2191 1733 2262 παμφαὴς

156 2264 290 2332 ῆλιος
350 2272 454 2323 σὺν
506 2273 822 2345 ἀνθρώποις
859 2277 953 2329 ἐπὶ
993 2278 1096 2349 γῆς
1148 2278 1494 2344 πολιτεύοιτο,
1546 2281 1732 2335 οὐδένα

164 2360 255 2411 τῶν
279 2361 370 2416 ἐπὶ
423 2366 541 2436 γῆς
602 2371 779 2438 μεῖναι
821 2370 886 2423 ἂν
940 2370 1227 2443 ἀδιάφορον
1253 2411 1268 2434 ,
1335 2372 1552 2426 πάντων
1612 2375 1732 2426 συλο

163 2449 342 2524 λήϐδην
405 2456 680 2528 ἐμψύχων
733 2461 868 2530 ὁμοῦ
917 2461 1009 2514 καὶ
1049 2462 1270 2534 ἀψύχων
1312 2465 1485 2538 ἀθρόᾳ.
1534 2469 1600 2537 τῇ
1637 2467 1729 2520 τοῦ

164 2543 319 2608 φωτὸς
373 2549 661 2622 προσϐολῇ
724 2552 1275 2626 διαφθαρησομένων’
1340 2558 1532 2614 θᾶττον
1599 2559 1730 2628 γοῦν

161 2635 244 2686 καὶ
291 2640 539 2707 τυφλοὺς
610 2645 971 2714 ἀπεργάσαιτ’
1018 2645 1084 2700 ἂν
1134 2648 1261 2712 τοὺς
1310 2649 1418 2702 τῶν
1477 2651 1729 2724 ὁρώντων

159 2725 475 2802 όφθαλμους,
497 2735 707 2808 βλάϐης
741 2738 834 2790 καὶ
859 2737 1061 2809 φθορᾶς
1109 2740 1240 2793 πολὺ
1291 2742 1488 2812 μᾶλλον
1521 2743 1554 2815 ἦ
1595 2744 1731 2812 ὠφε-

164 2816 293 2881 λείας
319 2824 570 2891 γεγονὼς
592 2831 702 2890 τοῖς
733 2831 894 2882 πᾶσιν
926 2831 1116 2894 αἴτιος,
1156 2833 1215 2884 οὐ
1243 2831 1338 2903 τὴν
1370 2831 1528 2901 φύσιν
1567 2836 1727 2898 αὐτὸς

165 2907 227 2962 ὢν
274 2916 543 2981 τοιοῦτος,
581 2922 694 2983 τοῖς
740 2921 796 2974 δὲ
849 2923 1136 2994 ἀφορήτως
1185 2923 1366 2995 ἔχουσι
1418 2925 1485 2977 δι’
1523 2927 1726 2980 οἰκείαν

163 2998 435 3058 ἀσθένειαν·
501 3007 603 3077 τῆς
667 3010 1106 3084 ὑπερϐαλλούσης
1171 3015 1344 3086 αὐγῆς
1412 3017 1722 3084 ἀπολαύειν,

163 3093 339 3148 τοιόσδε
368 3115 456 3162 τις
495 3100 947 3174 ἀποτελούμενος.
977 3107 1040 3158 Τί
1073 3106 1248 3160 τοίνυν
1277 3108 1344 3161 τά
1383 3111 1544 3182 ὃμοια
1586 3130 1724 3182 μαν-

165 3181 316 3237 θάνων
340 3207 406 3242 πε
418 3191 477 3260 pi.
517 3191 650 3246 Θεοῦ
679 3194 1010 3266 θαυμάζεις;
1042 3193 1102 3250 οὐ
1129 3199 1195 3270 δὴ
1224 3201 1322 3271 τῆς
1353 3181 1594 3275 ἀρρήτου
1629 3207 1722 3258 καὶ

165 3273 528 3347 ἀνεκςσράστου
559 3284 839 3356 δυνάμεως
868 3305 927 3340 τε
963 3290 1056 3342 καὶ
1082 3290 1270 3354 οὐσίας
1295 3292 1470 3346 οὐδενὶ
1502 3296 1721 3366 μέτεστι

167 3365 254 3418 τῶν
284 3370 475 3436 ὄντων,
529 3376 668 3448 πλὴν
712 3378 794 3430 ἐνὶ
842 3380 1006 3451 μόνῳ,
1041 3385 1345 3448 κοινωνίας,
1395 3384 1452 3438 ὂν
1491 3388 1649 3451 αὐτὸς
1695 3390 1724 3441 6

165 3455 326 3533 Πατὴρ
373 3469 612 3540 προνοίᾳ
655 3471 764 3524 τῶν
796 3473 931 3526 ὅλων
971 3475 1076 3546 πρὸ
1107 3476 1214 3528 τῶν
1255 3477 1430 3530 ἄλλων
1464 3480 1723 3534 ἁπάντων

167 3559 533 3628 συνεστήσατο,
575 3563 651 3627 ὡς
694 3565 761 3619 ἂν
803 3566 876 3638 μὴ
914 3567 1194 3632 παντελῶς
1237 3571 1269 3641 ἡ
1308 3572 1416 3624 τῶν
1451 3573 1722 3643 γεννητῶν

166 3639 400 3701 ἀποπέσοι
447 3650 616 3719 φύσις
658 3653 724 3707 δι’
763 3656 970 3708 οἰκείαν
1009 3657 1226 3711 ἀτονίαν
1271 3660 1365 3712 καὶ
1399 3660 1720 3732 ἀδυναμίαν,

166 3734 247 3801 τῆς
281 3740 580 3814 ἀγεννήτου
614 3748 705 3798 καὶ
744 3748 1026 3820 ἀχωρήτου
1065 3753 1344 3823 Πατρικῆς
1382 3756 1565 3820 οὐσίας
1611 3757 1719 3810 διε-

169 3827 347 3882 στῶσα’
386 3835 548 3904 μένοι
577 3837 632 3890 δὲ
661 3841 755 3892 καὶ
797 3841 950 3907 αὐξοι
981 3843 1074 3896 καὶ
1118 3846 1372 3915 τρέφοιτο
1409 3847 1509 3917 τῆς
1549 3849 1721 3921 μέσης

168 3914 484 3980 ἀπολαύουσα
509 3932 795 4000 χορηγίας,
821 3934 886 4003 ἣν
905 3936 934 3990 6
959 3936 1251 4007 μονογενὴς
1274 3937 1365 3991 τοῦ
1395 3940 1529 3992 Θεοῦ
1552 3943 1720 4011 Λόγος

169 4007 333 4066 οὔποτε
375 4022 496 4082 τοῖς
529 4023 694 4073 πᾶσιν
739 4025 995 4096 ἐπαρκῶν
1039 4027 1405 4098 διαλιμπάνει,
1443 4034 1614 4105 πάντη
1663 4036 1720 4088 δὲ

169 4102 350 4168 Χωρῶν,
376 4109 480 4160 καὶ
506 4109 595 4162 διὰ
617 4110 836 4166 πάντων
872 4119 1384 4189 περιπορευόμενος,
1415 4124 1630 4178 πάντων
1661 4127 1720 4191 ἐξ

172 4186 268 4286 ξπης
285 4196 375 4266 τῆς
395 4202 679 4271 σωτηρίας
700 4209 936 4274 προνοεῖ,
963 4206 1195 4276 λογικῶν
1216 4213 1350 4283 ὁμοῦ
1375 4217 1466 4268 καὶ
1487 4217 1713 4286 ἀλόγων,

171 4269 345 4377 ῗνξὶτῶν
374 4308 436 4342 τε
470 4294 566 4345 καὶ
590 4293 894 4363 ἀθανάτων,
925 4300 1188 4371 οὐρανίων
1218 4322 1276 4357 τε
1315 4307 1407 4360 καὶ
1431 4309 1708 4377 ἐπιγείων,

173 4357 300 4468 θεξυν
323 4389 376 4471 τε
406 4383 511 4471 ,καὶ
558 4385 806 4456 ἀοράτων
834 4389 1134 4460 δυνάμεων,
1181 4396 1274 4448 καὶ
1303 4357 1598 4471 συλλήϐδῆν
1637 4404 1714 4454 εί-

174 4462 286 4520 πεῖνν
315 4462 572 4520 ἁπάντων
607 4475 706 4526 ὅσα
736 4475 800 4546 δὴ
829 4477 922 4530 τοῦ
950 4476 1087 4534 εἶναι
1110 4482 1177 4535 δι’
1207 4485 1370 4537 αὐτοῦ
1397 4489 1675 4561 μετείληχε
1697 4509 1708 4521 ·

1839 1998 1998 2055 Patre
2028 2012 2342 2060 versaretur
2370 2014 2422 2062 et
2445 2009 2867 2078 colloqueretur,
2884 2011 3267 2080 aequaliterque
3287 2027 3410 2066 cum

1839 2097 2026 2148 eodem
2057 2098 2275 2153 arcanis
2307 2097 2598 2164 frueretur,
2628 2101 3015 2172 benigniSsime
3048 2120 3177 2158 vero
3209 2105 3410 2160 demit-

1840 2195 1974 2240 teret
2003 2202 2091 2254 se,
2120 2195 2173 2242 et
2201 2191 2586 2261 quoquomodo
2631 2193 2746 2248 ﬁeri
2785 2205 3003 2263 posset,
3039 2195 3411 2253 conformaret

1837 2277 1904 2330 ad
1929 2293 2024 2332 eos
2051 2280 2141 2348 qui
2173 2294 2201 2332 a
2233 2296 2445 2336 summo
2471 2282 2751 2346 deﬁciunt,
2772 2284 2974 2355 quique
3006 2297 3224 2356 propter
3253 2303 3409 2343 suam

1839 2368 2209 2437 impotentiam
2258 2373 2415 2441 quasi
2456 2374 2680 2428 alteram
2723 2391 2945 2429 manum
2991 2378 3320 2441 desiderant,
3355 2387 3410 2432 et

1837 2460 2082 2529 profectu
2113 2469 2278 2532 atque
2301 2465 2616 2533 adjumento
2645 2467 2906 2536 indigent,
2935 2485 3044 2538 quo
3076 2470 3208 2524 solis
3231 2472 3411 2540 splen-

1834 2551 2023 2606 dorem
2077 2556 2282 2610 sensim
2315 2573 2381 2612 ac
2422 2558 2652 2628 benigne
2681 2576 2740 2614 se
2775 2560 2841 2613 ad
2878 2577 2978 2615 nos
3035 2561 3405 2616 demittentem

1838 2643 2035 2699 intueri
2082 2655 2284 2715 queant
2329 2667 2343 2703 :
2381 2649 2583 2720 alioqui
2636 2669 2783 2721 purae
2835 2669 3104 2724 mer-aeque
3157 2655 3293 2708 lucis
3329 2657 3400 2717 vi.

1837 2746 2053 2807 prepter
2079 2739 2445 2796 infirmitatem
2478 2749 2722 2813 corporis
2754 2745 2857 2799 frui
2889 2763 2996 2801 non
3025 2748 3254 2817 possint.
3276 2745 3403 2801 Fin-

1835 2846 2026 2897 gamus
2063 2832 2228 2895 enim,
2291 2833 2625 2889 invenienda:
2679 2839 2926 2893 veritatis
2964 2840 3156 2908 gratia,
3186 2838 3404 2893 nitidis-

1834 2922 2030 2975 simum
2067 2923 2216 2976 illum
2258 2926 2428 2979 solem
2468 2927 2645 2996 ipsum
2679 2930 2918 2999 seipsum
2950 2931 3016 2984 de
3045 2931 3187 2984 cml'o
3209 2930 3405 2984 demit-

1833 3023 1965 3077 tere,
1994 3023 2047 3069 et
2079 3030 2200 3069 cum
2232 3016 2542 3074 hominibus
2568 3021 2618 3074 in
2653 3029 2795 3074 terra
2831 3025 3036 3078 versari
3073 3043 3085 3075 :
3118 3039 3244 3077 unm
3279 3023 3406 3077 libe-

1834 3121 1950 3158 rum
2005 3107 2076 3160 sit
2122 3114 2283 3177 atque
2339 3111 2655 3168 indi‘Jercns
2700 3131 2886 3170 earum
2942 3132 3150 3178 rerum,
3184 3131 3304 3186 qua:
3336 3115 3402 3168 ad

1831 3207 2029 3252 terram
2082 3203 2375 3270 pertinent,
2411 3203 2647 3274 cuipiam
2697 3208 3051 3276 permanere?
3093 3207 3311 3262 Minime
3352 3208 3404 3263 id

1827 3289 2044 3357 quidem
2077 3310 2088 3343 :
2126 3307 2250 3345 nam
2307 3306 2556 3363 correpta
2599 3297 2782 3350 omnia
2819 3299 3053 3353 animata
3087 3299 3248 3352 simul
3277 3313 3403 3353 cum

1826 3380 2122 3445 inanimis,
2174 3383 2392 3436 assidua
2440 3387 2716 3456 nimiaque
2770 3390 2909 3445 luris
2963 3390 3229 3444 immissio
3281 3405 3402 3444 cor-

1825 3481 2120 3542 rumperet,
2163 3474 2436 3544 citiusque
2504 3479 2696 3533 oculos
2746 3481 3069 3535 intuentium
3134 3490 3398 3545 emcaret,

1825 3566 2090 3636 longeque
2170 3569 2341 3639 magis
2412 3587 2565 3625 ηοω)
2638 3583 2693 3625 et
2758 3577 3126 3646 corruptionis
3208 3585 3403 3631 auctor

1823 3657 2078 3713 omnibus
2104 3659 2285 3724 fieret,
2314 3677 2474 3730 quam
2499 3663 2711 3730 juvaret
2761 3671 3094 3741 quempiam,
3142 3673 3235 3741 qui
3285 3673 3401 3742 ipse

1823 3750 2040 3818 quidem
2067 3761 2259 3806 natura
2333 3757 2458 3809 talis
2512 3773 2620 3810 non
2677 3769 2780 3822 est,
2853 3770 3228 3817 verumtamen
3268 3779 3396 3834 erga

1821 3843 2019 3910 cosqui
2045 3853 2262 3914 propter
2315 3847 2737 3904 imbecillitatem
2788 3852 3032 3920 ipsorum
3083 3856 3396 3924 prepriam,

1825 3932 1980 4004 155
2011 3936 2190 3993 minus
2223 3937 2402 3993 idonei
2436 3950 2622 3996 essent
2653 3942 2720 3995 ad
2756 3941 3042 3998 ferendum
3075 3987 3090 4011 ,
3129 3956 3297 4016 atque
3325 3947 3396 4000 ob

1823 4027 1874 4079 id
1909 4028 2060 4081 nimii
2087 4034 2506 4104 superantisque
2536 4036 2844 4103 splendoris
2873 4036 3096 4092 minime
3126 4054 3394 4109 capaces.

1820 4116 1946 4172 talis
1989 4120 2263 4176 evaderet.
2315 4123 2427 4176 Cur
2470 4140 2602 4195 ergo
2643 4126 2843 4181 similia
2895 4126 2961 4181 de
3012 4126 3124 4182 Deo
3165 4129 3396 4187 audiens

1821 4208 2144 4272 admiraris.
2176 4212 2334 4281 cujus
2365 4215 2583 4284 quidem
2615 4225 2666 4271 et
2697 4218 2777 4269 sol
2807 4227 2890 4273 est
2923 4234 3082 4290 opus,
3113 4229 3164 4274 et
3190 4222 3392 4276 malum

1821 4297 2172 4363 universum,
2214 4311 2268 4355 et
2311 4304 2601 4360 mundus?
2646 4305 2924 4377 Siquidem
2976 4311 3125 4364 illius
3173 4312 3392 4364 virtutis

1819 4395 1981 4456 atque
2024 4392 2307 4456 essentiae,
2345 4409 2466 4462 qua:
2495 4397 2661 4450 nullis
2692 4398 2874 4452 verbis
2919 4400 3177 4469 nullaque
3207 4401 3393 4453 elocu-

1817 4487 1964 4535 trutxe
2001 4484 2232 4552 exprimi
2281 4493 2496 4555 potest,
2550 4490 2685 4542 nihil
2733 4505 2925 4543 eorum
2965 4507 3085 4560 qme
3124 4499 3286 4555 sunt,
3333 4493 3387 4546 in

173 4551 279 4601 πολὺ
302 4569 357 4616 γε
392 4557 505 4627 μὴν
536 4561 718 4617 πλεῖον
752 4567 1111 4640 διαφερόντως
1136 4574 1234 4643 τῆς
1272 4579 1461 4647 νοερᾶς
1507 4581 1600 4633 καὶ
1629 4583 1712 4634 λο-

1829 4585 2032 4644 partem
2066 4585 2160 4630 aut
2193 4581 2746 4637 communicationem
2779 4587 2958 4648 venit,
2992 4594 3186 4656 pra-ter
3220 4600 3387 4640 unum

171 4645 301 4708 ’,Ἱκῆς
326 4645 565 4713 φύσεως,
610 4653 676 4704 δι’
709 4656 774 4726 ἢν
808 4659 927 4712 οὐδὲ
952 4661 1012 4712 τὸ
1039 4661 1374 4731 ἀνθρώπινον
1407 4666 1711 4739 ὑπερεφρό-

175 4743 234 4827 ξει
275 4735 442 4801 γένος·
495 4741 658 4812 ἐτίμα
704 4745 760 4798 δὲ
809 4744 868 4801 εὗ
903 4750 1048 4819 μάλα
1099 4752 1190 4803 καὶ
1221 4753 1441 4825 ἐκήδετο
1486 4757 1584 4827 τῆς
1617 4759 1710 4811 τοῦ

172 4815 296 4921 {tirno
315 4834 474 4903 χάριν
493 4839 628 4904 πρὸς
650 4841 839 4894 ἑαυτὸν
860 4846 1185 4909 οἱκειώσεώς
1210 4865 1267 4900 τε
1293 4851 1385 4903 καὶ
1412 4855 1688 4923 συνεχείας
1696 4896 1708 4917 ν

226 4919 302 4971 καὶ
331 4926 452 4977 κατ’
481 4928 663 4983 εἰκόνα
693 4934 858 4986 αὐτοῦ
895 4937 1284 5008 μεμορφῶσθαι
1317 4943 1374 4992 ὲν
1407 4947 1518 5007 τοῖς
1548 4947 1710 5017 ἱεροῖς

174 5008 332 5098 furiat;
361 5017 669 5088 ἀνείρηται.
719 5024 856 5078 Ἀλλ’
888 5029 916 5079 6
949 5028 1048 5096 μὲν
1083 5031 1181 5102 τὴν
1210 5032 1392 5086 εἰκόνα
1418 5033 1516 5105 τὴν
1544 5037 1707 5090 αὐτοῦ

177 5105 232 5192 (ους
261 5097 316 5148 ἂν
344 5105 481 5158 Θεοῦ
527 5109 699 5179 Λόγος
737 5113 834 5184 τὴν
865 5116 1060 5186 νοεράν
1100 5118 1317 5173 ἃπασαν
1360 5124 1452 5175 καὶ
1487 5123 1708 5197 λογικὴν

177 5185 389 5280 ξ’ὶεῖστησι
447 5203 726 5272 καταρχὰς
777 5206 876 5276 τῆς
928 5209 1022 5261 τοῦ
1081 5212 1281 5275 παντὸς
1327 5213 1704 5288 δημιουργίας,

177 5283 354 5372 ξιρχικόν
398 5305 457 5340 τε
500 5290 591 5343 διά
641 5295 813 5348 ταῦτα
853 5301 946 5351 καὶ
983 5299 1258 5368 βασιλικὸν
1301 5305 1410 5358 τῶν
1459 5308 1552 5358 ἐπὶ
1603 5309 1708 5379 γῆς

175 5368 387 5427 ατὰντων
421 5377 556 5440 ζῶον
593 5385 826 5458 καθίστη
861 5389 952 5442 τὸν
995 5391 1296 5464 ἄνθρωπον,
1333 5395 1615 5469 ἐλεύθερόν
1646 5417 1706 5452 τε

175 5459 247 5555 tul.
282 5466 616 5531 αὐτεξούσιον
657 5478 755 5542 τῆς
791 5480 870 5541 είς
909 5482 970 5534 τὸ
1011 5483 1175 5536 καλὸν
1209 5485 1241 5555 ἢ
1285 5487 1365 5550 είς
1396 5488 1704 5543 τούναντίον

177 5545 290 5612 ἠξξει
310 5560 466 5613 αὐτὸν
493 5564 688 5634 ῥοπῆς·
723 5568 750 5619 ὁ
773 5567 850 5630 δὲ,
876 5571 936 5622 οὐ
970 5573 1148 5638 καλῶς
1173 5579 1237 5647 τῇ
1271 5577 1704 5649 αὐτεξουσιότητι

176 5651 491 5738 λρησάμενος,
515 5654 616 5724 τῆς
639 5658 803 5729 ὀρθῆς
829 5660 1174 5733 διεκτραπεὶς
1193 5669 1335 5733 ὀδοῦ,
1350 5669 1447 5741 τὴν
1463 5673 1704 5724 ἐναντίαν

177 5741 373 5832 "ditt-ito,
403 5748 539 5816 μήτε
565 5748 696 5802 Θεὸν
726 5753 861 5822 μήτε
895 5758 1116 5828 Κύριον,
1148 5762 1272 5832 μήτ’
1301 5762 1379 5815 ἔτι
1405 5764 1513 5815 τῶν
1543 5765 1704 5818 ὁσίων

178 5823 246 5874 κ²ῖ
275 5833 497 5889 εὖσεδῶν
526 5838 982 5914 ἐπιλογιζόμενος,
1025 5848 1208 5922 θηρῶν
1245 5852 1299 5906 δὲ
1337 5855 1534 5925 τρόπον
1580 5856 1704 5910 ἀλό-

408 5933 676 5998 ΡΛτῐιοι.
712 5938 828 5999 Gn.
861 5942 1054 6003 ΧΧΠ.

1813 4665 2115 4731 duntaxat,
2145 4687 2307 4740 quem
2341 4674 2458 4743 ipse
2500 4674 2684 4738 Pater,
2736 4679 2954 4732 cunctis
2991 4678 3156 4733 rebus
3203 4677 3390 4748 provi-

1813 4759 1948 4814 dens
1973 4801 1987 4821 ,
2013 4769 2137 4816 ante
2171 4763 2277 4817 alia
2296 4777 2495 4821 cuncta
2523 4768 2850 4835 constituit,
2875 4785 2942 4825 ue
2965 4771 3210 4824 omnium
3241 4785 3390 4840 quaa-

1813 4865 2028 4921 runque
2057 4853 2198 4908 facta
2230 4867 2416 4912 essent
2447 4859 2664 4928 penitus
2699 4869 2894 4916 natura
2924 4873 3230 4928 corrueret,
3267 4877 3386 4932 qua:

1812 4953 2035 5013 propter
2065 4947 2438 5005 infirmitatem
2467 4960 2630 5022 atque
2662 4954 3035 5023 impotentiam
3071 4957 3344 5026 propriam
3367 4995 3382 5019 ,

1814 5035 1970 5105 longe
2013 5039 2219 5093 recedit
2260 5041 2329 5094 ab
2365 5043 2455 5096 illa
2495 5043 2676 5100 Patris
2716 5049 2954 5102 essentia
2980 5087 2994 5109 ,
3039 5063 3160 5117 quae
3209 5062 3386 5116 neque

1811 5128 1992 5193 genita
2054 5138 2180 5194 est,
2242 5148 2420 5203 neque
2468 5137 2591 5204 capi
2645 5137 3100 5206 comprehendive
3155 5141 3379 5204 potest,

1814 5217 1909 5272 sed
1941 5229 2000 5272 ut
2038 5231 2319 5286 maneret,
2363 5235 2676 5290 cresceret,
2719 5230 3023 5282 nutriretur
3065 5228 3240 5282 media
3286 5225 3378 5279 illa

1812 5310 2000 5366 fruens
2036 5313 2359 5384 largitione,
2396 5334 2558 5386 quam
2597 5319 2820 5372 unicum
2855 5319 3092 5388 genitum
3125 5317 3219 5372 Dei
3250 5315 3382 5372 Ver-

1809 5403 1934 5457 bum
1956 5444 1971 5467 ,
2005 5416 2283 5476 nunquam
2317 5410 2589 5464 universis
2621 5409 2868 5465 sufﬁcere
2901 5409 3100 5465 desinit
3123 5446 3137 5469 ν
3169 5406 3234 5461 ad
3262 5422 3380 5462 0m-

1808 5496 1901 5547 nia
1942 5511 2072 5548 vero
2113 5506 2407 5566 penetrans
2453 5505 2507 5552 et
2548 5499 2788 5569 undique
2825 5500 3007 5552 omnia
3041 5511 3375 5568 peragrans,

1807 5588 2038 5642 salutem
2076 5590 2321 5642 omnium
2341 5591 2624 5660 mqualiter
2653 5590 2924 5660 providet,
2942 5599 2996 5644 et
3022 5590 3371 5645 rationalium

1805 5686 1861 5732 et
1912 5680 2239 5740 hrutorum.
2289 5689 2343 5735 et
2392 5685 2702 5738 mortalium
2749 5693 2802 5737 et
2849 5684 3276 5742 immortalium.
3321 5688 3377 5735 et

1807 5768 2117 5822 caelestium
2151 5779 2203 5822 et
2230 5772 2615 5834 terrestrium,
2660 5772 2970 5828 divinarum
3015 5788 3233 5843 quoque
3273 5787 3376 5844 poo

1807 5866 2065 5914 testatum
2089 5901 2103 5925 ,
2139 5869 2301 5931 atque
2331 5879 2517 5918 earum
2545 5881 2664 5934 quae
2689 5875 2944 5936 aspectus
2985 5874 3204 5919 nostros
3237 5862 3374 5917 efl'u-

3062 5962 3100 6018 9
