3954 6552
546 409 650 468 267

1201 410 1478 468 EIESEB"
1506 409 1993 466 ‘CAISARIENSIS
2031 409 2180 466 OPP.
2217 410 2400 466 PARS
2431 409 2470 464 L
2507 443 2574 452 ——
2613 411 3108 469 APOLOGETICA.

3683 417 3798 472 263

545 538 733 606 giunt,
781 534 1016 604 denique
1057 535 1304 588 omnium
1351 546 1694 602 quaecunque
1729 546 1825 600 per
1867 528 2018 584 illum
2058 530 2071 582 i

2177 546 2324 597 ,γων
2377 531 2580 595 πάσαις
2631 533 2930 604 ἀνημέροις
2999 533 3093 586 καὶ
3143 531 3464 598 ἀκολάστοις
3517 536 3798 606 πράξεσιν

543 627 686 698 quod
733 633 862 682 sunt
906 641 1195 695 accepere,
1243 626 1400 694 longe
1441 633 1622 680 tamen
1667 625 1903 694 amplius
1945 633 2109 694 atque

538 719 897 776 excellentius
923 717 1274 787 intelligentis
1299 718 1694 786 rationalisque
1724 727 1952 779 naturae,
1979 733 2108 788 pro-

539 823 656 880 pter
679 827 840 882 quam
869 825 936 864 ne
965 809 1262 862 humanum
1296 808 1512 878 quidem
1544 815 1867 876 aspernatus
1897 816 1981 862 est
2015 822 2108 876 ge-

537 921 672 968 nus,
711 904 804 960 sed
838 906 1044 958 honore
1075 901 1256 972 potius
1283 910 1336 954 et
1365 914 1496 953 cura
1526 901 1728 968 ingenti
1755 907 2102 972 prosecutus,

495 1029 497 1034 ·
535 1001 606 1056 ob
639 999 943 1070 appositam
989 996 1338 1066 peculiariter
1387 993 1454 1046 ad
1497 994 1736 1062 seipsum
1778 994 2010 1047 rationis
2045 1002 2102 1048 et

532 1091 684 1146 verbi
739 1089 1197 1144 necessitudinem
1247 1093 1300 1138 et
1348 1084 1832 1154 conjunctionem,
1881 1084 1936 1136 in
1991 1099 2098 1153 qua

527 1183 692 1237 etiam
740 1181 808 1235 ad
855 1179 1029 1250 ipsius
1073 1179 1398 1247 imaginem,
1447 1175 1674 1230 formam
1721 1176 1998 1243 accepisse
2039 1175 2094 1227 in

527 1275 703 1330 sacris
734 1273 974 1328 oraculis
1009 1271 1216 1325 dictum
1245 1276 1349 1324 est.
1389 1265 1496 1324 Sed
1539 1267 1630 1322 ille
1678 1266 1895 1336 quidem
1942 1281 2096 1322 suam

527 1369 702 1438 ipsius
749 1365 1074 1436 imaginem,
1119 1370 1379 1434 tanquam
1423 1359 1516 1415 Dei
1567 1357 1800 1414 Verbum
1843 1369 2094 1412 cunctam

525 1457 898 1528 intelligentia:
931 1465 984 1511 et
1013 1453 1244 1508 rationis
1275 1467 1530 1522 capacem
1563 1459 1814 1504 naturam
1837 1489 1852 1516 ,
1886 1450 1954 1502 ab
1988 1449 2094 1502 ini-

525 1555 600 1606 tio
633 1549 1010 1604 fabricationis
1042 1545 1282 1601 universi
1315 1545 1636 1606 substituit,
1683 1551 1846 1611 atque
1885 1541 2094 1596 idcirco

523 1643 821 1715 principem
853 1655 1144 1710 regemque
1175 1637 1420 1692 omnium
1468 1651 1809 1707 quaecunque
1853 1635 1905 1688 in
1949 1641 2092 1688 terra

520 1746 648 1792 sunt
681 1735 998 1790 animalium
1020 1775 1034 1795 ,
1065 1733 1348 1788 constituit
1393 1731 1668 1785 hominem
1691 1769 1706 1794 ,
1749 1745 1984 1797 eumque
2024 1730 2092 1782 li-

2217 625 2500 696 ὲγχειρῶν.
2555 626 2755 680 Εἰκὸτα
2800 627 2929 694 γοῦν
2973 626 3151 698 ἑαυτῷ
3199 627 3366 680 ποιῶν
3397 629 3425 679 ὁ
3471 629 3798 699 πανάγαθος

2215 717 2309 770 καὶ
2349 718 2724 788 παμϐασιλεὺς
2775 720 2934 782 αὐτὸς
2983 722 3012 772 ὁ
3061 719 3318 789 ’Ύψιστος
3361 721 3457 775 καὶ
3495 722 3628 786 Θεὸς
3679 722 3797 776 τῶν

2213 811 2367 874 ὅλων,
2402 811 2476 874 ὡς
2511 811 2576 864 ἂν
2614 812 2686 882 μὴ
2717 812 2938 883 ἄναρχοι
2965 813 3059 866 καὶ
3088 814 3506 884 ἀνεπιστάτητοι
3533 813 3798 888 θρεμμά-

2211 919 2317 954 των
2350 902 2506 972 δίκην
2544 902 2754 970 ἀλόγων
2785 899 2892 956 εἷεν
2941 905 2988 956 οἱ
3019 905 3111 956 ἐπὶ
3147 906 3249 977 γῆς
3299 904 3593 974 ἄνθρωποι,
3645 920 3794 975 προ-

2209 997 2406 1059 στάτας
2441 996 2616 1050 αὐτῶν
2649 998 2742 1050 καὶ
2775 997 3108 1070 ἐπιμελητὰς
3139 997 3325 1068 ὥσπερ
3368 998 3517 1060 τινὰς
3543 997 3796 1068 ἀγελάρο

2203 1107 2304 1160 χας
2361 1090 2454 1142 καὶ
2501 1090 2790 1161 ποιμένας,
2841 1091 3019 1153 θείους
3067 1091 3329 1160 ἀγγέλους
3379 1092 3794 1160 κατεστήσατο,

2203 1179 2476 1250 προτάξας
2508 1181 2760 1234 ἁπάντων
2796 1181 3021 1244 καὶτοῖς
3044 1183 3208 1234 πᾶσιν
3233 1183 3532 1252 ἐπιστήσας
3557 1181 3654 1233 τὸν
3693 1198 3796 1251 μο-

2199 1271 2392 1340 νογενῆ
2423 1272 2516 1324 καὶ
2543 1272 2882 1344 πρωτότοκον
2925 1272 3087 1326 αὑτοῦ
3119 1273 3310 1342 Λόγον.
3347 1273 3530 1343 Τούτῳ
3557 1273 3614 1326 δὲ
3650 1273 3790 1343 κλῆ-

2201 1379 2292 1432 ρον
2314 1361 2612 1432 ἐξαίρετον,
2635 1364 2832 1426 αὐτοὺς
2861 1363 3125 1431 ἀγγέλους
3147 1365 3240 1416 καὶ
3259 1365 3658 1435 ἀρχαγγέλους,
3688 1367 3790 1418 καὶ

2197 1453 2346 1517 θείας
2376 1455 2652 1525 δυνάμεις,
2687 1455 2824 1508 ἅῦλά
2853 1471 2910 1506 τε
2951 1455 3044 1508 καὶ
3069 1457 3435 1527 ὑπερουράνια
3457 1457 3784 1527 πνεύματα,

2197 1545 2288 1597 καὶ
2324 1545 2427 1616 μὴν
2459 1545 2677 1599 καὶτῶν
2713 1546 2805 1598 ἐπὶ
2834 1545 2937 1616 γῆς
2959 1545 3055 1610 τὰς
3087 1549 3144 1601 ὲν
3175 1547 3476 1619 ἀνθρώποις
3505 1547 3788 1617 θεοφιλεῖς

2195 1637 2372 1708 ψυχὰς
2434 1637 2768 1708 ἁφωρίσατο,
2828 1638 3020 1692 Ἰακὼῦ
3068 1641 3161 1693 καὶ
3225 1640 3439 1712 Ἰσραὴλ
3503 1635 3787 1712 Ἐϐραίων

2201 1731 2538 1802 προσηγορίᾳ
2561 1731 3018 1802 ἐπικαλουμένας.

519 1833 708 1886 herum
742 1839 796 1884 et
825 1845 940 1885 suae
973 1829 1146 1899 ipsius
1177 1826 1464 1898 potestatis
1497 1825 1732 1888 dimisit,
1769 1841 1876 1896 qua
1917 1832 1972 1880 et
2011 1823 2076 1878 ad
2113 1825 2313 1880 bonum
2336 1865 2351 1888 ,
2394 1835 2448 1880 et
2473 1826 2541 1880 ad
2579 1826 2704 1880 boni
2736 1831 3070 1882 contrarium
3105 1827 3232 1885 ferri
3264 1837 3468 1899 posset.
3511 1829 3614 1884 Hic
3641 1845 3786 1886 vero

515 1943 624 1982 non
656 1927 793 1981 bene
827 1941 922 1980 sua
967 1924 1140 1994 ipsius
1181 1929 1447 1993 potestate
1489 1937 1656 1988 usus,
1698 1929 1751 1976 et
1786 1937 1816 1974 a
1847 1929 1996 1975 recto
2026 1920 2221 1975 itinere
2251 1921 2439 1976 abiens
2469 1922 2756 1986 diversus,
2785 1924 2842 1977 in
2883 1926 3222 1980 contrarium
3249 1926 3464 1981 delatus
3500 1933 3618 1992 est,
3663 1942 3784 1980 non

515 2027 778 2090 reputans
811 2016 940 2088 quid
975 2015 1118 2070 Deus
1147 2025 1200 2069 et
1231 2013 1521 2079 Dominus,
1557 2028 1664 2067 non
1693 2013 1822 2082 quid
1852 2013 1944 2082 jus
1971 2021 2024 2067 et
2059 2011 2140 2066 fas
2160 2052 2174 2076 ,
2215 2029 2322 2066 non
2357 2014 2484 2083 quid
2519 2015 2690 2084 pietas
2717 2017 3054 2085 postularet,
3093 2017 3188 2072 sed
3218 2021 3392 2073 instar
3425 2019 3742 2074 belluarum
3765 2062 3782 2086 ,

512 2127 634 2180 qua:
667 2111 896 2166 rationis
935 2115 1192 2178 expertes
1233 2116 1394 2172 sunt,
1427 2121 1618 2162 omnes
1667 2106 1998 2161 inhumanas
2042 2113 2206 2175 atque
2255 2106 2609 2162 immodestas
2651 2114 2892 2164 actiones
2935 2111 3278 2181 aggrediens.
3310 2111 3564 2184 Optimus
3605 2115 3786 2184 igitur

511 2219 672 2278 atque
713 2209 954 2261 omnium
999 2213 1276 2276 regnator,
1327 2219 1443 2274 ipse
1485 2203 1840 2267 Altissimus,
1891 2201 2034 2256 Deus
2059 2203 2334 2266 universi,
2388 2203 2482 2274 qui
2527 2220 2744 2274 semper
2781 2220 2845 2260 ea
2885 2222 3006 2276 qua:
3049 2207 3288 2277 seipsum
3329 2208 3555 2264 deceant
3597 2207 3782 2272 facit,

511 2319 578 2357 ne
629 2303 833 2372 absque
889 2301 1055 2356 certis
1109 2301 1449 2371 principibus
1503 2315 1567 2352 ac
1606 2291 1900 2369 praefectis,
1937 2299 2508 2369 instarjumentorum
2541 2303 2942 2356 irrationalium
2978 2313 3184 2368 essent,
3227 2305 3320 2375 qui
3360 2306 3415 2360 in
3457 2313 3602 2360 terra
3649 2321 3786 2362 ver-

509 2397 772 2452 sabantnr
809 2395 1096 2460 homines,
1131 2402 1338 2450 tutores
1369 2395 1477 2448 illis
1511 2406 1564 2450 et
1603 2403 1886 2449 curatores
1917 2396 2076 2465 quasi
2106 2395 2372 2465 quosdam
2407 2407 2782 2453 armentorum
2815 2399 2985 2454 duces
3025 2407 3188 2470 atque
3225 2410 3507 2472 pastores,
3549 2403 3782 2456 divinos

506 2494 728 2564 angelos
761 2493 943 2556 dedit,
977 2493 1222 2563 principe
1264 2495 1508 2546 omnium
1551 2491 1860 2557 declarato,
1901 2493 2062 2564 156
2089 2495 2454 2566 omnibusque
2495 2495 2752 2566 prtefecto
2779 2498 2978 2564 unico,
3007 2499 3294 2570 primoque
3326 2501 3508 2570 genito
3548 2516 3654 2556 suo
3693 2501 3780 2571 ip~

505 2587 621 2642 sius
651 2585 852 2642 Verbo.
886 2585 1137 2657 lluicque
1164 2587 1268 2656 ipsi
1318 2593 1520 2640 sortem
1571 2587 1899 2656 pracipuam
1923 2627 1937 2651 ,
1970 2587 2190 2656 angelos
2223 2589 2372 2658 ipsos
2401 2597 2566 2661 atque
2605 2571 2995 2662 archangelos,
3037 2593 3361 2664 divinasque
3419 2604 3730 2664 potestates
3758 2637 3775 2661 ,

505 2683 858 2753 materiaeque
898 2683 1078 2737 omnis
1104 2691 1376 2751 expertes,
1419 2697 1484 2736 ac
1526 2682 1648 2752 ipso
1689 2683 1830 2737 coalo
1876 2685 2190 2752 superiores
2232 2685 2497 2754 spiritus,
2545 2703 2758 2743 necnon
2807 2703 2874 2744 ex
2921 2689 2990 2743 iis
3032 2705 3153 2760 quae.
3191 2691 3245 2744 in
3273 2701 3414 2745 terra
3443 2703 3775 2762 versantur,

503 2777 788 2847 religiosas
835 2777 1114 2832 hominum
1158 2777 1368 2832 animas
1409 2792 1658 2833 seorsum
1711 2778 1994 2846 attribuit,
2048 2794 2168 2850 qua:
2217 2783 2382 2836 etiam
2428 2785 2890 2854 appellationibus
2935 2784 3325 2851 Hebraeorum,
3376 2785 3546 2842 Jacob
3597 2795 3776 2858 atque

501 2867 668 2925 Israel
701 2871 1076 2925 nominantur.

1223 2987 1336 3042 VII.
2101 2999 2146 3055 Β
2922 2993 2982 3044 Z'

501 3082 654 3151 Quod
683 3082 811 3138 solis
855 3082 1092 3138 Hebrwis
1125 3083 1419 3152 antiquitus
1449 3082 1680 3152 cognitio
1718 3080 1810 3136 Dei
1842 3084 2070 3138 universi

2188 3081 2282 3152 Ὠς
2313 3081 2523 3151 μόνοις
2593 3082 2873 3150 Ἑϐραίοις
2937 3083 3004 3137 τὸ
3068 3083 3328 3137 παλαιὸν
3385 3083 3423 3152 ἠ
3485 3083 3593 3137 τοῦ
3641 3087 3770 3141 τῶν·

565 3154 778 3223 prodita
815 3155 924 3220 sit,
957 3172 1072 3225 qua:
1111 3151 1322 3208 Christo
1380 3151 1606 3222 “ipsum
1647 3153 1922 3208 exlubeu'te
1953 3171 2071 3224 per-

2247 3151 2404 3206 ὅλων
2436 3153 2582 3207 Θεοῦ
2607 3154 2826 3225 γνῶσις
2857 3155 3340 3209 dammam-varro.
3371 3153 3467 3208 διὰ
3491 3153 3600 3222 τῆς
3628 3159 3770 3212 ἐπι-

565 3227 842 3294 ciperetur.
971 3224 978 3225 ί

2245 3225 2498 3293 φανείας
2527 3224 2632 3283 τοῦ
2667 3226 2926 3294 Χριστοῦ
2971 3225 3446 3295 γιγνωσκομένη.

565 3336 680 3392 Ηοο
713 3354 844 3394 Sane
872 3337 1257 3408 mysteriorum
1285 3335 1530 3391 omnium
1565 3335 1833 3402 maxime,
1863 3339 2072 3408 primus

491 3431 874 3502 theologorum
911 3430 1124 3502 Moyses
1154 3430 1206 3484 in
1255 3431 1508 3493 arcanis,
1558 3429 1816 3484 llebrazos
1859 3441 2070 3488 veteres

494 3523 765 3582 initiavit.
806 3524 886 3579 sic
921 3523 1112 3578 dicens
1146 3543 1160 3578 :
1193 3543 1209 3573 ι
1247 3521 1527 3594 Interroga
1567 3531 1776 3593 patrem
1821 3531 1975 3578 tuum
2019 3534 2072 3580 et

493 3616 838 3670 annuntiabit
860 3615 979 3678 tibi,
1013 3615 1248 3684 majores
1277 3622 1399 3670 tuos
1425 3623 1478 3669 et
1505 3615 1689 3670 dicent
1715 3617 1810 3671 tibi
1838 3636 1851 3672 :
1883 3617 2071 3683 Quan-

492 3707 562 3762 do
612 3707 889 3761 dividebat
935 3707 1254 3762 Altissimus
1302 3715 1526 3777 gentes,
1583 3717 1642 3762 ut
1691 3709 2070 3766 disseminavit

493 3797 635 3853 filios
665 3799 837 3852 Adam
862 3839 874 3862 ,
903 3799 1191 3854 constituit
1219 3800 1484 3853 terminos
1512 3801 1753 3870 gentium
1785 3803 1938 3872 juxta
1967 3820 2068 3856 nu-

491 3905 701 3945 merum
733 3891 1046 3960 angelorum
1081 3889 1215 3954 Dei,
1259 3901 1313 3945 et
1345 3891 1485 3944 facta
1522 3903 1605 3946 est
1639 3893 1816 3963 portio
1851 3894 2066 3950 Domini

489 3980 725 4052 populus
755 3982 876 4052 ejus
903 3980 1072 4036 Jacob
1093 4023 1108 4042 .
1143 3983 1420 4038 funiculus
1449 3983 1784 4039 hzereditatis
1825 3985 1948 4054 ejus
1989 3987 2068 4042 ls-

487 4076 602 4130 rael
625 4075 692 4130 ".
723 4095 744 4128 υ
773 4074 870 4130 His
891 4075 1108 4144 quidem
1133 4077 1314 4131 verbis
1341 4095 1354 4130 :
1379 4077 1720 4131 Altissimum
1747 4091 1893 4142 eum,
1920 4080 2064 4148 quod

485 4165 650 4224 Pater
697 4175 816 4231 est,
869 4167 1070 4238 quique
1111 4183 1276 4237 supra
1331 4168 1554 4231 omnia,
1607 4166 1775 4221 Deum
1825 4169 2062 4222 universi

484 4261 734 4316 nominat
764 4279 778 4318 :
809 4258 1100 4315 Dominum
1139 4275 1267 4314 vero
1295 4259 1528 4330 hujusce
1555 4259 1819 4326 Verbum,
1849 4259 1904 4314 id
1931 4275 2064 4315 sane

2244 3338 2416 3392 Τοῦτο
2458 3339 2772 3410 μυστηρίων
2816 3339 2877 3391 τὺ
2924 3339 3200 3409 μέγιστον,
3241 3339 3456 3410 πρῶτος
3491 3339 3770 3410 θεολόγων

2171 3433 2412 3503 Μωῦσῆς
2436 3434 2492 3485 ἐν
2516 3432 3158 3504 ἀπορρήτοιςσἙὸραίους
3179 3431 3304 3494 τοὺς
3323 3431 3487 3486 πάλαι
3513 3436 3766 3504 ὲμυστα-

2171 3523 2340 3594 γὼγει
2395 3525 2586 3594 λέγων·
2641 3545 2659 3576 ‹
2722 3525 3098 3596 Ἐπερώτησον
3138 3525 3230 3576 τὸν
3272 3529 3486 3597 πατέρα
3527 3543 3622 3579 σου
3661 3527 3764 3580 καὶ

2171 3617 2462 3685 ἀναγγελεῖ
2487 3635 2587 3682 σοι,
2611 3619 2734 3681 τοὺς
2759 3617 3163 3689 πρεσϐυτέρους
3195 3635 3286 3671 σου
3312 3619 3405 3671 καὶ
3428 3619 3610 3690 ἐροῦσί
3635 3635 3724 3672 σοι
3743 3635 3760 3649 ·

2168 3709 2258 3761 ὅτε
2285 3707 2586 3780 διεμέριζεν
2613 3709 2642 3760 ὁ
2675 3709 2935 3777 "mw-.0;
2967 3707 3115 3778 ἔθνη,
3152 3708 3226 3771 ὡς
3262 3709 3568 3780 διέσπειρεν
3603 3711 3762 3774 υἱοὺς

2181 3799 2371 3870 Ἀδὰμ,
2417 3799 2644 3870 ἔστησεν
2687 3801 2811 3872 ὅρια
2851 3799 3021 3854 ἐθνῶν
3059 3800 3180 3852 κατ’
3237 3801 3468 3872 ἀριθμὸν
3506 3801 3762 3870 ἀγγέλων

2168 3889 2325 3952 Θεοῦ,
2351 3889 2445 3943 καὶ
2470 3890 2701 3960 ἐγενήθη
2744 3890 2902 3960 μερὶς
2941 3889 3146 3960 Κυρίου
3171 3888 3296 3954 λαὸς
3332 3891 3494 3944 αὑτοῦ
3534 3891 3758 3955 Ἰακὼϐ,

2169 3983 2454 4054 σχοίνισμα
2487 3983 2850 4055 κληρονομίας
2872 3983 3036 4036 αὐτοῦ
3085 3984 3320 4056 Ἰσραήλ.
3365 4003 3383 4035 ι
3421 3983 3520 4036 Διὰ
3544 3983 3758 4038 τούτων

2165 4078 2296 4146 γοῦν
2325 4077 2583 4148 Ὕψιστον
2627 4079 2724 4148 μὲν
2752 4077 2842 4130 τὸν
2872 4078 3153 4140 ἀνωτάτω,
3185 4077 3278 4132 καὶ
3304 4079 3396 4130 ἐπὶ
3431 4079 3584 4142 πᾶσι,
3617 4077 3756 4130 Θεὸν

2164 4168 2272 4222 τῶν
2303 4169 2440 4222 ὅλων
2471 4165 2746 4237 ὀνομάζει·
2783 4165 2984 4235 Κύριον
3011 4167 3068 4220 δὲ
3095 4167 3188 4219 τὸν
3219 4165 3407 4219 τούτου
3435 4165 3631 4235 Λόγον,
3657 4167 3756 4218 τὸν

2163 4263 2227 4335 δὴ
2255 4263 2349 4316 καὶ
2380 4261 2647 4334 δευτέρως
2695 4261 2826 4332 ἡμῖν
2865 4259 3002 4330 μετὰ
3033 4259 3125 4314 τὸν
3165 4260 3276 4312 τῶν
3317 4260 3453 4313 ὅλων
3481 4259 3614 4312 Θεὸν
3651 4277 3746 4313 κυ-

483 4355 628 4424 quod
678 4370 780 4410 nos
827 4369 858 4407 a
907 4352 1074 4408 Patre
1111 4353 1390 4424 genitum,
1437 4354 1799 4424 appellatione
1845 4353 2058 4407 Domini

2177 4355 2596 4427 οιολογοὺμενον.
2642 4353 2800 4407 Ἀλλὰ
2834 4353 2944 4424 γὰρ
2973 4357 3086 4419 τοῖς
3121 4355 3218 4424 μὲν
3247 4353 3356 4406 τῶν
3381 4352 3551 4406 ἐθνῶν
3581 4346 3748 4418 ἀορά-

481 4461 831 4502 vcneramur.
856 4445 1125 4501 Caeterum
1153 4445 1426 4516 praefectis
1451 4446 1669 4516 quidem
1697 4461 1758 4500 ac
1785 4447 2058 4502 tutoribus

480 4541 722 4610 gentium
741 4579 759 4605 ,
783 4540 962 4594 visum
985 4547 1234 4594 nostrqu
1263 4538 1648 4608 effugientibus
1669 4578 1682 4600 ,
1713 4538 1848 4609 ipsis
1873 4539 2060 4608 utique

479 4631 690 4699 angelis
713 4671 728 4693 ,
761 4638 994 4686 cunctas
1029 4639 1220 4702 gentes
1249 4640 1304 4685 et
1335 4631 1477 4685 tilios
1505 4631 1789 4685 hominum
1824 4645 1964 4700 quos
1996 4627 2060 4682 li-

475 4723 582 4778 lios
629 4723 802 4776 Adam
849 4732 1043 4786 vocat,
1080 4723 1253 4792 ipsius
1294 4723 1552 4776 altissimi
1589 4719 1682 4776 Dei
1725 4721 1970 4790 judicio,
2002 4729 2056 4776 et

475 4815 637 4871 nobis
669 4815 1067 4870 occultissimis
1096 4814 1426 4874 rationibus,
1453 4814 1529 4867 ait
1559 4814 1895 4868 distributos
1925 4813 2058 4868 fuis-

473 4923 532 4964 se
562 4908 866 4962 :omnium
910 4923 1042 4962 vero
1086 4907 1524 4962 eminentissimo
1566 4908 1784 4976 praesidi
1827 4923 1892 4962 ac
1939 4907 2052 4977 regi

472 5003 756 5070 universi,
805 5003 908 5073 ipsi
949 5003 1140 5072 utique
1181 5001 1424 5062 Christo.
1471 5010 1734 5072 tanquam
1765 5002 1931 5057 unico
1961 5001 2052 5054 Fi-

471 5093 576 5156 lio,
608 5111 676 5150 ex
709 5095 845 5164 ipsis
873 5095 1189 5150 hominibus
1216 5091 1389 5148 Jacob
1415 5101 1578 5164 atque
1610 5093 1772 5148 Israel
1791 5135 1806 5157 ,
1837 5094 1940 5148 hoc
1967 5101 2052 5148 est

471 5201 633 5240 omne
690 5187 1058 5258 quodcunque
1096 5195 1150 5242 et
1189 5189 1310 5242 visu
1351 5187 1558 5256 percipi
1597 5195 1808 5256 potest,
1851 5193 1903 5240 et
1933 5185 2051 5238 cul-

471 5286 586 5332 tum
627 5278 720 5335 Dei
761 5283 1072 5352 amplexum
1121 5289 1236 5346 est,
1295 5281 1556 5334 traditum
1608 5279 1782 5334 fuisse
1829 5293 2044 5348 genus:

471 5385 598 5424 nam
634 5373 727 5440 qui
763 5375 832 5428 ad
871 5376 1128 5430 virtutem
1167 5375 1449 5443 proposito
1484 5372 1788 5427 certamine
1825 5385 2046 5424 exerce-

470 5468 582 5524 tur,
623 5471 784 5530 atque
819 5467 995 5520 adhuc
1037 5471 1244 5536 pugnat
1282 5473 1336 5520 et
1367 5464 1607 5518 luctatur
1647 5465 1702 5516 in
1743 5462 2046 5534 gymnasiis

467 5551 690 5620 pietatis
711 5591 728 5614 ,
772 5553 859 5606 hic
893 5552 1248 5612 Hebraeorum
1285 5555 1554 5610 vocabulo
1593 5553 1797 5608 dicitur
1829 5552 2000 5606 Jacob
2028 5572 2040 5606 :

465 5642 560 5714 qui
591 5659 720 5697 vero
745 5643 858 5712 jam
887 5647 1134 5702 victoria:
1166 5663 1229 5702 ac
1259 5649 1606 5718 praemiorum
1671 5645 1816 5716 apud
1873 5644 2044 5700 Deum

464 5749 690 5808 compos
717 5747 801 5793 est
837 5736 1050 5806 factus,
1095 5730 1632 5818 lsrael_appellatur,
1673 5739 1857 5812 qualis
1893 5737 2043 5794 vide-

537 5901 582 5936 ”
615 5909 772 5970 Deut.
805 5925 978 5980 mut,
1011 5910 1132 5968 7-9.

2160 4463 2273 4510 τοις
2321 4445 2671 4517 προστάταις,
2713 4445 2896 4507 αὐτοῖς
2939 4443 2996 4497 δὲ
3030 4447 3144 4506 τοῖς
3191 4442 3458 4512 ἀγγέλοις,
3498 4435 3566 4489 τὰ
3612 4435 3745 4506 ἔθνη

2161 4541 2338 4595 πάντα
2380 4543 2474 4593 καὶ
2515 4541 2640 4604 τοὺς
2681 4541 2828 4602 υἱοὺς
2871 4537 2977 4591 τῶν
3025 4535 3326 4608 ἀνθρώπων
3369 4530 3518 4594 υἱοὺς
3567 4529 3744 4600 Ἀδὰμ

2159 4631 2637 4702 ἐπικαλουμένους,
2679 4632 2855 4703 κρίσει
2894 4631 2988 4684 τοῦ
3033 4629 3255 4698 ὑψίστου
3281 4623 3415 4679 Θεοῦ
3443 4623 3537 4676 καὶ
3561 4621 3742 4690 λόγοις

2157 4729 2417 4799 ἀρρήτοις
2470 4725 2600 4795 ἡμῖν
2654 4741 2783 4796 φησι
2825 4722 3235 4794 διανεμηθῆναι·
3287 4718 3366 4788 τῷ
3409 4716 3464 4769 δὲ
3521 4716 3740 4769 πάντων

2157 4817 2498 4888 ὲξοχωτάτῳ,
2540 4816 2767 4888 ἡγεμόνι
2811 4832 2868 4868 τε
2900 4815 2994 4867 καὶ
3034 4811 3243 4883 βασιλεῖ
3266 4809 3374 4863 τῶν
3399 4805 3554 4871 ὅλων,
3587 4803 3741 4874 αὐτῷ

2154 4908 2217 4980 δὴ
2251 4907 2327 4978 τῷ
2353 4907 2594 4979 Χριστῷ,
2623 4909 2698 4972 ὡς
2732 4907 2798 4960 ἂν
2831 4908 3110 4978 μονογενεῐ
3139 4903 3274 4974 Υίῷ,
3297 4901 3406 4954 τῶν
3435 4901 3491 4952 ἐν
3525 4897 3740 4970 ἀνθρώ-

2155 5018 2298 5064 ποις,
2331 5001 2421 5054 τδν
2464 4999 2658 5055 Ἰακὼϐ
2691 4999 2784 5053 καὶ
2841 4999 3079 5070 Ἰσραὴλ,
3110 4996 3356 5050 τουτέστι
3396 4995 3503 5046 πᾶν
3537 4989 3596 5043 τὺ
3624 4989 3738 5043 διο-

2159 5094 2375 5166 ρατικδν
2425 5093 2518 5147 καὶ
2561 5093 2810 5155 θεοσεϐὲς
2843 5091 3212 5163 παραδοθῆναι
3251 5087 3426 5156 γένος.
3466 5083 3647 5136 Εἱσέτι
3679 5095 3736 5132 τι

2153 5187 2330 5240 ἀθλῶν
2373 5189 2464 5240 καὶ
2506 5187 2750 5240 παλαίων
2789 5188 2845 5237 ὲν
2886 5187 2996 5248 τοῖς
3041 5185 3162 5236 κατ’
3207 5181 3482 5233 εὐσέϐειαν
3517 5189 3730 5243 γυμνα-

2155 5280 2307 5343 σίοις,
2356 5279 2622 5352 Ἐϐραίων
2662 5276 3002 5348 προσηγορίᾳ
3035 5274 3298 5342 κέκληται
3349 5267 3578 5322 Ἰακώϐ·
3608 5268 3638 5318 ὁ
3673 5263 3731 5316 δὲ

2151 5370 2249 5441 ἤδη
2284 5371 2438 5438 νίκης
2483 5370 2574 5422 καὶ
2616 5369 2722 5422 τῶν
2764 5369 2912 5439 παρὰ
2952 5365 3071 5435 Θεῷ
3117 5363 3384 5435 βραϐείων
3429 5355 3730 5426 ἠξιωμένος

2162 5464 2378 5536 Ἰσραὴλ
2409 5461 2816 5532 ἀναγορεύεται·
2851 5453 2960 5521 οἷος
2992 5457 3152 5521 αὐτὸς
3182 5451 3249 5524 ἦν
3289 5455 3492 5512 ἐκεῖνος
3529 5447 3558 5498 ὁ
3589 5445 3726 5516 βοὼο

2153 5571 2310 5625 μενος
2338 5551 2432 5607 τοῦ
2468 5551 2664 5612 παντὸς
2717 5547 2981 5620 Ἐϐραίων
3013 5546 3197 5604 ἔθνους
3237 5539 3555 5612 προπάτωρ,
3587 5533 3642 5586 οἵ
3667 5547 3726 5584 τι

2148 5645 2336 5698 τούτου
2364 5645 2574 5714 γνήσιοι
2606 5641 2794 5704 παῖδες
2820 5637 3073 5707 ἁπόγονοί
3105 5653 3162 5688 τε
3195 5633 3420 5692 τούτων,
3464 5629 3559 5682 καὶ
3593 5642 3726 5696 προ-

2154 5737 2406 5810 πάτορες.
2438 5734 2712 5808 προφῆται
2745 5733 2944 5798 πάντες
2972 5731 3066 5785 xui
3095 5726 3360 5796 θεοφιλεῖς
3393 5722 3605 5794 ἄνδρες.
3633 5715 3726 5788 Μὴ
