3954 6508
173 416 270 469 9.69

1075 417 1725 475 Di-ZMONSTRATIONIS
1767 421 2226 480 EVANGELICIE
2262 425 2387 480 LIB.
2423 426 2511 481 IV.

3323 426 3427 477 ΞΠ)

171 537 272 604 γάρ
318 553 412 604 μοι
463 536 534 589 τὸ
599 538 864 591 Ἰουδαίων
900 538 1099 609 πλῆθος
1132 539 1304 610 ταύτῃ
1345 537 1532 608 νόμιζε
1575 538 1757 608 δηλοῦ-

1869 540 1994 596 licet
2029 542 2129 594 fuit
2159 543 2247 596 ille
2280 543 2394 612 ipse
2428 540 2749 595 notissimus
2784 529 2951 594 totius
2990 539 3269 593 llebraicm
3299 558 3430 610 geu-

172 629 306 689 σθαι,
338 629 556 699 μόνους
598 649 656 684 τε
690 634 812 694 τοὺς
852 631 1018 684 πάλαι
1048 632 1307 703 πρότερον
1347 632 1512 702 ἀρετῇ
1543 632 1638 684 καὶ
1669 631 1761 683 εύ-

171 720 349 790 σεεεέᾳ
391 723 886 794 τετελειωμένους.
936 723 1170 787 Τούτους
1199 725 1264 794 δὴ
1298 722 1389 778 οὖν
1429 721 1761 794 παραλαϐὼν

168 812 194 864 ὁ
219 813 576 884 καθηγεμὼν
623 819 716 870 καὶ
746 818 1054 888 προστάτης
1087 817 1339 872 ἁπάντων
1368 817 1459 871 τοῦ
1483 815 1618 870 Θεοῦ
1659 817 1761 868 Λό-

167 920 273 967 τος,
301 905 400 956 ἐπὶ
447 905 563 976 τὴν
598 908 756 977 μόνου
787 908 878 960 τοῦ
911 909 1143 979 Πατρὸς,
1174 907 1334 961 αὑτοῦ
1373 908 1437 979 δὴ
1473 907 1564 962 τοῦ
1609 908 1764 977 Ὑψί-

169 1012 308 1057 στου,
341 995 668 1069 Op'qmcsiav
704 1000 1016 1053 ἀνεκαλεῖτο
1050 1001 1154 1053 τῶν
1182 1001 1474 1071 ὁρωμένων
1507 1001 1762 1053 ἁπάντων

168 1088 451 1152 ἀνωτάτω,
504 1092 770 1146 ἐπέκεινά
809 1111 868 1146 τε
906 1093 1133 1164 ούρανοῦ
1175 1095 1270 1147 καὶ
1310 1094 1490 1164 πάσης
1532 1093 1762 1163 γενητῆς

166 1179 367 1243 οὐσίας,
402 1183 552 1246 τοὺς
595 1185 865 1255 ὑπηκόους
894 1186 1076 1257 ἡρέμα
1109 1185 1203 1238 καὶ
1237 1186 1426 1256 πράως
1461 1183 1760 1238 ἀνακαλού-

168 1287 340 1338 μενος,
373 1273 560 1341 μόνον
596 1292 656 1327 τε
683 1277 865 1338 αὐτοῖς
897 1277 988 1330 τὸν
1019 1277 1332 1348 ἀγέννητον,
1371 1279 1464 1331 καὶ
1489 1277 1596 1329 τῶν
1624 1277 1760 1329 ὅλων

166 1366 392 1436 ποιητὴν
422 1367 578 1421 Θεὸν
603 1370 694 1422 τὸν
725 1370 948 1440 ὕψιστον
982 1372 1308 1444 παραδιδοὺς
1338 1372 1600 1425 εὐσεϐεῖν.

1866 633 1938 687 tis
1973 643 2182 689 auctor.
2218 636 2445 705 ejusque
2477 636 2587 688 veri
2621 649 2684 688 ac
2713 633 2934 704 legitimi
2969 633 3098 702 ﬁlii,
3147 644 3309 704 atque
3339 635 3433 688 ito-

1867 739 1986 775 rum
2014 733 2237 794 nepotes
2266 745 2280 780 :
2313 732 2522 779 veteres
2547 727 2669 779 item
2702 724 2975 794 prophetae
3003 740 3220 786 omnes,
3256 733 3309 778 et
3337 726 3430 794 qtti

1867 815 1978 870 Deo
2000 818 2138 887 grati
2169 817 2388 872 fuerunt
2417 818 2518 870 viri
2552 840 2562 872 :
2603 817 2758 887 157
2782 817 2892 870 noli
2915 817 3068 876 mihi,
3096 832 3300 885 qtueso,
3328 834 3424 886 pu-

1868 917 1985 964 tare
2023 908 2332 964 Judaeorum
2372 921 2696 964 conventum
2735 911 2834 963 hac
2863 911 3223 979 appellatione
3255 910 3428 980 signi-

1872 999 2056 1057 licari.
2096 1006 2150 1052 et
2189 1014 2284 1053 eos
2323 999 2470 1052 solos
2505 1000 2597 1068 qui
2636 999 2776 1068 apud
2819 1001 3029 1068 priores
3067 1001 3194 1053 olim
3232 1001 3432 1054 virtute

1869 1106 1930 1145 ac
1986 1091 2182 1160 pietate
2238 1091 2460 1162 perfecti
2501 1093 2862 1146 exstiterunt:
2901 1093 3001 1148 hos
3042 1093 3223 1162 itaque
3272 1109 3430 1147 assu-

1867 1198 2020 1237 mens
2072 1184 2268 1237 tluctor
2329 1186 2570 1238 omnium
2607 1201 2670 1239 ac
2707 1185 2960 1255 princeps
3018 1185 3110 1239 Dei
3150 1185 3384 1239 Verbum
3412 1223 3430 1248 ,

1870 1277 1936 1329 ad
1982 1277 2146 1330 unius
2186 1275 2400 1340 Patris,
2451 1277 2623 1348 ipsius
2659 1277 2923 1333 Altissimi
2972 1279 3179 1333 scilicet
3223 1279 3429 1333 cultum

1864 1370 2152 1423 revocabat
2175 1370 2558 1438 supra.omnia
2593 1385 2714 1438 quae
2746 1370 2849 1424 sub
2882 1370 3056 1422 visum
3088 1370 3315 1430 cadunt,
3348 1377 3430 1421 at-

163 1469 261 1520 que
299 1456 450 1508 ultra
483 1455 732 1520 coelum,
763 1459 1014 1528 ultraque
1046 1475 1260 1515 omnem
1293 1476 1630 1532 quacunque
1666 1458 1805 1512 facta
1842 1459 1912 1512 sit
1957 1466 2240 1524 naturam,
2271 1474 2364 1512 eos
2413 1459 2502 1528 qui
2546 1460 2648 1514 sibi
2694 1460 2904 1530 jubeuti
2952 1462 3257 1530 paruissent
3306 1477 3428 1515 scn-

164 1549 258 1603 sim
304 1551 676 1622 benigneque
724 1553 996 1619 invitans,
1045 1553 1332 1624 solumque
1385 1554 1492 1608 illis
1522 1569 1643 1608 eum
1667 1593 1681 1616 ,
1716 1551 1807 1621 qui
1841 1543 2055 1620 genitus
2096 1566 2201 1604 non
2234 1558 2348 1614 est,
2381 1553 2620 1606 universi
2651 1554 2985 1609 conditorem
3022 1553 3187 1608 Deum
3229 1555 3432 1610 altissi-

165 1658 304 1695 mum
337 1643 653 1697 colendum
685 1644 926 1699 tradens.

935 1762 1015 1814 Ην.

173 1849 261 1917 Ὦς
275 1856 524 1919 μόνους
558 1853 701 1920 τοὺς
722 1853 849 1907 κατ’
869 1854 1124 1919 οἰψανιὶν
1143 1852 1456 1922 φωστῆρας
1486 1854 1556 1906 τὰ
1578 1855 1758 1907 λοιπὰ

227 1917 348 1974 τῶν
391 1917 606 1976 ἐθιλῶν
658 1917 872 1978 ἔσεϐον
915 1917 1193 1994 ἀγγέλοις
1251 1917 1414 1978 τισίν
1440 1917 1758 1992 ’ἐγκεχωρι-
1792 1917 1830 1969 Β

231 1994 460 2060 σμένα.

228 2089 291 2140 Οἱ
321 2088 382 2140 δέ
415 2105 490 2156 γε
530 2089 644 2141 τῶν
673 2089 848 2143 ἀλλων
880 2089 1050 2143 ἐθνῶν
1099 2089 1392 2142 ἐπιστάται
1414 2087 1630 2157 ἄγγελοι
1664 2088 1757 2140 καὶ

170 2179 421 2248 μένες
437 2183 582 2244 τοὺς
603 2181 678 2252 μὴ
693 2183 837 2244 οἴους
858 2199 916 2235 τε
939 2180 1016 2252 νῷ
1039 2181 1129 2234 τὸν
1150 2182 1378 2254 ἀόρατον
1403 2180 1721 2234 ἐποπτεύειν
1739 2220 1755 2242 ,

170 2275 294 2345 μηδὲ
319 2276 658 2329 ἀναϐαίνειν
685 2275 937 2330 τοσοῦτον
962 2276 1028 2329 δι’
1062 2277 1266 2330 οἰκείαν
1300 2275 1580 2328 ἀσθένειαν
1607 2316 1621 2339 ,
1647 2277 1758 2336 τοῖς

168 2366 460 2435 ὁρωμένοις
504 2369 631 2421 κατ’
662 2369 887 2440 ούρανὸν
923 2368 1208 2440 προσέχειν
1240 2367 1456 2437 ἠξίουν,
1490 2367 1625 2438 ἡλίῳ
1666 2367 1756 2419 καὶ

172 2455 357 2527 σελήνῃ
401 2458 509 2510 καὶ
553 2459 793 2529 ἄστροις·
828 2459 864 2512 ἂ
907 2459 969 2530 δὴ
1010 2460 1104 2511 καὶ
1135 2461 1190 2511 ὲν
1223 2461 1286 2529 τῇ
1323 2457 1621 2528 φαινομένῃ
1651 2457 1757 2509 τῶν

171 2548 295 2600 δλων
322 2549 493 2617 φύσει
522 2551 895 2623 διαπρέποντα
913 2592 928 2614 ,
963 2551 1073 2604 ἀνω
1105 2553 1198 2604 καὶ⁸
1223 2552 1304 2603 ὅτι
1333 2550 1565 2621 μάλιστα
1597 2552 1759 2616 ἐγγυ-

172 2638 307 2690 τὶτω
339 2638 420 2701 ὡς
455 2639 531 2692 ἂν
561 2642 618 2692 ἐν
661 2640 952 2711 προθύροις
982 2640 1074 2694 τοῦ
1107 2639 1492 2710 παμϐασιλέως
1521 2639 1620 2702 τὰς
1650 2639 1756 2691 τῶν

171 2727 415 2796 δρώντων
460 2730 625 2799 ὄψεις
669 2730 1010 2794 ἀνεκαλεῖτο,
1053 2733 1117 2784 ἐκ
1171 2729 1431 2800 μεγέθους
1478 2731 1571 2783 καὶ
1623 2728 1756 2780 καλ-

172 2815 319 2888 λονῆς
341 2821 456 2875 τῶν
478 2825 782 2894 ὁρωμένων
805 2825 1115 2894 κτισμάτων
1134 2822 1409 2890 ἀναλόγως
1429 2821 1521 2875 τοῦ
1541 2821 1755 2875 πάντων

171 2911 562 2981 γενεσιουργού
607 2914 706 2981 τὴν
755 2912 986 2982 θεωρίαν
1031 2911 1413 2982 ἐμφανίζοντα.
1456 2929 1474 2962 ι
1518 2910 1600 2964 Τά
1648 2910 1756 2981 γὰρ

178 2998 372 3067 ἀόρατα
416 3000 634 3066 αὐτοῦ,
681 3021 697 3051 ι
804 3019 965 3072 φησιν
989 3004 1017 3054 ὁ
1045 3001 1184 3064 θεῖος
1226 3001 1561 3066 ’Λπόστολος,
1598 3021 1615 3052 ι
1651 3003 1757 3056 ἀπὸ

175 3091 393 3156 κτίσεως
427 3095 648 3164 κόσμου
681 3099 793 3158 τοῖς
826 3096 1092 3166 ποιήμασι
1121 3094 1382 3166 νοούμενα
1422 3095 1754 3168 καθορᾶται,

173 3180 205 3246 ἦ
229 3199 282 3234 τε
307 3184 485 3248 ἀΐδιος
523 3185 689 3238 αὑτοῦ
707 3185 932 3256 δύναμις
961 3186 1052 3238 καὶ
1086 3185 1313 3256 θειότης.
1347 3206 1364 3237 ι
1394 3187 1502 3240 Καὶ
1525 3185 1682 3240 τοῦτο
1703 3187 1758 3240 δὲ

2585 1758 2715 1811 VIII.

1865 1851 2017 1924 Quod
2064 1851 2177 1904 sola
2221 1851 2333 1904 ειυίὶ
2393 1852 2565 1906 sidera
2619 1863 2667 1905 ct
2734 1854 2932 1904 [iunium
2991 1855 3203 1921 reliqum
3261 1865 3430 1924 gentes

1927 1923 2186 2004 colerent,
2232 1939 2348 1991 qua:
2387 1941 2620 1977 seorsum
2677 1924 2990 1993 quibusdam
3043 1923 3434 1995 angelisassi-

1929 2005 2102 2061 gnatm
2132 2005 2257 2046 amt.

1929 2085 2170 2138 Aliarum
2206 2100 2333 2139 vero
2367 2085 2608 2156 gentium
2651 2084 2888 2154 praefecti
2924 2087 3096 2156 angeli
3145 2094 3306 2156 atque
3337 2103 3428 2156 pa-

1859 2184 2036 2231 stores
2056 2218 2072 2241 ,
2101 2192 2197 2232 eos
2219 2178 2311 2247 qtti
2342 2184 2541 2240 mente,
2573 2177 2720 2230 illum
2755 2179 2845 2247 qui
2877 2178 2995 2234 visu
3037 2179 3250 2231 mortali
3281 2179 3431 2234 cerni

1857 2269 2065 2337 nequit,
2091 2268 2288 2323 intueri
2313 2283 2423 2322 non
2455 2276 2722 2338 poterant,
2751 2284 2927 2338 neque
2952 2277 3062 2322 tam
3115 2269 3219 2324 alte
3245 2269 3316 2324 ob
3334 2271 3434 2324 do-

1859 2363 2142 2416 mesticam
2170 2361 2595 2416 imbecillitatem
2623 2363 2936 2425 ascendere,
2966 2377 3030 2416 ea
3060 2378 3180 2429 quae
3216 2363 3266 2416 in
3292 2364 3432 2416 creto

1859 2461 2173 2523 spectantur
2198 2453 2553 2523 contemplari
2582 2454 2902 2519 suadebant,
2927 2456 3118 2517 solem,
3147 2462 3200 2510 et
3224 2456 3429 2518 lunam,

1857 2552 1910 2598 et
1936 2545 2140 2599 stellas.
2174 2543 2306 2610 Qua:
2338 2545 2555 2614 quidem
2603 2561 2727 2598 cum
2765 2546 2846 2600 vel
2881 2549 2933 2600 in
2970 2547 3196 2602 cadente
3225 2548 3326 2602 sub
3351 2549 3433 2600 vi.

1858 2649 1977 2688 sum
2014 2642 2258 2689 nostrum
2291 2637 2528 2690 universi
2574 2644 2768 2690 natura
2801 2638 3156 2706 pramiteant,
3211 2654 3430 2694 sursum

1857 2734 2019 2795 atque
2052 2727 2251 2797 oppido
2281 2744 2442 2797 quam
2485 2737 2704 2798 propter
2753 2738 3008 2800 tanquam
3052 2733 3105 2785 in
3142 2732 3277 2802 ipsis
3309 2748 3428 2786 om-

1856 2817 2006 2871 nium
2034 2820 2174 2888 regis
2205 2820 2509 2882 vestibulis,
2537 2819 2684 2889 ipsos
2716 2821 3042 2874 intuentium
3080 2830 3334 2892 aspectus
3355 2823 3434 2876 al-

1858 2909 2069 2974 liciunt,
2093 2919 2254 2982 atque
2289 2927 2352 2965 cx
2383 2927 2570 2966 earum
2595 2927 2774 2966 rerum
2805 2913 3177 2986 magnitudine
3205 2929 3268 2967 ac
3310 2930 3436 2985 spe-

1857 3002 1960 3065 cie,
1998 3018 2118 3072 quze
2143 3018 2266 3056 cum
2298 3002 2453 3057 facta:
2493 3005 2602 3059 sint
2631 3013 2933 3060 cernuntur
2965 3005 3140 3061 oculis
3160 3049 3174 3073 ,
3205 3023 3434 3078 propor-

1859 3095 2005 3149 tione
2042 3095 2298 3165 quadam,
2330 3096 2568 3151 auctoris
2598 3098 2947 3169 parentisque
2974 3100 3214 3154 omnium
3251 3103 3434 3172 cogni-

1860 3186 2085 3250 tionem,
2113 3188 2735 3259 contcmplationemque
2770 3206 2881 3259 pra:
2918 3205 2977 3244 se
3021 3192 3242 3246 ferunt:
3285 3211 3304 3245 ι
3342 3192 3433 3246 lu-

174 3274 323 3328 πάλιν
344 3279 372 3330 ὀ
415 3280 600 3349 μέγας
630 3278 863 3348 Μωῦσῆς
891 3281 1253 3350 μυσταγωγεῖ.
1285 3279 1386 3333 Τὸν
1417 3282 1524 3352 γάρ
1549 3299 1629 3334 τοι
1661 3281 1752 3334 τοῦ

1864 3279 2089 3333 visibilia
2113 3281 2257 3335 enim
2286 3281 2489 3350 ipsius,
2535 3289 2594 3334 ut
2620 3283 2693 3334 ait
2724 3281 2941 3338 divinus
2972 3283 3268 3353 Apostolus
3291 3285 3356 3348 ",
3403 3301 3434 3338 α

180 3364 368 3435 Κυρίου
391 3370 606 3440 κλῆρον
628 3371 703 3442 νῷ
729 3372 940 3436 διαυγεῖ
959 3375 1052 3428 καὶ
1074 3375 1216 3446 ψυχῇ
1242 3373 1625 3445 κεκαθαρμένη
1649 3374 1755 3427 τῶν

180 3461 368 3528 νοητῶν
396 3464 498 3516 καὶ
533 3465 837 3534 ἀσωμάτων
871 3465 1182 3536 ὀριγνᾶσθαι
1207 3466 1548 3536 προτρέπων,
1583 3465 1754 3536 εεργει

183 3547 268 3614 τῆς
315 3552 422 3605 τῶν
479 3554 777 3624 ὁρωμένων
831 3556 949 3610 κατ’
1004 3557 1228 3628 ούρανὸν
1258 3555 1592 3626 ἐκπλήξεως,
1637 3558 1758 3608 ἐπι-

182 3636 365 3705 λέγων,
396 3644 486 3696 ὅτι
522 3643 586 3713 δὴ
623 3663 641 3694 ι
689 3645 873 3698 Ταῦτα
909 3647 1168 3716 ἀπένειμε
1201 3646 1402 3717 Κύριος
1438 3647 1466 3697 ὁ
1497 3646 1627 3709 Θεὸς
1662 3662 1754 3697 σου

183 3732 301 3784 πᾶσι
333 3739 443 3800 τοῖς
492 3736 725 3791 ἔθνεσιν.
755 3756 774 3789 ι
803 3737 902 3791 Διά
934 3738 985 3791 τί
1011 3739 1054 3791 δ’
1088 3737 1524 3808 ἀπονενεμῆσθαι
1547 3739 1713 3807 ἔφησε
1737 3777 1752 3800 ,

185 3824 392 3876 συνιδεῖν
433 3828 760 3896 ἀναγκαῖον.
798 3829 1174 3893 Πολυπλανοῦς
1213 3829 1563 3902 ὑπαρχούσης
1590 3830 1754 3900 ἀορά-

185 3928 276 3976 τως
303 3919 430 3988 ἡμῖν
456 3920 608 3989 ἀμφὶ
634 3919 722 3972 τὸν
745 3922 870 3993 περί
893 3922 994 3993 γῆν
1020 3922 1154 3994 ἀέρα
1185 3923 1518 3993 πωτωμένης
1543 3921 1752 3993 χθονίου

187 4008 268 4058 καὶ
294 4009 622 4082 δαιμονικῆς
652 4013 870 4076 ούσίας,
906 4012 1183 4082 ἀγνώστου
1218 4031 1278 4067 τε
1315 4015 1407 4068 κα)⁸
1439 4015 1752 4084 ἁδιακρίτου

187 4098 510 4169 ἀνθρώποις,
546 4104 648 4174 τῆς
683 4105 790 4158 τῶν
827 4105 1046 4174 ἀγαθῶν
1091 4108 1412 4177 πνευμάτων
1458 4108 1548 4160 καὶ
1594 4107 1752 4160 δυνά-

193 4205 347 4256 μεων,
387 4197 488 4249 καὶ
526 4197 704 4250 αὐτῶν
747 4197 810 4268 δὴ
857 4199 966 4250 τῶν
1006 4198 1164 4251 θείων
1212 4199 1455 4267 ἀγγέλων
1503 4197 1638 4270 πρὸς
1686 4199 1754 4252 τά

190 4280 333 4348 Nam
360 4287 627 4358 διαφόρου
661 4287 1013 4360 καθεστώσης
1036 4327 1051 4352 ,
1086 4291 1185 4342 οὐκ
1214 4290 1386 4354 ἄλλως
1413 4286 1472 4344 εὖ
1509 4288 1618 4360 εἶχε
1642 4293 1753 4354 τοῖς

192 4367 273 4438 τῆς
298 4375 560 4431 ἀνωτάτω
583 4379 676 4432 τοῦ
700 4381 1089 4451 παμϐασιλέως
1109 4383 1389 4447 εὐσεϐείας
1411 4384 1752 4438 ἀποπίπτου-

191 4475 262 4513 σιν
300 4465 329 4536 ῆ
362 4469 478 4522 τῶν
513 4472 806 4542 ὁρωμένων
841 4474 960 4526 κατ’
995 4474 1219 4544 ούρανὸν
1259 4475 1327 4528 τά
1366 4476 1628 4546 κράτιστα
1671 4479 1754 4530 αἱ·

197 4558 398 4622 ρίίσθαι.
434 4561 568 4625 Δέος
599 4564 705 4636 γὰρ
737 4567 798 4618 ού
824 4566 884 4618 τὸ
917 4567 1076 4636 τυχὸν
1103 4562 1191 4637 ἦν,
1226 4568 1433 4638 μήποτε
1453 4609 1467 4632 ,
1495 4568 1628 4622 Θεὸν
1657 4568 1752 4640 ζη-

1862 3380 2112 3425 creatura
2137 3372 2344 3436 mundi,
2383 3387 2477 3442 per
2504 3388 2565 3426 ea
2599 3389 2717 3443 quae
2753 3373 2893 3427 facta
2930 3385 3058 3430 sunt
3121 3378 3392 3432 intellecta
3415 3415 3433 3442 ,

1861 3464 2292 3532 conspiciuntur,
2328 3464 2765 3534 sempiternaque
2788 3467 2907 3534 ejus
2935 3468 3130 3524 virtus.
3157 3475 3211 3521 et
3237 3469 3434 3522 divini-

1862 3564 1963 3610 tas.
2011 3575 2028 3606 ι
2067 3554 2176 3608 Hoc
2219 3570 2434 3625 quoque
2463 3571 2690 3624 magnus
2726 3557 2938 3628 Moyses
2971 3574 3165 3613 rursus
3199 3567 3257 3612 ut
3281 3573 3438 3612 arca-

1863 3661 1991 3698 num
2025 3655 2078 3700 et
2108 3660 2324 3701 sacrum
2355 3645 2586 3708 inducit,
2617 3661 2740 3700 nam
2773 3647 2985 3702 Domini
3019 3657 3219 3704 sortem
3243 3649 3438 3703 adhor-

1861 3747 2004 3801 tans,
2037 3745 2096 3790 ut
2140 3746 2322 3792 mente
2366 3736 2543 3790 lucida
2571 3737 2862 3809 animoque
2917 3747 3147 3810 purgato
3196 3755 3260 3796 ea
3314 3757 3436 3811 qua;

1861 3830 1978 3883 sola
2018 3830 2371 3895 intelligentia
2405 3829 2728 3900 capiuntur,
2788 3837 2842 3884 et
2901 3833 3149 3902 corporis
3192 3835 3435 3902 expertia

1861 3927 2010 3984 sunt,
2039 3921 2430 3991 concupiscat:
2471 3923 2721 3993 prohibet
2771 3938 2834 3978 ea
2869 3939 2989 3994 qua:
3029 3923 3083 3978 in
3136 3926 3276 3980 cwlo
3321 3941 3441 3995 sper

1859 4021 2077 4068 ctantur
2106 4015 2568 4086 admirari,supra
2601 4031 2631 4068 a
2664 4031 2723 4071 se
2739 4016 2900 4071 dictis
2936 4017 3260 4087 adiungens,
3291 4018 3435 4088 quod

1861 4104 1974 4160 htec
2016 4105 2290 4161 distribuit
2342 4105 2605 4162 Dominus
2635 4106 2776 4162 Deus
2804 4115 2932 4162 tuus
2965 4125 2984 4156 σ
3015 4109 3228 4164 cunctis
3261 4108 3438 4180 genti-

1862 4198 1962 4253 bus
1993 4199 2058 4230 ’δ’
2088 4219 2099 4252 :
2145 4217 2162 4248 ι
2196 4214 2294 4253 cur
2321 4208 2500 4254 autem
2530 4201 2822 4256 distributa
2858 4198 3027 4255 fuisse
3065 4200 3291 4263 dixerit,
3343 4215 3439 4255 co—

1859 4309 2119 4362 gnoscere
2149 4309 2326 4366 opera:
2354 4296 2584 4365 pretium
2613 4303 2716 4350 est.
2761 4295 2896 4350 Cum
2929 4295 3212 4364 multiplici
3252 4311 3436 4350 errore

1858 4392 2118 4454 vagetur,
2153 4393 2206 4439 ct
2243 4387 2402 4441 nobis
2432 4386 2577 4440 haud
2633 4386 2986 4440 cernentibus
3032 4385 3240 4440 circum
3289 4385 3437 4438 hunc.

1857 4493 2033 4532 acrem
2060 4479 2150 4548 qui
2183 4486 2381 4532 terram
2413 4478 2602 4540 ambit,
2635 4478 2914 4532 terrestris
2968 4475 3214 4547 quadam
3246 4476 3435 4530 volitet

1859 4587 1923 4626 ac
1971 4571 2266 4625 daemonica
2326 4578 2541 4635 natura,
2593 4570 2753 4640 158
2783 4585 2945 4640 quam
2976 4569 3226 4624 homines
3259 4584 3434 4640 neque

192 4649 383 4718 τοῦντες
421 4657 521 4709 καὶ
563 4657 633 4710 τά
663 4659 866 4730 ἀόρατα
903 4660 1514 4732 πολυπραγμονοῦντες,
1546 4665 1751 4735 ἀπορίᾳ

1864 4678 2207 4734 cognoscere,
2245 4680 2419 4734 neque
2452 4664 2767 4720 discernere
2808 4662 2988 4717 idonei
3021 4669 3172 4725 sunt,
3198 4677 3435 4732 cumque

195 4739 284 4810 τῶν
321 4747 545 4814 ἀφανῶν
588 4750 680 4802 καὶ
717 4751 925 4821 ἀδήλων
965 4754 1044 4816 εἰς
1082 4752 1325 4816 ἐναντίας
1358 4753 1612 4825 δυνάμεις
1657 4756 1751 4808 καὶ

194 4827 486 4903 δαιμονικάς
508 4846 912 4912 περιτραπεῖεν.
929 4843 1049 4896 Τῶν
1067 4845 1358 4914 ὁρωμένων
1381 4841 1472 4899 οὖν
1490 4846 1555 4898 τά
1576 4847 1750 4916 πάντη

195 4921 442 5002 διαπρεπῆ
472 4932 565 4986 τοῦ
586 4933 719 4986 Θεοῦ
740 4935 1196 5006 δημιουργήματα
1220 4939 1330 5000 τοῖς
1363 4939 1436 5007 μὴ
1460 4938 1550 4991 τοῦ
1577 4939 1752 5009 κρείτ-

194 5029 320 5083 τονος
352 5025 664 5094 ὲεριεμένοις
699 5027 1124 5096 παραδεδόσθαι,
1160 5029 1508 5098 ἀμωσγέπως
1542 5029 1747 5083 ἐνθένδε

200 5106 276 5176 τῆς
300 5115 385 5168 τού
417 5117 656 5189 ἀοράτου
682 5119 914 5188 θεωρίαις
936 5156 949 5179 ς
975 5121 1051 5184 ὡς
1079 5119 1146 5174 ἂν
1177 5121 1266 5174 διά
1290 5139 1430 5185 τινος
1463 5122 1747 5194 ἐσόπτρου,

199 5210 713 5279 παρεμφαινομένης.

1860 4755 2126 4810 bonorum
2147 4756 2274 4812 item
2309 4757 2599 4827 spirituum
2633 4770 2697 4810 ac
2729 4762 3080 4826 potestatum,
3111 4763 3165 4810 et
3194 4756 3436 4824 ipsorum

1859 4848 2092 4919 denique
2123 4849 2433 4903 divinorum
2465 4850 2780 4919 angelorum
2809 4858 3027 4912 natura,
3052 4850 3120 4903 ab
3145 4865 3208 4904 ea
3241 4863 3361 4918 qua;
3382 4848 3434 4900 in

1858 4940 2099 4995 deterius
2136 4942 2286 5011 lapsa
2316 4948 2422 5004 est,
2445 4943 2790 4997 continenter
2817 4942 3082 4997 dissideat
3108 4957 3121 4992 :
3148 4956 3254 4994 non
3278 4941 3437 4994 aliter

1858 5032 1926 5087 iis
1957 5032 2048 5103 qui
2080 5049 2107 5085 a
2139 5033 2378 5102 supremi
2404 5035 2645 5088 omnium
2675 5033 2840 5103 Regis
2867 5035 3015 5087 cultu
3047 5032 3433 5091 declinassent.

1856 5139 1944 5176 res
1973 5124 2110 5178 bene
2141 5131 2355 5192 poterat
2394 5126 2588 5180 cedere
2614 5165 2629 5188 ,
2677 5140 2839 5194 quam
2879 5125 2927 5179 si
2974 5138 3163 5178 eorum
3210 5136 3331 5190 quas
3377 5121 3432 5172 in

1858 5216 1998 5269 coelo
2048 5224 2384 5285 spectantur,
2421 5234 2541 5286 qua:
2576 5217 3024 5286 prmstantissima
3058 5220 3207 5277 sunt,
3235 5211 3430 5282 elegis-

201 5301 333 5348 sent:
364 5300 669 5367 perieulum
707 5304 853 5358 enim
899 5321 1007 5361 non
1057 5307 1329 5364 mediocre
1367 5316 1487 5363 erat
1511 5349 1526 5373 ,
1575 5309 1771 5364 necubi
1815 5308 1983 5364 Deum
2026 5319 2332 5379 quaerentes
2356 5349 2370 5372 ,
2412 5318 2465 5366 et
2495 5311 2770 5364 curiosius
2793 5323 2912 5378 quae
2935 5308 2999 5362 ad
3023 5314 3300 5378 aspectum
3322 5320 3432 5360 non

201 5391 394 5445 veniunt
460 5396 815 5466 indagantes,
855 5400 1172 5456 diﬂicultate
1202 5417 1389 5458 earum
1448 5419 1628 5458 rerum
1658 5420 1779 5473 qua:
1820 5407 1988 5459 latent
2017 5405 2375 5474 obscuraque
2440 5413 2589 5470 sunt,
2639 5403 2705 5457 ad
2737 5402 3041 5458 contrarias
3079 5400 3433 5457 daemonicas-

203 5493 286 5546 ηυρ
309 5496 604 5555 potestates
635 5502 1014 5552 verterentur:
1046 5513 1115 5553 ex
1162 5498 1230 5554 iis
1285 5500 1450 5569 igitur
1480 5516 1600 5570 quae
1659 5508 1960 5556 cernuntur
2011 5501 2187 5556 oculis
2255 5499 2436 5554 omnia
2468 5499 2558 5552 Dei
2611 5513 2814 5569 opera,
2859 5497 3012 5552 valde
3076 5495 3432 5562 conveniebat

203 5570 273 5637 iis,
321 5584 409 5653 qui
465 5585 601 5640 nihil
651 5591 1002 5656 praestantius
1043 5595 1530 5664 concupiscerent,
1588 5599 1781 5668 quavis
1822 5598 2036 5653 ratione
2070 5597 2448 5652 commendata
2493 5609 2636 5657 esse,
2702 5595 2898 5665 quippe
2933 5609 3054 5648 eum
3103 5608 3164 5647 ex
3199 5592 3267 5647 iis
3300 5593 3428 5654 ille.

203 5673 274 5736 qui
295 5679 461 5734 oculis
493 5682 647 5737 cerni
676 5699 783 5740 non
816 5693 1018 5754 potest,
1041 5689 1200 5758 quasi
1237 5690 1291 5745 in
1333 5690 1568 5762 quodam
1622 5692 1844 5760 speculo
1873 5692 2326 5764 contemplandus
2356 5703 2630 5763 appareat.

312 5858 352 5887 "
385 5857 538 5913 Rom.
573 5877 611 5923 t,
644 5862 734 5916 20.
809 5864 875 5895 "‘
913 5864 1066 5920 Deut.
1090 5882 1159 5934 tv,
1195 5867 1274 5922 l9.
