3954 6518
513 433 610 488 971

1211 539 1298 592 IX.

515 655 588 711 De
634 655 843 708 inimica
906 669 966 706 ac
1027 653 1125 720 ipsi
1169 651 1274 704 Deo
1332 650 1638 704 adversante
1689 657 1973 717 potestate,
2026 659 2074 700 et

580 743 638 780 eo
668 725 756 794 qui
803 725 856 776 in
884 723 979 794 hac
1027 723 1361 794 dominatur,
1405 729 1454 774 et
1505 721 1940 790 quemadmodum
1985 733 2079 787 per
2111 760 2124 774 .

581 791 714 849 hanc
751 810 900 847 eunte
925 793 1190 846 hominum
1221 791 1490 845 seductum
1521 801 1598 844 est
1623 806 1805 860 genus.

581 931 645 984 Et
674 931 786 985 hzec
815 928 1030 999 quidem
1059 927 1137 981 sic
1166 941 1224 981 se
1247 925 1516 980 habebant
1544 943 1556 978 :
1593 922 1930 978 adversanlis
1949 936 2076 977 vero

512 1038 574 1076 ac
601 1023 814 1076 rebellis
847 1019 1130 1090 potestatis
1171 1017 1352 1080 factio,
1384 1017 1498 1072 sive
1541 1015 1843 1070 dmmonum
1875 1030 1940 1068 ea
1970 1015 2072 1080 sit,

513 1113 625 1166 sive
651 1113 880 1165 aliorum
909 1111 1070 1165 etiam
1098 1109 1532 1178 depravatiorum
1561 1109 1871 1178 spirituum,
1894 1108 1985 1178 qui
2021 1114 2075 1162 et

513 1204 632 1268 plus
658 1211 710 1256 et
751 1203 928 1256 minus
950 1201 1016 1255 de
1045 1199 1248 1254 malitia
1278 1207 1577 1269 reportant,
1609 1199 1787 1271 gravis
1816 1208 2074 1269 prmterea

511 1292 791 1360 cujusdam
821 1293 1109 1362 magnique
1158 1290 1440 1354 dzemonis,
1477 1291 1570 1360 qui
1598 1292 1840 1346 omnium
1868 1291 2072 1361 princi-

509 1393 698 1454 patum
731 1382 870 1437 inter
902 1397 996 1437 eos
1041 1383 1267 1444 obtinet,
1299 1381 1390 1451 qui
1419 1381 1576 1451 primi
1621 1381 1675 1436 in
1704 1382 1888 1436 divino
1923 1383 2072 1436 cultu

509 1480 858 1533 notaverunt,
889 1483 1049 1542 atque
1079 1471 1149 1526 ob
1173 1470 1224 1525 id
1259 1472 1537 1542 proprium
1569 1471 1890 1526 vocabulum
1934 1472 2075 1525 ami-

508 1581 646 1630 sere,
691 1565 850 1620 saluti
884 1563 1163 1618 hominum
1208 1563 1476 1626 invidens,
1509 1563 1559 1616 in
1587 1563 1915 1618 contrariam
1949 1577 2074 1632 par-

507 1665 614 1711 tem
657 1656 927 1720 trahebat,
958 1657 1241 1724 omnisque
1271 1656 1484 1724 generis
1515 1655 1733 1708 malitiae
1769 1655 2032 1708 machinis
2055 1693 2070 1718 ,

505 1750 718 1804 cunctis
747 1750 1018 1820 gentibus,
1048 1747 1258 1818 ipsique
1297 1748 1457 1802 etiam
1516 1748 1652 1802 sorti
1705 1747 1956 1812 Domini,
2006 1763 2072 1802 ex

505 1839 708 1894 invidia
751 1839 1050 1902 bonorum,
1109 1837 1494 1904 insidiabatur;
1539 1837 1766 1907 proinde
1815 1835 1925 1892 Deo
1977 1837 2072 1892 ad-

505 1945 717 1985 versam
755 1929 1084 1998 impiamque
1111 1929 1288 1999 magni
1324 1930 1468 1984 illius
1495 1929 1757 1984 daemonis
1787 1930 2071 2000 cogitatio-

503 2035 651 2081 nem,
680 2019 1027 2088 propheticus
1073 2019 1296 2088 spiritus
1329 2020 1382 2072 in
1411 2019 1548 2074 Isaia
1578 2020 1657 2074 sic
1681 2019 2068 2089 propemodum

503 2111 870 2181 reprehendit,
912 2111 1099 2164 dit-ens
1134 2129 1147 2164 :
1188 2127 1206 2160 ι
1250 2109 1395 2163 Dixit
1423 2111 1602 2174 enim,
1657 2111 1712 2164 in
1753 2109 2070 2166 fortitudine

505 2202 721 2266 faciam,
747 2211 800 2256 et
830 2203 884 2254 in
920 2201 1184 2271 sapientia
1209 2201 1516 2256 intellectus
1547 2201 1788 2256 auferam
1809 2201 2069 2257 terminos

501 2295 762 2366 gentium,
785 2301 836 2346 et
849 2293 1013 2347 robur
1027 2307 1212 2346 earum
1230 2293 1596 2362 depraedabor,
1615 2301 1668 2346 et
1681 2295 1916 2363 quatiam
1934 2294 2070 2349 civi-

502 2395 642 2440 tates
668 2400 787 2455 qum
811 2384 1143 2448 habitantur,
1159 2391 1211 2437 et
1230 2385 1414 2438 orbem
1436 2393 1700 2438 terrarum
1738 2393 1908 2440 totum
1929 2401 2070 2440 com-

501 2471 831 2541 prehendam
861 2485 1024 2524 manu
1049 2471 1202 2540 quasi
1227 2471 1434 2536 nidum,
1450 2479 1502 2526 et
1519 2475 1671 2541 quasi
1692 2489 1794 2527 ova
1811 2473 2070 2528 derelicta

501 2563 706 2629 tollam,
727 2571 778 2617 et
800 2578 904 2616 non
918 2564 1020 2617 erit
1036 2564 1128 2633 qui
1149 2562 1369 2633 effugiat
1387 2572 1592 2627 me,aut
1609 2565 1944 2619 contradicat
1967 2567 2069 2619 mi-

502 2655 675 2724 111⁸⁷.)
690 2655 848 2726 159
874 2655 964 2710 Ha:
991 2670 1121 2710 sane
1143 2656 1286 2710 illius
1313 2657 1462 2726 impii
1488 2665 1542 2710 et
1565 2667 1753 2711 contra
1777 2656 1945 2710 Deum
1969 2673 2064 2728 puo

501 2751 716 2817 gnantis
748 2763 930 2810 voces,
962 2747 1052 2816 qui
1079 2748 1132 2800 in
1165 2748 1362 2802 robore
1399 2749 1618 2802 malitia:
1665 2749 1926 2817 gloriatur
1950 2789 1965 2814 ,
2013 2757 2068 2804 et

502 2841 819 2906 angelis‘ab
867 2839 1149 2894 Altissimo
1196 2840 1426 2895 traditos
1478 2841 1718 2910 gentium
1779 2843 2063 2906 terminos,

500 2933 836 3006 direpturum
867 2953 924 2992 se
950 2943 1002 2990 et
1034 2935 1389 2990 c0ufusurum
1425 2939 1667 2989 minatur
1692 2977 1707 3002 ,
1772 2937 2067 3006 orbemque

501 3023 961 3096 deprmdaturum,
989 3031 1042 3079 et
1065 3041 1225 3080 omne
1261 3041 1432 3095 genus
1468 3025 1749 3078 hominum
1797 3041 2066 3079 excussu-

501 3133 646 3181 rum,
683 3117 910 3188 ejusque
941 3117 1176 3187 priorem
1211 3117 1457 3171 ordinem
1509 3123 1843 3170 mutaturum
1872 3117 2064 3187 jactat.

504 3207 562 3264 Si
585 3225 710 3265 vero
741 3226 848 3280 quo
879 3210 1060 3263 animo
1093 3209 1220 3262 talia
1255 3209 1321 3263 de
1348 3209 1530 3278 seipse
1549 3209 1892 3272 mentiretur,
1925 3210 2065 3263 scire

500 3302 607 3362 vis,
645 3301 772 3354 audi
806 3299 1049 3356 eamdem
1084 3300 1426 3370 prephetiam
1479 3299 1559 3354 sic
1613 3314 1806 3355 rursus
1851 3298 1919 3354 de
1975 3300 2066 3354 illo

501 3392 768 3447 dicentem
798 3411 811 3446 :
851 3410 870 3444 ι
908 3391 1192 3458 Quomodo
1223 3391 1420 3446 cecidit
1454 3391 1522 3446 de
1551 3391 1689 3446 coelo
1715 3389 1950 3456 Lucifer,
1975 3391 2067 3461 qui

500 3493 660 3535 mane
693 3481 1017 3535 oriebatur?
1056 3481 1322 3535 contritus
1354 3491 1439 3535 est
1479 3479 1534 3534 in
1568 3487 1790 3547 terram,
1820 3481 1915 3552 qui
1943 3482 2068 3534 mit-

499 3572 648 3626 tebat
684 3571 750 3625 ad
793 3586 983 3626 onmes
1013 3580 1220 3642 gentes.
1273 3571 1355 3626 Tu
1403 3587 1534 3628 vero
1565 3571 1752 3628 dixisti
1787 3573 1842 3628 in
1891 3581 2070 3629 mente

503 3671 631 3717 tua:
671 3661 730 3716 lu
765 3664 963 3718 cmlum
1003 3666 1317 3728 ascendam,
1343 3680 1508 3735 super
1539 3675 1686 3719 astra
1717 3666 1840 3720 coeli
1869 3680 2066 3736 ponam

502 3753 684 3808 sedem
719 3769 915 3808 meam.
959 3754 1260 3809 Ascendam
1307 3771 1472 3824 supra
1505 3756 1698 3819 nubes,
1733 3772 1828 3810 ero
1875 3757 2068 3812 similis

503 3844 806 3900 Altissimo.
841 3845 997 3900 Nunc
1029 3855 1208 3900 autem
1240 3847 1306 3900 ad
1351 3847 1622 3901 infernum
1667 3847 1986 3911 descendes,
2016 3857 2070 3902 et

501 3936 568 3988 ad
601 3935 956 3991 fundamenta
991 3945 1151 3993 terra:
1181 3939 1245 3990 ³⁸.
1289 3957 1306 3989 i
1343 3937 1486 3994 Sane
1517 3940 1749 4008 plurima
1785 3942 1946 3994 simul
1985 3943 2068 3997 his

501 4027 682 4080 verbis
703 4027 944 4082 declarat
973 4031 1291 4095 oraculum;
1339 4045 1464 4082 nam
1488 4039 1540 4084 et
1574 4031 1720 4086 illius
1753 4031 1820 4086 de
1851 4049 1960 4102 quo
1991 4033 2072 4086 lo-

502 4120 688 4189 quitur
715 4121 1028 4184 amentiam,
1055 4129 1106 4175 et
1136 4120 1379 4189 ejusdem
1417 4137 1446 4175 a
1473 4123 1683 4176 meliori
1715 4132 1860 4178 statu
1885 4125 1948 4178 ad
1975 4125 2070 4180 deo

501 4211 674 4265 terius
704 4211 936 4275 ruinam,
969 4220 1022 4266 et
1051 4211 1222 4281 ipsius
1253 4215 1424 4268 ruina:
1450 4215 1676 4269 exitum.
1717 4213 1821 4280 Qui
1849 4215 2068 4280 quidem

501 4317 625 4357 cum
656 4303 839 4374 gravia
878 4312 1038 4374 atque
1077 4306 1266 4360 odiosa
1297 4309 1512 4362 cunctis
1543 4309 1794 4377 gentibus
1825 4311 2069 4366 minatus

503 4403 669 4458 esset,
722 4395 828 4450 alia
879 4399 1091 4453 ratione
1127 4399 1256 4469 capi
1306 4413 1468 4470 posse
1515 4401 1786 4465 homines,
1834 4401 1887 4456 in
1935 4403 2071 4473 ipsis

503 4485 848 4541 maeliinandi
879 4489 1118 4545 exordiis
1148 4489 1504 4560 deprehendit
1533 4509 1545 4545 :
1583 4493 1783 4562 quippe
1809 4493 1900 4564 qui
1937 4494 2075 4548 faci-

1191 424 1456 480 EUSEiill
1494 419 1968 478 CASSARIENSIS
2009 419 2160 476 ΟΡΡ.
2197 418 2376 473 PARS
2412 417 2454 475 Ι.
2491 451 2556 460 ——
2599 417 3095 474 AI’OLOGETICA.

3643 409 3756 463 27!

2916 531 2993 586 6'.

2175 649 2311 716 Περὶ
2349 645 2453 715 τῆς
2477 646 2692 716 ἐχθρᾶς
2727 647 2824 700 καί
2863 643 3274 716 ἀι-’τικειμένης
3301 640 3381 706 τῷ
3416 639 3538 716 Θεῷ
3558 637 3758 716 διετάτ-

2238 709 2550 788 ,ἱιεωξξκὰξ
2578 709 2688 788 τοῦ
2719 718 2943 788 ταύτης
2987 709 3378 788 ἐξάρχοντος,
3413 713 3508 764 καὶ
3533 712 3622 788 ῶς
3657 709 3758 762 διὰ

2245 780 2464 856 ταύτης
2485 787 2552 842 τὸ
2583 787 2823 840 πάντων
2849 780 3171 854 etiamm
3199 781 3454 852 ὑπήγετο
3482 780 3686 851 γένος.

2243 903 2352 955 Καὶ
2373 901 2440 956 τὰ
2475 902 2572 973 μὲν
2595 895 2696 954 ὦδε
2727 900 2957 956 διέκειτο
2975 918 2988 930 ·
3014 899 3168 954 τὰσδὲ
3197 899 3295 970 τῆς
3325 895 3624 952 ἀντιπάλου
3658 895 3758 948 καὶ

2173 995 2542 1064 ἀποστατικῆς
2575 994 2883 1065 δυνάμεως,
2919 991 3028 1046 εἴτε
3061 991 3328 1062 δαιμόνων
3359 989 3467 1042 εἴτε
3504 989 3601 1042 καὶ
3635 1005 3762 1058 χει-ι

2179 1088 2343 1159 ρόνων
2372 1087 2544 1141 ἄλλων
2579 1085 2898 1158 πνευμάτων
2917 1087 2974 1138 ἐν
3003 1084 3169 1156 κακίᾳ
3199 1083 3258 1136 τδ
3283 1083 3443 1136 πλέον
3464 1081 3562 1134 καὶ
3585 1075 3762 1150 ἦττον

2174 1177 2612 1250 ἀποφερομένων,
2645 1177 2724 1230 ἔτι
2755 1193 2816 1230 τε
2847 1177 2940 1230 καὶ
2963 1175 3056 1229 τοῦ
3089 1175 3305 1230 πάντων
3333 1175 3390 1226 ἐν
3411 1171 3624 1233 τούτοις
3655 1169 3762 1240 ἄρ-

2173 1286 2356 1340 χοντος
2387 1268 2560 1322 δεινοῦ
2600 1287 2744 1333 τινος
2779 1267 3230 1340 μεγαλοδαίμονος
3249 1307 3263 1330 ,
3299 1265 3348 1320 οἳ
3367 1308 3383 1334 ,
3413 1263 3624 1335 πρῶτοι
3655 1261 3760 1330 τῆς

2173 1367 2252 1428 είς
2303 1365 2363 1418 τὸ
2404 1365 2556 1418 Θεῖον
2611 1361 2892 1426 εὐσεϐείας
2945 1360 3336 1422 σαλεύοαντες,
3393 1358 3491 1428 τῆς
3542 1353 3760 1416 οἰκείας

2172 1456 2376 1528 λήξεως
2411 1455 2840 1510 ἀποπεπτώκασι
2865 1495 2878 1518 ,
2911 1453 3087 1525 φθόνῳ
3120 1454 3217 1524 τῆς
3249 1451 3548 1522 ἀνθρώπων
3573 1463 3762 1515 σωτη-

2175 1549 2295 1622 ρίας
2333 1551 2428 1620 τὴν
2473 1549 2722 1602 ἐναντίαν
2763 1543 2910 1600 εἷλκε
2944 1545 3219 1608 παντοίαις
3253 1543 3446 1607 κακίας
3482 1541 3762 1612 μηχαναῖς

2173 1642 2308 1692 πᾶσι
2347 1643 2460 1702 τοῖς
2497 1639 2706 1703 ἔθνεσι,
2741 1638 2834 1690 καὶ
2877 1637 3025 1708 αὐτῷ
3065 1636 3142 1707 τῷ
3182 1634 3274 1688 τοῦ
3315 1633 3518 1705 Κυρίου
3561 1632 3766 1702 κλήρῳ,

2178 1730 2443 1802 βασκανίᾳ
2469 1731 2574 1784 τῶν
2607 1731 2826 1800 ἀγαθῶν
2851 1729 3282 1784 ἐπιϐουλεύοντα.
3315 1727 3418 1780 Τὸν
3445 1725 3508 1796 δὴ
3535 1721 3631 1778 οὖν
3663 1723 3760 1778 τοῦ

2179 1823 2628 1893 μεγαλοδαίμονος
2654 1821 2810 1877 ἄθεον
2840 1823 2932 1876 καὶ
2957 1820 3124 1891 ἀσεϐῆ
3155 1819 3410 1890 λογισμὸν
3445 1817 3508 1870 τὸ
3533 1815 3762 1886 πνεῦμα

2107 1889 2145 1943 Β
2170 1889 2230 1966 τὸ
2261 1889 2595 1985 προφητικὸν
2623 1915 2680 1966 ἐν
2715 1913 2912 1985 Ἡσαΐᾳ
2945 1907 3046 1966 ὧδέ
3074 1889 3188 1975 πως
3221 1889 3510 1980 ἀπελέγχει
3531 1908 3718 1976 λέγων
3741 1921 3758 1936 ⁸

2177 2025 2194 2056 ι
2217 2001 2349 2058 Eii-ts
2369 2004 2494 2076 γάρ·
2523 2005 2610 2058 Ἐν
2628 2009 2692 2075 τῇ
2711 2004 2852 2074 ἰσχύϊ
2872 2005 3101 2075 ποιήσω,
3121 2004 3288 2073 καὶτῇ
3307 2002 3467 2072 σοφίᾳ
3481 2001 3580 2072 τῆς
3601 1999 3762 2053 συνέ-

2172 2115 2308 2161 σεως
2336 2097 2518 2167 ἀφελῶ
2541 2099 2661 2169 ὅρια
2692 2096 2889 2160 ἐθνῶν,
2915 2098 3008 2150 καὶ
3041 2097 3138 2168 τὴν
3171 2097 3323 2166 ἰσχὺν
3351 2093 3528 2148 αὐτῶν
3559 2109 3762 2164 προνο-

2173 2188 2372 2261 μεύσω,
2401 2191 2492 2244 καὶ
2517 2191 2680 2243 σείσω
2709 2189 2892 2254 πόλεις
2932 2187 3352 2258 κατοικουμένας
3376 2202 3391 2216 ·
3427 2185 3521 2240 καὶ
3545 2186 3652 2254 τὴν
3685 2185 3764 2237 οἱα

2169 2281 2434 2353 κουμένην
2451 2281 2578 2351 ὅλην
2597 2281 2979 2353 καταλήψομαι
2997 2284 3062 2352 τῇ
3089 2279 3234 2351 χειρὶ
3269 2279 3344 2341 ὡς
3383 2275 3626 2340 νοσσιὰν,
3665 2275 3764 2330 καὶ

2167 2373 2242 2437 ὡς
2264 2373 2729 2444 καταλελειμμένα
2751 2374 2832 2426 ώά
2861 2373 2999 2445 ἀρῶ,
3025 2372 3119 2424 καὶ
3151 2371 3250 2424 οὐκ
3277 2370 3429 2422 ἔσται
3451 2367 3511 2432 ὃς
3529 2366 3762 2438 διαφεύ-

2169 2464 2316 2529 ξεταί
2340 2483 2426 2536 με,
2455 2465 2487 2537 ἢ
2521 2466 2746 2536 ἀντείπῃ
2773 2482 2884 2536 μοι.
2908 2483 2926 2514 ι
2961 2457 3131 2516 Αὗται
3156 2463 3210 2516 αί
3235 2460 3330 2515 τοῦ
3345 2461 3612 2531 θεομάχου
3645 2477 3763 2528 φω-

2167 2558 2276 2620 ναὶ,
2307 2559 2397 2610 ἐπὶ
2417 2556 2614 2620 κακίας
2636 2556 2777 2626 ἰσχύϊ
2803 2554 3335 2624 μεγαλαυχουμένου,
3365 2552 3458 2605 καὶ
3483 2550 3585 2614 τὰς
3615 2549 3763 2622 πρὸς

2165 2646 2258 2699 τοῦ
2291 2647 2543 2715 Ὑψίστου
2583 2649 2696 2708 τοῖς
2741 2643 2992 2714 ἀγγέλοις
3025 2643 3416 2714 παραδοθείσας
3443 2641 3551 2693 τῶν
3581 2641 3762 2695 ἐθνῶν

2165 2739 2444 2808 ὁροθεσίας
2457 2738 2774 2808 διαρπάσαι,
2797 2737 2891 2790 καὶ
2919 2739 3138 2806 συγχεῖν
3159 2733 3529 2798 ἀπειλοῦντος,
3553 2751 3762 2806 προνο-

2170 2831 2388 2901 μεύσειν
2413 2847 2472 2883 τε
2499 2831 2596 2901 τὴν
2617 2829 2960 2900 οἰκουμένην,
2987 2829 3080 2882 καὶ¹
3105 2830 3212 2882 πᾶν
3233 2828 3295 2881 τὸ
3317 2827 3424 2880 τῶν
3449 2825 3760 2898 ἀνθρώπων

2165 2921 2320 2990 γένος
2339 2920 2677 2984 διεκσείσειν,
2696 2921 2788 2974 καὶ⁵
2815 2921 3168 2991 μεταστήσειν
3188 2920 3286 2991 τῆς
3307 2919 3576 2990 προτέρας
3597 2917 3761 2971 εὑταο

2167 3013 2285 3080 ξίας
2305 3014 2856 3084 ἀπαυθαδιαζομένου.
2887 3015 3074 3066 Ὀποῑα
3089 3013 3144 3066 δὲ
3163 3011 3374 3084 φρονῶν
3411 3011 3535 3081 περὶ
3555 3007 3758 3064 ἑαυτοῦ

2165 3105 2235 3158 τὰ
2260 3104 2480 3158 τοιαῦτα
2496 3106 2868 3176 ἠλαζονεύετο,
2899 3106 3064 3160 ἄκουε
3097 3105 3197 3175 τῆς
3223 3103 3392 3172 αὐτῆς
3417 3102 3763 3174 προφητείας

2167 3191 2268 3251 ὧδε
2297 3197 2457 3250 πάλιν
2497 3199 2627 3269 περὶ
2677 3198 2840 3251 αὐτοῦ
2890 3197 3232 3268 φραζούσης·
3274 3216 3292 3248 ι
3337 3195 3460 3258 Πῶς
3495 3195 3762 3258 ἐξέπεσεν

2168 3291 2231 3342 ἐκ
2279 3289 2373 3342 τοῦ
2407 3289 2638 3361 οὐρανοῦ
2671 3293 2700 3343 ό
2745 3291 3092 3362 Ἐωσφόρος,
3139 3293 3167 3344 ὁ
3215 3289 3362 3361 πρωῒ
3408 3287 3760 3355 ἀνατέλλων;

2169 3381 2455 3453 συνετρίϐη
2491 3384 2572 3445 είς
2601 3383 2699 3452 τὴν
2728 3383 2832 3454 γῆν
2861 3386 2890 3436 ὁ
2921 3383 3268 3436 ἀποστέλλων
3303 3383 3440 3453 πρὸς
3473 3382 3654 3436 πάντα
3689 3381 3762 3435 τά

2167 3474 2423 3546 ἔθνη-Σὺ
2450 3475 2506 3528 δέ
2530 3473 2686 3538 εἴπας
2710 3477 2766 3528 ἐν
2785 3477 2852 3547 τῇ
2885 3475 3092 3547 διανοίᾳ
3117 3492 3210 3528 σου
3235 3491 3247 3504 ’
3293 3475 3387 3538 Είς
3413 3475 3502 3528 τὸν
3529 3475 3760 3547 οὐρανὸν

2167 3571 2527 3642 ἀναϐήσομαι,
2564 3569 2748 3622 ἐπάνω
2768 3569 2876 3624 τῶν
2899 3571 3114 3641 ἄστρων
3137 3568 3230 3622 τοῦ
3251 3567 3480 3640 οὐρανοῦ
3515 3568 3760 3639 θήσομαι

2167 3662 2258 3716 τὸν
2303 3663 2492 3735 θρόνον
2540 3679 2662 3733 μου.
2709 3661 3077 3733 Ἀναὸήσομαι
3119 3653 3305 3714 ἐπάνω
3340 3661 3450 3712 τῶν
3479 3659 3758 3728 νεφελῶν,

2169 3755 2362 3828 ἔσομαι
2408 3757 2590 3827 ὅμοιος
2620 3753 2698 3826 τῷ
2735 3753 2996 3824 Ὑψίστῳ.
3031 3754 3145 3807 Νῦν
3193 3753 3250 3806 δὲ
3283 3755 3364 3817 εἰς
3391 3753 3526 3824 ᾅδην
3579 3771 3760 3806 κατα-

2171 3847 2333 3920 ϐήσῃ,
2356 3849 2451 3900 καὶ
2483 3848 2562 3908 είς
2583 3846 2652 3898 τὰ
2679 3845 2903 3917 θεμέλια
2926 3845 3026 3915 τῆς
3045 3847 3164 3917 γῆς.
3189 3865 3207 3898 ι
3241 3845 3407 3916 Ὁμοῦ
3432 3846 3496 3916 δὴ
3531 3846 3760 3900 πλεῖστα

2169 3939 2256 3992 διὰ
2290 3939 2491 3992 τούτων
2533 3941 2562 3992 ό
2609 3939 2766 4008 λόγος
2798 3939 3087 4010 ἐμφαίνει,
3135 3939 3234 4011 τὴν
3281 3939 3376 3991 τοῦ
3421 3939 3758 4010 δηλουμένου

2173 4029 2616 4102 φρενοϐλάϐειαν,
2639 4032 2738 4102 τὴν
2767 4031 2873 4084 ἀπὸ
2901 4031 3008 4083 τῶν
3037 4031 3364 4103 κρειττόνων
3385 4032 3478 4083 ἐπὶ
3499 4031 3568 4084 τὰ
3587 4033 3761 4103 χείρω

2171 4123 2537 4188 κατάπτωσιν,
2567 4125 2628 4176 τὸ
2657 4125 2755 4194 τῆς
2781 4123 3106 4187 ἐκπτώσεως
3132 4123 3301 4187 τέλος.
3334 4123 3490 4176 Δεινὰ
3521 4123 3577 4176 δὲ
3613 4123 3758 4176 κατά

2171 4217 2277 4270 τῶν
2310 4215 2478 4270 ἐθνῶν
2511 4216 2766 4270 ἁπάντων
2795 4215 3116 4286 ἀπειλήσας,
3143 4215 3346 4285 θάτερα
3373 4214 3612 4285 ληπτοὺς
3643 4217 3760 4277 τοῖς

2173 4309 2512 4382 προϐουλίοις
2565 4307 2886 4379 ἀνθρώπους
2915 4306 3132 4378 εὕρατο,
3183 4306 3471 4378 πρόχειρον
3533 4306 3630 4358 καὶ
3693 4301 3754 4367 ἐξ

2173 4402 2380 4464 οἰκείας
2407 4399 2630 4470 γνώμης
2649 4400 2748 4468 τὴν
2777 4400 2870 4453 ἐπὶ
2886 4399 2947 4452 τὸ
2976 4399 3144 4453 κακὸν
3163 4399 3440 4470 ἔμπτωσιν
3473 4398 3538 4448 δι’
3559 4395 3754 4461 αὐτεξ-

2173 4493 2354 4546 ούσιον
2405 4492 2728 4563 προαίρεσιν.
2775 4491 3166 4563 κεκτημένους.
3217 4491 3396 4542 Ἐσειε
3459 4487 3592 4559 δῆτα
3653 4487 3756 4558 τῆς

501 4581 606 4633 lem
633 4591 793 4649 atque
823 4595 888 4635 ex
912 4597 1006 4636 sua
1037 4583 1280 4651 ipsorum
1311 4585 1582 4638 sententia
1613 4585 1826 4654 lapsum
1857 4585 1922 4639 ad
1947 4601 2068 4638 ma-

2175 4585 2282 4637 ἀπὸ
2307 4584 2413 4636 τῶν
2445 4584 2768 4655 κρειττόνων
2803 4584 3045 4646 στάσεως
3065 4583 3165 4646 τὰς
3183 4582 3385 4644 πόλεις,
3407 4581 3498 4634 καὶ
3519 4581 3630 4642 τοῖς
3657 4579 3758 4648 τῆς

504 4671 639 4732 lum,
671 4679 892 4740 propter
923 4673 1228 4729 libertatem
1255 4675 1487 4738 arbitrii,
1521 4675 1882 4745 possiderent.
1921 4676 2068 4742 Qua-

505 4769 620 4815 tere
653 4763 820 4830 igitur
848 4778 878 4816 a
919 4765 1132 4819 meliori
1167 4774 1310 4820 statu
1343 4767 1617 4831 civitates,
1667 4769 2071 4840 voluptatisque

505 4854 788 4910 blanditiis
813 4856 1108 4912 multorum
1143 4860 1354 4914 animas
1381 4861 1600 4914 trahere
1627 4861 1682 4914 in
1716 4875 1876 4916 omne
1896 4879 2070 4934 genus

505 4947 783 5016 nequitiae,
809 4963 1110 5017 omnesque
1139 4949 1396 5005 adhibere
1429 4951 1732 5016 machinas,
1777 4961 2073 5024 turpesque

495 5038 572 5091 'de
600 5039 704 5093 diis
741 5039 951 5095 fabulas
987 5051 1149 5109 atque
1169 5041 1438 5096 obscenas
1471 5033 1816 5098 narrationes
1847 5047 2074 5098 commi-

509 5130 668 5192 nisci,
701 5131 1015 5200 etjucunda
1049 5135 1232 5186 omnia
1265 5147 1327 5186 ac
1357 5133 1684 5202 voluptatem
1711 5133 1987 5189 aﬂ'ereutia
2008 5137 2076 5191 iis

509 5235 646 5288 quos
667 5232 905 5292 caperet,
929 5225 1140 5278 artibus
1180 5239 1244 5278 ac
1281 5223 1512 5279 fallaciis
1539 5225 1846 5280 dannonum
1881 5227 2072 5296 injice-

509 5325 570 5365 re
599 5329 612 5363 :
650 5321 810 5382 atque
836 5315 922 5369 his
947 5317 1274 5381 rationibus,
1301 5319 1488 5374 orbem
1513 5319 1828 5372 universum
1856 5327 2074 5390 captum

512 5417 577 5455 ac
607 5401 888 5459 subactum
921 5408 1223 5471 continere,
1258 5417 1420 5480 atque
1449 5411 1524 5464 ita
1554 5411 1735 5466 delere
1763 5421 1820 5466 et
1844 5411 2076 5465 confun-

511 5494 640 5548 dere
673 5496 933 5550 terminos
965 5501 1225 5569 gentium,
1277 5503 1420 5572 quod
1473 5503 1636 5559 etiam
1691 5519 1750 5560 se
1804 5504 2076 5558 facturum

510 5587 750 5642 minatus
809 5587 984 5644 fuerat
1039 5593 1220 5648 verbis
1265 5595 1420 5652 illis:
1473 5616 1492 5648 ι
1527 5597 1782 5651 Auferam
1813 5599 2076 5652 terminos

515 5681 774 5749 gentium,
804 5689 856 5735 et
903 5683 1072 5740 robur
1105 5703 1290 5742 carum
1331 5689 1708 5758 (lepra-dabor,
1735 5698 1790 5746 et
1831 5689 2076 5760 quatiam

583 5861 626 5893 ³⁷
659 5859 760 5918 lsa.
791 5879 843 5928 κ,
881 5865 966 5930 i5,
997 5865 1078 5920 14.
1151 5867 1194 5900 ’³
1216 5865 1320 5923 lsa.
1347 5866 1569 5932 xir,12.
1597 5867 1664 5920 1.5

2179 4677 2374 4746 ἡδονῆς
2405 4676 2646 4730 δελέασιν
2675 4677 2769 4731 ἐπὶ
2819 4678 2925 4728 πᾶν
2963 4671 3102 4738 εἶδος
3138 4674 3470 4745 φαυλότητος
3518 4675 3618 4734 τὰς
3645 4671 3758 4724 τῶν

2179 4768 2387 4821 πολλῶν
2416 4768 2663 4822 κατέσπα
2693 4768 2904 4838 ψυχὰς,
2941 4769 3131 4821 οὐδένα
3173 4785 3232 4820 τε
3287 4765 3533 4837 μηχανῆς
3583 4779 3756 4816 κατα-

2179 4859 2350 4913 λιπὼν
2381 4860 2602 4929 τρόπον,
2642 4861 2831 4932 μύθοις
2857 4861 2984 4932 περὶ
3002 4861 3139 4913 θεῶν
3162 4861 3406 4929 αἰσχροῖς
3441 4857 3534 4909 καὶ
3565 4855 3758 4925 διηγή-

2180 4969 2343 5023 μασιν
2372 4952 2692 5015 ἀκολάστοις
2718 4953 2785 5006 ta‘t
2821 4953 2950 5022 φίλα
2983 4953 3240 5021 καὶπρὸς
3275 4949 3466 5022 ἡδονὴν
3501 4945 3608 4998 τῶν
3642 4945 3758 4998 ἀλι-

2179 5044 2458 5112 σκομένων
2479 5044 2546 5097 δι’
2571 5045 2816 5114 ἐντέχνου
2839 5045 3106 5116 δαιμόνων
3127 5044 3343 5112 ἀπάτης
3365 5037 3754 5112 προύϐάλλετο·

2181 5135 2360 5208 ταύτῃ
2393 5153 2453 5188 τε
2495 5137 2594 5206 τὴν
2633 5138 2958 5207 οἰκουμένην
3003 5136 3218 5190 ἃπασαν
3266 5133 3400 5188 ἐλὼν
3447 5131 3754 5202 ὑποχείριον

2183 5231 2416 5296 συνεῖχε,
2453 5227 2546 5280 καὶ
2573 5228 2802 5296 ἠφάνιζε
2843 5227 2912 5280 τὰ
2945 5227 3052 5281 τῶν
3094 5227 3261 5280 ἐθνῶν
3297 5227 3454 5297 ὅρια,
3489 5225 3624 5293 ὅπερ
3663 5222 3754 5275 καὶ

2183 5321 2429 5391 ποιήσειν
2460 5322 2674 5391 ἠπείλει
2716 5321 2884 5374 εἰπών
2911 5336 2923 5351 ·
2961 5340 2980 5372 ‹
3015 5319 3223 5388 Ἀφελῶ
3257 5319 3378 5390 ὅρια
3425 5318 3623 5377 ἐθνῶν,
3661 5315 3755 5369 καὶ

2180 5411 2279 5480 τὴν
2311 5413 2464 5482 ίσχὺν
2491 5413 2670 5465 αὐτῶν
2705 5413 3077 5484 προνομεύσω,
3109 5415 3201 5467 καὶ
3221 5413 3386 5466 σείσω
3409 5409 3590 5472 πόλεις
3623 5419 3759 5462 κατέ

2182 5486 2550 5574 οικουμέναςξ
2591 5505 2685 5558 καὶ
2725 5506 2820 5576 τὴν
2849 5507 3172 5577 οἰκουμένην
3205 5505 3332 5574 ὃλην
3375 5499 3758 5572 καταλήψομαι

2179 5601 2246 5668 τῇ
2275 5597 2415 5668 χειρὶ
2448 5598 2523 5662 ὡς
2559 5599 2828 5652 νοσσιὰν.)
2855 5601 3044 5654 Ἔνθεν
3073 5601 3174 5671 ἤδη
3207 5598 3391 5652 λοιπὸν
3423 5593 3636 5648 πάντων
3667 5592 3760 5643 ἀν-

2180 5689 2412 5763 θρώπων
2437 5693 2762 5764 κατεκράτει
2792 5692 2988 5766 πλάνῃ,
3007 5691 3260 5763 δαίμονές
3285 5705 3344 5742 τε
3373 5685 3596 5757 πονηροὶ⁸
3615 5681 3759 5736 κατὰ
