3954 6526
525 403 633 460 275

1197 405 1466 462 EUSEBII
1506 406 1984 464 CESARIENSIS
2023 407 2172 464 OPP.
2211 407 2411 465 PARS.
2447 409 2466 462 l
2508 439 2574 448 ——
2611 407 3112 464 APOLOGETICA.

3677 404 3798 466 ετ

530 530 723 575 nulum
753 528 954 591 praesto
981 531 1186 588 essent,
1216 525 1528 578 mortalium
1559 540 1687 579 vero
1715 525 1928 578 ruinam
1959 541 2062 578 neu

2201 524 2654 596 διακονουμένων,
2689 526 2786 597 τῆς
2815 525 2872 579 δὲ
2899 527 3006 579 τῶν
3039 525 3250 597 θνητῶν
3284 525 3542 593 πτώσεως
3577 527 3646 580 οὐ
3687 547 3796 581 πε-

529 615 736 685 tiquam
771 615 1259 686 apprehenderent,
1295 625 1516 686 propter
1549 616 1794 686 ipsorum
1817 616 2098 669 hominum

531 707 584 761 in
629 708 789 764 malis
821 709 1082 778 eligendis
1129 709 1353 764 liberam
1403 715 1751 779 potestatem,
1807 709 2099 762 diuturnus

532 799 752 868 quidam
787 809 950 868 atque
985 801 1402 857 immedicabilis
1433 817 1648 864 omnes,
1673 803 1764 870 qui
1796 809 1996 855 terram
2023 801 2100 854 in-

527 893 771 949 colerent
821 881 1133 964 possidebat
1189 895 1438 956 morbus,
1506 902 1804 965 gentesque
1861 895 2096 949 stimulis

527 987 661 1040 alias
692 987 836 1052 aliis,
881 987 1006 1040 mali
1053 989 1280 1056 spiritus
1321 987 1376 1042 in
1409 987 1578 1041 furias
1612 987 1865 1058 agebant,
1895 987 2096 1055 quibus

526 1077 632 1132 illae
665 1079 878 1148 agitatae
916 1079 972 1134 in
997 1079 1329 1150 profundum
1358 1080 1680 1134 insanabilis
1725 1079 1944 1133 malitiae
1978 1079 2096 1133 vol—

526 1172 808 1226 rebantur.
833 1171 950 1228 Jam
971 1173 1116 1228 enim
1139 1173 1359 1243 quidam
1387 1189 1538 1228 more
1557 1174 1883 1236 belluarum,
1906 1187 2027 1242 quae
2041 1181 2096 1228 et

521 1264 722 1318 crudus
759 1273 812 1320 et
849 1265 1117 1321 humanas
1150 1281 1344 1322 carnes
1377 1267 1640 1322 devorare
1670 1275 2092 1328 consueverunt,

519 1357 668 1412 vesci
697 1358 1149 1414 charissimorum
1185 1361 1292 1416 sibi
1313 1362 1571 1416 carnibus
1597 1359 1882 1431 pulchrum
1907 1359 2096 1416 existi-

521 1451 762 1514 mabant,
807 1453 1066 1521 omnique
1107 1453 1314 1523 pudore
1356 1455 1587 1524 abjecto,
1627 1462 1684 1510 et
1717 1455 2006 1519 matribus,
2041 1462 2094 1508 et

519 1544 819 1609 sororibus,
862 1554 917 1600 et
959 1546 1172 1602 filiabus
1218 1547 1592 1612 commisceri,
1639 1555 1802 1618 atque
1849 1563 1946 1604 eos
1999 1551 2090 1618 qui

517 1637 935 1692 consenuisscnt
997 1639 1371 1711 strangulare,
1437 1647 1491 1695 et
1560 1648 1805 1696 mortuos
1865 1641 2092 1696 canibus

515 1728 938 1800 vulneribusque
987 1731 1270 1801 projicere.
1325 1731 1444 1786 Jam
1481 1748 1608 1788 vero
1639 1734 1770 1804 quid
1815 1733 1914 1788 tibi
1943 1749 2092 1788 com-

515 1837 838 1886 memorem,
901 1836 955 1880 et
1011 1826 1248 1882 maxime
1307 1825 1568 1892 deorum,
1609 1827 1850 1896 ipsorum
1909 1829 2092 1896 utique

513 1915 778 1970 malorum
815 1918 1140 1982 dannonum,
1181 1919 1330 1972 omni
1359 1918 1678 1973 crudelitate
1709 1924 1870 1988 atque
1903 1917 2088 1970 imma-

513 2009 684 2063 nitate
725 2009 954 2066 refertas
993 2011 1256 2066 humanas
1291 2011 1574 2075 victimas,
1623 2011 1678 2064 in
1711 2025 1850 2080 quas
1885 2009 2080 2064 huma-

511 2116 642 2153 num
663 2116 835 2170 genus
874 2103 1116 2158 insanire
1151 2105 1478 2175 coegerant?
1519 2103 1646 2158 Haec
1699 2105 1864 2174 igitur
1905 2105 1962 2158 in
1991 2104 2078 2164 iis,

512 2205 634 2260 qua:
663 2209 802 2264 Opus
835 2196 937 2250 hoc
959 2205 1372 2252 antecesserunt
1397 2199 1540 2267 quod
1571 2213 1717 2252 nunc
1743 2200 1796 2252 in
1829 2197 2080 2252 manibus

509 2292 614 2346 est,
656 2283 772 2354 ipse
802 2290 1122 2358 praeparari.
1154 2288 1368 2343 Etenim
1400 2305 1524 2344 cum
1553 2298 1630 2344 tot
1661 2291 1802 2344 mala
1831 2305 1862 2343 a
1895 2289 2081 2360 perni-

507 2378 675 2433 ciosis
702 2387 756 2433 et
785 2381 969 2449 pravis
1002 2382 1308 2452 spiritibus,
1345 2398 1562 2438 necnon
1595 2385 1665 2439 ab
1691 2399 1777 2448 eo,
1809 2385 1902 2454 qui
1929 2385 1984 2438 in
2011 2384 2079 2440 iis

505 2472 674 2526 totius
700 2473 849 2530 orbis
865 2475 1212 2546 tyrannidem
1235 2485 1555 2547 occuparat,
1578 2476 1857 2546 proposita
1871 2485 2074 2544 essent,

507 2563 795 2632 nullusque
835 2581 1025 2620 eorum
1073 2567 1390 2636 angelorum
1425 2557 1518 2636 qui
1553 2565 1792 2635 praifeeti
1836 2565 2073 2632 fuerant,

504 2658 659 2712 malis
707 2657 998 2713 subvenire
1051 2667 1196 2713 esset
1247 2659 1505 2723 idoneus,
1557 2660 1751 2714 merito
1795 2660 1927 2714 illud
1981 2659 2076 2716 Dei

507 2749 762 2815 Verbum,
799 2751 888 2804 ille
919 2749 1169 2804 Salvator
1193 2752 1454 2816 universi,
1478 2753 1704 2808 salutari
1733 2761 1868 2807 nutu
1893 2751 2074 2810 Patris

503 2842 598 2911 qui
621 2841 843 2896 humani
865 2843 1082 2912 generis
1108 2854 1190 2898 est
1211 2843 1641 2908 amantissimus,
1671 2861 1738 2899 ne
1768 2845 1870 2898 hoc
1895 2846 2071 2916 ipsum

504 2936 580 2988 illi
607 2942 716 2988 tam
745 2936 972 2989 charum
1005 2951 1200 3006 genus,
1233 2938 1288 2990 in
1320 2937 1618 3006 impietatis
1649 2937 1922 3007 profundo
1953 2954 2076 2993 ver-

501 3037 738 3090 saretur,
765 3037 923 3082 antea
960 3027 1176 3097 quidem
1212 3029 1440 3100 exiguos
1465 3029 1750 3100 quosdam,
1787 3037 1949 3099 atque
1977 3031 2073 3085 ob-

495 3135 691 3176 scuros
709 3122 938 3191 propriae
958 3122 1097 3176 lucis
1117 3121 1320 3187 radios,
1347 3137 1442 3192 per
1467 3122 1784 3194 prophetam
1809 3121 2068 3192 Moysem,

497 3229 703 3284 perque
735 3229 830 3269 eos
858 3213 955 3267 Dei
983 3214 1190 3269 amicos
1218 3215 1388 3280 viros,
1421 3216 1514 3285 qui
1546 3223 1599 3270 et
1639 3224 1764 3270 ante
1803 3215 1978 3279 illum,
2014 3223 2067 3270 et
2113 3242 2118 3249 -

2203 617 2638 688 ριδρασσομένων
2665 619 2752 671 διὰ
2777 619 2876 690 τὴν
2912 619 3016 672 τῶν
3051 619 3233 672 κακῶν
3277 619 3628 675 αὐθεκούσιον
3675 622 3796 674 τῶν

2201 707 2498 780 ἀνθρώπων
2527 710 2756 782 αἵρεσιν,
2787 711 2973 784 μακρά
2995 727 3078 774 τις
3099 712 3192 764 καὶ
3213 711 3649 782 δυσθεράπευτος
3675 714 3795 766 τῶν

2199 801 2291 852 επὶ
2313 802 2414 871 γῆς
2435 803 2688 854 ἁπάντων
2714 805 3039 875 κατεκράτει
3066 805 3240 868 νόσος,
3267 804 3440 859 ἄλλων
3465 803 3642 868 ἄλλως
3671 805 3794 858 τῶν

2200 891 2367 945 ὲθνῶν
2400 893 2503 946 ὑπὸ
2525 894 2632 947 τῶν
2657 895 2908 966 πονηρῶν
2935 896 3256 967 πνευμάτων
3285 895 3788 967 ἐξοιστρουμένων,

2199 987 2292 1038 καὶ
2317 988 2395 1050 εἰς
2428 987 2720 1058 ἀνήκεστον
2751 986 2908 1057 βυθὸν
2929 989 3126 1053 κακίας
3161 989 3598 1043 ἀπο-πιπτόντων.
3629 988 3784 1059 Ἤδη

2197 1077 2326 1144 γοῦν
2367 1078 2674 1148 ώμοφάγων
2717 1079 2812 1132 καὶ
2851 1079 3280 1153 ἀνθρωποϐόρων
3324 1080 3528 1152 Θηρίων
3567 1079 3788 1150 τρόπον

2199 1171 2404 1240 σάρκας
2429 1172 2574 1234 τινὲς
2595 1172 2702 1226 τῶν
2727 1172 2996 1242 φιλτάτων
3021 1173 3296 1228 θοινᾶσθαι
3319 1174 3482 1227 καλὸν
3507 1173 3786 1244 ἡγοῦντο,

2196 1262 2288 1312 καὶ
2323 1262 2588 1334 μητράσιν
2626 1265 2870 1336 ἀναίδην,
2911 1265 3006 1318 καὶ
3033 1265 3306 1334 ἀδελφαῖς,
3339 1267 3430 1318 καὶ
3463 1265 3794 1336 θυγατράσι

2197 1355 2508 1426 μίγνυσθαι,
2539 1357 2738 1428 ἀγχόνῃ
2773 1375 2832 1410 τε
2858 1357 3198 1430 περιϐάλλειν
3217 1358 3343 1420 τοὺς
3364 1361 3788 1430 γεγηρακότας,

2195 1449 2286 1500 καὶ
2309 1449 2435 1501 κυσὶ
2467 1450 2559 1502 καὶ
2589 1451 2796 1513 οἰωνοῖς
2819 1451 2944 1514 τοὺς
2968 1449 3212 1522 νεκρούς.
3248 1451 3312 1503 Τί
3343 1451 3406 1522 δή
3437 1467 3517 1503 σοι
3555 1469 3788 1522 μνημο-

2193 1539 2489 1612 νευσαίμην
2525 1541 2634 1594 τῶν
2665 1541 2824 1611 δῆθεν
2859 1541 3017 1607 θεῶν,
3064 1541 3242 1596 αὐτῶν
3283 1542 3348 1614 δὴ
3391 1543 3503 1596 τῶν
3541 1545 3790 1614 φαύλων

2191 1631 2476 1702 δαιμόνων,
2497 1631 2596 1696 τὰς
2619 1633 2774 1704 ὠμὰς
2790 1634 2882 1686 καὶ
2903 1633 3166 1698 ἐκτύπους
3183 1634 3662 1706 ἀνθρωποθυσίας,
3691 1639 3782 1700 εἰς

2190 1724 2256 1789 ἃς
2281 1726 2344 1778 τὸ
2376 1725 2709 1798 ἀνθρώπειον
2748 1725 2903 1796 γένος
2943 1726 3248 1798 ἐξέμηνανς,
3278 1729 3384 1782 Kal.
3415 1729 3588 1782 ταῦτα
3633 1729 3786 1798 γοῦν

2191 1821 2249 1872 ἐν
2295 1823 2406 1884 τοῖς
2442 1819 2872 1892 προηγουμένοις
2909 1820 3010 1889 τῆς
3053 1821 3196 1892 μετὰ.
3227 1825 3412 1892 χεῖρας
3451 1822 3784 1884 ὑποθέσεως

2121 1907 2164 1966 Β
2193 1911 2818 1982 προπαρεσκευασάμην.
2850 1911 3007 1965 Ἀλλά
3025 1911 3132 1984 γὰρ
3157 1910 3420 1966 τοσούτων
3441 1911 3631 1965 κακῶν
3661 1911 3788 1966 ὑπὸ.

2141 2045 2144 2048 λ
2187 2003 2294 2057 τῶν
2315 2003 2531 2072 φαύλων
2557 2003 2650 2056 καὶ
2679 2003 2787 2056 τῶν
2818 2001 3105 2076 μοχθηρῶν
3133 2003 3476 2076 πνευμάτων,
3507 2003 3602 2056 τοῦ
3631 2005 3689 2055 τ’
3713 2006 3774 2057 ἐν

2183 2096 2392 2160 τούτοις
2423 2097 2710 2167 τυράννου,
2749 2096 2870 2150 καθ’
2903 2095 3032 2167 ὅλης
3067 2097 3166 2167 τῆς
3197 2097 3518 2167 οἰκουμένης
3557 2095 3774 2167 προϐε-

2183 2187 2282 2256 6λη
2292 2187 2487 2257 μένων,
2524 2189 2618 2240 καὶ
2647 2187 2874 2258 μηδενὸς
2893 2186 3000 2242 τῶν
3025 2186 3342 2256 ἐφεστώτων
3368 2185 3614 2255 ἀγγέλων
3647 2187 3772 2240 οἴου

2180 2298 2237 2334 τε
2270 2281 2422 2344 ὄντος
2459 2283 2572 2343 τοῖς
2619 2282 2806 2343 κακοῖς
2838 2280 3158 2350 ἐπαμύνειν,
3203 2280 3426 2344 εἰκότως
3475 2283 3692 2344 ἐκεῖνος
3737 2282 3772 2334 ό

2179 2373 2312 2437 Θεὸς
2342 2375 2534 2443 Λόγος,
2567 2375 2596 2426 ὁ
2629 2373 2897 2428 τῶνὸλων
2925 2374 3138 2444 Σωτὴρ,
3179 2373 3368 2445 ἀγαθῷ
3399 2376 3630 2446 νεύματι
3661 2373 3770 2444 τῆς

2177 2465 2273 2520 τοῦ
2313 2467 2528 2538 Πατρὸς
2564 2465 2988 2536 φιλανθρωπίας,
3020 2466 3096 2530 ὡς
3123 2465 3188 2520 ἂν
3228 2467 3301 2537 μὴ
3336 2466 3397 2519 τὸ
3427 2468 3580 2536 φίλον
3609 2465 3778 2538 αὐτῷ.

2179 2558 2332 2626 γένος
2355 2561 2412 2610 ὲν
2433 2557 2686 2620 ἀσεϐείας
2711 2555 2856 2626 βυθῷ
2875 2556 3192 2620 καλινδοῖτο,
3215 2557 3352 2621 τέως
3379 2557 3475 2628 μὲν
3494 2557 3772 2630 βραχείας

2177 2651 2330 2714 τινὰς
2359 2652 2452 2704 καὶ
2491 2649 2736 2723 ἀμυδρὰς
2761 2649 2853 2704 τοῦ
2881 2649 3012 2704 ἰδίου
3043 2650 3219 2718 φωτὸς
3241 2651 3481 2715 ἀκτῖνας,
3505 2651 3594 2704 διὰ
3623 2669 3768 2724 προ-

2177 2745 2346 2814 φήτου
2362 2744 2660 2808 Μωῦσέως,
2677 2743 2785 2796 τῶν
2807 2759 2866 2795 τε
2889 2743 2996 2814 πρὸ
3016 2741 3180 2795 αὑτοῦ
3207 2743 3425 2796 καὶτῶν
3451 2744 3568 2814 μετ’
3589 2743 3780 2796 αὑτὸν.

2177 2834 2440 2904 θεοφιλῶν
2461 2835 2669 2906 ἀνδρῶν
2697 2834 2990 2904 ἐξέλαμπε,
3015 2835 3122 2888 τῶν
3149 2836 3206 2888 ὲν
3233 2832 3542 2906 ἀνθρώποις
3565 2835 3762 2888 κακῶν

2173 2926 2272 2997 τὴν
2303 2927 2444 2978 ἴασιν
2475 2928 2533 2979 ὲν
2570 2929 2690 2990 ταῖς
2719 2927 2891 2996 ἱεραῖς
2923 2927 3264 2999 νομοθεσίαις
3289 2925 3758 2998 προϐαλλόμενος.

2175 3021 2336 3088 Λέγει
2365 3020 2409 3073 δ’
2439 3015 2532 3072 οὖν
2575 3021 2830 3093 ἄντικρυς
2871 3021 3032 3084 αὐτὸς
3071 3022 3099 3074 ὁ
3137 3021 3305 3088 Λόγος
3347 3018 3424 3089 τῷ
3483 3019 3768 3090 Ἐϐραίων.

2173 3113 2316 3166 ἔθνει
2343 3112 2645 3183 νομοθετῶν
2679 3111 2768 3165 διὰ
2799 3112 3094 3175 Μωῦσέως·
3130 3131 3148 3164 ι
3181 3111 3338 3165 Κατὰ
3365 3111 3433 3164 τά
3463 3111 3770 3183 ἐπιτηδεύ-.

2178 3223 2322 3277 ματα
2344 3206 2440 3277 τῆς
2465 3206 2568 3275 γῆς
2593 3204 2890 3274 Αἰγύπτου,
2922 3207 2979 3258 ὲν
3065 3205 3422 3275 κατῳκήσατε
3445 3205 3531 3256 ἐπ’
3553 3204 3756 3274 αὐτῆς,

494 3315 622 3375 post
662 3309 813 3361 illum
849 3307 1173 3370 floruerunt,
1218 3307 1420 3370 emisit,
1453 3308 1533 3362 sic
1565 3312 1752 3377 utique
1783 3307 2063 3360 hominum

2173 3301 2236 3354 οὐ
2269 3301 2543 3370 ποιήσετε·
2576 3297 2828 3353 καὶκατὰ
2865 3297 2932 3350 τὰ
2959 3297 3364 3368 ἐπιτηδεύματα
3395 3296 3500 3366 γῆς
3527 3296 3758 3349 Χαναὰν

493 3401 654 3456 malis
685 3398 1008 3466 remedium,
1045 3400 1101 3454 in
1139 3399 1502 3454 sacrosanctis
1547 3399 1758 3470 legibus
1808 3397 2062 3454 aﬂ‘erens.

493 3492 730 3547 Proinde
760 3494 841 3549 sic
872 3493 1031 3564 plane
1067 3493 1244 3562 ipsum
1293 3490 1387 3546 Dei
1425 3491 1682 3554 Verbum,
1727 3491 1794 3546 ad
1838 3490 2067 3547 Hebrai-

491 3602 609 3642 cam
637 3594 851 3658 gentem
889 3585 1042 3652 dicit,
1091 3585 1182 3640 ubi
1237 3601 1331 3654 per
1375 3583 1614 3656 Moysem
1635 3586 1792 3656 leges
1832 3585 1910 3638 illi
1947 3584 2061 3648 dat,

494 3673 652 3743 162
701 3693 718 3723 ι
750 3673 1049 3728 secundum
1103 3673 1354 3727 instituta
1391 3681 1549 3728 terrae
1581 3671 1802 3744 Egypti
1853 3674 1907 3728 in
1955 3689 2062 3744 qua

493 3765 802 3828 habitastis,
860 3779 970 3818 non
1023 3764 1233 3818 facietis
1287 3783 1299 3817 :
1347 3770 1400 3816 et
1459 3763 1759 3818 secundum
1811 3764 2060 3818 instituta

489 3863 648 3908 terra:
675 3853 931 3908 Chanaan
959 3894 972 3916 ,
1007 3854 1074 3908 ad
1105 3869 1266 3922 quam
1301 3867 1400 3922 ego
1435 3853 1774 3908 introducam
1807 3869 1922 3916 vos,
1952 3871 2060 3908 non

491 3943 704 3998 facietis
748 3961 759 3998 :
807 3955 860 3998 et
910 3945 964 3996 in
1001 3943 1208 4014 legibus
1257 3942 1474 3996 illorum
1529 3959 1638 3998 non
1683 3945 2056 4000 ambulabitis.

487 4033 700 4088 Judicia
733 4049 852 4088 mea
886 4033 1121 4099 facietis,
1160 4043 1214 4089 et
1253 4043 1524 4103 praecepta
1562 4051 1680 4090 mea
1720 4038 2010 4092 servabitis
2043 4058 2056 4092 :

485 4142 587 4196 ego
623 4141 744 4180 sum
775 4125 1039 4182 Dominus
1073 4125 1218 4181 Deus
1245 4134 1426 4181 vester
1449 4127 1490 4182 ί.
1529 4145 1548 4178 ι
1587 4126 1792 4183 Deinde
1829 4130 1918 4184 ubi
1939 4145 2060 4184 om-

491 4215 912 4282 niainterdixit,
945 4225 999 4271 et
1031 4215 1286 4272 infandas
1325 4217 1566 4287 nuptias,
1611 4227 1663 4272 et
1691 4233 1850 4274 omne
1879 4221 2058 4292 impu-

485 4309 670 4363 dicum
713 4309 950 4373 facinus,
983 4324 1051 4363 ne
1087 4308 1302 4364 feminae
1361 4324 1488 4363 cum
1531 4309 1780 4375 feminis,
1812 4327 2058 4369 maresve

481 4417 607 4456 cum
643 4400 888 4455 maribus
927 4381 1308 4466 miscerentur,
1347 4401 1592 4473 adjungit
1628 4421 1640 4456 :
1678 4421 1697 4452 ι
1731 4401 1810 4459 Ne
1841 4405 2055 4473 pollua—

481 4497 616 4550 mini
653 4497 706 4550 in
738 4489 992 4552 omnibus
1024 4497 1129 4552 his.
1161 4497 1297 4551 Nam
1337 4498 1391 4550 in
1425 4497 1682 4552 omnibus
1715 4497 1802 4553 his
1837 4499 2055 4568 pollutae

481 4595 612 4643 sunt
643 4597 853 4658 gentes,
895 4605 1034 4659 quas
1077 4607 1179 4660 ego
1207 4591 1474 4660 expellam
1509 4607 1540 4643 a
1569 4590 1708 4646 facie
1735 4599 1917 4646 vestra
1949 4611 1962 4646 :
1999 4599 2058 4646 et

2169 3394 2248 3454 εἰς
2287 3391 2354 3460 ἣν
2387 3389 2496 3458 ἐγὼ
2530 3389 2737 3458 εἰσάγω
2775 3391 2942 3460 ὑμᾶς,
2990 3391 3107 3442 ἐκεῖ
3135 3390 3197 3441 οὐ
3232 3389 3516 3460 ποιήσετεο
3563 3387 3663 3441 καὶ
3697 3390 3758 3440 ἐν

2167 3488 2278 3548 τοῖς
2315 3483 2500 3553 νόμοις
2543 3483 2721 3536 αὐτῶν
2757 3484 2817 3534 οὐ
2857 3481 3208 3554 πορεύσεσθε.
3245 3481 3324 3534 Τὰ
3357 3481 3604 3552 κρίματά
3642 3499 3756 3552 μου

2167 3579 2446 3650 ποιήσετε,
2497 3579 2590 3631 καὶ
2633 3577 2704 3628 τά
2749 3574 3148 3648 προστάγματά
3183 3592 3284 3645 μου
3315 3572 3605 3644 φυλάξετε·
3635 3572 3756 3640 ἐγὼ

2167 3671 2280 3742 εἰμί
2309 3670 2512 3742 Κύριος
2534 3673 2562 3723 ὁ
2589 3670 2719 3732 Θεὸς
2749 3668 2921 3740 ὑμῶν.
2961 3687 2978 3718 ι
3005 3662 3137 3720 Εἶτα
3167 3668 3344 3721 πάντα
3363 3665 3766 3737 ἀπαγορεύσας-

2163 3764 2422 3834 ὰθέμιτον
2455 3764 2652 3832 γάμον,
2680 3762 2775 3814 καὶ
2801 3763 2980 3814 πᾶσαν
3007 3760 3290 3829 ἀσχήμονα
3319 3757 3536 3830 πρᾶξιν,
3563 3775 3756 3826 γυναι·

2165 3857 2276 3909 κῶν
2319 3873 2376 3908 τε
2427 3857 2562 3925 πρὸς
2605 3857 2897 3922 γυναῖκας,
2933 3854 3028 3905 καὶ
3061 3851 3304 3923 ἀρρένων
3337 3851 3474 3922 πρὸς
3507 3851 3750 3921 ἄρρενας

2167 3949 2364 4020 μίξεις,
2391 3947 2650 4014 ἐπιλέγειο
2685 3965 2702 3996 ι
2729 3946 2818 4016 Μὴ
2848 3943 3122 4016 μιαίνεσθε
3145 3947 3202 3997 ὲν
3225 3946 3362 3997 πᾶσι
3385 3943 3614 4005 τούτοις.
3653 3942 3750 3995 Ἐν

2164 4043 2297 4094 πᾶσι
2329 4041 2438 4110 γὰρ
2466 4038 2674 4102 τούτοις
2705 4038 3038 4108 ὲμιάνθησαν
3065 4035 3133 4089 τὰ
3162 4036 3308 4106 ἔθνη,
3337 4035 3372 4089 ἃ.
3399 4036 3507 4104 ἐγὼ
3539 4035 3748 4100 ἐξαπο-

2163 4133 2332 4187 στελῶ
2357 4133 2462 4206 πρὸ
2494 4130 2782 4203 προσώπου
2809 4130 2964 4200 ὑμῶν
2981 4147 2994 4159 ·
3039 4130 3132 4182 καὶ
3153 4127 3445 4199 ὲξεμιάνθη
3471 4129 3504 4198 ἡ
3527 4128 3620 4198 γῆ.
3645 4127 3748 4180 καὶ

2161 4225 2520 4280 άνταπέδωκα
2567 4223 2778 4277 ἀδικίαν
2819 4223 2986 4293 αὐτῇ·
3035 4223 3130 4276 καί
3167 4221 3539 4294 προσώχθισεν
3583 4222 3618 4290 ἡ
3665 4221 3746 4291 γῆ

2159 4323 2272 4382 τοῖς
2319 4318 2714 4390 ὲγκαθημένοις
2760 4319 2848 4370 ἐπ’
2891 4315 3082 4386 αὐτῆς.
3127 4335 3146 4368 ι
3187 4315 3296 4370 Καὶ
3344 4314 3504 4368 πάλιν
3549 4314 3740 4383 φησίν·

2165 4433 2181 4464 ι
2231 4411 2356 4465 Ἐὰν
2384 4411 2441 4464 δὲ
2475 4411 2539 4463 σὺ
2569 4409 2814 4483 εἰσέλθῃς
2843 4411 2923 4472 εἰς
2951 4409 3050 4480 τὴν
3073 4407 3198 4478 γῆν,
3226 4407 3295 4477 ἢν
3327 4406 3532 4477 Κύριος
3553 4405 3582 4456 ό
3605 4403 3744 4466 Θεός

2161 4523 2252 4558 σου
2283 4505 2462 4557 δίδωσί
2497 4521 2599 4566 σοι,
2629 4503 2691 4555 οὐ
2727 4501 2800 4573 μὴ
2831 4501 3050 4574 μαθήσῃ
3080 4503 3254 4554 ποιεῖν
3277 4498 3420 4552 κατὰ
3447 4497 3516 4550 τά
3550 4495 3742 4565 βδελύ-

2157 4613 2344 4669 γματα
2379 4595 2488 4649 τῶν
2530 4593 2700 4648 ἐθνῶν
2731 4593 2974 4647 ἐκείνων·
3011 4593 3110 4663 οὑχ
3157 4590 3508 4662 εὑρεθήσεται
3551 4591 3610 4640 ἐν
3653 4587 3742 4641 σοὶ

477 4682 682 4751 polluta
733 4688 820 4736 est
863 4689 1036 4746 terra,
1079 4691 1134 4736 et
1183 4683 1408 4737 retribui
1459 4681 1782 4750 iniustitiam
1833 4683 1958 4738 illi:
1999 4693 2052 4738 ct

2172 4689 2433 4760 ιαθαίρων
2465 4688 2558 4741 τὸν
2587 4687 2698 4740 υἱὸν
2729 4683 2918 4748 αὐτοῦ,
2954 4686 2987 4756 ἢ
3030 4685 3130 4756 τὴν
3173 4682 3447 4753 θυγατέρα
3485 4679 3648 4733 αὐτοῦ
3675 4681 3740 4732 ὲν

478 4773 790 4828 abominata
839 4783 924 4830 est
975 4785 1118 4828 terra
1156 4776 1412 4830 sedentes
1443 4775 1502 4828 in
1539 4776 1656 4846 ipsa
1683 4777 1726 4830 ².
1771 4795 1792 4828 ι
1824 4776 1888 4830 Et
1922 4778 2052 4832 alibi

479 4881 672 4921 rursus
705 4865 839 4919 dicit
871 4883 884 4921 :
922 4885 940 4916 ι
972 4867 1108 4922 Cum
1155 4883 1284 4921 vero
1329 4869 1612 4938 ingressus
1645 4867 1817 4924 fueris
1851 4869 1907 4922 in
1943 4879 2054 4924 ter-

478 4973 594 5012 ram
625 4973 788 5028 quam
831 4958 1094 5014 Dominus
1129 4958 1272 5014 Deus
1301 4968 1429 5014 tuus
1453 4959 1546 5013 dat
1577 4959 1698 5024 tibi,
1734 4975 1843 5014 non
1872 4960 2050 5016 disces

477 5051 658 5105 facere
693 5049 994 5106 secundum
1026 5051 1462 5116 abominationes
1494 5053 1738 5122 gentium
1773 5052 1988 5105 illarum
2033 5071 2045 5106 :

475 5155 585 5194 non
621 5142 930 5196 invenietur
965 5143 1022 5196 in
1059 5150 1114 5196 te
1144 5143 1237 5211 qm
1289 5143 1482 5196 lustret
1522 5142 1691 5197 filium
1738 5159 1899 5198 suum
1953 5151 2048 5197 aut

475 5233 637 5286 tiliam
687 5249 841 5289 suam
897 5235 951 5289 in
1005 5234 1156 5305 igne,
1215 5235 1470 5289 divinans
1519 5236 1906 5301 divinationes,
1956 5247 2048 5291 aut

473 5325 738 5390 hariolus,
783 5335 878 5380 aut
907 5343 1101 5399 augur,
1134 5330 1426 5394 veneficus,
1461 5329 1789 5394 incantator,
1845 5331 2042 5402 pytho-

470 5415 592 5469 nica
639 5419 856 5482 mulier,
913 5419 1284 5489 prodigiorum
1339 5420 1636 5490 inspector,
1669 5431 1763 5476 aut
1790 5423 1882 5492 qui
1915 5440 2042 5493 per-

469 5515 722 5560 contetur
770 5517 1014 5564 mortuos
1051 5529 1065 5562 ε
1111 5519 1197 5564 est
1242 5514 1388 5566 enim
1433 5513 1770 5569 abominatio
1813 5515 2043 5571 Domino

469 5597 581 5652 DeO
613 5613 724 5652 uno
757 5601 936 5654 onmis
975 5604 1069 5670 qui
1115 5601 1246 5656 facit
1293 5604 1425 5658 luce.
1479 5604 1610 5659 Nam
1645 5616 1867 5676 propter
1905 5608 2041 5660 istas

469 5692 925 5756 abnminationes,
975 5693 1242 5750 Dominus
1289 5695 1432 5753 Deus
1467 5708 1594 5754 tuus
1625 5699 1826 5755 delebit
1863 5701 1986 5756 illos
2009 5715 2040 5754 a

543 5847 556 5874 ¹
589 5845 756 5900 Levii.
805 5849 1038 5914 M1153,
1067 5850 1120 5904 4.
1199 5855 1216 5882 ³
1243 5853 1372 5907 ibid.
1407 5853 1494 5918 :Zi,

2151 4780 2314 4852 πυρὶ,
2361 4778 2756 4850 μαντευόμενος
2802 4775 3079 4847 μαντείας,
3131 4773 3226 4828 καὶ
3267 4770 3733 4845 κλῃδονιζόμενος,

2149 4873 2243 4926 καὶ
2255 4871 2653 4942 οἰωνιζόμενος,
2675 4869 2983 4940 φαρμακὺς,
3009 4867 3244 4938 ἐπᾴδων,
3272 4860 3732 4934 ὲγγαστρίμυθος,

2149 4963 2243 5015 καὶ
2267 4960 2687 5033 τερατοσκόπος,
2711 4959 2805 5012 καὶ
2829 4956 3122 5028 ἐπερωτῶν
3143 4956 3268 5018 τοὺς
3294 4951 3540 5024 νεκρούς,
3575 4953 3734 5005 Ἔστι

2149 5056 2258 5127 γὰρ
2294 5055 2566 5126 βδέλυγμα
2597 5053 2786 5124 Κυρίῳ
2813 5051 2890 5122 τῷ
2921 5049 3042 5120 Θεῷ
3077 5067 3167 5102 σου
3199 5050 3306 5112 πᾶς
3339 5046 3504 5100 ποιῶν
3533 5044 3730 5098 ταῦτα.

2154 5149 2355 5207 Ἕνεκα
2387 5149 2494 5217 γὰρ
2521 5145 2630 5198 τῶν
2661 5143 3040 5214 βδελυγμάτων
3070 5140 3274 5194 τούτων
3306 5137 3508 5210 Κύριος
3537 5139 3566 5190 ὁ
3597 5137 3734 5200 Θεός

2153 5258 2244 5294 σου
2281 5239 2648 5310 ὲξολοθρεύσει
2683 5238 2879 5300 αὐτοὺς
2912 5235 3019 5288 ἀπὸ
3045 5233 3338 5306 προσώπου
3371 5250 3480 5286 σου.
3513 5230 3730 5292 Τέλειος

2150 5331 2249 5404 ἔσῃ
2277 5331 2514 5384 ἐναντίον
2537 5329 2736 5400 Κυρίου
2757 5327 2852 5380 τοῦ
2873 5325 3010 5380 Θεοῦ
3045 5343 3160 5378 σου.
3195 5345 3214 5376 ι
3242 5324 3478 5378 Τοιαῦτα
3511 5322 3608 5392 μὲν
3634 5321 3728 5376 καὶ

2152 5426 2320 5496 μυρία
2351 5424 2483 5476 ἄλλα
2507 5421 2731 5490 θεοσεϐῆ
2761 5419 3062 5490 διδάγματά
3083 5436 3142 5472 τε
3171 5419 3264 5471 καὶ
3294 5411 3728 5484 παραγγέλματα

2149 5517 2236 5570 διὰ
2259 5516 2538 5577 Μωῢσέως
2568 5515 2750 5576 αὐτοῖς
2768 5513 2796 5564 ὁ
2813 5511 2946 5574 Θεὸς
2967 5513 3138 5579 Λόγος
3159 5510 3220 5562 τὸ
3242 5509 3370 5581 πρὶν
3393 5503 3724 5576 ἐνομοθέτει,

2149 5611 2222 5672 ὼς
2255 5613 2314 5662 ἐν
2347 5610 2674 5676 εἰσαγωγαῖς
2707 5606 2800 5660 τοῦ
2835 5605 2977 5661 κατὰ
3015 5605 3296 5658 εὐσέϐειαν
3341 5602 3456 5672 βίου
3491 5598 3722 5670 παραδι-

2147 5699 2269 5761 δοὺς
2298 5700 2482 5763 αὐτοῖς
2511 5700 2769 5770 στοιχεῖα,
2816 5697 2905 5751 διὰ
2939 5698 3203 5770 συμὸὁὶου
3239 5695 3330 5748 καί
3371 5711 3516 5756 τινος
3561 5691 3722 5746 σκιώ-
