3954 6514
193 390 295 444 N7

191 512 310 573 ὃους
341 512 442 564 καὶ
474 515 808 586 σωματικῆς
846 513 1095 586 λατρείας
1135 518 1192 568 ἐν
1226 514 1473 585 σώματος
1502 514 1789 583 περιτομῇ,
1822 527 1865 578 Α
1897 513 2034 569 facie
2079 523 2170 567 tua
2208 533 2219 566 :

188 606 276 658 καί
311 623 491 660 τινων
531 610 713 662 ἄλλων
757 608 1183 679 τοιουτοτρόπων
1219 609 1310 663 ἐπὶ
1350 609 1448 678 τῆς
1474 608 1577 677 γῆς
1608 625 1793 660 συντε-

185 696 499 767 λουμένων·
537 701 619 764 ὡς
640 700 721 760 δὲ.
747 699 841 753 τοῦ
872 700 1062 771 χρόνου
1100 700 1399 770 προϊόντος,
1434 701 1584 753 οὐδὲν
1612 700 1793 753 τοσοῦ-

178 808 268 843 τον
301 792 404 844 καὶ
437 792 568 845 τῶν
604 794 720 864 μετ’
748 794 908 846 αὐτὸν
934 792 1227 865 προφητῶν
1259 796 1337 856 εἰς
1356 792 1544 847 ἄκεσιν
1566 793 1672 845 τῶν
1695 794 1789 846 τοῦ

182 881 294 949 βίου
337 883 554 935 κακῶν
586 884 649 936 δι’
684 882 986 954 ὑπερϐολὴν
1015 884 1212 946 κακίας
1245 882 1480 946 ἔσθενεν,
1512 882 1707 953 ήλαυνὲ
1731 900 1788 935 τε

176 975 463 1047 ὁσημέραι
498 979 588 1041 εἰς
620 978 841 1047 μείζονα
880 976 949 1029 τὰ
988 976 1088 1045 τῆς
1127 976 1447 1046 δαιμονικῆς
1488 976 1785 1046 ἐνεργείας,

176 1068 249 1129 ὡς
277 1069 379 1120 καὶ
416 1070 574 1123 αὐτὸ
599 1069 660 1122 τὸ
699 1069 964 1140 Ἐϐραίων
984 1067 1133 1131 ἔθνος
1157 1071 1223 1138 τῇ
1254 1066 1361 1120 τῶν
1379 1067 1553 1120 ἀθέων
1580 1084 1787 1120 συναπ-

174 1159 420 1230 αχθῆναι
470 1162 678 1232 φθορᾷ·
722 1162 884 1224 αὐτὸς
920 1161 1024 1232 ἤδη
1060 1161 1244 1213 λοιπὸν
1306 1162 1334 1213 ὁ
1372 1160 1561 1232 Σωτὴρ
1586 1163 1679 1213 καὶ
1708 1161 1789 1213 ἰα-

172 1252 299 1320 τρὸς
345 1253 473 1305 τῶν
526 1254 664 1306 ὅλων
715 1254 957 1307 κάτεισιν
1010 1256 1088 1317 εἰς
1138 1253 1475 1326 ἀνθρώπους,
1531 1257 1623 1307 καὶ
1676 1258 1789 1319 τοῖς

171 1344 404 1406 οἰκείοις
455 1346 723 1415 ἀγγέλοις
772 1346 1065 1417 ἐπαμύνων
1111 1347 1251 1417 ὑπὲρ
1294 1347 1396 1417 τῆς
1432 1346 1541 1400 τῶν
1576 1348 1786 1418 ἀνθρώ-

172 1452 286 1490 πων
324 1441 653 1511 σωτηρίας,
705 1440 850 1493 τοῦτ’
875 1440 1022 1512 αὐτῷ
1058 1439 1152 1493 τοῦ
1190 1440 1403 1511 Πατρὸς
1444 1440 1784 1513 δωρήσεσθαι

170 1532 725 1602 προῦποσχομένου,
803 1532 1088 1604 ὡσπεροῦν
1172 1534 1335 1597 αὐτὸς
1405 1537 1461 1588 ἐν
1538 1536 1786 1607 Ψαλμοῖς

166 1623 428 1677 διδάσκει
480 1625 680 1693 λέγων⁵
746 1644 765 1677 ι
798 1625 999 1697 Κύριος
1031 1622 1151 1677 εἷπε
1192 1626 1331 1697 πρὸς
1369 1627 1464 1697 με’
1510 1628 1635 1690 Υἱός
1682 1645 1783 1698 μου

166 1711 213 1767 εί
258 1718 352 1781 σὺ,
410 1718 538 1787 ἐγὼ
578 1721 818 1791 σήμερον
872 1718 1181 1790 γεγέννηκά
1236 1736 1315 1773 σε.
1369 1719 1597 1791 Αἴτησαι
1654 1723 1783 1793 παρ’

167 1810 338 1879 ἐμοῦ,
410 1813 521 1865 καὶ
579 1812 734 1866 δώσω
797 1829 879 1866 σοι
932 1812 1058 1884 ἔθνη
1102 1813 1199 1885 τὴν
1246 1813 1609 1886 κληρονομίαν
1654 1831 1779 1879 σου,

168 1905 259 1955 καί
316 1905 433 1975 τὴν
500 1906 830 1976 κατάσχεσίν
891 1922 984 1959 σου
1043 1906 1111 1959 τὰ
1172 1905 1383 1979 πέρατα
1438 1909 1539 1977 τῆς
1588 1908 1710 1977 γῆς.
1754 1927 1774 1959 ι

170 1997 377 2049 Οὐκέτι
459 1998 597 2067 γοῦν
664 1999 822 2068 μόνον
886 1999 979 2051 τὸν
1039 1998 1245 2052 δίκαιον
1312 2000 1406 2053 καὶ
1471 2000 1777 2071 διορατικδν

180 2086 442 2159 Ἰσραὴλ,
492 2089 614 2142 οὐδέ
659 2106 723 2157 γε
768 2090 929 2160 μόνον
974 2090 1065 2144 τὸν
1101 2093 1297 2144 οἰκεῖον
1336 2091 1559 2163 κλῆρον,
1600 2093 1777 2147 πάντα

170 2178 225 2232 δὲ
267 2179 340 2232 τὰ
378 2183 487 2234 ἐπὶ
522 2182 627 2251 γῆς
662 2182 819 2251 ἔθνη,
849 2182 918 2235 τὰ
948 2185 1210 2255 πρότερον
1244 2184 1482 2237 πλείοσιν
1525 2185 1777 2254 ἀγγέλοις

172 2272 610 2343 κεκληρωμένα,
654 2275 749 2327 καὶ
791 2275 1069 2339 παντοίαις
1120 2275 1396 2340 ἀσεϐείαις
1458 2276 1777 2347 κεκαλινδη-
1850 2334 1853 2343 ι

174 2362 339 2431 μένα,
381 2364 498 2416 ὑπὸ
533 2365 635 2435 τὴν
673 2365 882 2418 οἰκείαν
930 2363 1213 2418 ὑποϐαλὼν
1270 2364 1540 2429 ἐξουσίαν,
1592 2365 1775 2435 παρῆν

170 2459 285 2519 τοῖς
328 2459 480 2510 πᾶσι
524 2459 626 2528 τὴν
672 2459 809 2529 πρὸς
852 2458 943 2511 τὸν
998 2457 1163 2512 αὐτοῦ
1214 2459 1434 2529 Πατέρα
1472 2457 1672 2526 γνῶσίν
1714 2474 1772 2509 τε

175 2543 270 2596 καὶ
322 2546 1126 2620 φιλίανηέπικηρυκευόμενος,
1166 2549 1319 2602 λύσιν
1356 2566 1417 2602 τε
1458 2550 1551 2602 καὶ
1580 2548 1772 2618 ἄφεσιν

174 2633 280 2687 τῶν
325 2640 467 2707 πρὶν
504 2639 869 2710 ἀγνοημάτων
904 2642 999 2694 καὶ
1033 2642 1444 2713 ἁμαρτημάτων
1486 2641 1772 2712 ὑπισχνού-

178 2742 367 2793 μενος,
403 2729 436 2780 ὃ
472 2730 568 2782 καὶ
622 2730 807 2801 σαφῶς
857 2733 1123 2802 ἐκήρυττε
1175 2732 1379 2801 λέγων·
1419 2751 1436 2783 ι
1470 2732 1545 2784 Οὐ
1579 2732 1771 2803 χρείαν

177 2815 398 2884 ἔχουσιν
448 2823 499 2873 οἰ
548 2822 824 2892 ἰσχύοντες
872 2822 1088 2895 ἰατροῦ,
1127 2823 1263 2877 ἀλλά
1310 2825 1358 2876 οἱ
1405 2822 1591 2888 κακῶς
1625 2823 1770 2893 ἔχον-

176 2920 297 2968 τες⁸
336 2911 446 2963 ούκ
476 2907 643 2983 ἦλθον
683 2914 908 2968 καλέσαι
942 2915 1185 2979 δικαίους
1204 2956 1218 2979 ,
1270 2916 1384 2969 ἀλλ’
1413 2916 1781 2988 ἁμαρτωλοὺς,

178 2999 255 3059 εἰς
289 3003 613 3069 μετάνοιαν.
647 3024 665 3057 ι
727 3006 835 3059 Καὶ
880 3005 945 3077 δὴ
978 3008 1157 3077 παρῆν
1192 3010 1304 3071 τοῖς
1344 3009 1564 3072 οἰκείοις
1606 3009 1770 3078 ἀγγέ-

175 3087 283 3153 λοις
303 3132 318 3154 ,
365 3094 546 3156 αὐτοῖς
577 3096 646 3169 δὴ
678 3098 790 3159 τοῖς
821 3097 950 3167 πρὶν
980 3096 1244 3165 ἐφεστῶσι
1269 3098 1377 3151 τῶν
1416 3096 1608 3163 ἐθνῶν,
1645 3100 1767 3151 ἐπι-

178 3180 555 3255 θεωρηύμενος
581 3205 594 3216 ·
644 3189 694 3239 οἰ
732 3187 819 3251 δὲ,
868 3187 1065 3240 αὐτίκα
1105 3186 1193 3241 τὸν
1239 3190 1387 3256 σφῶν
1435 3189 1624 3260 βοηθὸν
1673 3191 1767 3244 καὶ

178 3275 387 3347 Κύριον
436 3274 494 3332 εὖ
550 3279 694 3350 μάλα
743 3280 986 3353 ἀκριϐῶς
1042 3283 1385 3350 ἐπιγνόντες,
1445 3286 1762 3354 περιχαρεῖς

180 3368 484 3437 προσῆλθον
538 3371 632 3424 καὶ
684 3371 966 3443 διηκόνουν
1019 3374 1184 3445 αύτῷ,
1230 3375 1477 3447 ῶσπερή
1517 3376 1637 3447 ἰερά
1667 3378 1762 3430 τοῦ

180 3453 516 3525 Εὑσγγελίου
550 3460 792 3515 διδάσκει
824 3464 1034 3535 Γραφή,
1072 3466 1211 3518 «Καὶ
1258 3467 1562 3537 προσῆλθον
1606 3470 1765 3537 ἄγγε-

183 3546 281 3613 λοι,
321 3553 409 3604 καὶ
442 3552 725 3623 διηκόνουν
753 3556 921 3627 αὐτῷ,
952 3576 969 3607 ι
1016 3560 1265 3627 φήσασασ
1311 3561 1398 3613 ὅτε
1433 3562 1524 3615 καὶ
1562 3561 1762 3633 πλῆθος

183 3646 435 3711 στρατιᾶς
470 3646 723 3716 οὐρανίου
757 3647 1049 3702 αἰνούντων
1077 3650 1167 3703 τὸν
1188 3650 1317 3703 Θεὸν
1351 3650 1557 3719 ἔλεγον,
1596 3651 1761 3716 «Δόξα

184 3732 235 3781 ἰν
266 3732 511 3801 ὑψίστοις
537 3736 675 3805 Θεῷ,
708 3739 801 3790 καὶ
842 3740 934 3792 ἐπὶ
959 3739 1064 3809 γῆς
1091 3742 1313 3812 εἰρήνη,
1356 3744 1413 3795 ἐν
1452 3742 1759 3814 ἀνθρώποις

183 3825 411 3880 εὐδοκία.
460 3848 481 3881 ι
551 3829 788 3893 Τούτους
835 3833 933 3901 μὲν
970 3828 1063 3885 οὖν
1100 3834 1175 3897 ὼς
1221 3835 1453 3899 οἰκείους
1495 3835 1759 3904 ἀγγέλους

182 3916 273 3987 τῆς
303 3920 466 3972 αὐτοῦ
518 3920 805 3992 δεομένους
854 3926 1170 3995 συμμαχίας
1202 3925 1373 3998 ταύτῃ
1416 3945 1489 3999 πη
1523 3927 1760 3999 ἀνελάμ-

183 4008 337 4064 ϐανε·
386 4016 518 4077 τοὺς
554 4015 613 4067 δέ
658 4032 723 4085 γε
767 4016 935 4070 πάλαι
978 4019 1121 4089 ἀμφὶ
1162 4019 1260 4082 τὰς
1304 4021 1606 4094 ἀνθρώπων
1640 4022 1757 4077 δια-

181 4106 361 4173 τριϐὰς
410 4108 801 4177 πωτωμένους,
854 4110 1075 4179 ἀφανῶς
1118 4129 1174 4165 τε
1220 4114 1312 4167 καί¹
1357 4116 1613 4185 ἐμφανῶς
1648 4118 1757 4171 τῶν

184 4196 264 4248 ἰπὶ
314 4198 419 4268 γῆς
480 4199 1044 4265 καταδυναστεύοντας
1104 4203 1361 4274 δαίμονας
1418 4207 1753 4279 ἀλιτηρίους,

183 4286 265 4336 καὶ
294 4287 622 4357 πνευμάτων
653 4288 859 4359 ἀγρίων
900 4290 990 4343 κοιλ⁵
1021 4290 1243 4359 ἁπηνῶν
1277 4292 1437 4363 γένη,
1477 4294 1567 4346 τόν
1610 4311 1667 4347 τε
1698 4297 1755 4348 ἐν

180 4377 372 4441 τούτοις
418 4380 523 4449 τῆς
572 4382 771 4444 κακίας
820 4380 1142 4451 ἐξάρχοντα,
1192 4384 1283 4437 τὸν
1329 4386 1499 4439 δεινὸν
1548 4388 1753 4441 ἐκεῖνον

182 4469 264 4521 καί⁸
306 4471 582 4543 ἀλάστορα
619 4473 841 4546 μεγάλῃ
883 4474 977 4528 κα)⁸
1027 4474 1194 4546 ὲνθέῳ
1236 4476 1464 4548 δυνάμει
1520 4479 1754 4549 τροπού-

1145 393 1798 451 ὓΕΜΟΝΞΤΒΛΤίΘΧίΞ
1835 394 2289 451 EVANGELleﬁ
2322 394 2447 449 LIB.
2489 394 2576 447 ιν.

3354 394 3460 449 2'18

2270 512 2540 583 perfectus
2599 509 2707 563 eris
2772 508 2824 561 in
2891 517 3187 578 conspectu
3249 506 3462 564 Domini

1892 603 1987 657 Dei
2036 604 2113 656 tui
2138 604 2180 655 ³.
2220 621 2237 653 ι
2304 600 2427 655 Haec
2486 598 2728 667 quidem,
2787 597 2998 666 aliaque
3043 596 3463 651 innumerabilia

1891 693 2168 764 religionis
2240 694 2566 747 documenta
2630 698 2683 744 et
2737 694 3025 758 praecepta,
3081 702 3177 757 per
3224 686 3461 758 Moysen:

1891 785 1998 839 illis
2035 784 2175 840 Deus
2205 783 2463 847 Verbum,
2505 790 2665 835 antea
2720 782 2774 834 in
2832 780 3039 849 legibus
3072 778 3255 840 dabat,
3300 790 3463 848 atque

1890 886 1951 931 ut
2003 878 2058 932 in
2116 877 2439 931 rudimentis
2484 875 2599 929 fieri
2662 874 2820 936 solet,
2875 871 3143 941 religiosa:
3190 871 3299 925 illis
3338 871 3463 925 vita:

1888 970 2176 1033 elementa,
2228 984 2323 1039 per
2362 968 2516 1037 signa
2570 974 2622 1020 et
2655 964 2995 1019 umbratilem
3025 963 3315 1033 quamdam
3348 978 3464 1016 cor-

1888 1062 2239 1132 poralemque
2312 1059 2682 1113 adorationem
2765 1057 2818 1111 in
2900 1056 3146 1125 corporis
3225 1055 3462 1109 circum-

1889 1153 2127 1220 cisione,
2182 1166 2386 1222 perque
2452 1151 2557 1203 alia
2607 1148 2855 1219 qumdam
2921 1146 3189 1216 ejusmodi
3233 1162 3355 1217 quae
3402 1150 3460 1201 in

1888 1254 2033 1299 terra
2092 1244 2490 1305 conﬁciuntur,
2550 1240 2798 1295 tradebat
2848 1261 2861 1297 :
2907 1256 3030 1295 cum
3076 1254 3204 1297 vero
3266 1254 3459 1309 proce—

1887 1337 2048 1390 dente
2080 1343 2326 1403 tempore
2354 1334 2537 1388 nullus
2568 1340 2676 1386 tam
2719 1340 2933 1402 potens,
2971 1349 3039 1387 ne
3070 1331 3457 1402 pmphetarum

1887 1429 2106 1499 quidem
2168 1429 2261 1499 qui
2309 1438 2432 1498 post
2486 1427 2636 1481 illum
2693 1426 3027 1489 exstiterint,
3061 1434 3119 1479 ut
3158 1423 3457 1479 remedium

1887 1522 2047 1577 malis
2101 1521 2224 1575 vitae
2277 1519 2514 1584 allerret,
2563 1520 2633 1590 ob
2684 1520 2848 1575 nimis
2892 1517 3259 1572 abundantem
3301 1514 3458 1569 mali-

1886 1614 2050 1678 tiam,
2113 1622 2257 1668 esset
2310 1634 2321 1668 :
2369 1629 2432 1668 ac
2483 1613 2782 1668 daemonica
2822 1610 3059 1666 efﬁcacia
3103 1609 3346 1680 quotidie
3401 1609 3457 1662 in

1888 1708 2063 1775 majus
2091 1708 2411 1777 impelleret,
2445 1723 2619 1777 usque
2654 1706 2789 1761 adeo
2839 1714 2898 1759 ut
2923 1706 3042 1775 ipsa
3073 1720 3291 1774 quoque
3352 1700 3459 1758 He—

1886 1798 2069 1852 braiea
2119 1815 2283 1869 gens,
2344 1800 2531 1854 eadem
2591 1814 2716 1853 cum
2780 1798 2961 1868 impiis
3008 1796 3309 1867 perditione
3367 1809 3457 1849 ra-

1817 1876 1856 1929 Β
1883 1900 2105 1961 peretur
2142 1912 2155 1946 :
2197 1900 2311 1946 tum
2347 1892 2580 1963 denique
2622 1890 2872 1946 Salvator
2927 1906 2991 1969 ac
3045 1891 3293 1945 medicus
3331 1890 3456 1943 uni-

1794 3234 1835 3290 C

1882 1988 2021 2041 versi
2068 1985 2349 2041 descendit
2392 1985 2460 2039 ad
2513 1986 2783 2049 homines,
2847 1992 2906 2039 ut
2957 1984 3041 2039 vel
3096 1983 3303 2053 angelis
3339 1982 3455 2037 suis

1879 2094 1978 2148 pro
2018 2078 2301 2132 hominum
2344 2079 2519 2133 salute
2562 2093 2719 2147 opem
2756 2076 2943 2141 ferret,
2988 2092 3113 2129 cum
3149 2076 3251 2129 hoc
3286 2075 3363 2129 illi
3394 2089 3455 2129 se

1878 2170 2198 2241 largiturum
2222 2170 2383 2225 Pater
2399 2180 2555 2225 antea
2575 2171 2939 2240 promisisset,
2961 2177 3015 2223 et
3031 2169 3246 2239 quidem
3267 2183 3455 2237 quem-

1877 2263 2167 2317 admodum
2196 2265 2312 2334 ipse
2340 2264 2393 2317 in
2421 2262 2650 2319 Psalmis
2673 2262 2852 2327 docet,
2886 2262 2977 2315 ubi
3001 2262 3076 2314 ait
3105 2280 3116 2314 :
3144 2279 3161 2309 ι
3190 2259 3451 2313 Dominus

1875 2354 2011 2409 dixit
2044 2356 2109 2410 ad
2144 2372 2258 2411 me:
2291 2353 2464 2409 Filius
2485 2370 2637 2409 meus
2662 2370 2722 2410 es
2751 2362 2832 2418 tu,
2862 2369 2962 2423 ego
2993 2351 3152 2406 hodie
3181 2352 3342 2421 genui
3373 2358 3445 2405 te.

1874 2446 2096 2501 Postula
2145 2463 2174 2501 a
2223 2463 2329 2511 me,
2384 2459 2436 2503 et
2483 2446 2627 2500 dabo
2680 2446 2780 2500 tibi
2834 2453 3023 2516 gentes
3077 2444 3449 2499 hereditatem

1874 2549 2045 2604 luam,
2092 2548 2147 2594 et
2188 2539 2593 2610 possessionem
2640 2546 2793 2591 tuam
2832 2539 3096 2593 terminos
3153 2546 3310 2593 terra:
3336 2537 3379 2591 ⁸.
3423 2556 3442 2588 ι

1877 2630 2032 2703 163
2066 2629 2183 2686 Non
2210 2631 2375 2702 igitur
2414 2630 2502 2686 ille
2535 2631 2768 2701 amplius
2817 2641 2872 2685 ut
2914 2647 3038 2687 eum
3074 2632 3251 2687 solum
3280 2631 3447 2685 Israel

1870 2722 1963 2790 qui
1982 2721 2168 2790 justus
2209 2721 2428 2791 quidem
2479 2726 2645 2785 esset,
2684 2720 2781 2775 sed
2822 2722 2963 2776 idem
3019 2723 3144 2777 visu
3198 2736 3447 2791 compre-

1870 2811 2034 2866 hendi
2093 2820 2309 2882 posset,
2364 2828 2542 2883 neque
2595 2822 2654 2867 ut
2707 2815 2877 2869 solam
2913 2815 3185 2884 propriam
3219 2820 3443 2879 sortem,

1869 2904 1964 2958 sed
1990 2914 2046 2957 ut
2070 2919 2261 2959 omnes
2292 2904 2346 2957 in
2388 2904 2547 2960 terris
2580 2912 2791 2975 gentes,
2838 2919 2958 2974 quae
3007 2910 3164 2957 antea
3195 2902 3445 2973 pluribus

1869 2997 2076 3066 angelis
2115 2997 2390 3051 attributae
2414 3005 2596 3063 erant,
2625 3009 2678 3054 ct
2698 2999 2751 3052 in
2785 2998 2966 3053 omnis
2992 2998 3209 3067 generis
3247 2996 3443 3067 impie—

1869 3090 2073 3146 tatlbus
2102 3097 2334 3145 versata:
2389 3097 2554 3160 atque
2613 3090 2911 3160 implicita,
2965 3090 3067 3144 sub
3101 3104 3256 3144 suam
3291 3097 3445 3158 pote-

1871 3189 2068 3236 statem
2104 3183 2395 3253 redigeret,
2457 3192 2622 3254 atque
2666 3184 2922 3239 omnibus
2956 3183 3205 3238 notitiam
3229 3182 3444 3243 et,ami¢

1869 3274 2052 3328 citiam
2088 3290 2210 3329 cum
2249 3292 2350 3337 suo
2400 3275 2559 3335 Patre
2594 3278 2959 3339 denuntiaret,
3010 3275 3454 3344 solutionemque,

1867 3384 1931 3422 ac
1969 3370 2345 3425 remissionem
2393 3370 2823 3439 ignorantiarum
2873 3385 2935 3423 ac
2981 3378 3328 3439 peccatorum
3385 3384 3449 3423 se.

1866 3460 2236 3515 exhibiturum
2292 3463 2653 3531 promitteret,
2711 3462 2876 3525 venit,
2936 3461 3079 3530 quod
3114 3461 3329 3530 quidem
3358 3461 3441 3515 vel

1866 3552 2095 3621 ipsemet
2123 3555 2409 3623 perspicuo
2467 3554 2653 3607 docuit
2684 3554 2873 3607 dicens
2925 3569 2937 3603 :
2983 3571 3003 3603 (
3045 3550 3163 3606 Non
3198 3551 3442 3621 indigent

1863 3644 2000 3700 bene
2021 3644 2263 3699 valentes
2285 3644 2518 3708 medico,
2560 3645 2652 3700 sed
2678 3644 2816 3699 male
2850 3644 3147 3707 habentes:
3180 3659 3285 3697 non
3318 3643 3438 3697 veni

1864 3743 1923 3789 ut
1970 3752 2221 3791 vocarent
2262 3737 2465 3807 justos,
2525 3738 2620 3793 sed
2690 3747 3004 3809 peccatores
3057 3738 3122 3791 ad
3168 3737 3440 3807 paeniten-

1862 3829 1993 3881 tiam
2021 3830 2062 3881 ⁸.
2088 3848 2106 3881 ι
2142 3828 2277 3883 Cum
2314 3829 2496 3900 itaque
2537 3846 2777 3901 praesens
2828 3847 2858 3884 a
2912 3832 3149 3901 propriis
3208 3831 3437 3900 angelis,

1861 3922 1969 3977 illis
1996 3920 2239 3991 inquam,
2279 3923 2372 3992 qui
2404 3924 2557 3993 prius
2601 3924 2853 3993 gentibus
2901 3924 3141 3993 praefecti
3201 3923 3437 3987 fuerant,

1861 4013 2011 4069 visus
2044 4024 2209 4081 esset,
2238 4014 2312 4068 illi
2340 4015 2601 4070 continuo
2645 4032 2803 4071 suum
2836 4017 3141 4085 adjutorem
3172 4031 3441 4086 suumque

1861 4105 2152 4160 Dominum
2184 4106 2384 4176 oppido
2413 4124 2575 4178 quam
2600 4116 2750 4163 certe
2781 4118 2945 4179 atque
2972 4112 3250 4179 explorate
3275 4126 3441 4180 agno-

1858 4203 2093 4259 scentes,
2128 4196 2361 4251 maxima
2394 4212 2517 4251 cum
2558 4198 2739 4252 laetitia
2765 4208 3137 4264 accesserunt,
3158 4200 3316 4269 eique
3337 4201 3441 4254 mi-

1857 4288 2095 4343 nistrarc
2116 4298 2422 4355 cmperunt,
2452 4288 2912 4359 quemadmodum
2962 4291 3045 4346 vel
3072 4307 3229 4346 sacra
3264 4290 3441 4345 Evan-

1857 4379 1981 4449 gelii
2014 4379 2172 4434 docet
2207 4377 2492 4450 Scriptura
2515 4382 2607 4436 ubi
2641 4382 2717 4435 ait
2747 4382 3081 4453 'ztAngelos
3112 4383 3437 4449 accessisse,

1854 4476 2015 4544 eique
2045 4475 2421 4530 ministrasse:
2452 4494 2469 4526 ›
2495 4475 2621 4529 item
2664 4474 2755 4528 ubi
2780 4484 3170 4529 commemorat
3207 4492 3225 4525 ι
3251 4475 3437 4528 multi-

182 4578 325 4628 μενος
372 4563 682 4634 ἐχειροῦτο,
741 4564 817 4629 ὥς
862 4584 1014 4629 τινας
1070 4568 1524 4639 συναισθομένους
1573 4571 1753 4625 αὐτῶν

1868 4566 2102 4620 tudinem
2162 4566 2369 4619 militia:
2420 4566 2681 4629 caelestis,
2751 4566 3090 4620 laudantium
3140 4565 3311 4622 Deum
3372 4580 3440 4623 ac

178 4652 368 4721 λέγειν·
426 4675 447 4707 ι
484 4658 621 4721 Ἔα,
674 4659 726 4718 τί
775 4661 908 4729 ἡμῖν
962 4661 1055 4713 καὶ
1104 4662 1219 4723 σοί,
1271 4662 1366 4714 Υἱὲ
1428 4663 1522 4715 τοῦ
1572 4663 1739 4730 Θεοῦ;

176 4736 322 4811 ἦλθες
353 4746 458 4817 πρὸ
497 4747 691 4818 καιροῦ
728 4748 1012 4818 βασανίσαι
1043 4754 1223 4823 ἡμᾶς
1262 4772 1279 4803 ι
1332 4754 1425 4805 καὶ
1472 4753 1528 4807 δὲ
1557 4755 1743 4808 τούσδε

183 4835 287 4901 μὲν,
344 4839 438 4889 καὶ
488 4838 558 4891 δι’
609 4832 683 4891 ὧν
732 4841 972 4912 ἔπραττε
1020 4844 1114 4895 καὶ
1160 4844 1459 4911 ἐδίδασκεν,
1512 4848 1745 4919 ἰσχυρῶς

178 4928 413 4995 ᾐκίζετοο
470 4932 579 4984 πᾶν
635 4930 690 4985 δὲ
740 4933 802 4985 τὺ
852 4933 1194 5004 ἀνθρώπινον
1248 4936 1437 5004 γένος,
1494 4944 1605 5003 τοῖς
1664 4940 1753 4994 διὰ

178 5017 331 5086 Mrtua
368 5022 596 5093 ἡμέρων
656 5025 750 5077 καὶ
804 5027 1097 5097 προσηνέσι
1149 5030 1480 5100 φαρμάκοις,
1526 5035 1646 5094 ταῖς
1690 5049 1749 5085 τε

178 5114 356 5181 πραέσι
394 5116 493 5166 καὶ
531 5121 959 5188 προτρεπτικαῖς
1004 5118 1168 5172 αὑτοῦ
1203 5120 1591 5187 διδασκαλίαις,
1628 5126 1745 5179 ἰᾶτο

180 5206 256 5256 καί
290 5205 616 5277 ἐθεράπευε,
663 5212 833 5263 νόσων
874 5228 932 5263 τε
974 5213 1242 5266 παντοίων
1286 5215 1380 5267 καὶ
1424 5216 1611 5271 παθῶν
1644 5220 1743 5289 ούχ

176 5291 315 5367 ἦττον
371 5301 645 5369 σωμάτων
698 5303 730 5373 ἢ
776 5302 964 5373 ψυχῶν
1025 5304 1362 5375 ἀπήλλαττε,
1398 5308 1631 5373 παλαιᾶς
1681 5328 1743 5364 τε

175 5390 577 5465 δεισιδαιμονίας
613 5397 703 5447 καὶ
734 5395 1006 5464 δειμάτων
1054 5396 1314 5451 πολυθέου
1367 5399 1602 5471 πλάνης,
1643 5401 1741 5471 τῆς

175 5499 221 5533 τε
274 5486 504 5556 αἰσχρᾶς
572 5487 666 5538 καὶ
708 5488 1006 5542 ἀκολάστου
1058 5489 1303 5562 διαίτης,
1347 5491 1555 5555 πάντας
1615 5494 1739 5556 τοὺς

176 5578 479 5643 προσιόντας
522 5578 844 5651 ἐλευθέρους
869 5581 1059 5649 ἀφεὶς,
1103 5581 1373 5650 μεθιστῶν
1408 5602 1467 5637 τε
1508 5586 1601 5640 καὶ
1639 5602 1737 5654 με-

174 5666 435 5723 ταϐάλλων
492 5673 623 5733 τοὺς
669 5672 819 5743 αύτῷ
868 5675 1298 5745 προσανέχοντας
1352 5678 1419 5735 ἐκ
1462 5678 1562 5747 μὲν
1610 5680 1739 5731 ἀκο-

176 5760 340 5823 λασίας
373 5763 466 5815 ἐπὶ
494 5762 751 5835 σώφρονα
789 5765 922 5833 βίον,
963 5767 1028 5819 ἐκ
1066 5767 1122 5820 δὲ
1166 5768 1420 5833 ἀσεϐείας
1458 5770 1550 5822 ἐπί
1590 5769 1744 5822 εὐσέ-

160 5890 167 5901 ’
237 5915 254 5943 ³
281 5914 429 5972 Deut.
461 5928 779 5984 “111,913.
854 5924 873 5953 λ
905 5920 1047 5977 Psal.
1086 5938 1145 5987 ιι,
1182 5924 1232 5987 7,
1261 5926 1310 5978 8.

1394 5926 1412 5955 ⁵
1441 5924 1569 5978 Luc-
1610 5941 1662 5978 ι’.
1693 5924 1781 5985 31,
1816 5927 1905 5985 52,

1853 4659 2152 4714 dicentium
2182 4674 2193 4708 :
2222 4656 2406 4713 Gloria
2462 4660 2515 4712 in
2572 4659 2856 4715 altissimis
2890 4658 3020 4720 Deo.
3084 4670 3139 4716 et
3183 4663 3243 4717 in
3291 4671 3437 4718 terra

1856 4767 1985 4824 pax,
2025 4750 2079 4804 in
2130 4750 2443 4806 hominibus
2496 4751 2639 4806 bona
2698 4752 2953 4812 voluntas
2987 4753 3028 4807 ⁷.
3056 4773 3075 4805 ι
3137 4752 3247 4809 llos
3275 4754 3439 4825 igitur

1855 4854 2114 4914 tanquam
2166 4845 2415 4914 proprios
2456 4845 2699 4912 angelos,
2754 4846 2839 4899 sui
2898 4845 3069 4915 ipsius
3130 4846 3437 4917 indigentes

1852 4937 2040 4989 auxilii
2070 4938 2151 4990 sic
2191 4952 2321 4990 sane
2360 4936 2566 5006 recepit
2594 4952 2606 4987 :
2633 4936 2727 5007 qui
2751 4951 2878 4991 vero
2901 4935 3015 5007 jam
3040 4937 3133 4991 diu
3162 4938 3216 4991 in
3240 4937 3435 4991 mediis

1852 5027 2172 5082 hominibus
2204 5028 2566 5082 versabantur
2599 5036 2652 5081 et
2672 5027 2991 5091 volitabant,
3022 5028 3225 5098 quique
3260 5037 3312 5080 et
3335 5028 3434 5081 ob-

1852 5136 2015 5174 scure
2050 5128 2102 5173 ct
2127 5120 2407 5179 evidenter
2429 5122 2483 5175 in
2516 5129 2661 5175 terra
2684 5160 2698 5184 ,
2730 5123 3029 5190 potentiam
3073 5130 3235 5190 atque
3262 5121 3433 5191 impe-

1852 5214 1993 5266 rium
2016 5213 2357 5278 obtinebant,
2404 5230 2500 5269 eos
2559 5216 2765 5285 ingenti
2819 5213 3112 5281 divinaque
3162 5220 3433 5282 potestate

1852 5305 2069 5375 fugatos
2103 5305 2339 5375 subegit,
2394 5306 2669 5362 daemones
2714 5309 2901 5377 utique
2948 5306 3309 5376 perniciosos,
3364 5322 3430 5361 ae

1851 5399 2142 5468 spirituum
2176 5399 2469 5468 agrestium
2509 5408 2671 5469 atque
2727 5400 3019 5452 immitium
3054 5411 3276 5467 genera,
3321 5414 3430 5451 una

1850 5507 1972 5545 cum
2013 5508 2078 5546 eo
2110 5493 2201 5561 qui
2226 5493 2369 5546 inter
2400 5492 2500 5546 hos
2522 5490 2741 5543 malitia:
2799 5489 3162 5559 principatum
3194 5486 3425 5550 obtinet.

1848 5584 2204 5640 callidissimo
2247 5585 2499 5640 videlicet
2531 5584 2642 5644 illo,
2699 5593 2863 5653 atque
2916 5580 3288 5652 impurissimo
3319 5580 3429 5635 da:-

1850 5694 2031 5744 mone,
2068 5678 2211 5735 sicut
2244 5693 2431 5733 eorum
2495 5676 2737 5731 nonnulli
2794 5676 3092 5731 sentientes
3126 5674 3420 5729 dixerunt:

1858 5790 1873 5823 ι
1903 5770 2041 5836 Quid
2074 5771 2229 5826 nobis
2255 5780 2307 5825 et
2342 5770 2462 5835 tibi,
2497 5767 2597 5822 Fili
2641 5769 2769 5823 Dei?
2805 5769 2999 5825 venisti
3058 5775 3183 5823 ante
3210 5776 3423 5838 tempus

1986 5929 2002 5951 “
2038 5929 2229 5981 Matth.
2269 5945 2339 5992 iv,
2369 5928 2447 5981 ll.
2526 5935 2549 5966 ⁷
2580 5927 2713 5983 Luc.
2744 5945 2805 5995 ιι,
2840 5928 2920 5988 ίῦ.
2982 5927 3061 5980 Η.
