3954 6506
541 401 649 456 279

1209 399 1478 456 EUSEBII
1519 401 2002 457 CESAREENSES
2039 395 2190 452 OPP.
2228 397 2425 454 PARS.
2469 400 2510 456 1.
2553 430 2620 439 --
2657 397 3154 456 A‘POLOGETICA.
3719 395 3814 450 280

543 525 800 584 torquere
829 531 928 571 nos
947 517 1012 569 '?‘
1035 539 1052 568 ι
1083 525 1136 572 et
1170 517 1268 570 i105
1296 505 1515 584 quidem
1543 531 1638 586 per
1666 531 1730 570 ea
1783 531 1904 585 qua:
1931 523 1986 570 et
2029 512 2103 565 fe-

2213 511 2389 576 δειαν,
2445 515 2535 567 καὶ⁵
2587 513 2643 579 ἐξ
2691 513 2900 577 ἀδικίας
2957 514 3050 569 ἐπὶ
3109 511 3526 581 δικαιοσύνην,
3581 509 3670 562 ναὶ
3719 515 3812 584 μὴν

543 609 618 664 cit
643 615 695 661 et
724 609 908 662 docuit
937 608 1270 662 validissime
1309 607 1505 662 cecidit
1539 623 1553 659 :
1583 623 1742 664 omne
1786 617 1965 662 autem
1999 607 2100 658 bu-

540 713 765 750 manum
797 713 967 767 genus
994 699 1383 752 allocutiouum
1435 699 1736 754 mansuetis
1764 715 1826 753 ac
1857 695 2106 768 placidis,

539 793 696 860 quasi
729 790 1163 852 medicamentis,
1199 793 1424 859 suisque
1457 791 1636 861 ipsius
1663 791 1877 845 blandis
1906 791 2108 845 exhor-

539 882 842 936 tationibus
874 899 938 934 ac
967 881 1308 937 documentis
1340 884 1576 946 sanavit,
1621 893 1675 936 et
1721 883 1790 937 ab
1811 885 1990 938 omnis
2021 899 2112 952 ge-

539 976 687 1032 neris
735 977 942 1031 morbis
973 992 1035 1029 ac
1087 977 1610 1047 perturbationibus,
1637 993 1742 1031 non
1767 978 1946 1031 minus
1983 992 2108 1030 cor-

539 1085 729 1138 porum
757 1083 918 1136 quam
962 1068 1269 1123 animorum
1324 1069 1573 1122 liberavit
1600 1087 1612 1119 :
1649 1085 1883 1138 cumque
1912 1069 1979 1122 ab
2012 1085 2110 1121 an-

537 1162 688 1229 tiqua
721 1161 1126 1230 superstitione,
1152 1175 1215 1214 ac
1245 1159 1545 1216 terroribus
1579 1177 1717 1232 quos
1757 1177 1914 1215 error
1969 1161 2110 1214 mul-

539 1250 788 1304 titudinis
833 1250 1058 1305 deorum
1091 1249 1367 1314 allerebat,
1411 1257 1574 1319 atque
1601 1266 1632 1303 a
1669 1250 1816 1319 turpi
1857 1251 2110 1320 petulan-

535 1343 685 1412 tique
719 1344 883 1406 victu,
928 1359 1118 1398 omnes
1150 1359 1209 1397 se
1255 1343 1517 1397 adeuntes
1551 1343 1760 1398 solutos
1789 1343 2104 1404 dimitteret,

535 1435 956 1505 traduceretque
989 1450 1052 1489 ac
1083 1443 1318 1489 mutaret
1367 1451 1484 1499 eos,
1525 1437 1617 1505 qui
1651 1437 1890 1504 seipsum
1921 1435 2108 1488 obser-

533 1536 743 1592 varent,
783 1543 810 1581 a
843 1529 973 1582 luxu
1002 1525 1068 1580 ad
1101 1527 1444 1591 modestiam,
1477 1528 1546 1581 ab
1587 1528 1864 1597 impietate
1895 1527 1958 1580 ad
1994 1526 2109 1595 pie-

535 1627 722 1684 tatem,
747 1619 814 1672 ab
845 1619 1108 1688 injustitia
1148 1617 1306 1690 164
1327 1618 1394 1672 ad
1425 1618 1718 1688 justitiam,
1757 1635 1820 1671 ac
1849 1627 2106 1688 prmterea

532 1725 563 1762 a
586 1709 890 1764 crudelium
918 1710 1226 1765 daemonum
1257 1718 1544 1780 potestate,
1600 1711 1666 1764 ad
1702 1713 1940 1765 divinam
1971 1727 2108 1766 γει-ιιι

531 1803 749 1872 pietatis
780 1804 1342 1872 comprehensionem,
1377 1813 1654 1874 postremo
1702 1805 1940 1859 cwlestis
1963 1805 2103 1864 vita),

2220 606 2314 657 καὶ
2348 607 2412 658 ὲκ
2449 606 2548 674 τῆς
2599 605 2708 658 τῶν
2757 606 2968 676 πικρῶν
3017 605 3300 676 δαιμόνων
3353 602 3689 666 δυναστείας
3731 606 3812 658 ἐπὶ

2219 696 2314 766 τὴν
2355 697 2534 750 ἔνθεον
2579 698 2877 768 κατάληψιν
2914 699 3012 768 τῆς
3049 698 3297 768 ἀληθοῦς
3351 695 3684 758 εὐσεϐείας·
3731 699 3812 748 καί

2219 789 2437 859 προσέτι
2469 789 2675 853 τούτοις
2713 790 2884 852 πύλας
2914 791 3160 861 οὐρανίου
3201 789 3366 861 ζωῆς
3388 829 3404 854 ,
3445 789 3546 842 καὶ
3577 789 3677 860 τῆς
3705 793 3812 844 κατ’

2217 882 2494 935 εὐσέϐειαν
2524 883 2866 946 διδασκαλίας
2893 887 3006 946 τοῖς
3037 883 3156 937 καθ’
3189 884 3334 954 ὅλης
3363 885 3474 953 τῆς
3502 885 3812 954 οἰκουμένης

2217 971 2392 1025 ἔθνεσι
2433 975 2848 1046 προϊσχόμενος·
2899 977 2992 1030 καὶ
3016 979 3094 1039 εἰς
3131 975 3406 1028 τοσοῦτόν
3447 991 3518 1043 γε
3559 975 3809 1040 κάτεισιν,

2216 1065 2289 1127 ὡς
2326 1066 2398 1136 μὴ
2435 1068 2592 1135 μόνον
2631 1068 2896 1137 κάμνουσι
2932 1069 3023 1120 καὶ
3059 1067 3325 1138 χαλεπῶς
3365 1067 3814 1137 νοσηλευομένοις

2215 1157 2312 1220 τὰς
2354 1157 2530 1227 ψυχὰς
2589 1159 2688 1228 τὴν
2748 1161 3014 1230 σωτήριον
3077 1159 3272 1230 ὀρέξαι
3341 1159 3581 1225 δεξιὰν,
3629 1161 3726 1231 ἤδη
3761 1161 3812 1214 δὲ

2215 1248 2308 1300 καὶ
2345 1247 2406 1312 ἐξ
2453 1249 2628 1301 αὐτῶν
2669 1249 2776 1302 τῶν
2823 1249 3004 1302 πυλῶν
3055 1249 3150 1302 τοῦ
3195 1249 3458 1303 θανάτου
3511 1251 3643 1312 τοὺς
3687 1253 3810 1320 ἡμι-

2217 1339 2442 1410 θνῆτας,
2488 1341 2520 1410 ἢ
2563 1341 2655 1394 καὶ
2700 1341 2930 1412 πάμπαν
2972 1341 3332 1406 ἀπολωλότας
3385 1343 3457 1394 ὲκ
3501 1341 3719 1412 μακρῡῦ
3759 1359 3809 1393 τε

2216 1431 2734 1502 κατορωρυγμένους
2760 1431 2866 1484 τῶν
2895 1433 3124 1486 θανάτου
3158 1432 3330 1486 λῦσαι
3371 1432 3628 1503 δεσμῶνο
3655 1433 3718 1484 δι’
3749 1433 3806 1504 ἣν

2217 1522 2450 1592 μάλιστα
2493 1525 2670 1577 αἰτίαν
2702 1525 2796 1577 καὶ
2831 1523 2992 1596 μέχρι
3029 1525 3138 1579 τῶν
3169 1525 3374 1578 αὑτόθι
3413 1525 3642 1596 χωρίων
3675 1524 3804 1595 ἐδέη-

2217 1631 2306 1667 σεν
2341 1613 2488 1685 αὑτῷ
2529 1603 2828 1686 ἐνεργείας,
2867 1617 2939 1680 ὡς
2973 1616 3037 1670 ἂν
3073 1615 3145 1688 μὴ
3182 1617 3356 1687 μόνον
3398 1615 3652 1680 ζώντων,
3686 1616 3808 1668 ἀλλὰ

2215 1708 2308 1759 καὶ
2359 1710 2565 1781 νεκρῶν
2620 1709 2976 1780 κυριεύσειεν.
3027 1709 3154 1762 Ὅτε
3209 1711 3318 1780 μὲν
3362 1706 3466 1764 οὖν
3513 1708 3598 1779 τῷ
3647 1711 3806 1781 Πατρὶ

2217 1799 2452 1862 σύνεστι,
2497 1801 2591 1852 καὶ
2625 1799 2722 1871 τὴν
2767 1801 2873 1854 τῶν
2907 1801 3042 1854 ὅλων
3072 1802 3338 1872 πρόνοιαν
3381 1801 3564 1872 ἐνθέῳ
3591 1801 3804 1872 δυνάμει

531 1895 905 1967 doctrinaeque
937 1899 1156 1969 pietatis
1187 1907 1394 1969 portas,
1423 1900 1675 1970 gentibus
1698 1915 1793 1970 per
1820 1905 1991 1952 totum
2018 1913 2103 1952 or-

2209 1891 2566 1963 ειακυϐερνᾷ,
2611 1893 2840 1964 οὑρανοῦ
2879 1893 3044 1945 αὑτοῦ
3097 1894 3188 1945 καὶ
3231 1895 3346 1964 γῆς
3396 1894 3544 1963 ὁμοῦ
3581 1893 3804 1945 καὶτῶν

533 1987 653 2042 bem
682 1997 899 2058 apertas
928 1991 1259 2058 ostenderet,
1293 2005 1465 2058 usque
1488 1991 1622 2044 adeo
1642 1993 1880 2060 seipsum
1914 1990 2110 2045 demit-

532 2079 700 2145 tebat,
734 2088 791 2132 ut
813 2095 920 2134 non
937 2081 1113 2136 solum
1137 2082 1530 2146 laborantibus,
1559 2084 1904 2154 graviterque
1927 2085 2109 2138 animo

532 2171 925 2239 aegrotantibus
954 2171 1250 2226 salutarem
1285 2173 1533 2228 dextram
1565 2174 1891 2244 porrigeret,
1921 2191 2108 2230 verum

531 2263 693 2317 etiam
732 2263 799 2319 de
829 2265 964 2335 ipsis
991 2266 1102 2335 jam
1139 2267 1314 2337 portis
1345 2267 1540 2322 mortis
1590 2271 1995 2334 semimortuus,
2027 2273 2108 2324 vel

528 2367 623 2407 eos
646 2369 863 2424 quoque
921 2357 1015 2426 qui
1079 2358 1296 2427 penitus
1331 2358 1703 2423 interiissent,
1753 2359 1974 2430 jamque
2015 2361 2108 2414 diu

529 2443 727 2514 sepulti
757 2457 962 2514 essent,
997 2463 1026 2501 a
1059 2451 1253 2505 mortis
1284 2450 1522 2505 vinculis
1569 2451 1834 2506 solveret:
1889 2461 2110 2522 propter

526 2549 689 2605 quam
722 2540 956 2594 maxime
981 2555 1226 2606 causam,
1280 2541 1487 2596 iliifuit
1525 2557 1664 2612 Opus
1701 2544 1768 2596 ad
1793 2544 1884 2596 illa
1937 2561 2110 2614 usque

529 2630 646 2683 loca
685 2631 979 2686 eli-icaciam
1012 2633 1206 2703 agendi
1257 2649 1579 2704 propagare,
1633 2635 1966 2690 utvidelicet
1999 2653 2108 2691 non

529 2723 702 2778 solum
723 2725 777 2778 in
805 2725 962 2790 vivis,
991 2743 1176 2781 verum
1199 2728 1361 2780 etiam
1385 2729 1438 2781 in
1461 2729 1694 2784 mortuis
1711 2729 2105 2788 dominaretur.

529 2813 664 2868 Dum
695 2815 859 2884 igitur
886 2831 1008 2869 eum
1040 2815 1198 2872 Patre
1225 2827 1328 2884 est,
1361 2827 1523 2887 atque
1554 2820 1790 2874 universi
1819 2819 2109 2889 providen-

529 2904 660 2959 tiam
687 2906 869 2960 divina
915 2907 1114 2962 virtute
1145 2909 1531 2973 administrat,
1563 2911 1762 2965 caelum
1793 2912 1971 2982 ipsum
2001 2929 2106 2966 una

527 3013 653 3052 cum
688 3006 853 3064 terra,
889 3009 943 3056 et
973 3009 1196 3058 naturas
1227 3019 1348 3072 quae
1376 3004 1432 3057 in
1479 3001 1588 3059 illis
1625 3006 1993 3068 continentur,
2027 3016 2108 3060 at-

527 3105 634 3159 que
666 3106 757 3146 eas
783 3108 904 3162 quae
930 3109 1097 3162 supra
1125 3095 1322 3148 coelum
1360 3094 1758 3164 intelliguntur,
1795 3095 2010 3150 divinas
2053 3104 2107 3150 et

2211 1987 2268 2036 ἐν
2309 1984 2516 2046 τούτοις
2560 1985 2961 2056 περιεχομένων
3009 1986 3222 2054 φύσεων
3281 1985 3402 2038 τῶν
3443 2001 3508 2036 τε
3557 1983 3802 2036 ἐπέκεινα

2209 2077 2436 2147 ούρανοῦ
2481 2078 2638 2130 θείων
2673 2079 2766 2131 καὶ
2797 2078 3099 2148 ἀσωμάτων
3135 2077 3344 2132 οὐσιῶν
3391 2079 3696 2130 ἐπισκοπεῖ
3719 2077 3802 2130 καί

2211 2168 2528 2239 ἐπιμέλεται
2567 2169 2701 2222 Θεοῦ
2737 2170 2942 2238 Λόγος,
2987 2171 3082 2222 καλ¹
3109 2170 3245 2222 Θεοῦ
3291 2171 3504 2240 σοφία,
3554 2173 3649 2225 καὶ
3677 2170 3796 2224 Θεοῦ

2209 2259 2436 2329 δύναμις
2489 2259 2670 2330 ἄρχων
2729 2277 2788 2312 τε
2843 2259 2934 2312 καὶ
2986 2259 3292 2330 ⁴ἡγούμενος
3369 2263 3474 2314 καὶ
3536 2261 3796 2331 βασιλεύς.

2215 2350 2350 2420 ’ΊΙόη
2383 2349 2438 2401 δὲ
2467 2351 2558 2404 καὶ
2589 2350 2718 2412 Θεὸς
2751 2351 2844 2404 καὶ
2866 2351 3066 2422 Κύριος
3095 2353 3152 2404 ἐν
3183 2355 3303 2416 τοῖς
3335 2352 3517 2416 θείοις
3543 2355 3798 2424 χρησμοῖς

2211 2443 2601 2513 ἁνευφημείται
2629 2483 2643 2506 ,
2697 2444 2792 2496 καὶ
2845 2445 3092 2512 φωτίζων
3150 2446 3250 2516 μὲν
3313 2447 3423 2510 τὰς
3483 2448 3794 2517 ἀσωμάτους

2210 2533 2302 2583 καὶ
2341 2532 2532 2601 νοερὰς
2571 2532 2778 2600 φύσεις.
2827 2533 3013 2596 ’Ἡλιος
3061 2533 3119 2586 δὲ
3156 2535 3524 2607 δικαιοσύνης
3563 2537 3656 2590 καὶ
3693 2536 3794 2604 φῶς

2210 2616 2464 2687 ἀληθινὸν
2531 2620 2847 2690 ἀνείρηται,
2903 2621 3192 2692 ὑπουργῶν
3247 2624 3310 2676 δὲ
3365 2627 3468 2680 καὶ
3531 2625 3794 2695 συνεργῶν

2209 2712 2327 2772 ταῖς
2355 2708 2449 2762 τοῦ
2480 2711 2692 2782 Πατρός
2746 2712 3071 2778 διατάξεσιν,
3127 2716 3414 2786 ὑπουργὸς
3461 2717 3560 2770 τοῦ
3595 2716 3794 2788 Πατρός

2209 2803 2303 2854 καὶ
2347 2802 2678 2873 δημιουργὸς
2721 2805 3066 2876 χρηματίζει.
3127 2808 3288 2861 Ἀλλά
3333 2811 3434 2862 καὶ
3472 2811 3636 2880 μόνος
3665 2807 3792 2862 κατὰ

2208 2895 2359 2960 τάξιν
2403 2894 2558 2959 εἰδὼς
2588 2896 2908 2968 θεραπεύειν
2939 2898 3093 2962 Θεὸν,
3132 2901 3298 2970 μέσος
3341 2920 3405 2954 τε
3451 2901 3628 2964 ἑστὼς
3669 2901 3788 2954 Θεοῦ

2209 2986 2299 3038 τοῦ
2347 2988 2640 3058 ἀγεννήτου
2679 2989 2772 3041 καὶ
2807 2989 2915 3042 τῶν
2945 2991 3062 3061 μετ’
3094 2992 3254 3045 αὑτὸν
3301 2993 3578 3064 γενητῶν,
3609 2994 3704 3064 τήν
3735 3008 3788 3043 τε

2209 3078 2315 3132 τῶν
2363 3077 2499 3132 ὅλων
2542 3078 2965 3151 ἀναδεδεγμένος
3013 3083 3306 3154 φροντίδα,
3354 3087 3456 3138 καὶ
3509 3085 3652 3156 ὑπὲρ
3691 3082 3790 3135 τῶν

529 3182 882 3254 incorporeas
935 3193 1120 3239 tuetur
1164 3193 1217 3240 et
1270 3194 1451 3250 curat,
1483 3186 1578 3242 Dei
1611 3187 1870 3253 Verbum,
1928 3200 1981 3243 et
2011 3187 2103 3242 Dei

2209 3172 2463 3244 ὑπηκόων
2507 3173 2758 3228 ἁπάντων
2804 3175 3094 3248 ἱερώμενος
3133 3176 3212 3247 τῷ
3247 3179 3465 3250 Πατρὶ,
3501 3179 3598 3232 καὶ
3642 3177 3788 3248 μόνος

529 3275 819 3344 sapientia,
863 3287 918 3332 et
967 3277 1060 3333 Dei
1099 3280 1292 3342 virtus,
1355 3287 1408 3334 et
1464 3280 1742 3351 princeps,
1781 3291 1836 3337 et
1885 3282 2017 3344 dux,
2051 3288 2105 3336 et

525 3381 643 3420 rex.
665 3367 808 3432 Quin
834 3369 994 3423 etiam
1020 3375 1074 3424 et
1105 3368 1250 3425 Deus
1271 3379 1322 3425 et
1354 3368 1618 3426 Dominus
1649 3373 1704 3426 iu
1752 3371 1950 3426 divinis
1981 3387 2106 3424 ora-

525 3457 666 3513 culis
695 3473 820 3514 cum
851 3459 1010 3515 laude
1035 3469 1088 3516 et
1115 3463 1286 3532 gloria
1317 3465 1654 3528 nominatur,
1687 3473 1741 3518 et
1772 3465 2106 3520 illuminator

525 3549 746 3619 quidem
803 3551 1251 3623 incorporearum
1311 3555 1834 3626 iutelligeutiumque
1881 3566 2102 3610 natura—

524 3657 667 3696 rum.
707 3641 798 3696 Sol
831 3645 1204 3714 verojustitia:
1234 3661 1297 3700 ac
1321 3647 1501 3701 lumen
1525 3647 1770 3702 veritatis
1793 3656 1876 3702 est
1897 3647 2099 3711 dictus,

523 3735 616 3802 qui
670 3723 944 3790 subservit
1013 3747 1174 3806 atque
1226 3754 1444 3807 operam
1481 3753 1637 3793 suam
1691 3739 1962 3795 immiscet
2011 3757 2104 3811 pa-

523 3827 696 3881 ternis
725 3825 1196 3896 dispositionibus.
1229 3845 1295 3883 ex
1321 3845 1429 3898 quo
1466 3839 1520 3884 et
1549 3829 1731 3887 Patris
1762 3831 2011 3886 minister
2050 3844 2103 3886 et

525 3915 704 3986 opifex
739 3928 1103 3987 nuncupatur.
1154 3918 1317 3973 Solus
1349 3935 1478 3974 vero
1533 3928 1686 3976 certo
1727 3921 1920 3976 ordine
1953 3923 2102 3976 novit

525 4004 637 4061 Deo
667 4007 1064 4076 obtemperare,
1121 4009 1214 4078 qui
1271 4009 1435 4063 etiam
1493 4010 1740 4064 medicus
1789 4011 2096 4076 intercedit,

525 4101 670 4155 inter
695 4099 862 4155 Deum
885 4102 1204 4170 quigenitus
1229 4117 1338 4156 non
1367 4108 1471 4163 est.
1502 4112 1554 4157 et
1587 4117 1681 4158 eas
1708 4119 1798 4159 res
1825 4119 1945 4173 quae
1980 4117 2100 4172 post

527 4192 704 4262 ipsum
729 4192 922 4262 genitae
946 4202 1094 4258 sunt,
1138 4195 1232 4264 qui
1262 4194 1854 4250 universicurationem
1887 4211 2102 4252 assumo

523 4285 656 4354 psit,
688 4295 740 4340 et
773 4285 924 4339 Patri
957 4303 1053 4356 pro
1079 4288 1336 4342 omnibus
1385 4289 1478 4357 qui
1517 4288 1594 4342 illi
1629 4295 1820 4358 parent
1841 4295 1925 4344 est
1967 4305 2100 4343 cou-

525 4381 774 4430 secratus
791 4375 1050 4446 solusque
1079 4377 1231 4431 illum
1261 4379 1516 4432 omnibus
1541 4378 1724 4433 mitem
1779 4377 2100 4447 pr0pitium-

524 4483 632 4536 que
679 4467 878 4533 reddit,
934 4469 1028 4539 qui
1091 4469 1344 4526 Pontifex
1403 4479 1661 4534 mternus,
1719 4485 1784 4524 ac
1833 4477 2098 4540 praeterea

2209 3265 2370 3318 αὑτὸν
2399 3268 2512 3328 τοῖς
2545 3268 2709 3320 πᾶσιν
2741 3269 2944 3339 εὐμενῆ
2982 3269 3076 3322 καὶ
3105 3269 3262 3322 ἵλεων
3297 3271 3588 3342 παρέχων,
3615 3270 3790 3340 ἀρχιε-

2209 3360 2336 3431 ρεὺς
2367 3358 2604 3424 αἰώνιος,
2650 3362 2742 3415 καὶ
2779 3363 2842 3434 δὴ
2872 3363 3106 3433 Χριστὸς
3139 3362 3234 3416 τοῦ
3267 3365 3494 3437 Πατρδς
3531 3379 3784 3434 προσαγο-

2210 3452 2444 3522 ρεύεται,
2474 3451 2616 3505 οὓτω
2645 3455 2740 3508 καὶ
2768 3455 3036 3526 Ἑϐραίοις
3060 3455 3313 3525 Χριστῶν
3343 3454 3784 3524 ἐπικαλουμένων

2206 3549 2374 3600 πάλαι
2416 3547 2525 3600 τῶν
2571 3547 2667 3618 τὴν
2707 3549 2891 3602 εἰκόνα
2946 3547 3041 3601 τοῦ
3097 3549 3318 3620 πρώτου
3369 3549 3464 3603 διὰ
3511 3547 3781 3618 συμϐόλων

2207 3642 2616 3717 ἐπιτελούντων.
2667 3643 2778 3696 Καὶ
2833 3643 2923 3696 ὅτε
2981 3643 3078 3712 μὲν
3151 3643 3412 3711 ἀγγέλοις
3485 3639 3782 3710 ταξιαρχῶν

2205 3736 2502 3799 ἐπιστατεῖ,
2561 3731 2803 3805 μεγάλης
2860 3733 3056 3804 βουλῆς
3096 3733 3326 3802 ἅγγελος
3367 3731 3776 3805 ἀναγορεύεται,

2165 3851 2168 3854 ν
2206 3826 2298 3878 καὶ
2319 3825 2425 3878 τῶν
2455 3827 2574 3878 κατ’
2597 3825 2824 3897 οὐρανὸν
2849 3823 3114 3895 στρατιῶν
3137 3824 3270 3893 ἠγού
3281 3841 3472 3895 μενος,
3497 3821 3780 3895 ἀρχιστρά-

2203 3932 2366 3986 τηγος
2395 3917 2674 3986 δυνάμεως
2718 3916 2920 3986 Κυρίου
2951 3911 3116 3968 εἶναι’
3165 3915 3264 3986 ἤδη
3289 3917 3348 3969 δὲ
3378 3915 3584 3969 κατιὼν
3605 3913 3692 3965 ἐπὶ
3719 3910 3776 3962 τὶ

2205 4010 2348 4080 τῇδε,
2391 4010 2548 4082 ἡμῶν
2574 4027 2634 4062 τε
2659 4010 2837 4064 αὑτῶν
2867 4009 2968 4080 τῆς
3002 4009 3227 4078 λογικῆς
3277 4009 3530 4077 φύσεως,
3587 4006 3682 4074 τῆς
3723 4017 3775 4053 τε

2208 4103 2340 4166 ἰδίας
2371 4103 2557 4165 αὑτοῦ,
2587 4103 2748 4174 χάριν
2777 4103 3004 4168 εἰκόνος,
3037 4101 3424 4174 φιλανθρωπίᾳ
3452 4100 3548 4153 τοῦ
3578 4094 3775 4166 Πατρὸς

2205 4194 2752 4264 ἀντιλαμϐανόμενος,
2809 4193 2943 4247 καθὸ
2985 4194 3087 4264 μὲν
3127 4193 3270 4246 ἔοικε
3313 4195 3532 4265 νηπίων
3577 4190 3770 4261 ἄρχειν»

2203 4285 2296 4338 καὶ
2355 4287 2516 4339 οἱονεὶ
2569 4286 2931 4358 βοσκημάτων
2954 4326 2968 4351 ,
3021 4288 3224 4358 ποιμὴν
3278 4287 3595 4358 ὠνόμασται
3651 4293 3773 4350 προ-

2205 4379 2410 4432 ϐάτων·
2469 4379 2604 4433 καθὸ
2658 4380 2715 4432 δὲ
2773 4379 2960 4451 ψυχῶν
3021 4380 3282 4452 ἐμπαθῶν
3335 4381 3438 4452 τὴν
3489 4371 3770 4448 θεραπείαν

2207 4471 2619 4540 ἐπαγγέλλεται,
2643 4472 2829 4543 Σωτὴρ
2855 4473 2948 4524 καὶ
2981 4472 3162 4544 ἰατρὸς
3198 4472 3425 4535 εἰκότως
3466 4470 3531 4523 ἂν
3555 4467 3764 4535 λέγοιτο.

525 4557 776 4616 Christus
815 4559 992 4616 Patris
1049 4571 1298 4616 vocatur.
1359 4561 1448 4617 Sic
1501 4563 1645 4616 enim
1667 4561 1810 4632 apud
1843 4560 2097 4617 Hebraeos

2208 4563 2376 4616 Τοῦτο
2417 4563 2612 4634 γοῦνὴ
2654 4566 2784 4634 παρ’
2837 4563 3106 4634 Ἑϐραίοις
3152 4561 3244 4616 τοῦ
3302 4563 3480 4634 Ἰησοῦ
3529 4557 3766 4632 σημαίνει

525 4651 654 4703 olim
694 4652 1128 4720 appellabantur,
1160 4651 1255 4720 qui
1287 4652 1576 4720 imaginem
1617 4653 1780 4721 primi
1827 4669 1922 4722 per
1952 4669 2102 4722 quae-

525 4743 649 4795 dam
683 4747 836 4814 signa
869 4744 1198 4810 referebant,
1240 4761 1302 4800 ac
1352 4747 1483 4799 dum
1537 4747 1853 4816 angelorum
1883 4745 2100 4816 quidem

526 4835 814 4892 ordinibus
853 4839 1105 4906 imperat,
1132 4849 1293 4907 atque
1333 4839 1399 4893 iis
1447 4847 1664 4908 praeest,
1703 4840 1880 4910 magni
1921 4841 2103 4894 consi-

525 4927 582 4979 lii
642 4927 870 4996 angelus
894 4944 1016 4984 esse
1043 4927 1266 4989 dicitur,
1329 4935 1384 4982 et
1446 4928 1652 4982 militiae
1689 4929 1931 4984 emlestis
1965 4929 2097 4992 dux,

524 5032 590 5072 ac
649 5020 922 5074 maximus
972 5020 1252 5088 copiarum
1309 5019 1523 5075 Domini
1584 5023 1899 5092 imperator.
1964 5020 2099 5075 Dum

536 5125 666 5164 vero
697 5113 766 5167 ad
805 5113 920 5167 lnec
953 5119 1142 5168 nostra
1202 5112 1507 5178 descendit,
1551 5123 1904 5184 nostramque
1953 5116 2101 5185 ipso-

526 5217 648 5256 rum
675 5204 996 5258 rationalem
1028 5213 1298 5268 naturam,
1359 5215 1412 5260 et
1457 5221 1571 5261 sua:
1625 5208 1878 5278 imaginis
1907 5223 2096 5270 causa,

525 5299 580 5344 et
612 5293 850 5350 bonitate
889 5293 1066 5351 Patris
1093 5297 1343 5360 assumit,
1405 5313 1472 5352 ex
1507 5315 1615 5368 quo
1671 5314 1802 5354 sane
1857 5301 2098 5369 parvulis

527 5389 690 5450 atque
765 5385 1193 5455 insipientibus,
1280 5403 1342 5441 ac
1425 5391 1813 5460 propemodum
1888 5394 2100 5460 pecori—

529 5471 629 5526 bus
680 5473 947 5544 imperare
972 5479 1202 5542 videtur,
1261 5490 1450 5548 pastor
1505 5481 1691 5536 ovium
1750 5484 1931 5538 dictus
1990 5493 2094 5540 est.

527 5563 806 5628 Quatenus
863 5583 990 5622 vero
1055 5571 1360 5626 animarum
1403 5575 1779 5642 tegrotantium
1833 5576 2096 5631 medelam

525 5654 836 5722 pollicetur,
891 5659 1084 5714 merito
1149 5661 1402 5716 Salvator
1458 5679 1520 5716 ac
1589 5665 1834 5722 medicus
1873 5666 2094 5723 dicitur.

599 5825 826 5882 ‘Mattlt.
871 5847 984 5898 \‘lll,
1022 5834 1111 5888 9.9.

2209 4655 2565 4726 προσηγορία.
2623 4656 2776 4708 Ἐπεί⁸
2819 4656 2876 4708 δὲ
2916 4655 3024 4708 ἔδει
3060 4656 3188 4708 ποτὲ
3237 4655 3332 4709 καὶ
3363 4655 3516 4724 αὑτῷ
3549 4651 3764 4722 ὀργάνου

2205 4745 2566 4818 ἀνθρωπίνου,
2614 4745 2689 4808 ὡς
2731 4745 2797 4797 ἂν
2837 4745 2931 4798 καὶ
2978 4745 3282 4816 ἀνθρώποις
3329 4747 3520 4800 ἑαυτὸν
3571 4745 3760 4812 φήνειε.

2205 4839 2298 4891 καὶ
2335 4840 2432 4910 τῆς
2472 4839 2566 4892 τοῦ
2600 4838 2815 4908 Πατρὸς
2847 4836 3190 4904 ἐπιγνώσεως
3231 4839 3325 4890 καὶ
3358 4836 3639 4894 εὐσεϐείας
3681 4829 3762 4882 τὸν

2203 4933 2376 5003 ἁληθῆ
2405 4932 2561 5001 λόγον
2584 4932 2833 4996 διδάξειε,
2865 4937 2959 4988 καὶ
2993 4933 3178 4986 τοῦτον
3207 4933 3308 4985 οὑκ
3335 4931 3651 5000 ἀπαρνεῖται
3677 4921 3758 4974 τὸν

2201 5024 2432 5096 τῴποψ
2471 5025 2664 5088 ἐπιϐὰς
2695 5024 2752 5077 δὲ
2783 5021 2842 5077 εὖ
2877 5026 3018 5096 μάλα
3047 5030 3112 5096 τῇ
3142 5025 3385 5095 ἡμετέρα
3407 5023 3586 5092 φύσει,
3631 5015 3759 5084 πάρ·

2203 5131 2339 5167 εισιν
2364 5115 2444 5177 εἰς
2479 5115 2822 5185 ἀνθρώπους,
2867 5115 2999 5168 Θεὸν
3021 5116 3086 5169 δι’
3111 5115 3396 5186 ἀνθρώπου
3423 5115 3562 5186 μέγα
3583 5109 3755 5176 θαῦμα

2200 5209 2310 5270 τοῖς
2341 5207 2505 5258 πᾶσιν
2537 5205 3002 5276 ἐπιδεικνύμενος·
3035 5207 3110 5270 ὡς
3147 5207 3214 5261 ἂν
3252 5207 3512 5278 μὴ.μόνον
3543 5201 3600 5266 ἐξ
3637 5201 3756 5266 ἀφα-

2199 5295 2323 5360 νοῦς
2356 5297 2449 5349 καὶ
2481 5296 2677 5366 ἀδήλου
2723 5295 2960 5367 ἄσαρκος
2991 5299 3066 5358 ὡς
3103 5297 3196 5350 καὶ
3235 5297 3522 5368 ἀσώματος
3550 5295 3752 5344 ἐπιστα-

2199 5388 2338 5458 τοίη,
2369 5390 2548 5451 αὑτοῖς
2573 5388 2626 5441 δὲ
2654 5389 2858 5459 σαρκὸς
2882 5387 3122 5458 ὄμμασιν
3145 5385 3439 5458 ὁρώμενος,
3469 5380 3752 5454 ἀνθρώπων

2199 5499 2257 5534 τε
2311 5481 2608 5551 ὀφθαλμοῖς
2659 5481 2750 5533 καὶ
2805 5481 2946 5549 ὑπὲρ
2997 5481 3281 5551 ἄνθρωπον
3327 5473 3748 5550 θαυματουργίας

2201 5574 2454 5644 παρέχων
2487 5575 2638 5644 όρᾷν,
2673 5573 2767 5626 καὶ
2797 5574 3020 5644 προσέτι
3063 5572 3310 5644 σώματος
3339 5575 3524 5633 ἀκοαῖς
3551 5568 3643 5630 τὰς
3669 5560 3747 5616 διὰ

2200 5663 2442 5734 γλώττης
2475 5666 2567 5718 καὶ
2609 5666 2790 5735 φωνῆς
2839 5665 3100 5736 ἐνάρθρου
3143 5665 3465 5738 παραδιδοὺς
3511 5661 3740 5714 διδασκα⁶
