3954 6508
151 380 242 439 εει

1069 383 1723 441 ΒΕΜΟΝΒΤΒΑΤΙΟΝΙΞ
1761 384 2221 441 ΕνΑΝΟΕιλιρίΕ
2256 386 2383 442 LIB.
2419 384 2508 441 Ν.

3284 380 3391 433 232

148 502 278 588 λίας,
327 497 480 554 θεῖόν
526 517 583 554 τε
627 499 700 564 ὡς
742 500 957 572 ἀληθῶς
1007 502 1101 556 καὶ
1155 502 1455 574 παράδοξον
1508 503 1710 588 χρῆμα,

1827 502 1983 574 165
2023 502 2136 558 Hoc
2174 505 2320 559 enim
2361 503 2503 572 apud
2529 500 2783 556 Hebraeos
2822 497 2953 554 Jesu
2988 498 3277 569 appellatio
3309 500 3388 556 si-

143 585 244 642 οἷον
273 590 390 642 οὐδ’
423 591 554 644 ἄλλο
705 593 868 660 φανὲν
902 594 1332 664 μνημονεύεται,
1365 585 1629 666 σωτήριόν
1660 612 1717 648 τε

142 681 267 749 ὁμοῦ
311 683 416 735 καὶ
466 684 814 754 εὐεργετικὸν
853 689 964 748 τοῖς
1008 688 1173 739 πᾶσιν
1209 689 1370 752 αὐτὸς
1409 689 1598 741 ἑαυτὸν
1631 690 1716 740 ὲν-

139 776 512 845 εεικνύμενος.
545 778 703 832 υῦτω
733 779 864 849 δῆτα
900 782 928 832 ὁ
960 780 1090 843 Θεὸς
1117 782 1145 833 ὁ
1170 781 1338 850 Λόγος
1372 780 1486 845 υίὸς
1514 781 1720 852 ἀνθρώ-

140 880 232 914 που
274 865 525 932 ἐλέγετο,
558 867 653 919 καὶ
702 868 907 939 Ἰησοῦς
942 869 1270 940 ὠνομάζετο,
1301 874 1431 943 παρ’
1460 873 1581 925 ὅσον
1619 873 1718 942 τῆς

136 955 239 1006 τῶν
279 954 650 1025 ἀνθρωπίνων
697 957 882 1026 ψυχῶν
936 958 1128 1022 ἰάσεώς
1177 977 1236 1012 τε
1286 960 1379 1013 καὶ
1426 961 1717 1032 θεραπείας

137 1046 291 1114 χάριν
321 1046 430 1115 τὴν
463 1045 696 1115 πάροδον
727 1050 807 1110 είς
835 1048 979 1117 ἡμᾶς
1013 1050 1266 1102 ἐποιεῖτο.
1315 1051 1504 1122 Σωτὴρ
1552 1052 1595 1104 δ’
1627 1048 1717 1105 οὖν

139 1134 224 1187 καὶ
257 1136 396 1205 παρ’
441 1135 718 1206 Ἑϐραίοις
759 1138 1174 1209 ἑρμηνεύεταιὴ
1213 1139 1306 1192 τοῦ
1343 1140 1515 1210 Ἰησοῦ
1553 1158 1719 1212 προσ-

137 1225 353 1295 ηγορία.
433 1227 545 1290 Τάς
591 1245 650 1280 τε
706 1228 891 1292 κοινὰς
936 1232 1062 1300 ἡμῖν
1115 1231 1373 1300 ὑπέμεινε
1420 1231 1714 1303 διατριϐὰς,

137 1318 389 1387 οὐδαμῶς
425 1321 525 1390 μὲν
563 1321 656 1374 τοῦ
702 1316 841 1374 εἶναι
885 1323 942 1386 ὃς
977 1319 1043 1394 ἦν
1080 1323 1449 1394 ἐξιστάμενος,
1479 1324 1614 1394 ὁμοῦ
1660 1325 1718 1378 δὲ

138 1414 188 1462 ἐν
220 1412 298 1481 τῷ
334 1413 614 1483 ἀνθρώπῳ
650 1415 930 1483 φυλάττων
967 1417 1056 1468 τὸν
1093 1416 1243 1469 Θεόν.
1288 1416 1464 1480 Εὐθὺς
1496 1434 1717 1487 τοιγαρ-

137 1499 222 1550 οὖν
266 1502 369 1553 ἐπὶ
406 1503 509 1572 τῆς
552 1504 778 1576 πρώτης
811 1507 888 1567 είς
927 1505 1242 1576 ἀνθρώπους
1297 1507 1599 1578 καταϐολῆς
1639 1506 1717 1578 τῷ

138 1591 248 1660 Θεῷ
277 1593 385 1663 τῆς
409 1595 688 1666 ἡμετέρας
711 1597 972 1664 γενέσεως
1008 1601 1104 1670 τὴν
1133 1599 1310 1652 ἔνθεον
1338 1600 1601 1669 ἀνακιρνᾷ
1629 1617 1718 1668 με·

135 1685 489 1757 γαλονργίαν,
515 1689 833 1758 τικτόμενος
863 1691 958 1760 μὲν
989 1693 1118 1761 ἡμῖν
1145 1691 1365 1760 ὁμοίως,
1395 1691 1488 1742 καὶ
1521 1689 1714 1760 θνητοῦ

135 1774 281 1846 δίκην
315 1777 607 1848 ἄνθρωπον
634 1781 1084 1851 ἀμςριεννύμενος,
1113 1782 1187 1845 ὡς
1221 1782 1276 1833 δ’
1299 1782 1479 1835 οὐκέτι
1506 1781 1714 1852 ἅνθρω-

138 1883 250 1928 πος,
279 1868 417 1920 ἀλλᾶ
444 1869 597 1933 Θεὸς,
622 1872 678 1937 ἐξ
704 1873 971 1944 ἀχράντου
1001 1875 1095 1926 καὶ
1121 1875 1493 1945 ἀπειρογάμου
1521 1875 1709 1945 κόρης,

138 1958 252 2026 οὺχὶ
297 1959 355 2011 δὲ
395 1961 461 2012 ἐκ
508 1961 706 2031 μίξεως
736 1965 829 2018 καὶ
871 1964 1076 2036 φθορᾶς
1118 1965 1214 2036 τὴν
1247 1966 1340 2018 τοῦ
1388 1968 1710 2036 φαινομένου

139 2049 348 2112 γένεσιν
383 2053 768 2124 ὑφιστάμενος.

139 2138 398 2208 Verbum,

1820 597 2058 668 gniﬁcat.
2085 596 2374 660 Caeterum,
2402 611 2528 652 cum
2550 595 2650 665 ipsi
2674 594 2915 648 humano
2942 608 3158 663 quoque
3180 594 3387 648 instru—

1819 697 2003 742 mento
2035 703 2174 759 opus
2211 699 2376 750 esset.
2410 704 2523 757 quo
2590 687 2755 743 etiam
2790 686 3099 743 hominibus
3147 686 3385 756 seipsum

1819 777 2152 841 ostenderet,
2183 776 2475 848 Patrisque
2503 779 2585 834 sui
2611 778 2936 849 agnoscendi
2971 786 3025 832 et
3054 778 3266 832 colendi
3290 792 3385 831 ve-

1821 882 1935 920 ram
1965 869 2229 922 rationem
2267 868 2514 930 doceret,
2548 883 2614 922 ne
2659 867 2805 922 hunc
2853 867 3069 938 quidem
3114 865 3383 920 recusavit

1819 959 2062 1022 modum,
2093 958 2184 1013 sed
2221 958 2598 1014 strenuissime
2631 967 2879 1013 naturam
2903 968 3143 1013 nostram
3173 957 3384 1027 ingres-

1820 1065 1936 1112 sus,
1967 1050 2034 1103 ad
2065 1050 2313 1104 homines
2340 1050 2591 1116 accessit,
2623 1065 2686 1103 ac
2713 1049 2880 1103 Deum
2923 1048 3158 1102 hominis
3181 1046 3383 1116 specie,

1820 1139 2011 1210 ingens
2055 1141 2379 1194 miraculum
2419 1140 2678 1220 ostendit,
2716 1147 2774 1193 ut
2803 1155 2912 1193 non
2946 1139 3122 1194 solum
3155 1138 3388 1192 obscure

1819 1247 1883 1286 ac
1905 1233 2152 1295 latenter,
2185 1231 2304 1286 sine
2335 1247 2498 1285 carne
2517 1241 2569 1286 et
2601 1231 2719 1286 sine
2742 1245 2967 1300 corpore
2990 1233 3266 1298 praeesset,
3293 1242 3388 1281 ve--

1817 1339 1938 1378 rum
1969 1324 2103 1392 ipsis
2135 1339 2350 1393 quoque
2387 1324 2667 1393 corporeis
2715 1322 2992 1377 obtutibus
3029 1331 3236 1390 patens,
3290 1318 3388 1372 ho-

1817 1417 2137 1484 minumque
2178 1417 2355 1470 oculis
2409 1416 2672 1470 miracula
2717 1429 2839 1486 quae
2890 1427 3057 1484 supra
3107 1411 3388 1465 hominem

1819 1515 1946 1562 sunt
1998 1508 2263 1562 exhibens
2310 1507 2598 1571 intuenda,
2645 1507 2726 1560 sic
2769 1505 2986 1576 quidem
3029 1502 3096 1557 ad
3138 1501 3387 1572 corporis

1819 1599 1986 1653 etiam
2017 1613 2199 1662 aures,
2255 1599 2474 1668 linguae,
2517 1598 2774 1668 vocisque
2819 1595 3120 1651 articulatm
3157 1593 3388 1664 fungens

1819 1691 2016 1754 oﬁicio,
2061 1693 2387 1746 documenta
2432 1690 2743 1745 hominibus
2789 1690 3073 1759 praeberet,
3117 1687 3390 1742 divinum-

1816 1797 1924 1850 que
1967 1796 2157 1835 revera
2196 1788 2360 1850 atque
2412 1779 2730 1834 admirabile
2779 1778 3182 1848 spectaculum,
3228 1776 3391 1844 quale

1819 1873 2028 1927 nullum
2054 1873 2197 1926 aliud
2230 1871 2407 1926 adhuc
2441 1871 2614 1926 visum
2645 1885 2767 1925 esse
2807 1877 3158 1930 memoratur,
3191 1866 3390 1936 quipr

1820 1967 1963 2037 quod
1998 1973 2051 2020 et
2086 1966 2343 2029 salutare,
2373 1973 2426 2020 et
2465 1965 2605 2019 idem
2635 1962 2955 2017 beneﬁcium
2979 1961 3234 2016 omnibus
3265 1974 3391 2013 seno

1821 2060 2037 2124 tiretur,
2073 2059 2188 2128 ipse
2219 2057 2458 2127 seipsum
2488 2055 2814 2111 ostenderet.
2843 2052 3040 2123 Sicque
3055 2051 3220 2106 etiam
3246 2050 3390 2104 Deus

477 2147 622 2202 lilius
666 2149 906 2206 hominis
945 2151 1249 2219 dicebatur,
1317 2161 1371 2207 et
1417 2159 1688 2222 quatenus
1722 2152 1788 2206 ad
1825 2153 2071 2207 homines
2116 2159 2359 2213 venerat,
2408 2159 2468 2204 ut
2513 2150 2710 2204 animis
2750 2149 3006 2202 humanis
3042 2145 3388 2208 medicinam,

141 2237 538 2310 sanitatemque
588 2244 835 2311 all'erret,
892 2245 1052 2301 Jesus
1112 2248 1519 2300 nominabatur.
1579 2246 1713 2300 Nam
1750 2249 1925 2317 ipsius
1970 2245 2101 2301 Jesu
2169 2247 2313 2312 apud
2363 2244 2622 2300 Hebraeos
2665 2243 2992 2313 appellatio,
3055 2239 3392 2293 Salvatorcm

144 2331 308 2396 plane
352 2332 644 2402 signiﬁcat.
712 2334 896 2407 Itaque
933 2341 1209 2394 communi
1261 2357 1410 2395 more
1445 2355 1513 2394 ne
1550 2340 1757 2395 versari
1793 2340 2010 2409 quidem
2057 2339 2366 2402 nobiscum,
2406 2338 2552 2392 haud
2602 2337 2882 2406 indignum
2954 2349 3054 2391 sua
3105 2332 3394 2398 maiestate

139 2423 420 2488 judicavit,
468 2427 687 2483 interim
737 2442 919 2484 tamen
992 2448 1261 2502 nusquam
1313 2432 1573 2488 desinens
1602 2448 1725 2486 esse
1760 2430 1906 2501 quod
1959 2439 2098 2494 erat,
2129 2431 2221 2485 sed
2272 2430 2326 2484 in
2357 2429 2576 2484 homine
2606 2429 2809 2498 pariter
2829 2426 2996 2481 Deum
3032 2437 3388 2479 conservans.

149 2511 330 2585 Itaque
362 2518 544 2571 statim
582 2519 637 2572 in
680 2522 853 2588 primo
884 2521 949 2574 ad
985 2521 1232 2582 homines
1259 2522 1553 2590 descensu,
1617 2536 1740 2575 cum
1778 2520 1888 2575 Deo
1920 2520 2166 2574 divinam
2235 2519 2557 2574 commiscet
2602 2518 2777 2571 nostri
2813 2524 2967 2570 ortus
2997 2514 3394 2570 admirabilita-

152 2621 251 2664 tem
292 2630 308 2664 :
352 2616 568 2684 quippe,
625 2617 720 2685 qui
771 2632 918 2671 more
956 2625 1145 2672 nostro
1201 2618 1272 2672 sit
1346 2617 1549 2682 editus,
1617 2624 1670 2672 et
1712 2617 1958 2671 mortalis
2007 2617 2202 2681 instar,
2241 2610 2516 2670 hominem
2555 2613 2802 2675 indutus,
2850 2610 2944 2666 sed
2979 2625 3088 2663 non
3130 2618 3390 2677 tanquam

149 2702 323 2768 homo,
357 2724 541 2762 verum
577 2715 636 2761 ut
675 2708 818 2763 Deus
849 2709 916 2771 de
947 2709 1264 2778 purissima,
1313 2709 1605 2780 nullasque
1669 2718 1893 2780 experta
1953 2708 2175 2778 nuptias
2221 2707 2466 2778 Virgine,
2506 2719 2849 2775 nequaquam
2889 2717 3018 2758 vero
3057 2717 3125 2756 ex
3183 2714 3389 2754 concu-

151 2798 258 2852 bitu
312 2811 403 2853 aut
444 2801 797 2869 corruptione
825 2809 1005 2855 ortum
1039 2803 1182 2870 ejus,
1213 2802 1304 2871 qui
1331 2801 1447 2871 ipse
1476 2800 1792 2872 apparebat,
1819 2799 2110 2869 acceperit.

871 2965 973 3018 IA'.

285 3103 476 3168 ὀπως
509 3101 619 3155 τὸν
655 3102 728 3156 ἐν
752 3102 1082 3170 ἀνθρώποις
1112 3102 1390 3172 διεξῆλθε
1407 3103 1551 3169 ,βίον
1569 3144 1582 3156 .

216 3215 319 3267 Καὶ
348 3215 435 3266 τὸν
468 3215 596 3286 ἑξῆς
633 3215 690 3268 δὲ
730 3214 1018 3285 σύμπαντα
1051 3215 1185 3286 βίον,
1220 3215 1392 3289 ταύτῃ
1424 3234 1499 3287 πη
1541 3215 1710 3270 διετέ-

151 3303 241 3366 λει,
267 3306 383 3357 τοτὲ
410 3306 508 3374 μὲν
525 3306 624 3374 τὴν
641 3306 776 3377 πρὸς
797 3307 944 3376 ἡμᾶς
963 3305 1370 3375 ὁμοιοπάθειαν,
1393 3305 1513 3358 τοτὲ
1539 3305 1596 3357 δὲ
1619 3304 1712 3356 τὸν

152 3395 272 3475 θεοῦ
322 3396 489 3462 Λόγον
526 3396 872 3464 ὑποφαίνων,
915 3395 1303 3467 μεγαλουργῶν
1345 3397 1440 3448 καὶ
1477 3395 1711 3466 παραδο-

155 3485 364 3549 ξοποιῶν
393 3489 468 3550 ὡς
501 3487 654 3550 Θεὸς,
706 3489 799 3542 καὶ
825 3487 934 3540 τῶν
970 3486 1266 3556 μελλόντων
1303 3486 1520 3540 ἔσεσθαι
1551 3503 1712 3557 προα-

153 3578 391 3646 νιςωνῶν
426 3578 528 3640 τὰς
565 3580 921 3650 προρρήσεις,
972 3579 1066 3630 καὶ
1104 3577 1196 3630 τὸν
1235 3578 1307 3648 μὴ
1343 3580 1458 3642 τοῖς
1498 3576 1710 3640 πολλοῖς

151 3668 405 3739 ἐρώμενον
443 3670 578 3722 Θεὸν
619 3672 790 3739 Λόγον
842 3673 956 3734 τοῖς
986 3669 1163 3742 ἔργοις
1211 3669 1467 3741 ἄντικρυς
1514 3669 1708 3723 ἐπιδει-

156 3760 391 3830 κνύμενος
419 3759 648 3835 [εἰκότα
683 3762 740 3814 δὲ
771 3762 865 3814 καὶ
900 3763 1060 3832 ὅμοια
1089 3764 1206 3824 ταῖς
1236 3761 1482 3834 ἀρχαῖς].

867 3961 966 4013 l-B'.

185 4052 270 4119 Ὠς
297 4054 586 4124 καὶμέχρι
614 4053 731 4106 τῶν
768 4055 952 4109 πάλαι
989 4055 1424 4124 κατοιχομένων
1449 4055 1716 4111 ἐκάλουν

378 4123 568 4179 αὑτὸν
597 4129 648 4178 οὶ
681 4123 791 4191 τῆς
825 4123 1268 4194 φιλανθρωπίας
1305 4126 1494 4196 νόμοι.

212 4238 311 4292 Καὶ
351 4243 419 4296 τὰ
470 4241 596 4312 τέλη
633 4241 782 4310 αὐτῷ
824 4241 921 4310 τῆς
966 4241 1024 4306 ἐξ
1056 4241 1356 4314 ἀνθρώπων
1394 4241 1711 4312 ἀπαλλαγῆς

155 4330 472 4403 ἑνεχειρείτο.
508 4335 618 4386 Καὶ
651 4333 758 4405 γὰρ
801 4335 959 4404 μέχρι
1003 4334 1256 4399 θανάτου,
1287 4336 1381 4388 καὶ
1411 4335 1590 4388 αὐτῶν
1629 4352 1709 4387 νε-

157 4425 283 4493 κρῶν
311 4428 356 4478 oi
387 4427 489 4496 τῆς
523 4415 931 4497 φιλανθρωπίας
959 4426 1120 4479 αὑτὸν
1154 4427 1380 4480 ἐκάλουν
1420 4428 1595 4498 νόμοι,
1633 4427 1678 4478 ὼ

158 4515 212 4567 ἄν
248 4519 335 4572 καὶ
374 4519 486 4572 τῶν
538 4519 701 4572 πάλαι
737 4519 1044 4572 τεθνεώτων
1085 4520 1182 4583 τὰς
1221 4519 1399 4591 ψυχὰς
1441 4521 1708 4574 ἀνακαλέ-

160 4621 298 4661 σοιτο⁹
340 4611 419 4662 ὅτι
452 4611 516 4680 δὴ
545 4611 651 4662 τῶν
693 4610 751 4674 ἐξ
778 4611 973 4674 αἰῶνος
1010 4611 1261 4664 ἁπάντων
1295 4610 1442 4681 αὐτῷ
1471 4612 1571 4682 τῆς
1606 4630 1709 4664 σω-

157 4703 324 4770 τηρίας
348 4703 531 4772 ἔμελε,
577 4703 670 4755 καὶ
696 4703 841 4766 ὅπως
877 4705 965 4758 διὰ
993 4704 1086 4758 τοῦ
1119 4703 1350 4756 θανάτου
1384 4706 1707 4777 καταργήσῃ

157 4792 230 4844 τὸν
252 4795 303 4846 τὸ
331 4796 530 4866 κράτος
553 4795 744 4864 ἔχοντα
771 4797 863 4848 τοῦ
892 4796 1142 4859 θανάτου,
1224 4795 1291 4848 τὰ
1321 4796 1437 4848 θεῖα
1466 4797 1705 4849 παιδεύει

158 4881 310 4950 λόγια.
352 4886 464 4938 Καὶ
499 4884 674 4938 ταῦτα
718 4883 877 4936 πάλιν
911 4883 1113 4954 ἀναμὶξ
1156 4883 1319 4954 ὑπῄει
1365 4884 1464 4954 τὴν
1508 4885 1708 4936 οἰκονο-

161 4977 264 5044 μίαν
292 4977 363 5041 ὡς
403 4978 501 5049 μὲν
546 4977 850 5048 ἄνθρωπος,
895 4977 956 5028 τὸ
986 4976 1144 5047 σῶμα
1177 4979 1243 5047 τῇ
1281 4976 1497 5047 συνήθει
1530 4990 1706 5047 παρα.-

160 5069 323 5138 χωρὼν
357 5073 524 5141 ταφῇ,
556 5069 852 5140 ἀναχωρῶν
887 5070 944 5122 δὲ
974 5067 1138 5121 αὑτοῦ
1164 5068 1239 5131 ὡς
1267 5067 1418 5130 Θεὸς.
1445 5068 1705 5137 Φωνήσας

160 5160 266 5226 γοῦν
334 5163 496 5234 μέγα,
557 5163 653 5216 καὶ
720 5162 798 5231 τῷ
863 5162 1058 5233 Haupt,
1123 5181 1141 5212 ι
1214 5159 1592 5230 Παρατίθεμαι
1644 5158 1706 5211 τὸ

162 5252 367 5323 πνεῦμα,
424 5273 442 5306 ›
485 5253 684 5316 εἰπὼν,
721 5254 919 5323 ἄφετος
968 5251 1232 5324 ἀνεχώρει
1281 5252 1374 5305 τοῦ
1416 5250 1700 5322 σώματος’

162 5344 380 5415 οὐδαμῶς
427 5347 753 5418 περιμείνας
797 5348 1076 5417 προσεῖναι
1115 5344 1264 5416 αύτῷ
1315 5344 1407 5397 τὸν
1452 5343 1700 5405 θάνατον,

165 5433 392 5500 μέλλοντα
422 5435 479 5487 δὲ
515 5435 610 5487 καὶ
639 5434 826 5505 ὥσπερ
859 5433 1200 5489 ἀποκνοῦντα
1220 5476 1235 5498 ,
1269 5433 1465 5504 μᾶλλον
1501 5431 1558 5484 δὲ
1601 5432 1704 5485 ὑπὸ

163 5524 276 5579 πᾶσα
298 5527 574 5599 χωροῦντα
605 5527 701 5580 καὶ
729 5527 1128 5596 ἀποφεύγοντα,
1156 5525 1363 5580 διώκων
1404 5526 1563 5589 αὐτὸς
1591 5525 1705 5578 ὄπι-

164 5617 266 5670 σθεν
293 5621 381 5673 καὶ
414 5620 677 5683 ἐλαύνων,
710 5619 807 5683 τάς
848 5636 906 5672 τε
935 5619 993 5687 ἐξ
1021 5619 1212 5682 αἰῶνος
1245 5619 1418 5683 πύλας
1453 5617 1561 5672 τῶν
1589 5634 1705 5670 σκο-

215 5768 236 5800 ‘
261 5770 386 5828 Luc.
426 5788 589 5838 χχιιι,
618 5772 705 5827 46.

1733 3127 1780 3188 C

1682 4445 1787 4526 ‘o

2558 2957 2644 3014 XI.

1951 3099 2403 3166 Quemadmodum
2437 3099 2575 3153 inter
2615 3099 2847 3152 homines
2876 3098 3034 3150 vitam
3068 3098 3247 3165 egerit.

1885 3214 2151 3284 Deinceps
2174 3230 2301 3269 vero
2331 3214 2597 3284 reliquam
2629 3213 2795 3265 vitam
2826 3226 3041 3265 omnem
3074 3210 3263 3265 eadem
3302 3224 3392 3261 ra-

1812 3306 1961 3362 tione
1991 3307 2218 3377 peregit,
2251 3320 2396 3359 nunc
2425 3305 2644 3374 quidem
2683 3302 2917 3357 similem
2953 3309 3162 3355 natura:
3186 3309 3388 3355 nostra:

1812 3396 2206 3460 inﬁrmitatem,
2241 3412 2386 3450 nunc
2420 3411 2550 3449 vero
2582 3396 2758 3463 ipsum
2793 3393 2886 3449 Dei
2919 3393 3154 3448 Verbum
3191 3410 3303 3464 pra:
3332 3409 3392 3448 se

1812 3489 2015 3556 ferens,
2061 3489 2190 3543 dum
2241 3489 2484 3558 ingentia
2531 3487 2779 3558 quaedam
2832 3496 2995 3556 atque
3045 3487 3390 3540 admirabilia

1810 3588 2074 3649 tanquam
2118 3579 2260 3634 Deus
2286 3579 2468 3646 eﬁicit,
2500 3594 2562 3632 ac
2613 3594 2734 3648 qua:
2776 3576 2956 3630 futura
3008 3585 3193 3631 essent
3236 3585 3390 3628 tanto

1810 3680 1937 3724 ante
1974 3669 2246 3738 praedicit,
2288 3676 2343 3723 ct
2373 3671 2464 3739 qui
2505 3685 2535 3723 a
2566 3669 2724 3738 166
2758 3669 2946 3722 multis
2983 3684 3092 3722 non
3144 3669 3390 3722 cernitur

1811 3759 1956 3814 Deus
1989 3757 2252 3824 Verbum,
2279 3775 2403 3814 eum
2429 3760 2607 3829 ipsum
2639 3759 2793 3812 factis
2820 3759 3136 3828 planissime
3165 3757 3392 3814 demon-

1810 3860 1948 3908 strat
1977 3851 2153 3924 [paria
2176 3862 2227 3906 et
2256 3851 2456 3906 similia
2488 3851 2712 3925 initiis].

2541 3967 2652 4023 XII.

1813 4061 1966 4130 Quod
1998 4077 2160 4128 usque
2191 4060 2260 4114 ad
2281 4078 2366 4114 eos
2396 4060 2485 4130 qui
2517 4040 2806 4128 antiquitus
2831 4057 3029 4111 mortui
3053 4065 3224 4122 erant,
3255 4056 3389 4126 leges

2172 4131 2517 4185 humanitatis
2552 4130 2701 4182 illum
2738 4133 3010 4183 vocabant.

1880 4247 2019 4304 Vitae
2050 4248 2214 4304 etiam
2245 4245 2406 4299 ﬁnem
2441 4253 2766 4307 extremum,
2800 4259 2924 4298 cum
2972 4243 3040 4296 ab
3074 4241 3396 4296 hominibus

1811 4335 2086 4400 discessit,
2115 4336 2273 4390 initio
2318 4334 2564 4404 ejusdem
2601 4349 2785 4402 parem
2819 4347 2883 4385 ac
2906 4332 3138 4385 similem
3169 4330 3388 4402 praesti-

1814 4429 1897 4482 tit.
1919 4427 2126 4481 Etenim
2161 4442 2333 4495 usque
2369 4425 2434 4478 ad
2466 4433 2717 4487 mortem,
2739 4434 2899 4494 atque
2932 4438 3106 4490 usque
3139 4421 3207 4474 ad
3239 4423 3395 4490 ipsos

1811 4526 2080 4583 mortuos,
2125 4520 2270 4588 leges
2314 4533 2440 4586 erga
2496 4515 2744 4570 homines
2777 4514 3062 4569 charitatis
3088 4513 3264 4582 ipsum
3294 4527 3389 4566 vo-

1809 4611 2025 4674 cabant,
2067 4617 2126 4663 ut
2155 4624 2342 4664 eorum
2381 4622 2620 4676 quoque,
2649 4606 2741 4678 qui
2784 4615 2941 4660 antea
2974 4603 3171 4657 mortui
3207 4609 3384 4668 erant,

1809 4701 2021 4754 animas
2052 4707 2371 4754 revocaret:
2399 4695 2840 4766 quandoquidem
2875 4695 3120 4748 omnium
3156 4693 3394 4763 quicun-

1807 4809 1913 4863 que
1935 4808 1965 4845 a
1995 4791 2214 4847 condito
2247 4805 2361 4844 aevo
2399 4789 2656 4852 fuissent,
2686 4789 2916 4842 salutem
2951 4789 3070 4857 ipse
3108 4785 3334 4840 curabat
3369 4797 3388 4836 :

1806 4899 2040 4948 necnon,
2074 4893 2133 4937 ut
2178 4897 2279 4938 sua
2314 4891 2486 4936 morte
2525 4880 2732 4935 deleret
2766 4895 2913 4943 eum,
2952 4878 3045 4948 qui
3095 4876 3386 4947 imperium

1807 4977 1999 5030 mortis
2032 4975 2285 5040 habebat,
2345 4972 2800 5044 quemadmodum
2833 4972 3014 5026 divina
3037 4970 3234 5023 docent
3264 4979 3390 5020 ora-

1808 5067 1951 5120 cula.
1983 5066 2161 5136 Atque
2205 5067 2261 5120 in
2294 5065 2397 5118 hoc
2432 5079 2653 5134 quoque
2691 5064 3005 5135 promiscue
3043 5073 3238 5114 rursus
3271 5056 3387 5110 dis-

1807 5159 2181 5228 pensationem
2221 5158 2434 5213 obivit:
2471 5159 2694 5226 quippe,
2741 5157 2832 5225 qui
2916 5163 3174 5221 tanquam
3225 5149 3388 5201 homo

1805 5266 2007 5320 corpus
2041 5250 2107 5304 de
2149 5257 2324 5304 morte
2360 5248 2730 5316 sepeliendum
2769 5244 3068 5314 reliquerit,
3094 5242 3163 5295 ab
3193 5238 3384 5294 eodem

1805 5357 1935 5396 vero
1964 5357 2194 5410 corpore
2233 5349 2491 5410 tanquam
2529 5338 2676 5393 Deus
2705 5336 3040 5392 discesserit.
3074 5332 3210 5389 Cum
3234 5328 3385 5387 enim.

1806 5432 1971 5486 altius
2017 5446 2207 5484 vocem
2254 5431 2549 5491 emisisset,
2587 5436 2641 5482 et
2690 5426 2836 5479 Patri
2881 5423 3132 5487 dixisSet,
3175 5441 3195 5474 ι
3230 5435 3384 5475 com-

1807 5521 2003 5575 mendo
2037 5520 2347 5590 spiritum’,
2379 5537 2397 5570 ι
2425 5518 2640 5572 solutus
2669 5532 2697 5570 a
2733 5529 2959 5582 corpore
2987 5512 3121 5567 abiit
3149 5527 3162 5564 :
3199 5508 3381 5565 neuti-

1804 5629 1964 5683 quam
1988 5621 2311 5683 exspectans
2333 5610 2460 5665 dum
2491 5624 2638 5664 mors
2665 5607 2732 5663 ad
2759 5608 2934 5679 ipsum
2965 5605 3265 5669 accederet,
3287 5602 3385 5658 sed
