3954 6516
2101 197 2128 226 \n

544 383 650 440 285
1217 387 1486 442 ELa'SEBll
1517 385 2003 445 C/ESAlilE-NSIS
2037 389 2189 448 ΟΡΡ.
2225 391 2423 448 PARS.
2467 393 2508 448 1.
2547 421 2620 434 --
2649 390 3148 448 APOLOGETICA.
3709 395 3816 450 εει

547 499 696 554 illam
739 509 1084 556 cunctantem
1133 517 1196 556 ac
1245 503 1410 556 veluti
1461 514 1790 570 cessantem,
1826 521 1891 560 ac
1933 507 2114 576 potius

2217 508 2346 560 τίων
2375 508 2558 579 μυχῶν
2585 508 2936 580 διαρρηγνὺς,
2959 508 3053 562 καὶ
3079 512 3191 572 τοῖς
3213 508 3398 564 αὐτόθι
3426 511 3668 581 νεκροῖς
3701 527 3816 564 σει-

546 591 928 660 conjicientem
961 607 1018 646 se
1037 593 1091 646 in
1119 592 1286 662 pedes
1305 600 1361 648 et
1389 591 1730 662 fugitantem,
1759 595 1876 665 ipse
1903 612 1934 650 a
1963 604 2114 667 tergo

2221 602 2342 667 ραίς
2371 599 2596 654 θανάτου
2629 599 2830 670 πεπεδη
2841 600 3022 670 μένοις
3053 600 3410 672 παλίντροπον
3435 602 3546 672 τῆς
3579 600 3685 655 ἐπὶ
3715 605 3816 674 τὴν

547 680 840 750 insequens
869 690 1031 751 atque
1067 683 1370 752 impellens,
1403 691 1744 756 aeternasque
1787 688 2114 743 abditiorum

2219 687 2362 760 ζωὴν
2409 691 2602 745 ἀνόδου
2651 693 2751 763 τὴν
2795 692 3020 763 πορείαν
3066 693 3404 763 ποιούμενος.
3463 693 3678 765 Ταύτῃ
3727 709 3816 746 τοι

548 773 894 826 tenebrarum
937 783 1122 842 portas
1147 775 1476 845 refringens,
1509 789 1565 832 et
1605 779 1836 836 mortuis
1868 780 1964 850 qui
2005 781 2114 837 illic

2219 782 2367 852 αὐτῷ
2402 785 2494 837 καὶ
2527 785 2554 835 ὁ
2587 783 2818 846 τεθνεὼς
2850 785 3190 856 ἁνηγείρετο,
3219 786 3312 838 καὶ
3349 784 3526 838 πολλὰ
3567 784 3816 855 σώματα

547 864 756 918 catenis
786 867 982 920 mortis
1025 867 1274 936 impliciti
1305 877 1485 933 erant,
1519 873 1798 926 remeandi
1848 873 1916 928 ad
1950 875 2114 929 vitam

2217 873 2323 926 τῶν
2353 877 2764 946 κεκοιμημένων
2788 877 2956 944 ἁγίων
2979 877 3286 942 ἀνίσταντο,
3313 877 3816 930 συνεισελαύνοντα

546 953 652 1008 iter
699 963 1001 1011 retrorsum
1043 960 1320 1028 aperiens.
1371 959 1484 1016 Hac
1527 977 1662 1018 sane
1687 964 1900 1021 ratione
1944 967 2114 1035 ipsius

2219 964 2364 1034 αὐτῷ
2393 967 2470 1028 είς
2505 967 2602 1034 τὴν
2633 967 2794 1034 ἁγίαν
2834 967 2927 1019 καὶ
2955 967 3030 1029 ὼς
3068 965 3280 1037 ἀληθῶς
3307 965 3706 1039 οὐρανοπολιν,
3739 965 3818 1029 ὼς

543 1047 708 1102 etiam
737 1063 938 1120 corpus
968 1060 1242 1106 mortuum
1267 1055 1563 1109 excitatum
1587 1065 1692 1121 est,
1717 1067 1772 1112 et
1793 1059 1962 1112 multa
1993 1075 2114 1114 cor-

2217 1059 2440 1121 εξκότως
2489 1060 2545 1110 ἐν
2585 1062 2704 1122 ταῖς
2757 1057 2928 1122 θείαις
2976 1060 3291 1131 ἀνειρῆσθαι
3337 1063 3572 1128 φωναῖς·
3609 1076 3632 1108 ι
3665 1059 3818 1112 Κατ-

547 1153 679 1208 pora
723 1157 937 1206 eorum,
969 1146 1060 1214 qui
1099 1145 1434 1201 dormierunt
1477 1151 1816 1216 sanctorum,
1865 1166 2114 1207 surrexe-

2217 1151 2369 1202 έπιεν
2411 1154 2439 1203 6
2479 1149 2709 1214 θάνατος
2787 1151 3032 1220 ἰσχύσας.
3085 1169 3104 1202 ι
3158 1153 3265 1206 Καὶ
3303 1152 3484 1204 πάλιν·
3534 1170 3556 1202 ι
3627 1151 3818 1219 ’Δφεῖ-

543 1241 672 1286 runt
703 1252 717 1288 :
759 1251 976 1306 unaque
1009 1254 1133 1292 cum
1162 1241 1282 1310 ipso
1304 1241 1360 1296 in
1405 1251 1654 1300 sanctam
1687 1259 1751 1299 ac
1789 1260 1916 1300 vere
1947 1246 2114 1300 cccle-

2217 1242 2306 1296 λεν
2353 1245 2381 1296 6
2417 1243 2550 1306 Θεὸς
2589 1245 2700 1296 πᾶν
2731 1242 2964 1314 δάκρυον
3010 1244 3118 1296 ἀπὸ
3159 1243 3358 1307 παντὸς
3392 1242 3734 1308 προσώπου.
3791 1264 3814 1293 ι

545 1333 684 1378 stem
725 1328 1000 1385 civitatem
1031 1333 1280 1402 ingressa
1317 1343 1466 1398 sunt,
1499 1349 1558 1400 ut
1598 1339 1792 1394 merito
1821 1355 1884 1394 ex
1929 1341 2032 1394 hoc
2061 1339 2114 1396 in

2220 1334 2329 1386 Καὶ
2367 1333 2530 1396 αὐτὸς
2555 1333 2612 1386 δὲ
2647 1334 2674 1385 6
2717 1333 2822 1385 τῶν
2853 1333 2988 1386 ὅλων
3021 1335 3210 1404 Σωτὴρ
3249 1335 3346 1388 καὶ
3373 1333 3590 1404 Κύριος
3621 1333 3818 1402 ἡμῶν,

545 1415 720 1470 sacris
757 1415 984 1474 Litteris
1023 1419 1232 1477 dictum
1265 1425 1377 1480 sit:
1415 1445 1435 1478 ‹
1469 1428 1764 1498 Absorpsit
1805 1443 1954 1485 mors
1997 1445 2114 1500 qua:

2217 1427 2246 1478 6
2307 1425 2540 1498 Χριστὸς
2599 1424 2694 1478 τοῦ
2747 1425 2919 1488 Θεοῦ,
2987 1427 3278 1497 νικηφόρος
3347 1425 3696 1496 λεγόμενος,
3757 1428 3814 1478 ὲν

545 1505 850 1562 invaluerat
875 1511 938 1564 ³ο.
977 1531 997 1564 ι
1029 1512 1092 1566 Ει
1123 1531 1318 1572 rursus
1346 1537 1359 1571 :
1402 1537 1420 1569 ι
1451 1519 1694 1574 Abstulit
1726 1519 1870 1575 Deus
1901 1537 2114 1577 omnem

2217 1521 2338 1581 ταῖς
2381 1521 2742 1588 προφητικαῖς
2779 1519 3143 1589 προρρήσεσιν
3167 1517 3548 1589 ὲπικερτομῶν
3593 1519 3816 1586 εἰσάγε-

545 1595 838 1666 lacrymam
857 1601 926 1655 ab
955 1605 1103 1658 omni
1131 1603 1350 1660 facie“.
1383 1626 1402 1659 ι
1429 1606 1548 1678 Ipse
1576 1625 1705 1666 vero
1733 1611 1971 1667 universi
1999 1612 2114 1667 Sal-

2217 1627 2308 1664 ται
2347 1609 2442 1683 ,τῷ
2491 1610 2725 1682 Θανάτῳ,
2769 1611 2864 1663 καὶ
2914 1610 3012 1674 τὰς
3055 1610 3239 1664 αὐτόθι
3291 1610 3433 1664 λύων
3479 1609 3816 1683 πεπεδημέ-

543 1695 700 1740 vator
726 1703 789 1742 ac
823 1689 1084 1750 Dominus
1113 1705 1336 1764 noster,
1371 1703 1464 1770 qui
1493 1701 1748 1759 Christus
1771 1713 1854 1760 est
1887 1704 2002 1771 Dei,
2035 1707 2114 1761 vi-

2218 1721 2318 1768 νας
2341 1675 2566 1775 'cdzag,
2628 1675 2696 1756 διζ
2740 1697 2813 1757 ὧν
2855 1704 2946 1756 τὸν
2988 1703 3252 1756 ἐπινίκιον
3305 1701 3472 1772 ὕμνον
3521 1675 3816 1772 προφέρε-

544 1780 765 1850 ctoriaeq
775 1797 838 1836 ue
860 1795 1166 1854 reportator
1183 1791 1402 1856 dicitur,
1419 1793 1474 1847 in
1493 1795 1826 1864 propheticis
1843 1799 2114 1855 vaticiniis

2220 1815 2330 1861 ται,
2373 1796 2514 1851 αὐτὰ
2557 1795 2622 1867 δὴ
2663 1795 2834 1849 ταῦτα
2870 1794 3075 1862 λέγων·
3122 1813 3140 1845 ι
3192 1795 3286 1846 Ἐκ
3324 1793 3501 1864 χειρὸς
3539 1793 3682 1864 ᾅδου
3727 1792 3814 1864 ρύ-

546 1878 775 1925 mortem
797 1875 1094 1946 objurgans
1116 1881 1413 1948 inducitur,
1436 1895 1490 1940 et
1507 1888 1718 1944 animas
1737 1890 1975 1953 solvens,
2000 1907 2114 1961 quae

2223 1905 2384 1959 σομαι
2429 1889 2647 1952 αὐτοὺς,
2697 1887 2790 1940 καὶ
2835 1888 2900 1938 ἐκ
2947 1885 3174 1938 θανάτου
3219 1883 3572 1956 λυτρώσομαι
3625 1883 3812 1938 αὐτῶν

547 1961 656 2016 illic
677 1967 872 2021 vinctae
901 1971 1303 2041 detinebantur,
1323 1977 1416 2032 ubi
1447 1980 1690 2036 victoriae
1710 1982 1970 2054 hymnum
1991 2000 2120 2054 pro-

544 2059 780 2124 nuntiat,
821 2063 935 2131 ipsa
963 2065 1078 2120 haec
1114 2068 1274 2136 plane
1305 2070 1492 2127 dicens
1519 2088 1532 2124 :
1562 2093 1580 2126 ι
1613 2073 1688 2129 De
1724 2091 1890 2130 manu
1921 2075 2122 2132 inferni

545 2151 770 2220 eripiam
788 2169 904 2221 eos,
929 2166 984 2211 et
1014 2173 1044 2210 a
1079 2171 1252 2216 morte
1271 2163 1514 2220 liberabo
1537 2181 1726 2222 eorum
1753 2169 1986 2226 animas.
2015 2168 2120 2226 Ubi

553 2259 668 2312 tua,
708 2265 876 2317 mors,
910 2255 1173 2310 victoria?
1202 2258 1290 2312 ubi
1319 2268 1465 2324 tuus,
1493 2277 1660 2328 mors,
1699 2265 1951 2322 stimulus
1989 2267 2068 2321 “2
2101 2287 2122 2321 ι

553 2336 816 2396 Slimulus
839 2353 1017 2398 autem
1045 2348 1236 2402 mortis
1257 2357 1339 2404 est
1360 2359 1659 2419 peccatum,
1685 2363 1923 2423 potestas
1939 2365 2124 2412 autem

549 2433 773 2495 peccati,
792 2435 894 2488 lex.
926 2436 1080 2506 167
1101 2435 1246 2493 Talis
1265 2455 1396 2496 sane
1417 2442 1562 2498 illius
1583 2443 1664 2498 vel
1683 2461 1857 2515 usque
1884 2449 1950 2502 ad
1977 2463 2126 2503 mor-

555 2530 660 2572 tem
707 2520 809 2575 fuit
849 2524 1204 2594 dispensatio,
1237 2529 1394 2599 cujus
1433 2547 1540 2587 non
1571 2549 1733 2587 unam
1773 2549 1993 2591 causam
2029 2537 2125 2607 qui

557 2611 784 2666 voluerit
809 2630 1070 2683 quaerere,
1095 2620 1186 2674 sed
1213 2621 1392 2689 plures
1415 2624 1652 2679 inveniet
1677 2641 1690 2678 :
1719 2629 1948 2694 primam
1974 2643 2123 2682 nam-

551 2717 658 2771 que
686 2703 832 2758 illam
871 2707 1045 2776 ipsum
1081 2709 1316 2766 Verbum
1345 2715 1526 2780 docet,
1574 2727 1632 2771 ut
1659 2731 1767 2771 tam
1801 2719 1855 2771 in
1891 2721 2120 2776 mortuis

549 2807 712 2860 qltam
737 2794 792 2847 in
818 2797 952 2850 vivis
978 2799 1348 2856 dominaretur
1375 2819 1388 2856 :
1423 2805 1646 2860 alteram
1677 2817 1734 2860 ut
1760 2819 1972 2864 nostras
1997 2811 2124 2865 abs-

549 2893 782 2952 tergeret
814 2890 1051 2944 maculas
1079 2903 1449 2959 peccatorum,
1473 2897 1564 2965 qui
1590 2912 1688 2966 pro
1732 2899 1888 2956 nobis
1911 2903 2120 2956 sacrifi-

547 2984 722 3038 catus,
747 2985 799 3029 et
831 2993 924 3042 pro
961 2980 1116 3034 nobis
1141 2985 1444 3039 exsecratio
1471 2985 1646 3043 factus
1677 2990 1785 3044 sit:
1813 2993 2026 3046 tertiam
2057 3005 2117 3048 ut

549 3073 808 3138 tanquam
836 3070 932 3128 Dei
959 3076 1176 3132 victima
1205 3089 1365 3150 atque
1393 3085 1585 3154 ingens
1611 3087 1966 3154 sacriﬁcium,
2009 3091 2111 3161 ipsi

2221 1980 2320 2045 τὰς
2355 1980 2550 2050 ψυχὰς.
2585 1979 2694 2032 Ποῦ
2741 1996 2854 2044 σου,
2901 1977 3130 2043 θάνατε,
3177 1977 3237 2029 τὸ
3287 1981 3468 2040 νίκος;
3519 1975 3640 2028 ποῦ
3693 1992 3809 2039 σου,

2224 2073 2442 2135 θάνατε,
2472 2073 2534 2125 τὸ
2561 2072 2814 2143 κέντρον;
2835 2071 2897 2122 τὸ
2933 2069 2988 2122 δὲ
3023 2069 3246 2142 κέντρον
3267 2067 3361 2120 τοῦ
3385 2067 3634 2121 θανάτου
3661 2067 3811 2118 ἐστὶν

2222 2170 2254 2238 ἡ
2290 2167 2552 2239 ἁμαρτία,
2587 2169 2620 2237 ἡ
2654 2166 2710 2220 δὲ
2755 2165 2982 2236 δύναμις
3023 2165 3122 2234 τῆς
3171 2163 3463 2233 ἁμαρτίας,
3496 2163 3524 2213 ὁ
3557 2161 3756 2231 νόμος.
3786 2179 3806 2208 ι

2224 2257 2455 2338 Τοιαύτη
2487 2275 2570 2322 τις
2607 2257 2752 2329 αὐτῷ
2777 2258 3056 2328 καὶμέχρι
3097 2255 3189 2308 τοῦ
3225 2255 3452 2309 θανάτου
3499 2253 3738 2321 ἐγένετο
3776 2253 3809 2320 ἡ

2221 2351 2516 2422 οἰκονομία,
2550 2347 2618 2422 ἦς
2643 2351 2702 2402 οὺ
2735 2349 2863 2421 μίαν
2890 2349 3088 2412 αἰτίαν,
3117 2347 3252 2402 ἀλλὰ
3279 2348 3372 2402 καὶ
3395 2347 3626 2411 πλείους
3657 2346 3810 2420 εὕροι

2221 2447 2285 2502 ἄν
2322 2463 2408 2509 τις
2431 2443 2693 2515 ἐθελήσας
2728 2441 2930 2513 ζητεῖν.
2971 2441 3200 2514 Πρώτην
3253 2442 3350 2513 μὲν
3385 2442 3494 2514 γὰρ
3545 2445 3582 2495 6
3632 2441 3806 2509 Λόγος

2220 2537 2481 2598 διδάσκει,
2520 2535 2605 2588 ἵνα
2633 2535 2728 2587 καὶ
2751 2533 2960 2604 νεκρῶν
2981 2533 3074 2586 καὶ
3101 2531 3316 2596 ζώντων
3345 2532 3640 2604 κυριεύσῃο
3691 2531 3808 2583 δευ-

2217 2627 2382 2699 τέραν
2408 2627 2483 2690 δὲ,
2517 2625 2666 2688 ὃπως
2693 2624 2791 2688 τὰς
2826 2623 3100 2695 ἡμετέρας
3123 2623 3456 2694 ἀπομάξοιτο
3491 2621 3802 2695 ἁμαρτίας,

2219 2719 2358 2790 ὑπὲρ
2383 2717 2538 2789 ἡμῶν
2571 2715 2816 2787 τρωθεὶς,
2853 2717 2948 2768 καὶ
2974 2715 3264 2786 γενόμενος
3305 2716 3446 2787 ὑπὲρ
3481 2715 3650 2786 ἡμῶν
3673 2731 3805 2768 κατ·

2219 2810 2344 2880 ἀρα·
2391 2809 2600 2880 τρίτην,
2631 2808 2705 2872 ὡς
2747 2807 2812 2861 ἂν
2843 2808 3034 2878 ἱερεῖον
3065 2806 3200 2860 Θεοῦ
3237 2807 3332 2860 καὶ
3375 2805 3590 2877 μεγάλη
3645 2804 3802 2858 θυσία

2217 2899 2357 2970 ὑπὲρ
2381 2897 2474 2952 τοῦ
2511 2898 2822 2969 σύμπαντος
2852 2898 3056 2967 κόσμου
3087 2896 3418 2969 προσαχθείη
3447 2896 3524 2966 τῷ
3549 2897 3654 2950 ἐπὶ
3677 2896 3803 2950 πάν-

2215 3007 2323 3042 των
2351 2989 2490 3060 Θεῷ·
2513 2989 2799 3059 τετάρτην,
2849 2987 2924 3048 ὼς
2963 2987 3028 3040 ἂν
3071 2985 3233 3048 αὐτὸς
3280 2985 3379 3056 τῆς
3419 2981 3800 3043 πολυπλανοῦς

2215 3081 2312 3135 καὶ
2335 3079 2656 3150 δαιμονικῆς
2693 3078 2974 3150 ἐνεργείας
3007 3079 3342 3150 ἀπορρήτοις
3396 3075 3574 3144 λόγοις
3615 3073 3801 3128 καθαί-

547 3174 804 3228 supremo
833 3163 944 3220 Deo
977 3168 1260 3226 offerretur
1291 3190 1388 3243 pro
1417 3178 1672 3234 universo
1690 3181 1889 3234 mundo
1917 3199 2112 3252 :quar-

2219 3189 2368 3243 ρεσιν
2396 3170 2785 3243 ἀπεργάσαιτο·
2817 3168 3075 3240 πέμπτην
3103 3169 3196 3222 ἐπὶ
3231 3167 3422 3240 ταύτῃ,
3461 3167 3537 3229 ὡς
3577 3166 3651 3220 ἂν
3690 3167 3800 3226 τοῖς

546 3257 654 3301 tam
691 3260 749 3304 ut
779 3255 858 3308 sic
891 3255 1188 3314 fallaciosae
1210 3277 1272 3317 ac
1313 3265 1621 3322 daemonicae
1678 3269 1928 3326 efﬁcaciae
1957 3287 2112 3328 ever--

544 3341 753 3395 sionem
776 3346 1096 3402 moliretur:
1139 3353 1388 3420 quintam
1424 3357 1490 3410 ad
1547 3358 1682 3423 haec,
1711 3372 1768 3415 ut
1813 3363 1929 3416 suis
1953 3363 2114 3418 fami-

543 3431 769 3491 liaribus
821 3453 885 3493 ac
914 3440 1198 3512 discipulis
1223 3448 1364 3510 vitae,
1398 3465 1517 3519 qua:
1563 3463 1684 3521 post
1711 3463 1936 3508 mortem
1966 3457 2112 3525 apud

543 3525 710 3580 Deum
755 3529 938 3586 futura
969 3543 1052 3590 est
1086 3553 1262 3607 spem,
1305 3557 1416 3596 non
1447 3544 1696 3600 oratione
1725 3562 1904 3617 neque
1930 3551 2112 3606 verbis

542 3629 635 3672 aut
671 3623 916 3691 vocibus,
952 3630 1046 3684 sed
1083 3630 1244 3686 factis
1277 3650 1340 3688 ac
1371 3650 1430 3690 re
1463 3636 1580 3706 ipsa
1611 3650 2032 3708 repraesentans,
2057 3650 2112 3698 ct

541 3711 686 3777 quod
706 3717 884 3770 verbis
909 3721 1186 3788 pollicitus
1213 3725 1600 3789 fuerat,oculis
1629 3731 1762 3800 ipsis
1791 3733 2110 3788 intuendum

541 3805 863 3874 subjuciens,
893 3813 1313 3873 confidentiores
1340 3835 1435 3875 eos
1465 3829 1628 3890 atque
1663 3825 1958 3882 alacriores
1973 3843 2113 3897 prae-

544 3907 734 3964 staret,
769 3902 835 3955 ad
855 3919 973 3958 eam
1001 3923 1122 3976 quae
1149 3911 1215 3964 ab
1249 3911 1368 3980 ipso
1392 3913 1639 3969 instituta
1663 3916 1859 3981 fuerat,
1895 3920 2112 3991 religio-

542 4005 616 4043 sa:
663 3995 787 4047 vitae
833 3998 1121 4063 rationem,
1163 4003 1420 4059 omnibus
1476 4008 1639 4060 simul
1682 4017 1736 4062 et
1780 4005 2006 4078 Graecis,
2057 4021 2114 4067 et.

541 4083 790 4140 barbaris
834 4090 1192 4147 nuntiandam
1228 4109 1240 4146 :
1303 4100 1556 4166 protinus
1607 4101 1788 4172 itaque
1833 4104 1931 4158 hos
1963 4105 2112 4173 ipsos

542 4172 840 4233 familiares
899 4196 964 4235 ac
1014 4184 1248 4250 sodales,
1302 4205 1439 4258 quos
1487 4192 1604 4260 ipse
1659 4194 1761 4248 sibi
1792 4193 1858 4248 de
1890 4172 2111 4264 Optimis

541 4269 714 4324 lectos
735 4271 1022 4336 asciverat,
1071 4279 1457 4349 apostolosque
1508 4298 1640 4338 suos
1694 4299 1758 4338 ac
1808 4285 2112 4355 diseipulos

543 4362 938 4432 declaraverat,
972 4385 1070 4422 sua
1100 4371 1272 4440 ipsius
1316 4373 1500 4429 divina
1549 4379 1752 4432 virtute
1796 4381 2109 4463 qomplevit,

543 4463 600 4508 ut
623 4471 781 4526 quam
813 4457 926 4528 ipse
949 4463 1298 4518 nuntiaverat
1330 4465 1420 4520 Dei
1438 4457 1924 4537 cognitionenﬁilli
1951 4487 2113 4527 omne

2215 3262 2378 3316 αὑτοῦ
2409 3262 2702 3332 γνωρίμοις
2731 3263 2822 3314 καὶ
2854 3260 3120 3332 μαθηταῖς
3153 3260 3250 3330 τῆς
3276 3259 3412 3330 μετὰ
3432 3258 3523 3311 τὸν
3564 3257 3798 3311 θάνατον

2214 3353 2363 3425 παρὰ
2393 3353 2510 3424 Θεῷ
2537 3352 2681 3423 ζωῆς
2703 3354 2800 3425 τὴν
2839 3353 3028 3406 ἐλπίδα
3072 3353 3146 3424 μὴ
3191 3352 3368 3420 λόγοις
3417 3349 3548 3421 μηδὲ
3587 3350 3798 3420 ῥήμασι

2213 3449 2305 3501 καὶ
2335 3451 2555 3517 φωναῖς,
2593 3446 2728 3500 ἀλλὰ
2765 3448 2945 3510 αὐτοῖς
2979 3446 3157 3516 ἔργοις
3186 3446 3558 3516 παραστήσας,
3593 3439 3796 3512 ὀφθαλ-

2217 3543 2337 3611 μοῖς
2368 3557 2426 3592 τε
2453 3539 2728 3610 παραδοὺς
2745 3539 2842 3611 τὴν
2875 3538 2965 3592 διὰ
2995 3539 3102 3592 τῶν
3126 3537 3297 3606 λόγων
3331 3537 3691 3605 ἐπαγγελίαν,
3719 3534 3796 3586 εὐ-

2213 3633 2433 3704 θαρσεῖς
2459 3631 2653 3695 αὐτοὺς
2674 3633 2767 3685 καὶ¹
2797 3630 3236 3703 προθυμοτέρους
3265 3628 3664 3700 ἀπεργάσαιτο,
3706 3623 3797 3678 καὶ

2213 3725 2376 3778 πᾶσιν
2409 3721 2665 3793 Ἕλλησιν
2695 3721 2829 3793 ὁμοῦ
2858 3723 2952 3774 καὶ
2991 3720 3284 3794 βαρϐάροις
3321 3719 3417 3790 τὴν
3457 3718 3594 3790 πρὸς
3627 3712 3792 3770 αὑτοῦ

2211 3815 2642 3885 καταϐληθεῖσαν
2687 3814 2884 3885 εὐσεϐῆ
2924 3813 3193 3866 πολιτείαν
3229 3811 3482 3882 κηρύξαι’
3519 3809 3724 3864 αὐτίκα
3751 3806 3793 3860 δ’

2211 3903 2303 3960 οὖν
2333 3907 2529 3968 αὐτοὺς
2547 3906 2610 3978 δὴ
2639 3906 2860 3969 τούτους
2891 3907 3016 3968 τοὺς
3039 3905 3348 3975 γνωρίμους
3377 3903 3469 3955 καὶ
3497 3901 3790 3962 θιασώτας,

2211 3999 2303 4064 οὓς
2327 3999 2487 4062 αὐτὸς
2519 3998 2668 4069 αὑτῷ
2713 3997 3022 4070 ἀριστίνδην
3063 3998 3348 4068 ἐπικρίνας
3373 3994 3712 4055 ἀποστόλους
3735 4005 3790 4042 τε

2211 4091 2373 4148 αὑτοῦ
2405 4092 2499 4145 καὶ
2553 4090 2800 4164 μαθητὰς
2847 4090 3152 4156 ἀνελέξατο,
3198 4089 3297 4156 τῆς
3337 4085 3395 4151 ἐξ
3435 4085 3600 4140 αὑτοῦ
3649 4083 3792 4148 θείας

2211 4185 2491 4256 δυνάμεως
2527 4183 2822 4254 ἐμπλῆσαι,
2858 4184 2964 4235 πᾶν
2990 4181 3144 4250 γένος
3187 4178 3484 4250 ἀνθρώπων
3517 4172 3792 4245 ἐκδιδάξαι

2210 4279 2309 4349 τὴν
2367 4277 2503 4350 πρὸς
2545 4275 2708 4330 αὑτοῦ
2755 4273 3214 4344 καταγγελθεῐσαν
3259 4269 3628 4340 θεογνωσίαν,
3700 4273 3791 4325 ἕνα

2210 4374 2322 4434 τοῖς
2354 4372 2518 4424 πᾶσιν
2553 4369 2778 4440 Ἕλλησί
2815 4387 2874 4421 τε
2905 4369 2998 4422 καὶ
3031 4367 3324 4439 βαρϐάροις
3353 4367 3636 4432 εὐσεϐείας
3659 4370 3780 4421 ὑπο-

2214 4461 2436 4532 θέμενος
2462 4461 2681 4534 τρόπον,
2712 4460 2978 4530 δαιμόνων
3002 4457 3345 4532 ἀναχώρησίν
3383 4477 3440 4513 τε
3469 4461 3564 4514 καὶ
3591 4461 3788 4531 φυγὴν,

543 4548 822 4603 homirnam
841 4569 1012 4622 genus
1039 4556 1319 4622 docerent,
1357 4575 1523 4614 unam
1561 4561 1778 4616 interim
1830 4565 2107 4632 omnibus,

2217 4555 2308 4606 καὶ
2347 4553 2444 4624 τῆς
2487 4552 2749 4606 πολυθέου
2799 4552 3007 4623 πλάνης
3042 4553 3346 4616 ἀνάνευσιν,
3385 4554 3500 4618 ἑνὸς
3539 4555 3596 4608 δὲ
3629 4553 3786 4625 μόνου

540 4649 650 4693 tam
681 4641 886 4700 Graecis
909 4663 1070 4717 quam
1103 4649 1374 4717 barbaris,
1407 4653 1687 4723 religionis
1709 4655 2004 4712 instituens
2029 4673 2116 4710 ra-

542 4735 741 4790 tionem
769 4758 780 4794 :
811 4755 872 4794 ea
894 4759 1054 4810 porro
1078 4753 1213 4810 erat,
1234 4757 1292 4800 ut
1323 4763 1352 4800 a
1377 4749 1715 4802 daemonibus
1739 4751 1928 4818 procul
1955 4767 2108 4806 rece-

539 4827 750 4890 derent.
785 4847 988 4902 eosque
1037 4835 1306 4906 fugerent,
1368 4839 1704 4910 deorumque
1737 4842 2108 4898 multitudinis

541 4919 810 4976 fallaciam
837 4922 1190 4991 declinarent,
1224 4937 1386 4998 atque
1399 4945 1565 4984 unum
1595 4932 1770 4984 solum
1793 4947 2106 5001 supremum

538 5009 708 5068 Deum
727 5029 852 5068 vere
879 5026 1272 5086 c0gnoscerent
1303 5035 1314 5070 :
1349 5026 1612 5088 praeterea
1645 5019 2016 5074 liberationem
2043 5019 2114 5073 ab

2212 4643 2345 4696 Θεοῦ
2379 4643 2472 4696 τοῦ
2501 4645 2592 4697 ἐπὶ
2617 4644 2832 4697 πάντων
2873 4643 3074 4712 γνῶσιν
3115 4643 3285 4716 ἀληθῆ
3323 4644 3784 4717 προκηρύττοντα,

2210 4738 2304 4790 καὶ
2326 4737 2478 4790 λύσιν
2517 4737 2614 4808 μὲν
2641 4737 2747 4790 τῶν
2779 4737 3260 4808 προηγνοημένων,
3306 4740 3354 4789 εί
3387 4737 3460 4809 μὴ
3501 4736 3574 4790 ἐτ’
3607 4738 3785 4796 αὐτοῖς

2213 4829 2539 4900 ὲπιμένοιεν,
2589 4827 2716 4899 μίαν
2753 4829 2810 4882 δὲ
2861 4832 2974 4892 τοῖς
3019 4831 3149 4883 πᾶσι
3187 4829 3460 4900 σωτηρίας
3501 4828 3691 4882 ἐλπίδα
3719 4821 3784 4880 δι’

2209 4919 2276 4993 ἦς
2327 4921 2664 4976 ὐποτέθειται
2723 4923 2999 4990 πανσόφου
3041 4923 3136 4974 καὶ
3173 4921 3472 4991 παναρέτου
3515 4919 3783 4978 πολιτείας

2216 5015 2663 5088 ὑπισχνούμενον.

539 5109 628 5172 iis,
651 5127 774 5180 quae
805 5112 957 5181 prius
992 5114 1305 5183 ignoranter
1350 5116 1762 5180 commiserant,
1811 5115 2109 5170 dummodo
2141 5131 2208 5170 ne
2239 5114 2294 5168 in
2317 5113 2508 5168 iisdem
2561 5122 3011 5182 perseverarent,
3041 5118 3096 5166 et
3129 5125 3290 5164 unam
3322 5108 3577 5162 omnibus
3637 5106 3782 5160 salu-

539 5207 611 5260 tis
632 5223 802 5276 spem,
835 5225 930 5278 per
957 5209 1090 5264 illud
1135 5211 1282 5279 quod
1303 5211 1418 5281 ipse
1443 5221 1701 5282 posuerat
1742 5211 2166 5282 sapientissime,
2207 5223 2272 5264 ac
2317 5225 2440 5263 cum
2485 5209 2632 5262 omni
2672 5207 2870 5261 virtute
2911 5206 3124 5262 vivendi
3186 5205 3514 5268 institutum,
3567 5201 3780 5272 pollice-

539 5303 718 5358 batur.

1257 5401 1396 5456 Xlll.

543 5484 698 5552 Quod
721 5488 773 5540 in
814 5504 875 5565 eo
903 5497 1120 5556 natura,
1147 5509 1262 5562 quae
1297 5511 1389 5548 nec
1418 5497 1532 5563 pati
1561 5537 1575 5558 ,
1613 5513 1706 5550 nec
1735 5497 1860 5551 lardi
1911 5507 2105 5565 potest,

611 5573 825 5639 ιιτιαδηιεε
847 5560 1254 5639 incorporea-est
1277 5560 1642 5636 ρενιιιὶιιιδετίι,
1669 5569 1828 5622 etiam
1858 5560 1957 5639 quo
1983 5579 2109 5620 tein-

613 5643 740 5694 pora
769 5627 942 5695 {actus
970 5627 1046 5684 est
1077 5633 1250 5690 homo.

617 5718 750 5771 (tum
785 5719 954 5786 igitur
999 5720 1114 5778 haec
1147 5725 1218 5778 ita
1257 5741 1314 5781 se
1343 5727 1612 5796 habeant,
1657 5745 1768 5784 non
1815 5738 2028 5798 oportet
2060 5735 2109 5784 tc

623 5831 664 5862 ι’
699 5831 800 5888 lsa.
835 5851 956 5902 xxv,
993 5837 1056 5904 8;
1090 5837 1212 5896 Ose.
1251 5857 1368 5908 xm,
1407 5843 1489 5900 14.
1569 5845 1605 5874 ¹¹
1639 5843 1744 5901 lsa.
1781 5861 1900 5912 xxv,
1937 5846 1988 5900 8.

2951 5391 3050 5444 II".

2208 5486 2303 5538 ll".
2357 5484 2452 5549 Ὡς
2483 5479 2738 5546 ἀπαθὴς,
2773 5482 2868 5534 καὶ
2893 5481 3180 5549 ἀϐλαϐὴς,
3206 5483 3301 5535 καὶ
3329 5480 3638 5550 ἀσώματος
3669 5479 3778 5533 διέ-

2394 5569 2560 5622 μεινε
2589 5553 2685 5604 καὶ
2715 5553 2840 5606 καθ’
2869 5551 2940 5604 ὃν
2968 5551 3328 5622 ἑιιηινθρώπει
3365 5554 3586 5620 καιρόν.

2284 5729 2438 5784 Οὕτω
2471 5727 2534 5796 δῂ
2571 5727 2774 5781 τούτων
2815 5726 3065 5801 ἐχόντων,
3106 5732 3164 5782 οὑ
3205 5729 3286 5782 δεῖ
3315 5723 3774 5800 ταράττεσθαιτδν

2075 5847 2112 5877 ³³
2145 5845 2264 5901 Ose.
2309 5860 2424 5910 xm,
2471 5843 2554 5896 Η.
