3954 6468
1887 185 1925 222 Ι

3340 393 3446 446 235

154 382 251 438 285
1111 391 1769 448 DEMONSTRATION-ls
1809 390 2268 448 EVANCEUCA'J
2309 391 2440 448 LIB.
2483 391 2572 448 iV.

153 502 294 566 νοῦν,
330 505 587 570 γένεσιν
614 508 706 562 καὶ
729 508 907 580 σῶμα,
937 509 1031 561 καὶ
1056 509 1224 579 πάθη,
1256 511 1351 564 καὶ
1381 509 1610 564 θάνατον
1639 527 1733 584 περ

1835 559 1838 567 .
1865 511 2048 566 animo
2059 512 2386 582 perturbari,
2408 511 2624 566 tametsi
2635 523 2690 566 et
2702 522 2904 574 ortum.
2922 519 2978 570 et
2993 527 3213 582 corpus,
3230 519 3280 564 et
3295 511 3443 564 dolo-

147 598 233 650 τὶν
257 595 439 649 ἇῦλον
489 602 598 653 καὶ
639 599 928 670 ἀσώματον
955 600 1050 654 τοῦ
1081 599 1214 654 Θεοῦ
1262 602 1432 670 Λόγον
1482 601 1733 656 ἀκούοντα

1869 617 1978 661 res.
2003 609 2058 656 et
2077 612 2327 667 mortem,
2359 603 2426 657 de
2447 603 2688 657 materiae
2703 604 2910 672 experti
2927 613 3088 674 atque
3116 603 3440 672 incorporeo

158 688 243 750 Ὠς
269 687 392 758 γὰρ
445 692 578 745 οὐδ’
623 692 847 763 ἡλιακοῦ
889 694 1066 763 φωτδς
1106 693 1326 747 πάθοιέν
1368 711 1422 746 τι
1463 696 1675 758 ἀκτῖνες
1699 713 1728 747 τ

1871 691 2030 762 168
2047 691 2142 746 Dei
2162 690 2337 747 Verbo
2349 693 2526 748 audis.
2552 691 2621 745 Ut
2652 693 2796 747 enim
2820 694 3019 749 solaris
3036 692 3256 748 luminis
3277 692 3437 757 radii,

146 782 327 833 eti-Vt:
365 782 496 855 πλη
509 785 729 855 ροῦσαι,
757 787 851 840 καὶ
885 787 1151 857 σωμάτων
1183 787 1411 857 νεκρῶν,
1449 789 1544 840 καὶ
1575 789 1633 841 οὐ
1668 805 1733 841 κα

1866 785 1994 840 licet
2017 785 2201 839 omnia
2221 787 2551 856 compleant,
2576 796 2629 841 et
2650 802 2878 856 corpora
2896 796 3109 842 mortua
3136 785 3440 842 sordentia-

151 873 336 942 ϐαρῶν
397 875 836 948 ἐφαπτόμεναιο
870 879 1003 932 πολὺ
1052 878 1212 931 πλέον
1251 881 1283 950 ὴ
1329 879 1617 949 ἀσώματος
1669 897 1728 933 το

1863 892 1971 946 que
1999 879 2288 948 attingam,
2323 878 2425 947 ipsi
2454 886 2634 932 tamen
2669 878 2804 932 nihil
2838 879 3138 948 patiuntur,
3169 879 3248 932 sic
3271 878 3437 931 etiam

141 964 275 1016 θεοῦ
309 964 583 1038 δύναμις
612 969 725 1021 οὔτ’
748 969 813 1023 ἂν
837 969 997 1023 πάθοι
1023 969 1120 1040 τὴν
1141 969 1347 1035 οὐσίαν,
1388 969 1499 1022 οὔτ’
1535 971 1602 1024 ἀν
1639 971 1733 1041 βλα

1864 969 2147 1036 multoque
2197 967 2370 1037 magis
2423 966 2518 1021 Dei
2570 967 2654 1022 vis
2693 968 3018 1038 incorporea
3068 977 3278 1021 natura:
3321 982 3438 1021 sua:

142 1056 282 1125 ἰείη,
329 1057 468 1110 οὔτ’
524 1061 594 1114 ἂν
637 1062 834 1132 χείρων
868 1061 997 1115 ποτὲ
1031 1062 1228 1132 ἑαυτῆς
1250 1061 1475 1131 γένοιτο,
1514 1062 1730 1133 σώματο

1863 1057 2071 1111 nullum
2132 1073 2310 1128 neque
2359 1058 2769 1113 incommodum
2820 1075 2995 1129 neque
3045 1068 3432 1113 nocumeutum

141 1149 484 1218 ἀσωμάτως
525 1153 885 1224 ὲπαφωμένη.
934 1155 1000 1206 Τί
1056 1153 1197 1224 γάρ;
1238 1155 1358 1225 οὐχὶ
1398 1157 1492 1209 καὶ
1525 1156 1646 1225 δίχα
1667 1171 1733 1207 τοι

1863 1151 2112 1220 accipiet,
2141 1167 2318 1222 neque
2349 1151 2589 1221 unqudm
2620 1151 2800 1221 seipsa
2833 1151 3074 1205 deterior
3105 1151 3217 1214 ﬁet,
3238 1165 3434 1220 quam-

140 1240 260 1292 καθ’
289 1241 322 1292 ὃ
352 1243 728 1316 ὲνηνθρώπει
755 1244 1024 1316 σώματος,
1050 1247 1135 1298 ἀεὶ
1159 1247 1253 1300 καὶ
1280 1246 1366 1299 διά
1387 1248 1585 1310 παντὸς
1612 1249 1733 1317 ἥκω·

1861 1242 1945 1296 vis
1980 1242 2304 1312 incorporea
2358 1243 2595 1312 quadam
2645 1245 2858 1298 ratione
2921 1258 3125 1312 corpus
3173 1245 3430 1312 attingat.

138 1333 203 1386 δι’
226 1332 370 1404 ὅλης
416 1335 539 1406 τῆς
575 1337 686 1389 τῶν
719 1338 1014 1408 στοιχείων,
1058 1338 1153 1392 καὶ
1191 1339 1368 1392 αὐτῶν
1409 1339 1472 1410 δὴ
1517 1339 1625 1392 τῶν
1657 1356 1733 1392 σω

1860 1331 2000 1399 Quid
2031 1334 2176 1388 enim
2202 1335 2328 1388 ?An
2359 1350 2470 1389 non
2500 1336 2706 1405 absque
2745 1349 2811 1390 eo
2838 1336 2892 1388 in
2922 1352 3033 1405 quo
3057 1335 3219 1390 homo
3251 1335 3432 1394 factus

145 1423 334 1491 μὲτων
363 1424 546 1497 ὕλης,
575 1421 665 1480 οἷά
699 1444 780 1490 τις
823 1427 956 1481 Θεοῦ
990 1429 1146 1497 λόγος
1175 1429 1250 1482 ὢν
1287 1430 1631 1501 δημιουργὸς,
1657 1432 1733 1502 τῆς

1859 1433 1944 1479 est
1970 1439 2222 1494 corpore,
2258 1441 2471 1496 semper
2503 1435 2668 1497 atque
2697 1443 3086 1498 usquequaque
3130 1443 3226 1498 per
3259 1436 3432 1482 totam

141 1515 193 1581 ἐξ
226 1515 420 1568 αὺτοῦ
467 1519 666 1587 σοφίας
706 1519 764 1571 ὲν
802 1519 937 1590 αὐτῇ
971 1520 1098 1582 τοὺς
1141 1519 1330 1589 λόγους
1356 1521 1733 1591 ἀποσφραγίζεε

1857 1517 2251 1571 elementorum
2276 1518 2628 1589 ipsorumque
2642 1520 2802 1590 plane
2821 1535 3113 1590 corporum
3144 1520 3429 1574 materiam

137 1623 246 1668 ται,
293 1607 390 1678 τῷ
439 1611 549 1680 μὲν
589 1609 780 1682 ἀψύχῳ
835 1610 998 1681 ζωὴν,
1045 1610 1124 1682 τῷ
1166 1611 1222 1664 δὲ
1253 1613 1486 1684 ἀμόρφῳ
1521 1613 1633 1665 ὄντι
1663 1613 1756 1666 καὶ

139 1703 313 1759 ἀειδεῖ
334 1704 456 1775 τὴν
491 1705 678 1774 φύσιν,
714 1706 926 1777 μορφὴν
959 1707 1484 1777 έναποτυπούμενος,
1513 1707 1582 1760 τά
1609 1723 1666 1759 τε
1698 1707 1756 1758 ἐν

140 1797 286 1866 αὐτῷ
314 1799 516 1869 κάλλη
557 1800 652 1852 καὶ
681 1799 780 1862 τὰς
824 1800 1148 1871 ἀσωμάτους
1191 1801 1331 1864 ἰδέας
1364 1803 1481 1864 ταῖς
1503 1800 1612 1853 τῶν
1645 1817 1752 1852 σω-

1856 1617 2169 1678 penetrans,
2193 1620 2447 1680 tanquam
2480 1612 2528 1668 is
2556 1613 2648 1681 qui
2666 1611 2758 1666 Dei
2781 1613 2852 1666 sit
2877 1612 3018 1666 ratio
3045 1612 3290 1682 quaedam
3314 1611 3433 1681 opi-

1856 1698 1942 1754 fex
1974 1701 2256 1770 sapientiae
2286 1717 2406 1771 quae
2437 1701 2508 1756 ab
2552 1703 2673 1772 ipso
2704 1703 3097 1772 proﬁciscitur,
3128 1703 3183 1754 in
3217 1716 3281 1756 ea
3310 1701 3428 1770 ipsa

1855 1791 2094 1846 rationes
2125 1800 2178 1847 et
2200 1792 2406 1847 claudit
2452 1801 2506 1848 et
2528 1795 2765 1864 hsiguat?
2795 1795 2924 1848 dum
2964 1795 3216 1849 videlicet
3245 1793 3430 1846 inani-

144 1891 338 1958 μάτων
380 1893 678 1962 ποιότησιν
726 1894 1250 1964 ὲναποματτόμενος,
1293 1893 1457 1946 κινῶν
1491 1893 1547 1946 δὲ
1572 1893 1639 1945 τὰ
1673 1893 1733 1964 τιξ

1854 1885 1958 1939 mis
1981 1886 2170 1952 vitam,
2201 1886 2528 1942 informibus
2559 1905 2688 1944 vero
2719 1896 2772 1943 et
2797 1889 3003 1942 nullam
3060 1895 3272 1942 natura:
3303 1903 3431 1957 spe-

139 1983 332 2052 οἰκείῳ
364 1983 529 2053 λόγῳ
575 1984 760 2054 ἄψυχα
797 1985 890 2038 καὶ
927 1985 1178 2054 ἀκίνητα,
1214 1985 1340 2054 γῆν,
1384 1983 1547 2055 ὕδωρ,
1589 1985 1744 2056 ἀέρα,

141 2068 274 2138 πῦρ,
329 2071 625 2140 πάνσοφόν
660 2089 778 2124 τινα
831 2073 924 2126 καὶ
969 2074 1335 2145 παναρμόνιον
1379 2075 1611 2144 κίνησιν,
1655 2077 1748 2128 καὶ

143 2164 208 2212 τα
240 2162 438 2215 πάντα
473 2163 537 2226 ἐξ
574 2163 844 2233 ἀκοσμίας
879 2164 1118 2234 κοσμῶν,
1152 2163 1328 2230 αὔξων
1371 2182 1431 2218 τε
1469 2165 1563 2218 καὶ
1598 2165 1748 2218 τελε-

143 2255 450 2324 σιουργῶν,
481 2256 622 2326 αὐτῇ
657 2272 718 2307 τε
756 2255 920 2326 ὲνθέῳ
944 2257 1038 2309 καὶ
1071 2255 1261 2327 λογικῇ
1293 2257 1517 2327 δυνάμει
1558 2274 1747 2328 μονον-

145 2345 263 2413 ουχὶ
312 2345 500 2398 ἐπιὼν
545 2346 615 2397 τὰ
645 2346 842 2408 πάντα,
880 2345 974 2398 καὶ
1002 2345 1089 2398 διὰ
1118 2346 1332 2399 πάντων
1368 2346 1560 2417 χωρῶν
1613 2347 1748 2399 πάν-

144 2452 251 2488 των
283 2453 350 2489 τε
389 2438 795 2507 ἐφαπτόμενος,
841 2437 954 2490 ἀλλ’
985 2436 1103 2491 οὔτι
1144 2455 1207 2507 γε
1256 2437 1459 2509 βλάϐην
1502 2443 1566 2492 ὲκ
1600 2438 1744 2503 τινὸς

149 2529 521 2600 ἑπαγόμενος,
575 2529 694 2582 οὐδὲ
743 2529 840 2600 τὴν
883 2529 1043 2599 φύσιν
1106 2530 1275 2602 αὐτὴν
1342 2529 1738 2601 μολυνόμενος;

148 2620 289 2674 οὕτω
319 2623 394 2694 δὴ
425 2623 497 2676 τὰ
530 2622 673 2675 κατὰ
701 2621 871 2674 ταῦτα
894 2623 988 2675 καὶ
1011 2625 1068 2675 ὲν
1103 2621 1408 2694 ἀνθρώποις
1432 2624 1738 2695 γενόμενος,

150 2710 318 2764 πάλαι
376 2714 472 2783 μὲν
515 2711 742 2783 βραχέσι
782 2714 876 2764 καὶ
911 2711 1127 2783 ἀριθμῷ
1163 2711 1409 2783 ληπτοῖς,
1465 2713 1647 2778 μόνοις
1683 2715 1739 2768 δὲ

152 2803 258 2864 τοῖς
290 2803 673 2873 ἀναγράπτοις
711 2802 1016 2872 προφήταις
1052 2817 1111 2852 τε
1152 2802 1244 2853 καὶ⁸
1270 2802 1495 2864 δικαίοις
1546 2803 1742 2873 ἀνδρά-

153 2909 258 2956 σιν,
287 2893 486 2947 ἄλλοτε
514 2895 689 2957 ἄλλως
715 2894 981 2963 ἐφαίνετο,
1023 2894 1115 2948 ἐπὶ
1147 2895 1288 2947 τέλει
1332 2895 1387 2948 δὲ
1419 2898 1530 2960 τοῖς
1575 2897 1739 2948 πᾶσιν

155 2986 274 3055 ἢδη,
302 2987 532 3056 φαύλοις
561 3005 620 3039 τε
645 2988 739 3041 καὶ
766 2987 1036 3053 ἀσεϐέσιν,
1078 2988 1348 3058 Ἐὕραίοις
1376 3005 1434 3040 τε
1470 2986 1604 3059 ὁμοῦ
1643 2989 1738 3041 καὶ

156 3077 385 3150 Ἕλλησι
427 3079 493 3132 δι’
545 3079 990 3149 ὑπερϐάλλουσαν
1032 3079 1125 3133 τοῦ
1169 3079 1482 3147 παναγάθου
1523 3079 1737 3151 Πατρὸς
1772 3095 1774 3098 '

1852 1979 1990 2033 ciem
2047 1980 2416 2046 habentibus,
2454 1983 2687 2036 formam
2727 1982 3066 2052 ﬁguramque
3124 1981 3427 2050 imprimit;

1849 2092 2098 2146 quasque
2127 2078 2180 2130 in
2212 2092 2271 2132 se
2296 2079 2460 2132 habet
2491 2078 2938 2147 pulchritudines
2961 2078 3426 2146 incorporeasque

1848 2169 2078 2237 species,
2109 2183 2397 2238 corporum
2421 2169 2776 2239 qualitatibus
2813 2170 3102 2230 immiscet,
3134 2178 3427 2239 movetque

1847 2274 1910 2312 ea
1940 2274 2061 2329 quae
2113 2275 2213 2314 sua
2245 2260 2487 2330 ipsorum
2527 2261 2742 2315 ratione
2793 2261 3035 2315 inanima
3092 2260 3426 2330 immotaque

1847 2359 1994 2416 sunt,
2035 2359 2258 2416 terram,
2294 2368 2513 2422 aquam,
2543 2370 2747 2422 aerem,
2781 2354 2983 2423 ignem,
3017 2354 3430 2422 sapientissimo

1845 2445 2080 2513 quodam
2107 2446 2364 2514 omnique
2396 2447 2764 2500 concinnitate
2795 2445 3000 2499 referto
3031 2455 3181 2499 motu
3212 2464 3226 2510 ;
3256 2455 3425 2515 atque

1844 2535 2061 2589 ordinat
2089 2537 2273 2590 omnia
2304 2553 2644 2608 quaecunque
2691 2537 2999 2591 inordinata
3025 2543 3175 2600 sunt,
3201 2536 3426 2592 eadem-

1843 2643 1948 2696 que
1969 2637 2128 2698 auget
2158 2643 2220 2681 ac
2255 2629 2466 2698 perﬁcit
2503 2646 2517 2694 ;
2556 2645 2621 2683 ac
2653 2644 2752 2684 sua
2777 2629 2951 2699 ipsius
2974 2628 3157 2683 divina
3185 2628 3423 2682 rationa-

1844 2720 1989 2789 lique
2024 2721 2222 2776 virtute
2252 2722 2462 2776 accedit
2495 2722 2563 2775 ad
2595 2722 2778 2775 omnia
2815 2736 2878 2774 ac
2910 2737 3006 2790 per
3039 2721 3222 2775 omnia
3254 2735 3422 2789 pene-

1842 2819 1971 2874 trat,
2033 2813 2328 2881 omniaque
2377 2813 2817 2882 attingit,neque
2869 2819 3049 2865 tamen
3104 2797 3420 2865 nocui-menti

1842 2903 2138 2974 quidquam
2169 2919 2235 2958 ex
2269 2919 2456 2958 earum
2509 2919 2689 2957 rerum
2739 2904 2920 2972 aliqua
2971 2903 3180 2964 trahit,
3242 2918 3420 2972 neque

1840 3010 1994 3050 suam
2021 2995 2195 3063 ipsius
2226 3003 2478 3049 naturam
2514 2995 2867 3064 coinquinat?
2901 2994 3101 3048 Eadem
3126 2997 3307 3062 itaque
3333 3001 3419 3046 est

1839 3086 2000 3148 ratio,
2034 3085 2165 3138 dum
2195 3085 2359 3138 etiam
2389 3085 2532 3138 inter
2563 3086 2813 3139 homines
2847 3085 3016 3154 degit.
3045 3085 3169 3138 illos
3192 3082 3415 3152 quidem

160 3173 498 3244 χρηστότητα
545 3174 641 3226 καὶ
684 3173 1088 3245 φιλανθρωπίαν
1147 3173 1492 3245 εὐεργετικὸν
1545 3174 1733 3229 ἑαυτὸν

1837 3181 1996 3228 antea
2035 3189 2237 3244 paucos
2270 3183 2322 3229 et
2356 3174 2747 3236 numerabiles,
2797 3175 2944 3229 solos
2982 3175 3170 3244 utique
3202 3189 3318 3237 eos,
3347 3173 3418 3228 de

159 3265 244 3315 καὶ
277 3269 546 3336 σωτήριον
572 3265 882 3336 παρείχετο,
911 3265 1205 3336 διαρρήδην
1234 3265 1392 3318 τοῦτο
1424 3267 1738 3338 προκηρύτ-

159 3371 258 3409 των
281 3399 296 3412 .
338 3378 354 3407 ι
389 3359 465 3410 υὺ
501 3356 688 3427 χρείαν
725 3355 938 3426 ἔχουσιν
969 3359 1016 3408 οί
1066 3356 1338 3426 ἰσχύοντες
1366 3357 1571 3426 ἰατροῦ,
1601 3355 1738 3410 ἀλλὰ

160 3448 205 3498 oi
232 3465 413 3512 κακως
445 3448 684 3518 ἔχοντες⁹
713 3450 815 3501 οὐκ
859 3446 1022 3519 ἦλθον
1065 3447 1288 3500 καλέσαι
1320 3447 1578 3512 δικαίους,
1620 3447 1735 3500 ἀλλ’

162 3537 508 3610 ἁμαρτωλοὺς
542 3540 622 3603 είς
651 3540 958 3609 μετάνοιαν.
992 3557 1009 3590 ι
1050 3538 1262 3591 Ἐκάλει
1290 3538 1424 3609 δῆτα
1464 3542 1492 3593 ό
1519 3539 1735 3593 πάντων

161 3627 358 3703 Σωτὴρ,
399 3651 417 3682 ι
451 3631 640 3698 Δεῦτε,
667 3631 860 3698 λέγων,
891 3630 1027 3700 πρὸς
1057 3630 1122 3700 μὲ
1147 3630 1415 3699 πάντες-οἱ
1441 3629 1734 3694 κοπιῶντες

165 3722 248 3773 καὶ
285 3723 732 3794 πεφορτισμένοι,
773 3720 928 3790 κάγὼ
969 3721 1268 3774 ἀναπαύσω
1294 3724 1456 3792 ὑμᾶς’
1499 3743 1517 3774 ι
1551 3723 1732 3777 ἐκάλει

163 3813 246 3865 καὶ
284 3816 397 3867 ἰᾶτο
441 3813 693 3882 ἀφθόνως
731 3813 797 3865 δι’
840 3814 1092 3885 ὀργάνου,
1138 3808 1197 3866 οῦ
1233 3813 1604 3886 προὺϐέϐλητο
1635 3817 1734 3868 ἀν-

163 3906 439 3976 θρωπίνου,
474 3903 566 3960 οἷά
607 3923 690 3969 τις
734 3907 991 3977 μουσικὸς
1025 3907 1164 3979 ἀνὴρ
1188 3906 1276 3959 διὰ
1306 3908 1406 3978 τῆς
1435 3907 1602 3978 λύρας
1633 3909 1730 3980 τὴν

166 4001 338 4068 σοφίαν
393 3998 876 4068 ἐπιδεικνύμενος,
944 3998 1037 4053 καὶ
1089 3997 1370 4061 νοσούσαις
1413 4016 1477 4067 γε
1531 3999 1731 4068 ψυχαῖς

163 4095 266 4155 ταῖς
285 4093 338 4144 ὲν
363 4091 634 4163 σώμασιν,
656 4085 746 4144 οἷά
770 4109 851 4155 τις
880 4091 1080 4162 ἰατρῶν
1106 4092 1344 4163 ἄριστος,
1369 4095 1618 4160 συγγενεῖ
1637 4093 1730 4144 καὶ

165 4185 461 4256 καταλλήλῳ
540 4183 846 4254 βοηθήματι
917 4184 1009 4236 τὸν
1087 4183 1373 4254 ἄνθρωπον
1441 4183 1602 4246 αὐτός
1668 4200 1727 4235 τε

165 4276 331 4329 ἑαυτὸν
357 4276 667 4344 ὑπόδειγμα
703 4273 866 4344 σοφοῦ
894 4277 985 4328 καὶ
1019 4276 1319 4346 παναρέτου
1355 4276 1448 4329 καὶ
1473 4275 1727 4339 εὐσεϐοῦς

166 4371 435 4440 παρείχετο
483 4368 636 4438 βίου,
695 4367 958 4420 διδάσκων
1011 4369 1110 4438 μὲν
1158 4368 1226 4420 τὰ
1264 4369 1436 4439 ἀληθῆ
1486 4370 1545 4422 οὐ
1597 4369 1725 4438 παρ’

165 4462 341 4532 ἑτέρων
404 4461 785 4534 ὴρανισμένα,
844 4460 902 4526 ἐξ
960 4462 1130 4514 αὑτοῦ
1173 4462 1230 4514 δὲ
1271 4463 1365 4515 καὶ
1418 4461 1570 4534 παρὰ
1628 4461 1722 4515 τοῦ

165 4551 353 4625 Πατρδς
411 4555 482 4606 tit
546 4552 713 4606 πάλαι
766 4553 859 4604 καὶ
918 4554 982 4605 ὲκ
1027 4553 1238 4624 μακροῦ
1266 4553 1357 4606 τοῦ
1392 4553 1583 4618 αἰῶνος
1612 4557 1724 4617 τοῖς

165 4643 403 4697 ἀνέκαθεν
430 4642 703 4711 θεοφιλέσι
731 4642 824 4695 καὶ
864 4646 974 4705 τοῖς
1003 4643 1110 4714 πρὸ
1146 4643 1422 4706 Μωῦσέως
1455 4643 1721 4714 Ἑϐραίοις

163 4733 630 4804 νενομοθετημένα.
677 4732 954 4803 Σωμάτων
1001 4732 1056 4786 δὲ
1099 4733 1195 4802 οὐχ
1244 4729 1406 4803 ἦττον
1453 4732 1486 4803 ἢ
1533 4733 1720 4803 ψυχῶν

164 4828 534 4898 ἐπιμελόμενος
555 4865 569 4888 ,
610 4827 704 4880 καὶ
742 4829 1024 4897 σαρκικοῖς
1060 4827 1156 4896 μὲν
1186 4825 1489 4898 ἀνθρώπων
1520 4825 1720 4896 ὀφθαλ-

169 4921 268 4986 μοῖς
285 4919 349 4972 τά
372 4919 462 4972 διὰ
487 4918 589 4987 τῆς
611 4917 811 4988 σαρκὸς
836 4918 985 4988 αὐτῷ
1008 4916 1258 4989 δρώμενα
1286 4916 1716 4988 παρασκευάζων

163 5010 292 5079 ὁρᾷν.
321 5011 512 5072 ἀκοαῖς
550 5007 606 5060 δὲ
650 5007 808 5061 πάλιν
852 5008 1054 5077 σαρκὸς
1089 5007 1187 5071 τὰς
1225 5007 1312 5061 διὰ
1342 5007 1588 5078 γλώττης
1623 5009 1720 5062 καὶ

166 5103 340 5171 σαρκὸς
370 5098 599 5173 ὑπηχῶν
629 5099 996 5163 διδασκαλίας,
1032 5101 1127 5153 καὶ
1159 5100 1335 5153 πάντα
1361 5116 1423 5168 γε
1458 5100 1718 5154 ἐπιτελῶν

165 5192 218 5242 δι’
249 5185 304 5244 οὗ
330 5193 620 5263 ἀνείληφεν
650 5191 938 5262 ἀνθρώπου
959 5231 975 5256 ,
1011 5195 1124 5256 τοῖς
1154 5194 1254 5246 οὐκ
1284 5193 1511 5265 ἄλλωςῆ
1545 5194 1722 5264 μόνως

166 5283 311 5348 οὕτως
333 5285 430 5355 τῆς
456 5284 623 5338 αὐτοῦ
657 5283 928 5355 θειότητος
963 5284 1343 5339 συναισθέσθαι
1375 5286 1713 5356 δυναμένοις.

168 5377 323 5431 Ταῦτα
363 5380 428 5448 δὴ
467 5374 563 5432 οῦν
605 5378 822 5431 ἅπαντα
867 5382 947 5440 εἰς
977 5378 1038 5430 τὸ
1071 5379 1370 5450 χρήσιμον,
1413 5384 1506 5432 καί
1551 5381 1716 5432 πᾶσιν

167 5472 274 5539 ἡμῖν
297 5472 568 5542 ὠφέλιμον
589 5472 618 5523 ὁ
646 5470 824 5524 πάντα
849 5469 1226 5543 φιλάνθρωπος
1255 5472 1347 5526 τοῦ
1377 5471 1510 5525 Θεοῦ
1545 5473 1717 5546 Λόγος

169 5567 263 5627 ταῖς
294 5567 585 5637 πατρικαῖς
613 5563 828 5633 βουλαῖς
856 5563 1152 5634 διηκονεῖτο
1171 5605 1185 5628 ,
1220 5565 1397 5636 μένων
1429 5565 1589 5620 πάλιν
1619 5565 1716 5618 αύ-

168 5653 238 5718 τὺς
266 5655 416 5719 ἄῦλος
461 5655 556 5708 καὶ
590 5651 880 5722 ἀσώματος
900 5694 915 5719 ,
958 5651 1068 5717 οἷος
1112 5657 1204 5708 καὶ
1233 5655 1431 5728 προτοῦ
1463 5655 1613 5728 παρὰ
1641 5654 1718 5726 τῷ

228 5837 260 5868 ¹³
291 5836 417 5891 Luc.
457 5855 509 5902 γ,
542 5837 630 5905 51,
663 5837 750 5890 3'2.

388 5967 420 5992 ο

836 5838 874 5869 ¹²
910 5836 1096 5892 Matth.
1131 5855 1204 5901 xl,
1235 5839 1324 5894 9.8.

1839 3267 2037 3336 quibus
2066 3266 2333 3336 scriptum
2365 3277 2468 3330 est,
2490 3267 2784 3335 prophetas
2807 3268 3098 3336 justosque
3124 3269 3294 3330 viros,
3318 3267 3414 3322 iis-

1837 3375 1942 3428 que
1973 3359 2110 3414 alias
2161 3359 2320 3413 aliter
2349 3375 2408 3414 se
2441 3359 2680 3412 ostendit
2711 3379 2726 3412 :
2785 3351 3084 3414 novissime
3119 3375 3249 3414 vero
3297 3359 3413 3428 jam

1835 3451 2091 3505 omnibus
2122 3451 2281 3504 malis
2310 3451 2601 3520 impiisque
2633 3459 2686 3504 et
2719 3449 2959 3504 liebrzeis
2987 3451 3148 3504 simul
3179 3459 3231 3504 et
3265 3450 3416 3506 Grae-

1835 3543 1937 3606 cis,
1961 3559 2028 3596 ex
2062 3543 2362 3597 abundanti
2392 3543 2583 3612 Optimi
2626 3542 2805 3613 Patris
2840 3543 3084 3597 bonitate
3117 3558 3414 3613 amoreque

1833 3650 1961 3704 erga
2005 3635 2276 3697 homines,
2329 3635 2656 3689 beneﬁcium
2702 3634 2944 3703 seipsum
3003 3635 3414 3704 salutaremque

1839 3725 2096 3790 exhibet,
2148 3727 2308 3794 plane
2340 3727 2446 3781 hoc
2483 3727 2660 3796 ipsum
2689 3742 2754 3780 ac
2788 3727 3006 3797 publice
3052 3727 3408 3784 denuntians.

1837 3833 1857 3866 ‹
1900 3814 2018 3869 Non
2049 3816 2312 3886 indigent,
2345 3817 2549 3886 inquit,
2600 3818 2739 3872 bene
2766 3818 3012 3872 valentes
3043 3816 3278 3881 medico,
3312 3818 3409 3872 sed

1832 3909 1973 3963 male
2004 3909 2264 3965 habentes
2300 3928 2314 3964 :
2353 3927 2462 3964 non
2495 3913 2620 3966 veni
2651 3920 2708 3965 ut
2755 3926 3006 3965 vocarem
3059 3911 3241 3980 justos
3266 3951 3280 3975 ,
3312 3910 3410 3966 sed

1832 4009 2149 4070 peccatores
2178 4002 2246 4056 ad
2275 4002 2658 4071 pomitentiam
2692 3988 2758 4059 ‘3.
2791 4023 2810 4054 ι
2842 4001 3082 4056 Vocabat
3111 4019 3241 4073 ergo
3284 4002 3409 4057 Sal-

1830 4099 1984 4145 vator
2014 4092 2255 4146 omnium
2282 4092 2472 4146 dicens
2510 4107 2524 4143 :
2559 4109 2577 4140 (
2608 4089 2802 4145 Venite
2843 4094 2906 4143 ad
2951 4107 3057 4154 me,
3091 4106 3281 4144 omnes
3313 4091 3408 4158 qui

1830 4183 2091 4239 laboratis
2121 4193 2174 4238 et
2213 4185 2424 4238 onerati
2463 4184 2620 4250 estis,
2661 4193 2714 4238 et
2742 4199 2842 4254 ego
2868 4184 3106 4237 reﬁciam
3145 4198 3238 4237 vos
3275 4182 3338 4236 “.
3382 4201 3402 4232 ι

1832 4273 2076 4328 Vocabat
2102 4290 2164 4328 ac
2195 4273 2424 4328 sanabat
2467 4274 2794 4336 liberaliter,
2823 4289 2916 4342 per
2946 4274 3077 4326 illud
3107 4273 3406 4325 humanum

1830 4368 2254 4421 instrumentum
2289 4367 2434 4435 quod
2466 4383 2579 4436 prae
2614 4382 2674 4421 se
2694 4365 2921 4429 ferebat,
2958 4365 3125 4419 veluti
3173 4364 3399 4434 quidam

1828 4460 2075 4515 musicus
2104 4461 2207 4523 vir,
2241 4459 2332 4529 qui
2365 4475 2460 4529 per
2483 4461 2654 4530 lyram
2673 4472 2836 4528 quam
2873 4459 2943 4512 sit
2971 4459 3166 4514 doctus
3211 4468 3404 4513 osten~

1755 4557 1798 4608 D
1827 4552 1924 4616 dit,
1961 4570 2063 4607 nec
2090 4569 2200 4608 non
2222 4553 2825 4625 mgrotantibusanimis
2848 4553 2936 4612 iis.
2972 4567 3094 4621 quae
3123 4551 3178 4605 in
3208 4566 3408 4620 corpo-

1824 4645 1977 4700 ribus
1993 4645 2260 4715 degebant
2289 4645 2456 4701 veluti
2481 4645 2722 4716 optimus
2751 4643 3402 4715 quidammedicus,dum

1820 4747 2047 4806 cognata
2060 4740 2490 4809 congruentique
2507 4753 2606 4808 ope
2623 4740 2800 4808 ipsum
2818 4737 3091 4791 hominem
3106 4737 3406 4806 curat,ipse

1823 4830 2067 4900 seipsum
2106 4833 2384 4901 exemplar
2405 4831 2555 4885 omni
2611 4830 2879 4900 sapientia
2907 4831 3166 4898 omnique
3200 4828 3403 4881 virtute

1822 4924 2036 4978 referta:
2053 4925 2174 4979 vita:
2190 4922 2830 4994 praebebat,docebatque
2854 4922 3070 4977 interim
3089 4921 3398 4981 veritatem,

1829 5014 1988 5084 169
2007 5031 2115 5068 non
2149 5029 2311 5084 quam
2343 5014 2412 5068 ab
2455 5014 2578 5068 aliis
2603 5014 2975 5083 compilasset,
3010 5012 3102 5066 sed
3131 5025 3250 5065 eam
3279 5023 3402 5078 qua:

1825 5115 1879 5160 et
1909 5122 1938 5160 a
1972 5108 2156 5176 seipso
2201 5114 2256 5160 et
2285 5122 2316 5160 a
2347 5107 2526 5170 Patre,
2575 5106 2773 5175 priscis
2817 5107 2948 5170 illis,
2984 5109 3076 5174 qui
3113 5114 3219 5156 tam
3258 5103 3402 5155 mul-

1828 5201 1898 5256 tis
1956 5209 2083 5256 ante
2126 5202 2343 5257 saaculis
2398 5217 2430 5255 a
2469 5210 2659 5256 nostra
2703 5208 2861 5254 att-ate
2891 5190 3084 5268 procul
3126 5196 3397 5258 vixerant,

1824 5290 1918 5346 Dei
1940 5292 2153 5354 amicis,
2181 5292 2275 5362 qui
2303 5302 2426 5347 ante
2457 5291 2661 5346 Mosem
2690 5290 2992 5343 ﬂoruerunt
3017 5285 3279 5348 Hebraeis,
3306 5301 3400 5340 ve-

1824 5378 1923 5432 luti
1967 5380 2053 5433 lex
2099 5379 2348 5449 quaedam
2383 5380 2632 5450 exposita
2680 5389 2865 5434 esset:
2912 5385 2965 5433 et
3003 5391 3234 5446 corpora
3277 5376 3397 5445 ipsa

1822 5489 1932 5527 non
1967 5473 2148 5527 minus
2187 5473 2414 5527 curabat
2459 5488 2620 5543 quam
2668 5472 2880 5525 animas
2911 5490 2924 5524 :
2954 5485 3080 5524 nam
3113 5469 3396 5537 corporeis

1823 5565 2043 5634 quidem
2082 5565 2368 5619 hominum
2413 5566 2610 5629 oculis,
2652 5579 2772 5634 qua:
2797 5578 2892 5633 per
2933 5577 3132 5632 corpus
3177 5561 3246 5614 ab
3277 5561 3396 5630 ipso

1823 5657 2044 5724 ﬁebant,
2083 5655 2340 5712 intuenda
2372 5655 2745 5726 comparabat,
2774 5669 3075 5724 rursusque
3116 5657 3394 5722 corporeis
