3954 6526
595 387 700 441 287
1265 387 1536 445 EUSEBll
1577 390 2060 447 CJESARIENSIS
2097 390 2246 446 OPP.
2289 388 2490 446 PARS.
2533 389 2572 444 !.
2614 420 2682 430 —
2719 388 3224 446 APOLOCETICA.
3745 389 3834 445 288

598 505 822 560 auribus
849 505 1173 570 doctrinam,
1201 521 1297 575 per
1328 521 1646 578 corpoream
1697 509 1880 564 itidem
1921 511 2159 580 linguam

2272 509 2442 579 [ιατρὶ
2467 504 2556 579 ἦν,
2580 505 2703 560 οὔτε
2751 503 3069 579 μεταϐαλὼν
3105 506 3204 577 τὴν
3243 503 3446 558 ούσίαν
3467 542 3483 565 ,
3523 501 3634 555 οὐδ’
3665 504 3833 572 ἀφανι-

597 595 906 657 insonabat,
967 610 1070 649 nec
1126 612 1236 651 non
1288 599 1469 652 omnia
1533 599 1849 670 perﬁciebat
1897 615 1993 670 per
2039 615 2158 654 eum

2273 599 2410 663 σθεὶς
2448 600 2546 669 τῆς
2580 599 2771 652 ἐαυτοῦ
2823 598 2984 661 αὐτὸς
3024 596 3278 666 φύσεως,
3330 594 3462 647 οὐδέ
3511 610 3578 662 γε
3624 596 3730 657 τοῖς
3757 596 3834 667 τῆς

594 701 756 754 quem
801 696 1176 756 assumpserat
1237 687 1550 756 hominem,
1603 690 1673 746 iis
1702 691 1796 759 qui
1852 705 1959 744 non
2008 690 2155 744 aliter

2273 691 2464 762 σαρκὸς
2489 691 2705 760 δεσμοῖς
2739 689 2992 761 πεδηθεὶς
3013 729 3027 751 ,
3055 688 3173 741 ούδέ
3204 684 3524 740 ἀποπεσὼν
3549 686 3650 756 τῆς
3675 685 3834 757 θεότη-

594 790 756 843 quam
797 775 877 829 sic
907 775 1172 830 duntaxat
1201 779 1374 848 ipsius
1403 778 1740 834 divinitatem
1771 781 1976 835 sentire
2013 789 2155 850 pote-

2274 799 2384 845 τος,
2421 782 2534 834 ἀλλ’
2564 782 2684 834 οὺδέ
2722 781 2820 852 τὴν
2865 779 3070 832 οἰκείαν
3119 777 3212 831 τοῦ
3251 777 3440 844 Λόγου
3479 777 3835 846 παραπολέσας

594 873 738 919 rant.
785 865 909 921 Ilaec
944 883 1179 939 namque
1208 871 1390 924 omnia
1441 870 1505 924 ad
1554 888 1712 926 usum
1760 879 1924 942 atque
1956 873 2155 927 utilita-

2273 871 2488 942 Ξύναμιν
2508 912 2522 934 ,
2569 873 2678 925 οὐδ’
2709 865 2810 925 ὧδε
2865 872 2961 942 μὲν
2993 870 3120 923 ἔνθα
3146 866 3213 941 ἦν
3253 866 3417 939 αὐτῷ
3462 867 3526 920 τὸ
3558 867 3834 940 ἀνθρώπιον

593 975 703 1013 tem
726 961 970 1015 omnium
999 972 1266 1026 nostrum,
1295 964 1588 1018 humanum
1611 981 1782 1036 genus
1804 966 1950 1020 omni
1977 981 2154 1036 prose-

2272 963 2456 1028 σκεῦος
2484 963 2582 1027 τὰς
2613 962 2896 1034 διατριϐὰς
2929 961 3271 1032 ποιούμενος,
3301 961 3365 1011 ἐν
3399 959 3617 1030 έτέροις
3645 958 3697 1010 δὲ
3719 955 3833 1013 εἶναι

593 1067 770 1120 quens
797 1069 982 1109 amore
1015 1053 1106 1108 Dei
1146 1053 1406 1118 Verbum,
1453 1058 1692 1126 paternis
1721 1058 1969 1112 consiliis
1991 1057 2154 1111 admi-

2271 1054 2355 1108 τοῦ
2388 1053 2587 1117 παντὸς
2619 1052 3013 1124 κεκωλυμένος.
3065 1051 3222 1105 ’Λλλά
3253 1051 3373 1120 γὰρ
3403 1049 3503 1103 καὶ
3541 1051 3601 1102 ἐν
3640 1049 3712 1120 τῷ
3735 1052 3832 1107 τότε

595 1144 887 1211 uistrabat,
930 1145 1045 1214 ipse
1078 1145 1294 1198 interim
1341 1162 1533 1201 rursus
1581 1157 1635 1202 et
1674 1148 1913 1202 materiae
1944 1163 2156 1217 expers,

2270 1145 2366 1198 καθ
2385 1147 2398 1166 ⁹
2420 1145 2447 1197 δ
2468 1149 2524 1199 ὲν
2555 1144 2858 1218 ἀνθρώποις
2887 1145 3244 1210 ἐπολιτεύετο,
3272 1143 3350 1197 τὰ
3383 1144 3570 1196 πάντα
3603 1143 3831 1213 ἐπλήρου,

596 1244 653 1290 et
699 1237 1052 1303 incorporeus
1099 1222 1346 1301 manens,
1393 1237 1700 1305 cuiusmodi
1743 1239 1906 1292 etiam
1955 1239 2157 1308 pridem

2269 1237 2356 1290 καὶ
2395 1236 2472 1306 τῷ
2505 1238 2681 1308 Πατρὶ
2724 1236 2923 1306 συνῆν,
2961 1238 3056 1290 καὶ
3100 1239 3155 1289 ἐν
3187 1235 3348 1307 αύτῷ
3388 1252 3457 1304 γε
3489 1229 3591 1306 ἦν,
3627 1235 3717 1288 καὶ
3745 1237 3830 1288 τῶν

600 1327 744 1396 apud
780 1323 995 1378 Patrem
1022 1331 1158 1387 erat,
1185 1341 1361 1394 neque
1393 1334 1611 1381 mutans
1639 1329 1953 1396 essentiam,
1987 1345 2161 1398 neque

2273 1329 2479 1384 πάντων
2509 1329 2718 1401 ἁθρόως
2755 1331 2848 1382 καὶ
2883 1331 2940 1383 ἐν
2971 1328 3047 1399 τῷ
3072 1330 3189 1383 τότε
3221 1329 3342 1382 τῶν
3369 1346 3434 1381 τε
3474 1330 3597 1381 κατ’
3635 1329 3834 1400 ούρανδν

602 1418 856 1488 perdens,
899 1415 1044 1485 quod
1084 1431 1197 1470 suae
1243 1417 1417 1486 ipsius
1455 1425 1664 1472 natura:
1695 1420 1976 1488 praprium
2021 1429 2161 1486 erat,

2270 1422 2357 1475 καὶ
2383 1421 2474 1474 ἐπὶ
2507 1422 2610 1492 γῆς
2637 1421 2948 1492 ἐπεμέλετο,
2967 1421 3214 1492 οὐδαμῶς
3237 1422 3346 1492 τῆς
3375 1420 3690 1491 πανταχόσε
3717 1438 3831 1492 παρ-

600 1525 775 1578 neque
809 1524 936 1562 vero
985 1516 1078 1561 aut
1121 1509 1370 1578 corporis
1416 1511 1648 1564 vinculis
1700 1511 2028 1580 impeditus,
2073 1522 2161 1569 aut

2272 1515 2450 1578 θυσίας
2504 1514 2704 1585 ὁμοίως
2741 1517 2873 1585 ἡμῖν
2908 1514 3448 1584 ἀποκεκλεισμένος,
3495 1514 3618 1567 οὐδὲ
3648 1513 3714 1565 τὰ
3740 1513 3833 1566 θεῖα

596 1617 626 1654 a
665 1616 764 1655 sua
798 1601 1081 1655 divinitate
1125 1600 1390 1670 dejectus,
1432 1617 1495 1656 ac
1534 1618 1602 1658 ne
1642 1601 1999 1660 domesticam
2037 1607 2157 1676 qui-

2270 1607 2520 1678 πράττειν
2575 1606 2816 1677 συνήθως
2860 1605 3407 1678 παραποδιζόμενοςο
3454 1606 3596 1660 ἀλλά
3641 1605 3707 1658 τὰ
3753 1607 3831 1677 μὲν

591 1697 713 1752 dem
747 1695 908 1750 Verbi
944 1704 1264 1766 potestatem
1301 1698 1578 1760 amittens,
1611 1698 1705 1754 sed
1743 1715 1920 1769 neque
1950 1701 2039 1764 iis,
2069 1702 2152 1771 qui

2271 1698 2324 1762 ἑξ
2350 1697 2513 1751 αὐτοῦ
2551 1697 2863 1768 μεταδιδοὺς
2891 1696 2968 1768 τῷ
2992 1695 3264 1768 ἀνθρώπῳ
3287 1736 3302 1760 ,
3335 1697 3410 1749 τὰ
3440 1696 3489 1749 δ’
3521 1699 3587 1748 ἐκ
3615 1695 3703 1749 τοῦ
3728 1695 3832 1766 θνη-

593 1788 706 1842 illic
731 1788 950 1858 quidem
977 1788 1066 1842 ubi
1098 1788 1199 1857 ipsi
1237 1788 1534 1842 humanum
1571 1802 1667 1844 vas
1705 1790 1913 1855 aderat,
1945 1790 2154 1861 degeret

2270 1785 2360 1840 τοῦ
2391 1787 2464 1858 μὴ
2502 1786 2914 1858 ἀντιλαμϐάνων
2933 1803 2945 1815 ·
2976 1786 3066 1839 καὶ
3093 1786 3189 1857 τῆς
3223 1787 3330 1856 μὲν
3361 1785 3557 1840 ἐνθέου
3586 1785 3831 1855 δυνάμεως

592 1887 828 1945 tantum,
871 1880 923 1933 in
967 1881 1090 1936 aliis
1124 1897 1252 1935 vero
1289 1881 1530 1938 universi
1577 1883 1825 1952 partibus
1868 1898 1989 1938 esse
2030 1898 2153 1952 pro-

2268 1876 2340 1946 τῷ
2369 1876 2546 1949 θνητῷ
2581 1877 2829 1948 χορηγῶν
2851 1918 2865 1942 ,
2901 1878 2999 1948 τῆς
3025 1877 3080 1930 δέ
3112 1879 3176 1930 ἐκ
3206 1878 3305 1931 τοῦ
3339 1877 3544 1949 θνητοῦ
3577 1880 3829 1948 μετουσίας

593 1969 888 2026 hiberelur.
916 1971 1138 2028 .Etenim
1166 1983 1295 2030 tunc
1333 1991 1552 2046 quoque
1591 1992 1714 2030 cum
1742 1977 1884 2031 inter
1913 1977 2154 2032 homines

2268 1970 2367 2022 ούκ
2405 1969 2860 2040 ἁντεπαγόμενος.
2895 1970 3019 2022 [ὦτ’
3058 1965 3150 2024 οὖν
3197 1971 3507 2042 ἐμολύνετο
3545 1971 3829 2040 τικτόμενκ

591 2064 931 2128 versabatur,
969 2066 1325 2122 nihilominus
1376 2068 1561 2122 omnia
1586 2068 1914 2137 complebat,
1944 2069 2152 2123 interim

2268 2061 2372 2113 ὑπὸ
2401 2061 2495 2114 τοῦ
2532 2060 2782 2132 σώματος
2810 2064 2838 2115 ὁ
2867 2063 3153 2132 ἀσώματος
3171 2105 3187 2129 ,
3221 2064 3351 2117 οὐδὲ
3379 2065 3482 2136 τὴν
3513 2065 3698 2117 οὐσίαν
3722 2063 3829 2115 ἔπι-

590 2162 793 2208 et.cum
822 2155 980 2212 Patre
1004 2168 1058 2212 et
1087 2159 1141 2212 in
1175 2158 1334 2214 Patre
1359 2160 1500 2215 idem
1533 2169 1674 2224 erat,
1709 2169 1762 2215 et
1791 2161 2034 2214 omnium
2075 2176 2151 2216 re-

2267 2171 2392 2225 σχεν
2417 2157 2445 2207 ὁ
2473 2154 2687 2227 ἀπαθὴς
2729 2155 2832 2208 ύπὸ
2869 2155 2958 2208 τοῦ
3005 2155 3195 2227 θνητοῦ
3221 2173 3234 2186 ⁶
3275 2158 3407 2210 ἐπεὶ
3468 2156 3605 2227 μηδέ
3636 2156 3728 2226 τῆς
3755 2153 3827 2206 λύ-

591 2262 711 2300 rum
764 2249 967 2317 pariter
1018 2251 1071 2304 in
1119 2251 1310 2306 eodem
1374 2261 1637 2322 tempore,
1698 2261 1808 2306 tam
1854 2253 2152 2308 caelestium

2269 2259 2386 2313 ρας,
2413 2245 2462 2296 εί
2492 2243 2663 2308 οὕτως
2690 2244 2861 2315 τύχοι,
2894 2245 3257 2318 κοπτομένης,
3285 2247 3320 2318 ἢ
3357 2246 3470 2300 τῶν
3501 2245 3700 2318 χορδῶν
3735 2246 3827 2298 δισ-

588 2355 751 2410 quam
779 2343 1122 2396 terrestrium
1161 2358 1351 2397 curam
1377 2345 1634 2414 gerebat;
1668 2359 1940 2414 nusquam
1974 2344 2042 2399 ab
2066 2345 2149 2398 illa

2268 2336 2598 2406 σπωμένων,
2643 2337 2874 2407 πάσχειν
2902 2338 3048 2401 εἰκὸς
3075 2339 3164 2392 τὸν
3210 2340 3667 2411 ἀνακρουόμενον
3687 2356 3699 2369 θ
3729 2339 3825 2391 οὐδὲ

592 2432 902 2502 praesentia,
955 2449 1063 2501 qua
1114 2436 1331 2489 cunctis
1367 2435 1530 2491 rebus
1573 2435 1727 2491 adest
1774 2443 1966 2490 nostro
2009 2450 2153 2493 more

2264 2444 2328 2496 γε
2378 2428 2542 2498 σοφοῦ
2581 2446 2726 2492 τινος
2773 2429 2963 2500 ἀνδρὸς
2990 2433 3413 2502 τιμωρουμένου
3447 2431 3544 2485 τοῦ
3574 2432 3821 2502 σώματος,

587 2523 865 2582 exclusus,
897 2538 1073 2592 neque
1103 2522 1310 2587 divina,
1347 2541 1415 2580 ne
1445 2535 1629 2595 ageret
1658 2541 1808 2580 more
1831 2542 1953 2590 suo,
1990 2527 2148 2596 impe-

2263 2520 2364 2590 τὴν
2395 2520 2453 2572 ἐν
2489 2519 2639 2592 αύτῷ
2669 2521 2860 2590 σοφίαν
2879 2561 2894 2584 ,
2925 2522 2957 2593 ἦ
2985 2523 3083 2594 τήν
3117 2539 3180 2592 γε
3220 2526 3282 2576 ἐν
3316 2523 3400 2594 τῷ
3432 2523 3646 2594 σώματι
3676 2523 3824 2591 ψυχὴν

587 2615 758 2676 ditus,
808 2612 903 2667 sed
943 2614 1034 2668 illa
1071 2615 1290 2684 quidem
1323 2632 1355 2669 a
1395 2617 1578 2686 seipso
1609 2619 2025 2688 communicatis
2061 2619 2148 2674 bo<

2264 2611 2593 2677 κόπτεσθαι,
2637 2613 2670 2682 ἢ
2717 2613 2965 2666 καίεσθαι
2995 2613 3234 2685 φαίημεν
3270 2615 3342 2670 ἂν
3388 2617 3637 2680 εἰκότως.
3669 2615 3823 2686 Ταύτῃ

588 2705 742 2767 mini,
780 2703 892 2760 haec
916 2721 1044 2760 vero
1074 2721 1103 2758 a
1144 2709 1362 2761 mortali
1396 2709 1512 2778 ipse
1550 2725 1658 2763 non
1696 2711 1990 2780 accipiens.
2027 2709 2149 2766 item

2264 2719 2344 2755 τοι
2401 2703 2535 2756 πολὺ
2608 2703 2770 2757 πλέον
2826 2704 2946 2758 οὐδὲ
3003 2705 3104 2777 τὴν
3159 2705 3254 2759 τοῦ
3316 2706 3501 2776 Λόγου
3596 2707 3744 2776 φύσιν
3796 2707 3821 2774 ἢ

587 2795 802 2849 mortali
826 2797 1046 2865 quidem
1074 2798 1182 2850 vim
1207 2798 1448 2852 divinam
1475 2801 1854 2870 suppeditans,
1887 2818 1918 2855 a
1943 2805 2148 2857 mortali

2263 2794 2488 2868 δύναμιν
2550 2797 2744 2868 βλάϐος
2795 2815 2849 2851 τι
2907 2799 2971 2852 ἐκ
3020 2800 3127 2852 τῶν
3185 2802 3282 2853 τοῦ
3342 2801 3601 2872 σώματος
3663 2797 3819 2852 παθῶν

587 2899 716 2939 vero
749 2886 865 2956 ipse
897 2902 1006 2941 non
1036 2897 1229 2942 contra
1262 2889 1316 2942 in
1342 2898 1549 2958 partem
1585 2899 1678 2945 aut
1707 2894 2148 2950 communitatem

2264 2889 2657 2962 ἀποφέρεσθαι,
2689 2890 2853 2960 φάναι
2882 2889 3103 2960 εὔλογον
3122 2908 3136 2921 ·
3169 2891 3251 2944 ὅτι
3287 2893 3431 2962 μηδέ
3459 2893 3518 2944 τὸ
3553 2891 3644 2944 τού
3674 2890 3819 2958 φωτὸς

584 2979 878 3034 adductus.
908 2979 1092 3050 Neque
1123 2981 1290 3050 igitur
1320 2983 1372 3036 in
1401 2994 1556 3052 partu
1590 3000 1620 3037 a
1665 3000 1893 3055 corpore
1921 2987 2038 3056 ipse
2081 2987 2145 3040 in-

2265 2984 2396 3056 ἡμῖν
2425 2983 2729 3054 ὑπόδειγμα
2776 2982 3088 3056 χραίνεσθαί
3127 3001 3180 3036 τι
3220 2984 3326 3049 τὰς
3363 2984 3600 3055 ἡλιακὰς
3629 2984 3817 3042 ἀκτῖνας

586 3087 886 3142 corporeus
930 3075 1343 3144 inquinabatur,
1387 3091 1563 3146 neque
1608 3077 1736 3131 item
1780 3078 1870 3147 qui
1920 3078 2147 3148 paﬁbilis

2264 3075 2355 3128 ἐπὶ
2386 3076 2487 3146 γῆς
2511 3075 2800 3146 οὐρανόθεν
2830 3075 3280 3146 ἐκπεμπομένας,
3315 3076 3493 3147 πηλού
3526 3092 3585 3127 τε
3615 3074 3700 3126 καὶ
3725 3071 3818 3141 βορ-

586 3173 795 3218 natura:
832 3179 1027 3234 expers
1066 3173 1205 3228 erat,
1251 3167 1455 3236 aliquid
1508 3183 1538 3220 a
1595 3170 1809 3223 mortali
1855 3170 2147 3225 secundum

2265 3165 2426 3238 ὕδρου
2461 3167 2555 3220 καὶ
2586 3165 2826 3238 μιασμοῦ
2857 3166 3054 3230 παντὸς
3097 3167 3493 3238 ἐφαπτομένας
3535 3163 3813 3234 συνεχώρει.

581 3257 877 3311 essentiam
930 3259 1257 3326 patiebatur.
1308 3259 1443 3312 Nam
1501 3276 1712 3330 neque,
1760 3263 1909 3316 verbi
1961 3263 2134 3334 gratia

2262 3259 2596 3323 Φωτίζεσθαι
2633 3258 2730 3329 μὲν
2757 3260 2849 3312 καὶ
2884 3258 3058 3311 ταῦτα
3100 3261 3164 3312 ἐκ
3193 3259 3304 3312 τῶν
3331 3259 3429 3312 τοῦ
3470 3257 3643 3328 φωτὸς
3664 3253 3813 3322 αύγῶν

585 3350 719 3403 dun:
750 3350 862 3421 lyra
917 3353 1187 3421 pulsatur,
1247 3365 1340 3408 aut
1389 3354 1541 3408 nervi
1593 3356 1994 3418 convelluntur,
2048 3361 2146 3428 pati

2262 3351 2412 3404 οὐδὲν
2444 3350 2509 3405 ἂν
2543 3351 2742 3404 κωλύοι
2781 3352 2988 3422 λέγειν·
3024 3353 3086 3405 τὸ
3127 3353 3183 3405 δέ
3213 3369 3277 3422 γε
3309 3353 3402 3406 τὸν
3434 3353 3586 3423 ἥλιον
3622 3347 3810 3420 μολύνε-

585 3442 880 3498 verisimile
929 3453 1014 3500 est
1052 3462 1174 3500 eum
1218 3447 1313 3516 qui
1362 3447 1436 3500 ita
1478 3447 1763 3517 prmludit;
1810 3464 1986 3518 neque
2031 3451 2146 3505 durr

2265 3445 2387 3498 σθαι
2421 3446 2484 3498 ἐκ
2512 3445 2611 3516 τῆς
2650 3444 2758 3499 τῶν
2796 3446 3062 3516 σωμάτων
3087 3445 3373 3516 ἐπιμιξίας
3395 3488 3410 3513 ,
3448 3446 3481 3515 ἢ
3515 3441 3811 3516 πηλοῦσθσι,

587 3537 890 3605 cuiuspiam
922 3539 1023 3592 viri
1048 3541 1312 3610 sapientis
1344 3556 1543 3610 corpus
1572 3551 1878 3612 torquetur,
1902 3544 2050 3598 illius
2073 3560 2148 3597 sa-

2261 3537 2462 3590 ούκὲτι.
2486 3537 2596 3589 Καὶ
2629 3537 2735 3607 μὴν
2763 3537 2935 3592 ταῦτά
2960 3555 3022 3605 γε
3050 3538 3148 3608 τῆς
3175 3537 3395 3606 φύσεως
3420 3539 3522 3591 οὐκ
3547 3537 3608 3589 ἂν
3629 3531 3812 3607 εἴητὼν

587 3628 868 3697 pientiam,
894 3641 988 3685 aut
1017 3649 1179 3701 quam
1209 3633 1260 3686 in
1295 3649 1524 3703 corpore
1547 3636 1687 3704 gerit
1721 3637 1982 3699 animam,
2023 3636 2148 3691 caedi

2265 3628 2530 3698 σωμάτων
2559 3628 2831 3700 ἀλλότρια.
2871 3628 2928 3682 Ὀ
2953 3629 3012 3682 δέ
3046 3647 3109 3698 γε
3135 3629 3295 3690 ἄῦλος
3321 3630 3420 3682 καὶ
3443 3626 3718 3698 ἀσώματος
3735 3621 3809 3674 τοῦ

587 3727 680 3773 aut
711 3723 890 3790 puniri
929 3727 1124 3778 merito
1154 3724 1336 3778 dicere
1371 3741 1663 3794 possumus
1690 3747 1704 3782 :
1731 3731 1920 3782 eadem
1950 3728 2148 3783 ratione

2261 3718 2394 3772 Θεοῦ
2429 3719 2602 3788 Λόγος
2625 3760 2638 3784 ,
2671 3720 2919 3792 αὐτοξωὴ
2945 3721 3226 3792 τυγχάνων
3257 3723 3354 3774 καὶ
3378 3719 3628 3788 αύτοφῶς
3657 3715 3811 3784 νοερὸν

586 3815 922 3884 neutiquam,
954 3821 1232 3888 multoque
1267 3819 1430 3872 etiam
1469 3819 1672 3884 minus,
1704 3820 1850 3890 quod
1877 3819 2038 3876 Verbi
2068 3831 2147 3875 aut

2261 3811 2356 3862 κει.)⁸
2379 3812 2477 3864 ὅσα
2508 3811 2640 3865 ἄλλα
2671 3812 3143 3885 προκατείλεκται,
3167 3814 3375 3878 παντὸς
3398 3809 3460 3868 οὗ
3492 3813 3559 3866 ἂν
3585 3808 3809 3878 ἐφάψατο

586 3913 803 3971 natura,
841 3915 934 3961 aut
962 3910 1067 3971 vis,
1108 3909 1418 3965 detrimenti
1447 3911 1724 3981 quidpiam
1757 3929 1824 3968 ex
1857 3914 2015 3983 170
2037 3930 2147 3968 cor-

2261 3903 2432 3974 ἐνθὲῳ
2463 3904 2557 3956 καὶ
2584 3905 2860 3976 ἀσωμάτῳ
2886 3904 3146 3976 δυνάμει,
3177 3905 3276 3976 ζῇν
3308 3906 3472 3960 τοῦτο
3505 3904 3708 3972 ἀνάγκη
3734 3897 3809 3983 για)

586 4001 736 4068 poris
777 3999 1158 4057 affectionibus
1204 4003 1408 4065 trahat,
1439 3980 1707 4058 allirmare
1747 4019 1844 4074 par
1861 3980 2000 4061 ite—st:
2024 4004 2147 4060 Nam

2263 3995 2357 4047 σὺν
2384 3994 2588 4066 λογικῷ
2619 3996 2828 4064 διάγειν
2855 3997 3014 4066 φωτί.
3047 3997 3233 4066 Ταύτῃ
3264 4015 3349 4050 τοι
3387 3999 3481 4050 καὶ
3509 3995 3740 4066 σώματος
3759 3980 3805 4040 οδ

586 4107 751 4160 supra
794 4109 862 4148 ne
898 4094 1120 4149 luminis
1168 4095 1388 4165 quidem
1441 4097 1571 4151 illud
1614 4099 1924 4167 appositum
1971 4115 2147 4154 exetn«

2261 4086 2325 4138 ἂν
2355 4087 2635 4156 ἐφάψοιτο,
2660 4090 2916 4159 ἡγίασται
2947 4089 3105 4143 τοῦτο
3135 4090 3229 4144 καὶ⁷
3254 4089 3593 4159 πεφώτισται
3621 4083 3804 4146 αὐτίκαι

586 4183 758 4253 plum,
784 4185 954 4253 pollui
985 4187 1194 4241 solares
1235 4186 1436 4252 radios,
1471 4189 1602 4242 dum
1625 4188 1844 4242 caelitus
1877 4189 1932 4242 in
1958 4197 2147 4242 terram

2260 4180 2406 4232 πᾶσά
2454 4197 2512 4232 τε
2560 4181 2715 4244 νόσος
2757 4182 2906 4252 αὐτῷ
2950 4182 3044 4234 καὶ
3089 4183 3374 4253 ἀρρωστία
3416 4183 3510 4235 καὶ
3545 4177 3691 4234 πάνθ’
3726 4175 3805 4226 ὅσα

583 4273 967 4340 demittuntur,
997 4285 1050 4332 et
1087 4279 1259 4332 lutum
1298 4295 1362 4334 ac
1392 4295 1633 4344 cmnum,
1662 4289 1828 4350 atque
1856 4280 2036 4335 omnis
2061 4297 2144 4351 ge-

2260 4267 2609 4333 ὑπεξίσταται
2632 4287 2646 4300 ο
2680 4271 3067 4342 ἀντιλαμϐάνει
3099 4271 3155 4324 δὲ
3184 4271 3284 4342 τῆς
3332 4273 3392 4338 ἐξ
3431 4269 3595 4325 αὐτοῦ
3627 4260 3807 4351 πληράζ

583 4365 734 4420 neris
766 4367 956 4422 sordes
987 4370 1280 4440 attingunt,
1307 4373 1663 4429 concedebat.
1697 4348 1998 4428 llluminari
2036 4348 2144 4443 qui-

2259 4374 2396 4422 σεωῖ
2437 4359 2733 4440 στέρησιςο,
2765 4361 2920 4414 θῧτω
2968 4361 3104 4430 δῆτα
3151 4362 3245 4414 καὶ
3281 4361 3344 4414 τὸ
3387 4359 3575 4431 νεκρὸν
3602 4355 3694 4425 τῆς
3727 4348 3802 4403 τοῦ

582 4455 705 4510 dem
733 4459 896 4512 etiam
929 4460 1042 4514 haec
1077 4461 1144 4514 ab
1177 4462 1349 4532 ipsius
1382 4464 1603 4519 luminis
1634 4465 1823 4528 radiis,
1860 4465 1996 4519 nihil
2025 4481 2143 4520 sane

2259 4449 2432 4518 Λόγου
2459 4449 2742 4520 δυνάμεως
2758 4491 2773 4516 ,
2808 4453 3002 4524 μικρόν
3027 4470 3079 4505 τι
3103 4452 3268 4506 αὑτοῦ
3292 4452 3639 4522 ἐφαψάμενον
3659 4487 3673 4510 ,
3695 4445 3803 4510 ἀντὶ·

584 4565 686 4604 nos
738 4552 1004 4610 allirmare
1051 4555 1374 4626 prohibeat;
1422 4559 1593 4613 solem
1653 4575 1782 4614 vero
1829 4559 2006 4629 ipsum
2051 4559 2145 4614 rm-

2257 4541 2468 4613 γείρετο
2499 4544 2827 4615 ζωούμενον,
2873 4545 2967 4598 καὶ
2999 4545 3028 4596 ὁ
3063 4544 3290 4606 θάνατος
3317 4545 3418 4614 τὴν
3445 4540 3587 4610 ζωὴν
3615 4537 3799 4629 ἔφευγε.

581 4639 721 4702 dari.
759 4652 852 4696 aut
882 4645 1116 4702 lutosum
1142 4649 1278 4714 ﬁeri,
1303 4651 1432 4705 dum
1462 4651 1582 4720 ejus
1615 4651 1796 4705 lumen
1823 4652 2142 4721 corporibus

2255 4636 2346 4687 καὶ
2367 4635 2524 4705 τῷγε
2549 4639 2686 4706 φωτὶ
2711 4637 2772 4690 τὺ
2799 4637 2987 4700 σκότος
3006 4635 3272 4700 ἐξελύετο,
3291 4636 3350 4688 τό
3378 4650 3439 4687 τε
3472 4627 3698 4702 φθαρτὸν
3721 4622 3801 4692 τὴν

583 4731 962 4790 immiscetur:
998 4753 1362 4808 nequaquam.
1405 4741 1474 4794 At
1506 4742 1610 4794 ista
1647 4751 1827 4794 tamen
1868 4757 1977 4795 non
2019 4751 2144 4796 sunt

2252 4727 2558 4799 ἀφθαρσίαν
2575 4729 2958 4794 ἐνεδιδύσκετο,
2973 4730 3066 4783 καὶ
3092 4729 3152 4783 τὸ
3175 4727 3370 4798 θνητὸν
3391 4726 3487 4798 τὴν
3513 4715 3798 4777 ἀθανασίαν.

581 4841 612 4878 a
656 4836 850 4882 natura
885 4846 1172 4902 corporum
1198 4836 1396 4891 aliena.
1428 4835 1564 4889 Illud
1600 4851 1728 4890 vero
1754 4837 1936 4892 oumis
1957 4852 2152 4906 expers
2191 4843 2432 4898 materiae
2477 4845 2970 4916 incorporeumque
3027 4845 3117 4900 Dei
3150 4843 3412 4908 Verbum,
3457 4839 3600 4912 quod
3643 4836 3748 4904 il)sa

579 4917 690 4971 vita
729 4929 834 4985 est,
870 4932 924 4978 et
967 4925 1143 4996 ipsum
1177 4929 1359 4983 lumen
1392 4928 1754 5000 intelligibile,
1784 4938 1836 4984 et
1869 4931 1974 4984 alia
2001 4947 2340 5004 quzecunque
2409 4938 2562 5008 prius
2620 4949 2940 4995 enumerata
2981 4951 3131 5004 sunt,
3168 4938 3435 5009 quidquid
3468 4933 3642 4990 divina
3671 4935 3744 4979 at-

580 5029 686 5083 que
719 5015 1044 5089 incorporea
1107 5039 1207 5078 sua
1239 5026 1291 5077 vi
1327 5024 1588 5103 attigerit,
1634 5024 1820 5078 vivere
1860 5025 1914 5079 id
1977 5026 2282 5098 degereque
2320 5047 2444 5087 cum
2489 5034 2694 5090 lumine
2748 5037 3024 5101 rationali,
3076 5050 3300 5090 necesse
3335 5042 3440 5089 est.
3482 5029 3592 5084 Hac
3623 5035 3741 5078 sane

579 5111 699 5180 ipsa
730 5115 965 5180 ratione,
1018 5118 1384 5188 quodcunque
1427 5120 1592 5174 etiam
1637 5135 1840 5189 corpus
1881 5122 2141 5191 attigerit,
2185 5128 2584 5183 sanctificatum
2632 5132 2886 5200 protinus
2935 5131 2988 5185 id
3027 5131 3501 5199 illuminatumque
3544 5128 3643 5183 est.
3679 5115 3740 5170 ab

577 5204 876 5277 eodemque
932 5211 1198 5280 aegritudo
1251 5212 1429 5264 omnis
1479 5214 1768 5282 omnisque
1828 5212 2150 5278 inﬁrmitas,
2188 5217 2401 5288 aliaque
2421 5221 2666 5289 ejusdem
2707 5223 2924 5293 generis
2955 5223 3210 5278 universa
3244 5221 3540 5292 refugiunt.
3572 5211 3737 5268 Priva-

578 5299 656 5354 tio
681 5311 860 5357 autem
893 5305 1044 5360 illius
1069 5305 1463 5374 plenitudinem
1499 5307 1842 5377 adipiscitur.
1884 5307 1974 5363 Sic
2007 5325 2140 5365 sane
2177 5313 2344 5367 etiam
2391 5325 2667 5371 mortuum
2713 5317 2844 5371 illud
2879 5316 3044 5372 Verbi
3084 5333 3308 5388 corpus,
3355 5317 3445 5370 ubi
3503 5311 3736 5380 exiguum

577 5393 858 5462 quiddam,
887 5398 1140 5451 virtutem
1171 5398 1319 5454 illam
1350 5399 1513 5456 Verbi
1552 5403 1751 5473 attigit,
1789 5412 1904 5457 tum
1967 5405 2266 5461 excitatum
2329 5419 2413 5465 est
2461 5413 2607 5468 illico
2641 5429 2704 5467 ac
2742 5413 2958 5480 revixit,
2989 5421 3043 5468 et
3076 5429 3227 5469 mors
3259 5414 3425 5468 vitam
3455 5405 3648 5475 cling“.
3683 5402 3732 5451 εί

579 5485 701 5554 ipso
731 5488 936 5545 lumine
971 5490 1289 5550 obscuritas
1318 5495 1585 5552 dissoluta
1615 5507 1734 5568 est;
1795 5508 1848 5554 et
1898 5499 2045 5571 quod
2087 5507 2442 5576 corruptibile
2481 5518 2620 5576 erat,
2663 5509 2842 5566 induit
2879 5511 3379 5581 incorruptionem;
3430 5502 3568 5578 quod
3609 5506 3730 5552 ωοο-

581 5583 708 5648 tale,
743 5583 1224 5644 immortalitatem.
