3954 6498
97 395 180 449 2x9
991 386 1649 445 DEMONSTRATIONIS
1689 388 2150 444 EVANGELICZE
2191 390 2316 444 LIB.
2352 390 2443 445 η’.

1685 516 1732 570 Α

828 511 920 564 ΙΔ⁹.

93 631 139 681 Li
159 667 172 681 .
225 625 314 690 Ὠς
339 664 354 687 ,
400 624 511 676 τὸν
553 623 864 690 ἄνθρωπον
908 601 1422 690 ἀνανεωσάμενος,
1465 619 1657 675 πᾶσιν

145 696 279 817 uti?“
311 693 439 761 τὴν
485 693 602 747 τῶν
631 695 884 747 αίωνίων
913 691 1151 761 ἀγαθῶν
1183 693 1520 762 παρέσχετο
1549 695 1653 748 ἐλ-

149 784 204 817 at
247 781 304 817 a.

149 781 304 818 πιοα.

149 877 248 930 Καὶ
288 877 343 929 τί
377 876 490 948 γὰρ
529 876 688 940 ἄλλο,
730 876 868 946 πλὴν
902 878 929 930 ὁ
960 878 1067 940 πᾶς
1105 877 1388 950 ἄνθρωπος
1421 877 1528 930 ὑπὸ
1553 877 1655 947 τῆς

94 968 324 1038 θεότητος
370 968 729 1029 κατεπίνετο,
769 967 864 1020 καὶ
893 967 1052 1021 πάλιν
1083 967 1213 1030 Θεὸς
1237 965 1306 1040 ἦν
1333 970 1361 1020 ὀ
1393 968 1526 1032 Θεὸς
1555 969 1656 1022 Λό-

93 1079 200 1128 γος,
241 1054 353 1122 οἷος
379 1061 480 1113 καὶ
511 1062 642 1131 πρὶν
673 1059 926 1128 γενέσθαι
955 1059 1259 1132 ἄνθρωπος,
1295 1061 1388 1114 καὶ
1422 1079 1655 1114 συναπε-

90 1155 193 1205 θέου
231 1168 293 1218 γε
328 1150 426 1204 τὸν
471 1151 756 1222 ἄνθρωπον
796 1151 1046 1224 ἀπαρχὴν
1077 1152 1175 1222 τῆς
1211 1152 1368 1223 ἡμῶν
1405 1152 1651 1216 ἐλπίδος·

89 1244 253 1297 τοῦτον
281 1244 455 1297 αὐτὸν
483 1246 601 1296 ἐκεῖ
628 1244 726 1313 τῆς
757 1261 817 1298 τε
847 1246 975 1316 παρ’
1005 1243 1152 1314 αὐτῷ
1179 1245 1322 1316 ζωῆς
1345 1245 1538 1308 ἀϊδίου,
1562 1246 1656 1298 καὶ

90 1338 172 1406 τῆς
201 1339 255 1388 ὲν
283 1339 353 1406 τῇ
391 1335 607 1408 θεότητι
638 1337 731 1389 καὶ
763 1337 1124 1408 μακαριότητι
1147 1337 1652 1403 κοινωνίας-ἀξιῶν,

95 1431 204 1497 ἡμῖν
229 1445 286 1481 τε
313 1429 523 1499 ὁμοίως
569 1428 740 1482 ἅπασι
770 1428 870 1498 τῆς
903 1429 1032 1500 παρ’
1061 1429 1210 1500 αὐτῷ
1246 1431 1341 1482 καὶ
1374 1430 1470 1483 σὺν
1507 1429 1656 1501 αὐτῷ

93 1522 370 1585 ἀθανασίας
417 1539 477 1576 τε
512 1523 607 1576 καὶ
651 1521 928 1593 βασιλείας
957 1521 1116 1576 τοῦτο
1157 1523 1411 1594 μέγιστον
1457 1524 1658 1595 δεῖγμα

93 1615 344 1686 παρέχων.

817 1818 917 1872 ιε’.

95 1931 148 1986 Τί
182 1932 472 1995 βούλεται
515 1931 746 1999 δηλοῦν
793 1933 831 2000 ἡ
877 1930 983 1984 τοῦ
1035 1929 1291 1996 Χριστοῦ
1333 1931 1650 1998 παρουσία,

153 2003 241 2055 καὶ
268 2004 350 2068 ὡς
379 2002 530 2068 Θεὸς
556 2004 652 2056 καὶ
681 2003 914 2070 Κύριος,
946 2002 1043 2054 καὶ
1070 2001 1379 2068 ἀρχιερεὺς
1401 2001 1506 2054 τοῦ
1538 2001 1656 2053 τῶι⁸

150 2073 299 2125 ὅλων
339 2073 493 2126 Θεοῦ
531 2072 630 2125 διὰ
666 2071 785 2124 τῶν
829 2073 964 2140 παρ’
1010 2071 1292 2139 Ἑϐραίοις
1338 2070 1656 2141 προφητῶν

153 2147 182 2196 ό
212 2143 471 2211 Χριστὸς
501 2143 916 2212 ἀνηγορεύετο.

152 2252 310 2305 Τοῦτο
351 2253 456 2324 τῆς
493 2254 573 2314 εἰς
605 2250 923 2324 ἀνθρώπους
970 2249 1204 2320 ἀφίξεως
1252 2249 1402 2316 τέλος
1433 2244 1520 2322 ἦν,
1563 2249 1654 2304 τὺν

97 2343 359 2412 πάλαιτῆς
382 2343 480 2396 τοῦ
513 2342 722 2413 Πατρὸς
743 2341 997 2411 γνώσεως
1023 2339 1380 2413 ἁποπεπλανη
1389 2341 1548 2411 μένον
1575 2344 1654 2407 είς

97 2433 177 2504 τὴν
206 2435 381 2488 οἰκίαν
410 2436 800 2503 ἐπαναγαγεῖν,
839 2433 936 2486 καὶ
963 2432 1054 2487 τὸν
1087 2434 1322 2504 συγγενῆ
1354 2434 1446 2486 καὶ
1480 2433 1656 2502 φίλον,

95 2528 179 2596 τῆς
202 2545 256 2580 τε
285 2528 454 2582 αὐτοῦ
483 2527 889 2599 κατηξιωμένον
918 2526 1147 2590 εἰκόνος,
1173 2527 1273 2597 τῆς
1301 2527 1505 2591 οἰκείας
1527 2529 1658 2582 ἀπο-

99 2618 264 2674 λαῦσαι
301 2620 448 2691 ζωῆς
467 2636 481 2650 ⁸
529 2620 681 2689 φίλον
707 2637 765 2673 τε
799 2621 895 2674 καὶ
931 2621 1127 2673 οἰκεῖον
1158 2619 1252 2672 τοῦ
1278 2619 1492 2691 [ἰατρὸς
1516 2621 1655 2673 ἀπο-

97 2711 241 2779 φῆναι
269 2712 483 2778 τοῦτον,
513 2712 579 2765 δι’
606 2713 664 2766 ὃν
697 2711 858 2776 αὐτὸς
892 2712 920 2765 ὁ
945 2711 1038 2764 τοῦ
1073 2710 1208 2764 Θεοῦ
1241 2711 1413 2780 Λόγος
1447 2711 1661 2784 ὑπέστη

98 2802 328 2869 γενέσθαι
359 2803 662 2876 ἄνθρωπος.
697 2803 850 2856 Οὕτω
875 2802 1032 2873 δῆτα,
1065 2802 1141 2866 ὡς
1167 2804 1225 2857 ἐν
1256 2802 1448 2876 βραχεί
1470 2803 1654 2873 φάναι,

101 2895 286 2964 ἠκατᾶ
316 2896 408 2948 τὸν
462 2896 690 2967 Σωτῆρα
731 2897 824 2949 καὶ
869 2895 1074 2966 Κύριον
1121 2894 1277 2966 ἡμῶν
1328 2895 1533 2967 Ἰησοῦν
1565 2895 1656 2950 τὸν

101 2987 310 3057 Χριστὸν
340 2988 616 3052 ὑπόθεσις,
646 2989 900 3062 διάφορον
945 2989 1140 3061 ἔχουσα
1185 2990 1284 3062 τὴν
1324 2990 1654 3062 οἰκονομίαν,

104 3081 154 3131 ἐκ
193 3080 299 3134 τῶν
345 3081 477 3152 παρ’
529 3081 799 3153 Ἑϐραίοις
846 3083 1257 3152 παραστήσεται
1303 3081 1656 3158 προφητικῶν

102 3172 248 3239 λέγων
269 3191 284 3202 ⁸
323 3173 607 3246 ὡσπεροῦν
652 3175 848 3246 μικρὸν
880 3175 1105 3245 ὕστερον
1147 3177 1202 3227 αἱ
1237 3175 1295 3241 ἐξ
1335 3175 1514 3230 αὐτῶν
1550 3174 1657 3229 δεί-
1683 3212 1728 3273 C

107 3262 228 3325 ξουσι
275 3266 593 3338 μαρτυρίαι,
639 3268 1014 3338 πιστουμένων
1052 3267 1120 3321 τὰ
1149 3266 1350 3322 παλαιὰ
1379 3267 1487 3321 τῶν
1520 3267 1656 3322 νέων

104 3358 437 3427 γραμμάτων,
482 3359 578 3412 καὶ
612 3357 720 3412 τῶν
765 3359 1136 3429 εὐαγγελικῶν
1182 3359 1280 3422 τὰς
1312 3359 1420 3413 τῶν
1449 3377 1659 3431 προφη-

106 3450 244 3502 τικῶν
283 3452 590 3522 μαρτυρίας
622 3451 1186 3523 ὲπισφραγιζομένων.
1225 3452 1384 3506 Ἀλλὰ
1407 3452 1514 3525 γὰρ
1537 3453 1661 3507 τού-

106 3556 191 3592 των
216 3536 309 3596 ὦδε
336 3546 594 3614 ἐχόντων,
623 3544 742 3616 ῶρα
767 3545 951 3598 λοιπὸν
982 3547 1073 3599 καὶ
1103 3543 1233 3616 περὶ
1265 3545 1362 3616 τῆς
1389 3563 1661 3618 προσηγο-

111 3630 207 3697 ρίας
229 3633 385 3686 αὐτοῦ
411 3633 661 3698 διελθεῖν,
691 3633 814 3688 καθ’
840 3634 869 3687 ὃ
903 3635 1107 3705 Ἰησοῦς
1139 3633 1233 3686 καὶ
1263 3635 1498 3707 Χριστὸς
1525 3637 1660 3709 ἀνη-

108 3727 350 3794 γορεύετο,
376 3727 444 3781 δι’
479 3728 618 3782 ὅσων
656 3745 716 3781 τε
763 3729 1106 3800 προφητειῶν
1137 3730 1397 3802 ὀνομαστὶ
1426 3746 1661 3800 προεκη-

111 3815 318 3885 ρὺττετο.
354 3819 559 3892 Πρῶτα
585 3819 640 3873 δὲ
675 3821 1002 3894 σκεψώμεθα
1025 3822 1077 3876 τί
1112 3822 1360 3893 βούλεται
1400 3821 1592 3895 δηλοῦν
1624 3823 1659 3893 ἡ

110 3912 182 3963 τοῦ
212 3911 442 3984 Χριστοῦ
486 3914 847 3986 προσηγορία,
900 3915 1031 3987 πρὶν
1075 3914 1342 3988 ἄρξασθαι
1380 3917 1479 3988 τῆς
1519 3916 1662 3970 κατὰ

114 4002 248 4072 μέρος
281 4004 602 4074 συναγωγῆς
628 4003 738 4057 τῶν
777 4006 1130 4078 προφητικῶν
1161 4008 1286 4080 περὶ
1311 4008 1404 4062 τοῦ
1436 4025 1660 4081 προκει-

115 4095 247 4157 μένου
269 4097 587 4168 σκέμματος
609 4097 824 4165 λογίων.
854 4099 1160 4169 Προσήκειν
1181 4099 1236 4153 δὲ
1271 4100 1509 4172 ἡγοῦμαι
1534 4119 1600 4155 πε
1609 4103 1662 4174 pi

113 4186 249 4258 uitii;
289 4189 504 4259 πρῶτον
545 4189 645 4259 τῆς
684 4189 918 4262 Χριστοῦ
958 4189 1225 4244 διαλαϐεῖν
1271 4194 1658 4266 προσηγορίας,

113 4277 411 4353 διαρθρῶσαί
438 4300 496 4336 τε
532 4285 630 4354 τὴν
660 4282 786 4354 περὶ
819 4283 988 4353 αὐτῆς
1019 4283 1246 4349 ἔννοιαν,
1277 4285 1352 4348 ὡς
1391 4285 1456 4339 ἂν
1495 4287 1660 4357 μηδὲν

116 4373 232 4440 ἡμᾶς
253 4376 398 4430 λάθοι
429 4374 540 4429 τῶν
575 4377 693 4429 κατ’
726 4374 895 4446 αὐτὴν
923 4375 1292 4448 ζητουμένων.
1327 4377 1517 4443 Ἀλλος
1561 4379 1660 4450 μὲν

114 4459 204 4530 οὖν,
244 4467 471 4536 ὲγγύθεν
504 4468 599 4522 καὶ
637 4471 701 4522 ὲκ
729 4468 838 4521 τῶν
878 4467 1001 4522 καθ’
1036 4470 1182 4540 ημᾶς
1225 4469 1548 4540 ἀρξάμενος,
1586 4473 1660 4524 εί-

3222 396 3329 450 290

2475 507 2616 562 XiV.

1757 621 1894 676 XIV.
1942 622 2419 687 Quemadmodum.
2453 634 2698 678 renovato
2722 624 2947 680 homine.
2969 628 3214 682 ontnibus
3237 645 3334 682 no-

1931 694 2008 746 bis
2045 704 2359 748 wtemorum
2389 695 2644 748 bonorum
2675 710 2814 764 spem
2838 696 3143 762 prwbuerit.

1824 871 2116 937 Caeterum,
2155 871 2416 941 quidnam
2479 873 2624 929 aliud
2681 873 2924 938 tandem,
2973 891 3136 943 quam
3185 879 3330 947 quod

1757 970 1903 1018 totus
1935 963 2097 1016 homo
2129 963 2199 1016 ab
2228 963 2402 1032 ipsius
2436 962 2527 1018 Dei
2573 973 2770 1018 natura
2804 968 3098 1036 absorptus
3141 976 3246 1030 est,
3279 975 3335 1022 et

1757 1070 1951 1108 rursus
1987 1052 2130 1108 Deus
2159 1052 2282 1117 fuit,
2327 1053 2471 1110 Deus
2507 1053 2770 1119 Verbum,
2803 1057 3110 1126 cujusmodi
3159 1059 3336 1113 fuerat

1755 1145 1919 1198 etiam
1965 1157 2254 1214 antequam
2301 1147 2464 1201 homo
2500 1148 2669 1214 ﬁeret,
2715 1157 2770 1203 et
2811 1165 2996 1204 secum
3029 1149 3197 1206 Deum
3242 1152 3336 1205 ho-

1757 1238 1958 1292 minem
2005 1237 2152 1303 fecit,
2195 1238 2311 1308 spei
2362 1249 2564 1294 nostrae
2610 1242 2912 1308 primitias;
2963 1243 3110 1298 hunc
3153 1247 3332 1314 ipsum

1757 1328 1976 1384 interim
2017 1330 2085 1384 ad
2121 1330 2268 1385 illius
2297 1331 2422 1386 vitae
2453 1339 2691 1397 aeternae,
2729 1350 2894 1403 quam
2930 1351 3099 1405 penes
3140 1353 3198 1392 se
3235 1338 3334 1392 ha-

1757 1419 1868 1482 bet,
1904 1429 2066 1490 atque
2089 1422 2140 1475 id
2171 1422 2452 1492 dignitatis
2479 1425 2534 1478 in
2565 1424 2876 1490 divinitate,
2902 1443 2965 1480 ac
2996 1427 3335 1483 beatitudine

1757 1513 2202 1567 communitatem
2254 1528 2575 1579 assumens,
2621 1516 2887 1584 nobisque
2931 1517 3115 1572 itidem
3157 1519 3336 1572 muni-

1756 1602 1880 1666 bus,
1914 1601 2110 1657 futura:
2131 1604 2272 1672 apud
2309 1605 2484 1674 ipsum
2518 1614 2570 1660 et
2600 1622 2723 1660 cum
2755 1607 2875 1676 ipso
2903 1608 3334 1662 immortalitatis

1757 1711 1821 1750 ac
1848 1697 2024 1767 regni,
2059 1698 2360 1752 maximum
2400 1699 2505 1754 hoc
2533 1701 2783 1770 praebens
2809 1702 3097 1757 indicium.

2399 1814 2555 1883 171
2591 1813 2694 1870 XV.

1758 1923 1900 1991 Quid
1931 1925 2031 1979 sibi
2071 1926 2213 1988 velit,
2244 1927 2430 1998 quidve
2458 1929 2716 1998 signiﬁcet
2762 1931 2870 1997 ipse
2906 1929 3102 1985 Christi
3143 1929 3336 1984 adven-

1829 2005 1933 2069 tus.
1967 2007 2016 2050 et
2049 1998 2188 2066 quod
2243 1998 2402 2058 Deus,
2438 2009 2486 2052 et
2535 1999 2814 2059 Dominus.
2841 2012 2888 2054 et
2939 2001 3188 2069 Pontifex
3237 2000 3335 2054 Dei

1825 2068 2072 2140 universi.
2102 2083 2193 2136 per
2211 2070 2490 2138 prophetas
2518 2070 2862 2125 Ilebrworum
2887 2068 3128 2128 Christus
3158 2072 3337 2140 appel-

1829 2137 1969 2192 latus
1997 2148 2097 2194 est.

1826 2247 1942 2305 Hoc
1972 2267 2104 2306 sane
2135 2252 2235 2307 fuit
2270 2253 2417 2309 illius
2446 2253 2511 2307 ad
2558 2253 2810 2309 homines
2862 2255 3198 2310 accessionis
3240 2269 3341 2308 ex-

1755 2347 2012 2405 tremum,
2050 2349 2108 2396 ut
2139 2345 2218 2398 sic
2245 2359 2368 2397 eum
2403 2345 2494 2413 qui
2527 2344 2595 2397 ab
2632 2345 2805 2414 ipsius
2829 2342 3007 2398 Patris
3026 2345 3338 2414 cognitione

1757 2430 2130 2498 aberraverat,
2162 2434 2229 2488 ad
2265 2449 2385 2488 eam
2428 2435 2600 2504 ipsam
2634 2437 2940 2497 reduceret,
2964 2445 3017 2490 et
3040 2444 3333 2505 cognatum

1757 2530 1920 2592 atque
1948 2525 2182 2579 amicum
2233 2542 2441 2596 suaque
2463 2527 2638 2597 ipsius
2668 2527 2931 2581 donatum
2968 2537 3334 2596 ornatumque

1758 2616 2012 2690 imagine,
2033 2620 2267 2689 propriae
2306 2621 2429 2677 vitae
2452 2621 2668 2690 gaudiis
2697 2636 2760 2675 ac
2784 2623 3134 2690 possessione
3161 2622 3333 2676 dona-

1757 2720 1862 2774 ret,
1892 2711 2239 2781 amicumque
2289 2713 2440 2768 illum
2492 2713 2670 2784 ipsum
2704 2711 2883 2767 Patris
2915 2695 2979 2769 ac
3010 2713 3337 2769 familiarem

1757 2802 2012 2870 elliceret,
2045 2805 2206 2875 cujus
2234 2821 2400 2861 causa
2432 2806 2574 2862 idem
2613 2805 2706 2862 Dei
2735 2805 2970 2861 Verbum
3002 2823 3062 2863 se
3095 2806 3209 2862 ﬁeri
3240 2807 3345 2861 ho-

1758 2897 1960 2952 minem
1992 2913 2214 2968 passum
2243 2907 2348 2954 est.
2384 2897 2477 2952 Sic
2515 2913 2682 2960 sane,
2708 2907 2768 2950 ut
2799 2899 2990 2968 paucis
3029 2899 3334 2962 absolvam,

1758 2990 1874 3044 haec
1905 2988 2206 3045 Salvatoris
2233 3005 2297 3046 ac
2334 2989 2546 3046 Domini
2585 2992 2759 3045 nostri
2791 2989 2921 3045 Jesu
2961 2991 3164 3046 Christi
3203 3007 3346 3046 con-

1760 3080 2024 3136 sideratio
2052 3088 2106 3135 et
2129 3081 2377 3146 materia,
2409 3083 2616 3136 variam
2652 3083 2861 3137 habens
2891 3081 3335 3152 dispositionem.

1758 3188 1826 3227 ex
1856 3173 2189 3243 propheticis
2225 3171 2575 3227 Hebra'orum
2614 3175 2852 3229 oraculis
2895 3173 3338 3235 continuabitur,

1760 3280 1894 3320 sane
1944 3265 2402 3337 quemadmodum
2461 3267 2624 3336 paulo
2657 3274 2782 3335 post
2836 3274 3059 3335 accepta
3119 3265 3187 3319 ab
3229 3265 3346 3320 illis

1759 3359 2072 3414 testimonia
2132 3360 2620 3420 demonstrabunt,
2681 3359 3080 3413 recentioribus
3137 3358 3342 3413 litteris

1760 3459 1945 3508 vetera
1993 3452 2523 3522 comprobantibus,
2575 3459 2630 3507 et
2689 3451 2950 3520 angelicis
3008 3450 3345 3505 testimoniis

1761 3543 2078 3612 prophetica
2103 3544 2259 3612 quasi
2289 3551 2438 3598 certa
2475 3543 2742 3612 impressa
2785 3550 2912 3597 nota
2949 3542 3341 3597 commendan-

1760 3634 1924 3689 tibus.
1951 3634 2242 3696 Cancrum,
2277 3634 2494 3704 quando
2528 3634 2642 3688 haec
2677 3634 2750 3687 ita
2774 3649 2832 3688 se
2865 3633 3086 3693 habent,
3123 3640 3341 3702 tempus

1760 3734 1844 3782 est
1883 3725 2141 3795 deinceps
2201 3726 2268 3780 de
2318 3725 2684 3795 appellatione
2731 3725 2978 3794 ejusdem
3038 3723 3340 3787 disserere,

1759 3825 2032 3890 quatenus
2067 3829 2121 3874 et
2168 3817 2330 3876 Jesus
2385 3827 2439 3875 et
2485 3819 2739 3875 Christus
2769 3819 2950 3874 dictus
2984 3829 3090 3883 est,
3124 3833 3344 3874 necnon

1763 3927 1856 3981 per
1889 3923 2027 3980 quas
2058 3909 2372 3980 prophetias
2422 3907 2746 3964 nominatim
2785 3918 2912 3964 ante
2940 3909 3010 3963 sit
3049 3909 3344 3964 denuntia-

1762 4010 1871 4058 tus.
1929 3999 2284 4070 Primumque
2351 3999 2483 4054 illud
2545 4000 3022 4070 contemplemur,
3075 3999 3340 4070 quidnam

1761 4097 1940 4166 ipsum
1971 4094 2176 4150 Christi
2209 4108 2404 4147 nomen
2447 4092 2739 4161 signiticet,
2780 4101 3072 4162 antequam
3109 4092 3346 4162 proper-

1759 4189 1866 4242 tica
1893 4188 1960 4243 de
1992 4186 2269 4257 proposita
2308 4185 2648 4254 inspectione
2675 4186 2898 4240 oracula
2927 4186 3182 4255 colligere
3212 4183 3344 4239 inci-

1760 4282 1996 4351 piamus.
2027 4278 2132 4332 Par
2162 4287 2342 4332 autem
2390 4293 2516 4332 esse
2564 4277 2804 4330 arbitror
2832 4276 2900 4332 de
2953 4278 3068 4346 ipsa
3103 4277 3344 4346 primum

1760 4372 1968 4429 Christi
2018 4371 2385 4440 appellatione
2414 4377 2674 4433 tractare,
2713 4369 2971 4440 illiusque
3004 4369 3341 4424 intellectum

1761 4465 2120 4533 distinguere,
2157 4472 2213 4515 ut
2241 4461 2376 4515 nihil
2413 4475 2643 4530 prorsus
2675 4477 2774 4516 nos
2804 4461 2968 4515 lateat
2996 4475 3185 4515 eorum
3218 4474 3345 4530 quae

116 4573 186 4609 ποι
209 4557 267 4612 ἂν
311 4559 551 4613 Μωῦσέα
590 4559 944 4631 νομοθετῆσαι
994 4560 1209 4631 πρῶτον
1253 4560 1505 4613 ἁπάντων
1533 4562 1658 4625 τοὺς

1765 4557 1867 4610 hoc
1902 4555 2023 4608 loco
2046 4553 2216 4624 quaeri
2249 4553 2444 4607 solent.
2482 4553 2638 4608 Alius
2666 4554 2832 4623 igitur
2861 4555 2930 4608 ab
2964 4553 3032 4608 iis
3063 4570 3184 4624 quae
3212 4571 3344 4625 pro-

115 4645 176 4715 τῷ
201 4647 307 4718 Θεῷ
340 4650 667 4720 ἱερωμένους
705 4649 859 4722 μύρῳ
887 4650 1172 4721 σκευαστῷ
1220 4651 1488 4722 χρίεσθαι,
1523 4652 1660 4705 εὐω-

116 4737 209 4803 δίας
231 4741 331 4795 δεῖν
359 4742 430 4796 τὰ
458 4741 685 4813 σώματα
715 4744 806 4796 καὶ
830 4742 1033 4812 ἀγαθοῦ
1061 4761 1202 4807 τινος
1233 4745 1496 4799 ἀποπνεῖν
1521 4747 1660 4818 ἡγη-

121 4833 346 4901 σάμενον·
385 4838 512 4889 ἐπεὶ
556 4838 662 4888 πᾶν
690 4836 750 4888 τὸ
778 4835 1010 4900 δυσῶδες
1045 4839 1267 4906 μιαραῖς
1302 4839 1392 4890 καὶ
1418 4839 1660 4912 ἀκαθάρ-

120 4937 209 4984 τοις
228 4923 508 4995 δυνὰμεσιν
534 4919 670 4978 εἶναι
709 4924 880 4994 φίλον,
905 4923 981 4987 ὼς
1011 4923 1244 4994 ἔμπαλιν
1278 4927 1396 4989 ταῖς
1432 4925 1662 4994 φιλαγά-

121 5011 232 5076 θοις,
274 5017 328 5069 τὸ
348 5017 547 5080 εὐῶδες
567 5033 580 5046 ⁸
608 5016 729 5070 ὅθεν
758 5018 850 5070 καὶ
881 5015 1180 5086 θυμιάματι
1209 5018 1548 5089 συγκειμένῳ
1582 5020 1661 5083 είς

123 5103 389 5176 ὑπερϐολὴν
415 5109 644 5171 εὐωδίας
670 5107 790 5161 καθ’
821 5109 1056 5177 ἑκάστην
1084 5108 1296 5181 ἡμέραν
1323 5111 1434 5174 τοῖς
1458 5110 1662 5183 ἱερεῦσι

123 5197 322 5265 χρῆτθαι
355 5203 413 5252 ὲν
446 5198 524 5269 τῷ
563 5199 692 5269 ἱερῷ
718 5198 1094 5269 νομοθετῆσαι,
1129 5199 1297 5264 ὅπως,
1328 5217 1660 5272 κατακιρνα-

128 5288 260 5354 μένου
290 5291 376 5344 τοῦ
416 5292 597 5362 ἀέρος,
642 5291 734 5343 καὶ
763 5290 823 5343 τὸ
867 5289 1098 5352 δυσῶδες
1143 5290 1510 5358 ἀφανίζοντος,
1545 5290 1663 5343 θεία

125 5395 192 5444 τις
232 5379 465 5455 ἀπορροὴ
513 5386 624 5446 τοῖς
675 5382 988 5453 εὐχομένοις
1049 5382 1518 5453 καταμιγνύηταιο
1575 5383 1665 5438 διὰ

129 5473 215 5543 γὰρ
243 5473 390 5528 τοῦτο
414 5473 545 5528 αὐτὸ
571 5472 665 5527 καὶ
690 5473 898 5544 χρίσμα
929 5471 1241 5524 ἀλειπτικὸν
1300 5472 1662 5525 εὐωδέστατον

128 5562 196 5615 διὰ
227 5565 516 5636 μυρεψικῆς
540 5564 731 5634 τέχνης
758 5564 1023 5620 συνθεῖναι
1048 5567 1122 5631 ὼς
1150 5567 1214 5621 ἂν
1237 5569 1469 5640 χρίοιντο
1490 5569 1664 5639 τούτῳ

131 5655 170 5705 οἱ
188 5655 276 5708 τῶν
308 5658 496 5710 κοινῶν
529 5657 764 5728 δημοσίᾳ
795 5658 1190 5729 προστήσεσθαι
1234 5659 1534 5730 μέλλοντες,
1569 5662 1664 5715 καὶ

134 5747 180 5796 τὶ)
201 5749 279 5802 τοῦ
310 5750 540 5822 Χριστοῦ
579 5749 749 5818 ὄνομα
783 5746 995 5818 πρῶτον
1023 5749 1256 5802 Μωύσέα
1303 5752 1414 5813 τοῖς
1444 5749 1664 5821 χριομέ-

135 5854 221 5902 νοις
250 5842 520 5894 ἐπιθεῖναι.
557 5839 727 5892 Τοῦτο
767 5838 823 5891 δὲ
856 5836 916 5890 τὺ
939 5837 1142 5910 χρίσμα
1179 5840 1254 5910 μὴ
1281 5840 1436 5910 μόνον
1478 5842 1662 5915 ἀρχιε-

1766 4649 1919 4720 piora
1950 4657 2100 4710 sunt,
2132 4656 2185 4702 et
2218 4662 2339 4717 qua:
2389 4647 2456 4701 ad
2506 4662 2608 4702 nos
2657 4647 2833 4718 magis
2875 4656 3151 4717 spectant,
3183 4649 3345 4705 initio

1763 4746 2001 4807 sumpto,
2023 4736 2251 4792 dixisset
2273 4737 2510 4808 Moysetn
2535 4737 2768 4808 primum
2786 4739 3029 4792 omnium
3052 4738 3106 4792 in
3130 4740 3344 4810 legibus

1762 4834 2036 4904 posuisse,
2078 4847 2173 4887 eos
2210 4834 2305 4903 qui
2349 4833 2460 4888 Deo
2487 4834 2795 4888 consecrati
2841 4841 3032 4889 essent
3063 4845 3344 4904 unguento

1763 4933 2083 4994 comparato
2127 4925 2253 4994 ungi
2288 4926 2500 4988 solitus,
2527 4926 2825 4996 fragrantia
2855 4927 3063 4981 scilicet
3102 4928 3341 4997 quadam

1762 5033 1900 5087 opus
1935 5032 2058 5072 csse
2091 5018 2435 5086 corporibus,
2475 5034 2647 5088 eaque
2705 5018 2842 5073 bene
2893 5020 3040 5073 olere
3085 5030 3344 5088 oportere

1761 5117 1917 5164 ratus
1973 5128 1986 5163 :
2045 5092 2526 5179 quandoquidem.
2567 5126 2727 5164 omne
2778 5111 3144 5180 quodcunque
3199 5110 3343 5164 male

1763 5202 1926 5263 oleat,
1961 5201 2244 5255 sceleratis
2285 5210 2447 5270 atque
2506 5202 2803 5256 innnumlis
2858 5202 3219 5271 potestatibus
3253 5208 3341 5254 est

1765 5294 2024 5357 amicum,
2068 5293 2212 5347 sicut
2263 5304 2455 5349 contra
2516 5294 2778 5350 studiosis
2825 5294 3120 5354 bonitatis,
3162 5292 3340 5361 quod-

1764 5402 1980 5456 cunque
2009 5386 2357 5457 fragrantiam
2391 5395 2534 5442 amet
2564 5407 2576 5441 :
2613 5403 2679 5442 cx
2709 5401 2818 5455 quo
2840 5389 3026 5449 etiam,
3065 5397 3124 5440 ut
3149 5387 3307 5442 incen

1764 5480 1841 5536 sis
1869 5487 1922 5534 et
1951 5477 2397 5550 fumigationibus
2422 5481 2721 5549 composite
2742 5479 2808 5533 ad
2832 5478 3200 5534 abundantem
3227 5479 3332 5534 fra-

1764 5572 2057 5640 grantiam,
2077 5572 2305 5641 singulis
2327 5572 2483 5641 172
2505 5570 2698 5626 diebus
2721 5577 3002 5625 uterentur
3023 5573 3340 5630 sacerdotes

1766 5660 1819 5714 in
1844 5651 2288 5732 templo'legibus
2322 5662 2591 5725 sanxisse,
2626 5671 2684 5715 ut
2715 5662 2842 5715 dum
2885 5661 2965 5715 sic
3015 5676 3108 5718 aer
3140 5663 3339 5718 misce-

1765 5757 1876 5814 tur,
1901 5761 1955 5805 et
1977 5751 2239 5822 quidquid
2272 5753 2411 5808 male
2439 5753 2568 5815 olet,
2597 5754 2828 5823 repellit,
2851 5752 3142 5808 deﬂuentia
3181 5769 3334 5824 qna-

1765 5840 1889 5896 dam
1921 5842 2106 5899 divina
2145 5845 2498 5914 precantibus
2520 5845 2895 5904 immisceatur
2920 5864 2932 5902 :
2960 5861 3086 5900 nam
3112 5856 3333 5918 propter
