3954 6504
635 407 732 460 291

1305 407 1574 463 EUSEBII
1613 405 2095 462 C/ESAitlENSlS
2135 404 2286 460 OPP.
2320 401 2520 456 PARS.
2563 399 2604 457 1,
2645 433 2714 442 --
2754 397 3254 454 APOLOGETICA.
3789 402 3868 457 2'9!

637 523 777 574 banc
801 520 974 590 ipsam
1017 535 1237 575 causam
1283 521 1446 574 etiam
1479 529 1816 589 unguentum
1875 519 2198 575 odoratissi-

2306 517 2452 590 ρεῦσι
2485 515 2874 589 παραδοθῆναι,
2905 513 3041 566 ἀλλὰ
3081 514 3174 566 καὶ
3205 513 3330 576 τοῖς
3367 511 3516 582 μετά
3559 511 3724 565 ταῦτα
3765 531 3862 586 προ-

637 611 892 674 mum,ad
923 611 1182 680 unguenti
1219 626 1378 664 usum
1415 609 1771 680 unguentaria
1811 616 1928 662 arte
1953 605 2202 676 componi

637 705 880 768 solitum,
917 711 975 756 ut
1003 719 1068 758 eo
1107 711 1440 772 ungerentur
1471 706 1564 772 qui
1610 702 1994 756 communibus
2041 701 2206 754 rebus

637 797 854 866 publice
885 793 1211 864 prarﬁcieudi
1241 797 1506 850 fuissent:
1550 805 1603 850 et
1631 795 1836 850 Christi
1867 811 2066 850 nomen
2099 793 2208 864 pri-

607 903 784 962 ;mum
813 884 1049 956 Moyscm
1077 887 1144 941 iis
1165 887 1347 957 quiita
1373 895 1724 958 ungerentur,
1749 887 2074 957 imposuisse
2107 906 2120 940 :
2153 885 2204 938 id

638 985 818 1031 autem
869 981 1141 1033 unctionis
1191 995 1364 1049 genus
1394 1019 1409 1042 ,
1460 996 1568 1034 non
1630 981 1805 1034 solum
1858 977 2207 1049 pontiﬁéibns

639 1068 807 1122 fuisse
840 1070 1119 1138 traditum,
1169 1071 1264 1124 sed
1317 1079 1370 1126 et
1418 1073 1698 1142 prophetis
1751 1085 1804 1127 et
1853 1071 2070 1141 regibus
2113 1071 2204 1140 qui

635 1173 821 1232 postea
865 1163 1085 1226 fuerint,
1121 1165 1324 1234 quibus
1377 1167 1542 1220 etiam
1579 1167 1715 1236 ipsis
1765 1167 1899 1221 solis
1949 1167 2053 1220 hoc
2105 1181 2209 1218 un-

636 1262 836 1323 guento
864 1255 1004 1330 ungi
1050 1255 1131 1311 fas
1177 1267 1340 1312 esset.
1393 1257 1518 1313 Haec
1565 1259 1730 1330 igitur
1787 1260 1934 1314 dictu
1989 1257 2206 1328 quidem

639 1345 882 1400 faciliora
925 1327 1177 1410 fuissent,
1212 1349 1372 1420 longe
1403 1327 1830 1406 tamcn‘rcmota
1867 1367 1894 1404 a
1931 1327 2114 1405 divina
2155 1357 2209 1401 ct

639 1439 857 1491 sublimi
899 1441 1174 1509 prophetae
1205 1443 1378 1512 ipsius
1409 1443 1784 1513 intelligentia.
1819 1442 2096 1512 Siquidem
2123 1440 2212 1492 atl-

637 1530 904 1584 mirabilis
936 1531 1044 1594 ille,
1077 1541 1238 1602 atque
1275 1533 1465 1603 ingens
1503 1549 1692 1588 revera
1727 1549 2004 1589 sacrorum
2033 1531 2208 1588 admi-

639 1619 922 1682 nistrator,
956 1622 1048 1690 qui
1070 1639 1284 1678 onmem
1327 1635 1594 1678 terrenam
1625 1633 1680 1678 et
1709 1639 2028 1693 corpoream
2051 1635 2210 1678 natu-

637 1725 777 1772 ram,
805 1712 866 1786 in
903 1714 1034 1768 solis
1073 1723 1298 1768 noverat
1328 1717 1682 1784 qualitatibus
1706 1717 2022 1778 discretam,
2056 1718 2208 1770 nullo

639 1802 801 1854 modo
833 1804 992 1856 aliam
1023 1805 1130 1858 alia
1162 1806 1370 1861 honore
1397 1817 1490 1860 aut
1519 1808 1692 1877 pretio
1724 1807 2026 1876 digniorem
2060 1807 2208 1877 judi—

2307 611 2500 680 φήταις
2527 609 2622 662 καὶ
2653 605 2982 678 βασιλεῦσιν,
3003 601 3084 670 οἷς
3113 607 3204 660 καὶ
3227 607 3430 667 αὐτοῖς
3453 603 3634 674 τούτῳ
3661 605 3866 678 χρίεσθαι

2309 701 2490 770 μόνοις
2531 700 2649 764 sea»;
2677 695 2746 769 ἦν
2795 697 2871 768 τῷ
2899 700 3071 769 μύρῳ.
3105 697 3296 751 Ταῦτα
3335 697 3442 766 μὲν
3472 692 3570 749 οὖν
3619 701 3867 770 προχειρό-

2303 809 2438 864 τερα
2477 792 2542 846 ἂν
2587 793 2693 862 εἴη.
2731 791 2916 862 πόρρω
2953 807 3016 857 γε
3055 789 3157 860 μὴν
3191 786 3532 842 καθεστῶτα
3583 787 3680 858 τῆς
3721 789 3867 842 ἐνθέου

2307 885 2400 939 καὶ
2432 883 2802 956 μεγαλοφυοῦς
2829 882 2920 934 τοῦ
2953 885 3232 953 προφήτου
3277 881 3554 943 διανοίας.
3599 881 3656 932 ’0
3687 882 3782 950 γάρ
3805 901 3864 935 τοι

2305 978 2608 1048 θαυμάσιος
2635 979 2858 1038 ἐκεῖνος,
2887 976 2980 1027 καὶ
3009 973 3180 1044 μέγας
3201 972 3282 1037 ὡς
3307 973 3538 1042 ἀληθῶς
3564 974 3864 1044 ἱεροφάντης,

2309 1072 2488 1123 πᾶσαν
2512 1067 2685 1137 γεώδη
2723 1067 2815 1118 καὶ
2841 1064 3156 1134 σωματικὴν
3189 1063 3388 1116 οὐσίαν
3427 1065 3488 1116 ἐν
3528 1061 3714 1132 μόναις
3743 1065 3864 1128 εἰδὼς

2306 1166 2426 1224 ταῖς
2450 1160 2692 1229 ποιότησι
2721 1156 3156 1226 διακεκριμένην,
3193 1157 3321 1207 κατ’
3347 1153 3550 1206 οὐδένα
3571 1153 3761 1222 τρόπον
3783 1155 3865 1206 ἐτέ-

2311 1271 2407 1324 ραν
2459 1255 2555 1322 τῆς
2603 1251 2794 1322 ἐτέρας
2841 1247 3211 1319 προύτίμησεν
3265 1247 3359 1310 ἂν,
3415 1247 3490 1300 τὰ
3537 1245 3694 1298 πάντ’
3739 1247 3860 1310 εἰδὼς

2311 1347 2438 1416 μιᾶς
2473 1343 2601 1396 ὄντα
2629 1343 2823 1410 ἔγγονα
2857 1339 2986 1409 ὕλης
3011 1337 3070 1390 οὗ
3101 1355 3230 1390 ποτε
3265 1335 3546 1406 ἑστώσης,
3581 1335 3698 1389 οὺδὲ
3727 1354 3771 1388 τι
3795 1337 3862 1406 βέο

2309 1437 2458 1491 6αιον
2485 1438 2540 1488 ἐν
2581 1438 2648 1506 τῇ
2691 1434 2848 1503 φύσει
2881 1433 3128 1502 ἐχούσης,
3175 1432 3262 1482 ἀεὶ
3297 1429 3358 1480 δὲ
3399 1428 3656 1497 ῥεούσης.
3684 1431 3764 1480 καὶ
3791 1428 3860 1479 ἐπὶ

2309 1529 2406 1598 τὴν
2431 1527 2637 1580 οἰκείαν
2665 1524 2872 1595 φθορὰν
2895 1522 3283 1592 ἐπειγομένης.
3315 1519 3538 1573 Οῦκουν
3581 1520 3642 1572 τὸ
3665 1519 3752 1588 ἡδὺ
3779 1519 3860 1570 τῶν

2309 1621 2574 1692 σωμάτων
2609 1619 2798 1680 εἵλετο,
2841 1618 2946 1671 οὐδ’
2989 1615 3118 1668 αὐτὸ
3157 1614 3278 1668 καθ’
3307 1614 3450 1666 αὐτὸ
3481 1612 3858 1684 προῦκρινενᾶν

2307 1714 2368 1766 τὸ
2391 1714 2498 1766 ἀπὸ
2521 1713 2628 1766 τῶν
2653 1709 2958 1781 αἰσθήσεων
2991 1707 3262 1780 προσηνές
3283 1725 3297 1736 ·
3333 1708 3520 1777 χαμαὶ
3547 1707 3654 1778 γάρ
3685 1707 3768 1759 καὶ
3789 1708 3856 1758 ἐπὶ

2309 1808 2574 1876 σωμάτων
2605 1804 2794 1876 ἡδονὴν
2829 1802 3098 1874 πεσούσης
3127 1801 3271 1856 τοῦτ’
3299 1802 3372 1854 ἂν
3399 1803 3488 1871 εἴη
3517 1801 3578 1854 τὸ
3607 1799 3762 1862 πάθος
3781 1801 3856 1870 ψυ-

639 1894 806 1962 cavit,
845 1905 1029 1964 utpote
1061 1912 1183 1952 cum
1214 1900 1396 1952 omnia
1427 1909 1612 1956 nosset
1636 1916 1702 1954 ex
1731 1899 1918 1954 eadem
1951 1908 2069 1954 orta
2091 1917 2203 1953 ma-

2313 1900 2430 1968 χῆς.
2466 1899 2662 1968 Μυρίοι
2695 1896 2824 1964 γοῦν
2857 1895 2963 1948 τῶν
2993 1895 3062 1948 τὰ
3100 1893 3332 1965 σώματα
3367 1893 3760 1964 τεθηλυμένων,
3781 1895 3854 1962 ἐμ-

639 1984 800 2046 teria,
854 2002 973 2054 qua:
1011 2003 1190 2057 neque
1243 2005 1483 2060 unquam
1547 1991 1730 2054 sistit,
1779 2006 1955 2060 neque
2013 1991 2208 2044 stabile

636 2077 932 2148 quidquam
975 2081 1030 2135 in
1075 2091 1271 2136 natura
1303 2085 1484 2146 habet,
1521 2099 1738 2154 semper
1768 2093 1948 2139 autem
1989 2083 2130 2148 ﬂuit,
2157 2093 2210 2139 et

637 2169 704 2222 ad
767 2174 1040 2240 prepriam
1091 2175 1492 2244 corruptionem
1547 2173 1790 2229 festinat.
1853 2175 1970 2229 Non
2045 2176 2210 2246 igitur

637 2263 783 2332 quod
807 2279 972 2319 suave
997 2275 1142 2320 esset
1173 2268 1226 2319 iu
1255 2269 1578 2337 corporibus
1606 2269 1789 2338 elegit,
1825 2283 2000 2337 neque
2029 2268 2206 2338 ipsum

639 2368 737 2424 per
763 2369 821 2409 se
849 2356 992 2424 quod
1030 2372 1224 2412 sensus
1257 2357 1405 2427 ipsos
1434 2358 1786 2422 demulceret,
1815 2360 2081 2429 praetulit;
2107 2359 2206 2412 hoc

639 2460 872 2515 namque
901 2447 1096 2502 animae
1119 2449 1308 2502 vitium
1339 2449 1531 2505 fuisset
1559 2466 1680 2520 quae
1719 2451 1771 2504 in
1800 2451 2028 2504 humum
2062 2457 2116 2505 et
2140 2449 2208 2504 ad

635 2553 928 2607 corporum
963 2541 1296 2610 voluptatem
1341 2543 1663 2598 declinaret.
1698 2543 1910 2598 Etenim
1959 2545 2208 2598 innume-

638 2628 840 2684 rabiles
865 2629 1178 2684 elfeminata
1221 2646 1450 2702 corpora
1499 2635 1782 2698 habentes,
1808 2643 1860 2686 ct
1894 2633 2096 2704 alioqui
2126 2633 2207 2687 vi-

633 2720 726 2773 tiis
755 2721 999 2786 obnoxii,
1053 2733 1110 2777 et
1159 2723 1604 2794 intemperantes,
1662 2727 1753 2796 qui
1807 2735 2205 2796 unguentorum

635 2828 866 2882 operosa
906 2815 1168 2868 varietate
1203 2815 1284 2868 uti
1327 2817 1524 2880 solent,
1549 2818 1760 2872 animas
1805 2819 2022 2873 interim
2059 2819 2206 2874 omni

635 2904 881 2959 fmditate
899 2906 1264 2975 omnibusque
1291 2908 1546 2963 sordibus
1577 2911 1717 2964 male
1746 2911 1955 2964 olentes
1973 2911 2210 2965 circnm—

635 2994 854 3050 ferunt:
895 2997 1036 3051 sicut
1069 3011 1100 3051 e
1127 2999 1404 3052 contrario
1433 2999 1528 3069 qui
1559 2999 1652 3054 Dci
1684 3001 1842 3054 amici
1867 3009 2014 3068 sunt,
2035 3003 2206 3072 ipsam

635 3086 894 3142 virtutem
947 3089 1179 3150 olentes,
1223 3097 1277 3144 et
1311 3091 1482 3146 multo
1521 3093 1960 3162 przestantiorem
2007 3109 2038 3146 a
2086 3111 2208 3148 mo-

633 3179 808 3233 destia
837 3190 1003 3250 atque
1041 3196 1070 3234 a
1091 3181 1306 3251 justitia
1340 3192 1393 3238 et
1427 3183 1494 3238 ab
1515 3183 1662 3238 omni
1691 3185 1892 3254 pietate
1931 3186 2205 3243 balantem

635 3272 1010 3342 fragrantiam,
1031 3291 1194 3344 quam
1226 3276 1292 3330 de
1324 3285 1484 3330 teme
1505 3277 1876 3332 odoramentis
1905 3279 2204 3344 trahentes,

633 3365 858 3420 odorem
921 3381 1214 3436 corporum
1277 3385 1398 3438 qua:
1445 3369 1676 3424 materia
1727 3379 2002 3435 constant,
2053 3373 2206 3427 nihili

635 3471 861 3526 prorsus
887 3457 1112 3512 faciunt.
1147 3459 1272 3514 Haec
1301 3461 1466 3532 igitur
1499 3477 1624 3516 cum
1653 3463 1870 3533 egregie
1910 3463 2206 3520 admodum

633 3559 887 3620 percepta
917 3559 970 3605 et
999 3553 1212 3622 cognita
1253 3553 1474 3607 haberet
1507 3554 1786 3623 propheta,
1809 3567 2206 3625 unguentorum

631 3648 796 3712 atque
835 3645 1188 3698 incensorum
1243 3645 1448 3697 nullam
1489 3645 1818 3714 praecipuam
1853 3647 2072 3716 gerebat
2109 3663 2208 3702 cu-

629 3745 746 3788 ram
770 3735 1090 3790 :meliorum
1123 3751 1252 3791 vero
1283 3751 1346 3789 ac
1372 3737 1679 3791 divinarum
1711 3753 1894 3792 rerum
1917 3739 2202 3810 imagines,

630 3835 894 3896 quantum
925 3836 1138 3898 poterat
1177 3845 1274 3898 per
1303 3843 1530 3900 corpora
1571 3831 1639 3886 iis
1680 3831 1875 3901 quisic
1917 3833 2202 3898 duntaxat,

630 3935 806 3987 neque
837 3935 1064 3990 usquam
1100 3921 1256 3975 aliter
1291 3921 1503 3976 divinas
1557 3940 1647 3980 res
1699 3925 1884 3981 doceri
1934 3935 2201 3995 poterant,

629 4009 939 4063 exhibebat.
969 4009 1103 4064 Nam
1139 4011 1284 4081 quod
1325 4013 1502 4082 ipsum
1549 4015 1656 4070 hoc
1702 4017 1946 4070 divinum
1989 4033 2205 4088 quoque

629 4103 910 4156 oraculum
927 4105 1288 4173 responderit,
1305 4106 1481 4174 palam
1501 4105 1834 4179 descriptum
1854 4110 2104 4174 habetur,
2119 4111 2204 4168 his

629 4194 840 4248 verbis:
870 4213 888 4244 ι
913 4191 1048 4250 Vide
1071 4203 1129 4247 ut
1153 4193 1322 4250 facias
1341 4197 1524 4250 omnia
1547 4198 1612 4252 ad
1631 4201 1906 4270 exemplar
1934 4203 2076 4270 quod
2105 4203 2202 4258 tibi

629 4291 996 4339 monstratum
1019 4295 1104 4342 est
1125 4288 1180 4340 in
1212 4297 1396 4342 monte
1413 4289 1478 4342 ".
1503 4308 1522 4340 ι
1565 4290 1736 4358 Igitur
1764 4291 1994 4346 aliarum
2019 4309 2202 4348 rerum

627 4391 751 4430 cum
769 4377 1055 4447 perﬁceret
1069 4379 1183 4434 haec
1197 4395 1316 4448 quae
1327 4381 1571 4450 exempla
1581 4381 1658 4434 ria
1681 4383 1961 4438 nominare
1977 4399 2204 4440 consue-

628 4471 878 4532 vit,illum
895 4473 1154 4542 unguenti
1173 4489 1330 4527 usum
1349 4474 1602 4543 illamque
1616 4475 1926 4530 unctionem
1947 4478 2196 4532 sancivit.

631 4567 788 4638 173
819 4565 1114 4620 Sublimior
1165 4573 1348 4620 tamen
1401 4581 1590 4620 carum
1633 4583 1837 4632 rerum,
1889 4577 1943 4624 et
1985 4587 2106 4640 quaz
2133 4571 2200 4627 de

2306 4549 2468 4641 αύτῆς
2525 4549 2748 4641 μέτοχον
2804 4564 3086 4621 ἀποκαλεῖ.
3139 4563 3356 4617 Ἔλαιον
3390 4562 3446 4615 δὲ
3477 4560 3565 4614 τὸν
3601 4549 3756 4607 οἶκτον

627 4659 844 4712 arcanis
881 4655 1110 4727 proferri
1143 4659 1282 4714 solet
1305 4661 1466 4722 ratio,
1499 4675 1598 4729 pro
1630 4675 1748 4716 mea
1775 4661 1990 4716 dicendi
2030 4663 2202 4719 facul-

627 4757 759 4814 tate,
783 4749 942 4802 talem
975 4749 1206 4804 babebat
1232 4765 1476 4814 sensum,
1509 4752 1653 4821 quod
1675 4754 1851 4807 solum
1889 4766 1974 4810 est
1997 4756 2197 4812 bonum

626 4841 912 4910 solumque
983 4855 1174 4896 revera
1229 4841 1479 4913 fragrans
1541 4854 1594 4900 et
1651 4845 1982 4914 pretiosum,
2037 4857 2200 4919 atque

625 4934 805 4988 omnis
858 4933 1078 5002 quidem
1117 4933 1242 4988 vita:
1274 4933 1601 5003 principium
1643 4943 1696 4988 et
1754 4933 1895 4996 fons,
1943 4939 2198 4994 omnibus

625 5031 804 5080 autem
835 5039 940 5078 una
969 5039 1094 5079 cum
1125 5039 1190 5079 eo
1225 5035 1282 5078 ut
1317 5026 1448 5086 sint,
1477 5025 1640 5079 etiam
1680 5025 1730 5078 id
1762 5065 1778 5088 ,
1806 5037 1864 5080 ut
1899 5029 2036 5083 bene
2061 5033 2191 5094 sint,

623 5115 879 5185 largiens,
915 5131 1080 5170 unum
1106 5129 1236 5170 sane
1263 5115 1394 5170 illud
1432 5115 1780 5170 Hebraeorum
1805 5118 1944 5173 ratio
1970 5129 2195 5176 noverat

622 5206 712 5273 qui
741 5205 956 5274 quidem
989 5207 1227 5260 universi
1261 5207 1468 5274 primus
1507 5217 1590 5262 est
1633 5221 1846 5276 auctor,
1879 5213 2055 5283 ipsum
2087 5213 2197 5266 uti-

623 5313 729 5366 quc
753 5297 1078 5352 altissimum
1113 5312 1175 5350 ac
1201 5297 1370 5352 totius
1405 5313 1612 5368 regem,
1635 5305 1988 5376 omniumque
2011 5321 2192 5361 rerum

623 5389 869 5459 opificem
901 5388 1088 5444 Deum.
1145 5388 1320 5458 Hujus
1371 5391 1554 5460 itaque
1611 5411 1878 5466 suprema:
1913 5407 2076 5468 atque
2111 5397 2196 5452 in-

626 5482 818 5550 genitae
851 5482 1049 5536 divinae
1075 5483 1326 5536 essentia:
1357 5485 1612 5540 virtutem
1637 5488 1808 5550 illam,
1839 5503 1962 5558 quae
2007 5490 2189 5544 omnia

623 5573 790 5638 valet,
819 5589 978 5628 omne
1003 5573 1204 5628 bonum
1228 5583 1467 5644 praestat,
1486 5591 1702 5633 omnem
1735 5578 2194 5649 pulchritudinem

625 5665 1023 5728 subministrat,
1065 5665 1288 5722 divinus
1341 5667 1602 5738 Spiritus,
1659 5673 1878 5742 proprio
1907 5681 1962 5726 et
1997 5687 2196 5728 conve-

627 5760 794 5816 nienti
824 5761 1070 5831 exemplo
1109 5761 1398 5821 conferens
1425 5773 1588 5837 atque
1623 5769 2068 5838 accommodans,
2101 5767 2192 5826 Dei

701 5877 744 5909 ⁸³
779 5875 946 5932 Exod.
985 5895 1132 5944 xxvi,
1175 5880 1262 5937 '50.

2311 1991 2500 2055 παθείς
2545 1991 2716 2054 ἄλλως
2761 1989 2853 2042 καὶ
2901 1989 3208 2052 ἀκόλαστοι,
3257 1987 3458 2058 μύρων
3507 1987 3602 2040 καὶ
3641 1985 3853 2039 ποικίὶων

2311 2084 2648 2156 περιεργίαις
2696 2083 2986 2154 χρώμενοι,
3021 2081 3203 2152 πάσης
3231 2081 3474 2150 αἰσχρᾶς
3513 2080 3606 2133 καὶ
3639 2078 3853 2150 ῥυπώσῃ(

2307 2176 2566 2238 δυσωδίας
2591 2175 2686 2238 τὰς
2709 2175 2885 2244 ψυχάς
2913 2173 3260 2244 ἐπιφέρονται
3286 2189 3300 2201 ·
3332 2174 3412 2235 ὡς
3441 2171 3674 2243 ἔμπαλιν
3699 2171 3740 2223 oi
3767 2169 3854 2221 θεο-

2311 2269 2502 2337 φιλεῖς,
2531 2267 2730 2338 ἀρετῆς
2763 2266 3106 2336 ἐμπνέοντες,
3142 2265 3241 2335 τὴν
3279 2265 3422 2318 πολὺ
3465 2263 3738 2336 κρείττονα
3771 2261 3850 2312 τῶν

2309 2359 2417 2412 ἀπὸ
2454 2359 2555 2429 γῆς
2585 2358 2888 2430 ἀρωμάτων
2917 2357 3014 2428 τὴν
3037 2356 3144 2410 ἀπὺ
3169 2356 3555 2426 σωφροσύνης,
3589 2355 3678 2408 κα)⁵
3695 2355 3852 2406 δικαιο-

2312 2455 2494 2525 σύνης,
2545 2453 2638 2505 καὶ
2683 2452 2862 2520 πάσης
2903 2449 3180 2514 εὐσεϐείας
3221 2449 3618 2520 ἀναδιδομένην
3665 2447 3848 2500 εὐωδίαν

2309 2546 2654 2616 ἐπαγόμενοι,
2689 2543 2787 2615 τὴν
2816 2541 2923 2595 τῶν
2951 2541 3150 2595 ὑλικῶν
3193 2543 3474 2612 σωμάτων
3509 2539 3672 2608 ὀδμὴν
3703 2539 3752 2590 ἐν
3783 2537 3849 2588 οὐ·

2307 2637 2417 2689 δενὶ
2445 2635 2708 2688 τέθεινται
2741 2633 2900 2704 λόγῳ.
2945 2631 3126 2685 Ταῦτα
3150 2627 3332 2686 οὗνθεῦ
3377 2631 3525 2702 μάλα
3553 2627 3846 2696 διειληφὼςό

2309 2729 2612 2802 προφήτης,
2660 2727 2843 2799 μύρων
2889 2727 2986 2797 μὲν
3022 2725 3053 2797 ἢ
3095 2727 3188 2779 καὶ
3225 2725 3596 2796 θυμιαμάτων
3636 2721 3846 2790 οὐδεμίαν

2309 2821 2723 2896 προηγουμένην
2757 2821 2990 2872 ἐποιεῖτο
3019 2818 3274 2890 φροντίδα
3304 2836 3318 2848 ο
3351 2817 3671 2891 κρειττόνων
3702 2813 3750 2866 δὲ
3775 2811 3843 2863 καὶ

2310 2914 2470 2968 θείων
2515 2913 2746 2976 εἰκόνας,
2791 2911 2866 2975 ὡς
2895 2911 3018 2981 ὲνῆν
3064 2911 3312 2974 δυνατὸν,
3349 2911 3440 2964 διὰ
3487 2907 3736 2978 σωμάτων
3761 2905 3843 2963 τοῖς

2315 3009 2488 3081 μόνως
2516 3005 2707 3070 οὕτως,
2743 3007 2838 3058 καὶ
2873 3004 2981 3056 οὐδ’
3015 3003 3191 3068 ἄλλως
3223 3005 3300 3057 τὰ
3347 3004 3469 3056 θεῖα
3497 3001 3626 3062 οἵοις
3657 3015 3709 3050 τε
3736 3011 3840 3066 μιιν⁸

2311 3101 2492 3157 θάνειν
2519 3097 2972 3170 παρεδίδουηὌτι
2995 3095 3057 3166 δὴ
3080 3094 3225 3148 τοῦτ’
3251 3095 3390 3148 αὐτὸ
3429 3095 3522 3147 καὶ
3545 3094 3574 3144 ό
3599 3089 3726 3149 θεῖος
3750 3087 3842 3137 ἀνσ-

2310 3193 2616 3265 γέγραπται
2649 3187 2887 3262 εἰρηκὼς
2919 3187 3164 3260 χρησμὸς
3189 3188 3392 3259 φήσας,
3423 3205 3442 3237 ι
3475 3187 3612 3255 Ὅρα
3654 3179 3841 3246 ποιήσῃς

2313 3286 2488 3340 πάντα
2514 3282 2653 3338 κατὰ
2677 3283 2766 3336 τὸν
2785 3281 2953 3335 τύπον
2979 3283 3068 3336 τὸν
3094 3281 3382 3352 δειχθέντα
3415 3275 3498 3332 σοι
3529 3279 3586 3330 ὲν
3611 3273 3680 3343 τῷ
3707 3271 3835 3340 δρειδ

2309 3378 2555 3450 Σύμϐολα
2583 3375 2869 3446 τοιγαροῦν
2897 3375 3116 3447 ἐτέρων,
3145 3375 3290 3445 ἆπερ
3315 3371 3522 3433 τύπους
3559 3365 3729 3420 εἴωθεν
3749 3363 3836 3414 ὀνο·

2310 3471 2520 3543 μάζειν,
2539 3465 2927 3536 ὲπιτελῶν,τὴν
2942 3465 3027 3518 διὰ
3047 3463 3142 3518 τοῦ
3164 3461 3342 3532 μύρου
3361 3461 3542 3531 κρίσιν
3559 3451 3834 3550 ἐνομοθέτει.

2309 3565 2376 3616 Ὅ
2395 3579 2458 3631 γε
2478 3561 2583 3633 μὴν
2602 3559 2801 3631 ὑψηλὸς
2823 3558 2916 3611 καὶ
2933 3560 2990 3610 ἐν
3005 3557 3342 3627 ἀπορρήτοις
3363 3550 3524 3622 δηλού
3533 3563 3680 3620 μενος
3697 3545 3837 3633 αὐτῶν

2304 3631 2489 3724 λόγος,
2511 3631 2586 3715 ὥς
2615 3650 2835 3704 δυνατὸν
2859 3651 3057 3710 εἰπεῖν,
3097 3646 3358 3717 τοιαύτην
3399 3645 3512 3713 εἶχε
3539 3643 3766 3696 διάνοιαν,
3793 3631 3836 3738 τὸ

2309 3749 2468 3819 μόνον
2517 3744 2719 3814 ἀγαθὸν
2762 3743 2856 3796 καὶ
2891 3741 3048 3812 μόνον
3085 3739 3160 3803 ὡς
3189 3738 3408 3809 ἀληθῶς
3459 3733 3650 3794 εὑῶδες
3677 3729 3754 3830 καὶ
3777 3729 3837 3828 τέ·

2309 3857 2448 3910 μων’
2475 3839 2568 3892 καὶ
2597 3838 2778 3908 πάσης
2812 3835 2909 3904 μὲν
2935 3833 3079 3903 ζωῆς
3106 3831 3299 3896 αἴτιον,
3333 3832 3469 3883 πᾶσι
3503 3827 3556 3880 δὲ
3579 3825 3668 3878 σὺν
3693 3825 3834 3919 τῷ

2305 3905 2390 3983 ναι
2433 3928 2523 3981 καὶ
2547 3927 2606 3979 τὺ
2633 3921 2689 3979 εὖ
2719 3905 2858 3976 εἶναι
2891 3921 3284 3994 δεδωρημένον,
3313 3921 3373 3972 ἓν
3400 3917 3544 3972 τοῦθ’
3577 3917 3604 3968 ό
3631 3911 3744 3980 παρ’
3769 3905 3834 3958 Ἐ-

2305 4019 2513 4092 ὗραίοις
2545 4017 2700 4085 λόγος
2725 4013 2991 4085 ἠπίστατο
3029 4013 3244 4084 πρῶτον
3275 4011 3389 4065 τῶν
3420 4009 3553 4063 ὅλων
3571 4005 3741 4059 αἴτιον.
3765 4015 3834 4049 αυ-

2303 4114 2392 4168 τὸν
2437 4113 2501 4183 δὴ
2543 4112 2633 4164 τὸν
2677 4108 2937 4178 Ὕψιστον
2977 4107 3072 4159 καὶ
3111 4103 3464 4175 παμϐασιλέα
3497 4101 3601 4154 τῶν
3629 4093 3834 4190 ἁπάντωζθ

2301 4202 2630 4278 δημιουργὸν
2679 4200 2830 4254 Θεόν.
2879 4198 3079 4251 Τούτου
3137 4195 3201 4268 δὴ
3250 4192 3346 4249 οὖν
3382 4194 3482 4264 τὴν
3513 4185 3736 4252 παναλκῆ
3759 4185 3832 4284 ’καὶ

2305 4295 2614 4364 πανάγαθον
2669 4293 2764 4346 καὶ
2797 4291 2994 4354 παντὸς
3027 4287 3190 4342 καλοῦ
3215 4285 3452 4358 χορηγὸν
3487 4283 3584 4352 τῆς
3621 4277 3832 4372 dvo:th

2302 4391 2396 4444 καὶ
2441 4389 2731 4458 ἁγεννήτου
2787 4384 3036 4454 θεότητος
3089 4380 3316 4451 δύναμιν
3369 4379 3429 4432 τὸ
3467 4375 3604 4429 θεῖον
3651 4369 3828 4466 [lvii-‘33“

2303 4477 2712 4554 προσαγορεύει.
2765 4477 2962 4547 Διόπερ
3006 4473 3239 4545 Χριστὸν
3285 4474 3379 4526 καὶ
3419 4463 3727 4540 ἠλειμμένον
3763 4463 3832 4554 τξν

2347 4575 2358 4590 .
2405 4573 2430 4584 ~
2458 4589 2467 4590 ,
2530 4569 2748 4590 ηιμη-..
2809 4564 3069 4590 :._.---..\-:-
3139 4563 3356 4590 rm-.-“
3392 4562 3446 4590 τι.
3477 4560 3565 4590 ,λυ
3601 4549 3756 4590 nivem
3786 4557 3828 4590 εν

3786 4559 3804 4594 ε

2298 4664 2505 4726 τούτοις
2534 4661 2716 4723 ἄκουε,
2747 4658 2878 4730 μηδὲ
2901 4657 2998 4730 τὴν
3025 4657 3116 4710 ἐπὶ
3143 4657 3254 4718 τοῖς
3288 4649 3650 4725 δυσπραγοῦσι
3671 4643 3826 4709 λύπην.

2297 4759 2410 4812 ἀλλ’
2444 4759 2472 4810 ὃ
2505 4756 2716 4826 καρπὸς
2761 4752 2856 4807 τοῦ
2884 4751 3049 4822 φυτοῦ
3086 4751 3401 4824 παρίστησι,
3441 4749 3502 4802 τὸ
3529 4745 3694 4814 πάσης
3722 4739 3824 4806 dp:-

2298 4851 2391 4918 Ὑὲς
2421 4851 2592 4922 ὑγρᾶς
2625 4847 2778 4917 ὕλης,
2815 4845 2991 4915 φωτὸς
3023 4843 3334 4914 αὐξητικὸν,
3359 4843 3536 4897 πόνων
3565 4837 3826 4908 θεραπευτι·

2300 4943 2413 5004 κον,
2445 4941 2704 5012 καμάτων
2731 4937 3156 5001 ἁπαλλακτικδν,
3193 4936 3256 4989 τὸ
3291 4935 3398 4989 τῶν
3431 4923 3822 4997 ἐπαλειψαμένων

2301 5031 2665 5104 φαιδροποιδν,
2697 5030 2870 5100 φωτὸς
2907 5029 3064 5100 δίκην
3095 5027 3416 5082 ἀποστίλϐον
3439 5025 3554 5087 ταῖς
3584 5027 3822 5104 pupil???

2301 5101 2444 5192 Tuis;
2488 5121 2682 5191 διαυγῆ
2731 5137 2792 5172 τε
2845 5119 2939 5172 καὶ
2971 5117 3230 5190 λαμπράν
3263 5115 3372 5170 τῶν
3407 5112 3551 5183 αὐτῷ
3577 5101 3822 5194 κθωμέῖωῗ

2301 5189 2594 5269 ἀποτελοῦν
2623 5189 2723 5284 την
2751 5211 2892 5282 ὄψιν,
2927 5211 2956 5264 δ
3003 5189 3165 5280 φησιν
3219 5209 3252 5280 ἡ
3291 5208 3409 5262 θεία
3451 5203 3654 5276 Γραφήο
3689 5213 3706 5244 ι

2304 5305 2546 5376 ίλαρῦναι
2579 5304 2868 5376 πρόσωπον
2915 5303 2972 5354 ἐν
3019 5299 3199 5371 ἐλαίῳ.
3245 5319 3264 5350 ι
3307 5297 3488 5367 Τούτῳ
3527 5276 3818 5357 τοιγιιρθυνὁ

2302 5375 2476 5467 λόγος,
2507 5396 2607 5467 τὴν
2626 5375 2896 5450 γάνωτάτω
2933 5391 3027 5446 τοῦ
3059 5393 3432 5464 πανηγεμόνος
3476 5387 3564 5441 καὶ
3593 5375 3816 5466 παμϐασι-

2298 5491 2432 5554 λέως
2467 5488 2600 5544 Θεοῦ
2643 5486 2868 5558 δύναμιν
2909 5483 3200 5556 συμϐαλὼν
3219 5484 3296 5554 τῷ
3325 5479 3710 5554 παραδείγματι·
3734 5473 3816 5558 ﬁ?”

2299 5581 2514 5654 πρῶτον
2543 5580 2636 5633 καὶ
2667 5579 2824 5649 μόνον
2845 5577 2951 5647 ὅλῳ
2975 5576 3147 5647 τούτῳ
3179 5575 3482 5648 χρισθέντα,
3507 5569 3592 5622 καὶ
3619 5561 3704 5632 τῆς
3729 5551 3812 5605 θεῖ’

2297 5677 2398 5748 κῆς
2437 5675 2531 5729 καὶ
2559 5675 2722 5726 πᾶσιν
2741 5671 3104 5740 ἅκοινωνήτου
3139 5668 3413 5740 πατρικῆς
3440 5661 3644 5720 εὐωδίας
3668 5659 3812 5748 persto

2297 5741 2526 5841 ληφότα,
2557 5765 2652 5822 καὶ
2684 5763 2842 5837 μόνον
2873 5763 2932 5828 ἑξ
2963 5761 3124 5818 αὑτοῦ
3164 5760 3482 5831 γενντθὲντα
3509 5749 3630 5807 Θεὸν
3655 5741 3806 5806 MT”,
