3954 6522
149 399 234 454 295

1043 399 1702 459 DEMONSTBATIONIS
1743 401 2204 460 EVANGELICAS
2245 406 2354 460 LIB
2394 405 2482 460 IV.

3261 413 3371 468 294

151 513 322 584 μετοχῇ
366 527 426 562 τε
469 509 570 562 τοῦ
607 509 962 579 γεννήσαντος
1009 513 1304 584 ἀγεννήτου
1345 515 1440 569 καὶ
1479 515 1669 587 πρώτοπ

1796 515 1975 569 oleum
2005 519 2258 587 appellat.
2291 519 2471 586 Quare
2501 531 2554 576 et
2584 521 2861 577 Christum
2885 533 2940 578 et
2967 532 3188 579 unctum
3220 542 3366 591 eum,

147 605 223 659 καὶ
247 603 486 673 μείζονος
520 601 652 654 Θεὸν
679 603 744 654 ἐκ
771 601 904 656 Θεοῦ
931 605 1327 672 ἀποφανθέντα,
1351 608 1583 678 Χριστὸν
1603 610 1696 662 καὶ

147 695 442 765 ἠλειμμένον
474 693 802 747 ἀπεκάλεσε.
838 695 926 747 Διὸ
951 698 1045 749 καὶ
1073 699 1129 750 ἐν
1153 698 1402 769 Ψαλμοῖς
1428 701 1563 772 πρὸς
1595 702 1694 754 αύ-

144 790 217 840 τὸν
241 787 297 857 δὴ
329 785 521 838 τοῦτον
569 786 656 840 τὸν
690 787 794 840 ὑπὸ
819 787 912 840 τοῦ
942 789 1154 861 Πατρὺς
1194 791 1517 862 ¹ίλλειμμι-Ξνον
1560 796 1692 848 ἀνα-

145 881 283 945 φωνεῖ
335 877 394 929 τὸ
441 876 655 945 φάσκον
697 871 798 930 (365
838 877 1013 948 λόγιον
1034 897 1047 910 ο
1103 899 1122 931 ι
1171 883 1228 935 '0
1269 883 1457 955 θρόνος
1500 902 1613 948 σου,
1663 887 1692 938 ὁ

143 974 266 1035 Θεὸς,
291 974 368 1034 εἰς
400 972 494 1024 τὸν
530 971 700 1025 αίῶνα
733 973 827 1026 τοῦ
853 974 1072 1037 αἰῶνος⁸
1103 975 1296 1046 ῥάϐδος
1332 977 1622 1048 εὐθύτητος
1655 982 1686 1050 ἡ

145 1064 306 1135 ῥάϐδος
344 1062 442 1132 τῆς
479 1062 760 1133 βασιλείας
791 1080 906 1116 σου.
957 1065 1275 1138 Ἠγάπησας
1323 1069 1686 1140 δικαιοσύνην,

143 1159 216 1209 καί
257 1155 523 1225 ἐμίσησας
564 1154 809 1209 ἀδικίαν·
859 1155 947 1208 διὰ
985 1153 1139 1211 τοῦτο
1184 1158 1367 1231 ἐχρισέ
1398 1178 1457 1214 σε
1501 1161 1632 1226 Θεὸς
1660 1163 1690 1215 ὁ

144 1251 246 1312 θεός
299 1266 389 1301 σου
440 1248 624 1301 ἔλαιον
665 1248 1036 1316 ἀγαλλιάσεως
1088 1251 1239 1324 παρά
1275 1254 1402 1317 τοὺς
1432 1255 1685 1326 μετόχους

144 1361 232 1396 σου.
267 1362 284 1394 ›
325 1342 483 1394 Ἀλλά
514 1342 628 1413 γὰρ
661 1344 760 1414 μία
795 1343 892 1414 μὲν
925 1345 957 1415 ὴ
991 1344 1084 1397 τοῦ
1121 1345 1300 1398 ἐλαίου
1339 1347 1531 1416 φύσιςο
1565 1350 1597 1418 ἠ
1629 1349 1687 1402 δὲ

142 1437 212 1490 τοῦ
231 1435 388 1508 μύρου
412 1435 630 1489 πολλῶν
653 1437 748 1489 ἐπὶ
769 1437 830 1490 τὸ
846 1437 978 1515 αὐτὸ
1003 1437 1218 1492 σύνοδον
1242 1440 1512 1510 σημαίνει.
1550 1441 1687 1495 Ταύ-

142 1548 190 1601 τῃ
211 1549 279 1583 τοι
306 1533 396 1584 καὶ
434 1533 468 1602 ἡ
509 1531 704 1603 πρώτη
736 1534 829 1586 καὶ
858 1534 1149 1604 ἀγέννητος
1177 1533 1270 1587 τοῦ
1298 1535 1684 1605 παμϐασι-λέως

141 1622 244 1676 θεοῦ
262 1622 502 1694 δύναμις,
536 1624 658 1677 καθ’
681 1624 709 1678 ὃ
737 1625 834 1696 μὲν
858 1626 1002 1696 ἁπλῆ
1038 1643 1120 1690 τις
1153 1628 1246 1680 καὶ
1271 1627 1559 1688 ἀσύνθετος
1592 1629 1684 1682 καί⁹

140 1716 270 1786 ἄλλης
296 1717 472 1788 πάσης
504 1719 697 1782 οὐσίας
718 1719 922 1791 ἀμιγὴς
951 1721 1266 1787 ἐπινοεῖται,
1296 1721 1450 1792 ἁπλῷ
1487 1721 1563 1792 τῷ
1587 1720 1680 1775 τοῦ

140 1806 281 1860 ἐλαίου
311 1809 669 1880 προρῤήματι
703 1811 1142 1882 παραϐέϐληται·
1173 1813 1308 1866 καθὸ
1337 1813 1392 1866 δὲ
1413 1814 1679 1870 πλείστων

140 1904 350 1958 ἐπινοιῶν
382 1908 438 1958 ἐν
471 1907 663 1978 ταυτῷ
697 1907 1060 1980 περιληπτικὴ
1084 1910 1358 1980 τυγχάνει,
1383 1903 1492 1963 οἷον
1527 1927 1682 1982 ποιη-
1711 1961 1751 2016 Β

143 2013 159 2016 _
210 1998 256 2016 ον
285 1997 305 2016 ρ
331 1997 355 2016 n
455 1999 474 2016 κ
553 2000 583 2012 -.
977 2003 992 2016 ,
1211 2005 1221 2016 .
1445 2003 1458 2016 .
1619 2004 1635 2016 .

139 1998 260 2066 τικῆς
279 1997 310 2068 ἢ
331 1997 642 2071 βασιλικῆς,
669 2003 1022 2072 προνοητικόν
1047 2020 1104 2055 τε
1139 2005 1232 2057 καὶ
1257 2003 1520 2075 κριτικὸν,
1557 2004 1678 2073 φιλ-

147 2090 388 2161 ἁνθρωπόν
427 2109 487 2145 τε
530 2093 632 2145 καὶ
659 2095 946 2164 σωτήριον,
992 2094 1167 2148 ἄλλων
1195 2113 1254 2148 τε
1291 2097 1430 2150 ὅσων
1466 2097 1678 2168 μυρίων

139 2182 310 2256 ἐπινοίᾳ
343 2184 758 2256 θεωρουμένων,
816 2187 1042 2250 εἰκότως
1097 2187 1252 2259 μύρῳ
1301 2189 1462 2242 πάλιν
1504 2191 1536 2260 ἡ
1570 2190 1678 2244 τῶν

141 2277 306 2329 πολλῶν
322 2279 409 2332 καὶ
429 2279 660 2348 ἀγαθῶν
683 2280 1051 2354 περιληπτικὴ
1073 2281 1301 2353 δύναμις
1326 2283 1673 2347 ἀπείκασται,

141 2362 444 2442 ᾧκεχρῖσθαι
486 2372 585 2427 τὸν
619 2373 795 2444 ἀληθῆ
827 2375 918 2427 καὶ
949 2373 1106 2444 μόνον
1130 2375 1390 2448 ἀρχιερέα
1421 2377 1516 2430 τοῦ
1541 2377 1675 2430 Θεοῦ

143 2465 242 2517 Gaio:
266 2465 400 2534 λόγοι
440 2467 780 2520 παιδεύουσι.
813 2467 1036 2538 Πρῶτος
1058 2468 1122 2537 γέ
1152 2487 1232 2522 τοι
1266 2470 1426 2533 αὐτὸς
1454 2473 1482 2524 ὁ
1512 2472 1678 2524 Μωῦ-

142 2557 231 2625 τῆς,
271 2559 321 2610 ὲν
344 2561 700 2633 ζάπορῤήτοις
737 2561 806 2614 τὰ
839 2560 958 2614 θεῖα
990 2562 1322 2616 ἐποπτεῦσαι
1351 2563 1672 2644 ἠξιωμένος,

142 2653 210 2702 καὶ
245 2652 329 2716 τὰς
371 2655 498 2725 περὶ
538 2654 638 2708 τοῦ
668 2653 881 2726 πρώτου
908 2657 1002 2708 καὶ
1029 2655 1188 2726 μόνου
1222 2655 1550 2726 ἡλειμμένου
1581 2657 1674 2712 καὶ

139 2745 387 2817 ἀρχιερέως
409 2746 504 2800 τοῦ
528 2747 670 2801 Θεοῦ
686 2747 906 2812 τελετὰς
931 2751 987 2802 ἐν
1004 2750 1125 2812 ταῖς
1148 2749 1310 2802 αὐτοῦ
1334 2748 1674 2818 θεοφανείαις

143 2838 245 2906 πρὸς
264 2839 411 2892 αὑτοῦ
439 2839 858 2912 τετελεσμένας,
900 2842 1114 2906 εἰκόνας
1158 2843 1549 2913 προστάττεται
1580 2843 1672 2896 ἐπὶ

141 2930 218 2997 τῆς
239 2932 318 2984 καὶ
349 2933 598 3003 σύμϐολα
645 2934 1088 3005 καταστήσασθαι
1142 2935 1251 2989 τῶν
1291 2937 1351 2990 ἐν
1391 2940 1512 3002 ταῖς
1558 2938 1673 2992 θεο-

142 3023 308 3086 πτείαις
331 3027 694 3098 νενοημένων,
725 3027 799 3090 ὡς
833 3027 899 3082 ἂν
923 3028 1094 3100 ἔχοιεν
1119 3028 1531 3102 προεμμελετᾷν
1557 3035 1671 3096 τοῖς

142 3114 375 3183 συμϐόλοις
409 3118 457 3170 οἱ
491 3119 655 3172 τῶνδ’
677 3119 966 3191 ἠξιωμένοι
1003 3120 1163 3193 μέχρι
1191 3121 1290 3192 τῆς
1315 3121 1426 3176 τῶν
1455 3123 1669 3195 ἀληθῶν

143 3208 395 3276 ἐποπτείας.
422 3213 603 3276 Αύτδς
625 3212 759 3285 δῆτα
786 3215 1186 3287 ἀφορισάμενος
1207 3215 1345 3280 τέως
1369 3215 1462 3269 τοῦ
1493 3217 1552 3281 ἐξ
1571 3219 1668 3271 ἀν-

1794 606 1890 674 qui
1919 607 2066 663 illius
2099 612 2368 681 particeps
2421 613 2511 676 sit,
2571 622 2748 668 vocat.
2785 613 2974 670 Oleum
3016 632 3146 672 vero
3180 619 3235 672 in
3283 619 3370 674 his

1796 700 1907 753 noli
1937 702 2344 760 miserationem
2390 707 2657 776 accipere,
2686 725 2864 778 neque
2909 711 2963 764 in
2990 713 3153 766 rebus
3174 713 3356 768 adver-

1795 791 1872 845 sis
1940 808 2252 860 mmrorem,
2310 799 2403 854 sed
2437 799 2489 852 id
2521 801 2667 869 quod
2711 811 2875 856 certa:
2909 804 3106 873 plantae
3156 804 3367 859 fructus

1793 883 2016 949 emittit,
2036 887 2262 956 quodex
2282 889 2507 945 humida
2547 894 2774 948 materia
2811 895 2947 948 nihil
2979 895 3140 951 habet
3193 899 3367 953 admi-

1792 983 1960 1039 stum,
1997 981 2142 1048 quod
2196 981 2376 1036 lumen
2431 992 2612 1052 auget,
2660 985 2805 1056 quod
2867 986 3040 1042 fessos
3093 989 3363 1053 sublevat,

1791 1069 1936 1137 quod
1970 1071 2183 1126 labores
2242 1073 2441 1140 aufert,
2496 1077 2640 1146 quod
2671 1095 2766 1133 eos
2803 1080 2895 1149 qui
2932 1082 3049 1150 ipso
3087 1090 3365 1152 unguntur

1791 1160 1990 1216 hilares
2020 1162 2172 1228 facit,
2224 1166 2371 1234 quod
2419 1168 2592 1222 instar
2622 1170 2844 1225 luminis
2867 1171 2932 1226 de
2970 1173 3150 1242 seipso
3186 1174 3364 1227 vibrat

1787 1254 2126 1324 splendores,
2183 1259 2524 1331 nitidumque
2574 1277 2638 1316 ae
2693 1263 2982 1318 micantem
3043 1282 3231 1320 eorum
3267 1268 3359 1338 qui

1788 1349 1906 1418 ipso
1935 1357 2161 1404 utuntur
2196 1361 2478 1422 comparat
2520 1355 2764 1423 vultum;
2794 1358 2939 1428 quod
2971 1359 3156 1430 utique
3182 1363 3358 1432 ipsum

1786 1443 1956 1496 etiam
1989 1444 2186 1499 divinae
2213 1446 2406 1501 littera:
2445 1449 2680 1516 produnt
2715 1451 2823 1505 illis
2853 1452 3038 1507 verbis
3065 1471 3078 1507 :
3115 1473 3133 1504 ι
3163 1454 3232 1509 Ut
3264 1473 3363 1511 ex—

1782 1534 1982 1592 hilaret
2037 1538 2235 1593 faciem
2295 1540 2351 1594 in
2411 1543 2532 1597 oleo
2566 1543 2674 1597 ¹⁶.»
2714 1543 2852 1598 Huic
2879 1546 3047 1616 igitur
3110 1550 3360 1620 exemplo

1785 1643 2098 1699 supremam
2131 1632 2252 1700 ejus
2284 1632 2398 1696 Dei,
2431 1635 2523 1704 qui
2552 1638 2796 1692 omnium
2821 1648 2904 1694 est
2960 1641 3212 1710 princeps
3237 1657 3356 1696 om-

1783 1719 2043 1790 niumque
2071 1737 2186 1785 rex,
2219 1723 2472 1779 virtutem
2500 1741 2826 1796 comparans
2862 1731 3058 1791 oratio,
3087 1746 3211 1785 eum
3262 1734 3356 1803 qui

1782 1813 1933 1867 solus
1957 1813 2058 1868 hoc
2089 1821 2204 1869 toto
2225 1823 2424 1871 unctus
2453 1825 2557 1881 est,
2576 1820 2779 1891 quique
2808 1823 3005 1878 divinae
3042 1833 3206 1895 atque
3235 1829 3355 1896 ejus

1782 1921 1903 1975 qua:
1946 1923 2072 1962 cum
2121 1910 2287 1964 nullis
2317 1911 2440 1966 aliis
2491 1915 2929 1970 communicatur
2974 1925 3216 1987 paterna:
3247 1920 3358 1974 fra-

1779 2002 2009 2070 grantiae
2041 2004 2310 2072 particeps
2362 2003 2561 2068 factus,
2595 2014 2648 2061 et
2679 2008 2772 2077 qui
2813 2010 2965 2064 solus
3018 2027 3083 2065 ex
3137 2012 3230 2068 illo
3263 2028 3356 2084 ge-

1780 2094 1930 2148 nitus
1970 2093 2110 2149 Deus
2143 2093 2400 2170 Verbum,
2433 2100 2928 2154 communicatione
2973 2102 3243 2172 gignentis
3273 2105 3356 2158 in-

1778 2188 1967 2258 geniti,
1997 2187 2136 2242 Deus
2167 2189 2234 2242 de
2262 2187 2373 2243 Deo
2399 2196 2482 2243 est
2509 2189 2842 2256 declaratus,
2869 2193 3148 2249 Christum
3193 2206 3356 2267 atque

1777 2289 2004 2333 unctum
2060 2281 2294 2334 vocavit.
2363 2275 2644 2345 Quocirca
2688 2284 2744 2337 in
2810 2284 3044 2342 Psalmis
3096 2289 3163 2342 ad
3207 2289 3354 2344 hunc

1777 2371 1980 2440 ipsum,
2019 2374 2111 2441 qui
2151 2388 2180 2426 a
2214 2371 2374 2427 Patre
2405 2382 2605 2429 unctus
2642 2383 2747 2442 est,
2801 2378 2882 2432 sic
2906 2381 3179 2449 quoddam
3229 2398 3355 2436 ora.

1776 2465 1959 2518 culum
2001 2466 2172 2521 dicit:
2205 2486 2222 2517 ι
2251 2465 2418 2523 Sedes
2440 2477 2554 2531 tua,
2586 2468 2751 2534 Deus,
2781 2473 2834 2524 in
2861 2475 3120 2528 sarculum
3141 2477 3349 2540 saeculi,

1775 2556 1926 2627 virga
1968 2558 2307 2625 directionis,
2361 2560 2511 2630 virga
2548 2561 2701 2631 regni
2733 2563 2835 2617 tui.
2894 2563 3140 2621 Dilexisti
3186 2568 3353 2636 justi-

1775 2651 1929 2715 tiam,
1981 2657 2035 2702 et
2092 2650 2259 2705 odisti
2319 2651 2685 2721 iniquitatem,
2754 2663 3044 2725 propterea
3097 2660 3254 2713 unxit
3297 2668 3352 2714 te

1776 2737 1920 2794 Deus
1939 2737 2219 2795 Deustuus
2241 2741 2362 2795 oleo
2391 2743 2588 2796 laetitia:
2613 2758 2724 2812 prae
2748 2748 3097 2803 consortibus
3125 2751 3346 2804 tuis".r

1774 2833 1844 2886 At
1876 2848 2003 2888 vero
2033 2849 2138 2887 una
2170 2834 2386 2900 quidem
2419 2845 2503 2890 est
2529 2837 2636 2892 olei
2694 2848 2911 2905 natura,
2949 2841 3043 2895 sed
3087 2842 3349 2912 unguenti

1772 2940 1894 2995 quae
1947 2933 2051 2987 est,
2084 2941 2148 2980 ea
2179 2926 2472 2980 multarum
2506 2928 2561 2982 in
2589 2928 2730 2986 idem
2762 2925 3093 2988 concursum
3139 2933 3350 3004 signifi-

1773 3025 1881 3072 cat.
1910 3016 2148 3074 Proinde
2177 3020 2338 3073 etiam
2388 3022 2563 3090 prima
2619 3023 2709 3076 illa
2739 3031 2793 3078 et
2825 3025 3062 3096 ingenita
3100 3028 3347 3080 omnium

1771 3112 1916 3182 regis
1950 3111 2042 3167 Dei
2097 3112 2290 3179 virtus,
2329 3121 2600 3183 quatenus
2650 3117 2869 3186 quidem
2915 3119 3140 3188 simplex
3184 3126 3348 3188 atque

1773 3202 2133 3274 incomposita
2156 3244 2171 3268 ,
2215 3206 2459 3276 nullique
2505 3208 2595 3262 alii
2628 3220 2835 3263 natura:
2870 3215 3157 3266 commista
3189 3212 3348 3266 intel-

143 3297 323 3367 θρὼπων
354 3304 439 3357 ἐπὶ
469 3304 583 3376 γῆς
601 3303 679 3375 τῷ
709 3304 829 3376 Θεῷ
859 3305 1229 3376 ίερατεύεσθαι
1257 3307 1560 3380 ἐπιτήδειον
1576 3307 1669 3361 ἀν-

1772 3295 1976 3366 ligitur,
2006 3297 2237 3366 simplici
2269 3298 2372 3352 olei
2401 3299 2660 3355 locutioni
2688 3304 2882 3356 collata
2918 3311 3036 3369 est;
3072 3312 3346 3373 quatenus

142 3390 230 3462 δρα,
259 3395 452 3466 πρῶτος
493 3395 692 3450 τοῦτον
725 3397 958 3467 Χριστὸν
990 3397 1330 3469 ἐπωνόμασε,
1378 3399 1496 3451 κατ’
1530 3401 1663 3453 ἀνα-

141 3487 270 3556 φορὰν
309 3489 400 3560 τῆς
439 3494 496 3544 ἐν
529 3493 650 3554 τοῖς
671 3493 878 3561 νοητοῖς
916 3489 1166 3561 θεωρίας,
1208 3491 1302 3543 καὶ
1333 3489 1544 3556 τοῦτον,
1575 3490 1662 3544 διά

141 3593 247 3642 τινος
273 3582 478 3654 ϋοιφῆς
503 3583 747 3647 εὐώδους
771 3583 1054 3655 κρείττονα
1085 3583 1195 3636 τῶν
1225 3583 1428 3638 λοιπῶν
1455 3583 1663 3656 ἀνθρώ-

143 3688 226 3724 πων
243 3677 522 3748 ἀποφήνας,
563 3679 821 3748 ἄντικρυς
856 3678 950 3731 καὶ
979 3677 1273 3750 διαρρήδην
1306 3678 1658 3750 ἀνεκήρυξεν,

142 3760 200 3812 ὅτι
223 3763 273 3834 δὴ
299 3770 404 3820 κατ’
432 3768 612 3839 αὐτὴν
643 3769 674 3838 ἠ
703 3766 796 3820 τοῦ
838 3767 1095 3838 γεννητοῦ
1136 3767 1296 3836 φύσις
1329 3767 1534 3832 ἅπασα,
1567 3769 1661 3822 καὶ

142 3853 241 3908 πολὺ
273 3857 412 3914 πλέον
452 3863 483 3934 ὴ
535 3861 856 3932 ἀνθρωπεία
903 3862 1001 3932 τῆς
1035 3861 1330 3931 ἀγεννήτου
1378 3861 1660 3933 δυνάμεως

141 3946 498 4024 ἀπολειπομένη,
539 3956 710 4008 δεῖται
761 3957 859 4026 τῆς
910 3954 1018 4008 ἀπὸ
1063 3954 1157 4007 τοῦ
1191 3955 1495 4026 κρείττονος
1525 3956 1660 4008 εὐω-

140 4037 240 4102 δίας.
271 4043 411 4098 Ἀλλά
437 4046 534 4100 τοῦ
570 4046 668 4117 μὲν
689 4047 962 4100 ἀνωτάτου
989 4047 1081 4100 καὶ
1112 4045 1328 4119 πρώτου
1353 4045 1412 4099 οὕ
1446 4065 1552 4100 τινι
1581 4047 1660 4101 θε-

145 4133 255 4200 μιτὸν
298 4139 597 4206 ἐφικέσθαι.
645 4139 756 4192 Ἑνὶ
792 4139 901 4210 γὰρ
943 4139 1089 4210 μόνῳ
1130 4137 1206 4208 τῷ
1231 4141 1527 4209 Μονογενεῖ
1561 4140 1654 4194 καὶ

142 4224 411 4302 Πρωτοτόκῳ
435 4233 586 4286 τοῦτ’
611 4232 860 4286 ἀνέκειτο
886 4231 945 4286 τὸ
973 4233 1142 4304 γέρας
1158 4249 1171 4262 ·
1195 4236 1308 4296 τοῖς
1333 4233 1389 4286 δὲ
1415 4235 1532 4305 μετ’
1560 4235 1658 4289 αύ-

141 4316 204 4369 τὸν
223 4322 302 4375 οὐκ
326 4323 487 4390 ἄλλως
532 4326 568 4397 ἦ
607 4325 695 4378 διὰ
730 4326 895 4398 μόνης
923 4325 1023 4396 τῆς
1057 4324 1147 4378 τοῦ
1180 4325 1432 4398 δευτέρου
1466 4344 1658 4397 μετου-

145 4411 230 4475 σίις
253 4417 342 4470 τῶν
365 4419 583 4487 ἀγαθῶν
615 4414 726 4473 οἷόν
755 4437 814 4472 τε
853 4415 921 4491 ἦν
947 4418 1308 4490 ἐπαύρασθαι.
1340 4419 1656 4492 Πνεύματος

144 4503 218 4573 ἄρα
229 4507 381 4564 ἐνθέου
397 4513 452 4566 τὸ
473 4514 631 4584 παρὰ
653 4513 876 4566 Μωῦσεῖ
898 4511 1163 4582 σύμϐολον
1179 4507 1266 4584 ἦν.
1285 4513 1585 4584 Διαιρέσεις
1599 4513 1656 4567 δὲ

144 4606 426 4671 χαρισμάτων
442 4607 572 4671 εἰσὶ,
593 4606 653 4660 τὸ
677 4607 720 4659 δ’
744 4605 874 4659 αὐτὸ
901 4604 1138 4676 πνεῦμα,
1164 4602 1224 4660 οὗ
1255 4607 1487 4678 μάλιστα
1523 4626 1652 4680 μετ-

1773 3398 1952 3443 autem
1986 3389 2248 3459 plurimas
2281 3391 2333 3444 in
2356 3391 2545 3445 eodem
2585 3394 3058 3450 considerationes
3095 3412 3346 3466 compre-

1773 3479 2042 3535 hendendi
2076 3481 2183 3535 vim
2215 3481 2395 3547 habet,
2440 3492 2498 3537 ut
2541 3486 2685 3553 quod
2741 3487 2917 3542 facere
2964 3497 3162 3557 potest,
3196 3491 3340 3559 quod

1769 3587 2019 3642 regnare,
2049 3572 2192 3642 quod
2220 3574 2520 3642 providere,
2543 3575 2973 3645 quodjudicare,
3008 3578 3167 3650 174
3198 3580 3342 3649 quod

1769 3679 1956 3719 amore
2001 3666 2258 3735 prosequi
2315 3665 2600 3732 homines,
2637 3669 2780 3738 quod
2837 3671 3066 3725 salutem
3127 3672 3341 3738 afferre,

1770 3757 1982 3828 aliaque
2035 3758 2450 3813 innumerabilia
2519 3777 2640 3830 quae
2691 3762 3044 3834 intelligentia
3089 3762 3344 3818 conside-

1768 3857 1962 3903 rantur
1991 3865 2004 3901 :
2036 3858 2313 3920 unguento
2343 3866 2538 3906 rursus
2563 3853 2675 3906 haec
2706 3853 2823 3923 ipsa
2850 3868 2972 3923 quae
3001 3861 3055 3908 et
3087 3855 3255 3908 multa
3287 3862 3342 3908 et

1769 3943 1910 3999 bona
1941 3946 2402 4016 comprehendere
2449 3955 2626 4016 potest
2657 3947 2764 4012 vis,
2796 3948 2993 4002 merito
3025 3959 3340 4020 comparata

1765 4044 1871 4101 est,
1903 4054 2010 4108 quo
2042 4046 2319 4110 unguento
2348 4040 2583 4109 eumqui
2609 4039 2703 4095 Dei
2724 4048 2777 4094 et
2809 4055 2971 4094 verus
3004 4051 3057 4095 et
3079 4043 3232 4096 solus
3256 4049 3342 4098 est

1765 4131 2029 4201 pontifex,
2067 4140 2290 4186 unctum
2317 4147 2440 4187 esse
2460 4132 2642 4186 divina
2689 4148 2789 4187 nos
2835 4133 3034 4188 docent
3092 4136 3338 4189 oracula.

1764 4227 1831 4279 Et
1860 4227 2069 4295 primtts
2104 4225 2322 4303 quidem
2362 4227 2478 4295 ipse
2518 4224 2751 4297 Moyses,
2781 4243 2874 4296 qui
2923 4227 2976 4280 in
3010 4229 3226 4283 arcanis
3257 4229 3340 4282 di-

1765 4320 2012 4373 vinarum
2053 4333 2234 4372 rerum
2270 4317 2611 4387 inspectione
2659 4334 2724 4374 ae
2766 4321 3172 4390 mysteriorum,
3217 4337 3339 4390 qua:

1764 4410 1833 4465 ab
1866 4411 1983 4480 ipso
2030 4409 2085 4464 in
2128 4409 2195 4464 iis
2240 4410 2546 4466 visionibus
2569 4410 2768 4480 quibus
2797 4410 2962 4465 Deum
3015 4420 3337 4480 praesentem

1764 4502 2137 4574 agnoscebat,
2173 4502 2241 4557 de
2271 4502 2448 4573 primo
2477 4511 2530 4557 et
2579 4504 2697 4559 solo
2761 4510 2947 4566 uncto,
2996 4510 3049 4557 et
3083 4501 3338 4571 pontifice

1764 4595 1857 4650 Dei
1885 4595 2124 4666 perfecta
2165 4605 2315 4659 sunt,
2376 4597 2576 4666 dignus
2629 4596 2849 4651 habitus
2908 4603 3011 4662 est,
3072 4596 3337 4665 imagines

143 4689 248 4758 ἐχειν
294 4700 676 4774 φιλοτιμεῖσθαι
714 4703 896 4771 ἱερέας
928 4702 1022 4755 καὶ
1053 4703 1338 4771 προφήτας
1372 4704 1466 4756 καὶ
1499 4703 1653 4773 βασι-

1778 4690 1975 4744 ubetur
2005 4690 2059 4743 in
2087 4700 2230 4745 terra
2264 4698 2317 4744 et
2369 4700 2528 4746 notas
2578 4692 2846 4747 coniicere
2899 4705 3088 4745 eorum
3129 4705 3250 4759 qua:
3277 4693 3335 4746 in

249 4787 362 4855 ῷετο
389 4792 519 4858 δεῖν,
547 4794 622 4857 ὡς
650 4792 716 4846 ἂν
747 4795 845 4863 ούχ
869 4792 1010 4864 ὑπὲρ
1050 4792 1254 4846 ἑαυτῶν
1281 4794 1460 4864 μόνον,
1515 4794 1650 4848 ἀλλά

145 4881 293 4944 παντὸς
331 4885 416 4939 τοῦ
445 4883 642 4950 ’ἔθνους
679 4885 757 4957 τῷ
790 4886 909 4957 Θεῷ
945 4886 1419 4957 καθωσιωμένους.
1447 4888 1567 4942 Ὅτι
1594 4889 1650 4943 δὲ

148 4967 188 5039 δὴ
206 4971 445 5051 θειοτέρων
461 4977 530 5053 ἦν
552 4981 620 5034 τὰ
646 4981 796 5052 παρὰ
816 4982 1040 5034 Μωῦσεῖ
1062 4979 1325 5051 σύμϐολα,
1345 4981 1436 5034 καί
1465 4981 1539 5045 ὡς
1557 4983 1650 5035 δυ·

149 5065 256 5116 νειὸν
299 5066 357 5141 ἦν
407 5076 496 5127 καὶ
543 5075 672 5128 ἄνευ
723 5071 955 5141 γεώδους
1003 5072 1176 5144 μύρου
1230 5074 1355 5137 τοὺς
1398 5073 1474 5144 τῷ
1520 5074 1649 5145 θείῳ

152 5152 360 5228 [latuit-att
402 5166 655 5235 κατόχους
693 5167 945 5236 χὲιποὺς
990 5164 1372 5234 ὀνομάζεσθαι’
1420 5167 1553 5240 φέρε
1597 5185 1649 5220 τι

150 5248 297 5309 μᾶλλον
336 5256 714 5330 ἀκριϐέστερον
765 5258 1206 5330 διασκεψώμεθα.
1263 5259 1426 5312 Δαϐὶδ
1464 5261 1522 5312 ἐν
1575 5259 1648 5330 pb”

152 5335 310 5426 ὲιλξξῷ,
347 5349 434 5412 τὰς
467 5352 591 5422 περὶ
622 5350 712 5403 τὸν
757 5350 1026 5421 Ἀϐραὰμ,
1071 5350 1281 5404 καὶτὸν
1327 5349 1530 5414 Ἰσαὰκ,
1559 5352 1653 5405 καὶ

150 5429 210 5481 τὸν
239 5435 400 5492 Ἰακὼϐ
419 5442 695 5497 ἀναλαϐὼν
729 5443 989 5514 ἱστορίας,
1022 5443 1218 5506 αὐτοὺς
1249 5444 1491 5505 ἐκείνους
1522 5445 1647 5507 τοὺς

151 5517 351 5593 bson-wish
369 5536 728 5605 προπάτορας,
753 5533 845 5587 καὶ
869 5534 974 5606 πρὸ
993 5534 1102 5586 τῶν
1126 5533 1404 5596 Μωῦσέως
1440 5533 1647 5604 χρόνων

151 5617 420 5685 Τενθμ-ἐνους,
470 5626 723 5697 χριστοὺς
767 5623 1050 5688 ἀποκαλεῖ,
1106 5624 1166 5676 ού
1214 5623 1282 5676 δι’
1308 5622 1436 5676 ἄλλο
1481 5622 1514 5691 ἢ
1559 5620 1647 5674 διὰ

151 5701 218 5769 τῗν
256 5709 332 5762 τοῦ
376 5713 505 5770 θείου
559 5716 896 5787 Πνεύμιτος,
936 5709 996 5768 οὗ
1045 5717 1309 5785 μετεῖχον,
1362 5713 1642 5785 ἐπιρροήν.

159 5788 400 5873 Ίττθςεήσας
417 5809 538 5877 γοῦν
561 5811 711 5874 ὅπως
735 5805 1144 5876 ὲπεξενὼθησαν
1167 5809 1278 5870 τοῖς
1305 5802 1644 5874 ἀλλοφύλοις,

201 5914 232 5944 ’⁸
255 5916 372 5980 Psal.
405 5942 514 5997 sui,
546 5927 632 5986 15.
713 5931 753 5962 ³⁷
783 5927 930 5986 Psal.
972 5943 1117 5990 XLIV,
1149 5927 1260 5982 7-8.

1758 4782 1866 4838 illis
1898 4783 1991 4839 Dei
2025 4784 2328 4840 visionibus
2351 4785 2712 4847 intellexerat,
2740 4792 2797 4838 ut
2841 4789 2932 4854 qui
2969 4785 3169 4839 talibus
3193 4785 3336 4838 notis

1759 4894 1823 4933 ae
1863 4876 2036 4947 signis
2076 4875 2225 4946 digni
2274 4876 2445 4932 habiti
2476 4887 2650 4943 erant,
2677 4893 2741 4931 ea
2797 4884 3020 4946 possent
3073 4877 3338 4945 tantisper

1760 4971 2010 5024 meditari
2042 4970 2218 5039 iisque
2242 4984 2300 5024 se
2333 4985 2611 5032 exercere,
2669 4971 2796 5025 dum
2823 4985 2944 5039 qua:
2979 4985 3104 5023 vera
3151 4976 3338 5024 essent

1757 5063 2028 5134 inspicere
2059 5080 2168 5118 non
2201 5064 2455 5118 dabatur.
2502 5063 2552 5118 ls
2583 5064 2747 5133 igitur
2797 5066 3058 5117 selectum
3115 5062 3333 5115 interim

1755 5173 1820 5212 ex
1844 5158 1930 5212 his
1966 5157 2298 5220 hominibus,
2333 5157 2426 5226 qui
2471 5157 2524 5210 in
2555 5167 2699 5211 terra
2726 5165 3032 5221 versantur,
3057 5156 3231 5206 virum
3265 5151 3332 5204 ad

1757 5263 1912 5304 sacra
1964 5247 2072 5302 Deo
2133 5249 2382 5303 facienda
2433 5249 2711 5306 idoneum.
2773 5245 2983 5316 primus
3053 5243 3332 5298 Christum

1758 5342 2077 5401 nominavit,
2117 5341 2536 5410 appellationem
2569 5339 2634 5392 ad
2672 5354 2735 5392 ea
2785 5337 3028 5392 referens
3063 5351 3180 5405 qua:
3217 5336 3333 5390 sitia

1752 5431 2105 5501 intelligentia
2131 5430 2584 5494 considerantur;
2612 5430 2704 5498 qui
2730 5445 2860 5483 sane
2879 5442 3000 5480 cum
3027 5427 3171 5480 hunc
3198 5442 3335 5496 qua-

1753 5523 1876 5578 dam
1900 5522 2163 5595 fragranti
2191 5523 2447 5578 unctione
2499 5520 2932 5592 praestantiorem
2966 5518 3179 5574 ezeteris
3233 5517 3332 5573 ho-

1753 5617 1995 5672 minibus
2043 5616 2399 5682 declarasset,
2430 5614 2716 5668 verissime
2761 5625 2815 5668 et
2858 5613 3176 5684 planissime
3229 5611 3324 5666 de-

1752 5711 2047 5773 nuntiavit,
2103 5723 2320 5763 omnem
2373 5715 2626 5762 naturam
2663 5721 2784 5777 qua:
2847 5711 3028 5759 creata
3059 5711 3162 5769 est,
3195 5703 3331 5756 ntul-

1755 5810 1919 5873 teque
1935 5803 2099 5858 etiam
2129 5800 2304 5874 magis
2332 5800 2627 5857 humanam
2671 5815 2767 5872 per
2795 5815 2874 5867 se,
2915 5799 3044 5854 dum
3071 5811 3101 5851 a
3125 5797 3328 5850 virtute
