3954 6522
645 395 754 450 307i

1318 394 1585 450 EESEBII
1619 394 2103 451 CASSARIENSIS
2140 394 2289 451 OPP.
2335 397 2534 453 PARS.
2579 397 2617 452 Ι.
2662 425 2731 441 --
2768 401 3270 459 APOLOCETICA.
3750 415 3826 475 9,95

648 511 889 564 increata
946 510 1288 580 relinquitur,
1316 511 1710 581 pmstantioris
1763 509 2069 581 eujuspiam
2104 511 2195 565 fra-

2315 513 2408 566 καὶ
2438 514 2511 577 ὡς
2546 515 3014 580 ἐπιϐουλευθέντες
3063 518 3310 589 σωτῆρος
3357 518 3544 589 ἔτυχον
3581 522 3667 577 τοῦ
3707 525 3825 591 Θεοῦ,

644 602 873 671 grantia:
902 600 1165 671 indigere,
1198 602 1292 656 sed
1345 618 1467 671 quae
1492 601 1674 659 Patris
1713 605 1932 675 quidem
1980 604 2125 658 illius
2155 612 2210 659 et

646 692 873 762 ingeniti
902 699 1004 759 est,
1037 707 1153 746 eam
1178 693 1444 761 attingere
1472 693 1675 747 nemini
1695 693 1779 749 fas
1800 702 1904 751 est.
1939 694 2041 750 Uni
2064 697 2208 751 enim

645 783 909 836 duntaxat
942 782 1105 836 unico
1136 782 1421 852 primoque
1477 784 1680 853 genito,
1733 785 1837 840 hoc
1871 796 2207 842 reservatum

644 886 729 930 est
758 875 981 929 donum.
1014 873 1115 940 Qui
1146 882 1324 929 autem
1368 884 1490 945 post
1533 876 1683 930 illum
1714 878 2007 942 exsistunt,
2039 878 2075 931 ii
2099 893 2207 933 non

643 968 803 1021 aliter
824 982 983 1036 quam
1035 982 1132 1038 per
1169 966 1412 1036 ejusdem
1454 966 1727 1038 Unigeniti
1757 971 2209 1025 communicatio-

642 1075 787 1125 nem,
842 1060 1108 1115 honorum
1147 1067 1427 1129 compotes
1481 1061 1595 1116 ﬁeri
1640 1070 1932 1132 poterant:
1969 1063 2206 1134 Spiritus

639 1167 768 1222 ergo
795 1151 963 1206 divini
999 1152 1052 1207 id
1083 1151 1227 1222 quod
1258 1152 1399 1222 apud
1424 1150 1659 1225 Moysem
1685 1154 1876 1218 fertur,
1903 1165 2030 1210 nota
2059 1170 2206 1226 quae-

640 1242 766 1296 dam
819 1252 958 1299 erat.
1016 1242 1323 1299 Divisiones
1376 1260 1540 1314 porro
1603 1246 1871 1301 donorum
1903 1253 2052 1309 sunt,
2109 1245 2206 1302 sed

640 1336 782 1391 idem
812 1343 896 1390 est
923 1334 1179 1405 Spiritus,
1229 1339 1387 1408 cujus
1422 1337 1654 1393 maxime
1686 1347 1745 1391 ut
1771 1337 1885 1393 fieri
1914 1339 2205 1409 participes

639 1432 941 1489 studerent,
973 1439 1026 1483 et
1053 1430 1364 1485 sacerdotes
1384 1436 1437 1484 et
1466 1431 1739 1499 prophetae
1767 1436 1822 1484 et
1859 1445 2011 1500 reges
2029 1472 2044 1496 ,
2065 1445 2205 1494 opus

638 1536 759 1576 esse
782 1522 1167 1585 arbitrabatur,
1201 1531 1384 1592 utpote
1412 1523 1504 1593 qui
1528 1537 1636 1576 non
1667 1536 1764 1591 pro
1779 1520 1976 1591 seipsis
2003 1521 2201 1584 solum,

2310 604 2450 658 κατὰ
2475 605 2544 658 τὰ
2584 606 2733 676 παρὰ
2760 608 2982 660 Μωῡσεί
3012 608 3339 680 δηλούμενα,
3375 613 3825 684 mammam;

2307 697 2440 767 ὁμοῦ
2469 698 2562 751 καὶ
2604 701 2854 770 χριστοὺς
2885 699 3159 771 ὀνομάζει,
3189 699 3346 754 οὔπω
3373 702 3494 755 τότε
3522 705 3766 773 Μωῦσέως
3787 714 3827 764 ἐν

2307 787 2631 860 ἀνθρώποις,
2664 789 2783 842 οὐδὲ
2830 788 2921 843 τοῦ
2969 793 3090 844 κατ’
3135 791 3301 844 αὑτὸν
3353 794 3647 848 σκευαστοῦ
3693 800 3825 869 μύρου

2308 880 2814 952 νενομοθετημένον.
2870 883 3065 935 Ἀκουε
3109 883 3164 936 δὲ
3210 877 3305 937 οἷά
3357 900 3520 955 φησιν
3561 887 3590 938 6
3628 886 3822 959 ψαλμός·

2310 991 2332 1023 ι
2370 974 2652 1045 Μνήσθητι
2696 973 2803 1027 τῶν
2851 973 3168 1045 Θαυμασίων
3199 975 3393 1038 αὐτοῦ,
3416 970 3492 1029 ὧν
3533 977 3752 1050 ἐποίησεο
3775 984 3824 1037 τὰ

2301 1065 2506 1136 τέρατα
2552 1065 2713 1119 αὐτοῦ
2753 1067 2846 1120 καὶ
2878 1067 2946 1121 τὰ
2979 1067 3221 1138 κρίματα
3250 1067 3348 1120 τοῦ
3398 1067 3654 1139 στόματος
3677 1073 3820 1128 αὐτοῦ.

2305 1157 2535 1227 Σπέρμα
2601 1155 2877 1228 Ἀϐραὰμ,
2926 1156 3102 1211 δοῦλοι
3150 1156 3357 1210 αὐτοῦ’
3416 1160 3464 1210 οἰ
3520 1159 3621 1211 υἰοὶ
3673 1159 3823 1217 Ἰακὼϐ

2306 1248 2549 1301 ἐκλεκτοὶ
2579 1247 2763 1301 αὑτοῦ.
2791 1248 2961 1312 Αὐτὸς
2989 1248 3192 1320 Κύριος
3221 1251 3251 1302 6
3285 1248 3419 1312 Θεὸς
3444 1249 3615 1320 ἡμῶν,
3641 1253 3693 1304 ἐν
3711 1255 3821 1325 πάσῃ

2303 1339 2370 1407 τῇ
2400 1340 2470 1408 γῇ
2508 1337 2575 1390 τὰ
2613 1339 2855 1410 κρίματα
2885 1339 3069 1392 αὐτοῦ.
3128 1339 3407 1410 Ἐμνήσθη
3453 1342 3534 1403 εἰς
3574 1342 3659 1394 τὸν
3692 1344 3821 1399 αἰῶνα

2303 1428 2576 1499 Διαθήκης
2614 1428 2798 1493 αὑτοῦ,
2830 1429 2985 1498 λόγου
3019 1425 3080 1483 οὗ
3115 1429 3420 1483 ἐνετείλατο
3448 1432 3527 1494 εἰς
3567 1432 3723 1501 χιλίας
3751 1450 3818 1502 γε·

2305 1520 2451 1584 νεὰς,
2481 1521 2539 1574 ὃν
2570 1520 2775 1574 διέθετο
2802 1521 2879 1591 τῷ
2930 1520 3195 1592 Ἀϐραὰμ,
3241 1521 3341 1576 καὶ
3380 1521 3476 1575 τοῦ
3504 1523 3659 1594 ὅρκου
3694 1526 3817 1578 αὑτοῦ

637 1629 827 1667 verum
888 1615 1050 1667 etiam
1111 1630 1209 1684 pro
1259 1622 1371 1668 tota
1407 1621 1564 1685 gente
1609 1612 1715 1668 Deo
1770 1613 1970 1667 sacrati
1998 1624 2195 1671 essent.

2300 1613 2381 1684 τῷ
2417 1613 2629 1667 Ἰσαάκ·
2666 1613 2759 1666 καὶ
2780 1612 3002 1683 ἔστησεν
3037 1614 3214 1686 αὐτὴν,
3234 1614 3316 1683 τῷ
3360 1613 3553 1668 Ἰακὼϐ
3589 1618 3663 1679 εἰς
3686 1619 3817 1688 πρόσ-

638 1704 794 1773 Quod
824 1712 1003 1759 autem
1052 1719 1233 1759 rerum
1279 1705 1452 1775 magis
1476 1704 1781 1759 divinarum
1832 1703 2067 1759 Mosaica
2112 1706 2195 1759 illa

2302 1722 2508 1775 ταγμα,
2552 1703 2756 1774 καὶτῷ
2815 1704 3028 1775 Ἰσραὴλ
3068 1707 3145 1768 εἰς
3186 1704 3468 1776 Διαθήκην
3510 1706 3726 1771 αἰώνιον,
3756 1709 3818 1761 λέ-

636 1805 778 1851 nota:
799 1796 1045 1865 quaedam
1076 1805 1279 1859 essent,
1306 1804 1361 1850 et-
1386 1795 1529 1864 quod
1566 1794 1681 1848 ﬁeri
1724 1802 1909 1864 posset
1947 1803 2007 1848 ut
2036 1795 2195 1849 etiam

2303 1815 2445 1867 γων·
2484 1799 2572 1851 Σοὶ
2597 1796 2751 1851 δώσω
2773 1797 2871 1869 τὴν
2902 1798 3007 1869 γῆν
3037 1799 3271 1869 Χαναὰμ
3307 1799 3588 1872 σχοίνισμα
3615 1805 3818 1873 κληρονο-

637 1890 754 1944 sine
784 1888 1028 1943 terrestri
1050 1895 1325 1958 unguento
1351 1886 1537 1941 divino
1571 1884 1777 1956 Spiritu
1801 1884 1961 1939 amati
1992 1893 2195 1951 essent,

2304 1854 2431 1961 μίας
2459 1888 2631 1960 ὑμῶν.
2667 1890 2776 1942 Καὶ
2815 1854 3025 1958 διῆλθον
3055 1891 3114 1955 ἐξ
3145 1854 3455 1957 ἔθνουςῆείς
3482 1854 3643 1958 ἔθνος,
3670 1854 3815 1951 καὶ

633 1980 827 2035 christi
854 1980 1284 2043 nominarentur,
1315 1977 1542 2049 agedum
1577 1978 1857 2047 aliquanto
1888 1976 2195 2048 diligentius

2302 1981 2573 2052 βασιλείας
2619 1981 2700 2044 εἰς
2744 1980 2870 2035 λαὸν
2923 1982 3125 2054 ἕτερον.
3159 1984 3275 2038 Οὐκ
3326 1987 3536 2057 ἀφῆκεν
3584 1988 3813 2059 ἄνθρωπον

634 2071 1044 2127 consideremus
1079 2070 1191 2138 jam
1227 2085 1392 2126 nunc.
1443 2068 1610 2123 David
1662 2069 1827 2139 igitur
1870 2069 1927 2122 in
1989 2068 2195 2137 psalmo

2297 2069 2548 2143 ἀδικῆσαι
2571 2074 2785 2138 αὐτοὺς,
2821 2074 2915 2127 καὶ
2955 2073 3176 2145 ἤλεγξεν
3207 2077 3349 2147 ὑπὲρ
3384 2079 3559 2131 αὐτῶν
3590 2078 3810 2149 βασιλεῖς*

631 2178 722 2218 σιν
752 2163 815 2226 ¹⁸,
843 2163 972 2217 dum
998 2177 1118 2230 quae
1145 2161 1214 2216 ad
1240 2161 1534 2223 Abraham,
1553 2168 1607 2215 et
1626 2160 1795 2225 Isaae,
1818 2169 1871 2214 et
1893 2158 2063 2215 Jacob
2087 2175 2202 2230 per-

632 2256 827 2320 tinent,
879 2255 1136 2312 historias
1183 2256 1394 2323 repetit,
1454 2255 1602 2323 ipsos
1642 2253 1798 2323 plane
1821 2252 1942 2308 illos
1988 2261 2199 2307 veteres

631 2345 843 2411 Patres,
870 2354 925 2402 et
950 2347 1044 2416 qui
1075 2355 1199 2400 ante
1234 2345 1433 2416 Moysis
1460 2351 1671 2399 aetatem
1694 2343 1932 2407 fuerunt,
1963 2343 2197 2399 christos

633 2447 811 2503 vocat,
848 2439 1053 2495 nullam
1092 2441 1164 2494 ob
1195 2439 1353 2492 aliam
1386 2450 1606 2491 causam
1647 2451 1809 2505 quam
1854 2442 2074 2506 propter
2114 2434 2200 2489 di-

629 2532 741 2587 vini
778 2530 1039 2602 Spiritus,
1087 2531 1247 2601 cujus
1291 2530 1583 2600 participes
1625 2536 1805 2590 erant,
1838 2526 2193 2582 inﬂuentiam.

632 2623 791 2695 175
822 2622 877 2678 In
914 2623 1253 2693 expositione
1300 2621 1463 2692 igitur
1509 2620 1880 2685 historiarum,
1928 2617 2198 2689 quemad.

630 2716 851 2771 modum
882 2714 1121 2785 hospitio
1150 2714 1218 2768 ab
1268 2712 1512 2768 externis
1535 2711 1795 2780 suscepti,
1843 2718 1899 2764 et
1935 2709 2195 2781 quemad-

630 2808 853 2862 modum
879 2806 1092 2861 insidiis
1114 2804 1495 2866 circumventi,
1529 2803 1757 2859 salutem
1788 2817 1819 2856 a
1852 2801 1960 2857 Deo
1999 2816 2196 2857 conse-

628 2898 742 2954 cuti
773 2906 923 2960 sunt,
954 2899 1100 2954 sicut
1139 2896 1375 2952 Mosaica
1424 2895 1738 2949 narratione
1782 2892 2057 2963 proditum
2085 2899 2191 2955 est.

629 2990 923 3061 prophetas
963 2992 1086 3045 illos
1116 2990 1278 3046 simul
1312 2999 1365 3044 et
1397 2987 1636 3042 christos
1679 2986 1945 3050 nominat,
1978 2984 2195 3041 tametsi

629 3084 872 3138 nondum
910 3083 1126 3155 Moyses
1154 3083 1207 3136 in
1251 3080 1562 3136 hominibus
1585 3077 1835 3148 degebat,
1873 3092 2048 3147 neque
2091 3092 2194 3131 un-

627 3187 884 3246 guentum
910 3191 974 3231 ex
1013 3177 1127 3246 lege
1157 3173 1403 3245 ejusdem
1445 3177 1817 3242 comparatum
1855 3168 2032 3225 adhuc
2070 3167 2191 3224 fue-
2219 3196 2260 3254 ο

628 3276 732 3323 rat.
782 3269 923 3323 Audi
968 3268 1133 3339 igitur
1177 3267 1307 3337 quid
1348 3265 1497 3321 dicat
1532 3263 1778 3334 psalmus
1812 3281 1826 3317 :
1862 3278 1881 3313 ι
1916 3263 2191 3317 Memento

629 3358 958 3413 mirabiliuin
992 3360 1112 3427 ejus
1143 3372 1264 3428 quae
1288 3356 1447 3411 fecit:
1478 3354 1725 3425 prodigia
1757 3353 1969 3424 ejus,et
1985 3351 2191 3421 judicia

623 3450 739 3505 oris
770 3449 909 3519 ejus.
945 3449 1141 3505 Semen
1174 3449 1471 3509 Abraham,
1504 3446 1648 3501 servi
1699 3446 1836 3515 ejus,
1900 3444 1995 3498 ﬁlii
2022 3443 2191 3499 Jacob

622 3538 781 3593 electi
812 3536 950 3607 ejus.
982 3536 1102 3608 Ipse
1146 3536 1411 3593 Dominus
1437 3535 1579 3591 Deus
1610 3542 1817 3602 noster,
1850 3534 1906 3588 in
1937 3535 2191 3589 universa

621 3638 770 3685 terra
807 3628 1014 3700 judicia
1063 3629 1202 3700 ejus.
1248 3629 1454 3685 Memor
1496 3626 1601 3680 fuit
1648 3626 1703 3680 in
1738 3628 1996 3682 saeculum
2025 3635 2191 3683 testa-

623 3722 792 3777 menti
821 3721 930 3784 sui,
964 3722 1113 3777 verbi
1152 3721 1297 3792 quod
1339 3720 1615 3775 mandavit
1639 3721 1694 3775 in
1718 3721 1866 3775 mille
1887 3720 2193 3791 generatio-

622 3826 741 3879 nes,
774 3812 923 3882 quod
947 3813 1220 3883 disposuit
1248 3813 1317 3868 ad
1345 3812 1620 3868 Abraham
1657 3831 1671 3867 :
1704 3821 1757 3868 et
1784 3810 2082 3883 juramenti
2105 3811 2189 3868 sui

621 3903 690 3957 ad
722 3903 891 3970 Isaac,
925 3912 979 3959 et
1006 3907 1195 3959 statuit
1221 3904 1353 3959 illud
1380 3904 1447 3959 ad
1472 3903 1644 3959 Jacob
1679 3904 1733 3958 in
1766 3916 2113 3975 prmeeptum,
2138 3912 2193 3958 et

610 3995 689 4061 ad
720 3995 886 4052 Israel
930 3995 987 4051 in
1028 4003 1413 4052 testamentum
1456 4005 1753 4061 aeternum,
1802 3994 2032 4050 dicens:
2068 3994 2189 4050 Tibi

622 4086 763 4141 dabo
800 4094 1003 4142 terram
1042 4088 1321 4154 Chanaan,
1389 4087 1693 4142 funiculum
1730 4086 2065 4142 haereditatis
2098 4102 2191 4143 ve-

622 4188 749 4234 stra:
774 4196 787 4230 :
818 4188 872 4234 et
893 4182 1231 4236 transierunt
1250 4180 1317 4236 de
1342 4188 1502 4251 gente
1521 4180 1573 4234 in
1593 4188 1830 4249 gentem,
1849 4187 1903 4233 et
1928 4178 1994 4234 de
2024 4195 2190 4251 regno

620 4272 688 4325 ad
722 4271 978 4341 populum
1027 4274 1257 4328 alterum
1285 4290 1298 4327 :
1331 4287 1443 4326 non
1493 4270 1743 4341 permisit
1788 4269 2058 4325 hominem
2090 4288 2191 4327 no-

620 4375 745 4416 cere
776 4361 877 4424 eis,
909 4368 964 4416 et
999 4360 1266 4430 corripuit
1296 4374 1395 4430 pro
1434 4361 1514 4414 eis
1545 4375 1701 4430 reges
1726 4375 1739 4410 :
1769 4358 1935 4414 nolite
1969 4366 2188 4430 tangere

2300 2166 2377 2238 μὴ
2419 2167 2655 2220 ἅπτεσθε
2682 2166 2789 2219 τῶν
2812 2166 3046 2237 χριστῶν
3072 2185 3194 2238 μου,
3235 2171 3332 2222 καὶ
3353 2171 3412 2223 ὲν
3435 2175 3544 2235 τοῖς
3564 2173 3813 2241 προφήταις

2301 2276 2401 2329 μου
2452 2258 2526 2329 μὴ
2572 2257 2954 2330 πονηρεύεσθε.
2997 2276 3016 2310 ι
3067 2259 3254 2314 Ταῦτα
3307 2262 3407 2332 μὲν
3446 2263 3475 2314 6
3513 2262 3683 2329 Aa6i_6°
3722 2262 3812 2313 ὁδὲ

2296 2352 2499 2422 Μωσῆς
2543 2351 2635 2404 καὶ
2681 2350 2826 2414 οἴους
2879 2349 3112 2419 βασιλεῖς
3142 2352 3369 2422 ῆλεγξεν
3412 2354 3608 2424 ίστορεῖ
3646 2352 3809 2419 λέγων*

2301 2462 2322 2497 ι
2349 2444 2454 2497 Kal
2471 2444 2635 2515 ἧτασε
2653 2443 2855 2514 Κύριος
2866 2441 2954 2495 τὸν
2975 2442 3171 2514 Φαραὼ
3193 2445 3452 2516 ὲτασμοῖς
3479 2443 3724 2515 μεγάλοις.
3742 2442 3810 2495 καὶ

2295 2534 2385 2589 τὸν
2405 2531 2550 2590 οἷκον
2578 2535 2738 2589 αὐτοῦ
2757 2537 2884 2606 περὶ
2905 2535 3119 2608 Σάρρας
3144 2535 3243 2604 τῆς
3264 2536 3523 2605 γυναικὸς
3550 2534 3806 2605 Ἀϐραάμ.»

2295 2625 2405 2680 Kal
2456 2626 2615 2679 πάλιν
2670 2625 2798 2696 περὶ
2849 2624 2942 2678 τοῦ
3000 2626 3266 2695 βασιλέως
3322 2625 3573 2697 Γεράρων
3616 2625 3804 2695 γράψει’

2302 2731 2321 2765 ι
2360 2713 2469 2767 Καὶ
2507 2708 2669 2784 ἦλθεν
2697 2715 2725 2766 ὁ
2753 2712 2883 2776 Θεὸς
2930 2713 3066 2785 πρὸς
3124 2714 3417 2786 Ἀϐιμέλεχ
3465 2716 3520 2767 ἐν
3567 2712 3701 2784 ὕπνῳ
3737 2712 3807 2780 τὴν

2293 2801 2485 2867 νύκτα,
2529 2805 2620 2857 καὶ
2659 2800 2809 2858 εἶπεν
2835 2820 2850 2835 ·
2897 2804 3026 2858 Ἰδοὺ
3072 2806 3135 2859 σὺ
3182 2805 3545 2878 ἀποθνήσκεις
3591 2803 3807 2875 περὶτῆς

2294 2896 2568 2964 γυναικὸς,
2595 2891 2662 2967 ἧς
2692 2896 2910 2960 ἕλαὸεςο
2955 2916 2974 2949 ι
3010 2896 3165 2970 (αῦτη
3214 2896 3274 2950 δὲ
3315 2893 3384 2968 ἦν
3414 2895 3507 2950 τοῦ
3552 2891 3804 2965 Ἀϐραάμ

2294 2986 2429 3057 Περὶ
2469 2981 2528 3041 οὗ
2574 2986 2699 3057 ἑξῆς
2745 2985 2949 3054 προϊών
2997 3003 3170 3059 φησι*
3223 3005 3242 3038 ι
3284 2987 3401 3041 Νῦν
3446 2986 3501 3039 δὲ
3541 2985 3712 3047 ἀπόδος
3735 2983 3806 3050 τὴν

2293 3079 2524 3145 γυναῖκα
2545 3075 2621 3147 τῷ
2650 3075 2938 3149 ἀνθρώπῳ,
2971 3079 3051 3131 ὃτι
3084 3079 3371 3149 προφήτης
3395 3078 3529 3139 ἐστὶ,
3564 3077 3647 3129 καὶ
3674 3090 3803 3145 προσ-

2294 3167 2506 3233 εύξεται
2555 3168 2683 3239 περὶ
2724 3167 2836 3221 σοῦ.
2899 3169 3059 3241 Ὀρᾷς
3085 3171 3229 3234 ὅπως
3261 3170 3351 3225 διὰ
3385 3171 3580 3223 τούτων
3602 3169 3708 3230 τοὺς
3732 3167 3805 3217 πὰ-

2291 3259 2377 3312 λαι
2411 3256 2675 3328 θεοφιλεῖς
2706 3260 2798 3313 καὶ
2834 3262 3115 3333 προφήτας
3165 3264 3421 3332 χριστοὺς
3453 3261 3479 3314 6
3506 3258 3672 3323 Δαϐἰδ,
3702 3255 3804 3327 μᾶλ-

2291 3350 2381 3404 λον
2429 3350 2487 3403 δὲ
2519 3350 2579 3402 τὸ
2629 3349 2768 3404 θεῖον
2808 3350 2875 3404 δι’
2923 3350 3086 3405 αὐτοῦ
3118 3357 3385 3424 προσεῖπε
3414 3350 3646 3422 Πνεῦμα,
3672 3349 3721 3401 ού
3749 3343 3805 3414 τῷ

2290 3440 2480 3510 γεώδει
2541 3440 2695 3513 μύρῳ
2754 3441 3182 3513 κεχρισμένους;
3234 3443 3351 3507 πῶς
3406 3442 3532 3514 γὰρ,
3581 3437 3803 3497 Μωῡσέως

2292 3533 2534 3606 ὑστέροις
2566 3533 2773 3605 χρόνοις
2807 3532 2948 3588 οὕτω
2988 3532 3411 3605 διαταξαμένους
3449 3535 3632 3588 Ἀκουε
3664 3530 3713 3583 δὲ
3737 3527 3805 3579 καὶ

2299 3626 2521 3680 Ἡσαΐου
2554 3626 2694 3680 οὕτω
2741 3627 3050 3695 σαφέστατα
3094 3627 3222 3699 περὶ
3261 3626 3358 3680 τοῦ
3405 3623 3629 3698 Χριστοῦ
3661 3619 3805 3675 θεσπίο

2291 3718 2493 3784 ζοντος,
2533 3718 2608 3783 ώς
2638 3718 3145 3795 ἁποσταλησομένου
3181 3718 3287 3771 ὑπὸ
3331 3717 3425 3770 τοῦ
3459 3715 3586 3769 Θεοῦ
3616 3715 3712 3774 τοῖς
3736 3710 3804 3761 ἀν·

2291 3812 2528 3884 θρώποις
2571 3811 2840 3884 λυτρωτοῦ
2877 3812 2971 3864 καὶ
2997 3810 3260 3882 σωτῆρος,
3294 3808 3511 3881 ἥξοντάς
3530 3823 3587 3857 τε
3615 3798 3803 3872 κηρύξαι

2288 3903 2400 3963 τοῖς
2443 3900 2541 3964 τὰς
2584 3899 2761 3970 ψυχὰς
2803 3896 3167 3969 αἰχμαλώτοις
3214 3897 3430 3967 ἄφεσιν,
3466 3894 3555 3949 καὶ
3592 3896 3690 3955 τοῖς
3729 3887 3803 3949 τὰς

2289 3991 2527 4054 διανοίας
2549 3991 2767 4060 τυφλοῖς
2791 3989 3098 4059 ἀνάϐλεψιν.
3121 3989 3321 4042 Τοῦτον
3345 3988 3455 4059 γὰρ
3487 3986 3636 4040 πάλιν
3660 3984 3685 4035 6
3707 3994 3803 4048 προ·

2290 4083 2463 4155 φήτης
2508 4082 2569 4135 ού
2615 4080 2895 4151 σκευαστῷ
2939 4080 3114 4151 μύρῳ,
3148 4078 3285 4133 ἀλλὰ
3328 4079 3405 4150 τῷ
3448 4078 3545 4147 τῆς
3573 4069 3802 4143 timui;

2289 4172 2540 4243 θεότητος
2582 4169 2756 4241 νοητῷ
2803 4174 2895 4224 καὶ
2944 4168 3235 4240 θεοπρεπεῖ
3266 4169 3499 4240 Χριστὸν
3530 4159 3801 4235 γεγενῆσθαι

2287 4263 2547 4325 διδάσκει,
2578 4264 2675 4334 οὐχ
2726 4263 2819 4315 ὑπ’
2864 4259 3184 4333 ἀνθρώπων,
3221 4261 3354 4315 ἀλλὰ
3399 4261 3462 4314 ὲκ
3498 4256 3587 4311 τοῦ
3632 4248 3801 4318 Πατρδς

2288 4358 2662 4429 κεχρισμένον.
2722 4356 2885 4425 Λέγει
2938 4354 2983 4408 δ’
3036 4350 3129 4409 οὖν
3187 4353 3245 4420 ὲξ
3304 4352 3467 4408 αὐτοῦ
3518 4345 3797 4419 προσώπου·

618 4455 856 4511 christos
896 4470 1081 4519 meos,
1130 4463 1185 4509 et
1234 4457 1288 4508 in
1331 4454 1612 4524 prophetis
1648 4454 1785 4510 meis
1823 4454 1988 4509 nolite
2032 4455 2188 4508 mali-

2295 4470 2312 4501 ι
2372 4449 2595 4521 Πνεῦμα
2634 4448 2839 4521 Κυρίου
2887 4450 2971 4501 ἐπ’
3022 4447 3142 4516 ἐμὲ,
3188 4438 3249 4499 οὗ
3301 4447 3507 4499 εἵνεκεν
3540 4436 3705 4512 ἔχρισέ
3733 4446 3797 4502 με’

617 4547 853 4617 gnari".
893 4567 912 4599 ι
950 4546 1227 4602 Hactenus
1265 4547 1483 4616 quidem
1514 4544 1705 4600 David.
1773 4545 1987 4616 Moyses
2032 4560 2182 4608 vero,

2295 4540 2758 4610 Εὐαγγελίσασθαι
2813 4544 3046 4610 πτωχοῖς
3096 4538 3404 4592 ἀπέσταλκε
3468 4554 3568 4606 με,
3612 4524 3799 4626 κηρύξαι

618 4639 779 4693 etiam
811 4653 949 4707 quos
981 4654 1135 4707 reges
1164 4640 1512 4706 corripuerit,
1553 4646 1761 4702 narrat,
1798 4636 1985 4691 dicens
2019 4656 2031 4691 :
2064 4654 2081 4687 ι
2121 4637 2187 4689 Et

2295 4632 2650 4705 αἰχμαλώτοις
2675 4633 2884 4703 ἄφεσιν,
2918 4632 3011 4685 καὶ
3037 4630 3252 4698 τυφλοῖς
3276 4628 3581 4697 ἀνάϐλεψιν.
3620 4643 3636 4675 ι
3668 4620 3801 4711 Τοῦτο

619 4729 905 4797 castigavit
940 4728 1204 4783 Dominus
1244 4727 1585 4783 Pharaonem
1619 4728 1792 4798 plagis
1829 4727 2103 4789 maximis,
2132 4736 2186 4782 et

2295 4726 2386 4796 μὲν
2436 4719 2529 4777 οὖν
2582 4722 2797 4794 πρῶτον
2852 4719 3184 4792 τετηρήσθω,
3238 4719 3314 4783 ώς
3363 4719 3453 4772 καῖ⁸
3510 4712 3712 4769 Ἡσαΐας
3743 4718 3801 4768 τῳ

617 4819 838 4873 domum
864 4821 1033 4885 illius,
1056 4831 1277 4891 pr0pter
1301 4822 1492 4875 Saram
1524 4835 1747 4875 uxorem
1785 4820 2058 4875 Abraham
2074 4822 2175 4875 ".i

2295 4816 2452 4871 Aa6l6
2483 4813 2876 4887 παραπλησίως
2907 4813 2964 4865 ὃν
2997 4811 3146 4880 ἥξειν
3178 4811 3377 4881 ἔφησεν
3409 4812 3485 4872 εἰς
3509 4800 3797 4897 ἀνθρώπουξς

618 4912 686 4967 Ει
708 4928 898 4968 rursus
925 4914 992 4968 de
1015 4930 1081 4969 eo
1107 4929 1231 4984 rege
1264 4915 1355 4983 qui
1388 4913 1648 4984 regnabat
1676 4914 1731 4968 in
1765 4911 2007 4978 Geraris.
2042 4916 2183 4971 scri-

2295 4911 2384 4964 καὶ
2424 4908 2655 4980 κηρύξαι
2702 4903 3065 4976 αἰχμαλώτοις
3108 4902 3300 4971 ἄφεσιν
3347 4904 3438 4957 καὶ
3469 4896 3669 4966 τυφλοῖς
3696 4888 3799 4984 avd-

618 5005 742 5060 bit:
781 5023 802 5057 ‹
838 5003 901 5059 Ει
926 5006 1072 5060 venit
1104 4980 1246 5061 Deus
1284 4980 1356 5061 ad
1393 4980 1703 5061 Ahimclech
1756 5005 1813 5062 iu
1849 5007 2057 5063 somnis
2087 5025 2187 5064 no-

2295 5004 2492 5074 6λεψιν,
2523 5001 2583 5054 οὐ
2614 4997 2893 5067 σκευαστῷ
2941 4996 3115 5068 μύρῳ,
3151 4985 3285 5048 ἀλλὰ
3314 4996 3390 5066 τῷ
3416 4993 3511 5062 τῆς
3550 4980 3796 5074 ἀγεγνήτου

616 5105 732 5163 ctu,
769 5107 823 5153 et
853 5097 990 5152 dixit
1022 5114 1035 5149 :
1072 5099 1152 5153 En
1204 5098 1458 5154 morieris
1505 5106 1587 5162 tu,
1632 5105 1854 5169 propter
1896 5101 2175 5155 mulierem

616 5205 776 5259 quam
811 5191 1040 5245 tulisti“
1081 5210 1098 5243 ι
1141 5190 1277 5260 (haec
1320 5198 1500 5245 autem
1543 5198 1662 5244 erat
1686 5207 1822 5244 uxor
1853 5191 2174 5261 Abraham).

617 5280 789 5336 Porro
829 5283 1115 5353 deinceps,
1158 5298 1409 5338 sermone
1472 5297 1823 5352 progressus,
1873 5281 1941 5336 de
1991 5281 2179 5336 eodem

616 5376 694 5430 ait
719 5395 731 5430 :
761 5394 779 5427 ι
810 5374 965 5432 Nunc
981 5385 1160 5433 autem
1186 5376 1349 5432 redde
1375 5375 1493 5431 viro
1518 5392 1618 5433 suo
1646 5391 1894 5439 uxorem,
1918 5374 2177 5445 quoniam

617 5468 878 5538 propheta
908 5478 1012 5532 est,
1045 5475 1098 5523 et
1126 5469 1301 5524 orabit
1330 5485 1429 5540 pro
1450 5476 1503 5523 te
1518 5470 1584 5523 ”.
1615 5486 1634 5520 ι
1667 5466 1831 5522 Vides
1856 5476 1911 5521 ut
1937 5466 2036 5519 hoc
2059 5464 2178 5517 loco

617 5568 827 5616 veteres
855 5559 949 5615 Dei
982 5562 1187 5617 amicos
1219 5570 1273 5617 et
1324 5563 1620 5633 prophetas
1660 5559 1851 5624 David,
1886 5572 1951 5612 ac
1994 5556 2174 5627 potius

619 5612 1185 5726 ριξίτιίυηῑιίῑειλέ
1226 5612 2174 5726 έρίῑίιὲιέῗῐιῐτίέιδέἶννεηλνθτίί

2295 5613 2423 5700 κατὰ
2481 5612 2576 5696 τδν
2640 5638 2813 5711 ἀληθῆ
2870 5637 3028 5707 λόγον
3107 5612 3358 5709 χριστοῦς
3416 5612 3691 5698 ὀνομαζομέ

2283 5071 2564 5167 Πατρικῆς
2592 5109 2651 5145 τε
2683 5090 2778 5143 καὶ
2826 5087 3133 5156 παναγάθου
3178 5087 3454 5157 δυνάμεως
3498 5071 3707 5149 Χριστὸν
3729 5079 3799 5132 γε·

2284 5188 2495 5260 γονέναι
2534 5179 2798 5243 θεσπίζει.
2840 5178 2996 5232 Κατά
3035 5193 3156 5230 τινα
3186 5176 3242 5229 δὲ
3271 5172 3548 5245 συνήθειαν
3577 5169 3796 5255 σιτροςεητξ⁸

2284 5258 2405 5352 κῆν,
2427 5276 2489 5330 τὸ
2523 5273 2710 5347 μέλλον
2736 5273 2766 5325 6
2796 5270 3077 5342 προφήτης
3104 5267 3179 5330 ὡς
3209 5263 3527 5337 παρῳχηκδς

2285 5339 2379 5427 καὶ
2409 5368 2485 5430 ὡς
2516 5367 2643 5437 περὶ
2676 5362 2867 5418 ἑαυτοῦ
2908 5358 3001 5413 τοῦ
3031 5358 3457 5430 προφητεύοντος
3499 5348 3650 5437 δηλοῖ.
3666 5339 3793 5437 Fui:

2287 5461 2386 5533 μὲν
2415 5429 2506 5513 οῦν
2534 5429 2637 5511 ιτὶδ
2661 5452 2816 5516 Θεοῦ,
2841 5450 2955 5506 ἀλλ’
2980 5429 3085 5520 οὐχ
3103 5451 3193 5503 ὑπ’
3216 5448 3529 5522 ἀνθρώπων,
3557 5434 3642 5491 καὶ
3666 5429 3792 5533 Πνεῠῖ

2284 5526 2411 5626 ματι
2433 5549 2582 5622 θείῳ,
2614 5548 2727 5602 ἀλλ’
2759 5546 2817 5599 ού
2854 5542 3136 5614 σκευαστῷ
3169 5542 3332 5614 ἐλαίῳ
3353 5534 3668 5612 χρωμένους,
3689 5526 3791 5572 τοὺς

2360 5662 2363 5663 ν
2397 5645 2409 5660 ι
2485 5643 2570 5663 Α--
2645 5638 2808 5663 ιπμοε
2870 5637 3028 5663 ηιμ-..
3107 5635 3358 5663 .........:.-
3417 5612 3789 5663 Λυηηηῖοιιένους

691 5815 732 5846 ⁸⁸
763 5812 918 5877 Vers.
956 5814 1042 5870 15.
1087 5813 1131 5847 ¹⁹
1160 5810 1305 5869 Psal.
1340 5825 1448 5881 etv,
1482 5809 1629 5865 5-l5.
1705 5808 1751 5841 "
1783 5804 1919 5863 Gen.
1953 5818 2053 5872 xu,
2084 5802 2169 5860 17.

2315 5798 2450 5858 Gen.
2480 5811 2575 5865 ις,
2605 5796 2659 5853 5.
2704 5797 2783 5874 _“
2814 5795 2946 5852 ibid.
2974 5795 3031 5848 7.
