3954 6524
175 430 267 485 297

1075 428 1728 485 DEMONSTRATIONIS
1768 426 2224 485 EVANGELICIE
2262 426 2385 480 LIB.
2421 425 2507 479 IV.

3293 428 3397 482 €298

175 548 416 613 ἔγνωμεν.
456 542 659 613 Καιρὸς
696 542 752 595 δὲ
795 542 1047 606 συνιδεῖν,
1076 544 1155 597 ὅτι
1191 544 1283 596 καί
1310 544 1455 597 Θείαν
1483 543 1604 597 τινά
1636 543 1708 595 δύ·

1834 543 1983 595 nullo
2027 541 2275 595 terrestri
2334 545 2612 610 unguento
2652 538 2880 593 unctos?
2918 537 3021 603 Qui
3058 539 3224 601 enim,
3275 555 3399 593 cum

174 652 315 707 νιμιν
335 634 620 704 κρείττονα
648 634 679 704 ἢ
706 636 824 686 κατ’
852 632 1138 703 ἄνθρωπον
1160 634 1236 703 (1)
1264 635 1425 704 φύσιν
1445 636 1535 689 τὸν
1552 636 1724 707 ἀληθῆ

171 726 379 799 Χριστὸν
425 724 523 777 τοῦ
568 724 705 777 Θεοῦ
738 724 1027 795 τυγχάνειν
1065 729 1095 778 ό
1134 727 1262 798 παρ’
1309 727 1577 799 Ἑϐραίοις
1607 729 1727 780 ἐπί-

171 834 337 871 σταται
364 816 548 885 λόγος.
582 817 777 870 Ἄκουε
810 818 852 869 δ’
882 813 975 871 οὖν
1007 814 1163 881 αὖθις
1188 816 1282 871 τοῦ
1316 820 1478 872 Δαὸὶδ
1510 819 1725 874 αἰώνιόν

169 927 271 966 τινα
315 910 468 979 ίερέα
510 909 605 962 τοῦ
651 908 786 963 Θεοῦ
834 908 1135 979 φάσκοντος
1183 912 1399 977 είδέναι,
1431 911 1632 982 Κύριόν
1663 930 1721 965 τε

169 1002 309 1055 αὑτοῦ
326 1001 519 1054 τοῦτον
552 1002 992 1073 ἀναγορεύοντος,
1024 1004 1115 1056 καὶ
1147 1003 1432 1075 σύνθρονον
1464 1000 1605 1060 εἶναι
1626 1005 1721 1058 τοῦ

167 1095 412 1148 ἀνοηάτου
431 1093 571 1146 Θεοῦ
594 1094 980 1164 ὁμολογοῦντος
1008 1099 1065 1150 ὲν
1097 1097 1372 1168 ἑκατοστῷ
1403 1098 1496 1152 καὶ
1520 1097 1723 1169 ὲννάτῳ

166 1188 356 1259 ψαλμῷ,
388 1187 515 1241 καθ’
540 1189 600 1241 ὃν
634 1183 736 1243 ὧδέ
769 1188 886 1253 πώς
932 1208 1125 1262 φησιν·
1162 1210 1181 1242 ι
1229 1191 1396 1245 Εἶπεν
1443 1194 1471 1245 6
1521 1192 1722 1265 Κύριος

170 1280 230 1351 τῷ
260 1280 440 1351 Κυρίῳ
489 1296 627 1351 μου’
672 1280 857 1335 Κάθου
903 1282 968 1335 ὲκ
1014 1281 1203 1347 δεξιῶν
1238 1300 1338 1353 μου
1386 1283 1491 1347 ἕως
1532 1283 1598 1337 ἂν
1644 1284 1721 1336 θῶ

166 1374 269 1433 τοὺς
289 1370 523 1441 ἐχθρούς
557 1389 651 1424 σου
683 1373 971 1426 ὑποπόδιον
997 1373 1105 1425 τῶν
1141 1372 1315 1426 ποδῶν
1350 1392 1460 1427 σου.
1501 1373 1720 1427 Ῥάϐδον

165 1464 412 1533 δυνάμεως
436 1463 793 1530 ἐξαποστελεῖ
818 1483 899 1518 σοι
922 1464 1127 1536 Κύριος
1151 1467 1216 1519 ὲκ
1242 1464 1405 1528 Σιὼν,
1436 1466 1527 1521 καὶ
1556 1483 1721 1520 κατα-

165 1557 438 1627 κυριεύσεις
480 1559 541 1609 ἐν
592 1558 743 1629 μέσῳ
788 1557 897 1611 τῶν
942 1557 1154 1630 ἐχθρῶν
1202 1575 1325 1611 σου·
1371 1558 1511 1628 μετά
1557 1558 1718 1629 σοῦή

164 1647 278 1720 ἁρχὴ
308 1652 361 1702 ὲν
389 1650 579 1720 ἡμέρᾳ
604 1649 708 1719 τῆς
739 1648 1020 1721 δυνάμεώς
1049 1666 1162 1714 σου,
1196 1652 1252 1703 ὲν
1280 1653 1346 1720 τῇ
1378 1650 1718 1721 λαμπρότητι

162 1742 247 1794 τῶν
274 1741 435 1809 ἁγίων
467 1759 564 1795 σου
584 1759 600 1772 ·
622 1745 685 1795 ἐκ
714 1743 951 1815 γαστρὸς
977 1743 1084 1814 πρὸ
1117 1743 1426 1813 Ἑωσφόρου
1454 1742 1719 1813 ὲγέννησά

164 1851 228 1887 σε.
271 1834 464 1904 Ὠμοσε
515 1834 760 1906 Κύριος,¹
803 1835 897 1888 καὶ
943 1836 1003 1888 οὐ
1054 1833 1592 1905 μεταμεληθήσεται,
1643 1836 1714 1887 Σὺ

1838 634 2014 690 Moses
2057 631 2455 704 posterioribus
2484 630 2819 701 temporibus
2847 630 2897 683 id
2933 631 3403 685 instituerit?C:e-

1833 736 2028 789 terum,
2080 725 2209 779 audi
2250 739 2399 778 nunc
2452 706 2648 777 Isaiam
2690 738 2908 793 quoque
2956 724 3028 777 ita
3074 724 3142 778 de
3182 723 3403 777 Christo

1828 818 2279 874 manifestissime
2320 825 2626 881 canentem,
2676 824 2934 886 tanquam
2985 816 3052 871 de
3104 832 3169 871 eo
3210 817 3303 888 qui
3348 826 3402 872 et

1830 911 2159 980 Redemptor
2192 921 2247 965 et
2292 910 2543 966 Salvator
2575 926 2604 963 a
2632 909 2741 964 Dco
2780 910 2851 964 sit
2881 910 3178 965 mittendus
3210 911 3275 964 ad
3306 911 3404 965 ho-

1827 1006 2027 1069 mines,
2062 1003 2266 1074 quique
2290 1010 2556 1059 venturus
2587 1012 2647 1057 ut
2668 1003 2909 1071 captivas
2933 1003 3143 1057 animas
3168 1010 3404 1074 gerent;-

1826 1097 1950 1159 bus,
2004 1096 2417 1159 liberationem,
2462 1104 2674 1149 mentes
2722 1108 2851 1148 vero
2880 1094 3205 1158 obczecatas,
3248 1096 3400 1150 visus

1825 1187 2294 1257 recuperationem
2313 1185 2545 1240 nuntiet.
2565 1183 2720 1238 Hunc
2752 1184 2894 1239 enim
2920 1199 3111 1239 rursus
3140 1185 3401 1254 propheta

1824 1295 1931 1334 non
1967 1285 2284 1347 comparato
2314 1284 2618 1347 unguento,
2649 1275 2744 1331 sed
2776 1289 2839 1329 eo
2875 1276 3024 1345 quod
3048 1282 3287 1344 paternae
3316 1278 3401 1330 di-

1824 1372 2064 1428 vinilalis
2095 1372 2166 1427 sit
2189 1371 2489 1441 proprium,
2515 1377 2570 1424 et
2597 1370 2712 1424 sola
2748 1368 3101 1438 intelligentia
3130 1369 3400 1439 capiatur.

1823 1464 2101 1534 Deumque
2129 1466 2307 1533 ipsum
2337 1463 2568 1516 maxime
2588 1460 2800 1524 deceat,
2826 1460 3101 1515 Christum
3127 1461 3400 1517 exstitisse

1822 1558 2003 1617 docet.
2043 1556 2136 1626 qui
2183 1571 2293 1609 non
2335 1554 2403 1607 ab
2448 1553 2782 1615 hominibus,
2831 1553 2924 1606 sed
2972 1552 3039 1606 ab
3081 1552 3199 1621 ipso
3243 1552 3397 1608 Patre

1822 1658 2022 1705 unctus
2052 1650 2143 1705 sit.
2174 1649 2335 1719 176
2365 1647 2504 1701 Dicit
2530 1662 2660 1717 ergo
2693 1662 2756 1702 ex
2787 1647 2933 1700 illius
2961 1661 3223 1716 persona:
3246 1661 3262 1694 ‹
3284 1646 3396 1717 Spi-

1821 1746 1963 1799 ritus
2008 1742 2225 1797 Domini
2278 1756 2441 1811 super
2483 1756 2591 1804 me,
2639 1748 2862 1810 propter
2902 1740 3047 1809 quod
3093 1741 3250 1795 unxit
3295 1758 3397 1808 me,

1820 1839 2195 1909 evangelizare
2226 1836 2560 1906 pauperibus
2589 1835 2739 1889 misit
2774 1850 2880 1898 me,
2917 1848 3111 1889 sanare
3134 1835 3397 1890 contritos

162 1925 310 1997 ἱερεὺς
350 1928 427 1987 είς
459 1927 554 1979 τὸν
604 1927 775 1981 αἰῶνα
809 1925 947 1980 κατὰ
972 1926 1069 1998 τὴν
1110 1926 1263 1991 τάξιν
1301 1926 1654 1996 Μελχισεδέκ.
1691 1945 1708 1977 ι

1815 1931 2003 1994 corde,
2037 1930 2338 2000 praedicare
2359 1928 2593 1998 captivis
2631 1927 3032 1991 remissionem,
3055 1936 3105 1983 et
3139 1929 3299 1983 caecis
3324 1929 3399 1982 vi-

162 2015 250 2068 Καὶ
281 2014 368 2067 θέα
404 2033 491 2083 γε,
524 2018 606 2080 ὡς
640 2019 698 2069 ὲν
745 2018 955 2079 τούτοις
995 2016 1180 2079 Δαΰὶδ,
1221 2016 1469 2087 βασιλεὺς
1510 2016 1584 2069 ὢν
1614 2016 1706 2070 τοῦ

162 2109 328 2171 παντὸς
362 2108 639 2180 Ἐϐραίων
674 2108 880 2172 ἔθνους,
921 2109 1015 2161 και)⁹
1048 2107 1185 2178 πρὸς
1215 2109 1280 2177 τῇ
1322 2105 1569 2177 βασιλείᾳ
1593 2106 1722 2176 θείῳ

163 2201 398 2272 ἰΙνεῦματι
424 2219 678 2272 κεκοσμη
689 2201 868 2271 μένος,
889 2199 1121 2253 τοιοῦτόν
1135 2215 1253 2251 τινα
1267 2197 1436 2268 μέγαν
1454 2199 1546 2250 καὶ
1561 2199 1722 2268 ὑπερ-

164 2297 282 2363 φυῶς
308 2296 611 2366 θαυμάσιον
641 2297 735 2348 τὸν
765 2295 901 2365 πρὸς
933 2292 1097 2347 αὑτοῦ
1129 2291 1480 2362 δηλούμενον,
1525 2292 1617 2344 καὶ
1643 2291 1720 2361 τῷ

161 2384 387 2453 πνεύματι
442 2384 826 2456 θεωρούμενον
883 2382 1141 2447 συνεῖδεν,
1177 2382 1253 2446 ὡς
1306 2382 1508 2452 Κύριον
1557 2382 1716 2435 αὑτὸν

162 2475 317 2528 ἑαυτοῦ
336 2479 682 2547 προσειπεῖν.
701 2496 718 2526 ι
744 2473 877 2533 Εἷς-τε
919 2494 936 2526 ι
956 2475 1086 2546 γὰρ,
1106 2474 1261 2544 φησὶ,
1292 2493 1310 2524 ι
1338 2475 1526 2544 Κυρίῳ
1543 2490 1666 2544 μου.
1693 2493 1710 2525 ›

171 2568 298 2621 Ἀλλά
316 2570 403 2621 καὶ
434 2568 660 2622 αἰώνιον
685 2568 845 2622 αὑτὸν
886 2567 1146 2640 ἀρχιερέα
1167 2564 1296 2628 οἶδε,
1330 2567 1423 2619 καὶ
1450 2564 1598 2637 ἱερέα
1620 2564 1714 2618 τοῦ

162 2660 267 2713 Θεοῦ
288 2662 370 2713 τοῦ
392 2662 649 2731 ὑψίστου,
668 2662 761 2714 καὶ
781 2660 1067 2731 σύνθρονον
1089 2659 1183 2712 τοῦ
1205 2660 1297 2712 ὲπὶ
1314 2658 1529 2712 πάντων
1555 2657 1712 2719 Θεοῦ,

160 2752 232 2803 καὶ
248 2752 474 2825 γέννημα
498 2753 697 2807 αὑτοῦ.
722 2753 856 2822 Δίχα
875 2752 931 2806 δὲ
950 2751 1182 2823 χρίσεως
1208 2750 1469 2804 ἀδύνατον
1494 2746 1561 2820 ἦν
1583 2750 1712 2821 παρ’

170 2844 399 2916 Ἑϐραίοις
436 2845 695 2918 ἱερᾶσθαι
744 2845 823 2915 τῷ
870 2845 1022 2915 Θεῷ’
1081 2846 1272 2917 διόπερ
1318 2846 1414 2897 καὶ
1459 2846 1713 2917 χριστοὺς

159 2936 394 3006 ὀνομάζειν
428 2939 639 3002 αὑτοὺς
688 2937 895 3001 πάντας
933 2932 1001 3008 ἦν
1050 2938 1232 3001 αὐτοῖς
1272 2938 1445 3007 φίλον.
1477 2936 1711 3007 Χριστὸς

160 3028 243 3097 ἄρα
268 3029 349 3082 καὶ
384 3032 411 3083 6
449 3032 508 3083 ὲν
549 3030 634 3101 τῷ
679 3029 879 3101 ψαλμῷ
919 3029 1248 3100 δηλούμενος
1282 3030 1460 3100 ἱερεὺς
1493 3029 1576 3100 εἴη
1619 3026 1704 3081 ἄν.

160 3117 255 3181 Πῶς
278 3118 374 3191 γὰρ
401 3120 765 3192 ἐμαρτυρήθη
797 3120 976 3191 ἱερεὺς
993 3117 1153 3184 εἶναι,
1189 3119 1262 3192 μὴ
1290 3120 1411 3190 οὐχὶ
1443 3119 1708 3191 πρότερον

160 3208 348 3279 Χριστὸς
372 3212 650 3281 γεγονώς;
704 3212 865 3266 Ἀλλά
912 3215 1006 3267 καὶ
1036 3215 1115 3277 εἰς
1148 3214 1239 3267 τὸν
1282 3213 1452 3267 αἰῶνα
1493 3214 1707 3284 λέγεται

162 3300 383 3400 ἱερᾶσθαι.
434 3305 629 3400 Τοῦτο-
657 3306 703 3358 δ’
736 3306 915 3359 οὐκέτ’
967 3306 1281 3379 ἀνθρωπεία
1328 3308 1486 3376 φύσει
1532 3309 1705 3380 ἐφαρ-
1735 3342 1777 3400 C

162 3393 306 3462 μόττοι
336 3396 415 3450 ἄν.
452 3399 527 3450 υὺ
567 3396 680 3469 γὰρ
704 3397 993 3470 ἀνθρώπου
1030 3399 1091 3451 τὸ
1120 3400 1443 3465 διαιωνίζειν
1465 3441 1480 3464 ,
1523 3402 1706 3474 ἐπειδὴ

158 3486 311 3557 θνητὸν
333 3491 421 3544 καὶ
461 3492 735 3563 ἐπίκηρον
779 3492 840 3546 τὸ
873 3493 991 3547 καθ’
1034 3495 1183 3564 ἡμᾶς
1224 3494 1398 3563 γένος.
1431 3497 1706 3568 Κρείττων

160 3580 242 3655 ἄρα
264 3583 385 3652 τιςῆ
415 3587 540 3637 κατ’
570 3584 858 3656 ἄνθρωπον
892 3587 920 3638 6
954 3586 1283 3657 δηλούμενος
1308 3583 1376 3658 ἦν
1404 3590 1460 3640 ἐν
1495 3588 1707 3653 τούτοις

161 3671 300 3739 ἱερεὺς
328 3675 415 3728 τοῦ
454 3676 602 3730 Θεοῦ
647 3676 784 3746 μετά
830 3678 993 3748 ὅρκου
1036 3678 1471 3744 διαϐεϐαιώσεως
1504 3680 1703 3753 διαρκῆ

159 3765 232 3815 καὶ
252 3765 457 3839 ἄπειρον
493 3770 602 3841 τὴν
644 3768 942 3841 ἱερωσύνην
974 3770 1126 3843 παρὰ
1151 3770 1245 3824 τοῦ
1284 3771 1419 3825 Θεοῦ
1453 3773 1705 3844 δεδεγμέ-

160 3872 249 3919 νος·
271 3877 287 3909 ε
310 3862 502 3931 Ὦμοσε
526 3883 546 3913 ι
569 3862 703 3932 γάρ,
727 3862 882 3934 φησὶ,
908 3881 926 3913 ι
957 3863 1181 3935 Κύριος,
1201 3864 1291 3917 καὶ
1312 3865 1371 3916 οὑ
1392 3865 1703 3936 μεταμελη-

160 3947 369 4018 Θήεεται,
399 3956 468 4008 Συ
527 3957 715 4025 ἱερεὺς
763 3960 845 4019 είς
886 3958 977 4008 τδν
1013 3956 1185 4009 αἰῶνα
1224 3957 1364 4010 κατὰ
1406 3957 1503 4029 τὴν
1550 3958 1702 4024 τάξιν

162 4040 467 4113 Μελχισεδέκ.
496 4067 515 4098 ι
560 4047 781 4118 Ἐπειδὴ
803 4047 912 4118 γάρ
942 4047 1033 4101 τὸν
1079 4049 1418 4119 Μελχισεδὲκ
1439 4050 1467 4102 6
1495 4051 1700 4121 Μωσῆς

159 4132 277 4202 ἱερέα
303 4138 389 4191 τοῦ
417 4139 559 4194 Θεοῦ
627 4139 853 4208 ὑψίστου
883 4140 1158 4209 γεγονέναι
1194 4142 1412 4212 ἱστορεῖν
1449 4142 1510 4195 οὐ
1543 4142 1701 4213 μύρῳ

159 4230 392 4301 σκευαπῴ
429 4233 831 4305 κεχρισμένον,
867 4231 1001 4286 πολὺ
1037 4232 1301 4304 πρότερόν
1333 4251 1392 4286 τε
1428 4234 1528 4305 τῆς
1578 4237 1698 4287 κατ’

160 4317 288 4371 αὐτὸν
310 4326 628 4395 νομοθεσίας
674 4325 963 4396 γενόμενον
988 4325 1138 4397 ἱερέα
1157 4325 1250 4379 τοῦ
1280 4325 1416 4379 Θεοῦ
1447 4326 1694 4396 ὑψίστου,

157 4410 229 4461 καὶ
247 4415 370 4468 κατὰ
402 4418 539 4471 πολῦ
579 4417 864 4487 κρείττονα
890 4418 989 4488 τὴν
1016 4418 1217 4489 ἀρετὴν
1240 4418 1332 4471 τοῦ
1363 4418 1525 4489 βεϐοη
1534 4419 1694 4489 μένου

168 4495 402 4575 Ἀϐραάμ·
443 4507 596 4576 λέγει
624 4507 669 4560 δ’
705 4504 796 4561 οῦν
818 4524 832 4538 ο
876 4527 893 4558 ι
923 4508 1033 4560 Καὶ
1072 4509 1405 4578 Μελχισεδὲκ
1444 4508 1696 4579 βασιλεὺς

159 4587 340 4663 Sillim,
386 4599 570 4670 ἱερεὺς
627 4600 721 4653 τοῦ
768 4599 903 4653 Θεοῦ
971 4599 1231 4670 ὑψίστου,
1290 4601 1549 4671 εὑλόγησε
1603 4604 1692 4656 τὸν

1824 2039 1947 2080 sum
1968 2024 2032 2076 ⁸³.
2060 2043 2079 2074 ι
2102 2022 2343 2076 Primum
2375 2021 2537 2092 igitur
2563 2020 2666 2074 hoc
2691 2029 2966 2075 teneatur:
3000 2020 3217 2086 Isaiam,
3251 2022 3394 2077 sicut

1824 2113 2019 2179 David,
2053 2129 2215 2185 quem
2250 2120 2539 2166 venturum
2567 2112 2767 2167 dixerit
2792 2112 2860 2166 ad
2891 2113 3158 2179 homines,
3181 2122 3235 2167 et
3261 2130 3388 2184 pra:-

1831 2207 2142 2262 dicaturum
2182 2208 2415 2277 captivis
2456 2205 2857 2269 remissionem,
2900 2220 2963 2259 ac
2997 2206 3156 2261 cazcis
3197 2207 3397 2271 visum,

1823 2297 1969 2350 hunc
2004 2312 2113 2350 non
2154 2303 2473 2366 comparato
2513 2303 2812 2363 unguento,
2842 2296 2937 2349 sed
2968 2311 3034 2349 eo
3062 2297 3209 2364 quod
3243 2298 3397 2366 inge—

1821 2388 1949 2443 nitae
1972 2399 2321 2458 paternaeque
2349 2394 2515 2455 atque
2541 2386 2687 2440 omni
2717 2385 2959 2439 bonitate
2993 2383 3205 2443 referta:
3224 2387 3398 2440 virtu-

1819 2482 1889 2535 tis
1912 2481 1984 2535 sit
2012 2480 2314 2550 pr0prium,
2340 2479 2615 2534 Christum
2647 2476 2943 2540 exstitisse,
2969 2477 3281 2531 vaticinari.
3319 2476 3396 2532 Ex

1818 2571 2057 2641 quadam
2091 2587 2220 2625 vero
2248 2570 2567 2641 prophetica
2612 2569 3032 2632 consuetudine,
3072 2568 3217 2638 quod
3250 2569 3396 2622 futu-

1819 2680 1938 2716 rum
1969 2669 2076 2727 est,
2126 2663 2393 2733 prOpheta
2435 2660 2594 2731 quasi
2638 2660 2972 2729 praeteritum
3015 2660 3290 2725 enuntiat,
3339 2670 3393 2714 et

1817 2766 2075 2827 tanquam
2108 2756 2175 2810 de
2202 2756 2383 2825 seipso
2410 2756 2742 2810 vaticinante
2775 2754 3069 2824 signiﬁcat.
3117 2753 3393 2810 Hactenus

1814 2848 2002 2918 igitur,
2029 2862 2124 2901 eos
2165 2847 2259 2916 qui
2298 2846 2369 2900 ab
2407 2846 2527 2915 ipso
2568 2845 2679 2901 Deo
2710 2854 2764 2900 et
2798 2861 2907 2899 non
2940 2845 3008 2899 ab
3052 2845 3387 2907 hominibus.

1814 2949 1866 2994 et
1906 2939 2099 3010 spiritu
2133 2938 2341 3003 divino,
2376 2954 2484 2993 non
2508 2937 2759 2994 conlecto
2800 2940 2921 2992 oleo
2953 2945 3310 3008 ungerentur,
3334 2954 3394 2992 re

1812 3049 1940 3089 vera
1974 3033 2214 3089 christos
2243 3031 2513 3087 nominari
2546 3031 2865 3090 didicimus.
2897 3030 3003 3086 Sed
3031 3031 3142 3100 jam
3178 3039 3394 3101 tempus

1811 3134 1891 3182 est
1945 3135 2005 3180 ut
2044 3125 2368 3189 videamus,
2414 3123 2877 3195 quemadmodum
2932 3123 3116 3178 divina
3158 3124 3391 3193 quadam

1809 3219 2033 3299 virtute,
2068 3228 2122 3274 et
2161 3217 2543 3288 praestantiore
2574 3232 2736 3287 quam
2765 3225 2962 3271 natura
2992 3215 3232 3271 hominis
3266 3214 3392 3278 fert,

1810 3327 1997 3367 verum
2030 3310 2121 3365 Dei
2160 3310 2443 3366 Christum
2484 3310 2773 3375 exsistere,
2806 3306 3077 3363 Hebraica
3116 3306 3256 3360 ratio
3295 3306 3393 3360 do-

1809 3412 1949 3459 ceat.
1985 3402 2127 3457 Audi
2158 3417 2289 3471 ergo
2314 3415 2511 3455 rursus
2542 3398 2736 3463 David,
2762 3398 2856 3468 qui
2895 3408 3160 3452 mternum
3196 3413 3390 3470 quem-

1808 3496 1933 3550 dam
1970 3494 2314 3550 sacerdotem
2364 3493 2570 3549 vidisse
2612 3507 2671 3547 se
2715 3492 2814 3557 ait,
2856 3500 3020 3562 atque
3037 3492 3183 3547 hunc
3208 3491 3390 3545 Domi-

1808 3604 1938 3642 num
1992 3603 2151 3644 suum
2202 3586 2460 3656 appellat,
2496 3593 2549 3640 et
2579 3583 2774 3641 sedere
2823 3584 3073 3640 eumdem
3119 3600 3242 3637 eum
3280 3582 3390 3636 Deo

1805 3676 1968 3732 Patre
1993 3676 2307 3739 conﬁtetur,
2333 3677 2388 3729 in
2424 3677 2638 3747 psalmo
2663 3690 2774 3740 CII,
2808 3675 2899 3730 ubi
2943 3674 3023 3731 sic
3055 3674 3192 3728 ait“
3219 3693 3231 3728 :
3255 3695 3275 3725 ‹
3298 3672 3389 3726 Di-

1806 3770 1887 3824 xit
1932 3769 2199 3825 Dominus
2246 3768 2479 3823 Domino
2508 3783 2630 3823 meo
2667 3787 2679 3821 :
2722 3766 2861 3822 Sede
2906 3781 2937 3819 a
2981 3766 3188 3822 dextris
3228 3768 3387 3825 meis.

1804 3863 1981 3917 donec
2022 3878 2220 3932 ponam
2253 3862 2510 3917 inimicos
2547 3869 2672 3917 tuos
2715 3860 3014 3917 scabellum
3036 3860 3235 3931 pedum
3266 3868 3388 3913 tuo-

1805 3970 1947 4009 rum.
1982 3953 2204 4025 Virgam
2240 3953 2459 4008 virtutis
2488 3952 2701 4007 emittet
2727 3951 2823 4007 tibi
2852 3951 3116 4006 Dominus
3134 3967 3199 4005 ex
3230 3949 3383 4015 Sion,

1802 4057 1856 4103 et
1875 4048 2243 4103 dominaberis
2267 4048 2320 4100 in
2339 4047 2518 4101 medio
2551 4045 2900 4100 inimicorum
2924 4055 3172 4111 tuorum;
3206 4054 3384 4099 tecum

1803 4140 2132 4210 principium
2164 4140 2219 4193 in
2254 4140 2343 4194 die
2362 4138 2581 4193 virtutis
2615 4145 2740 4201 tuae,
2768 4137 2821 4190 in
2848 4136 3233 4207 splendorihus
3258 4153 3381 4191 san-

1801 4239 2015 4285 ctorum
2036 4239 2279 4295 tuorum,
2317 4246 2384 4285 ex
2422 4240 2577 4284 utero
2603 4237 2729 4284 ante
2760 4228 3073 4284 Luciferum
3101 4230 3259 4300 genui
3291 4239 3341 4284 te
3369 4246 3385 4284 :

1795 4323 2003 4392 juravit
2029 4322 2313 4386 Dominus,
2339 4330 2394 4377 et
2425 4338 2533 4376 non
2570 4321 2856 4391 pmnitebit
2884 4340 2901 4375 ε
2941 4327 2998 4374 ιιι
3029 4336 3089 4375 es
3126 4322 3386 4375 sacerdos

1802 4416 1855 4470 in
1898 4427 2164 4471 aeternum
2204 4417 2510 4471 secundum
2547 4414 2794 4469 ordinem
2838 4412 3218 4467 Melchisedec.
3268 4433 3285 4464 ι
3320 4412 3384 4466 Et

1798 4523 1931 4564 sane
1974 4508 2185 4578 inspice
2231 4506 2694 4578 quemadmodum
2734 4506 2789 4559 in
2834 4506 2918 4560 his
2953 4504 3139 4560 verbis
3182 4504 3380 4565 David,

1797 4600 1893 4670 qui
1937 4599 2108 4655 totius
2145 4598 2433 4654 Hebraicaa
2464 4598 2642 4669 gentis
2673 4610 2769 4651 rex
2804 4604 2946 4663 erat,
2980 4604 3035 4652 ct
3066 4604 3264 4667 praeter
3292 4612 3381 4650 re-

167 4678 408 4758 Ἀϐραάμο
439 4710 457 4741 ι
511 4691 685 4761 χωρὶς
729 4692 786 4744 δὲ
840 4693 1022 4763 πάσης
1077 4692 1416 4762 ἀντιλογίας,
1463 4696 1628 4766 φησιν
1671 4699 1699 4751 6

1812 4692 1978 4763 galem
2029 4690 2351 4763 dignitatem
2415 4692 2581 4746 etiam
2639 4690 2823 4745 divino
2870 4688 3082 4761 Spiritu
3128 4698 3378 4752 ornatus,

166 4769 457 4846 ’Λπόστολος,
493 4784 559 4837 τὸ
581 4783 799 4836 ἔλαττον
826 4783 931 4836 ὑπὸ
970 4782 1063 4836 τοῦ
1105 4783 1411 4855 κρείττονος
1452 4785 1691 4854 εὐλογεί-

156 4868 384 4922 ται·ὲπεὶ
421 4873 601 4926 τοίνυν
647 4874 740 4926 καὶ
779 4875 807 4925 6
853 4874 1221 4945 Μελχισεδὲκ,
1270 4875 1420 4940 ὅστις
1463 4878 1593 4930 ποτε
1624 4873 1691 4949 ἦν

157 4957 338 5027 ἐκεῖνος,
358 4966 599 5028 τοιοῦτος
620 4969 889 5039 εἰσῆκται,
913 4971 973 5022 οὑ
1006 4971 1288 5043 σκευαστῴ
1320 4972 1476 5044 μύρῳ
1506 4991 1693 5046 κεχρι-

112 5050 113 5053 “
158 5052 330 5119 σμένος,
362 5059 654 5131 ἱερωμένος
680 5061 737 5114 δὲ
760 5062 838 5133 τῷ
874 5062 1084 5133 ὑψίστῳ
1112 5063 1250 5134 Θεῷ,
1283 5065 1507 5128 εἰκότως
1537 5069 1631 5119 καὶ
1663 5069 1691 5119 6

155 5138 224 5193 διὰ
241 5144 320 5197 τοῦ
350 5150 506 5203 Δαϐιδ
530 5151 1007 5222 προφητευόμενος
1032 5152 1171 5205 κατά
1196 5153 1292 5224 τὴν
1312 5154 1463 5220 τάξιν
1493 5156 1691 5226 Μελχιη

158 5234 280 5291 σεδὲκ
302 5241 571 5315 ἀνείρηται
601 5245 773 5315 μέγας
803 5262 887 5308 τις
912 5244 987 5298 ὢν
1019 5247 1112 5298 καὶ
1140 5247 1348 5310 πάντας
1379 5248 1688 5320 ὑπερὸεϐηο

159 5325 243 5393 κὼς
269 5334 355 5404 τὴν
397 5339 591 5407 φύσιν,
622 5340 699 5401 ὡς
743 5340 808 5393 ἂν
860 5339 1037 5411 ἱερεὺς
1083 5338 1157 5391 ὢν
1188 5339 1281 5394 τοῦ
1329 5342 1421 5394 ἐπὶ
1472 5343 1689 5397 πάντων

158 5417 281 5485 Θεοῦ,
305 5431 389 5481 καὶ
417 5431 517 5501 τῆς
544 5434 840 5504 ἀγεννήτου
867 5432 1148 5503 δυνάμεως
1182 5432 1489 5505 σύνθρονος,
1513 5435 1605 5488 τοῦ
1628 5453 1687 5488 τε

160 5519 387 5589 προφήτου
445 5525 536 5577 καὶ
598 5525 863 5596 βασιλέως
905 5525 1144 5596 Κύριος’
1197 5526 1290 5579 καὶ
1354 5529 1533 5597 ἱερεὺς
1590 5529 1688 5597 οὑχ

162 5603 331 5673 ἁπλῶς,
365 5615 474 5669 ἀλλ’
518 5618 745 5681 αἰωνίως
792 5620 884 5672 τοῦ
941 5618 1171 5690 Πατρός.
1209 5618 1373 5686 Λέγει
1414 5620 1472 5673 δὲ
1516 5622 1613 5674 καὶ
1661 5623 1690 5674 6

160 5692 268 5761 θεῖος
290 5703 585 5775 ἀπόστολος,
601 5710 871 5774 ἐξετάζων
897 5710 963 5764 τά
990 5711 1127 5765 κατὰ
1143 5712 1268 5775 τοὺς
1294 5713 1492 5777 τόπους
1508 5731 1522 5744 ο
1557 5734 1573 5764 ι
1600 5715 1690 5767 Ἐν

215 5795 251 5824 ’³
290 5799 382 5855 lsa.
413 5818 520 5867 LXI,
549 5808 598 5860 l.
676 5809 721 5840 ’³
754 5807 906 5861 Vers.
935 5809 1041 5861 1-4.

1801 4786 2081 4857 agnoverit
2126 4784 2417 4856 quemdam
2468 4784 2542 4838 ita
2591 4800 2870 4855 magnum,
2914 4790 3077 4854 atque
3116 4783 3190 4837 ita
3216 4798 3383 4854 supra

1800 4880 2024 4935 modum
2056 4877 2595 4943 admirabilem,eum
2618 4878 2804 4946 utique
2825 4875 2891 4930 de
2920 4890 3029 4946 quo
3059 4875 3175 4945 ipse
3204 4873 3383 4945 loqui-

1802 4980 1912 5036 tur,
1946 4980 1999 5026 et
2022 4986 2184 5041 quem
2222 4970 2276 5023 in
2307 4969 2503 5039 spiritu
2534 4968 2766 5031 viderat,
2799 4975 2860 5023 ut
2896 4965 3185 5020 Dominum
3229 4966 3379 5019 illum

1798 5078 1957 5119 suum
2002 5063 2256 5131 appellet.
2286 5081 2305 5111 c
2354 5060 2500 5114 Dixit
2551 5078 2570 5111 ι
2620 5060 2801 5125 enim,
2846 5060 3059 5130 inquit,
3092 5077 3110 5108 ι
3149 5057 3384 5111 Domino

1796 5171 1937 5209 meo.
1966 5175 1988 5206 θ
2013 5154 2156 5220 Quin
2177 5155 2339 5208 etiam
2361 5154 2674 5223 pontificem
2714 5163 2974 5207 aeternum
3011 5150 3261 5205 eumdem
3298 5150 3352 5202 iu
3376 5183 3382 5189 ς

1797 5249 2009 5318 telligit,
2042 5256 2094 5301 et
2124 5247 2461 5302 sacerdotem
2493 5246 2587 5301 Dei
2623 5244 2896 5308 altissimi,
2923 5250 2975 5297 et
2997 5256 3386 5296 consessorem

1798 5340 1893 5395 Dei
1928 5339 2106 5393 Patris
2139 5348 2193 5393 et
2220 5340 2428 5408 prolem
2467 5339 2735 5409 ejusdem.
2768 5335 2935 5405 Atqui
2969 5335 3089 5389 sine
3121 5333 3380 5387 unctione

1797 5434 1915 5488 ﬁeri
1947 5432 2208 5487 sacerdos
2249 5432 2343 5485 Dei
2376 5432 2519 5502 apud
2551 5430 2813 5485 Hebraeos
2836 5442 3001 5482 nemo
3026 5440 3257 5497 prorsus
3284 5441 3379 5496 po-

1792 5533 1970 5591 terat;
2002 5523 2260 5593 quocirca
2290 5522 2414 5579 illos
2434 5538 2625 5578 omnes
2642 5520 2925 5575 nominare
2945 5518 3187 5573 christos
3216 5515 3369 5571 iideu:

1797 5620 2032 5675 libenter
2092 5626 2502 5672 consueverunt
2551 5633 2563 5667 :
2610 5614 2865 5670 Christus
2927 5626 3058 5683 ergo
3117 5608 3280 5664 etiam
3332 5608 3380 5662 is

1798 5712 1985 5782 utique
2052 5711 2121 5766 de
2173 5726 2284 5781 quo
2330 5710 2573 5781 loquitur
2630 5707 2876 5778 psalmus
2942 5700 3202 5760 sacerdos
3248 5699 3374 5753 erit.

219 5884 305 5957 (ιγ
331 5898 651 5961 Ανθρωπον.
681 5895 843 5950 Forte
877 5897 1294 5969 iveptbzwvn'el
1319 5897 1675 5970 ἀνθρώπειον,
1700 5910 1708 5946 1

1812 5896 1953 5948 iaulo
1981 5894 2149 5949 infra.
2186 5892 2343 5949 Eon.

434 5992 695 6052 PATBOL.
741 5992 858 6052 Gn.
908 5993 1109 6052 ΧΧΗ.

2984 5984 3061 6044 10
