3954 6536
557 429 664 484 299
1233 426 1503 482 EUSEBll
1541 426 2022 482 CESARIENSS
2067 426 2214 481 OPP.
2251 425 2452 482 PARS.
2486 427 2633 480 ll.-—-
2677 427 3176 486 APOLOGETICA.
3717 436 3844 489 σοι)

567 541 725 616 177
755 544 1038 611 Quomodo
1074 545 1218 598 enim
1259 545 1576 600 testimonio
1620 545 1900 615 propheta:
1951 559 2128 598 sacer-

2327 545 2711 618 περισσότερον
2770 546 3092 618 βουλόμενος
3123 547 3153 600 6
3193 546 3323 610 Θεὸς
3381 547 3647 613 ἐπιδεῖξαι
3708 552 3842 614 τοῖς

561 633 663 693 dos
695 652 816 691 esse
851 636 1146 698 diceretur,
1180 636 1286 690 nisi
1320 637 1461 690 idem
1503 637 1658 708 prius
1691 635 1945 691 Christus
1967 636 2122 690 exsti-

2286 640 2590 712 ιηρονόμοις
2620 640 2682 692 τὸ
2705 641 3038 712 ἀμετάθετον
3071 641 3170 711 τῆς
3200 639 3389 711 βουλῆς
3410 640 3598 705 αὑτοῦ,
3631 642 3847 712 ἐμεσί-

561 728 760 785 tisset?
794 727 900 784 Sed
929 729 1091 784 etiam
1121 728 1175 782 in
1204 737 1467 782 aeternum
1517 727 1774 783 sacerdos
1823 742 1947 782 esse
1994 727 2122 782 dici-

2282 747 2424 783 ευσεν
2447 731 2615 802 ὅρκῳ,
2637 731 2725 784 ἵνα
2755 732 2843 786 διὰ
2862 731 2954 786 δύο
2987 733 3327 804 πραγμάτων
3355 732 3736 802 ἀμεταθέτων,
3767 734 3843 785 ὲν

560 829 673 878 tur.
702 821 872 877 Porro
904 821 1008 876 hoc
1037 821 1273 892 amplius
1298 829 1506 875 naturae
1539 821 1792 874 humanae
1825 833 2121 875 accommo.

2287 841 2314 888 ς
2349 823 2605 877 ἀδύνατον
2656 823 2958 893 ψεύσασθαι
2997 825 3160 888 Θεὸν,
3211 824 3432 896 ἰσχυρὰν
3467 825 3845 895 παράκλησιν

559 914 678 969 dari
723 927 833 967 non
875 917 1056 982 potest
1105 931 1119 966 :
1179 927 1356 980 neque
1399 911 1542 965 enim
1590 910 1826 966 hominis
1867 916 2120 965 aeternum

2284 936 2477 990 [ωμεψ
2524 939 2541 971 ι
2577 921 2671 973 καὶ
2710 920 2868 974 πάλιν
2893 936 2906 950 ·
2939 939 2956 972 ι
2981 921 3042 974 Οἱ
3094 920 3192 991 μὲν
3242 920 3410 990 χωρὶς
3467 917 3845 990 ὁρκωμοσίας

558 1005 782 1069 durare,
814 1005 1074 1074 quoniam
1107 1003 1339 1057 mortale
1366 1011 1419 1056 et
1466 1001 1657 1072 fragile
1692 1002 1854 1072 plane
1883 1009 2119 1057 nostrum

2280 1012 2371 1066 σίν
2409 1013 2574 1084 ἱερεῖς
2614 1012 2930 1082 γεγονότες,
2963 1013 2991 1064 ό
3037 1011 3092 1065 δὲ
3127 1013 3220 1064 καί
3256 1010 3394 1082 μετὰ
3426 1010 3794 1082 ὁρκωμοσίας
3820 1050 3841 1074 ,

555 1105 640 1153 est
672 1112 865 1167 genus.
903 1095 1269 1150 Excellentior
1302 1109 1433 1164 ergo
1459 1094 1730 1164 quispiam
1764 1109 1928 1163 quam
1961 1100 2020 1148 ut
2055 1094 2116 1147 in!

2288 1105 2322 1159 ὰ
2383 1104 2477 1158 τοῦ
2520 1105 2772 1173 λέγοντος
2809 1105 2944 1176 πρὸς
2985 1103 3180 1158 αὐτόν·
3213 1105 3413 1174 Ὠμοσε
3462 1101 3693 1174 Κύριος,
3731 1103 3844 1156 καὶ

557 1198 642 1242 tra
678 1187 914 1242 hominis
949 1195 1198 1240 naturam
1231 1187 1503 1240 consistat
1533 1186 1600 1248 is,
1627 1185 1719 1254 qui
1748 1185 1917 1262 inhis
1947 1183 2118 1239 verbis

2285 1215 2291 1244 ι
2330 1194 2859 1266 μεταμεληθήσεται,
2902 1196 2974 1249 Σὺ
3015 1195 3193 1266 ἱερεὺς
3224 1195 3302 1258 εἰς
3335 1194 3425 1246 τὸν
3467 1192 3639 1246 αἰῶνα
3675 1192 3846 1246 κατὰ

555 1280 920 1350 signiﬁcatur,
977 1279 1068 1333 Dei
1121 1277 1382 1333 sacerdos
1429 1279 1554 1342 erit,
1597 1278 1690 1348 qui
1725 1292 1850 1331 cum
1901 1277 2116 1348 jurisju-

2282 1305 2329 1358 iV
2353 1287 2504 1353 τάξιν
2538 1289 2893 1360 Μελχισεδέκ.
2923 1290 3035 1343 Καὶ
3073 1290 3122 1342 οἱ
3157 1287 3256 1360 μὲν
3288 1286 3528 1350 πλείονές
3572 1288 3687 1338 εἰσι
3727 1302 3843 1353 γε-

555 1374 712 1428 randi
743 1373 1124 1434 aﬂirmationc,
1169 1379 1433 1441 perpetuo
1461 1370 1788 1426 duraturum
1819 1379 1981 1440 atque
2007 1370 2116 1424 inli-

2283 1379 2448 1445 ινότες
2497 1383 2659 1452 ἱερεῖς
2697 1381 2784 1436 διὰ
2836 1383 2898 1434 τὸ
2948 1381 3160 1452 θανάτῳ
3208 1377 3510 1433 κωλύεσθαι
3555 1377 3844 1448 παραμέ-

554 1465 726 1518 nitum
747 1461 1106 1517 sacerdotimn
1127 1475 1156 1513 a
1183 1459 1291 1514 Deo
1313 1460 1602 1529 acceperit.
1628 1479 1646 1511 ι
1675 1460 1887 1516 Juravit
1918 1482 1933 1513 ι
1959 1459 2115 1515 enim.

2286 1488 2370 1526 ;ιν·
2399 1474 2426 1526 ὁ
2457 1472 2535 1536 δὲ,
2571 1473 2659 1526 διὰ
2691 1473 2753 1527 τὸ
2793 1474 2972 1544 μένειν
3007 1472 3168 1526 αὑτὸν
3211 1475 3290 1537 εἰς
3329 1471 3420 1524 τὸν
3453 1470 3646 1533 αἰῶνα,
3675 1470 3847 1522 ἁπα-

553 1554 752 1626 inquit,
778 1573 795 1605 ι
826 1553 1111 1617 Dominus,
1145 1562 1200 1607 et
1235 1568 1342 1606 non
1376 1553 1659 1622 pmnitebit
1683 1569 1805 1609 eum
1827 1570 1841 1607 ι
1865 1561 1920 1607 tu
1953 1569 2012 1607 es
2043 1568 2114 1608 sai

2284 1564 2464 1617 Ξι6ατον
2490 1564 2602 1636 ἔχει
2635 1565 2734 1638 τὴν
2773 1565 3102 1638 ἱερωσύνην·
3135 1563 3257 1617 ὅθεν
3287 1564 3380 1617 καὶ
3410 1561 3603 1626 σώζειν
3648 1561 3740 1623 εἰς
3773 1560 3845 1614 τὸ

551 1648 748 1704 cerdos
781 1648 834 1701 in
886 1654 1149 1702 internum
1195 1647 1496 1701 secundum
1551 1646 1798 1701 ordinem
1845 1647 2112 1703 Melchise

2286 1655 2491 1720 ιντελὲς
2523 1656 2744 1710 δύναται
2771 1657 2897 1720 τοὺς
2945 1657 3414 1730 προσερχομένους
3446 1656 3510 1709 δι’
3540 1655 3720 1708 αὑτοῦ
3752 1654 3847 1725 τῷ

549 1739 702 1795 dec.:
740 1758 759 1792 ι
797 1739 1057 1810 quoniam
1092 1739 1235 1793 enim
1271 1737 1633 1795 Melchisedec
1661 1740 1842 1797 Moses
1872 1740 2110 1796 sacerdo-

2277 1745 2368 1816 εῷ,
2401 1747 2630 1800 πάντοτε
2669 1745 2777 1813 ζῶν
2810 1750 2889 1813 εἰς
2927 1749 2987 1802 τὸ
3015 1749 3360 1819 ἐντυγχάνειν
3394 1749 3534 1821 ὑπὲρ
3560 1747 3787 1802 αὐτῶν.
3817 1767 3838 1800 ι

547 1841 656 1886 tem
698 1829 794 1886 Dei
837 1831 1088 1886 altissimi
1139 1831 1308 1888 fuisse
1343 1832 1646 1889 conscribit
1670 1833 1738 1897 ³⁸,
1775 1833 1925 1887 nullo
1958 1831 2108 1888 ιιι·ιὶίὶ

2287 1836 2329 1890 ,ά
2360 1837 2562 1892 τούτων
2595 1841 2822 1913 συνέστη
2863 1841 2959 1912 μὲν
2987 1836 3124 1894 οὖσά
3167 1858 3250 1904 τις
3290 1843 3348 1894 ὲν
3391 1845 3500 1904 τοῖς
3526 1837 3674 1905 οὖσι,
3735 1840 3848 1895 καὶ

545 1924 701 1980 cioso
742 1933 1021 1995 unguento
1063 1925 1372 1986 inunctum.
1419 1935 1472 1982 et
1501 1925 1670 1981 multo
1707 1932 1834 1980 ante
1878 1926 2024 1996 leges
2059 1924 2106 1978 al

2283 1930 2518 1998 ρεστῶσα
2547 1933 2604 1985 ὲν
2656 1937 2868 2004 νοητοῖς
2913 1933 3032 1987 θεία
3069 1934 3328 2004 δύναμις,
3364 1937 3397 2004 ἡ
3445 1933 3522 2004 τῷ
3549 1933 3680 2005 Θεῷ
3715 1934 3844 1988 τῶν

547 2015 669 2087 ipso
708 2017 945 2086 scriptas
968 2032 1033 2072 eo
1067 2033 1294 2072 munere
1328 2017 1602 2080 functum,
1639 2032 1705 2072 ac
1731 2017 1934 2071 virtute
1967 2017 2108 2088 longi

2287 2039 2360 2074 ων
2412 2023 2704 2096 ἱερωμένη,
2738 2024 2878 2079 κατά
2909 2025 2976 2079 τὰ
3016 2025 3279 2098 Ἐϐραίων
3317 2027 3490 2096 λόγια,
3524 2028 3586 2080 ού
3621 2028 3846 2096 γεώδει

545 2111 985 2182 praestantiorem
1045 2111 1140 2164 illo
1191 2118 1302 2164 tam
1357 2110 1650 2165 decantato
1697 2110 1973 2164 Abraham
2022 2111 2106 2178 (Sit

2282 2115 2320 2167 ιί
2350 2115 2678 2188 ἀνθρωπίνῳ
2719 2117 2904 2189 μύρῳ,
2940 2117 3236 2189 θεοπρεπεῖ
3267 2119 3325 2172 δέ
3373 2137 3477 2172 τινι
3518 2120 3615 2172 καὶ
3645 2119 3843 2189 ὲνθὲῳ

545 2203 688 2258 enim
721 2202 816 2265 ait,
848 2222 865 2254 ι
903 2211 958 2258 et
981 2201 1346 2259 Melchisedec
1375 2219 1470 2258 rex
1505 2201 1707 2268 Salem,
1741 2205 1999 2258 sacerdos
2032 2203 2105 2259 De

2284 2211 2396 2278 »ετῇ
2427 2225 2484 2261 τε
2532 2210 2624 2262 καὶ
2655 2210 2882 2281 δυνάμει
2919 2210 3168 2284 ἱερᾶσθαι
3198 2210 3574 2283 καθεσταμένη
3610 2211 3699 2283 τῷ
3736 2213 3845 2264 ἐπὶ

545 2295 800 2351 altissimi
849 2294 1132 2351 benedixit
1161 2295 1437 2349 Abraham
1484 2295 1579 2351 ’3:
1637 2314 1656 2346 ι
1706 2295 1973 2366 planeque
2007 2296 2106 2351 sini

2282 2300 2441 2355 ὶντων
2475 2300 2610 2371 Θεῷ.
2668 2303 2724 2355 Ὀ
2769 2301 2898 2371 γοῦν
2931 2303 3019 2356 διὰ
3064 2303 3160 2356 τοῦ
3209 2303 3423 2375 ψαλμοῦ
3473 2305 3843 2375 προφητευό-

543 2387 694 2443 omni
727 2390 1127 2453 controversia,
1157 2389 1459 2460 Apostolus
1489 2388 1566 2442 ait
1598 2389 1662 2454 '7,
1708 2389 1851 2460 quod
1894 2388 2104 2444 inferius

2281 2409 2390 2456 ενος
2419 2394 2665 2466 παρέστη
2714 2394 2974 2468 ἄντικρυς
3012 2395 3189 2467 ἱερεύς
3213 2413 3298 2459 τις
3337 2395 3412 2450 ὢν
3453 2394 3674 2461 αἰώνιος
3736 2398 3842 2450 καὶ

545 2480 619 2538 sit
647 2495 677 2535 a
706 2480 992 2552 superiore
1023 2480 1296 2552 benedici)
1329 2499 1344 2535 τ
1383 2482 1640 2552 quoniam
1674 2481 1840 2552 igitur
1869 2481 1959 2537 hic
2001 2481 2106 2538 Mel

2278 2485 2340 2548 κὸς
2374 2485 2597 2556 ὑψίστου
2641 2486 2811 2552 Θεοῦ,
2847 2488 2922 2552 ὡς
2971 2489 3036 2542 ἀν
3081 2488 3173 2541 ὑπ’
3219 2487 3384 2541 αὐτοῦ
3433 2487 3526 2542 τοῦ
3583 2489 3839 2557 ὑψίστου

545 2572 819 2637 chisedec,
851 2573 1166 2644 quicunque
1200 2573 1290 2629 ille
1327 2572 1512 2638 fuerit,
1538 2574 1611 2628 ita
1649 2574 1908 2628 inductus
1930 2581 2033 2635 est,
2066 2588 2106 2627 u

2280 2576 2360 2630 εοῦ
2395 2579 2780 2650 γεγενημένος,
2815 2580 2910 2633 καὶ
2945 2572 3231 2654 σύνθρονος
3264 2581 3364 2650 τῆς
3407 2579 3695 2651 βασιλείας
3728 2581 3841 2634 αύ-

543 2666 698 2721 ηυίἰο
739 2666 1040 2722 artiﬁcioso
1067 2674 1348 2738 unguento
1389 2674 1590 2722 unctus
1631 2666 1992 2737 intelligatur,
2027 2683 2104 2722 δε(

2280 2665 2340 2718 μῦ.
2367 2667 2643 2722 Δέδεικται
2674 2669 2730 2722 δὲ
2759 2671 2854 2722 καὶ
2887 2671 2915 2722 6
2946 2669 3034 2724 διά
3067 2669 3160 2723 τοῦ
3193 2670 3416 2723 Ἡσαΐου
3449 2670 3690 2742 Χριστὸς
3728 2672 3841 2742 οὐχ

544 2759 816 2816 altissimo
844 2759 955 2816 Deo
981 2768 1364 2824 consecratus,
1391 2761 1589 2814 merito
1617 2760 1782 2814 etiam
1815 2759 1862 2814 is
1909 2759 1976 2813 de
2015 2774 2105 2828 qui

2280 2759 2317 2810 τ’
2349 2759 2652 2830 ἀνθρώπων
2695 2761 2955 2830 γεγονὼς,
2981 2761 3094 2814 ἀλλ’
3139 2763 3231 2815 ὑπ’
3262 2761 3424 2814 αὐτοῦ
3464 2761 3688 2833 Πατρὸς
3735 2763 3841 2817 καὶ

539 2853 877 2911 vaticinatur
906 2851 1098 2916 David,
1137 2870 1155 2902 ι
1191 2851 1494 2907 secundum
1539 2850 1790 2905 ordinem
1838 2850 2100 2906 Melchise

2281 2852 2314 2906 ἀ
2345 2852 2438 2905 τοῦ
2469 2851 2653 2906 ἐνθέου
2688 2853 3009 2924 Πνεύματος
3032 2855 3412 2926 κεχρισμένος,
3444 2853 3746 2926 λυτρωτής
3775 2871 3837 2909 τε

541 2945 663 3008 dcc,
702 2965 720 2997 ι
759 2960 991 3016 magnus
1021 2944 1244 3015 quidam
1273 2959 1417 3007 esse,
1447 2950 1502 2998 et
1531 2950 1727 2996 natura
1753 2942 2012 2996 omnibus
2038 2957 2100 2997 su

2276 2944 2636 3015 πεσταλμένος
2661 2945 2760 3014 τῆς
2787 2945 2896 2999 τῶν
2917 2945 3220 3018 ἀνθρώπων
3249 2947 3642 3017 αἰχμαλωσίας.
3685 2947 3837 3001 Τοῦ-

541 3041 727 3111 perior
755 3039 980 3100 dicitur,
1006 3045 1193 3109 utpote
1235 3038 1330 3108 qui
1369 3045 1422 3093 et
1471 3037 1714 3107 supremi
1747 3035 1842 3091 Dei
1867 3035 2102 3092 sacerdo:

2272 3055 2315 3090 ιν
2362 3037 2425 3109 δὴ
2474 3033 2566 3091 οὖν
2606 3037 2879 3108 πνεύματι
2949 3036 3080 3109 θείῳ
3130 3038 3459 3109 τεθεαμένος
3506 3040 3534 3090 ὁ
3582 3041 3833 3112 Μωσῆς,

540 3131 800 3187 increatac
837 3131 1130 3202 potestatis
1156 3145 1473 3194 consessor,
1525 3137 1581 3185 et
1627 3129 1804 3200 ipsius
1848 3129 2101 3201 propheta

2272 3131 2438 3194 xévag
2481 3130 2577 3183 καὶ
2617 3128 2860 3200 σύμϐολα
2906 3129 2983 3194 ὡς
3023 3129 3092 3182 ἐν’
3129 3129 3436 3202 ἀνθρώποις
3469 3129 3639 3183 αὑτοῦ
3679 3132 3833 3186 καθ-

539 3239 606 3280 ae
642 3226 787 3296 regis
816 3222 1083 3280 Dominus
1117 3229 1170 3279 et
1209 3222 1488 3285 sacerdos,
1515 3235 1623 3275 non
1651 3222 2002 3292 simpliciter,
2025 3237 2100 3278 set

2276 3240 2371 3294 τη,
2406 3221 2689 3293 σκευαστῷ
2719 3222 2874 3294 μύρῳ
2906 3221 3045 3284 τέως
3067 3222 3189 3275 ἀντί
3209 3220 3302 3275 τοῦ
3325 3220 3468 3275 θείου
3494 3221 3837 3292 Πνεῦματος

541 3318 603 3375 in
632 3280 900 3373 mternum
934 3317 1007 3372 sit
1029 3314 1230 3371 Patris.
1259 3313 1400 3369 Dicit
1431 3321 1613 3368 autem
1660 3312 1880 3370 divinus
1904 3329 2102 3386 quoqm

2274 3333 2314 3368 ιν
2337 3280 2400 3368 έν
2435 3280 2740 3385 ἀνθρώποις
2786 3280 3134 3386 ἐτροηγμένον
3191 3315 3341 3386 ἱερέα
3387 3313 3554 3386 χρίων
3603 3280 3665 3367 τέ

543 3413 850 3482 apostolus,
901 3410 1194 3480 explorans
1227 3424 1290 3464 ea
1338 3424 1458 3478 qua:
1504 3409 1570 3464 ad
1616 3407 1717 3463 hos
1761 3409 1912 3464 locos
1954 3409 2104 3479 perti-

2270 3407 2480 3476 λείφων,
2516 3406 2750 3478 Χριστόν
2775 3423 2835 3459 τε
2865 3407 3027 3460 αὐτὸν
3066 3407 3162 3461 καὶ
3196 3407 3524 3479 ὴλειμμένον
3555 3410 3638 3472 είς
3684 3410 3831 3463 ἁνα-

546 3510 698 3558 neut.
723 3522 740 3554 ι
765 3503 823 3556 1η
854 3517 985 3572 quo,
1010 3500 1208 3571 inquit,
1240 3499 1612 3555 abundantius
1646 3499 1836 3555 volens
1859 3499 2004 3556 Deus
2026 3516 2107 3556 os-

2271 3500 2394 3572 opdw
2423 3499 2516 3553 τοῦ
2557 3499 2794 3572 ἀληθοῦς
2826 3500 3136 3556 ἀποκαλῶν.
3173 3502 3297 3556 Ὅτι
3337 3502 3393 3556 δὲ
3424 3501 3599 3556 ταῦτα
3637 3502 3832 3565 οὔτως

539 3596 763 3650 tendere
788 3593 1101 3650 haeredibus
1143 3593 1577 3648 immobilitatem
1629 3593 1846 3649 consilii
1890 3593 1998 3658 sui,
2037 3593 2100 3646 iu-

2269 3609 2367 3663 ίει,
2409 3591 2492 3657 τίς
2529 3592 2594 3646 ἂν
2623 3592 2835 3661 γένοιτο
2870 3592 3080 3665 μάρτυς
3107 3593 3274 3647 αὑτοῦ
3332 3593 3575 3658 Μωσέως
3608 3595 3830 3665 μᾶλλον

537 3689 806 3760 terposuit
832 3687 1242 3758 jusjurandum,
1279 3697 1340 3742 ut
1373 3702 1468 3756 per
1495 3687 1631 3742 duas
1665 3702 1752 3742 res
1788 3686 2095 3742 immobiles

2269 3682 2552 3755 Ξιόχρεως;
2598 3684 2685 3737 Ἐν
2715 3683 2824 3756 γὰρ
2852 3687 2919 3756 τῇ
2972 3685 3138 3739 αὑτοῦ
3185 3689 3370 3757 γραφῇ
3401 3687 3491 3740 τὸν
3539 3687 3830 3758 χρηματί-

540 3783 742 3852 quibus
779 3781 1120 3853 impossibile
1151 3792 1235 3836 est
1268 3779 1489 3836 mentiri
1521 3779 1714 3845 Deum,
1755 3779 2101 3835 fortissimun

2265 3793 2382 3829 ww
2411 3775 2560 3847 αὐτῷ
2591 3775 2724 3829 Θεὸν
2763 3777 2858 3830 καί
2891 3775 3094 3848 Κύριον
3133 3777 3431 3849 διαρρήδην
3461 3779 3826 3848 παρακελεύ-

538 3871 794 3926 solatium
826 3871 1124 3926 habeamus
1149 3870 1194 3903 '°
1214 3888 1228 3937 ;
1247 3879 1300 3926 et
1324 3886 1515 3928 rursus
1539 3890 1552 3926 :
1580 3889 1598 3922 ι
1630 3872 1735 3925 Alii
1759 3871 1977 3942 quidem
2001 3871 2099 3927 sini

2265 3865 2417 3920 ασθαι
2449 3867 2597 3938 αὑτῷ
2619 3866 2881 3931 διδάσκει,
2913 3865 3054 3921 κατά
3086 3867 3185 3939 τὴν
3218 3867 3627 3940 ύποδειχθεῖσαν
3659 3868 3826 3941 αὐτῷ

533 3963 895 4033 jurejurando
930 3962 1246 4018 sacerdotes
1296 3962 1422 4019 facti
1451 3971 1602 4026 sunt,
1642 3963 1731 4018 hic
1779 3971 1962 4018 autem
1991 3980 2094 4019 cun

2266 3959 2418 4030 ›ητὴν
2471 3961 2565 4012 καὶ
2621 3959 2872 4031 οὐράνιον
2919 3959 3086 4014 αὑτοῦ
3140 3959 3296 4024 θέαν,
3343 3963 3827 4035 σωματικωτέραν

531 4055 916 4124 jurejurando,
948 4070 1045 4124 per
1094 4070 1219 4110 eum
1251 4057 1344 4126 qui
1377 4055 1512 4110 dixit
1556 4055 1620 4110 ad
1676 4055 1829 4110 illum
1863 4075 1874 4109 :
1903 4053 2090 4110 Juravi

2262 4051 2318 4105 πὶ
2354 4050 2460 4121 γῆς
2504 4050 2877 4122 συστήσασθαι
2920 4049 3196 4122 λατρείαν,
3233 4051 3418 4104 εἰκόνα
3459 4051 3565 4104 τῶν
3600 4055 3823 4126 νοητῶν

535 4149 799 4204 Dominus
829 4155 882 4204 et
917 4163 1027 4203 non
1070 4149 1357 4219 pwnilebit
1389 4165 1536 4211 cum,
1570 4157 1628 4202 tu
1674 4165 1733 4203 es
1768 4149 2030 4204 sacerdos
2061 4150 2096 4204 ir

2261 4144 2316 4198 αἱ
2349 4143 2656 4215 ἀσωμάτων
2688 4143 3066 4215 περιέχουσαν.
3086 4142 3320 4211 Λέγεται
3346 4142 3475 4210 γοῦν
3504 4141 3614 4195 τῶν
3643 4144 3716 4197 ἐν
3747 4144 3822 4215 τῷ

531 4252 820 4306 aeternum,
851 4241 1153 4298 secundum
1184 4240 1432 4296 ordinem
1485 4239 1881 4305 Mclchisedec;
1935 4250 1989 4293 ct
2022 4241 2090 4294 ali

2257 4233 2279 4285 ’u
2288 4230 2436 4303 ρανῷ
2466 4230 2712 4300 ἀγγέλων
2737 4231 2832 4284 καί⁵
2864 4231 3022 4285 θείων
3042 4231 3324 4303 δυνάμεων
3343 4231 3606 4298 διάταξιν,
3635 4234 3818 4288 τύπον

531 4334 753 4404 quidem
786 4335 971 4405 plures
1005 4333 1133 4388 facti
1167 4340 1296 4388 sunt
1325 4331 1660 4395 sacerdotes,
1713 4329 1919 4385 idcirco
1963 4346 2092 4401 qum

2255 4323 2341 4377 ινά
2378 4322 2813 4395 σκιογραφῆσαι,
2871 4323 3141 4394 φήσαντος
3188 4321 3336 4393 αὐτῷ
3380 4322 3474 4376 τοῦ
3513 4326 3814 4396 χρησμοῦο

531 4435 707 4481 morte
762 4425 1187 4496 prohiberentur
1245 4435 1564 4492 permanere
1611 4438 1624 4472 :
1672 4418 1760 4473 hic
1825 4429 2006 4473 autem
2049 4433 2092 4474 ei

2267 4418 2521 4489 Ποιήσεις
2553 4417 2732 4470 πάντα
2764 4414 2907 4468 κατά
2939 4415 3030 4468 τὸν
3066 4414 3237 4469 τύπον
3269 4417 3360 4468 τὸν
3391 4415 3676 4486 δειχθέντα
3737 4436 3817 4472 σοι

530 4516 677 4585 quod
723 4524 940 4570 maneat
971 4516 1027 4570 in
1081 4523 1368 4578 aeternum,
1401 4511 1795 4581 sempiternum
1828 4510 1992 4565 habet
2023 4526 2084 4566 sa

2254 4530 2276 4565 ν
2308 4510 2384 4580 τῷ
2421 4509 2556 4581 ὄρει.
2591 4527 2610 4559 ι
2645 4508 2788 4578 Ἀρα
2819 4501 2912 4560 οὖν
2955 4507 3032 4570 ὡς
3061 4505 3131 4559 τὰ
3161 4505 3298 4560 ἄλλα
3322 4545 3336 4570 ,
3380 4507 3522 4560 οὕτω
3571 4509 3672 4561 καὶ
3726 4511 3815 4565 τὸν

529 4607 835 4664 cerdotium
870 4629 882 4663 :
917 4609 1062 4663 unde
1106 4615 1160 4662 et
1211 4607 1426 4661 salvare
1460 4607 1516 4659 in
1551 4614 1875 4675 perpetuum
1929 4612 2086 4674 potes

2259 4599 2480 4674 ρχιερέα
2531 4599 2784 4671 παρῆγε,
2822 4596 2978 4670 μύρῳ
3011 4596 3201 4666 γεώδει
3247 4597 3416 4668 χρίων
3462 4599 3660 4664 αὑτὸν,
3725 4601 3813 4655 καί

528 4701 854 4755 accedentes
884 4717 980 4771 per
1011 4700 1188 4770 ipsum
1237 4699 1304 4752 ad
1349 4697 1541 4759 Deum,
1573 4713 1788 4760 semper
1819 4696 2009 4751 vivens
2041 4712 2089 4750 at

2251 4713 2334 4748 ινα
2366 4692 2579 4762 σκιώδη
2611 4692 2706 4744 καὶ
2737 4690 3026 4752 εἰκονικὸν,
3066 4688 3180 4743 ἀλλ’
3211 4689 3313 4744 οὐκ
3351 4689 3524 4761 ἀληθῆ
3566 4691 3812 4761 Χριστὸν

529 4791 982 4860 interpellandqu
1013 4805 1108 4860 pro
1132 4789 1291 4845 nobis
1321 4789 1403 4854 ";
1448 4807 1466 4840 ι
1506 4803 1639 4842 sane
1677 4802 1772 4856 per
1813 4787 1927 4840 hanc
1957 4801 2090 4841 com‘

2239 4783 2496 4857 ιρχιερέα,
2544 4781 2640 4834 τοῦ
2675 4781 2796 4834 κατ’
2832 4780 3062 4852 οὐρανὸν
3101 4777 3338 4851 Χριστοῦ
3373 4796 3429 4832 τε
3474 4779 3569 4832 καὶ
3612 4781 3800 4853 ἀρχιε.

525 4883 817 4937 mcndatur
844 4885 1090 4953 quaedam
1117 4897 1240 4954 quze
1263 4889 1348 4936 est
1372 4880 1426 4934 in
1452 4881 1539 4943 iis,
1566 4894 1686 4948 qua:
1725 4886 1872 4942 sunt,
1906 4885 1960 4934 et
1991 4894 2086 4948 qua

1597 4894 1686 4948 ua:
1725 4886 1872 4942 sunt,
1906 4885 1960 4934 et
1991 4893 2112 4948 qua:
2216 4877 2352 4949 ρέως
2379 4874 2670 4945 ἀντίμιμον
2695 4871 3158 4943 ἀπεργαζόμενος.

525 4979 782 5034 consistit
831 4981 886 5034 in
934 4981 1001 5034 iis
1047 4995 1170 5050 quae
1218 4979 1334 5034 sola
1383 4976 1738 5046 intelligentia
1781 4975 2095 5046 capiuntur,
2144 4974 2308 5044 178
2333 4971 2517 5027 divina
2571 4971 2776 5035 virtus,
2809 4984 2932 5039 qua:
2975 4966 3086 5023 Deo
3113 4967 3378 5032 universi,
3430 4974 3487 5021 ut
3518 4966 3572 5020 in
3605 4980 3805 5023 oracu-

524 5072 592 5126 lis
620 5071 970 5128 llebraaorum
1022 5071 1278 5142 legimus,
1313 5075 1636 5123 consecrata
1662 5075 1746 5122 est
1774 5087 1786 5122 :
1819 5081 1995 5136 neque
2037 5080 2168 5142 vero
2201 5073 2422 5118 terreno
2455 5069 2621 5132 atque
2663 5061 2905 5116 humano
2957 5067 3256 5130 unguento,
3301 5057 3397 5116 sed
3443 5057 3675 5112 alterius
3716 5074 3800 5129 ge-

523 5167 673 5221 neris
731 5165 876 5235 quod
931 5139 1100 5218 Deum
1141 5161 1353 5225 deceat,
1413 5159 1708 5229 divinaque
1761 5159 1965 5213 virtute
2019 5172 2083 5211 ac
2123 5139 2419 5226 .potestate
2472 5152 2542 5208 ad
2596 5168 2798 5207 munus
2849 5150 3151 5207 sacerdotis
3195 5150 3530 5214 obeundum,
3580 5149 3804 5221 Deoque

517 5255 668 5312 Patri
690 5255 1082 5328 prazstandum,
1105 5256 1426 5308 conlirmata
1458 5252 1732 5307 consistit.
1767 5250 1900 5304 Eum
1947 5249 2116 5320 igitur
2155 5249 2223 5302 de
2255 5261 2366 5316 quo
2421 5244 2672 5300 Psalmus
2740 5243 3094 5305 vaticinatur,
3139 5249 3366 5313 apparet
3420 5254 3647 5311 prorsus
3715 5253 3801 5295 sa-

519 5351 799 5406 cerdotem
832 5350 1124 5421 quemdam
1154 5365 1277 5404 esse
1309 5347 1697 5417 sempiternum
1739 5346 2104 5415 altissimique
2142 5342 2236 5398 Dei
2295 5340 2518 5402 Filium,
2582 5349 2843 5410 tanquam
2899 5338 2969 5392 ab
3003 5337 3124 5407 ipso
3154 5338 3424 5392 altissimo
3477 5335 3590 5390 Deo
3643 5336 3797 5407 geni-

518 5453 658 5510 tum,
686 5453 739 5499 et
770 5444 916 5499 illius
969 5442 1121 5513 regni
1183 5455 1562 5495 consessorem
1598 5457 1612 5492 :
1648 5447 1731 5494 est
1776 5438 1939 5492 etiam
1999 5444 2304 5499 ostensum,
2360 5440 2420 5486 ut
2467 5433 2561 5503 qui
2603 5447 2702 5501 per
2754 5429 2948 5485 Isaiam
2996 5427 3338 5497 signiﬁcatur
3375 5427 3654 5490 Christus,
3685 5442 3792 5482 non

519 5540 591 5593 ab
643 5537 958 5592 hominibus
1014 5536 1190 5590 factus
1247 5533 1340 5596 sit,
1392 5531 1489 5587 sed
1536 5532 1606 5587 ab
1652 5531 1772 5602 ipso
1804 5528 1966 5584 Patre
2025 5543 2123 5598 per
2193 5525 2457 5598 Spiritum
2520 5524 2765 5578 divinum
2803 5522 2875 5576 sit
2912 5529 3131 5586 unctus,
3183 5528 3235 5576 et
3283 5519 3349 5573 ad
3403 5519 3654 5573 homines
3703 5518 3788 5588 qui

519 5634 720 5705 captivi
751 5641 1064 5687 tenerentur
1089 5629 1453 5695 redimendos,
1488 5629 1710 5683 missus.
1742 5626 1895 5680 Ilunc
1939 5627 2103 5696 igitur
2137 5625 2324 5680 divino
2357 5622 2566 5693 Spiritu
2613 5621 2844 5674 intuitus
2877 5619 3076 5682 Moses,
3139 5617 3268 5672 dum
3315 5617 3583 5688 imagines
3607 5633 3672 5671 ac
3694 5631 3790 5671 no-

593 5877 634 5908 "
667 5874 799 5928 Gen.
872 5889 984 5940 le,
1024 5873 1142 5931 18.;
1220 5874 1264 5905 "
1312 5870 1443 5926 ibid.
1482 5871 1564 5926 19.
1662 5870 1706 5901 ’⁷
1745 5866 1908 5923 llebr.
1944 5883 2040 5934 vu,
2075 5866 2125 5918 7.

1981 5883 2040 5934 ιι,
2075 5866 2125 5918 7.
2237 5865 2281 5896 ³⁸
2315 5862 2479 5918 llcbr.
2517 5877 2589 5927 γι,
2629 5861 2713 5928 17,
2756 5861 2841 5915 18.
2941 5861 2983 5890 '9
3017 5857 3182 5917 llrbr.
3212 5873 3307 5924 vn,
3346 5857 3532 5914 ‘20-‘25.
