3954 6516
122 437 211 493 σοι
1024 427 1691 487 'DEMONS’BRATIONIS
1719 427 2176 484 EVANGELICAE
2206 426 2336 484 LIB.
2363 424 2452 479 IV.
3262 424 3376 475 5-ὶέ

126 561 206 606 tas
267 549 473 619 ipsius,
509 556 566 601 ut
594 546 650 601 in
683 545 1019 605 hominibus.
1089 544 1411 601 constituit:
1446 550 1760 612 comparato
1819 548 2097 611 unguento
2141 539 2361 595 interim
2398 536 2567 592 divini
2628 536 2864 607 Spiritus
2909 536 3056 600 loco,
3112 554 3271 607 quem
3323 556 3381 592 ιιι

128 642 434 697 hominibus
497 641 805 712 praetulerat
851 638 1189 695 sacerdotem
1244 638 1478 699 iuunxit,
1546 635 1935 704 Christumque
2003 649 2127 688 eum
2186 640 2241 688 et
2297 640 2540 695 unctum,
2594 630 2855 687 relatione
2890 631 2957 685 ad
2988 648 3112 687 eum
3149 634 3239 702 qui
3289 650 3379 687 νεα

128 752 214 792 rus
256 745 363 801 est,
416 735 731 806 appellavit.
784 732 941 800 Quod
992 742 1172 787 autem
1240 732 1355 786 lucc
1410 731 1485 785 ita
1542 745 1601 785 se
1661 729 1930 793 habeant,
1982 728 2128 799 quis,
2172 726 2258 781 cui
2315 725 2447 781 ﬁdes
2495 725 2783 789 habeatur,
2835 726 2990 781 testis
3048 727 3167 797 ipso
3231 727 3379 783 Mose

127 833 366 905 dignior?
428 832 492 885 In
530 831 597 887 iis
634 830 780 888 enim
812 844 933 900 quae
962 830 1031 884 ab
1083 829 1203 898 ipso
1233 828 1440 895 scripta
1507 833 1635 881 sunt
1699 824 2119 894 respondentem
2180 822 2284 877 sibi
2343 821 2511 877 Deum
2564 835 2628 876 ac
2674 819 2988 888 Dominum,
3042 824 3220 893 palam
3276 824 3381 879 sibi

134 928 420 997 imperasse
475 924 657 989 docet,
712 932 773 978 ut
824 923 1128 979 secundum
1180 921 1481 977 exhibitam
1553 918 1659 973 sibi
1723 916 2121 986 intelligibilem
2153 930 2217 970 ac
2271 913 2548 969 caelestem
2595 912 2741 968 illius
2798 914 3086 979 visionem,
3125 930 3385 985 corporea

134 1019 300 1087 specie
358 1015 745 1071 adorationem
812 1016 867 1068 in
911 1022 1061 1068 terra
1104 1014 1486 1073 constitueret.
1551 1024 1673 1081 quae
1716 1023 1899 1062 rerum
1932 1007 2359 1078 intelligibilium
2411 1013 2575 1076 atque
2620 1005 3066 1078 incorporearum
3095 1010 3386 1081 imaginem

134 1114 602 1182 complecteretur.
674 1111 863 1180 Itaque
924 1109 1231 1165 caelestium
1308 1105 1625 1177 angelorum
1697 1101 2120 1171 divinarumque
2169 1107 2500 1170 potestatum
2551 1098 2796 1164 ordines,
2850 1099 3268 1158 adumbratione
3319 1119 3387 1158 ac

136 1206 288 1275 ﬁgura
344 1202 593 1272 quadam
653 1202 857 1257 dicitur
909 1201 1297 1271 descripsisse,
1356 1214 1481 1254 cum
1542 1196 1650 1269 ipsi
1697 1195 1891 1265 utique
1950 1194 2232 1249 oraculum
2276 1194 2503 1248 dixisset
2542 1211 2554 1245 :
2599 1211 2616 1241 ί
2658 1190 2848 1249 Facies
2875 1195 3058 1249 omnia
3104 1196 3172 1250 ad
3203 1211 3387 1252 exem-

138 1302 241 1370 plar
282 1296 432 1367 quod
485 1296 588 1351 tibi
634 1296 1071 1352 demonstratum
1130 1304 1215 1351 est
1264 1296 1321 1349 in
1358 1300 1543 1348 monte
1577 1291 1622 1322 ³ο
1658 1311 1672 1345 :
1716 1309 1734 1341 ι
1779 1288 1924 1359 Ergo
1976 1287 2435 1358 quemadmodum
2488 1286 2719 1356 reliqua,
2750 1286 2823 1340 ita
2858 1295 2912 1340 et
2953 1288 3268 1344 Pontiﬁeem
3305 1291 3384 1344 in.

136 1395 292 1455 duxit,
347 1409 519 1463 quem
572 1392 814 1447 terrestri
870 1402 1149 1462 unguento
1218 1396 1447 1461 angeret
1488 1408 1501 1442 :
1550 1386 1736 1457 itaque
1807 1383 2151 1438 umbratilem
2200 1382 2491 1453 quemdam
2542 1396 2606 1435 ac
2655 1382 2997 1451 simulatum,
3046 1402 3156 1440 non
3206 1395 3391 1443 autem

137 1506 304 1546 verum
329 1489 619 1545 Christum
643 1498 698 1544 et
723 1490 1059 1561 pontiﬁcem,
1085 1491 1235 1545 illius
1256 1501 1439 1544 tamen
1463 1486 1705 1543 ccelestis
1740 1484 1945 1540 Christi
1980 1493 2035 1541 et
2058 1486 2334 1556 pontiﬁcis
2364 1486 2537 1541 instar
2569 1481 2861 1555 expressit.

205 1581 333 1633 Ἀλλ’
360 1583 442 1635 ὅτι
478 1582 582 1652 μὲν
613 1585 641 1636 6
668 1583 873 1654 κυρίως
908 1584 1142 1655 Χριστὸς
1174 1586 1274 1637 οὐκ
1311 1583 1594 1655 ἄνθρωπος
1616 1578 1704 1653 ἦν,

1882 1579 2175 1645 Caeterum,
2204 1588 2263 1633 ut
2299 1580 2517 1649 proprie
2543 1578 2762 1650 quidem
2798 1571 3054 1632 Christus
3087 1592 3198 1632 non
3227 1577 3393 1631 homo

139 1674 234 1739 υίὸς
262 1674 314 1727 δὲ
346 1693 432 1739 τις
463 1674 626 1739 Θεοῦ,
653 1675 846 1741 δεξιοῖς
875 1677 973 1748 τῆς
995 1679 1268 1750 πατρικῆς
1296 1677 1546 1747 θεότητος
1575 1694 1714 1730 τετι-

1835 1671 2002 1735 'uerit,
2030 1688 2218 1727 verum
2256 1672 2348 1728 Dei
2381 1672 2574 1735 Filius,
2626 1673 2718 1742 qui
2767 1670 2956 1726 dextra
2988 1678 3229 1741 paterme
3262 1671 3397 1725 divi-

142 1768 403 1836 μημένος,
451 1768 550 1820 καὶ
602 1768 734 1822 πολὺ
782 1770 1043 1840 κρείττων
1076 1771 1137 1823 οὐ
1183 1771 1339 1841 μόνον
1385 1770 1484 1840 τῆς
1516 1769 1715 1839 Θνητῆς

1838 1763 2010 1819 uitatis
2033 1764 2105 1819 sit
2141 1763 2459 1829 decoratus,
2494 1771 2547 1819 et
2576 1765 2748 1818 multo
2779 1763 3147 1834 praastantior,
3180 1779 3291 1818 non
3312 1779 3398 1818 so-

134 1861 223 1911 κσίι
260 1858 616 1930 ἀνθρωπείας
650 1860 900 1929 φύσεως,
955 1860 1091 1914 ἀλλὰ
1144 1862 1239 1915 καὶ
1283 1862 1464 1932 πάσης
1508 1861 1606 1931 τῆς
1657 1862 1715 1913 ὲν

1840 1873 1928 1911 um
1960 1858 2177 1912 mortali
2226 1857 2574 1928 humanaque
2623 1868 2839 1922 natura,
2890 1857 2985 1912 sed
3027 1858 3193 1911 etiam
3240 1857 3392 1910 omni

144 1955 360 2021 γενητοῖς
390 1954 597 2022 νοερᾶς
627 1952 836 2016 οὐσίας,
870 1952 1059 2023 σαφῶς
1090 1951 1239 2025 οἶμαι
1265 1953 1677 2025 ’ἀποδεδωκέναι
1697 1970 1710 1982 ·

146 2044 262 2115 πλὴν
293 2044 405 2097 ἀλλ’
452 2046 538 2098 ὅτι
576 2044 718 2099 κατὰ
755 2044 823 2098 τὰ
862 2045 1125 2116 πρότερον
1160 2046 1423 2117 εἰρημένα
1472 2049 1501 2100 6
1555 2044 1717 2108 αὐτὸς

147 2137 286 2188 Δαϐὶδ
330 2138 387 2189 ἐν
448 2138 535 2208 μδ⁹
609 2137 812 2208 ψαλμῷ
881 2142 1175 2210 προγραφῇ
1252 2139 1597 2211 χρησάμενος
1648 2141 1715 2210 τῇ

153 2245 169 2278 ε
194 2228 347 2300 ’Υπὲρ
387 2228 487 2282 τοῦ
523 2230 814 2301 ἀγαπητοῦ
849 2233 943 2285 καὶ
987 2232 1094 2285 τῶν
1128 2232 1661 2303 ἀλλοιωθησομένων,
1696 2252 1711 2281 ι

150 2320 261 2389 ὁμοῦ
296 2320 425 2373 Θεὸν
459 2324 561 2375 καὶ
613 2322 837 2392 βασιλέα
895 2324 989 2377 καὶ
1036 2325 1271 2395 Χριστὸν
1318 2324 1412 2379 ἕνα
1454 2324 1573 2378 τινὰ
1625 2325 1719 2377 καὶ

150 2412 225 2463 τὸν
263 2412 420 2465 αὑτὸν
444 2413 802 2484 ἀναγορεύει,
844 2415 1072 2486 γράφων
1138 2413 1342 2479 οὕτως’
1392 2434 1411 2466 ‹
1460 2414 1717 2487 Ἐξηρεῦ-

158 2502 258 2565 ξατο
298 2507 331 2576 ἡ
384 2506 593 2579 καρδία
647 2523 747 2576 μου
798 2506 955 2576 λόγον
1006 2508 1231 2575 ἀγαθὸν,
1272 2508 1415 2576 λέγω
1484 2508 1595 2575 ἐγὼ
1651 2509 1721 2561 τὰ

156 2596 266 2664 ἔργα
311 2614 411 2667 μου
468 2597 552 2668 τῷ
615 2598 842 2668 βασιλεῖ.
890 2600 954 2651 Ἠ
1018 2599 1239 2669 γλῶσσά
1310 2618 1410 2671 μου
1474 2600 1721 2671 κάλαμος

168 2691 496 2760 γραμματέως
546 2690 881 2762 ὀξυγράςρου·
907 2693 1107 2764 ὡραῖος
1160 2692 1346 2746 κάλλει
1398 2692 1550 2763 παρὰ
1595 2694 1722 2756 τοὺς

160 2782 279 2843 υἱοὺς
309 2781 413 2833 τῶν
438 2780 749 2854 ἀνθρώπων
770 2799 782 2811 ⁸
825 2802 843 2834 ι
880 2777 960 2846 οἷς
995 2782 1121 2853 ἑξῆς
1156 2781 1421 2849 ὲπιλέγεν
1454 2801 1471 2832 ι
1516 2782 1573 2833 '0
1601 2780 1722 2852 θρό-

163 2891 232 2936 νος
274 2892 376 2941 σου,
414 2878 442 2929 6
479 2875 644 2939 Θεὸς,
681 2877 761 2939 είς
792 2877 882 2929 τὸν
916 2876 1090 2929 αἰῶνα
1128 2875 1223 2928 τοῦ
1259 2875 1452 2938 αἰῶνος
1476 2892 1487 2904 ·
1527 2874 1721 2945 ῥάϐδος

166 2965 418 3037 εὐθύτητος
451 2970 485 3039 ἡ
544 2967 741 3039 ῥάϐδος
777 2970 878 3039 τῆς
922 2967 1198 3038 βασιλείας
1246 2985 1337 3020 σου
1364 2985 1376 2997 ·
1423 2968 1718 3038 ἠγάπησας

158 3054 491 3129 δικαιοσύνην,
524 3060 625 3112 καὶ
653 3059 921 3131 ἐμίσησας
954 3060 1170 3113 ἀδικίαν
1192 3075 1203 3088 ·
1240 3059 1328 3113 διὰ
1359 3059 1517 3112 τοῦτο
1537 3059 1721 3131 ἔχρισέ

166 3161 214 3199 σε
238 3148 263 3199 6
289 3148 413 3214 Θεὸς
444 3154 473 3204 6
506 3150 646 3215 Θεός
682 3169 776 3206 σου
807 3152 984 3206 ἔλαιον
1015 3152 1390 3221 ἀγαλλιάσεως
1420 3152 1573 3223 παρὰ
1596 3152 1721 3215 τοὺς

164 3239 392 3311 μετόχους
422 3260 543 3297 σου.
591 3262 609 3294 ›
646 3244 844 3298 Σκόπει
877 3245 919 3297 δ’
964 3242 1058 3299 οῦν
1097 3245 1538 3318 ἐπιμελέστερον,
1575 3247 1724 3309 ὅπως

170 3332 283 3384 κατὰ
313 3334 404 3405 τὴν
436 3334 533 3388 τοῦ
571 3334 789 3407 ψαλμοῦ
825 3338 1152 3409 προγραφὴν
1194 3338 1335 3409 ὑπὲρ
1373 3337 1468 3391 τοῦ
1502 3338 1723 3408 ἀγαπη-

173 3426 245 3479 τοῦ
273 3428 353 3482 τὸν
376 3430 535 3499 λόγον
574 3427 713 3484 εἶναι
746 3433 1186 3505 προοιμιάζεται,
1222 3434 1359 3505 μετὰ
1393 3434 1487 3487 τοῦ
1518 3434 1613 3488 καὶ
1644 3433 1725 3496 είς

173 3518 354 3573 σύνεσιν
378 3523 485 3576 τῶν
514 3523 937 3595 λεχθησομένων
970 3526 1061 3579 τὸν
1093 3526 1369 3597 ἀκροατὴν
1411 3531 1721 3601 παρορμᾷν·

174 3611 565 3684 ἐπισημαίνεται
606 3617 663 3670 δὲ
711 3618 805 3669 καὶ
838 3618 899 3671 τὸ
938 3619 1110 3671 αἴτιον
1140 3614 1243 3690 τῇ
1285 3621 1597 3692 οἰκονομίας
1630 3623 1725 3676 τοῦ

176 3702 323 3770 λὸγου,
354 3709 604 3777 φάσκωψ
650 3726 669 3759 ‹
718 3711 811 3773 Εἰς
835 3710 897 3763 τὸ
927 3711 1079 3775 τέλος
1120 3712 1261 3782 ὑπὲρ
1293 3713 1400 3765 τῶν
1435 3714 1729 3785 ἁλλοιωθη-

180 3798 380 3865 σομένων
408 3802 487 3864 είς
518 3799 740 3853 σύνεσιν
767 3802 909 3873 ὑπὲρ
938 3801 1032 3855 τοῦ
1077 3802 1388 3875 ἀγαπητοῦ.
1425 3822 1442 3855 ι
1474 3804 1637 3869 Τίνας
1671 3806 1727 3858 δὲ

180 3886 337 3953 ελους
360 3893 537 3957 εἴποις
576 3888 716 3947 εἶναι
744 3896 870 3959 τοὺς
910 3895 1447 3968 ἁλλοιωθησομένους
1481 3899 1621 3970 ὑπὲρ
1655 3893 1729 3953 ὧν

178 3978 203 4028 6
233 3980 421 4055 623.36;
463 3987 708 4058 εἴρηται,
744 3987 778 4059 ἦ
810 3990 935 4053 τοὺς
974 3989 1270 4059 μέλλοντας
1307 3991 1730 4061 μεταϐαλεῖσθαι

183 4071 233 4123 ἐκ
257 4077 501 4149 προτέρου
546 4078 664 4149 βίου
686 4080 780 4134 καὶ
801 4081 1026 4153 τρόπου,
1054 4082 1518 4155 μετατεθήσεσθαί
1547 4102 1606 4137 τε
1637 4085 1732 4138 καὶ

176 4160 611 4240 ἀλλοιωθήσεσθαι
655 4170 744 4223 διὰ
783 4171 876 4224 τοῦ
929 4176 1443 4246 προφητευομένου;
1475 4171 1642 4240 Οὗτος
1674 4177 1731 4230 δὲ

1817 1950 2146 2021 iutelligibili
2200 1951 2255 2005 in
2309 1951 2476 2006 rebus
2512 1953 2709 2007 creatis
2757 1951 2999 2006 essentia
3038 1950 3395 2019 intelligatur,

1819 2043 1977 2110 plane
2006 2058 2093 2098 me
2123 2043 2364 2098 arbitror
2398 2044 2831 2107 demonstrasse,
2874 2051 3070 2113 prmter
3120 2058 3290 2096 unum
3330 2044 3396 2095 il-

1820 2133 1935 2199 lud,
1958 2133 2105 2204 quod
2139 2134 2207 2189 ad
2235 2150 2298 2189 ea
2321 2151 2442 2205 quae
2468 2135 2702 2191 antehac
2729 2135 2873 2190 dicta
2907 2143 3059 2201 sunt,
3091 2134 3401 2189 addendum

1818 2242 1942 2281 esse
1992 2228 2252 2292 arbitror,
2310 2230 2381 2285 ab
2433 2229 2624 2283 eodem
2678 2229 2865 2299 utique
2920 2228 3090 2283 David
3149 2228 3205 2281 in
3266 2244 3404 2297 qua-

1820 2319 2132 2391 dragesimo
2182 2328 2380 2391 quarto
2430 2323 2645 2390 psalmo
2690 2321 3046 2391 inscriptione
3088 2320 3399 2390 praeposita,

1822 2410 1913 2464 illa
1930 2427 2050 2480 quae
2066 2419 2171 2475 est,
2198 2432 2223 2462 ί
2256 2428 2355 2482 pro
2378 2413 2576 2467 dilecto
2592 2421 2646 2467 et
2672 2414 2739 2468 iis
2761 2413 2853 2483 qui
2880 2413 3339 2477 immutabuntur,
3374 2433 3393 2464 ι

1822 2501 1991 2557 Deum
2020 2504 2182 2557 simul
2208 2510 2261 2558 et
2289 2518 2469 2574 regem
2488 2515 2543 2557 ct
2559 2503 2835 2560 Christum
2868 2521 3035 2559 unum
3060 2514 3110 2559 el
3151 2505 3401 2565 eumdem

1821 2595 2110 2665 quemdam
2130 2596 2410 2665 appellari,
2429 2595 2514 2651 his
2545 2597 2763 2666 quidem
2783 2598 2961 2654 verbis
2989 2616 3003 2652 :
3034 2598 3194 2668 179
3215 2616 3231 2648 ι
3268 2596 3404 2651 Eru-

1822 2686 1990 2741 ctavit
2005 2702 2101 2743 cor
2118 2704 2297 2743 meum
2316 2689 2540 2743 verbum
2567 2689 2793 2756 bonum,
2811 2690 2935 2745 dico
2958 2706 3057 2761 ego
3091 2704 3257 2760 opera
3288 2704 3406 2744 mea

1822 2780 1936 2849 regi
1975 2798 1989 2834 :
2024 2780 2205 2850 lingua
2227 2795 2347 2835 mea
2370 2781 2615 2837 calamus
2660 2782 2854 2837 scriba:
2883 2783 3143 2837 velociter
3172 2781 3410 2836 scriben-

1824 2873 1895 2929 tis
1930 2893 1941 2927 :
1979 2874 2262 2943 speciosus
2284 2873 2460 2929 forma
2493 2892 2603 2947 pra:
2640 2876 2764 2932 ﬁliis
2798 2876 3076 2931 hominum
3117 2876 3181 2929 δι.
3224 2894 3242 2927 ι
3278 2874 3410 2940 Qui-

1828 2968 1931 3022 bus
1957 2968 2212 3040 deinceps
2245 2969 2512 3039 adjungit.
2549 2988 2567 3021 ι
2598 2968 2765 3025 Sedes
2792 2976 2908 3030 tua,
2934 2967 3109 3031 Deus,
3142 2968 3197 3021 in
3233 2981 3413 3021 διερο-

1829 3060 1939 3114 lum
1986 3062 2170 3116 δείξουιὶ
2203 3081 2215 3116 :
2250 3062 2402 3133 virga
2441 3061 2765 3117 dircctionis
2807 3063 2955 3132 virga
2990 3062 3148 3131 regni
3182 3061 3259 3115 tui
3287 3079 3300 3114 :
3327 3059 3412 3113 di-

1831 3154 2009 3210 lexisti
2039 3155 2331 3225 justitiam,
2386 3162 2441 3210 et
2486 3155 2646 3210 odisti
2687 3155 3023 3225 iniquitatem
3074 3175 3086 3209 :
3124 3162 3412 3225 propterea

1841 3248 1997 3303 unxit
2060 3258 2111 3303 te
2146 3248 2289 3305 Deus
2340 3248 2484 3305 Deus
2516 3258 2645 3305 tuus
2681 3250 2801 3304 oleo
2845 3250 3249 3313 exsultationis,
3302 3264 3414 3320 pra:

1835 3346 2192 3417 participibus
2251 3348 2361 3402 tuis
2404 3347 2471 3400 ³³.
2522 3366 2541 3399 ι
2578 3346 2884 3413 Considera
2935 3360 3065 3415 ergo
3100 3345 3415 3415 diligentius

1833 3439 2293 3509 quemadmodum
2354 3439 2652 3494 secundum
2707 3438 2903 3509 psalmi
2964 3438 3413 3507 inscriptionem,

1833 3536 1948 3580 tum
1985 3543 2084 3598 pro
2111 3528 2310 3583 dilecto
2341 3544 2401 3583 se
2424 3529 2589 3583 verba
2626 3528 2806 3582 facere
2836 3528 2993 3581 initio
3020 3527 3202 3581 statim
3230 3535 3419 3581 osten-

1834 3620 1949 3684 dat,
1986 3628 2100 3674 tum
2136 3622 2302 3675 etiam
2345 3630 2405 3675 ut
2428 3622 2493 3676 ad
2523 3621 2934 3691 intelligentiam
2962 3634 3151 3675 eorum
3177 3634 3299 3689 quae
3333 3618 3419 3672 di--

1836 3713 2008 3766 cenda
2037 3712 2167 3775 sint,
2192 3712 2497 3769 auditorem
2537 3723 2908 3776 commoveat,
2964 3710 3237 3783 signiﬁcat
3282 3726 3421 3781 pra:-

1837 3814 1983 3858 terea
2023 3820 2271 3874 quamam
2307 3806 2376 3861 sit
2428 3805 2592 3885 hujus
2637 3804 2902 3859 orationis
2949 3804 3022 3858 ita
3067 3803 3421 3873 disponendae

1837 3913 2025 3962 causa,
2059 3914 2182 3952 cum
2217 3899 2291 3951 ait
2326 3918 2339 3952 :
2381 3917 2402 3948 ι
2444 3898 2497 3951 in
2533 3897 2691 3952 ﬁnem
2746 3912 2843 3967 pro
2894 3897 2962 3951 iis
3017 3896 3109 3966 qui
3164 3896 3424 3949 immuta-

1839 3993 2065 4058 buntur,
2090 3991 2159 4045 ad
2210 3991 2644 4061 intelligentiam,
2674 4005 2771 4060 pro
2806 3990 3009 4044 dilecto
3053 3988 3137 4043 ³³ι
3180 4008 3203 4040 ι
3256 4003 3422 4058 porro

1839 4099 2105 4156 quosnam
2138 4084 2274 4139 alios
2300 4082 2506 4139 dixeris
2557 4082 2946 4147 immutandes,
2978 4097 3077 4151 pro
3106 4082 3305 4152 quibus
3331 4082 3422 4135 hic

1838 4179 2084 4248 psalmus
2111 4176 2184 4233 sit
2204 4176 2530 4240 dictus,uisi
2547 4190 2641 4231 eos
2664 4175 2755 4245 qui
2786 4174 3033 4228 mutandi
3058 4174 3167 4228 sint
3187 4189 3216 4226 a
3240 4173 3424 4241 priore

183 4247 237 4304 ἦν
269 4259 299 4323 ὁ,
326 4260 611 4334 ἀγαπητὸς
651 4262 744 4315 τοῦ
776 4262 934 4326 Θεοῦ,
981 4266 1123 4337 ὑπὲρ
1163 4261 1223 4321 οὗ
1257 4268 1348 4320 ἐπὶ
1381 4268 1481 4338 τῆς
1517 4287 1730 4341 προφη-

1844 4247 1953 4326 vita
1972 4287 2035 4325 ac
2063 4270 2309 4326 moribus
2330 4268 2829 4337 transferendique,
2849 4274 2979 4322 etex
2994 4267 3117 4321 aliis
3142 4268 3231 4320 alii
3254 4266 3423 4320 futuri

184 4347 307 4411 τείας
332 4356 600 4418 συνέσεως
629 4356 739 4408 δεῖν
759 4358 787 4409 6
815 4356 1175 4430 ψαλμὸςὴμῖν
1203 4362 1643 4432 προοιμιάζεται.
1672 4366 1734 4417 Εἰ

188 4437 221 4489 δ’
246 4438 325 4497 οὖν
362 4449 744 4520 ἐπαπορήσας,
779 4450 863 4514 τίς
904 4452 1011 4522 ἄρα
1049 4448 1117 4524 ἦν
1158 4456 1187 4506 6
1228 4455 1513 4525 ἀγαπητὸς
1561 4452 1734 4521 οὗτος,

188 4535 291 4604 περὶ
333 4532 389 4590 οὗ
434 4542 493 4594 ἐν
535 4541 616 4611 τῷ
647 4542 848 4614 ψαλμῷ
880 4544 1303 4615 προεφητεύετο,
1336 4546 1488 4618 παρὰ
1516 4547 1678 4610 πόδας
1710 4550 1738 4601 ὁ

190 4621 314 4691 λόγος
328 4634 664 4704 παραστήσει
682 4635 979 4706 ἀρχόμενος
1002 4636 1163 4699 εὐθὺς
1186 4638 1280 4689 καὶ
1302 4637 1496 4707 λέγων’
1532 4660 1549 4691 ‹
1593 4640 1741 4710 Ἐξη-

194 4717 383 4783 ρεύξατο
407 4727 439 4795 ή
466 4726 671 4796 καρδία
731 4744 834 4797 μου
868 4728 1025 4796 λόγον
1063 4729 1288 4797 ἀγαθόν.
1330 4751 1347 4782 ι
1385 4731 1542 4785 Εἴποι
1588 4732 1645 4785 δὲ
1674 4734 1738 4787 ἄν

192 4819 257 4867 τις
280 4810 422 4865 αὑτὸν
453 4817 666 4869 ἐκεῖνον
700 4818 1079 4888 σημαίνεσθαι,
1122 4820 1213 4873 τὸν
1236 4824 1291 4874 ὲν
1310 4822 1452 4894 ἀρχῇ
1480 4824 1614 4893 πρὸς
1650 4825 1739 4878 τὸν

195 4894 298 4951 Θεὸν
319 4905 497 4974 Λόγον,
522 4908 583 4961 ὃν
620 4908 885 4980 θεολογῶν
906 4914 935 4965 6
954 4912 1125 4982 μέγας
1142 4914 1532 4987 εὐαγγελιστὴς
1567 4917 1742 4969 ’ῐωάν-

196 5001 272 5057 νης
297 4998 518 5069 παρίστη
548 5001 743 5069 λέγων·
781 5022 799 5054 ε
846 5005 936 5057 Ἑν
969 5005 1111 5077 ἀρχῇ
1131 5002 1197 5077 ἦν
1220 5008 1248 5058 ὁ
1264 5008 1455 5075 Λόγος.
1474 5011 1567 5063 καὶ
1587 5012 1615 5062 ὁ
1637 5011 1739 5063 Λό-

197 5095 272 5145 70;
289 5080 347 5155 ἦν
374 5094 505 5163 πρὸς
536 5095 629 5147 τὸν
657 5096 810 5162 Θεὸν,
842 5100 937 5151 καὶ
969 5098 1100 5162 Θεὸς
1130 5096 1198 5171 ἦν
1224 5103 1252 5154 6
1284 5101 1475 5170 Λόγος.
1524 5123 1541 5152 ι
1576 5103 1648 5155 Τὸ
1673 5103 1739 5165 δ’,

204 5193 221 5223 ⁶
256 5181 594 5258 Ἕξηρεύξατο
624 5195 657 5263 ἡ
692 5194 890 5263 καρδία
938 5213 1038 5266 μου
1063 5196 1221 5265 λόγον
1254 5198 1480 5265 ἀγαθὸν,
1526 5217 1543 5247 ι
1583 5197 1743 5269 εἴπερ

202 5272 251 5324 ὲκ
275 5281 543 5348 προσώπου
574 5285 667 5338 τοῦ
694 5288 903 5358 Πατρὸς
926 5289 1019 5340 καὶ
1037 5288 1173 5341 Θεοῦ
1206 5288 1314 5341 τῶν
1343 5290 1478 5341 ὅλων
1508 5290 1741 5359 λέγοιτο,

202 5362 274 5419 τδν
309 5378 553 5448 μονογενῆ
598 5378 691 5431 τοῦ
742 5380 877 5433 Θεοῦ
909 5381 1078 5449 Λόγον
1112 5382 1399 5450 ὑποφαίνοι
1442 5382 1528 5445 ἂν,
1572 5382 1648 5445 ὡς
1679 5382 1745 5436 ἂν

229 5456 307 5511 Ἷδν
339 5467 395 5520 ὲκ
432 5471 522 5524 τοῦ
569 5472 781 5543 [ἰατρὸς
828 5474 1145 5541 ὑφεστῶτα·
1193 5474 1306 5527 ἀλλ’
1341 5476 1401 5528 οὐ
1434 5474 1577 5528 κατὰ
1610 5493 1747 5545 προ-

208 5546 403 5629 δθλὴνιῆ
434 5565 569 5618 κατὰ
599 5565 883 5637 διαίρεσιν,
908 5566 942 5637 ἢ
972 5566 1164 5638 τομὴν,
1194 5567 1227 5637 ἢ
1265 5569 1510 5638 μείωσιν,
1540 5567 1572 5637 ἢ
1606 5568 1747 5621 κατά

1842 4381 1937 4436 per
1961 4379 2086 4419 eum
2118 4363 2187 4418 de
2213 4379 2322 4433 quo
2354 4362 2494 4416 idem
2526 4361 2777 4417 Psalmus
2798 4360 3171 4415 vaticinatur?
3205 4357 3302 4412 Hic
3326 4373 3418 4411 au-

1836 4466 1948 4511 tem
1972 4464 2056 4511 est
2092 4456 2326 4510 dilectus
2350 4454 2465 4517 Dei,
2494 4469 2594 4523 pro
2628 4469 2739 4523 quo
2768 4454 2824 4507 in
2874 4452 2990 4522 ipsa
3021 4450 3309 4521 prophetia
3338 4449 3423 4503 in-

1841 4548 2138 4620 telligentia
2168 4564 2290 4603 esse
2317 4562 2456 4616 opus
2480 4547 2725 4617 psalmus
2757 4546 2873 4615 ipse
2904 4544 3059 4599 initio
3090 4544 3251 4599 nobis
3283 4560 3423 4614 prm-

1842 4643 2052 4698 scribit.
2082 4642 2236 4708 Quod
2261 4641 2306 4696 si
2336 4640 2554 4695 dubites
2574 4640 2698 4709 quis
2724 4640 2809 4693 hic
2833 4636 3049 4692 tandem
3086 4638 3157 4691 sit
3188 4636 3426 4691 dilectus

1841 4736 1909 4791 de
1934 4751 2043 4805 quo
2088 4736 2142 4789 in
2180 4734 2285 4789 hoc
2317 4733 2526 4803 psalmo
2566 4732 2675 4785 tale
2705 4731 2972 4785 habeatur
3012 4729 3362 4789 vaticinium,
3396 4743 3429 4782 e

1842 4826 2072 4895 vestigio
2096 4824 2195 4879 tibi
2218 4823 2336 4893 ipsa
2367 4822 2542 4876 oratio
2572 4820 2894 4886 declarabit,
2919 4835 3041 4891 qua:
3061 4820 3218 4874 initio
3241 4820 3426 4873 statim

1846 4918 1918 4973 ita
1951 4919 2025 4972 ait
2052 4938 2062 4972 :
2103 4938 2123 4969 τ
2153 4916 2433 4970 Eructavit
2457 4930 2553 4969 cor
2577 4930 2756 4969 meum
2782 4914 3009 4969 verbum
3032 4914 3259 4967 bonum.
3285 4931 3303 4962 ι
3336 4909 3429 4962 Di-

1842 5013 1989 5067 xerit
2012 5020 2192 5066 autcm
2215 5012 2487 5081 quispiam
2509 5011 2688 5080 ipsum
2712 5008 2845 5063 illud
2865 5008 3164 5079 signiﬁcari
3190 5009 3244 5061 in
3274 5008 3429 5075 prin-

1847 5105 1991 5175 cipio
2024 5103 2167 5174 apud
2204 5103 2373 5157 Deum
2406 5102 2665 5166 Verbum,
2699 5104 2766 5157 de
2804 5116 2914 5172 quo
2955 5100 3255 5168 theologice
3292 5100 3431 5152 scri-

1846 5198 1982 5253 bens
2026 5211 2256 5265 magnus
2302 5195 2636 5264 evangelista
2672 5193 2949 5256 Joannes,
3000 5193 3081 5246 sic
3140 5190 3425 5259 loquitur:

1853 5309 1870 5340 ε
1903 5287 1961 5343 1η
1992 5286 2263 5359 principio
2296 5295 2415 5340 erat
2446 5286 2683 5341 Verbum
2704 5328 2717 5345 .
2767 5294 2821 5339 et
2858 5283 3095 5337 Verbum
3127 5288 3247 5337 erat
3286 5280 3429 5349 apud

1849 5382 2052 5447 Deum,
2111 5388 2165 5436 et
2226 5380 2369 5435 Deus
2412 5390 2528 5434 erat
2563 5378 2802 5435 Verbum
2854 5377 2931 5442 '7’;
2983 5396 3001 5427 ι
3059 5376 3193 5430 illud
3248 5390 3427 5429 vero:

1854 5495 1873 5527 ‹
1919 5474 2199 5529 Eructavit
2249 5488 2348 5526 cor
2392 5488 2571 5527 meum
2603 5473 2830 5526 verbum
2876 5470 3102 5531 bonum,
3149 5489 3167 5520 ι
3213 5468 3259 5525 si
3309 5468 3434 5539 qui-

1850 5568 1971 5623 dem
2003 5584 2067 5623 ex
2100 5581 2336 5637 persona
2376 5564 2555 5621 Patris
2580 5574 2634 5619 et
2667 5564 2759 5619 Dei
2792 5564 3032 5619 universi
3059 5562 3435 5626 dicatur,uni~

210 5653 251 5689 τι
271 5646 359 5700 τῶν
382 5654 432 5705 ὲν
457 5656 699 5728 σώμασιν
733 5660 1167 5730 ὑπονοουμένων·
1208 5661 1379 5732 ἀσεϐῆ
1406 5661 1515 5732 γὰρ
1546 5659 1730 5713 ταῦτα,

1854 5678 1977 5717 cum
2010 5664 2249 5731 genitum
2277 5659 2370 5713 Dei
2412 5658 2648 5713 Verbum
2691 5658 3077 5729 signiﬁcaverit
3103 5699 3117 5723 ,
3173 5664 3433 5725 tanquam

215 5735 288 5787 καί
310 5742 517 5814 πάμπαν
543 5752 905 5823 ἀπῳκισμένα
928 5753 1026 5823 τῆς
1046 5754 1285 5827 ἀρρήτου
1310 5754 1742 5826 γενεσῑουργίαςο

300 5913 337 5945 ³⁵
369 5917 523 5985 Exod.
556 5944 681 5994 xxv,
714 5928 801 5984 l0.
851 5930 890 5962 ³¹
928 5928 1068 5986 Psal.
1117 5948 1260 5997 xuv,
1296 5930 1352 5997 2,
1388 5931 1439 5986 '5-
1520 5932 1560 5963 ³²
1592 5931 1729 5986 ίδίά·
1772 5931 1800 5983 ⁷

1854 5754 2049 5808 Filium
2099 5754 2189 5824 qui
2246 5754 2312 5807 de
2370 5751 2530 5806 Patre
2585 5751 2889 5815 exstiterit,
2948 5767 3055 5806 nou
3100 5748 3437 5822 projectionc

1807 5972 1822 5999 ,
1855 5930 1907 5986 8.
1988 5932 2031 6013 3?
2060 5928 2197 5986 Ibid.
2231 5929 2281 5983 1.
2316 5997 2320 6000 γ
2365 5929 2409 5962 ”
2446 5928 2601 5984 Joau.
2635 5946 2674 5994 ι,
2713 5931 2759 5988 l.
