3954 6504
224 417 316 473 505
1123 406 1780 466 DEMONSTRATIO‘NIS
1814 406 2271 465 EVANGELICIE
2311 403 2447 463 LIB.
2489 405 2576 460 IV.
3359 411 3465 467 τοο

224 534 326 592 ea,
361 529 434 591 si;
483 526 656 581 αἰῶνα
691 526 787 580 καὶ
834 526 942 578 ἔτιο
983 526 1258 596 σκῆπτρον
1309 525 1599 593 εὐθύτητος
1647 527 1753 596 σκῆ

1884 527 2037 591 tiam,
2070 535 2125 582 et
2156 525 2326 583 odisti
2361 524 2736 594 iniquitatem:
2763 531 3049 595 propterea
3068 527 3297 580 unxitte
3317 525 3463 584 Deus

227 641 371 695 πτρον
401 621 676 692 βασιλείας
706 637 820 674 σου.
861 621 1178 691 Ἠγάπησας
1210 619 1436 674 δίκαιον.
1467 620 1562 673 καὶ
1588 621 1750 692 ἐμίση

1885 620 2026 676 Deus
2047 628 2175 675 tuus
2210 619 2335 674 oleo
2357 618 2740 673 exsultationis
2761 633 2871 688 prae
2893 618 3250 688 participibus
3273 621 3402 676 tuis.
3435 639 3458 674 ι

226 735 308 780 σας
353 714 625 784 ἀσέϐημα·
670 713 765 765 ἐπὶ
821 711 994 784 τούτῳ
1045 712 1234 784 Ιιῑλλειφέ
1296 729 1353 765 σε
1388 715 1416 766 ὀ
1449 713 1524 785 (1)
1564 713 1691 777 Θεὸς
1749 737 1753 760 ι

1885 711 2040 782 181
2108 711 2327 782 Inspice
2374 711 2543 782 igitur
2589 709 2831 765 Deumne
2903 711 2960 766 in
3012 711 3097 767 his
3151 713 3462 784 alloquatur

223 810 334 872 Θεός
371 825 459 860 σου
514 807 694 860 ἔλαιον
739 807 915 878 χαρᾶς
964 805 1072 859 ἀπὸ
1115 806 1344 877 ἑταίρων
1395 822 1510 859 σου.
1561 825 1579 858 ι
1634 806 1777 858 Ἀντὶ

223 901 334 971 γοῦν
359 900 448 954 τοῦ
483 919 502 951 ι
536 900 564 951 6
590 898 722 961 Θεὸς
753 901 780 951 6
812 898 946 962 Θεός
979 915 1095 962 σου,
1121 917 1139 948 ι
1170 897 1308 969 αὐτὴ
1341 898 1658 970 ἡἘόραῖκὴ
1686 898 1774 950 λέ-

222 995 308 1058 ξις,
342 1011 359 1044 t
398 991 518 1052 Θεὲ,
563 993 592 1044 6
623 990 757 1053 Θεός
788 1007 904 1052 σου,
961 1010 980 1040 ι
1019 991 1284 1062 περιέχει,
1322 991 1410 1044 ἵνα
1521 991 1580 1044 τὸ
1623 991 1770 1045 ὅλον·

233 1085 544 1154 Ἦγάπησας,
572 1077 618 1136 ὧ
647 1083 767 1145 Θεὲ,
792 1081 852 1135 τὸ
876 1082 1102 1145 δίκαιον,
1131 1083 1226 1134 καὶ
1255 1081 1527 1154 ἐμίσησας
1552 1082 1612 1136 τὸ
1647 1083 1775 1136 ἀσέ-

217 1178 379 1249 ϐημα·
408 1178 595 1248 διόπερ
627 1178 720 1229 ἐπὶ
761 1175 936 1246 τούτῳ
986 1173 1170 1246 ἔχρισὲ
1211 1192 1293 1237 σε,
1329 1168 1375 1228 ῶ
1417 1175 1538 1238 Θεὲ,
1572 1177 1601 1228 6
1631 1175 1770 1228 ἀνω-

215 1269 343 1324 τάτω
369 1269 458 1322 καὶ
490 1269 693 1340 μείζων
722 1267 884 1330 αὐτὸς
910 1269 939 1320 6
971 1267 1068 1320 καὶ
1102 1265 1204 1320 σοῦ-
1227 1266 1378 1330 Θεὸς,
1403 1266 1479 1330 ὡς
1506 1263 1645 1318 εἶναι
1679 1269 1772 1320 καὶ

214 1360 294 1412 τὸν
318 1359 592 1429 χριόμενον
625 1358 717 1412 καὶ
750 1358 838 1412 τὸν
871 1357 1092 1430 χρίοντα
1126 1357 1260 1410 πολὺ
1304 1357 1566 1428 πρότερον
1587 1395 1602 1420 ,
1638 1357 1772 1409 πάν-

209 1470 304 1505 των
336 1452 426 1522 μὲν
468 1451 600 1505 ὄντα
639 1451 802 1516 Θεὸν,
844 1451 939 1504 καὶ
979 1449 1145 1502 αὑτοῦ
1177 1449 1232 1502 δὲ
1277 1449 1638 1520 διαφερόντως
1674 1447 1768 1501 τοῦ

207 1541 494 1612 χρωμένου.
519 1541 690 1594 Τοῦτο
707 1541 763 1594 δὲ
782 1541 878 1594 καὶ
901 1541 1038 1611 αὐτῇ
1061 1540 1418 1611 ὲπιστήσαντι
1438 1542 1503 1612 τῇ
1539 1540 1768 1611 Ἐὅραίξι

207 1629 399 1702 γλώττῃ
428 1631 662 1703 φανερὸν
697 1630 764 1685 ἂν
800 1631 1033 1700 γένοιτο.
1085 1629 1208 1683 Ἐπὶ
1252 1630 1361 1702 γὰρ
1399 1631 1500 1702 τῆς
1545 1628 1768 1702 πρώτης

204 1723 516 1793 ἐπωνυμίας,
550 1723 673 1776 καθ’
703 1724 769 1795 ἢν
797 1726 826 1776 6
867 1723 1117 1789 Ἀκύλας,
1157 1742 1178 1774 ι
1214 1722 1400 1794 θρόνος
1430 1739 1546 1785 σου,
1578 1721 1698 1785 Θεὲ,
1743 1741 1760 1772 ι

203 1815 493 1885 ἡρμήνευσε
538 1815 727 1882 σαφῶς
773 1816 895 1869 ἀντὶ
930 1815 1022 1870 τοῦ
1058 1818 1091 1870 ό
1128 1813 1272 1881 Θεὸς
1316 1813 1423 1868 Θεέ
1475 1811 1666 1877 εἰπὼν,
1703 1813 1764 1864 τὸ

1881 803 2215 873 planissime,
2243 818 2314 856 an
2343 818 2452 856 non
2480 822 2492 856 :
2524 818 2718 874 nempe
2745 821 2762 853 ι
2794 812 2874 870 ιιι,
2901 823 2920 856 ι
2949 803 3159 874 inquit,
3189 823 3207 855 ι
3240 803 3406 866 Deus,
3433 824 3454 858 ι

1877 909 1978 964 pro
2008 909 2074 949 eo
2105 894 2251 965 quod
2282 904 2366 949 est
2390 934 2404 957 ,
2437 913 2455 945 ι
2485 909 2518 948 ο
2542 893 2685 948 Deus
2705 934 2719 958 ,
2750 897 2909 952 sedes
2955 903 3047 950 tua
3094 896 3148 950 in
3190 896 3454 951 saeculum

1877 987 2065 1043 saeculi
2108 995 2326 1051 exstat,
2379 993 2434 1040 et
2487 987 2638 1056 virga
2692 986 3045 1053 directionis,
3101 989 3255 1058 virga
3299 987 3454 1060 regni

1874 1080 1956 1133 tui
1984 1099 1998 1135 :
2035 1087 2090 1134 et
2121 1081 2378 1150 quoniam
2411 1087 2466 1132 tu
2491 1080 2628 1149 ipse,
2677 1077 2846 1148 Deus,
2887 1081 3124 1136 dilexisti
3146 1081 3448 1151 justitiam,

1873 1182 1930 1228 et
1983 1173 2150 1228 odisti
2207 1173 2585 1245 iniquitatem,
2641 1182 2932 1244 propterea
2984 1175 3144 1228 unxit
3200 1181 3252 1228 te
3307 1171 3452 1228 Deus

1873 1266 2017 1322 Deus
2063 1274 2228 1330 tuus,
2271 1275 2324 1323 et
2372 1266 2656 1322 Christum
2702 1277 2756 1323 te
2798 1282 2910 1336 prae
2952 1267 3210 1321 omnibus
3239 1265 3451 1320 consti-

1873 1359 1995 1413 tuit.
2032 1378 2049 1410 ι
2083 1357 2187 1413 Sed
2234 1359 2391 1430 longe
2422 1359 2509 1416 his
2543 1359 2748 1414 clarius
2781 1357 3065 1430 Scriptura
3096 1357 3448 1412 Hebrazorum

1872 1450 2013 1504 idem
2046 1451 2418 1514 demonstrat,
2466 1465 2630 1520 quam
2666 1450 2857 1521 Aquila
2905 1450 3315 1505 accuratissime
3361 1449 3447 1503 in-

1872 1549 2213 1612 terpretans,
2246 1541 2328 1595 his
2359 1542 2539 1597 verbis
2567 1541 2737 1598 edidit
2765 1560 2776 1594 :
2807 1559 2825 1592 ι
2854 1539 3022 1594 Sedes
3055 1549 3146 1593 tua
3167 1581 3182 1604 ,
3213 1556 3245 1594 θ
3277 1539 3442 1604 Deus,

1869 1631 1924 1686 in
1960 1633 2222 1688 saeculum
2296 1642 2351 1689 et
2385 1635 2567 1688 ultra:
2605 1645 2881 1704 sceptrum
2925 1632 3276 1695 dim-tionis,
3323 1645 3445 1688 sce-

1869 1732 2055 1794 ptrum
2093 1724 2243 1793 regni
2281 1725 2360 1777 tui
2391 1743 2405 1780 :
2440 1724 2677 1780 dilexisti
2698 1725 2839 1796 quod
2866 1726 3074 1794 justum
3107 1732 3211 1785 est,
3242 1731 3296 1778 et
3323 1724 3446 1778 odi-

1869 1816 1936 1872 sti
1988 1817 2368 1886 impietatem;
2417 1833 2583 1888 super
2636 1819 2774 1882 hoc,
2831 1820 2986 1873 unxit
3036 1826 3123 1881 te,
3169 1833 3205 1874 o
3253 1817 3440 1883 Deus,

214 1881 479 1978 ίΕόραῖκὸν
538 1908 748 1978 Ἐλωῒμ
803 1909 1068 1980 περιέχει.
1124 1906 1413 1962 Κάνταῦθα
1457 1905 1514 1959 δὲ
1560 1905 1753 1978 ὁμοίως

1867 1906 2010 1963 Deus
2040 1915 2169 1964 tuus
2198 1909 2320 1964 oleo
2352 1909 2550 1966 laetitiae
2581 1910 2650 1964 ab
2686 1911 2877 1966 amicis
2907 1916 3035 1966 tuis.
3067 1931 3084 1964 ›
3117 1910 3221 1964 Pro
3249 1926 3314 1965 eo
3337 1908 3442 1982 igi-

198 2001 280 2052 ἐπὶ
300 1998 407 2065 τοῦ,
438 2018 457 2051 ‹
490 2001 591 2054 Διὰ
618 2001 777 2054 τοῦτο
802 2001 987 2073 ἔχρισέ
1017 2019 1100 2067 σε,
1132 2001 1252 2064 Θεὲ,
1291 2020 1309 2052 ι
1339 1999 1400 2052 τὸ
1430 1997 1632 2070 Ἐλωῖμ
1658 2016 1764 2051 πα-

197 2091 484 2162 ρείληπται,
513 2093 651 2164 ὅπερ
673 2093 792 2164 τὴν,
811 2090 858 2148 ὦ
881 2094 1006 2159 Θεὲ,
1033 2091 1293 2165 κλητικὴν
1319 2092 1507 2164 ἐδήλου
1534 2091 1757 2145 πτῶσιν·

192 2181 301 2233 ἀντὶ
326 2180 378 2233 δὲ
411 2181 512 2252 τῆς
541 2182 709 2253 ὀρθῆς
740 2184 834 2237 καὶ
866 2182 1082 2246 εὐθείας
1117 2181 1212 2234 τοῦ
1255 2182 1535 2252 ὀνόματος,
1568 2181 1692 2235 καθ’
1732 2181 1761 2232 ὃ

187 2272 415 2344 εἴρηταιο
451 2293 468 2324 ι
507 2274 607 2328 Διά
637 2273 794 2328 τοῦτο
831 2273 1014 2346 ἔχρισέ
1050 2291 1131 2341 σε,
1159 2275 1188 2326 6
1214 2273 1347 2336 Θεὸς
1383 2275 1411 2326 6
1453 2273 1602 2336 Θεὸς,
1648 2293 1667 2326 ι
1700 2273 1760 2326 τὸ

195 2360 467 2433 Ἐϐραίκὸν
516 2364 739 2432 Ἐλωὰχ
794 2363 1062 2434 περιέχει,
1112 2363 1316 2435 σφόδρα
1359 2361 1757 2434 ἀπηκριϐωμέ-

185 2471 315 2516 νωςο
354 2455 417 2506 ἵν’
533 2455 594 2508 τὸ
637 2456 736 2525 μὲν
789 2454 1012 2527 Ἐλωῖμ,
1055 2455 1195 2508 κατὰ
1239 2455 1500 2525 κλητικὴν
1553 2454 1758 2509 πτῶσιν

183 2547 609 2621 ὲξενηνεγμὲνον,
645 2550 842 2622 δηλοῦν
885 2552 968 2616 τὸ,
1006 2546 1053 2605 ὦ
1094 2549 1222 2614 Θεὲ,
1251 2550 1313 2603 τὸ
1357 2551 1414 2604 δὲ
1464 2551 1690 2622 Ἐλωάχ,
1724 2554 1757 2605 ό

184 2639 319 2704 Θεός
360 2655 496 2704 σου,
543 2639 686 2694 κατὰ
718 2640 816 2711 τὴν
853 2639 1105 2694 εὐθεῖαν·
1154 2640 1295 2693 ὥστε
1323 2641 1566 2712 ἀκριϐῶς
1611 2642 1756 2713 ἔχειν

179 2730 267 2801 τὴν
311 2731 559 2800 φήσασαν
602 2732 932 2804 ἑρμηνείαν·
966 2751 984 2784 ι
1040 2730 1142 2786 Διὰ
1175 2731 1332 2786 τοῦτο
1377 2733 1559 2805 ἔχρισὲ
1598 2752 1676 2798 σε,
1728 2737 1756 2789 6

176 2821 302 2885 Θεὸς
324 2823 350 2875 6
373 2822 505 2887 Θεός
537 2841 654 2877 σου.
699 2843 718 2875 ι
757 2823 1074 2878 Λευκότατα
1103 2824 1235 2894 γοῦν
1270 2827 1298 2879 6
1324 2825 1481 2894 λόγος
1507 2825 1595 2878 διὰ
1632 2827 1755 2879 τού-

175 2932 271 2969 των
320 2915 433 2988 Θεῷ
484 2919 846 2990 προσφωνῶν,
903 2920 1067 2991 φησὶν
1117 2920 1280 2974 αὐτὸν
1321 2920 1607 2994 κεχρίσθαι
1649 2923 1754 2975 ὑπὸ

176 3008 256 3060 τοῦ
289 3008 417 3063 Θεοῦ
452 3009 620 3081 ἐλαίῳ
651 3011 1027 3080 ἀγαλλιάσεως
1061 3013 1212 3085 παρά
1242 3013 1449 3078 πάντας
1481 3014 1608 3078 τοὺς
1636 3014 1752 3067 πώ-

175 3116 292 3154 ποτε
339 3102 436 3173 τῆς
496 3104 668 3175 αὐτῆς
715 3103 865 3176 αὐτῷ
916 3105 1322 3178 μετεσχηκότας
1359 3107 1748 3178 προσηγορίας.

1866 2009 1955 2054 ιιιι·
2006 2002 2150 2071 quod
2199 2010 2329 2067 est,
2387 2003 2531 2059 Deus
2588 2003 2730 2060 Deus
2760 2013 2918 2069 tuus,
2973 2003 3276 2060 llcbraicus
3322 2005 3441 2075 ipse

1863 2099 2154 2147 contextus
2189 2093 2379 2158 habet,
2413 2112 2430 2144 ι
2469 2109 2502 2147 o
2533 2092 2674 2149 Deus
2695 2136 2708 2159 ,
2749 2093 2892 2149 Deus
2929 2104 3056 2149 tuus
3081 2137 3094 2158 ,
3126 2115 3144 2146 ι
3175 2101 3232 2147 ut
3262 2100 3434 2147 totum

1863 2185 1935 2239 sit
1962 2203 1975 2240 :
2013 2184 2264 2240 Dilexisti
2286 2225 2300 2250 ,
2337 2201 2370 2240 ο
2402 2185 2543 2239 Deus
2564 2225 2579 2249 ,
2611 2187 2754 2256 quod
2786 2186 2997 2254 justum
3028 2195 3144 2251 est,
3179 2192 3233 2240 et
3268 2182 3434 2238 odisti

1862 2277 2238 2348 impietatem:
2290 2288 2576 2348 propterea
2621 2279 2690 2334 ob
2749 2281 2888 2332 hanc
2945 2293 3119 2348 ipsam
3167 2291 3431 2338 causam,

1861 2371 2018 2424 unx-it
2049 2380 2134 2435 te,
2167 2385 2200 2425 ο
2231 2371 2408 2436 Deus,
2449 2371 2572 2435 ille,
2606 2373 2698 2442 qui
2732 2379 2860 2426 tuus
2891 2386 3109 2442 quoque
3139 2378 3222 2426 est
3258 2368 3428 2430 Deus,

1861 2470 1920 2516 ut
1953 2463 2025 2518 sit
2052 2471 2106 2518 et
2142 2462 2234 2532 qui
2269 2465 2492 2535 ungitur
2522 2462 2698 2526 Deus,
2734 2471 2788 2518 et
2818 2463 2911 2533 qui
2946 2462 3132 2531 ungit,
3170 2459 3265 2530 qui
3311 2459 3434 2528 qui-

1858 2552 1982 2609 dem
2025 2554 2097 2610 sit
2127 2557 2370 2609 omnium
2402 2553 2567 2609 Deus.
2617 2551 2733 2608 Hoc
2777 2560 2961 2606 autem
2993 2551 3042 2606 ei
3075 2550 3168 2620 qui
3201 2549 3432 2604 Hebrai-

1858 2661 1977 2700 cam
2024 2647 2265 2719 linguam
2311 2647 2627 2718 diligentius
2667 2643 2998 2707 attenderit,
3043 2641 3203 2712 plane
3242 2639 3433 2695 admo-

1857 2739 1987 2793 dum
2019 2740 2318 2795 constabit.
2355 2740 2491 2793 Nam
2522 2739 2576 2792 in
2610 2739 2786 2808 prima
2819 2735 3264 2790 denominatione
3285 2772 3300 2797 ,
3333 2729 3434 2786 ubi
3517 2753 3520 2755 λ

1855 2832 2087 2903 Aquila,
2119 2851 2136 2883 ι
2169 2831 2329 2888 sedes
2362 2840 2452 2885 tua
2477 2871 2490 2896 ,
2533 2847 2566 2886 ο
2607 2830 2785 2895 Deus,
2821 2849 2840 2882 ›
2870 2828 3263 2898 interpretatus
3301 2831 3390 2880 est.
3411 2842 3437 2892 ;.

1855 2925 1950 2997 qui
1985 2926 2145 2995 plane
2176 2940 2274 2994 pro
2304 2939 2369 2978 eo
2395 2921 2540 2993 quod
2575 2929 2659 2977 est
2692 2920 2832 2974 Deus
2855 2959 2870 2984 ,
2905 2939 2935 2973 ο
2968 2918 3144 2981 Deus,
3177 2915 3430 2971 enuntia-

1855 3019 1962 3082 vit,
1999 3018 2178 3087 ipsum
2211 3014 2536 3071 llehraicum
2568 3013 2732 3068 habet
2763 3011 2960 3066 Eloim.
3004 3009 3178 3064 Porro
3211 3007 3301 3063 hic
3333 3006 3427 3060 iti-

1855 3113 1977 3170 dem
2010 3114 2065 3166 in
2100 3111 2224 3174 illo,
2255 3128 2274 3161 ι
2307 3117 2593 3181 propterea
2623 3107 2780 3163 unxit
2806 3113 2889 3170 te,
2919 3121 2953 3160 o
2980 3104 3123 3159 Deus
3146 3143 3162 3168 ,
3195 3121 3215 3156 ι
3247 3102 3426 3172 ipsum

177 3196 346 3267 Ἔχεις
387 3197 682 3270 τοιγαροῦν
724 3200 782 3251 ὲν
816 3196 1030 3262 τούτοις
1072 3197 1258 3267 σαφῶς
1303 3197 1435 3250 Θεὸν
1465 3198 1750 3270 χριόμενον

1862 3203 2031 3259 Ειοίιη
2063 3203 2410 3276 intelligitur,
2444 3202 2586 3272 quod
2617 3200 2927 3255 vocativum
2954 3212 3144 3252 casum
3163 3237 3177 3261 ,
3205 3211 3234 3248 ο
3259 3193 3424 3255 Deus,

175 3290 254 3342 καὶ
280 3291 521 3362 Χριστὸν
549 3291 858 3361 γινόμενον,
897 3291 958 3344 οῦ
992 3290 1147 3362 μύρῳ
1175 3291 1480 3362 σκευαστῷ,
1523 3291 1632 3344 οὐδ’
1656 3293 1748 3344 ὑπ’

173 3380 462 3453 ἀνθρώπων
491 3384 573 3447 είς
596 3382 756 3437 τοῦτο
783 3385 1067 3456 παριόντα,
1098 3383 1214 3438 ἀλλ’
1255 3385 1377 3438 οὐδὲ
1411 3386 1523 3447 τοῖς
1547 3383 1750 3448 λοιποῖς

172 3472 470 3544 ἀνθρώποις
505 3473 906 3546 παραπλήσιον.
962 3475 1021 3528 Ὀ
1061 3475 1118 3528 δὲ
1159 3475 1322 3538 αὐτὸς
1369 3470 1522 3538 οὗτος
1557 3469 1626 3546 ἦν
1659 3477 1752 3529 καὶ

173 3565 440 3637 ἀγαπητὸς
475 3565 569 3620 τοῦ
606 3566 763 3630 Θεοῦ,
798 3568 892 3620 καὶ
921 3567 1166 3638 γέννημα
1213 3566 1378 3621 αὑτοῦ
1424 3567 1520 3620 καὶ
1571 3567 1752 3639 ἱερεὺς

178 3658 380 3723 αἰώνιος
414 3661 512 3714 καὶ
565 3658 854 3730 σύνθρονος
899 3661 1338 3732 ἀνηγορευμένος
1378 3659 1474 3714 τοῦ
1515 3661 1745 3734 Πατρός.

171 3751 252 3814 Τίς
275 3752 318 3804 δ’
353 3752 422 3805 ἂν
451 3748 607 3816 οὗτος
640 3753 724 3824 εἴη
755 3753 786 3824 ἢ
825 3753 853 3804 6
882 3752 1227 3825 πρωτότοκος
1254 3752 1350 3805 τοῦ
1392 3751 1528 3806 Θεοῦ
1557 3753 1746 3821 Λόγος,

168 3844 191 3896 6
217 3845 267 3896 ὲν
299 3846 448 3916 ἀρχῇ
485 3845 623 3918 πρὸς
654 3846 746 3898 τὸν
778 3845 910 3898 Θεὸν
947 3845 1082 3910 Θεὸς
1113 3845 1210 3908 ῶν,
1252 3847 1280 3899 6
1312 3844 1401 3898 διὰ
1442 3844 1624 3916 πάσης
1649 3847 1750 3916 τῆς

168 3934 329 3989 ἐνθέου
384 3938 610 4008 Γραφῆς
657 3937 1109 4009 θεολογούμενος;
1147 3938 1224 4000 ὼς
1258 3938 1350 3990 καὶ
1381 3939 1438 3992 ὲν
1481 3941 1591 4000 τοῖς
1623 3937 1748 4008 ἑξῆς

167 4027 240 4082 διὰ
259 4031 524 4085 πλειόνων
553 4033 582 4084 6
614 4031 769 4102 λόγος
805 4031 1008 4104 προῖὼν
1041 4030 1317 4095 ἐπιδείξει.
1354 4029 1574 4085 Τούτων
1611 4031 1746 4102 δῆτα

169 4123 694 4195 προτεθεωρημὲνων
723 4126 853 4196 ἡμῖν
891 4124 1018 4196 περὶ
1044 4125 1142 4195 τῆς
1167 4121 1261 4176 τοῦ
1291 4123 1528 4194 Χριστοῦ
1554 4122 1747 4176 οῦσιώ-

171 4211 285 4276 σεώς
313 4231 374 4268 τε
408 4217 508 4268 καὶ
538 4215 928 4286 προσηγορίας,
967 4215 1100 4287 φέρε
1140 4214 1345 4279 λοιπὸν,
1382 4215 1744 4279 ἀναλαϐόντες

168 4304 248 4374 τὴν
296 4307 670 4379 προταθείσαν
729 4307 1008 4371 ὑπόθεσιν,
1071 4305 1139 4360 δι’
1195 4307 1335 4360 ὅσων
1389 4306 1743 4379 προφητικῶν

169 4403 510 4473 προρρήσεων
573 4403 602 4455 6
656 4401 892 4472 Χριστὸς
949 4401 1212 4470 ὀνομαστὶ
1267 4401 1739 4471 ποοεκηρὺττετο,

168 4485 496 4563 θεασώμεθα.

1854 3299 2148 3370 significat.
2190 3295 2296 3350 Pro
2343 3304 2493 3350 recto
2533 3309 2660 3349 vero
2705 3291 2943 3347 nominis
2988 3305 3153 3352 casu,
3199 3287 3292 3343 ubi
3341 3284 3427 3340 di-

1853 3400 2000 3445 ctum
2032 3397 2114 3444 est
2146 3407 2160 3445 :
2193 3407 2211 3440 ‹
2245 3397 2531 3459 propterea
2584 3388 2740 3440 unxit
2773 3393 2825 3439 te
2862 3382 3004 3438 Deus
3032 3381 3176 3437 Deus
3205 3387 3366 3443 tuus,
3397 3397 3421 3432 ι

1853 3484 2030 3553 ipsum
2066 3479 2393 3534 Hebraicum
2435 3478 2600 3531 habet
2640 3475 2875 3538 Eloach,
2920 3472 3210 3527 admodum
3259 3485 3426 3526 accu-

1851 3586 1967 3629 rate
1995 3584 2154 3643 atque
2181 3571 2453 3642 exquisite
2479 3589 2492 3625 :
2525 3577 2584 3624 ut
2611 3569 2714 3634 sit,
2749 3569 2925 3638 ipsum
2957 3564 3176 3636 quidem
3207 3562 3382 3618 Eloim
3403 3600 3418 3626 ,

1853 3651 2102 3717 vocativo
2150 3677 2281 3718 casu
2308 3702 2323 3722 .
2373 3660 2726 3731 signiﬁcans,
2769 3676 2799 3711 ο
2843 3657 3024 3720 Deus;
3069 3655 3245 3726 ipsum
3291 3667 3424 3708 vero

1852 3755 2052 3808 Eloach
2073 3796 2087 3820 ,
2120 3755 2261 3808 Deus
2295 3763 2416 3807 tuus
2437 3793 2451 3815 ,
2491 3760 2641 3806 recto
2669 3767 2802 3806 casu
2833 3769 2846 3805 :
2890 3757 2950 3804 ut
2983 3749 3100 3803 haec
3128 3747 3198 3802 sit
3227 3745 3422 3816 exqui-

1851 3845 2116 3899 sitissima
2171 3843 2587 3913 interpretatio,
2645 3857 2766 3912 quze
2823 3841 3032 3894 habet:
3073 3857 3092 3889 ι
3127 3845 3418 3908 propterea

1853 3937 2006 3991 unxit
2037 3944 2088 3990 te
2111 3976 2125 4000 ,
2185 3951 2218 3991 ο
2267 3934 2441 3997 Deus,
2491 3933 2634 3990 Deus
2669 3941 2818 3988 tuus.
2857 3952 2873 3981 ι
2903 3931 3221 3986 Clarissime
3254 3929 3422 4000 igitur

1850 4032 1906 4085 in
1949 4031 2034 4085 his
2074 4029 2242 4084 Deum
2286 4029 2571 4099 alloquens
2597 4067 2612 4092 ,
2651 4027 2940 4082 oraculum
2982 4026 3056 4079 ait
3096 4025 3274 4096 ipsum
3313 4038 3418 4077 un-

1847 4131 1996 4176 ctum
2027 4138 2150 4178 esse
2183 4137 2212 4175 a
2249 4120 2388 4183 Deo,
2422 4121 2542 4174 oleo
2585 4119 2969 4175 exsultationis
3016 4133 3125 4188 prae
3163 4115 3418 4170 omnibus

1847 4217 1939 4286 qui
1980 4230 2220 4285 unquam
2261 4215 2506 4283 ejusdem
2542 4227 2666 4266 cum
2708 4212 2830 4282 ipso
2870 4211 3165 4281 participes
3206 4207 3415 4264 fuerint

1846 4306 2249 4376 appellationis.
2277 4305 2454 4359 [labes
2483 4304 2648 4374 igitur
2673 4303 2724 4357 iu
2754 4303 2840 4356 his
2871 4301 3208 4372 planissime,
3242 4299 3415 4354 Deum

1845 4400 1936 4468 qui
1988 4399 2233 4466 ungitur,
2286 4403 2340 4449 et
2384 4395 2640 4451 Christus
2685 4394 2937 4456 ellicitur,
2981 4409 3090 4448 non
3141 4401 3417 4464 unguento

1845 4491 2185 4561 composito,
2229 4504 2406 4558 neque
2445 4487 2513 4540 ab
2550 4486 2864 4540 hominibus
2915 4485 2980 4538 ad
3032 4484 3085 4538 id
3135 4482 3418 4552 dignitatis

167 4597 465 4652 provectum
487 4630 502 4652 ,
536 4603 600 4642 ac
631 4604 699 4644 ne
731 4589 918 4644 eadem
952 4588 1172 4659 quidem
1205 4603 1328 4644 cum
1365 4589 1579 4645 czeteris
1610 4586 1920 4641 hominibus
1955 4586 2184 4638 ratione.
2219 4582 2390 4636 Porro
2425 4581 2511 4634 hic
2546 4579 2684 4633 idem
2723 4589 2806 4634 est
2838 4587 2892 4632 et
2929 4577 3164 4631 dilectus
3202 4574 3328 4638 Dei,
3362 4577 3417 4622 et

165 4675 385 4745 ejusdem
419 4680 632 4748 proles,
662 4689 716 4735 et
747 4679 1004 4736 sacerdos
1035 4691 1305 4746 aeternus,
1335 4692 1390 4736 et
1416 4695 1706 4737 consessor
1740 4677 1909 4750 patris
1937 4661 2139 4731 dictus.
2192 4675 2298 4729 Sed
2330 4677 2454 4746 quis
2484 4675 2572 4729 hic
2599 4675 2816 4728 tandem
2853 4672 2957 4727 erit
2980 4711 2993 4733 ,
3032 4668 3136 4724 nisi
3171 4667 3415 4737 primum

166 4774 383 4840 genitum
430 4775 526 4831 Dei
563 4775 835 4842 Verbum,
881 4777 973 4847 qui
1009 4777 1064 4832 in
1096 4777 1364 4848 principio
1396 4778 1536 4848 apud
1571 4777 1770 4836 Deum,
1805 4774 1947 4829 Dcus
1976 4772 2136 4827 erat?
2169 4773 2326 4842 182
2360 4771 2450 4842 qui
2485 4787 2582 4841 per
2612 4777 2781 4823 totam
2804 4767 3042 4820 divinam
3077 4761 3416 4832 Scripturam

168 4868 477 4930 Wieatur
506 4875 567 4921 ιιι
616 4866 796 4934 Deus,
844 4869 1302 4939 quemadmodum
1335 4869 1593 4940 deinceps
1625 4869 1873 4921 oratione
1905 4866 2122 4936 longius
2170 4880 2529 4935 progressus,
2579 4863 2826 4934 pluribus
2879 4859 3057 4914 verbis
3108 4852 3416 4913 ostendam.

168 4951 283 5011 Cum
314 4961 434 5014 hac
467 4960 634 5030 igitur
665 4977 694 5012 a
727 4959 887 5014 nobis
919 4959 1182 5014 hactenus
1211 4958 1556 5013 considerata
1599 4958 1709 5012 sint
1749 4957 1815 5011 de
1841 4955 2046 5011 Christi
2078 4954 2501 5025 propagatione,
2533 4953 2708 5022 deque
2736 4951 2982 5020 ejusdem
3016 4945 3401 5018 appellatione.

168 5055 395 5123 agedum,
430 5056 774 5126 prepositum
803 5062 1182 5124 argumentum
1218 5061 1549 5123 repetamus,
1585 5062 1638 5108 et
1667 5068 1830 5124 quam
1862 5053 2048 5106 multis
2077 5050 2410 5121 propheticis
2448 5047 2892 5120 praedictionibus
2931 5045 3182 5100 Christus
3221 5041 3406 5096 nomi-

169 5146 310 5201 natim
338 5149 416 5205 sit
449 5157 611 5203 antea
650 5145 936 5201 nuntiatus
956 5187 971 5210 ,
998 5146 1452 5216 contemplemur.

885 5268 1001 5334 ις’.
1765 5266 1814 5323 D

181 5375 294 5430 Ἀπὸ
345 5379 456 5434 τοῦ
509 5380 756 5448 ψαλμοῦ
810 5379 890 5432 B’.
923 5409 994 5420 —-
1029 5379 1108 5433 Δι’
1177 5379 1340 5434 ὅσων
1395 5383 1428 5433 ὁ
1479 5380 1728 5447 Χριστὸς

229 5448 506 5520 dropace!
565 5450 683 5520 ὑπὸ
739 5449 1052 5514 ,ϐασιλέων
1107 5449 1206 5503 καὶ
1257 5451 1568 5520 ἀρχόντων
1629 5452 1724 5504 καὶ

228 5517 405 5574 ἐθνῶν
429 5521 528 5574 καὶ
561 5519 730 5576 λαῶν
755 5517 1420 5588 ἑπιϐουλευόμενοςίζέξ
1449 5521 1634 5574 αὑτοῦ
1670 5538 1731 5572 τε

2562 5255 2703 5312 XVI.

1836 5378 1879 5432 Α
1923 5376 2130 5446 psalmo
2187 5391 2246 5429 tt.
2288 5405 2358 5414 —
2397 5372 2571 5446 Quam
2627 5367 3128 5446 multis_sc_ripturis
3167 5364 3413 5446 Cirris-tus

1911 5435 2248 5507 uuminatim,
2271 5447 2359 5514 qui
2379 5435 2633 5511 (r—regilius
2663 5453 2709 5494 et
2741 5438 3063 5514 principibus
3099 5449 3146 5514 et
3171 5435 3413 5514 gentibus

1909 5528 1957 5572 et
2023 5517 2229 5586 populi:
2283 5507 2708 5586 rit-runrreuilur,
2743 5507 2802 5586 et
2836 5509 2900 5560 ab
2942 5509 3054 5576 ipso
3097 5507 3204 5586 Deo
3242 5507 3414 5578 gigni-

231 5589 326 5644 τοῦ
391 5591 540 5646 Θεοῦ
606 5589 974 5662 γεννώμενος
993 5631 1006 5655 ,
1071 5593 1169 5645 καὶ
1219 5591 1348 5658 Υἱὸς
1413 5591 1728 5660 ἀνθρώπου

239 5782 304 5853 (l)
338 5787 433 5843 llic
471 5799 529 5843 ut
575 5806 718 5859 szepc
753 5791 1023 5848 Eusebius
1059 5792 1345 5847 arianizat.
1391 5792 1527 5846 Nam
1571 5793 1719 5847 hunc

180 5849 334 5910 locum
366 5875 470 5915 non
501 5860 569 5917 de
603 5849 820 5920 homine
851 5871 1132 5936 assumpto
1158 5865 1252 5920 sed
1285 5863 1394 5920 Deo
1423 5865 1720 5921 exsistente

1913 5579 2034 5652 tur,
2058 5579 2108 5641 et
2149 5585 2323 5640 Filius
2364 5585 2589 5638 hominis
2630 5581 2949 5650 appellatur,
2992 5579 3328 5650 gentiumque
3362 5589 3412 5630 et

1833 5793 2246 5861 interpretatur,
2277 5799 2325 5845 ct
2358 5787 2435 5843 sic
2471 5785 2733 5854 majorem
2765 5793 2817 5839 et
2847 5780 3113 5839 minorem
3146 5777 3411 5833 Deitatem

1831 5866 2045 5920 statuit.
