3954 6550
214 421 315 481 3N

215 544 293 605 ζει
323 535 755 609 προαγορεύσας
782 537 811 589 ό
838 536 1015 605 λόγος,
1042 537 1116 602 ὡς
1140 539 1205 595 ἀν
1234 541 1292 606 ἐξ
1317 541 1480 594 αὑτοῦ
1509 541 1800 613 προσώπου

210 630 479 683 διδάσκων
536 628 701 681 αὐτὸν
750 622 889 680 εἶναι
939 627 1031 681 τὸν
1065 628 1191 683 Υίὸν
1229 630 1323 683 τοῦ
1360 630 1517 697 Θεοῦ,
1556 630 1644 683 διὰ
1684 631 1799 696 τοῦ,

1151 423 1801 483 DEMONSTRATIONIS
1838 428 2296 485 EVANGELICAS
2328 429 2457 486 LIB.
2493 429 2583 486 iV.

3369 431 3477 487 510

1904 551 2018 598 tum
2050 545 2345 615 prophetiae
2372 554 2532 601 nacta
2575 551 2722 607 sunt,
2754 545 2971 615 quando
3006 545 3160 600 illius
3181 547 3476 620 discipulo-

1908 649 2030 688 rum
2068 653 2086 684 ι
2124 635 2181 688 in
2214 650 2427 689 onmem
2475 643 2675 689 terram
2724 634 2889 689 exivit
2936 649 3128 699 sonus,
3160 642 3214 690 et
3247 637 3301 691 in
3342 636 3476 694 ﬁnes

216 742 233 773 ι
262 720 470 789 Κύριος
513 717 643 771 εἷπε
677 717 812 789 πρὸς
846 717 914 789 μέ
936 735 950 749 ο
985 718 1111 783 Υἱός
1146 738 1246 791 μου
1279 716 1328 773 εἷ
1357 722 1443 785 σὺ,
1478 719 1588 789 ἐγὼ
1634 722 1792 792 σήμε-

1906 722 2056 778 orbis
2081 730 2239 778 terrae
2266 724 2426 778 verba
2457 739 2647 779 eorum
2664 722 2730 777 ³⁸.
2758 743 2776 775 ι
2811 721 2972 779 Plane
2991 733 3168 780 autem
3195 724 3474 781 Christum

212 829 295 885 ρον
327 809 657 880 γεγέννηκά
696 827 757 862 σε
794 827 807 840 ο
850 829 869 861 ι
918 803 962 878 ᾧ
1007 810 1343 882 παραθήσεις
1380 813 1474 865 καὶ
1504 812 1565 864 τὸ
1594 814 1651 865 ὲν
1684 814 1799 866 Πα-

210 903 448 978 ροιμίαις
486 901 660 956 πάλιν
692 900 753 966 ἐξ
775 900 940 955 αὑτοῦ
978 901 1268 973 προσώπου
1293 896 1394 957 ὧδέ
1431 922 1546 968 πως
1575 906 1798 975 εἰρημέ-

208 1013 320 1049 νοψ
367 1012 388 1045 ι
419 993 549 1067 Πρὸ
577 992 670 1047 τοῦ
704 992 805 1065 ὅρη
841 992 1186 1064 ἐδρασθῆναιζ
1220 994 1327 1065 πρὸ
1355 994 1411 1047 δὲ
1432 994 1648 1049 πάντων
1677 996 1799 1066 βου-

208 1086 305 1141 νῶν
333 1086 511 1157 γεννᾷ
549 1101 642 1155 με,
671 1103 691 1137 ι
723 1083 784 1137 τό
812 1102 870 1137 τε
904 1086 961 1137 ἐν
992 1084 1070 1156 ρθ¹
1089 1084 1287 1156 ψαλμῷ
1310 1087 1444 1158 πρὸς
1474 1086 1565 1139 τοῦ
1588 1087 1800 1159 Πατρός

208 1179 344 1249 αὐτῷ
378 1178 932 1249 προσπεφωνημένον
964 1177 1105 1232 κατά
1134 1177 1213 1246 τὸ,
1239 1196 1259 1230 ι
1303 1179 1395 1232 Ἐκ
1426 1180 1660 1251 γαστρὸς
1692 1180 1797 1252 πρὸ

215 1272 532 1344 Ἑωσφόρου
559 1271 865 1341 γεγέννηκά
889 1288 968 1323 σε.
996 1291 1015 1322 ι
1036 1270 1358 1341 Ἑπίστησον
1384 1272 1459 1337 δὲ,
1488 1273 1561 1336 ὡς
1585 1274 1680 1327 ἕνα
1702 1274 1795 1327 καὶ

206 1368 288 1419 τὸν
314 1365 484 1418 αὐτὸν
513 1365 781 1435 ὀνομαστὶ
812 1362 1045 1434 Χριστὸν
1075 1361 1210 1433 ὁμοῦ
1257 1362 1352 1415 καὶ
1377 1364 1504 1417 Υίὸν
1538 1364 1672 1418 Θεοῦ
1703 1366 1793 1418 ὑπ’

205 1455 507 1530 ἀνθρώπων
544 1456 1047 1526 ἐπιϐουλευόμενον,
1083 1454 1175 1506 καὶ
1209 1454 1409 1527 κλῆρον
1437 1454 1503 1508 τὰ
1543 1456 1670 1527 ἔθνη
1697 1456 1794 1525 λη-

204 1549 454 1619 ψόμενον,
489 1550 754 1620 περάτων
782 1566 843 1601 τε
864 1548 969 1618 γῆς
998 1549 1340 1619 κρατήσοντα
1372 1547 1714 1614 θεσπίζουσιν
1738 1552 1791 1603 αί

207 1641 341 1714 ἱεραὶ
394 1641 648 1713 Γραιραὶ,
687 1640 807 1693 δυσὶ
838 1639 1156 1711 τεκμηρίοις
1204 1639 1301 1709 τὴν
1350 1640 1428 1702 είς
1476 1638 1793 1711 ἀνθρώπους

204 1734 516 1805 οἰκονομίαν
564 1734 734 1787 αὐτοῦ
771 1734 1154 1804 σημαίνουσαι,
1188 1731 1277 1785 διά
1312 1749 1371 1784 τε
1401 1732 1499 1802 τῆς
1531 1730 1651 1783 κατ’
1690 1731 1789 1782 αὐ-

206 1825 290 1878 τοῦ
330 1825 618 1895 συσκευῆς
652 1825 748 1879 καὶ
779 1824 868 1878 διὰ
896 1826 995 1895 τῆς
1023 1825 1115 1877 ὑπ’
1139 1824 1298 1879 αὐτὸν
1330 1823 1437 1876 τῶν
1462 1821 1628 1876 ἐθνῶν
1657 1822 1789 1874 ὑπο-

208 1933 386 1986 ταγης.

1907 814 2151 867 nominat
2196 829 2315 883 quae
2354 814 2627 868 antecedit
2678 815 2871 878 oratio,
2907 823 3168 884 tanquam
3200 831 3269 870 ex
3302 817 3475 886 ipsius

1906 920 2138 973 persona
2192 904 2416 969 docens,
2452 906 2604 960 illum
2657 921 2777 962 esse
2826 906 3021 960 Filium
3064 905 3180 970 Dei,
3217 907 3310 961 ubi
3348 908 3470 963 ait:

1911 1014 1929 1047 ι
1969 995 2228 1051 Dominus
2260 995 2398 1051 dixit
2424 996 2491 1049 ad
2528 1012 2646 1051 me:
2680 995 2849 1052 Filius
2876 1012 3029 1051 meus
3051 1012 3111 1051 es
3140 1005 3219 1062 tu,
3248 1013 3346 1068 ego
3375 998 3473 1052 ho-

1905 1087 1990 1143 die
2036 1088 2195 1158 genui
2227 1095 2311 1153 te;
2358 1107 2376 1139 ι
2428 1089 2516 1143 cui
2560 1089 2823 1159 adjunges
2870 1089 3032 1144 etiam
3068 1088 3201 1143 illud
3240 1089 3385 1160 quod
3415 1091 3472 1145 in

1902 1179 2211 1236 Proverbiis
2225 1180 2270 1212 ⁸⁰
2300 1196 2366 1235 ex
2414 1195 2645 1251 persona
2681 1180 2926 1250 ejusdem
2980 1181 3244 1251 prolatum
3277 1190 3361 1235 est
3401 1182 3470 1235 ad

1900 1273 2049 1327 hunc
2093 1273 2313 1328 modum
2348 1288 2406 1327 se
2446 1273 2696 1328 habens:
2737 1292 2755 1324 ι
2793 1274 3095 1342 Antequam
3124 1281 3337 1329 montes
3379 1279 3471 1327 llr-

1900 1376 2197 1429 marentur,
2215 1376 2268 1421 et
2301 1374 2425 1422 ante
2457 1365 2650 1423 omnes
2678 1367 2847 1422 colles
2875 1367 3046 1438 gignit
3074 1383 3180 1433 me,
3207 1387 3224 1419 ›
3251 1378 3305 1422 et
3323 1366 3470 1438 quod

1900 1456 1955 1510 in
1975 1472 2062 1511 (ιιι
2080 1455 2122 1488 ⁸³
2169 1458 2380 1527 psalmo
2410 1471 2440 1509 a
2480 1455 2639 1511 Patre
2668 1457 2736 1511 ad
2771 1456 2921 1511 illum
2953 1459 3156 1513 dictum
3216 1466 3320 1521 est,
3368 1458 3472 1514 hoc

1901 1547 2064 1601 modo
2090 1563 2102 1597 :
2133 1566 2150 1597 ‹
2179 1547 2255 1601 Ex
2290 1556 2447 1600 utero
2475 1555 2599 1601 ante
2621 1546 2932 1602 Luciferum
2961 1548 3117 1618 genui
3145 1556 3214 1603 te.
3254 1568 3272 1599 ι
3311 1545 3472 1619 184,

1900 1637 2009 1694 Sed
2048 1638 2286 1704 attende,
2323 1638 2781 1708 quemadmodum
2813 1656 2980 1694 unum
3014 1650 3067 1695 et
3093 1638 3341 1694 eumdem
3373 1654 3471 1691 no-

1897 1730 2144 1784 minatim
2181 1730 2459 1786 Christum
2490 1729 2653 1784 simul
2682 1738 2735 1784 et
2765 1729 2963 1785 Filium
2999 1730 3111 1796 Dei,
3140 1731 3231 1800 qui
3270 1730 3339 1784 ab
3375 1729 3470 1782 lio-

1897 1822 2137 1878 minibus
2167 1823 2237 1877 sit
2257 1822 2790 1887 circumveniendus,
2806 1830 2860 1877 et
2882 1830 3082 1878 sortem
3106 1829 3292 1893 gentes
3317 1835 3469 1874 acce—

1897 1918 2111 1981 pturus,
2142 1920 2195 1967 et
2245 1912 2379 1967 ﬁnes
2431 1921 2591 1966 terra:
2635 1927 3016 1981 possessurus,
3070 1926 3238 1966 sacrae
3279 1910 3468 1964 littera:

211 2009 441 2065 futurum
481 2016 714 2073 canant,
744 2009 955 2065 duobus
988 2009 1158 2080 signis
1187 2009 1333 2065 illius
1394 2011 1536 2064 inter
1567 2005 1815 2063 homines
1879 2004 2343 2076 dispensationem
2387 2005 2777 2076 signiﬁcantes,
2838 2015 2891 2060 et
2933 2003 3335 2074 conspiratione
3372 2001 3468 2056 ad-

208 2117 386 2158 versus
450 2101 616 2157 illum
669 2102 849 2156 futura
877 2107 929 2157 et
956 2102 1194 2171 gentium
1234 2103 1337 2158 sub
1368 2102 1616 2158 eumdem
1651 2100 2009 2171 subjectione.

214 2217 452 2287 mpm“;
489 2222 586 2273 (θ’.
615 2249 686 2291 —-_
712 2219 965 2291 Χριστὸς
989 2221 1275 2290 ὀνομαστὶ
1300 2221 1419 2274 τῶν
1450 2221 1784 2291 αἰτημάτων

1897 2221 1927 2272 {l
1966 2219 2169 2288 psalmo
2201 2234 2313 2273 xxx.
2362 2252 2430 2291 -έ
2477 2218 2718 2274 Christus
2771 2218 3082 2272 nominatim
3141 2230 3462 2287 quiscunque

534 2289 701 2357 παρὰ
734 2290 840 2343 τοῦ
868 2289 1102 2359 Πατρός
1122 2291 1452 2361 τυγχάνων.

275 2399 291 2428 ‹
321 2378 626 2451 Πληρώσαι
661 2379 865 2451 Κύριος
898 2381 1074 2435 πάντα
1112 2382 1179 2435 τὰ
1206 2382 1482 2453 αἰτήματά
1514 2400 1605 2435 σου
1643 2400 1656 2412 ·
1692 2381 1784 2436 νῦν

214 2470 386 2536 ἔγνων,
420 2472 506 2523 ὅτι
562 2471 738 2524 ἔσωσε
776 2472 978 2544 Κύριος
1019 2473 1109 2527 τὸν
1156 2474 1389 2545 Χριστὸν
1422 2473 1608 2540 αὑτοῦ,
1650 2476 1786 2527 ὲπα-

214 2561 452 2614 κούσεται
492 2561 668 2616 αὑτοῦ
701 2562 759 2628 ἐξ
793 2563 1019 2635 οὐρανοῦ
1045 2565 1198 2633 ἁγίου
1231 2564 1453 2620 αὐτοῦ.»
1474 2564 1627 2618 Ἐπεὶ
1660 2565 1791 2635 πρό·

217 2672 375 2709 κειται
415 2655 514 2708 νῦν
550 2657 908 2727 παραστῆσαι
934 2657 1000 2710 δι’
1025 2658 1164 2712 ὅσων
1199 2658 1455 2730 ὀνομαστὶ
1487 2659 1516 2711 ὁ
1557 2657 1790 2730 Χριστὸς

214 2749 263 2801 ὲν
293 2752 404 2812 ταῖς
431 2749 804 2821 προφητείαις
841 2751 1220 2823 ἀνηγόρευται,
1256 2753 1479 2816 εἰκότως
1509 2752 1792 2806 καὶταῦτα

217 2841 577 2913 παρατίθεμαι
605 2841 848 2914 ἐναργῶς
877 2844 1215 2916 κηρύττοντα
1253 2845 1344 2897 τὸν
1370 2844 1793 2916 Χριστόν.’⁷ολος

216 2933 263 2986 δὲ
292 2938 317 2987 ό
344 2936 568 3007 ψαλμὸς
613 2939 677 2991 ὲκ
726 2938 1016 3011 προσώπου
1059 2938 1167 2992 τῶν
1195 2939 1364 3008 ἁγίων
1396 2938 1605 3011 ἀνδρῶν
1630 2940 1793 3011 εὐχὴν

220 3029 517 3101 ἀναπέμπει
544 3032 632 3095 εἰς
653 3032 713 3083 τὸ
731 3031 823 3085 τοῦ
848 3032 1084 3104 Χριστοῦ
1113 3033 1421 3105 πρόσωπον.
1440 3033 1658 3105 Ἐπειδὴ
1684 3034 1792 3106 γὰρ

217 3117 273 3169 δι’
294 3122 432 3190 ἡμᾶς
452 3122 559 3175 καὶ
595 3122 734 3192 ὑπὲρ
761 3121 920 3192 ἡμῶν
942 3124 1123 3176 πᾶσαν
1143 3124 1426 3188 ἀνεδέξατο
1458 3124 1615 3197 ὕϐριν
1640 3127 1795 3179 ἐναν-

220 3206 520 3280 Θρωπήσας,
557 3210 838 3282 εὐχομένω
881 3211 1029 3283 αὐτῷ
1058 3213 1151 3266 καὶ
1193 3213 1430 3286 δεομένῳ
1453 3215 1551 3269 τοῦ
1582 3217 1795 3288 Πατρὸς

219 3297 342 3372 ὑπὲρ
357 3305 389 3373 ἡ
399 3303 518 3373 μῶν
544 3304 910 3377 διδασκόμεθα
939 3307 1308 3377 συνεύχεσθαι,
1332 3302 1419 3362 οἶα
1440 3309 1503 3379 δὴ
1525 3310 1651 3374 τοὺς
1673 3300 1795 3364 καθ’

222 3394 358 3463 ἡμῶν
409 3397 711 3467 πολέμους,
747 3397 856 3451 εἴτε
912 3400 1143 3470 ὁρατοὺς
1197 3400 1307 3453 εἴτε
1353 3402 1448 3455 καὶ
1505 3402 1792 3474 ἀοράτους,

222 3485 554 3559 ἀμυνομένῳ.
607 3488 696 3541 Διὸ
751 3490 844 3542 καί
889 3507 1067 3561 φαμεν
1111 3493 1271 3562 ἡμεῖς
1306 3493 1443 3564 πρὸς
1488 3493 1648 3547 αὐτὸν
1689 3492 1798 3547 ἀπὸ

2247 2290 2474 2354 postulet
2505 2308 2539 2344 a
2580 2291 2744 2344 Patre
2780 2292 3085 2358 impetratis.

1964 2396 1982 2429 ι
2014 2379 2240 2449 impleat
2276 2378 2539 2436 Dominus
2567 2395 2756 2436 omnes
2788 2380 3078 2450 petitiones
3110 2387 3234 2434 tuas
3269 2397 3283 2435 :
3317 2394 3468 2433 nunc

1888 2471 2118 2540 cognovi
2146 2471 2291 2541 quod
2313 2472 2522 2527 salvum
2546 2471 2673 2527 fecit
2696 2471 2957 2526 Dominus
2978 2470 3257 2526 Christum
3279 2486 3463 2533 suum,

1889 2562 2139 2617 exaudiet
2179 2563 2331 2617 illum
2385 2564 2452 2619 de
2499 2566 2639 2618 caelo
2681 2570 2873 2617 sancto
2932 2563 3107 2618 suo“.
3143 2582 3161 2614 ι
3197 2561 3467 2628 Quoniam

1891 2670 2038 2708 nunc
2082 2655 2423 2725 propositum
2456 2662 2539 2711 est
2582 2656 2959 2711 demonstrare
2986 2654 3041 2708 in
3086 2669 3248 2725 quam
3280 2653 3467 2709 multis

1891 2747 2029 2802 locis
2052 2748 2371 2802 nominatim
2394 2746 2646 2803 Christus
2669 2748 2813 2818 apud
2849 2746 3142 2818 prophetas
3169 2748 3240 2801 sit
3260 2745 3463 2810 dictus,

1893 2839 2091 2893 merito
2132 2839 2420 2910 adjungam
2442 2840 2557 2894 haec
2591 2855 2808 2911 quoque
2839 2841 2895 2894 in
2920 2840 3119 2910 quibus
3149 2837 3467 2910 planissime

1891 2926 2146 2983 Christus
2188 2929 2492 2988 nuntiatur.
2512 2928 2778 2984 Cazterum
2804 2936 2952 2985 totus
2987 2930 3228 2999 psalmus
3251 2944 3316 2983 ex
3345 2940 3469 2997 per-

1897 3036 2032 3075 sona
2076 3028 2391 3076 sanctorum
2435 3021 2681 3077 virorum
2713 3037 2903 3093 preces
2934 3023 3133 3078 emittit
3188 3022 3241 3076 in
3292 3020 3467 3092 ipsius

1894 3114 2100 3171 Christi
2160 3129 2471 3185 personam.
2527 3114 2665 3169 Cum
2708 3115 2853 3171 enim
2892 3124 3110 3185 propter
3140 3128 3239 3170 nos
3274 3121 3330 3168 et
3369 3126 3467 3182 pro

1896 3207 2054 3262 nobis
2101 3206 2278 3261 factus
2335 3206 2518 3267 homo,
2549 3220 2739 3261 omnes
2772 3206 3045 3275 acceperit
3085 3202 3465 3268 contumelias

1898 3316 2005 3355 una
2037 3315 2161 3354 eum
2185 3299 2277 3354 illo
2298 3300 2640 3369 supplicante
2659 3308 2710 3353 et
2726 3296 2941 3353 Patrem
2967 3312 3064 3367 pro
3094 3296 3252 3353 nobis
3275 3296 3470 3365 deprev-

1898 3399 2077 3457 caute,
2116 3391 2222 3462 ipsi
2272 3406 2489 3461 quoque
2522 3390 2785 3446 docemur
2824 3404 3003 3454 orare,
3048 3396 3306 3459 tanquam
3343 3402 3468 3446 cum

1899 3500 1964 3540 eo
2012 3484 2106 3554 qui
2158 3483 2299 3539 bella
2344 3482 2636 3538 adversum
2670 3496 2794 3545 nos,
2826 3481 2941 3537 sive
2969 3480 3204 3545 visibilis
3236 3478 3327 3533 illa
3358 3478 3470 3533 sint

227 3578 307 3630 τοῦ
322 3579 540 3652 ψαλμοῦ
573 3580 745 3645 οὕτως
758 3582 967 3651 ἔχοντα’
993 3603 1010 3634 ι
1045 3583 1374 3637 Ἐπακοόσαι
1402 3602 1491 3637 σου
1520 3584 1719 3656 Κύριος
1740 3585 1792 3638 ἐν

1902 3577 2017 3632 sive
2063 3576 2227 3631 etiam
2271 3576 2591 3643 invisibilia,
2629 3576 2929 3646 pr0puiset.
2968 3574 3147 3640 Quare
3179 3588 3209 3627 a
3258 3573 3468 3644 psalmo

224 3671 386 3742 ἡμέρα
417 3672 687 3742 θλίψεως
723 3674 1096 3745 ὑπερασπίσαι
1122 3692 1213 3727 σου
1240 3676 1299 3728 τὸ
1328 3675 1496 3747 ὄνομα
1528 3675 1619 3731 τοῦ
1652 3675 1787 3731 Θεοῦ

234 3761 433 3816 Ἰακώϐ·
472 3766 863 3832 ὲξαποστείλαι
897 3785 979 3821 σοι
1014 3766 1263 3839 βοήθειαν
1294 3766 1353 3833 ἐξ
1398 3767 1575 3835 ἁγίου,
1606 3768 1698 3821 καὶ
1726 3769 1790 3821 ὲκ

224 3852 342 3907 Σιὼν
363 3857 708 3912 ἀντιλάϐοιτό
742 3860 900 3912 σου.’›
950 3854 1063 3911 Εἶτ’
1092 3859 1390 3931 ἐπειδήπερ
1424 3859 1570 3912 ἐστὶν
1595 3861 1789 3912 οἰκεῖον

226 3946 371 4018 αὑτῷ,
406 3951 503 4005 ἆτε
546 3951 767 4023 μεγάλῳ
799 3952 911 4006 ὄντι
937 3954 1201 4024 ἀρχιερεῖ,
1234 3953 1335 4015 τὰς
1370 3956 1427 4006 ὲν
1466 3953 1789 4023 δοξολογίαις

226 4040 304 4090 καὶ
344 4040 647 4112 θεολογίαις
681 4044 1051 4116 πνευματικὰς
1087 4046 1397 4118 ἱερουργίας
1446 4046 1585 4118 ὑπὲρ
1633 4046 1789 4117 ήμῶν

222 4133 460 4201 ἐκτελεῖν,
496 4139 597 4191 καὶ
632 4140 929 4211 ἐπειδήπερ
961 4133 1051 4193 οἷά
1076 4157 1136 4193 τε
1173 4142 1347 4211 ἱερεὺς
1377 4140 1536 4204 αὐτός
1565 4158 1623 4193 τε
1656 4141 1787 4193 ἐαυ-

227 4219 304 4274 τὸν
328 4228 413 4279 καὶ
440 4229 503 4281 ὃν
535 4228 823 4299 ἀνείληφεν
851 4229 956 4283 ἀπὸ
984 4232 1087 4301 γῆς
1120 4230 1423 4302 ἄνθρωπον,
1462 4232 1599 4302 ὑπὲρ
1631 4230 1788 4301 ἡμῶν

222 4308 569 4388 όλοκαύτωμα
603 4320 1012 4391 προσ-ἀνήνεγκε
1059 4320 1137 4391 τῷ
1183 4320 1302 4391 Θεῷ
1336 4322 1430 4374 καὶ
1464 4321 1666 4392 Πατρί’
1700 4320 1788 4374 διὰ

228 4406 362 4459 τοῦτό
392 4426 578 4480 φαμεν
616 4410 794 4481 αὐτῷ’
829 4430 846 4463 ι
882 4413 1160 4485 Μνησθείη
1212 4416 1389 4485 πάσης
1436 4414 1624 4478 θυσίας
1670 4433 1784 4481 σου,

225 4494 386 4551 καὶτὸ
416 4501 783 4573 ὀλοκαύτωμά
826 4521 919 4557 σου
964 4506 1227 4559 πιανάτω.
1264 4526 1281 4558 ›
1318 4508 1426 4561 Καὶ
1456 4509 1577 4561 ἐπεὶ
1609 4508 1787 4561 πάντα

224 4585 313 4639 ὅσα
344 4590 676 4659 βουλεύεται,
715 4597 957 4668 σωτήριά
1008 4599 1123 4651 ἐστι
1176 4600 1271 4653 καὶ
1323 4600 1574 4672 ὠφέλιμα
1621 4603 1676 4654 ἐν
1710 4601 1787 4671 τῷ

230 4675 414 4749 κόσμῳ,
450 4682 680 4746 εἰκότως
713 4684 1092 4756 ὲπιῳωνοῦμεν
1138 4688 1306 4759 αὐτῷ,
1340 4709 1358 4740 ι
1386 4689 1506 4760 Δῴη
1554 4708 1633 4743 σοι
1675 4691 1787 4744 Κό-

233 4782 328 4834 ριος
356 4774 497 4827 κατά
524 4774 622 4845 τὴν
656 4775 882 4846 καρδίαν
914 4794 1029 4843 σου,
1064 4799 1082 4830 ›
1122 4780 1388 4849 λέγοντες,
1432 4802 1449 4834 ι
1482 4786 1573 4837 καὶ
1610 4787 1787 4850 πᾶσαν

232 4858 313 4927 τὴν
346 4860 537 4937 βουλήν
570 4884 662 4919 σου
697 4866 1003 4940 πληρώσαι.
1034 4891 1050 4920 ι
1086 4868 1179 4934 Οἷς
1205 4873 1331 4943 ἑξῆς
1359 4874 1457 4943 τὴν
1490 4876 1559 4937 ἐκ
1580 4876 1787 4948 νεκρῶν

234 4946 504 5007 ἀνάστασιν
535 4955 700 5009 αὐτοῦ
725 4958 1131 5028 ὁμολογοῦντες,
1166 4962 1343 5032 φαμέν
1363 4980 1377 4992 ⁸
1397 4982 1413 5014 ι
1440 4964 1783 5033 Ἀγαλλιασόο
1820 4944 1864 4999 D

237 5040 355 5105 μεθα
385 5048 441 5100 ἐν
477 5048 554 5118 τῷ
602 5052 853 5123 σωτηρίῳ
886 5069 998 5105 σου.
1036 5074 1053 5103 ι
1085 5054 1354 5126 Σωτήριον
1383 5055 1490 5127 γὰρ
1522 5056 1615 5110 τοῦ
1637 5059 1784 5131 Χρι-

238 5131 344 5184 ατοῦ
366 5137 415 5188 τί
450 5138 517 5190 ἂν
544 5137 731 5211 ἕτερον
761 5143 930 5195 νοοῖτο
958 5145 1005 5195 εἰ
1044 5145 1115 5215 μὴ
1143 5146 1175 5215 ἡ
1212 5146 1293 5210 ὲκ⁸
1313 5146 1521 5216 νεκρῶν
1552 5147 1788 5202 ἀνάστα-

239 5235 307 5291 σις
336 5230 516 5296 αὑτοῦ,
546 5230 613 5283 δι’
641 5228 709 5303 ἧς
755 5234 848 5287 καὶ
894 5236 1102 5299 πάντας
1128 5238 1254 5301 τοὺς
1280 5240 1407 5309 πρὶν
1435 5242 1786 5295 ἐκπεπτωκό-

236 5324 319 5374 τας
342 5316 649 5389 ἀνίστησινς
675 5320 839 5377 Ὅθεν
868 5324 1047 5396 φαμένη
1065 5343 1077 5355 ·
1122 5347 1138 5376 ι
1169 5329 1278 5380 Καὶ
1322 5329 1379 5380 ἐν
1402 5329 1625 5400 ὀνόματι
1652 5331 1786 5385 Θεοῦ

240 5402 372 5472 ἡμῶν
400 5412 951 5487 μεγαλυνθησόμεθα’
986 5420 1078 5480 καὶ
1108 5420 1389 5493 πληρώσαι
1420 5422 1621 5493 Κύριος
1652 5424 1788 5477 πάν-

239 5509 297 5587 τα
321 5499 379 5552 τὰ
406 5505 681 5574 αἰτήμκτά
715 5525 829 5563 σου.
863 5529 880 5560 ι
902 5510 1024 5564 Ἐπὶ
1045 5514 1175 5569 πᾶσι
1194 5514 1402 5578 τούτοις
1429 5515 1790 5587 διδασκόμεθα

247 5587 393 5658 λέγειν
440 5596 521 5659 τὸ,
566 5616 584 5649 ι
615 5598 729 5654 Νῦν
774 5601 962 5675 ἔγνων,
992 5607 1071 5659 ὅτι
1103 5607 1271 5662 ἔσωσε
1306 5608 1509 5680 Κύριος
1537 5609 1625 5662 τὸν
1656 5612 1789 5681 Χρι-

250 5772 492 5905 κῖἰξᾶειιὲ
552 5802 704 5851 XVIII,
752 5787 799 5841 5.
880 5785 1242 5855 ‘°Prov.\'m,
1299 5789 1387 5844 ‘25-

1889 3670 2055 3725 verba
2085 3669 2180 3723 illa
2209 3668 2537 3740 accipientes
2566 3668 2631 3723 ad
2664 3668 2817 3723 illum
2861 3667 3043 3722 dicere
3071 3666 3330 3727 solemus,
3350 3679 3470 3734 quae

1891 3763 1971 3819 sic
2007 3762 2208 3817 habent
2244 3779 2258 3816 :
2297 3780 2315 3812 ‹
2361 3759 2630 3815 Exaudiat
2666 3766 2719 3814 te
2766 3757 3026 3813 Dominus
3049 3757 3104 3810 in
3131 3753 3219 3810 die
3243 3753 3471 3809 tribula—

1890 3856 2059 3910 tionis
2091 3864 2218 3910 tuae.
2250 3854 2510 3925 Protegat
2568 3863 2621 3907 te
2663 3865 2862 3907 nomen
2915 3850 3012 3905 Dei
3052 3847 3224 3904 Jacob
3249 3865 3261 3901 :
3290 3846 3470 3901 mittat

1890 3949 1989 4005 tibi
2022 3948 2285 4003 auxilium
2318 3946 2386 4002 de
2416 3953 2628 4011 sancto,
2657 3955 2711 4000 et
2743 3945 2809 3999 de
2829 3943 2961 3998 Sion
2988 3941 3251 4011 suscipiat
3278 3948 3331 3994 te
3348 3938 3415 3991 ⁸³.
3445 3956 3463 3988 ι

1889 4039 2093 4095 Deinde
2134 4039 2391 4110 quoniam
2426 4040 2503 4093 illi
2535 4038 2817 4110 proprium
2862 4045 2968 4102 est,
2998 4044 3257 4107 tanquam
3286 4034 3335 4089 ei
3373 4033 3467 4104 qui

1889 4148 2120 4204 magnus
2146 4133 2216 4188 sit
2243 4132 2509 4203 pontifex,
2549 4132 2856 4202 spirituaiiu
2896 4132 2950 4185 in
2984 4127 3469 4200 gloriﬁcationibus

1891 4241 1953 4280 ac
1975 4224 2457 4296 praedicationibus
2480 4224 2547 4280 de
2577 4223 2708 4289 Deo,
2729 4224 2998 4280 sacriﬁcia
3026 4237 3127 4294 pro
3158 4222 3317 4277 nobis
3337 4234 3470 4276 cou—

1890 4317 2071 4384 ﬁcere,
2101 4318 2469 4388 quoniamque
2502 4327 2560 4372 ut
2588 4316 2848 4372 sacerdos
2870 4323 2923 4371 et
2949 4316 3301 4384 semetipsum
3327 4313 3467 4382 ipse,

1889 4417 1942 4465 et
1973 4424 2134 4479 quem
2196 4409 2497 4479 assumpsit
2548 4409 2616 4463 de
2669 4417 2816 4463 terra
2849 4408 3145 4470 hominem,
3181 4422 3280 4476 pro
3309 4405 3472 4460 nobis

1890 4502 2189 4572 perfectum
2218 4510 2381 4572 atque
2414 4503 2684 4572 integrum
2730 4499 3056 4556 sacriﬁcium
3087 4497 3197 4554 Deo
3230 4504 3284 4553 et
3320 4496 3469 4551 Patri

1889 4595 2105 4662 obtulit,
2165 4581 2374 4650 idcirco
2432 4596 2501 4649 ad
2556 4595 2706 4649 illum
2769 4594 3002 4649 dicimus
3046 4612 3059 4648 ς
3107 4611 3125 4644 ι
3166 4592 3370 4647 Memor
3399 4592 3471 4646 sit

1889 4687 2068 4743 omnis
2105 4686 2359 4743 sacriﬁcii
2411 4687 2514 4752 tui,
2544 4696 2596 4743 et
2642 4686 3023 4741 holocaustum
3060 4693 3214 4739 tuum
3270 4684 3471 4753 pingue

1890 4779 2054 4835 faciat
2072 4781 2136 4836 “.
2187 4800 2204 4833 ι
2253 4779 2320 4833 Ει
2378 4781 2507 4851 quia
2555 4779 2739 4834 omnia
2788 4793 3125 4849 quaecunque
3181 4777 3469 4835 deliberat,

1892 4873 2154 4929 salutaria
2195 4880 2322 4928 sunt
2356 4879 2520 4942 atque
2557 4871 2711 4925 utilia
2757 4870 2981 4934 mundo,
3014 4870 3137 4938 jure
3181 4876 3235 4923 et
3276 4868 3473 4921 merito

1894 4966 1974 5023 sic
2003 4966 2155 5019 illum
2204 4964 2533 5034 alloquimur
2569 4984 2580 5018 :
2617 4982 2635 5015 ι
2683 4962 2915 5019 Tribuat
2957 4964 3054 5017 tibi
3092 4961 3357 5016 Dominus
3387 4976 3473 5014 se-

1893 5057 2131 5112 cundum
2194 5071 2290 5111 cor
2343 5066 2519 5123 tuum,
2559 5065 2614 5112 et
2668 5072 2829 5112 omne
2851 5056 3142 5112 consilium
3188 5062 3340 5108 tuum
3370 5051 3472 5106 im-

1895 5150 2118 5220 pleat”.
2165 5170 2182 5201 ι
2227 5149 2307 5204 Ad
2346 5150 2460 5204 haec
2507 5150 2766 5220 deinceps
2794 5151 2914 5219 ejus
2945 5164 2975 5202 a
3013 5154 3186 5201 morte
3237 5144 3472 5200 reditum

1896 5240 1961 5292 ad
2006 5241 2173 5294 vitam
2206 5241 2550 5304 conlitentes,
2585 5240 2821 5295 dicimus
2856 5259 2867 5293 :
2906 5258 2924 5290 ι
2964 5235 3373 5292 Exsultabimus
3418 5235 3473 5288 in

1897 5338 2123 5392 salutari
2154 5348 2246 5392 tuo
2266 5338 2329 5392 ⁵⁵.
2367 5358 2384 5390 ι
2416 5336 2627 5393 Etenim
2672 5334 2879 5389 Christi
2911 5332 3151 5387 salutare
3193 5327 3472 5398 quodnam

1897 5426 2053 5481 aliud‘
2096 5428 2428 5496 intelligatur
2485 5428 2726 5489 tandem,
2764 5424 2869 5480 nisi
2905 5423 3052 5477 illius
3080 5436 3110 5476 a
3146 5419 3379 5476 mortuis
3407 5420 3473 5474 ad

1897 5518 2050 5574 vivos
2097 5519 2313 5583 reditio,
2346 5520 2503 5590 185
2534 5535 2628 5589 per
2663 5532 2826 5588 quam
2875 5530 3068 5571 omnes
3111 5513 3204 5586 qui
3267 5511 3473 5568 cecide-

1899 5619 2022 5665 rant
2052 5612 2104 5665 in
2149 5611 2440 5681 pristinum
2492 5618 2695 5666 statum
2736 5606 3010 5664 restituit?
3038 5620 3103 5662 ex
3153 5606 3277 5677 qud
3309 5604 3472 5660 etiam

1471 5792 1509 5821 ὀί
1538 5806 1677 5847 vers.
1726 5792 1779 5847 5.

1897 5790 2285 5858 'I’sal.x1x,7.
2360 5790 2405 5822 ³³
2432 5789 2561 5845 ibid.
2598 5787 2654 5855 2,
2681 5789 2730 5842 ’5.
2810 5786 2857 5819 ⁸⁸
2880 5786 3010 5843 ibid.
3046 5785 3098 5842 4.
3179 5784 3223 5817 ⁸⁵
3250 5782 3380 5839 ibid.
3417 5780 3469 5836 ὕ.
