3954 6526
488 402 590 460 3M

1130 392 1399 452 EUSEBII
1431 385 1913 447 CASSARIENSIS
1950 384 2100 441 OPP.
2136 382 2336 438 PARS.
2377 380 2438 436 ll.
2484 412 2552 422 —
2575 378 3077 437 APOLOGETICA.

3655 373 3776 464 ξιῖ

492 523 626 580 illud
673 520 930 585 dicimus,
970 535 990 568 ι
1027 524 1081 571 et
1131 515 1186 568 in
1238 511 1458 568 nomine
1485 508 1580 564 Dei
1615 507 1788 562 nostri
1818 503 2064 574 magniﬁ-

2176 501 2298 554 στδν
2330 498 2496 554 αὑτοῦ
2517 538 2533 562 ,
2562 516 2580 548 ι
2609 497 2682 567 μὴ
2706 495 2874 549 πάλαι
2897 494 3051 548 τοῦτο
3078 491 3298 556 εἰδότες,
3330 491 3379 543 εί
3409 491 3484 561 μὴ
3513 489 3604 544 ὅτε
3636 489 3777 560 πριὸ⁹

489 616 740 672 cabimur
771 632 784 667 :
821 620 878 666 et
934 610 1157 678 impleat
1215 603 1480 658 Dominus
1534 615 1726 656 omnes
1779 598 2068 668 petitiones

489 715 615 762 tuas
632 705 698 761 ⁸⁷.
730 722 750 757 ι
795 701 923 756 Post
983 699 1098 751 haec
1153 695 1358 760 omnia,
1386 693 1648 748 docemur
1685 689 1819 745 illud
1851 701 2068 758 quoque

2173 610 2330 664 τερον
2357 591 2418 644 τὸ
2447 591 2709 662 σωτήριον
2730 587 2894 642 αὑτοῦ
2917 587 3252 658 συνήκαμεν,
3277 583 3376 655 τῆς
3403 581 3774 645 ἀναστάσεως

2176 683 2340 738 αὑτοῦ
2372 682 2470 754 τὴν
2505 680 2732 752 δύναμιν
2760 679 3207 749 κατανοήσαντες.

489 803 716 856 dicere:
756 815 774 849 ι
813 795 969 850 Nunc
1014 791 1245 863 cognovi
1279 755 1426 860 quod
1456 788 1666 844 salvum
1708 784 1838 840 fecit
1868 755 2149 837 Dominus
2215 780 2496 836 Christum
2536 792 2694 834 suum
2749 774 2822 838 ‘3;
2867 793 2885 826 ι
2919 773 3119 844 quippe
3182 770 3273 842 qui
3311 785 3420 824 non
3452 755 3609 839 prius
3652 765 3772 820 hoc

492 887 941 952 intellexerimus,
993 898 1157 954 quam
1206 859 1310 937 ubi
1355 879 1600 935 salutare
1665 876 1785 946 ejus
1830 873 2238 944 agnoverimus,
2304 881 2359 930 et
2414 867 2832 928 resurrectionis
2883 866 3032 922 illius
3080 865 3338 920 virtutem
3406 859 3786 933 perspexeri-

490 998 635 1036 mus.

491 1099 535 1151 Α
576 1096 782 1166 psalmo
810 1107 996 1166 _xxvn.
1028 1120 1098 1130 ——
1129 1089 1373 1143 Christus
1425 1085 1737 1166 nominatim
1782 1081 2068 1137 Dominam

801 1161 1018 1217 Patrem
1056 1170 1107 1214 et
1147 1168 1486 1229 protectorem
1519 1157 1758 1224 adeptus.

567 1277 587 1310 ι
615 1257 882 1313 Dominus
925 1253 1273 1310 conlirmatio
1313 1249 1500 1321 populi
1545 1249 1653 1313 sui,
1703 1256 1756 1303 et
1795 1251 2070 1315 protector

492 1350 856 1406 salvationum
887 1345 1092 1401 Christi
1139 1343 1228 1400 sui
1271 1349 1357 1397 est
1381 1342 1446 1396 ιθ.
1481 1359 1500 1392 ›
1541 1339 1641 1394 Hic
1666 1351 1885 1408 quoque
1923 1334 2072 1405 psal-

492 1457 638 1506 nius,
669 1441 762 1511 qui
787 1454 934 1494 nunc
959 1445 1044 1492 est
1075 1435 1132 1490 in
1157 1434 1432 1496 manibus,
1471 1431 1539 1487 ad
1569 1431 1849 1487 Christum
1871 1427 2065 1483 referri

492 1534 654 1596 solet,
685 1533 885 1602 quippe
914 1528 1006 1599 qui
1028 1540 1147 1582 eam
1181 1539 1396 1594 precem
1424 1523 1701 1578 contineat
1725 1535 1886 1591 quam
1907 1517 2066 1572 Chri-

494 1633 635 1688 stus,
691 1637 800 1693 quo
851 1631 1095 1689 tempore
1143 1632 1410 1690 passurus
1462 1622 1603 1679 erat,
1654 1622 1908 1684 precatus
1960 1619 2063 1665 est.

492 1713 728 1770 Proinde
781 1712 938 1766 initio
989 1709 1234 1781 psalmus
1272 1708 1387 1762 hac
1425 1706 1632 1760 habet:
1665 1722 1683 1755 ι
1713 1703 1792 1757 Ad
1837 1709 1911 1765 te,
1961 1699 2069 1754 Do-

491 1809 658 1870 mine,
699 1804 928 1860 clamavi
963 1822 975 1858 :
1007 1803 1149 1858 Deus
1171 1816 1346 1864 meus,
1393 1813 1461 1853 ne
1507 1797 1673 1854 sileas
1716 1807 1746 1847 a
1772 1808 1881 1856 me,
1909 1799 1962 1846 et
1993 1788 2069 1844 si-

492 1899 641 1954 milis
674 1897 794 1951 ﬁam
826 1893 1286 1950 descendentibus
1317 1889 1373 1944 in
1399 1889 1602 1944 lacum.
1634 1905 1653 1939 ι
1694 1884 1754 1939 In
1785 1884 1890 1936 ﬁne
1911 1894 2062 1945 vero,
2097 1909 2140 1966 Β

491 1989 639 2042 illius
669 1984 1127 2042 resurrectionem
1159 1999 1188 2037 a
1210 1981 1442 2038 mortuis
1471 1979 1641 2045 canit,
1665 1976 1854 2032 dicens
1881 1993 1894 2028 :
1924 1991 1943 2024 ι
1965 1971 2067 2027 Be-

491 2079 742 2135 nedictus
784 2078 1070 2138 Dominus,
1123 2075 1382 2146 quoniam
1425 2071 1706 2129 exaudivit
1739 2082 1928 2124 vocem
1971 2063 2067 2120 de-

489 2170 824 2241 precationis
851 2183 1003 2223 meae.
1034 2166 1301 2222 Dominus
1341 2162 1561 2233 adjutor
1599 2175 1754 2216 meus
1793 2165 1848 2212 et
1883 2162 2067 2226 prote-

491 2270 612 2316 ctor
642 2277 826 2327 meus;
868 2260 925 2315 in
956 2260 1052 2314 illo
1081 2265 1316 2330 sperant
1371 2271 1468 2310 cor
1511 2267 1714 2318 meum,
1758 2257 1812 2305 et
1846 2249 2066 2318 adjutus

491 2370 637 2410 sum.
675 2361 731 2408 οἱ
774 2352 1024 2408 reﬂoruit
1064 2367 1194 2406 caro
1226 2365 1386 2405 mea:
1418 2355 1473 2402 et
1513 2361 1580 2401 ex
1629 2343 1909 2397 voluntate
1945 2352 2066 2394 mea

489 2443 792 2500 conﬁtebor
825 2445 872 2500 ei
899 2445 967 2496 ⁸ο.
999 2463 1017 2496 ι
1072 2442 1286 2510 Quibus
1337 2439 1556 2495 divinus
1613 2443 1668 2492 et
1711 2431 2066 2506 propheticus

491 2533 730 2604 Spiritus
768 2534 1018 2606 adjungit
1051 2551 1063 2589 ;
1103 2551 1122 2585 ‹
1158 2531 1424 2588 Dominus
1477 2525 1824 2585 conﬁrmatio
1879 2522 2065 2595 populi

489 2628 599 2693 sui,
642 2636 921 2699 protector
973 2627 1340 2683 salvationum
1390 2621 1594 2680 Christi
1641 2621 1726 2676 sui
1759 2625 1865 2684 est,
1899 2637 1917 2670 ι
1970 2616 2065 2687 qui

490 2735 591 2775 nos
629 2721 852 2776 instruit
893 2717 1359 2790 quemadmodum
1392 2714 1576 2771 omnia
1612 2728 1736 2784 quae
1779 2711 1836 2768 in
1866 2708 2066 2766 divinis

487 2813 686 2869 litteris
713 2812 916 2867 habent
945 2811 1380 2872 admirationem,
1413 2815 1468 2864 et
1494 2806 1699 2863 Christi
1727 2803 1948 2859 nomine
1980 2802 2066 2856 in-

489 2907 695 2976 scripta
744 2913 894 2970 sunt,
928 2911 983 2961 et
1022 2905 1088 2960 ad
1139 2904 1372 2960 salutem
1406 2900 1689 2956 hominum
1725 2905 1901 2969 gesta,
1952 2895 2068 2952 sive

489 3007 782 3070 przecepta,
827 2998 941 3053 sive
988 2997 1228 3069 negotia,
1262 2997 1377 3051 sive
1412 2994 1478 3049 ad
1523 2991 1980 3048 resurrectionem
2012 2987 2070 3042 il-

489 3092 598 3147 lius
631 3106 660 3144 a
701 3091 933 3146 mortuis
970 3088 1300 3161 pertinentia
1343 3086 1626 3158 mysteria,
1658 3082 1972 3153 cujusmodi
2002 3096 2068 3137 ea

489 3192 640 3247 sunt,
669 3184 737 3238 de
767 3184 966 3254 quibus
987 3198 1136 3238 nunc
1164 3183 1369 3254 agitur.
1396 3189 1532 3236 nutu
1565 3194 1629 3234 ac
1652 3178 1858 3233 virtute
1885 3175 2066 3230 Patris

2184 1074 2439 1144 Ψαλμοῦί
2485 1072 2584 1137 κζ’.
2613 1103 2682 1112 -—
2716 1068 2965 1138 Χριστὸς
3005 1066 3290 1144 ὀνομαστὶ
3334 1065 3432 1144 καὶ
3473 1068 3583 1121 τὸν
3628 1071 3769 1125 na.

2379 1143 2518 1213 τέρα
2535 1136 2638 1197 καὶ
2661 1136 3119 1209 ὑπὲρασπιστὴν
3164 1136 3542 1206 κεκτημένος.

2252 1257 2271 1290 σ
2313 1237 2516 1309 Κύριος
2539 1234 2864 1308 κραταίωμα
2889 1229 2982 1284 τοῦ
3012 1227 3142 1283 λαοῦ
3177 1231 3313 1292 ἐστι,
3337 1230 3430 1282 καὶ
3449 1230 3786 1302 ὑπερασπιο-

2177 1331 2307 1402 στὴς
2333 1328 2442 1382 τῶν
2471 1326 2752 1398 σωτηρίων
2783 1322 2876 1378 τοῦ
2903 1321 3138 1395 Χριστοῦ
3167 1318 3331 1373 αὑτοῦ
3355 1321 3488 1374 ἐστι.
3531 1340 3550 1372 ι
3582 1321 3706 1376 Καὶ
3735 1324 3769 1374 ὁ

2176 1421 2313 1495 μετὰ
2365 1423 2551 1492 χεῖρας
2582 1417 2791 1490 ψαλμὸς
2851 1418 2932 1478 είς
2975 1414 3067 1468 τὸν
3116 1413 3348 1486 Χριστὸν
3392 1412 3764 1486 ἀναφέρεται,

2171 1514 2336 1570 αὐτοῦ
2394 1514 2458 1585 δὴ
2507 1511 2600 1565 τοῦ
2657 1508 2892 1582 Χριστοῦ
2949 1506 3215 1578 περιέχων
3245 1506 3429 1577 εὐχὴν,
3464 1507 3529 1578 ἣν
3594 1505 3766 1577 παρὰ

2170 1606 2262 1659 τὸν
2291 1601 2386 1658 τοῦ
2420 1602 2627 1665 πάθους
2673 1597 3020 1672 προσηύξατο
3070 1596 3280 1668 καιρόν.
3322 1596 3412 1650 Διὸ
3457 1598 3512 1648 ὲν
3546 1597 3651 1667 μὲν
3692 1600 3766 1667 τῇ

2171 1699 2413 1769 καταρχῇ
2450 1695 2541 1748 τοῦ
2565 1692 2778 1765 ψαλμοῦ
2825 1707 2989 1763 φησι·
3022 1708 3040 1742 ι
3077 1689 3220 1762 Πρὸς
3263 1690 3343 1753 σὲ,
3398 1689 3590 1760 Κύριε,
3625 1689 3766 1741 ἐκέ-

2173 1788 2379 1861 κραξα⁶
2435 1787 2463 1839 ὁ
2505 1785 2636 1848 Θεός
2686 1801 2810 1856 μου,
2844 1782 2918 1853 μὴ
2973 1782 3406 1852 παρασιωπήσῃς
3451 1780 3544 1832 ἀπ’
3589 1777 3768 1852 ἐμοῦ,

2172 1881 2266 1934 καὶ
2295 1877 2705 1950 ὁμοιωθήσομαι
2750 1877 2861 1939 τοῖς
2895 1872 3311 1928 καταϐαίνουσιν
3355 1875 3433 1936 εἰς
3458 1871 3689 1926 λάκκον.
3733 1891 3759 1926 ι

2168 1972 2311 2045 Πρὸς
2341 1971 2396 2024 δὲ
2424 1968 2501 2040 τῷ
2555 1968 2722 2033 τέλει,
2747 1966 2845 2038 τὴν
2892 1969 2957 2020 ὲκ
3001 1966 3210 2038 νεκρῶν
3254 1965 3546 2019 ἀνάστασιν
3582 1963 3762 2018 αὐτοῦ

2169 2061 2414 2128 θεσπίζει
2442 2060 2614 2130 λέγων
2640 2077 2652 2090 ο
2684 2078 2702 2110 ι
2745 2056 3051 2129 Εὐλογητὸς
3078 2057 3304 2130 Κύριος,
3338 2057 3420 2109 ὅτι
3458 2058 3761 2128 εἰσήκουσε

2167 2159 2264 2228 τῆς
2295 2156 2478 2227 φωνῆς
2506 2155 2605 2225 τῆς
2647 2151 2881 2226 δεήσεως
2911 2169 3035 2223 μου.
3066 2151 3272 2221 Κύριος
3299 2150 3489 2222 βοηθός
3522 2167 3624 2220 μου
3655 2150 3772 2203 καὶ.

2168 2248 2584 2321 ὑπερασπιστὴς
2620 2262 2749 2318 μου’
2783 2246 2870 2298 ἐπ’
2894 2242 3042 2314 αὐτῷ
3076 2242 3355 2314 ἦλπισενὴ
3393 2240 3586 2312 καρδία
3621 2257 3756 2311 μου,

2167 2342 2261 2395 καὶ
2286 2339 2611 2410 ὲὸοηθήθην,
2657 2338 2751 2391 καὶ
2806 2336 3064 2391 ἁνέθαλεν
3100 2339 3133 2407 ἠ
3186 2334 3322 2408 σάρξ
3363 2351 3496 2405 μου’
3547 2335 3643 2388 καὶ
3689 2334 3758 2386 ὲκ

2168 2430 2471 2504 θελήματος
2510 2447 2609 2501 μου
2657 2428 3124 2500 ὲξομολογήσομαι
3159 2425 3325 2496 αὐτῷ.
3363 2445 3380 2477 ι
3428 2425 3540 2494 Ἐφ’
3576 2419 3659 2486 οἷς
3693 2425 3757 2477 τὸ

2168 2523 2307 2578 θεῖον
2365 2522 2458 2576 καὶ
2513 2521 2847 2593 προφητικὸν
2895 2518 3120 2591 Πνεῦμα
3159 2517 3436 2586 ἐπιλέγει·
3484 2536 3503 2567 ι
3544 2515 3756 2588 Κύριος

2168 2613 2494 2688 κραταίωμα
2534 2613 2627 2667 τοῦ
2667 2612 2798 2667 λαοῦ
2830 2611 3016 2676 αὐτοῦ,
3050 2613 3144 2666 καὶ
3189 2609 3601 2682 ὑπερασπιστὴς
3639 2607 3756 2661 τῶν

2169 2708 2450 2778 σωτηρίων
2479 2705 2572 2759 τοῦ
2595 2704 2830 2778 Χριστοῦ
2860 2703 3024 2759 αὐτοῦ
3055 2705 3169 2758 ἐστι
3191 2721 3204 2734 ·
3248 2721 3268 2754 ›
3303 2701 3553 2755 παιδεῦον
3580 2701 3754 2771 ἡμᾶς,

2166 2804 2248 2857 ὅτι
2271 2801 2336 2873 δὴ
2363 2800 2541 2854 πάντα
2561 2800 2619 2853 ὲν
2657 2801 2777 2862 ταῖς
2812 2798 2983 2862 θείαις
3025 2797 3270 2869 Γραφαῖς
3301 2795 3626 2866 ἀνάγραπτα
3654 2790 3752 2845 τοῦ

2167 2892 2404 2964 Χριστοῦ
2445 2890 2744 2962 θαυμάσια,
2775 2890 2867 2943 ἐπὶ
2884 2889 3127 2962 σωτηρίᾳ.
3147 2888 3253 2940 τῶν
3276 2885 3373 2940 ἀνθ
3383 2883 3577 2957 ρώπων
3597 2882 3755 2952 γενό-

2172 3001 2330 3055 μενα,
2362 2981 2474 3036 εἴτε
2514 2977 2606 3036 οὖν
2643 2979 2960 3052 μαθήματα,
2986 2978 3096 3031 εἴτε
3125 2978 3447 3049 γράμματα,
3472 2972 3580 3027 εἴτε
3608 2971 3754 3026 κατὰ

2167 3076 2266 3147 τὴν
2297 3077 2363 3128 ὲκ
2392 3072 2603 3145 νεκρῶν
2663 3071 2961 3126 ἀνάστασιν
3004 3068 3169 3123 αὑτοῦ
3205 3068 3477 3139 μυστήρια
3503 3065 3599 3118 νῦν
3628 3065 3750 3117 ὀνο-

2171 3167 2472 3240 μαζόμενα,
2493 3164 2719 3235 νεύματι
2743 3164 2837 3216 καὶ
2865 3162 3088 3233 δυνάμει
3105 3161 3393 3232 γεγένηται
3417 3158 3507 3212 τοῦ
3536 3155 3760 3225 [ἰατρὸς

489 3286 640 3347 gesta
668 3289 814 3341 sunt,
841 3277 932 3348 qui
963 3279 1018 3332 in
1063 3247 1279 3332 cunctis
1317 3273 1731 3330 admirabilibus
1763 3286 1828 3326 ac
1859 3271 2064 3326 saluta-

2176 3259 2228 3310 ὲν
2263 3257 2432 3312 ἅπασι
2478 3258 2590 3317 τοῖς
2627 3251 2950 3324 παραδόξοις
2996 3249 3089 3303 καὶ
3141 3249 3428 3320 σωτηρίοις
3472 3247 3651 3316 λόγοις
3689 3263 3751 3300 τε

487 3372 643 3428 ribus
674 3380 728 3428 et
761 3371 947 3427 verbis
971 3379 1025 3426 et
1053 3370 1211 3428 lactis
1238 3386 1399 3426 suum
1433 3367 1713 3424 Christum
1739 3363 1995 3436 protegit.

488 3485 528 3537 Α
558 3485 764 3553 psalmo
816 3481 1420 3553 LXXXIII..—-Cliristus
1477 3480 1792 3553 nominatim
1845 3487 2068 3553 tutorem

560 3549 660 3608 sibi
700 3555 864 3610 Deum
891 3555 1178 3609 ascribens.
1211 3552 1456 3622 Unusque
1488 3551 1891 3606 resurrectionis
1921 3549 2067 3604 illius

559 3627 672 3681 dies
698 3643 717 3680 :
745 3636 795 3681 et
816 3643 925 3680 una
947 3627 1136 3680 domus
1169 3625 1293 3691 Dei,
1329 3623 1564 3678 Ecclesia
1596 3624 1784 3690 ipsius.

565 3821 584 3854 ι
611 3801 894 3860 Protector
925 3811 1110 3859 noster
1146 3804 1352 3873 aspice,
1387 3802 1550 3865 Deus,
1583 3808 1636 3858 et
1667 3803 1879 3872 respice
1901 3803 1954 3856 in
1988 3801 2070 3854 fa-

489 3894 629 3949 ciem
663 3895 868 3950 Christi
923 3895 1022 3950 tui.
1069 3895 1206 3962 Quia
1256 3897 1452 3950 melior
1489 3904 1572 3950 est
1610 3897 1771 3967 186
1803 3895 1921 3950 dies
1959 3909 2068 3948 una

489 3985 546 4040 in
581 3987 736 4043 atriis
767 3989 876 4042 tuis
917 4003 1083 4058 super
1107 3989 1276 4044 millia
1307 4008 1320 4043 :
1366 3989 1505 4059 elegi
1535 3991 1806 4059 abjectum
1853 4002 1978 4043 esse
2010 3987 2064 4040 in

491 4079 654 4134 domo
675 4078 769 4134 Dei
794 4080 899 4136 mei
927 4081 1122 4152 magis,
1145 4095 1308 4151 quam
1335 4081 1581 4136 habitare
1610 4096 1696 4136 me
1725 4082 1780 4135 in
1811 4081 2066 4135 taberna-

489 4173 630 4227 culis
675 4177 1103 4242 peccatorum".
1134 4196 1151 4228 ι
1216 4174 1316 4241 Qui
1367 4186 1570 4230 norunt
1628 4175 1908 4230 Christum
1971 4174 2064 4228 Dei

489 4280 615 4322 esse
649 4265 910 4329 Verbum.
945 4277 1000 4323 et
1050 4268 1399 4338 sapientiam.
1457 4275 1512 4323 et
1540 4268 1716 4322 lucem
1760 4281 1965 4329 veram,
2012 4273 2066 4319 et

491 4358 680 4424 vitam,
726 4359 924 4415 deinde
955 4361 1205 4415 eumdem
1243 4359 1446 4414 factum
1494 4375 1617 4416 esse
1660 4360 1935 4414 hominem
1983 4358 2066 4411 in-

489 4449 768 4518 telligunt,
805 4450 1145 4506 admirantur
1202 4451 1306 4507 hoc
1360 4452 1506 4523 quod
1535 4467 1753 4507 omnem
1787 4450 1944 4505 ﬁdem
1973 4466 2067 4505 su-

490 4549 648 4610 perat
688 4543 1050 4612 propositum,
1099 4543 1234 4599 adeo
1267 4545 1511 4615 quidem,
1559 4551 1619 4598 ut
1652 4543 1706 4597 in
1752 4542 1918 4596 verba
1972 4543 2063 4595 illa

490 4641 868 4704 prorumpam.
929 4653 947 4685 ι
980 4634 1046 4688 Et
1090 4636 1327 4692 vidimus
1381 4634 1567 4700 illum,
1619 4643 1673 4691 et
1720 4649 1828 4689 non
1877 4633 2040 4688 habui

491 4726 749 4794 speciem,
793 4743 968 4798 neque
1019 4729 1519 4798 pulchritudinem;
1572 4727 1664 4780 sed
1717 4724 1818 4778 fuit
1858 4725 2070 4794 species

490 4817 613 4881 ejus
645 4819 762 4874 sine
789 4819 1019 4886 honore,
1061 4830 1117 4876 et
1149 4820 1414 4876 deﬁciens
1443 4835 1555 4889 prae
1586 4818 1712 4872 ﬁliis
1742 4817 2024 4871 hominum
2051 4835 2065 4872 :

491 4910 657 4965 homo
683 4927 804 4965 cum
841 4913 893 4967 in
920 4914 1074 4985 plaga
1107 4922 1255 4970 esset
1285 4923 1339 4970 et
1363 4913 1530 4968 sciret
1559 4911 1700 4966 ferre
1727 4911 2068 4981 languorem,

489 5003 751 5070 quoniam
785 5005 980 5060 avertit
1011 5003 1207 5060 faciem
1240 5020 1418 5068 suam,
1453 5010 1802 5073 contemptus
1831 5009 1914 5058 est
1937 5002 2012 5056 In:
2044 5021 2062 5052 ι

488 5097 672 5163 itaque
707 5096 901 5150 merito
941 5096 1111 5152 Deum
1155 5104 1472 5168 precantur,
1509 5103 1570 5151 ut
1599 5095 1862 5166 respiciat
1894 5095 1950 5150 in
1987 5093 2070 5148 fa-

391 5222 416 5286 ῗ.
487 5183 624 5240 ciem
676 5184 907 5251 Christi,
955 5205 1075 5257 qua:
1125 5198 1344 5258 propter
1398 5202 1500 5243 nos
1556 5195 1610 5243 et
1637 5187 1966 5258 ignominias
2008 5193 2064 5240 et

487 5277 855 5331 contumelias
893 5293 1055 5348 passa
1095 5288 1200 5342 est,
1244 5287 1299 5335 et
1330 5287 1554 5349 propter
1585 5279 1735 5333 illum
1779 5278 1938 5333 nobis
1973 5277 2068 5331 ﬁat

488 5367 778 5435 propitius,
813 5372 1032 5440 quando
1084 5372 1128 5427 is
1177 5381 1398 5441 peccata
1447 5379 1636 5427 nostra
1687 5373 1829 5437 tulit,
1869 5380 1924 5428 et
1969 5387 2068 5440 pro

487 5457 648 5514 nobis
691 5459 744 5514 in
796 5461 984 5518 dolore
1035 5473 1120 5520 est
1146 5484 1158 5518 :
1187 5465 1302 5520 hmo
1345 5473 1526 5522 autem
1574 5465 1849 5537 supplices
1879 5471 2072 5536 petunt

486 5552 882 5619 propemodum
931 5554 1238 5624 cupientes,
1279 5563 1445 5627 atque
1494 5558 1548 5612 in
1597 5555 1737 5611 votis
1780 5555 2065 5617 habentes,

490 5638 682 5693 Iaciem
731 5643 921 5714 gloria:
968 5643 1174 5700 Christi
1205 5646 1418 5710 videre,
1466 5655 1520 5702 et
1558 5647 1700 5702 diem
1737 5645 1876 5699 lucis
1918 5643 2064 5700 illius

488 5818 544 5884 ἓ,
577 5822 631 5878 5.

2172 3350 2265 3402 καὶ
2299 3348 2479 3420 ἔργοις
2507 3343 2971 3417 ὑπερασπίζοντος
3004 3341 3098 3395 τοῦ
3140 3342 3270 3394 ἰδίου
3302 3339 3558 3414 Χριστοῦ.

2177 3458 2432 3530 Ψαλμοῦ
2458 3465 2570 3528 πγ’.
2596 3488 2664 3498 ——
2683 3453 2938 3524 Χριστὸς
2967 3453 3252 3530 ὀνομαστὶ
3275 3453 3402 3530 Ῑὸτς
3435 3451 3588 3530 Θεὼς
3641 3449 3751 3502 ἐπα

2240 3520 2432 3597 όπὶην
2443 3520 2930 3598 ἐπιγραφόμενος,
2943 3525 3052 3598 μία
3071 3520 3137 3577 τε
3228 3521 3337 3598 τῆς
3358 3520 3748 3598 ᾀτςρστᾴσεως

2238 3591 2426 3688 αἰετοῦ
2455 3591 2670 3670 ἡμέρας
2707 3591 2805 3652 καὶ
2846 3591 3133 3664 εἷςόῖκος
3161 3592 3309 3648 Θεοῦ
3341 3594 3377 3660 ἠ
3421 3591 3753 3658 Ἐκκλησία

2243 3689 2448 3726 αυτου.

2245 3805 2262 3837 ι
2311 3783 2721 3856 ’Υπερασπιστὰ
2743 3781 2920 3853 ἡμῶν,
2957 3779 3054 3847 ίδὲ,
3081 3781 3109 3833 ὁ
3139 3778 3291 3842 Θεὸς,
3322 3777 3415 3830 καὶ
3459 3773 3752 3844 ἐπίϐλεψον

2170 3877 2262 3931 ἐπὶ
2308 3879 2367 3928 τὸ
2388 3875 2674 3948 πρόσωπον
2733 3871 2828 3926 τοῦ
2873 3869 3110 3943 Χριστοῦ
3160 3887 3276 3924 σου,
3317 3868 3437 3920 ’Ότι
3478 3865 3753 3937 κρείσσων

2169 3969 2349 4042 ἡμέρα
2387 3967 2484 4038 μία
2515 3968 2571 4018 ὲν
2599 3969 2718 4029 ταῖς
2745 3965 2935 4028 αὐλαῖς
2966 3980 3060 4016 σου
3082 3962 3220 4032 ὑπὲρ
3239 3959 3503 4030 χιλιάδας.
3534 3955 3750 4022 Ἐξελε-

2170 4060 2346 4130 ξάμην
2403 4055 2902 4128 παραρῤιπτεῖσθαι
2949 4055 3004 4107 ἐν
3047 4052 3125 4123 τῷ
3166 4050 3299 4121 οἴκῳ
3336 4048 3432 4102 τοῦ
3476 4045 3611 4100 Θεοῦ
3645 4062 3749 4116 μου

2172 4152 2390 4223 μᾶλλον,
2426 4150 2459 4221 ἦ
2500 4151 2664 4202 οἰκεῖν
2700 4164 2767 4218 με
2802 4147 2860 4200 ὲν
2902 4144 3255 4216 σκηνώμασιν
3299 4139 3662 4214 ἁμαρτωλῶν.
3724 4156 3743 4189 ι

2169 4246 2232 4297 Οἱ
2270 4242 2623 4313 ἐπιστάμενοι
2676 4240 2769 4293 τὸν
2812 4237 3045 4310 Χριστὸν
3077 4236 3170 4290 τοῦ
3219 4236 3354 4291 Θεοῦ
3383 4236 3511 4289 ὄντα
3549 4232 3747 4301 Λόγον,

2168 4334 2261 4386 καὶ
2300 4333 2525 4402 σοφίαν,
2581 4332 2675 4383 καὶ
2709 4329 2825 4399 φῶς
2875 4326 3146 4398 ἀληθινὸν,
3187 4327 3281 4380 καὶ
3323 4325 3500 4397 ζωὴν,
3556 4324 3749 4377 ἔπειτα

2167 4424 2264 4496 τὴν
2290 4421 2702 4494 ἐνανθρὼπησιν
2738 4421 2904 4474 αὐτοῦ
2951 4421 3359 4490 συννοήσαντες,
3397 4415 3749 4484 κατεπλάγη-

2169 4535 2268 4571 σαν
2295 4518 2355 4571 τὸ
2378 4515 2675 4590 παράδοξον
2697 4513 2789 4567 τοῦ
2808 4512 3128 4584 θελήματος,
3156 4511 3296 4564 ὥστε
3311 4511 3566 4562 ἀνειπεῖν.
3592 4528 3610 4558 ι
3637 4508 3749 4565 Καὶ

2049 4643 2069 4687 ι
2101 4615 2145 4672 D
2172 4610 2387 4681 εἴδομεν
2419 4610 2599 4671 αὑτὸν,
2636 4609 2731 4662 καὶ
2757 4607 2860 4660 οὐκ
2889 4600 3034 4676 εἶχεν
3058 4600 3195 4667 εἶδος
3229 4601 3349 4655 οὐδὲ
3377 4601 3568 4663 κάλλος
3589 4617 3603 4631 ·
3628 4599 3745 4654 ἀλλ’

2166 4700 2234 4776 ἦν
2269 4704 2328 4758 τὸ
2387 4701 2525 4767 εἶδος
2576 4700 2741 4754 αὑτοῦ
2771 4699 2988 4771 ἄτιμον,
3019 4697 3113 4751 καὶ
3148 4695 3396 4750 ἐκλεῖπον
3441 4693 3595 4765 παρὰ
3619 4695 3746 4756 τοὺς

2169 4798 2316 4860 υἱοὺς
2343 4794 2451 4848 τῶν
2491 4793 2812 4865 ἀνθρώπων.
2848 4791 3171 4861 Ἀνθρωπος
3211 4789 3268 4840 ἐν
3309 4785 3487 4856 πληγῇ
3523 4783 3621 4849 ὢν,
3652 4787 3747 4839 καὶ

2169 4888 2324 4951 εἰδὼς
2353 4889 2544 4958 φέρειν
2585 4885 2879 4958 μαλακίαν,
2917 4885 2997 4937 ὅτι
3030 4879 3340 4952 ἀπέστρεψε
3366 4878 3426 4933 τὸ
3454 4877 3746 4949 πρόσωπον

2168 4983 2354 5048 αὑτοῦ,
2393 4981 2703 5054 ὴτιμάσθη·
2748 4999 2766 5032 ι
2803 4981 3028 5042 εἰκότως
3064 4975 3435 5050 παρακαλοῦσι
3480 4975 3572 5029 τὸν
3615 4974 3746 5028 Θεὸν

2172 5075 2458 5146 ὲπιῆλέψαι
2491 5077 2570 5138 είς
2598 5075 2658 5126 τὸ
2693 5073 2982 5145 πρόσωπον
3015 5069 3106 5123 τοῦ
3156 5067 3392 5139 Χριστοῦ
3419 5066 3480 5121 τὸ
3507 5067 3575 5120 δι’
3600 5068 3746 5138 ἡμᾶς

2171 5172 2516 5245 ἠτιμωμένον
2564 5171 2657 5224 καί
2690 5167 3141 5240 καθυϐρισμένον,
3180 5163 3308 5218 ἵλεώ
3341 5181 3399 5217 τε
3441 5163 3573 5235 ἡμῖν
3596 5161 3751 5232 γενέ-

2175 5243 2296 5322 σθαι
2354 5243 2419 5322 δι’
2466 5266 2627 5320 αὐτόν
2647 5283 2659 5295 ·
2703 5266 2823 5317 ἐπεὶ
2851 5262 2949 5326 τὰς
2981 5258 3251 5332 ἁμαρτίας
3289 5257 3445 5330 ἡμῶν
3469 5256 3746 5328 ἀνείληφε,
3770 5243 3782 5260 ﬁ

2174 5361 2266 5414 καὶ
2298 5360 2439 5432 ὑπὲρ
2472 5357 2627 5429 ἡμῶν
2668 5355 2938 5410 ὀδυνᾶται.
2993 5352 3177 5406 Ταῦτα
3209 5351 3252 5403 δ’
3288 5349 3608 5414 ἱκετεύουσι,
3661 5367 3752 5420 μο-

2175 5455 2385 5524 νονουχὶ
2412 5451 2702 5514 ποθοῦντες
2732 5449 2826 5503 καὶ
2853 5449 2910 5500 ἐν
2939 5446 3069 5517 εὐχῇ
3086 5443 3443 5515 τιθέμενοιτὸ
3460 5441 3747 5514 πρόσωπον

2174 5548 2270 5618 τῆς
2313 5544 2470 5616 δόξης
2528 5544 2656 5596 ἰδεῖν
2686 5539 2781 5594 τοῦ
2815 5536 3077 5610 Χριστοῦ,
3123 5537 3216 5590 καὶ
3255 5537 3354 5606 τὴν
3405 5533 3619 5607 ἡμέραν
3652 5530 3744 5586 τοῦ

2173 5639 2347 5710 φωτὸς
2393 5635 2556 5690 αὑτοῦ
2597 5629 2912 5688 θεάσασθαι.
2959 5628 3108 5700 Αὕτη
3157 5629 3211 5682 δὲ
3245 5625 3312 5701 ἦν
3339 5630 3373 5700 ἡ
3401 5627 3502 5698 τῆς
3545 5628 3609 5680 ἐκ
3661 5641 3743 5678 νε-

578 5750 799 5837 :l’Psal.
832 5775 946 5829 xix,
983 5737 1040 5828 6,
1075 5760 1125 5816 7.
1202 5760 1246 5795 ⁸³
1269 5760 1403 5816 ibid.
1437 5760 1486 5815 7.
1565 5761 1609 5793 ’δ’
1634 5758 1778 5816 Psal.
1802 5774 1972 5825 xxvii,
2009 5759 2060 5814 8.
2142 5759 2188 5790 ⁸ο
2213 5751 2342 5810 ibid.
2376 5753 2429 5821 6,
2465 5752 2518 5808 7.
2591 5753 2632 5784 ἰ
2659 5749 2808 5806 Psal.
2845 5763 3074 5812 uxxiu,
3118 5745 3204 5810 lO,
3246 5744 3325 5798 li.
3404 5745 3448 5777 δ’
3487 5745 3582 5800 Isa.
3619 5753 3742 5806 tut,
