3954 6538
525 387 633 444 515
1169 381 1444 442 EUSEBII
1483 383 1971 444 CIESARIENSIS
2000 387 2151 445 OPP.
2195 385 2395 442 PARS.
2439 383 2506 441 11.
2537 413 2608 426 -
2640 381 3144 441 APOLOGETICA.
3713 379 3842 440 316

523 503 810 558 Christum
847 499 1081 571 appellet
1119 499 1400 555 lucernam
1433 501 1570 558 dicit
1599 517 1659 559 se
1689 485 1767 559 illi
1799 506 2101 577 paravisse,
2131 529 2145 568 Α

2256 503 2370 574 ησὶν
2409 503 2764 575 ήτοιμακέναι
2799 501 2967 574 αὐτῷ,
2996 501 3088 556 τὸν
3118 499 3477 574 προφητικὸν,
3509 501 3594 567 ὡς
3629 501 3836 564 εἰκὸς,

525 595 910 668 propheticum
939 593 1150 664 utique,
1168 603 1229 648 ut
1246 594 1545 652 verisimile
1561 603 1666 664 est,
1695 599 1945 664 verbum,
1966 599 2112 670 quod

2256 596 2394 666 όγον,
2423 595 2516 650 τὸν
2546 594 2927 668 προωδευκότα
2956 591 3050 648 τοῦ
3075 591 3334 664 Χριστοῦ,
3361 591 3420 656 ὃς
3450 591 3620 664 μόνος
3648 591 3847 663 ἡλιασ-

527 689 710 760 ipsum
741 686 1018 743 Christmn
1047 686 1367 752 antecessit,
1401 687 1494 758 qui
1519 689 1670 746 solus
1705 690 1881 747 instar
1916 693 2114 750 solaris

2256 688 2317 743 οῦ
2349 689 2525 759 φωτὸς
2551 685 2707 758 δίκην
2735 689 2848 752 τοῖς
2872 687 3005 740 πᾶσι
3029 685 3151 740 καθ’
3183 684 3309 754 ὅλης
3337 685 3438 756 τῆς
3468 682 3848 754 οἰκουμένης

527 779 778 846 luminis,
809 778 1065 834 omnibus
1091 778 1186 849 qui
1226 785 1404 834 totum
1440 781 1630 836 orbem
1661 789 1939 838 terrarum
1973 783 2117 840 inco-

2259 777 2530 851 νθρώποις
2559 776 2909 831 ἀνατέταλκε.
2944 777 3054 830 Κῶ
3085 775 3246 839 αὐτὸς
3273 774 3330 828 δὲ
3359 775 3388 828 6
3414 772 3586 827 Δασὶδ
3620 771 3852 842 λύχνος

529 871 652 926 lunt
676 868 1012 933 hominibus,
1035 877 1260 924 exortus
1279 876 1384 926 est.
1423 867 1516 924 Sic
1539 870 1656 941 ipse
1683 887 1904 943 quoque
1921 871 2114 938 David,

2256 871 2300 944 ᾧ
2336 869 2556 944 Χριστῷ
2598 869 3021 941 προητοίμαστο,
3055 868 3130 933 ὡς
3165 865 3464 938 παραθέσει
3496 864 3692 936 ἡλίου,
3739 863 3850 916 καὶ

531 973 594 1018 ιιι
631 961 836 1016 Christi
887 961 1116 1016 lucerna
1153 969 1380 1033 paratus
1419 969 1546 1018 ante
1583 965 1736 1018 illum
1772 965 1900 1031 fuit,
1931 971 2120 1036 utpote

2258 965 2429 1028 ελείου
2475 963 2672 1034 φωτὸς,
2740 961 2934 1033 λύχνου
2980 960 3133 1028 τάξιν
3179 961 3410 1030 ἐπέχων.
3452 979 3470 1011 ι
3515 959 3684 1011 Ἐκεῖ
3753 956 3846 1021 δὲ,

533 1054 625 1124 qui
660 1053 762 1110 soli
809 1051 1161 1124 perfectoque
1210 1053 1406 1108 lumini
1451 1063 1838 1126 comparatus,
1883 1057 2121 1113 lucerna:

2256 1059 2411 1131 »ησὶν,
2477 1055 2782 1122 ὲξανατελῶ
2821 1055 3010 1127 κέρας,
3041 1070 3061 1105 ι
3098 1053 3189 1106 τὸν
3231 1052 3394 1106 τόπον
3436 1051 3644 1122 δηλῶν,
3697 1047 3850 1102 ἔνθα

533 1144 716 1198 locum
773 1144 1040 1200 obtineat.
1088 1162 1106 1196 ι
1157 1142 1278 1200 lllic
1335 1161 1503 1212 vero,
1559 1147 1772 1220 inquit,
1817 1149 2120 1220 producam

535 1251 732 1296 cornu,
782 1255 800 1287 ι
847 1238 1028 1292 locum
1077 1235 1332 1292 videlicet
1379 1237 1653 1301 indicans,
1711 1239 1800 1294 ubi
1851 1241 2124 1312 signiﬁcat

533 1325 818 1382 Christum
841 1327 1136 1382 oriturum.
1169 1326 1308 1383 Cum
1341 1329 1487 1384 enim
1523 1338 1783 1400 precatus
1826 1337 1975 1387 esset
2019 1330 2123 1385 Da-

535 1419 651 1482 vid,
685 1427 746 1473 ut
783 1419 886 1474 sibi
925 1419 1122 1490 spiritu
1161 1421 1325 1492 188
1357 1421 1550 1478 liceret
1591 1433 1718 1478 ante
1761 1423 2123 1494 contemplari

540 1511 694 1566 illius
733 1512 970 1567 natalem
1008 1513 1216 1578 locum,
1257 1513 1606 1586 dixissetque
1639 1516 1807 1572 verba
1841 1513 1976 1570 illa:
2008 1535 2027 1567 ι
2066 1515 2124 1572 Si

2229 1151 2483 1222 σημαίνει
2509 1151 2600 1203 τὸν
2635 1148 2868 1222 Χριστὸν
2901 1145 3350 1218 γεννηθήσεσθαι.
3377 1143 3696 1216 Εὑξαμένῳ
3727 1142 3852 1212 γὰρ

2227 1242 2306 1314 τῷ
2339 1242 2504 1296 Δαϐὶδ
2534 1241 2627 1296 τὸν
2665 1241 2830 1295 τόπον
2857 1239 2936 1311 τῷ
2975 1237 3248 1310 πνεύματι
3295 1237 3698 1310 προθεωρῆσαι
3737 1236 3852 1306 τῆς

2228 1338 2494 1409 γενέσεως
2525 1334 2618 1389 τοῦ
2658 1331 2918 1407 Χριστοῦ,
2955 1331 3190 1404 φήσαντί
3231 1349 3313 1395 τε,
3351 1351 3369 1383 ί
3406 1331 3470 1385 Et
3505 1329 3852 1384 εἰσελεύσο-

2234 1449 2331 1504 μαι
2365 1431 2458 1483 ἐπὶ
2501 1429 2688 1500 κλίνης
2723 1425 3012 1498 στρωμνῆς
3056 1443 3177 1496 μου,
3213 1426 3262 1478 εἱ
3305 1423 3462 1478 δώσω
3484 1421 3670 1477 ὕπνον
3721 1422 3852 1487 τοῖς

2230 1525 2527 1596 ὀφθαλμοῖς
2561 1538 2684 1593 μου,
2731 1521 2964 1584 καὶτοῖς
3011 1519 3300 1591 βλεφάροις
3335 1536 3438 1589 μου
3477 1515 3852 1588 νυσταγμὸν,

543 1602 812 1659 introiere
863 1605 920 1658 in
961 1605 1381 1660 tabernaculum
1424 1607 1624 1663 domus
1665 1622 1820 1672 meae,
1857 1608 1903 1664 si
1933 1622 2116 1664 ascen-

2256 1618 2326 1671 ιαί
2363 1615 2668 1670 ἀνάπαυσιν
2696 1615 2808 1676 τοῖς
2841 1611 3132 1684 κροτάφοις
3161 1629 3284 1684 μου,
3321 1610 3428 1675 ἕως
3455 1603 3516 1664 οὗ
3547 1609 3718 1682 εῦρω
3755 1609 3852 1662 τό-

541 1697 676 1752 dero
703 1697 758 1750 in
795 1697 997 1752 lectum
1026 1698 1186 1753 strati
1217 1698 1346 1763 mei,
1375 1698 1424 1755 si
1463 1699 1668 1755 dedero
1702 1713 1958 1756 somnum
1993 1715 2128 1757 ocu-

2256 1727 2333 1762 τον
2367 1707 2442 1778 τῷ
2481 1704 2690 1777 Κυρίῳ,
2730 1705 2994 1774 σκήνωμα
3021 1701 3098 1772 τῷ
3123 1701 3242 1773 Θεῷ
3277 1699 3468 1756 Ἰακὼῦ
3493 1739 3510 1764 ,
3547 1719 3568 1752 ι
3607 1701 3852 1754 ἀποκα-

540 1789 612 1844 lis
645 1790 802 1852 meis,
835 1796 889 1844 et
925 1789 1202 1860 palpebris
1251 1791 1391 1846 meis
1425 1789 1910 1857 dormitationem,
1949 1801 2003 1847 et
2039 1807 2128 1847 re-

2256 1799 2426 1854 ,ύπτει
2467 1799 2528 1852 τὸ
2567 1798 2708 1852 θεῖον
2755 1795 2983 1867 Πνεῦμα
3010 1795 3101 1849 τὸν
3129 1795 3187 1848 ὲν
3227 1792 3474 1864 Βηθλεὲμ
3501 1793 3704 1847 τόπον.
3749 1793 3850 1846 Διὸ

541 1883 728 1952 quiem
779 1883 1125 1952 temporibus
1177 1883 1351 1947 meis,
1405 1882 1583 1938 donec
1631 1883 1906 1939 inveniam
1951 1883 2130 1939 locum

2256 1893 2482 1965 ,πιιρέρει
2541 1891 2756 1961 λέγων·
2831 1906 2853 1942 ι
2922 1887 3055 1942 Ἰδοὺ
3127 1885 3443 1957 ἠκούσαμεν
3516 1885 3703 1957 αὐτὴν
3789 1887 3850 1938 ἐν

543 1975 795 2038 Domino,
823 1977 1248 2032 tabernaculum
1277 1976 1388 2033 Deo
1415 1975 1587 2047 Iacob
1609 1977 1677 2042 ⁵⁷,
1719 1995 1737 2028 ι
1775 1975 1998 2033 divinus
2022 1975 2134 2048 spi-

542 2069 686 2124 ritus
720 2069 770 2124 ei
805 2070 1008 2132 locum,
1035 2069 1129 2140 qui
1158 2076 1245 2126 est
1277 2070 1334 2125 in
1371 2070 1686 2126 Bcthlehem
1721 2070 1998 2126 occultum
2038 2069 2133 2125 de-

543 2164 702 2234 tegit.
746 2165 932 2234 ltaque
964 2163 1270 2236 subiungit,
1317 2163 1511 2220 dicens
1545 2182 1558 2218 :
1589 2181 1608 2214 ι
1645 2162 1786 2218 Ecce
1825 2161 2135 2217 audivimus

547 2272 666 2311 eam
706 2257 758 2310 in
783 2255 1056 2326 Ephrata;
1085 2275 1103 2306 ι
1132 2256 1321 2328 (porro
1341 2255 1456 2311 haec
1509 2263 1594 2312 est
1637 2255 1758 2326 ipsa
1795 2251 2134 2323 Bcthlchem)

553 2367 572 2399 ι
607 2348 915 2403 invenimus
968 2363 1088 2404 eam
1133 2347 1186 2402 in
1229 2347 1440 2418 campis
1477 2347 1648 2412 silvae,
1689 2345 2041 2402 introibimus
2078 2343 2132 2398 in

545 2440 966 2495 tabernaculum
1005 2438 1148 2508 ejus,
1202 2439 1556 2495 adorabimus
1593 2439 1649 2494 in
1680 2439 1805 2494 loco
1845 2437 1939 2493 ubi
1968 2442 2134 2493 stete-

547 2545 674 2590 runt
701 2535 866 2606 pedes
909 2537 1030 2607 ejus
1062 2537 1128 2591 5'.
1165 2555 1183 2587 ι
1226 2535 1406 2603 Quare
1447 2536 1645 2592 merito
1687 2543 1977 2606 postquam
2019 2533 2136 2588 haec

545 2628 764 2697 aperuit
789 2637 953 2700 atque
985 2627 1267 2692 indicavit,
1293 2627 1544 2699 adjungit
1580 2643 1592 2679 :
1628 2646 1646 2678 ι
1683 2625 1802 2682 lllic
1833 2626 2134 2698 producam

547 2735 724 2774 cornu
760 2721 864 2791 ipsi
911 2720 1100 2786 David,
1133 2721 1324 2792 paravi
1361 2722 1647 2776 lucernam
1679 2719 1900 2775 Christo
1927 2735 2071 2776 meo.
2109 2738 2128 2772 ι

2240 1983 2506 2056 Ἐφραθά·
2543 2002 2562 2036 ι
2598 1982 2757 2056 (αῦτη
2780 1982 2837 2036 δέ
2868 1983 3013 2035 ἐστιν
3042 1981 3076 2052 ή
3110 1977 3380 2051 Βηθλεέμ)
3416 1997 3434 2030 ι
3461 1977 3716 2049 εὕρομεν
3745 1979 3852 2031 αὖ·-

2230 2079 2326 2150 τὴν
2361 2079 2418 2132 ὲν
2463 2080 2574 2140 τοῖς
2607 2076 2810 2140 πεδίοις
2855 2071 2947 2127 τοῦ
2993 2072 3220 2145 δρυμοῦ.
3261 2069 3716 2141 Εἰσελευσόμεθα
3767 2073 3853 2133 εἰς

2229 2171 2300 2225 τὰ
2333 2170 2668 2242 σκηνώματα
2698 2166 2886 2231 αὐτοῦ,
2916 2166 3366 2238 προσκυνήσομεν
3399 2165 3480 2228 είς
3515 2163 3612 2216 τὸν
3639 2165 3850 2226 τόπον,

2233 2259 2294 2319 οὗ
2322 2263 2560 2334 ἔστησαν
2589 2263 2639 2315 οἱ
2669 2261 2826 2325 πόδες
2867 2257 3054 2313 αὐτοῦ.
3091 2277 3109 2312 ι
3143 2257 3388 2322 Εἰκότως
3417 2252 3510 2311 οῦν
3545 2256 3698 2328 μετὰ
3747 2255 3852 2326 τὴν

2233 2356 2436 2409 τούτων
2471 2354 2777 2426 φανέρωσιν
2822 2352 3098 2420 ἐπιλέγει·
3139 2371 3156 2403 ι
3211 2351 3359 2404 Ἐκεῖ
3399 2347 3720 2414 ὲξανατελῶ
3749 2347 3850 2399 κέ-

2237 2466 2336 2520 ρας
2370 2446 2446 2519 τῷ
2479 2447 2673 2501 Δαϐίδ·
2715 2446 2983 2518 ήτοίμασα
3025 2445 3216 2516 λύχνον
3261 2442 3340 2514 τῷ
3384 2441 3610 2514 Χριστῷ
3641 2458 3784 2512 μου.
3825 2457 3845 2490 ι

2233 2541 2387 2611 Τάχα
2423 2539 2552 2603 ἴσως
2598 2539 2692 2592 καὶ
2733 2539 2794 2592 τὸ
2843 2538 2936 2592 ἐπὶ
2977 2538 3076 2609 τῆς
3117 2537 3366 2608 Βηθλεὲμ
3411 2533 3742 2605 ἀναληφθὲν
3773 2531 3852 2601 τῷ

2235 2633 2456 2704 Χριστῷ
2481 2632 2639 2703 σῶμα
2663 2631 2783 2686 καθ’
2807 2630 2998 2702 ἑτέραν
3019 2629 3276 2684 ὑπόνοιαν
3299 2627 3578 2700 σημαίνων
3604 2644 3618 2656 ·
3642 2625 3851 2696 ἐπειδὴ

2241 2723 2328 2777 διὰ
2359 2722 2453 2776 τοῦ
2501 2721 2754 2794 σώματος
2784 2720 2861 2784 ὡς
2902 2721 2972 2773 δι’
2996 2719 3317 2792 ὀστρακίνου
3353 2717 3584 2780 σκεύους
3611 2717 3818 2786 ἐνοική

549 2809 808 2866 Fortasse
855 2815 1020 2867 etiam
1063 2814 1242 2884 ipsum
1291 2813 1348 2867 in
1389 2811 1704 2868 Bethlehcm
1736 2827 1765 2865 a
1794 2811 2016 2868 Christo
2045 2827 2136 2869 as-

551 2909 834 2970 sumptum
879 2917 1103 2974 corpus,
1137 2903 1244 2958 alio
1265 2903 1502 2974 quodam
1538 2902 1816 2957 intellectu
1837 2901 1924 2957 his
1955 2902 2136 2958 verbis

555 2994 869 3064 signiﬁcans
895 3013 908 3049 :
939 2995 1160 3065 quando
1193 3011 1291 3066 per
1323 3010 1524 3065 corpus
1555 3001 1816 3065 tanquam
1849 3009 1948 3066 per
1969 3001 2138 3050 testa-

2247 2831 2384 2867 σασα
2415 2817 2472 2867 ἐν
2505 2813 2651 2884 αὑτῷ
2679 2816 2711 2884 ή
2744 2811 2864 2866 θεία
2889 2809 3140 2881 δύναμις,
3171 2809 3246 2874 ὡς
3273 2809 3363 2863 διὰ
3387 2808 3582 2880 λύχνου
3606 2807 3720 2870 τὰς
3751 2805 3850 2860 τοῦ

2243 2904 2388 2958 θείου
2419 2908 2514 2959 καὶ
2544 2903 2761 2973 λογικοῦ
2787 2901 2964 2973 φωτὸς
2991 2901 3360 2974 μαρμαρυγὰς
3382 2902 3460 2964 εἰς
3483 2899 3704 2962 πάντας
3759 2898 3848 2964 ἐξ·

2245 2997 2488 3069 έλαμψεν
2527 2996 2867 3069 ἀνθρώπους.

555 3099 714 3140 ccum
757 3101 878 3149 vas,
918 3085 1236 3142 inhabitans
1268 3087 1322 3140 in
1358 3087 1453 3140 illo
1496 3086 1681 3142 divina
1725 3089 1926 3152 virtus,
1969 3089 2128 3158 quasi
2161 3105 2260 3161 per
2289 3093 2590 3156 lucernam,
2623 3089 2794 3146 divini
2824 3089 2970 3146 illius
2999 3097 3051 3146 et
3106 3088 3392 3144 rationalis
3459 3086 3688 3141 luminis
3757 3097 3848 3137 ra-

557 3177 702 3244 dios,
738 3179 794 3232 in
826 3194 1018 3236 onmes
1055 3179 1240 3236 emisit
1269 3181 1540 3237 homines.

557 3297 852 3380 Abﬁntos.
899 3331 978 3380 --η
1020 3299 1267 3380 Christus
1336 3304 1652 3380 nominatim
1677 3322 1730 3380 _a
1761 3303 1896 3380 _Deo
1948 3289 2145 3359 denun-

2265 3305 2398 3362 Ἀπὸ
2437 3303 2547 3380 τοῦ
2591 3303 2803 3380 Ἀμώςη
2829 3333 2899 3380 7—_
2939 3299 3678 3380 Xpio'tdc_drogao'tl_ﬁ:r_6
3714 3300 3852 3380 Δι’(ςῦ

630 3370 814 3432 tiatur,
842 3380 892 3425 et
926 3371 988 3424 ab
1014 3374 1256 3444 omnibus
1302 3375 1628 3444 agnoscitur,
1660 3373 1977 3430 Judworum
2025 3393 2144 3431 vero

627 3451 829 3511 gentem
859 3441 1127 3513 repudiat.

642 3655 663 3688 ι
691 3635 894 3694 Parare
934 3637 1002 3692 ad
1033 3637 1404 3694 invocandum
1453 3638 1624 3695 Deum
1661 3641 1848 3708 Israel,
1885 3641 2148 3714 quoniam

560 3744 691 3785 ecce
719 3730 1069 3786 consolidans
1095 3733 1326 3796 tonitru,
1349 3741 1404 3788 et
1428 3747 1625 3788 creans
1651 3735 1930 3802 Spiritum,
1963 3741 2018 3788 et
2053 3735 2143 3788 de-

565 3821 828 3876 nuntians
869 3821 1188 3878 hominibus
1220 3821 1502 3878 Christum
1540 3839 1723 3890 suum,
1759 3823 1969 3880 faciens
1994 3840 2153 3880 mane

561 3917 618 3963 et
671 3910 949 3977 nebulam,
995 3921 1047 3966 et
1096 3914 1402 3970 ascendens
1435 3929 1603 3985 supra
1646 3915 1795 3970 celsa
1833 3925 2012 3970 terrm.
2051 3915 2154 3970 Do-

562 4003 746 4057 minus
783 4002 926 4058 Deus
967 4005 1318 4075 onmipotens
1347 4008 1560 4078 jnomen
1592 4007 1642 4063 ei
1669 4024 1682 4060 :
1712 4007 1896 4064 audite
1925 4009 2153 4063 verbum

565 4093 801 4160 Domini,
831 4094 978 4164 quod
1005 4111 1104 4166 ego
1129 4097 1288 4168 capio
1312 4113 1477 4168 super
1516 4114 1636 4165 vos,
1683 4099 2150 4155 lamentationem.

565 4181 772 4240 Domus
803 4183 972 4240 Israel
1005 4187 1205 4242 cecidit
1241 4208 1253 4241 :
1288 4205 1398 4244 non
1435 4190 1575 4244 ultra
1620 4190 1842 4260 adjiciet
1877 4199 1937 4245 ut
1963 4206 2154 4246 resur-

566 4287 679 4350 gat.
705 4277 873 4350 Virgo
911 4277 1080 4335 Israel
1115 4281 1268 4351 lapsa
1308 4289 1391 4338 est
1437 4281 1495 4335 in
1543 4289 1690 4337 terra
1735 4296 1835 4337 sua
1867 4298 1880 4333 :
1917 4297 2029 4336 non
2073 4290 2157 4336 est

565 4371 659 4442 qui
683 4373 855 4442 erigat
877 4373 1077 4426 eam”.
1113 4393 1131 4426 ι
1177 4372 1296 4428 Jam
1331 4375 1564 4444 septimo
1594 4375 1714 4428 loco
1745 4373 2024 4430 Christum
2055 4387 2157 4428 no-

565 4463 814 4519 minatim
853 4464 1189 4521 denuntians
1243 4466 1560 4522 hominibus
1599 4466 1766 4532 Deus,
1809 4466 2156 4522 consolidare

563 4557 796 4620 tonitru,
831 4565 885 4612 et
917 4573 1105 4612 creare
1139 4559 1391 4628 spiritum
1445 4559 1773 4630 evangelicae
1815 4557 2158 4628 praedicatio-

2323 3377 2470 3432 Θεοῦ
2511 3369 3097 3444 κατὰτγελλόμενῖος,
3131 3373 3228 3444 καὶ
3269 3369 3420 3444 πᾶσι
3459 3369 3583 3444 μὲν
3613 3371 3852 3444 ἀνθρώ-

2321 3462 2456 3514 ποις
2479 3441 2921 3516 γνωριζόμενοξ,
2962 3443 3257 3500 Ἰουδαίων
3283 3441 3334 3495 δ’
3361 3441 3535 3508 ἔθνος
3553 3442 3853 3511 ἀφοσιού-

2316 3535 2520 3590 μενος.

2333 3629 2653 3703 Ἑτοιμάζου
2697 3629 2792 3684 τοῦ
2841 3626 3217 3683 ἐπικαλεῖσθαι
3260 3627 3352 3680 τὸν
3403 3625 3535 3680 θεὸν
3591 3623 3848 3696 Ἰσραὴλ,

2251 3726 2382 3781 διότι
2411 3725 2520 3780 ίδοὺ
2551 3723 2785 3797 στερεῶν
2831 3722 3060 3794 βροντὴν
3094 3720 3190 3774 καὶ
3223 3719 3421 3784 κτίζων
3462 3717 3710 3789 πνεῦμα,
3751 3719 3851 3772 καὶ

2254 3817 2602 3888 ἐπαγγέλλων
2624 3817 2704 3878 είς
2731 3813 3052 3884 ἀνθρώπους
3072 3812 3162 3864 τὸν
3191 3809 3424 3882 Χριστὸν
3449 3807 3637 3872 αὐτοῦ,
3667 3809 3851 3860 ποιῶν

2253 3912 2448 3985 ὄρθρον
2477 3909 2570 3962 καὶ
2600 3906 2847 3978 ὁμίχλην,
2879 3905 2971 3958 καὶ
2995 3902 3288 3957 ἐπιϐαίνων
3313 3902 3409 3954 ἐπὶ
3431 3899 3502 3953 τὰ
3531 3899 3718 3970 ύῷηλὰ
3747 3899 3850 3968 τῆς

2255 4005 2378 4075 γῆς.
2439 4001 2644 4074 Κύριος
2697 4001 2725 4053 6
2783 3997 2937 4062 Θεὸς,
3002 3993 3396 4065 παντοκράτωρ
3433 3991 3604 4062 ὄνομα
3667 3989 3847 4059 αὐτῷ,

2267 4090 2560 4145 ’Δκούσατε
2614 4087 2774 4156 λόγου
2827 4085 3062 4157 Κυρίου,
3115 4083 3173 4136 ὃν
3232 4081 3344 4152 ἐγὼ
3399 4079 3696 4151 λαμϐάνων
3761 4080 3850 4147 ἐφ’

2257 4184 2420 4254 ὑμᾶς,
2460 4182 2676 4254 θρῆνον.
2723 4173 2885 4242 Οἶκος
2927 4175 3140 4249 Ἰσραὴλ
3176 4175 3408 4228 ἔπεσεν·
3467 4171 3653 4225 οὐκέτι
3669 4186 3848 4241 προσ-

2258 4275 2413 4348 θήσει
2485 4273 2580 4327 τοῦ
2647 4271 2966 4342 ἀναστῆναι.
3021 4267 3296 4338 Παρθένος
3347 4265 3564 4337 Ἰσραὴλ
3609 4264 3852 4333 ἔσφαλεν

2258 4369 2350 4422 ἐπὶ
2394 4367 2495 4438 τῆς
2523 4367 2629 4436 γῆς
2671 4365 2874 4435 αὐτῆς
2909 4363 3009 4417 οὐκ
3049 4361 3198 4414 ἔστιν
3237 4360 3267 4412 6
3313 4359 3548 4414 άνιστῶν
3587 4357 3794 4430 αὑτήν.
3827 4377 3845 4410 ι

2261 4459 2528 4530 ’Ἐϐδομον
2577 4459 2680 4528 ἠδη
2723 4457 2815 4510 τὸν
2865 4455 3098 4527 Χριστὸν
3146 4453 3408 4523 ὀνομαστὶ
3457 4451 3854 4520 καταγγέλλων

2259 4555 2339 4618 εἰς
2385 4551 2706 4624 ἀνθρώπους
2750 4553 2778 4604 ὁ
2823 4550 2974 4612 Θεὸς,
3021 4547 3275 4620 στερεοῦν
3325 4545 3555 4618 βροντὴν
3601 4545 3700 4598 καὶ
3735 4545 3854 4599 κτί-

567 4647 654 4703 nis
691 4647 913 4714 dicitur,
963 4665 1083 4721 quae
1113 4651 1322 4705 tonitru
1371 4652 1616 4716 nomine,
1664 4658 1956 4722 propterea
2007 4651 2145 4722 quod

2260 4647 2372 4711 ζειν
2408 4647 2625 4718 πνεῦμα
2669 4645 2885 4713 λέγεται
2917 4641 3010 4694 τοῦ
3053 4637 3410 4709 εὐαγγελικοῦ
3465 4637 3848 4709 κηρύγματος,

564 4739 906 4794 exaudienda
937 4743 1009 4796 sit
1049 4743 1117 4796 ab
1156 4743 1411 4798 omnibus
1451 4743 1792 4806 hominibus,
1829 4743 2153 4812 appellatur.

567 4829 706 4884 Nam
737 4832 904 4886 simili
937 4833 1100 4888 modo
1146 4835 1310 4890 etiam
1344 4833 1573 4904 spiritus
1604 4849 1713 4904 quo
1745 4833 2001 4890 Christus
2027 4849 2157 4905 apo-

575 4926 750 4980 stolos
784 4941 913 4982 suos
948 4926 1168 4992 amavit,
1198 4927 1574 4996 signiﬁcatur;
1609 4924 1756 4996 quod
1780 4925 2000 4996 quidem
2031 4942 2156 4997 per-

569 5017 758 5087 spicue
780 5019 836 5072 in
865 5017 1166 5075 Salvatoris
1203 5019 1375 5074 nostri
1416 5017 1653 5072 adventu
1689 5019 2020 5089 completum
2047 5025 2154 5084 est,

569 5111 626 5166 in
649 5127 758 5182 quo
779 5111 1028 5167 facturus
1045 5111 1188 5167 Deus
1207 5127 1366 5166 mane
1381 5111 1546 5166 simul
1565 5118 1621 5166 et
1642 5111 1898 5165 nebulam
1917 5111 2156 5175 canitur,

569 5203 640 5258 iis
667 5203 888 5274 quidem
905 5204 1001 5274 qui
1034 5205 1276 5259 salutare
1303 5203 1487 5256 lumen
1519 5203 1865 5273 susceperint
1893 5219 2072 5269 mane,
2095 5203 2164 5259 iis

567 5313 701 5354 vero
728 5296 958 5362 Iudaeis,
999 5297 1092 5367 qui
1124 5297 1179 5350 in
1209 5297 1390 5366 ipsum
1427 5311 1538 5350 non
1571 5294 1906 5351 crediderint
1947 5305 2162 5352 contra.

575 5387 740 5460 189
767 5389 900 5443 Nam
937 5389 1004 5441 ad
1040 5389 1162 5444 illos
1189 5397 1492 5443 extremam
1523 5403 1742 5459 quoque
1795 5388 2167 5444 denuntiatio-

573 5495 698 5534 nem
727 5481 1014 5536 oraculum
1071 5489 1345 5551 apportat,
1400 5481 1530 5536 dum
1587 5479 2034 5535 lamentationem
2067 5477 2164 5534 Ju-

573 5571 746 5626 daicre
773 5573 954 5645 gentis
987 5572 1254 5644 adjungit,
1282 5587 1404 5642 quae
1433 5573 1500 5628 ad
1543 5573 1696 5643 ipsos
1735 5573 1922 5628 statim
1969 5587 2161 5640 perve-

577 5663 680 5730 nit,
707 5673 834 5735 post
863 5663 1135 5720 nefarium
1194 5665 1458 5720 adversus
1512 5662 1848 5720 Salvatorem
1909 5671 2160 5718 nostrqu

2267 4739 2514 4812 βροντῆς,
2542 4738 2630 4792 διὰ
2661 4737 2722 4790 τὸ
2761 4737 2841 4798 εἰς
2874 4733 3083 4796 πάντας
3131 4731 3450 4804 ἀνθρώπους
3493 4730 3848 4796 ἐξάκουστον,

2263 4831 2664 4904 ὀνομαζομένου
2687 4847 2699 4860 ·
2749 4827 2950 4900 ὁμοίως
2993 4826 3050 4878 δὲ
3099 4824 3195 4878 καὶ
3239 4825 3334 4877 τοῦ
3367 4825 3480 4886 τοῖς
3522 4822 3850 4882 ἀποστόλοις

2264 4925 2669 4996 ὲμπνεύσαντος
2724 4917 2963 4994 Χριστοῦ
3025 4916 3336 4988 πνεύματος
3387 4913 3718 4986 δηλουμένου
3755 4931 3772 4944 ο
3825 4915 3852 4962 ὃ

2263 5021 2360 5073 καὶ
2420 5018 2602 5089 σαφῶς
2653 5016 2745 5070 ἐπὶ
2795 5017 2860 5086 τῇ
2917 5011 3012 5066 τοῦ
3065 5011 3320 5082 Σωτῆρος
3375 5007 3534 5080 ἡμῶν
3587 5007 3852 5078 ἐπιδημία

2267 5112 2640 5184 πεπλήρωται,
2696 5109 2781 5178 ἐφ’
2911 5105 3157 5174 ποιήσειν
3206 5105 3236 5156 6
3287 5101 3419 5164 Θεὸς
3463 5099 3660 5172 ὄρθρον
3715 5098 3850 5168 ὁμοῦ

2269 5204 2368 5256 καὶ
2421 5201 2649 5273 ὁμίχλην
2709 5197 3060 5262 θεσπίζεταιο
3129 5195 3243 5257 τοῖς
3299 5193 3398 5265 μὲν
3462 5191 3524 5244 τὺ
3585 5189 3852 5260 σωτήριον

2271 5295 2386 5364 φῶς
2436 5289 2922 5364 παραδεξαμένοις,
2967 5287 3059 5340 τὸν
3107 5283 3337 5355 ὄρθρον·
3379 5283 3490 5344 τοῖς
3535 5279 3593 5332 δὲ
3627 5277 3853 5348 ἀπειθή-

2271 5405 2427 5443 σασιν
2467 5389 2545 5450 εἰς
2574 5383 2736 5438 αὑτὸν
2786 5383 2895 5436 τῶν
2937 5383 3002 5433 ὲκ
3028 5377 3350 5450 περιτομῆς,
3387 5372 3720 5428 τούναντίον.
3761 5366 3852 5434 Οτς

2269 5483 2362 5536 καὶ
2419 5479 2517 5551 τὴν
2575 5475 2808 5547 ἐσχάτην
2851 5473 3124 5540 ἀπόφασιν
3178 5471 3208 5522 6
3249 5469 3404 5538 λόγος
3457 5465 3848 5539 προκηρύττει,

2269 5574 2464 5646 θρῆνον
2497 5569 2761 5636 ἐπιλέγων
2777 5564 2870 5619 τοῦ
2904 5564 3171 5618 Ἰουδαίων
3187 5563 3394 5625 ἔθνους,
3423 5561 3516 5615 τὸν
3537 5561 3630 5613 καὶ
3661 5556 3850 5630 μετελ-

2270 5663 2428 5714 θόντα
2473 5658 2668 5722 αὐτοὺς
2732 5656 3044 5728 παραυτίκα
3110 5653 3247 5726 μετά
3271 5653 3371 5724 τὴν
3435 5649 3578 5706 κατὰ
3605 5647 3702 5703 τοῦ
3735 5646 3846 5704 Σω-

651 5821 695 5852 "
725 5819 869 5878 Psal.
894 5835 1076 5890 exul,
1112 5820 1226 5876 5-5.
1307 5822 1350 5852 ⁸⁸
1383 5819 1514 5878 ibid.
1547 5819 1600 5880 6.
1641 5820 1692 5874 7.
1763 5819 1808 5852 ”
1835 5819 1998 5878 Amos
2036 5835 2110 5886 tv,

2273 5819 2360 5882 l5;
2399 5833 2446 5882 v,
2485 5815 2604 5880 με.
