3954 6510
172 385 267 445 317

1074 380 1739 470 ,ΒΕΜΟΝΞΤΒΛΤΙΟΝΙΞ
1775 415 2238 480 EVANGELICIE
2278 425 2407 484 LIB;
2441 427 2532 486 IV.

3314 445 3426 500 518

173 503 323 573 τῆρος
367 506 531 576 ἡμῶν
598 510 767 581 Ἰησοῦ
809 513 903 568 τοῦ
957 517 1195 589 Χριστοῦ
1255 523 1592 582 δυσσέϐειαν.
1651 529 1705 582 Ἐ

1840 531 2028 591 Jesum
2059 537 2342 597 Christum
2393 545 2594 601 scelus.
2629 544 2706 601 Ex
2741 547 2835 605 ille
2867 549 3014 606 enim
3046 554 3129 610 vel
3166 555 3235 612 ad
3272 557 3420 617 hunc

172 598 362 709 ἑκείνου
391 599 504 672 γὰρ
554 602 767 674 ἀληθῶς
807 608 900 661 καὶ
938 611 1019 676 είς
1065 613 1224 687 δεῦρο
1259 617 1290 668 ὁ
1337 614 1482 683 οἶκος
1526 620 1712 694 Ἰσραὴῖ

1842 643 2016 700 usque
2044 631 2186 688 diem
2215 635 2412 695 domus
2440 637 2607 696 lsrael
2631 641 2848 708 cecidit,
2875 653 2931 700 et
2951 645 3216 704 visionem
3251 655 3419 709 semel

173 689 463 755 πέπτωκεν,
487 694 615 766 ὅρος
641 713 701 748 τε
724 697 871 764 ἅπαξ
917 702 1021 756 ὑπὸ
1054 705 1149 758 τοῦ
1174 706 1319 761 Θεοῦ.
1341 711 1434 763 καὶ
1465 711 1712 782 ἀπόφασιη

175 781 456 804 2PA,,1_._,__,
651 788 664 804 \
783 790 810 802 υ
979 795 991 804 ι
1197 799 1208 804 -
1265 800 1288 804 _.
1410 803 1416 804 κ

1840 718 1982 778 Deus
2015 738 2080 778 ac
2108 724 2578 788 denuntiationem
2607 735 2858 804 protulit,

172 781 500 851 ἐξενήνεκται
546 788 674 860 περὶ
716 790 812 844 τοῦ
858 795 1115 861 πεσόντος
1149 799 1330 854 αὐτῶν
1362 803 1511 857 οἴκου
1553 805 1646 858 τοῦ
1678 809 1736 862 ὲν
1839 812 2002 870 domo

2890 736 2958 792 de
2980 753 3176 794 casura
3199 741 3418 797 illorum
3454 784 3482 806 .

2062 818 2118 871 in
2151 815 2478 888 Jerusalem,
2507 823 2774 882 adversus
2795 843 3013 884 omnem
3032 831 3250 887 illorum
3275 836 3419 890 mul-

183 870 541 946 Ἰερουσαλὴμ,
575 878 666 930 καὶ¹
695 882 836 936 κατὰ
878 886 1079 951 παντὸς
1117 889 1306 944 αὐτῶν
1333 893 1425 946 τοῦ
1461 897 1712 969 συστήμαε

183 981 246 998 w
291 965 364 998 ,Σιρ
402 970 599 998 .....υ.ι.⁸
634 970 697 998 ἓ..
750 975 1033 998 2.....____-,
1077 980 1090 998 ρ
1292 982 1318 995 η
1447 986 1486 998 -.
1687 993 1710 998 -

2063 870 2068 871 ,
2161 870 2164 871 ν
2192 870 2236 874 __
2255 870 2478 888 _,__-__,
2507 870 2573 879 __
2591 870 2774 882 me..-
2797 870 3013 884 νηην...
3033 870 3250 887 "mu...
3276 870 3418 890 ...ιιι-

1838 907 2147 975 titudinem,
2183 911 2347 966 veluti
2379 928 2568 969 eorum
2602 918 2696 986 qui
2726 933 2833 973 non
2889 923 3123 991 amplius
3172 923 3418 998 erigendi

170 981 265 1027 τος,
291 970 364 1029 ὼς
399 970 599 1037 μηκέτ’
631 970 697 1024 ἂν
745 975 1229 1048 ἀναστησομένων,
1251 982 1328 1054 τῷ
1364 986 1511 1056 μηδὲ.
1544 993 1712 1062 παρεί

171 1078 240 1086 ..-.
271 1061 356 1086 -λη
390 1063 688 1086 Δ..-..μ⁹.η-η
732 1085 737 1086 ,
768 1068 779 1084 I
869 1071 882 1086 ρ
1028 1074 1089 1086 Α.
1171 1075 1193 1086 ι.
1435 1079 1461 1086 ..
1659 1085 1665 1086 ,

2133 970 2143 975 -
2619 970 2638 986 ι
2681 970 2694 971 κ
2892 970 3121 991 “Tn-
3175 970 3250 978 νυ
3292 970 3416 982 ν---ι-

1838 1000 1971 1066 sint,
2005 1016 2072 1057 eo
2100 1003 2245 1073 quod
2276 1020 2388 1060 non
2419 1006 2584 1074 adsit,
2617 1010 2711 1080 qui
2744 1011 2811 1066 ad
2840 1011 2963 1069 illos
2996 1015 3170 1086 erigat
3197 1035 3210 1070 :
3248 970 3287 1068 CD
3305 1032 3416 1072 non

171 1078 243 1115 ναι
271 1061 356 1113 τὸν
384 1063 694 1119 ἀνιστῶντα
722 1068 938 1134 αὐτούς.
967 1091 986 1124 ι
1024 1074 1137 1127 Οὐκ
1168 1075 1290 1131 ἐστι,
1318 1097 1338 1130 ι
1366 1079 1515 1149 γοῦν,
1547 1061 1731 1155 φησιν,

175 1151 236 1202 «ὁ
265 1152 497 1206 ἁνιστῶν
514 1155 707 1227 αὑτήν.
743 1177 761 1209 ι
800 1159 953 1214 Ἐπεὶ
985 1162 1094 1235 γὰρ
1119 1165 1341 1222 ἐλθόντα
1373 1170 1463 1225 τὸν
1497 1151 1732 1244 Χριστὸν

170 1240 247 1294 τοῦ
269 1240 394 1295 Θεοῦ
421 1245 484 1297 οὐ
518 1248 885 1318 προσήκαντο,
916 1253 1139 1320 είκάτως
1169 1257 1366 1324 αὐτοὺς
1398 1263 1728 1332 καταλιπὼν,

169 1335 245 1391 ἐπὶ
285 1335 458 1389 πάντα
510 1342 743 1412 μετέστη
790 1342 857 1428 τα
911 1343 1060 1418 ἔθνη,
1091 1348 1152 1401 τὸ
1196 1349 1368 1407 αῐτιον
1409 1355 1508 1426 τῆς
1561 1375 1728 1428 μετα-

170 1426 400 1493 πτώσεως
434 1430 681 1498 διδάξας,
714 1433 780 1486 διῗ
809 1427 884 1490 ὧν
908 1437 1408 1514 ἀποκλαυσάμενος,
1450 1426 1731 1522 μονονουχὶ

167 1521 524 1592 ἀπελογήσατο
577 1525 780 1580 εἰπών·
817 1547 836 1580 ‹
885 1531 1257 1606 Ἰερουσαλὴμ,
1306 1539 1726 1618 Ἰερουσαλὴμ-ἠ

169 1613 537 1669 ἀποκτείνουσα
579 1620 707 1682 τοὺς
747 1624 1034 1694 προφήτας.
1080 1627 1173 1680 καὶ
1215 1628 1561 1688 λιθοϐολοῦσα
1601 1613 1729 1702 τοὺς

168 1707 586 1778 ἀπεσταλμένους
618 1712 756 1783 πρὸς
789 1716 1022 1788 σαυτήν·
1057 1719 1318 1788 πολλάκις
1345 1725 1452 1798 γὰρ
1486 1727 1728 1801 ἠθέλησα

167 1796 457 1866 ἐπισυνάξαι
482 1801 555 1855 τὰ
586 1803 751 1859 τέκνα
782 1824 899 1872 σου,
926 1809 986 1863 ὃν
1023 1812 1223 1883 τρόπον
1255 1815 1404 1889 ὄρνις
1445 1819 1514 1873 τὰ
1539 1823 1727 1878 νοσσία

168 1890 310 1983 αὐτῆς
335 1892 439 1946 ὑπὸ
487 1893 594 1960 τὰς
633 1897 928 1974 πτέρυγας,
970 1905 1064 1958 καὶ
1111 1906 1212 1960 οὐκ
1248 1908 1578 1983 ἠθελήσατεο
1619 1915 1728 1970 ἰδοὺ
1761 1893 1802 1948 Β

168 1980 351 2049 ἀφίεται
382 1985 517 2055 ὑμῖν
549 1988 582 2040 ὁ
619 1985 767 2054 οἶκος
799 1991 953 2063 ὑμῶν
983 1992 1209 2068 ἔρημος.
1250 2017 1269 2049 ι

177 2111 286 2200 Ἀξύ
323 2117 427 2200 τοῦ
473 2119 829 2200 Ἀμϐρκούμ.
865 2155 936 2166 ~—

219 2188 419 2254 Kvpiov
444 2188 560 2244 τοῦ
589 2195 717 2254 Har

219 2255 416 2312 ἑαυτοῦ
445 2255 760 2330 χριστούῖς.

1015 2132 1229 2198 ριστὸς
1275 2135 1562 2206 ὀνομαστὶ
1606 2143 1724 2196 ὑπὸ

788 2215 820 2260 ς
857 2195 1188 2268 σωζόμενος
1203 2195 1319 2260 ⁷καὶ
1357 2195 1557 2269 dciter
1584 2195 1727 2279 τοὺς

224 2385 240 2418 ι
282 2368 528 2441 Ἐξῆλθες
556 2373 642 2438 εἰς
667 2376 941 2448 σωτηρίαν
969 2379 1100 2434 λαοῦ
1131 2400 1247 2450 σου,
1271 2387 1365 2442 τοῦ
1398 2389 1568 2446 σῶσαι
1597 2396 1723 2460 τοὺς

167 2461 383 2527 χριστοὺς
404 2479 500 2517 σου
517 2481 530 2493 ·
567 2463 763 2529 ἔϐαλες
791 2469 869 2532 είς
897 2471 1139 2539 κεφαλὰς
1166 2476 1381 2548 ἀνόμων
1411 2480 1654 2538 θάνατον.
1696 2503 1715 2536 ι

174 2549 368 2618 Ἀκύλας
413 2573 433 2606 ι
485 2557 752 2628 Ἐξῆλθες
778 2562 858 2625 είς
906 2565 1178 2638 σωτηρίαν
1213 2567 1342 2623 λαοῦ
1378 2589 1490 2636 σου,
1518 2577 1598 2638 εἰς
1618 2592 1722 2629 σω-

166 2645 324 2714 τηρίαν
352 2647 480 2701 λαοῦ
517 2667 620 2704 σου
657 2654 753 2707 σὺν
782 2655 1002 2727 Χριστῷ
1035 2675 1149 2714 σου.
1186 2681 1204 2713 ι
1253 2663 1468 2738 Ἐπειδὴ
1503 2669 1530 2717 ὁ
1563 2670 1720 2724 Ἀκύ-

164 2731 241 2797 λας
266 2739 377 2791 ἀντὶ
403 2739 499 2793 τοῦ
531 2741 900 2814 πληθυντικοῦ
936 2750 1130 2815 ἑνικῶς
1171 2751 1421 2821 ἐξέδωκε,
1455 2760 1550 2813 σὺν
1582 2762 1717 2833 Χρι-

165 2826 251 2898 στῷ
303 2831 493 2901 φήσας»
533 2833 641 2904 τὴν
677 2838 949 2911 σωτηρίαν
979 2840 1056 2912 τῷ
1103 2841 1216 2914 λαῷ
1250 2849 1578 2920 πεποιῆσθαι
1627 2855 1719 2910 τὸν

164 2917 387 3013 stipam
411 2923 549 2980 Θεόν
571 2943 586 2955 '
621 2929 844 2995 εἰκότως
891 2935 1242 3007 παρεθέμεθα
1287 2939 1383 3012 τὴν
1432 2917 1598 3013 λέξιν,
1624 2965 1720 3002 σα-

165 3011 255 3077 φῶς
277 3014 346 3084 τῷ
377 3018 729 3090 πριιῶιήματι
775 3029 1206 3100 παρισταμένην.
1245 3028 1369 3088 Εἶεν
1392 3034 1450 3088 δὲ
1480 3037 1544 3091 ἂν
1577 3041 1718 3095 κατὰ

163 3105 237 3176 τὴν
254 3107 349 3162 τῶν
373 3111 783 3186 Ἐϐδομήκοντα
810 3119 1103 3192 ἑρμηνείαν
1138 3125 1354 3192 πλείους
1381 3131 1429 3182 οἱ
1460 3130 1519 3198 ἐξ
1550 3133 1714 3189 αὐτοῦ

1835 1101 1941 1161 est,
1966 1096 2165 1167 inquit,
2195 1098 2290 1168 qui
2319 1099 2493 1171 erigat
2520 1117 2662 1156 eam.
2697 1121 2716 1154 ι
2762 1101 3060 1176 Postquam
3091 1107 3237 1163 enim
3259 1108 3418 1164 Chri-

1837 1195 2005 1252 stum,
2037 1191 2129 1260 qui
2162 1191 2226 1245 ad
2261 1192 2381 1248 illos
2408 1202 2651 1258 venerat,
2677 1210 2784 1250 non
2809 1207 3190 1269 susceperunt,
3219 1202 3416 1257 merito

1836 1278 1961 1334 illos
1983 1291 2038 1333 et
2063 1279 2325 1348 deseruit,
2365 1288 2420 1337 et
2465 1283 2520 1338 in
2554 1298 2745 1340 omnes
2801 1289 3086 1342 transtulit
3137 1291 3411 1355 nationes,

1834 1371 2107 1441 quietiam
2140 1382 2252 1428 tum
2304 1375 2459 1445 prius
2494 1377 2668 1433 ruinae
2710 1393 2933 1436 causam
2991 1382 3112 1436 illos
3171 1384 3410 1448 edocuit,

1834 1464 1924 1520 ubi
1961 1481 2130 1536 prope
2161 1483 2284 1522 cum
2320 1469 2711 1527 lamentatione
2741 1488 2802 1528 se
2843 1475 3148 1542 excusavit,
3176 1477 3366 1532 dicens
3394 1495 3409 1533 :

1839 1575 1858 1608 ‹
1895 1555 2226 1622 Jerusalem,
2257 1558 2585 1627 Jerusalem,
2639 1579 2763 1632 quae
2822 1565 3031 1620 occidis
3089 1567 3410 1636 prophetas,

1833 1656 1886 1702 et
1907 1647 2118 1719 lapidas
2150 1664 2246 1705 eos
2275 1651 2369 1720 qui
2391 1650 2458 1706 ad
2488 1659 2542 1707 te
2577 1653 2732 1710 missi
2759 1665 2910 1720 sunt,
2937 1672 3079 1726 Saepe
3109 1658 3254 1712 volui
3281 1673 3416 1714 con.

1833 1757 2060 1813 gregare
2088 1741 2229 1798 filios
2260 1751 2386 1800 tuos
2415 1746 2690 1815 quomodo
2711 1748 2914 1819 gallina
2946 1749 3124 1820 pullos
3154 1765 3286 1805 suos
3310 1752 3414 1806 sub

1837 1835 1975 1897 alas,
2007 1843 2061 1890 et
2091 1835 2350 1892 noluistis
2387 1853 2400 1890 :
2431 1852 2562 1894 ecce
2606 1840 2936 1911 relinquitur
2991 1841 3187 1897 domus
3230 1849 3412 1899 vestra

1830 1927 2048 1984 deserta
2075 1929 2152 1984 °°..

1827 2159 1905 2213 Ab
1938 2159 2249 2216 Ambacum.
2272 2189 2342 2200 —-—
2365 2161 2604 2218 Christus
2625 2165 2938 2221 nominatim
2957 2166 3230 2222 aD'omino
3253 2165 3411 2221 Patre

2127 2241 2390 2300 seruatur,
2423 2244 2472 2288 et
2501 2235 2726 2291 christos
2756 2253 2881 2292 suos
2913 2247 3107 2292 servat.

1903 2424 1923 2457 ι
1960 2402 2229 2478 Egressus
2261 2424 2320 2465 es
2351 2409 2408 2465 in
2432 2411 2663 2467 salutem
2692 2413 2880 2483 populi
2919 2413 3020 2480 tui,
3054 2419 3112 2468 ut
3139 2429 3392 2469 servat-es

1823 2499 2062 2557 ehristos
2077 2508 2200 2556 tuos
2221 2501 2430 2572 :jeeisti
2449 2506 2504 2558 in
2519 2505 2696 2576 capita
2711 2505 3024 2576 iniquorum
3049 2514 3280 2559 mortem
3298 2505 3365 2558 “.
3381 2525 3400 2558 ι

1821 2593 2016 2664 Aquila
2035 2612 2081 2648 ιι
2101 2593 2365 2665 Egressus
2381 2612 2441 2652 es
2456 2596 2510 2650 in
2533 2597 2762 2653 salutem
2781 2598 2966 2668 p0puli
2981 2597 3082 2665 tui,
3105 2597 3158 2651 in
3175 2597 3406 2654 salutem

1821 2693 1968 2739 tuam
1987 2701 2110 2742 cum
2127 2686 2344 2744 Christo
2360 2697 2475 2749 tuo.
2491 2689 2786 2756 iQuoniam
2807 2691 3000 2761 Aquila
3021 2692 3072 2747 in
3088 2691 3282 2762 plurali
3297 2689 3410 2751 edi-

1820 2779 1899 2833 dit
1919 2779 2196 2849 singulare
2209 2781 2430 2851 quippe,
2446 2783 2541 2852 qui
2568 2798 2693 2838 cum
2714 2782 2932 2839 Christo
2949 2782 3146 2838 dixerit
3173 2782 3404 2838 salutem

1820 2871 2019 2942 populo
2044 2871 2239 2928 fecisse
2262 2872 2430 2928 Deum
2467 2875 2731 2940 universi,
2769 2876 2894 2946 jure
2930 2875 3048 2946 ipsa
3077 2876 3242 2931 verba
3301 2889 3401 2945 ap-

1821 2966 2130 3036 posuimus,
2157 2983 2279 3036 qua:
2295 2969 2604 3038 perspicue,
2635 2970 2781 3039 quod
2804 2970 2894 3024 hic
2925 2970 3268 3040 propositum
3296 2982 3402 3032 est,

1820 3066 2061 3114 tuentur.
2095 3057 2271 3114 Erunt
2304 3067 2486 3116 autem
2559 3077 2624 3116 ex
2659 3063 3109 3132 interpretatione
3157 3063 3404 3133 ipsorum

1819 3145 1963 3200 LXX
1998 3149 2184 3217 plures
2209 3148 2276 3204 ab
2307 3149 2400 3205 illo
2433 3158 2488 3205 et
2517 3165 2615 3222 per
2646 3152 2824 3219 illum,
2850 3153 2945 3222 qui
2977 3153 3171 3208 christ!
3213 3154 3402 3224 appel-

165 3200 235 3251 καὶ
259 3202 317 3254 δι’
341 3205 499 3260 αὐτὸν
547 3212 766 3280 χριστοὶ
806 3217 1256 3286 χρηματίζοντες,
1292 3223 1420 3294 περὶ
1461 3218 1536 3280 ὧν
1565 3226 1712 3299 εἴρη-

1998 3200 2179 3217 ,ημη
2213 3200 2269 3204 --η
2439 3200 2483 3205 ,-
2517 3200 2605 3222 τ--
2852 3200 2945 3222 1--
2981 3200 3171 3208 ----____
3214 3200 3373 3224 _,,,,-_

1822 3239 2024 3303 lentur,
2085 3239 2152 3295 de
2187 3241 2390 3311 quibus
2441 3243 2645 3298 dictum
2703 3252 2834 3299 est:
2891 3262 2910 3295 ι
2952 3243 3128 3299 Nolite
3180 3251 3404 3316 tangere

162 3304 251 3342 ται·
283 3311 299 3344 ι
325 3295 409 3366 Μὴ
433 3297 653 3370 ἆψησθε
679 3300 788 3354 τῶν
811 3306 1047 3375 χριστῶν
1080 3327 1203 3379 μου,
1233 3312 1327 3366 καὶ
1352 3315 1409 3366 ἐν
1438 3319 1548 3381 τοῖς
1584 3295 1716 3390 προ-

164 3384 321 3452 sint;
349 3405 444 3456 μου
479 3390 564 3462 μὴ
597 3395 980 3466 πονηρεύεσθε,
1024 3418 1043 3450 ι
1075 3401 1210 3454 οἵτε
1244 3403 1323 3466 εἰς
1365 3405 1532 3458 αὐτὸν
1555 3425 1715 3462 πεπι-

162 3480 420 3545 στῖδκὸτες,
449 3483 548 3536 καὶ
578 3483 672 3538 τοῦ
706 3486 860 3555 ἁγίου
889 3489 987 3560 τῆς
1014 3491 1073 3544 ὲν
1096 3492 1173 3564 τῷ
1203 3495 1423 3568 Χριστῷ
1461 3499 1716 3569 παλιγγε-

161 3568 306 3632 vesia;
331 3574 636 3646 χρίσματος
668 3579 1083 3653 κατηξιωμένοι,
1109 3587 1204 3640 καὶ
1224 3587 1511 3659 δυνάμενοι
1533 3591 1713 3661 λέγειν

161 3660 321 3728 ὁμοίως
352 3665 426 3737 τῷ
465 3669 607 3741 ἱερῷ
640 3670 952 3745 ἁποστόλῳο
995 3693 1015 3728 ι
1053 3677 1287 3750 Μέτοχοι
1327 3681 1421 3734 τοῦ
1474 3660 1711 3755 Χριστοῦ

160 3756 437 3828 γεγόναμεν.
482 3781 502 3814 ι

311 3895 430 3982 τῶν.
455 3898 738 3982 Ἱερεμίου
774 3901 1038 3982 Θρήνων.
1059 3907 1454 3982 μ-ΑΧριστὸς
1491 3911 1709 3982 ὀνομα-

211 3963 291 4052 ςζὶ
328 3968 438 4052 imi.
482 3963 788 4052 Ἰὸυδαίωις
810 3963 1386 4048 ’ἐπιϐουλευόμὲνοα
1429 3963 1534 4036 Ξιάί
1569 3963 1710 4052 ibi}

211 4034 384 4089 ἔθνεσι
414 4039 988 4112 ἑπιγινωσκόμενος.

216 4141 468 4234 ιῌνεῦμα
504 4147 802 4220 προσώπου
849 4153 1006 4226 ήμῶν
1052 4157 1286 4229 Χριστὸς
1335 4159 1539 4234 Κύριος
1585 4181 1712 4220 συν-

1819 3330 2060 3387 christos
2112 3349 2294 3396 meos,
2324 3342 2380 3388 et
2411 3334 2467 3389 in
2503 3335 2788 3406 prophetis
2839 3336 2978 3391 meis
3014 3337 3182 3391 nolite
3237 3336 3400 3390 mali-

1815 3422 1973 3492 gnari
1997 3423 2042 3454 ⁶²
2081 3443 2093 3479 :
2134 3442 2153 3475 ι
2183 3425 2274 3494 qui
2319 3425 2536 3495 quidem
2561 3433 2616 3480 et
2657 3427 2716 3481 in
2751 3427 2903 3480 illum
2938 3425 3312 3488 crediderunt,
3344 3433 3402 3480 e:

1817 3522 2009 3569 sancta
2040 3516 2474 3586 regenerationis
2505 3518 2561 3572 in
2578 3517 2800 3573 Christo
2830 3519 3092 3574 unctione
3124 3518 3276 3589 digni
3308 3518 3402 3571 ha-

1813 3599 1913 3655 biti
1945 3611 2096 3668 sunt,
2130 3612 2184 3658 et
2211 3619 2319 3658 una
2341 3621 2465 3660 cum
2514 3615 2708 3661 sancto
2737 3606 3003 3677 Apostolo
3045 3608 3232 3664 dicere
3270 3622 3401 3678 pos-

1813 3701 1941 3749 sunt
1967 3713 1980 3749 :
2013 3713 2031 3747 ι
2060 3694 2362 3768 Participes
2389 3697 2592 3753 Christi
2621 3696 2749 3752 facti
2774 3713 2964 3753 sumus
2995 3698 3059 3753 ⁸³.
3092 3717 3110 3750 ι

1816 3919 1976 3990 190
2006 3919 2049 3974 Α
2085 3920 2330 3976 Jeremiw
2377 3920 2888 3976 Lamentationibus.
2924 3954 2994 3963 —
3020 3921 3262 3978 Christus
3297 3939 3396 3978 no-

1881 3991 2126 4074 minatim
2173 3991 2238 4046 ab
2291 3991 2500 4048 Judwis
2544 3995 2973 4060 circumvenitur,
3009 4004 3058 4048 et
3091 4010 3122 4046 α
3151 3995 3393 4064 gentibus

1881 4072 2206 4133 αθηοεειιιιικ

1886 4192 1904 4225 ι
1945 4172 2185 4245 Spiritus
2216 4175 2403 4232 vultus
2427 4176 2602 4232 nostri
2627 4175 2884 4232 Christus
2919 4175 3205 4242 Dominus,
3239 4192 3394 4232 com-

159 4228 323 4304 εὶήφθη
354 4239 409 4292 ἐν
439 4243 568 4303 ταῖς
623 4240 941 4316 διαφθοραῖς
986 4248 1017 4318 ἡ
1028 4228 1164 4318 μῶν,
1195 4242 1256 4302 οὗ
1311 4228 1576 4324 εἴπαμεν·
1620 4257 1708 4312 Ἐν

1822 4267 2115 4336 prehensus
2173 4276 2260 4324 est
2306 4269 2366 4323 in
2414 4269 2865 4339 corruptionibus
2919 4284 3148 4332 eorum,
3182 4268 3251 4324 de
3283 4285 3393 4338 quo

159 4322 207 4388 τῇ
232 4327 341 4397 σκιᾷ
371 4329 539 4384 αὑτοῦ
575 4329 854 4404 ζησόμεθα
887 4338 946 4390 ὲν
968 4340 1083 4402 τοῖς
1109 4339 1337 4396 ἔθνεσιν.
1368 4363 1387 4395 ι
1415 4322 1478 4398 Οἱ
1515 4345 1709 4401 θεσπέ-

1822 4357 2070 4422 liximus,
2101 4358 2157 4412 in
2188 4361 2381 4414 umbra
2406 4359 2580 4430 ipsius
2612 4359 2859 4414 vivemus
2888 4359 2944 4412 in
2982 4357 3235 4428 gentibus
3257 4356 3321 4410 “.
3367 4375 3386 4406 ι

160 4427 240 4465 σιοι
278 4420 360 4472 τοῦ
403 4421 545 4477 Θεοῦ
598 4427 894 4498 προφῆται,
937 4428 998 4482 τὸ
1043 4431 1233 4502 μέλλον
1267 4434 1396 4508 θείῳ
1427 4438 1706 4512 Πνεῦματι

1822 4420 2174 4504 ὶάιηίιοιιὶιοε
2206 4448 2284 4502 illi
2316 4449 2412 4504 Dei
2427 4420 2748 4520 prophetae,
2786 4443 2910 4503 culn
2954 4420 3142 4503 divino
3190 4447 3389 4516 spiritu

160 4509 464 4579 συνορῶντες,
503 4516 766 4586 ζήσεσθαι
799 4519 900 4590 μὲν
942 4521 1166 4588 ἑαυτοὺς
1203 4528 1297 4582 καὶ
1328 4531 1453 4594 τοὺς
1491 4533 1700 4588 ἑαυτῶν

1807 4537 2154 4594 intuerentur
2215 4539 2363 4610 quod
2394 4539 2641 4594 futurum
2671 4552 2810 4606 erat,
2865 4539 3113 4594 victuros
3165 4538 3387 4609 quidem

157 4590 326 4667 λόγους,
370 4605 444 4670 ὡς
470 4607 541 4662 ἂν
582 4607 799 4671 ζώντων
846 4614 1161 4687 ὲνεργήσειν
1206 4620 1262 4673 ὲν
1302 4623 1414 4686 τοῖς
1458 4623 1697 4692 ἔθνεσιν,

1830 4590 1860 4592 ,-
2220 4590 2363 4610 ,ηρ
2394 4590 2641 4594 ___,__-__
2880 4590 3110 4594 t_-_____
3381 4590 3384 4591 ν

1822 4634 2040 4701 ιοὶρεοε,
2072 4632 2240 4688 verba
2271 4641 2453 4688 autem
2479 4632 3034 4704 sua,quasiipsorum
3061 4630 3385 4695 viventium,

158 4687 242 4788 ur
271 4696 357 4749 οὐκ
383 4701 437 4754 ἐν
464 4700 550 4772 τῷ
563 4701 800 4774 Ἰσραὴλ,
827 4705 1132 4773 ἐθέσπιζον.
1160 4713 1263 4766 Τὸν
1281 4716 1516 4788 Χριστὸν
1536 4687 1698 4775 πάλιν

157 4780 387 4856 ὀνομαστὶ,
417 4799 492 4858 ὼς
531 4794 597 4848 ἂν
642 4797 804 4851 αὑτὸν
832 4797 926 4852 τὸν
962 4803 1219 4874 Χριστὸν,
1250 4780 1380 4881 παρ’
1423 4805 1482 4864 οὗ
1516 4815 1608 4868 καὶ
1637 4816 1698 4869 τὸ

158 4884 441 4978 πφφητικὸν
473 4889 662 4953 αὐτοῖς
695 4894 1032 4967 κεχορήγητο
1059 4898 1295 4969 πνεῦμα,
1329 4901 1698 4978 συλληφθήσε-

275 4973 497 5043 ἕφασκον
545 4982 603 5034 ἐν
641 4986 761 5048 ταῖς
811 4966 1128 5059 διαφθοραῖς
1169 4966 1369 5048 αὐτῶν.
1413 4966 1621 5064 Τίνωνξ
1655 4994 1690 5071 ἦ

155 5056 276 5128 δῆλον
312 5068 385 5121 ὅτι
429 5072 540 5125 τῶν
573 5075 638 5127 ἐκ
685 5079 984 5150 περιτομῆς
1025 5081 1480 5142 ἐπιϐουλευόντων
1519 5091 1684 5163 αὐτῷ.

1804 4737 1916 4776 non
1949 4721 2134 4776 futura
2170 4723 2370 4789 otiosa,
2402 4740 2514 4779 non
2547 4724 2690 4795 apud
2730 4723 2921 4788 Israel,
2958 4722 3053 4778 sed
3076 4722 3221 4794 apud
3255 4737 3390 4794 geu-

1805 4819 1908 4879 tes,
1943 4815 2246 4869 cauebant:
2278 4815 2560 4871 Christum
2590 4823 2768 4870 autem
2797 4831 2991 4872 rursus
3036 4815 3384 4878 nominatim,

1803 4906 1962 4976 quasi
1999 4906 2152 4961 illum
2186 4907 2464 4963 Christum
2501 4923 2532 4962 a
2565 4923 2675 4979 quo
2705 4908 3060 4979 propheticus
3089 4907 3223 4978 ipsis
3256 4922 3389 4978 sup-

1803 4997 2140 5068 peditaretur
2167 4998 2418 5068 spiritus,
2452 4998 3025 5070 comprehendendum
3050 4997 3304 5052 dicebant
3330 4997 3387 5050 iu

1801 5090 2250 5160 corruptionibus
2297 5092 2565 5163 ipsorum.
2596 5091 2883 5158 Quorum?
2913 5090 3118 5161 Nempe
3161 5089 3387 5144 Judaeu-

157 5150 367 5256 ripa-ae
399 5167 696 5235 κάνταῦθα,
730 5172 878 5237 ὅπως
918 5177 946 5224 ὁ
969 5175 1124 5248 λόγος
1151 5177 1244 5232 τὸν
1274 5181 1510 5251 Χριστὸν
1553 5150 1689 5256 προ-

156 5247 361 5348 ξιγορεὺει
396 5256 885 5331 συλληφθήσεσθαι,
916 5247 1054 5339 ὅπερ
1073 5269 1172 5322 οὐκ
1197 5269 1265 5323 ἂν
1288 5247 1686 5348 ἐναρμόξοίτῇ

157 5331 342 5414 δευτέρᾳ
378 5347 468 5401 τοῦ
510 5351 747 5422 Χριστοῦ
801 5361 1092 5434 παρουσίᾳ,
1119 5363 1186 5433 ῆν
1223 5364 1430 5430 ἔνδοξον
1471 5367 1688 5424 ἔσεσθαι

157 5428 227 5480 καὶ
263 5437 383 5503 μετὰ
423 5441 694 5512 βασιλείας
733 5448 916 5503 ἐνθέου
959 5455 1427 5526 προκηρύττουσιν
1473 5463 1521 5514 οἱ
1557 5480 1689 5534 προ-

159 5529 334 5623 θηξξὶξῡὶ
356 5531 516 5623 λόγοι.
551 5540 752 5614 Διόπερ
785 5545 930 5605 εἰκὸς
958 5547 1084 5610 τοὺς
1115 5551 1180 5602 ἐκ
1209 5553 1512 5623 περιτομῆς
1555 5529 1689 5608 ἀπο-

159 5613 452 5712 (ξὲἀλλεσθαι,
480 5629 546 5681 τὰ
580 5631 707 5702 περὶ
743 5632 844 5703 τῆς
866 5636 1123 5708 δευτέρας
1152 5639 1470 5708 ἐπιφανείας
1499 5643 1683 5711 αὐτοῦ,

160 5708 216 5762 ως
256 5708 333 5762 ἐπὶ
382 5717 596 5792 πρώτης
655 5723 889 5793 ἀφίξεως
949 5728 1411 5800 ε’·λαμϐἀνοντας,
1435 5734 1684 5806 οὐδαμῶς

1797 5198 1941 5248 rum,
1971 5184 2065 5253 qui
2123 5183 2276 5238 illum
2334 5184 2551 5241 insidiis
2591 5185 3096 5241 circumvenerunt.
3147 5180 3384 5236 Attende

1797 5288 1928 5328 vero
1973 5274 2064 5329 hic
2105 5291 2345 5346 quoque,
2387 5287 2445 5330 ut
2485 5277 2768 5331 oraculum
2813 5276 3099 5330 Christum
3131 5274 3380 5344 praedicit

1799 5367 2400 5436 comprehendendum,
2437 5369 2580 5440 quod
2608 5384 2741 5423 sane
2769 5367 2977 5424 Christi
3002 5365 3244 5422 secundo
3277 5367 3376 5422 ad-

1798 5458 1984 5515 ventui
2007 5460 2414 5515 accommodari
2443 5477 2552 5515 non
2583 5460 2778 5532 possit,
2808 5476 2970 5531 quem
3006 5461 3304 5533 gloriosum
3327 5467 3382 5515 ct

1795 5565 1921 5606 cum
1978 5567 2148 5622 regno
2195 5551 2385 5607 divino
2440 5551 2724 5616 futurum,
2783 5553 3104 5624 prophetica
3156 5553 3380 5609 oracula

1794 5645 2101 5700 enuntiant.
2166 5645 2515 5717 Quapropter
2560 5661 2786 5703 necesse
2831 5655 2916 5703 est
2958 5645 3177 5704 Judasus
3227 5648 3388 5704 aber-

1797 5753 1942 5805 rare,
1976 5740 2071 5812 qui
2097 5756 2160 5797 ea
2184 5756 2306 5813 quae
2329 5741 2396 5797 ad
2421 5740 2722 5798 secundum
2752 5741 2899 5797 illius
2931 5742 3224 5800 adventum
3253 5757 3375 5814 per-

239 5863 409 5924 "Luc.
456 5881 778 5946 unﬁt-5.5.
859 5883 896 5917 ⁵³
925 5882 1130 5943 llabac.
1167 5903 1251 5957 ιιι,
1293 5889 1371 5945 15.
1456 5893 1499 5926 δ’
1527 5891 1712 5951 ΡείιΙ.‹

1841 5897 1922 5953 l5.
2003 5897 2233 5958 “llcbr.
2269 5915 2352 5968 ιιι,
2391 5901 2476 5956 Η,
2557 5897 2822 5957 “Thrcn.
2867 5915 2940 5968 IV,
2973 5899 3065 5956 20.
