  <div class='ocr_page' id='page_1' title='image "/cluster/home/n/w/nwhite01/storage/ocr_20150623/22/hvd.32044020605168/167.png"; bbox 0 0 3954 6526; ppageno 0'>
   <div class='ocr_carea' id='block_1_1' title="bbox 551 433 655 486">
    <p class='ocr_par' dir='ltr' id='par_1_1' title="bbox 551 433 655 486">
     <span class='ocr_line' id='line_1_1' title="bbox 551 433 655 486; baseline -0.01 0"><span class='ocrx_word' id='word_1_1' title='bbox 551 433 655 486; x_wconf 75' lang='grc'><strong>519</strong></span> 
     </span>
    </p>
   </div>
   <div class='ocr_carea' id='block_1_2' title="bbox 1185 422 3118 488">
    <p class='ocr_par' dir='ltr' id='par_1_2' title="bbox 1185 422 3118 488">
     <span class='ocr_line' id='line_1_2' title="bbox 1185 422 3118 488; baseline -0.005 0"><span class='ocrx_word' id='word_1_2' title='bbox 1185 431 1456 488; x_wconf 81' lang='lat' dir='ltr'><strong>EL&#39;SEBII</strong></span> <span class='ocrx_word' id='word_1_3' title='bbox 1489 429 1971 487; x_wconf 60' lang='lat' dir='ltr'><strong>CESARl-ENSIS</strong></span> <span class='ocrx_word' id='word_1_4' title='bbox 2011 427 2162 485; x_wconf 86' lang='lat' dir='ltr'><strong>OPP.</strong></span> <span class='ocrx_word' id='word_1_5' title='bbox 2196 425 2395 483; x_wconf 74' lang='lat' dir='ltr'><strong>PARS.</strong></span> <span class='ocrx_word' id='word_1_6' title='bbox 2437 427 2502 483; x_wconf 90' lang='lat' dir='ltr'><strong>ll.</strong></span> <span class='ocrx_word' id='word_1_7' title='bbox 2525 422 3118 482; x_wconf 73' lang='lat' dir='ltr'><strong>—APOLOGETICA.</strong></span> 
     </span>
    </p>
   </div>
   <div class='ocr_carea' id='block_1_3' title="bbox 3714 421 3842 477">
    <p class='ocr_par' dir='ltr' id='par_1_3' title="bbox 3714 421 3842 477">
     <span class='ocr_line' id='line_1_3' title="bbox 3714 421 3842 477; baseline 0 -1"><span class='ocrx_word' id='word_1_8' title='bbox 3714 421 3842 477; x_wconf 69' lang='lat'><strong>320</strong></span> 
     </span>
    </p>
   </div>
   <div class='ocr_carea' id='block_1_4' title="bbox 549 533 2095 620">
    <p class='ocr_par' dir='ltr' id='par_1_4' title="bbox 549 547 2091 620">
     <span class='ocr_line' id='line_1_4' title="bbox 549 547 2091 620; baseline -0.001 -16"><span class='ocrx_word' id='word_1_9' title='bbox 549 551 727 604; x_wconf 87' lang='lat' dir='ltr'><strong>tinent</strong></span> <span class='ocrx_word' id='word_1_10' title='bbox 753 551 912 620; x_wconf 86' lang='lat' dir='ltr'><strong>quasi</strong></span> <span class='ocrx_word' id='word_1_11' title='bbox 947 551 1014 605; x_wconf 91' lang='lat' dir='ltr'><strong>de</strong></span> <span class='ocrx_word' id='word_1_12' title='bbox 1051 549 1228 620; x_wconf 91' lang='lat' dir='ltr'><strong>primo</strong></span> <span class='ocrx_word' id='word_1_13' title='bbox 1259 551 1438 604; x_wconf 90' lang='lat' dir='ltr'><strong>solent</strong></span> <span class='ocrx_word' id='word_1_14' title='bbox 1467 547 1734 618; x_wconf 88' lang='lat' dir='ltr'><strong>accipere,</strong></span> <span class='ocrx_word' id='word_1_15' title='bbox 1766 562 1890 602; x_wconf 91' lang='lat' dir='ltr'><strong>cum</strong></span> <span class='ocrx_word' id='word_1_16' title='bbox 1917 547 1969 601; x_wconf 88' lang='lat' dir='ltr'><strong>id</strong></span> <span class='ocrx_word' id='word_1_17' title='bbox 1988 563 2091 603; x_wconf 89' lang='lat' dir='ltr'><strong>nus</strong></span> 
     </span>
    </p>
   </div>
   <div class='ocr_carea' id='block_1_5' title="bbox 2205 533 3838 620">
    <p class='ocr_par' dir='ltr' id='par_1_5' title="bbox 2219 533 3838 616">
     <span class='ocr_line' id='line_1_5' title="bbox 2219 533 3838 616; baseline -0.002 -17"><span class='ocrx_word' id='word_1_18' title='bbox 2219 544 2375 600; x_wconf 80' lang='grc' dir='ltr'>τοῦτο</span> <span class='ocrx_word' id='word_1_19' title='bbox 2405 543 2808 616; x_wconf 80' lang='grc' dir='ltr'><strong>συγχωροῦντος</strong></span> <span class='ocrx_word' id='word_1_20' title='bbox 2836 541 2930 596; x_wconf 87' lang='grc' dir='ltr'><strong>τοῦ</strong></span> <span class='ocrx_word' id='word_1_21' title='bbox 2967 541 3146 611; x_wconf 86' lang='grc' dir='ltr'>λόγου,</span> <span class='ocrx_word' id='word_1_22' title='bbox 3185 540 3306 594; x_wconf 73' lang='grc' dir='ltr'>ἐπεὶ</span> <span class='ocrx_word' id='word_1_23' title='bbox 3339 539 3414 612; x_wconf 83' lang='grc' dir='ltr'>μὴ</span> <span class='ocrx_word' id='word_1_24' title='bbox 3439 533 3552 595; x_wconf 73' lang='grc' dir='ltr'>οἷόν</span> <span class='ocrx_word' id='word_1_25' title='bbox 3572 540 3634 595; x_wconf 88' lang='grc' dir='ltr'><strong>τέ</strong></span> <span class='ocrx_word' id='word_1_26' title='bbox 3672 541 3838 595; x_wconf 75' lang='grc' dir='ltr'>ἐστιν</span> 
     </span>
    </p>
   </div>
   <div class='ocr_carea' id='block_1_6' title="bbox 546 638 2119 712">
    <p class='ocr_par' dir='ltr' id='par_1_6' title="bbox 546 638 2119 712">
     <span class='ocr_line' id='line_1_6' title="bbox 546 638 2119 712; baseline 0 -18"><span class='ocrx_word' id='word_1_27' title='bbox 546 657 710 712; x_wconf 90' lang='lat' dir='ltr'><strong>quam</strong></span> <span class='ocrx_word' id='word_1_28' title='bbox 737 643 875 697; x_wconf 93' lang='lat' dir='ltr'><strong>ratio</strong></span> <span class='ocrx_word' id='word_1_29' title='bbox 907 641 1170 697; x_wconf 72' lang='lat' dir='ltr'><strong>concedat</strong></span> <span class='ocrx_word' id='word_1_30' title='bbox 1201 660 1212 695; x_wconf 92' lang='lat'>:</span> <span class='ocrx_word' id='word_1_31' title='bbox 1253 643 1454 712; x_wconf 84' lang='lat' dir='ltr'><strong>quippe</strong></span> <span class='ocrx_word' id='word_1_32' title='bbox 1481 656 1606 695; x_wconf 91' lang='lat' dir='ltr'><strong>cum</strong></span> <span class='ocrx_word' id='word_1_33' title='bbox 1634 640 1750 694; x_wconf 91' lang='lat' dir='ltr'><strong>ﬁeri</strong></span> <span class='ocrx_word' id='word_1_34' title='bbox 1774 639 1926 694; x_wconf 89' lang='lat' dir='ltr'><strong>nullo</strong></span> <span class='ocrx_word' id='word_1_35' title='bbox 1956 638 2119 694; x_wconf 89' lang='lat' dir='ltr'><strong>modo</strong></span> 
     </span>
    </p>
   </div>
   <div class='ocr_carea' id='block_1_7' title="bbox 545 731 2121 804">
    <p class='ocr_par' dir='ltr' id='par_1_7' title="bbox 545 731 2121 804">
     <span class='ocr_line' id='line_1_7' title="bbox 545 731 2121 804; baseline -0.003 -15"><span class='ocrx_word' id='word_1_36' title='bbox 545 734 744 804; x_wconf 87' lang='lat' dir='ltr'><strong>possit,</strong></span> <span class='ocrx_word' id='word_1_37' title='bbox 777 743 919 790; x_wconf 80' lang='lat' dir='ltr'><strong>utet</strong></span> <span class='ocrx_word' id='word_1_38' title='bbox 950 735 1155 804; x_wconf 86' lang='lat' dir='ltr'><strong>pariter</strong></span> <span class='ocrx_word' id='word_1_39' title='bbox 1202 742 1257 788; x_wconf 88' lang='lat' dir='ltr'><strong>et</strong></span> <span class='ocrx_word' id='word_1_40' title='bbox 1301 733 1602 788; x_wconf 90' lang='lat' dir='ltr'><strong>secundum</strong></span> <span class='ocrx_word' id='word_1_41' title='bbox 1651 731 1817 796; x_wconf 83' lang='lat' dir='ltr'><strong>idem,</strong></span> <span class='ocrx_word' id='word_1_42' title='bbox 1860 732 2012 786; x_wconf 90' lang='lat' dir='ltr'><strong>illum</strong></span> <span class='ocrx_word' id='word_1_43' title='bbox 2066 737 2121 786; x_wconf 85' lang='lat' dir='ltr'><strong>et</strong></span> 
     </span>
    </p>
   </div>
   <div class='ocr_carea' id='block_1_8' title="bbox 545 825 2119 897">
    <p class='ocr_par' dir='ltr' id='par_1_8' title="bbox 545 825 2119 897">
     <span class='ocr_line' id='line_1_8' title="bbox 545 825 2119 897; baseline 0 -19"><span class='ocrx_word' id='word_1_44' title='bbox 545 825 846 896; x_wconf 81' lang='lat' dir='ltr'><strong>gloriosum</strong></span> <span class='ocrx_word' id='word_1_45' title='bbox 881 832 935 880; x_wconf 91' lang='lat' dir='ltr'><strong>et</strong></span> <span class='ocrx_word' id='word_1_46' title='bbox 969 825 1245 894; x_wconf 89' lang='lat' dir='ltr'><strong>abjectum</strong></span> <span class='ocrx_word' id='word_1_47' title='bbox 1287 825 1556 897; x_wconf 88' lang='lat' dir='ltr'><strong>ﬁngamus</strong></span> <span class='ocrx_word' id='word_1_48' title='bbox 1605 843 1620 880; x_wconf 87' lang='lat'><strong>:</strong></span> <span class='ocrx_word' id='word_1_49' title='bbox 1677 832 1940 896; x_wconf 68' lang='lat' dir='ltr'><strong>praeterea</strong></span> <span class='ocrx_word' id='word_1_50' title='bbox 1994 839 2119 880; x_wconf 91' lang='lat' dir='ltr'><strong>cum</strong></span> 
     </span>
    </p>
   </div>
   <div class='ocr_carea' id='block_1_9' title="bbox 545 917 2120 988">
    <p class='ocr_par' dir='ltr' id='par_1_9' title="bbox 545 917 2120 988">
     <span class='ocr_line' id='line_1_9' title="bbox 545 917 2120 988; baseline 0 -16"><span class='ocrx_word' id='word_1_51' title='bbox 545 917 754 972; x_wconf 85' lang='lat' dir='ltr'><strong>honore</strong></span> <span class='ocrx_word' id='word_1_52' title='bbox 788 924 842 971; x_wconf 92' lang='lat' dir='ltr'><strong>et</strong></span> <span class='ocrx_word' id='word_1_53' title='bbox 870 932 1058 988; x_wconf 87' lang='lat' dir='ltr'><strong>regno,</strong></span> <span class='ocrx_word' id='word_1_54' title='bbox 1092 925 1145 973; x_wconf 91' lang='lat' dir='ltr'><strong>et</strong></span> <span class='ocrx_word' id='word_1_55' title='bbox 1174 925 1369 972; x_wconf 84' lang='lat' dir='ltr'><strong>contra</strong></span> <span class='ocrx_word' id='word_1_56' title='bbox 1423 932 1534 972; x_wconf 88' lang='lat' dir='ltr'><strong>non</strong></span> <span class='ocrx_word' id='word_1_57' title='bbox 1591 917 1884 973; x_wconf 77' lang='lat' dir='ltr'><strong>habentem</strong></span> <span class='ocrx_word' id='word_1_58' title='bbox 1940 931 2120 987; x_wconf 84' lang='lat' dir='ltr'><strong>neque</strong></span> 
     </span>
    </p>
   </div>
   <div class='ocr_carea' id='block_1_10' title="bbox 543 1007 2118 1080">
    <p class='ocr_par' dir='ltr' id='par_1_10' title="bbox 543 1007 2118 1080">
     <span class='ocr_line' id='line_1_10' title="bbox 543 1007 2118 1080; baseline 0.001 -18"><span class='ocrx_word' id='word_1_59' title='bbox 543 1007 781 1077; x_wconf 90' lang='lat' dir='ltr'><strong>speciem</strong></span> <span class='ocrx_word' id='word_1_60' title='bbox 816 1023 993 1078; x_wconf 90' lang='lat' dir='ltr'><strong>neque</strong></span> <span class='ocrx_word' id='word_1_61' title='bbox 1039 1007 1228 1076; x_wconf 86' lang='lat' dir='ltr'><strong>decus,</strong></span> <span class='ocrx_word' id='word_1_62' title='bbox 1279 1010 1374 1065; x_wconf 89' lang='lat' dir='ltr'><strong>sed</strong></span> <span class='ocrx_word' id='word_1_63' title='bbox 1409 1016 1785 1079; x_wconf 90' lang='lat' dir='ltr'><strong>contemptum</strong></span> <span class='ocrx_word' id='word_1_64' title='bbox 1833 1024 1946 1080; x_wconf 62' lang='lat' dir='ltr'><strong>prie</strong></span> <span class='ocrx_word' id='word_1_65' title='bbox 1991 1007 2118 1063; x_wconf 89' lang='lat' dir='ltr'><strong>ﬁliis</strong></span> 
     </span>
    </p>
   </div>
   <div class='ocr_carea' id='block_1_11' title="bbox 544 1099 2119 1174">
    <p class='ocr_par' dir='ltr' id='par_1_11' title="bbox 544 1099 2119 1174">
     <span class='ocr_line' id='line_1_11' title="bbox 544 1099 2119 1174; baseline 0.001 -20"><span class='ocrx_word' id='word_1_66' title='bbox 544 1101 827 1155; x_wconf 86' lang='lat' dir='ltr'><strong>hominum</strong></span> <span class='ocrx_word' id='word_1_67' title='bbox 866 1120 879 1155; x_wconf 94' lang='lat'>:</span> <span class='ocrx_word' id='word_1_68' title='bbox 907 1118 1100 1159; x_wconf 87' lang='lat' dir='ltr'><strong>rursus</strong></span> <span class='ocrx_word' id='word_1_69' title='bbox 1134 1101 1476 1158; x_wconf 86' lang='lat' dir='ltr'><strong>Salvatorem</strong></span> <span class='ocrx_word' id='word_1_70' title='bbox 1499 1111 1554 1158; x_wconf 92' lang='lat' dir='ltr'><strong>et</strong></span> <span class='ocrx_word' id='word_1_71' title='bbox 1584 1101 2004 1174; x_wconf 85' lang='lat' dir='ltr'><strong>Redemptorem</strong></span> <span class='ocrx_word' id='word_1_72' title='bbox 2038 1099 2119 1156; x_wconf 89' lang='lat' dir='ltr'><strong>ls-</strong></span> 
     </span>
    </p>
   </div>
   <div class='ocr_carea' id='block_1_12' title="bbox 543 1191 2117 1264">
    <p class='ocr_par' dir='ltr' id='par_1_12' title="bbox 543 1191 2117 1264">
     <span class='ocr_line' id='line_1_12' title="bbox 543 1191 2117 1264; baseline 0.001 -20"><span class='ocrx_word' id='word_1_73' title='bbox 543 1191 676 1255; x_wconf 87' lang='lat' dir='ltr'><strong>rael,</strong></span> <span class='ocrx_word' id='word_1_74' title='bbox 707 1197 760 1246; x_wconf 92' lang='lat' dir='ltr'><strong>et</strong></span> <span class='ocrx_word' id='word_1_75' title='bbox 790 1202 981 1246; x_wconf 88' lang='lat' dir='ltr'><strong>contra</strong></span> <span class='ocrx_word' id='word_1_76' title='bbox 1009 1193 1440 1248; x_wconf 87' lang='lat' dir='ltr'><strong>circumventum</strong></span> <span class='ocrx_word' id='word_1_77' title='bbox 1469 1194 1538 1248; x_wconf 89' lang='lat' dir='ltr'><strong>ab</strong></span> <span class='ocrx_word' id='word_1_78' title='bbox 1566 1193 1695 1257; x_wconf 90' lang='lat' dir='ltr'><strong>illis,</strong></span> <span class='ocrx_word' id='word_1_79' title='bbox 1717 1201 1771 1248; x_wconf 90' lang='lat' dir='ltr'><strong>et</strong></span> <span class='ocrx_word' id='word_1_80' title='bbox 1786 1192 1943 1264; x_wconf 86' lang='lat' dir='ltr'><strong>quasi</strong></span> <span class='ocrx_word' id='word_1_81' title='bbox 1961 1207 2117 1248; x_wconf 87' lang='lat' dir='ltr'><strong>ovem</strong></span> 
     </span>
    </p>
   </div>
   <div class='ocr_carea' id='block_1_13' title="bbox 541 1283 2117 1358">
    <p class='ocr_par' dir='ltr' id='par_1_13' title="bbox 541 1283 2117 1358">
     <span class='ocr_line' id='line_1_13' title="bbox 541 1283 2117 1358; baseline 0.006 -25"><span class='ocrx_word' id='word_1_82' title='bbox 541 1283 768 1339; x_wconf 84' lang='lat' dir='ltr'><strong>ductum</strong></span> <span class='ocrx_word' id='word_1_83' title='bbox 815 1285 882 1339; x_wconf 89' lang='lat' dir='ltr'><strong>ad</strong></span> <span class='ocrx_word' id='word_1_84' title='bbox 923 1285 1278 1351; x_wconf 87' lang='lat' dir='ltr'><strong>occisionem,</strong></span> <span class='ocrx_word' id='word_1_85' title='bbox 1329 1294 1385 1342; x_wconf 88' lang='lat' dir='ltr'><strong>et</strong></span> <span class='ocrx_word' id='word_1_86' title='bbox 1413 1287 1482 1342; x_wconf 90' lang='lat' dir='ltr'><strong>ab</strong></span> <span class='ocrx_word' id='word_1_87' title='bbox 1515 1286 1791 1358; x_wconf 78' lang='lat' dir='ltr'><strong>antiquis,</strong></span> <span class='ocrx_word' id='word_1_88' title='bbox 1847 1287 1939 1358; x_wconf 90' lang='lat' dir='ltr'><strong>qui</strong></span> <span class='ocrx_word' id='word_1_89' title='bbox 1974 1288 2117 1344; x_wconf 88' lang='lat' dir='ltr'><strong>inter</strong></span> 
     </span>
    </p>
   </div>
   <div class='ocr_carea' id='block_1_14' title="bbox 538 1376 2115 1441">
    <p class='ocr_par' dir='ltr' id='par_1_14' title="bbox 538 1376 2115 1441">
     <span class='ocr_line' id='line_1_14' title="bbox 538 1376 2115 1441; baseline 0.004 -10"><span class='ocrx_word' id='word_1_90' title='bbox 538 1376 760 1431; x_wconf 89' lang='lat' dir='ltr'><strong>eosdem</strong></span> <span class='ocrx_word' id='word_1_91' title='bbox 793 1377 925 1441; x_wconf 90' lang='lat' dir='ltr'><strong>sint,</strong></span> <span class='ocrx_word' id='word_1_92' title='bbox 955 1377 1215 1432; x_wconf 88' lang='lat' dir='ltr'><strong>traditum</strong></span> <span class='ocrx_word' id='word_1_93' title='bbox 1237 1379 1305 1434; x_wconf 89' lang='lat' dir='ltr'><strong>ad</strong></span> <span class='ocrx_word' id='word_1_94' title='bbox 1335 1378 1739 1436; x_wconf 89' lang='lat' dir='ltr'><strong>mortem.Cum</strong></span> <span class='ocrx_word' id='word_1_95' title='bbox 1767 1387 1947 1435; x_wconf 90' lang='lat' dir='ltr'><strong>autem</strong></span> <span class='ocrx_word' id='word_1_96' title='bbox 1981 1380 2115 1437; x_wconf 83' lang='lat' dir='ltr'><strong>satis</strong></span> 
     </span>
    </p>
   </div>
   <div class='ocr_carea' id='block_1_15' title="bbox 539 1469 2112 1542">
    <p class='ocr_par' dir='ltr' id='par_1_15' title="bbox 539 1469 2112 1542">
     <span class='ocr_line' id='line_1_15' title="bbox 539 1469 2112 1542; baseline 0.003 -23"><span class='ocrx_word' id='word_1_97' title='bbox 539 1469 826 1523; x_wconf 82' lang='lat' dir='ltr'><strong>commode</strong></span> <span class='ocrx_word' id='word_1_98' title='bbox 877 1485 944 1523; x_wconf 90' lang='lat' dir='ltr'><strong>ex</strong></span> <span class='ocrx_word' id='word_1_99' title='bbox 995 1470 1201 1524; x_wconf 87' lang='lat' dir='ltr'><strong>nostris</strong></span> <span class='ocrx_word' id='word_1_100' title='bbox 1250 1471 1600 1537; x_wconf 85' lang='lat' dir='ltr'><strong>rationibus,</strong></span> <span class='ocrx_word' id='word_1_101' title='bbox 1653 1469 2112 1542; x_wconf 87' lang='lat' dir='ltr'><strong>quemadmodum</strong></span> 
     </span>
    </p>
   </div>
   <div class='ocr_carea' id='block_1_16' title="bbox 537 1557 2113 1630">
    <p class='ocr_par' dir='ltr' id='par_1_16' title="bbox 537 1557 2113 1630">
     <span class='ocr_line' id='line_1_16' title="bbox 537 1557 2113 1630; baseline 0.003 -18"><span class='ocrx_word' id='word_1_102' title='bbox 537 1557 656 1627; x_wconf 89' lang='lat' dir='ltr'><strong>ipsa</strong></span> <span class='ocrx_word' id='word_1_103' title='bbox 689 1574 869 1615; x_wconf 89' lang='lat' dir='ltr'><strong>rerum</strong></span> <span class='ocrx_word' id='word_1_104' title='bbox 902 1560 1170 1630; x_wconf 76' lang='lat' dir='ltr'><strong>inspectio</strong></span> <span class='ocrx_word' id='word_1_105' title='bbox 1199 1561 1461 1628; x_wconf 81' lang='lat' dir='ltr'><strong>declarat,</strong></span> <span class='ocrx_word' id='word_1_106' title='bbox 1513 1563 1771 1619; x_wconf 84' lang='lat' dir='ltr'><strong>vaticinia</strong></span> <span class='ocrx_word' id='word_1_107' title='bbox 1803 1563 1870 1620; x_wconf 89' lang='lat' dir='ltr'><strong>de</strong></span> <span class='ocrx_word' id='word_1_108' title='bbox 1892 1563 2113 1618; x_wconf 85' lang='lat' dir='ltr'><strong>Christo</strong></span> 
     </span>
    </p>
   </div>
   <div class='ocr_carea' id='block_1_17' title="bbox 535 1651 2112 1728">
    <p class='ocr_par' dir='ltr' id='par_1_17' title="bbox 535 1651 2112 1728">
     <span class='ocr_line' id='line_1_17' title="bbox 535 1651 2112 1728; baseline 0.004 -24"><span class='ocrx_word' id='word_1_109' title='bbox 535 1651 592 1704; x_wconf 86' lang='lat' dir='ltr'><strong>in</strong></span> <span class='ocrx_word' id='word_1_110' title='bbox 621 1651 730 1706; x_wconf 92' lang='lat' dir='ltr'><strong>duo</strong></span> <span class='ocrx_word' id='word_1_111' title='bbox 761 1668 960 1723; x_wconf 83' lang='lat' dir='ltr'><strong>genera</strong></span> <span class='ocrx_word' id='word_1_112' title='bbox 991 1653 1343 1711; x_wconf 87' lang='lat' dir='ltr'><strong>dividantur:</strong></span> <span class='ocrx_word' id='word_1_113' title='bbox 1400 1672 1462 1712; x_wconf 89' lang='lat' dir='ltr'><strong>ea</strong></span> <span class='ocrx_word' id='word_1_114' title='bbox 1506 1657 1728 1728; x_wconf 90' lang='lat' dir='ltr'><strong>quidem</strong></span> <span class='ocrx_word' id='word_1_115' title='bbox 1765 1672 1886 1728; x_wconf 70' lang='lat' dir='ltr'><strong>qua:</strong></span> <span class='ocrx_word' id='word_1_116' title='bbox 1910 1656 1976 1710; x_wconf 91' lang='lat' dir='ltr'><strong>ad</strong></span> <span class='ocrx_word' id='word_1_117' title='bbox 2009 1656 2112 1710; x_wconf 85' lang='lat' dir='ltr'><strong>hu-</strong></span> 
     </span>
    </p>
   </div>
   <div class='ocr_carea' id='block_1_18' title="bbox 533 1745 2107 1820">
    <p class='ocr_par' dir='ltr' id='par_1_18' title="bbox 533 1745 2107 1820">
     <span class='ocr_line' id='line_1_18' title="bbox 533 1745 2107 1820; baseline 0.004 -24"><span class='ocrx_word' id='word_1_118' title='bbox 533 1758 752 1797; x_wconf 89' lang='lat' dir='ltr'><strong>manam</strong></span> <span class='ocrx_word' id='word_1_119' title='bbox 802 1745 951 1801; x_wconf 92' lang='lat' dir='ltr'><strong>illius</strong></span> <span class='ocrx_word' id='word_1_120' title='bbox 1006 1754 1258 1802; x_wconf 88' lang='lat' dir='ltr'><strong>naturam</strong></span> <span class='ocrx_word' id='word_1_121' title='bbox 1293 1756 1542 1820; x_wconf 86' lang='lat' dir='ltr'><strong>spectant</strong></span> <span class='ocrx_word' id='word_1_122' title='bbox 1571 1749 1928 1819; x_wconf 87' lang='lat' dir='ltr'><strong>tristioraque</strong></span> <span class='ocrx_word' id='word_1_123' title='bbox 1956 1759 2107 1812; x_wconf 89' lang='lat' dir='ltr'><strong>sunt,</strong></span> 
     </span>
    </p>
   </div>
   <div class='ocr_carea' id='block_1_19' title="bbox 533 1832 2106 1910">
    <p class='ocr_par' dir='ltr' id='par_1_19' title="bbox 533 1832 2106 1910">
     <span class='ocr_line' id='line_1_19' title="bbox 533 1832 2106 1910; baseline 0.004 -24"><span class='ocrx_word' id='word_1_124' title='bbox 533 1832 591 1886; x_wconf 86' lang='lat' dir='ltr'><strong>in</strong></span> <span class='ocrx_word' id='word_1_125' title='bbox 617 1833 798 1903; x_wconf 87' lang='lat' dir='ltr'><strong>priore</strong></span> <span class='ocrx_word' id='word_1_126' title='bbox 829 1835 976 1891; x_wconf 91' lang='lat' dir='ltr'><strong>illius</strong></span> <span class='ocrx_word' id='word_1_127' title='bbox 1008 1835 1246 1893; x_wconf 88' lang='lat' dir='ltr'><strong>adventu</strong></span> <span class='ocrx_word' id='word_1_128' title='bbox 1279 1840 1548 1910; x_wconf 83' lang='lat' dir='ltr'><strong>completa</strong></span> <span class='ocrx_word' id='word_1_129' title='bbox 1574 1855 1698 1896; x_wconf 85' lang='lat' dir='ltr'><strong>esse</strong></span> <span class='ocrx_word' id='word_1_130' title='bbox 1733 1839 2060 1894; x_wconf 89' lang='lat' dir='ltr'><strong>conﬁtemur</strong></span> <span class='ocrx_word' id='word_1_131' title='bbox 2091 1855 2106 1905; x_wconf 91' lang='lat'><strong>;</strong></span> 
     </span>
    </p>
   </div>
   <div class='ocr_carea' id='block_1_20' title="bbox 2221 633 3837 710">
    <p class='ocr_par' dir='ltr' id='par_1_20' title="bbox 2221 633 3837 710">
     <span class='ocr_line' id='line_1_20' title="bbox 2221 633 3837 710; baseline -0.004 -17"><span class='ocrx_word' id='word_1_132' title='bbox 2221 637 2354 710; x_wconf 76' lang='grc' dir='ltr'>ὁμοῦ</span> <span class='ocrx_word' id='word_1_133' title='bbox 2403 637 2497 692; x_wconf 78' lang='grc' dir='ltr'>καὶ</span> <span class='ocrx_word' id='word_1_134' title='bbox 2544 637 2686 690; x_wconf 84' lang='grc' dir='ltr'>κατά</span> <span class='ocrx_word' id='word_1_135' title='bbox 2737 635 2797 689; x_wconf 75' lang='grc' dir='ltr'>τὸ</span> <span class='ocrx_word' id='word_1_136' title='bbox 2842 635 2975 689; x_wconf 79' lang='grc' dir='ltr'>αὐτὸ</span> <span class='ocrx_word' id='word_1_137' title='bbox 3030 633 3241 700; x_wconf 75' lang='grc' dir='ltr'>ἔνδοξον</span> <span class='ocrx_word' id='word_1_138' title='bbox 3283 633 3445 687; x_wconf 79' lang='grc' dir='ltr'>αὐτὸν</span> <span class='ocrx_word' id='word_1_139' title='bbox 3486 635 3582 688; x_wconf 72' lang='grc' dir='ltr'>καὶ</span> <span class='ocrx_word' id='word_1_140' title='bbox 3624 634 3837 701; x_wconf 77' lang='grc' dir='ltr'>ἄδοξον</span> 
     </span>
    </p>
   </div>
   <div class='ocr_carea' id='block_1_21' title="bbox 2219 727 3837 800">
    <p class='ocr_par' dir='ltr' id='par_1_21' title="bbox 2219 727 3837 800">
     <span class='ocr_line' id='line_1_21' title="bbox 2219 727 3837 800; baseline -0.004 -14"><span class='ocrx_word' id='word_1_141' title='bbox 2219 731 2604 786; x_wconf 69' lang='grc' dir='ltr'>ὑποτίθεσθαι*</span> <span class='ocrx_word' id='word_1_142' title='bbox 2651 731 2746 784; x_wconf 72' lang='grc' dir='ltr'>καὶ</span> <span class='ocrx_word' id='word_1_143' title='bbox 2793 730 3006 800; x_wconf 77' lang='grc' dir='ltr'>ἔντιμον</span> <span class='ocrx_word' id='word_1_144' title='bbox 3059 730 3152 783; x_wconf 76' lang='grc' dir='ltr'>καὶ</span> <span class='ocrx_word' id='word_1_145' title='bbox 3204 728 3449 798; x_wconf 88' lang='grc' dir='ltr'>βασιλέα,</span> <span class='ocrx_word' id='word_1_146' title='bbox 3489 728 3588 782; x_wconf 72' lang='grc' dir='ltr'>καὶ</span> <span class='ocrx_word' id='word_1_147' title='bbox 3645 727 3837 781; x_wconf 64' lang='lat' dir='ltr'><strong>utle</strong></span> 
     </span>
    </p>
   </div>
   <div class='ocr_carea' id='block_1_22' title="bbox 2217 819 3838 894">
    <p class='ocr_par' dir='ltr' id='par_1_22' title="bbox 2217 819 3838 894">
     <span class='ocr_line' id='line_1_22' title="bbox 2217 819 3838 894; baseline -0.002 -18"><span class='ocrx_word' id='word_1_148' title='bbox 2217 826 2316 877; x_wconf 81' lang='grc' dir='ltr'>οὐκ</span> <span class='ocrx_word' id='word_1_149' title='bbox 2339 823 2530 894; x_wconf 77' lang='grc' dir='ltr'>ἔχοντα</span> <span class='ocrx_word' id='word_1_150' title='bbox 2559 819 2698 888; x_wconf 82' lang='grc' dir='ltr'>εἶδος</span> <span class='ocrx_word' id='word_1_151' title='bbox 2727 823 2850 877; x_wconf 78' lang='grc' dir='ltr'>οὐδὲ</span> <span class='ocrx_word' id='word_1_152' title='bbox 2879 822 3093 887; x_wconf 87' lang='grc' dir='ltr'>κάλλος,</span> <span class='ocrx_word' id='word_1_153' title='bbox 3119 821 3234 876; x_wconf 83' lang='grc' dir='ltr'>ἀλλ’</span> <span class='ocrx_word' id='word_1_154' title='bbox 3273 822 3465 893; x_wconf 80' lang='grc' dir='ltr'>ἄτιμον</span> <span class='ocrx_word' id='word_1_155' title='bbox 3487 820 3649 892; x_wconf 82' lang='grc' dir='ltr'>παρὰ</span> <span class='ocrx_word' id='word_1_156' title='bbox 3690 820 3838 884; x_wconf 78' lang='grc' dir='ltr'>τοὺς</span> 
     </span>
    </p>
   </div>
   <div class='ocr_carea' id='block_1_23' title="bbox 2217 913 3837 988">
    <p class='ocr_par' dir='ltr' id='par_1_23' title="bbox 2217 913 3837 988">
     <span class='ocr_line' id='line_1_23' title="bbox 2217 913 3837 988; baseline -0.004 -17"><span class='ocrx_word' id='word_1_157' title='bbox 2217 919 2366 982; x_wconf 80' lang='grc' dir='ltr'>υἱοὺς</span> <span class='ocrx_word' id='word_1_158' title='bbox 2398 917 2507 971; x_wconf 82' lang='grc' dir='ltr'>τῶν</span> <span class='ocrx_word' id='word_1_159' title='bbox 2527 915 2829 988; x_wconf 84' lang='grc' dir='ltr'>ἀνθρώπων</span> <span class='ocrx_word' id='word_1_160' title='bbox 2847 933 2863 949; x_wconf 77' lang='grc' dir='ltr'><strong>ο</strong></span> <span class='ocrx_word' id='word_1_161' title='bbox 2891 915 2986 970; x_wconf 80' lang='grc' dir='ltr'>καὶ</span> <span class='ocrx_word' id='word_1_162' title='bbox 3015 913 3170 980; x_wconf 72' lang='grc' dir='ltr'>αὖθις</span> <span class='ocrx_word' id='word_1_163' title='bbox 3204 915 3432 987; x_wconf 83' lang='grc' dir='ltr'><strong>Σωτῆρα</strong></span> <span class='ocrx_word' id='word_1_164' title='bbox 3463 915 3562 969; x_wconf 74' lang='grc' dir='ltr'>καὶ</span> <span class='ocrx_word' id='word_1_165' title='bbox 3587 914 3837 986; x_wconf 84' lang='grc' dir='ltr'>Λυτρω-</span> 
     </span>
    </p>
   </div>
   <div class='ocr_carea' id='block_1_24' title="bbox 2215 1005 3837 1081">
    <p class='ocr_par' dir='ltr' id='par_1_24' title="bbox 2215 1005 3837 1081">
     <span class='ocr_line' id='line_1_24' title="bbox 2215 1005 3837 1081; baseline -0.002 -19"><span class='ocrx_word' id='word_1_166' title='bbox 2215 1009 2314 1080; x_wconf 77' lang='grc' dir='ltr'><strong>τήν</strong></span> <span class='ocrx_word' id='word_1_167' title='bbox 2353 1009 2446 1063; x_wconf 87' lang='grc' dir='ltr'><strong>τοῦ</strong></span> <span class='ocrx_word' id='word_1_168' title='bbox 2485 1007 2731 1081; x_wconf 80' lang='grc' dir='ltr'>Ἰσραὴλ,</span> <span class='ocrx_word' id='word_1_169' title='bbox 2775 1008 2870 1062; x_wconf 76' lang='grc' dir='ltr'>καὶ</span> <span class='ocrx_word' id='word_1_170' title='bbox 2920 1007 3082 1062; x_wconf 87' lang='grc' dir='ltr'>πάλιν</span> <span class='ocrx_word' id='word_1_171' title='bbox 3133 1006 3625 1078; x_wconf 79' lang='grc' dir='ltr'>ἐπιϐουλευόμενον</span> <span class='ocrx_word' id='word_1_172' title='bbox 3681 1005 3837 1077; x_wconf 75' lang='grc' dir='ltr'>πρὸς</span> 
     </span>
    </p>
   </div>
   <div class='ocr_carea' id='block_1_25' title="bbox 2217 1099 3834 1173">
    <p class='ocr_par' dir='ltr' id='par_1_25' title="bbox 2217 1099 3834 1173">
     <span class='ocr_line' id='line_1_25' title="bbox 2217 1099 3834 1173; baseline -0.004 -15"><span class='ocrx_word' id='word_1_173' title='bbox 2217 1103 2414 1167; x_wconf 82' lang='grc' dir='ltr'>αὐτῶν,</span> <span class='ocrx_word' id='word_1_174' title='bbox 2441 1103 2535 1156; x_wconf 71' lang='grc' dir='ltr'><strong>καὶ</strong></span> <span class='ocrx_word' id='word_1_175' title='bbox 2567 1102 2644 1166; x_wconf 84' lang='grc' dir='ltr'>ὼς</span> <span class='ocrx_word' id='word_1_176' title='bbox 2683 1100 2954 1173; x_wconf 88' lang='grc' dir='ltr'>πρόϐατον</span> <span class='ocrx_word' id='word_1_177' title='bbox 2992 1100 3086 1154; x_wconf 76' lang='grc' dir='ltr'><strong>ἐπὶ</strong></span> <span class='ocrx_word' id='word_1_178' title='bbox 3113 1100 3328 1170; x_wconf 81' lang='grc' dir='ltr'>σφαγὴν</span> <span class='ocrx_word' id='word_1_179' title='bbox 3371 1100 3677 1170; x_wconf 86' lang='grc' dir='ltr'>ἀγόμενον,</span> <span class='ocrx_word' id='word_1_180' title='bbox 3715 1099 3834 1153; x_wconf 78' lang='grc' dir='ltr'><strong>ἀπό</strong></span> 
     </span>
    </p>
   </div>
   <div class='ocr_carea' id='block_1_26' title="bbox 2215 1186 3831 1266">
    <p class='ocr_par' dir='ltr' id='par_1_26' title="bbox 2215 1186 3831 1266">
     <span class='ocr_line' id='line_1_26' title="bbox 2215 1186 3831 1266; baseline -0.002 -17"><span class='ocrx_word' id='word_1_181' title='bbox 2215 1213 2273 1249; x_wconf 88' lang='grc' dir='ltr'><strong>τε</strong></span> <span class='ocrx_word' id='word_1_182' title='bbox 2299 1194 2404 1250; x_wconf 87' lang='grc' dir='ltr'><strong>τῶν</strong></span> <span class='ocrx_word' id='word_1_183' title='bbox 2425 1195 2643 1266; x_wconf 85' lang='grc' dir='ltr'>ἀνόμων</span> <span class='ocrx_word' id='word_1_184' title='bbox 2683 1193 2844 1247; x_wconf 76' lang='grc' dir='ltr'>αὐτὸν</span> <span class='ocrx_word' id='word_1_185' title='bbox 2877 1194 2957 1258; x_wconf 74' lang='grc' dir='ltr'>εἰς</span> <span class='ocrx_word' id='word_1_186' title='bbox 2987 1192 3216 1248; x_wconf 87' lang='grc' dir='ltr'>θάνατον</span> <span class='ocrx_word' id='word_1_187' title='bbox 3249 1192 3717 1264; x_wconf 86' lang='grc' dir='ltr'>παραδιδόμενον.</span> <span class='ocrx_word' id='word_1_188' title='bbox 3750 1186 3831 1246; x_wconf 81' lang='grc' dir='ltr'><strong>Εὖ</strong></span> 
     </span>
    </p>
   </div>
   <div class='ocr_carea' id='block_1_27' title="bbox 2214 1283 3834 1358">
    <p class='ocr_par' dir='ltr' id='par_1_27' title="bbox 2214 1283 3834 1358">
     <span class='ocr_line' id='line_1_27' title="bbox 2214 1283 3834 1358; baseline -0.001 -16"><span class='ocrx_word' id='word_1_189' title='bbox 2214 1287 2271 1342; x_wconf 84' lang='grc' dir='ltr'>δὲ</span> <span class='ocrx_word' id='word_1_190' title='bbox 2303 1285 2424 1341; x_wconf 72' lang='grc' dir='ltr'>καθ’</span> <span class='ocrx_word' id='word_1_191' title='bbox 2455 1287 2623 1358; x_wconf 81' lang='grc' dir='ltr'>ἡμᾶς,</span> <span class='ocrx_word' id='word_1_192' title='bbox 2657 1285 2732 1349; x_wconf 84' lang='grc' dir='ltr'>ὡς</span> <span class='ocrx_word' id='word_1_193' title='bbox 2769 1286 2803 1356; x_wconf 81' lang='grc' dir='ltr'>ἡ</span> <span class='ocrx_word' id='word_1_194' title='bbox 2835 1283 2943 1338; x_wconf 85' lang='grc' dir='ltr'><strong>τῶν</strong></span> <span class='ocrx_word' id='word_1_195' title='bbox 2973 1284 3311 1356; x_wconf 81' lang='grc' dir='ltr'><strong>πραγμάτων</strong></span> <span class='ocrx_word' id='word_1_196' title='bbox 3343 1285 3464 1355; x_wconf 73' lang='grc' dir='ltr'>ὄψις</span> <span class='ocrx_word' id='word_1_197' title='bbox 3507 1284 3834 1341; x_wconf 74' lang='grc' dir='ltr'>ἐπιδείκνυ-</span> 
     </span>
    </p>
   </div>
   <div class='ocr_carea' id='block_1_28' title="bbox 2217 1372 3826 1448">
    <p class='ocr_par' dir='ltr' id='par_1_28' title="bbox 2217 1372 3826 1448">
     <span class='ocr_line' id='line_1_28' title="bbox 2217 1372 3826 1448; baseline -0.002 -17"><span class='ocrx_word' id='word_1_198' title='bbox 2217 1395 2320 1440; x_wconf 93' lang='grc' dir='ltr'>σιν,</span> <span class='ocrx_word' id='word_1_199' title='bbox 2351 1378 2431 1440; x_wconf 77' lang='grc' dir='ltr'>εἰς</span> <span class='ocrx_word' id='word_1_200' title='bbox 2467 1376 2560 1430; x_wconf 87' lang='grc' dir='ltr'><strong>δύο</strong></span> <span class='ocrx_word' id='word_1_201' title='bbox 2587 1375 2822 1448; x_wconf 84' lang='grc' dir='ltr'>τρόπους</span> <span class='ocrx_word' id='word_1_202' title='bbox 2858 1373 2966 1427; x_wconf 85' lang='grc' dir='ltr'>τῶν</span> <span class='ocrx_word' id='word_1_203' title='bbox 3009 1372 3256 1446; x_wconf 75' lang='grc' dir='ltr'>περὶτοῦ</span> <span class='ocrx_word' id='word_1_204' title='bbox 3291 1373 3526 1446; x_wconf 75' lang='grc' dir='ltr'>Χριστοῦ</span> <span class='ocrx_word' id='word_1_205' title='bbox 3561 1377 3826 1448; x_wconf 58' lang='grc' dir='ltr'>προῤῥή-</span> 
     </span>
    </p>
   </div>
   <div class='ocr_carea' id='block_1_29' title="bbox 2215 1465 3828 1541">
    <p class='ocr_par' dir='ltr' id='par_1_29' title="bbox 2215 1465 3828 1541">
     <span class='ocr_line' id='line_1_29' title="bbox 2215 1465 3828 1541; baseline -0.001 -19"><span class='ocrx_word' id='word_1_206' title='bbox 2215 1487 2351 1523; x_wconf 89' lang='grc' dir='ltr'>σεων</span> <span class='ocrx_word' id='word_1_207' title='bbox 2372 1467 2785 1541; x_wconf 79' lang='grc' dir='ltr'>διαιρουμένων,</span> <span class='ocrx_word' id='word_1_208' title='bbox 2820 1465 2889 1520; x_wconf 82' lang='grc' dir='ltr'><strong>τὰ</strong></span> <span class='ocrx_word' id='word_1_209' title='bbox 2921 1465 3022 1538; x_wconf 82' lang='grc' dir='ltr'>μὲν</span> <span class='ocrx_word' id='word_1_210' title='bbox 3060 1465 3519 1538; x_wconf 87' lang='grc' dir='ltr'>ἀνθρωπινώτερα</span> <span class='ocrx_word' id='word_1_211' title='bbox 3547 1467 3651 1520; x_wconf 78' lang='grc' dir='ltr'>καὶ</span> <span class='ocrx_word' id='word_1_212' title='bbox 3689 1485 3828 1520; x_wconf 72' lang='grc' dir='ltr'>σκυο</span> 
     </span>
    </p>
   </div>
   <div class='ocr_carea' id='block_1_30' title="bbox 2213 1557 3830 1633">
    <p class='ocr_par' dir='ltr' id='par_1_30' title="bbox 2213 1557 3830 1633">
     <span class='ocr_line' id='line_1_30' title="bbox 2213 1557 3830 1633; baseline -0.002 -18"><span class='ocrx_word' id='word_1_213' title='bbox 2213 1560 2408 1633; x_wconf 82' lang='grc' dir='ltr'>θρωπά</span> <span class='ocrx_word' id='word_1_214' title='bbox 2454 1559 2596 1614; x_wconf 84' lang='grc' dir='ltr'><strong>κατά</strong></span> <span class='ocrx_word' id='word_1_215' title='bbox 2635 1560 2734 1633; x_wconf 80' lang='grc' dir='ltr'>τὴν</span> <span class='ocrx_word' id='word_1_216' title='bbox 2773 1558 3043 1632; x_wconf 87' lang='grc' dir='ltr'>προτέραν</span> <span class='ocrx_word' id='word_1_217' title='bbox 3083 1557 3265 1629; x_wconf 76' lang='grc' dir='ltr'>ἄφιξιν</span> <span class='ocrx_word' id='word_1_218' title='bbox 3307 1557 3471 1612; x_wconf 81' lang='grc' dir='ltr'>αὐτοῦ</span> <span class='ocrx_word' id='word_1_219' title='bbox 3508 1558 3830 1630; x_wconf 84' lang='grc' dir='ltr'>πεπληρῶ-</span> 
     </span>
    </p>
   </div>
   <div class='ocr_carea' id='block_1_31' title="bbox 2213 1649 3828 1724">
    <p class='ocr_par' dir='ltr' id='par_1_31' title="bbox 2213 1649 3828 1724">
     <span class='ocr_line' id='line_1_31' title="bbox 2213 1649 3828 1724; baseline -0.002 -18"><span class='ocrx_word' id='word_1_220' title='bbox 2213 1653 2338 1706; x_wconf 86' lang='grc' dir='ltr'>σθαι</span> <span class='ocrx_word' id='word_1_221' title='bbox 2365 1653 2727 1724; x_wconf 81' lang='grc' dir='ltr'>ὁμολογεῖται,</span> <span class='ocrx_word' id='word_1_222' title='bbox 2760 1652 2830 1705; x_wconf 87' lang='grc' dir='ltr'><strong>τά</strong></span> <span class='ocrx_word' id='word_1_223' title='bbox 2861 1652 2909 1706; x_wconf 77' lang='grc' dir='ltr'>δ’</span> <span class='ocrx_word' id='word_1_224' title='bbox 2944 1651 3260 1722; x_wconf 79' lang='grc' dir='ltr'>ἐνδοξότερα</span> <span class='ocrx_word' id='word_1_225' title='bbox 3285 1649 3380 1704; x_wconf 77' lang='grc' dir='ltr'>καὶ</span> <span class='ocrx_word' id='word_1_226' title='bbox 3412 1649 3673 1722; x_wconf 85' lang='grc' dir='ltr'>θειότερα</span> <span class='ocrx_word' id='word_1_227' title='bbox 3703 1651 3828 1707; x_wconf 81' lang='grc' dir='ltr'>εἱσ-</span> 
     </span>
    </p>
   </div>
   <div class='ocr_carea' id='block_1_32' title="bbox 2213 1742 3824 1817">
    <p class='ocr_par' dir='ltr' id='par_1_32' title="bbox 2213 1742 3824 1817">
     <span class='ocr_line' id='line_1_32' title="bbox 2213 1742 3824 1817; baseline -0.001 -19"><span class='ocrx_word' id='word_1_228' title='bbox 2213 1745 2292 1798; x_wconf 88' lang='grc' dir='ltr'><strong>έτι</strong></span> <span class='ocrx_word' id='word_1_229' title='bbox 2319 1744 2413 1799; x_wconf 90' lang='grc' dir='ltr'><strong>νῦν</strong></span> <span class='ocrx_word' id='word_1_230' title='bbox 2450 1745 2808 1817; x_wconf 77' lang='grc' dir='ltr'>προσδοκᾶται</span> <span class='ocrx_word' id='word_1_231' title='bbox 2862 1743 3003 1798; x_wconf 85' lang='grc' dir='ltr'><strong>κατά</strong></span> <span class='ocrx_word' id='word_1_232' title='bbox 3049 1742 3148 1815; x_wconf 82' lang='grc' dir='ltr'>τὴν</span> <span class='ocrx_word' id='word_1_233' title='bbox 3187 1743 3447 1814; x_wconf 85' lang='grc' dir='ltr'>δευτέραν</span> <span class='ocrx_word' id='word_1_234' title='bbox 3487 1742 3666 1797; x_wconf 75' lang='grc' dir='ltr'>αὐτοῦ</span> <span class='ocrx_word' id='word_1_235' title='bbox 3709 1759 3824 1796; x_wconf 87' lang='grc' dir='ltr'>πα-</span> 
     </span>
    </p>
   </div>
   <div class='ocr_carea' id='block_1_33' title="bbox 2218 1833 3818 1910">
    <p class='ocr_par' dir='ltr' id='par_1_33' title="bbox 2218 1833 3818 1910">
     <span class='ocr_line' id='line_1_33' title="bbox 2218 1833 3818 1910; baseline -0.002 -18"><span class='ocrx_word' id='word_1_236' title='bbox 2218 1838 2454 1910; x_wconf 75' lang='grc' dir='ltr'>ρουσίαν.</span> <span class='ocrx_word' id='word_1_237' title='bbox 2492 1837 2787 1904; x_wconf 81' lang='grc' dir='ltr'>Ἀπόδειξις</span> <span class='ocrx_word' id='word_1_238' title='bbox 2822 1836 2879 1889; x_wconf 79' lang='grc' dir='ltr'>δὲ</span> <span class='ocrx_word' id='word_1_239' title='bbox 2929 1835 3027 1908; x_wconf 85' lang='grc' dir='ltr'>τῆς</span> <span class='ocrx_word' id='word_1_240' title='bbox 3075 1833 3346 1908; x_wconf 80' lang='grc' dir='ltr'>προτέρας</span> <span class='ocrx_word' id='word_1_241' title='bbox 3368 1835 3636 1907; x_wconf 75' lang='grc' dir='ltr'>ἐναργὴς,</span> <span class='ocrx_word' id='word_1_242' title='bbox 3677 1836 3719 1906; x_wconf 81' lang='grc' dir='ltr'><strong>ἡ</strong></span> <span class='ocrx_word' id='word_1_243' title='bbox 3755 1833 3818 1901; x_wconf 70' lang='grc' dir='ltr'><strong>ἐξ</strong></span> 
     </span>
    </p>
   </div>
   <div class='ocr_carea' id='block_1_34' title="bbox 536 1910 2095 2001">
    <p class='ocr_par' dir='ltr' id='par_1_34' title="bbox 536 1929 2095 2001">
     <span class='ocr_line' id='line_1_34' title="bbox 536 1929 2095 2001; baseline 0.005 -24"><span class='ocrx_word' id='word_1_244' title='bbox 536 1940 655 1994; x_wconf 63' lang='lat' dir='ltr'><strong>qua:</strong></span> <span class='ocrx_word' id='word_1_245' title='bbox 685 1941 814 1981; x_wconf 85' lang='lat' dir='ltr'><strong>vero</strong></span> <span class='ocrx_word' id='word_1_246' title='bbox 867 1929 1130 1998; x_wconf 85' lang='lat' dir='ltr'><strong>majorem</strong></span> <span class='ocrx_word' id='word_1_247' title='bbox 1181 1931 1410 2001; x_wconf 79' lang='lat' dir='ltr'><strong>gloriam</strong></span> <span class='ocrx_word' id='word_1_248' title='bbox 1450 1932 1674 1999; x_wconf 83' lang='lat' dir='ltr'><strong>habent,</strong></span> <span class='ocrx_word' id='word_1_249' title='bbox 1733 1947 1798 1987; x_wconf 90' lang='lat' dir='ltr'><strong>ac</strong></span> <span class='ocrx_word' id='word_1_250' title='bbox 1842 1931 2095 1986; x_wconf 73' lang='lat' dir='ltr'><strong>divinior:</strong></span> 
     </span>
    </p>
   </div>
   <div class='ocr_carea' id='block_1_35' title="bbox 2205 1910 3819 2001">
    <p class='ocr_par' dir='ltr' id='par_1_35' title="bbox 2212 1926 3819 2000">
     <span class='ocr_line' id='line_1_35' title="bbox 2212 1926 3819 2000; baseline -0.002 -16"><span class='ocrx_word' id='word_1_251' title='bbox 2212 1931 2468 1986; x_wconf 82' lang='grc' dir='ltr'>ἁπάντων</span> <span class='ocrx_word' id='word_1_252' title='bbox 2511 1929 2618 1984; x_wconf 83' lang='grc' dir='ltr'><strong>τῶν</strong></span> <span class='ocrx_word' id='word_1_253' title='bbox 2662 1929 2832 1982; x_wconf 74' lang='grc' dir='ltr'>ἐθνῶν</span> <span class='ocrx_word' id='word_1_254' title='bbox 2866 1930 2946 1994; x_wconf 73' lang='grc' dir='ltr'><strong>εἰς</strong></span> <span class='ocrx_word' id='word_1_255' title='bbox 2987 1927 3148 2000; x_wconf 81' lang='grc' dir='ltr'>ἔργον</span> <span class='ocrx_word' id='word_1_256' title='bbox 3195 1927 3498 2000; x_wconf 87' lang='grc' dir='ltr'>χωρήσασα</span> <span class='ocrx_word' id='word_1_257' title='bbox 3528 1927 3602 1980; x_wconf 86' lang='grc' dir='ltr'><strong>δι’</strong></span> <span class='ocrx_word' id='word_1_258' title='bbox 3634 1926 3819 1980; x_wconf 80' lang='grc' dir='ltr'>αὑτοῦ</span> 
     </span>
    </p>
   </div>
   <div class='ocr_carea' id='block_1_36' title="bbox 535 2016 2105 2089">
    <p class='ocr_par' dir='ltr' id='par_1_36' title="bbox 535 2016 2105 2089">
     <span class='ocr_line' id='line_1_36' title="bbox 535 2016 2105 2089; baseline 0.004 -21"><span class='ocrx_word' id='word_1_259' title='bbox 535 2023 683 2078; x_wconf 91' lang='lat' dir='ltr'><strong>sunt,</strong></span> <span class='ocrx_word' id='word_1_260' title='bbox 716 2016 895 2071; x_wconf 91' lang='lat' dir='ltr'><strong>adhuc</strong></span> <span class='ocrx_word' id='word_1_261' title='bbox 936 2034 1110 2089; x_wconf 85' lang='lat' dir='ltr'><strong>usque</strong></span> <span class='ocrx_word' id='word_1_262' title='bbox 1170 2021 1239 2076; x_wconf 90' lang='lat' dir='ltr'><strong>ad</strong></span> <span class='ocrx_word' id='word_1_263' title='bbox 1294 2023 1595 2078; x_wconf 89' lang='lat' dir='ltr'><strong>secundum</strong></span> <span class='ocrx_word' id='word_1_264' title='bbox 1641 2022 1788 2078; x_wconf 88' lang='lat' dir='ltr'><strong>illius</strong></span> <span class='ocrx_word' id='word_1_265' title='bbox 1817 2023 2105 2077; x_wconf 84' lang='lat' dir='ltr'><strong>adventum</strong></span> 
     </span>
    </p>
   </div>
   <div class='ocr_carea' id='block_1_37' title="bbox 535 2109 2101 2178">
    <p class='ocr_par' dir='ltr' id='par_1_37' title="bbox 535 2109 2101 2178">
     <span class='ocr_line' id='line_1_37' title="bbox 535 2109 2101 2178; baseline 0.004 -16"><span class='ocrx_word' id='word_1_266' title='bbox 535 2116 942 2178; x_wconf 74' lang='lat' dir='ltr'><strong>exspectantur.</strong></span> <span class='ocrx_word' id='word_1_267' title='bbox 975 2109 1182 2166; x_wconf 91' lang='lat' dir='ltr'><strong>Prioris</strong></span> <span class='ocrx_word' id='word_1_268' title='bbox 1232 2121 1416 2168; x_wconf 88' lang='lat' dir='ltr'><strong>autem</strong></span> <span class='ocrx_word' id='word_1_269' title='bbox 1456 2113 1852 2170; x_wconf 84' lang='lat' dir='ltr'><strong>demonstratio</strong></span> <span class='ocrx_word' id='word_1_270' title='bbox 1878 2113 2101 2169; x_wconf 85' lang='lat' dir='ltr'><strong>eviden-</strong></span> 
     </span>
    </p>
   </div>
   <div class='ocr_carea' id='block_1_38' title="bbox 535 2201 2102 2278">
    <p class='ocr_par' dir='ltr' id='par_1_38' title="bbox 535 2201 2102 2278">
     <span class='ocr_line' id='line_1_38' title="bbox 535 2201 2102 2278; baseline 0.004 -24"><span class='ocrx_word' id='word_1_271' title='bbox 535 2201 743 2257; x_wconf 81' lang='lat' dir='ltr'><strong>tissima</strong></span> <span class='ocrx_word' id='word_1_272' title='bbox 773 2202 865 2258; x_wconf 88' lang='lat' dir='ltr'><strong>Dei</strong></span> <span class='ocrx_word' id='word_1_273' title='bbox 895 2204 1083 2274; x_wconf 90' lang='lat' dir='ltr'><strong>utique</strong></span> <span class='ocrx_word' id='word_1_274' title='bbox 1113 2219 1210 2275; x_wconf 87' lang='lat' dir='ltr'><strong>per</strong></span> <span class='ocrx_word' id='word_1_275' title='bbox 1243 2205 1396 2260; x_wconf 93' lang='lat' dir='ltr'><strong>illum</strong></span> <span class='ocrx_word' id='word_1_276' title='bbox 1429 2207 1482 2261; x_wconf 89' lang='lat' dir='ltr'><strong>in</strong></span> <span class='ocrx_word' id='word_1_277' title='bbox 1533 2222 1726 2262; x_wconf 90' lang='lat' dir='ltr'><strong>omnes</strong></span> <span class='ocrx_word' id='word_1_278' title='bbox 1755 2215 1942 2277; x_wconf 81' lang='lat' dir='ltr'><strong>gentes</strong></span> <span class='ocrx_word' id='word_1_279' title='bbox 1974 2221 2102 2278; x_wconf 90' lang='lat' dir='ltr'><strong>pro-</strong></span> 
     </span>
    </p>
   </div>
   <div class='ocr_carea' id='block_1_39' title="bbox 532 2297 2102 2370">
    <p class='ocr_par' dir='ltr' id='par_1_39' title="bbox 532 2297 2102 2370">
     <span class='ocr_line' id='line_1_39' title="bbox 532 2297 2102 2370; baseline 0.004 -22"><span class='ocrx_word' id='word_1_280' title='bbox 532 2309 738 2366; x_wconf 84' lang='lat' dir='ltr'><strong>gressa,</strong></span> <span class='ocrx_word' id='word_1_281' title='bbox 790 2305 844 2351; x_wconf 91' lang='lat' dir='ltr'><strong>et</strong></span> <span class='ocrx_word' id='word_1_282' title='bbox 889 2297 1069 2366; x_wconf 88' lang='lat' dir='ltr'><strong>rcipsa</strong></span> <span class='ocrx_word' id='word_1_283' title='bbox 1121 2297 1395 2352; x_wconf 89' lang='lat' dir='ltr'><strong>declarata</strong></span> <span class='ocrx_word' id='word_1_284' title='bbox 1425 2299 1686 2370; x_wconf 76' lang='lat' dir='ltr'><strong>cognitio,</strong></span> <span class='ocrx_word' id='word_1_285' title='bbox 1738 2313 1902 2369; x_wconf 91' lang='lat' dir='ltr'><strong>quam</strong></span> <span class='ocrx_word' id='word_1_286' title='bbox 1935 2299 2102 2355; x_wconf 82' lang='lat' dir='ltr'><strong>variis</strong></span> 
     </span>
    </p>
   </div>
   <div class='ocr_carea' id='block_1_40' title="bbox 2213 2018 3823 2093">
    <p class='ocr_par' dir='ltr' id='par_1_40' title="bbox 2213 2018 3823 2093">
     <span class='ocr_line' id='line_1_40' title="bbox 2213 2018 3823 2093; baseline -0.001 -19"><span class='ocrx_word' id='word_1_287' title='bbox 2213 2022 2528 2092; x_wconf 84' lang='grc' dir='ltr'>θεογνωσία,</span> <span class='ocrx_word' id='word_1_288' title='bbox 2565 2022 2632 2093; x_wconf 80' lang='grc' dir='ltr'>ἢν</span> <span class='ocrx_word' id='word_1_289' title='bbox 2661 2021 2928 2093; x_wconf 73' lang='grc' dir='ltr'>διαφόρως</span> <span class='ocrx_word' id='word_1_290' title='bbox 2964 2020 3151 2092; x_wconf 83' lang='grc' dir='ltr'>μυρίαι</span> <span class='ocrx_word' id='word_1_291' title='bbox 3184 2018 3496 2084; x_wconf 80' lang='grc' dir='ltr'>θεσπίζουσι</span> <span class='ocrx_word' id='word_1_292' title='bbox 3527 2035 3823 2093; x_wconf 77' lang='grc' dir='ltr'>προφητι-</span> 
     </span>
    </p>
   </div>
   <div class='ocr_carea' id='block_1_41' title="bbox 2210 2106 3818 2184">
    <p class='ocr_par' dir='ltr' id='par_1_41' title="bbox 2210 2106 3818 2184">
     <span class='ocr_line' id='line_1_41' title="bbox 2210 2106 3818 2184; baseline -0.001 -18"><span class='ocrx_word' id='word_1_293' title='bbox 2210 2115 2301 2166; x_wconf 86' lang='grc' dir='ltr'>κα“ι</span> <span class='ocrx_word' id='word_1_294' title='bbox 2323 2114 2516 2184; x_wconf 79' lang='grc' dir='ltr'>φωναὶ,</span> <span class='ocrx_word' id='word_1_295' title='bbox 2547 2111 2852 2184; x_wconf 86' lang='grc' dir='ltr'>ὠσπεροῦν,</span> <span class='ocrx_word' id='word_1_296' title='bbox 2880 2112 2974 2164; x_wconf 77' lang='grc' dir='ltr'>καὶ</span> <span class='ocrx_word' id='word_1_297' title='bbox 3001 2113 3035 2182; x_wconf 79' lang='grc' dir='ltr'>ὴ</span> <span class='ocrx_word' id='word_1_298' title='bbox 3067 2109 3338 2183; x_wconf 84' lang='grc' dir='ltr'>παροῦσα,</span> <span class='ocrx_word' id='word_1_299' title='bbox 3374 2111 3440 2164; x_wconf 89' lang='grc' dir='ltr'><strong>δι’</strong></span> <span class='ocrx_word' id='word_1_300' title='bbox 3465 2106 3532 2182; x_wconf 81' lang='grc' dir='ltr'>ἧς</span> <span class='ocrx_word' id='word_1_301' title='bbox 3555 2110 3818 2184; x_wconf 80' lang='grc' dir='ltr'>εἴρηται,</span> 
     </span>
    </p>
   </div>
   <div class='ocr_carea' id='block_1_42' title="bbox 2206 2200 3820 2277">
    <p class='ocr_par' dir='ltr' id='par_1_42' title="bbox 2206 2200 3820 2277">
     <span class='ocr_line' id='line_1_42' title="bbox 2206 2200 3820 2277; baseline -0.001 -18"><span class='ocrx_word' id='word_1_302' title='bbox 2206 2200 2267 2259; x_wconf 78' lang='grc' dir='ltr'><strong>οῦ</strong></span> <span class='ocrx_word' id='word_1_303' title='bbox 2301 2207 2564 2277; x_wconf 76' lang='grc' dir='ltr'>εἴπαμεν·</span> <span class='ocrx_word' id='word_1_304' title='bbox 2613 2224 2633 2257; x_wconf 77' lang='grc' dir='ltr'><strong>ι</strong></span> <span class='ocrx_word' id='word_1_305' title='bbox 2679 2206 2765 2260; x_wconf 87' lang='grc' dir='ltr'>Ἐν</span> <span class='ocrx_word' id='word_1_306' title='bbox 2803 2206 2869 2275; x_wconf 79' lang='grc' dir='ltr'>τῇ</span> <span class='ocrx_word' id='word_1_307' title='bbox 2903 2205 3031 2274; x_wconf 73' lang='grc' dir='ltr'>σκιᾷ</span> <span class='ocrx_word' id='word_1_308' title='bbox 3058 2201 3224 2256; x_wconf 81' lang='grc' dir='ltr'>αὑτοῦ</span> <span class='ocrx_word' id='word_1_309' title='bbox 3285 2203 3562 2275; x_wconf 81' lang='grc' dir='ltr'>ζησόμεθα</span> <span class='ocrx_word' id='word_1_310' title='bbox 3595 2205 3656 2258; x_wconf 84' lang='grc' dir='ltr'>ὲν</span> <span class='ocrx_word' id='word_1_311' title='bbox 3696 2206 3820 2268; x_wconf 81' lang='grc' dir='ltr'>τοῖς</span> 
     </span>
    </p>
   </div>
   <div class='ocr_carea' id='block_1_43' title="bbox 2210 2299 2469 2353">
    <p class='ocr_par' dir='ltr' id='par_1_43' title="bbox 2210 2299 2469 2353">
     <span class='ocr_line' id='line_1_43' title="bbox 2210 2299 2469 2353; baseline -0.008 0"><span class='ocrx_word' id='word_1_312' title='bbox 2210 2299 2408 2353; x_wconf 83' lang='grc' dir='ltr'>ἔθνεσι.</span> <span class='ocrx_word' id='word_1_313' title='bbox 2451 2319 2469 2351; x_wconf 73' lang='grc' dir='ltr'><strong>ι</strong></span> 
     </span>
    </p>
   </div>
   <div class='ocr_carea' id='block_1_44' title="bbox 530 2388 3810 2466">
    <p class='ocr_par' dir='ltr' id='par_1_44' title="bbox 530 2388 3810 2466">
     <span class='ocr_line' id='line_1_44' title="bbox 530 2388 3810 2466; baseline 0.002 -25"><span class='ocrx_word' id='word_1_314' title='bbox 530 2388 871 2458; x_wconf 84' lang='lat' dir='ltr'><strong>diversisque</strong></span> <span class='ocrx_word' id='word_1_315' title='bbox 895 2390 1071 2446; x_wconf 90' lang='lat' dir='ltr'><strong>modis</strong></span> <span class='ocrx_word' id='word_1_316' title='bbox 1094 2391 1523 2448; x_wconf 86' lang='lat' dir='ltr'><strong>innumerabiles</strong></span> <span class='ocrx_word' id='word_1_317' title='bbox 1546 2402 1752 2448; x_wconf 85' lang='lat' dir='ltr'><strong>canunt</strong></span> <span class='ocrx_word' id='word_1_318' title='bbox 1779 2395 2110 2466; x_wconf 67' lang='lat' dir='ltr'><strong>prophetiae</strong></span> <span class='ocrx_word' id='word_1_319' title='bbox 2146 2410 2334 2460; x_wconf 77' lang='lat' dir='ltr'><strong>voces,</strong></span> <span class='ocrx_word' id='word_1_320' title='bbox 2371 2395 2517 2451; x_wconf 91' lang='lat' dir='ltr'><strong>sicut</strong></span> <span class='ocrx_word' id='word_1_321' title='bbox 2541 2395 2622 2449; x_wconf 75' lang='lat' dir='ltr'><strong>vel</strong></span> <span class='ocrx_word' id='word_1_322' title='bbox 2657 2408 2719 2449; x_wconf 92' lang='lat' dir='ltr'><strong>ea</strong></span> <span class='ocrx_word' id='word_1_323' title='bbox 2750 2393 3164 2464; x_wconf 89' lang='lat' dir='ltr'><strong>quamproxime</strong></span> <span class='ocrx_word' id='word_1_324' title='bbox 3206 2392 3520 2458; x_wconf 88' lang='lat' dir='ltr'><strong>citavimus,</strong></span> <span class='ocrx_word' id='word_1_325' title='bbox 3573 2392 3632 2448; x_wconf 90' lang='lat' dir='ltr'><strong>in</strong></span> <span class='ocrx_word' id='word_1_326' title='bbox 3690 2407 3810 2463; x_wconf 83' lang='lat' dir='ltr'><strong>qua</strong></span> 
     </span>
    </p>
   </div>
   <div class='ocr_carea' id='block_1_45' title="bbox 529 2483 3256 2561">
    <p class='ocr_par' dir='ltr' id='par_1_45' title="bbox 529 2483 3256 2561">
     <span class='ocr_line' id='line_1_45' title="bbox 529 2483 3256 2561; baseline 0.001 -23"><span class='ocrx_word' id='word_1_327' title='bbox 529 2483 690 2538; x_wconf 81' lang='lat' dir='ltr'><strong>verba</strong></span> <span class='ocrx_word' id='word_1_328' title='bbox 724 2485 816 2538; x_wconf 89' lang='lat' dir='ltr'><strong>illa</strong></span> <span class='ocrx_word' id='word_1_329' title='bbox 852 2487 1310 2553; x_wconf 88' lang='lat' dir='ltr'><strong>continebantur,</strong></span> <span class='ocrx_word' id='word_1_330' title='bbox 1365 2488 1433 2544; x_wconf 91' lang='lat' dir='ltr'><strong>de</strong></span> <span class='ocrx_word' id='word_1_331' title='bbox 1493 2505 1604 2560; x_wconf 91' lang='lat' dir='ltr'><strong>quo</strong></span> <span class='ocrx_word' id='word_1_332' title='bbox 1655 2491 1932 2547; x_wconf 81' lang='lat' dir='ltr'><strong>diximus:</strong></span> <span class='ocrx_word' id='word_1_333' title='bbox 1969 2511 1988 2544; x_wconf 78' lang='grc' dir='ltr'><strong>ι</strong></span> <span class='ocrx_word' id='word_1_334' title='bbox 2029 2491 2087 2546; x_wconf 92' lang='lat' dir='ltr'><strong>In</strong></span> <span class='ocrx_word' id='word_1_335' title='bbox 2126 2493 2319 2547; x_wconf 87' lang='lat' dir='ltr'><strong>umbra</strong></span> <span class='ocrx_word' id='word_1_336' title='bbox 2353 2491 2528 2561; x_wconf 89' lang='lat' dir='ltr'><strong>ipsius</strong></span> <span class='ocrx_word' id='word_1_337' title='bbox 2553 2490 2798 2546; x_wconf 86' lang='lat' dir='ltr'><strong>vivemus</strong></span> <span class='ocrx_word' id='word_1_338' title='bbox 2831 2489 2888 2543; x_wconf 91' lang='lat' dir='ltr'><strong>in</strong></span> <span class='ocrx_word' id='word_1_339' title='bbox 2919 2489 3196 2561; x_wconf 81' lang='lat' dir='ltr'><strong>gentibus.</strong></span> <span class='ocrx_word' id='word_1_340' title='bbox 3237 2507 3256 2540; x_wconf 72' lang='grc' dir='ltr'><strong>ι</strong></span> 
     </span>
    </p>
   </div>
   <div class='ocr_carea' id='block_1_46' title="bbox 528 2599 2106 2673">
    <p class='ocr_par' dir='ltr' id='par_1_46' title="bbox 528 2599 2106 2673">
     <span class='ocr_line' id='line_1_46' title="bbox 528 2599 2106 2673; baseline 0.006 -18"><span class='ocrx_word' id='word_1_341' title='bbox 528 2599 682 2670; x_wconf 79' lang='lat'><strong>191</strong></span> <span class='ocrx_word' id='word_1_342' title='bbox 720 2601 762 2654; x_wconf 83' lang='lat' dir='ltr'><strong><em>A</em></strong></span> <span class='ocrx_word' id='word_1_343' title='bbox 791 2603 962 2670; x_wconf 84' lang='lat' dir='ltr'><strong>primo</strong></span> <span class='ocrx_word' id='word_1_344' title='bbox 992 2603 1206 2673; x_wconf 80' lang='lat' dir='ltr'><strong>Regum.</strong></span> <span class='ocrx_word' id='word_1_345' title='bbox 1226 2635 1295 2645; x_wconf 91' lang='lat'><strong><em>—</em></strong></span> <span class='ocrx_word' id='word_1_346' title='bbox 1326 2605 1569 2662; x_wconf 75' lang='lat' dir='ltr'><strong>Christus</strong></span> <span class='ocrx_word' id='word_1_347' title='bbox 1595 2611 1906 2664; x_wconf 79' lang='lat' dir='ltr'><strong>nominatim</strong></span> <span class='ocrx_word' id='word_1_348' title='bbox 1932 2627 1964 2664; x_wconf 90' lang='lat' dir='ltr'><strong>a</strong></span> <span class='ocrx_word' id='word_1_349' title='bbox 1999 2609 2106 2665; x_wconf 86' lang='lat' dir='ltr'><strong>Do-</strong></span> 
     </span>
    </p>
   </div>
   <div class='ocr_carea' id='block_1_47' title="bbox 967 2675 1644 2734">
    <p class='ocr_par' dir='ltr' id='par_1_47' title="bbox 967 2675 1644 2734">
     <span class='ocr_line' id='line_1_47' title="bbox 967 2675 1644 2734; baseline 0.012 -9"><span class='ocrx_word' id='word_1_350' title='bbox 967 2676 1110 2728; x_wconf 86' lang='lat' dir='ltr'><strong>mino</strong></span> <span class='ocrx_word' id='word_1_351' title='bbox 1145 2675 1308 2730; x_wconf 87' lang='lat' dir='ltr'><strong>Patre</strong></span> <span class='ocrx_word' id='word_1_352' title='bbox 1351 2679 1644 2734; x_wconf 75' lang='lat' dir='ltr'><strong>exattatur.</strong></span> 
     </span>
    </p>
   </div>
   <div class='ocr_carea' id='block_1_48' title="bbox 598 2781 2100 2867">
    <p class='ocr_par' dir='ltr' id='par_1_48' title="bbox 598 2781 2100 2867">
     <span class='ocr_line' id='line_1_48' title="bbox 598 2781 2100 2867; baseline 0.014 -35"><span class='ocrx_word' id='word_1_353' title='bbox 598 2800 617 2832; x_wconf 74' lang='grc' dir='ltr'><strong>ε</strong></span> <span class='ocrx_word' id='word_1_354' title='bbox 667 2781 928 2840; x_wconf 89' lang='lat' dir='ltr'><strong>Dominus</strong></span> <span class='ocrx_word' id='word_1_355' title='bbox 961 2789 1207 2844; x_wconf 87' lang='lat' dir='ltr'><strong>ascendit</strong></span> <span class='ocrx_word' id='word_1_356' title='bbox 1236 2789 1290 2843; x_wconf 92' lang='lat' dir='ltr'><strong>in</strong></span> <span class='ocrx_word' id='word_1_357' title='bbox 1337 2791 1506 2846; x_wconf 71' lang='lat' dir='ltr'><strong>caelos</strong></span> <span class='ocrx_word' id='word_1_358' title='bbox 1537 2802 1592 2848; x_wconf 90' lang='lat' dir='ltr'><strong>et</strong></span> <span class='ocrx_word' id='word_1_359' title='bbox 1618 2795 1793 2850; x_wconf 89' lang='lat' dir='ltr'><strong>tonuit</strong></span> <span class='ocrx_word' id='word_1_360' title='bbox 1824 2815 1836 2850; x_wconf 91' lang='lat'>:</span> <span class='ocrx_word' id='word_1_361' title='bbox 1866 2795 1980 2867; x_wconf 92' lang='lat' dir='ltr'><strong>ipse</strong></span> <span class='ocrx_word' id='word_1_362' title='bbox 2007 2796 2100 2866; x_wconf 90' lang='lat' dir='ltr'><strong>ju-</strong></span> 
     </span>
    </p>
   </div>
   <div class='ocr_carea' id='block_1_49' title="bbox 522 2875 2099 2962">
    <p class='ocr_par' dir='ltr' id='par_1_49' title="bbox 522 2875 2099 2962">
     <span class='ocr_line' id='line_1_49' title="bbox 522 2875 2099 2962; baseline 0.012 -34"><span class='ocrx_word' id='word_1_363' title='bbox 522 2875 727 2932; x_wconf 85' lang='lat' dir='ltr'><strong>dicabit</strong></span> <span class='ocrx_word' id='word_1_364' title='bbox 753 2887 996 2934; x_wconf 88' lang='lat' dir='ltr'><strong>extrema</strong></span> <span class='ocrx_word' id='word_1_365' title='bbox 1020 2889 1198 2944; x_wconf 66' lang='lat' dir='ltr'><strong>terrae.</strong></span> <span class='ocrx_word' id='word_1_366' title='bbox 1223 2883 1317 2953; x_wconf 90' lang='lat' dir='ltr'><strong>qui</strong></span> <span class='ocrx_word' id='word_1_367' title='bbox 1348 2885 1440 2938; x_wconf 88' lang='lat' dir='ltr'><strong>dat</strong></span> <span class='ocrx_word' id='word_1_368' title='bbox 1473 2885 1846 2944; x_wconf 81' lang='lat' dir='ltr'><strong>fortitudinem</strong></span> <span class='ocrx_word' id='word_1_369' title='bbox 1878 2891 2099 2962; x_wconf 81' lang='lat' dir='ltr'><strong>regibus</strong></span> 
     </span>
    </p>
   </div>
   <div class='ocr_carea' id='block_1_50' title="bbox 523 2974 2100 3039">
    <p class='ocr_par' dir='ltr' id='par_1_50' title="bbox 523 2974 2100 3039">
     <span class='ocr_line' id='line_1_50' title="bbox 523 2974 2100 3039; baseline 0.012 -18"><span class='ocrx_word' id='word_1_370' title='bbox 523 2974 748 3036; x_wconf 90' lang='lat' dir='ltr'><strong>nostris,</strong></span> <span class='ocrx_word' id='word_1_371' title='bbox 782 2981 835 3026; x_wconf 92' lang='lat' dir='ltr'><strong>et</strong></span> <span class='ocrx_word' id='word_1_372' title='bbox 860 2974 1123 3028; x_wconf 80' lang='lat' dir='ltr'><strong>exaltabit</strong></span> <span class='ocrx_word' id='word_1_373' title='bbox 1155 2990 1326 3030; x_wconf 93' lang='lat' dir='ltr'><strong>cornu</strong></span> <span class='ocrx_word' id='word_1_374' title='bbox 1357 2977 1560 3034; x_wconf 88' lang='lat' dir='ltr'><strong>Christi</strong></span> <span class='ocrx_word' id='word_1_375' title='bbox 1591 2981 1676 3036; x_wconf 91' lang='lat' dir='ltr'><strong>sui</strong></span> <span class='ocrx_word' id='word_1_376' title='bbox 1703 2983 1769 3036; x_wconf 74' lang='grc'><strong>⁸⁸.</strong></span> <span class='ocrx_word' id='word_1_377' title='bbox 1804 3002 1823 3034; x_wconf 73' lang='grc' dir='ltr'><strong>ι</strong></span> <span class='ocrx_word' id='word_1_378' title='bbox 1859 2981 2100 3039; x_wconf 80' lang='lat' dir='ltr'><strong>Restitu-</strong></span> 
     </span>
    </p>
   </div>
   <div class='ocr_carea' id='block_1_51' title="bbox 521 3062 2100 3132">
    <p class='ocr_par' dir='ltr' id='par_1_51' title="bbox 521 3062 2100 3132">
     <span class='ocr_line' id='line_1_51' title="bbox 521 3062 2100 3132; baseline 0.013 -20"><span class='ocrx_word' id='word_1_379' title='bbox 521 3062 725 3116; x_wconf 90' lang='lat' dir='ltr'><strong>tionem</strong></span> <span class='ocrx_word' id='word_1_380' title='bbox 787 3063 841 3117; x_wconf 90' lang='lat' dir='ltr'><strong>in</strong></span> <span class='ocrx_word' id='word_1_381' title='bbox 897 3067 1094 3119; x_wconf 73' lang='lat' dir='ltr'><strong>cmlum</strong></span> <span class='ocrx_word' id='word_1_382' title='bbox 1149 3083 1344 3125; x_wconf 81' lang='lat' dir='ltr'><strong>rursus</strong></span> <span class='ocrx_word' id='word_1_383' title='bbox 1396 3071 1717 3127; x_wconf 83' lang='lat' dir='ltr'><strong>nominatim</strong></span> <span class='ocrx_word' id='word_1_384' title='bbox 1753 3075 1956 3130; x_wconf 81' lang='lat' dir='ltr'><strong>Christi</strong></span> <span class='ocrx_word' id='word_1_385' title='bbox 2004 3085 2100 3132; x_wconf 87' lang='lat' dir='ltr'><strong>aut</strong></span> 
     </span>
    </p>
   </div>
   <div class='ocr_carea' id='block_1_52' title="bbox 519 3153 2091 3238">
    <p class='ocr_par' dir='ltr' id='par_1_52' title="bbox 519 3153 2091 3238">
     <span class='ocr_line' id='line_1_52' title="bbox 519 3153 2091 3238; baseline 0.012 -33"><span class='ocrx_word' id='word_1_386' title='bbox 519 3153 683 3207; x_wconf 89' lang='lat' dir='ltr'><strong>etiam</strong></span> <span class='ocrx_word' id='word_1_387' title='bbox 725 3154 820 3210; x_wconf 89' lang='lat' dir='ltr'><strong>Dei</strong></span> <span class='ocrx_word' id='word_1_388' title='bbox 879 3159 1160 3213; x_wconf 88' lang='lat' dir='ltr'><strong>oraculum</strong></span> <span class='ocrx_word' id='word_1_389' title='bbox 1192 3161 1460 3232; x_wconf 82' lang='lat' dir='ltr'><strong>intelligit,</strong></span> <span class='ocrx_word' id='word_1_390' title='bbox 1495 3164 1849 3238; x_wconf 88' lang='lat' dir='ltr'><strong>ejusdemque</strong></span> <span class='ocrx_word' id='word_1_391' title='bbox 1884 3169 2091 3224; x_wconf 84' lang='lat' dir='ltr'><strong>doctri-</strong></span> 
     </span>
    </p>
   </div>
   <div class='ocr_carea' id='block_1_53' title="bbox 2224 2606 3814 2679">
    <p class='ocr_par' dir='ltr' id='par_1_53' title="bbox 2224 2606 3814 2679">
     <span class='ocr_line' id='line_1_53' title="bbox 2224 2606 3814 2679; baseline -0.002 -16"><span class='ocrx_word' id='word_1_392' title='bbox 2224 2610 2357 2664; x_wconf 77' lang='grc' dir='ltr'><strong>Ἀπὸ</strong></span> <span class='ocrx_word' id='word_1_393' title='bbox 2379 2609 2486 2677; x_wconf 82' lang='grc' dir='ltr'>τῆς</span> <span class='ocrx_word' id='word_1_394' title='bbox 2516 2609 2749 2679; x_wconf 76' lang='grc' dir='ltr'>πρώτης</span> <span class='ocrx_word' id='word_1_395' title='bbox 2767 2607 2886 2663; x_wconf 81' lang='grc' dir='ltr'><strong>τῶν</strong></span> <span class='ocrx_word' id='word_1_396' title='bbox 2923 2608 3276 2674; x_wconf 70' lang='grc' dir='ltr'>βασιλειῶν.</span> <span class='ocrx_word' id='word_1_397' title='bbox 3295 2639 3362 2650; x_wconf 92' lang='grc'><strong>-</strong></span> <span class='ocrx_word' id='word_1_398' title='bbox 3377 2606 3632 2676; x_wconf 74' lang='grc' dir='ltr'>Χριστὸς</span> <span class='ocrx_word' id='word_1_399' title='bbox 3662 2608 3814 2661; x_wconf 76' lang='grc' dir='ltr'><strong>ὀνο-</strong></span> 
     </span>
    </p>
   </div>
   <div class='ocr_carea' id='block_1_54' title="bbox 2345 2679 3741 2751">
    <p class='ocr_par' dir='ltr' id='par_1_54' title="bbox 2345 2679 3741 2751">
     <span class='ocr_line' id='line_1_54' title="bbox 2345 2679 3741 2751; baseline -0.002 -17"><span class='ocrx_word' id='word_1_400' title='bbox 2345 2683 2531 2751; x_wconf 78' lang='grc' dir='ltr'>μαστὶ</span> <span class='ocrx_word' id='word_1_401' title='bbox 2558 2681 2676 2735; x_wconf 75' lang='grc' dir='ltr'><strong>ὑπὸ</strong></span> <span class='ocrx_word' id='word_1_402' title='bbox 2705 2681 2928 2748; x_wconf 79' lang='grc' dir='ltr'>Κυρίου</span> <span class='ocrx_word' id='word_1_403' title='bbox 2956 2679 3062 2733; x_wconf 87' lang='grc' dir='ltr'><strong>τοῦ</strong></span> <span class='ocrx_word' id='word_1_404' title='bbox 3093 2679 3325 2748; x_wconf 71' lang='grc' dir='ltr'>Πατρός</span> <span class='ocrx_word' id='word_1_405' title='bbox 3358 2680 3741 2749; x_wconf 70' lang='grc' dir='ltr'>ὺψούμενσς.</span> 
     </span>
    </p>
   </div>
   <div class='ocr_carea' id='block_1_55' title="bbox 2282 2791 3809 2866">
    <p class='ocr_par' dir='ltr' id='par_1_55' title="bbox 2282 2791 3809 2866">
     <span class='ocr_line' id='line_1_55' title="bbox 2282 2791 3809 2866; baseline -0.001 -20"><span class='ocrx_word' id='word_1_406' title='bbox 2282 2813 2300 2846; x_wconf 75' lang='grc' dir='ltr'><strong>ι</strong></span> <span class='ocrx_word' id='word_1_407' title='bbox 2330 2794 2532 2866; x_wconf 86' lang='grc' dir='ltr'>Κύριος</span> <span class='ocrx_word' id='word_1_408' title='bbox 2550 2793 2715 2865; x_wconf 89' lang='grc' dir='ltr'>ἀνέϐη</span> <span class='ocrx_word' id='word_1_409' title='bbox 2740 2794 2820 2857; x_wconf 80' lang='grc' dir='ltr'>εἰς</span> <span class='ocrx_word' id='word_1_410' title='bbox 2833 2793 3111 2866; x_wconf 82' lang='grc' dir='ltr'>οὐρανοὺς,</span> <span class='ocrx_word' id='word_1_411' title='bbox 3137 2792 3231 2845; x_wconf 77' lang='grc' dir='ltr'>καὶ</span> <span class='ocrx_word' id='word_1_412' title='bbox 3250 2791 3599 2864; x_wconf 77' lang='grc' dir='ltr'>ἐϐρόντησενο</span> <span class='ocrx_word' id='word_1_413' title='bbox 3628 2792 3809 2854; x_wconf 71' lang='grc' dir='ltr'>αὐτὸς</span> 
     </span>
    </p>
   </div>
   <div class='ocr_carea' id='block_1_56' title="bbox 2207 2881 3806 2958">
    <p class='ocr_par' dir='ltr' id='par_1_56' title="bbox 2207 2881 3806 2958">
     <span class='ocr_line' id='line_1_56' title="bbox 2207 2881 3806 2958; baseline -0.001 -20"><span class='ocrx_word' id='word_1_414' title='bbox 2207 2887 2383 2958; x_wconf 87' lang='grc' dir='ltr'>κρινεί</span> <span class='ocrx_word' id='word_1_415' title='bbox 2426 2885 2572 2955; x_wconf 86' lang='grc' dir='ltr'>ἄκρα</span> <span class='ocrx_word' id='word_1_416' title='bbox 2621 2885 2743 2955; x_wconf 86' lang='grc' dir='ltr'>γῆς,</span> <span class='ocrx_word' id='word_1_417' title='bbox 2788 2885 2882 2937; x_wconf 77' lang='grc' dir='ltr'>καὶ</span> <span class='ocrx_word' id='word_1_418' title='bbox 2925 2883 3084 2937; x_wconf 85' lang='grc' dir='ltr'>δώσει</span> <span class='ocrx_word' id='word_1_419' title='bbox 3134 2884 3286 2953; x_wconf 81' lang='grc' dir='ltr'>ἰσχὺν</span> <span class='ocrx_word' id='word_1_420' title='bbox 3322 2885 3435 2946; x_wconf 84' lang='grc' dir='ltr'>τοῖς</span> <span class='ocrx_word' id='word_1_421' title='bbox 3477 2881 3806 2952; x_wconf 78' lang='grc' dir='ltr'>βασιλεῦσιν</span> 
     </span>
    </p>
   </div>
   <div class='ocr_carea' id='block_1_57' title="bbox 2205 2973 3806 3047">
    <p class='ocr_par' dir='ltr' id='par_1_57' title="bbox 2205 2973 3806 3047">
     <span class='ocr_line' id='line_1_57' title="bbox 2205 2973 3806 3047; baseline -0.001 -19"><span class='ocrx_word' id='word_1_422' title='bbox 2205 2975 2382 3047; x_wconf 83' lang='grc' dir='ltr'>ἡμῶν,</span> <span class='ocrx_word' id='word_1_423' title='bbox 2435 2976 2528 3027; x_wconf 79' lang='grc' dir='ltr'>καὶ</span> <span class='ocrx_word' id='word_1_424' title='bbox 2567 2974 2769 3044; x_wconf 71' lang='grc' dir='ltr'>ὑψώσει</span> <span class='ocrx_word' id='word_1_425' title='bbox 2810 2975 2974 3046; x_wconf 84' lang='grc' dir='ltr'>κέρας</span> <span class='ocrx_word' id='word_1_426' title='bbox 3011 2973 3248 3047; x_wconf 80' lang='grc' dir='ltr'>Χριστοῦ</span> <span class='ocrx_word' id='word_1_427' title='bbox 3280 2973 3466 3027; x_wconf 83' lang='grc' dir='ltr'>αὐτοῦ.</span> <span class='ocrx_word' id='word_1_428' title='bbox 3505 2993 3524 3026; x_wconf 76' lang='grc' dir='ltr'><strong>ι</strong></span> <span class='ocrx_word' id='word_1_429' title='bbox 3565 2973 3682 3044; x_wconf 78' lang='grc' dir='ltr'><strong>Τὴν</strong></span> <span class='ocrx_word' id='word_1_430' title='bbox 3721 2973 3806 3038; x_wconf 78' lang='grc' dir='ltr'>εις</span> 
     </span>
    </p>
   </div>
   <div class='ocr_carea' id='block_1_58' title="bbox 2205 3063 3804 3140">
    <p class='ocr_par' dir='ltr' id='par_1_58' title="bbox 2205 3063 3804 3140">
     <span class='ocr_line' id='line_1_58' title="bbox 2205 3063 3804 3140; baseline -0.001 -20"><span class='ocrx_word' id='word_1_431' title='bbox 2205 3069 2467 3140; x_wconf 76' lang='grc' dir='ltr'>οὐρανοὺς</span> <span class='ocrx_word' id='word_1_432' title='bbox 2491 3068 2932 3121; x_wconf 82' lang='grc' dir='ltr'>ἀποκατάστασιν</span> <span class='ocrx_word' id='word_1_433' title='bbox 2961 3063 3114 3130; x_wconf 78' lang='grc' dir='ltr'>αὖθις</span> <span class='ocrx_word' id='word_1_434' title='bbox 3139 3067 3398 3133; x_wconf 74' lang='grc' dir='ltr'>ὀνομαστὶ</span> <span class='ocrx_word' id='word_1_435' title='bbox 3425 3066 3518 3119; x_wconf 87' lang='grc' dir='ltr'><strong>τοῦ</strong></span> <span class='ocrx_word' id='word_1_436' title='bbox 3547 3066 3804 3138; x_wconf 68' lang='grc' dir='ltr'>Χριστοῦ</span> 
     </span>
    </p>
   </div>
   <div class='ocr_carea' id='block_1_59' title="bbox 2200 3158 3801 3232">
    <p class='ocr_par' dir='ltr' id='par_1_59' title="bbox 2200 3158 3801 3232">
     <span class='ocr_line' id='line_1_59' title="bbox 2200 3158 3801 3232; baseline -0.001 -18"><span class='ocrx_word' id='word_1_437' title='bbox 2200 3160 2232 3232; x_wconf 76' lang='grc' dir='ltr'>ἢ</span> <span class='ocrx_word' id='word_1_438' title='bbox 2261 3161 2356 3214; x_wconf 81' lang='grc' dir='ltr'>καὶ</span> <span class='ocrx_word' id='word_1_439' title='bbox 2387 3160 2522 3213; x_wconf 88' lang='grc' dir='ltr'>Θεοῦ</span> <span class='ocrx_word' id='word_1_440' title='bbox 2553 3160 2708 3228; x_wconf 80' lang='grc' dir='ltr'>λόγος</span> <span class='ocrx_word' id='word_1_441' title='bbox 2736 3161 3050 3224; x_wconf 78' lang='grc' dir='ltr'>ἐπινοεῖται,</span> <span class='ocrx_word' id='word_1_442' title='bbox 3078 3162 3174 3232; x_wconf 87' lang='grc' dir='ltr'><strong>τήν</strong></span> <span class='ocrx_word' id='word_1_443' title='bbox 3193 3177 3252 3212; x_wconf 88' lang='grc' dir='ltr'><strong>τε</strong></span> <span class='ocrx_word' id='word_1_444' title='bbox 3275 3158 3598 3224; x_wconf 81' lang='grc' dir='ltr'>ἐξάκουστον</span> <span class='ocrx_word' id='word_1_445' title='bbox 3624 3159 3801 3231; x_wconf 85' lang='grc' dir='ltr'>βρον-</span> 
     </span>
    </p>
   </div>
   <div class='ocr_carea' id='block_1_60' title="bbox 519 3248 2095 3321">
    <p class='ocr_par' dir='ltr' id='par_1_60' title="bbox 519 3249 2095 3317">
     <span class='ocr_line' id='line_1_60' title="bbox 519 3249 2095 3317; baseline 0.012 -19"><span class='ocrx_word' id='word_1_446' title='bbox 519 3261 665 3310; x_wconf 77' lang='lat' dir='ltr'><strong>nam,</strong></span> <span class='ocrx_word' id='word_1_447' title='bbox 703 3263 823 3317; x_wconf 72' lang='lat' dir='ltr'><strong>qum</strong></span> <span class='ocrx_word' id='word_1_448' title='bbox 876 3249 1052 3306; x_wconf 89' lang='lat' dir='ltr'><strong>instar</strong></span> <span class='ocrx_word' id='word_1_449' title='bbox 1098 3253 1303 3309; x_wconf 87' lang='lat' dir='ltr'><strong>tonitru</strong></span> <span class='ocrx_word' id='word_1_450' title='bbox 1340 3256 1409 3311; x_wconf 82' lang='lat' dir='ltr'><strong>ab</strong></span> <span class='ocrx_word' id='word_1_451' title='bbox 1464 3257 1718 3313; x_wconf 88' lang='lat' dir='ltr'><strong>onmibus</strong></span> <span class='ocrx_word' id='word_1_452' title='bbox 1756 3261 2095 3316; x_wconf 79' lang='lat' dir='ltr'><strong>exaudienda</strong></span> 
     </span>
    </p>
   </div>
   <div class='ocr_carea' id='block_1_61' title="bbox 2205 3248 3801 3321">
    <p class='ocr_par' dir='ltr' id='par_1_61' title="bbox 2205 3249 3801 3321">
     <span class='ocr_line' id='line_1_61' title="bbox 2205 3249 3801 3321; baseline 0.001 -19"><span class='ocrx_word' id='word_1_453' title='bbox 2205 3249 2300 3320; x_wconf 82' lang='grc' dir='ltr'>τῆς</span> <span class='ocrx_word' id='word_1_454' title='bbox 2359 3249 2513 3319; x_wconf 81' lang='grc' dir='ltr'>δίκην</span> <span class='ocrx_word' id='word_1_455' title='bbox 2559 3251 2636 3312; x_wconf 74' lang='grc' dir='ltr'>εἰς</span> <span class='ocrx_word' id='word_1_456' title='bbox 2670 3251 2916 3314; x_wconf 76' lang='grc' dir='ltr'>ἅπαντας</span> <span class='ocrx_word' id='word_1_457' title='bbox 2954 3249 3297 3304; x_wconf 82' lang='grc' dir='ltr'>διδασκαλίαν</span> <span class='ocrx_word' id='word_1_458' title='bbox 3337 3249 3521 3314; x_wconf 83' lang='grc' dir='ltr'>αὐτοῦ,</span> <span class='ocrx_word' id='word_1_459' title='bbox 3555 3249 3648 3302; x_wconf 85' lang='grc' dir='ltr'><strong>καί</strong></span> <span class='ocrx_word' id='word_1_460' title='bbox 3691 3250 3801 3321; x_wconf 73' lang='grc' dir='ltr'><strong>τήν</strong></span> 
     </span>
    </p>
   </div>
   <div class='ocr_carea' id='block_1_62' title="bbox 517 3337 2095 3421">
    <p class='ocr_par' dir='ltr' id='par_1_62' title="bbox 517 3337 2095 3421">
     <span class='ocr_line' id='line_1_62' title="bbox 517 3337 2095 3421; baseline 0.01 -29"><span class='ocrx_word' id='word_1_461' title='bbox 517 3337 609 3402; x_wconf 82' lang='lat' dir='ltr'><strong>sit,</strong></span> <span class='ocrx_word' id='word_1_462' title='bbox 646 3338 773 3394; x_wconf 90' lang='lat' dir='ltr'><strong>item</strong></span> <span class='ocrx_word' id='word_1_463' title='bbox 805 3342 951 3411; x_wconf 91' lang='lat' dir='ltr'><strong>quod</strong></span> <span class='ocrx_word' id='word_1_464' title='bbox 993 3351 1179 3413; x_wconf 84' lang='lat' dir='ltr'><strong>postea</strong></span> <span class='ocrx_word' id='word_1_465' title='bbox 1212 3345 1452 3402; x_wconf 82' lang='lat' dir='ltr'><strong>futurum</strong></span> <span class='ocrx_word' id='word_1_466' title='bbox 1499 3357 1584 3405; x_wconf 85' lang='lat' dir='ltr'><strong>est</strong></span> <span class='ocrx_word' id='word_1_467' title='bbox 1615 3351 1859 3421; x_wconf 90' lang='lat' dir='ltr'><strong>ejusdem</strong></span> <span class='ocrx_word' id='word_1_468' title='bbox 1904 3361 2095 3409; x_wconf 88' lang='lat' dir='ltr'><strong>contra</strong></span> 
     </span>
    </p>
   </div>
   <div class='ocr_carea' id='block_1_63' title="bbox 514 3433 2095 3515">
    <p class='ocr_par' dir='ltr' id='par_1_63' title="bbox 514 3433 2095 3515">
     <span class='ocr_line' id='line_1_63' title="bbox 514 3433 2095 3515; baseline 0.011 -31"><span class='ocrx_word' id='word_1_469' title='bbox 514 3446 710 3487; x_wconf 89' lang='lat' dir='ltr'><strong>omnes</strong></span> <span class='ocrx_word' id='word_1_470' title='bbox 731 3433 1023 3501; x_wconf 89' lang='lat' dir='ltr'><strong>judicium.</strong></span> <span class='ocrx_word' id='word_1_471' title='bbox 1055 3435 1186 3495; x_wconf 82' lang='lat' dir='ltr'><strong>Post</strong></span> <span class='ocrx_word' id='word_1_472' title='bbox 1212 3439 1325 3495; x_wconf 66' lang='lat' dir='ltr'><strong>haec</strong></span> <span class='ocrx_word' id='word_1_473' title='bbox 1353 3449 1535 3498; x_wconf 89' lang='lat' dir='ltr'><strong>autem</strong></span> <span class='ocrx_word' id='word_1_474' title='bbox 1569 3445 1685 3515; x_wconf 88' lang='lat' dir='ltr'><strong>ipse</strong></span> <span class='ocrx_word' id='word_1_475' title='bbox 1709 3444 1970 3503; x_wconf 91' lang='lat' dir='ltr'><strong>Dominus</strong></span> <span class='ocrx_word' id='word_1_476' title='bbox 1998 3447 2095 3502; x_wconf 86' lang='lat' dir='ltr'><strong>da-</strong></span> 
     </span>
    </p>
   </div>
   <div class='ocr_carea' id='block_1_64' title="bbox 516 3525 2093 3601">
    <p class='ocr_par' dir='ltr' id='par_1_64' title="bbox 516 3525 2093 3601">
     <span class='ocr_line' id='line_1_64' title="bbox 516 3525 2093 3601; baseline 0.013 -27"><span class='ocrx_word' id='word_1_477' title='bbox 516 3528 676 3577; x_wconf 86' lang='lat' dir='ltr'><strong>turus</strong></span> <span class='ocrx_word' id='word_1_478' title='bbox 709 3525 881 3580; x_wconf 84' lang='lat' dir='ltr'><strong>robur</strong></span> <span class='ocrx_word' id='word_1_479' title='bbox 913 3526 1118 3584; x_wconf 87' lang='lat' dir='ltr'><strong>dicitur</strong></span> <span class='ocrx_word' id='word_1_480' title='bbox 1143 3531 1364 3601; x_wconf 80' lang='lat' dir='ltr'><strong>regibus</strong></span> <span class='ocrx_word' id='word_1_481' title='bbox 1403 3536 1627 3592; x_wconf 91' lang='lat' dir='ltr'><strong>nostris.</strong></span> <span class='ocrx_word' id='word_1_482' title='bbox 1661 3536 1724 3590; x_wconf 81' lang='lat' dir='ltr'><strong>Hi</strong></span> <span class='ocrx_word' id='word_1_483' title='bbox 1766 3554 1896 3594; x_wconf 90' lang='lat' dir='ltr'><strong>vero</strong></span> <span class='ocrx_word' id='word_1_484' title='bbox 1931 3546 2093 3595; x_wconf 89' lang='lat' dir='ltr'><strong>erunt</strong></span> 
     </span>
    </p>
   </div>
   <div class='ocr_carea' id='block_1_65' title="bbox 514 3615 2092 3700">
    <p class='ocr_par' dir='ltr' id='par_1_65' title="bbox 514 3615 2092 3700">
     <span class='ocr_line' id='line_1_65' title="bbox 514 3615 2092 3700; baseline 0.014 -34"><span class='ocrx_word' id='word_1_485' title='bbox 514 3615 746 3683; x_wconf 76' lang='lat' dir='ltr'><strong>apostoli</strong></span> <span class='ocrx_word' id='word_1_486' title='bbox 791 3617 1017 3682; x_wconf 74' lang='lat' dir='ltr'><strong>Christi,</strong></span> <span class='ocrx_word' id='word_1_487' title='bbox 1047 3619 1114 3674; x_wconf 90' lang='lat' dir='ltr'><strong>de</strong></span> <span class='ocrx_word' id='word_1_488' title='bbox 1141 3623 1340 3693; x_wconf 89' lang='lat' dir='ltr'><strong>quibus</strong></span> <span class='ocrx_word' id='word_1_489' title='bbox 1372 3625 1540 3682; x_wconf 88' lang='lat' dir='ltr'><strong>habes</strong></span> <span class='ocrx_word' id='word_1_490' title='bbox 1584 3628 1637 3683; x_wconf 89' lang='lat' dir='ltr'><strong>in</strong></span> <span class='ocrx_word' id='word_1_491' title='bbox 1689 3643 1834 3685; x_wconf 78' lang='lat' dir='ltr'><strong>uvn</strong></span> <span class='ocrx_word' id='word_1_492' title='bbox 1883 3631 2092 3700; x_wconf 87' lang='lat' dir='ltr'><strong>psalmo</strong></span> 
     </span>
    </p>
   </div>
   <div class='ocr_carea' id='block_1_66' title="bbox 514 3702 2090 3791">
    <p class='ocr_par' dir='ltr' id='par_1_66' title="bbox 514 3702 2090 3791">
     <span class='ocr_line' id='line_1_66' title="bbox 514 3702 2090 3791; baseline 0.014 -35"><span class='ocrx_word' id='word_1_493' title='bbox 514 3702 648 3758; x_wconf 81' lang='lat' dir='ltr'><strong>ihud</strong></span> <span class='ocrx_word' id='word_1_494' title='bbox 681 3707 727 3738; x_wconf 80' lang='grc'><strong>⁶⁶</strong></span> <span class='ocrx_word' id='word_1_495' title='bbox 762 3725 776 3762; x_wconf 89' lang='lat'><strong>:</strong></span> <span class='ocrx_word' id='word_1_496' title='bbox 811 3729 830 3760; x_wconf 83' lang='grc'><em>‹</em></span> <span class='ocrx_word' id='word_1_497' title='bbox 876 3707 1313 3770; x_wconf 87' lang='lat' dir='ltr'><strong>Dominusdabit</strong></span> <span class='ocrx_word' id='word_1_498' title='bbox 1337 3718 1560 3772; x_wconf 88' lang='lat' dir='ltr'><strong>verbum</strong></span> <span class='ocrx_word' id='word_1_499' title='bbox 1588 3722 2090 3791; x_wconf 86' lang='lat' dir='ltr'><strong>evangelizantibus</strong></span> 
     </span>
    </p>
   </div>
   <div class='ocr_carea' id='block_1_67' title="bbox 514 3795 2090 3878">
    <p class='ocr_par' dir='ltr' id='par_1_67' title="bbox 514 3795 2090 3878">
     <span class='ocr_line' id='line_1_67' title="bbox 514 3795 2090 3878; baseline 0.013 -31"><span class='ocrx_word' id='word_1_500' title='bbox 514 3795 716 3852; x_wconf 76' lang='lat' dir='ltr'><strong>virtute</strong></span> <span class='ocrx_word' id='word_1_501' title='bbox 741 3801 930 3855; x_wconf 88' lang='lat' dir='ltr'><strong>multa.</strong></span> <span class='ocrx_word' id='word_1_502' title='bbox 967 3822 985 3854; x_wconf 77' lang='grc' dir='ltr'><strong>ι</strong></span> <span class='ocrx_word' id='word_1_503' title='bbox 1024 3802 1078 3857; x_wconf 92' lang='lat' dir='ltr'><strong>ln</strong></span> <span class='ocrx_word' id='word_1_504' title='bbox 1109 3803 1212 3859; x_wconf 85' lang='lat' dir='ltr'><strong>hoc</strong></span> <span class='ocrx_word' id='word_1_505' title='bbox 1243 3823 1459 3878; x_wconf 90' lang='lat' dir='ltr'><strong>quoque</strong></span> <span class='ocrx_word' id='word_1_506' title='bbox 1485 3811 1808 3866; x_wconf 88' lang='lat' dir='ltr'><strong>nominatim</strong></span> <span class='ocrx_word' id='word_1_507' title='bbox 1834 3812 1901 3867; x_wconf 92' lang='lat' dir='ltr'><strong>de</strong></span> <span class='ocrx_word' id='word_1_508' title='bbox 1926 3812 2090 3868; x_wconf 87' lang='lat' dir='ltr'><strong>Chri-</strong></span> 
     </span>
    </p>
   </div>
   <div class='ocr_carea' id='block_1_68' title="bbox 515 3893 2090 3968">
    <p class='ocr_par' dir='ltr' id='par_1_68' title="bbox 515 3893 2090 3968">
     <span class='ocr_line' id='line_1_68' title="bbox 515 3893 2090 3968; baseline 0.011 -26"><span class='ocrx_word' id='word_1_509' title='bbox 515 3894 601 3942; x_wconf 86' lang='lat' dir='ltr'><strong>sto</strong></span> <span class='ocrx_word' id='word_1_510' title='bbox 635 3893 968 3946; x_wconf 86' lang='lat' dir='ltr'><strong>mentionem</strong></span> <span class='ocrx_word' id='word_1_511' title='bbox 998 3896 1150 3959; x_wconf 80' lang='lat' dir='ltr'><strong>facit,</strong></span> <span class='ocrx_word' id='word_1_512' title='bbox 1182 3899 1276 3968; x_wconf 92' lang='lat' dir='ltr'><strong>qui</strong></span> <span class='ocrx_word' id='word_1_513' title='bbox 1311 3908 1368 3954; x_wconf 89' lang='lat' dir='ltr'><strong>ut</strong></span> <span class='ocrx_word' id='word_1_514' title='bbox 1402 3901 1588 3967; x_wconf 90' lang='lat' dir='ltr'><strong>homo,</strong></span> <span class='ocrx_word' id='word_1_515' title='bbox 1620 3902 1873 3958; x_wconf 88' lang='lat' dir='ltr'><strong>Salvator</strong></span> <span class='ocrx_word' id='word_1_516' title='bbox 1905 3915 2090 3961; x_wconf 88' lang='lat' dir='ltr'><strong>noster</strong></span> 
     </span>
    </p>
   </div>
   <div class='ocr_carea' id='block_1_69' title="bbox 511 3979 2090 4061">
    <p class='ocr_par' dir='ltr' id='par_1_69' title="bbox 511 3979 2090 4061">
     <span class='ocr_line' id='line_1_69' title="bbox 511 3979 2090 4061; baseline 0.013 -29"><span class='ocrx_word' id='word_1_517' title='bbox 511 3979 871 4050; x_wconf 85' lang='lat' dir='ltr'><strong>intelligatur,</strong></span> <span class='ocrx_word' id='word_1_518' title='bbox 902 3985 1060 4054; x_wconf 88' lang='lat' dir='ltr'><strong>cujus</strong></span> <span class='ocrx_word' id='word_1_519' title='bbox 1093 3990 1171 4042; x_wconf 88' lang='lat' dir='ltr'><strong>ait</strong></span> <span class='ocrx_word' id='word_1_520' title='bbox 1199 4005 1368 4046; x_wconf 90' lang='lat' dir='ltr'><strong>cornu</strong></span> <span class='ocrx_word' id='word_1_521' title='bbox 1390 3993 1758 4050; x_wconf 76' lang='lat' dir='ltr'><strong>extollendum</strong></span> <span class='ocrx_word' id='word_1_522' title='bbox 1787 4011 1929 4061; x_wconf 90' lang='lat' dir='ltr'><strong>esse,</strong></span> <span class='ocrx_word' id='word_1_523' title='bbox 1958 3996 2090 4052; x_wconf 89' lang='lat' dir='ltr'><strong>dum</strong></span> 
     </span>
    </p>
   </div>
   <div class='ocr_carea' id='block_1_70' title="bbox 510 4072 2088 4158">
    <p class='ocr_par' dir='ltr' id='par_1_70' title="bbox 510 4072 2088 4158">
     <span class='ocr_line' id='line_1_70' title="bbox 510 4072 2088 4158; baseline 0.015 -36"><span class='ocrx_word' id='word_1_524' title='bbox 510 4072 768 4127; x_wconf 68' lang='lat' dir='ltr'><strong>virtutem</strong></span> <span class='ocrx_word' id='word_1_525' title='bbox 810 4077 866 4129; x_wconf 88' lang='lat' dir='ltr'><strong>in</strong></span> <span class='ocrx_word' id='word_1_526' title='bbox 893 4076 984 4132; x_wconf 92' lang='lat' dir='ltr'><strong>illo</strong></span> <span class='ocrx_word' id='word_1_527' title='bbox 1012 4079 1336 4138; x_wconf 83' lang='lat' dir='ltr'><strong>invisibilem</strong></span> <span class='ocrx_word' id='word_1_528' title='bbox 1356 4095 1409 4140; x_wconf 91' lang='lat' dir='ltr'><strong>et</strong></span> <span class='ocrx_word' id='word_1_529' title='bbox 1439 4102 1666 4157; x_wconf 84' lang='lat' dir='ltr'><strong>regnum</strong></span> <span class='ocrx_word' id='word_1_530' title='bbox 1702 4088 1848 4143; x_wconf 91' lang='lat' dir='ltr'><strong>illius</strong></span> <span class='ocrx_word' id='word_1_531' title='bbox 1877 4089 2088 4158; x_wconf 86' lang='lat' dir='ltr'><strong>signiﬁ-</strong></span> 
     </span>
    </p>
   </div>
   <div class='ocr_carea' id='block_1_71' title="bbox 508 4163 2086 4251">
    <p class='ocr_par' dir='ltr' id='par_1_71' title="bbox 508 4163 2086 4251">
     <span class='ocr_line' id='line_1_71' title="bbox 508 4163 2086 4251; baseline 0.013 -35"><span class='ocrx_word' id='word_1_532' title='bbox 508 4171 616 4218; x_wconf 88' lang='lat' dir='ltr'><strong>cat.</strong></span> <span class='ocrx_word' id='word_1_533' title='bbox 641 4163 1054 4224; x_wconf 86' lang='lat' dir='ltr'><strong>Consueverunt</strong></span> <span class='ocrx_word' id='word_1_534' title='bbox 1072 4187 1202 4243; x_wconf 84' lang='lat' dir='ltr'><strong>ergo</strong></span> <span class='ocrx_word' id='word_1_535' title='bbox 1220 4173 1414 4232; x_wconf 77' lang='lat' dir='ltr'><strong>divinae</strong></span> <span class='ocrx_word' id='word_1_536' title='bbox 1435 4179 1628 4234; x_wconf 69' lang='lat' dir='ltr'><strong>litterze</strong></span> <span class='ocrx_word' id='word_1_537' title='bbox 1649 4180 1827 4250; x_wconf 92' lang='lat' dir='ltr'><strong>ipsum</strong></span> <span class='ocrx_word' id='word_1_538' title='bbox 1857 4196 2086 4251; x_wconf 84' lang='lat' dir='ltr'><strong>regnum</strong></span> 
     </span>
    </p>
   </div>
   <div class='ocr_carea' id='block_1_72' title="bbox 507 4259 2087 4338">
    <p class='ocr_par' dir='ltr' id='par_1_72' title="bbox 507 4259 2087 4338">
     <span class='ocr_line' id='line_1_72' title="bbox 507 4259 2087 4338; baseline 0.013 -33"><span class='ocrx_word' id='word_1_539' title='bbox 507 4267 683 4308; x_wconf 89' lang='lat' dir='ltr'><strong>cornu</strong></span> <span class='ocrx_word' id='word_1_540' title='bbox 727 4259 1016 4327; x_wconf 85' lang='lat' dir='ltr'><strong>appellare.</strong></span> <span class='ocrx_word' id='word_1_541' title='bbox 1069 4261 1214 4318; x_wconf 89' lang='lat' dir='ltr'><strong>ldem</strong></span> <span class='ocrx_word' id='word_1_542' title='bbox 1259 4281 1391 4321; x_wconf 89' lang='lat' dir='ltr'><strong>vero</strong></span> <span class='ocrx_word' id='word_1_543' title='bbox 1424 4269 1663 4338; x_wconf 88' lang='lat' dir='ltr'><strong>positum</strong></span> <span class='ocrx_word' id='word_1_544' title='bbox 1701 4279 1785 4326; x_wconf 89' lang='lat' dir='ltr'><strong>est</strong></span> <span class='ocrx_word' id='word_1_545' title='bbox 1832 4270 1996 4326; x_wconf 90' lang='lat' dir='ltr'><strong>etiam</strong></span> <span class='ocrx_word' id='word_1_546' title='bbox 2030 4272 2087 4326; x_wconf 89' lang='lat' dir='ltr'><strong>in</strong></span> 
     </span>
    </p>
   </div>
   <div class='ocr_carea' id='block_1_73' title="bbox 507 4351 2086 4433">
    <p class='ocr_par' dir='ltr' id='par_1_73' title="bbox 507 4351 2086 4433">
     <span class='ocr_line' id='line_1_73' title="bbox 507 4351 2086 4433; baseline 0.015 -37"><span class='ocrx_word' id='word_1_547' title='bbox 507 4359 750 4402; x_wconf 77' lang='lat' dir='ltr'><strong>Lxxxvm</strong></span> <span class='ocrx_word' id='word_1_548' title='bbox 805 4351 1086 4433; x_wconf 80' lang='lat' dir='ltr'><strong>psalmo&quot;</strong></span> <span class='ocrx_word' id='word_1_549' title='bbox 1126 4375 1138 4410; x_wconf 87' lang='lat'><strong>:</strong></span> <span class='ocrx_word' id='word_1_550' title='bbox 1175 4374 1194 4408; x_wconf 78' lang='grc' dir='ltr'><strong>ι</strong></span> <span class='ocrx_word' id='word_1_551' title='bbox 1253 4356 1321 4417; x_wconf 83' lang='grc' dir='ltr'><strong>Ει</strong></span> <span class='ocrx_word' id='word_1_552' title='bbox 1354 4359 1411 4414; x_wconf 83' lang='lat' dir='ltr'><strong>in</strong></span> <span class='ocrx_word' id='word_1_553' title='bbox 1436 4362 1679 4427; x_wconf 89' lang='lat' dir='ltr'><strong>nomine,</strong></span> <span class='ocrx_word' id='word_1_554' title='bbox 1725 4361 1923 4433; x_wconf 88' lang='lat' dir='ltr'><strong>inquit,</strong></span> <span class='ocrx_word' id='word_1_555' title='bbox 1961 4377 2086 4420; x_wconf 90' lang='lat' dir='ltr'><strong>meo</strong></span> 
     </span>
    </p>
   </div>
   <div class='ocr_carea' id='block_1_74' title="bbox 501 4431 1260 4516">
    <p class='ocr_par' dir='ltr' id='par_1_74' title="bbox 501 4431 1260 4516">
     <span class='ocr_line' id='line_1_74' title="bbox 501 4431 1260 4516; baseline 0.014 -25"><span class='ocrx_word' id='word_1_556' title='bbox 501 4439 832 4495; x_wconf 86' lang='lat' dir='ltr'><strong>exaltabitur</strong></span> <span class='ocrx_word' id='word_1_557' title='bbox 859 4431 1030 4498; x_wconf 71' lang='lat' dir='ltr'><strong>cornu</strong></span> <span class='ocrx_word' id='word_1_558' title='bbox 1064 4447 1204 4516; x_wconf 91' lang='lat' dir='ltr'><strong>ejus.</strong></span> <span class='ocrx_word' id='word_1_559' title='bbox 1240 4468 1260 4502; x_wconf 76' lang='grc' dir='ltr'><strong>ι</strong></span> 
     </span>
    </p>
   </div>
   <div class='ocr_carea' id='block_1_75' title="bbox 503 4549 2082 4637">
    <p class='ocr_par' dir='ltr' id='par_1_75' title="bbox 503 4549 2082 4637">
     <span class='ocr_line' id='line_1_75' title="bbox 503 4549 2082 4637; baseline 0.013 -34"><span class='ocrx_word' id='word_1_560' title='bbox 503 4549 546 4604; x_wconf 79' lang='grc' dir='ltr'><em>Α</em></span> <span class='ocrx_word' id='word_1_561' title='bbox 585 4555 756 4637; x_wconf 69' lang='lat' dir='ltr'><strong>primo</strong></span> <span class='ocrx_word' id='word_1_562' title='bbox 787 4556 1002 4637; x_wconf 60' lang='lat' dir='ltr'><strong>Regum.</strong></span> <span class='ocrx_word' id='word_1_563' title='bbox 1032 4592 1104 4602; x_wconf 89' lang='lat'><strong>——</strong></span> <span class='ocrx_word' id='word_1_564' title='bbox 1131 4561 1378 4637; x_wconf 65' lang='lat' dir='ltr'><strong>Christus</strong></span> <span class='ocrx_word' id='word_1_565' title='bbox 1415 4567 1725 4620; x_wconf 87' lang='lat' dir='ltr'><strong>nominatim</strong></span> <span class='ocrx_word' id='word_1_566' title='bbox 1769 4566 1982 4622; x_wconf 88' lang='lat' dir='ltr'><strong>domum</strong></span> <span class='ocrx_word' id='word_1_567' title='bbox 2015 4567 2082 4637; x_wconf 73' lang='lat' dir='ltr'><strong>ﬁ-</strong></span> 
     </span>
    </p>
   </div>
   <div class='ocr_carea' id='block_1_76' title="bbox 2199 3342 3799 3416">
    <p class='ocr_par' dir='ltr' id='par_1_76' title="bbox 2199 3342 3799 3416">
     <span class='ocr_line' id='line_1_76' title="bbox 2199 3342 3799 3416; baseline 0.001 -21"><span class='ocrx_word' id='word_1_568' title='bbox 2199 3343 2339 3414; x_wconf 84' lang='grc' dir='ltr'><strong>μετά</strong></span> <span class='ocrx_word' id='word_1_569' title='bbox 2375 3343 2546 3397; x_wconf 84' lang='grc' dir='ltr'>ταῦτα</span> <span class='ocrx_word' id='word_1_570' title='bbox 2578 3344 2947 3416; x_wconf 81' lang='grc' dir='ltr'>γενησομένην</span> <span class='ocrx_word' id='word_1_571' title='bbox 2977 3343 3142 3398; x_wconf 80' lang='grc' dir='ltr'>αὑτοῦ</span> <span class='ocrx_word' id='word_1_572' title='bbox 3168 3342 3311 3397; x_wconf 86' lang='grc' dir='ltr'><strong>κατά</strong></span> <span class='ocrx_word' id='word_1_573' title='bbox 3347 3344 3566 3398; x_wconf 78' lang='grc' dir='ltr'>πάντων</span> <span class='ocrx_word' id='word_1_574' title='bbox 3597 3343 3799 3415; x_wconf 75' lang='grc' dir='ltr'>κρίσιν</span> 
     </span>
    </p>
   </div>
   <div class='ocr_carea' id='block_1_77' title="bbox 2193 3433 3799 3510">
    <p class='ocr_par' dir='ltr' id='par_1_77' title="bbox 2193 3433 3799 3510">
     <span class='ocr_line' id='line_1_77' title="bbox 2193 3433 3799 3510; baseline -0.002 -20"><span class='ocrx_word' id='word_1_575' title='bbox 2193 3440 2226 3510; x_wconf 85' lang='grc' dir='ltr'><strong>ή</strong></span> <span class='ocrx_word' id='word_1_576' title='bbox 2263 3437 2380 3490; x_wconf 76' lang='grc' dir='ltr'>θεία</span> <span class='ocrx_word' id='word_1_577' title='bbox 2399 3438 2588 3510; x_wconf 78' lang='grc' dir='ltr'>Γραφὴ</span> <span class='ocrx_word' id='word_1_578' title='bbox 2623 3437 2884 3502; x_wconf 76' lang='grc' dir='ltr'>θεσπίζει.</span> <span class='ocrx_word' id='word_1_579' title='bbox 2921 3436 3074 3508; x_wconf 80' lang='grc' dir='ltr'><strong>Ἑξῆς</strong></span> <span class='ocrx_word' id='word_1_580' title='bbox 3101 3437 3158 3490; x_wconf 88' lang='grc' dir='ltr'>δὲ</span> <span class='ocrx_word' id='word_1_581' title='bbox 3185 3435 3395 3498; x_wconf 83' lang='grc' dir='ltr'>τούτοις</span> <span class='ocrx_word' id='word_1_582' title='bbox 3425 3435 3588 3498; x_wconf 80' lang='grc' dir='ltr'>αὐτὸς</span> <span class='ocrx_word' id='word_1_583' title='bbox 3610 3436 3639 3488; x_wconf 86' lang='grc' dir='ltr'><strong>ό</strong></span> <span class='ocrx_word' id='word_1_584' title='bbox 3672 3433 3799 3487; x_wconf 86' lang='grc' dir='ltr'><strong>Κύ-</strong></span> 
     </span>
    </p>
   </div>
   <div class='ocr_carea' id='block_1_78' title="bbox 2197 3522 3796 3604">
    <p class='ocr_par' dir='ltr' id='par_1_78' title="bbox 2197 3522 3796 3604">
     <span class='ocr_line' id='line_1_78' title="bbox 2197 3522 3796 3604; baseline -0.001 -20"><span class='ocrx_word' id='word_1_585' title='bbox 2197 3549 2312 3604; x_wconf 88' lang='grc' dir='ltr'>ριος</span> <span class='ocrx_word' id='word_1_586' title='bbox 2333 3530 2523 3586; x_wconf 81' lang='grc' dir='ltr'>δώσειν</span> <span class='ocrx_word' id='word_1_587' title='bbox 2559 3532 2711 3602; x_wconf 77' lang='grc' dir='ltr'>ἰσχὺν</span> <span class='ocrx_word' id='word_1_588' title='bbox 2744 3531 2957 3599; x_wconf 85' lang='grc' dir='ltr'>λέγεται</span> <span class='ocrx_word' id='word_1_589' title='bbox 2984 3533 3095 3595; x_wconf 85' lang='grc' dir='ltr'>τοῖς</span> <span class='ocrx_word' id='word_1_590' title='bbox 3131 3529 3440 3600; x_wconf 85' lang='grc' dir='ltr'>βασιλεῦσιν</span> <span class='ocrx_word' id='word_1_591' title='bbox 3472 3527 3649 3599; x_wconf 84' lang='grc' dir='ltr'>ήμῶν.</span> <span class='ocrx_word' id='word_1_592' title='bbox 3681 3522 3796 3582; x_wconf 71' lang='grc' dir='ltr'><strong>Οὗ-</strong></span> 
     </span>
    </p>
   </div>
   <div class='ocr_carea' id='block_1_79' title="bbox 2191 3610 3794 3692">
    <p class='ocr_par' dir='ltr' id='par_1_79' title="bbox 2191 3610 3794 3692">
     <span class='ocr_line' id='line_1_79' title="bbox 2191 3610 3794 3692; baseline -0.004 -14"><span class='ocrx_word' id='word_1_593' title='bbox 2191 3642 2275 3678; x_wconf 91' lang='grc' dir='ltr'><strong>τοι</strong></span> <span class='ocrx_word' id='word_1_594' title='bbox 2306 3623 2349 3676; x_wconf 78' lang='grc' dir='ltr'>δ’</span> <span class='ocrx_word' id='word_1_595' title='bbox 2378 3623 2444 3677; x_wconf 84' lang='grc' dir='ltr'>ἂν</span> <span class='ocrx_word' id='word_1_596' title='bbox 2465 3619 2572 3677; x_wconf 77' lang='grc' dir='ltr'>εἶεν</span> <span class='ocrx_word' id='word_1_597' title='bbox 2595 3625 2644 3676; x_wconf 83' lang='grc' dir='ltr'>οἱ</span> <span class='ocrx_word' id='word_1_598' title='bbox 2665 3621 2949 3676; x_wconf 80' lang='grc' dir='ltr'>ἀπόστολοι</span> <span class='ocrx_word' id='word_1_599' title='bbox 2980 3621 3074 3674; x_wconf 87' lang='grc' dir='ltr'><strong>τοῦ</strong></span> <span class='ocrx_word' id='word_1_600' title='bbox 3093 3618 3354 3692; x_wconf 84' lang='grc' dir='ltr'>Χριστοῦ,</span> <span class='ocrx_word' id='word_1_601' title='bbox 3388 3619 3514 3690; x_wconf 79' lang='grc' dir='ltr'>περὶ</span> <span class='ocrx_word' id='word_1_602' title='bbox 3539 3610 3616 3671; x_wconf 79' lang='grc' dir='ltr'>ὧν</span> <span class='ocrx_word' id='word_1_603' title='bbox 3636 3617 3794 3688; x_wconf 80' lang='grc' dir='ltr'>ἔχεις</span> 
     </span>
    </p>
   </div>
   <div class='ocr_carea' id='block_1_80' title="bbox 2193 3710 3794 3786">
    <p class='ocr_par' dir='ltr' id='par_1_80' title="bbox 2193 3710 3794 3786">
     <span class='ocr_line' id='line_1_80' title="bbox 2193 3710 3794 3786; baseline -0.004 -18"><span class='ocrx_word' id='word_1_604' title='bbox 2193 3717 2251 3769; x_wconf 79' lang='grc' dir='ltr'>ἐν</span> <span class='ocrx_word' id='word_1_605' title='bbox 2293 3712 2367 3780; x_wconf 57' lang='lat' dir='ltr'><strong>Et?</strong></span> <span class='ocrx_word' id='word_1_606' title='bbox 2395 3713 2592 3786; x_wconf 73' lang='grc' dir='ltr'>ψαλμῷ</span> <span class='ocrx_word' id='word_1_607' title='bbox 2617 3715 2699 3779; x_wconf 85' lang='grc' dir='ltr'>τὸ,</span> <span class='ocrx_word' id='word_1_608' title='bbox 2731 3733 2749 3766; x_wconf 81' lang='grc' dir='ltr'><strong>ι</strong></span> <span class='ocrx_word' id='word_1_609' title='bbox 2783 3713 2989 3785; x_wconf 85' lang='grc' dir='ltr'>Κύριος</span> <span class='ocrx_word' id='word_1_610' title='bbox 3016 3711 3175 3766; x_wconf 86' lang='grc' dir='ltr'>δώσει</span> <span class='ocrx_word' id='word_1_611' title='bbox 3213 3712 3366 3784; x_wconf 82' lang='grc' dir='ltr'>ῥῆμα</span> <span class='ocrx_word' id='word_1_612' title='bbox 3403 3712 3516 3772; x_wconf 85' lang='grc' dir='ltr'>τοῖς</span> <span class='ocrx_word' id='word_1_613' title='bbox 3548 3710 3794 3778; x_wconf 78' lang='grc' dir='ltr'>εὐαγγε-</span> 
     </span>
    </p>
   </div>
   <div class='ocr_carea' id='block_1_81' title="bbox 2191 3795 3790 3880">
    <p class='ocr_par' dir='ltr' id='par_1_81' title="bbox 2191 3795 3790 3880">
     <span class='ocr_line' id='line_1_81' title="bbox 2191 3795 3790 3880; baseline -0.004 -17"><span class='ocrx_word' id='word_1_614' title='bbox 2191 3809 2493 3880; x_wconf 79' lang='grc' dir='ltr'>λιζομένοις</span> <span class='ocrx_word' id='word_1_615' title='bbox 2529 3808 2756 3880; x_wconf 86' lang='grc' dir='ltr'>δυνάμει</span> <span class='ocrx_word' id='word_1_616' title='bbox 2802 3795 2991 3879; x_wconf 80' lang='grc' dir='ltr'>πολλῇ.</span> <span class='ocrx_word' id='word_1_617' title='bbox 3025 3827 3043 3858; x_wconf 77' lang='grc' dir='ltr'><strong>ι</strong></span> <span class='ocrx_word' id='word_1_618' title='bbox 3082 3807 3201 3861; x_wconf 85' lang='grc' dir='ltr'><strong>Κάν</strong></span> <span class='ocrx_word' id='word_1_619' title='bbox 3235 3807 3412 3876; x_wconf 85' lang='grc' dir='ltr'>τούτῳ</span> <span class='ocrx_word' id='word_1_620' title='bbox 3450 3804 3505 3858; x_wconf 76' lang='grc' dir='ltr'>δὲ</span> <span class='ocrx_word' id='word_1_621' title='bbox 3537 3804 3790 3876; x_wconf 82' lang='grc' dir='ltr'>Χριστοῦ</span> 
     </span>
    </p>
   </div>
   <div class='ocr_carea' id='block_1_82' title="bbox 2189 3897 3789 3974">
    <p class='ocr_par' dir='ltr' id='par_1_82' title="bbox 2189 3897 3789 3974">
     <span class='ocr_line' id='line_1_82' title="bbox 2189 3897 3789 3974; baseline -0.003 -18"><span class='ocrx_word' id='word_1_622' title='bbox 2189 3902 2451 3974; x_wconf 77' lang='grc' dir='ltr'>ὀνομαστὶ</span> <span class='ocrx_word' id='word_1_623' title='bbox 2495 3900 2840 3972; x_wconf 87' lang='grc' dir='ltr'>μνημονεύει,</span> <span class='ocrx_word' id='word_1_624' title='bbox 2891 3899 2986 3953; x_wconf 88' lang='grc' dir='ltr'><strong>τοῦ</strong></span> <span class='ocrx_word' id='word_1_625' title='bbox 3016 3898 3161 3954; x_wconf 87' lang='grc' dir='ltr'><strong>κατά</strong></span> <span class='ocrx_word' id='word_1_626' title='bbox 3186 3897 3276 3952; x_wconf 82' lang='grc' dir='ltr'>τὸν</span> <span class='ocrx_word' id='word_1_627' title='bbox 3309 3897 3595 3969; x_wconf 77' lang='grc' dir='ltr'>ἄνθρωπον</span> <span class='ocrx_word' id='word_1_628' title='bbox 3629 3913 3789 3952; x_wconf 84' lang='grc' dir='ltr'>νοου-</span> 
     </span>
    </p>
   </div>
   <div class='ocr_carea' id='block_1_83' title="bbox 2193 3983 3784 4064">
    <p class='ocr_par' dir='ltr' id='par_1_83' title="bbox 2193 3983 3784 4064">
     <span class='ocr_line' id='line_1_83' title="bbox 2193 3983 3784 4064; baseline -0.005 -18"><span class='ocrx_word' id='word_1_629' title='bbox 2193 3992 2355 4064; x_wconf 88' lang='grc' dir='ltr'>μένου</span> <span class='ocrx_word' id='word_1_630' title='bbox 2391 3993 2642 4063; x_wconf 81' lang='grc' dir='ltr'>Σωτῆρος</span> <span class='ocrx_word' id='word_1_631' title='bbox 2665 3991 2845 4062; x_wconf 80' lang='grc' dir='ltr'>ἡμῶν,</span> <span class='ocrx_word' id='word_1_632' title='bbox 2905 3983 2966 4044; x_wconf 76' lang='grc' dir='ltr'><strong>οὗ</strong></span> <span class='ocrx_word' id='word_1_633' title='bbox 3028 3990 3090 4044; x_wconf 78' lang='grc' dir='ltr'><strong>τὸ</strong></span> <span class='ocrx_word' id='word_1_634' title='bbox 3124 3989 3292 4061; x_wconf 84' lang='grc' dir='ltr'>κέρας</span> <span class='ocrx_word' id='word_1_635' title='bbox 3346 3987 3510 4058; x_wconf 81' lang='grc' dir='ltr'>φησὶν</span> <span class='ocrx_word' id='word_1_636' title='bbox 3551 3986 3784 4059; x_wconf 75' lang='grc' dir='ltr'>ὑψωθή-</span> 
     </span>
    </p>
   </div>
   <div class='ocr_carea' id='block_1_84' title="bbox 2191 4077 3783 4155">
    <p class='ocr_par' dir='ltr' id='par_1_84' title="bbox 2191 4077 3783 4155">
     <span class='ocr_line' id='line_1_84' title="bbox 2191 4077 3783 4155; baseline -0.003 -19"><span class='ocrx_word' id='word_1_637' title='bbox 2191 4083 2398 4148; x_wconf 90' lang='grc' dir='ltr'>σεσθαι,</span> <span class='ocrx_word' id='word_1_638' title='bbox 2433 4083 2531 4155; x_wconf 81' lang='grc' dir='ltr'>τὴν</span> <span class='ocrx_word' id='word_1_639' title='bbox 2558 4084 2614 4136; x_wconf 83' lang='grc' dir='ltr'>ἐν</span> <span class='ocrx_word' id='word_1_640' title='bbox 2646 4081 2794 4154; x_wconf 84' lang='grc' dir='ltr'>αύτῷ</span> <span class='ocrx_word' id='word_1_641' title='bbox 2822 4081 3052 4153; x_wconf 86' lang='grc' dir='ltr'>ἀόρατον</span> <span class='ocrx_word' id='word_1_642' title='bbox 3084 4080 3334 4150; x_wconf 89' lang='grc' dir='ltr'>δύναμιν,</span> <span class='ocrx_word' id='word_1_643' title='bbox 3367 4079 3462 4132; x_wconf 59' lang='grc' dir='ltr'><strong>καὶ⁵</strong></span> <span class='ocrx_word' id='word_1_644' title='bbox 3490 4077 3590 4149; x_wconf 80' lang='grc' dir='ltr'>τὴν</span> <span class='ocrx_word' id='word_1_645' title='bbox 3618 4077 3783 4149; x_wconf 86' lang='grc' dir='ltr'>βασι-</span> 
     </span>
    </p>
   </div>
   <div class='ocr_carea' id='block_1_85' title="bbox 2188 4171 3782 4246">
    <p class='ocr_par' dir='ltr' id='par_1_85' title="bbox 2188 4171 3782 4246">
     <span class='ocr_line' id='line_1_85' title="bbox 2188 4171 3782 4246; baseline -0.001 -20"><span class='ocrx_word' id='word_1_646' title='bbox 2188 4173 2338 4228; x_wconf 78' lang='grc' dir='ltr'>λείαν</span> <span class='ocrx_word' id='word_1_647' title='bbox 2393 4173 2559 4227; x_wconf 76' lang='grc' dir='ltr'>αὐτοῦ</span> <span class='ocrx_word' id='word_1_648' title='bbox 2607 4173 2801 4246; x_wconf 83' lang='grc' dir='ltr'>δηλῶν.</span> <span class='ocrx_word' id='word_1_649' title='bbox 2829 4173 2990 4237; x_wconf 87' lang='grc' dir='ltr'>Ἔθος</span> <span class='ocrx_word' id='word_1_650' title='bbox 3018 4172 3150 4241; x_wconf 91' lang='grc' dir='ltr'>γοῦν</span> <span class='ocrx_word' id='word_1_651' title='bbox 3176 4174 3241 4243; x_wconf 76' lang='grc' dir='ltr'>τῇ</span> <span class='ocrx_word' id='word_1_652' title='bbox 3273 4172 3464 4243; x_wconf 79' lang='grc' dir='ltr'>Γραφῇ</span> <span class='ocrx_word' id='word_1_653' title='bbox 3491 4172 3594 4242; x_wconf 84' lang='grc' dir='ltr'>τὴν</span> <span class='ocrx_word' id='word_1_654' title='bbox 3618 4171 3782 4241; x_wconf 83' lang='grc' dir='ltr'>βασι-</span> 
     </span>
    </p>
   </div>
   <div class='ocr_carea' id='block_1_86' title="bbox 2185 4265 3780 4340">
    <p class='ocr_par' dir='ltr' id='par_1_86' title="bbox 2185 4265 3780 4340">
     <span class='ocr_line' id='line_1_86' title="bbox 2185 4265 3780 4340; baseline -0.001 -20"><span class='ocrx_word' id='word_1_655' title='bbox 2185 4266 2336 4321; x_wconf 83' lang='grc' dir='ltr'>λείαν</span> <span class='ocrx_word' id='word_1_656' title='bbox 2358 4268 2527 4340; x_wconf 82' lang='grc' dir='ltr'>κέρας</span> <span class='ocrx_word' id='word_1_657' title='bbox 2546 4267 2848 4338; x_wconf 76' lang='grc' dir='ltr'>ὀνομάζειν.</span> <span class='ocrx_word' id='word_1_658' title='bbox 2873 4268 3064 4320; x_wconf 83' lang='grc' dir='ltr'>Κεῖται</span> <span class='ocrx_word' id='word_1_659' title='bbox 3091 4265 3147 4319; x_wconf 86' lang='grc' dir='ltr'>δὲ</span> <span class='ocrx_word' id='word_1_660' title='bbox 3171 4267 3265 4319; x_wconf 79' lang='grc' dir='ltr'>καὶ</span> <span class='ocrx_word' id='word_1_661' title='bbox 3280 4266 3338 4320; x_wconf 83' lang='grc' dir='ltr'><strong>έν</strong></span> <span class='ocrx_word' id='word_1_662' title='bbox 3363 4265 3439 4336; x_wconf 87' lang='grc' dir='ltr'>τῷ</span> <span class='ocrx_word' id='word_1_663' title='bbox 3463 4272 3554 4337; x_wconf 82' lang='grc' dir='ltr'>πη¹</span> <span class='ocrx_word' id='word_1_664' title='bbox 3571 4265 3780 4338; x_wconf 78' lang='grc' dir='ltr'>ψαλμῷ</span> 
     </span>
    </p>
   </div>
   <div class='ocr_carea' id='block_1_87' title="bbox 2185 4358 3778 4435">
    <p class='ocr_par' dir='ltr' id='par_1_87' title="bbox 2185 4358 3778 4435">
     <span class='ocr_line' id='line_1_87' title="bbox 2185 4358 3778 4435; baseline -0.001 -21"><span class='ocrx_word' id='word_1_665' title='bbox 2185 4360 2267 4427; x_wconf 79' lang='grc' dir='ltr'>τὸ,</span> <span class='ocrx_word' id='word_1_666' title='bbox 2304 4380 2322 4412; x_wconf 86' lang='grc'><strong><em>‹</em></strong></span> <span class='ocrx_word' id='word_1_667' title='bbox 2360 4362 2472 4416; x_wconf 73' lang='grc' dir='ltr'><strong>Καὶ</strong></span> <span class='ocrx_word' id='word_1_668' title='bbox 2519 4364 2576 4416; x_wconf 79' lang='grc' dir='ltr'>ἐν</span> <span class='ocrx_word' id='word_1_669' title='bbox 2619 4361 2702 4435; x_wconf 80' lang='grc' dir='ltr'>τῷ</span> <span class='ocrx_word' id='word_1_670' title='bbox 2725 4359 2946 4432; x_wconf 80' lang='grc' dir='ltr'>ὀνόματί</span> <span class='ocrx_word' id='word_1_671' title='bbox 2986 4376 3088 4432; x_wconf 86' lang='grc' dir='ltr'><strong>μου</strong></span> <span class='ocrx_word' id='word_1_672' title='bbox 3135 4358 3480 4422; x_wconf 70' lang='grc' dir='ltr'>ὑψωθήσεται</span> <span class='ocrx_word' id='word_1_673' title='bbox 3511 4358 3574 4412; x_wconf 76' lang='grc' dir='ltr'>τὸ</span> <span class='ocrx_word' id='word_1_674' title='bbox 3606 4359 3778 4430; x_wconf 89' lang='grc' dir='ltr'>κέρας</span> 
     </span>
    </p>
   </div>
   <div class='ocr_carea' id='block_1_88' title="bbox 2186 4451 2372 4506">
    <p class='ocr_par' dir='ltr' id='par_1_88' title="bbox 2186 4451 2372 4506">
     <span class='ocr_line' id='line_1_88' title="bbox 2186 4451 2372 4506; baseline 0.022 -4"><span class='ocrx_word' id='word_1_675' title='bbox 2186 4451 2372 4506; x_wconf 83' lang='grc' dir='ltr'>αὐτοῦ.</span> 
     </span>
    </p>
   </div>
   <div class='ocr_carea' id='block_1_89' title="bbox 2198 4563 3770 4637">
    <p class='ocr_par' dir='ltr' id='par_1_89' title="bbox 2198 4563 3770 4637">
     <span class='ocr_line' id='line_1_89' title="bbox 2198 4563 3770 4637; baseline 0.001 -16"><span class='ocrx_word' id='word_1_676' title='bbox 2198 4566 2330 4621; x_wconf 81' lang='grc' dir='ltr'><strong>Ἀπὸ</strong></span> <span class='ocrx_word' id='word_1_677' title='bbox 2359 4567 2468 4634; x_wconf 82' lang='grc' dir='ltr'>τῆς</span> <span class='ocrx_word' id='word_1_678' title='bbox 2490 4566 2725 4637; x_wconf 69' lang='grc' dir='ltr'>πρώτης</span> <span class='ocrx_word' id='word_1_679' title='bbox 2744 4565 2861 4620; x_wconf 76' lang='grc' dir='ltr'>τῶν</span> <span class='ocrx_word' id='word_1_680' title='bbox 2880 4563 3227 4621; x_wconf 62' lang='grc' dir='ltr'>Βασιλειῶν.</span> <span class='ocrx_word' id='word_1_681' title='bbox 3244 4597 3314 4606; x_wconf 91' lang='lat'><strong>-—</strong></span> <span class='ocrx_word' id='word_1_682' title='bbox 3346 4567 3601 4635; x_wconf 79' lang='grc' dir='ltr'>Χριστὸς</span> <span class='ocrx_word' id='word_1_683' title='bbox 3635 4569 3770 4622; x_wconf 74' lang='grc' dir='ltr'><strong>ὀνο-</strong></span> 
     </span>
    </p>
   </div>
   <div class='ocr_carea' id='block_1_90' title="bbox 572 4610 2095 4707">
    <p class='ocr_par' dir='ltr' id='par_1_90' title="bbox 572 4610 2078 4707">
     <span class='ocr_line' id='line_1_90' title="bbox 572 4610 2078 4707; baseline 0.012 -32"><span class='ocrx_word' id='word_1_684' title='bbox 572 4625 738 4707; x_wconf 62' lang='lat' dir='ltr'><strong>detem</strong></span> <span class='ocrx_word' id='word_1_685' title='bbox 771 4645 818 4707; x_wconf 43' lang='lat' dir='ltr'><strong>a‘</strong></span> <span class='ocrx_word' id='word_1_686' title='bbox 838 4610 1003 4707; x_wconf 47' lang='lat' dir='ltr'><strong>Patre</strong></span> <span class='ocrx_word' id='word_1_687' title='bbox 1027 4635 1219 4707; x_wconf 77' lang='lat' dir='ltr'><strong>accipit</strong></span> <span class='ocrx_word' id='word_1_688' title='bbox 1250 4634 1546 4689; x_wconf 79' lang='lat' dir='ltr'><strong>Ecclesium</strong></span> <span class='ocrx_word' id='word_1_689' title='bbox 1587 4653 1764 4707; x_wconf 71' lang='lat' dir='ltr'><strong>suam,</strong></span> <span class='ocrx_word' id='word_1_690' title='bbox 1811 4647 1860 4691; x_wconf 86' lang='lat' dir='ltr'><strong>et</strong></span> <span class='ocrx_word' id='word_1_691' title='bbox 1898 4610 2078 4692; x_wconf 61' lang='lat' dir='ltr'><strong>sace’r-</strong></span> 
     </span>
    </p>
   </div>
   <div class='ocr_carea' id='block_1_91' title="bbox 2205 4610 3771 4707">
    <p class='ocr_par' dir='ltr' id='par_1_91' title="bbox 2247 4610 3771 4707">
     <span class='ocr_line' id='line_1_91' title="bbox 2247 4610 3771 4707; baseline 0.001 -16"><span class='ocrx_word' id='word_1_692' title='bbox 2247 4610 2625 4707; x_wconf 51' lang='grc' dir='ltr'>μαστΐοῖἶον</span> <span class='ocrx_word' id='word_1_693' title='bbox 2641 4610 2859 4691; x_wconf 59' lang='grc' dir='ltr'><strong>θέῖστὸν</strong></span> <span class='ocrx_word' id='word_1_694' title='bbox 2871 4637 3030 4703; x_wconf 74' lang='grc' dir='ltr'>παρὰ</span> <span class='ocrx_word' id='word_1_695' title='bbox 3058 4637 3162 4692; x_wconf 86' lang='grc' dir='ltr'><strong>τοῦ</strong></span> <span class='ocrx_word' id='word_1_696' title='bbox 3188 4610 3426 4706; x_wconf 55' lang='lat' dir='ltr'><strong>Harpe;</strong></span> <span class='ocrx_word' id='word_1_697' title='bbox 3446 4610 3771 4707; x_wconf 61' lang='grc' dir='ltr'>λαμὲάνων</span> 
     </span>
    </p>
   </div>
   <div class='ocr_carea' id='block_1_92' title="bbox 567 4694 2074 4776">
    <p class='ocr_par' dir='ltr' id='par_1_92' title="bbox 567 4694 2074 4776">
     <span class='ocr_line' id='line_1_92' title="bbox 567 4694 2074 4776; baseline 0.012 -30"><span class='ocrx_word' id='word_1_698' title='bbox 567 4694 1071 4776; x_wconf 20' lang='grc' dir='ltr'>αοιεηικρήάειευιὶη</span> <span class='ocrx_word' id='word_1_699' title='bbox 1104 4694 1254 4759; x_wconf 76' lang='lat' dir='ltr'><strong>omne</strong></span> <span class='ocrx_word' id='word_1_700' title='bbox 1285 4715 1508 4774; x_wconf 87' lang='lat' dir='ltr'><strong>tempus,</strong></span> <span class='ocrx_word' id='word_1_701' title='bbox 1545 4709 1636 4776; x_wconf 89' lang='lat' dir='ltr'><strong>qui</strong></span> <span class='ocrx_word' id='word_1_702' title='bbox 1664 4694 1919 4762; x_wconf 79' lang='lat' dir='ltr'><strong>Ecclesia:</strong></span> <span class='ocrx_word' id='word_1_703' title='bbox 1963 4725 2074 4764; x_wconf 71' lang='lat' dir='ltr'><strong>sua:</strong></span> 
     </span>
    </p>
   </div>
   <div class='ocr_carea' id='block_1_93' title="bbox 571 4767 1378 4842">
    <p class='ocr_par' dir='ltr' id='par_1_93' title="bbox 571 4767 1378 4842">
     <span class='ocr_line' id='line_1_93' title="bbox 571 4767 1378 4842; baseline 0.014 -26"><span class='ocrx_word' id='word_1_704' title='bbox 571 4780 690 4819; x_wconf 87' lang='lat' dir='ltr'><strong>cum</strong></span> <span class='ocrx_word' id='word_1_705' title='bbox 728 4767 826 4822; x_wconf 88' lang='lat' dir='ltr'><strong>Dei</strong></span> <span class='ocrx_word' id='word_1_706' title='bbox 855 4775 1148 4842; x_wconf 84' lang='lat' dir='ltr'><strong>cognitione</strong></span> <span class='ocrx_word' id='word_1_707' title='bbox 1176 4777 1378 4840; x_wconf 80' lang='lat' dir='ltr'><strong>prwsit.</strong></span> 
     </span>
    </p>
   </div>
   <div class='ocr_carea' id='block_1_94' title="bbox 572 4943 2074 5024">
    <p class='ocr_par' dir='ltr' id='par_1_94' title="bbox 572 4943 2074 5024">
     <span class='ocr_line' id='line_1_94' title="bbox 572 4943 2074 5024; baseline 0.011 -26"><span class='ocrx_word' id='word_1_708' title='bbox 572 4961 590 4993; x_wconf 69' lang='grc' dir='ltr'><strong>ι</strong></span> <span class='ocrx_word' id='word_1_709' title='bbox 630 4943 768 5003; x_wconf 87' lang='lat' dir='ltr'><strong>Ecce</strong></span> <span class='ocrx_word' id='word_1_710' title='bbox 800 4949 920 5006; x_wconf 90' lang='lat' dir='ltr'><strong>dies</strong></span> <span class='ocrx_word' id='word_1_711' title='bbox 957 4954 1202 5017; x_wconf 86' lang='lat' dir='ltr'><strong>veniunt,</strong></span> <span class='ocrx_word' id='word_1_712' title='bbox 1235 4963 1289 5009; x_wconf 91' lang='lat' dir='ltr'><strong>et</strong></span> <span class='ocrx_word' id='word_1_713' title='bbox 1321 4954 1547 5024; x_wconf 90' lang='lat' dir='ltr'><strong>perdam</strong></span> <span class='ocrx_word' id='word_1_714' title='bbox 1588 4971 1774 5011; x_wconf 89' lang='lat' dir='ltr'><strong>semen</strong></span> <span class='ocrx_word' id='word_1_715' title='bbox 1807 4962 1985 5021; x_wconf 89' lang='lat' dir='ltr'><strong>tuum,</strong></span> <span class='ocrx_word' id='word_1_716' title='bbox 2019 4966 2074 5014; x_wconf 89' lang='lat' dir='ltr'><strong>et</strong></span> 
     </span>
    </p>
   </div>
   <div class='ocr_carea' id='block_1_95' title="bbox 494 5039 2073 5114">
    <p class='ocr_par' dir='ltr' id='par_1_95' title="bbox 494 5039 2073 5114">
     <span class='ocr_line' id='line_1_95' title="bbox 494 5039 2073 5114; baseline 0.011 -25"><span class='ocrx_word' id='word_1_717' title='bbox 494 5050 680 5091; x_wconf 87' lang='lat' dir='ltr'><strong>semen</strong></span> <span class='ocrx_word' id='word_1_718' title='bbox 711 5039 907 5097; x_wconf 90' lang='lat' dir='ltr'><strong>domus</strong></span> <span class='ocrx_word' id='word_1_719' title='bbox 932 5047 1105 5114; x_wconf 88' lang='lat' dir='ltr'><strong>patris</strong></span> <span class='ocrx_word' id='word_1_720' title='bbox 1135 5046 1211 5098; x_wconf 87' lang='lat' dir='ltr'><strong>tui</strong></span> <span class='ocrx_word' id='word_1_721' title='bbox 1247 5065 1259 5100; x_wconf 92' lang='lat'>:</span> <span class='ocrx_word' id='word_1_722' title='bbox 1292 5056 1346 5100; x_wconf 91' lang='lat' dir='ltr'><strong>et</strong></span> <span class='ocrx_word' id='word_1_723' title='bbox 1376 5061 1483 5100; x_wconf 92' lang='lat' dir='ltr'><strong>non</strong></span> <span class='ocrx_word' id='word_1_724' title='bbox 1519 5049 1624 5102; x_wconf 90' lang='lat' dir='ltr'><strong>erit</strong></span> <span class='ocrx_word' id='word_1_725' title='bbox 1647 5064 1808 5104; x_wconf 83' lang='lat' dir='ltr'><strong>senex</strong></span> <span class='ocrx_word' id='word_1_726' title='bbox 1831 5052 1884 5104; x_wconf 90' lang='lat' dir='ltr'><strong>in</strong></span> <span class='ocrx_word' id='word_1_727' title='bbox 1909 5049 2073 5107; x_wconf 89' lang='lat' dir='ltr'><strong>domo</strong></span> 
     </span>
    </p>
   </div>
   <div class='ocr_carea' id='block_1_96' title="bbox 492 5130 2069 5209">
    <p class='ocr_par' dir='ltr' id='par_1_96' title="bbox 492 5130 2069 5209">
     <span class='ocr_line' id='line_1_96' title="bbox 492 5130 2069 5209; baseline 0.013 -30"><span class='ocrx_word' id='word_1_728' title='bbox 492 5135 580 5180; x_wconf 78' lang='lat' dir='ltr'><strong>tua</strong></span> <span class='ocrx_word' id='word_1_729' title='bbox 607 5130 670 5183; x_wconf 83' lang='grc'><strong>⁶⁸.</strong></span> <span class='ocrx_word' id='word_1_730' title='bbox 710 5151 728 5184; x_wconf 77' lang='grc' dir='ltr'><strong>ι</strong></span> <span class='ocrx_word' id='word_1_731' title='bbox 770 5132 894 5189; x_wconf 68' lang='lat' dir='ltr'><strong>&quot;me</strong></span> <span class='ocrx_word' id='word_1_732' title='bbox 926 5144 1215 5206; x_wconf 91' lang='lat' dir='ltr'><strong>postquam</strong></span> <span class='ocrx_word' id='word_1_733' title='bbox 1275 5136 1344 5190; x_wconf 86' lang='lat' dir='ltr'><strong>ad</strong></span> <span class='ocrx_word' id='word_1_734' title='bbox 1393 5135 1512 5192; x_wconf 83' lang='lat' dir='ltr'><strong>Heli</strong></span> <span class='ocrx_word' id='word_1_735' title='bbox 1564 5140 1700 5194; x_wconf 88' lang='lat' dir='ltr'><strong>dixit</strong></span> <span class='ocrx_word' id='word_1_736' title='bbox 1758 5143 2069 5209; x_wconf 86' lang='lat' dir='ltr'><strong>oraculum,</strong></span> 
     </span>
    </p>
   </div>
   <div class='ocr_carea' id='block_1_97' title="bbox 489 5226 2068 5306">
    <p class='ocr_par' dir='ltr' id='par_1_97' title="bbox 489 5226 2068 5306">
     <span class='ocr_line' id='line_1_97' title="bbox 489 5226 2068 5306; baseline 0.013 -32"><span class='ocrx_word' id='word_1_737' title='bbox 489 5230 685 5291; x_wconf 75' lang='lat' dir='ltr'><strong>przeter</strong></span> <span class='ocrx_word' id='word_1_738' title='bbox 714 5226 820 5281; x_wconf 88' lang='lat' dir='ltr'><strong>alia</strong></span> <span class='ocrx_word' id='word_1_739' title='bbox 857 5230 1140 5292; x_wconf 89' lang='lat' dir='ltr'><strong>nonnulla,</strong></span> <span class='ocrx_word' id='word_1_740' title='bbox 1176 5231 1291 5284; x_wconf 67' lang='lat' dir='ltr'><strong>haec</strong></span> <span class='ocrx_word' id='word_1_741' title='bbox 1318 5231 1480 5285; x_wconf 88' lang='lat' dir='ltr'><strong>etiam</strong></span> <span class='ocrx_word' id='word_1_742' title='bbox 1517 5233 1789 5306; x_wconf 86' lang='lat' dir='ltr'><strong>adjungit,</strong></span> <span class='ocrx_word' id='word_1_743' title='bbox 1823 5238 2014 5294; x_wconf 79' lang='lat' dir='ltr'><strong>(licens</strong></span> <span class='ocrx_word' id='word_1_744' title='bbox 2050 5253 2068 5294; x_wconf 90' lang='lat'><strong>:</strong></span> 
     </span>
    </p>
   </div>
   <div class='ocr_carea' id='block_1_98' title="bbox 492 5313 2068 5402">
    <p class='ocr_par' dir='ltr' id='par_1_98' title="bbox 492 5313 2068 5402">
     <span class='ocr_line' id='line_1_98' title="bbox 492 5313 2068 5402; baseline 0.015 -38"><span class='ocrx_word' id='word_1_745' title='bbox 492 5331 513 5364; x_wconf 70' lang='grc' dir='ltr'><strong>ε</strong></span> <span class='ocrx_word' id='word_1_746' title='bbox 561 5313 627 5368; x_wconf 85' lang='lat' dir='ltr'><strong>Et</strong></span> <span class='ocrx_word' id='word_1_747' title='bbox 657 5319 938 5374; x_wconf 84' lang='lat' dir='ltr'><strong>suscitabo</strong></span> <span class='ocrx_word' id='word_1_748' title='bbox 994 5320 1128 5373; x_wconf 91' lang='lat' dir='ltr'><strong>mihi</strong></span> <span class='ocrx_word' id='word_1_749' title='bbox 1171 5321 1274 5390; x_wconf 90' lang='lat' dir='ltr'><strong>ipsi</strong></span> <span class='ocrx_word' id='word_1_750' title='bbox 1321 5324 1664 5381; x_wconf 86' lang='lat' dir='ltr'><strong>sacerdotem</strong></span> <span class='ocrx_word' id='word_1_751' title='bbox 1704 5327 1936 5395; x_wconf 89' lang='lat' dir='ltr'><strong>ﬁdelem,</strong></span> <span class='ocrx_word' id='word_1_752' title='bbox 1973 5331 2068 5402; x_wconf 90' lang='lat' dir='ltr'><strong>qui</strong></span> 
     </span>
    </p>
   </div>
   <div class='ocr_carea' id='block_1_99' title="bbox 485 5407 2069 5484">
    <p class='ocr_par' dir='ltr' id='par_1_99' title="bbox 485 5407 2069 5484">
     <span class='ocr_line' id='line_1_99' title="bbox 485 5407 2069 5484; baseline 0.01 -25"><span class='ocrx_word' id='word_1_753' title='bbox 485 5407 670 5460; x_wconf 87' lang='lat' dir='ltr'><strong>omnia</strong></span> <span class='ocrx_word' id='word_1_754' title='bbox 696 5408 852 5478; x_wconf 86' lang='lat' dir='ltr'><strong>juxta</strong></span> <span class='ocrx_word' id='word_1_755' title='bbox 883 5426 981 5464; x_wconf 86' lang='lat' dir='ltr'><strong>cor</strong></span> <span class='ocrx_word' id='word_1_756' title='bbox 1014 5424 1194 5463; x_wconf 89' lang='lat' dir='ltr'><strong>meum</strong></span> <span class='ocrx_word' id='word_1_757' title='bbox 1228 5417 1282 5464; x_wconf 91' lang='lat' dir='ltr'><strong>et</strong></span> <span class='ocrx_word' id='word_1_758' title='bbox 1311 5413 1547 5468; x_wconf 90' lang='lat' dir='ltr'><strong>animam</strong></span> <span class='ocrx_word' id='word_1_759' title='bbox 1579 5431 1754 5471; x_wconf 91' lang='lat' dir='ltr'><strong>meam</strong></span> <span class='ocrx_word' id='word_1_760' title='bbox 1793 5418 1978 5484; x_wconf 77' lang='lat' dir='ltr'><strong>faciet,</strong></span> <span class='ocrx_word' id='word_1_761' title='bbox 2013 5426 2069 5475; x_wconf 89' lang='lat' dir='ltr'><strong>et</strong></span> 
     </span>
    </p>
   </div>
   <div class='ocr_carea' id='block_1_100' title="bbox 485 5498 2067 5580">
    <p class='ocr_par' dir='ltr' id='par_1_100' title="bbox 485 5498 2067 5580">
     <span class='ocr_line' id='line_1_100' title="bbox 485 5498 2067 5580; baseline 0.011 -31"><span class='ocrx_word' id='word_1_762' title='bbox 485 5498 764 5556; x_wconf 84' lang='lat' dir='ltr'><strong>aediﬁcabo</strong></span> <span class='ocrx_word' id='word_1_763' title='bbox 793 5503 870 5556; x_wconf 91' lang='lat' dir='ltr'><strong>illi</strong></span> <span class='ocrx_word' id='word_1_764' title='bbox 897 5503 1120 5556; x_wconf 91' lang='lat' dir='ltr'><strong>domum</strong></span> <span class='ocrx_word' id='word_1_765' title='bbox 1158 5500 1393 5571; x_wconf 86' lang='lat' dir='ltr'><strong>ﬁdelem,</strong></span> <span class='ocrx_word' id='word_1_766' title='bbox 1427 5514 1481 5561; x_wconf 90' lang='lat' dir='ltr'><strong>et</strong></span> <span class='ocrx_word' id='word_1_767' title='bbox 1507 5507 1845 5580; x_wconf 83' lang='lat' dir='ltr'><strong>ingredietur</strong></span> <span class='ocrx_word' id='word_1_768' title='bbox 1879 5525 2067 5566; x_wconf 90' lang='lat' dir='ltr'><strong>coram</strong></span> 
     </span>
    </p>
   </div>
   <div class='ocr_carea' id='block_1_101' title="bbox 482 5588 2069 5658">
    <p class='ocr_par' dir='ltr' id='par_1_101' title="bbox 482 5588 2069 5658">
     <span class='ocr_line' id='line_1_101' title="bbox 482 5588 2069 5658; baseline 0.011 -18"><span class='ocrx_word' id='word_1_769' title='bbox 482 5588 704 5646; x_wconf 77' lang='lat' dir='ltr'><strong>Christo</strong></span> <span class='ocrx_word' id='word_1_770' title='bbox 733 5608 854 5648; x_wconf 90' lang='lat' dir='ltr'><strong>meo</strong></span> <span class='ocrx_word' id='word_1_771' title='bbox 885 5607 1078 5648; x_wconf 89' lang='lat' dir='ltr'><strong>omnes</strong></span> <span class='ocrx_word' id='word_1_772' title='bbox 1107 5592 1223 5651; x_wconf 86' lang='lat' dir='ltr'><strong>dies</strong></span> <span class='ocrx_word' id='word_1_773' title='bbox 1267 5595 1333 5651; x_wconf 82' lang='lat'><strong>&quot;.</strong></span> <span class='ocrx_word' id='word_1_774' title='bbox 1379 5617 1398 5650; x_wconf 73' lang='grc' dir='ltr'><strong>ι</strong></span> <span class='ocrx_word' id='word_1_775' title='bbox 1437 5597 1574 5654; x_wconf 91' lang='lat' dir='ltr'><strong>Cum</strong></span> <span class='ocrx_word' id='word_1_776' title='bbox 1614 5603 1972 5658; x_wconf 84' lang='lat' dir='ltr'><strong>mutationem</strong></span> <span class='ocrx_word' id='word_1_777' title='bbox 2003 5616 2069 5658; x_wconf 86' lang='lat' dir='ltr'><strong>ac</strong></span> 
     </span>
    </p>
   </div>
   <div class='ocr_carea' id='block_1_102' title="bbox 487 5684 2070 5764">
    <p class='ocr_par' dir='ltr' id='par_1_102' title="bbox 487 5684 2070 5764">
     <span class='ocr_line' id='line_1_102' title="bbox 487 5684 2070 5764; baseline 0.008 -28"><span class='ocrx_word' id='word_1_778' title='bbox 487 5684 838 5753; x_wconf 84' lang='lat' dir='ltr'><strong>rejectionem</strong></span> <span class='ocrx_word' id='word_1_779' title='bbox 869 5687 939 5744; x_wconf 87' lang='lat' dir='ltr'><strong>iis</strong></span> <span class='ocrx_word' id='word_1_780' title='bbox 964 5685 1058 5758; x_wconf 88' lang='lat' dir='ltr'><strong>qui</strong></span> <span class='ocrx_word' id='word_1_781' title='bbox 1089 5701 1198 5741; x_wconf 90' lang='lat' dir='ltr'><strong>non</strong></span> <span class='ocrx_word' id='word_1_782' title='bbox 1225 5697 1373 5745; x_wconf 75' lang='lat' dir='ltr'><strong>recta</strong></span> <span class='ocrx_word' id='word_1_783' title='bbox 1398 5691 1612 5748; x_wconf 88' lang='lat' dir='ltr'><strong>ratione</strong></span> <span class='ocrx_word' id='word_1_784' title='bbox 1635 5703 1950 5764; x_wconf 82' lang='lat' dir='ltr'><strong>Operentur,</strong></span> <span class='ocrx_word' id='word_1_785' title='bbox 1982 5695 2070 5749; x_wconf 84' lang='lat' dir='ltr'><strong>di-</strong></span> 
     </span>
    </p>
   </div>
   <div class='ocr_carea' id='block_1_103' title="bbox 2251 4707 3770 4778">
    <p class='ocr_par' dir='ltr' id='par_1_103' title="bbox 2251 4707 3770 4778">
     <span class='ocr_line' id='line_1_103' title="bbox 2251 4707 3770 4778; baseline 0 -17"><span class='ocrx_word' id='word_1_786' title='bbox 2251 4708 2367 4774; x_wconf 78' lang='grc' dir='ltr'><strong>τὴν</strong></span> <span class='ocrx_word' id='word_1_787' title='bbox 2423 4710 2790 4778; x_wconf 79' lang='grc' dir='ltr'>Ἐκκλησίαν</span> <span class='ocrx_word' id='word_1_788' title='bbox 2847 4707 3036 4778; x_wconf 76' lang='grc' dir='ltr'>αὐτοῦ</span> <span class='ocrx_word' id='word_1_789' title='bbox 3062 4748 3078 4772; x_wconf 93' lang='grc'><strong>,</strong></span> <span class='ocrx_word' id='word_1_790' title='bbox 3133 4708 3232 4760; x_wconf 74' lang='grc' dir='ltr'>καὶ</span> <span class='ocrx_word' id='word_1_791' title='bbox 3295 4709 3488 4775; x_wconf 68' lang='grc' dir='ltr'>ἱερεὺς</span> <span class='ocrx_word' id='word_1_792' title='bbox 3549 4709 3770 4774; x_wconf 67' lang='grc' dir='ltr'>πιστέ-ς</span> 
     </span>
    </p>
   </div>
   <div class='ocr_carea' id='block_1_104' title="bbox 2251 4777 3769 4850">
    <p class='ocr_par' dir='ltr' id='par_1_104' title="bbox 2251 4777 3769 4850">
     <span class='ocr_line' id='line_1_104' title="bbox 2251 4777 3769 4850; baseline 0.001 -18"><span class='ocrx_word' id='word_1_793' title='bbox 2251 4779 2448 4833; x_wconf 81' lang='grc' dir='ltr'>πάντα</span> <span class='ocrx_word' id='word_1_794' title='bbox 2498 4780 2612 4850; x_wconf 75' lang='grc' dir='ltr'><strong>τὸν</strong></span> <span class='ocrx_word' id='word_1_795' title='bbox 2662 4782 2888 4850; x_wconf 78' lang='grc' dir='ltr'>χρόνον</span> <span class='ocrx_word' id='word_1_796' title='bbox 2931 4777 3042 4846; x_wconf 84' lang='grc' dir='ltr'>τῆς</span> <span class='ocrx_word' id='word_1_797' title='bbox 3085 4779 3454 4847; x_wconf 76' lang='grc' dir='ltr'>Ἐκκλησίας</span> <span class='ocrx_word' id='word_1_798' title='bbox 3503 4781 3769 4850; x_wconf 74' lang='grc' dir='ltr'>γνησίως</span> 
     </span>
    </p>
   </div>
   <div class='ocr_carea' id='block_1_105' title="bbox 2251 4849 2712 4920">
    <p class='ocr_par' dir='ltr' id='par_1_105' title="bbox 2251 4849 2712 4920">
     <span class='ocr_line' id='line_1_105' title="bbox 2251 4849 2712 4920; baseline 0.007 -19"><span class='ocrx_word' id='word_1_799' title='bbox 2251 4849 2712 4920; x_wconf 64' lang='grc' dir='ltr'>προϊστάμενος.</span> 
     </span>
    </p>
   </div>
   <div class='ocr_carea' id='block_1_106' title="bbox 2255 4961 3766 5034">
    <p class='ocr_par' dir='ltr' id='par_1_106' title="bbox 2255 4961 3766 5034">
     <span class='ocr_line' id='line_1_106' title="bbox 2255 4961 3766 5034; baseline 0.001 -20"><span class='ocrx_word' id='word_1_800' title='bbox 2255 4980 2274 5014; x_wconf 72' lang='grc' dir='ltr'><strong>ι</strong></span> <span class='ocrx_word' id='word_1_801' title='bbox 2316 4961 2445 5016; x_wconf 80' lang='grc' dir='ltr'>Ἰδοὺ</span> <span class='ocrx_word' id='word_1_802' title='bbox 2479 4961 2682 5034; x_wconf 78' lang='grc' dir='ltr'>ἡμέραι</span> <span class='ocrx_word' id='word_1_803' title='bbox 2705 4961 2972 5034; x_wconf 76' lang='grc' dir='ltr'>ἔρχονται,</span> <span class='ocrx_word' id='word_1_804' title='bbox 2997 4981 3016 5016; x_wconf 74' lang='grc' dir='ltr'><strong>ι</strong></span> <span class='ocrx_word' id='word_1_805' title='bbox 3045 4961 3211 5032; x_wconf 85' lang='grc' dir='ltr'>λέγει,</span> <span class='ocrx_word' id='word_1_806' title='bbox 3241 4980 3259 5013; x_wconf 79' lang='grc' dir='ltr'><strong>ι</strong></span> <span class='ocrx_word' id='word_1_807' title='bbox 3284 4963 3381 5016; x_wconf 72' lang='grc' dir='ltr'>καὶ</span> <span class='ocrx_word' id='word_1_808' title='bbox 3396 4961 3766 5034; x_wconf 79' lang='grc' dir='ltr'>ὲξολοθρεύσω</span> 
     </span>
    </p>
   </div>
   <div class='ocr_carea' id='block_1_107' title="bbox 2176 5053 3765 5126">
    <p class='ocr_par' dir='ltr' id='par_1_107' title="bbox 2176 5053 3765 5126">
     <span class='ocr_line' id='line_1_107' title="bbox 2176 5053 3765 5126; baseline 0.001 -21"><span class='ocrx_word' id='word_1_809' title='bbox 2176 5053 2239 5105; x_wconf 83' lang='grc' dir='ltr'>τὸ</span> <span class='ocrx_word' id='word_1_810' title='bbox 2262 5053 2484 5125; x_wconf 80' lang='grc' dir='ltr'>σπέρμα</span> <span class='ocrx_word' id='word_1_811' title='bbox 2509 5070 2623 5117; x_wconf 89' lang='grc' dir='ltr'>σου,</span> <span class='ocrx_word' id='word_1_812' title='bbox 2648 5055 2742 5108; x_wconf 69' lang='grc' dir='ltr'>καὶ</span> <span class='ocrx_word' id='word_1_813' title='bbox 2771 5054 2990 5126; x_wconf 87' lang='grc' dir='ltr'>σπέρμα</span> <span class='ocrx_word' id='word_1_814' title='bbox 3012 5053 3160 5107; x_wconf 75' lang='grc' dir='ltr'>οἴκου</span> <span class='ocrx_word' id='word_1_815' title='bbox 3175 5053 3382 5125; x_wconf 89' lang='grc' dir='ltr'>πατρός</span> <span class='ocrx_word' id='word_1_816' title='bbox 3408 5071 3523 5108; x_wconf 76' lang='grc' dir='ltr'>σουο</span> <span class='ocrx_word' id='word_1_817' title='bbox 3554 5055 3655 5108; x_wconf 75' lang='grc' dir='ltr'>καὶ</span> <span class='ocrx_word' id='word_1_818' title='bbox 3668 5057 3765 5108; x_wconf 81' lang='grc' dir='ltr'>οὐκ</span> 
     </span>
    </p>
   </div>
   <div class='ocr_carea' id='block_1_108' title="bbox 2180 5143 3764 5218">
    <p class='ocr_par' dir='ltr' id='par_1_108' title="bbox 2180 5143 3764 5218">
     <span class='ocr_line' id='line_1_108' title="bbox 2180 5143 3764 5218; baseline 0.002 -22"><span class='ocrx_word' id='word_1_819' title='bbox 2180 5144 2330 5197; x_wconf 77' lang='grc' dir='ltr'>ἔσται</span> <span class='ocrx_word' id='word_1_820' title='bbox 2365 5144 2678 5218; x_wconf 86' lang='grc' dir='ltr'>πρεσϐύτης</span> <span class='ocrx_word' id='word_1_821' title='bbox 2710 5147 2768 5199; x_wconf 83' lang='grc' dir='ltr'>ὲν</span> <span class='ocrx_word' id='word_1_822' title='bbox 2793 5145 2872 5216; x_wconf 81' lang='grc' dir='ltr'>τῷ</span> <span class='ocrx_word' id='word_1_823' title='bbox 2893 5146 3027 5216; x_wconf 79' lang='grc' dir='ltr'>οἴκῳ</span> <span class='ocrx_word' id='word_1_824' title='bbox 3059 5162 3179 5216; x_wconf 90' lang='grc' dir='ltr'>μου.</span> <span class='ocrx_word' id='word_1_825' title='bbox 3217 5164 3236 5198; x_wconf 77' lang='grc' dir='ltr'><strong>ι</strong></span> <span class='ocrx_word' id='word_1_826' title='bbox 3283 5143 3470 5199; x_wconf 88' lang='grc' dir='ltr'>Ταῦτα</span> <span class='ocrx_word' id='word_1_827' title='bbox 3504 5145 3642 5218; x_wconf 82' lang='grc' dir='ltr'>πρὸς</span> <span class='ocrx_word' id='word_1_828' title='bbox 3675 5146 3764 5199; x_wconf 81' lang='grc' dir='ltr'><strong>τὸν</strong></span> 
     </span>
    </p>
   </div>
   <div class='ocr_carea' id='block_1_109' title="bbox 2192 5218 3763 5308">
    <p class='ocr_par' dir='ltr' id='par_1_109' title="bbox 2192 5218 3763 5308">
     <span class='ocr_line' id='line_1_109' title="bbox 2192 5218 3763 5308; baseline 0.003 -24"><span class='ocrx_word' id='word_1_829' title='bbox 2192 5232 2339 5287; x_wconf 79' lang='grc' dir='ltr'>Ἠλεὶ</span> <span class='ocrx_word' id='word_1_830' title='bbox 2370 5236 2549 5307; x_wconf 84' lang='grc' dir='ltr'>φήσας</span> <span class='ocrx_word' id='word_1_831' title='bbox 2577 5237 2607 5288; x_wconf 85' lang='grc' dir='ltr'>ὁ</span> <span class='ocrx_word' id='word_1_832' title='bbox 2639 5236 3038 5307; x_wconf 77' lang='grc' dir='ltr'>χρηματισμὸς,</span> <span class='ocrx_word' id='word_1_833' title='bbox 3074 5235 3324 5307; x_wconf 73' lang='grc' dir='ltr'>ἐπιφέρει</span> <span class='ocrx_word' id='word_1_834' title='bbox 3349 5218 3470 5306; x_wconf 78' lang='grc' dir='ltr'>μεθ’</span> <span class='ocrx_word' id='word_1_835' title='bbox 3496 5235 3664 5308; x_wconf 74' lang='grc' dir='ltr'>ἕτερα</span> <span class='ocrx_word' id='word_1_836' title='bbox 3686 5236 3763 5288; x_wconf 83' lang='grc' dir='ltr'><strong>λέ-</strong></span> 
     </span>
    </p>
   </div>
   <div class='ocr_carea' id='block_1_110' title="bbox 2177 5327 3760 5400">
    <p class='ocr_par' dir='ltr' id='par_1_110' title="bbox 2177 5327 3760 5400">
     <span class='ocr_line' id='line_1_110' title="bbox 2177 5327 3760 5400; baseline 0.001 -22"><span class='ocrx_word' id='word_1_837' title='bbox 2177 5342 2290 5394; x_wconf 90' lang='grc' dir='ltr'><strong>γων</strong></span> <span class='ocrx_word' id='word_1_838' title='bbox 2311 5343 2326 5356; x_wconf 72' lang='grc'><strong>⁸</strong></span> <span class='ocrx_word' id='word_1_839' title='bbox 2362 5347 2378 5378; x_wconf 78' lang='grc' dir='ltr'><strong>ι</strong></span> <span class='ocrx_word' id='word_1_840' title='bbox 2418 5328 2528 5381; x_wconf 75' lang='grc' dir='ltr'><strong>Καὶ</strong></span> <span class='ocrx_word' id='word_1_841' title='bbox 2548 5328 2838 5400; x_wconf 82' lang='grc' dir='ltr'>ἀναστήσω</span> <span class='ocrx_word' id='word_1_842' title='bbox 2871 5327 3090 5399; x_wconf 81' lang='grc' dir='ltr'>ἐμαυτῷ</span> <span class='ocrx_word' id='word_1_843' title='bbox 3117 5327 3267 5399; x_wconf 88' lang='grc' dir='ltr'>ἱερέα</span> <span class='ocrx_word' id='word_1_844' title='bbox 3296 5328 3508 5390; x_wconf 82' lang='grc' dir='ltr'>πιστὸν,</span> <span class='ocrx_word' id='word_1_845' title='bbox 3537 5328 3597 5391; x_wconf 85' lang='grc' dir='ltr'>ὃς</span> <span class='ocrx_word' id='word_1_846' title='bbox 3628 5328 3760 5382; x_wconf 80' lang='grc' dir='ltr'>πάν-</span> 
     </span>
    </p>
   </div>
   <div class='ocr_carea' id='block_1_111' title="bbox 2176 5418 3756 5491">
    <p class='ocr_par' dir='ltr' id='par_1_111' title="bbox 2176 5418 3756 5491">
     <span class='ocr_line' id='line_1_111' title="bbox 2176 5418 3756 5491; baseline -0.001 -19"><span class='ocrx_word' id='word_1_847' title='bbox 2176 5436 2244 5472; x_wconf 91' lang='grc' dir='ltr'><strong>τα</strong></span> <span class='ocrx_word' id='word_1_848' title='bbox 2298 5419 2367 5472; x_wconf 75' lang='grc' dir='ltr'>τὰ</span> <span class='ocrx_word' id='word_1_849' title='bbox 2419 5422 2476 5472; x_wconf 79' lang='grc' dir='ltr'>ἐν</span> <span class='ocrx_word' id='word_1_850' title='bbox 2531 5422 2596 5490; x_wconf 76' lang='grc' dir='ltr'><strong>τῇ</strong></span> <span class='ocrx_word' id='word_1_851' title='bbox 2649 5420 2847 5491; x_wconf 78' lang='grc' dir='ltr'>καρδίᾳ</span> <span class='ocrx_word' id='word_1_852' title='bbox 2882 5437 3003 5490; x_wconf 88' lang='grc' dir='ltr'>μου,</span> <span class='ocrx_word' id='word_1_853' title='bbox 3041 5419 3236 5472; x_wconf 76' lang='grc' dir='ltr'>καὶτὰ</span> <span class='ocrx_word' id='word_1_854' title='bbox 3270 5420 3328 5473; x_wconf 85' lang='grc' dir='ltr'>ὲν</span> <span class='ocrx_word' id='word_1_855' title='bbox 3373 5421 3438 5490; x_wconf 81' lang='grc' dir='ltr'>τῇ</span> <span class='ocrx_word' id='word_1_856' title='bbox 3467 5418 3613 5491; x_wconf 76' lang='grc' dir='ltr'>ψυχῇ</span> <span class='ocrx_word' id='word_1_857' title='bbox 3658 5437 3756 5490; x_wconf 71' lang='grc' dir='ltr'><strong>μου</strong></span> 
     </span>
    </p>
   </div>
   <div class='ocr_carea' id='block_1_112' title="bbox 2177 5508 3756 5586">
    <p class='ocr_par' dir='ltr' id='par_1_112' title="bbox 2177 5508 3756 5586">
     <span class='ocr_line' id='line_1_112' title="bbox 2177 5508 3756 5586; baseline -0.001 -20"><span class='ocrx_word' id='word_1_858' title='bbox 2177 5515 2412 5583; x_wconf 85' lang='grc' dir='ltr'>ποιήσει,</span> <span class='ocrx_word' id='word_1_859' title='bbox 2463 5513 2556 5565; x_wconf 76' lang='grc' dir='ltr'>καὶ</span> <span class='ocrx_word' id='word_1_860' title='bbox 2609 5513 2950 5584; x_wconf 75' lang='grc' dir='ltr'>οἰκοδομήσω</span> <span class='ocrx_word' id='word_1_861' title='bbox 3011 5511 3158 5586; x_wconf 82' lang='grc' dir='ltr'><strong>αύτῷ</strong></span> <span class='ocrx_word' id='word_1_862' title='bbox 3205 5508 3352 5565; x_wconf 82' lang='grc' dir='ltr'>οἷκον</span> <span class='ocrx_word' id='word_1_863' title='bbox 3414 5512 3626 5577; x_wconf 88' lang='grc' dir='ltr'>πιστὸν,</span> <span class='ocrx_word' id='word_1_864' title='bbox 3666 5513 3756 5565; x_wconf 76' lang='grc' dir='ltr'>καὶ</span> 
     </span>
    </p>
   </div>
   <div class='ocr_carea' id='block_1_113' title="bbox 2175 5601 3755 5675">
    <p class='ocr_par' dir='ltr' id='par_1_113' title="bbox 2175 5601 3755 5675">
     <span class='ocr_line' id='line_1_113' title="bbox 2175 5601 3755 5675; baseline -0.001 -19"><span class='ocrx_word' id='word_1_865' title='bbox 2175 5603 2506 5656; x_wconf 86' lang='grc' dir='ltr'>διελεύσεται</span> <span class='ocrx_word' id='word_1_866' title='bbox 2541 5601 2770 5656; x_wconf 79' lang='grc' dir='ltr'>ἐνώπιον</span> <span class='ocrx_word' id='word_1_867' title='bbox 2811 5602 3047 5675; x_wconf 79' lang='grc' dir='ltr'>Χριστοῦ</span> <span class='ocrx_word' id='word_1_868' title='bbox 3101 5619 3203 5673; x_wconf 89' lang='grc' dir='ltr'><strong>μου</strong></span> <span class='ocrx_word' id='word_1_869' title='bbox 3255 5603 3437 5664; x_wconf 86' lang='grc' dir='ltr'>πάσας</span> <span class='ocrx_word' id='word_1_870' title='bbox 3478 5601 3580 5665; x_wconf 78' lang='grc' dir='ltr'>τὰς</span> <span class='ocrx_word' id='word_1_871' title='bbox 3620 5601 3755 5672; x_wconf 77' lang='grc' dir='ltr'><strong>ήμέ⁸</strong></span> 
     </span>
    </p>
   </div>
   <div class='ocr_carea' id='block_1_114' title="bbox 2179 5693 3752 5769">
    <p class='ocr_par' dir='ltr' id='par_1_114' title="bbox 2179 5693 3752 5769">
     <span class='ocr_line' id='line_1_114' title="bbox 2179 5693 3752 5769; baseline -0.003 -18"><span class='ocrx_word' id='word_1_872' title='bbox 2179 5713 2296 5767; x_wconf 89' lang='grc' dir='ltr'>ρας.</span> <span class='ocrx_word' id='word_1_873' title='bbox 2339 5715 2357 5748; x_wconf 76' lang='grc' dir='ltr'><strong>ι</strong></span> <span class='ocrx_word' id='word_1_874' title='bbox 2399 5695 2744 5750; x_wconf 83' lang='grc' dir='ltr'>Μετάστασιν</span> <span class='ocrx_word' id='word_1_875' title='bbox 2785 5697 2876 5751; x_wconf 75' lang='grc' dir='ltr'>καὶ</span> <span class='ocrx_word' id='word_1_876' title='bbox 2917 5695 3186 5769; x_wconf 78' lang='grc' dir='ltr'>ἀποϐολὴν</span> <span class='ocrx_word' id='word_1_877' title='bbox 3218 5695 3521 5766; x_wconf 85' lang='grc' dir='ltr'>ἀπειλήσας</span> <span class='ocrx_word' id='word_1_878' title='bbox 3559 5697 3588 5749; x_wconf 80' lang='grc' dir='ltr'><strong>ό</strong></span> <span class='ocrx_word' id='word_1_879' title='bbox 3615 5693 3752 5754; x_wconf 80' lang='grc' dir='ltr'>θεῖος</span> 
     </span>
    </p>
   </div>
   <div class='ocr_carea' id='block_1_115' title="bbox 561 5841 2095 5926">
    <p class='ocr_par' dir='ltr' id='par_1_115' title="bbox 561 5841 2087 5916">
     <span class='ocr_line' id='line_1_115' title="bbox 561 5841 2087 5916; baseline 0.011 -23"><span class='ocrx_word' id='word_1_880' title='bbox 561 5842 605 5872; x_wconf 78' lang='grc'><strong>⁸⁵</strong></span> <span class='ocrx_word' id='word_1_881' title='bbox 636 5841 651 5894; x_wconf 91' lang='grc' dir='ltr'><strong>Ι</strong></span> <span class='ocrx_word' id='word_1_882' title='bbox 687 5842 820 5916; x_wconf 78' lang='lat' dir='ltr'><strong>Reg.</strong></span> <span class='ocrx_word' id='word_1_883' title='bbox 847 5861 906 5912; x_wconf 84' lang='grc' dir='ltr'><strong>ιι,</strong></span> <span class='ocrx_word' id='word_1_884' title='bbox 947 5843 1028 5898; x_wconf 90' lang='lat' dir='ltr'><strong>l0.</strong></span> <span class='ocrx_word' id='word_1_885' title='bbox 1107 5844 1152 5876; x_wconf 87' lang='lat'><strong>“</strong></span> <span class='ocrx_word' id='word_1_886' title='bbox 1182 5860 1325 5905; x_wconf 84' lang='lat' dir='ltr'><strong>vers.</strong></span> <span class='ocrx_word' id='word_1_887' title='bbox 1359 5847 1442 5904; x_wconf 75' lang='lat' dir='ltr'><strong>l2.</strong></span> <span class='ocrx_word' id='word_1_888' title='bbox 1523 5849 1564 5881; x_wconf 82' lang='grc'><strong>⁸⁷</strong></span> <span class='ocrx_word' id='word_1_889' title='bbox 1591 5865 1734 5907; x_wconf 77' lang='lat' dir='ltr'><strong>vers.</strong></span> <span class='ocrx_word' id='word_1_890' title='bbox 1759 5850 1850 5907; x_wconf 73' lang='lat'><strong>9.5.</strong></span> <span class='ocrx_word' id='word_1_891' title='bbox 1930 5853 1971 5885; x_wconf 85' lang='grc' dir='ltr'><strong>ί⁸</strong></span> <span class='ocrx_word' id='word_1_892' title='bbox 1996 5851 2014 5907; x_wconf 98' lang='lat' dir='ltr'><strong>l</strong></span> <span class='ocrx_word' id='word_1_893' title='bbox 2044 5850 2087 5910; x_wconf 75' lang='grc' dir='ltr'><strong>Β</strong></span> 
     </span>
    </p>
   </div>
   <div class='ocr_carea' id='block_1_116' title="bbox 2205 5841 2815 5926">
    <p class='ocr_par' dir='ltr' id='par_1_116' title="bbox 2217 5850 2815 5922">
     <span class='ocr_line' id='line_1_116' title="bbox 2217 5850 2815 5922; baseline 0 -14"><span class='ocrx_word' id='word_1_894' title='bbox 2217 5869 2276 5922; x_wconf 86' lang='grc' dir='ltr'><strong>ιι,</strong></span> <span class='ocrx_word' id='word_1_895' title='bbox 2327 5852 2416 5908; x_wconf 76' lang='grc' dir='ltr'><strong>δι.</strong></span> <span class='ocrx_word' id='word_1_896' title='bbox 2489 5851 2531 5885; x_wconf 75' lang='grc' dir='ltr'><strong><em>ον</em></strong></span> <span class='ocrx_word' id='word_1_897' title='bbox 2559 5850 2690 5907; x_wconf 86' lang='lat' dir='ltr'><strong>ibid.</strong></span> <span class='ocrx_word' id='word_1_898' title='bbox 2727 5853 2815 5908; x_wconf 70' lang='grc' dir='ltr'><strong>εδ.</strong></span> 
     </span>
    </p>
   </div>
  </div>
