3954 6510
147 421 224 478 5'2!

1027 397 1684 458 DZ-iMONSTRATIONlS
1724 396 2180 454 EVANGELICA‘Z
2223 395 2352 450 LIB.
2393 395 2483 449 IV.

3264 397 3372 454 3'22

144 542 272 603 λόγος
294 530 402 590 τοῖς
434 524 499 579 ού
535 520 672 578 κατά
713 521 804 574 τὸν
835 517 993 587 ὀρθὸν
1025 517 1225 588 τρόπον
1263 512 1681 586 λειτουργοῦσιν,

1792 509 1977 565 viuum
2032 509 2271 564 minetur
2328 507 2633 568 oraculum.
2686 507 2851 560 alium
2899 522 2966 561 ex
3018 507 3126 562 alio
3173 523 3372 578 genere

143 631 296 697 Ξτερον
320 620 377 684 ἐξ
403 617 597 688 ἐτέρου
625 613 813 682 γένους
841 609 1204 679 καταστήσειν
1241 606 1388 678 ἱερέα
1417 604 1688 673 ἐπαγγέλ-

144 696 284 778 λεται,
321 714 379 766 ὃν
418 710 517 764 καί
561 723 688 778 φησι
724 725 742 757 ι
774 702 1138 758 διελεύσεσθαι
1177 699 1406 754 ἐνώπιον
1452 696 1687 768 Χριστοῦ

142 807 294 870 αὺτοῦ,
338 825 354 855 ι
393 803 425 873 ἧ
473 821 490 852 ι
535 797 1003 871 ἐμπεριπατήσειν
1055 795 1133 856 εἰς
1174 792 1460 862 πρόσωπον
1499 789 1690 860 είλημ-

146 904 276 975 μένου
291 899 363 969 (Ι)
382 894 572 950 αὑτοῦ·
600 913 617 944 ι
638 891 714 955 ὡς
733 893 761 945 6
777 888 1004 951 Ἀκύλας
1019 886 1379 958 ἡρμήνευσεν,
1401 882 1434 953 ἦ
1454 882 1528 945 ὡς
1552 880 1622 934 Σύ
1632 898 1690 975 μζ

147 971 304 1064 palo;
337 1009 354 1039 ι
386 981 911 1057 ἀναστραφήσεσθαι
951 977 1259 1051 ἔμπροσθεν
1307 975 1401 1028 τοῦ
1452 971 1685 1046 Χριστοῦ

143 1087 291 1144 αὐτοῦ.
333 1106 349 1135 ι
381 1084 478 1148 Τίς
513 1082 560 1136 δ’
587 1081 652 1135 ἂν
685 1074 838 1143 οὗτος
880 1076 1000 1147 ein;
1031 1075 1136 1136 πᾶς
1164 1075 1193 1125 6
1237 1069 1472 1132 εὐσεϐῶς
1517 1084 1687 1139 προσ-

147 1181 220 1236 ιὼν
245 1181 304 1250 τῇ
365 1174 654 1247 ἱερουργίᾳ
687 1171 782 1226 τοῦ
811 1167 1048 1242 Χριστοῦ
1082 1165 1176 1220 τοῦ
1203 1163 1359 1227 Θεοῦ,
1393 1157 1436 1230 ᾧ
1467 1161 1557 1215 τὸν
1585 1162 1684 1232 τῆς

153 1271 439 1340 Ἐκκλησίας
473 1264 645 1328 οἷκον,
675 1259 762 1317 οἷα
798 1259 958 1330 σοφὸς
991 1258 1324 1331 ἀρχιτέκτων
1359 1253 1451 1307 καὶ
1480 1250 1684 1306 οἰκοδόο

144 1384 239 1438 μος,
265 1362 415 1424 αὐτὸς
462 1361 492 1410 6
540 1358 649 1410 τῶν
672 1356 809 1409 ὅλων
838 1353 970 1416 Θεὸς
1003 1349 1378 1420 οἰκοδομήσειν
1413 1345 1686 1414 ὑπισχνεῖ-

145 1437 227 1521 ται,
259 1454 356 1509 οὐδ’
393 1450 557 1506 ἄλλον
592 1444 739 1503 οἷκον
773 1444 1052 1517 σημαίνων
1089 1442 1246 1515 ἢτὴν
1277 1439 1399 1494 καθ’
1434 1437 1560 1508 ὅλης
1582 1437 1684 1505 τῆς

142 1546 421 1618 οἰκουμένης
474 1542 555 1612 τῷ
597 1537 819 1612 Χριστῷ
853 1535 1108 1607 ὀνομαστὶ
1145 1534 1413 1587 συστᾶσαν
1454 1528 1684 1599 Ἐκκλη-

152 1642 266 1693 τίαν·
292 1637 412 1692 ἔνθα
445 1636 558 1697 πᾶς
575 1634 604 1684 6
625 1630 713 1684 διὰ
735 1627 968 1700 Χριστοῦ
995 1625 1086 1680 τοῦ
1109 1624 1241 1678 Θεοῦ
1264 1623 1553 1694 ίερωμένος
1579 1638 1684 1674 κα-

142 1733 283 1796 an;
302 1725 680 1800 πνευματικὰς
708 1721 1046 1794 λειτουργίας
1068 1719 1138 1773 τὰ
1160 1717 1469 1787 καταθύμια
1495 1717 1588 1768 καὶ
1615 1713 1686 1766 τὰ

145 1825 256 1879 κατὰ
271 1821 436 1894 ψυχὴν
461 1819 558 1872 τοῦ
583 1815 720 1870 Θεοῦ
758 1814 974 1883 λέγεται
995 1813 1258 1883 ποιήσειν,
1293 1809 1401 1862 τῶν
1425 1808 1490 1861 δι’
1514 1807 1682 1877 αἵμα-

1790 600 2218 656 constituturum
2237 614 2296 655 se
2321 597 2658 654 sacerdotem
2685 598 2990 668 pollicetur,
3016 614 3176 665 quem
3203 602 3368 656 etiam

1789 693 1921 747 dicit
1958 710 1977 742 ι
2024 692 2400 761 ingressurum
2449 689 2503 742 in
2537 697 2836 758 cormpcclu
2869 687 3070 744 Christi
3110 693 3194 751 sui
3227 713 3246 743 ι
3285 694 3371 747 vel

1796 769 1818 836 ι’
1856 782 2320 837 inambulaturum
2357 780 2413 834 in
2460 781 2653 836 faciem
2700 781 2850 834 uncti
2906 782 3014 850 sui,
3053 801 3072 834 ι
3105 784 3372 851 quemad-

1789 876 2007 927 modum
2031 871 2224 940 Aquila
2242 873 2627 939 interpretatus
2646 878 2748 932 est,
2769 872 2872 933 vel,
2901 879 2958 924 ut
2984 873 3368 940 Symmachus,

1794 981 1812 1015 ι
1854 972 2201 1018 versaturum
2233 970 2362 1016 ante
2396 962 2676 1016 Christum
2710 977 2891 1016 suum.
2925 983 2943 1014 ι
2980 961 3086 1016 Sed
3110 965 3232 1031 quis
3255 973 3371 1018 tan-

1788 1055 1910 1110 dem
1945 1054 2034 1109 hic
2061 1054 2209 1108 erit?
2237 1051 2429 1106 Omnis
2455 1053 2710 1106 nimirum
2746 1053 3058 1122 quicunque
3091 1052 3160 1105 ad
3189 1069 3370 1108 sacer-

1788 1147 1994 1202 dotium
2023 1144 2226 1200 Christi
2261 1143 2356 1199 Dei
2387 1159 2512 1197 cum
2544 1143 2740 1212 pietate
2770 1145 3083 1200 accesserit.
3118 1146 3215 1200 Cui
3252 1146 3371 1215 qui-

1787 1237 1910 1293 dem
1951 1237 2108 1307 192
2145 1236 2405 1291 Ecclesiae
2433 1237 2682 1298 domum,
2724 1244 2982 1305 tanquam
3027 1239 3246 1306 sapiens
3276 1253 3368 1291 ar-

1788 1328 2059 1381 chitectus
2103 1335 2264 1396 atque
2300 1326 2598 1380 aediﬁcator
2651 1326 2767 1392 ipse
2827 1327 3067 1380 universi
3111 1325 3274 1390 Deus,
3307 1345 3366 1382 se

1786 1417 2178 1472 aedificaturum
2219 1418 2526 1487 pollicetur,
2575 1432 2684 1471 non
2730 1417 2890 1470 aliam
2926 1420 3112 1488 utique
3141 1419 3362 1473 domum

1787 1510 2103 1580 signiﬁcans
2134 1525 2299 1580 quam
2342 1524 2461 1564 eam
2502 1524 2623 1578 quae
2657 1509 2977 1563 nominatim
3009 1510 3228 1564 Christo
3268 1527 3367 1580 per

1787 1610 1959 1657 totum
1987 1602 2173 1656 orbem
2207 1609 2480 1656 terrarum
2523 1610 2703 1655 erecta
2736 1611 2839 1664 est,
2878 1601 3180 1656 Ecclesiam
3224 1621 3236 1656 :
3273 1604 3364 1656 ubi

1785 1709 1918 1750 sane
1948 1693 2127 1748 omnis
2152 1694 2465 1764 quicunque
2491 1709 2590 1763 per
2623 1692 2902 1747 Christum
2947 1692 3039 1748 Dei
3073 1709 3366 1748 consecra-

1786 1796 1873 1842 tus
1905 1797 2009 1852 est,
2048 1787 2344 1842 secundum
2376 1786 2682 1856 spiritualia
2727 1786 3054 1850 ministeria,
3089 1803 3210 1857 qua:
3247 1788 3364 1857 pla-

141 1936 227 1980 :zg,
261 1915 463 1985 ταύρων
514 1912 616 1964 καὶ
646 1910 885 1982 τράγων,
940 1904 1081 1960 κατὰ
1120 1903 1219 1975 τὴν
1252 1901 1419 1955 πάλαι
1447 1901 1681 1970 τυπικὴν

1784 1882 1890 1935 cita
1921 1882 2051 1946 sint,
2104 1890 2159 1936 et
2189 1897 2255 1935 ex
2299 1881 2482 1934 animo
2521 1894 2585 1934 ac
2616 1883 2884 1934 sententia
2919 1881 3012 1935 Dei
3043 1882 3244 1935 dicitur
3282 1881 3362 1935 fa-
3461 1956 3465 1966 1

145 2006 321 2078 ἀγωγὴν
353 2001 812 2073 ἐπιτελουμένων,
847 1994 1254 2070 μετατεθεῖσθαι
1287 1994 1392 2046 ὑπὸ
1421 1991 1513 2045 τοῦ
1547 1990 1681 2044 Θεοῦ

145 2101 209 2153 διὰ
242 2100 325 2169 τῆς
368 2096 596 2150 Ἡσαΐου
623 2093 959 2165 προφητείας
988 2087 1452 2160 ὁμολογουμένων.
1479 2083 1684 2137 Τοσαῦ-

145 2209 195 2244 τα
237 2191 293 2244 δι’
325 2182 396 2241 ὧν
435 2189 465 2240 6
505 2185 747 2256 Χριστὸς
775 2183 1031 2253 ὀνομαστί⁹
1075 2178 1514 2250 προκεκήρυκτο·
1545 2173 1682 2245 πλὴν

257 2282 364 2333 ἐπεὶ
415 2278 507 2332 διά
553 2277 667 2330 τῶν
717 2275 982 2327 πλείστων
1025 2270 1096 2324 τά
1137 2268 1281 2340 πάθη
1321 2266 1414 2320 τοῦ
1447 2264 1681 2337 Χριστοῦ

148 2373 365 2444 συνῆπται
389 2373 454 2440 τῇ
489 2367 661 2422 αὐτοῦ
694 2364 1056 2438 προσηγορία,
1085 2363 1376 2430 ἀναγκαῖον
1409 2357 1675 2410 ἐπαναλαο

148 2464 233 2516 εείν
275 2462 336 2516 τὰ
359 2458 740 2533 προειρημένα
777 2457 906 2529 περὶ
935 2455 1034 2526 τῆς
1067 2455 1184 2507 κατ’
1218 2451 1381 2505 αὐτὸν
1410 2447 1679 2518 θεότητος,

147 2557 194 2624 ἣν
228 2556 276 2606 ἐν
312 2553 385 2624 τῷ
424 2553 507 2625 μδ⁹
553 2549 758 2622 ψαλμῷ
811 2545 1274 2620 ἐπιγεγραμμένῳ
1312 2562 1330 2594 ι
1377 2541 1546 2612 ’Υπὲρ
1589 2538 1682 2592 τοῦ

149 2646 384 2717 ἀγαπητοῦ
427 2668 444 2698 ι
485 2644 758 2717 φέρεσθαι
790 2639 1345 2713 προπαρεστήσαμεν,
1380 2632 1507 2687 ἔνθα
1538 2635 1567 2685 6
1594 2630 1682 2683 λό-

146 2755 216 2807 γος
259 2741 308 2792 ἐν
351 2739 595 2810 πρώτοις
639 2737 803 2799 αὐτὸς
831 2733 1148 2805 ὑπομνήσας
1185 2730 1260 2792 ὡς
1295 2725 1536 2798 βασιλέα,
1565 2722 1682 2796 μεθ’

146 2831 270 2903 ἕτερα
295 2831 478 2900 ἐπάγει
512 2831 648 2902 περὶ
677 2828 927 2899 θεότητος
943 2825 1036 2878 τοῦ
1058 2820 1313 2895 Χριστοῦ·
1349 2839 1366 2869 ι
1408 2819 1466 2873 '0
1497 2817 1684 2890 θρόνος

149 2940 218 2976 σου
241 2925 265 2976 6
291 2923 412 2988 Θεὸς
441 2925 526 2987 είς
562 2922 656 2976 τὸν
696 2920 865 2974 αίῶνα
902 2917 998 2972 τοῦ
1031 2915 1255 2978 αίῶνος’
1290 2911 1481 2984 ῥάϐδος
1525 2908 1683 2962 εὐθύ-

148 3033 269 3085 τητος
310 3019 340 3088 ἡ
387 3016 587 3088 ῥάϐδος
633 3015 732 3086 τῆς
779 3011 1051 3085 βασιλείας
1087 3026 1199 3061 σου.
1249 3004 1569 3075 Ἠγάπησας
1605 3002 1683 3054 δι-

148 3107 403 3179 καιοσύνην,
431 3109 528 3161 κοιλ⁸
555 3107 826 3178 ἐμίσησας
849 3103 1061 3158 ἀδικίαν
1078 3118 1091 3130 ο
1120 3100 1206 3153 διὰ
1230 3097 1386 3151 τοῦτο
1414 3094 1598 3166 ἐχρισέ
1623 3110 1682 3147 σε

149 3200 291 3264 ὁθεὸς
314 3201 482 3265 ὁΘεός
517 3217 617 3253 σου
648 3198 825 3251 ἔλαιον
846 3193 1218 3264 ἀγαλλιάσεως
1246 3189 1396 3262 παρὰ
1428 3190 1554 3251 τοὺς
1582 3204 1681 3260 με-

148 3252 294 3361 τόχους
321 3252 503 3349 tua};
554 3290 754 3360 Σαφῶς
799 3252 908 3360 γάρ
953 3291 1010 3341 ἐν
1055 3252 1284 3348 τούτοις,
1327 3252 1411 3346 ’ὡς
1445 3281 1547 3353 ἤδη
1583 3252 1685 3333 καὶ
1711 3252 1752 3309 C

151 3386 361 3456 πρότερον
388 3385 950 3458 προπαρεστήσαμεν,
983 3374 1064 3443 εἷς
1105 3377 1181 3431 ὢν
1217 3377 1311 3430 καὶ
1334 3373 1495 3437 αὐτὸς
1528 3375 1557 3426 6
1584 3372 1680 3444 δη-

148 3475 356 3548 λούμενος
390 3479 522 3543 Θεὸς
552 3474 692 3531 εἶναι
715 3476 952 3545 λέγεται,
999 3469 1307 3544 ἠγαπηκὼς
1333 3465 1679 3536 δικαιοσύνην

150 3571 219 3623 xit
244 3573 540 3643 μεμισηκὼς
577 3569 809 3624 ἀδικίαν.
855 3567 968 3622 Καὶ
1010 3565 1200 3618 τούτου
1243 3561 1402 3634 χάριν
1443 3559 1532 3629 ὑφ’
1561 3557 1677 3611 ἐτέ-

151 3677 220 3729 ρου
250 3662 469 3732 μείζονος
502 3660 646 3716 Θεοῦ
692 3659 788 3715 καὶ
833 3657 1039 3730 πατρὸς
1072 3652 1258 3717 αὐτοῦ,
1322 3648 1679 3722 κεχρισμένος

152 3750 276 3823 ἐλαίῳ
303 3754 567 3826 κρείττονι
603 3755 696 3807 καὶ
724 3748 1090 3823 διαφέροντιῆ
1119 3745 1260 3800 κατὰ
1281 3743 1407 3806 τοὺς
1450 3742 1673 3804 τύπους,

151 3843 208 3912 τῷ
231 3845 521 3919 καλουμένῳ
566 3845 668 3916 τῆς
712 3841 1103 3913 ἀγαλλιάσεως.
1145 3839 1204 3890 '0
1242 3836 1299 3889 δὲ
1345 3833 1424 3905 τῷ
1454 3831 1678 3902 τοιούτῳ

152 3935 340 4005 χρισθεὶς
372 3938 560 4009 ἐλαίῳ,
593 3937 654 3989 ού
690 3935 826 4007 πρὸς
857 3930 1179 4004 ἀνθρώπων,
1215 3926 1334 3981 οὐδὲ
1367 3925 1434 3979 δι’
1470 3921 1679 3996 ἀνθρώ-

152 4039 256 4087 πων,
277 4028 376 4082 ἀλλ’
406 4029 496 4083 ὑπ’
521 4027 688 4082 αὐτοῦ
720 4026 816 4080 τοῦ
850 4024 1126 4079 ἀνωτάτου
1156 4019 1312 4083 Θεοῦ,
1346 4019 1400 4071 τί
1431 4014 1675 4088 ἐτερονῆ

152 4115 332 4187 Χριστὸς
358 4122 584 4185 εἰκότως
614 4117 974 4190 ὀνομασθείης
1007 4113 1202 4168 οὐκοῦν
1251 4113 1280 4165 6
1335 4109 1496 4173 αὐτὸς
1540 4106 1674 4179 ὁμοῦ

153 4212 222 4262 καὶ
260 4211 374 4277 Θεὸς
413 4214 692 4268 δείκνυται
735 4207 1142 4282 ὠνομασμένος,
1187 4204 1376 4274 ῶσπερ
1429 4202 1522 4255 καὶ
1572 4200 1672 4271 ήδη

152 4303 362 4376 πρότερον
399 4305 546 4361 κατὰ
597 4305 726 4368 τοὺς
761 4303 995 4366 οἰκείους
1023 4300 1221 4362 τόπους
1253 4296 1521 4367 παρέστη.
1565 4293 1676 4347 Καὶ

152 4394 220 4446 τοῦ
255 4397 452 4453 Ἡσαΐου
506 4397 568 4452 δὲ
609 4397 704 4451 καὶ
750 4395 924 4450 ταῦτα
970 4392 1134 4447 πάλιν
1165 4387 1560 4460 ὑπομνηστέον,
1614 4385 1673 4450 ὃς

151 4483 278 4556 ἔῖησε
297 4506 308 4520 ·
345 4509 362 4542 ι
401 4489 632 4561 Πνεῦμα
656 4487 864 4559 Κυρίου
884 4486 973 4539 ἐπ’
999 4483 1120 4556 ἐμὲ,
1153 4475 1216 4537 οὗ
1247 4482 1452 4535 εἵνεκεν
1491 4476 1672 4550 ἐχρισέ

154 4592 228 4672 με·
270 4580 704 4652 εὐαγγελίσασθαι
753 4580 990 4648 πτωχοῖς
1028 4573 1351 4672 ⁸ἀπέσταλκέ
1394 4588 1482 4643 με,
1519 4571 1674 4672 ίάσα-
1704 4618 1747 4672 D

151 4666 242 4722 σθαι
281 4675 393 4740 τοὺς
444 4671 937 4746 συντετριμμένους
988 4667 1087 4740 τὴν
1136 4665 1394 4738 καρδίαν·
1435 4662 1670 4735 κηρύξαι

152 4760 457 4832 αεχμαλὼτοις
518 4767 733 4837 ἄφεσιν,
790 4765 886 4818 καὶ
915 4761 1138 4832 τυφλοῖς
1170 4757 1476 4827 ἀνάϐλεψιν.
1511 4774 1529 4807 ι
1585 4755 1671 4807 'E-

151 4848 378 4927 Gaiijtsv
431 4861 529 4914 καὶ
589 4861 646 4911 ἐν
703 4857 934 4921 τούτοις,
999 4855 1074 4919 ὡς
1121 4855 1171 4908 οἱ
1223 4851 1320 4923 μὲν
1361 4849 1422 4914 ἐξ
1463 4845 1671 4919 ἀνθρώ·

153 4960 238 4999 πων
288 4953 437 5007 πάλαι
497 4953 762 5024 πρότερον
819 4950 912 5003 ἐπὶ
968 4948 1069 5019 τὴν
1138 4944 1233 4999 τοῦ
1292 4943 1449 4998 Θείου
1511 4940 1672 5012 θερα-

152 5035 270 5088 πείειν
289 5044 586 5112 προσιόντες
633 5043 818 5113 ἱερεῖς,
874 5036 1038 5108 ἐλαίῳ
1073 5035 1316 5106 ἐχρίοντο
1354 5027 1666 5099 σκευαστῶ-

152 5125 226 5180 ὀδέ
251 5128 324 5184 διά
350 5133 442 5204 τῆς
471 5131 809 5205 προφητείας
836 5128 996 5200 δηλού
1006 5145 1164 5200 μενος
1195 5129 1262 5197 τῇ
1299 5124 1468 5194 ἐνθέῳ
1512 5123 1674 5176 δυνά-

155 5233 220 5286 μει
243 5225 501 5295 κεκρίσθαι
540 5225 779 5294 λέγεται.
819 5223 992 5275 Τοῦτο
1015 5221 1073 5274 δέ
1106 5219 1226 5273 ὅλον
1263 5218 1354 5270 ἐπὶ
1392 5217 1484 5270 τὸν
1535 5216 1673 5286 ὴμέ-

151 5319 270 5376 τερον
292 5313 506 5388 Σωτῆρα
545 5315 838 5384 ἀνεφέρετο
893 5309 1124 5381 Ἰησοῦν,
1156 5309 1247 5362 τὸν
1297 5306 1456 5378 μόνον
1501 5303 1672 5376 ἀληθῆ

151 5396 336 5469 Χριστὸν
355 5408 442 5462 τοῦ
487 5407 646 5470 Θεοῦ,
691 5406 788 5470 ὡς,
817 5405 911 5459 ἐπὶ
940 5404 1039 5474 τῆς
1085 5401 1193 5454 τῶν
1242 5397 1509 5452 Ἰουδαίων
1552 5413 1675 5448 συν-

154 5497 328 5568 ατωγῆς
364 5519 487 5555 ποτε
537 5498 718 5554 λαὸὼν
749 5498 848 5570 τὴν
894 5493 1231 5569 προφητείαν
1250 5533 1264 5557 ,
1310 5491 1404 5545 καὶ
1448 5485 1670 5542 διελθὼν

153 5582 226 5652 τὴν
247 5589 526 5649 ἐκτεθεῖσαν
564 5591 890 5665 περικοπὴν,
926 5585 1318 5658 πεπληρῶσθαι
1355 5585 1434 5646 εἰς
1477 5579 1668 5633 ἐαυτὸν

155 5672 314 5748 ἐδίδαξε
340 5686 396 5739 τὸ
415 5688 763 5756 ἀνάγνωσμα.
789 5682 1101 5752 Γέγραπται
1125 5677 1253 5747 γὰρ,
1279 5675 1353 5737 ὡς
1378 5672 1504 5743 ἄρα,
1538 5670 1667 5723 ἀνα-

213 5770 410 5832 "Vers.
443 5780 494 5834 1.
575 5779 615 5811 ⁷⁸
650 5775 799 5830 Psal.
855 5788 1004 5836 χειν,
1056 5769 1166 5824 7—8.
1212 5767 1393 5821 "lsa.
1449 5779 1560 5830 th,
1609 5761 1662 5816 i.

211 5860 269 5931 (1)
297 5870 673 5943 είλημμένου.
711 5868 852 5939 Lege
889 5863 1238 5937 ηλειμμένου.
1280 5857 1434 5911 Eutr.

1785 1981 2024 2028 cturus:
2059 1972 2280 2043 quando
2336 1971 2374 2025 ii
2424 1971 2518 2041 qui
2567 1987 2664 2041 per
2708 1972 3027 2042 sanguinem
3076 1982 3359 2028 taurorum

1785 2073 1948 2135 atque
1979 2065 2282 2129 hircorum,
2310 2065 2468 2133 juxta
2495 2072 2729 2119 veterem
2765 2065 2819 2118 in
2850 2065 3019 2135 ﬁgura
3056 2067 3241 2134 ritum,
3272 2083 3363 2122 sa-

1785 2176 1877 2215 cra
1905 2161 2276 2231 perﬁciebant,
2307 2161 2362 2215 in
2397 2160 2586 2216 odium
2611 2159 2703 2216 Dei
2737 2160 3016 2223 incidisse,
3050 2178 3143 2232 per
3164 2162 3359 2218 Isaiam

1785 2253 2105 2322 prephetam
2139 2253 2257 2308 sine
2287 2253 2663 2307 controversia
2691 2253 2967 2307 dicuntur.
2999 2253 3275 2309 llactenus
3297 2273 3360 2309 ea

1786 2346 1842 2400 in
1887 2346 2088 2415 quibus
2134 2345 2455 2402 nominatim
2494 2344 2749 2402 Christus
2801 2347 3096 2416 praedictus
3159 2347 3358 2404 fuerat.

1786 2435 2170 2493 Verumtamen
2220 2437 2348 2506 quia
2412 2436 2660 2506 pluribus
2719 2437 2902 2492 verbis
2962 2453 3082 2507 quae
3141 2437 3361 2492 Christo

1785 2530 2014 2584 adversa
2063 2543 2128 2583 ac
2169 2529 2346 2584 tristia
2400 2529 2766 2599 contigerunt,
2820 2529 2967 2582 illius
3011 2529 3361 2598 appellationi
3431 2543 3438 2550 ·

1785 2621 1996 2677 adnexa
2029 2629 2177 2684 sunt,
2211 2637 2436 2676 necesse
2459 2631 2562 2685 est,
2586 2637 2706 2691 qua:
2734 2633 2891 2675 antea
2925 2621 3068 2676 dicta
3095 2631 3243 2688 sunt,
3292 2622 3361 2676 de

1785 2713 1932 2769 illius
1947 2713 2231 2768 divinitate
2246 2723 2511 2783 repetere,
2536 2714 2602 2768 de
2631 2730 2737 2784 qua
2768 2715 2822 2768 in
2851 2730 2974 2768 xuv
3004 2716 3236 2784 psalmo,
3267 2717 3360 2785 qui

1787 2804 2084 2876 inscriptus
2120 2823 2140 2857 ι
2179 2805 2287 2861 Pro
2308 2805 2510 2862 dilecto
2544 2807 2608 2871 ⁷ο,
2648 2826 2666 2859 ι
2693 2808 2916 2862 tractari
2941 2823 3105 2878 supra
3135 2807 3363 2863 demon-

1785 2897 2102 2965 stravimus,
2135 2898 2227 2952 ubi
2253 2899 2536 2953 oraculum
2572 2898 2626 2952 in
2659 2899 2851 2968 primis
2882 2898 2950 2954 de
2982 2900 3076 2952 illo
3100 2908 3361 2969 tanquam

1783 2991 1849 3046 de
1879 3007 2003 3062 rege
2029 2999 2292 3057 tractans,
2332 3000 2455 3063 post
2481 2993 2585 3047 alia
2615 2993 2876 3048 nonnulla
2905 2992 3020 3047 haec
3046 2991 3114 3048 de
3154 2993 3361 3050 Christt

1783 3084 2067 3141 divinitate
2089 3086 2367 3158 adjungit:
2404 3105 2421 3137 ι
2456 3083 2624 3142 Sedes
2653 3093 2768 3150 tua,
2802 3084 2966 3148 Deus,
2999 3086 3054 3140 in
3098 3085 3359 3140 sarculum

1786 3178 1970 3233 saeculi
2004 3197 2018 3232 :
2056 3178 2204 3250 virga
2235 3178 2576 3244 directionis,
2608 3179 2758 3249 virga
2780 3181 2930 3248 regni
2963 3179 3082 3250 tui:
3119 3178 3361 3233 dilexisti

1782 3272 2074 3341 justitiam,
2111 3280 2164 3327 et
2195 3271 2357 3327 odisti
2412 3271 2774 3343 iniquitatem,
2803 3280 3090 3342 propterea
3120 3272 3275 3326 unxit
3306 3279 3362 3326 te

1786 3363 1947 3430 Deus,
1973 3364 2388 3421 Deustuusoleo
2427 3365 2830 3427 exsultationis,
2855 3379 2965 3434 prae
2995 3364 3363 3433 participibus

1784 3456 1892 3512 tuis
1918 3457 1987 3512 τί.
2034 3476 2052 3507 ι
2085 3455 2250 3510 Plane
2277 3454 2424 3511 enim
2466 3456 2522 3509 in
2550 3455 2657 3518 his,
2690 3461 2750 3508 ut
2785 3454 2899 3524 jam
2935 3463 3094 3508 antea
3127 3454 3358 3508 demon-

1781 3549 2102 3613 stravimus,
2132 3563 2255 3604 eum
2284 3563 2429 3602 unus
2461 3547 2580 3617 ipse
2602 3561 2820 3617 quoque
2852 3547 2925 3602 sit
2950 3546 2996 3601 is
3022 3546 3090 3602 de
3118 3561 3228 3616 quo
3251 3545 3362 3615 agi-

1783 3650 1892 3701 tur,
1927 3638 2070 3695 Deus
2091 3655 2214 3695 esse
2239 3639 2462 3703 dicitur,
2490 3639 2582 3710 qui
2611 3639 2880 3708 justitiam
2911 3637 3180 3704 dilexerit,
3221 3635 3356 3690 ode-

1780 3732 1961 3800 ritque
1997 3730 2360 3800 iniquitatem,
2392 3737 2557 3801 atque
2595 3730 2758 3800 hujus
2787 3729 2865 3785 rei
2907 3728 3100 3799 gratia,
3139 3728 3207 3786 ab
3235 3727 3362 3798 ipso

1779 3824 1891 3880 Deo
1919 3839 1983 3879 ac
2005 3822 2166 3881 Patre
2190 3839 2292 3880 suo
2319 3831 2521 3880 unctus
2553 3823 2626 3879 sit
2646 3823 2767 3878 oleo
2798 3821 3164 3894 praestantiori
3192 3829 3360 3892 atque

1777 3915 2172 3980 excellentiori,
2208 3930 2372 3986 quam
2416 3923 2562 3973 esset
2598 3915 2910 3986 ﬁguratum,
2965 3928 3051 3981 eo,
3106 3914 3352 3983 inquam,

1777 4007 1919 4071 oleo,
1950 4006 2097 4078 quod
2125 4007 2510 4063 exsultationis
2541 4016 2788 4062 vocatur.
2832 4005 2904 4062 At
2931 4005 3078 4061 enim
3119 4005 3351 4075 quicun-

1776 4116 1884 4170 que
1910 4100 2289 4169 hujuscemodi
2320 4100 2463 4164 oleo,
2484 4115 2595 4154 non
2625 4099 2694 4154 ab
2719 4098 3035 4153 hominibus
3059 4111 3234 4168 neque
3254 4110 3354 4166 per

1777 4192 2047 4256 homines,
2097 4190 2193 4247 sed
2241 4191 2310 4246 ab
2358 4190 2480 4260 ipso
2522 4189 2632 4245 Deo
2674 4190 2835 4245 Patre
2870 4189 2942 4245 sit
2971 4196 3190 4253 unctus,
3219 4187 3354 4258 quid

1777 4283 1925 4338 aliud
1982 4282 2180 4338 merito
2235 4297 2400 4353 quant
2471 4280 2725 4337 Christus
2789 4281 2861 4338 sit
2929 4278 3355 4335 nominandus!

1775 4389 1907 4446 ergo
1960 4372 2213 4428 eumdem
2266 4371 2432 4427 etiam
2494 4369 2664 4426 Deum
2722 4371 2885 4428 simul
2919 4370 3189 4425 nominari
3235 4368 3352 4438 jam

1775 4472 2009 4531 constat,
2071 4463 2530 4534 quemadmodum
2584 4462 2806 4534 quidem
2851 4463 2968 4517 suis
3008 4462 3142 4517 locis
3188 4467 3352 4514 antea

1775 4559 2206 4614 demonstratum
2237 4564 2342 4613 est.
2380 4555 2580 4612 Verum
2609 4571 2730 4628 quae
2752 4555 2892 4626 apud
2923 4554 3114 4611 Isaiam
3145 4553 3354 4624 scripta.

1776 4654 1906 4707 olim
1975 4652 2313 4716 citavimus,
2377 4650 2471 4706 hic
2537 4665 2757 4720 quoque
2827 4646 3121 4719 repetenda
3178 4652 3350 4713 sunt,

1779 4747 1869 4803 ubi
1924 4746 2014 4801 ille
2047 4745 2124 4800 ait
2159 4763 2174 4799 :
2219 4764 2238 4797 ι
2274 4742 2512 4815 Spiritus
2545 4740 2758 4798 Domini
2810 4756 2974 4810 super
3014 4753 3136 4805 me,
3191 4736 3356 4807 cujus

1777 4850 1942 4892 causa
1996 4833 2153 4889 unxit
2209 4849 2329 4898 me,
2391 4833 2766 4905 evangelizare
2813 4830 3142 4902 pauperibus
3201 4827 3356 4883 misit

1777 4945 1904 4990 me,
1950 4942 2156 4990 sanare
2202 4927 2473 4982 contritos
2527 4924 2715 4990 corde,
2771 4923 3069 4995 praedicare
3120 4918 3358 4990 captivis

1778 5019 2178 5081 remissionem,
2225 5027 2281 5073 et
2325 5018 2487 5074 caecis
2525 5019 2703 5073 visum
2739 5017 2805 5069 ".
2853 5035 2872 5066 ι
2915 5016 2971 5069 In
3012 5014 3098 5068 his
3134 5025 3350 5081 quoque

1776 5108 2294 5173 demonstravimus,
2356 5109 2504 5181 quod
2551 5110 2646 5179 qui
2710 5108 2985 5180 quondam
3037 5101 3354 5160 sacerdotes

1771 5219 1836 5259 ex
1884 5199 2221 5264 hominibus,
2265 5201 2332 5255 ad
2389 5203 2466 5256 rei
2496 5203 2694 5256 divinae
2729 5200 2934 5254 cultum
2975 5193 3351 5277 accedebant,

1772 5297 1827 5351 hi
1884 5299 2164 5366 unguento
2233 5293 2532 5348 artiﬁciose
2592 5295 2911 5360 comparato
2983 5282 3353 5353 angebantur.

1776 5389 1934 5461 193
1967 5389 2037 5443 At
2083 5405 2244 5462 quem
2291 5386 2573 5457 prophetia
2610 5380 2918 5452 signiﬁcat,
2955 5376 3002 5431 is
3033 5375 3234 5462 virtute
3264 5369 3353 5424 di-

1777 5459 1910 5536 vina
1947 5459 2148 5535 unctus
2181 5494 2304 5535 esse
2341 5477 2562 5538 dicitur,
2591 5480 2768 5528 et-noc
2792 5479 2961 5524 totum
2993 5466 3058 5520 ad
3095 5459 3350 5516 Salvato-

1778 5591 1890 5631 rem
1923 5583 2172 5629 nostrum
2209 5571 2415 5635 Jesum,
2461 5569 2554 5639 qui
2586 5568 2736 5622 solus
2768 5578 2932 5619 verus
2979 5558 3232 5614 Christus
3265 5559 3349 5608 est

1777 5667 1894 5733 Dei,
1923 5667 2265 5724 referebatur
2302 5684 2316 5721 :
2349 5664 2439 5736 qui
2473 5661 2690 5734 quidem
2714 5658 2963 5714 Salvator
2994 5652 3051 5707 in
3077 5652 3349 5704 conventu
