3954 6522
545 362 652 420 393

1184 359 1452 418 EUSEBll
1491 357 1972 418 CIESARIENSIS
2005 361 2162 417 LOPP.
2186 361 2387 419 PARS.
2425 363 2491 419 ll.
2531 394 2602 406 —
2630 362 3130 422 APOLOCETICA.

3706 369 3812 423 59.6

541 479 858 536 διώκοι-ωτι
882 477 1184 548 quondam,
1213 493 1337 532 eum
1370 477 1709 547 prephetiam
1728 478 2050 548 accepisset,
2074 487 2121 533 et

2230 480 2388 548 γνοὺς
2422 482 2514 534 καὶ
2549 479 2751 547 πτύξας
2785 481 2846 534 τὸ
2879 481 3098 552 βιϐλίον,
3138 481 3230 536 καὶ
3276 483 3509 548 ἀποδοὺς
3550 483 3632 556 τῷ
3664 487 3815 558 ὑπη-

544 573 725 628 locum
770 572 1080 642 expositum
1118 569 1343 640 legendo
1384 571 1787 638 percurrisset,
1837 572 1890 625 in
1942 572 2126 641 seipse

543 665 876 736 completum
911 677 1054 724 esse,
1102 661 1248 731 quod
1279 662 1479 716 lectum
1518 670 1656 728 erat,
1686 664 1927 718 edocuit.
1964 663 2129 718 Scri—

543 765 698 828 ptum
724 763 812 811 est
848 758 1016 819 enim,
1051 762 1110 808 ut
1143 770 1272 808 eum
1307 755 1531 826 legisset
1561 757 1758 810 librum
1807 772 1870 812 ac
1900 757 2128 827 plicuis-

544 856 651 913 set,
688 848 1052 916 ministroque
1088 846 1440 910 reddidisset,
1473 847 1672 904 deinde
1695 849 1916 912 sederit,
1959 857 2127 921 utque

543 941 789 996 omnium
824 939 967 994 oculi
1003 940 1058 992 in
1107 947 1384 994 conventu
1427 941 1481 994 in
1508 941 1658 995 illum
1691 951 1878 998 essent
1909 943 2123 1009 intenti,

547 1040 713 1103 atque
753 1039 812 1085 ut
841 1031 1038 1087 deinde
1057 1033 1287 1102 cmperit
1315 1032 1499 1086 dicere
1521 1033 1588 1087 ad
1625 1033 1770 1098 illos,
1792 1034 1938 1104 quod
1971 1054 1990 1086 ι
2028 1035 2128 1088 bo-

547 1125 638 1180 die
688 1126 958 1194 completa
1006 1135 1091 1180 est
1149 1124 1432 1196 Scriptura
1483 1127 1597 1180 haec
1650 1126 1706 1180 in
1755 1127 1978 1182 auribus
2030 1143 2125 1181 ve-

543 1217 676 1274 stris
706 1218 772 1274 ".
817 1236 836 1269 ›
871 1217 1034 1273 Hisce
1064 1219 1322 1274 omnibus
1365 1219 1432 1273 ad
1466 1229 1770 1276 extremum
1802 1221 1893 1274 illa
1928 1236 2124 1275 rursus

541 1324 666 1380 quae
696 1309 840 1380 apud
871 1309 1076 1366 Mosem
1109 1311 1340 1381 legimus
1389 1311 1640 1366 addenda
1673 1328 1980 1377 censemus,
2031 1312 2125 1382 qui

541 1419 691 1468 cum,
721 1402 789 1458 ad
838 1404 1117 1473 exemplar
1145 1404 1246 1459 sibi
1283 1404 1741 1468 demonstratum,
1783 1404 1964 1460 Aaron
2013 1403 2126 1459 fra-

540 1501 681 1548 trem
726 1509 886 1548 suum
933 1495 1241 1564 pontiﬁcem
1284 1496 1698 1560 constituisset,
1735 1496 1878 1551 sicut
1931 1511 2126 1551 oracu-

542 1586 657 1639 lum
698 1586 801 1655 ipsi
839 1596 1191 1656 praeceperat,
1243 1589 1389 1659 quod
1435 1589 1594 1656 dixit,
1631 1607 1650 1640 ι
1705 1588 1896 1645 Facies
1940 1590 2125 1644 omnia

543 1677 614 1732 ad
671 1679 951 1748 exemplar
1007 1680 1441 1736 demonstratum
1506 1681 1604 1736 tibi
1661 1681 1716 1735 in
1771 1690 1956 1735 monte
1987 1683 2055 1747 ⁷⁵,
2100 1701 2118 1734 ι

545 1770 708 1840 plane
758 1771 1105 1841 signiﬁcavit,
1153 1772 1298 1842 quod
1347 1773 1547 1828 mentis
1602 1773 1798 1836 oculis,
1829 1773 2125 1843 divinoque

2231 571 2380 643 ρέτῃ,
2410 571 2630 626 ἐκάθισε
2653 588 2667 601 ο
2717 573 2809 625 καὶ
2841 573 3058 627 πάντων
3090 575 3138 625 οἱ
3179 572 3446 644 ὀφθαλμοὶ
3479 577 3536 628 ἐν
3568 579 3636 647 τῇ
3682 594 3816 629 aw-

2226 665 2412 733 αγωγῇ
2463 658 2604 732 ἦσαν
2651 662 2993 728 ἀτενίζοντες
3034 663 3214 733 αύτῷ,
3265 665 3465 735 ἤρξατο
3513 665 3570 719 δὲ
3626 665 3817 735 λέγειν

2227 754 2362 826 πρὸς
2399 754 2630 819 αὐτοὺς,
2666 755 2748 808 ὃτι
2787 774 2804 805 ι
2842 755 3089 827 Σήμερον
3127 755 3481 826 πεπλήρωται
3527 759 3562 828 ἡ
3613 757 3817 831 Γραφῇ

2226 846 2364 918 αὕτη
2392 848 2449 898 ὲν
2480 849 2591 910 τοῖς
2615 847 2746 900 ὠσὶν
2773 846 2946 917 ὑμῶν.
2975 866 2994 898 ›
3025 847 3147 899 Ἐπὶ
3171 846 3380 911 τούτοις
3409 848 3582 900 ἅπασι
3620 849 3722 901 καὶ
3749 850 3817 902 τὰ

2226 937 2467 1001 Μωσέως
2507 934 2662 1002 αὖθις
2703 937 3084 1009 παραθετέονῇ
3114 937 3176 1001 ὃς
3210 938 3350 992 κατά
3384 939 3476 991 τὸν
3525 940 3820 1011 δειχθέντα

2226 1031 2372 1101 αὑτῷ
2395 1031 2588 1095 τύπον,
2615 1031 2705 1084 τὸν
2751 1030 2878 1085 [διον
2919 1030 3146 1100 ἀδελφὸν
3175 1033 3266 1084 τὸν
3298 1031 3508 1103 Ἀαρὼν
3542 1033 3816 1104 ἀρχιερέα

2225 1124 2726 1194 καταστησάμενος,
2761 1121 3067 1186 ἀκολούθως
3091 1123 3168 1195 τῷ
3200 1125 3434 1194 φήσαντι
3468 1127 3606 1197 πρὸς
3646 1127 3817 1180 αὑτὸν

2226 1218 2477 1290 χρησμῷ,
2512 1237 2530 1270 ι
2561 1219 2813 1283 Ποιήσεις
2845 1218 3021 1271 πάντα
3065 1217 3203 1270 κατά
3247 1218 3337 1272 τὸν
3375 1217 3543 1271 τύπον
3567 1220 3664 1272 τὸν
3701 1220 3816 1272 δει-

2225 1311 2422 1382 χθέντα
2457 1327 2536 1363 σοι
2581 1312 2638 1363 ὲν
2675 1309 2753 1380 τῷ
2782 1310 2898 1382 ὄρει
2920 1350 2935 1374 ,
2968 1329 2986 1361 ›
3013 1309 3170 1380 δῆλός
3210 1313 3393 1374 ἐστιν,
3429 1311 3505 1374 ώς
3548 1314 3666 1376 τοῖς
3715 1313 3815 1383 τῆς

2225 1401 2459 1465 διανοίας
2491 1401 2702 1472 ὄμμασι
2740 1401 2937 1472 καὶτῷ
2978 1401 3106 1472 θείῳ
3142 1401 3419 1471 Πνεύματι
3460 1403 3694 1456 συνιδὼν
3723 1405 3816 1456 τὸν

2229 1494 2400 1564 μέγαν
2415 1493 2522 1546 τῶν
2541 1492 2675 1546 ὅλων
2691 1493 2968 1565 ἀρχιερέα,
2983 1493 3072 1546 τὸν
3090 1492 3261 1565 ἀληθῆ
3279 1493 3509 1565 Χριστὸν
3529 1494 3626 1546 τοῦ
3647 1494 3813 1558 Θεοῦ,

2225 1582 2285 1641 οὗ
2311 1586 2448 1657 μετά
2482 1587 2578 1656 τῆς
2635 1584 2800 1656 ἄλλης
2837 1585 3152 1656 σωματικῆς
3177 1585 3271 1638 καὶ
3291 1585 3525 1655 τυπικῆς
3548 1585 3815 1658 λατρείας

2224 1677 2320 1750 τὴν
2349 1679 2530 1732 εἰκόνα
2548 1678 2884 1749 διαγράφων,
2919 1677 3009 1731 τὸν
3030 1677 3335 1749 δηλωθέντα
3358 1682 3423 1750 τῇ
3455 1679 3548 1732 τοῦ
3570 1681 3816 1751 ἀληθοῦς

2225 1771 2462 1843 Χριστοῦ
2499 1770 2859 1842 προσωνυμίᾳ
2897 1769 3180 1841 τετίμηκε.
3211 1771 3381 1824 Τοῦτο
3419 1772 3475 1825 δὲ
3507 1774 3815 1844 παρίστησι

543 1862 742 1932 spiritu
775 1879 1030 1933 magnum
1076 1864 1314 1918 universi
1349 1865 1658 1933 pontiﬁcem
1687 1865 1902 1929 viderit,
1935 1881 2121 1920 verum

2228 1864 2323 1917 καὶ
2342 1865 2370 1916 6
2397 1863 2538 1928 θεῖος
2567 1862 2880 1928 ἀπόστολος,
2907 1863 3080 1933 λέγων
3114 1866 3240 1936 περί
3267 1866 3372 1919 τῶν
3403 1867 3542 1920 κατά
3559 1868 3653 1921 τὸν
3676 1871 3813 1923 Μω-

546 1957 732 2027 utique
779 1955 1058 2012 Christum
1109 1955 1224 2023 Dei,
1261 1959 1421 2028 cujus
1468 1958 1597 2012 dum
1649 1959 1938 2029 imaginem
1993 1973 2118 2012 cum

545 2049 649 2103 alia
673 2051 941 2119 corporali
969 2050 1139 2121 ﬁgura
1190 2067 1329 2123 aque
1353 2050 1672 2106 adoratione
1689 2049 1949 2106 describit
1971 2067 2117 2116 eum,

543 2141 635 2207 qui
667 2138 770 2194 sibi
809 2139 881 2194 sit
917 2140 1343 2206 demonstratus,
1377 2141 1606 2196 alterius
1638 2141 1754 2196 veri
1784 2141 1989 2196 Christi
2020 2158 2118 2213 ap-

543 2229 836 2299 pellatione
890 2230 1194 2287 adornavit.
1241 2232 1422 2302 Ipsum
1472 2233 1575 2286 hoc
1631 2233 1851 2289 divinus
1903 2251 2122 2305 quoque

541 2321 839 2391 Apostolus
877 2325 1219 2393 comprobat,
1261 2325 1350 2379 ubi
1401 2325 1469 2380 de
1522 2325 1689 2381 Mosis
1736 2327 1948 2398 legibus
1989 2328 2122 2384 dicit

544 2414 681 2468 illud
720 2433 732 2469 :
777 2435 794 2466 ι
857 2413 959 2481 Qui
1002 2417 1296 2486 exemplari
1343 2425 1508 2487 atque
1559 2417 1765 2472 umbrae
1809 2417 2123 2474 deserviunt

483 2495 488 2501 ’
539 2506 1008 2574 ευρεηωιεειίυηι
1039 2509 1104 2562 ⁷⁸.
1145 2529 1163 2560 ι
1204 2506 1270 2562 Et
1307 2525 1498 2566 rursus
1544 2529 1558 2564 :
1612 2529 1630 2560 ι
1668 2509 1928 2565 Umbram
1976 2513 2121 2567 enim

541 2595 751 2652 habens
794 2597 878 2652 lex
931 2597 1239 2653 futurorum
1289 2600 1555 2655 bonorum
1588 2602 1655 2656 τε.
1709 2621 1727 2652 ι
1765 2601 1830 2656 Et
1872 2618 2067 2659 rursus
2104 2622 2117 2659 :

546 2703 567 2736 ι
605 2684 775 2742 Nemo
808 2688 974 2758 igitur
1013 2705 1110 2744 vos
1135 2688 1346 2758 judicet
1388 2691 1443 2744 in
1475 2691 1599 2746 cibo
1627 2700 1720 2747 aut
1758 2702 1912 2762 potu,
1949 2703 2043 2748 aut
2067 2695 2121 2749 in

540 2785 698 2847 parte
741 2778 848 2834 diei
903 2778 1060 2844 festi,
1096 2787 1190 2833 aut
1237 2781 1554 2846 neomeniae,
1588 2790 1682 2836 aut
1733 2782 2117 2848 Sabbatorum,

541 2884 663 2938 qua:
705 2878 834 2926 sunt
885 2871 1079 2926 umbra
1140 2872 1451 2927 futurorum
1481 2875 1548 2930 ⁷⁷.
1586 2894 1604 2927 ι
1639 2874 1776 2930 Nam
1811 2876 1857 2931 si
1901 2891 2022 2946 quae
2052 2879 2120 2933 ad

539 2961 790 3016 ciborum
827 2963 1247 3018 indiﬁ‘erentiam
1278 2967 1572 3036 pertinent.
1600 2976 1653 3025 et
1686 2985 1806 3039 quze
1833 2971 1901 3026 de
1927 2971 2120 3029 diebus

544 3051 698 3107 festis
727 3062 782 3108 et
807 3055 1050 3111 sabbatis
1083 3057 1198 3128 lege
1255 3061 1465 3113 sancita
1495 3070 1642 3125 sunt,
1670 3065 1825 3133 quasi
1869 3066 2119 3120 umbram

541 3145 817 3214 habentia,
854 3149 1122 3218 picturam
1170 3150 1400 3206 aliarum
1431 3160 1485 3206 et
1515 3169 1765 3212 verarum
1797 3166 1850 3213 et
1877 3161 2121 3214 occulta-

540 3251 664 3291 rum
695 3253 876 3293 rerum
908 3242 1328 3310 eonservabant,
1359 3260 1468 3300 non
1501 3245 1771 3304 immerito
1810 3251 1887 3307 sis
1925 3252 2120 3307 dictu-

541 3346 675 3395 rus,
721 3332 1031 3402 pontiﬁcem
1076 3351 1296 3407 quoque
1338 3337 1567 3394 alterius
1617 3341 1893 3410 pontiﬁcis
1945 3344 2122 3399 instar

541 3431 881 3494 assumptum
929 3424 1124 3492 fuisse,
1169 3429 1530 3499 eumdemque
1561 3430 1841 3488 Christum
1872 3434 2122 3491 denomi-

539 3524 754 3583 natum,
797 3517 864 3572 ad
898 3518 1124 3575 alterius
1166 3529 1221 3576 et
1270 3524 1443 3579 solius
1472 3535 1527 3580 et
1554 3527 1666 3582 veri
1696 3526 1898 3583 Christi
1931 3529 2123 3601 imagi-

541 3626 690 3665 nem.
732 3610 834 3678 Qui
871 3619 1053 3667 tamen
1088 3628 1117 3666 a
1145 3631 1273 3672 vero
1315 3618 1586 3689 tantisper
1616 3621 1966 3699 relinquitur,
1991 3623 2120 3677 dum

539 3718 705 3759 verus
754 3703 971 3773 quidem
1021 3705 1308 3773 Christus,
1357 3709 1426 3764 ab
1471 3711 1710 3767 universi
1765 3712 1873 3768 Deo
1924 3713 2119 3768 audit:

546 3811 567 3845 ι
605 3793 749 3850 Sede
779 3809 810 3848 a
858 3797 1062 3854 dextris
1091 3799 1250 3862 meis,
1282 3800 1457 3856 donec
1487 3818 1684 3873 ponam
1721 3805 1972 3861 inimicos
2001 3813 2124 3860 tuos

539 3887 837 3941 scabellum
861 3889 1058 3959 pedum
1077 3897 1294 3946 tuorum
1309 3893 1375 3948 ’⁸.
1391 3912 1410 3944 ι
1434 3890 1497 3947 Ει
1519 3895 1649 3949 illud
1670 3914 1712 3949 ει
1734 3895 1809 3949 Ex
1827 3904 1983 3952 utero
2001 3905 2125 3953 ante

540 3974 852 4032 Luciferum
875 3981 1034 4049 genui
1058 3989 1110 4036 te
1125 3981 1190 4033 ⁷⁸.
1217 4001 1235 4034 ι
1261 3982 1322 4036 Et
1341 3984 1469 4038 illud
1492 4005 1504 4038 :
1526 4003 1544 4035 ι
1569 3984 1778 4040 Juravit
1796 3986 2055 4043 Dominus
2070 3996 2126 4043 et

539 4082 652 4123 non
685 4071 966 4139 paenitebit
993 4088 1135 4128 eum.
1165 4073 1324 4146 194.
1371 4077 1452 4130 Tu
1501 4092 1561 4132 es
1590 4078 1847 4132 sacerdos
1885 4078 1941 4132 in
1968 4087 2124 4133 aeter-

539 4177 674 4216 num
710 4164 1012 4218 secundum
1045 4165 1292 4223 ordinem
1329 4167 1690 4224 Melchisedec
1720 4170 1786 4222 ⁸⁸.
1828 4189 1846 4222 ι
1877 4168 1982 4225 Per
2005 4185 2126 4241 qua!

541 4254 704 4325 plane
750 4271 874 4310 cum
913 4258 1132 4315 soboles
1162 4260 1257 4316 Dei
1307 4277 1371 4316 ac
1401 4261 1572 4317 Filius
1614 4270 1740 4317 ante
1786 4261 2121 4329 Luciferum,

539 4358 704 4416 atque
734 4356 858 4403 ante
885 4365 1048 4406 omne
1077 4354 1354 4423 opiﬁcium
1381 4356 1672 4419 exstiterit,
1696 4355 1935 4426 pontifex
1967 4364 2126 4412 aeter-

539 4454 646 4493 nus
689 4447 772 4495 est
805 4439 1140 4500 declaratus.
1183 4445 1350 4502 Mosis
1398 4463 1526 4503 vero
1563 4448 1835 4510 Christus,
1865 4459 2122 4520 tanquam

2225 1955 2360 2019 σέως
2387 1955 2568 2028 νόμον,
2605 1956 2684 2018 τὸ,
2729 1976 2745 2007 ι
2771 1956 2976 2021 Οἴτινες
3019 1957 3378 2029 ὑποδείγματι
3415 1961 3509 2014 καὶ
3541 1963 3671 2031 σκιᾷ
3719 1960 3814 2014 λα-

2220 2047 2472 2120 τρεύουσι
2493 2047 2600 2100 τῶν
2631 2047 2986 2118 ἐπουρανίων.
3020 2067 3037 2097 ι
3072 2047 3184 2099 Kal
3219 2047 3410 2100 πάλιν·
3451 2068 3467 2098 ι
3501 2049 3669 2102 Σκιάν
3703 2049 3814 2121 γὰρ

2223 2142 2360 2215 ἔχων
2391 2143 2420 2195 6
2452 2143 2615 2214 νόμος
2637 2141 2745 2195 τῶν
2799 2141 3098 2211 μελλόντων
3143 2140 3382 2209 ἀγαθῶν.
3415 2161 3432 2192 ι
3464 2143 3574 2195 Kal
3605 2143 3777 2196 πάλιν
3796 2158 3809 2171 ·

2227 2257 2246 2288 ι
2270 2235 2363 2307 Μὴ
2399 2231 2492 2289 οὖν
2514 2253 2594 2299 τις
2619 2235 2762 2305 ὑμᾶς
2786 2233 3015 2305 κρινέτω
3044 2233 3076 2305 ἢ
3114 2235 3172 2286 ὲν
3220 2231 3440 2305 βρώσει,
3469 2233 3503 2304 ἢ
3531 2237 3589 2287 ὲν
3624 2237 3814 2301 πόσει,

2221 2329 2334 2401 ἢέν
2359 2329 2513 2400 μέρει
2548 2326 2761 2398 ἑορτῆς,
2789 2326 2821 2397 ἦ
2854 2326 3227 2398 νουμηνίας,ἢ
3261 2326 3566 2390 σαϐϐάτων,
3611 2328 3647 2380 ἆ
3689 2330 3810 2381 ἐστι

2225 2420 2350 2474 σκιά
2379 2419 2487 2474 τῶν
2515 2419 2831 2491 μελλόντων.
2870 2438 2887 2470 ι
2914 2419 2977 2471 Εἰ
3008 2419 3116 2490 γὰρ
3147 2419 3214 2472 τά
3242 2420 3370 2490 περὶ
3395 2419 3493 2489 τῆς
3520 2419 3630 2471 τῶν
3659 2419 3809 2491 βρω-

2225 2513 2410 2581 μάτων
2433 2511 2774 2582 ἀδιαφορίας,
2801 2511 2892 2564 καί
2915 2510 2983 2564 τὰ
3017 2528 3082 2563 πε
3091 2512 3144 2582 ρί
3173 2510 3375 2582 ἑορτῶν
3400 2513 3495 2564 καὶ
3530 2511 3812 2566 σαϐϐάτου

2222 2601 2722 2673 νενομοθετημένα,
2756 2601 2831 2665 ὼς
2875 2601 2940 2654 ἂν
2974 2599 3173 2672 σκιώδη
3203 2601 3352 2654 -ὅντα
3372 2640 3388 2664 ,
3440 2602 3812 2674 ὑπογραμμὸν

2223 2695 2425 2766 ἑτέρων
2458 2693 2672 2766 ἀληθῶν
2720 2694 2812 2747 καὶ
2874 2692 3148 2764 μυστικῶν
3199 2694 3539 2764 πραγμάτων
3579 2694 3812 2758 ἔσωζεν.

2221 2789 2322 2843 οὐκ
2365 2787 2669 2851 ἀπεικότως
2713 2789 2859 2860 ἐρεῖς
2902 2787 2997 2840 καὶ
3041 2787 3131 2840 τὸν
3180 2786 3442 2859 ἀρχιερέα
3483 2789 3562 2850 εἰς
3615 2788 3812 2858 ἐτέρου

2222 2881 2522 2953 ἀρχιερέως
2555 2871 2918 2953 παρειλῆξρθαι
2950 2879 3237 2950 σύμϐολον,
3262 2880 3357 2934 καὶΙ
3375 2879 3612 2952 Χριστὸν
3643 2881 3811 2934 αὑτὸν

2221 2974 2605 3047 ἐπωνομάσθαι
2629 2977 2709 3039 εἰς
2737 2975 2926 3046 ἐτέρου
2967 2972 3062 3028 τοῦ
3093 2973 3255 3045 μόνου
3290 2973 3386 3026 καὶ
3422 2973 3640 3044 ἀληθῶς
3675 2975 3810 3044 Χρι-

2225 3066 2350 3120 στοῦ
2375 3083 2388 3096 ·
2420 3065 2672 3120 τοσοῦτον
2701 3083 2764 3135 γε
2806 3065 2912 3138 μὴν
2933 3065 3251 3136 λειπόμενον
3287 3063 3380 3119 τοῦ
3416 3063 3670 3136 ἀληθοῦς,
3711 3081 3812 3119 κα-

2223 3157 2377 3210 θόσον
2427 3157 2456 3208 6
2508 3155 2606 3226 μὲν
2655 3155 2862 3228 ἀληθὴς
2907 3155 3138 3227 Χριστὸς
3188 3157 3324 3227 πρὸς
3367 3153 3461 3208 τοῦ
3510 3155 3620 3208 τῶν
3666 3155 3808 3209 ὅλων

2223 3245 2356 3299 Θεοῦ
2390 3245 2597 3300 ἀκούει·
2629 3266 2646 3298 ι
2672 3247 2855 3302 Κάθου
2881 3247 2945 3300 ὲκ
2969 3247 3159 3314 δεξιῶν
3193 3265 3315 3318 μου,
3337 3246 3445 3309 ἕως
3473 3246 3537 3300 ἂν
3575 3246 3654 3298 θῶ
3679 3249 3809 3311 τοὺς

2223 3338 2446 3411 ἐχθρούς
2459 3355 2552 3392 σου
2568 3339 2852 3392 ὑποπόδιον
2867 3339 2972 3392 τῶν
2989 3338 3163 3392 ποδῶν
3186 3355 3300 3392 σοιν
3328 3358 3343 3391 υ
3362 3339 3490 3403 Kal,
3503 3358 3519 3388 ι
3544 3341 3810 3392 Κατακυο

2226 3429 2370 3501 ρίευε
2407 3431 2464 3482 ὲν
2496 3429 2646 3501 μέσῳ
2676 3431 2784 3484 τῶν
2817 3430 3023 3503 ἐχθρῶν
3064 3447 3158 3483 σου
3177 3448 3190 3461 ο
3219 3450 3236 3482 ι
3255 3431 3382 3494 Καὶ,
3404 3450 3422 3482 ι
3454 3431 3547 3484 Ἐκ
3566 3432 3810 3502 γαστρὸς

2225 3521 2330 3594 πρὸ
2355 3521 2661 3594 Ἑωσφόρου
2704 3522 2967 3594 ὲγέννησά
2991 3540 3049 3576 σε
3069 3540 3082 3552 ο
3107 3542 3124 3574 ι
3159 3524 3268 3575 Kal
3303 3543 3320 3573 ι
3349 3524 3549 3593 Ὠμοσε
3571 3521 3809 3595 Κύριος,

2227 3615 2323 3670 καὶ
2340 3616 2399 3668 οὐ
2420 3616 2926 3688 μεταμεληθήσεται
2945 3634 2958 3647 ο
2976 3618 3048 3670 Σὺ
3077 3617 3254 3689 ἱερεὺς
3270 3618 3348 3680 εἰς
3369 3617 3460 3670 τὸν
3476 3617 3646 3672 αἰῶνα
3665 3621 3811 3674 κατά

2223 3710 2322 3780 τὴν
2352 3708 2503 3772 τάξιν
2534 3708 2888 3779 Μελχισεδέκ.
2943 3729 2961 3760 ι
2982 3711 3059 3761 Δι’
3084 3702 3159 3764 ὧν
3187 3709 3392 3778 σαφῶς,
3436 3711 3682 3783 γέννημα
3714 3716 3809 3766 καὶ

2226 3800 2352 3865 Υἱὸς
2367 3799 2502 3853 Θεοῦ
2520 3801 2623 3874 πρὸ
2636 3799 2968 3871 Ἑωσφόρου,
2991 3802 3086 3855 καί
3114 3801 3220 3874 πρὸ
3249 3802 3428 3873 πάσης
3444 3802 3809 3873 δημιουργίας

2227 3893 2488 3957 ὑποστὰς,
2521 3891 2737 3956 αἰώνιος
2769 3893 3057 3966 ἀρχιερεὺς
3079 3892 3476 3964 ἀναπέφανται.
3508 3894 3564 3946 Ὀ
3587 3894 3646 3947 δὲ
3675 3897 3806 3948 Μω-

2229 3986 2369 4049 σέως
2387 3985 2642 4056 Χριστὸς,
2659 3980 2771 4039 οἷον
2786 3988 2842 4038 ὲν
2854 3985 3112 4058 δράματι,
3135 3986 3224 4039 τὸν
3250 3987 3418 4040 τύπον
3435 3987 3692 4058 ὲνβραχεῖ
3705 4003 3809 4041 κου

2227 4077 2702 4151 θυποκρινάμενος
2727 4079 2904 4150 χρόνῳ
2923 4118 2937 4144 ,
2970 4083 3146 4134 κεῖται
3169 4081 3227 4133 ὲν
3261 4079 3473 4150 θνητοῖς
3493 4080 3808 4150 λελογισμέ-

2227 4188 2340 4235 νος,
2359 4170 2533 4242 ἑτέρῳ
2554 4171 2650 4242 τὴν
2667 4171 2922 4243 ἀλήθειαν
2937 4171 3014 4242 τῷ
3031 4172 3174 4243 μόνῳ
3190 4173 3284 4226 καὶ
3299 4173 3489 4244 ἀληθεῖ
3507 4172 3802 4244 παραδούς

2225 4266 2319 4318 κα)⁸
2341 4267 2369 4318 6
2419 4267 2516 4336 μὲν
2537 4265 2743 4338 ἀληθὴς
2768 4267 2999 4338 Χριστὸς
3023 4267 3084 4320 ού
3115 4266 3328 4338 δεηθεὶς
3352 4268 3450 4338 τῆς
3478 4266 3618 4319 κατά
3669 4267 3806 4321 Mur-

2227 4358 2324 4412 σέα
2349 4359 2600 4430 χρίσεως,
2616 4359 2724 4412 οὐδ’
2753 4358 2932 4412 ἐλαίου
2957 4358 3255 4412 σκευαστοῦ
3278 4357 3371 4434 καὶ
3393 4356 3626 4426 γεώδους
3649 4357 3802 4428 ῦλης,

2224 4452 2375 4522 ὅμως
2417 4451 2518 4522 τῆς
2554 4453 2753 4524 ἀρετῆς
2794 4453 2887 4506 καὶ
2921 4452 3020 4523 τῆς
3071 4452 3456 4522 προσωνυμίας
3496 4452 3596 4522 τῆς
3640 4451 3803 4505 αὐτοῦ

540 4527 597 4582 in
620 4531 839 4586 scenica
863 4535 1098 4599 actione,
1122 4537 1189 4592 ad
1212 4538 1377 4594 breve
1405 4539 1704 4595 adornatus
1727 4541 2121 4612 simulatusque

2225 4543 2324 4614 τὴν
2368 4544 2693 4617 οἰκουμένην
2748 4543 3098 4615 κατέπλησε,
3151 4542 3480 4615 παρώνυμον
3533 4542 3699 4597 αὑτοῦ
3745 4543 3804 4596 τὸ

536 4628 756 4691 tempus
809 4623 954 4680 inter
984 4630 1244 4684 mortales
1281 4631 1492 4700 positus
1525 4641 1980 4704 computatusque
2009 4643 2113 4702 est,

537 4715 715 4779 alteri,
752 4719 843 4788 qui
888 4720 1037 4777 solus
1064 4730 1150 4776 est
1193 4738 1376 4787 verus,
1410 4723 1608 4777 tradita
1637 4725 1863 4780 veritate
1893 4745 1906 4780 :
1945 4735 1999 4781 et
2027 4743 2122 4784 ve-

537 4823 636 4862 rus
692 4812 909 4880 quidem
955 4814 1251 4878 Christus.
1302 4830 1481 4886 neque
1530 4814 1779 4872 Mosaicae
1818 4819 2116 4886 unctionis,

537 4916 715 4972 neque
744 4904 847 4958 olei
880 4907 1177 4964 artiﬁciose
1215 4907 1472 4972 confecti,
1513 4909 1856 4965 terrestrisve
1883 4911 2115 4982 alicujus

537 4993 779 5050 materize
829 4995 1114 5067 indigens,
1162 5007 1344 5054 tamen
1386 5001 1587 5056 virtute
1645 5003 2115 5076 appellationeque

535 5097 636 5139 sua
676 5093 851 5142 totum
897 5097 1167 5144 terrarum
1210 5091 1694 5162 orbenuimplevit
1725 5113 1740 5149 :
1776 5097 1976 5167 quippe
2021 5097 2116 5168 qui

534 5176 949 5235 denominatum
983 5197 1013 5236 a
1049 5183 1233 5252 seipso
1282 5184 1334 5237 in
1385 5186 1640 5240 omnibus
1679 5191 1930 5258 gentibus
1955 5189 2118 5245 Chri-

534 5270 841 5327 stianorum
877 5273 1177 5329 instituerit
1203 5289 1394 5344 genus.
1418 5277 1586 5335 Mosis
1615 5297 1744 5336 vero
1768 5282 2022 5338 Christus
2049 5300 2119 5340 ne

533 5361 590 5416 in
619 5363 934 5421 hominibus
960 5365 1204 5435 quidem,
1241 5371 1385 5437 quod
1417 5387 1655 5442 unquam
1683 5389 1880 5430 nomen
1911 5375 2120 5430 habue-

531 5457 628 5522 rit,
678 5461 1028 5531 perspieuum
1073 5459 1213 5525 fuit,
1272 5465 1375 5519 nisi
1410 5476 1678 5537 quatenus
1724 5469 1898 5540 ipsius
1947 5469 2114 5525 Mosis

533 5553 737 5623 scripta
795 5552 1148 5623 prodiderint.
1207 5554 1271 5610 Et
1321 5557 1406 5613 hic
1454 5561 1672 5630 quidem
1725 5577 1848 5618 sero
1895 5562 2114 5617 tandem

632 5731 848 5811 “lucu.
871 5747 978 5811 “Iv,
1003 5732 1091 5811 2_l.
1277 5735 1583 5811 lixodaxv,
1621 5745 1710 5800 40.

534 5814 642 5866 cu,
677 5803 725 5856 l.
805 5803 1000 5858 "ibid.
1027 5805 1080 5858 3.
1155 5805 1350 5861 "ibid.
1389 5810 1441 5863 4.

1819 5747 1862 5778 ⁷⁸
1889 5745 2053 5803 Hebr.
2103 5764 2220 5816 vm,
2254 5749 2306 5803 5.

2223 4637 2564 4708 Χριστιανῶν
2585 4638 2739 4706 γένος
2769 4639 2826 4690 ὲν
2851 4638 2983 4690 πᾶσι
3014 4639 3126 4701 τοῖς
3156 4635 3331 4690 ἔθνεσι
3359 4637 3799 4707 συστησάμενοςο

2221 4731 2251 4784 6
2317 4728 2373 4782 δὲ
2414 4729 2692 4793 Μωσέως,
2739 4727 2848 4782 οὐδ’
2899 4729 2982 4782 ὅτι
3037 4729 3168 4782 ποτὲ
3217 4731 3277 4782 ὲν
3325 4727 3634 4799 ἀνθρώποις
3674 4728 3804 4779 ὠνο-

2223 4821 2427 4894 μάσθη,
2451 4822 2608 4893 δῆλος
2674 4818 2771 4894 ἦν,
2813 4825 2862 4876 εἰ
2899 4822 2972 4894 μὴ
3003 4821 3091 4876 διὰ
3133 4823 3234 4893 τῆς
3277 4823 3520 4885 Μωσέως
3559 4821 3797 4893 γραφῆς.

2220 4917 2324 4970 Kal
2360 4912 2514 4980 οὗτος
2561 4917 2656 4987 μὲν
2697 4915 2797 4986 ὀψέ
2846 4933 2977 4970 ποτε
3018 4915 3157 4987 μετά
3205 4915 3303 4987 τὴν
3346 4914 3523 4981 ἔξοδον
3561 4915 3663 4985 τὴν
3696 4912 3802 4966 ἀπὸ

2217 5010 2494 5078 Αἰγύπτου
2531 5011 3007 5082 περιρραντηρίοις
3047 5010 3158 5064 τισὶ
3189 5010 3282 5062 καὶ
3317 5012 3436 5073 ταῖς
3467 5008 3802 5082 δι’ταὶμάτων

2219 5102 2431 5168 θυσίαις
2465 5102 2782 5174 καθαρθεὶς,
2818 5103 2984 5172 ἐλαίῳ
3018 5102 3270 5174 κέχριστο
3332 5099 3636 5169 σκευαστῷ,
3675 5101 3801 5153 Μω-

2220 5195 2362 5259 σέως
2393 5195 2551 5248 αὑτὸν
2591 5195 2906 5268 κεχρικότος
2925 5213 2938 5224 θ
2970 5197 2999 5247 6
3027 5195 3083 5248 δὲ
3127 5193 3432 5266 ἀρχέτυπος
3470 5193 3564 5246 καὶ
3596 5190 3798 5262 ἀληθὴς

2220 5287 2458 5358 ἀρχῆθεν
2505 5289 2602 5342 καὶ
2643 5290 2724 5350 εἰς
2770 5289 2995 5359 ἄπειρον
3029 5287 3234 5351 αἰῶνα,
3279 5287 3399 5351 ὅλος
3441 5287 3509 5340 δι’
3543 5286 3662 5339 ὅλου
3705 5285 3800 5339 καὶ

2222 5379 2383 5442 αὐτὸς
2435 5379 2584 5450 αὐτῴ
2631 5379 2699 5433 τά
2756 5378 2932 5432 πάντα
2961 5379 3179 5450 ὅμοιος,
3233 5379 3356 5450 μηδ’
3383 5377 3564 5432 ὁτιοῦν
3596 5375 3801 5448 παραλ-

2220 5468 2448 5534 λάττων,
2485 5470 2720 5542 Χριστὸς
2749 5467 2816 5541 ἦν
2842 5473 2948 5533 ἀεὶ,
2985 5473 3078 5524 καὶ
3114 5471 3220 5543 πρὸ
3259 5471 3360 5542 τῆς
3394 5472 3452 5523 ἐν
3496 5467 3800 5541 ἀνθρώποις

2217 5563 2532 5634 ἐπιδημίας,
2558 5563 2651 5617 καὶ
2682 5566 2797 5634 μετ’
2823 5564 2989 5636 αὐτὴν
3018 5564 3237 5635 ὁμοίως,
3262 5564 3322 5618 ού
3349 5563 3485 5635 πρὸς
3514 5558 3798 5633 ἀνθρώπου

3578 5749 3624 5780 ⁷³
3646 5744 3789 5802 Psal.

2418 5747 2648 5805 "Hebr.
2704 5766 2756 5812 x,
2813 5751 2862 5806 l.
2941 5753 2984 5784 ⁷⁷
3009 5748 3220 5804 Coloss.
3274 5765 3334 5817 ιι,
3385 5750 3470 5807 16.
