3954 6506
126 398 209 454 5ὶ5
1016 389 1671 448 DEMONSTRATIONIS
1710 388 2174 447 EVANGELIC/E
2215 389 2345 446 LIB.
2378 387 2466 445 IV.

3254 389 3363 445 3‘26

123 514 223 569 οὐδὲ
253 512 315 564 δι’
350 510 484 582 ὕλης
517 512 619 581 τῆς
662 511 719 563 ἐν
753 510 1080 584 ἀνθρώποις,
1120 512 1257 565 ἀλλὰ
1291 513 1427 583 πρὸς
1460 511 1552 564 τοῦ
1584 513 1676 564 ἐπὶ

1800 520 1901 566 iost
1943 509 2149 565 exitum
2194 508 2262 564 de
2315 507 2583 580 Egypto,
2626 508 2771 563 vasis
2824 505 3153 577 quibusdam
3211 510 3363 579 puris

128 604 313 661 πίνων
357 601 498 655 Θεοῦ
552 606 620 673 τῇ
662 604 845 671 άγενεῖ
889 603 1103 676 θεότητι
1150 605 1526 675 κεχρισμένος.
1571 602 1681 656 Καὶ

126 697 390 766 ιπειδήπερ
436 695 503 748 τὸ
548 696 652 764 τῆς
706 696 1077 767 προσηγορίας
1127 696 1290 749 αὑτοῦ
1347 696 1474 767 παρ’
1526 693 1680 765 ἡμῶν

128 789 437 856 ἐξετάζεται,
493 787 612 840 τῶν
643 788 950 858 εἰρημένων
993 787 1249 841 ἁπάντων
1303 786 1389 857 εἴη
1443 786 1509 840 ἂν
1564 787 1683 839 ἐπι-

131 881 418 951 σφράγισμα
441 877 506 930 τὸ
531 880 685 949 παρὰ
726 878 804 948 τῷ
844 879 1141 950 σοφωτάτῳ
1168 878 1472 949 Σολομῶντι
1506 878 1682 947 λόγιον

130 974 303 1042 φάσκον
330 971 389 1023 ὲν
412 969 500 1039 τῷ
530 971 772 1041 ’ᾼσματι
798 970 908 1025 τῶν
935 971 1223 1043 ᾀσμάτων·
1259 991 1277 1022 ι
1307 971 1494 1042 Μῦρον
1526 974 1684 1043 ὲκκεέ

130 1062 267 1116 νωθὲν
289 1061 459 1131 ὄνομά
499 1077 624 1113 σου.
660 1080 679 1112 ›
704 1056 870 1124 Οὗτος
905 1042 1021 1133 γάρ
1044 1061 1211 1133 ἐνθέῳ
1255 1062 1416 1133 σοφίᾳ
1454 1042 1685 1134 κεχορηέ

129 1154 348 1224 ῃμένος,
384 1154 483 1207 κα)⁸
533 1152 891 1220 καταξιωθεὶς
932 1154 1384 1226 ἀπορῤητοτέρων
1429 1155 1556 1226 περὶ
1588 1154 1682 1207 τοῦ

129 1243 330 1316 Χριστοῦ
362 1244 460 1296 καὶ
487 1244 594 1315 τῆς
627 1244 953 1314 Ἐκκλησίας
981 1244 1145 1298 αὑτοῦ
1177 1245 1567 1317 θεωρημάτων,
1591 1246 1686 1299 καὶ

130 1337 201 1388 τοῦ
225 1337 309 1406 μὲν
342 1335 417 1398 ὼς
450 1336 784 1407 ἐπουρανίου
830 1337 1083 1408 νυμφίου,
1124 1338 1223 1408 τῆς
1264 1337 1321 1390 δὲ
1360 1338 1435 1401 ὡς
1466 1338 1685 1409 νύμφης

133 1428 264 1482 αὑτοῦ
303 1429 718 1499 μνημονεύσας,
756 1430 1181 1501 ὲπιζητουμένου
1211 1430 1264 1483 τί
1293 1430 1403 1502 άρα
1426 1426 1493 1500 ἦν
1515 1430 1685 1501 ὄνομα

129 1522 189 1590 τῷ
208 1523 429 1591 νυμφίῳ,
456 1524 728 1591 ὲπιφωνεῖ
748 1522 823 1585 ὠς
846 1522 981 1593 πρὸς
1010 1523 1172 1576 αὑτὸν
1198 1522 1392 1592 λέγων.
1422 1523 1495 1577 Τὸ
1516 1523 1686 1594 ὄνομά

133 1631 221 1677 σου,
248 1615 465 1684 νυμφίε,
497 1614 675 1685 μύρον
706 1616 842 1679 ἐστὶ,
870 1616 962 1669 καὶ
990 1616 1159 1689 μύρον
1191 1617 1288 1688 ούχ
1310 1617 1519 1682 ἁπλῶς,
1550 1618 1686 1671 ἀλλὰ

131 1705 491 1774 κεκενωμένον.
524 1707 689 1760 Ποῖον
716 1707 773 1760 δὲ
799 1706 863 1760 ἂν
888 1709 1113 1779 γένηται
1140 1708 1309 1779 ὄνομα
1336 1709 1508 1781 μύρου
1531 1726 1687 1763 κεκε-

132 1796 337 1866 νωμένου
362 1796 670 1866 δηλωτικὸν
702 1798 734 1869 ἢ
768 1798 829 1850 τὸ
863 1798 959 1852 τοῦ
995 1799 1231 1870 Χριστοῦ
1260 1800 1461 1871 δνομα;
1488 1800 1548 1853 ού
1577 1800 1687 1872 γὰρ

1783 603 2136 671 cruentisque
2182 600 2471 655 sacriﬁciis
2517 609 2801 670 purgatus,
2854 600 2976 653 oleo
3030 607 3231 656 unctus
3281 611 3367 656 est

1783 703 2103 764 comparato
2158 694 2337 763 ipsum
2385 691 2589 747 Mosem
2642 692 2870 749 sortitus
2912 698 3219 747 unctorem.
3269 691 3366 747 Ille

1782 802 1914 842 vero
1947 786 2131 841 omnis
2162 784 2349 839 formaa
2387 786 2680 855 archetypa
2716 792 2770 839 et
2796 800 2982 848 verus,
3016 786 3085 838 ab
3120 784 3276 838 initio
3307 784 3366 839 in

1785 877 2061 933 inﬁnitum
2112 893 2287 948 usque
2319 893 2517 942 aevum,
2566 886 2714 931 totus
2746 893 2844 947 per
2888 884 3085 942 totum,
3140 878 3370 950 ipseque

1785 971 1891 1026 sibi
1922 972 1975 1025 in
2015 971 2271 1025 omnibus
2302 970 2520 1034 similis,
2554 985 2825 1040 nusquam
2857 970 3154 1041 quidquam
3187 979 3369 1025 muta-

1784 1061 1954 1117 tionis
1982 1062 2279 1132 accipiens,
2309 1059 2564 1116 Christus
2590 1077 2804 1130 semper
2835 1061 2958 1125 fuit,
2990 1063 3153 1116 etiam
3182 1063 3369 1132 prius-

1783 1170 1947 1224 quam
1997 1154 2064 1207 ad
2112 1153 2363 1208 homines
2408 1154 2656 1218 venerit,
2696 1160 2861 1223 atque
2910 1154 3097 1210 itidem
3144 1161 3366 1223 postea,

1784 1258 1896 1298 non
1920 1244 2008 1299 ille
2028 1243 2247 1313 quidem
2273 1242 2341 1297 ab
2367 1242 2606 1305 homine,
2634 1258 2809 1311 neque
2832 1244 2943 1296 ulla
2967 1245 3214 1305 materia,
3247 1258 3370 1314 qua!

1787 1336 1929 1392 inter
1955 1336 2207 1391 homines
2242 1336 2580 1406 reperiatur,
2618 1336 2713 1391 sed
2769 1352 2799 1389 a
2842 1353 3100 1405 supremo
3136 1337 3248 1393 Deo
3284 1339 3371 1392 in-

1788 1428 1969 1498 genita
1999 1427 2287 1481 divinitate
2316 1437 2533 1481 unctus.
2571 1425 2637 1479 Et
2666 1428 2926 1497 quoniam
2974 1429 3040 1482 de
3090 1430 3237 1483 illius
3272 1445 3371 1501 ap-

1786 1521 2080 1589 pellatione
2135 1523 2190 1574 in
2226 1520 2517 1591 prmsentia
2567 1521 2913 1585 disserimus,
2948 1522 3204 1577 omnibus
3249 1538 3374 1593 qua:

1787 1615 1932 1670 dicta
1952 1623 2080 1668 sunt
2099 1613 2259 1684 quasi
2283 1615 2497 1685 signum
2524 1616 2867 1687 imprimatur
2885 1616 3037 1681 illud,
3059 1616 3202 1685 (μιοά
3228 1615 3371 1685 apud

1788 1707 2252 1778 sapientissimum
2280 1708 2627 1763 Salomonem
2649 1716 2849 1775 exstat,
2877 1710 3181 1775 oraculum,
3211 1710 3291 1763 sic
3312 1723 3376 1765 se

1789 1800 1999 1855 habens
2026 1801 2081 1854 in
2111 1800 2340 1855 Cantico
2371 1803 2713 1857 canticorum
2754 1821 2766 1857 :
2810 1819 2827 1852 ι
2867 1800 3214 1872 Unguentum
3244 1816 3374 1855 eva-

132 1888 183 1939 ἆν
204 1889 377 1951 άλλως,
422 1888 541 1941 οὔτ’
578 1888 647 1943 ἂν
687 1890 918 1959 γένοιτο,
954 1889 1065 1944 οὔτ’
1093 1890 1160 1944 ἂν
1193 1892 1519 1964 όνομασθείη
1552 1894 1686 1965 Χρι-

1800 1903 2009 1947 :uatum
2048 1908 2247 1949 nomen
2281 1904 2433 1948 tuum
2476 1894 2541 1948 ει.
2584 1915 2602 1946 ι
2631 1893 2767 1948 Nam
2809 1894 2897 1948 hic
2927 1910 3145 1964 quoque
3188 1893 3375 1948 divina

134 1980 300 2050 eam
346 1980 521 2052 μύρου
569 1981 957 2051 προχυθέντος.
997 1983 1207 2035 Ὀποῖον
1242 1983 1299 2036 δὲ
1338 1983 1496 2037 τοῦτο
1521 1980 1589 2055 ἦν
1624 1984 1685 2037 τὸ

136 2072 292 2143 μύρον,
307 2066 348 2141 ᾧ
369 2073 624 2143 χρισθεὶς
644 2076 672 2127 ὁ
687 2073 845 2145 δηλού
855 2092 1013 2144 μενος
1030 2075 1261 2147 Χριστὸς
1281 2076 1683 2145 ἀποπέφανται,

133 2162 203 2215 διὰ
217 2162 311 2217 τῶν
333 2164 575 2236 πρόσθεν
602 2167 733 2236 ἡμῖν
758 2165 1095 2219 ἀποδέδοται.
1129 2166 1410 2220 Τοσούτων
1436 2166 1563 2237 περὶ
1587 2168 1685 2238 τῆς

135 2256 207 2309 τοῦ
231 2258 450 2329 Χριστοῦ
483 2258 867 2329 προσηγορίας
903 2259 1363 2331 διηγορευμένων,
1400 2260 1553 2332 φέρε,
1591 2261 1685 2314 καὶ

138 2350 236 2420 περὶ
256 2350 344 2420 τῆς
366 2350 462 2403 τοῦ
502 2351 689 2421 Ἰησοῦ
728 2350 1166 2423 διασκεψώμεθα.

1791 1988 2057 2056 sapientia
2086 1987 2343 2053 donatus,
2374 1996 2429 2042 et
2460 1986 2657 2059 dignus
2680 1988 2900 2043 habitus
2928 1988 3017 2057 qui
3046 2002 3167 2057 qua:
3192 2002 3377 2041 scere-

1788 2082 1931 2135 t-iora
1964 2086 2093 2133 sunt
2124 2079 2191 2135 de
2224 2078 2442 2135 Christo
2473 2090 2525 2135 et
2572 2080 2639 2135 de
2681 2080 2802 2149 ejus
2838 2079 3076 2135 Ecclesia
3127 2088 3376 2133 contem-

1791 2170 2071 2241 plaretur;
2127 2171 2377 2241 idemque
2428 2188 2551 2225 cum
2612 2173 2774 2227 unius
2834 2172 3053 2242 quidem
3111 2180 3375 2241 tanquam

1793 2265 1981 2334 sponsi
2016 2265 2449 2335 supercmlestis,
2482 2267 2708 2321 alterius
2740 2278 2995 2336 tauquam
3030 2266 3174 2321 illius
3209 2280 3377 2335 spon-

1794 2370 1868 2410 sae
1924 2356 2255 2412 mentionem
2315 2355 2557 2423 fecisset,
2605 2367 2660 2413 et
2714 2368 3051 2428 qliaereretur
3098 2357 3375 2427 quodnam

141 2440 218 2509 ipsi
254 2457 446 2512 sponso
497 2458 707 2499 nomen
746 2454 923 2512 esset,
969 2461 1160 2501 vocem
1196 2447 1403 2501 emittit
1432 2447 1594 2517 quasi
1631 2447 1697 2502 ad
1753 2448 1905 2503 illum
1950 2449 2141 2506 dicens
2179 2470 2191 2504 :
2240 2448 2447 2506 Nomen
2513 2458 2689 2517 tuum,
2746 2466 2980 2522 sponse,
3038 2458 3373 2521 unguentum

138 2542 218 2599 est,
243 2544 290 2591 et
311 2548 657 2609 unguentum
688 2556 794 2594 non
849 2541 1194 2612 simpliciter,
1229 2557 1417 2595 verum
1448 2551 1793 2599 evacuatum.
1844 2542 2015 2599 Porro
2078 2550 2260 2599 autem
2285 2544 2559 2614 quodnam
2610 2543 2827 2599 tandem
2857 2544 3004 2597 aliud
3054 2543 3126 2597 sit
3175 2557 3377 2597 nomen

142 2638 429 2699 unguentum
462 2642 796 2687 evacuatum
832 2634 1169 2704 signiﬁcans,
1199 2632 1305 2689 nisi
1330 2633 1509 2704 ipsum
1550 2633 1758 2690 Christi
1823 2636 2057 2691 nomen?
2112 2650 2239 2690 nam
2272 2635 2475 2706 alioqui
2506 2651 2683 2706 neque
2723 2635 2841 2690 ﬁeri
2884 2650 3061 2705 neque
3107 2634 3377 2689 nominari

142 2728 277 2794 possit
305 2727 562 2783 Christus
596 2768 611 2794 ,
661 2730 705 2784 si
753 2736 1091 2801 unguentum
1142 2728 1386 2785 infusum
1439 2746 1549 2785 non
1596 2732 1687 2787 sit.
1724 2732 1896 2798 Quale
1937 2746 2068 2787 vero
2114 2731 2218 2787 hoc
2273 2739 2422 2786 esset
2478 2737 2843 2802 unguentum,
2912 2744 3022 2799 quo
3068 2737 3265 2784 unctus
3306 2728 3377 2789 is,

142 2818 193 2872 de
235 2836 329 2889 quo
382 2808 916 2893 agitur,.Christus
956 2816 1059 2881 'est
1144 2824 1492 2889 declaratus,
1545 2824 1602 2879 in
1658 2825 1725 2880 iis
1788 2841 1911 2896 qua:
1992 2826 2245 2896 superius
2321 2825 2534 2887 habes,
2601 2840 2632 2878 a
2691 2823 2851 2879 nobis
2917 2831 3201 2877 ostensum
3268 2828 3377 2875 est.

146 2910 269 2980 195
292 2912 423 2969 Cum
459 2916 640 2986 igitur
669 2915 736 2971 de
779 2914 989 2971 Christi
1047 2916 1412 2987 appellatione
1478 2916 1743 2972 hactenus
1779 2924 1887 2971 tam
1924 2917 2093 2972 multa
2134 2916 2301 2972 locuti
2334 2930 2548 2979 sumus,
2596 2914 2849 2985 agedum,
2883 2912 2951 2969 de
3006 2911 3135 2969 Jesu
3163 2926 3382 2984 quoque

143 3003 457 3065 disseramus.

851 3126 945 3180 IZ’.

2504 3121 2670 3176 XVII.

145 3234 237 3288 Ὅτι
364 3239 449 3315 τὸῌ
460 3239 579 3294 τοῦ
607 3239 802 3315 Ἰησοῦ
828 3239 1017 3315 erant:
1049 3241 1208 3309 παρὰ
1233 3241 1354 3308 τοῖς
1388 3244 1691 3311 πρόπαλαι

1800 3241 1950 3311 Quod
1986 3241 2145 3297 etiam
2168 3240 2298 3298 Jesu
2332 3257 2519 3295 nomen
2552 3240 2693 3315 apud
2717 3241 2919 3315 priscos
2953 3238 3051 3294 Dei
3084 3239 3381 3309 familiares

194 3308 282 3360 τοῦ
312 3310 451 3365 Θεοῦ
480 3312 805 3381 γνωρίμοις
832 3308 1157 3381 ἐτετίμητο.

198 3446 390 3519 Πρῶτος
426 3450 601 3504 πάλιν
645 3450 885 3522 Μωσῆς,
927 3451 1064 3522 πρὸς
1102 3451 1194 3504 τὸν
1242 3452 1407 3506 αὐτοῦ
1451 3454 1693 3525 διάδοχον

146 3535 275 3610 ἑτέρα
312 3538 597 3612 χρώμενος
635 3540 1023 3613 προσωνυμίᾳ,
1068 3540 1274 3614 Ἰησοῦν
1318 3547 1689 3617 μετωνόμασε.

147 3630 413 3703 Γέγραπται
456 3636 610 3708 γάρ·
650 3654 668 3688 ι
711 3635 896 3690 Ταῦτα
933 3637 1003 3691 τά
1041 3637 1281 3707 ὀνόματα
1316 3636 1423 3690 τῶν
1463 3638 1692 3709 ἀνδρῶν,

144 3720 217 3784 οὓς
248 3725 520 3780 ἀπέστειλε
560 3726 767 3797 Μωσῆς
812 3726 1260 3797 κατασκέψασθαι
1304 3728 1404 3799 τὴν
1445 3728 1570 3798 γῆν.
1602 3728 1696 3781 καὶ

148 3812 420 3888 ἐπωνόμασε
458 3819 677 3890 Μωσῆς
714 3820 804 3873 τὸν
842 3820 1065 3891 Ναυσῆν
1102 3820 1215 3873 υἱὸν
1252 3820 1410 3891 Ναυῆ
1456 3819 1694 3891 Ἰησοῦν,

150 3908 221 3959 καὶ
242 3908 549 3965 ἀπέστειλεν
577 3911 794 3975 αύτούς.
830 3931 849 3964 ι
881 3914 1023 3985 Ὅρα
1051 3912 1117 3984 δὴ
1150 3908 1244 3968 οὖν
1266 3913 1387 3967 τίνα
1415 3914 1616 3984 τρόπον
1636 3914 1696 3966 οὐ

153 4001 289 4071 μικρά
316 4006 510 4075 νοήσας
559 4006 687 4077 περὶ
728 4003 943 4074 φύσεως
983 4004 1265 4077 ὀνομάτων
1305 4008 1333 4059 ό
1378 4007 1667 4077 προφήτης
1681 4044 1696 4069 ν

151 4090 257 4146 ἀλλὰ
295 4098 380 4149 καὶ
419 4099 659 4151 πλεῖστα
694 4098 796 4151 ὅσα
840 4096 1102 4167 περὶτῶν
1132 4098 1263 4169 παρ’
1295 4098 1445 4169 αὐτῷ
1484 4114 1700 4169 μετονο-

154 4184 428 4258 μαξομένων
454 4190 622 4245 θείων
644 4189 872 4261 ἀνδρῶν,
896 4191 991 4243 καὶ
1015 4182 1089 4243 ὧν
1118 4190 1280 4243 ἕνεκα
1310 4191 1701 4261 μετονομάζον-

156 4294 247 4342 ται,
275 4282 639 4355 φιλοσοφήσας
659 4323 673 4347 ,
702 4283 913 4351 εἰσάγει
937 4281 1028 4335 τὸν
1068 4282 1319 4354 Ἀϐραὰμ
1351 4283 1583 4337 ἔπαθλον
1613 4282 1700 4335 ἐπ’

154 4369 287 4445 ἀρετῇ
339 4375 803 4446 ἀπολαμϐάνοντα
858 4374 995 4447 πρὸς
1056 4374 1149 4428 τοῦ
1211 4374 1349 4428 Θεοῦ
1412 4373 1509 4446 τὴν
1566 4374 1701 4445 πρὸς

164 4463 375 4539 Ἀϐραὰμ
392 4470 588 4540 ἐντελῆ
615 4470 986 4541 προσηγορίαν
1002 4485 1015 4495 ·
1041 4469 1178 4541 ὅπερ
1203 4468 1254 4521 τί
1282 4485 1410 4521 ποτε
1436 4468 1617 4537 δηλοῖ,
1640 4466 1700 4519 ού

156 4556 228 4612 νῖν
251 4560 519 4634 διασαφεῖν
566 4564 775 4634 καιρός.
819 4561 978 4615 Οῦτω
1006 4562 1062 4614 δὲ
1092 4562 1187 4615 καὶ
1221 4562 1321 4633 τὴν
1352 4560 1525 4632 Σαραῒ
1554 4560 1699 4632 Σάρα

159 4648 236 4717 ραν
274 4654 643 4727 ἐπονομάσας,
678 4657 773 4709 καὶ
802 4654 1014 4724 γέλωτα
1048 4654 1138 4708 τὸν
1177 4654 1361 4708 Ἰσαὰκ
1397 4656 1503 4726 πρὸ
1542 4654 1697 4724 γενέ-

160 4758 269 4809 σεως
302 4748 751 4820 ὲπικεκλημένον,
780 4749 874 4802 καὶ
911 4749 1000 4803 τὸν
1048 4746 1242 4802 Ἰακὼὸ
1282 4748 1382 4819 τῆς
1419 4748 1596 4817 πάλης
1638 4748 1699 4800 τὸ

162 4833 368 4905 βραϐεῖον
392 4843 479 4897 διὰ
511 4844 610 4914 τῆς
630 4842 724 4895 τοῦ
753 4843 967 4915 Ἰσραὴλ
986 4842 1299 4913 ἐπωνυμίας
1318 4841 1700 4912 ἀναδούμενον,

165 4932 299 5001 μυρία
316 4952 371 4988 τε
388 4937 525 4991 ἄλλα
552 4936 681 5008 περὶ
700 4935 976 5006 ὀνομάτων
996 4934 1274 5006 δυνάμεώς
1294 4952 1354 4987 τε
1374 4935 1467 4988 καὶ
1488 4934 1703 5004 φύσεως

163 5021 368 5101 θειότερα
394 5032 428 5103 ἢ
461 5031 585 5085 κατ’
606 5029 912 5101 ἄνθρωπον,
930 5028 1098 5100 ὲνθέῳ
1120 5029 1281 5100 σοφίᾳ
1308 5030 1401 5082 καὶ
1425 5028 1702 5098 ἐπιστήμῃ

164 5115 411 5187 διαλαϐὼν,
448 5123 677 5195 μηδενὸς
702 5121 810 5176 τῶν
832 5120 941 5194 πρὸ
967 5120 1161 5176 ἑαυτοῦ
1192 5120 1301 5174 τῶν
1320 5119 1381 5185 se
1412 5119 1607 5182 αἰῶνος
1626 5118 1704 5189 τῷ

167 5209 237 5261 τοῦ
268 5214 426 5286 Ἰησοῦ
464 5215 803 5287 κεχρημένου
840 5215 1065 5285 ὀνόματι
1088 5253 1103 5277 ,
1127 5212 1342 5284 πρῶτος
1378 5211 1541 5275 αὐτὸς
1578 5211 1707 5281 θείῳ

169 5299 402 5374 Πνεύματι
434 5306 815 5377 θεοφορηθεὶς,
844 5306 934 5360 τὸν
981 5305 1242 5375 μέλλοντα
1276 5302 1440 5357 αὑτοῦ
1466 5301 1707 5372 διάδοχον

168 5394 243 5463 τῆς
268 5398 427 5470 ἀρχῆς
460 5400 555 5453 τοῦ
578 5399 710 5454 λαοῦ
739 5397 1178 5468 καταστήσεσθαι
1198 5438 1213 5463 ,
1245 5397 1415 5468 ἑτέρῳ
1444 5395 1708 5467 πρότερον

168 5486 354 5558 ὀνόματι
387 5494 719 5565 κεχρημένον
756 5490 1097 5563 μεταλαϐὼν,
1134 5488 1341 5561 Ἰησοῦν
1379 5486 1566 5541 καλεῖτ’
1610 5487 1709 5539 οὐκ

173 5578 325 5649 ἀρκεῖν
371 5588 667 5659 ἡγούμενος
721 5586 819 5657 τὴν
871 5586 937 5638 ἐκ
991 5584 1268 5657 προγόνων
1328 5580 1710 5649 ἐπικληθεῖσαν

174 5668 290 5745 ἀντῷ
309 5680 570 5751 γενομένῳ
593 5678 985 5751 προσηγορίαν.
1009 5677 1230 5747 Νηιυσῆν
1258 5676 1367 5748 γὰρ
1394 5674 1553 5729 αὐτὸν
1580 5672 1713 5743 ἐφώ-

233 5872 263 5903 ’¹
287 5876 427 5935 Cant.
460 5897 493 5948 ι,
538 5882 595 5937 2.
674 5880 717 5913 ⁸²
749 5878 911 5934 Num.
945 5893 1063 5945 xm,
1116 5876 1201 5930 17.

2361 3314 2412 3366 in
2438 3314 2606 3381 pretio
2634 3312 2813 3381 fuerit.

1866 3451 2085 3507 Primus
2107 3462 2327 3504 rursum
2346 3445 2547 3511 Moses,
2572 3460 2699 3499 cum
2722 3442 2789 3497 ad
2809 3460 2969 3500 suum
3004 3458 3384 3501 successorem

1798 3542 1903 3597 alia
1937 3548 2183 3597 uteretur
2236 3536 2601 3608 appellatione
2627 3576 2641 3602 ,
2672 3534 2861 3591 Jesum
2909 3549 3033 3590 eum
3066 3534 3385 3589 denomina-

1805 3632 2224 3702 vit:Scriptum
2275 3638 2359 3686 est
2380 3629 2550 3692 enim,
2592 3646 2610 3677 ι
2654 3626 2767 3681 [nec
2791 3636 2921 3681 sunt
2976 3626 3201 3681 nomina
3237 3626 3387 3679 viro-

1800 3739 1942 3791 rum,
1970 3738 2109 3795 quos
2146 3721 2296 3778 misit
2325 3720 2505 3776 Moses
2538 3719 2605 3774 ad
2634 3718 3037 3792 inspiciendam
3069 3724 3294 3781 terram,
3330 3723 3388 3772 et

1799 3817 2175 3875 denominavit
2202 3814 2405 3880 Moses,
2435 3813 2671 3870 Nausem
2700 3813 2871 3868 ﬁlium
2903 3810 3070 3879 Nave,
3105 3808 3314 3873 Iesum,
3334 3816 3389 3863 et

1800 3913 1953 3969 misit
2010 3912 2191 3968 eos".
2233 3930 2251 3963 ι
2318 3908 2643 3973 Considera,
2692 3921 2900 3978 quaeso,
2957 3918 3269 3976 parumper,
3327 3906 3390 3955 ut

1801 4009 2064 4081 pr0pheta
2088 4008 2180 4079 qui
2215 4022 2322 4062 non
2352 4020 2547 4076 parum
2581 4005 2775 4060 doctus
2804 4010 3073 4057 ‘naturam
3105 3999 3387 4055 nominum

1801 4111 1939 4167 erat,
1965 4103 2060 4158 sed
2094 4101 2411 4172 plurimum,
2471 4098 2573 4152 hac
2624 4110 2843 4167 quoque
2870 4095 2924 4149 in
2957 4100 3111 4164 parte
3144 4091 3392 4162 philoso-

1802 4196 2026 4265 phatus,
2074 4202 2135 4249 ut
2178 4209 2247 4249 ex
2289 4193 2357 4248 iis
2407 4190 2617 4245 sanctis
2650 4188 2783 4244 viris
2831 4192 3067 4249 constat,
3105 4198 3244 4254 quos
3273 4182 3391 4251 ipse

1803 4284 2201 4348 denominavit,
2233 4292 2287 4339 et
2318 4298 2384 4337 ex
2421 4279 2607 4335 causis
2656 4287 2879 4347 propter
2901 4290 3040 4345 quas
3067 4271 3391 4328 denomina-

1803 4378 1903 4442 vit,
1937 4377 2140 4447 quippe
2193 4375 2286 4445 qui
2332 4372 2558 4427 inducat
2615 4368 2915 4431 Abraham,
2972 4364 3066 4436 qui
3107 4361 3390 4433 praemium

1804 4472 2027 4526 virtutis
2059 4484 2089 4523 a
2126 4468 2235 4523 Deo
2274 4466 2498 4536 accipit,
2548 4479 2705 4519 suam
2742 4461 2917 4532 ipsius
2943 4456 3217 4513 Abraham
3248 4453 3390 4508 inte-

1733 4603 1775 4658 θ
1806 4581 1955 4637 gram
1986 4563 2403 4634 appellationem
2431 4600 2445 4625 ,
2478 4558 2625 4631 quod
2660 4574 2794 4658 sane
2829 4554 3090 4626 quidnam
3127 4550 3233 4658 sibi
3264 4548 3395 4603 velit

1811 4674 1920 4714 non
1946 4666 2032 4713 est
2063 4671 2210 4711 nunc
2249 4651 2661 4710 demonstrandi
2711 4650 2888 4715 locus,
2940 4655 2994 4703 et
3051 4643 3240 4701 eadem
3305 4655 3396 4695 ra-

1813 4753 1961 4808 tione
1994 4750 2185 4805 Saram
2220 4748 2538 4804 denominet
2568 4744 2791 4799 Sarram
2813 4782 2828 4806 ,
2860 4748 2914 4797 et
2945 4738 3117 4802 Isaac,
3144 4749 3269 4792 eum
3299 4733 3394 4803 qui

1813 4855 2107 4918 antequam
2147 4847 2491 4905 nasceretur,
2523 4839 2671 4894 risus
2698 4838 2878 4893 dictus
2907 4834 3105 4895 fuerat,
3137 4837 3191 4885 et
3223 4826 3399 4890 Jacqb

1812 4954 1937 4994 eum
1953 4937 2044 5012 qui
2065 4935 2289 5009 przemio
2321 4934 2502 4995 luetze,
2530 4946 2599 4986 ex
2646 4928 2971 5000 cognomine
2990 4922 3154 4979 Israel
3173 4920 3399 4976 decora‘

1814 5039 1925 5086 tus:
1956 5043 2192 5099 cumque
2211 5026 2354 5082 idem
2375 5025 2481 5079 alia
2512 5019 2933 5077 innumerabilia
2955 5017 3022 5072 de
3050 5015 3100 5070 vi
3129 5022 3181 5069 et
3200 5017 3398 5065 natura

1815 5120 2121 5185 nominum,
2155 5116 2427 5172 diviniore
2453 5127 2618 5183 (luam
2653 5118 2714 5165 ut
2742 5125 2807 5165 ea
2847 5106 3054 5162 homini
3084 5099 3394 5162 conveniat,

1817 5212 2134 5283 Spirituque
2155 5208 2251 5265 Dei
2280 5208 2458 5263 aillata
2496 5202 2765 5274 sapientia
2794 5216 2858 5255 ac
2888 5198 3116 5256 scientia
3142 5200 3395 5264 percepta

1814 5314 1870 5361 et
1894 5306 2109 5376 cognita
2137 5301 2383 5363 haberet,
2419 5311 2521 5352 nec
2539 5295 2675 5349 alius
2692 5291 2981 5362 quisquam
3000 5287 3067 5341 ab
3096 5284 3249 5376 initio
3271 5290 3399 5376 ante

1817 5374 2017 5466 ipsum,
2064 5392 2194 5449 Jesu
2252 5391 2473 5447 nomine
2521 5402 2653 5443 usus
2709 5390 2880 5446 esset,
2938 5379 3149 5450 primus
3210 5374 3399 5429 divino

1821 5491 2031 5563 Spiritu
2068 5487 2407 5549 moderante,
2433 5497 2594 5553 quem
2627 5478 2730 5534 sibi
2764 5477 2819 5531 in
2869 5468 3395 5567 populi-principatu

1820 5592 2199 5636 successorem
2247 5584 2366 5631 erat
2416 5572 2816 5631 declaraturus,
2859 5564 2965 5619 alio
2997 5563 3147 5634 prius
3179 5563 3398 5614 nomine

1821 5678 2097 5737 vocatum,
2152 5668 2268 5741 ipse
2297 5666 2628 5727 immutans,
2659 5657 2847 5715 Iesum
2879 5650 3264 5711 nominaverit,
3311 5655 3400 5701 ut-
