3954 6512
530 387 644 443 527
1171 385 1441 443 EUSEBII
1478 383 1964 442 CIESARIENSIS
2001 385 2151 441 OPP.
2195 385 2396 442 PARS.
2438 384 2504 439 11.
2540 384 3129 443 —-APOLOGETICA.
3691 392 3810 444 328

535 511 666 573 pote
694 501 787 571 qui
817 500 1234 572 appellationem
1258 501 1336 555 illi
1373 515 1402 553 a
1425 500 1726 569 majoribus
1761 500 1890 555 dum
1917 516 2096 555 nasce‘

2250 517 2382 572 ησαν
2411 501 2461 554 οί
2495 502 2854 573 γεννήσαντες
2873 518 2887 533 ’
2916 501 3031 556 ἀλλ’
3059 503 3087 554 ὃ
3113 518 3176 570 γε
3207 502 3492 575 προφήτης
3506 501 3602 556 τοῦ
3633 502 3811 564 Θεοῦ,

534 600 688 648 retur
714 591 1051 661 adjunctam,
1075 607 1180 646 non
1213 592 1349 646 satis
1374 591 1623 645 idoneam
1655 589 1770 646 fore
1793 590 2095 645 censuerit:

2252 592 2358 644 bsic
2383 591 2608 663 γενετῆς
2627 592 2867 662 ἀμείψας
2889 592 3076 662 ὄνομα,
3106 591 3310 662 Ἰησοῦν
3337 593 3428 646 τὸν
3454 594 3627 664 ἄνδρα
3656 595 3813 648 κατά

534 681 810 753 siquidem
842 681 1077 737 Nausem
1131 683 1280 736 illum
1333 691 1588 754 parentes
1641 691 2014 738 vocaverant:
2053 693 2095 737 al

2252 683 2270 733 5
2301 681 2441 734 θεῖον
2462 681 2685 752 Πνεῦμα
2709 681 2886 736 καλά’
2920 682 3018 735 οὐκ
3040 681 3213 745 ἄλλως
3240 683 3402 737 αὐτὸν
3423 683 3813 754 καθηγεῖσθαι

531 791 666 832 vero
695 777 812 846 ipse
832 775 927 830 Dei
961 776 1245 846 propheta,
1294 777 1583 831 immutato
1637 778 1804 832 natali
1865 778 2092 832 nomine

2255 772 2302 826 >ῦ
2335 773 2535 837 παντὸς
2563 773 2692 827 λαοῦ
2717 775 2854 846 μετὰ
2876 775 2975 846 τὴν
3002 777 3192 830 ἐαυτοῦ
3220 775 3496 846 τελευτὴν,
3521 778 3628 848 τῆς
3665 776 3816 848 πρὸς

532 867 710 922 virum
740 867 890 920 illum
919 867 1104 920 divino
1130 865 1336 936 Spiritu
1384 876 1678 931 annuente,
1713 867 1900 924 Jesum
1927 875 2093 924 vocat.

2253 864 2373 918 ὐτοῦ
2397 863 2646 936 τεθείσης
2673 865 2991 936 νομοθεσίας
3023 867 3498 938 μεταστησομένης
3535 869 3680 922 ποτὲ
3711 867 3814 920 καὶ

532 968 642 1008 non
670 953 828 1008 aliter
851 954 1003 1007 illum
1033 964 1156 1025 post
1215 965 1448 1009 mortem
1504 973 1681 1018 suam,
1715 959 1861 1012 omni
1908 959 2093 1028 populr

2255 956 2358 1020 ἕλος
2403 957 2690 1028 ίσχούσης,
2726 958 2817 1011 καὶ
2854 959 3001 1029 αὐτῷ
3037 975 3102 1027 γε
3141 959 3340 1029 ὁμοίως
3373 959 3562 1012 Μωσεῖ
3590 958 3816 1030 τρόπον

533 1060 770 1114 praeesse
803 1054 1058 1114 oportere
1111 1054 1284 1110 ratus,
1319 1064 1445 1102 cum
1476 1049 1662 1119 utique
1687 1050 1926 1105 futurum
1959 1051 2094 1106 vide-

2254 1049 2328 1103 .vdt
2359 1049 2720 1120 τελευτώσης,
2757 1051 2957 1121 μηδένα
2977 1052 3159 1120 ἕτερον
3191 1052 3223 1123 ἦ
3258 1053 3417 1122 μόνον
3464 1052 3688 1120 Ἰησοῦν
3718 1050 3815 1102 τὸν

530 1145 635 1200 ret,
674 1153 811 1207 quas
875 1139 1021 1209 leges
1077 1138 1194 1208 ipse
1253 1142 1529 1210 posuisset
1587 1151 1646 1197 ut
1680 1158 1757 1198 ea:
1814 1143 2091 1213 aliquandi

2262 1141 2440 1213 ριστὸν
2467 1140 2556 1194 τοῦ
2587 1141 2720 1194 Θεοῦ
2753 1142 3025 1205 πολιτείας
3059 1141 3246 1213 ἐτέρας
3277 1141 3577 1212 ἡγήσεσθαι
3609 1139 3819 1212 κρείτ-

531 1238 900 1294 mutarentur,
930 1231 1088 1303 196
1113 1231 1383 1303 finemque
1433 1235 1764 1304 accipereut,
1815 1245 1871 1290 et
1917 1238 2092 1291 eadem

2254 1247 2356 1294 >νος
2393 1231 2424 1302 ἢ
2457 1231 2596 1285 κατά
2643 1231 2740 1302 τὴν
2781 1231 3069 1302 προτέραν.
3101 1230 3258 1284 Οῦτω
3289 1232 3386 1302 μὲν
3421 1231 3483 1302 δὴ
3519 1231 3750 1298 Μωσῆς
3785 1229 3815 1282 ὁ

529 1337 656 1375 cum
687 1321 808 1391 ipso
868 1321 1016 1377 Mose
1065 1323 1277 1377 ratione
1323 1325 1747 1390 quodammodo,
1798 1326 2084 1381 interirent

2250 1324 2430 1377 τάντων
2477 1321 2769 1394 προφητῶν
2811 1321 3288 1392 θαυμασιώτατος,
3331 1321 3659 1392 ἀμφοτέρας
3712 1320 3811 1373 τοῦ

529 1427 709 1482 neque
737 1413 905 1465 alium
931 1412 1265 1482 quempiam,
1291 1428 1454 1482 quam
1498 1430 1667 1468 unum
1697 1414 1882 1470 Jesum
1936 1417 2090 1486 ipsius

2251 1416 2458 1485 ωτῆρος
2489 1413 2645 1484 ἡμῶν
2689 1413 2862 1484 Ἰησοῦ
2901 1413 3137 1485 Χριστοῦ
3177 1413 3308 1483 θείῳ
3355 1413 3638 1484 Πνεύματι
3683 1413 3812 1465 δια⁴

530 1502 626 1558 Dei
648 1501 948 1566 Christum,
992 1504 1148 1558 alteri
1177 1503 1511 1574 reipublicae,
1561 1521 1685 1575 quae
1731 1508 1914 1576 priore
1952 1509 2091 1579 longt

2254 1506 2368 1568 νοὺς
2400 1505 2498 1569 τὰς
2528 1506 2842 1576 ἐπωνυμίας
2860 1547 2875 1570 ,
2900 1505 3124 1568 ταύταις
3153 1506 3228 1569 ὡς
3254 1505 3318 1558 ἂν
3354 1505 3664 1575 βασιλικοῖς
3693 1505 3815 1556 δια-

529 1595 745 1660 melior,
798 1596 1065 1665 longeque
1129 1597 1477 1666 praestantior
1533 1595 1692 1662 foret,
1727 1599 2082 1668 praefuturum

2254 1600 2417 1669 ήμασι
2442 1598 2567 1660 τοὺς
2595 1597 2721 1668 παρ’
2746 1597 2906 1650 αὐτὸν
2934 1597 3147 1650 πάντων
3167 1597 3275 1649 τῶν
3300 1597 3575 1666 ἀρχόντων
3605 1596 3815 1668 ἐκκρί-

526 1685 715 1758 Itaque
742 1686 920 1743 Moses
938 1688 1157 1758 quidem
1180 1691 1426 1744 omnium
1457 1691 1844 1760 prophetarum
1874 1692 2087 1746 maxim:

2251 1707 2332 1752 au;
2363 1688 2641 1758 ἐτίμησεν,
2672 1687 2821 1740 δυσὶν
2856 1688 3081 1757 ἄρχουσι
3114 1686 3207 1738 καὶ
3250 1685 3480 1755 ἡγεμόσι
3515 1683 3614 1736 τοῦ
3671 1682 3812 1736 λαοῦ

529 1781 908 1848 admirandus,
941 1798 1062 1837 cum
1115 1792 1403 1853 utramque
1444 1781 1748 1839 Salvatoris
1778 1785 1952 1839 nostri
1978 1783 2090 1839 Jest

2243 1779 2284 1850 ᾦ
2322 1797 2382 1832 τε
2432 1781 2680 1851 ἀρχιερεῖ
2708 1779 2799 1832 καὶ
2824 1777 2900 1848 τῷ
2938 1777 3123 1848 οἰκείῳ
3153 1778 3399 1847 διαδόχῳ,
3427 1777 3519 1830 τὸν
3544 1776 3804 1848 Χριστὸν

527 1872 733 1928 Christi
799 1875 1237 1944 appellationem,
1300 1876 1486 1930 divino
1545 1873 1754 1944 Spiritu
1806 1876 2088 1930 instruenti

2249 1875 2302 1927 αὶ
2330 1872 2421 1925 τὸν
2457 1871 2662 1942 Ἰησοῦν
2691 1871 3030 1942 ἐπιφημίσας
3067 1871 3184 1924 κατ’
3207 1870 3382 1934 ἀξίαν,
3406 1869 3483 1940 τῷ
3519 1869 3621 1940 μὲν
3673 1869 3810 1922 Ἀα-

525 1963 866 2028 distinctam,
888 1965 1269 2035 cognitamque
1292 1966 1514 2021 haberet
1539 1975 1772 2036 utraque
1789 1967 1944 2035 quasi
1967 1967 2086 2020 duo‘

2251 1964 2320 2018 ὼν
2354 1965 2443 2018 τὸν
2474 1964 2727 2036 Χριστὸν,
2758 1962 2834 2034 τῷ
2853 1963 2908 2017 δὲ
2942 1965 3126 2034 Nouo-ﬁ
3148 2003 3162 2025 .
3183 1962 3258 2026 ὡς
3285 1963 3349 2016 ἂν
3375 1962 3471 2033 τὴν
3502 1960 3682 2014 αὐτοῦ
3720 1979 3812 2014 τε·

524 2054 630 2109 bus
659 2055 824 2124 regiis
852 2053 1176 2109 diadematis
1203 2070 1318 2117 eos,
1353 2055 1445 2124 qui
1481 2054 1627 2124 apud
1659 2070 1718 2110 se
1746 2055 1987 2110 omnium
2016 2071 2085 2111 es

2251 2056 2398 2127 ευτὴν
2428 2057 2820 2129 διαδεξομένῳ,
2855 2058 2946 2110 τὸν
2988 2056 3192 2128 Ἰησοῦν
3229 2056 3551 2126 ἀπονείμας.
3587 2053 3812 2107 Τοῦτον

523 2155 646 2201 sent
699 2146 1009 2215 principum
1071 2146 1520 2215 praestantissimi
1563 2146 1863 2202 decoravit.
1915 2146 2084 2216 ltaqut

2251 2148 2309 2200 ὲν
2324 2144 2416 2201 οὖν
2433 2148 2521 2200 τὸν
2533 2149 2731 2219 τρόπον
2746 2149 2777 2218 ή
2796 2146 2959 2201 αὑτοῦ
2977 2148 3218 2210 Μωσέως
3229 2145 3417 2218 Γραφὴ
3432 2149 3550 2208 ταῖς
3565 2144 3671 2197 τοῦ
3689 2145 3812 2198 2m-

524 2252 650 2291 cum
699 2237 913 2292 duobus
955 2237 1314 2308 principibus,
1362 2237 1688 2307 duobusque
1725 2237 1961 2293 ducibus
2003 2253 2085 2307 po-

2249 2239 2373 2311 ἦρος
2401 2239 2556 2310 ἡμῶν
2586 2239 2761 2312 Ἰησοῦ
2783 2238 3020 2312 Χριστοῦ
3047 2239 3350 2311 κεκόσμητο
3374 2236 3810 2310 προσηγορίαις,

523 2329 634 2398 puli
677 2332 920 2400 pontifici
961 2332 1086 2401 ipsi,
1123 2347 1188 2386 ac
1237 2347 1338 2387 suo
1391 2331 1564 2402 ipsius
1614 2333 1945 2396 successori,
1983 2332 2261 2387 Christum
2316 2343 2370 2389 et
2414 2333 2600 2390 Jesum
2656 2335 3043 2405 appellationes
3072 2349 3170 2404 pro
3221 2334 3428 2388 meritis
3462 2332 3808 2386 tribuisset:

523 2421 702 2493 ipsum
753 2426 970 2497 quidem
1022 2426 1227 2493 Aaron,
1277 2427 1578 2492 Christum,
1637 2426 1872 2482 Nausem
1934 2442 2083 2492 vero,
2118 2429 2274 2498 quasi
2333 2444 2481 2494 eum,
2539 2430 2634 2499 qui
2683 2439 2806 2499 post
2861 2438 3093 2484 mortem
3141 2443 3297 2483 suam
3331 2427 3435 2482 sibi
3481 2433 3633 2482 esst't
3672 2439 3812 2478 suc-

520 2531 806 2583 cessurus,
835 2517 1020 2574 Jesum
1051 2519 1372 2575 nominavit.
1410 2519 1524 2577 Hoc
1574 2521 1738 2593 igitur
1782 2521 1944 2577 modo
2003 2521 2176 2591 ipsius
2210 2520 2376 2578 Mosis
2427 2521 2732 2592 Scriptura,
2771 2520 3068 2577 Salvatoris
3105 2520 3277 2574 nostri
3298 2517 3427 2574 Jesu
3457 2515 3672 2571 Christi
3710 2531 3814 2568 no-

521 2611 765 2668 minibus
801 2612 1065 2685 insignita
1096 2621 1205 2670 est.

521 2728 601 2782 Ab
620 2728 825 2783 Exodo.
860 2760 933 2769 —
959 2731 1412 2797 Quemadmodum
1435 2732 1602 2788 Mosis
1633 2751 1901 2789 successor
1926 2735 2082 2789 Jesus

2252 2728 2366 2784 Axii
2402 2727 2512 2796 τῆς
2543 2725 2808 2791 Ἑξόόου.
2838 2724 3020 2798 τ-Ὠς
3093 2721 3346 2798 Μωσέως
3374 2719 3678 2798 διᾴὃοχρςΔ
3704 2721 3813 2798 Ἰητ

595 2801 691 2874 qui
712 2799 928 2874 angelus
964 2791 1044 2854 Est
1075 2812 1313 2874 uocatus.
1338 2818 1382 2857 et
1404 2805 1582 2873 populi
1604 2805 1714 2858 dua:
1728 2807 1941 2874 futurus
1965 2791 2102 2870 erat,

2279 2800 2432 2866 σοῦς
2451 2791 2470 2863 ,Ἴ
2488 2791 2796 2874 *ἑᾶγηηελοςὶ
2820 2791 3293 2874 ἐπικεκλημένος
3311 2831 3326 2853 ,
3360 2792 3457 2844 καὶ
3489 2791 3600 2871 τοῦ
3633 2792 3807 2845 λαιλύ

599 2862 867 2924 ἑειίιίεηίίδ
899 2872 1174 2926 oraculum
1201 2862 1414 2928 Christi"
1445 2862 1633 2930 nomen
1657 2862 1793 2946 ferre
1808 2875 1981 2930 dictus
2002 2862 2100 2930 est;

2280 2862 2660 2946 κᾳρήγεῒσρᾲι
2719 2865 2981 2946 gregi-(or,
3015 2862 3110 2946 ’τὸ
3152 2862 3349 2946 adroget
3411 2862 3516 2914 τοῦ
3562 2879 3809 2932 χρημα-

2282 2931 2541 3004 τίζοκὶος
2573 2931 2828 3007 Χριστοῦ
2857 2931 3236 3004 ἐπιφέρεσθαι
3273 2933 3523 3002 λέγεται.

605 3047 787 3103 «Ecce
843 3064 942 3120 ego
981 3049 1137 3105 mitto
1179 3051 1430 3122 angelum
1490 3068 1669 3109 meum
1722 3060 1848 3109 ante
1906 3052 2098 3109 faciem

2283 3077 2304 3110 ‹
2337 3057 2466 3110 Ἰδοὺ
2505 3053 2816 3109 ἀποστέλλω
2846 3053 2935 3106 τὸν
2965 3050 3192 3120 ἄγγελόν
3222 3067 3322 3120 μου
3354 3048 3459 3120 πρὸ
3491 3047 3803 3118 προσώπων

521 3142 694 3199 tuam,
730 3143 788 3189 ut
814 3135 1085 3191 custodiat
1122 3147 1174 3193 te
1198 3139 1253 3194 in
1280 3140 1388 3206 via,
1417 3151 1474 3196 ut
1497 3141 1808 3198 introducat
1826 3153 1880 3198 te
1907 3144 1962 3198 in
1995 3153 2082 3199 ter

2234 3167 2325 3212 που,
2345 3148 2431 3202 ἵνα
2465 3146 2714 3217 φυλάσσῃ
2739 3161 2799 3197 σε
2827 3145 2883 3196 ἐν
2902 3145 2968 3214 τῇ
2989 3141 3110 3212 ὁδῷ,
3141 3143 3287 3204 ὅπως
3315 3139 3585 3212 εἰσαγάγῃ
3611 3157 3681 3193 σε
3710 3144 3795 3205 εἰς

523 3244 640 3283 ram
685 3245 849 3299 quam
892 3233 1193 3301 praeparavi
1235 3233 1331 3288 tibi
1379 3249 1391 3285 :
1439 3235 1668 3290 observa
1719 3252 1868 3303 eum,
1900 3245 1956 3292 et
1998 3251 2084 3290 au-

2244 3240 2296 3312 ήν
2328 3239 2430 3310 γῆν
2449 3275 2464 3303 ,
2490 3239 2558 3310 ἢν
2586 3235 2860 3310 ἡτοίμασά
2888 3251 2989 3288 σοι.
3015 3233 3254 3306 Πρόσεχε
3278 3231 3486 3302 σεαυτῷ
3505 3273 3519 3296 ,
3547 3233 3648 3287 καὶ
3679 3237 3805 3288 sic-

523 3323 706 3378 sculta
730 3323 834 3386 illi.
868 3339 938 3379 ne
973 3323 1146 3380 fueris
1173 3326 1436 3384 adversus
1461 3329 1613 3384 illum
1641 3327 1956 3395 contumax,
1989 3346 2084 3385 nor

2242 3350 2360 3387 κουε
2394 3329 2558 3385 αὑτοῦ
2579 3370 2595 3396 ,
2627 3330 2700 3402 μὴ
2730 3329 2944 3383 ἀπείθει
2972 3326 3120 3398 αὐτῷ
3142 3343 3155 3356 ·
3183 3327 3244 3379 οὐ
3275 3329 3383 3397 γὰρ
3420 3322 3491 3395 μὴ
3525 3325 3803 3380 ὑποστεί-

517 3417 667 3474 enim
723 3420 1002 3475 verebitur
1053 3428 1148 3487 te,
1200 3437 1402 3477 nomen
1457 3425 1603 3479 enim
1659 3441 1842 3480 meum
1904 3433 1990 3481 est
2042 3426 2078 3479 it

2239 3425 2358 3496 ηταί
2387 3440 2464 3477 σε.
2493 3423 2566 3476 Τὸ
2587 3421 2695 3493 γάρ
2713 3419 2887 3492 ὄνομα
2918 3437 3019 3491 μου
3053 3421 3201 3474 ἐστὶν
3226 3418 3313 3472 ἐπ’
3336 3417 3501 3488 αὐτῷ.
3539 3437 3558 3470 ι
3596 3417 3800 3490 Ἐμοῦ,

521 3510 642 3582 ipso
670 3512 736 3566 ⁸³.
799 3532 820 3566 ι
879 3513 1022 3579 Meo,
1081 3515 1258 3585 inquit
1314 3516 1432 3586 ipse
1487 3515 1773 3582 Dominus,
1843 3521 1933 3588 qui
1984 3519 2082 3574 hau

2241 3516 2364 3588 ησὶν
2383 3514 2542 3578 αὐτὸς
2572 3515 2600 3566 ό
2628 3513 2828 3584 Κύριος
2844 3551 2858 3575 ,
2879 3511 2969 3566 τοῦ
3007 3511 3091 3565 σοὶ
3121 3509 3293 3566 ταῦτα
3317 3509 3766 3582 χρηματίζοντος
3786 3552 3799 3573 ,

517 3603 616 3657 tibi
665 3605 990 3674 respondeo,
1047 3608 1270 3662 nomine
1313 3607 1618 3679 inscriptus
1659 3617 1763 3677 est,
1801 3612 1893 3682 qui
1924 3627 2078 3682 popu.

2301 3622 2437 3678 νομα
2473 3604 2894 3677 ἐπιγέγραπται,
2923 3606 2952 3658 ό
2985 3603 3192 3675 μέλλων
3234 3604 3472 3671 εἰσάγειν
3530 3602 3622 3655 τὸν
3661 3602 3800 3656 λαόν
3860 3615 3862 3617 ‘

519 3692 631 3748 lum
656 3695 1074 3753 introducturus
1097 3708 1180 3754 est
1199 3699 1255 3753 in
1274 3707 1478 3754 terram
1502 3701 1888 3771 promissionis
1919 3718 2080 3774 :quoc

2238 3701 2280 3764 ίς
2305 3699 2403 3770 τὴν
2435 3698 2536 3769 γῆν
2567 3698 2667 3768 τῆς
2693 3695 3050 3767 ἐπαγγελίας·
3074 3698 3122 3749 εί
3143 3695 3187 3750 δ’
3211 3696 3373 3758 αὐτὸς
3399 3690 3466 3766 ἦν
3493 3696 3520 3748 ὁ
3551 3695 3799 3766 Ἰησοῦς,

519 3787 568 3841 si
595 3785 757 3844 Jesus
778 3789 901 3851 fuit.
935 3806 1042 3846 non
1074 3791 1236 3857 alius,
1277 3799 1495 3848 constat
1517 3793 1628 3862 jam
1659 3801 1775 3848 tum
1808 3793 2080 3850 Dominun

2238 3791 2300 3845 ὒκ
2342 3789 2534 3853 ἀλλος,
2571 3788 2864 3860 πρόδηλον,
2894 3788 2970 3852 ὡς
3016 3786 3253 3858 τοῦνομα
3297 3787 3358 3839 τὸ
3406 3785 3574 3839 αὐτοῦ
3617 3786 3799 3858 φησιν

517 3876 608 3932 hic
643 3878 847 3946 dicere,
896 3897 1096 3938 nomen
1131 3899 1292 3939 suum
1329 3885 1405 3938 illi
1430 3900 1552 3940 esse
1595 3887 1910 3956 impositum
1946 3903 2078 3943 :nor

2239 3880 2568 3934 πιτεθεῖσθαι
2595 3878 2763 3949 αὐτῷ.
2795 3878 2869 3932 Οὐ
2895 3878 3203 3949 θαυμαστὸν
3225 3872 3336 3939 οὖν,
3362 3877 3408 3929 εί
3433 3877 3524 3929 καὶ
3551 3875 3800 3944 ἄγγελον

517 3969 686 4039 igitur
715 3972 915 4027 mirum
941 3980 1046 4038 est,
1081 3975 1129 4029 si
1176 3976 1428 4046 angelum
1454 3991 1670 4047 quoque
1712 3977 1892 4048 ipsum
1915 3985 2074 4034 vocat

2238 3969 2359 4022 ὐτὸν
2384 3967 2664 4033 ἀποκαλεῖ,
2691 3969 2780 4022 ὅτε
2816 3969 2910 4020 καὶ
2941 3966 3069 4040 περὶ
3101 3967 3346 4020 Ἰωάννου
3373 3965 3666 4036 ἀνθρώπου
3700 3985 3799 4037 γε·-

515 4059 740 4128 quando
763 4062 924 4117 etiam
955 4062 1023 4120 de
1051 4063 1284 4131 Joanne,
1317 4067 1411 4137 qui
1449 4068 1614 4122 homo
1648 4067 1770 4134 fuit,
1823 4069 1986 4139 plane
2015 4069 2076 4124 di

2235 4062 2412 4125 ονότος
2439 4061 2682 4114 λέλεκται
2715 4060 2793 4125 τὸ,
2835 4079 2853 4111 ι
2899 4061 3026 4114 Ἰδοὺ
3057 4057 3371 4112 ἀποστέλλω
3413 4058 3503 4111 τὸν
3550 4059 3796 4128 ἄγγελόν

516 4159 667 4206 ctum
699 4165 785 4209 est
818 4155 950 4211 illud
981 4175 994 4212 :
1026 4175 1045 4209 ι
1084 4157 1225 4215 Ecce
1256 4159 1414 4214 mitto
1473 4160 1727 4230 angelum
1761 4175 1942 4215 meum
1973 4169 2077 4214 ante

2235 4173 2302 4207 ,ου
2347 4154 2452 4226 πρὸ
2487 4152 2778 4226 προσώπου
2810 4170 2938 4218 σου,
2977 4153 3036 4217 ὃς
3079 4153 3482 4206 κατασκευάσει
3521 4152 3625 4224 τῆν
3668 4153 3796 4209 ὁδόν

518 4241 716 4298 faciem
750 4253 920 4312 tuam,
953 4249 1046 4318 qui
1068 4249 1400 4320 praeparabit
1419 4251 1563 4305 viam
1589 4259 1738 4304 tuam
1755 4258 1884 4306 ante
1913 4258 1967 4305 te
1984 4251 2079 4306 “.1

1268 4249 1400 4305 rabit
1419 4251 1563 4305 viam
1589 4259 1738 4304 tuam
1755 4258 1884 4306 ante
1913 4258 1967 4305 te
1984 4251 2050 4306 ⁸⁸.
2072 4267 2094 4304 ι
2201 4263 2292 4299 σου
2326 4244 2632 4318 ἔμπροσθέν
2665 4263 2779 4300 σου.
2812 4265 2829 4298 ι

517 4356 562 4411 Α
584 4355 872 4434 lacuaria.
902 4391 975 4401 -
997 4362 1150 4428 Quod
1197 4365 1358 4417 etiam
1376 4362 1534 4417 Jesus
1572 4364 1719 4434 ﬁlius
1755 4363 2078 4434 Josedecrsa-

2232 4360 2487 4434 Amica}
2513 4361 2833 4434 Ζαχαρίου.
2858 4391 2928 4434 -_—
2950 4361 3045 4427 Ὡς
3069 4359 3176 4434 Δκαί
3211 4357 3455 4434 ἸησοῦςΔ
3473 4359 3506 4412 ό
3531 4359 3644 4434 τοῦ
3679 4361 3793 4414 Ἰω-

589 4429 770 4505 cerdos
802 4448 1047 4505 magnus,
1085 4435 1367 4503 imaginem
1414 4451 1476 4488 ac
1509 4429 1736 4505 figuram
1783 4438 1941 4505 gessit
1975 4433 2100 4490 Sal-

2270 4430 2512 4505 osgéxAd
2542 4429 2736 4505 ἱερεὺς
2765 4434 2797 4505 _d
2820 4432 3016 4505 uerae
3033 4432 3238 4505 εἰκόνα
3263 4431 3358 4482 καὶ
3391 4429 3580 4505 τύπον
3599 4430 3744 4505 ⁸ἕειςιεγ
3761 4450 3794 4486 ε

587 4501 784 4574 sutoris
809 4499 997 4568 nostri,
1032 4506 1123 4573 qui
1144 4499 1386 4562 veterem.
1423 4499 1569 4574 quic'
1577 4505 1696 4574 jam
1719 4499 1829 4558 tum
1869 4507 2100 4559 invalue-
2132 4547 2148 4574 ,

2270 4501 2379 4574 τοῦ
2431 4501 2705 4574 Σωτῆρος
2746 4501 2934 4574 ἡμῶν,
2993 4499 3456 4574 ἐπιστρέφοξθτος
3495 4499 3615 4574 ᾲέπι
3681 4505 3795 4574 τίν

588 4580 697 4633 rat,
722 4547 1074 4627 humanarum
1126 4547 1450 4628 animarum"
1479 4547 1798 4643 seruitutem,
1833 4576 1904 4628 ad
1930 4576 2096 4630 Deum
2131 4547 2149 4603 ί

2275 4547 2479 4651 om}
2485 4547 2758 4639 ὴνλξῖἆλαι
2769 4547 2840 4624 ξπ
2848 4547 3012 4651 ικρατ
3017 4569 3050 4637 ii
3055 4547 3269 4624 emoto;
3273 4568 3389 4624 τῶν
3400 4547 3794 4637 ἀνθρωπεία-ν

588 4652 863 4696 convertit.

2277 4645 2366 4710 ψυ
2370 4643 2496 4710 χῶν
2525 4643 2959 4712 αἰχμαλωσίαν.

593 4753 752 4824 197
783 4773 801 4805 ι
823 4754 885 4808 Ει
917 4757 1158 4811 ostendit
1205 4759 1338 4814 mihi
1388 4759 1651 4818 Dominus
1693 4760 1881 4817 Jesum
1915 4775 2100 4816 sacer-

2284 4774 2302 4806 ι
2337 4756 2445 4809 Kal.
2469 4754 2638 4819 ἔδειξέ
2673 4771 2763 4825 μοι
2792 4752 2997 4826 Κύριος
3035 4751 3240 4823 Ἰησοῦν
3268 4752 3358 4806 τὸν
3387 4750 3534 4824 ίερέα
3565 4752 3660 4808 τὸν
3691 4755 3792 4824 μέ-

515 4844 703 4899 dotem
722 4861 1000 4915 magnum,
1021 4857 1252 4904 stantem
1275 4859 1401 4906 ante
1421 4851 1615 4906 faciem
1647 4852 1825 4922 angeli
1852 4850 2066 4907 Domini

2228 4864 2306 4901 ναν
2325 4887 2339 4912 ,
2375 4847 2583 4902 ἑστῶτα
2613 4846 2720 4918 πρὸ
2752 4845 3044 4919 προσώπου
3079 4845 3312 4914 ἀγγέλου
3357 4845 3586 4917 Κυρίου.
3615 4847 3733 4898 Καὶ
3762 4849 3789 4898 ὁ

515 4944 575 4992 et
605 4937 860 4992 diabolus
909 4941 1089 4995 stabat
1135 4956 1163 4994 a
1219 4943 1598 5013 dextrisejus,
1633 4953 1692 4998 ut
1715 4946 2068 5000 adversaretu

2223 4941 2446 5004 ἰιάϐολος
2471 4942 2710 5012 εἱστήκει
2731 4941 2795 4994 ὲκ
2821 4938 3011 5004 δεξιῶν
3039 4937 3225 5001 αὐτοῦ,
3248 4937 3582 4991 ἀντικεῖσθαι
3607 4937 3784 5008 αὐτῷ.

516 5029 592 5093 ei,
622 5039 676 5084 et
707 5029 844 5084 dixit
877 5029 1141 5086 Dominus
1160 5032 1226 5086 ad
1266 5034 1545 5087 diabolum
1581 5053 1593 5086 :
1622 5034 1872 5106 lncrepet
1916 5037 2077 5091 Domit

2224 5034 2314 5088 ςαὶ
2357 5031 2477 5086 εἷπε
2526 5033 2731 5104 Κύριος
2777 5032 2914 5104 πρὸς
2953 5032 3044 5086 τὸν
3091 5030 3366 5099 διάὃολογο
3429 5031 3785 5102 Ἐπιτιμήσαι

517 5135 624 5175 nus
647 5119 702 5174 in
731 5127 805 5185 te,
839 5122 1074 5187 diabole,
1122 5131 1176 5178 et
1212 5123 1455 5192 increpet
1491 5122 1754 5180 Dominus
1796 5127 1851 5181 in
1877 5134 1949 5192 te,
2006 5143 2077 5197 qu

2224 5125 2407 5197 (ύριος
2439 5128 2497 5178 ὲν
2531 5126 2648 5189 σοὶ,
2679 5123 2894 5178 διάϐολε
2914 5165 2928 5188 ,
2979 5124 3074 5178 καὶ
3120 5124 3444 5194 ἐπιτιμήσαι
3474 5122 3681 5193 Κύριος
3727 5125 3785 5175 ἐν

513 5213 680 5284 elegit
721 5213 1022 5269 Jerusalem
1081 5235 1093 5270 :
1141 5231 1323 5270 nonne
1379 5230 1508 5271 ecce
1550 5216 1661 5281 hie,
1710 5219 1869 5287 quasi
1930 5219 2074 5273 torri:

2224 5218 2308 5282 τοὶ,
2331 5217 2360 5268 ὁ
2383 5215 2740 5286 ἐκλεξάμενος
2761 5217 2860 5287 τὴν
2893 5213 3266 5288 Ἰερουσαλήμ.
3295 5213 3430 5284 Οὐχὶ
3451 5207 3602 5276 οὗτος
3622 5213 3785 5275 δαλὸς

515 5313 706 5358 erutus
733 5319 800 5358 ex
839 5304 1002 5374 igne?
1029 5303 1091 5356 Et
1117 5313 1235 5359 erat
1267 5302 1428 5359 Jesus
1453 5305 1680 5362 indutus
1712 5309 1956 5363 vestibus
1979 5323 2073 5363 sor

2223 5307 2606 5378 ίξεσπασμένος
2626 5309 2689 5360 ἐκ
2719 5309 2888 5380 πυρός
2915 5324 2928 5371 ;
2951 5307 3061 5361 Καὶ
3089 5301 3156 5378 ἦν
3195 5303 3400 5376 Ἰησοῦς
3431 5304 3784 5374 ἐνδεδυμένος

516 5393 684 5458 didis,
735 5403 789 5449 et
841 5397 1020 5451 stabat
1076 5405 1201 5452 ante
1272 5397 1464 5452 faciem
1532 5399 1708 5470 angeli
1760 5398 1996 5464 Domini,
2044 5414 2074 5454 e

2231 5401 2397 5473 μάτια
2429 5401 2670 5473 ρυπαρά,
2701 5403 2794 5455 καὶ
2821 5403 3061 5472 εἱστήκει
3095 5399 3201 5472 πρὸ
3223 5397 3512 5470 προσώπου
3543 5397 3784 5466 ἀγγέλου

517 5488 822 5556 respondit,
869 5499 923 5542 et
960 5491 1034 5544 ait
1081 5491 1148 5545 ad
1178 5501 1385 5547 stantes
1416 5499 1542 5548 ante
1600 5493 1796 5548 faciem
1819 5532 1834 5556 ,
1863 5493 2051 5549 dicens

2222 5493 2429 5566 (oplou,
2452 5493 2547 5546 καὶ
2567 5492 2840 5564 ἀπεκρίθη
2861 5532 2874 5556 ,
2903 5493 2997 5546 καὶ
3025 5488 3147 5546 εἷπε
3177 5493 3314 5563 πρὸς
3337 5492 3460 5554 τοὺς
3482 5489 3783 5561 ἑστηκότας

515 5579 741 5634 Auferte
775 5582 1100 5636 vestimenta
1123 5583 1343 5637 sordida
1378 5584 1446 5639 ab
1466 5600 1553 5650 eo,
1585 5592 1640 5639 et
1669 5585 1807 5638 dixit
1839 5585 1906 5638 ad
1932 5600 2054 5639 eum

2220 5587 2308 5657 τρὸ
2327 5584 2647 5657 προσώπου,
2670 5585 2864 5652 λέγων⁸
2897 5584 3147 5654 ’Λφέλετε
3168 5587 3235 5636 τὰ
3259 5584 3446 5654 ἱμάτια
3469 5584 3536 5636 τὰ
3557 5584 3781 5654 ῥυπαρά

517 5669 657 5726 Ecce
679 5671 879 5727 abstuli
942 5689 972 5727 a
1014 5682 1067 5729 te
1105 5676 1419 5747 iniquitates
1452 5684 1599 5740 tuas,
1631 5689 1682 5731 et
1720 5676 1927 5732 induite
1967 5693 2078 5732 eun

2220 5678 2295 5729 ἱπ*
2325 5675 2511 5730 αὑτοῦ·
2553 5675 2648 5729 καὶ
2680 5670 2800 5728 εἷπε
2836 5673 2971 5746 πρὸς
3001 5675 3183 5728 αὐτόν·
3223 5674 3350 5729 Ἰδοὺ
3381 5673 3638 5744 ἀφῄρηκα
3674 5669 3781 5735 τὰς

584 5825 632 5856 ⁸³
656 5825 829 5883 Exod.
855 5843 1010 5894 niti,
1054 5829 1142 5884 20.
1216 5829 1448 5886 “Marc.
1497 5846 1534 5899 ι,
1567 5830 1619 5884 2.
