3954 6528
177 416 263 471 329
1014 411 1672 469 υεΜοΝετκΑτιοΝις
1710 412 2174 469 ΕνΑΝσειιοα
2219 413 2348 469 LIB.
2387 414 2482 470 IV.

3278 421 3386 476 E30

174 534 370 605 ἀνομίας
399 551 512 591 σου,
539 533 627 586 καί⁵
658 532 911 586 ἐνδύσατε
942 533 1104 586 αὑτὸν
1129 535 1361 606 ποδήρη,
1382 537 1476 589 καὶ
1495 535 1697 589 ἐπίθετε

1812 535 1996 589 tunica
2023 535 2201 599 talari,
2247 543 2302 589 et
2359 533 2620 606 imponite
2668 534 2894 590 Cidarim
2943 538 3202 592 mundam
3225 555 3389 608 super

173 628 356 698 κίδαριν
389 625 630 696 καθαρὰν
657 625 750 678 ἐπὶ
779 625 880 695 τὴν
919 626 1160 696 κεφαλὴν
1193 627 1356 680 αὐτοῦ
1375 668 1389 691 ,
1425 629 1518 680 καὶ
1549 645 1706 699 περι-

172 719 331 772 ίσαλον
361 717 522 772 αὑτὸν
553 718 762 786 ἰμάτια.
799 737 816 768 ι
855 719 964 776 Καὶ
996 718 1122 789 ἑξῆς
1149 718 1418 786 ἐπιλέγει·
1459 739 1474 770 ε
1513 721 1708 772 Ἀκουε

169 812 244 881 δὴ,
282 808 446 879 Ἰησοῦ
483 812 510 861 6
539 809 718 880 ἱερεὺς
749 811 778 861 6
810 810 1016 880 μέγας,
1044 811 1108 862 σὺ
1139 811 1232 863 καὶ
1253 814 1300 864 οἱ
1331 811 1557 882 πλησίον
1590 811 1704 874 σοῦ,

169 903 424 970 καθήμενοι
454 892 555 970 πρὸ
589 900 878 971 προσώπου
909 918 1002 952 σου
1025 941 1038 964 ,
1079 901 1212 953 διότι
1251 902 1441 972 ἄνδρες
1481 920 1706 971 τερατο-

170 999 323 1046 σκόποι
347 991 632 1044 eici-6:61:
674 992 793 1060 ἄγω
833 993 924 1045 τὸν
958 993 1142 1046 δοῦλόν
1178 1011 1279 1064 μου
1327 995 1636 1066 ’Λνατολήν.
1683 1016 1700 1046 ι

169 1087 254 1139 Καὶ
281 1086 412 1153 μετὰ
432 1083 662 1157 βραχέα,
681 1084 890 1148 τούτοις
919 1085 1172 1156 ἐπιφέρει
1189 1084 1358 1153 λέγων
1379 1101 1390 1113 ·
1413 1101 1431 1134 σ
1454 1085 1561 1137 Καὶ
1589 1086 1708 1153 ἐγέ-

167 1193 262 1228 νετο
291 1175 441 1242 Μγος
477 1175 684 1246 Κυρίου
727 1175 864 1244 πρός
907 1192 975 1245 με
1004 1175 1177 1242 λέγων
1202 1193 1214 1205 ·
1248 1176 1392 1229 Λάϐε
1420 1175 1488 1230 τά
1515 1179 1578 1229 ὲκ
1609 1176 1708 1247 τῆς

166 1264 503 1335 αἰχμαλωσίας
555 1266 705 1336 παρὰ
753 1266 860 1318 τῶν
910 1265 1189 1336 ἀρχόντων
1241 1266 1336 1319 καὶ
1393 1266 1542 1338 παρὰ
1603 1265 1708 1319 τῶν

163 1356 386 1426 χρησμῶν
419 1355 592 1423 αὐτῆς
611 1395 625 1417 ,
651 1356 745 1407 καί⁵
785 1354 933 1426 παρὰ
959 1354 1066 1407 τῶν
1100 1355 1486 1421 ὲπεγνωκότων
1515 1352 1704 1425 αὐτὴν,

163 1449 233 1500 καὶ
269 1447 542 1518 εἰσελεύσῃ
573 1448 630 1500 ἐν
669 1451 736 1518 τῇ
767 1446 950 1518 ἡμέρα
985 1447 1170 1520 ἐκείνῃ
1199 1450 1278 1510 εἰς
1309 1450 1397 1499 τὸν
1425 1443 1570 1500 οἷκον
1611 1449 1708 1500 Σο-

160 1539 308 1605 οονίου
334 1539 425 1590 τοῦ
454 1541 685 1609 ἥκοντος
713 1541 778 1591 ἐκ
802 1538 1140 1601 Βαϐυλῶνος,
1163 1539 1255 1592 καὶ
1274 1538 1415 1609 λήψῃ
1444 1538 1706 1608 ἀργύριον

159 1632 228 1681 καὶ
253 1629 464 1698 χρυσίον
486 1668 500 1691 ,
530 1630 625 1681 καὶ
653 1633 900 1700 ποιήσεις
934 1629 1232 1697 στεφάνους
1257 1669 1271 1692 ,
1303 1630 1396 1682 καὶ
1428 1627 1707 1699 ἐπιθήσεις

159 1721 229 1771 ἐπὶ
255 1719 341 1789 τὴν
375 1719 619 1791 κεφαλὴν
657 1718 830 1788 Ἰησοῦ
861 1717 953 1772 τοῦ
992 1719 1234 1772 Ἰωσεδὲκ
1262 1718 1354 1771 τοῦ
1401 1718 1588 1788 ἱερέως
1611 1717 1704 1771 τοῦ

161 1813 357 1882 μεγάλου
375 1852 390 1875 ,
442 1813 539 1864 καὶ
587 1812 732 1882 ἐρεῖς
764 1811 900 1882 πρὸς
927 1811 1090 1864 αὐτόν
1112 1827 1128 1840 ο
1157 1810 1295 1863 Τάδε
1324 1809 1470 1878 λέγει
1504 1809 1706 1880 Κύριος

1809 639 1973 700 caput
1996 631 2135 699 ejus,
2159 638 2212 684 et
2249 630 2541 684 induerunt
2597 629 2750 684 illum
2798 631 3117 686 vestimenta
3152 632 3218 686 ⁸³.
3252 652 3272 685 ›
3311 635 3387 688 Ac

1808 720 2001 776 deinde
2030 722 2313 792 adjungit:
2345 741 2363 772 ‹
2401 722 2542 776 Audi
2589 723 2700 791 jam
2753 739 2918 787 nunc,
2951 723 3079 779 Jesu
3129 727 3387 782 sacerdos

1810 827 2026 882 magno,
2065 821 2120 866 tu
2174 824 2227 868 et
2263 815 2497 882 proximi
2560 814 2638 868 tui
2697 814 2949 870 sedentes
3007 823 3134 871 ante
3192 816 3384 871 faciem

1809 913 1978 968 tuam,
2017 907 2274 975 quoniam
2308 907 2411 960 viri
2444 908 2813 978 prodigiorum
2843 909 3181 978 inspectores
3211 919 3339 966 sunt
3367 929 3380 964 :

1807 999 2064 1067 quoniam
2095 1015 2194 1069 ego
2229 999 2442 1052 adduco
2468 1015 2682 1054 servum
2715 1017 2916 1066 meum,
2949 1002 3224 1058 Orientem
3247 1004 3324 1069 1¹⁶;
3355 1022 3377 1058 a

1807 1101 1860 1146 et
1887 1105 2008 1162 post
2044 1094 2287 1160 paulum,
2348 1093 2433 1146 his
2455 1109 2575 1162 qua:
2623 1092 2772 1147 dicta
2829 1103 2958 1149 sunt
2987 1095 3258 1166 adjungit,
3300 1098 3386 1150 di-

1814 1197 1984 1236 cens:
2018 1200 2036 1232 ‹
2065 1181 2127 1237 Ει
2153 1181 2354 1237 factum
2403 1191 2488 1238 cst
2542 1185 2767 1238 verbum
2807 1184 3022 1240 Domini
3056 1187 3125 1241 ad
3183 1203 3269 1242 me
3297 1186 3384 1240 di-

1809 1290 1984 1330 cens:
2021 1273 2185 1329 Sume
2247 1290 2310 1329 ea
2365 1291 2484 1346 quae
2528 1285 2656 1329 sunt
2703 1291 2766 1330 ex
2819 1278 3302 1348 transmigratione
3351 1293 3384 1332 a

1810 1366 2152 1436 principibus
2197 1382 2251 1422 ct
2292 1368 2533 1422 oraculis
2580 1369 2722 1437 ejus,
2756 1376 2810 1424 et
2860 1371 2927 1423 ab
2957 1371 3022 1424 iis
3052 1371 3146 1440 qui
3181 1386 3384 1441 cogno-

1810 1468 2004 1513 verunt
2061 1474 2203 1522 eam,
2263 1471 2316 1513 et
2358 1460 2682 1530 ingredieris
2707 1463 2760 1514 in
2795 1462 2882 1516 die
2917 1461 3006 1515 illa
3051 1463 3104 1516 in
3157 1463 3381 1517 domum

1811 1547 2102 1618 Sophonize
2129 1552 2398 1609 venientis
2457 1553 2523 1608 de
2563 1553 2852 1624 Babylone,
2903 1561 2957 1609 et
3008 1554 3246 1624 accipies
3291 1571 3382 1609 ar-

1807 1654 2028 1712 gentum
2054 1651 2217 1713 atque
2246 1660 2462 1707 aurum,
2486 1653 2542 1699 et
2566 1646 2734 1700 facies
2764 1661 3020 1712 coronas,
3052 1655 3108 1702 et
3137 1647 3384 1717 impones

1808 1749 1974 1803 super
1999 1745 2161 1804 caput
2181 1734 2309 1792 Jesu
2349 1736 2442 1790 lilii
2467 1735 2698 1792 Josedec
2743 1738 3046 1794 sacerdotis
3095 1740 3302 1810 magni,
3327 1751 3382 1794 et

1807 1825 1958 1880 dices
1999 1827 2065 1880 ad
2128 1841 2252 1881 eum
2288 1826 2456 1883 :lizcc
2507 1827 2642 1882 dicit
2695 1826 2959 1884 Dominus
3010 1831 3376 1900 omnipotens.

157 1903 514 1974 παντοκράτωρ
535 1920 549 1932 ·
589 1903 720 1956 Ἰδοὺ
744 1901 902 1974 ἀνὴρ,
933 1901 1187 1973 Ἀνατολὴ
1213 1902 1384 1974 ὄνομα
1410 1900 1576 1972 αὐτῷ,
1606 1901 1697 1953 καὶ

1802 1933 1932 1972 ecce
1958 1919 2064 1984 vir,
2093 1917 2288 1974 Oriens
2340 1935 2534 1974 nomen
2570 1921 2620 1975 ei
2645 1961 2660 1982 ,
2691 1928 2744 1975 et
2775 1921 2961 1975 subter
2991 1937 3116 1975 eum
3150 1922 3378 1982 orietur,

159 1995 472 2049 ὑποκάτωθεν
505 1995 670 2049 αὐτοῦ
705 1995 952 2048 άνατελεῖ
970 2035 984 2058 ,
1019 1994 1111 2047 καὶ
1137 1994 1476 2065 οἰκοδομήσει
1504 1993 1595 2046 τὸν
1615 1989 1696 2046 οἷ-

157 2104 229 2140 κον
250 2088 469 2160 Κυρίου,
495 2090 590 2142 καὶ
605 2089 768 2150 αὐτὸς
786 2085 1248 2158 λήψεταιάρετὴν,
1270 2087 1362 2139 καὶ
1386 2085 1693 2150 καθίσεται,

153 2181 226 2233 καὶ
253 2179 506 2251 κατάρξει
551 2179 645 2231 ἐπὶ
671 2177 764 2230 τοῦ
796 2177 986 2249 θρόνου
1025 2175 1191 2230 αὐτοῦ
1211 2191 1224 2205 ⁸
1257 2176 1351 2228 καὶ
1385 2175 1535 2228 ἔσται
1565 2177 1594 2228 6
1621 2177 1698 2228 ἰε-

156 2273 254 2342 ριὺς
276 2272 334 2324 ἐκ
360 2269 559 2334 δεξιῶν
592 2268 756 2323 αὑτοῦ
774 2307 788 2331 ,
823 2269 918 2320 καὶ
950 2266 1113 2338 βουλὴ
1138 2265 1386 2336 εἰρηνικὴ
1416 2265 1566 2318 ἔσται
1595 2265 1699 2319 άνὰ

157 2361 285 2430 μέσον
309 2359 660 2431 ἀμφοτέρων.
698 2378 716 2410 ι
760 2359 872 2410 Καὶ
910 2359 939 2410 6
973 2358 1030 2409 ἐν
1053 2357 1130 2428 τῷ
1163 2357 1388 2428 παρόντι
1417 2357 1698 2428 προφήτης

156 2455 297 2523 μέγας
322 2456 506 2526 ἱερεὺς
533 2495 548 2518 ,
591 2454 1058 2524 ἀναγορευόμενος
1096 2450 1301 2521 Ἰησοῦς
1321 2491 1335 2514 ,
1368 2451 1698 2522 λευκοτάτην

155 2547 301 2600 εἰκόνα
328 2547 428 2600 καὶ
458 2545 728 2615 σύμϐολον
774 2544 1006 2616 ἐναργὲς
1048 2543 1196 2596 δοκεί
1246 2541 1334 2612 μοι
1377 2542 1568 2606 σώζειν
1603 2541 1695 2594 τοῦ

156 2636 369 2708 Σωτῆρος
412 2636 570 2706 ἡμῶν
628 2635 803 2706 Ἰησοῦ
851 2635 944 2688 τοῦ
991 2632 1262 2705 Χριστοῦ,
1317 2635 1381 2702 τῇ
1426 2649 1480 2684 τε
1533 2633 1695 2685 αὑτοῦ

154 2731 459 2802 προσηγορίᾳ
489 2729 762 2800 τιμηθεὶς,
793 2729 888 2782 καὶ
919 2729 1018 2796 τῆς
1045 2725 1301 2779 ἐπανόδου
1331 2726 1428 2795 τῆς
1457 2726 1565 2778 ἀπὸ
1590 2726 1696 2779 Βα-

155 2819 355 2886 ϐυλῶνος
384 2821 760 2892 αἰχμαλωσίας
784 2820 875 2872 τοῦ
896 2819 1026 2872 λαοῦ
1050 2817 1523 2888 καθηγησάμενος.
1543 2816 1695 2869 Ἐπεὶ

153 2915 225 2966 καὶ
250 2918 274 2969 6
299 2917 495 2987 Σωτὴρ
526 2913 685 2986 ήμῶν
718 2912 926 2983 Ἰησοῦς
953 2915 981 2964 6
1011 2910 1245 2983 Χριστὸς
1271 2909 1522 2979 ἀφεῖσθαι
1554 2909 1696 2979 είρησ

155 3024 222 3059 ται
241 3008 318 3060 διὰ
352 3008 575 3061 Ἦσαῖου
596 3005 690 3060 τοῦ
718 3007 996 3078 προφήτου
1018 3045 1032 3067 ,
1069 3003 1302 3076 κηρύξαι
1330 3001 1694 3072 αἰχμαλώτοις

153 3099 344 3166 άοεσιν,
394 3102 489 3154 καί⁵
535 3099 756 3167 τυφλοῖς
813 3096 1138 3166 ἀνάϐλεψιν,
1177 3095 1571 3166 ’παρακαλέσαι
1635 3111 1694 3147 τε

154 3195 324 3259 πάντας
352 3195 475 3258 τοὺς
511 3193 868 3258 πενθοῦντας,
911 3194 1004 3247 καὶ
1032 3191 1250 3263 δοθῆναι
1282 3195 1393 3254 τοῖς
1440 3188 1694 3244 πενθοῦσι

153 3288 260 3342 Σιὼν
282 3291 400 3342 ἀντί
425 3288 622 3342 σποδοῦ
654 3287 894 3358 ἄλειμμα
926 3284 1477 3356 εύφροσύνης.Ἔχεις
1509 3297 1694 3348 τοιγα-

157 3379 253 3450 ροῦν
275 3383 375 3452 ἤδη
397 3383 490 3435 δύο
513 3381 780 3452 μεγάλους
807 3380 1102 3450 ἀρχιερεῖς,
1151 3376 1241 3428 τὸν
1267 3375 1363 3446 μὲν
1386 3373 1538 3444 παρὰ
1567 3374 1695 3426 Μω-

155 3474 479 3545 σείΧριστον,
499 3474 592 3526 τὸν
624 3473 680 3524 δὲ
713 3470 848 3542 μετὰ
881 3473 1067 3540 χεῖρας
1097 3467 1325 3539 Ἰησοῦν,
1355 3465 1423 3518 τὰ
1453 3463 1696 3534 σύμϐολα

153 3563 232 3633 τῆς
253 3565 375 3634 περὶ
395 3565 484 3617 τὸν
513 3562 748 3634 Σωτῆρα
779 3563 874 3614 καὶ
897 3560 1099 3630 Κύριον
1131 3557 1285 3630 ἡμῶν
1325 3555 1531 3628 Ἰησοῦν
1559 3557 1694 3625 Χρι-

155 3658 249 3709 στὸν
273 3657 524 3727 ἀληθείας
553 3656 620 3708 δι’
654 3654 832 3708 αὐτῶν
861 3652 1345 3723 ὲπενηνεγμένους.
1364 3647 1502 3701 Ἀλλ’
1531 3651 1560 3700 6
1597 3647 1694 3716 μὲν

161 3750 338 3822 ’Δαρὼν
361 3754 386 3804 ό
415 3749 568 3821 παρὰ
592 3750 782 3802 Mona?
805 3745 1058 3818 Χριστος,
1090 3743 1191 3814 τῆς
1209 3741 1358 3814 παρὰ
1374 3740 1694 3808 Αἰγυπτίοις

152 3844 430 3908 ἀπαλλάξας
457 3843 549 3896 τὸν
583 3841 710 3894 λαὸν
743 3838 986 3901 δουλείας
1008 3878 1022 3901 ,
1053 3837 1140 3890 ἐπ’
1176 3835 1458 3906 ἐλευθερίᾳ
1500 3851 1560 3886 τε
1599 3833 1692 3886 καὶ

153 3933 383 4007 θεραπείᾳ.
410 3935 503 3989 τοῦ
533 3936 634 4005 τῆς
663 3934 754 3986 ἀπ’
787 3931 1060 4001 Αἰγύπτου
1090 3929 1312 4001 πορείας
1342 3926 1520 3982 αὐτῶν
1553 3929 1693 3996 ἡγη-

154 4026 382 4096 σάμενος,
408 4029 508 4098 τὴν
542 4026 725 4079 εἰκόνα
763 4023 924 4086 σώζοι
956 4021 1020 4075 ἂν
1050 4021 1143 4074 τοῦ
1189 4018 1420 4091 ἀληθοῦς
1448 4017 1653 4087 Κυρίου
1675 4055 1690 4078 ,

151 4115 194 4177 6;
212 4118 298 4187 τῆς
319 4117 692 4185 Αἰγυπτιακῆς
715 4113 1151 4185 εἰδωλολατρείας
1171 4113 1379 4174 πάντας
1402 4112 1547 4181 ἡμᾶς
1566 4109 1693 4170 τοὺς

152 4207 200 4271 ἐξ
221 4209 370 4262 ἐθνῶν
398 4207 740 4278 ὲλυτρώσατο
759 4223 771 4237 ·
801 4208 829 4260 6
851 4207 894 4259 δ’
921 4208 982 4259 ἐν
1009 4203 1086 4274 τῷ
1132 4205 1386 4274 προφήτῃ
1430 4199 1638 4272 Ἰησοῦς
1665 4202 1694 4253 6

153 4299 300 4370 Ιερείις
327 4305 354 4355 6
384 4302 555 4371 μέγας
583 4301 680 4369 τῆς
704 4299 812 4352 ἀπὸ
839 4294 1154 4357 Βαϐυλῶνος
1181 4294 1272 4347 ἐπὶ
1295 4294 1393 4364 τὴν
1426 4293 1694 4363 Ἰερουσα-

151 4389 240 4460 λὴμ
267 4391 517 4444 ἐπανόδου
555 4389 814 4461 προέστη,
841 4388 1038 4456 δεῖγμα
1067 4384 1246 4454 φέρων
1267 4385 1361 4436 καὶ
1395 4383 1555 4446 αὐτὸς
1589 4383 1694 4452 Ἰη-

152 4481 227 4534 σοῦ
259 4482 344 4535 τοῦ
377 4483 631 4552 Σωτῆρος
667 4479 855 4550 ἡμῶν,
900 4478 960 4530 ὃν
1004 4476 1198 4546 ἔχομεν
1232 4474 1378 4544 ἱερέα
1413 4474 1587 4544 μέγαν
1615 4473 1692 4525 δι-

149 4575 407 4646 εληλυθότα
432 4577 560 4638 τοὺς
589 4574 871 4645 οὐρανοὺς,
895 4572 962 4624 δι’
984 4562 1045 4622 οὗ
1086 4571 1179 4622 καὶ
1203 4567 1375 4632 αὐτοὶ,
1405 4569 1594 4640 ὥσπερ
1627 4569 1690 4620 ὲκ

1804 2017 1860 2064 et
1898 2009 2188 2066 aadiﬁcabit
2241 2012 2464 2066 domum
2505 2012 2754 2076 Domini,
2784 2021 2837 2068 et
2871 2012 2986 2082 ipse
3009 2014 3239 2084 accipiet
3268 2015 3383 2067 vir-

1806 2109 1999 2167 tutem,
2036 2111 2090 2157 et
2118 2103 2348 2165 sedebit,
2377 2112 2430 2158 et
2459 2103 2823 2172 principatum
2875 2103 3143 2159 obtinebit
3174 2103 3229 2158 in
3252 2106 3382 2160 sede

1806 2210 1903 2249 sua
1939 2211 1952 2246 :
1984 2205 2035 2250 et
2067 2197 2172 2250 erit
2201 2196 2457 2250 sacerdos
2506 2210 2538 2248 a
2589 2195 2794 2252 dextris
2822 2195 2962 2264 ejus,
3008 2203 3063 2250 et
3089 2196 3380 2251 consilium

1804 2286 2091 2358 pacificum
2125 2289 2232 2342 erit
2293 2286 2434 2340 inter
2477 2293 2769 2356 utrumque
2789 2287 2856 2341 ⁸⁷.
2891 2306 2910 2338 ι
2936 2286 3051 2342 Hoc
3076 2302 3294 2358 quoque
3323 2289 3382 2342 in

1805 2381 1926 2435 loco
1955 2379 2220 2450 propheta
2252 2391 2484 2447 magnus
2514 2377 2794 2440 sacerdos,
2823 2376 2916 2446 qui
2947 2376 3153 2430 dicitur
3193 2375 3378 2440 Iesus,

1805 2470 2208 2540 apertissimam
2246 2469 2538 2541 imaginem
2582 2475 2636 2525 et
2672 2477 2856 2523 notam
2910 2467 3379 2523 evidentissimam

1805 2579 2025 2620 servare
2040 2562 2172 2617 mihi
2201 2563 2426 2616 videtur
2449 2561 2751 2616 Saivatoris
2783 2562 2957 2616 nostri
2988 2560 3116 2616 Jesu
3144 2559 3376 2625 Christi,

1803 2655 2024 2726 quando
2053 2663 2107 2710 et
2144 2655 2290 2709 illius
2351 2656 2572 2709 nomine
2616 2655 2931 2716 decoratur,
2978 2663 3032 2709 et
3074 2653 3260 2724 populi
3313 2653 3382 2708 de

1803 2745 2080 2816 Babylone
2104 2743 2406 2807 redeuntis,
2435 2745 2526 2814 qui
2559 2746 2807 2814 captivus
2837 2744 2950 2798 illic
2969 2743 3165 2807 fuerat,
3184 2743 3382 2797 ductor

1803 2836 2054 2900 exsistit;
2110 2852 2237 2889 nam
2273 2835 2524 2889 Salvator
2557 2851 2775 2906 quoque
2808 2846 2996 2891 noster
3023 2833 3184 2889 Jesus
3215 2834 3378 2890 Chrio

1805 2939 1924 2984 stus
1952 2943 2048 2998 per
2074 2928 2266 2982 Isaiam
2309 2928 2628 2998 prophetam
2671 2927 2874 2983 dicitur
2913 2928 3115 2983 missus
3149 2933 3208 2981 ut
3238 2943 3383 2981 nun-

1803 3019 1902 3073 tiet
1930 3019 2162 3088 captivis
2189 3019 2566 3074 remissionem
2599 3028 2653 3074 et
2682 3019 2841 3074 caecis
2895 3019 3097 3082 visum,
3130 3019 3382 3073 console-

1802 3120 2000 3182 turque
2029 3127 2220 3167 omnes
2246 3112 2338 3181 qui
2384 3113 2439 3165 in
2472 3113 2620 3167 luctu
2670 3113 2798 3174 sint,
2841 3113 3039 3181 detque
3069 3111 3384 3180 lugentibus

1806 3201 1960 3266 Sion,
1991 3203 2218 3272 gloriam
2249 3219 2347 3272 pro
2381 3203 2586 3266 cinere,
2619 3211 2783 3272 atque
2813 3202 3124 3256 unctionem
3158 3199 3380 3258 latitia.

1725 3306 1768 3364 ο
1806 3296 1968 3365 198
2001 3295 2181 3350 Habes
2210 3296 2374 3364 igitur
2411 3295 2524 3364 jam
2573 3295 2712 3350 duos
2757 3309 2984 3365 magnos
3049 3293 3375 3363 pontifices:

1798 3387 2075 3442 Christum
2108 3387 2326 3457 quidem
2360 3386 2504 3456 apud
2535 3385 2762 3447 Mosem,
2792 3383 2976 3440 JeSum
3032 3392 3214 3439 autem
3253 3398 3380 3438 eum

1798 3476 1866 3532 de
1897 3491 2007 3546 quo
2037 3491 2184 3530 nunc
2229 3476 2432 3546 agitur,
2469 3476 2564 3545 qui
2614 3475 2860 3529 veritatis
2892 3475 3100 3528 circum
3129 3474 3379 3528 Salvato-

1797 3583 1911 3623 rem
1948 3583 2012 3620 ac
2042 3567 2331 3621 Dominum
2381 3575 2628 3622 nostrum
2680 3563 2866 3619 Jesuin
2899 3563 3176 3620 Christum
3219 3575 3380 3619 notas

1797 3670 1850 3714 et
1871 3661 2026 3730 signa
2060 3659 2116 3712 in
2139 3659 2339 3727 seipsis
2370 3658 2694 3729 pertulerint
2722 3677 2734 3710 :
2771 3657 2865 3712 sed
2899 3658 3043 3711 enim
3069 3657 3252 3712 Aaron
3283 3657 3378 3728 qui

1797 3749 1939 3818 apud
1975 3747 2174 3804 Moscm
2205 3747 2458 3803 Christus
2493 3754 2577 3802 est
2603 3787 2618 3810 ,
2669 3761 2794 3800 cum
2849 3744 3171 3816 Egyptiaca
3203 3747 3378 3801 servi-

1797 3849 1912 3896 tute
1934 3841 2190 3911 populum
2217 3839 2546 3901 liberaverit,
2571 3847 2625 3894 et
2647 3840 2714 3893 ad
2743 3839 3048 3894 libertatem
3089 3849 3144 3895 et
3187 3855 3377 3896 curam

1797 3934 2153 4004 profectionis
2181 3933 2249 3988 ab
2279 3931 2516 4003 «Egypto
2550 3933 2766 3987 illorum
2821 3932 2931 3986 dux
2967 3931 3131 3986 fuerit
3160 3949 3172 3984 :
3208 3934 3378 4003 probe

1797 4026 2040 4080 servabit
2103 4025 2393 4096 imaginem
2446 4025 2589 4094 ejus,
2647 4024 2740 4094 qui
2776 4040 2941 4080 verus
2973 4033 3057 4079 est
3087 4024 3372 4080 Dominus.

1796 4115 1932 4171 Nam
1966 4117 2055 4170 hic
2076 4117 2234 4187 plane
2256 4133 2354 4171 nos
2379 4133 2592 4177 omnes,
2621 4118 2714 4187 qui
2737 4116 2804 4170 de
2839 4118 3091 4186 gentibus
3107 4120 3374 4188 assumpli

1797 4227 2011 4273 sumus,
2044 4211 2111 4264 ab
2135 4209 2458 4282 Egyptiaco
2506 4211 2929 4266 simulacrorum
2975 4212 3122 4265 cultu
3171 4211 3372 4266 libera-

1795 4304 1872 4357 vit
1899 4321 1911 4354 :
1945 4311 1999 4356 at
2028 4318 2158 4357 vero
2187 4305 2278 4373 qui
2304 4303 2446 4373 apud
2474 4303 2793 4373 prophetam
2815 4311 2900 4359 est
2926 4301 3086 4358 Iesus
3110 4303 3370 4358 sacerdos

1795 4412 2047 4467 magnus,
2092 4397 2449 4450 redeuntibus
2506 4395 2573 4450 de
2622 4395 2896 4466 Babylone
2929 4397 2982 4449 in
3034 4395 3370 4451 Hierusalem

1794 4489 2032 4560 prefuit,
2056 4490 2268 4560 signum
2329 4489 2446 4559 ipse
2481 4504 2700 4559 quoque
2725 4489 2926 4557 ferens,
2959 4486 3089 4543 Jesu
3123 4488 3373 4542 Salvato-

1795 4582 1874 4637 ris
1909 4582 2106 4640 nostri,
2154 4596 2314 4650 quem
2377 4581 2642 4637 habemus
2691 4582 3030 4636 sacerdotem
3091 4597 3369 4650 maguum.

150 4665 429 4730 Βαϐυλῶνος
450 4667 551 4736 τῆς
577 4665 718 4719 κατὰ
743 4665 834 4716 τὸν
862 4661 1132 4716 ἐνεστῶτα
1156 4659 1269 4729 βίον
1295 4659 1606 4730 συγχύσεώς
1633 4675 1691 4710 τε

1801 4670 1889 4739 qui
1915 4671 2134 4740 quidem
2169 4672 2339 4726 caelos
2389 4674 2539 4741 ipsos
2587 4673 2972 4742 pcnetraverit,
3031 4688 3066 4726 a-
3110 4687 3220 4743 quo
3267 4687 3371 4726 nos

150 4758 226 4806 καὶ
251 4756 612 4827 αἰχμαλωσίας
654 4753 1156 4823 ἁπολυτρωθέντες,
1203 4753 1280 4814 εἰς
1328 4751 1425 4821 τὴν
1463 4751 1690 4822 οὐρανό-

152 4851 279 4904 πολιν
315 4853 410 4924 τὴν
454 4851 672 4922 ἀληθῶς
710 4849 1067 4922 Ἰερουσαλὴμ
1112 4847 1361 4902 σπεύδειν
1409 4847 1690 4916 ἐδιδάχθη-

152 4957 251 5008 μεν.
276 4944 507 5006 Εἰκότως
539 4943 595 4996 δὲ
627 4946 656 4996 6
685 4943 784 5012 τὴν
825 4941 1009 4994 εἰκόνα
1039 4941 1137 5011 τῆς
1166 4939 1423 5010 ἀληθείας
1461 4940 1527 4992 δι’
1556 4942 1688 4996 ἐαυ-

147 5031 222 5086 τοῦ
247 5036 414 5107 φέρων
446 5035 653 5108 Ἰησοῦς
688 5035 781 5086 καὶ
811 5032 1030 5104 ῥυπαρὰ
1057 5031 1244 5102 ἱμάτια
1278 5031 1688 5101 περιεϐέϐλητο,

151 5125 228 5177 καὶ
251 5129 276 5180 6
299 5127 534 5190 διάϐολος
562 5130 626 5180 ἐκ
649 5125 838 5190 δεξιῶν
866 5123 1030 5177 αὐτοῦ
1065 5122 1234 5187 ἑστὼς
1258 5125 1350 5177 καὶ
1376 5124 1583 5178 άντικεί
1592 5140 1687 5193 με-

151 5234 226 5281 νος
249 5219 381 5290 αὐτῷ
400 5220 618 5287 λέγεται
640 5233 652 5248 ’
687 5218 809 5270 ἐπεὶ
836 5218 928 5269 καὶ
949 5219 977 5269 6
1002 5215 1218 5288 άληθῶς
1238 5215 1428 5286 Σωτὴρ
1459 5217 1553 5268 καὶ
1576 5215 1687 5268 Κύ-

153 5325 246 5376 ριος
263 5309 405 5380 ἡμῶν
437 5308 664 5380 Ἰησοῦς,
683 5310 760 5371 εἰς
785 5308 883 5379 τὴν
916 5309 1188 5379 ἡμετέραν
1216 5307 1459 5370 καταϐὰς
1486 5309 1691 5377 αἰχμα-

150 5397 350 5466 λωσίαν,
374 5402 473 5464 τὰς
502 5401 776 5471 ἁμαρτίας
805 5401 962 5472 ἡμῶν
1001 5399 1290 5468 ἀνείληφε,
1326 5400 1419 5452 καί
1453 5398 1545 5458 τὸν
1590 5399 1685 5450 άν-

151 5491 379 5560 Θρὼπειον
409 5493 583 5566 ῥύπον
628 5492 967 5563 ἀνεμάξατο,
1014 5491 1082 5544 τά
1129 5507 1188 5543 τε
1234 5488 1371 5544 κατὰ
1413 5489 1474 5542 τὸ
1518 5488 1686 5552 πάθος

148 5583 282 5654 αἶσχη
315 5585 400 5639 διὰ
442 5585 543 5655 τὴν
586 5585 721 5655 πρὸς
763 5585 912 5655 ἡμᾶς
957 5581 1365 5653 φιλανθρωπίαν
1406 5581 1685 5650 ὑπέμεινε.

1794 4763 1956 4816 etiam
1992 4763 2093 4831 ipsi
2126 4764 2284 4832 quasi
2315 4763 2382 4818 de
2414 4763 2710 4834 Babylone.
2765 4763 2870 4818 hoc
2927 4771 3014 4817 cst
3060 4763 3128 4817 de
3177 4761 3374 4817 confu-

1795 4851 1951 4907 sione
1980 4870 2043 4907 ac
2074 4853 2336 4907 servitute
2389 4854 2513 4907 vitae
2549 4854 2835 4922 prasentis
2890 4851 3128 4915 liberati,
3154 4851 3220 4904 ad
3253 4865 3372 4906 co:—

1793 4943 1983 4998 lestem
2035 4959 2328 5012 veramque
2365 4943 2704 4999 Hierusalem
2750 4943 3081 4998 contendere
3113 4940 3372 4995 instructi

1795 5051 2008 5090 sumus.
2040 5035 2209 5090 Porro
2234 5044 2412 5089 autem
2439 5047 2634 5092 lﬂCl’th
2682 5038 2775 5106 qui
2799 5035 3050 5090 veritatis
3079 5033 3370 5102 imaginem

1797 5129 1851 5182 in
1882 5130 2064 5197 seipso
2107 5128 2310 5182 ferebat
2336 5127 2522 5194 Jesus,
2573 5127 2810 5183 sordidis
2874 5127 3098 5180 indutus
3127 5123 3362 5178 vestibus

1797 5217 1996 5280 fuerat,
2031 5216 2390 5289 diabolnsque
2413 5234 2444 5272 a
2473 5218 2682 5273 dextris
2716 5217 2864 5270 illius
2890 5215 3110 5270 stetisse
3128 5253 3142 5271 ,
3166 5211 3365 5266 eidem-

1796 5324 1902 5377 que
1933 5307 2254 5364 adversatus
2292 5324 2414 5364 esse
2440 5309 2641 5364 dicitur
2668 5326 2680 5360 :
2718 5323 2840 5363 nam
2873 5321 3036 5361 verus
3068 5305 3198 5359 item
3253 5302 3366 5357 Sal-

1797 5408 1949 5452 vator
1974 5412 2037 5452 ac
2061 5396 2325 5452 Dominus
2376 5407 2562 5454 noster
2613 5398 2796 5457 Jesus.
2824 5411 2950 5450 cum
3002 5394 3080 5451 ad,
3122 5401 3368 5449 nostram

1794 5505 1968 5561 usque
1993 5490 2335 5546 descenderit
2368 5494 2707 5559 servitutem,
2740 5503 2959 5562 peccata
2999 5499 3186 5547 nostra
3247 5504 3372 5544 sus-

1795 5583 1938 5649 tulit,
1986 5591 2148 5654 atque
2181 5583 2448 5641 humanas
2491 5584 2683 5641 sordes
2707 5583 2985 5650 abstersit,
3045 5591 3099 5638 et
3149 5581 3368 5653 quasilli

149 5679 219 5728 Διό
253 5697 402 5748 φησιν
439 5683 468 5734 6
514 5679 775 5739 Ἡσαΐας·
819 5695 838 5727 σ
877 5671 1043 5740 Οὗτος
1078 5675 1175 5736 τὰς
1227 5671 1498 5744 ἁμαρτίας
1532 5671 1688 5743 ἡμῶν

1801 5673 1851 5727 in
1911 5675 2168 5744 passione
2225 5676 2426 5746 probra
2458 5675 2606 5730 illata
2639 5682 2790 5741 sunt,
2845 5683 2900 5732 et
2949 5673 3370 5731 mansuetudine

201 5830 472 5886 "Zachar.
516 5846 602 5895 ιιι,
653 5833 765 5885 1-6.
844 5831 1046 5885 l"‘ibid.
1093 5833 1146 5886 3.
1221 5821 1453 5885 "Zach.
1506 5846 1580 5891 vr,
1614 5827 1760 5882 9-15.

395 5929 663 5988 PATROL.
697 5930 815 5989 Gn.
860 5928 1062 5988 XXII.
2974 5921 3041 5982 11
