3954 6586
535 460 638 516 53S
1139 464 1418 520 EUSEBII
1453 463 1930 520 CIESARIENSIS
1968 463 2116 520 OPP.
2158 465 2340 521 PARS
2377 467 2442 521 ll.
2483 493 2552 506 -—-
2585 463 3065 522 APOLOGETICA
3685 467 3784 524 530

679 576 770 629 at.
814 577 888 630 Ab
919 575 1106 632 Abdia.
2137 587 2182 642 Α

2137 587 2182 642 Α
2352 579 2446 632 κδ’.
2495 580 2602 634 Τοῦ
2648 580 2696 632 Ἀ
2705 579 2919 634 ϐδειοῦ.

803 648 845 700 Α
883 645 1166 718 Ζαείιαγὶα.

2353 655 2448 702 κε’.
2497 650 2607 703 Τοῦ
2641 653 2955 718 Ζαχαρίου.

675 715 763 770 26.
806 719 883 771 Ab
913 716 1110 770 eodem.

2350 726 2464 782 κς’.
2492 721 2601 772 Τοῦ
2635 715 2838 774 αὐτοῦ.

675 787 765 840 27.
807 786 886 839 Ab
917 788 1115 840 eodem.

2355 789 2457 852 κζ’.
2496 790 2607 842 Τοῦ
2641 789 2847 844 αὐτοῦ.

676 857 766 930 se.
810 855 1184 930 dilatae/aia.

2349 865 2454 930 κη’.
2496 859 2604 930 Τοῦ
2643 861 2973 928 Μαλίιχίου.

676 927 761 982 29.
805 928 844 979 A
858 925 885 978 b
917 929 1118 981 eodem.

2351 925 2450 981 κδ’.
2487 929 2597 982 Τοῦ
2631 925 2836 986 αὐτοῦ.

679 998 768 1052 30.
809 997 854 1048 Α
891 995 1153 1052 Jeremia.

2347 997 2410 1050 λ’.
2481 999 2592 1052 Τοῦ
2637 1000 2935 1069 Ἰερεμίου.

993 1088 1154 1158 202
1223 1085 1650 1144 pnommun.

1626 1088 1650 1143 ',
2783 1092 3187 1146 ΠΡΟΟΙΜΙΟΝ.

601 1178 740 1234 Cum
788 1179 991 1250 quibus
1050 1178 1228 1233 modis
1289 1177 1358 1234 de
1409 1178 1692 1235 Salvatore
1742 1189 1932 1234 nostro
1977 1177 2106 1234 Jesu

2287 1180 2502 1252 Ἐπειδὴ
2531 1181 2703 1246 διττὸς
2723 1183 2752 1235 6
2772 1183 2971 1253 τρόπος
3009 1187 3037 1237 6
3068 1185 3194 1254 περὶ
3219 1183 3312 1236 τοῦ
3349 1182 3604 1256 Σωτῆρος
3631 1185 3788 1254 ἡμῶν

532 1271 754 1326 Christo
783 1278 1105 1332 tractemus,
1141 1269 1178 1324 ii
1217 1269 1326 1324 duo
1355 1270 1513 1326 nobis
1551 1271 1606 1325 in
1643 1273 1892 1341 proximo
1928 1270 2093 1326 Evan-

2228 1272 2390 1342 Ἰησοῦ
2413 1273 2648 1344 Χριστοῦ
2673 1275 2943 1344 πέφανται
2973 1277 3030 1329 ἐν
3055 1276 3132 1347 τῷ
3155 1276 3260 1346 πρὸ
3282 1275 3469 1330 τούτου
3493 1292 3646 1343 συγγ
3657 1277 3789 1346 pip.-

529 1363 709 1435 gelicw
741 1363 1219 1417 Demonstrationis
1249 1363 1524 1418 volumine
1550 1365 1758 1419 ostensi
1796 1365 1927 1430 sint,
1961 1380 2090 1418 unus

2230 1380 2338 1414 ιατι
2373 1363 2470 1431 τῆς
2511 1364 2924 1433 Εὐαγγελικῆς
2969 1367 3379 1434 Ἆποδείξεως·
3409 1370 3438 1420 6
3475 1367 3576 1436 μὲν
3615 1367 3791 1436 ὑπερ-

530 1455 751 1524 quidem
778 1469 990 1518 eorum,
1019 1460 1216 1508 natura
1247 1463 1435 1510 nostra
1463 1455 1716 1525 superior
1739 1463 1823 1511 est
1855 1455 2091 1525 ultraque

2232 1452 2346 1523 πυὴς
2387 1453 2479 1504 καὶ
2520 1452 2793 1506 ὲπέκεινα¹
2845 1454 2966 1507 καθ’
2991 1455 3050 1507 ὂν
3091 1455 3384 1526 ὁριζόμεθα
3425 1456 3588 1508 αὑτὸν
3653 1449 3793 1507 εἶναι

531 1547 680 1600 illam
715 1545 978 1601 excurrit.
1017 1544 1131 1599 Hoc
1182 1559 1314 1601 sane
1365 1545 1528 1602 modo
1571 1547 1902 1604 allirmamus
1952 1548 2092 1602 illum

2232 1545 2468 1614 ιονογενῆ
2497 1544 2629 1599 θεοῦ
2665 1547 2811 1609 Υίδν,
2843 1546 2875 1618 ἦ
2908 1547 3136 1618 οὐσιὼδη
3162 1549 3256 1602 τοῦ
3279 1549 3410 1600 Θεοῦ
3436 1547 3642 1616 Λόγον,
3677 1537 3793 1599 δεύ-

530 1653 654 1696 esse
673 1640 896 1694 unicum
925 1636 1018 1693 Dei
1041 1636 1260 1704 Filium,
1285 1639 1400 1694 sive
1421 1639 1518 1694 Dei
1541 1641 1834 1696 essentiam
1861 1641 2091 1697 referens

2230 1649 2356 1705 ἐρον
2389 1633 2496 1686 τῶν
2537 1634 2672 1688 ὅλων
2709 1635 2901 1700 αἴτιον,
2946 1637 2980 1706 ἢ
3021 1637 3208 1689 οὐσίαν
3259 1637 3467 1708 νοεράν,
3507 1639 3608 1690 καὶ
3659 1637 3791 1689 Θεοῦ

533 1731 793 1796 Verbum,
831 1730 1186 1801 universique
1218 1731 1384 1800 hujus
1415 1739 1716 1797 auctorem,
1765 1732 1880 1788 sive
1915 1747 2094 1788 essen-

2232 1726 2546 1797 πρωτότοκον
2572 1727 2824 1800 ἐνάρετον
2870 1727 3049 1798 φύσιν,
3099 1729 3198 1800 τὴν
3243 1730 3348 1800 πρὸ
3389 1731 3494 1784 τῶν
3531 1730 3793 1801 γενητῶν

529 1825 662 1878 tiam
694 1823 1108 1892 intelligentem,
1163 1837 1226 1878 ac
1259 1822 1354 1877 Dei
1396 1824 1814 1896 primogenitam
1847 1826 2090 1880 virtutem

2230 1819 2376 1883 θείαν,
2404 1822 2497 1874 καὶ
2531 1821 2832 1893 πανάρετον
2864 1820 3110 1892 δύναμιν,
3137 1823 3168 1895 ἢ
3207 1823 3306 1893 τῆς
3343 1825 3660 1894 ἀγεννήτου
3699 1825 3791 1894 φύε

530 1923 694 1984 atque
725 1923 978 1968 naturam
1002 1954 1016 1978 ,
1049 1915 1268 1985 vimque
1299 1914 1561 1980 divinam,
1597 1930 1720 1985 quae
1751 1929 1969 1970 omnem
1999 1915 2091 1969 ha-

2234 1935 2344 1980 ·εως
2375 1919 2566 1990 νοερὰν
2597 1919 2796 1972 εἰκόνα·
2840 1921 2868 1972 ὁ
2897 1919 2956 1972 δὲ
2987 1920 3252 1992 συγγενὴς
3282 1921 3412 1990 ἡμῖν
3447 1921 3545 1972 καὶ
3582 1920 3795 1990 μᾶλλον

529 2007 655 2062 beat
683 2007 959 2071 virtutem,
997 2014 1048 2060 et
1089 2007 1270 2062 omnia
1299 2022 1418 2076 quae
1452 2005 1596 2060 facta
1629 2006 1758 2070 sint,
1791 2005 2090 2069 antecedat,

2232 2009 2420 2073 ιίκεῒος,
2447 2009 2568 2062 καθ’
2591 2009 2650 2062 ὃν
2685 2009 2846 2064 πάλιν
2881 2009 3040 2062 αὐτὸν
3077 2010 3370 2081 ὁριζομεθα
3403 2011 3540 2063 Θεοῦ
3587 2011 3793 2079 Λόγον,

530 2098 646 2152 sive
673 2098 924 2166 ingenita:
950 2105 1161 2153 naturae
1187 2100 1578 2169 intelligentem
1611 2097 1922 2168 imaginem.
1952 2097 2091 2150 Alter

2233 2117 2260 2152 ν
2283 2097 2552 2170 ἀνθρώπῳ
2571 2099 2668 2170 τῆς
2690 2099 2784 2152 τοῦ
2811 2100 3021 2171 Πατρὺς
3049 2100 3327 2164 εὐσεϐείας
3351 2101 3793 2170 ἀπαγγελτικδν,

527 2205 658 2244 vero
689 2189 886 2244 modus
917 2190 1075 2244 nobis
1103 2191 1276 2260 magis
1309 2195 1594 2261 cognatus,
1627 2187 1912 2258 magisque
1945 2186 2088 2240 fami-

2235 2189 2324 2243 ;atB‘
2345 2191 2402 2244 ὃν
2432 2190 2638 2261 πέφηνε
2663 2191 2826 2244 πάλαι
2857 2191 3118 2262 πρότερον
3145 2193 3203 2244 ὲν
3225 2191 3508 2263 ἀνθρώπου
3539 2195 3796 2262 σχήματι

529 2283 682 2337 liaris
716 2281 1055 2352 agnoscitur.
1092 2280 1206 2336 lloc
1252 2282 1395 2336 enim
1439 2281 1732 2336 deﬁnimus
1781 2279 1934 2333 illum
1981 2294 2090 2334 esse

2238 2285 2314 2347 οῖς
2345 2284 2488 2354 ἀμφὶ
2515 2285 2604 2337 τὸν
2651 2284 2920 2356 Ἀϐραάμ·
2963 2285 3123 2337 αὐτὸν
3154 2285 3199 2337 δ’
3225 2287 3428 2338 ἐκεῖνον
3449 2285 3546 2339 τὸν
3575 2284 3799 2356 βοώμε-

526 2373 622 2427 Dei
655 2371 914 2436 Verbum,
967 2373 1114 2443 quod
1165 2373 1221 2426 in
1254 2373 1472 2426 homine
1517 2378 1799 2441 paternam
1841 2371 2087 2441 pietaterr.

2237 2391 2290 2427 ον
2319 2373 2590 2445 ἐθνάρχην
2627 2373 2959 2444 θεοφιλέσιν,
3009 2371 3164 2440 αὖθίς
3205 2393 3264 2429 τε
3305 2377 3704 2447 φανησόμενον
3745 2379 3798 2430 ἐν

527 2464 812 2519 denuntiet
841 2481 855 2514 :
883 2480 992 2535 quo
1035 2463 1254 2534 quidem
1307 2463 1468 2518 modo
1513 2463 1787 2533 quondam
1837 2464 1928 2517 ille
1958 2463 2088 2533 apud

2241 2464 2508 2535 νθρώποις
2539 2465 2603 2518 δι’
2629 2465 2914 2538 ἀνθρώπου
2953 2468 3236 2536 γενέσεως,
3272 2470 3363 2522 καὶ
3389 2469 3797 2540 παραπλησίας

527 2559 711 2626 priora
745 2557 944 2613 saecula
976 2557 1032 2611 in
1065 2555 1304 2611 hominis
1335 2555 1544 2620 habitu,
1573 2556 1640 2609 iis
1664 2556 1906 2625 quicum
1937 2555 2088 2609 Abral

2243 2562 2330 2630 μῖν
2355 2559 2575 2630 σαρκὸς,
2605 2558 2859 2635 αἴσχιστα
2887 2559 3169 2612 πείσεσθαι
3205 2561 3517 2632 προείρητο’
3548 2563 3674 2635 ὁδῷ
3709 2569 3798 2619 καὶ

528 2649 672 2714 ham,
697 2648 785 2712 iis,
811 2649 1054 2718 inquam,
1079 2647 1174 2718 qui
1197 2661 1320 2702 cum
1343 2649 1462 2716 ipso
1483 2647 1576 2700 illo
1595 2647 1838 2717 principe
1861 2647 2089 2717 gentium

2238 2649 2349 2716 άξει
2375 2633 2729 2722 προχωρήσαι
2758 2651 2823 2704 ἂν
2849 2654 2977 2723 ἡμῖν
3005 2655 3033 2706 ὁ
3057 2653 3213 2720 λόγος
3239 2654 3490 2724 μέλλουσι
3517 2633 3651 2720 τὰςγ
3669 2661 3799 2729 περὶ

527 2738 670 2808 apud
698 2739 790 2793 Dei
833 2737 1040 2794 amicos
1075 2745 1362 2807 tantopere
1391 2737 1664 2792 celebrato
1693 2738 1898 2800 vixere,
1934 2753 2088 2807 appa-

2238 2742 2364 2795 ὺτοῢ
2419 2743 2762 2814 προφητικὰς
2804 2745 3110 2798 ἐκτίθεσθαι
3161 2748 3480 2818 μαρτυρίας,
3531 2751 3585 2802 εἰ
3637 2751 3712 2822 δὴ
3743 2753 3799 2804 ἐν

527 2832 660 2886 ruit.
695 2829 797 2896 Qui
831 2838 946 2884 tum
981 2845 1176 2884 rursus
1224 2828 1368 2900 apud
1423 2828 1674 2883 homines
1713 2828 1975 2882 visendus
2006 2831 2088 2882 ex-

2238 2832 2458 2903 τρώτοις,
2491 2833 2634 2886 κατὰ
2663 2835 2733 2886 τὰ
2751 2835 3151 2906 ἐπηγγελμένα,
3181 2839 3240 2890 τὸ
3265 2839 3474 2909 πρῶτον
3501 2839 3799 2904 ἐξετάσαι-

526 2922 895 2990 spectabatur,
923 2929 976 2976 et
1003 2921 1098 2991 qui
1117 2919 1230 2989 jam
1263 2929 1388 2974 ante
1420 2933 1518 2989 per
1549 2917 1788 2974 hominis
1817 2929 2020 2983 ortum,
2045 2929 2087 2974 et

2238 2940 2322 2986 εν,
2346 2923 2437 2976 καὶ
2457 2923 2553 2994 τὴν
2575 2925 2631 2978 ὲν
2653 2927 2764 2988 τοῖς
2787 2926 3138 2995 Εὑαγγελίοις
3161 2932 3288 3000 περὶ
3307 2930 3468 2983 αὑτοῦ
3498 2931 3799 3004 θεολογίαν

525 3017 716 3065 nostro
747 3010 995 3080 corporis
1038 3009 1216 3064 simile
1249 3023 1474 3077 corpus,
1518 3009 1700 3063 omnia
1741 3009 1940 3079 probra
1971 3024 2086 3078 pas-

2239 3014 2305 3066 πὸ
2337 3015 2436 3084 τῆς
2465 3015 2699 3080 παλαιᾶς
2726 3017 2818 3070 καὶ
2847 3021 3189 3092 προφητικῆς
3230 3022 3538 3094 μαρτυρίας
3581 3025 3800 3079 πιστώ-

526 3117 693 3159 surus
735 3103 1036 3157 dicebatur.
1089 3103 1279 3171 Itaque
1327 3101 1489 3156 nobis
1535 3099 1603 3155 de
1647 3101 1742 3154 illo
1781 3101 2087 3172 prophetica

2238 3119 2414 3173 αιμεν.
2460 3105 2778 3174 Ἀναγκαῖον
2801 3108 2856 3162 δὲ
2883 3111 3387 3180 προεπισκὲψασθαι
3421 3113 3618 3176 ὁποῖός
3661 3129 3799 3170 ποτε

523 3195 860 3265 exposituris
913 3193 1242 3257 testimonia,
1289 3201 1440 3246 recta
1473 3191 1582 3258 via,
1617 3199 1877 3262 rectoque
1903 3192 2084 3247 ordiar

2216 3186 2264 3261 ἦν
2304 3193 2332 3244 6
2363 3192 2562 3262 τρόπος
2587 3195 2685 3264 τῆς
2722 3195 2849 3265 παρ’
2895 3197 3162 3267 Ἑϐραίοις
3193 3199 3299 3252 τῶν
3328 3187 3638 3271 προφητῶν
3685 3204 3777 3258 θεο

525 3285 782 3357 procedet
810 3286 1008 3348 oratio,
1033 3285 1080 3339 si
1109 3285 1222 3354 jam
1257 3284 1480 3338 nuncin
1507 3283 1718 3354 primis,
1746 3285 2086 3353 quemadmo-

2210 3283 2418 3352 ληψίας,
2461 3285 2590 3354 παρ’
2622 3279 2696 3338 ὧν
2736 3287 2928 3340 καὶτὰ
2971 3291 3420 3362 προηγορευμένα
3461 3308 3771 3363 προπεπαι

525 3381 652 3435 (iam
672 3394 794 3448 qua:
812 3377 1083 3448 promissa
1111 3383 1261 3443 sunt,
1291 3375 1590 3446 postulant,
1613 3373 1665 3427 id
1685 3375 1830 3444 quod
1857 3375 2096 3445 primum
2201 3373 2460 3446 δεύμεθα.

525 3482 629 3540 est,
660 3473 1028 3543 exploremus,
1067 3479 1121 3526 et
1145 3487 1267 3541 quae
1291 3471 1346 3524 in
1381 3470 1691 3541 Evangeliis
1711 3469 1779 3524 de
1830 3471 1924 3525 illo
1973 3479 2150 3527 exstat
2186 3469 2480 3542 theologia,
2535 3471 2676 3526 hanc
2708 3488 2739 3527 a
2771 3483 3014 3530 veterum
3045 3475 3428 3546 prophetarum
3461 3478 3806 3534 testimonio

521 3566 959 3636 comprobemus.
1013 3564 1120 3621 Sed
1150 3573 1275 3621 ante
1316 3581 1542 3622 necesse
1585 3572 1670 3620 est
1713 3565 2086 3635 considerare,
2125 3567 2381 3638 quisnam
2423 3566 2588 3622 fuerit
2639 3570 2855 3634 modus,
2891 3585 3000 3640 quo
3033 3571 3305 3640 prophetae
3353 3573 3494 3641 apud
3521 3571 3806 3630 Hebr-anns

525 3657 618 3712 Dei
645 3657 848 3730 Spiritu
875 3659 1254 3729 implerentur,
1283 3673 1313 3714 a
1343 3659 1542 3730 quibus
1569 3660 1758 3728 utique
1792 3660 1956 3714 etiam
1988 3675 2107 3729 quae
2142 3663 2402 3732 pradicta
2431 3670 2580 3729 sunt,
2616 3662 2847 3717 antehac
2880 3663 3058 3718 edocti
3095 3679 3308 3718 sumus.

525 3755 784 3837 Quisnam
806 3754 991 3837 modus
1021 3755 1202 3837 fuerit,
1226 3771 1327 3824 quo
1351 3753 1490 3822 apud
1523 3753 1790 3837 H'ebroros
1809 3754 2086 3837 prophetat,

2212 3759 2305 3824 Τις
2331 3761 2372 3837 ῤ
2403 3759 2632 3837 τρόπος
2657 3753 2740 3837 ἦνς
2771 3757 2898 3811 καθ’
2932 3756 3093 3837 ᾆξ’-οὶ
3129 3757 3266 3824 παρ’
3315 3757 3606 3837 Ἑξραίοές
3645 3775 3773 3826 προ

593 3825 838 3896 simulet
869 3841 984 3893 qua:
1011 3825 1196 3896 futura
1232 3837 1402 3896 essent
1434 3825 1712 3890 canebant,
1743 3835 1792 3878 et
1818 3826 1986 3879 solam
2017 3843 2094 3880 ve-

2272 3825 2452 3896 φῆτιῑι
2487 3827 2634 3896 ὁμοῦ
2673 3825 2744 3880 τά
2782 3843 2844 3896 τε
2870 3827 3174 3894 μέλλοντα
3197 3827 3660 3896 προεθέσπιζον,
3698 3825 3805 3884 ίκαὶ

595 3910 712 3946 ram
745 3895 1061 3965 theologiam
1098 3895 1463 3950 illustrabant.

2272 3895 2387 3965 τὴν
2415 3895 2611 3965 μό-ιλην
2647 3895 2844 3964 ἀληθῆ
2885 3899 3196 3965 θεολογίαν
3230 3895 3525 3965 ἐρώτιζον.

595 3982 740 4038 Loca
785 3987 840 4040 in
889 3987 1092 4056 quibus
1123 3996 1178 4041 et
1209 3987 1470 4040 vaticinia
1514 3993 1568 4042 et
1609 3987 1830 4042 oracula
1885 3987 2095 4056 accipe-

2271 3991 2512 4042 Μαντεία
2563 3990 2654 4040 καὶ
2701 3991 3006 4058 χρηστήρια
3055 3988 3356 4058 πανταχόσε
3381 3987 3481 4054 γῆς
3515 3987 3804 4059 Ἕλληνες

526 4087 670 4146 rent,
726 4079 782 4132 in
833 4079 966 4135 orbe
1013 4087 1283 4134 terrarum
1343 4079 1546 4148 passim
1604 4079 1852 4134 instituta
1909 4077 2087 4142 fuisse,

2244 4081 2294 4133 αἱ
2325 4079 2587 4151 βάρϐαροι
2627 4079 3022 4148 μνημονεύουσι
3061 4079 3338 4148 συστῆναι.
3371 4077 3558 4129 Ταῦτα
3587 4077 3658 4130 δέ
3699 4097 3805 4148 φα-

532 4177 642 4222 tam
679 4168 850 4223 Graeci
886 4185 1050 4239 quam
1103 4167 1324 4222 barbari
1373 4167 1718 4238 proﬁtentur.
1771 4167 1940 4222 Porro
1987 4171 2093 4220 haec

2246 4187 2290 4224 ιν
2340 4173 2404 4222 ἐκ
2453 4169 2704 4240 προνοίας
2752 4168 2846 4222 τοῦ
2897 4168 3238 4240 Δημιουργοῦ
3292 4168 3384 4220 ἐπὶ
3443 4167 3656 4238 χρῆσιν
3709 4171 3807 4222 καὶ

533 4265 708 4330 aiunt,
743 4265 1086 4334 providentia
1127 4265 1299 4333 ipsius
1326 4263 1570 4335 Opilieis,
1618 4262 1685 4315 ad
1731 4279 1888 4318 usum
1938 4271 2094 4330 atque

2246 4262 2468 4332 ιφὲλειαν
2507 4262 2615 4314 τῶν
2666 4259 2964 4333 ἀνθρώπων
3015 4260 3446 4330 καταδειχθῆναιο
3483 4257 3563 4322 ὡς
3617 4261 3807 4332 μηδὲν

531 4358 819 4412 utilitatem
859 4357 1144 4412 hominum
1187 4357 1398 4426 prodita
1431 4371 1554 4410 esse
1586 4363 1637 4410 et
1671 4369 1954 4410 concessa.
1995 4358 2092 4406 tta-

2246 4355 2340 4408 ἵναι
2389 4355 2449 4407 τὸ
2500 4354 2754 4424 διαφέρον
2804 4353 2914 4406 τῶν
2967 4354 3094 4424 παρ’
3161 4352 3426 4422 Ἑϐραίοις
3479 4353 3807 4424 προφητῶν

523 4465 631 4522 que
679 4451 957 4520 prophetis
1001 4448 1350 4504 Hebraeorum
1377 4448 1514 4502 nihil
1553 4446 1911 4502 excellentius
1939 4445 2084 4514 203

2253 4448 2343 4518 ρὸς
2391 4447 2458 4499 τὰ
2507 4445 2614 4499 τῶν
2663 4445 2861 4498 λοιπῶν
2909 4443 3075 4498 ἐθνῶν
3130 4447 3452 4515 χρηστήρια.
3529 4445 3630 4506 Ὠς
3691 4445 3807 4514 γὰρ

522 4542 820 4613 contigisse
885 4555 1050 4610 quam
1125 4539 1457 4608 reliquarum
1529 4537 1770 4608 gentium
1837 4538 2083 4590 oraculis.

2250 4537 2483 4610 Ξὸραίοις
2515 4537 2602 4590 διὰ
2628 4537 2734 4590 τῶν
2769 4537 2982 4590 τοιῶνδε
3011 4535 3325 4608 προφητῶν,
3361 4534 3506 4588 οὓτω
3539 4536 3652 4587 καὶ
3685 4541 3811 4600 τοῖς

525 4633 592 4688 Ut
628 4636 772 4687 enim
807 4631 1048 4688 Ilebratis
1081 4647 1176 4702 per
1222 4631 1492 4702 ejusmodi
1535 4631 1857 4700 prophetas,
1903 4629 1982 4683 sic
2012 4643 2086 4682 re-

2250 4633 2383 4695 λλοις
2415 4631 2589 4684 ἔθνεσι
2622 4629 2710 4682 διὰ
2740 4629 2848 4682 τῶν
2886 4628 3026 4684 κατὰ
3064 4630 3227 4682 τόπον
3259 4627 3526 4697 μαντειῶν
3561 4629 3670 4680 τὸν
3707 4631 3811 4682 ἐπὶ

525 4725 689 4794 liquis
739 4725 992 4794 gentibus
1038 4739 1134 4794 per
1185 4723 1525 4778 diversorum
1577 4723 1819 4775 locorum
1855 4719 2086 4780 oracula,

2244 4725 2421 4778 τάντων
2457 4722 2589 4775 Θεὸν
2624 4722 2782 4791 χρᾷν,
2815 4719 2906 4772 καὶ
2932 4720 3000 4772 τὰ
3030 4718 3372 4789 συμφέροντα
3403 4717 3805 4774 ὑποτίθεσθαι.

527 4831 842 4886 supremum
873 4814 1042 4870 Deum
1083 4815 1442 4885 respondere,
1473 4821 1527 4868 et
1564 4809 1936 4866 conducibilia
1984 4825 2088 4864 mo-

2247 4814 2296 4885 [ἡ
2325 4813 2432 4884 γὰρ
2471 4811 2732 4864 Ἰουδαίων
2769 4811 2927 4881 μόνον
2975 4806 3112 4864 εἷναι
3152 4809 3306 4875 Θεὸν,
3348 4807 3482 4861 ἀλλὰ
3529 4809 3638 4861 καὶ
3691 4809 3808 4863 τῶν

527 4924 658 4964 nere
700 4908 940 4963 solitum.
992 4907 1112 4963 Non
1153 4911 1299 4963 enim
1362 4905 1740 4960 tantummodo
1789 4899 2088 4957 Iudaeorum

2248 4905 2405 4959 an:th
2443 4903 2700 4958 ἁπάντων
2737 4901 3068 4973 ἀνθρώπων·
3110 4903 3202 4953 καὶ
3230 4901 3289 4953 οὐ
3322 4897 3522 4970 μᾶλλον
3551 4901 3809 4955 ἐκείνων

524 5017 666 5067 esse,
727 5002 824 5056 sed
877 5001 1211 5072 reliquorum
1266 5014 1481 5070 quoque
1525 4998 1768 5053 omnium
1817 4996 2085 5050 hominun:

2253 4996 2454 5050 τούτων
2475 4994 2746 5066 κήδεσθαι·
2775 4995 2991 5048 πάντων
3010 4993 3052 5046 δ’
3071 4992 3128 5057 ἐξ
3145 4993 3257 5045 ἴσου
3279 4994 3546 5066 προνοεῖν,
3560 4991 3809 5064 ὠσπερ-

525 5093 718 5156 Deum,
749 5109 924 5162 neque
957 5093 1056 5148 hos
1085 5093 1258 5163 magis
1282 5107 1445 5161 quam
1465 5091 1587 5145 illos
1619 5105 1834 5156 curare,
1859 5087 1954 5144 sed
1984 5103 2086 5142 om-

2248 5089 2294 5142 ἓν
2319 5089 2412 5142 καὶ
2432 5087 2580 5158 ἥλιον
2607 5087 2852 5158 ἀφθόνως
2883 5087 2992 5149 τοῖς
3021 5086 3152 5138 πᾶσι
3180 5081 3534 5154 δεδωρῆσθαι,
3573 5083 3711 5136 ἀλλ’
3739 5087 3809 5138 οὐ

525 5187 687 5242 nihus
719 5200 873 5254 aeque
901 5185 1208 5254 providere.
1250 5182 1340 5238 Sic
1363 5184 1508 5238 enim
1545 5197 1613 5236 ne
1663 5183 1832 5238 solem
1880 5179 2086 5251 quidem

2248 5181 2387 5245 όνοις
2429 5181 2717 5252 Ἑϐραίοις,
2757 5180 2850 5233 καὶ
2891 5179 2988 5242 τὰς
3029 5177 3272 5249 ἐτησίους
3299 5175 3410 5228 τῶν
3453 5177 3809 5246 ἐπιτηδείων

525 5293 684 5332 suum
721 5275 965 5332 invidere
1011 5275 1288 5344 cuiquam,
1332 5273 1426 5330 sed
1463 5273 1720 5329 omnibus
1749 5271 1964 5327 abunde
1995 5271 2086 5324 lar-

2248 5272 2487 5344 ορηγίας,
2517 5271 2779 5342 σωμάτων
2799 5287 2858 5323 τε
2883 5273 2994 5332 τοῖς
3027 5270 3160 5322 πᾶσι
3193 5267 3539 5338 κατασκευὴν
3559 5269 3809 5338 ὁμοίαν,

523 5369 574 5436 gi
587 5368 650 5430 ri,
681 5381 790 5420 non
825 5365 1067 5421 Hebraeis
1090 5365 1247 5426 solis,
1283 5379 1608 5435 annuosque
1635 5379 1818 5418 rerum
1847 5375 2084 5417 necessa-

2250 5382 2300 5418 ια
2319 5382 2379 5418 τε
2405 5364 2670 5433 γενέσεως
2697 5365 2806 5425 τοῖς
2834 5364 2965 5415 πᾶσι
2990 5361 3209 5431 τρόπον,
3245 5359 3336 5412 καὶ
3366 5358 3526 5428 φύσιν
3554 5358 3811 5432 λογικῆς

525 5461 731 5512 riarum
761 5467 1060 5528 proventus
1115 5457 1486 5528 suppeditare,
1521 5465 1684 5526 atque
1727 5455 1981 5510 omnibus
2023 5453 2086 5509 sit

2268 5455 2382 5525 ιχῆς
2411 5455 2556 5524 μίαν.
2589 5451 2745 5505 Οὕτω
2771 5453 2826 5506 δὲ
2849 5451 3057 5521 καὶτῆς
3075 5451 3182 5504 τῶν
3209 5449 3507 5521 μελλόντων
3532 5451 3829 5520 προγνώσ-

525 5549 650 5604 ruile
689 5564 887 5617 corpus
917 5559 1254 5612 construere,
1279 5563 1556 5618 unumque
1587 5545 1849 5602 nascendi
1878 5542 2086 5600 modum

2256 5564 2345 5608 εως
2369 5544 2467 5616 τὴν
2493 5544 2798 5614 ἐπιστήμην
2829 5545 2992 5595 πᾶσιν
3035 5539 3339 5612 ἀνθρώποις
3375 5539 3630 5608 ἀφθόνως
3647 5555 3817 5609 παρ-

525 5639 798 5706 omnibus,
850 5655 1013 5694 unam
1061 5642 1316 5696 omnibus
1378 5641 1572 5694 anima:
1615 5637 1898 5694 rationalis
1945 5643 2086 5690 natu‘

2248 5651 2370 5704 (ειν.
2403 5635 2514 5695 τοῖς
2560 5631 2657 5704 μὲν
2695 5631 2782 5684 διὰ
2827 5629 3118 5702 προφητῶν
3159 5627 3386 5700 ἀνδρῶν,
3427 5631 3544 5691 τοῖς
3577 5627 3640 5680 δὲ
3705 5629 3809 5682 διὰ

523 5747 660 5786 ram.
697 5729 884 5802 Itaque
927 5733 1115 5787 eadem
1157 5735 1368 5788 ratione
1403 5731 1724 5803 providendi
1759 5744 1976 5801 quoque
2003 5741 2084 5782 co-

2218 5727 2567 5798 (ρηστηρίων,
2604 5727 2713 5786 τοῖς
2739 5725 2794 5776 δὲ
2819 5723 2907 5776 διὰ
2937 5723 3163 5795 ὀρνίθων
3199 5723 3476 5793 πτήσεως,
3513 5721 3546 5790 ἢ
3573 5719 3665 5773 διὰ
3699 5721 3779 5774 Ou

523 5827 927 5897 panacendique
951 5826 1133 5880 futura
1157 5827 1466 5888 scientiam,
1495 5825 1746 5880 omnibus
1782 5821 2084 5876 hominibus

2244 5819 2372 5888 .κῆς,
2403 5817 2435 5888 ἢ
2474 5817 2540 5868 δι’
2573 5817 3044 5886 ὁνειροπομπείας,
3076 5815 3108 5886 ἣ
3143 5813 3229 5866 διὰ
3260 5812 3550 5884 κλῃδόνων,
3575 5813 3612 5882 ἢ
3645 5813 3805 5864 παλ-

523 5911 736 5975 abunde
761 5917 1027 5984 subicere,
1065 5919 1184 5978 aliis
1223 5919 1438 5992 quidem
1471 5933 1566 5988 per
1589 5917 1734 5972 viros
1765 5913 2079 5986 prophetas,

2248 5909 2336 5974 ὦν,
2383 5909 2416 5980 ἡ
2463 5925 2620 5962 τινων
2669 5907 2870 5980 ἑτέρων
2911 5907 3212 5978 συμϐόλων·
3259 5903 3432 5958 ταῦτα
3467 5903 3576 5974 γάρ
3609 5919 3809 5972 φασιν
