3954 6502
188 409 281 468 337

1063 386 1716 451 DEMONSTRATIONIS
1753 384 2211 444 EVANGELICE
2250 389 2378 446 LIB.
2413 391 2477 446 V.

3312 406 3418 462 338

184 523 479 597 ἀνθρώποις
506 523 576 575 ὲκ
597 519 693 589 τῆς
723 517 815 570 τοῦ
845 514 980 569 Θεοῦ
1009 514 1264 586 προνοίας
1295 507 1650 581 δεδωρῆσθαι,
1674 505 1708 557 ti

1812 504 1975 566 ,aliis
2020 523 2153 562 vero
2201 524 2298 578 per
2349 511 2696 568 oraculorum
2751 531 3038 590 responsa,
3063 533 3118 579 et
3160 525 3282 584 aliis
3320 546 3414 598 per

184 621 333 694 μηδὲν
374 617 546 670 πλέον
591 614 731 686 ἔχειν
764 611 939 664 δοκεῖν
973 610 1099 672 τοὺς
1147 605 1411 680 Ἐϐραίων
1439 604 1742 676 προφήτας.

178 709 413 772 Τοιοῦτος
437 707 545 778 μὲν
566 702 654 759 οὖν
673 706 701 758 ὁ
723 704 852 775 παρ’
875 701 1097 755 ἐκείνων
1119 701 1296 770 λόγος·
1319 701 1346 753 ό
1360 699 1417 752 δὲ
1438 700 1566 770 παρ’
1589 696 1746 768 ἡμῶν

175 797 266 857 ὦδέ
299 818 414 863 πως
447 799 637 862 αὐτοῖς
668 797 1060 868 ἀπαντήσεται.
1092 795 1154 847 Et
1179 793 1278 864 μέν
1307 809 1391 856 τις
1417 789 1637 860 συνίστη
1660 789 1745 842 λό-

174 914 254 965 τος
278 893 434 956 θεοὺς
456 891 700 964 ἀληθῶς,
726 891 759 962 ἢ
783 890 934 954 θείας
959 889 1234 958 δυνάμεις,
1268 886 1301 958 ἢ
1327 885 1584 956 δαίμονας
1609 884 1744 951 ἀγα-

173 991 281 1053 θοὺς
311 989 613 1057 ἐφεστάναι
638 989 749 1049 τοῖς
775 984 886 1037 τῶν
913 982 1216 1055 εἰρημένων
1257 977 1550 1050 μαντείοις,
1575 978 1608 1048 ἢ
1631 979 1742 1041 τοῖς

170 1081 374 1145 οίωνῶν,
417 1080 451 1150 ἢ
490 1083 609 1143 τοῖς
642 1078 848 1140 λοιποῖς
883 1074 1414 1146 κατωνομασμένοις,
1438 1068 1506 1142 ἦν
1536 1072 1602 1126 ἂν
1635 1069 1741 1140 χώ-

173 1191 255 1247 ραν
283 1173 584 1242 ἀπονεῖμαι
613 1173 725 1234 τοῖς
763 1168 1093 1238 λεγομένοις,
1139 1167 1214 1228 ὼς
1258 1164 1354 1218 τοῦ
1399 1163 1492 1216 ἐπὶ
1523 1162 1739 1215 πάντων

168 1266 282 1321 Θεοῦ
313 1266 554 1318 κάκεῖνα
576 1266 690 1326 τοῖς
719 1261 1023 1334 χρωμένοις
1045 1260 1130 1312 ἐπ’
1162 1256 1399 1327 ὠφελείᾳ
1423 1255 1736 1328 δεδωρημέ-

167 1375 260 1411 νοιν
288 1361 333 1410 εί
366 1357 425 1410 δὲ
463 1355 738 1409 έντελέσιν
775 1353 1081 1417 ἀποδείξεσι
1122 1351 1216 1405 καὶ
1243 1350 1420 1404 αὐτῶν
1474 1347 1737 1419 Ἐλλήνων

167 1450 458 1522 ὁμολογίαις
500 1448 605 1519 ἤδη
649 1446 912 1518 πρότερον
945 1444 1206 1515 δαίμονας
1236 1442 1432 1505 αὐτοὺς
1456 1436 1615 1502 εἶναι,
1644 1439 1736 1492 καὶ

164 1544 254 1596 οὐδ’
271 1542 535 1611 ἀγαθοὺς,
565 1541 745 1610 πάσης
765 1540 822 1591 δὲ
847 1537 1049 1609 βλάϐης
1070 1537 1162 1590 καὶ
1189 1534 1488 1607 μοχθηρίας
1509 1532 1733 1595 αἰτίους,

166 1635 264 1698 πῶς
297 1636 362 1688 ἂν
394 1633 655 1687 δύναιντο
691 1631 824 1685 Θεοῦ
861 1627 999 1684 εἶναι
1041 1630 1346 1702 προφῆται;
1392 1626 1634 1688 Φαύλους
1675 1623 1734 1676 δὲ

163 1726 335 1787 αὐτοὺς
364 1728 394 1777 ὁ
423 1725 590 1792 λόγος
620 1723 870 1796 ἐφώρασε
901 1722 990 1774 διὰ
1012 1722 1109 1792 τῆς
1142 1715 1553 1789 Εὐαγγελικῆς
1578 1720 1731 1785 Προ-

164 1816 539 1886 παρασκευῆς
570 1816 634 1868 ἔκ
661 1833 720 1868 τε
741 1816 847 1886 τῆς
870 1815 1038 1867 πάλαι
1067 1813 1208 1867 κατά
1241 1813 1417 1866 πάντα
1449 1811 1613 1864 τόπον
1639 1809 1732 1862 καὶ

163 1912 291 1963 πόλιν
331 1908 427 1961 καὶ
468 1908 662 1977 χώραν
702 1907 1126 1977 συντελουμένης
1158 1907 1341 1968 αὐτοῖς
1373 1902 1726 1975 ἀνθρωποθυ-

164 2002 279 2066 σίας,
310 2002 371 2056 ἐκ
411 2018 475 2055 τε
523 1995 602 2054 ὧν
637 2001 861 2069 ἡπάτων
892 2001 1018 2064 τοὺς
1057 1998 1376 2071 ἐρωτῶντας
1410 1996 1603 2068 ἀγνοίᾳ
1630 1996 1724 2050 τοῦ

164 2095 441 2164 μέλλοντος,
479 2093 554 2146 ἐκ
591 2110 651 2146 τε
693 2086 767 2147 ὧν
817 2092 1100 2163 ἡλίσκοντο
1163 2091 1328 2162 μυρία
1383 2089 1721 2160 ψευδόμενοι,

159 2188 256 2240 τοτε
278 2187 370 2258 μὲν
397 2188 465 2239 ἐκ
496 2185 598 2238 τοῦ
632 2184 961 2257 προφανοῦς,
984 2184 1105 2237 τοτὲ
1130 2184 1186 2237 δὲ
1216 2183 1302 2236 διὰ
1329 2183 1429 2253 τῆς
1452 2183 1560 2236 τῶν
1588 2200 1724 2254 χρη-

164 2279 287 2349 σμῶν
317 2278 679 2348 ἀμφιϐολίας,
725 2277 791 2330 δι’
828 2271 896 2348 ἦς
933 2276 1062 2340 τοὺς
1100 2275 1419 2347 πρόσφυγοις
1450 2273 1721 2338 πλείστοις

159 2369 444 2431 πλειστάκις
471 2367 900 2440 περιϐάλλοντες
941 2370 1131 2429 κακοῖς
1154 2365 1594 2436 ἀπηλέγχθησανο
1628 2366 1720 2419 καὶ

158 2462 256 2513 ἐπεὶ
274 2461 744 2532 προαπεδείκνυτο
779 2460 972 2531 μιαρὸν
992 2457 1171 2512 αὐτῶν
1197 2461 1290 2514 καὶ
1321 2461 1627 2529 ἀκάθαρτον
1658 2457 1720 2511 τὸ

158 2554 311 2622 φῦλον,
347 2556 412 2607 ὲκ
442 2552 551 2606 τοῦ
589 2553 798 2625 χαίρειν
835 2553 1088 2622 αἰσχραῖς
1121 2551 1213 2604 καὶ
1246 2551 1561 2615 ἀκολάστοις
1589 2551 1718 2622 περὶ

161 2646 306 2698 αὐτῶν
341 2645 674 2715 λεγομέναις
719 2643 902 2715 ᾠδαῖς,
957 2643 1050 2696 καὶ
1075 2641 1284 2714 ὕμνοις,
1334 2643 1427 2696 καὶ
1469 2643 1718 2714 μυθικοῖς

155 2741 473 2814 διηγήμασιν,
529 2741 791 2811 ἱστορίαις
816 2757 876 2793 τε
913 2739 1171 2810 ἀσέμνοις
1210 2739 1304 2792 καὶ
1341 2738 1710 2804 ὲπιϐλαϐέσιν,

158 2835 208 2897 ἃς
238 2836 321 2887 καὶ
364 2835 489 2893 κατ’
528 2835 708 2889 αὐτῶν
751 2833 1066 2907 κυροῦντες,
1121 2833 1213 2887 καὶ
1257 2831 1332 2895 ὡς
1375 2832 1592 2904 ἀληθεῖς
1625 2833 1722 2903 βε-

160 2926 402 2992 ϐαιούντες
437 2928 667 2999 ἥλωσαν
687 2944 701 2958 °
747 2928 841 2981 καὶ
871 2926 1024 2988 τέλος
1055 2927 1308 2980 ἁπάντων
1350 2925 1570 2998 ἔλεγχος
1611 2927 1713 2997 τῆς

159 3021 384 3092 ἀδρανοῦς
410 3021 604 3076 αὐτῶν
634 3020 848 3090 φύσεως
873 3017 942 3092 ἦν
977 3020 1038 3074 τὸ
1074 3019 1364 3092 σϐεσθῆναι
1393 3021 1484 3073 καὶ
1519 3022 1710 3092 μηκέθ’

157 3113 323 3182 ὁμοίως
347 3117 513 3187 χρᾷνο
538 3114 634 3168 καὶ
655 3113 944 3186 σϐεσθῆναι
969 3113 1042 3186 μὴ
1064 3113 1299 3186 ἄλλοτεῆ
1327 3113 1434 3167 ἀπὸ
1457 3115 1564 3168 τῶν
1591 3116 1710 3187 χρό·

1847 601 2026 654 avium
2057 602 2270 657 volatus
2309 611 2403 658 aut
2442 620 2540 675 per
2559 615 2807 664 extorum
2836 611 2894 666 in
2922 617 3204 678 sacriﬁciis
3232 623 3410 694 inspe-

1845 694 2102 758 ctionem,
2141 703 2237 751 aut
2269 713 2366 768 per
2393 701 2730 759 somniorum
2782 706 3169 780 immissiones,
3192 725 3285 771 aut
3319 733 3413 788 per

1845 799 1908 838 ea
1940 802 2060 856 quae
2092 787 2371 855 dicuntur,
2403 795 2607 863 omnia,
2640 809 2732 852 aut
2773 816 2868 870 per
2914 787 3412 866 concussionesiac

1844 884 2130 973 tremores,
2158 889 2252 934 aut
2280 898 2377 952 per
2395 886 2501 940 alia
2525 889 2771 956 quaedam
2807 893 2926 962 ejus
2957 898 3173 965 generis
3211 900 3366 973 signa
3393 922 3409 960 :

1842 969 1959 1026 haec
1983 974 2126 1028 enim
2158 975 2311 1030 aiunt
2343 976 2686 1037 Providentia
2721 983 2902 1041 divina
2928 992 3140 1048 cunctis
3169 969 3411 1050 homini-

1843 1063 1946 1120 bus
1967 1079 2091 1121 esse
2114 1065 2338 1133 donata,
2367 1069 2552 1142 itaque
2578 1075 2714 1130 nihil
2745 1079 2980 1149 amplius
3016 1082 3216 1140 habere
3237 1086 3409 1143 videri

1840 1155 2190 1214 Hebraeorum
2215 1163 2508 1233 prophetas
2537 1182 2549 1218 :
2575 1167 2692 1223 haec
2720 1185 2851 1228 sane
2872 1173 3086 1230 illorum
3119 1188 3202 1233 est
3228 1179 3369 1234 ratio
3393 1197 3406 1232 :

1840 1263 1940 1303 nos
1965 1264 2094 1303 vero
2126 1251 2273 1307 illius
2301 1253 2381 1307 sic
2416 1255 2630 1311 obviam
2665 1258 2792 1314 ituri
2815 1278 3024 1319 sumus.
3064 1265 3120 1320 Si
3150 1269 3258 1322 ulla
3290 1270 3412 1340 qui-

1838 1340 1960 1395 dem
1994 1344 2137 1398 ratio
2171 1347 2470 1416 convincit,
2503 1365 2560 1406 re
2585 1367 2712 1408 vera
2736 1355 2888 1420 deos,
2925 1373 3021 1413 seu
3061 1359 3273 1418 divinas
3308 1379 3408 1433 po-

1838 1441 2085 1501 testates,
2133 1437 2247 1493 sive
2294 1440 2469 1498 bonos
2502 1443 2716 1516 aliquos
2750 1446 3022 1506 daemones
3057 1468 3288 1522 praeesse
3315 1471 3410 1511 eo-

1836 1544 1980 1595 rum,
2013 1530 2080 1585 de
2120 1532 2320 1603 quibus
2347 1535 2550 1590 dictum
2585 1547 2690 1603 est,
2735 1543 2986 1608 oraculis,
3013 1544 3098 1600 vel
3138 1547 3403 1617 auguriis,

1835 1623 1919 1677 vel
1953 1626 2164 1682 caneris
2185 1643 2304 1697 quae
2329 1639 2486 1684 antea
2509 1630 2748 1688 diximus
2779 1654 2792 1691 :
2821 1650 3114 1706 possumus
3144 1654 3276 1696 sane
3301 1643 3407 1697 ali-

1832 1729 1995 1784 quem
2036 1716 2215 1772 locum
2247 1720 2354 1775 illis
2380 1722 2644 1790 tribuere,
2675 1732 2933 1797 tanquam
2959 1729 3053 1784 illo
3075 1746 3291 1803 quoque
3316 1748 3408 1788 su-

1833 1821 2056 1875 premus
2091 1807 2237 1867 Deus
2264 1812 2329 1867 iis
2357 1815 2450 1884 qui
2488 1815 2616 1869 talia
2647 1826 2932 1888 usurpem,
2963 1820 3191 1894 largitus
3221 1823 3324 1892 sit;
3358 1824 3408 1882 εἰ

1833 1914 1962 1954 vero
1995 1901 2252 1971 perfectis
2282 1905 2864 1976 demonstrationibus,
2887 1918 2942 1968 et
2981 1913 3228 1986 ipsorum
3257 1916 3407 1976 Grat-

1831 2008 2020 2048 corum
2071 1995 2532 2066 confessionibus,
2564 2003 2680 2072 jam
2726 2013 2907 2072 antea,
2958 2008 3233 2068 daemones
3283 2028 3405 2071 esse

1831 2101 1940 2141 non
1976 2087 2096 2144 illos
2122 2090 2338 2159 quidem
2364 2092 2561 2159 bonos,
2588 2095 2683 2151 sed
2711 2099 2891 2155 omnis
2925 2101 3184 2170 perniciei
3212 2107 3404 2176 nequi-

1829 2180 2026 2256 tiaeque
2062 2192 2319 2241 auctores
2341 2187 2706 2260 convicimus,
2745 2195 2837 2263 qui
2869 2193 2984 2250 ﬁeri
3011 2202 3190 2266 potest
3219 2206 3279 2252 ut
3307 2197 3403 2255 Dei

1827 2275 2108 2346 prophetae
2147 2277 2487 2335 habeantur?
2519 2281 2731 2340 Etenim
2764 2285 2886 2344 illos
2923 2303 3046 2344 esse
3085 2291 3259 2347 malos
3306 2307 3402 2362 per

1827 2366 2205 2439 Evangelicam
2233 2371 2692 2443 Prwparationem
2746 2381 2886 2434 ratio
2920 2380 3296 2451 deprehendit,
3333 2401 3399 2440 ex

1824 2474 1890 2514 eo
1920 2476 2052 2515 sane
2075 2463 2220 2532 quod
2266 2465 2464 2535 priscis
2514 2471 2856 2540 temporibus
2895 2473 2949 2528 in
2984 2477 3134 2530 omni
3180 2477 3322 2544 loco,
3347 2487 3399 2534 et

1823 2550 2044 2609 civitate
2074 2569 2140 2610 ac
2169 2557 2412 2627 regione,
2442 2558 2693 2616 humanae
2731 2563 2841 2618 illis
2871 2563 3104 2621 victimae
3125 2567 3398 2624 sacriﬁca-

1821 2652 2052 2714 rentur;
2091 2647 2221 2704 item
2253 2664 2320 2706 ex
2353 2665 2420 2706 eo
2445 2653 2590 2721 quod
2629 2670 2814 2710 rerum
2845 2656 3156 2714 futurarum
3186 2661 3396 2731 ignora-

1821 2737 1969 2794 tione
2003 2742 2351 2800 sciscitantes
2383 2744 2716 2817 deciperent,
2751 2757 2804 2804 et
2833 2749 2980 2820 quod
3022 2752 3078 2807 in
3110 2753 3395 2810 mendacio

1819 2831 2018 2888 millies
2062 2847 2127 2888 ac
2169 2835 2372 2894 millies
2428 2837 2754 2908 deprehensi
2787 2843 2914 2910 sint,
2965 2847 3127 2900 modo
3172 2847 3394 2918 quidem

1818 2935 2003 2997 aperte
2046 2941 2111 2983 ac
2155 2929 2354 2999 palam,
2386 2931 2548 2987 modo
2594 2948 2723 2988 vero
2753 2934 2994 3006 ipsorum
3041 2941 3390 2998 oraculorum

1817 3023 2073 3094 ambiguo
2107 3039 2378 3092 sermone,
2418 3042 2516 3098 per
2554 3044 2714 3098 quem
2753 3045 2848 3084 eos
2877 3030 2969 3101 qui
3007 3031 3074 3087 ad
3117 3049 3177 3090 se
3205 3033 3392 3089 confu-

1814 3115 2044 3185 gissent,
2081 3118 2335 3187 plurimis
2374 3121 2678 3192 sarpissime
2717 3123 2874 3180 malis
2904 3134 3066 3194 atque
3097 3127 3390 3183 incommo-

161 3221 241 3258 νων
275 3208 366 3279 τῆς
408 3208 744 3278 ἐπιφανείας
788 3208 881 3260 τοῦ
917 3207 1168 3279 Σωτῆρος
1210 3207 1367 3279 ἡμῶν
1410 3207 1583 3279 Ἰησοῦ
1614 3207 1707 3261 τοῦ

1814 3207 1898 3262 dis
1958 3207 2272 3274 involvisse,
2326 3213 2563 3269 convicti
2606 3222 2774 3270 sunt:
2808 3231 3022 3272 necnon
3070 3217 3215 3289 quod
3272 3219 3385 3290 jam

159 3297 374 3368 Χριστοῦ·
405 3300 466 3366 ἐξ
503 3294 568 3352 οῦ
605 3299 712 3372 γὰρ
745 3302 824 3363 είς
856 3299 1035 3354 πάντα
1067 3300 1135 3352 τὰ
1176 3299 1302 3372 ἔθνη
1348 3299 1637 3372 διέδραμεν
1682 3304 1711 3355 ό

157 3387 234 3457 τῆς
256 3390 614 3460 εὐαγγελικῆς
640 3389 987 3453 διδασκαλίας
1018 3389 1178 3444 αὑτοῦ
1209 3390 1385 3460 λόγος,
1417 3389 1476 3458 ἐξ
1500 3392 1708 3446 ἐκείνου

158 3480 231 3532 καὶ
250 3481 307 3532 τὰ
325 3484 638 3554 χρηστήρια
660 3481 883 3547 διέλιπε,
907 3483 1002 3535 καὶ
1027 3482 1297 3553 δαιμόνων
1321 3482 1541 3537 θάνατοι
1569 3500 1706 3554 μνη-

161 3572 452 3639 μονεύονται.
481 3573 671 3626 Πάντα
691 3573 747 3626 δὲ
772 3568 863 3626 οῦν
893 3570 960 3644 ἦν
993 3574 1188 3637 ταῦτα,
1220 3573 1315 3626 καὶ
1340 3573 1474 3628 ἄλλα
1497 3571 1708 3636 τούτοις

158 3666 478 3738 παραπλήσια
515 3666 701 3736 μυρία,
733 3665 797 3718 δι’
830 3659 905 3719 ὧν
935 3665 1163 3737 πονηροὶ
1195 3665 1446 3735 δαίμονες
1474 3665 1626 3730 ὄντες
1655 3667 1703 3718 οἱ

158 3756 258 3824 περὶ
279 3749 346 3809 ὧν
374 3759 402 3810 ὀ
431 3757 602 3824 λόγος
623 3758 680 3809 ἐν
707 3759 818 3819 τοῖς
842 3755 940 3826 τῆς
959 3754 1376 3826 Ε-ὐαγγελικῆς
1401 3758 1704 3824 Προπαρα-

155 3848 346 3917 σκευῆς
373 3849 828 3920 ἀπηλέγχθησαν.
871 3849 934 3901 Εί
963 3848 1027 3919 δὴ
1060 3843 1152 3901 οῦν
1181 3848 1373 3900 τοιοίδε
1399 3848 1544 3911 τινὲς
1570 3865 1702 3916 τυγ-

155 3940 355 4009 χάνουσι,
385 3945 477 4008 τίς
513 3946 658 4014 αἱρεῖ
683 3944 839 4012 λόγος
869 3942 964 3995 τοῦ
1006 3943 1098 3994 ἐπὶ
1141 3943 1356 3996 πάντων
1388 3944 1522 3997 Θεοῦ
1566 3962 1700 4015 μαν-

153 4033 273 4099 τείας
294 4033 422 4090 εἶναι
461 4037 716 4107 ἡγεῖσθαι
756 4036 825 4088 τὰ
856 4036 963 4090 τῶν
985 4037 1252 4107 δαιμόνων
1278 4038 1625 4110 χρηστήριας
1661 4039 1694 4108 ἢ

152 4129 240 4190 τοῖς
251 4128 333 4181 τοῦ
354 4129 497 4185 Θεοῦ
519 4131 827 4201 προφήταις
847 4129 915 4182 τά
936 4131 1057 4184 κατ’
1073 4129 1272 4193 αὐτοὺς
1295 4131 1693 4204 παραϐάλλειν;

154 4216 358 4276 Ποταπαὶ
382 4224 439 4277 δὲ
468 4222 648 4276 αὐτῶν
676 4227 731 4277 αἱ
757 4225 1106 4296 προρρήσεις,
1128 4223 1213 4288 ἃς,
1247 4225 1334 4278 ὅτε
1363 4225 1455 4277 καὶ
1479 4225 1694 4278 ἐδόκουν

152 4311 426 4381 ὑφεστάναι,
459 4318 591 4388 περὶ
612 4318 737 4380 τοὺς
767 4317 1084 4389 ἐρωτῶντας
1112 4317 1421 4381 ὲποιοῦντο;
1447 4313 1556 4388 ἆρα
1573 4314 1693 4386 οὐχὶ

155 4405 252 4473 περὶ
275 4408 522 4480 ἀσέμνων
552 4407 832 4462 ταπεινῶν
853 4425 912 4461 τε
944 4411 1038 4463 καὶ
1073 4409 1306 4462 εὐτελῶν
1335 4408 1564 4480 ἀνδρῶν,
1591 4423 1692 4459 πυ-

152 4493 280 4560 κτῶν,
302 4499 450 4570 φέρε,
481 4499 514 4569 ἡ
539 4515 700 4551 τινων
730 4497 1004 4563 τοιούτων,
1032 4498 1126 4563 οὓς
1156 4499 1360 4563 θυσίαις
1389 4499 1556 4569 τιμᾷν
1579 4497 1690 4550 ἐκέ-

151 4581 298 4652 leuca;
318 4591 453 4644 Ποῖα
471 4591 528 4644 δὲ
547 4591 615 4644 τὰ
639 4592 766 4662 περὶ
784 4591 886 4660 τῆς
908 4589 1355 4660 ἀνθρωποθυσίας
1375 4593 1684 4663 νενόμιστος

150 4680 395 4746 κεφάλαιον
440 4683 553 4754 γὰρ
595 4683 658 4754 δὴ
703 4683 863 4736 τοῦτο
906 4684 1013 4738 τῶν
1048 4684 1368 4755 εἰρημένων.
1405 4683 1552 4758 Ἀρά
1583 4705 1686 4740 τινι

151 4770 388 4842 πράγματι
425 4773 615 4846 φαύλῳ
662 4774 952 4828 κατέλιπον
997 4775 1228 4839 ἀτοπίας
1268 4777 1604 4850 ὑπερϐολήν;
1636 4781 1683 4832 εί

149 4855 197 4928 δὴ
218 4863 257 4913 οἱ
280 4867 521 4937 σωτῆρες
551 4865 852 4938 ἀνθρώπων
880 4866 992 4920 θεοί
1017 4885 1074 4920 τε
1100 4869 1194 4922 καὶ
1215 4869 1406 4938 ἀγαθοὶ
1433 4871 1685 4942 δαίμονες

147 4950 244 5015 τοὺς
288 4957 467 5022 ἱκέτας
508 4959 687 5013 αὐτῶν
732 4961 825 5013 καὶ
858 4962 1102 5027 εὐσεϐεῖς
1149 4963 1470 5035 πρόσφυγας
1517 4983 1682 5019 κατα-

150 5047 358 5112 σςάττειν
415 5052 486 5106 τὰ
536 5053 744 5106 ἑαυτῶν
793 5053 1043 5124 φίλτατα,
1081 5056 1320 5128 ὡσπερεί
1376 5074 1497 5110 τινα
1548 5057 1679 5112 ἄλλα

149 5133 411 5211 θρέμματα,
450 5145 899 5216 παρεκελεύοντο,
931 5149 1189 5221 ἄντικρυς
1225 5149 1576 5222 ἀνθρωπείων
1603 5153 1682 5204 ati-

148 5230 294 5295 μάτων
316 5237 450 5309 ὑπὲρ
479 5239 657 5291 πᾶσαν
691 5237 892 5310 θηρίων
920 5241 1080 5309 φύσιν
1103 5241 1379 5311 διψῶντες,
1411 5244 1506 5296 καὶ
1527 5243 1677 5296 οὐδὲν

147 5318 302 5399 intra
347 5332 650 5401 αἱμοπότας
687 5334 778 5385 καὶ
816 5333 1266 5407 ἀνθρωποϐὁρους
1305 5336 1577 5400 ἀπωλείας
1617 5355 1675 5390 τε

147 5414 294 5483 Sing
315 5419 446 5478 εἶναι
480 5428 621 5496 σφᾶς
653 5428 849 5492 αὐτοὺς
870 5428 1280 5499 ἀπελέγχοντες.
1318 5431 1387 5484 Ἢ
1417 5430 1618 5499 λεγέτω
1648 5432 1675 5483 ό

148 5502 440 5582 βουλόμενος,
476 5521 525 5570 εἰ
571 5519 682 5588 ἔχοι
728 5521 919 5591 σεμνόν
953 5539 1004 5574 τι
1037 5524 1131 5575 καὶ
1166 5524 1365 5595 ἀρετῆς
1397 5522 1544 5588 ἄξιον
1566 5525 1674 5578 τῶν

147 5593 433 5674 δηλουμένων
461 5611 800 5683 emergam}
835 5614 1090 5682 μαντείας
1122 5617 1218 5669 καὶ
1241 5618 1571 5688 προρρήσεις
1595 5620 1675 5682 εἰς

151 5703 230 5800 ῖᾶν
252 5709 382 5775 γένος
409 5714 506 5766 ἀνθ
517 5714 712 5784 ρώπων
743 5723 1141 5785 συντεινούσας,
1171 5721 1204 5790 ἢ
1227 5723 1424 5792 νόμους
1447 5725 1538 5779 καὶ
1572 5742 1672 5778 πο-

151 5803 315 5866 muti;
333 5805 617 5876 διατάξεις,
643 5811 763 5865 καθ’
789 5813 882 5878 οὓς
902 5817 1040 5886 χρῆν
1066 5817 1212 5888 βιοῦν
1240 5820 1444 5888 πάντας
1470 5823 1675 5896 ἀνθρώ-

1814 3310 1970 3356 antea
1999 3301 2431 3359 demonstratum
2468 3307 2560 3372 sit,
2595 3307 2812 3362 illorum
2846 3324 3018 3378 genus
3051 3309 3254 3364 foedum
3285 3312 3388 3367 im-

1811 3394 2184 3466 mundumque
2206 3415 2349 3465 esse,
2375 3415 2441 3455 ex
2481 3416 2546 3456 eo
2575 3401 2721 3472 quod
2750 3403 3007 3458 obscenis
3047 3419 3112 3458 ac
3139 3404 3382 3470 lascivis,

1807 3486 1970 3559 205.
2001 3505 2120 3560 qua:
2159 3489 2227 3546 de
2261 3491 2395 3562 ipsis
2418 3492 2682 3558 ferantur,
2718 3496 2951 3552 canticis
2975 3495 3210 3568 gaudere
3253 3511 3384 3552 con-

1807 3582 2120 3650 suevcrint;
2150 3584 2278 3639 item
2319 3585 2534 3658 hymnis
2582 3604 2644 3644 ac
2674 3589 2939 3645 fabulosis
2976 3591 3384 3648 narrationibus

1805 3673 2161 3748 historiisque
2201 3678 2511 3737 inhonestis
2561 3695 2626 3736 ac
2669 3682 3015 3752 perniciosis,
3065 3697 3204 3757 quas
3233 3685 3380 3755 quod

1803 3777 1992 3821 contra
2026 3769 2238 3840 seipsos
2282 3781 2432 3828 ratas
2462 3773 2772 3840 habuerint,
2817 3787 2869 3832 et
2916 3786 3172 3847 tanquam
3220 3791 3378 3832 veras

1803 3864 2300 3933 comprobaverint,
2333 3867 2447 3937 jam
2478 3869 2636 3939 plane
2656 3869 2931 3940 redarguti
2957 3880 3104 3926 sunt.
3133 3869 3378 3940 Denique

1802 3954 2020 4011 illorum
2065 3957 2259 4016 inertis
2293 3959 2687 4032 imbecillteque
2722 3970 2930 4018 naturae
2971 3963 3267 4017 maximum
3295 3978 3377 4017 ar-

1800 4060 2135 4119 gumentum,
2178 4052 2324 4123 quod
2357 4055 2622 4110 exstincta
2645 4057 2752 4112 sint
2787 4057 3029 4122 oracula,
3058 4071 3233 4128 neque
3261 4072 3376 4110 am—

1799 4143 1942 4213 plius
1972 4153 2031 4198 ut
2075 4145 2206 4199 olim
2239 4148 2636 4217 respondeant;
2671 4156 2726 4204 et
2773 4150 3043 4206 exstincta
3075 4167 3183 4205 non
3237 4150 3371 4204 alias

1797 4254 1962 4308 quam
1991 4240 2093 4295 sub
2120 4240 2416 4295 adventum
2459 4239 2758 4297 Salvatoris
2782 4243 2955 4299 nostri
2983 4242 3112 4300 Jesu
3140 4241 3367 4306 Christi;

1794 4347 1860 4384 ex
1888 4345 1996 4400 quo
2024 4331 2170 4386 enim
2208 4332 2356 4388 illius
2388 4333 2444 4387 in
2485 4348 2673 4390 omnes
2701 4341 2890 4406 gentes
2925 4333 3250 4405 evangelieze
3278 4331 3369 4387 do-

1795 4425 1984 4480 ctrinae
2013 4426 2322 4494 penetravit
2351 4427 2599 4491 verbum,
2631 4442 2696 4482 ex
2724 4427 2816 4480 illo
2849 4427 2977 4482 item
3015 4427 3234 4481 oracula
3277 4424 3368 4478 dc-

1721 4559 1764 4616 D
1796 4517 2063 4583 fecerunt,
2088 4527 2144 4574 et
2167 4517 2477 4574 daemonum
2505 4527 2706 4574 mortes
2749 4528 3139 4574 memorantur.
3172 4516 3365 4572 Omnia

1793 4611 1956 4680 igitur
1983 4612 2098 4667 haec
2132 4618 2186 4666 et
2214 4610 2632 4666 innumerabilia
2656 4611 2758 4666 alia
2781 4611 2868 4666 his
2895 4610 3090 4666 similia
3120 4609 3361 4671 fuerunt,

1789 4720 1856 4759 ex
1900 4704 2099 4775 quibus
2147 4705 2306 4770 illos,
2354 4703 2422 4760 de
2471 4704 2672 4775 quibus
2715 4721 2861 4760 nunc
2914 4706 3143 4776 agimus,
3190 4704 3363 4759 malos

1788 4811 1908 4851 esse
1936 4795 2211 4853 daemones
2234 4796 2550 4869 Evangelica
2587 4797 2914 4868 Prwparatio
2945 4797 3358 4853 demonstravit.

1787 4888 1944 4953 Quod
1978 4889 2024 4943 si
2058 4890 2223 4946 tales.
2248 4891 2371 4946 illos
2399 4905 2522 4947 esse
2556 4891 2668 4961 jam
2702 4900 2934 4959 constat,
2961 4908 3081 4964 qua:
3102 4892 3244 4946 ratio
3268 4907 3362 4945 un-

1784 4997 1949 5050 quam
1980 4982 2267 5050 obtinebit,
2311 4991 2370 5040 ut
2394 4986 2637 5054 supremi
2674 4985 2766 5040 Dei
2799 4986 2920 5042 illas
2951 4986 3119 5043 fuisse
3148 4986 3360 5040 divina-

1782 5076 1958 5132 tiones
1986 5092 2329 5141 censeamus,
2363 5094 2484 5149 qua:
2524 5079 2828 5134 daemonum
2861 5088 3036 5136 sortes
3065 5079 3357 5151 perhiben-

1780 5183 1890 5238 tur,
1919 5181 2013 5228 aut
2039 5190 2159 5245 qua:
2188 5174 2255 5230 de
2289 5174 2396 5231 illis
2429 5173 2702 5237 feruntur,
2730 5173 2822 5228 Dei
2847 5175 3235 5244 pr0phetarum
3266 5189 3359 5229 va-

1778 5263 1986 5318 ticiniis
2013 5280 2135 5320 esse
2164 5265 2527 5334 comparanda
2551 5263 2574 5317 ?
2597 5263 2880 5318 Caeterum
2915 5263 3101 5332 quanti
3133 5261 3354 5318 tandem

1781 5356 1996 5411 illorum
2038 5355 2438 5426 praedictiones.
2478 5355 2759 5420 faciendae,
2815 5368 2970 5424 quas,
3023 5367 3149 5408 cum
3209 5361 3356 5410 stare

1777 5452 2118 5512 videbantur,
2155 5449 2564 5507 sciscitantibus
2597 5448 3036 5521 respondebant?
3063 5447 3256 5505 Nonne
3287 5451 3354 5507 de

1778 5544 2080 5601 inhonestis
2109 5554 2280 5616 atque
2318 5544 2617 5600 humilibus
2657 5553 2712 5601 ct
2754 5545 2955 5601 nullius
3002 5546 3164 5617 pretii
3193 5546 3349 5610 viris,

1775 5639 2080 5709 pugilibus,
2122 5639 2354 5710 exempli
2390 5641 2600 5709 gratia,
2644 5648 2737 5694 aut
2789 5639 2911 5696 aliis
2952 5640 3156 5697 talibus
3195 5640 3349 5696 reddi

1777 5732 1965 5787 solitas
1999 5733 2270 5796 novimus,
2309 5747 2449 5803 quos
2495 5731 2712 5803 quidem
2760 5733 3009 5791 homines
3057 5733 3348 5791 sacrificiis

1774 5827 2051 5885 honestari
2081 5827 2384 5902 iubebant?
2413 5827 2606 5896 Qualia
2639 5843 2803 5898 porro
2832 5844 2952 5900 quae
2982 5829 3050 5884 de
3095 5826 3348 5883 humanis
