3954 6502
507 383 610 440 5'59
1089 379 1360 436 EUSEBII
1399 377 1886 436 CESARIENSIS
1919 378 2070 434 OPP.
2105 378 2308 436 PARS.
2349 378 2412 433 ll.
2455 411 2523 420 -—-
2559 377 3058 440 APOLOGETICA.
3679 381 3814 438 540

509 499 746 560 victimis
785 499 1056 562 feruntur,
1091 496 1402 553 censenda?
1424 496 1598 567 Caput
1640 499 1783 553 enim
1815 499 1918 554 hoc
1963 515 2082 554 0m-

2193 516 2348 562 πους,
2393 498 2833 570 διαγορευούσας,
2875 497 2910 567 ἢ
2949 495 3264 566 φιλοσοφίας
3295 496 3544 568 δόγματά
3575 513 3640 550 τε
3695 497 3814 550 καὶ

511 593 661 647 nium
708 607 897 647 eorum
939 579 1068 661 quae
1106 590 1255 646 dicta
1285 599 1448 646 sunt:
1483 606 1614 644 num
1663 591 1830 661 igitur
1871 593 1980 645 ulla
2024 608 2084 646 re

2192 589 2486 660 μαθήματα
2510 591 2644 661 πρὸς
2661 589 2768 642 τῶν
2789 589 2924 652 θεῶν
2947 587 3218 658 προϐεϐλη
3226 589 3362 658 μένα
3384 591 3498 652 τοῖς
3513 589 3814 660 ἐρασταῖς

2189 681 2524 750 φιλοσοφίας.
2544 681 2680 738 Ἀλλ’
2697 683 2796 734 ούκ
2813 681 2877 735 ἂν
2893 680 3004 751 ἔχοι
3020 697 3102 744 τις
3119 680 3533 749 φάναιτοιοῦτον
3551 680 3810 733 πώποτε

2188 771 2466 843 ύπῆρχθαι
2489 771 2567 842 τῷ
2595 773 2694 842 βίῳ
2720 773 2783 825 ὲκ
2804 771 2912 826 τῶν
2960 772 3298 844 περιϐοήτων
3317 771 3710 844 χρηστηρίων.
3734 770 3812 822 ΕΞ

2188 863 2296 934 γὰρ
2315 859 2382 934 ἦν
2401 861 2594 926 ταῦτα,
2619 865 2718 916 ούκ
2755 863 2823 917 ἂν
2855 864 3131 934 διαφόροις
3156 863 3455 936 ἐχρήσαντο
3479 863 3577 917 καὶ
3602 878 3810 933 μαχο-

2191 955 2373 1026 μένοις
2387 955 2571 1026 νόμοις
2596 954 2692 1009 ἀνθ
2703 972 2870 1026 ρωποι
2889 955 2993 1008 ὑπὸ
3015 955 3152 1008 θεῶν
3171 953 3644 1026 νομοθετούμενον
3671 949 3810 1006 θεοὶ

2187 1047 2296 1119 γὰρ
2313 1048 2462 1112 ὅντες
2477 1049 2571 1102 καὶ
2588 1049 2799 1117 ἀγαθοὶ,
2819 1047 2936 1112 πῶς
2949 1049 3049 1101 οὐκ
3067 1049 3130 1102 ἂν
3143 1049 3254 1112 τοῖς
3269 1049 3451 1112 αὐτοῖς
3469 1049 3808 1120 ἐχρήσαντο

2187 1139 2551 1212 διατάγμασι;
2587 1141 2702 1203 πῶς
2727 1141 2771 1194 δ’
2795 1141 2914 1212 οὐχὶ
2937 1142 3058 1203 ταῖς
3087 1138 3327 1212 σώφροσι
3367 1141 3461 1194 καὶ
3495 1139 3808 1194 δικαιοτά-

2187 1250 2308 1297 ταις
2363 1233 2738 1304 νομοθεσίαις;
2787 1235 2884 1298 Τίς
2915 1229 3008 1288 οὖν
3039 1233 3134 1288 τοῦ
3169 1234 3423 1299 Σόλωνος,
3458 1233 3491 1306 ἢ
3527 1233 3804 1305 Δράκον-

2187 1345 2320 1392 τος,
2364 1328 2398 1399 ἢ
2437 1327 2545 1381 τῶν
2587 1328 2760 1382 ἄλλων
2793 1326 3098 1398 ἀνθρώπων
3137 1327 3360 1399 Ἕλλησί
3413 1346 3472 1381 τε
3505 1330 3606 1383 καί
3643 1327 3806 1400 βαρ-

513 698 681 753 prava
719 683 900 738 locum
947 697 1100 737 novae
1140 681 1466 738 absurditati
1513 682 1888 752 reliquerunt?
1928 679 2084 748 Quod

510 773 558 829 si
585 773 674 830 isti
699 773 978 826 hominum
1003 779 1442 835 conservatores,
1471 779 1522 825 et
1546 770 1620 824 dii
1643 778 1696 825 et
1725 769 1851 824 boni
1885 770 2087 824 daemo-

510 881 633 930 nes,
672 866 764 936 qui
803 863 870 918 ad
899 878 958 918 se
987 863 1306 934 suppliciter
1333 869 1390 917 et
1417 877 1539 918 cum
1573 861 1772 932 pietate
1801 859 2084 932 confugie-

513 964 664 1021 nant,
698 971 793 1010 eos
841 969 1182 1025 quaecunque
1229 954 1550 1010 charissima
1601 953 1885 1019 haberent,
1929 955 2088 1025 quasi

511 1047 737 1118 reliquis
774 1047 976 1103 similia
1007 1062 1206 1117 pecora
1249 1055 1490 1103 mactare
1534 1047 1893 1116 imperabant,
1924 1048 2086 1116 plana

509 1139 656 1210 quod
685 1139 908 1194 humani
950 1140 1238 1210 sanguinis
1289 1155 1452 1210 supra
1485 1155 1699 1195 omnem
1731 1140 1956 1196 ferinam
1989 1155 2088 1194 na-

511 1243 691 1288 turam
725 1233 1011 1298 sitibundi,
1037 1249 1214 1304 neque
1244 1233 1540 1304 quidquam
1565 1233 1712 1289 aliud
1744 1247 1905 1304 quam
1931 1239 2087 1302 poto-

508 1341 598 1382 res
633 1325 916 1398 sanguinis
948 1331 1003 1380 et
1044 1325 1395 1382 devoratores
1424 1326 1706 1380 hominum
1737 1326 2090 1395 perditionis-

510 1429 617 1488 que
650 1415 812 1470 amiei
857 1421 1064 1475 essent.
1106 1414 1324 1484 ipsimet
1371 1413 1728 1472 declarabant
1761 1431 1774 1465 :
1807 1423 1900 1469 aut
1943 1415 2090 1470 dicat

509 1505 644 1560 mibi
672 1521 806 1562 sane
832 1505 1035 1576 quivis,
1067 1521 1198 1560 num
1229 1505 1297 1561 de
1333 1505 1444 1561 illis
1477 1507 1650 1577 possit
1679 1507 1892 1564 honesti
1924 1507 2086 1579 quid-

512 1603 679 1670 piam,
706 1603 802 1652 aut
833 1596 980 1667 quod
1008 1611 1136 1652 cum
1167 1597 1366 1653 virtute
1389 1599 1744 1668 conjunctum
1777 1602 1870 1665 sit,
1903 1608 2090 1658 osten-

510 1691 681 1746 dere:
724 1695 818 1744 aut
862 1688 1258 1754 divinationes,
1312 1706 1376 1746 ac
1417 1687 1820 1762 praedictiones,
1859 1710 1979 1764 quae
2018 1695 2086 1750 ad

511 1796 672 1840 omne
721 1781 1005 1844 hominum
1046 1797 1224 1852 genus.
1255 1784 1660 1853 spectaverint:
1694 1793 1788 1839 aut
1811 1786 1979 1856 leges,
2003 1788 2088 1841 in-

2183 1417 2378 1492 ϐἀροις
2422 1419 2723 1491 νομοθετῶν
2758 1420 2916 1492 χρεία
2950 1417 3039 1494 ἦν,
3089 1421 3226 1476 θεῶν
3267 1421 3430 1490 ἐγγὺς
3463 1421 3799 1492 παρόντων,

2194 1516 2288 1568 καὶ
2313 1513 2400 1568 διά
2419 1513 2529 1568 τῶν
2557 1516 2817 1586 χρησμῶν
2849 1517 3278 1588 διαταττομένων
3291 1516 3359 1569 τὰ
3384 1517 3572 1570 δέοντα
3591 1532 3606 1580 ;
3627 1517 3706 1570 Εἰ
3735 1516 3802 1569 δὲ

2187 1607 2253 1679 δὴ
2271 1608 2402 1679 φαίη
2429 1625 2512 1671 τις
2529 1609 2726 1672 αὐτοὺς
2751 1610 2845 1664 καὶ
2866 1610 2974 1664 οὐδ’
3009 1609 3086 1682 (Ι)
3111 1610 3302 1672 ἄλλους
3324 1604 3462 1663 εἶναι
3493 1609 3627 1672 τοὺς
3659 1607 3801 1661 καθ’

2190 1703 2423 1756 ἕκαστον
2451 1701 2600 1766 έθνος
2623 1701 2924 1775 ἀνθρώπων
2956 1702 3400 1774 νομοθετοῦντας,
3424 1705 3518 1757 καὶ
3551 1703 3642 1767 τίς
3673 1698 3802 1774 ἆρα

2193 1797 2398 1862 ἐκεῖνος
2431 1799 2524 1851 καὶ
2559 1798 2822 1862 ποταπὸς,
2845 1798 3070 1862 εἰπάτω,
3099 1798 3237 1862 θεὸς,
3273 1799 3301 1852 ὁ
3323 1797 3578 1862 Σκύθαις,
3616 1797 3797 1868 φέρε,

511 1874 934 1946 stitutionesqne
953 1873 1162 1941 civiles,
1203 1891 1324 1946 quae
1353 1891 1462 1946 quo
1498 1877 1660 1932 modo
1690 1892 1880 1934 omnes
1913 1878 2090 1934 homi-

2193 1886 2630 1958 ἀνθρωποϐορεῖν
2669 1887 3078 1958 διαταξάμενος,
3114 1888 3146 1959 ἢ
3181 1891 3208 1942 ὁ
3255 1889 3524 1960 μητράσιν
3565 1888 3800 1959 ἑτέροις

513 1981 613 2026 nes
641 1969 821 2022 vivere
853 1975 1122 2038 oporteat,
1159 1969 1518 2039 praeceperint
1547 1984 1562 2020 :
1598 1978 1693 2024 aut
1733 1968 2089 2040 philosophia:

511 2061 731 2122 decreta
775 2075 841 2115 ac
873 2060 1214 2131 disciplinas,
1256 2077 1378 2131 quae
1427 2061 1786 2131 philosophiae
1827 2063 2091 2117 amatori-

513 2153 616 2208 bus
656 2153 724 2216 ab
754 2153 888 2222 ipsis
917 2153 1022 2209 diis
1056 2169 1294 2224 unquam
1339 2154 1620 2224 proposita
1651 2152 1854 2208 fuerint
1892 2172 1905 2206 :
1939 2155 2092 2224 atqui

511 2261 673 2306 nemo
726 2253 811 2310 est
850 2246 942 2317 qui
987 2245 1450 2316 possitallirmare
1491 2246 1598 2302 tale
1650 2261 1890 2318 unquam
1929 2247 2090 2316 quidq

511 2353 674 2408 quam
717 2339 800 2395 vel
844 2339 1326 2398 celeberrimorum
1385 2340 1734 2396 oraculorum
1788 2339 2088 2406 beneﬁcio,

511 2429 672 2506 205
697 2430 820 2494 vita:
845 2429 1126 2484 hominum
1163 2430 1501 2502 contigisse;
1538 2447 1667 2486 nam
1703 2433 1748 2488 si
1789 2431 1922 2486 talia
1949 2429 2090 2486 fuis-

513 2505 654 2586 sent,
687 2537 965 2593 nunquam
997 2522 1268 2588 homines,
1293 2523 1492 2594 quibus
1511 2539 1546 2580 a
1571 2523 1678 2580 diis
1703 2524 1849 2594 leges
1877 2523 2090 2578 tradita:

512 2619 662 2680 sunt,
707 2612 939 2669 diversis
980 2614 1064 2672 usi
1095 2623 1282 2670 essent
1315 2621 1478 2685 atque
1513 2615 1656 2670 inter
1702 2629 1762 2670 se
1799 2616 2092 2686 pugnanti-

511 2705 616 2761 bus
663 2705 875 2776 legibus
907 2725 921 2759 :
953 2721 1079 2760 nam
1127 2706 1221 2776 qui
1269 2707 1344 2761 dii
1374 2715 1559 2763 essent
1593 2715 1650 2762 et
1692 2707 1769 2762 dii
1815 2707 1964 2772 boni,
1997 2709 2091 2778 qui

513 2796 626 2864 ﬁeri
661 2805 845 2868 posset
885 2806 944 2852 ut
974 2813 1082 2854 non
1116 2799 1286 2869 aequis
1317 2799 1755 2856 institutionibus
1782 2810 2086 2868 uterentur,

510 2904 682 2964 quare
723 2897 903 2943 autem
952 2905 1064 2943 non
1111 2891 1528 2946 modestissimis
1568 2907 1632 2946 ac
1663 2891 1988 2962 justissimis
2015 2894 2093 2948 le-

512 2981 707 3056 gibus?
763 2979 898 3056 Quis
949 2996 1079 3053 ergo
1135 2992 1228 3038 aut
1269 2981 1505 3048 Solonis,
1541 2990 1638 3038 aut
1675 2983 1966 3050 Draconis,
2000 2993 2094 3040 aut

513 3049 739 3128 aliorum
781 3053 873 3141 qui
913 3049 1242 3128 velvGrtecis
1279 3073 1364 3128 vel
1401 3073 1652 3129 barbaris
1701 3075 1851 3148 leges
1885 3049 2097 3131 descri-

513 3164 742 3236 pserint,
775 3182 908 3222 usus
945 3165 1157 3234 fuisset,
1198 3183 1322 3223 cum
1357 3167 1414 3222 in
1451 3167 1698 3238 proximo
1729 3170 1982 3224 adessent
2013 3169 2089 3224 dii

511 3257 608 3324 uni
636 3259 874 3316 oraculis
903 3267 1128 3329 possent
1162 3276 1284 3330 qua:
1329 3259 1556 3316 honesta
1585 3269 1639 3316 et
1669 3262 1979 3317 necessaria
2006 3263 2090 3316 vi-

510 3357 725 3422 derent,
771 3352 1105 3424 praecipere?
1145 3353 1306 3420 Quod
1342 3354 1389 3414 si
1421 3355 1546 3424 quis
1593 3353 1738 3408 dicat
1779 3355 1948 3424 plane.
1967 3354 2088 3410 illos

513 3445 662 3516 ipsos
703 3459 814 3500 non
848 3446 984 3504 alios
1011 3445 1200 3511 fuisse,
1232 3447 1324 3516 qui
1367 3462 1462 3516 per
1489 3447 1736 3517 singulas
1774 3453 1963 3517 gentes
1991 3447 2092 3502 ho-

511 3519 750 3594 minibus
779 3537 924 3609 leges
952 3537 1219 3605 dederint,
1243 3539 1388 3593 dicat
1429 3538 1616 3602 etiam,
1658 3554 1866 3608 quaeso,
1900 3539 2090 3609 ecquis

514 3631 602 3690 ille
632 3641 726 3700 aut
749 3633 1058 3710 cujiusmodi
1089 3632 1256 3688 fuerit
1271 3632 1432 3700 deus,
1457 3634 1550 3703 qui
1575 3630 1830 3704 Scythas,
1857 3633 2090 3702 exempli

511 3723 708 3793 gratia,
727 3723 990 3780 devorare
1019 3723 1271 3780 homines
1309 3723 1578 3784 docuerit,
1615 3731 1710 3788 aut
1742 3725 1834 3794 qui
1865 3725 2093 3778 nonnul-

512 3817 580 3870 iis
613 3817 1018 3887 legesdederit,
1074 3825 1134 3870 ut
1159 3816 1427 3872 matribus
1459 3832 1522 3872 ac
1551 3817 1766 3872 ﬁliabus
1794 3817 2090 3872 misceren-

513 3919 622 3980 tur,
654 3919 748 3964 aut
783 3911 878 3980 qui
916 3926 1010 3966 eos
1043 3913 1133 3982 qui
1176 3913 1612 3978 consenuissent,
1661 3911 1891 3966 canibus
1925 3912 2092 3982 proji-

513 4019 658 4070 cere,
689 4005 846 4074 quasi
879 4020 994 4060 rem
1030 4006 1226 4060 bonam
1265 4006 1634 4077 imperaverit,
1670 4014 1764 4060 aut
1794 4005 1886 4075 qui
1932 4021 2090 4060 soro—

513 4111 602 4150 res
655 4095 856 4151 habere
903 4095 960 4150 in
1006 4097 1355 4152 matrimonio
1404 4097 1738 4168 permiserit,
1784 4105 1877 4150 aut
1910 4111 2090 4153 mares

512 4187 1155 4252 maribuscommisceri.
1186 4189 1252 4245 Et
1272 4191 1403 4261 quid
1431 4205 1518 4246 me
1557 4199 1792 4262 Oportet,
1822 4191 2093 4246 narratio--

515 4297 616 4348 nes.
648 4297 678 4336 a
719 4283 930 4354 legibus
968 4291 1022 4339 et
1063 4285 1209 4338 omni
1244 4284 1368 4354 jure
1401 4285 1611 4340 alienas
1655 4285 1722 4340 de
1756 4285 1824 4354 iis
1853 4301 1974 4355 quae
2001 4292 2093 4339 aut

513 4371 656 4450 apud
679 4369 917 4440 Grazcos,
950 4381 1044 4428 aut
1065 4375 1208 4446 apud
1243 4375 1508 4444 barbaros
1537 4374 1754 4440 ﬁerent,
1779 4391 2090 4446 numerare,

515 4471 574 4518 ut
598 4471 851 4526 auctores
877 4467 1002 4532 illos
1025 4467 1373 4523 oraculorum
1405 4468 1706 4535 mirabiles,
1735 4469 1875 4540 apud
1909 4479 2088 4528 utros-

2193 1979 2288 2038 καὶ
2313 1979 2618 2050 θυγατράσι
2657 1979 2945 2050 μίγνυσθαι
2972 1977 3359 2050 νομοθετήσας,
3397 1979 3429 2050 ἥ
3457 1982 3485 2032 ὁ
3517 1981 3653 2032 κυσὶ
3679 1996 3798 2032 πα-

2197 2070 2482 2142 ραϐάλλειν
2527 2071 2654 2134 τοὺς
2693 2071 3089 2143 γεγηρακότας,
3147 2071 3222 2134 ὼς
3269 2071 3490 2138 ἀγαθὸν,
3523 2069 3796 2122 διατετα-

2190 2163 2410 2233 γμένος,
2448 2162 2481 2234 ἢ
2519 2165 2548 2216 ό
2585 2161 2878 2235 ἐπιτρέψας
2909 2161 3145 2232 ἀδελφὰς
3179 2165 3375 2234 γαμεῖν
3417 2163 3510 2214 καὶ
3535 2162 3794 2233 ἄρρενας

2191 2256 2415 2328 ἄρρεσιν
2449 2256 2866 2326 ὲπιμίγνυσθαι;
2891 2257 3001 2310 Καὶ
3033 2257 3086 2310 τί
3124 2274 3189 2327 με
3211 2255 3291 2308 δεῖ
3311 2256 3438 2320 τοὺς
3467 2255 3792 2325 ὲκθέσμους

2189 2347 2299 2404 τῶν
2337 2350 2469 2421 παρ’
2497 2349 2720 2421 Ἕλλησι
2757 2349 2850 2402 καὶ
2886 2349 3182 2421 βαρϐάροις
3214 2349 3404 2418 λόγους
3437 2349 3792 2419 ἀπαριθμεῖν

2191 2441 2272 2504 είς
2304 2440 2521 2510 ἔλεγχον
2541 2439 2636 2492 τοῦ
2673 2441 2744 2511 μὴ
2774 2439 2928 2505 θεοὺς
2953 2440 3255 2509 γεγονέναι,
3287 2441 3555 2513 πονηροὺς
3587 2440 3644 2492 δὲ
3687 2441 3794 2494 καὶ

2193 2533 2504 2604 ἀλιτηρίους
2556 2531 2838 2603 δαίμονας,
2886 2536 3012 2595 τοὺς
3055 2531 3399 2603 θαυμαστοὺς
3431 2532 3611 2587 αὐτῶν
3638 2549 3795 2604 χρη-

2195 2625 2480 2696 σμοδότας,
2514 2625 2606 2678 ἐπὶ
2655 2623 2726 2678 τά
2767 2623 2922 2697 παρά
2953 2624 3114 2694 φύσιν
3161 2627 3489 2696 ἀτοπήματα
3521 2625 3584 2678 τὸ
3621 2643 3794 2697 τρισ·

2192 2717 2374 2771 ἀθλιον
2406 2717 2513 2770 τῶν
2561 2717 2862 2788 ἀνθρώπων
2893 2717 3050 2787 γένος
3081 2717 3588 2789 καταϐεϐληκόταςς
3621 2718 3789 2773 ὁπότ’

2193 2806 2302 2858 οὐδ’
2345 2809 2394 2859 οἱ
2453 2810 2585 2878 παρ’
2626 2807 2848 2880 Ἕλλησι
2897 2807 3214 2880 βεϐοημένοι
3264 2805 3376 2859 θεοὶ
3420 2807 3514 2860 καὶ
3548 2807 3790 2877 μάντεις

2189 2900 2512 2972 ὀνησιφόρον
2545 2920 2597 2954 τι
2631 2903 2726 2956 καὶ
2751 2903 3024 2967 λυσιτελὲς
3057 2905 3136 2968 εἰς
3161 2904 3339 2975 ψυχῆς
3370 2901 3638 2972 ὠφέλειαν
3663 2903 3790 2966 τοῖς

2194 2993 2496 3063 χρωμένοις
2536 2995 2946 3049 ἀποδείκνυνται
2987 2983 3410 3068 παρεσχημένοι.
3442 2996 3506 3048 Τί
3539 2995 3652 3066 γὰρ
3681 2995 3788 3066 δή·-

2195 3102 2324 3138 ποτε
2381 3087 2774 3152 καταλιπόντες
2819 3089 3010 3161 ἄνδρες
3042 3089 3302 3161 ’Έλληνες
3345 3087 3442 3160 τὴν
3494 3087 3550 3154 ἐξ
3593 3087 3790 3141 αὐτῶν

2193 3177 2482 3248 ὠφέλειαν,
2523 3181 2616 3234 ἐπὶ
2657 3181 2754 3252 τὴν
2795 3181 3066 3254 βάρϐαρον
3103 3182 3410 3235 ἐστέλλοντο
3449 3181 3570 3252 γῆν,
3601 3185 3790 3252 ἐμπο-

2199 3269 2318 3339 ρίαν
2363 3270 2702 3342 μαθημάτων
2735 3271 2933 3338 έξωθέν
2973 3271 3134 3325 ποθεν
3171 3271 3560 3343 ὲρανιζόμενοι,
3601 3272 3788 3342 παρὸν

2190 3362 2531 3428 διδασκάλοις
2554 3367 2668 3429 τοῖς
2689 3365 2830 3430 θεοῖς
2862 3365 3126 3438 χρῆσθαι;
3157 3365 3304 3418 Θεῶν
3340 3365 3448 3436 γάρ
3481 3363 3514 3434 ἦ
3541 3363 3637 3416 καὶ
3655 3363 3786 3416 δαι-

2195 3456 2370 3527 μόνων
2394 3458 2613 3526 ἀγαθῶν
2647 3459 3110 3531 χρηματιζόντων,
3139 3459 3234 3511 καὶ
3267 3457 3395 3510 τοτὲ
3433 3457 3530 3526 μὲν
3553 3455 3640 3508 διὰ
3675 3456 3786 3525 τῆς

2191 3552 2554 3626 προγνώσεως
2592 3553 2684 3606 καὶ
2723 3551 2822 3622 τῆς
2871 3551 3035 3622 ἄλλης
3073 3548 3524 3621 παραδοξοποιίας
3561 3548 3658 3620 τὴν
3697 3549 3788 3602 0!-

2190 3649 2344 3706 κείαν
2379 3647 2606 3716 δύναμιν
2646 3643 3117 3714 παραφαινόντων,
3154 3641 3276 3694 τοτὲ
3299 3642 3354 3694 δὲ
3374 3641 3462 3694 διά
3495 3643 3594 3712 τῆς
3617 3642 3784 3697 ἀδια-

2193 3738 2402 3794 πτώτου
2435 3738 2544 3790 τῶν
2584 3737 2919 3808 μαθημάτων
2959 3733 3214 3806 ἀληθείας
3247 3735 3344 3804 τὴν
3369 3731 3539 3803 ἀληθῆ
3577 3734 3785 3801 σοφίαν

2190 3829 2636 3890 ὲκδιδασκόντων,
2673 3827 2723 3880 τί
2756 3827 2872 3879 ποτ’
2901 3821 2968 3896 ἦν
3002 3827 3108 3897 ἄρα
3134 3825 3196 3877 τὸ
3237 3825 3310 3895 μὴ
3343 3823 3550 3886 τούτοις
3590 3822 3782 3896 μαθη-

2189 3921 2446 3992 τευθῆναι
2486 3920 2788 3990 φιλοσόφων
2823 3919 3035 3983 παῖδας,
3071 3917 3246 3972 ἄλλων
3281 3917 3338 3970 δὲ
3379 3918 3471 3969 ἀπ’
3494 3915 3655 3970 ἄλλου
3681 3915 3783 3970 δο-

2191 4013 2416 4082 γμάτων
2448 4011 2608 4064 τινῶν
2635 4008 2873 4072 ἐπινοίας
2899 4008 3290 4081 ποριζομένων,
3325 4011 3386 4062 ὲκ
3421 4009 3518 4078 τῆς
3554 4009 3784 4080 μακρᾶς

2192 4103 2488 4172 διαφωνίας
2535 4101 2783 4165 ποικίλας
2828 4100 3070 4171 αἱρέσεις
3117 4100 3418 4169 φιλοσόφων
3469 4100 3784 4170 συστῆναι;

2206 4192 2343 4246 Ἀλλ’
2390 4195 2438 4246 εί
2481 4191 2554 4264 μὴ
2599 4195 2882 4264 προσεῖχον
2910 4191 3094 4254 αὐτοῖς
3125 4193 3176 4242 οἱ
3205 4191 3388 4244 πολλοὶ
3421 4191 3528 4244 τῶν
3565 4191 3786 4264 ἀνθρὼ-

2195 4303 2332 4350 πων,
2362 4285 2488 4349 τοὺς
2513 4283 2756 4347 εὐσεϐεῖς
2789 4284 2834 4338 δ’
2853 4280 2943 4337 οὖν
2969 4283 3065 4338 καὶ
3109 4282 3248 4346 θεοῖς
3279 4283 3600 4354 προσιόντας
3635 4283 3784 4356 χρῆν

2191 4378 2366 4450 δήπου
2399 4376 2460 4430 τὸ
2492 4375 2825 4430 ἀδιάπτωτον
2863 4376 2928 4430 ὲκ
2957 4375 3056 4450 τῆς
3081 4374 3188 4454 τῶν
3213 4373 3348 4428 θεῶν
3374 4373 3646 4443 ὡφελείας
3673 4391 3780 4427 πε-

2194 4468 2470 4540 πορίσθαι.
2511 4467 2666 4530 Τίνες
2703 4462 2796 4520 οὖν
2828 4460 3008 4532 eia-cet;
3053 4464 3147 4529 οὓς
3171 4464 3280 4536 γὰρ
3304 4464 3368 4518 ἂν
3400 4467 3526 4535 φῇς,
3551 4464 3784 4528 τούτους

515 4568 622 4630 que
667 4571 778 4610 non
818 4556 971 4621 deos,
1025 4557 1118 4614 sed
1151 4573 1350 4628 pravos
1379 4573 1443 4613 ac
1481 4559 1777 4613 sceleratos
1818 4560 2090 4616 daemones

2198 4559 2554 4632 ἀπελέγχουσι
2599 4558 2983 4630 πλανωμένους
3023 4559 3074 4610 οἱ
3126 4556 3574 4622 ἀντιδοξάζοντες.
3615 4554 3786 4608 Ἀλλά

517 4643 686 4702 fuisse
707 4647 1118 4704 demonstrem?
1143 4650 1344 4720 quippe
1363 4652 1456 4722 qui
1480 4651 1916 4708 infelicissimum
1949 4670 2096 4707 mor-

514 4734 705 4796 talium
738 4751 932 4808 genus,
969 4737 1023 4792 in
1053 4729 1423 4796 absurditates
1464 4741 1532 4794 ab
1558 4743 1705 4796 omni
1746 4749 1938 4798 natura
1965 4744 2095 4799 alie-

516 4838 618 4888 nas
648 4827 982 4896 conjecerint
1009 4848 1022 4883 :
1045 4832 1262 4900 quando
1294 4847 1362 4888 ne
1394 4831 1470 4886 dii
1496 4833 1714 4904 quidem
1745 4833 1824 4888 illi
1848 4841 2098 4906 ctvates,

516 4917 608 4986 qui
643 4917 786 5002 apud
815 4918 1036 4976 Graecos
1073 4921 1209 4975 fama
1261 4923 1629 4991 celebrantur,
1661 4934 1722 4980 ut
1753 4926 2094 4992 conducibile

515 5010 810 5082 quidquam
843 5021 895 5068 et
921 5031 1022 5069 suo
1053 5015 1224 5084 pretio
1245 5017 1649 5084 aestimandum,
1678 5020 1746 5074 ad
1767 5021 1960 5076 animae
1989 5021 2094 5076 uti-

516 5103 724 5159 litatem
761 5105 830 5160 iis
878 5106 1226 5171 tradiderint,
1257 5109 1351 5179 qui
1383 5109 1449 5164 ad
1494 5111 1716 5166 oracula
1748 5113 2090 5180 accederent,

515 5195 882 5264 demonstrari
913 5199 1164 5270 possint?
1193 5201 1305 5256 Cur
1338 5203 1483 5258 enim
1513 5219 1750 5280 unquam
1791 5203 1966 5260 Graeci
1994 5206 2094 5263 ho-

515 5289 714 5354 mines,
743 5291 933 5348 relicto
955 5291 1174 5348 illorum
1221 5311 1348 5359 usu,
1387 5296 1673 5352 barbaram
1708 5305 1910 5354 terram
1942 5307 2093 5368 pete-

511 5399 572 5440 re
609 5383 760 5446 soliti
807 5390 970 5450 sunt,
1022 5391 1082 5440 ut
1127 5395 1490 5442 mercatorum
1533 5389 1746 5464 instar,
1775 5391 2096 5464 disciplinas

512 5475 864 5531 extrinsecus
901 5477 1120 5532 aliunde
1149 5480 1554 5550 conquirerent,
1593 5497 1715 5536 cum
1753 5483 1806 5536 in
1846 5485 2095 5552 proximo

511 5575 706 5624 essent
758 5567 832 5622 dii
882 5569 1083 5639 quibus
1125 5571 1405 5642 magistris
1463 5575 1792 5629 uterentur?
1845 5573 1902 5648 Si
1949 5575 2092 5628 enim

510 5661 582 5714 dii
646 5669 738 5715 aut
786 5662 946 5718 etiam
1019 5663 1146 5717 boni
1208 5651 1484 5721 daemones
1539 5667 1996 5738 respondissent,
2042 5675 2094 5721 et

512 5752 654 5807 alias
669 5753 886 5821 quidem
915 5753 1344 5812 dirinationibus
1369 5759 1600 5828 aliisque
1623 5759 1902 5816 miraculis
1918 5767 2096 5815 osten-

588 5849 662 5921 (ί)
710 5848 868 5904 Οὐδ’.
909 5847 1070 5906 Forte
1105 5851 1225 5904 οὐκ.
1257 5849 1413 5906 Enn.

2197 4653 2326 4724 γὰρ,
2355 4653 2430 4717 ὡς
2463 4652 2628 4716 ἔοικε,
2659 4651 2928 4722 δαιμόνων
2955 4647 3024 4725 ἦν
3062 4649 3310 4722 μαντεία,
3347 4649 3508 4720 μέχρι
3540 4649 3782 4702 κλέπτου

2199 4745 2410 4818 φωρᾶς,
2439 4744 2472 4816 ἢ
2520 4743 2747 4807 σκεύους
2772 4743 3066 4808 ἀπωλείας,
3117 4743 3150 4814 ἦ
3175 4759 3320 4806 τινος
3345 4741 3502 4796 ἄλλου
3533 4739 3780 4794 τοιούτου

2198 4837 2486 4906 φθάνοντα,
2509 4831 2583 4889 ὧν
2615 4837 2716 4889 οὑκ
2747 4835 2972 4898 ἀπεικὸς
3001 4832 3068 4906 ἦν
3091 4835 3305 4898 αὐτοὺς,
3337 4835 3394 4885 ὲν
3425 4833 3502 4904 τῷ
3527 4831 3654 4902 περὶ
3673 4832 3782 4900 γῆν

2197 4928 2320 5002 ἀέρι
2353 4927 2451 4992 τὰς
2481 4927 2763 5000 διατριϐὰς
2791 4925 3166 5002 ποιουμένους,
3200 4925 3298 4997 τὴν
3319 4925 3521 4996 εἴδησιν
3543 4923 3782 4992 ἐσχηκέ-

2196 5039 2284 5076 ναι
2303 5039 2316 5052 ’
2359 5019 2522 5075 καλοῦ
2555 5020 2612 5073 δὲ
2663 5021 2754 5074 καὶ
2803 5018 2964 5090 σοφοῦ
3010 5017 3234 5089 μηδενὸς
3287 5016 3586 5088 ἐπηϐόλους
3636 5012 3782 5067 εἶναι

2196 5113 2462 5184 δόγματος
2510 5112 2818 5182 φιλοσόφου,
2879 5111 2952 5181 μὴ
2983 5109 3274 5184 πολιτείας,
3321 5109 3394 5180 μὴ
3430 5107 3590 5178 νόμου
3629 5105 3782 5177 ὀρθῷ

2197 5205 2338 5276 λόγῳ
2358 5206 2610 5276 κειμένου
2630 5223 2642 5235 ·
2669 5203 2867 5274 μᾶλλον
2895 5203 2971 5268 δὲ,
2995 5203 3042 5255 εί
3069 5200 3460 5274 χρηὲλευθέρᾳ
3491 5201 3642 5270 φωνῇ
3675 5199 3774 5251 τά-

2197 5299 2357 5370 ληθὲς
2391 5301 2586 5362 είπεῖν,
2622 5298 2842 5360 τούτους
2873 5295 3117 5372 ἅπαντας
3141 5295 3482 5370 ἀρχεκάκους
3519 5291 3768 5364 ἡγεῖσθαι

2197 5393 2332 5464 Ζρῆν
2353 5391 2664 5462 γεγονέναι·
2688 5391 2738 5443 οἱ
2771 5389 2833 5460 δὴ
2865 5388 2992 5460 περὶ
3015 5386 3163 5457 σφῶν
3191 5386 3388 5451 αὐτῶν,
3415 5385 3658 5455 μοιχείας
3679 5385 3778 5437 καὶ

2197 5481 2597 5556 ἀρῤενομιξίας,
2656 5479 3036 5550 μητρογαμίας
3087 5493 3167 5541 τε,
3213 5475 3309 5536 καὶ,
3347 5473 3585 5542 ἀδελφῶν
3616 5470 3778 5524 ἐκθέ-

2199 5595 2369 5650 σμους
2399 5573 2699 5637 κοινωνίας,
2727 5571 2819 5624 καὶ
2845 5569 3042 5641 μυρίας
3061 5569 3224 5644 ἄλλας
3249 5565 3560 5637 θεομαχίας,
3579 5563 3778 5634 ἔχθρας

2197 5688 2254 5723 τε
2313 5671 2404 5724 καὶ
2459 5667 2726 5738 πολέμους
2783 5665 2919 5718 θεῶν
2970 5664 3106 5736 πρὸς
3156 5659 3329 5724 θεοὺς,
3374 5657 3674 5729 ἀνθρώπων
3715 5673 3774 5709 τε

2197 5761 2362 5834 ᾠδαῖς
2413 5763 2504 5814 καὶ
2555 5759 2743 5832 ὕμνοις
2787 5759 2878 5812 καὶ
2922 5757 3236 5828 διηγήμασι,
3277 5751 3588 5824 μυστηρίων
3621 5766 3682 5802 τε
3717 5751 3774 5818 ἐν
