3954 6510
193 441 284 497 3-H

1073 434 1722 493 DEMONSTRATIONIS
1761 432 2213 490 EVANGELICJE
2254 431 2380 490 LIB.
2419 435 2484 493 ν.

3331 441 3436 498 349.

189 559 514 630 (imper,ng
578 559 814 623 τελεταῖς
867 559 1127 629 λεγόντων
1182 560 1536 631 ἀκροώμενοι.
1582 559 1753 621 Οὐδεὶς

1869 559 2078 639 ᾶίεεερῐ
2118 559 2225 618 vim
2264 575 2449 626 suam,
2492 556 2627 612 alias
2663 573 2791 613 vero
2817 574 2882 614 ex
2917 560 3190 615 constanti
3243 569 3296 615 ct
3341 578 3438 618 uc-

189 651 303 719 γοῦν
337 649 526 702 αὐτῶν
556 650 774 704 πώποτε
801 653 892 704 ἐπὶ
919 654 1030 713 τοῖς
1060 651 1386 722 εἰρημένοις,
1421 651 1495 712 ὼς
1521 650 1605 701 ἐπ’
1635 651 1760 702 ἁκο-

186 744 408 804 λάστοις,
467 745 572 796 καὶ
627 743 761 814 μηδὲ
810 742 1080 814 σώφροσιν
1129 741 1432 812 ἀνθρώποις
1465 739 1759 811 ἁρμόζουσι

188 832 389 904 φρονεῖν
423 831 458 902 ἢ
495 831 682 900 λέγειν
713 832 781 886 τὰ
806 832 1046 895 τοιαῦτα,
1082 833 1466 901 ἀγανακτήσας
1494 832 1754 899 φαίνεται.

188 927 281 979 Καὶ
311 926 363 977 τί
390 941 462 995 με
495 926 611 998 χρὴ
638 925 1015 989 διατείνεσθαι,
1050 926 1221 997 παρὸν
1247 925 1304 989 ἐξ
1331 925 1450 988 ἑνὸς
1482 924 1574 977 τοῦ
1607 925 1759 994 μεγί-

191 1034 298 1068 στου
327 1016 781 1087 παραδείγματος
823 1017 883 1069 τὸ
933 1018 1076 1086 ὠμὸν
1114 1017 1206 1070 καὶ
1241 1016 1620 1092 ἀπάνθρωπον,
1665 1015 1758 1068 καὶ

188 1108 250 1168 ὡς
270 1106 486 1176 ἀληθῶς
521 1108 851 1178 μιαρὸν-τῶν
883 1106 1222 1179 δηλουμένων
1251 1111 1508 1179 συνορᾷν;
1535 1107 1676 1175 λέγω
1700 1107 1755 1159 δὲ

188 1199 241 1249 ἐκ
283 1196 380 1266 τῆς
423 1197 904 1269 ἀνθρωποθυσίας.
960 1199 1032 1251 Τὸ
1084 1197 1191 1270 γὰρ
1235 1199 1307 1270 μὴ
1356 1199 1513 1270 μόνον
1550 1199 1755 1268 ἀλόγων

187 1287 322 1350 ζώων
378 1291 631 1356 σφαγαῖς
685 1290 915 1360 χαίρειν,
970 1289 1105 1348 ἀλλὰ
1155 1291 1248 1344 καὶ
1306 1291 1606 1361 ἀνθρώπων
1652 1292 1757 1343 ἀπ-

185 1379 401 1444 ωλείαις,
418 1379 586 1443 ποίας
599 1380 879 1452 ὠμότητος
895 1381 1195 1453 ὑπερϐολὴν
1220 1383 1315 1452 οὐχ
1331 1383 1751 1454 ὑπερηκόντισες

182 1473 334 1524 ταῦτα
378 1473 493 1543 γὰρ
539 1470 633 1545 ἦν,
663 1473 738 1536 ὡς
770 1473 925 1545 ἔφην,
951 1473 1017 1526 τὰ
1050 1473 1138 1527 διὰ
1173 1475 1270 1546 τῆς
1297 1476 1754 1545 προπαρασκευῆς

184 1562 232 1628 ἐξ
248 1562 417 1615 αὐτῶν
451 1562 572 1616 τῶν
613 1561 936 1632 Ἑλληνικῶν
966 1560 1262 1630 φιλοσόφων
1296 1578 1352 1612 τε
1385 1562 1478 1614 καὶ
1513 1577 1751 1630 συγγρα-

184 1650 309 1717 φέων
348 1650 863 1721 μεμαρτυρημένα·
902 1648 960 1714 ἐξ
994 1643 1068 1704 ὧν
1106 1651 1200 1702 καὶ
1238 1650 1470 1721 μάλιστα
1503 1651 1752 1720 δαίμονες

181 1743 312 1805 δντες
338 1745 579 1814 πονηροὶ
627 1743 981 1807 πολυπλόκοις
1024 1746 1308 1815 μηχαναῖς,
1347 1743 1464 1796 τοτὲ
1504 1743 1599 1814 μὲν
1631 1747 1751 1809 ταῖς

183 1835 259 1886 διὰ
289 1835 587 1904 μαντειῶν,
623 1837 743 1888 τοτὲ
769 1836 825 1889 δὲ
851 1840 970 1899 ταῖς
995 1836 1059 1889 δι’
1080 1836 1282 1889 οἰωνῶν
1313 1836 1344 1908 ἢ
1384 1837 1685 1907 συμϐόλων,
1716 1838 1748 1908 ἢ

1867 655 2101 708 cessaria
2148 652 2559 721 disciplinarum
2591 649 2836 710 veritate.
2891 667 3074 706 veram
3120 652 3434 708 docuissent

1868 743 2220 811 sapientiam,
2272 743 2400 812 quid
2451 739 2667 794 tandem
2714 741 3099 811 impedimento
3143 742 3334 798 fuisset
3369 761 3434 798 ne

1867 834 1934 888 ab
1980 834 2087 888 illis
2129 835 2575 904 philosophorum
2621 833 2713 887 lilii
2761 833 3211 896 instituerenmr,
3258 842 3316 888 ιιι
3360 836 3432 888 ita

1867 925 1973 979 illis
2021 925 2318 987 institutis,
2366 940 2631 994 nusquam
2672 924 2789 978 alia:
2837 925 2904 978 ab
2944 926 3065 980 aliis
3105 927 3391 995 opiniones
3416 967 3430 991 ,

1866 1015 1982 1068 alia:
2031 1017 2344 1076 sententiae.
2393 1016 2497 1069 alia
2552 1013 2768 1070 decreta
2829 1014 3213 1078 traderentur,
3259 1031 3434 1085 neque

1863 1121 1990 1162 vero
2030 1122 2097 1161 ex
2153 1107 2312 1176 longa
2361 1105 2711 1170 diversitate,
2765 1106 2928 1159 varim
2985 1106 3432 1176 philosophorum

1864 1208 2027 1253 secta:
2074 1199 2469 1252 nascerentur?
2514 1198 2666 1262 Quod
2725 1198 2768 1251 si
2816 1198 2937 1250 illos
2987 1198 3265 1267 popularis
3318 1205 3435 1252 tur-

1863 1289 1929 1343 ba
1974 1305 2080 1343 non
2122 1289 2474 1351 attendebat,
2531 1297 2584 1342 at
2642 1289 2834 1342 saltem
2898 1289 3004 1358 piis
3060 1290 3435 1360 religiosisque

1862 1375 2193 1442 hominibus,
2227 1377 2319 1446 qui
2345 1377 2466 1430 illos
2490 1375 2858 1438 consulerent,
2885 1385 3224 1430 constantem
3249 1393 3436 1448 quam-

1859 1469 1984 1522 dam
2014 1469 2316 1522 doctrinam
2337 1511 2350 1535 ,
2382 1468 2644 1523 beneﬁcio
2675 1468 2889 1521 illorum
2925 1467 3258 1537 suppeditari
3279 1486 3437 1540 opor-

1861 1559 2024 1614 tebat.
2057 1561 2218 1632 206
2249 1559 2349 1614 Sed
2380 1561 2469 1631 qui
2505 1569 2633 1615 sunt
2653 1559 2704 1612 hi
2731 1559 2986 1613 tandem?
3010 1575 3132 1614 nam
3161 1577 3437 1630 quoscun-

1857 1667 1964 1722 que
1993 1653 2200 1707 dixeris
2238 1654 2397 1718 tales.
2433 1669 2526 1707 eos
2563 1661 2621 1706 ut
2656 1663 2903 1709 errantes
2943 1654 3279 1724 redarguunt
3307 1656 3434 1725 qui~

1858 1759 2076 1814 cunque
2103 1743 2317 1800 diversa
2353 1754 2447 1798 aut
2477 1747 2751 1800 contraria
2783 1747 3042 1802 sentiunt.
3079 1746 3345 1803 Caeterum
3375 1756 3434 1802 ut

1857 1852 1956 1906 par
2005 1843 2108 1899 est,
2157 1835 2460 1890 dannonum
2506 1845 2662 1891 erant
2711 1839 2964 1904 oracula,
2999 1854 3118 1909 quae
3150 1854 3322 1911 usque
3365 1839 3432 1894 ad

184 1924 439 1995 θυμάτων,
477 1926 514 1996 ἢ
574 1927 682 1980 τῶν
736 1928 1155 1998 παραπλησίων,
1183 1928 1243 1981 τὸ
1275 1927 1608 1998 ἀνθρώπειον
1640 1928 1753 1982 δια-

1860 1927 1994 1982 l‘uris
2054 1927 2517 1996 compilationem,
2579 1940 2670 1983 aut
2717 1929 3069 1999 supellectilis
3125 1930 3429 1994 interitum,

187 2017 489 2088 στρέφοντες
517 2019 681 2088 γένος
711 2021 1033 2074 δείκνυνται.
1067 2021 1264 2091 Διόπερ
1296 2021 1634 2090 ἀποφαντέον
1667 2022 1754 2074 αὐ-

183 2108 274 2161 τῶν
306 2108 369 2161 τὰ
408 2111 731 2181 χρηστήρια
792 2111 865 2181 μὴ
910 2109 1004 2162 τοῦ
1058 2111 1149 2162 ἐπὶ
1197 2109 1413 2162 πάντων
1469 2111 1750 2178 γεγονέναι

185 2199 319 2252 Θεοῦ.
381 2200 604 2254 Οὐκοῦν
663 2201 783 2254 οὐδὲ
834 2201 1141 2273 συγκρίνειν
1175 2201 1315 2254 αὐτὰ
1341 2204 1450 2264 τοῖς
1488 2202 1750 2274 Ἐϐραίων

185 2293 467 2362 προφήταις
502 2292 727 2364 θεμιτὸν
774 2294 838 2346 ἂν
875 2292 981 2363 εἴη,
1009 2286 1082 2346 ὧν
1115 2295 1142 2346 ὁ
1183 2294 1395 2365 πρῶτος
1430 2293 1750 2363 ἱεροφάντης

185 2384 262 2435 καὶ
287 2383 535 2453 θεολόγος
575 2385 811 2454 γεγονὼς
844 2386 1064 2456 Μωσῆς,
1108 2386 1204 2439 θέα
1247 2386 1384 2439 ὅσων
1420 2383 1640 2453 ἀγαθῶν
1669 2384 1748 2456 τῷ

185 2473 267 2546 βίῳ
296 2476 590 2546 παραίτιος
616 2477 875 2546 κατέστη.

1858 2027 1950 2071 aut
1991 2017 2135 2071 aliud
2171 2018 2448 2088 quidpiam
2479 2020 2720 2090 ejusdem
2751 2022 2966 2092 generis
2998 2022 3104 2075 vim
3137 2038 3290 2077 suam
3316 2038 3436 2092 por—

1855 2111 2114 2180 rigercnt,
2147 2126 2380 2180 quarum
2408 2127 2541 2168 sane
2579 2127 2764 2168 rerum
2799 2113 2941 2167 haud
2989 2114 3309 2170 incredibile
3350 2125 3435 2170 est

1856 2202 1998 2262 illos,
2038 2209 2224 2272 utpote
2257 2203 2348 2272 qui
2402 2205 2456 2257 in
2492 2205 2592 2258 hoc
2619 2222 2744 2261 aere
2774 2205 2863 2274 qui
2899 2215 3098 2260 terram
3127 2209 3314 2272 ambit,
3338 2224 3434 2261 va-

1855 2293 1970 2361 gari
2006 2294 2409 2358 consueverint,
2440 2294 2697 2350 habuisse
2731 2299 3042 2364 scientiam;
3072 2299 3315 2354 honesta:
3337 2315 3434 2352 au-

1851 2391 1960 2450 tem
1992 2395 2188 2438 etcum
2228 2386 2492 2455 sapientia
2529 2387 2836 2460 conjuncta:
2858 2390 2957 2453 rei,
2987 2391 3101 2444 sive
3152 2391 3434 2445 sententia:

1853 2482 2015 2546 atque
2056 2476 2191 2530 artis
2241 2476 2554 2534 inventores
2590 2478 2781 2543 fuisse,
2830 2496 3108 2549 nunquam
3143 2480 3430 2548 ostendes;

186 2588 275 2626 non
304 2574 648 2643 reipublicze,
683 2588 791 2626 non
835 2573 969 2638 legis
1002 2580 1202 2627 arecta
1264 2571 1472 2626 ratione
1534 2569 1810 2642 profectae,
1845 2587 1953 2625 non
2015 2571 2249 2624 instituti
2305 2572 2609 2643 cujuspiam
2663 2574 2952 2630 laudabilis
2991 2617 3004 2640 ,
3064 2575 3173 2629 imo
3203 2591 3330 2630 vero
3385 2577 3430 2631 si

185 2665 440 2734 aliquanto
499 2665 738 2720 liberius
795 2665 976 2719 dicere
1020 2671 1274 2734 oportet,
1329 2663 1452 2718 illos
1502 2663 1744 2717 omnium
1786 2663 2050 2717 malorum
2099 2674 2349 2720 auctores
2393 2673 2447 2719 ct
2508 2667 2784 2735 principes
2848 2666 3120 2720 exstitisse
3161 2667 3431 2722 allirmare

186 2773 385 2814 necesse
443 2768 535 2814 est
609 2777 623 2812 :
685 2757 788 2828 qui
815 2757 881 2812 de
923 2758 1120 2827 seipsis
1164 2757 1466 2822 adulteria,
1507 2765 1560 2812 et
1599 2755 1904 2826 impudicos
1964 2758 2198 2812 marium
2253 2760 2498 2823 abusus,
2549 2746 2775 2815 etcum
2826 2761 3092 2815 matribus
3169 2770 3219 2816 et
3275 2776 3431 2816 soro-

187 2855 315 2909 ribus
357 2854 626 2925 nuptias,
682 2852 1117 2922 concubitusque
1156 2850 1433 2917 nefarios,
1498 2856 1551 2905 et
1615 2850 1720 2903 alia
1771 2850 2189 2906 innumerabilia
2222 2869 2342 2923 quae
2375 2853 2600 2908 deorum
2641 2862 2852 2909 naturze
2903 2855 3282 2918 adversantur,
3319 2856 3429 2910 iui-

187 2945 514 3017 micitiasque
549 2953 603 3003 et
623 2945 762 3000 bella
784 2943 1008 2998 deorum
1059 2942 1322 2997 adversus
1359 2941 1510 3006 deos,
1546 2941 1602 2994 in
1652 2941 1894 3010 ipsorum
1954 2941 2234 2997 hominum
2297 2945 2527 3000 canticis
2581 2954 2744 3016 atque
2773 2946 2990 3018 hymnis
3019 2956 3073 3002 et
3110 2948 3431 3002 narrationi'

187 3044 273 3099 bus
294 3051 344 3099 et
373 3059 670 3100 sacrorum
703 3042 920 3098 arcanis
949 3042 1170 3105 ritibus,
1207 3040 1335 3095 ferri
1381 3055 1491 3095 non
1517 3047 1857 3102 recusarent,
1897 3053 1961 3093 ac
2001 3042 2182 3110 potius
2215 3043 2574 3098 libentissime
2617 3043 2887 3098 audirent.
2939 3043 3100 3098 Certe
3149 3059 3427 3114 nunquam

187 3153 349 3192 eorum
387 3140 693 3212 quisquam
744 3154 804 3193 se
853 3145 1045 3192 contra
1091 3137 1340 3192 homines
1386 3135 1756 3206 indignatione
1786 3144 2097 3204 correptum
2132 3137 2395 3200 ostendit,
2429 3137 2573 3208 quod
2607 3137 2790 3208 qualia
2834 3137 2978 3191 dicta
3010 3151 3038 3190 a
3073 3137 3232 3193 nobis
3277 3144 3427 3202 sunt,

189 3234 295 3286 talia
328 3235 459 3304 ipsis
490 3242 595 3289 aut
629 3232 948 3305 cogitando,
1000 3240 1096 3286 aut
1139 3231 1369 3287 dicendo
1401 3232 1558 3302 quasi
1617 3229 1862 3300 nequitia
1914 3232 2095 3300 plena,
2155 3249 2334 3304 neque
2398 3234 2508 3287 ulla
2547 3233 2812 3288 modestia
2856 3231 3054 3288 referta
3099 3233 3428 3287 tribuerunt.

189 3325 244 3380 Et
269 3330 388 3400 quid
422 3346 518 3385 me
550 3335 766 3399 oportet
793 3327 1041 3384 oratione
1073 3328 1325 3398 progredi
1349 3327 1602 3399 longius?
1656 3341 1780 3380 cum
1816 3325 1974 3395 plane
2026 3327 2092 3383 de
2125 3345 2236 3384 uno
2268 3328 2512 3384 omnium
2549 3329 2919 3398 exemplorum
2979 3326 3240 3390 maximo,
3271 3328 3426 3382 liccat

191 3426 235 3472 et
262 3419 639 3477 crudelitatem
679 3427 734 3475 et
759 3417 1151 3474 immanitatem
1195 3425 1250 3472 et
1291 3424 1490 3472 tetrum
1553 3431 1615 3471 re
1670 3433 1798 3473 vera
1833 3420 2142 3477 institutum
2194 3419 2410 3473 illorum
2457 3419 2688 3472 intueri?
2721 3418 2842 3474 dico
2875 3425 3055 3473 autem
3081 3416 3150 3473 de
3181 3427 3432 3471 mactan-

192 3511 356 3566 dorum
383 3513 686 3568 hominum
735 3513 866 3569 ritu.
917 3510 1071 3578 Quod
1129 3511 1271 3567 enim
1324 3528 1435 3566 non
1487 3511 1662 3566 solum
1720 3513 2005 3570 brutorum
2064 3513 2380 3568 animalium
2456 3511 2740 3567 sacriﬁciis
2807 3512 3148 3583 gauderent,
3235 3526 3424 3566 verum

193 3604 327 3658 etiam
358 3605 649 3661 hominum
700 3607 943 3678 ipsorum
993 3607 1236 3670 interitu,
1270 3605 1430 3675 cujus
1486 3606 1705 3661 tandem
1763 3609 2104 3664 crudelitatis
2163 3621 2449 3662 excessum
2509 3622 2618 3659 non
2669 3604 3060 3674 superaverit?
3115 3602 3239 3658 Ηωο
3285 3603 3430 3658 enim

191 3705 343 3765 erant,
376 3706 434 3752 ut
470 3699 616 3762 dixi,
651 3714 772 3769 quae
812 3700 866 3753 in
917 3699 1311 3769 praeparatione
1371 3707 1425 3754 et
1467 3698 1775 3770 philoSophi
1814 3707 1866 3755 et
1921 3699 2167 3754 historici
2226 3698 2367 3769 apud
2403 3697 2619 3753 Graecos
2651 3697 2930 3764 meritoria:
2965 3696 3299 3768 prodiderint
3326 3715 3338 3750 :
3365 3712 3431 3752 ex

195 3792 365 3860 quibus
399 3797 648 3852 maxime
693 3810 854 3865 quam
910 3795 1205 3864 perniciosi
1262 3795 1373 3849 sint
1431 3795 1742 3861 daemones,
1783 3811 2056 3866 quantque
2106 3793 2500 3864 multiplicibus
2543 3793 2832 3858 machinis,
2886 3793 3047 3846 modo
3067 3793 3283 3863 quidem
3308 3808 3433 3847 ora-

195 3887 369 3953 culum,
405 3890 578 3946 modo
611 3891 1156 3962 veroauspiciorum,
1189 3899 1282 3945 aut
1316 3893 1616 3963 signorum,
1652 3900 1746 3946 aut
1779 3892 2116 3957 hostiarum,
2158 3891 2513 3952 autaliorum
2559 3890 2836 3955 similium,
2885 3889 3166 3944 hominum
3213 3905 3432 3960 perver-

197 3988 294 4035 tant
350 3993 520 4056 atque
581 3986 860 4056 implicent
921 4003 1133 4058 genus,
1210 3987 1746 4043 demonstrabantur.
1787 3987 1967 4055 Quare
2017 3987 2430 4050 allirmandum,
2481 3986 2696 4041 illorum
2755 3987 3034 4044 oraculum
3089 4001 3431 4056 nequaquam

196 4085 479 4143 supremum
518 4077 686 4134 Deum
719 4089 994 4136 auctorem
1024 4080 1304 4137 habuisse.
1340 4081 1524 4154 Neque
1577 4084 1743 4154 igitur
1774 4083 1866 4137 illa
1929 4084 2210 4154 prophetis
2265 4081 2616 4137 Hebraeorum
2681 4096 3000 4151 comparare
3033 4080 3114 4139 fas
3149 4088 3254 4146 est,
3295 4095 3432 4150 quo-

198 4183 297 4223 rum
337 4176 576 4243 primus.
602 4175 848 4241 initiator
890 4191 954 4231 ac
992 4177 1278 4248 theologus
1334 4180 1544 4234 exstitit
1607 4179 1803 4234 Moses.
1844 4179 1969 4244 Qui,
2008 4179 2226 4250 quidem
2279 4185 2609 4247 quantorum
2659 4176 3010 4246 qualiumque
3053 4175 3322 4230 bonorum
3377 4173 3434 4228 in

198 4263 286 4318 vita
309 4280 497 4326 auctor
523 4269 707 4335 fuerit,
727 4271 838 4341 jam
866 4271 994 4326 hinc
1015 4271 1174 4327 facile
1195 4273 1550 4343 contemplari
1581 4282 1754 4344 potes.

254 4379 458 4451 Πρῶτον
479 4385 580 4454 μὲν
599 4385 882 4466 δογμάτων
897 4386 1265 4455 εὐαγγελικῶν
1282 4389 1372 4441 καὶ
1389 4387 1604 4460 ἀληθῶν
1622 4390 1748 4462 περὶ

1921 4389 2084 4460 207'
2095 4389 2336 4445 Primum
2357 4390 2675 4456 sententias,
2691 4388 3082 4459 opinionesque
3093 4385 3430 4455 evangelica:

199 4469 274 4522 τοῦ
297 4475 517 4546 ποιητοῦ
546 4477 640 4528 καὶ
659 4476 991 4548 δημιουργοῦ
1017 4479 1124 4532 τῶν
1153 4479 1408 4534 ἁπάντων
1437 4479 1594 4545 Θεοῦ,
1619 4473 1745 4554 περί

1860 4495 1915 4536 ac
1942 4495 2100 4535 veras
2155 4480 2401 4550 protulit,
2431 4479 2498 4534 de
2527 4479 2979 4534 omnium-rerum
3011 4482 3233 4530 auctore
3265 4484 3430 4544 atque

199 4576 246 4610 τε
267 4563 350 4615 τοῦ
372 4565 633 4637 δευτέρου
667 4568 840 4619 αίτίου
885 4567 992 4622 τῶν
1048 4571 1164 4646 μετ’
1199 4571 1359 4629 αὐτὸν
1390 4571 1621 4640 λογικῶν
1653 4573 1748 4627 καὶ

1860 4571 2043 4643 opiﬁce
2069 4570 2209 4638 Deo;
2251 4579 2366 4624 tum
2392 4572 2459 4626 de
2485 4570 2727 4641 ejusdem
2752 4566 2924 4635 Filio,
2967 4566 3317 4622 rationalium
3347 4564 3434 4618 in-

201 4654 372 4723 νοερῶν
394 4657 618 4720 οὐσιῶν,
651 4659 778 4728 περί
811 4675 869 4711 τε
900 4661 1259 4730 κοσμογονίας
1283 4663 1376 4715 καὶ
1402 4662 1749 4736 ἀνθρωπογο-

1860 4665 2323 4734 telligentiumque
2362 4670 2682 4718 naturarum
2711 4670 2954 4722 auctore,
2983 4673 3170 4715 earum
3199 4657 3390 4728 utique
3415 4696 3430 4721 ,

204 4745 299 4807 νίας
321 4748 539 4819 Γραερὴν
585 4749 737 4819 ἱερὰν
783 4749 1065 4815 ἐξέδωκεν,
1116 4750 1196 4804 ἔτι
1225 4769 1286 4804 τε
1337 4752 1444 4806 τῶν
1482 4752 1748 4806 θεοσεϐῶν

1860 4774 1970 4829 qua:
2001 4767 2124 4828 post
2170 4758 2348 4829 ipsum
2411 4757 2676 4813 exsistere
2726 4755 3143 4825 intelliguntur:
3189 4752 3317 4805 item
3366 4749 3434 4806 de

205 4834 410 4909 ἱστορίας
437 4841 548 4893 τῶν
582 4840 748 4894 πάλαι
775 4841 1035 4911 θεοφιλῶν
1075 4842 1362 4914 Ἐϐραίων,
1389 4845 1576 4916 ῶσπερ
1597 4844 1749 4908 τινὰς

1860 4851 2038 4904 mundi
2093 4859 2256 4920 atque
2301 4851 2539 4905 hominis
2584 4851 2896 4912 creatione,
2954 4846 3294 4916 Scripturam
3345 4857 3435 4897 sa-

203 4927 380 4998 ὰρετῶν
429 4933 647 4997 εἰκόνας
711 4934 1238 5004 ὑποτυπωσάμενος,
1287 4939 1366 4998 είς
1425 4935 1585 5006 ζῆλον
1641 4937 1750 4990 τῶν

1860 4957 1999 4995 cram
2029 4943 2272 4996 exaravit
2319 4950 2481 5011 atque
2541 4941 2731 4996 edidit.
2766 4939 3034 4994 Praeterea
3082 4950 3207 4991 cum
3261 4934 3436 4988 histo-

204 5017 391 5084 ἀγαθῶν
418 5023 630 5096 ἀνδρῶν
655 5025 782 5088 τοὺς
808 5026 1081 5096 ὑπηκόους
1115 5027 1400 5096 ἀνεκίνησε
1420 5044 1432 5056 °
1467 5029 1560 5079 καὶ
1589 5043 1750 5098 νομο-

1860 5032 1963 5087 rias
1991 5033 2370 5102 religiosorum
2418 5034 2700 5088 hominum
2727 5071 2742 5095 ,
2775 5039 2828 5085 et
2860 5030 2953 5100 qui
2999 5028 3128 5082 olim
3156 5024 3265 5078 Deo
3294 5022 3434 5092 grati

206 5107 360 5178 θεσίας
407 5116 596 5168 ἐνθέου
629 5117 722 5169 καὶ
766 5117 1100 5189 καταλλήλου
1134 5121 1243 5181 τοῖς
1297 5118 1417 5171 τότε
1449 5118 1750 5190 χρωμένοις

1860 5121 1994 5190 apud
2046 5120 2302 5176 Hebraeos
2343 5122 2615 5185 vixerint,
2656 5120 2812 5190 quasi
2867 5117 3111 5189 quaedam
3173 5112 3434 5165 virtutum

206 5206 352 5270 φωτὸς
396 5209 680 5280 ἀπήρξατο
731 5209 937 5278 λόγωνο
982 5213 1073 5264 καί
1119 5211 1412 5283 θρησκείας
1463 5210 1749 5274 θεοσεϐοῦς

1860 5212 2181 5280 exemplaria
2217 5214 2588 5281 expresserit,
2658 5227 2754 5266 eos
2785 5210 2875 5280 qui
2923 5209 3028 5262 sibi
3076 5202 3303 5257 dictanti
3337 5217 3436 5272 pa.

207 5289 413 5361 πέφηνεν
463 5296 829 5364 εἰσαγωγεύς·
875 5300 968 5352 καὶ
1019 5301 1111 5352 ἐπὶ
1166 5302 1302 5354 πᾶσι
1351 5300 1457 5353 τῶν
1520 5305 1751 5373 μακροῖς

1860 5313 2069 5367 rerent,
2119 5305 2186 5358 ad
2227 5304 2583 5359 imitationem
2615 5305 2858 5357 virorum
2916 5302 3182 5355 bonorum
3219 5295 3434 5349 excita-

208 5377 400 5454 ὕστερον
437 5388 652 5458 χρόνοις
685 5387 900 5442 ἔσεσθαι
948 5389 1244 5461 μελλόντων
1287 5391 1385 5455 τὰς
1419 5393 1751 5464 προρρήσεις

1860 5395 1950 5449 vit.
1990 5393 2116 5464 Legi
2151 5410 2280 5449 vero
2303 5395 2522 5459 divinae,
2552 5403 2715 5466 atque
2761 5392 2829 5446 iis
2857 5390 2948 5462 qui
2987 5397 3119 5444 tunc
3149 5393 3436 5442 uterentur

208 5473 624 5551 ἀναπεφώνηκεν,
645 5483 721 5546 ὼς
751 5485 942 5556 μικρὸν
969 5484 1193 5557 ὕστερον
1223 5487 1748 5558 μνημονευθήσεται.

1860 5482 2296 5549 accommodatas,
2328 5485 2538 5553 primus
2567 5481 2834 5536 orationis
2881 5478 3228 5548 splendorem
3277 5476 3433 5532 adhi-

211 5566 300 5619 Καὶ
329 5572 560 5637 τοιοῦτος
598 5575 697 5644 μὲν
743 5568 928 5640 οὗτοςο
963 5577 1102 5630 κατὰ
1145 5577 1216 5631 τὰ
1271 5579 1412 5632 αὐτὰ
1459 5580 1516 5634 δὲ
1572 5581 1665 5633 καὶ
1703 5583 1752 5633 oi

1860 5576 1971 5628 buit
1997 5574 2478 5643 adorationemque
2509 5574 2817 5644 religiosam
2856 5586 2920 5625 ac
2957 5585 3143 5624 veram
3178 5568 3434 5624 introdu-

216 5663 308 5723 μετ’
334 5665 486 5720 αὑτὸν
530 5667 805 5737 προφῆται
863 5669 1138 5741 πάρεργον
1198 5671 1328 5741 μὲν,
1372 5673 1525 5725 εῐπου
1550 5689 1602 5724 τι
1643 5671 1751 5725 τῶν

1860 5667 1952 5721 xit.
1979 5666 2262 5721 Postremo
2296 5666 2383 5728 iis,
2413 5667 2504 5736 qui
2537 5677 2658 5736 post
2689 5679 2747 5720 se
2781 5664 2967 5720 multis
3001 5663 3218 5717 saeculis
3264 5662 3432 5716 futuri

213 5750 470 5827 ὲἲημέρων
505 5758 767 5828 ἐζητεῖτο,
809 5760 1080 5815 καὶτοῦτο
1114 5761 1408 5833 προῦλεγον
1458 5766 1570 5827 τοῖς
1611 5765 1748 5834 ἐρω-

1861 5770 2036 5824 erant,
2083 5760 2459 5831 praedictiones
2500 5759 2833 5822 enuntiavit,
2871 5758 3013 5814 sicut
3047 5757 3209 5827 paulo
3244 5763 3364 5825 post
3404 5769 3433 5806 a

215 5838 348 5895 vilior
392 5847 447 5900 τδ
495 5848 554 5902 δὲ
588 5847 877 5918 κεφάλαιον
927 5851 1024 5922 τῆς
1071 5854 1402 5924 προφητείας
1436 5855 1614 5917 αὐτοῖς
1660 5855 1750 5907 ἐπὶ

1862 5855 2019 5910 nobis
2077 5856 2635 5912 commemorabitttr:
2675 5861 2725 5910 et
2775 5854 2861 5910 hic
2892 5852 3112 5920 quidem
3158 5851 3302 5907 talis.
3352 5847 3432 5901 Ad
