3954 6536
509 367 616 422 543

1079 367 1352 426 Ευεειιιι
1382 365 1858 424 ΕΞΞΑΒΙΕΝΞΙΞ
1897 367 2048 424 ΟΡΡ.
2089 369 2292 424 PARS.
2331 367 2396 422 ιι.
2437 397 2506 412 --
2537 366 3043 424 APOLOGETICA.

3655 371 3764 428 3M

511 480 760 534 eumdem
785 493 918 534 vero
947 475 1166 535 modum
1189 480 1352 536 etiam
1375 480 1652 550 prophetia
1673 483 1764 551 qui
1792 489 1914 550 post
1931 481 2058 534 illun

2191 479 2444 550 μεγάλοις
2499 479 2850 532 συνετελεῖτο.
2885 479 2960 532 Οὐ
2991 480 3100 550 γάρ
3132 481 3224 532 ἐπὶ
3263 483 3492 553 μαντεία
3526 483 3640 536 τῶν
3667 486 3766 553 ἑφ-

507 575 857 629 exstiterunt.
921 575 1188 629 Cancrum
1232 581 1393 628 extra
1439 577 1774 644 propos'tum
1803 575 2080 628 existime-

507 673 617 731 tur,
646 665 823 720 sicubi
853 681 1041 720 eorum
1075 665 1350 734 quidpiam
1393 681 1512 734 qua:
1537 667 1591 720 in
1613 665 1756 720 diem
1793 669 1962 737 quaeri
1988 683 2080 721 so—

507 753 636 818 lent,
675 753 779 822 ipsi
813 752 1222 823 respondissent
1251 753 1686 811 sciscitantibus.
1727 753 1950 809 Summa
1976 773 2078 810 au-

501 853 610 900 tem
649 845 826 898 omnis
855 845 1068 899 illorum
1099 847 1398 916 prophetiae
1419 846 1473 899 in
1511 847 1674 902 rebus
1705 849 1917 918 magnis
1947 864 2076 902 con-

501 939 838 992 sumebatur.
873 937 988 992 Non
1025 939 1170 992 enim
1205 939 1260 992 in
1287 939 1622 994 divinatione
1647 955 1828 992 rerum
1868 956 1990 1010 qua:
2023 940 2078 994 in

499 1029 640 1082 diem
686 1031 862 1084 autin
897 1047 1137 1100 prmsens
1186 1039 1399 1102 tempus
1441 1041 1843 1102 quaererentur,
1901 1047 2078 1102 neque

497 1123 682 1190 parvis
713 1129 806 1176 aut
839 1123 1138 1177 humilibus
1191 1123 1424 1192 negotiis
1477 1138 1671 1186 suum,
1719 1125 1862 1193 quod
1900 1139 1930 1176 a
1967 1123 2077 1181 Deo

499 1221 842 1282 acceperant,
885 1231 1104 1278 munus,
1137 1215 1358 1286 dignum
1413 1217 1694 1283 putabant.
1756 1216 1860 1271 Sed
1913 1234 2076 1288 super

496 1307 642 1360 omni
669 1322 868 1378 genere
890 1307 1172 1361 hominum
1221 1307 1392 1360 divini
1443 1307 1498 1360 in
1546 1309 1652 1363 illis
1686 1307 1922 1378 Spiritus
1953 1309 2076 1364 illn-

496 1401 690 1456 stratio
718 1401 908 1470 ingens
937 1401 1181 1468 amplexa
1231 1408 1350 1454 erat
1377 1409 1756 1469 argumentum
1781 1442 1796 1464 ,
1843 1418 1949 1456 non
1983 1403 2073 1456 illa

493 1493 712 1562 quidem
745 1499 803 1545 ut
853 1491 919 1545 de
953 1491 1265 1562 :egrotantis
1308 1492 1547 1546 hominis
1581 1507 1810 1562 corpore
1831 1533 1846 1557 ,
1899 1509 2074 1564 neque

495 1585 560 1640 de
591 1583 920 1653 temporaria
945 1582 1046 1636 hac
1076 1591 1129 1637 et
1162 1583 1416 1637 omnibus
1443 1583 1649 1638 morbis
1677 1583 1912 1636 obnoxia
1941 1587 2069 1652 vita,

493 1676 885 1730 divinationem
939 1675 1323 1744 proﬁteretur:
1365 1689 1466 1728 nec
1505 1673 1709 1744 alioqui
1744 1675 1810 1729 de
1843 1675 2072 1745 quibus-

493 1767 616 1820 dam
655 1766 847 1820 mediis
882 1776 1047 1835 atque
1095 1765 1552 1828 indiﬂ‘erentibus,
1588 1781 1708 1835 quae
1759 1783 1968 1837 neque,
2021 1769 2066 1823 si

493 1859 694 1924 adsint,
726 1859 792 1912 ad
827 1843 1124 1928 proiectum
1156 1859 1353 1912 animae
1387 1858 1754 1912 conducibilia
1779 1899 1794 1920 .
1847 1835 2025 1930 neque
2049 1901 2062 1924 ,
2101 1835 2139 1888 Β

491 1950 535 2004 si
565 1965 674 2004 non
701 1950 918 2014 adsint,
949 1951 1206 2004 damnum
1235 1949 1458 2019 aliquod
1489 1959 1582 2004 aut
1608 1951 1901 2020 perniciem
1937 1951 2066 2006 εἰτο-

489 2051 652 2106 rant,
699 2043 914 2096 tametsi
955 2057 1346 2112 nonnunquam
1387 2041 1500 2095 hate
1551 2057 1767 2110 quoque
1805 2042 2062 2110 praedice-

489 2133 640 2195 bant,
675 2150 784 2188 non
811 2133 1068 2204 primaria
1099 2134 1332 2203 quadam
1361 2133 1570 2186 ratione
1590 2174 1604 2198 ,
1657 2131 1754 2186 sed
1786 2133 1932 2204 quod
1979 2149 2064 2188 re-

487 2241 606 2278 rum
643 2226 952 2296 graviorum
985 2227 1390 2295 perceptionem
1424 2225 1842 2290 comitarentur,
1875 2226 2064 2294 eisque

484 2324 669 2370 essent
699 2317 972 2386 adjuncta.
1025 2317 1094 2368 At
1137 2331 1266 2370 vero
1292 2331 1412 2386 qtae
1459 2317 1515 2370 in
1551 2317 1736 2370 causis
1781 2315 1950 2370 divini
1994 2317 2062 2372 ab

485 2411 594 2464 illis
619 2411 916 2480 accipiendi
957 2409 1234 2480 Spiritus,
1278 2409 1346 2462 ad
1394 2409 1801 2464 vaticinandum
1857 2409 2062 2479 princi-

483 2517 603 2570 pem
634 2503 814 2556 iocum
838 2501 1148 2558 obtinerent
1169 2542 1182 2564 ,
1213 2517 1276 2556 ea
1306 2501 1485 2570 majus
1513 2501 1784 2573 quoddam
1811 2503 2060 2556 contine-

483 2593 613 2644 bant
643 2600 1044 2662 argumentum,
1071 2608 1233 2660 quam
1269 2600 1327 2646 ut
1365 2593 1430 2646 ad
1464 2608 1526 2646 ea
1555 2609 1674 2663 qua:
1727 2593 1870 2646 dicta
1899 2601 2054 2658 sunt,

479 2685 755 2750 pertinere
787 2693 1030 2754 possent.
1065 2684 1219 2750 Quod
1253 2687 1296 2739 si
1321 2687 1447 2754 quis
1471 2693 1640 2738 totum
1669 2685 1826 2754 quasi
1856 2702 2056 2755 corpus

477 2791 667 2830 eorum
697 2791 818 2845 qum
851 2791 880 2829 a
911 2775 1059 2831 Mose
1102 2785 1155 2830 et
1185 2777 1307 2831 aliis
1337 2787 1460 2846 post
1515 2776 1716 2832 Moscm
1773 2779 2056 2847 praphetis

479 2870 682 2938 scripta
713 2877 862 2932 sunt,
904 2871 1322 2940 diligentissime
1350 2872 1634 2940 exploret,
1691 2871 1936 2941 profecto
1992 2889 2054 2928 ea

479 2965 612 3016 nihil
647 2963 794 3016 aliud
824 2964 1070 3033 amplexa
1116 2963 1374 3026 inveniat,
1401 2981 1562 3034 quam
1614 2966 2050 3020 adhortationem

478 3065 640 3126 atque
665 3058 970 3112 doctrinam
1005 3057 1172 3110 divini
1204 3055 1386 3112 cultus
1409 3098 1422 3120 ,
1477 3059 1568 3126 qui
1625 3057 1732 3110 Deo
1787 3059 2046 3122 universi,

475 3151 581 3219 ipsi
613 3150 799 3220 utique
827 3149 1004 3218 opilici
1054 3163 1236 3202 rerum
1267 3149 1506 3202 omnium
1543 3149 1614 3202 sit
1669 3151 2008 3210 exhibendas
2032 3193 2047 3216 ,

475 3242 952 3313 cognitionemque
1001 3255 1066 3295 ac
1102 3241 1424 3314 theologiam
1457 3257 1766 3312 supremam
1802 3242 1867 3298 de
1896 3241 2052 3300 Filio.

475 3337 564 3402 qui
601 3349 704 3388 una
754 3349 877 3388 cum
919 3331 1078 3388 Patre
1111 3333 1227 3403 ipse
1271 3349 1492 3404 quoque
1539 3349 1718 3388 rerum
1747 3336 1818 3388 sit
1843 3343 2051 3390 auctor.

474 3427 640 3498 208
671 3425 938 3481 Praeterea
964 3425 1397 3480 dehortationem
1437 3435 1600 3496 atque
1645 3427 1982 3482 eversionem
2024 3443 2054 3481 a

475 3519 654 3575 fallaci
693 3521 989 3575 multorum
1041 3520 1266 3574 deorum
1297 3519 1446 3573 cultu
1471 3559 1486 3582 ,
1545 3519 1611 3573 ad
1649 3519 1761 3574 hare
1813 3529 2054 3574 veterum

474 3617 786 3665 sanctorum
831 3609 1108 3674 virorum,
1168 3611 1259 3680 qui
1311 3611 1472 3681 primi
1521 3611 1682 3665 talem
1735 3613 2052 3682 religionem

475 3702 918 3768 observaverint,
957 3703 1276 3758 memoriam
1335 3703 1828 3775 praedictionesque
1875 3713 1928 3760 et
1965 3723 2052 3760 re-

474 3807 677 3863 sponsa
707 3793 774 3849 de
822 3793 891 3848 iis
939 3795 1036 3863 qui
1087 3793 1274 3847 multis
1301 3801 1424 3862 post
1465 3795 1682 3848 saeculis
1721 3795 1790 3846 ad
1835 3794 2052 3848 illorum

475 3887 606 3940 vita:
633 3887 900 3956 regulam,
926 3899 1082 3940 suam
1105 3885 1210 3956 ipsi
1241 3885 1406 3942 vitam
1445 3885 1711 3940 directuri
1747 3894 1926 3950 erant,
1957 3903 2055 3958 per

455 3961 764 4028 adventum
789 3972 882 4028 Dei
899 3973 966 4027 ad
991 3973 1241 4030 homines
1269 3983 1436 4046 atque
1465 3975 1834 4044 praesentiam,
1855 3977 2048 4046 ipsius,

475 4067 724 4136 inquam,
755 4065 900 4130 Filii,
926 4075 980 4122 et
1005 4069 1122 4139 ipse
1154 4068 1400 4138 ejusdem
1419 4069 1678 4124 docendae
1705 4071 1922 4139 pietatis
1943 4087 2048 4125 mu-

473 4173 602 4212 nere
655 4157 962 4222 functurus,
999 4170 1052 4216 et
1095 4161 1164 4214 ad
1189 4159 1420 4215 salutem
1460 4160 1584 4214 vitae
1613 4161 1892 4214 hominum
1921 4161 2052 4216 ειπε-

472 4252 696 4306 rendam
729 4261 1012 4316 venturus.
1043 4253 1096 4308 in
1131 4253 1414 4324 responsis
1435 4253 1741 4318 dicebatur,
1771 4255 1930 4324 cujus
1959 4255 2054 4310 be-

474 4345 670 4402 neﬁcio
703 4347 778 4402 illi
811 4349 1028 4404 cunctis
1055 4347 1312 4418 gentibus
1339 4353 1394 4400 et
1429 4345 1635 4404 Graecis
1658 4348 1820 4402 simul
1851 4358 1904 4402 et
1927 4349 2051 4402 bar-

469 4437 652 4505 baris,
701 4439 952 4496 eumdem
997 4439 1168 4494 divini
1201 4440 1384 4494 cultus
1415 4455 1644 4507 morem,
1693 4457 1854 4510 quem
1907 4453 2054 4498 vete-

2185 571 2404 641 ημέρων
2423 573 2514 624 καὶ
2541 571 2676 643 πρὸς
2693 571 2782 624 τὸν
2815 571 3056 642 παρόντα
3079 573 3265 644 καιρὸν
3293 573 3762 646 ἐπιζητουμένων,

2181 662 2302 714 οὐδέ
2334 679 2396 730 γε
2446 663 2691 734 σμικρῶν
2747 663 2842 716 καὶ
2889 663 3159 718 ταπεινῶν
3205 665 3272 718 τά
3321 665 3420 736 τῆς
3467 666 3766 738 θεοφορίας

2179 753 2453 824 ἠξιοῦντο·
2485 755 2597 809 ἀλλ’
2625 757 2718 808 ἐπὶ
2772 757 2865 810 τοῦ
2913 757 3112 820 παντὸς
3163 757 3462 828 ἀνθρώπων
3505 761 3760 832 γένουςὴ

2179 844 2272 896 τοῦ
2300 844 2440 898 θείου
2469 845 2784 916 Πνεύματος
2829 847 2886 898 ἐν
2931 845 3113 910 αὐτοῖς
3155 847 3453 918 ἓλλαμψις,
3491 848 3762 920 μεγίστην

2181 935 2430 988 ὑπόθεσιν
2461 937 2806 1008 περιέχουσα,
2841 937 2900 988 οὐ
2924 939 3049 1008 περὶ
3077 937 3356 1000 νοσοῦντος
3387 939 3676 1010 ἀνθρώπου
3700 939 3764 992 τὸ

2181 1027 2358 1098 σῶμα,
2393 1029 2514 1082 οὐδὲ
2567 1029 2695 1099 περὶ
2743 1027 2846 1097 τῆς
2887 1029 3218 1100 προσκαίρου
3268 1031 3363 1083 καὶ
3409 1029 3762 1094 πολυπαθοῦς

2177 1119 2376 1192 ταύτης
2424 1120 2567 1191 ζωῆς
2620 1121 2718 1192 τὴν
2765 1119 3062 1193 πρόρρησιν
3123 1121 3597 1195 ἐπαγγελλομένη,
3634 1124 3762 1178 οὐδὲ

2177 1211 2303 1281 περί
2327 1229 2468 1274 τινος
2499 1209 2858 1276 ἀπολωλότος,
2883 1211 2990 1263 οὐδ’
3019 1211 3192 1276 ἄλλως
3220 1213 3346 1284 περί
3383 1231 3540 1266 τινων
3573 1215 3760 1284 μέσων

2175 1304 2266 1356 καὶ
2315 1303 2660 1375 ἀδιαφόρων,
2697 1303 2732 1358 ἃ
2788 1303 2909 1358 οὐτε
2969 1307 3209 1376 παρόντα
3258 1305 3432 1377 ψυχῆς
3472 1306 3760 1376 βελτιώσει

2175 1397 2578 1468 συμϐάλλεται,
2632 1396 2754 1450 οὐτε
2814 1397 2888 1468 μὴ
2931 1399 3172 1469 παρόντα
3219 1399 3420 1470 ζημίαν
3469 1399 3501 1470 ἢ
3544 1398 3758 1468 βλάϐην

2174 1491 2448 1560 περιποιεῖ
2488 1487 2642 1561 (ἀλλ’
2690 1485 2758 1561 ἦν
2796 1491 2916 1560 μὲν,
2958 1491 3033 1553 ὼς
3081 1490 3238 1562 ἔφην,
3293 1493 3380 1544 ὅτε
3427 1491 3521 1544 καὶ
3577 1491 3758 1544 ταῦτα

2175 1581 2494 1654 προῦλεγον,
2519 1585 2579 1636 οὐ
2610 1583 2750 1636 κατὰ
2770 1583 2859 1636 τὸν
2889 1583 3295 1656 προηγούμενον
3323 1583 3378 1636 δὲ
3403 1583 3584 1646 λόγον’
3613 1582 3758 1636 ἀλλὰ

2173 1673 2314 1726 κατά
2345 1673 2663 1728 ἀκολουθίαν
2695 1676 2792 1746 τῆς
2817 1675 2924 1730 τῶν
2955 1676 3276 1748 κρειττόνων
3309 1673 3666 1744 καταλήψεως
3691 1673 3712 1744 )
3739 1692 3753 1706 ⁸

2174 1763 2392 1834 μείζονα
2417 1767 2512 1836 μὲν
2536 1767 2787 1820 ὐπόθεσιν
2803 1769 2836 1838 ἦ
2855 1767 2995 1820 κατὰ
3013 1767 3081 1820 τά
3099 1767 3358 1838 εἰρημένα
3373 1769 3663 1838 περιεῖχεν.
3687 1767 3756 1820 Ei.

2171 1855 2214 1906 δ’
2227 1851 2318 1908 οῦν
2341 1875 2425 1922 τις
2441 1857 2536 1928 τὴν
2553 1860 2729 1911 πᾶσαν
2743 1860 3002 1929 περιοχὴν
3017 1859 3114 1930 τῆς
3137 1857 3379 1920 Μωσέως
3394 1857 3631 1930 γραφῆς,
3651 1857 3754 1910 καὶ

2171 1949 2278 2002 τῶν
2310 1951 2424 2020 μετ’
2453 1951 2612 2003 αὐτὸν
2642 1949 2882 2022 ἀκριϐῶς
2909 1951 3320 2021 διερευνήσειεν,
3343 1949 3490 2020 εὐροι
3515 1949 3580 2002 ἂν
3609 1967 3752 2020 προ-

2171 2043 2378 2113 τροπὴν
2409 2043 2503 2094 καὶ
2541 2041 2881 2097 διδασκαλίαν
2928 2041 3208 2106 εὐσεϐείας
3241 2043 3339 2112 τῆς
3385 2045 3464 2106 είς
3494 2042 3584 2096 τὸν
3635 2042 3750 2096 τῶν

2171 2131 2304 2184 ὅλων
2333 2130 2484 2194 Θεὸν,
2510 2131 2668 2186 αὐτὸν
2702 2133 2764 2204 δὴ
2814 2133 2903 2185 τὸν
2936 2133 3261 2204 δημιουργὸν
3296 2133 3550 2186 ἁπάντων
3585 2151 3748 2206 περι-

2171 2222 2426 2292 έχουσαν,
2454 2223 2652 2290 γνῶσίν
2685 2241 2744 2276 τε
2783 2225 2874 2276 καὶ
2911 2223 3189 2292 θεολογίαν
3211 2223 3308 2294 τὴν
3353 2225 3612 2277 ἀνωτάτω
3645 2223 3746 2276 τοῦ

2168 2314 2418 2386 δευτέρου
2451 2315 2645 2380 αἰτίου,
2681 2317 2859 2386 TEd-31";
2885 2317 2940 2368 δὲ
2985 2315 3241 2368 πολυθέου
3277 2315 3483 2386 πλάνης
3515 2317 3748 2388 ἀποτρο-

2169 2407 2296 2478 πὴν,
2327 2405 2442 2461 εἷτα
2470 2409 2577 2460 τῶν
2640 2408 2808 2461 πάλαι
2844 2407 3107 2477 θεοφιλῶν
3145 2407 3354 2478 ἀνδρῶν
3399 2407 3505 2460 τῶν
3538 2407 3604 2476 δὴ
3645 2408 3747 2460 καὶ

2167 2499 2562 2572 ἀπαρξαμένων
2635 2499 2736 2568 τῆς
2789 2499 3083 2570 είρημένης
3142 2498 3420 2560 εὐσεϐείας
3475 2499 3743 2568 μνήμην,

2165 2595 2498 2664 προρρήσεις
2531 2610 2588 2646 τε
2637 2592 2729 2644 καὶ
2764 2592 3137 2662 ἀναφωνήσεις
3180 2589 3319 2643 κατά
3365 2591 3454 2644 τὸν
3515 2591 3746 2644 ἐκείνων

2165 2683 2308 2755 βίον,
2356 2685 2602 2754 ὑστέροις
2653 2683 2781 2737 ποτὲ
2820 2683 3029 2754 χρόνοις
3073 2681 3372 2752 μελλόντων
3425 2679 3742 2750 βιώσεσθαι,

2162 2777 2227 2830 δι’
2267 2776 2585 2846 ἐπιφανείας
2620 2775 2711 2828 καὶ
2759 2775 3060 2846 παρουσίας
3115 2774 3193 2835 εἰς
3235 2771 3552 2842 ἀνθρώπους
3576 2769 3742 2837 Θεοῦ,

2165 2869 2334 2924 αὐτοῦ
2375 2871 2438 2940 δὴ
2475 2869 2568 2922 τοῦ
2599 2868 2850 2938 δευτέρου
2886 2867 3088 2934 Κυρίου
3115 2907 3128 2930 ,
3169 2867 3260 2918 καὶ
3291 2863 3425 2916 Θεοῦ
3475 2863 3611 2934 μετά
3649 2862 3744 2916 τὸν

2161 2963 2418 3016 ἀνωτάτω
2453 2963 2691 3032 Πατέρα,
2729 2961 2821 3013 καί⁸
2843 2959 3006 3014 αὐτοῦ
3031 2957 3454 3032 χρηματίζοντος
3485 2955 3744 3010 διδασκά-

2159 3051 2249 3103 λου
2278 3051 2376 3120 τῆς
2403 3051 2572 3120 αὐτῆς
2597 3049 2896 3112 εὐσεϐείας,
2929 3049 3022 3102 καὶ¹
3059 3047 3308 3118 Σωτῆρος
3337 3045 3742 3116 ἐπιφανησομέο

2157 3160 2248 3196 νου
2294 3143 2371 3212 τῷ
2404 3143 2513 3195 τῶν
2568 3141 2866 3213 ἀνθρώπων
2909 3139 3030 3210 βίῳ,
3075 3139 3140 3191 δι’
3167 3131 3226 3191 οὐ
3263 3139 3394 3190 πᾶσι
3427 3141 3536 3199 τοῖς
3585 3135 3741 3188 ἔθνε-

2159 3251 2278 3298 σιν,
2331 3233 2588 3304 Ἕλλησιν
2640 3231 2774 3302 ὁμοῦ
2829 3233 2921 3286 καὶ
2973 3229 3282 3302 βαρϐάροις,
3317 3227 3614 3298 προῦλεγον
3647 3228 3742 3282 τὸν

2155 3327 2254 3396 τῆς
2277 3324 2586 3388 θεοσεϐείας
2611 3324 2720 3378 τῶν
2747 3323 2913 3377 πάλαι
2947 3321 3208 3392 θεοφιλῶν
3243 3319 3508 3392 Ἐϐραίων
3537 3321 3742 3389 τρόπον

2156 3413 2648 3488 παραδοθήσεσθαι.
2685 3415 2869 3468 Ταῦτα
2899 3415 3136 3484 Μωσῆς,
3190 3411 3362 3464 ταῦτα
3408 3411 3466 3465 δὲ
3507 3413 3599 3465 καὶ
3629 3411 3740 3464 τῶν

2155 3509 2355 3563 λοιπῶν
2383 3507 2677 3580 προφητῶν
2701 3507 2906 3570 παῖδες,
2937 3505 2986 3558 οἳ
3015 3506 3214 3568 πάντες
3239 3503 3300 3570 ἐξ
3326 3505 3443 3567 ένδς
3471 3505 3742 3572 στόματος

2157 3603 2582 3674 προεκήρυττον.
2617 3601 2724 3653 Καὶ
2769 3598 2912 3652 τοῦτ’
2945 3593 3012 3668 ἦν
3043 3597 3103 3650 τὸ
3153 3597 3252 3667 τῆς
3295 3598 3374 3660 είς
3417 3595 3742 3667 ἀνθρώπους

2155 3695 2248 3748 τοῦ
2279 3693 2422 3746 θείου
2459 3693 2772 3763 Πνεύματος
2805 3692 3072 3762 ἐπιφορᾶς
3121 3691 3328 3752 αἴτιον,
3363 3687 3566 3753 διδάξαι
3613 3685 3739 3740 θεο-

2153 3786 2389 3855 γνωσίαν
2419 3783 2756 3854 ἀνθρώπους,
2791 3781 2884 3834 καὶ
2920 3779 3016 3850 τὴν
3061 3779 3318 3834 ἀνωτάτω
3346 3778 3474 3849 περὶ
3523 3775 3738 3846 Πατρδς

2155 3879 2248 3930 καὶ
2283 3876 2414 3930 Υίοῦ
2461 3873 2772 3941 θεολογίαν,
2810 3871 3097 3924 παιδεῦσαί
3151 3887 3210 3923 τε
3257 3871 3455 3939 τρόπον
3499 3867 3736 3938 ἀληθοῦς

2154 3969 2458 4030 εὐσεϐείας,
2495 3965 2589 4020 καὶ
2623 3964 2993 4034 μνημονεῦσαι
3017 3961 3124 4016 τῶν
3161 3962 3328 4016 πάλαι
3369 3959 3734 4029 κατωρθωκό-

2152 4079 2280 4122 των,
2307 4060 2397 4112 τόν
2421 4075 2482 4110 τε
2509 4056 2646 4127 μετά
2669 4053 2874 4108 τούτων
2897 4053 3114 4123 ἔλεγχον
3141 4051 3227 4104 διά
3249 4050 3476 4122 μακρῶν
3499 4051 3734 4118 ὲκφᾶναι

2153 4153 2344 4220 λόγων,
2369 4150 2620 4204 θεσπίσαι
2649 4163 2706 4200 τε
2739 4148 2838 4218 τὴν
2877 4145 3178 4216 παρουσίαν
3203 4145 3296 4198 τοῦ
3341 4143 3590 4212 Σωτῆρος
3635 4139 3732 4194 καὶ

2153 4241 2472 4295 διδασκάλου
2495 4239 2588 4292 τοῦ
2625 4239 2824 4302 παντὸς
2847 4237 3147 4310 ἀνθρώπων
3173 4237 3382 4305 γένους,
3409 4235 3504 4290 καὶ
3540 4233 3640 4302 τὴν
3659 4233 3732 4286 δ.⁹

2153 4335 2315 4389 αὐτοῦ
2343 4335 2442 4405 τῆς
2469 4333 2704 4396 παλαιᾶς
2721 4331 2780 4398 ἐξ
2813 4330 3078 4403 Ἐϐραίων
3102 4329 3408 4392 θεοσεϐείας
3435 4330 3512 4391 εἰς
3555 4327 3732 4380 πάντα

2153 4429 2220 4480 τά
2275 4427 2401 4498 ἔθνη
2441 4425 2726 4497 μετάδοσιν
2779 4421 3142 4494 προκηρύξαι.
3205 4421 3390 4474 Ταῦτα
3447 4415 3514 4490 ἦν
3557 4417 3624 4470 τὰ
3673 4417 3732 4484 ἐξ

469 4545 558 4586 res
589 4529 940 4586 l-lebraaorum
987 4533 1270 4603 religionis
1323 4540 1598 4588 amatores
1653 4543 2048 4598 servaverant,

2162 4519 2344 4584 αἰῶνος
2389 4517 2608 4589 στήλαις
2647 4517 2741 4570 καὶ
2781 4515 2980 4587 βίϐλοις
3048 4516 3219 4586 ἱεραῖς
3261 4514 3368 4566 τῶν
3436 4509 3730 4584 προφητῶν

467 4622 806 4690 prodendum
857 4639 982 4678 esse
1039 4625 1326 4680 canebant.
1371 4626 1496 4682 Haec
1527 4626 1728 4688 Moses.
1769 4625 1886 4680 haec
1921 4627 2046 4680 reli-

468 4713 562 4782 qui
617 4713 746 4768 item
797 4715 1094 4784 prophette,
1127 4717 1220 4786 qui
1279 4733 1471 4772 omnes
1505 4719 1558 4771 in
1595 4733 1704 4772 uno
1733 4733 1865 4780 ore,
1900 4721 2046 4788 quod

468 4811 586 4856 erat
613 4801 876 4868 futurum,
902 4807 1266 4876 nuntiabant;
1305 4817 1466 4877 atque
1485 4809 1599 4862 haec
1619 4817 1738 4864 erat
1761 4823 1926 4864 causa
1947 4825 2048 4864 cur

468 4895 688 4951 divinus
708 4895 946 4966 Spiritus
969 4897 1175 4952 amaret
1205 4899 1454 4956 homines
1503 4911 1560 4954 et
1613 4901 1916 4971 corriperet
1936 4941 1950 4964 ,
1987 4909 2048 4954 ut

473 4985 730 5042 videlicet
759 4987 854 5044 Dei
884 4988 1254 5058 cognitionem
1301 4991 1471 5061 ipsos,
1531 5007 1951 5063 supremumque
1980 4994 2048 5050 de

467 5075 632 5134 Patre
659 5093 724 5134 ac
757 5077 898 5136 Filio
927 5081 1258 5152 theologiam
1293 5083 1546 5151 doceret,
1591 5083 1896 5155 iisdemque
1935 5095 2046 5140 tra-

467 5167 620 5224 deret
651 5187 792 5227 verte
837 5173 985 5230 illius
1009 5175 1227 5242 pietatis
1260 5190 1466 5230 morem
1496 5215 1510 5235 .
1545 5181 1598 5230 et
1619 5176 1688 5232 ad
1730 5178 2046 5232 memoriam

466 5261 742 5332 redigeret
767 5279 866 5320 eos
895 5266 994 5335 qui
1019 5264 1298 5334 quondam
1320 5279 1510 5318 omnes
1535 5264 1836 5320 honestatis
1865 5275 2050 5338 partes

465 5353 923 5424 complevissent,
959 5372 1174 5412 necnon
1210 5373 1306 5414 eos
1354 5357 1446 5426 qui
1477 5359 1875 5428 posterioribus
1913 5367 2050 5413 tem-

467 5441 692 5510 poribus
717 5459 747 5497 a
769 5445 969 5514 pietate
997 5447 1216 5516 rituque
1243 5446 1512 5514 majorum
1547 5461 1776 5501 suorum
1811 5446 2048 5500 excidis-

465 5545 622 5596 sent.
665 5551 868 5605 eosque
915 5539 1076 5608 longa
1109 5539 1362 5593 oratione
1407 5537 1869 5608 reprehenderet:
1921 5538 2050 5592 item

465 5637 688 5684 caneret
729 5629 1020 5684 adventum
1070 5630 1371 5686 Salvatoris
1413 5647 1476 5688 ac
1511 5631 1758 5688 Doctoris
1811 5631 2050 5686 universi

465 5719 692 5774 humani
725 5723 964 5792 generis,
997 5731 1054 5778 et
1087 5739 1182 5792 per
1211 5725 1364 5778 illum
1389 5725 1446 5780 in
1479 5731 1710 5780 cunctas
1743 5731 1932 5793 gentes
1955 5737 2054 5776 an-

467 5815 632 5884 tiquae
648 5811 1002 5872 Hebraeorum
1019 5815 1298 5888 religionis
1320 5815 1768 5887 propagationem
1789 5813 2050 5882 futuram,

2149 4613 2454 4686 συμφώνως
2499 4608 2996 4682 ἀναπεφωνημένα.
3037 4606 3188 4660 Αὐτὰ
3233 4605 3296 4674 δὴ
3322 4602 3524 4662 ταῦτα,
3569 4601 3604 4656 ἃ
3635 4602 3730 4654 καὶ

2147 4709 2312 4776 ἡμῖν,
2365 4707 2546 4768 αὐτοῖς
2589 4703 2886 4774 ὀφθαλμοῖς
2937 4697 3074 4772 μετὰ
3111 4699 3204 4752 τὸν
3255 4697 3464 4770 μακρὸν
3513 4693 3726 4756 αἰῶνα,

2147 4801 2317 4854 εἰσέτι
2370 4799 2464 4852 νῦν
2525 4797 2875 4869 πληρούμενα
2925 4795 3214 4864 συνορᾶται
3244 4809 3256 4822 ·
3317 4791 3416 4862 μιᾷ
3473 4789 3528 4842 δὲ
3575 4789 3728 4858 φωνῇ

2149 4897 2346 4960 πάντες
2385 4893 2528 4952 οὗτοι
2561 4895 2655 4950 καὶ
2677 4895 2806 4965 θείῳ
2832 4891 3114 4962 Πνεύματι
3153 4891 3394 4960 κάτοχοι,
3429 4890 3596 4940 πᾶσιν
3633 4889 3732 4940 ἀν-

2149 4990 2384 5061 θρώποις
2431 4991 2490 5042 τὸ
2538 4987 2652 5058 φῶς
2701 4987 2800 5056 τῆς
2843 4982 3075 5056 ἀληθοῦς
3126 4983 3528 5054 προεκήρυττον
3573 4979 3731 5032 εὐσε-

2149 5081 2330 5144 ϐείας·
2367 5081 2590 5149 ἁγνείαν
2629 5096 2687 5132 τε
2724 5077 2902 5146 ψυχῆς
2943 5077 3036 5130 καὶ
3071 5073 3342 5144 σώματος,
3387 5069 3622 5140 παντελῆ
3667 5088 3728 5124 τε

2149 5173 2412 5244 κάθαρσιν
2434 5172 2691 5233 διανοίας,
2715 5169 2782 5240 ἣν
2807 5167 2960 5222 αὐτοί¹
2984 5166 3244 5238 πρότερον
3267 5163 3588 5234 ἠσκηκότες,
3615 5163 3730 5222 τοῖς

2151 5264 2410 5335 ὑπηκόοις
2435 5260 2832 5332 προύϐάλλοντο
2853 5298 2868 5322 ,
2921 5257 3098 5328 πάσης
3131 5255 3427 5310 ἀκολάστου
3476 5253 3728 5322 πράξεως

2150 5357 2274 5419 τούς
2322 5355 2641 5427 προσιόντας
2691 5351 3045 5421 ἀπείργοντες
3081 5388 3095 5412 ,
3145 5349 3276 5419 μηδὲ
3309 5349 3406 5417 τῆς
3463 5343 3728 5398 πολυθέου

2153 5449 2358 5518 πλάνης
2395 5443 2788 5516 ἀπομιμεῖσθαι
2819 5441 2917 5504 τὰς
2963 5440 3261 5510 ὲκθέσμους
3315 5434 3726 5505 ἐπιτηδεύσεις,

2153 5535 2531 5610 προτροπάδην
2547 5535 2604 5586 δὲ
2625 5533 2846 5602 φεύγειν
2857 5523 3194 5592 διδάσκοντες
3217 5530 3394 5580 πᾶσαν
3406 5523 3726 5595 δαιμονικὴν

2153 5630 2484 5700 ἐγχείρησιν,
2512 5625 2606 5680 καὶ
2640 5624 2738 5688 τὰς
2771 5621 2936 5676 πάλαι
2975 5619 3468 5690 περισπουδάστους
3509 5617 3726 5682 ἐκείνας

2152 5719 2636 5793 ἀνθρωποθυσίας,
2695 5714 2795 5780 τάς
2845 5733 2906 5769 τε
2951 5713 3182 5784 αἰσχρὰς
3247 5713 3341 5764 καὶ
3395 5709 3724 5780 ὲπιρῤήτους

2157 5815 2283 5884 περῖ
2323 5811 2458 5866 θεῶν
2497 5809 2804 5882 διηγήσεις,
2837 5803 2910 5864 ὧν
2956 5807 3307 5878 ἀπείργοντες
3327 5844 3341 5868 ι
3381 5801 3523 5872 μόνῳ
3555 5815 3724 5870 προ⁷⁴
