3954 6526
174 424 269 482 3ιὸ

1082 424 1730 483 DEMONSTRATIONIS
1768 423 2225 482 EVA‘NGELICE
2261 423 2389 478 LIB.
2431 422 2496 480 γ.

3312 424 3418 482 548

175 545 375 615 ανέχειν
429 535 813 602 συνεϐούλευον
860 548 939 619 τῷ
963 549 1180 604 πάντων
1221 549 1537 621 δημιουργῷ
1594 548 1711 619 Θεῷ

1837 550 2136 604 nuntiaret.
2191 547 2315 602 Haec
2347 553 2473 601 sunt
2506 559 2626 616 quae
2666 545 2734 599 ab
2788 543 2946 598 initio
2972 550 3026 597 et
3056 542 3246 597 titulus
3276 551 3328 598 et
3349 544 3418 597 li-

171 634 249 691 οἷα
279 637 464 710 ἐφόρῳ
508 642 602 694 καὶ
651 643 808 714 κριτῇ
857 641 1175 713 τυγχάνοντι
1204 641 1311 695 τῶν
1345 644 1400 695 ἐν
1430 641 1736 712 ἀνθρώποις

174 732 552 802 πραττομένων
571 748 586 762 ο
624 733 756 802 μηδὲ
785 735 999 803 ἀγνοεῖν
1025 733 1117 787 τὸν
1152 732 1411 804 μέλλοντα
1437 735 1514 796 εἰς
1536 732 1737 803 ἀνθρώ-

172 839 291 884 πους
336 821 630 892 ἐπιδημεῖν
663 823 893 894 Χριστὸν
935 823 1030 878 τοῦ
1079 823 1234 888 Θεοῦ,
1267 824 1491 893 Σωτῆρα
1539 821 1736 886 παντὸς

169 912 343 979 γένους
395 911 726 983 ἀνθρώπων,
760 914 854 967 καὶ
902 914 1215 968 διδάσκαλον
1264 914 1551 984 βαρϐάρων
1600 912 1734 983 ὁμοῦ

168 1001 252 1056 καὶ
286 1002 556 1073 Ἑλλήνων
587 1004 868 1068 εὐσεὸείας
921 1006 1018 1076 τῆς
1063 1004 1294 1075 ἀληθοῦς
1325 1003 1734 1074 καταστησόμε-

166 1111 263 1147 νον.
292 1093 563 1148 Τοσοῦτόν
589 1113 643 1148 τι
682 1091 750 1167 ἦν
776 1096 838 1148 τὸ
864 1097 1116 1168 διάφορον
1148 1097 1252 1150 τῶν
1299 1097 1402 1150 ὑπὸ
1454 1096 1544 1150 τοῦ
1590 1096 1733 1150 θείου

168 1186 472 1256 Πνεύματος
497 1187 746 1257 κατόχων
794 1188 887 1241 καὶ
936 1187 1044 1242 τῶν
1096 1189 1200 1241 ὑπὸ
1244 1189 1559 1260 δαιμονικῆς
1586 1191 1735 1259 ἐνερ-

166 1279 307 1345 γείας
339 1278 703 1347 μαντεύεσθαι
739 1280 1236 1352 προσποιουμένων.
1265 1276 1399 1334 Εἶτα
1428 1280 1489 1332 τὸ
1514 1281 1610 1350 μὲν
1634 1297 1734 1332 πο-

165 1370 312 1440 νηρὸν
367 1369 669 1440 δαιμόνιον,
713 1366 801 1425 οἷα
862 1373 1084 1434 σκότους
1133 1372 1352 1438 οἰκεῖον,
1399 1371 1587 1425 σκότον
1639 1371 1734 1424 καὶ

163 1459 314 1528 ἀχλὺν
348 1458 677 1528 περιδάλλον
703 1463 768 1530 τῇ
795 1459 938 1531 ψυχῇ
974 1460 1060 1513 διὰ
1085 1460 1184 1530 τῆς
1217 1462 1614 1531 ἐμφοιτήσεως,
1639 1459 1732 1512 τοῦ

167 1549 435 1619 ὑποφήτου
483 1545 572 1603 οἷα
621 1552 815 1623 νεκρὸν
865 1551 1097 1623 ἐξήπλου
1143 1552 1237 1605 τοῦ
1285 1551 1427 1606 κατὰ
1459 1551 1617 1620 φύσιν
1643 1551 1731 1604 λο-

161 1637 347 1708 γισμοῦ
390 1641 884 1711 παρενηνεγμένον,
917 1643 1025 1696 οὐδ’
1057 1642 1318 1713 ἑπόμενον
1355 1647 1467 1706 τοῖς
1508 1642 1733 1713 λεγομέ-

163 1746 261 1791 νοις
285 1729 320 1800 ἢ
356 1733 756 1802 πραττομένοις
785 1733 850 1786 δι’
877 1733 1064 1799 αὐτοῦ,
1099 1734 1374 1799 παντελῶς
1404 1737 1448 1789 δ’
1474 1736 1732 1808 ἀναίσθη-

161 1835 241 1872 τον
265 1819 354 1871 καὶ
387 1820 744 1891 παράφρονα”
779 1822 907 1903 παρ’
939 1823 967 1875 ὃ
994 1823 1088 1876 καὶ
1120 1824 1396 1894 μαντείαν,
1431 1823 1619 1896 ὥσπερ
1643 1842 1727 1877 τι-

1837 638 1951 694 bris
1984 639 2158 695 sacris
2187 638 2571 708 prOphetarum
2595 675 2612 699 ,
2643 633 2901 689 concordi
2954 648 3087 688 voce
3137 634 3415 688 enuntiata

1838 729 2081 794 fuerunt;
2107 731 2243 800 ipsa,
2274 731 2516 800 inquam,
2548 727 2682 793 haec,
2703 742 2824 797 quae
2843 727 3007 781 etiam
3030 741 3135 780 nos
3158 733 3282 796 post
3297 727 3416 780 lon-

1835 824 2121 894 gissimum
2164 830 2401 891 tempus,
2434 819 2700 874 hodierno
2736 818 2856 888 ipso
2885 817 2974 873 die
2994 818 3256 885 compleri
3281 833 3416 872 ocu-

1835 916 1904 970 lis
1934 915 2135 971 nostris
2165 913 2458 968 intuemur.
2490 911 2554 965 Hi
2587 927 2714 966 vero
2741 926 2931 966 omnes
2953 925 3063 963 uno
3085 923 3199 974 ore,
3227 909 3414 964 divino

1838 1006 2043 1075 Spiritu
2073 1005 2258 1070 adlati,
2295 1004 2508 1059 eunetis
2538 1003 2850 1057 hominibus
2898 1002 3080 1055 lumen
3123 1016 3266 1055 vera:
3309 1001 3414 1070 pie-

1835 1097 1963 1151 tatis
1994 1095 2327 1166 aperiebant,
2361 1102 2522 1163 atque
2556 1095 2750 1146 animae
2794 1098 2847 1146 et
2903 1090 3150 1160 corporis
3199 1089 3414 1144 castita—

1836 1199 1940 1243 tem
1982 1187 2386 1258 perfectamque
2416 1184 2614 1239 mentis
2643 1183 3022 1253 purgationem
3058 1179 3412 1234 commenda-

1834 1278 1984 1332 bant.
2019 1278 2192 1344 Quam
2217 1293 2342 1331 cum
2366 1277 2468 1346 ipsi
2496 1275 2647 1346 prius
2669 1274 3063 1336 exercuissent,
3092 1273 3160 1326 iis
3183 1271 3277 1340 qui
3305 1269 3409 1324 sibi

1835 1370 2244 1432 auscultarent,
2294 1366 2668 1438 proponebant
2691 1405 2706 1428 ,
2744 1372 2797 1419 et
2831 1365 2897 1418 ab
2926 1363 3074 1418 omni
3107 1364 3286 1418 minus
3315 1363 3411 1416 ho—

1833 1469 1988 1514 nesta
2016 1462 2229 1514 actione
2255 1475 2350 1514 eos
2379 1459 2470 1528 qui
2495 1457 2561 1510 ad
2591 1472 2650 1511 se
2676 1455 3016 1519 accederent,
3049 1453 3410 1523 prohibebant

1833 1549 2305 1619 deterrebantque,
2335 1564 2403 1603 ne
2435 1546 2616 1602 studia
2659 1545 2751 1598 illa
2797 1544 3002 1598 nefaria
3062 1542 3410 1596 imitarentur

1831 1659 1960 1713 quas
1973 1643 2039 1697 ab
2064 1657 2245 1696 errore
2263 1641 2477 1695 colendi
2497 1637 2849 1692 multosdeos
2880 1634 3122 1706 profecta
3149 1633 3364 1687 fuerant
3389 1650 3404 1684 :

1834 1746 1948 1790 tum
1981 1735 2245 1805 praecipiti
2276 1733 2516 1804 quodam
2546 1749 2714 1788 cursu
2741 1730 3031 1793 docebant,
3073 1737 3132 1781 ut
3159 1725 3409 1796 fugerent

1833 1841 2051 1880 omnem
2065 1825 2424 1879 daemonicam
2441 1819 3142 1888 traditionem,priscasque
3157 1816 3278 1869 illas
3297 1829 3408 1868 om-

161 1909 220 1963 νά
252 1910 469 1980 μανίαν,
499 1912 726 1976 εἰκότως
761 1912 970 1966 ἐοίκασι
1014 1914 1110 1984 τὴν
1139 1913 1346 1966 τοιάνδε
1378 1914 1717 1968 κατάπτωσιι

1831 1917 1887 1970 ni
1905 1916 2086 1971 studio
2100 1917 2400 1970 celebratas
2412 1915 2694 1967 hominum
2712 1909 3096 1971 mactationes,
3111 1907 3408 1960 obscenas-

161 2003 566 2074 ἐπικεκληκέναι
585 2022 600 2035 ·
627 2003 690 2056 τὺ
735 2005 793 2057 δέ
835 2022 897 2074 γε
924 2005 1138 2074 ἀληθῶς
1161 2007 1254 2060 καὶ
1275 2005 1452 2059 ἔνθεον
1483 2006 1726 2077 Πνεῦμα,

162 2097 451 2162 φωτοειδὲς,
487 2097 688 2167 μᾶλλον
714 2098 770 2150 δὲ
799 2098 915 2167 φῶς
944 2099 1074 2152 αὐτὸ
1110 2101 1393 2170 τυγχάνον,
1485 2099 1550 2154 ἂν
1579 2100 1730 2154 ἐπέλ-

160 2186 222 2259 θῃ
241 2187 406 2258 ψυχῇ,
433 2188 626 2260 καινὴν
655 2191 993 2262 παραχρῆμα
1023 2192 1115 2244 καὶ
1142 2191 1530 2264 λαμπροτάτην
1551 2193 1729 2262 φωτὸς

164 2277 357 2347 ἡμέραν
404 2279 460 2330 ἐν
511 2279 649 2350 αὑτῇ
679 2280 1089 2352 κατειργάζετο,
1123 2281 1506 2353 διαυγεστέραν
1537 2300 1596 2336 τε
1634 2284 1728 2336 καὶ

165 2363 630 2442 θεωρητικωτέραν
675 2373 808 2425 πολὺ
858 2371 1020 2427 πλέον
1070 2372 1166 2426 νῦν
1205 2373 1238 2445 ἢ
1273 2374 1534 2446 πρότερον
1558 2374 1726 2446 αὑτὴν

165 2458 313 2526 αὐτῆς
334 2461 655 2529 ἀποφαῖνον,
701 2461 842 2514 ὥστε
860 2465 1051 2533 νήφειν
1076 2465 1169 2517 καὶ
1188 2465 1568 2536 ἐγρηγορέναι,
1600 2482 1726 2518 συν-

163 2551 278 2619 ορᾷν
304 2568 359 2603 τε
378 2553 598 2606 πάντων
634 2553 868 2624 μάλιστα
902 2557 994 2608 καὶ
1027 2557 1336 2627 συγκρίνειν
1370 2557 1439 2610 τὰ
1478 2556 1726 2621 θεσπιζό-

167 2653 315 2705 μενα·
345 2643 472 2709 παρ’
501 2643 528 2694 ὃ
558 2659 648 2712 μοι
677 2643 940 2714 δοκοῦμεν
969 2640 1026 2698 εὖ
1059 2647 1153 2699 καὶ
1184 2646 1398 2716 άληθῶς
1443 2651 1725 2719 προφήτας

163 2731 432 2784 ἀποκαλεῖν
456 2734 582 2797 τοὺς
604 2735 865 2799 τοιούσδε,
886 2737 1036 2808 παρὰ
1055 2738 1118 2791 τὸ
1142 2739 1458 2810 προφαίνειν
1480 2741 1573 2796 καὶ
1593 2758 1725 2812 προ-

166 2822 397 2888 φωτίζειν
425 2826 483 2877 ἐν
513 2825 697 2890 αὐτοῖς
725 2827 784 2880 τὸ
812 2827 951 2881 θεῖον
979 2829 1202 2900 Πνεῦμα
1230 2832 1304 2902 μὴ
1330 2831 1488 2897 μόνον
1514 2830 1582 2884 τά
1617 2850 1721 2885 πα-

167 2913 326 2982 ρόντα,
353 2915 490 2968 ἀλλά
533 2918 628 2970 καὶ
677 2917 786 2970 τῶν
841 2919 1139 2988 μελλόντων
1185 2920 1355 2992 ἀληθῆ
1390 2922 1482 2974 καὶ
1520 2922 1720 2994 ἀκριϐῆ

165 3003 363 3068 γνῶσιν.
395 3005 677 3074 Σκέψασθε
705 3007 762 3059 δέ
791 3010 839 3060 εί
873 3009 946 3080 μὴ
979 3008 1112 3061 πολὺ
1151 3010 1411 3081 κρείττων
1439 3004 1594 3074 οὗτος
1628 3011 1722 3065 καὶ

164 3096 347 3169 ἀληθὴς
375 3101 401 3152 ὁ
429 3099 608 3169 λόγος,
641 3100 865 3170 φάσκων
916 3101 1137 3173 Πνεῦμα
1187 3101 1326 3156 θεῖον
1358 3103 1559 3173 ψυχαῖς
1603 3104 1722 3156 ἐπι-

165 3191 332 3281 φοιτᾷν
366 3190 827 3281 κεκαθαρμέναις,
855 3193 950 3245 καὶ
995 3191 1070 3263 νῷ
1119 3192 1321 3265 λογικῷ
1370 3195 1465 3248 καὶ
1511 3195 1720 3263 διαυγεῖ
1745 3220 1790 3281 c

165 3276 281 3348 πρὸς
301 3279 562 3352 ὑποδοχὴν
586 3279 682 3333 τοῦ
716 3281 870 3334 Θείου
902 3285 1458 3355 παρεσκευασμέναις,
1493 3285 1526 3357 ἢ
1552 3287 1580 3338 ό
1608 3285 1717 3340 τῶν

165 3366 215 3419 ὲν
239 3369 416 3441 ἀψύχῳ
445 3370 548 3443 ὕλῃ
581 3371 676 3424 καὶ
701 3371 935 3434 σκοτίοις
964 3375 1153 3442 μυχοῖς
1177 3373 1630 3426 ἐναποκλειόντων
1657 3373 1719 3426 τὸ

164 3453 312 3524 Θεῖον,
339 3458 394 3510 ἐν
424 3477 483 3512 τε
514 3459 788 3528 γυναικῶν
820 3459 914 3511 καὶ⁸
948 3459 1155 3531 ἀνδρῶν
1207 3461 1266 3512 οὐ
1310 3460 1579 3530 καθαραῖς
1623 3459 1719 3529 ψυ-

166 3550 287 3614 χαῖς,
315 3549 410 3620 ήδη
440 3549 497 3602 δὲ
526 3550 620 3603 καί⁵
650 3551 742 3602 ἐπὶ
768 3549 1008 3623 κόρακας
1038 3551 1131 3604 καὶ
1162 3551 1384 3621 ἱέρακας
1411 3551 1504 3604 κα)⁸
1525 3551 1717 3613 ἄλλους

164 3640 377 3705 οἰωνοὺς,
407 3641 500 3694 ἐπί
531 3659 593 3695 τε
622 3638 782 3710 αἶγας
805 3643 899 3696 καὶ⁹
925 3642 1061 3696 ἄλλα
1088 3641 1222 3708 ζῶα,
1250 3642 1338 3697 ναὶ
1371 3642 1476 3713 μὴν
1507 3643 1600 3695 καὶ
1624 3643 1716 3695 ἐπὶ

165 3729 342 3784 ὑδάτων
381 3733 686 3796 συστάσεις,
717 3732 774 3785 έν
804 3750 864 3785 τε
895 3733 1346 3805 ἠπατοσκοπίαις,
1383 3733 1474 3786 καὶ
1518 3733 1712 3803 αἵμασι

164 3823 370 3894 νοσερῶν
405 3826 501 3878 καὶ
529 3824 1118 3895 εἰδεχθῶνικνωδάλων,
1151 3824 1396 3896 ἑρπετῶν
1411 3842 1470 3878 τε
1495 3824 1712 3878 ἰοϐόλων

164 3911 406 3982 σώμασιν,
427 3911 538 3968 οἷον
577 3915 883 3987 δρακόντων
931 3916 1026 3970 καὶ
1071 3916 1272 3986 γαλῶν,
1309 3916 1400 3970 καί
1431 3934 1591 3972 τινων
1619 3916 1713 3969 άλ-

161 4001 251 4056 λων
273 4006 710 4078 τοιουτοτρόπων,
740 4008 806 4060 δι’
837 4001 910 4060 ὧν
942 4007 1040 4078 τὴν
1090 4007 1199 4061 τῶν
1250 4008 1550 4078 μελλόντων
1577 4007 1709 4081 πρό-

163 4113 333 4164 γνωσιν
361 4102 410 4153 oi
438 4101 732 4171 θαυμάσιοι
759 4101 851 4154 τὸν
891 4103 982 4155 ἐπὶ
1017 4102 1233 4156 πάντων
1262 4102 1395 4156 Θεὸν
1433 4105 1709 4172 ἐκφαίνειν

161 4187 480 4263 ὑπειλήφασι.
514 4192 686 4246 Τοῦτο
729 4193 774 4247 δ’
804 4194 1018 4266 ἀνδρῶν
1058 4189 1126 4266 ἦν
1177 4193 1251 4266 μὴ
1285 4197 1706 4267 συνεωρακότων

160 4280 273 4334 Θεοῦ
301 4283 473 4351 φύσιν,
515 4284 650 4354 μηδέ
679 4302 742 4353 γε
773 4286 917 4340 θείου
940 4286 1253 4357 Πνεύματος
1281 4286 1507 4357 δύναμιν
1531 4289 1709 4340 ἐπινε-

160 4375 416 4442 νοηκότων,
451 4375 702 4446 οὐδαμῶς
755 4377 850 4447 μὲν
905 4377 1385 4450 ἐμφιλοχωροῦσαν
1417 4378 1641 4449 ἀψύχοις
1669 4380 1702 4449 ἢ

158 4463 341 4532 ἀλόγοις
385 4466 565 4532 ζώοις,
599 4467 714 4520 ἀλλ’
742 4468 851 4521 οὐδ’
881 4471 938 4522 ἐν
984 4468 1220 4538 λογικοῖς
1271 4469 1494 4532 ἅπασιν,
1526 4471 1575 4523 εί
1629 4473 1701 4543 μή

1837 2017 1941 2071 que
1972 2003 2040 2056 de
2058 2002 2167 2056 diis
2201 2009 2253 2056 et
2287 2002 2554 2056 nefandas
2585 1999 2966 2054 narrationes:
3000 2013 3029 2049 a
3059 1996 3258 2065 quibus
3281 2009 3405 2048 cum

1829 2092 2079 2146 homines
2099 2093 2471 2161 prohiberent,
2494 2106 2663 2145 unum
2680 2089 2920 2143 universi
2944 2088 3190 2157 Opilicem
3209 2085 3403 2150 Deum,

1830 2183 1994 2253 209
2025 2185 2182 2252 quasi
2214 2184 2498 2252 prazsidem
2534 2197 2599 2236 ac
2633 2181 2876 2250 iudicem
2910 2179 3154 2233 omnium
3183 2192 3303 2247 qua:
3335 2177 3404 2230 ab

1829 2273 2144 2325 lwrninibus
2189 2279 2443 2339 agantur,
2493 2279 2552 2324 ut
2583 2269 2946 2332 atlenderent,
2989 2267 3400 2321 hortabantur:

1828 2372 1992 2434 atque
2047 2364 2264 2417 interim
2317 2379 2385 2416 ne
2424 2363 2744 2432 ignorarent
2792 2376 2938 2423 eum,
2991 2360 3084 2429 qui
3137 2365 3402 2421 venturus

1825 2461 1942 2508 erat
1973 2454 2040 2506 ad
2065 2453 2333 2515 homines,
2371 2453 2650 2508 Christum
2690 2452 2875 2521 utique
2915 2450 3029 2514 Dei,
3061 2449 3398 2502 Salvatorem

1826 2544 2069 2599 universi
2108 2545 2330 2597 humani
2355 2545 2594 2614 generis,
2627 2559 2690 2598 ac
2719 2544 3004 2597 Doctorem
3056 2555 3165 2594 non
3214 2538 3398 2591 minus

1825 2634 2073 2689 barbaris
2122 2649 2286 2704 quam
2338 2636 2540 2688 Graecis
2593 2651 2730 2688 verae
2781 2633 2996 2704 pietatis
3042 2632 3396 2685 destinatum.

1824 2725 1952 2780 Haec
2005 2741 2136 2781 sane
2188 2732 2306 2780 erat
2360 2725 2668 2780 differentia
2705 2727 2848 2780 inter
2877 2740 2973 2779 eos
3005 2724 3097 2792 qui
3132 2721 3396 2792 Spiritum

1825 2818 1921 2873 Dei
1948 2826 2286 2888 receperant,
2319 2826 2374 2873 et
2402 2835 2497 2873 eos
2526 2819 2620 2888 qui
2665 2818 2968 2872 daemonico
3020 2816 3284 2869 instinctu
3311 2812 3397 2866 di-

1823 2909 2153 2964 vinationem
2215 2907 2634 2978 proﬁtebantur.
2687 2906 2890 2960 Deinde
2919 2919 3144 2976 pravum
3175 2901 3392 2972 quidem

1824 3000 2253 3071 unumquodque
2321 3000 2646 3055 daemonium
2715 3008 2975 3067 tanquam
3044 2995 3393 3049 tenebrarum

1823 3095 2078 3160 amicum,
2127 3093 2368 3147 animum
2414 3092 2653 3146 tenebris
2693 3099 2749 3145 et
2804 3090 3034 3159 caligine
3089 3086 3394 3150 involvens,

1822 3200 2050 3242 accessu
2090 3200 2192 3240 suo
2219 3199 2604 3255 quemcunque
2640 3181 2744 3236 sibi
2780 3181 3110 3249 subjecerat,
3157 3172 3393 3229 naturali

1822 3296 1924 3336 usu
1956 3279 2186 3335 rationis
2219 3279 2589 3340 deturbatum,
2621 3276 2778 3346 quasi
2807 3281 3080 3328 mortuum
3114 3267 3394 3326 distende-

1819 3373 1932 3428 bat.
1970 3370 2158 3441 Itaque
2193 3371 2284 3426 ille
2303 3377 2564 3438 tanquam
2605 3368 2751 3420 omni
2788 3380 2952 3419 sensu
2986 3363 3276 3433 spoliatus,
3308 3358 3392 3412 fa-

1817 3473 2049 3532 ctusque
2077 3476 2286 3522 amens,
2317 3459 2447 3529 quid
2487 3474 2516 3511 a
2560 3472 2619 3513 se
2649 3457 2731 3510 vel
2771 3455 3045 3509 diceretur
3076 3453 3159 3507 vel
3195 3465 3386 3519 agere-

1817 3563 1926 3618 tur,
1954 3531 2267 3622 neutiquam
2297 3549 2652 3619 intelligentia
2686 3531 3141 3616 consequebatur.
3179 3542 3256 3597 Ex
3280 3556 3387 3612 qua

1816 3663 1876 3702 re
1909 3645 2105 3700 merito
2140 3641 2452 3699 istiusmodi
2499 3639 2814 3696 alienationi
2862 3652 3060 3691 nomen
3108 3636 3387 3704 imposue-

1815 3746 1965 3801 runt,
1999 3737 2146 3806 quod
2186 3750 2310 3790 cum
2342 3733 2733 3788 divinationem
2781 3728 3065 3799 signiﬁcet,
3123 3742 3155 3781 a
3202 3725 3387 3782 furore

1811 3829 2028 3884 videtur
2070 3843 2193 3884 esse
2233 3826 2548 3882 deductum.
2605 3821 2780 3878 Verus
2828 3829 3009 3875 autem
3058 3819 3388 3889 divinusque

1814 3920 2056 3993 Spiritus
2089 3935 2214 3976 cum
2261 3917 2655 3979 lucidissimus,
2697 3931 2760 3968 ac
2801 3914 2983 3984 potius
3018 3913 3134 3983 ipsa
3169 3913 3261 3966 lux
3290 3912 3383 3974 sit,

1812 4015 1879 4068 ad
1908 4027 2293 4083 quamcunque
2324 4009 2562 4062 animam
2587 4013 2920 4069 accesserat,
2952 4009 3008 4059 in
3033 4020 3095 4059 ea
3122 4006 3384 4059 continuo

1810 4122 2009 4162 novum
2070 4123 2134 4161 ac
2185 4103 2691 4177 splendidissimum
2743 4101 2883 4156 lucis
2926 4100 3068 4155 diem
3100 4113 3384 4173 compara—

1808 4202 1923 4264 bat,
1953 4199 2310 4270 eamdemque
2338 4205 2392 4252 et
2425 4197 2657 4252 nitidam
2697 4203 2752 4251 et
2791 4195 2858 4248 ad
2903 4192 3380 4261 contemplandum

1809 4289 2080 4354 idoneam,
2105 4291 2277 4344 multo
2309 4288 2542 4358 amplius
2573 4302 2718 4342 nunc
2741 4301 2904 4356 quam
2931 4283 3081 4353 prius
3101 4299 3224 4338 esse
3248 4297 3382 4336 con-

1808 4383 2100 4448 suevisset,
2135 4381 2417 4436 reddebat.
2451 4378 2640 4450 Itaque
2673 4394 2797 4432 cum
2834 4377 3069 4430 maxime
3108 4382 3163 4431 et
3205 4373 3378 4430 sobrii

1807 4482 1985 4537 erant,
2010 4482 2064 4529 et
2094 4474 2410 4544 vigilabant,
2442 4465 2496 4527 el
2527 4487 2634 4544 prae
2668 4471 2792 4524 aliis
2837 4469 3092 4523 omnibus
3126 4482 3248 4537 quae
3280 4480 3376 4520 ca-

159 4570 264 4609 ποτε
328 4559 432 4630 ἄρα
479 4559 512 4629 ἢ
567 4559 742 4630 μόνων
773 4559 957 4631 ψυχῶν
1001 4561 1096 4614 καὶ
1141 4561 1419 4632 ἐναρέτοις
1474 4561 1702 4633 ψυχαῖς,

1817 4568 2031 4631 nebant,
2067 4568 2170 4637 ipsi
2206 4567 2560 4621 intuebantur
2609 4573 2663 4620 et
2711 4562 3123 4633 comparabant.
3160 4560 3239 4615 Ex
3267 4576 3379 4630 quo

158 4647 276 4710 οἵους
315 4649 442 4718 ἡμῖν
487 4651 692 4720 ἀρτίως
720 4652 748 4702 ὁ
772 4650 925 4719 λόγος
951 4651 1078 4716 τοὺς
1118 4651 1383 4724 Ἐϐραίων
1420 4653 1702 4724 ὑπέγραψε

160 4742 433 4812 προφήταςο
466 4743 562 4806 οὓς
593 4743 687 4796 τοῦ
720 4743 864 4796 θείου
897 4744 1210 4816 Πνεύματός
1246 4763 1424 4817 φαμεν
1467 4744 1702 4817 ἀξιωθῆ·

158 4846 225 4883 ναι
256 4834 494 4902 μεγάλων
537 4836 722 4888 ἐνεκεν
755 4837 1096 4906 πραγμάτων
1123 4838 1446 4908 οἰκουμένης
1485 4839 1702 4908 ἀπάσης

157 4920 422 4994 ἀνθρώπων
463 4926 743 4996 βελτιώσει
787 4927 1256 4998 συμϐαλλομένων.
1286 4930 1347 4982 El
1373 4929 1428 4981 δέ
1464 4930 1575 4981 ποτ’
1599 4929 1698 4981 αύ-

156 5015 245 5077 :o't;
273 5018 418 5080 σκιᾶς
446 5017 605 5089 δίκην
634 5017 987 5090 ἐπηκολούθει
1016 5019 1074 5072 τὸ
1100 5020 1193 5072 καὶ
1220 5020 1287 5072 τά
1323 5021 1566 5090 παρόντα
1591 5021 1698 5073 τῶν

160 5102 309 5169 μέσων
333 5107 425 5158 καὶ
450 5105 759 5177 ἀδιαφόρων
785 5107 1090 5179 γνωρίζειν,
1123 5110 1215 5162 καὶ
1249 5108 1532 5180 προλέγειν
1561 5110 1698 5164 κατὰ

156 5196 313 5265 καιρὸν
350 5199 416 5252 τά
443 5200 783 5270 ἀγνοούμενα
813 5203 926 5264 τοῖς
961 5201 1234 5272 ἐρωτῶσιν
1265 5205 1574 5271 ἀναγκαίως
1603 5205 1697 5256 καὶ

157 5287 284 5342 τοῦτο
316 5296 427 5356 τοῖς
471 5293 640 5347 πάλαι
675 5294 858 5357 αὐτοῖς
905 5294 1262 5365 πλησιάζουσι
1314 5299 1592 5368 παρεῖχον,
1619 5297 1695 5361 ὼς

156 5376 207 5430 ἂν
236 5384 299 5454 μὴ
325 5384 528 5439 δοκοῖεν
555 5388 606 5440 οἱ
629 5386 795 5456 λίχνοι
817 5389 944 5461 περὶ
967 5388 1065 5452 τὰς
1095 5388 1428 5460 προγνώσεις
1459 5389 1694 5457 εὐλόγως

157 5469 428 5528 ἀποκλίνειν
465 5477 559 5530 ἐπὶ
602 5477 672 5529 τὰ
701 5477 805 5542 ἔξω
852 5479 958 5531 τῶν
1005 5478 1315 5547 ἀλλοφύλων
1344 5478 1512 5531 ἐθνῶν
1556 5496 1690 5550 μαν-

157 5567 252 5616 τεῖα
281 5569 462 5623 σπάνει
493 5570 788 5642 προςρητῶν
812 5570 1045 5625 οἰκείων.
1066 5571 1224 5624 Ἀ).λά
1255 5571 1426 5634 ταῦτα
1463 5571 1561 5642 μὲν
1589 5565 1690 5624 ὦδε

161 5653 280 5720 τέλος
304 5660 485 5729 ἐχέτω,
517 5663 619 5733 τῆς
652 5664 709 5714 ἐν
754 5667 864 5726 τοῖς
905 5663 1170 5733 Ἑϐραίων
1205 5665 1509 5735 προφήταις
1542 5662 1689 5726 θείας

163 5742 398 5818 δυνάμεως
428 5754 556 5808 ὄντα
589 5755 1134 5828 παραστατικά.’³Ωρα
1163 5755 1226 5827 δὴ
1250 5751 1342 5809 οὖν
1367 5757 1568 5820 αὐτοῖς,
1601 5751 1688 5809 οἷα

165 5833 213 5906 δὴ
234 5839 414 5908 ἐνθέοις
438 5845 662 5918 ἀνδράσι
689 5845 781 5899 καὶ
811 5848 1014 5916 σοφοῖς,
1041 5847 1102 5899 οὐ
1132 5845 1250 5899 κατ’
1279 5845 1564 5917 ἄνθρωπον
1594 5845 1684 5913 γέ-

1807 4654 1937 4708 tnihi
1971 4655 2106 4710 bene
2134 4670 2368 4724 vereque
2400 4655 2650 4709 videmur
2687 4667 2782 4708 eos
2826 4652 2919 4722 qui
2967 4652 3103 4707 tales
3152 4650 3378 4706 exstite-

1802 4747 1933 4810 rint,
1966 4761 2164 4802 vocare
2193 4747 2504 4817 prophetas,
2532 4745 2679 4816 quod
2703 4744 2922 4799 divinus
2956 4743 3010 4797 in
3033 4744 3114 4798 eis
3137 4741 3375 4814 Spiritus

1803 4844 1928 4891 ante
1953 4836 2264 4900 ostendere,
2290 4844 2344 4891 et
2377 4837 2582 4891 lumine
2615 4851 2718 4891 suo
2739 4835 3060 4905 anticipare,
3095 4848 3204 4888 non
3233 4848 3374 4904 prae-

1800 4926 2036 4979 sentium
2087 4924 2270 4990 modo,
2323 4940 2507 4978 verum
2561 4924 2722 4978 etiam
2794 4924 3104 4976 futurorum
3163 4934 3367 4984 veram,

1799 5029 2112 5087 certamque
2135 5017 2499 5086 cognitionem
2523 5015 2888 5069 consueverit.
2924 5012 3214 5072 Cancrum,
3239 5026 3373 5065 con-

1798 5109 2155 5177 templamini,
2191 5123 2394 5177 quaeso,
2434 5106 2664 5175 longene
2717 5104 2911 5158 melior
2946 5104 3060 5157 hinc
3095 5110 3149 5155 et
3189 5103 3371 5154 verior

1795 5203 1988 5264 oratio,
2021 5215 2142 5270 quae
2170 5201 2246 5253 ait
2268 5199 2511 5254 divinum
2545 5199 2808 5267 Spiritum
2847 5198 2901 5250 in
2935 5197 3146 5249 animas
3169 5208 3370 5262 expur-

1795 5302 1970 5365 gatas,
2005 5301 2059 5346 et
2088 5293 2152 5348 ad
2191 5293 2596 5362 suscipiendam
2625 5291 2971 5344 Divinitatem
3007 5283 3366 5352 intelligentia

1793 5393 1848 5441 et
1880 5387 2091 5440 ratione
2135 5385 2305 5438 nitida
2358 5392 2723 5454 comparatas,
2774 5379 2984 5451 ingredi
3017 5376 3261 5436 solitum,
3296 5391 3364 5429 an

1791 5491 1981 5533 eorum
2014 5476 2106 5546 qui
2149 5477 2204 5528 in
2234 5476 2463 5530 materia
2502 5474 2744 5528 inanima
2775 5481 2828 5526 et
2869 5468 3230 5524 tenebricosis
3273 5483 3362 5519 se-

1790 5570 2058 5633 cessibus,
2109 5567 2352 5622 divinum
2403 5567 2550 5637 quod
2600 5567 2691 5628 sit,
2738 5563 3267 5630 includuntaatquc
3301 5562 3357 5612 in

1788 5661 2115 5716 feminarum
2145 5659 2498 5728 virorumque
2529 5658 2760 5729 impuris
2786 5657 3006 5720 animis,
3050 5669 3262 5710 necnon
3296 5652 3354 5707 in

1788 5756 1967 5811 corvis
2022 5762 2184 5824 atque
2232 5752 2585 5824 accipitribus
2617 5753 2916 5822 avibusque
2954 5750 3186 5811 caeteris,
3223 5761 3359 5818 prte-

1788 5855 1934 5905 terea
1968 5845 2022 5900 in
2054 5845 2233 5918 capris
2255 5852 2304 5901 et
2339 5845 2566 5915 reliquis
2597 5845 2946 5908 animalibus,
2980 5840 3277 5914 quinetiam
3303 5837 3358 5893 in
