3954 6508
581 419 690 476 547
1199 420 1470 477 EUSEBII
1509 411 1990 476 CAESAIUENSIS
2027 421 2146 476 OPP

2253 421 2405 478 ΑΗΒ.
2448 423 2515 480 lt.
2555 453 2623 464 —-
2654 418 3150 477 APOLOGETICA.

582 552 846 618 aquarum
872 538 1307 600 collectionibus,
1337 539 1393 592 in
1417 538 1742 608 extiSpiciis,
1777 541 1830 593 in
1861 541 2146 595 cruoribus

2258 541 2519 611 νομένοις,
2536 542 2653 593 κατ’
2671 541 2954 594 ἐπίπνοιαν
2977 538 3033 592 δὲ
3051 537 3194 591 θείου
3213 535 3527 607 Πνεῦματος
3543 553 3622 590 πε
3635 535 3878 588 ίθεσθαι

579 631 894 684 odiosarum
932 645 994 684 ac
1027 630 1349 684 deformium
1407 631 1733 694 belluarum,
1767 633 1822 686 in
1853 640 2146 687 venenato-

2255 633 2581 696 διδάσκουσι,
2612 630 2955 684 παιδεύεσθαί
2987 647 3046 684 τε
3075 629 3143 683 τὰ
3175 629 3304 700 παρ’
3331 629 3516 691 αὐτοῖς
3561 627 3874 697 δόγματα,

581 736 702 774 rum
734 725 1067 791 serpentium
1101 723 1446 792 corporibus,
1473 731 1531 776 ut
1554 721 1852 777 draconum
1877 733 1930 777 et
1951 731 2146 777 muste-

2257 723 2350 776 καὶ
2393 723 2490 786 τὰς
2521 722 2764 784 εὐσεϐεῖς
2797 723 2892 774 καὶ
2925 719 3290 782 ἀδιαπτὼτους
3319 719 3630 787 θεολογίας,
3669 717 3876 771 οὐκέτ’

581 812 778 878 larum,
809 823 863 867 et
895 815 1126 867 aliorum
1173 815 1414 883 ejusdem
1439 814 1675 884 generis,
1713 830 1809 884 per
1839 831 1960 884 quae
2009 813 2146 867 futu-

2256 814 2582 884 ἀμφιϐολίαν
2619 813 2830 884 ἔχοντα,
2865 815 2937 884 μή
2969 829 3044 882 πη
3073 814 3271 883 ἀρετῆς
3312 808 3406 865 καὶ
3447 812 3742 882 ἀληθείας
3771 811 3876 863 ἀ).-

581 921 762 960 rarum
799 921 982 959 rerum
1014 907 1380 976 cognitionem
1419 919 1448 958 a
1481 922 1738 976 supremo
1780 907 1892 962 Deo
1921 905 2146 960 indicari

2253 907 2460 978 λότριον
2487 905 2801 974 ἐπάγονται.
2831 907 2952 977 ιιιιίρ“
2979 901 3072 958 οῦν
3101 905 3202 976 ἤδη
3230 905 3434 967 λοιπὸν,
3465 903 3876 966 ἀναλαϐόντες

579 999 632 1046 et
661 994 838 1062 prodi,
863 995 1212 1052 admirabiles
1237 996 1326 1050 isti
1351 1003 1402 1050 et
1427 997 1626 1064 egregii
1654 1005 1932 1062 auctores,
1961 1004 2146 1050 contra

2253 997 2312 1061 ἐξ
2341 997 2590 1067 ὑπαρχῆς
2631 997 2720 1048 τὸν
2763 997 2938 1064 λόγον,
2967 996 3064 1067 τὴν
3096 998 3154 1048 ὲν
3181 999 3292 1058 τοῖς
3319 995 3696 1064 Εὐαγγελίοις
3729 993 3872 1066 περὶ

578 1097 716 1150 quos
745 1084 1002 1150 dicimus,
1049 1098 1400 1156 putaverunt.
1437 1089 1600 1157 210
1632 1087 1803 1142 Porro
1868 1088 2012 1142 istuc
2055 1087 2146 1142 ho-

2251 1090 2350 1160 τὴν
2379 1087 2472 1141 τοῦ
2495 1089 2744 1159 Σωτῆρος
2766 1089 2920 1158 ἡμῶν
2947 1089 3120 1158 Ἰησοῦ
3147 1089 3240 1141 τοῦ
3269 1088 3504 1159 Χριστοῦ
3527 1087 3870 1155 θεολογίαν,

577 1175 785 1228 ιιιὶιιυιη
817 1175 921 1229 fuit
951 1179 1156 1231 nullam
1183 1179 1380 1234 divina:
1407 1190 1617 1234 natura:
1657 1181 1926 1234 rationem
1955 1179 2146 1234 haben-

2251 1178 2360 1230 ἀπὸ
2415 1179 2514 1248 τῆς
2575 1179 2915 1248 προφητικῆς
2969 1179 3270 1250 μαρτυρίας
3329 1177 3872 1249 πιστωσιὶιμεθα.Ἦ

577 1269 736 1330 tium,
779 1286 956 1340 neque
987 1287 1116 1326 vero
1148 1287 1396 1341 quamam
1451 1272 1520 1326 sit
1567 1271 1734 1325 divini
1783 1271 2019 1341 Spiritus
2045 1271 2150 1336 vis,

576 1361 1070 1428 considerantium,
1101 1381 1222 1434 qua:
1254 1365 1404 1418 nullo
1431 1363 1592 1418 modo
1617 1364 1856 1416 inanima
1879 1364 2152 1432 brutaque

577 1451 834 1506 animalia
875 1453 1112 1508 incolere
1157 1455 1376 1525 gaudet,
1413 1469 1474 1508 ac
1511 1470 1578 1510 ne
1613 1454 1900 1507 rationalia
1933 1453 2150 1522 quidem

576 1549 796 1606 cuncta,
823 1543 916 1596 sed
946 1558 1008 1597 ea
1039 1553 1248 1598 tantum
1279 1547 1334 1598 in
1363 1561 1598 1615 quorum
1631 1545 1828 1600 animis
1863 1545 2038 1599 virtus
2067 1544 2152 1596 in-

576 1631 650 1685 sit
697 1633 961 1702 perfecta,
1004 1637 1192 1704 quales
1224 1637 1384 1706 paulo
1423 1649 1545 1690 ante
1575 1633 1868 1706 prophetas
1899 1635 2154 1690 Hebraeo-

575 1735 696 1774 rum
721 1723 898 1776 oratio
921 1734 1111 1780 nostra
1137 1725 1452 1796 descripsit.
1485 1741 1622 1796 quos
1654 1727 1896 1782 diximus
1929 1741 2153 1794 magna~

574 1827 696 1866 rum
733 1829 914 1869 rerum
961 1831 1151 1880 causa,
1191 1817 1375 1871 divino
1413 1817 1618 1886 Spiritu
1651 1819 1844 1887 dignos
1896 1833 2020 1871 esse
2052 1817 2150 1869 ba-

2257 1271 2353 1340 μὲν
2397 1266 2488 1324 οὖν
2532 1270 3163 1342 εὐαγγελικὴμαρτυῴα
3195 1265 3299 1323 ὦδε
3330 1271 3420 1323 τὸν
3451 1271 3710 1342 Χριστὸν
3743 1270 3870 1323 θεο-

2251 1363 2430 1432 λογεῖ·
2466 1381 2484 1413 ι
2509 1365 2594 1416 Ἐν
2625 1365 2765 1435 ἀρχῇ
2801 1359 2867 1433 ἦν
2914 1366 2941 1416 ὁ
2983 1361 3172 1431 Λόγος,
3199 1363 3290 1415 καὶ
3327 1364 3355 1414 ὁ
3393 1363 3564 1429 Λόγος
3589 1358 3680 1432 ἦν
3719 1361 3870 1434 πρὸς

2250 1455 2342 1508 τὸν
2371 1455 2520 1519 Θεὸν,
2547 1457 2640 1509 καὶ
2669 1457 2801 1518 Θεὸς
2833 1451 2898 1526 ἦν
2929 1456 2957 1506 ὁ
2987 1455 3174 1522 Λόγος.
3207 1455 3392 1508 Πάντα
3417 1455 3484 1507 δι’
3515 1455 3704 1508 αὐτοῦ
3737 1455 3866 1522 ἐγέ-

2252 1563 2392 1606 νετο,
2430 1546 2520 1598 καὶ
2554 1547 2719 1617 χωρῖς
2768 1545 2934 1598 αὑτοῦ
2970 1546 3184 1614 ἐγένετο
3229 1546 3348 1598 οὐδὲ
3375 1545 3454 1598 ἓν.
3491 1565 3510 1599 ι
3557 1545 3766 1598 Καλεῖ
3815 1545 3864 1598 δ’

2252 1638 2410 1690 αὐτὸν
2443 1639 2534 1690 καὶ
2558 1638 2670 1706 φῶς
2697 1637 2900 1708 νοερὸν,
2931 1637 3087 1690 καλεί
3129 1637 3185 1689 δὲ
3231 1639 3324 1690 καὶ
3359 1637 3582 1709 Κύριον,
3615 1639 3864 1710 ὡσπερ-

2249 1729 2343 1781 οῦν
2389 1730 2482 1782 καὶ
2527 1729 2676 1782 Θεόν.
2711 1731 2817 1783 Καὶ
2855 1733 2886 1782 ὁ
2931 1729 3216 1792 θεσπέσιος
3265 1731 3322 1783 δὲ
3361 1731 3591 1795 Παῦλος,
3623 1727 3736 1784 οἷα
3763 1731 3862 1784 τοῦ

2251 1821 2484 1892 Χριστοῦ
2523 1821 2768 1892 μαθητὴς
2799 1820 2874 1874 ὣν
2903 1821 2994 1874 καὶ
3024 1821 3340 1884 ἀπόστολος,
3367 1821 3580 1892 συνᾴδει
3613 1823 3698 1892 τῇ
3733 1821 3858 1875 θεο-

571 1904 742 1968 bitos,
773 1914 960 1976 utpote
994 1908 1084 1976 qui
1119 1907 1270 1963 orbis
1305 1907 1546 1962 universi
1583 1908 1898 1962 hominibus
1928 1923 1988 1961 ea
2017 1923 2146 1976 pro-

2251 1913 2427 1984 λογίᾳ,
2461 1913 2632 1966 ταῦτα
2677 1914 2804 1984 περὶ
2841 1912 3002 1966 αὑτοῦ
3045 1911 3287 1978 διεξιών
3327 1913 3456 1976 ι”Ος
3483 1915 3644 1966 ἐστιν
3683 1913 3860 1966 εἰκὼν

574 1995 766 2050 derent
798 2013 918 2066 qua:
948 1997 1012 2051 ad
1056 1999 1297 2068 ipsorum
1337 1999 1389 2052 in
1441 2002 1643 2053 virtute
1689 1999 1990 2068 profectum
2022 2013 2151 2052 con-

573 2087 870 2154 ducerent;
935 2089 1077 2159 quod
1139 2090 1182 2144 si
1235 2090 1456 2160 quando
1521 2091 1642 2144 illos
1696 2091 1870 2144 instar
1919 2091 2147 2154 umbrte,

574 2178 740 2231 etiam
793 2194 976 2233 rerum
1013 2182 1362 2249 praesentium
1411 2197 1474 2234 ac
1507 2181 1811 2234 mediarum
1863 2189 2025 2250 atque
2065 2181 2151 2234 in-

574 2267 940 2323 diﬁ'erentium
972 2273 1213 2340 cognitio
1247 2273 1504 2326 comitata
1555 2280 1659 2334 est,
1707 2289 1878 2342 usque
1928 2273 2062 2326 adeo
2092 2279 2150 2325 ut

573 2357 986 2415 sciscitantibus
1039 2377 1158 2430 qua:
1207 2363 1541 2430 ignorarent,
1593 2362 1660 2415 ad
1689 2367 1901 2430 tempus
1932 2377 2150 2432 quoque

571 2449 954 2520 frredicerent,
1001 2453 1162 2507 etiam
1199 2453 1304 2509 hoc
1339 2455 1514 2524 ipsum
1551 2455 1864 2508 necessario
1903 2455 2012 2508 illis
2055 2455 2148 2525 qui

571 2537 640 2594 ad
679 2541 826 2611 ipsos
858 2541 1214 2608 accederent,
1259 2545 1570 2612 przebebant
1599 2563 1612 2597 :
1667 2544 1926 2598 nimirum
1959 2563 2028 2600 ne
2059 2547 2146 2602 isti

573 2631 777 2686 curiosi
816 2647 880 2686 ac
938 2649 1200 2703 perquam
1251 2635 1392 2688 avidi
1444 2635 1864 2699 divinationum,
1897 2637 2021 2704 jure
2075 2637 2144 2692 ad

573 2729 816 2776 extrema
848 2724 1074 2777 aliarum
1105 2725 1388 2778 nationum
1419 2726 1660 2789 oracula,
1695 2729 1920 2794 penuria
1953 2727 2144 2782 dome-

574 2814 839 2866 sticorum
889 2815 1302 2883 prOphetarum,
1357 2816 1616 2870 secedere
1663 2817 1999 2871 viderentur.
2037 2817 2142 2872 Sed

571 2901 688 2954 haec
711 2901 980 2956 hactenus
1007 2903 1152 2956 dicta
1186 2905 1316 2968 sint,
1351 2905 1418 2959 ad
1455 2905 1602 2958 illam
1645 2907 1756 2959 vim
1783 2907 2020 2960 divinam
2052 2908 2147 2962 de—

572 2991 984 3046 monstrandam
1014 3010 1135 3063 qua:
1157 2995 1212 3048 in
1251 2997 1534 3066 prophetis
1563 2995 1912 3051 l-lebraaorum
1945 2998 2142 3052 inerat.

573 3080 814 3152 Tempus
853 3083 1020 3153 igitur
1060 3085 1173 3154 jam
1208 3093 1380 3140 estut
1413 3087 1490 3140 illi
1521 3093 1780 3156 tanquam
1821 3088 1856 3141 ii
1899 3088 1992 3157 qui
2041 3090 2144 3142 viri

571 3174 742 3228 divini
790 3176 1196 3246 sapientesque,
1245 3191 1356 3232 non
1405 3178 1644 3232 humano
1696 3193 1868 3241 more,
1915 3180 2146 3235 exstite-

2251 2006 2343 2058 τοῦ
2373 2004 2506 2060 Θεοῦ
2536 2005 2784 2076 ἀοράτου,
2819 2005 3165 2076 Πρωτότοκος
3191 2005 3634 2075 πάσηςκτίσεως,
3675 2009 3768 2060 ὅτι
3799 2009 3856 2060 ὲν

2252 2096 2400 2166 αὐτῷ
2417 2096 2637 2166 ἐκτίσθη
2669 2095 2736 2148 τὰ
2753 2097 2944 2160 πάντα,
2960 2097 3028 2148 τὰ
3045 2099 3102 2149 ὲν
3131 2099 3242 2160 τοῖς
3265 2097 3514 2168 οὐρανοῖς
3531 2098 3626 2150 καὶ
3657 2097 3738 2150 τὰ
3761 2099 3858 2150 ἐπὶ

2249 2189 2346 2256 τῆς
2381 2189 2500 2258 τῆς,
2520 2189 2628 2240 εἴτε
2657 2188 2856 2259 θρόνοι,
2877 2191 2983 2241 εἴτε
3003 2189 3342 2260 κυριότητες,
3369 2189 3476 2242 εἴτε
3503 2192 3708 2262 ἀρχαὶ.
3741 2191 3852 2244 εἴτε

2251 2279 2508 2343 ἐξουσίαι.
2535 2277 2616 2330 Τὰ
2649 2277 2824 2331 πάντα
2853 2278 2918 2330 δι’
2952 2278 3116 2331 αὐτοῦ
3145 2279 3237 2333 καὶ
3258 2281 3336 2342 εἰς
3367 2279 3528 2332 αὑτὸν
3563 2279 3849 2340 ἔκτισται,

2249 2373 2341 2424 καλ⁸
2361 2371 2521 2433 αὐτός
2537 2371 2652 2422 ἐστι
2673 2371 2780 2440 πρὸ
2799 2371 3034 2434 πάντων,
3059 2372 3150 2424 καὶ
3165 2369 3232 2422 τὰ
3253 2371 3432 2422 πάντα
3445 2371 3512 2423 δι’
3525 2371 3706 2424 αὑτοῦ
3725 2389 3848 2424 συν-

2251 2463 2467 2534 έστηκε.
2493 2483 2510 2514 ι
2527 2461 2804 2532 Κέκληται
2839 2463 2932 2515 καὶ
2957 2463 3090 2514 Θεοῦ
3113 2462 3338 2532 δύναμις
3365 2464 3453 2515 καὶ
3472 2463 3608 2515 Θεοῦ
3645 2463 3842 2531 σοφία.

2247 2555 2396 2607 Abt-dt
2431 2553 2493 2624 δὴ
2527 2549 2620 2606 οῦν
2651 2553 2824 2606 ταῦτα
2871 2553 3154 2624 πρόκειται
3183 2553 3275 2606 καὶ
3301 2552 3396 2604 νῦν
3425 2551 3530 2606 ἀπὸ
3559 2553 3680 2604 τῶν
3711 2554 3844 2622 παρ’

2259 2643 2528 2715 Ἑϐραίοις
2569 2643 2924 2714 προφητικῶν
2953 2644 3178 2714 γραφῶν
3213 2643 3593 2710 ὲξανθίσασθαι
3613 2683 3628 2706 ,
3659 2644 3746 2706 ὡς
3779 2643 3842 2696 ἂν

2245 2737 2334 2789 διὰ
2362 2737 2460 2806 τῆς
2493 2741 2550 2790 ὲν
2587 2737 2866 2808 ἑκατέροις
2905 2737 3018 2799 τοῖς
3069 2735 3258 2808 μέρεσι
3295 2737 3616 2806 συμφωνίας
3657 2737 3698 2806 ἡ
3749 2734 3841 2788 τοῦ

2246 2831 2480 2903 ἀληθοῦς
2507 2829 2780 2894 ἀπόδειξις
2816 2829 3209 2902 παρασταθείη.
3239 2831 3358 2902 Χρὴ
3387 2831 3442 2884 δὲ
3475 2832 3546 2901 μὴ
3585 2832 3836 2898 ἀγνοεῖν,

2245 2924 2326 2975 ὅτι
2355 2923 2400 2974 οἱ
2433 2922 2532 2992 μὲν
2562 2921 2692 2974 θεῖοι
2724 2924 2984 2992 χρησμοὶ,
3013 2922 3147 2975 πολὺ
3176 2923 3234 2975 τὸ
3263 2923 3355 2974 καὶ
3386 2923 3522 2993 πρὸς
3551 2921 3712 2986 λέξιν
3743 2922 3836 2976 καὶ

2245 3014 2384 3083 πρὸς
2426 3013 2668 3065 διάνοιαν
2731 3011 3006 3086 ὑπερφυὲς
3043 3017 3108 3084 τῇ
3169 3013 3430 3084 Ἐϐραίων
3473 3017 3628 3084 φωνῇ
3681 3030 3838 3086 ⁸περι--

2246 3107 2479 3176 έχοντες,
2529 3107 2782 3179 διαφόρου
2827 3107 2924 3177 τῆς
2949 3107 3040 3159 ἐπὶ
3085 3107 3144 3159 τὸ
3190 3105 3494 3177 Ἑλληνικὸν
3527 3107 3835 3177 ἑρμηνείας

2245 3201 2595 3270 τετυχήκασι,
2615 3197 2706 3250 τοῦ
2728 3197 3109 3270 δυσθεωρήτου
3139 3197 3316 3270 χάριν.
3351 3200 3412 3251 Οί
3439 3199 3482 3250 δ’
3507 3193 3600 3250 οῦν
3635 3197 3832 3270 ἄνδρες

573 3274 720 3330 runt,
751 3267 841 3320 sed
869 3267 1027 3322 amati
1052 3269 1236 3324 divino
1263 3269 1487 3340 Spiritu,
1511 3287 1632 3340 qua:
1649 3269 1916 3326 credenda
1941 3278 2146 3334 essent,

2251 3267 2459 3362 ἀθρόως
2502 3291 2738 3362 Ἑϐραῖοι
2783 3267 3084 3360 συμφῶνως
3126 3267 3291 3353 αὐτὰς
3330 3267 3832 3360 μεταϐεϐλήκασιν,

571 3358 880 3424 docuerint,
943 3375 1042 3414 sua
1093 3361 1336 3431 ipsorum
1388 3361 1634 3426 decreta,“
1681 3370 1734 3416 et
1785 3377 1910 3416 cum
1947 3363 2146 3431 pietate

571 3451 898 3521 conjunctas
930 3454 1390 3524 incorruptasque
1445 3456 1772 3525 tbeologias,
1827 3457 1945 3510 sine
1995 3457 2143 3509 omni

570 3559 799 3613 prorsus
824 3546 1184 3616 ambiguitate
1211 3563 1311 3602 nos
1342 3547 1593 3612 doceant,
1623 3557 1680 3602 ut
1709 3551 1989 3604 videamus
2013 3565 2140 3602 num

567 3652 802 3706 usquam
845 3638 1144 3709 quidquam
1197 3653 1227 3692 ιι
1287 3640 1490 3694 virtute
1533 3655 1596 3694 ac
1629 3642 1861 3696 veritate
1903 3643 2138 3696 alienum

569 3727 888 3798 important.
955 3729 1196 3798 Agedum
1260 3729 1426 3797 igitur
1491 3729 1601 3798 jam
1661 3729 1942 3798 deinceps,
2003 3747 2142 3785 novo

567 3817 806 3889 quodam
839 3819 1054 3874 dicendi
1085 3820 1242 3873 initio
1264 3831 1568 3890 assumpto.
1603 3837 1724 3891 quae
1755 3822 1808 3874 in
1833 3821 2144 3890 Evangeliis

569 3909 640 3964 de
672 3909 958 3966 Salvatore
1005 3927 1198 3966 nosuo
1240 3911 1366 3966 Jesu
1409 3913 1626 3968 Christo
1657 3915 1926 3983 theologia
1967 3915 2144 3968 conti-

565 4009 746 4064 netur,
783 4015 901 4054 eam
950 4002 1285 4071 propheticis
1342 4017 1562 4073 quoque
1611 4005 1940 4059 testimoniis
1989 4021 2142 4060 com—

565 4090 880 4159 probemus.
931 4090 1255 4162 Evangelica
1311 4094 1476 4163 igitur
1519 4095 1832 4148 testiﬁcatio
1875 4096 2035 4149 talem
2083 4097 2149 4151 de

2245 3381 2324 3450 οἷς
2361 3386 2588 3458 μάλιστα
2621 3387 2711 3438 τὸν
2742 3385 2864 3438 νοῦν
2892 3383 3246 3456 προσέξομεν,
3284 3383 3365 3435 ὅτι
3403 3381 3466 3452 δὴ
3503 3383 3598 3436 καὶ
3632 3385 3706 3452 τῇ
3738 3379 3828 3434 τοῦ

2245 3479 2481 3552 Χριστοῦ
2529 3478 2825 3548 Ἐκκλησία
2859 3475 3066 3542 τούτοις
3099 3475 3398 3546 κεχρῆσθαι
3439 3473 3613 3542 φίλον.
3657 3473 3730 3526 El
3773 3471 3828 3524 δέ

2247 3589 2346 3624 που
2377 3571 2574 3638 γίνοιτο
2611 3571 2789 3641 χρεία,
2821 3569 2940 3622 οὐδὲ
2969 3567 3066 3632 τὰς
3097 3569 3206 3622 τῶν
3245 3567 3383 3640 μετὰ
3421 3565 3592 3620 ταῦτα
3624 3563 3826 3619 νεωτέ-

2245 3683 2351 3736 ρων
2393 3665 2742 3736 ὲρμηνευτῶν
2781 3663 3042 3727 ἐκδόσεις,
3077 3656 3166 3725 αἶς
3207 3660 3374 3713 εἰσέτι
3406 3659 3498 3712 νῦν
3543 3659 3826 3718 Ἰουδαίοις

2240 3755 2474 3824 χρῆσθαι
2499 3755 2670 3822 φίλον,
2704 3753 3172 3826 παραιτησόμεθα·
3193 3753 3268 3814 ὡς
3295 3751 3360 3804 ἂν
3389 3749 3735 3819 πανταχόθεν
3763 3747 3826 3802 τὰ

2245 3845 2343 3914 τῆς
2393 3845 2716 3910 ἀποδείξεως
2763 3845 2892 3914 ἡμῖν
2944 3841 3292 3912 βεϐαιοτέρας
3337 3840 3486 3910 τύχοι
3537 3837 3824 3905 παραστά-

2253 3954 2408 4000 σεως.
2443 3937 2657 3989 Τούτων
2697 3939 2830 4006 ἡμῖν
2865 3933 3434 4005 πεπροοιμιασμὲνων,
3466 3930 3698 3983 καὶτῶν
3739 3930 3822 3982 ἒν-

2249 4027 2384 4078 θέων
2415 4025 2604 4094 φωνῶν
2639 4027 2738 4096 ἥδη
2766 4027 2948 4079 λοιπὸν
2977 4023 3315 4096 ὲφαψόμεθα.

563 4181 784 4238 Christo
833 4185 1037 4254 profert
1093 4187 1418 4250 theologiam
1457 4207 1468 4241 :
1509 4206 1529 4238 ι
1587 4187 1645 4242 In
1695 4189 1966 4258 principio
2011 4197 2131 4243 erat
2171 4185 2433 4250 Verbum,
2489 4193 2544 4240 et
2601 4183 2840 4240 Verbum
2878 4195 2992 4238 erat
3054 4181 3194 4254 apud
3229 4179 3397 4236 Deum
3437 4198 3448 4233 :
3492 4177 3678 4234 omnia
3727 4189 3820 4246 per

563 4273 742 4343 ipsum
775 4276 916 4331 facta
943 4285 1092 4344 sunt,
1139 4287 1194 4334 et
1239 4281 1358 4336 sine
1383 4281 1506 4351 ipso
1543 4281 1746 4335 factum
1775 4289 1860 4337 est
1890 4283 2026 4336 nihil
2049 4283 2117 4340 ’⁵,
2160 4301 2178 4334 ι
2216 4281 2389 4334 Vocat
2419 4295 2583 4350 porro
2639 4279 2792 4332 illum
2819 4279 2994 4332 lucem
3021 4277 3434 4346 intelligentem,
3467 4279 3630 4327 vocat
3651 4271 3818 4324 etiam

563 4361 878 4432 Dominum,
936 4369 1079 4425 sicut
1129 4373 1343 4428 interim
1397 4373 1564 4428 Deum
1613 4389 1852 4444 quoque.
1905 4373 2131 4428 Divinus
2169 4381 2350 4428 autem
2397 4371 2622 4436 Paulus,
2685 4379 2941 4440 tanquam
2980 4369 3180 4424 Christi
3227 4363 3530 4433 discipulus
3591 4369 3644 4415 et
3682 4374 3817 4430 apo-

565 4463 760 4528 stolus,
793 4465 966 4521 eidem
1000 4468 1292 4538 theologia:
1337 4469 1660 4536 concordat,
1707 4470 1799 4524 ubi
1854 4470 1922 4524 de
1963 4470 2058 4523 illo
2091 4468 2206 4522 haec
2245 4477 2432 4522 narrat
2463 4487 2474 4521 :
2505 4485 2526 4516 ι
2561 4465 2663 4532 Qui
2689 4473 2772 4519 est
2793 4466 2974 4534 imago
3003 4463 3096 4517 Dei
3127 4459 3453 4522 invisibilis,
3485 4455 3818 4528 primogeni-

561 4563 654 4612 ttts
685 4563 863 4615 omnis
891 4573 1174 4626 creaturae,
1221 4565 1482 4634 quoniam
1517 4565 1570 4618 in
1604 4565 1724 4634 ipso
1754 4566 1974 4620 condita
2035 4571 2164 4620 sunt
2197 4553 2477 4624 universa,
2541 4561 2594 4615 in
2634 4561 2772 4615 cmlo
2798 4571 2850 4614 ct
2881 4561 2932 4614 in
2965 4555 3398 4618 terra,-visibilia
3419 4563 3472 4608 et
3495 4549 3814 4610 invisibilia,

565 4646 678 4701 sive
692 4650 898 4718 throni,
915 4653 1029 4706 sive
1047 4654 1468 4716 dominationes,
1509 4655 1623 4708 sive
1643 4655 2008 4724 principatus,
2035 4656 2148 4710 sive
2183 4659 2502 4722 potestates,
2521 4652 2704 4705 omnia
2723 4666 2818 4720 per
2836 4651 3013 4720 ipsum
3035 4657 3088 4701 et
3115 4647 3168 4700 in
3205 4646 3326 4715 ipso
3371 4649 3554 4697 creata
3575 4649 3730 4700 51ml.
3755 4643 3808 4692 εί

565 4743 682 4806 ipse
709 4747 791 4794 est
831 4749 956 4796 ante
993 4745 1196 4806 omnia,
1246 4755 1298 4799 et
1346 4747 1530 4799 omnia
1571 4763 1666 4815 per
1704 4747 1883 4815 ipsum
1932 4748 2265 4800 constant".
2294 4765 2312 4796 ι
2349 4743 2590 4798 Vocatur
2621 4749 2802 4798 autem
2853 4749 2906 4794 et
2937 4739 3032 4794 Dei
3086 4741 3258 4792 virtus
3315 4741 3370 4789 et
3404 4733 3496 4787 Dei
3523 4731 3812 4799 sapientia.

562 4830 719 4898 211
757 4831 879 4884 llrec
911 4833 1025 4900 ipsa
1077 4833 1240 4902 igitur
1269 4835 1374 4888 hoc
1437 4845 1679 4905 tempore
1717 4837 1783 4890 de
1827 4836 2159 4905 prepheticis
2197 4835 2551 4892 Hebraeorum
2593 4836 2994 4900 monumentis,
3047 4831 3202 4902 quasi
3241 4831 3308 4884 de
3369 4826 3535 4882 variis
3584 4825 3812 4878 ﬁoribus

561 4922 860 4992 colligenda
893 4927 1050 4980 nobis
1103 4929 1379 4998 proposita
1437 4939 1564 4984 sunt
1595 4937 1656 4982 ut
1686 4945 1780 5000 per
1823 4931 2106 5000 utriusque
2167 4933 2338 5003 partis
2396 4933 2813 4986 consensionem
2869 4927 3260 4984 demonsuatio
3297 4929 3506 4980 constet
3537 4921 3808 4976 veritatis.

561 5013 850 5080 Caeterum,
907 5017 1160 5086 ignorare
1211 5023 1522 5090 neutiquam
1560 5030 1794 5091 oportet,
1843 5023 2146 5092 quemadmt

2251 5041 2298 5078 m
2331 5023 2518 5078 divina
2549 5023 2791 5090 oracula,
2847 5037 2970 5076 cum
3007 5021 3234 5074 multum
3269 5017 3434 5086 quod,
3467 5023 3578 5068 tum
3604 5013 3661 5066 in
3687 5027 3810 5066 ver-

561 5105 667 5170 bis,
700 5112 812 5159 tum
848 5105 902 5159 in
952 5109 1256 5174 sententiis,
1289 5111 1518 5166 miriﬁce
1555 5113 1803 5178 excellat,
1837 5113 2102 5169 Hebraica
2135 5117 2318 5186 lingua
2353 5117 2688 5180 contineant,
2725 5116 2930 5170 variam
2967 5113 3343 5179 diversamque
3391 5111 3444 5162 in
3485 5107 3672 5160 Grmca
3703 5107 3810 5160 lin-

561 5215 667 5270 gua
700 5201 1228 5269 interpretationem,
1285 5205 1356 5260 ob
1414 5205 1782 5263 diﬁicultatem
1843 5211 2270 5280 contemplandi,
2318 5212 2510 5266 sortita
2567 5211 2696 5264 sint.
2759 5209 2864 5264 Sed
2917 5223 3038 5262 cum
3079 5207 3206 5262 olim
3249 5205 3352 5258 viri
3389 5203 3596 5258 Ilebrtci
3649 5203 3805 5256 multi

561 5295 726 5348 simul
762 5299 1134 5362 convenerint,
1187 5307 1240 5354 et
1273 5315 1380 5354 una
1439 5301 1736 5373 eademque
1792 5319 1922 5359 voce
1985 5305 2076 5359 illa
2119 5307 2299 5362 omnia
2340 5307 2729 5372 converterint,
2765 5319 2858 5359 eos
2926 5302 3161 5356 maxime
3211 5315 3521 5370 sequemur,
3567 5297 3804 5366 quando-

557 5385 776 5450 quidem
804 5388 1007 5443 Christi
1035 5407 1251 5460 quoque
1285 5393 1540 5447 Ecclesia:
1597 5395 1788 5450 iisdem
1827 5398 1908 5452 uti
1941 5398 2164 5468 placuit.
2212 5397 2396 5452 Sicubi
2429 5407 2609 5452 autem
2657 5413 2758 5452 usu
2815 5395 3044 5458 venerit,
3078 5411 3144 5448 ne
3169 5392 3446 5461 iuniorum
3476 5391 3692 5461 quidem
3721 5391 3804 5444 in-

559 5485 857 5544 terpretum
889 5493 1058 5535 novas
1087 5481 1374 5550 editiones,
1405 5499 1544 5554 quas
1574 5487 1736 5540 etiam
1786 5505 1930 5543 nunc
1973 5490 2140 5544 Judzei
2183 5490 2414 5544 libenter
2441 5497 2724 5560 usurpant,
2791 5488 3168 5542 recusabimus
3221 5505 3234 5539 :

3297 5491 3352 5537 ut
3379 5497 3444 5539 ea
3471 5497 3590 5553 quae
3614 5481 3680 5534 ad
3707 5497 3803 5534 no-

565 5573 734 5618 stram
789 5567 928 5621 hanc
961 5569 1480 5627 demonstrationem
1539 5577 1828 5644 pertinent,
1862 5595 1928 5632 ex
1975 5579 2123 5632 omni
2165 5587 2316 5650 parte
2363 5579 2616 5634 stabilius
2665 5579 2983 5648 ﬁrmiusque
3037 5577 3362 5633 consistant.
3389 5575 3524 5630 Cum
3549 5573 3801 5628 hanchac-

557 5665 721 5718 tenus
745 5659 955 5724 praefati
981 5663 1174 5730 simus,
1215 5665 1486 5735 reliquum
1533 5669 1646 5738 jam
1676 5679 1780 5736 est,
1807 5680 1866 5725 ut
1901 5671 1954 5726 in
1988 5673 2137 5744 ipsas
2170 5673 2385 5730 divinas
2417 5689 2580 5730 voces
2613 5673 2953 5730 insistamus.

629 5769 677 5802 "
701 5769 852 5828 loan.
887 5789 926 5842 ι,
961 5773 1071 5830 1ο5.
1151 5777 1196 5808 ⁹⁶
1220 5775 1430 5832 Coloss.
1463 5794 1500 5844 ι,
1541 5778 1730 5834 15-17.
