  <div class='ocr_page' id='page_1' title='image "/cluster/home/n/w/nwhite01/storage/ocr_20150623/22/hvd.32044020605168/182.png"; bbox 0 0 3954 6532; ppageno 0'>
   <div class='ocr_carea' id='block_1_1' title="bbox 143 419 2466 484">
    <p class='ocr_par' dir='ltr' id='par_1_1' title="bbox 143 419 2466 484">
     <span class='ocr_line' id='line_1_1' title="bbox 143 419 2466 484; baseline 0.002 -13"><span class='ocrx_word' id='word_1_1' title='bbox 143 427 225 484; x_wconf 68' lang='grc' dir='ltr'>διο</span> <span class='ocrx_word' id='word_1_2' title='bbox 1037 419 1694 479; x_wconf 81' lang='lat' dir='ltr'><strong><em>DEMONSTRATIONIS</em></strong></span> <span class='ocrx_word' id='word_1_3' title='bbox 1724 421 2184 479; x_wconf 69' lang='lat' dir='ltr'><strong><em>EVANGELICE</em></strong></span> <span class='ocrx_word' id='word_1_4' title='bbox 2227 421 2354 478; x_wconf 84' lang='lat' dir='ltr'><strong><em>LIB.</em></strong></span> <span class='ocrx_word' id='word_1_5' title='bbox 2401 421 2466 476; x_wconf 74' lang='grc' dir='ltr'>ν.</span> 
     </span>
    </p>
   </div>
   <div class='ocr_carea' id='block_1_2' title="bbox 648 541 1156 597">
    <p class='ocr_par' dir='ltr' id='par_1_2' title="bbox 648 541 1156 597">
     <span class='ocr_line' id='line_1_2' title="bbox 648 541 1156 597; baseline 0.002 -2"><span class='ocrx_word' id='word_1_6' title='bbox 648 541 1046 595; x_wconf 69' lang='grc' dir='ltr'><strong><em>ΚΕΦΑΛΑΙΟΝ</em></strong></span> <span class='ocrx_word' id='word_1_7' title='bbox 1074 544 1156 597; x_wconf 80' lang='lat' dir='ltr'><strong><em>A&#39;.</em></strong></span> 
     </span>
    </p>
   </div>
   <div class='ocr_carea' id='block_1_3' title="bbox 151 651 1705 722">
    <p class='ocr_par' dir='ltr' id='par_1_3' title="bbox 151 651 1705 722">
     <span class='ocr_line' id='line_1_3' title="bbox 151 651 1705 722; baseline -0.006 -8"><span class='ocrx_word' id='word_1_8' title='bbox 151 657 232 722; x_wconf 79' lang='grc' dir='ltr'>Ὠς</span> <span class='ocrx_word' id='word_1_9' title='bbox 253 655 383 722; x_wconf 72' lang='grc' dir='ltr'>παρ’</span> <span class='ocrx_word' id='word_1_10' title='bbox 423 653 722 722; x_wconf 69' lang='grc' dir='ltr'>Ἐᾷραίοις</span> <span class='ocrx_word' id='word_1_11' title='bbox 745 655 778 704; x_wconf 81' lang='grc' dir='ltr'><strong><em>ό</em></strong></span> <span class='ocrx_word' id='word_1_12' title='bbox 806 653 1153 720; x_wconf 67' lang='grc' dir='ltr'>σοφώτατος</span> <span class='ocrx_word' id='word_1_13' title='bbox 1181 651 1464 722; x_wconf 76' lang='grc' dir='ltr'>Σολομὼν</span> <span class='ocrx_word' id='word_1_14' title='bbox 1483 652 1552 705; x_wconf 76' lang='grc' dir='ltr'><strong><em>ἐν</em></strong></span> <span class='ocrx_word' id='word_1_15' title='bbox 1585 655 1705 705; x_wconf 84' lang='grc' dir='ltr'><strong><em>Πα-</em></strong></span> 
     </span>
    </p>
   </div>
   <div class='ocr_carea' id='block_1_4' title="bbox 193 721 1707 794">
    <p class='ocr_par' dir='ltr' id='par_1_4' title="bbox 193 721 1707 794">
     <span class='ocr_line' id='line_1_4' title="bbox 193 721 1707 794; baseline -0.002 -15"><span class='ocrx_word' id='word_1_16' title='bbox 193 721 436 794; x_wconf 59' lang='lat' dir='ltr'><strong><em>patulam</em></strong></span> <span class='ocrx_word' id='word_1_17' title='bbox 463 721 598 778; x_wconf 81' lang='grc' dir='ltr'>οἷδέ</span> <span class='ocrx_word' id='word_1_18' title='bbox 637 739 768 775; x_wconf 83' lang='grc' dir='ltr'>τινα</span> <span class='ocrx_word' id='word_1_19' title='bbox 799 725 1178 794; x_wconf 64' lang='grc' dir='ltr'>πρωτότοκον</span> <span class='ocrx_word' id='word_1_20' title='bbox 1209 722 1316 794; x_wconf 84' lang='grc' dir='ltr'><strong><em>τοῦ</em></strong></span> <span class='ocrx_word' id='word_1_21' title='bbox 1337 721 1494 776; x_wconf 77' lang='grc' dir='ltr'>Θεοῦ</span> <span class='ocrx_word' id='word_1_22' title='bbox 1526 722 1707 794; x_wconf 59' lang='grc' dir='ltr'><strong><em>δύνοιξΔ</em></strong></span> 
     </span>
    </p>
   </div>
   <div class='ocr_carea' id='block_1_5' title="bbox 195 792 1707 866">
    <p class='ocr_par' dir='ltr' id='par_1_5' title="bbox 195 792 1707 866">
     <span class='ocr_line' id='line_1_5' title="bbox 195 792 1707 866; baseline -0.001 -18"><span class='ocrx_word' id='word_1_23' title='bbox 195 792 303 866; x_wconf 58' lang='grc' dir='ltr'>μιν,</span> <span class='ocrx_word' id='word_1_24' title='bbox 333 794 414 861; x_wconf 82' lang='grc' dir='ltr'><strong><em>ῆν</em></strong></span> <span class='ocrx_word' id='word_1_25' title='bbox 461 796 567 848; x_wconf 83' lang='grc' dir='ltr'>καὶ</span> <span class='ocrx_word' id='word_1_26' title='bbox 601 795 822 866; x_wconf 62' lang='grc' dir='ltr'>σοφίαν</span> <span class='ocrx_word' id='word_1_27' title='bbox 862 792 1029 866; x_wconf 65' lang='grc' dir='ltr'>Θεοῦ,</span> <span class='ocrx_word' id='word_1_28' title='bbox 1072 792 1474 866; x_wconf 55' lang='grc' dir='ltr'>κᾳίγέγνημᾳ</span> <span class='ocrx_word' id='word_1_29' title='bbox 1498 793 1707 866; x_wconf 26' lang='grc' dir='ltr'>ἀὑτοῦ</span> 
     </span>
    </p>
   </div>
   <div class='ocr_carea' id='block_1_6' title="bbox 201 862 1703 935">
    <p class='ocr_par' dir='ltr' id='par_1_6' title="bbox 201 862 1703 935">
     <span class='ocr_line' id='line_1_6' title="bbox 201 862 1703 935; baseline -0.001 -17"><span class='ocrx_word' id='word_1_30' title='bbox 201 862 644 935; x_wconf 58' lang='grc' dir='ltr'>προσαγορεύει,</span> <span class='ocrx_word' id='word_1_31' title='bbox 679 862 998 931; x_wconf 76' lang='grc' dir='ltr'>ὠσπεροῦν</span> <span class='ocrx_word' id='word_1_32' title='bbox 1030 864 1129 916; x_wconf 77' lang='grc' dir='ltr'>καὶ</span> <span class='ocrx_word' id='word_1_33' title='bbox 1161 863 1332 932; x_wconf 77' lang='grc' dir='ltr'>ἡμεῖς</span> <span class='ocrx_word' id='word_1_34' title='bbox 1363 862 1703 932; x_wconf 80' lang='grc' dir='ltr'><strong><em>δοξάζομεν.</em></strong></span> 
     </span>
    </p>
   </div>
   <div class='ocr_carea' id='block_1_7' title="bbox 209 1041 1705 1113">
    <p class='ocr_par' dir='ltr' id='par_1_7' title="bbox 209 1041 1705 1113">
     <span class='ocr_line' id='line_1_7' title="bbox 209 1041 1705 1113; baseline -0.003 -15"><span class='ocrx_word' id='word_1_35' title='bbox 209 1066 226 1098; x_wconf 82' lang='grc' dir='ltr'><strong><em>ι</em></strong></span> <span class='ocrx_word' id='word_1_36' title='bbox 266 1043 402 1112; x_wconf 85' lang='grc' dir='ltr'>Ἐγὼ</span> <span class='ocrx_word' id='word_1_37' title='bbox 430 1045 467 1113; x_wconf 80' lang='grc' dir='ltr'>ἡ</span> <span class='ocrx_word' id='word_1_38' title='bbox 488 1042 663 1111; x_wconf 87' lang='grc' dir='ltr'>Σοφία</span> <span class='ocrx_word' id='word_1_39' title='bbox 693 1041 1085 1111; x_wconf 87' lang='grc' dir='ltr'>κατεσκήνωσα</span> <span class='ocrx_word' id='word_1_40' title='bbox 1115 1041 1331 1111; x_wconf 81' lang='grc' dir='ltr'>βουλὴν,</span> <span class='ocrx_word' id='word_1_41' title='bbox 1361 1042 1455 1094; x_wconf 71' lang='grc' dir='ltr'><strong><em>καὶ</em></strong></span> <span class='ocrx_word' id='word_1_42' title='bbox 1484 1041 1705 1110; x_wconf 86' lang='grc' dir='ltr'>γνῶσιν,</span> 
     </span>
    </p>
   </div>
   <div class='ocr_carea' id='block_1_8' title="bbox 151 1124 1711 1206">
    <p class='ocr_par' dir='ltr' id='par_1_8' title="bbox 151 1124 1711 1206">
     <span class='ocr_line' id='line_1_8' title="bbox 151 1124 1711 1206; baseline -0.004 -14"><span class='ocrx_word' id='word_1_43' title='bbox 151 1143 223 1195; x_wconf 77' lang='grc' dir='ltr'><strong><em>καὶ</em></strong></span> <span class='ocrx_word' id='word_1_44' title='bbox 246 1138 447 1190; x_wconf 82' lang='grc' dir='ltr'>ἔννοιαν</span> <span class='ocrx_word' id='word_1_45' title='bbox 492 1136 608 1204; x_wconf 85' lang='grc' dir='ltr'>ἐγὼ</span> <span class='ocrx_word' id='word_1_46' title='bbox 635 1133 1076 1206; x_wconf 83' lang='grc' dir='ltr'>ἐπεκαλεσάμην.</span> <span class='ocrx_word' id='word_1_47' title='bbox 1113 1124 1278 1196; x_wconf 75' lang='grc' dir='ltr'>Φόϐος</span> <span class='ocrx_word' id='word_1_48' title='bbox 1312 1134 1518 1204; x_wconf 83' lang='grc' dir='ltr'><strong><em>Κυρίου</em></strong></span> <span class='ocrx_word' id='word_1_49' title='bbox 1561 1136 1711 1204; x_wconf 91' lang='grc' dir='ltr'>μισεῖ</span> 
     </span>
    </p>
   </div>
   <div class='ocr_carea' id='block_1_9' title="bbox 151 1226 1708 1300">
    <p class='ocr_par' dir='ltr' id='par_1_9' title="bbox 151 1226 1708 1300">
     <span class='ocr_line' id='line_1_9' title="bbox 151 1226 1708 1300; baseline -0.006 -13"><span class='ocrx_word' id='word_1_50' title='bbox 151 1232 348 1294; x_wconf 75' lang='grc' dir='ltr'><strong><em>ἀδικίαν,</em></strong></span> <span class='ocrx_word' id='word_1_51' title='bbox 375 1228 542 1300; x_wconf 75' lang='grc' dir='ltr'>ὓϐριν</span> <span class='ocrx_word' id='word_1_52' title='bbox 574 1245 632 1280; x_wconf 89' lang='grc' dir='ltr'><strong><em>τε</em></strong></span> <span class='ocrx_word' id='word_1_53' title='bbox 665 1229 761 1281; x_wconf 72' lang='grc' dir='ltr'><strong><em>καὶ</em></strong></span> <span class='ocrx_word' id='word_1_54' title='bbox 795 1226 1195 1297; x_wconf 78' lang='grc' dir='ltr'><strong><em>ὑπερηφανίαν,</em></strong></span> <span class='ocrx_word' id='word_1_55' title='bbox 1228 1227 1321 1279; x_wconf 79' lang='grc' dir='ltr'><strong><em>καὶ</em></strong></span> <span class='ocrx_word' id='word_1_56' title='bbox 1353 1227 1506 1288; x_wconf 83' lang='grc' dir='ltr'>ὀδοὺς</span> <span class='ocrx_word' id='word_1_57' title='bbox 1539 1241 1708 1296; x_wconf 87' lang='grc' dir='ltr'>πονη-</span> 
     </span>
    </p>
   </div>
   <div class='ocr_carea' id='block_1_10' title="bbox 154 1315 1706 1396">
    <p class='ocr_par' dir='ltr' id='par_1_10' title="bbox 154 1315 1706 1396">
     <span class='ocr_line' id='line_1_10' title="bbox 154 1315 1706 1396; baseline -0.005 -20"><span class='ocrx_word' id='word_1_58' title='bbox 154 1325 254 1396; x_wconf 85' lang='grc' dir='ltr'>ρῶν.</span> <span class='ocrx_word' id='word_1_59' title='bbox 281 1322 588 1391; x_wconf 83' lang='grc' dir='ltr'>Μεμίσηκα</span> <span class='ocrx_word' id='word_1_60' title='bbox 615 1319 672 1371; x_wconf 83' lang='grc' dir='ltr'><strong><em>δέ</em></strong></span> <span class='ocrx_word' id='word_1_61' title='bbox 701 1317 812 1387; x_wconf 87' lang='grc' dir='ltr'>ἐγὼ</span> <span class='ocrx_word' id='word_1_62' title='bbox 844 1317 1282 1390; x_wconf 86' lang='grc' dir='ltr'>διεστραμμένας</span> <span class='ocrx_word' id='word_1_63' title='bbox 1312 1317 1464 1379; x_wconf 81' lang='grc' dir='ltr'>ὁδοὺς</span> <span class='ocrx_word' id='word_1_64' title='bbox 1499 1315 1706 1369; x_wconf 84' lang='grc' dir='ltr'>κακῶν.</span> 
     </span>
    </p>
   </div>
   <div class='ocr_carea' id='block_1_11' title="bbox 159 1406 1709 1486">
    <p class='ocr_par' dir='ltr' id='par_1_11' title="bbox 159 1406 1709 1486">
     <span class='ocr_line' id='line_1_11' title="bbox 159 1406 1709 1486; baseline -0.006 -18"><span class='ocrx_word' id='word_1_65' title='bbox 159 1412 271 1486; x_wconf 81' lang='grc' dir='ltr'><strong><em>Ἕμὴ</em></strong></span> <span class='ocrx_word' id='word_1_66' title='bbox 319 1411 486 1483; x_wconf 81' lang='grc' dir='ltr'>βουλὴ</span> <span class='ocrx_word' id='word_1_67' title='bbox 537 1411 636 1464; x_wconf 71' lang='grc' dir='ltr'>καὶ</span> <span class='ocrx_word' id='word_1_68' title='bbox 689 1410 978 1479; x_wconf 84' lang='grc' dir='ltr'>ἀσφάλεια,</span> <span class='ocrx_word' id='word_1_69' title='bbox 1025 1409 1132 1480; x_wconf 84' lang='grc' dir='ltr'>ἐμὴ</span> <span class='ocrx_word' id='word_1_70' title='bbox 1180 1408 1462 1479; x_wconf 81' lang='grc' dir='ltr'>φρόνησις,</span> <span class='ocrx_word' id='word_1_71' title='bbox 1508 1407 1615 1478; x_wconf 82' lang='grc' dir='ltr'>ἐμὴ</span> <span class='ocrx_word' id='word_1_72' title='bbox 1652 1406 1709 1459; x_wconf 86' lang='grc' dir='ltr'>δὲ</span> 
     </span>
    </p>
   </div>
   <div class='ocr_carea' id='block_1_12' title="bbox 153 1499 1710 1577">
    <p class='ocr_par' dir='ltr' id='par_1_12' title="bbox 153 1499 1710 1577">
     <span class='ocr_line' id='line_1_12' title="bbox 153 1499 1710 1577; baseline -0.007 -16"><span class='ocrx_word' id='word_1_73' title='bbox 153 1506 292 1577; x_wconf 74' lang='grc' dir='ltr'>ἰσχύς.</span> <span class='ocrx_word' id='word_1_74' title='bbox 323 1506 399 1557; x_wconf 85' lang='grc' dir='ltr'><strong><em>Δι’</em></strong></span> <span class='ocrx_word' id='word_1_75' title='bbox 433 1502 576 1575; x_wconf 89' lang='grc' dir='ltr'>ἐμοῦ</span> <span class='ocrx_word' id='word_1_76' title='bbox 604 1503 840 1574; x_wconf 81' lang='grc' dir='ltr'><strong><em>βασιλεῖς</em></strong></span> <span class='ocrx_word' id='word_1_77' title='bbox 869 1501 1231 1573; x_wconf 80' lang='grc' dir='ltr'><strong><em>βασιλεύουσι,</em></strong></span> <span class='ocrx_word' id='word_1_78' title='bbox 1261 1502 1353 1554; x_wconf 88' lang='grc' dir='ltr'><strong><em>καί</em></strong></span> <span class='ocrx_word' id='word_1_79' title='bbox 1378 1502 1426 1552; x_wconf 88' lang='lat' dir='ltr'><strong><em>oi.</em></strong></span> <span class='ocrx_word' id='word_1_80' title='bbox 1455 1499 1710 1552; x_wconf 85' lang='grc' dir='ltr'>δυνάσται</span> 
     </span>
    </p>
   </div>
   <div class='ocr_carea' id='block_1_13' title="bbox 151 1593 1710 1672">
    <p class='ocr_par' dir='ltr' id='par_1_13' title="bbox 151 1593 1710 1672">
     <span class='ocr_line' id='line_1_13' title="bbox 151 1593 1710 1672; baseline -0.004 -20"><span class='ocrx_word' id='word_1_81' title='bbox 151 1599 384 1672; x_wconf 63' lang='grc' dir='ltr'>γράφουσι</span> <span class='ocrx_word' id='word_1_82' title='bbox 421 1595 818 1667; x_wconf 88' lang='grc' dir='ltr'>δικαιοσύνην·</span> <span class='ocrx_word' id='word_1_83' title='bbox 861 1595 931 1647; x_wconf 87' lang='grc' dir='ltr'>δι’</span> <span class='ocrx_word' id='word_1_84' title='bbox 978 1593 1112 1664; x_wconf 89' lang='grc' dir='ltr'>ἐμοῦ</span> <span class='ocrx_word' id='word_1_85' title='bbox 1162 1595 1487 1665; x_wconf 80' lang='grc' dir='ltr'>μεγιστᾶνες</span> <span class='ocrx_word' id='word_1_86' title='bbox 1538 1609 1710 1664; x_wconf 87' lang='grc' dir='ltr'>μεγα-</span> 
     </span>
    </p>
   </div>
   <div class='ocr_carea' id='block_1_14' title="bbox 151 1684 1712 1760">
    <p class='ocr_par' dir='ltr' id='par_1_14' title="bbox 151 1684 1712 1760">
     <span class='ocr_line' id='line_1_14' title="bbox 151 1684 1712 1760; baseline -0.004 -16"><span class='ocrx_word' id='word_1_87' title='bbox 151 1693 383 1755; x_wconf 75' lang='grc' dir='ltr'>λύνονται,</span> <span class='ocrx_word' id='word_1_88' title='bbox 428 1689 529 1743; x_wconf 78' lang='grc' dir='ltr'><strong><em>καὶ</em></strong></span> <span class='ocrx_word' id='word_1_89' title='bbox 558 1688 812 1760; x_wconf 87' lang='grc' dir='ltr'>τύραννοι</span> <span class='ocrx_word' id='word_1_90' title='bbox 843 1687 909 1740; x_wconf 90' lang='grc' dir='ltr'>δι’</span> <span class='ocrx_word' id='word_1_91' title='bbox 940 1685 1074 1757; x_wconf 87' lang='grc' dir='ltr'>ἐμοῦ</span> <span class='ocrx_word' id='word_1_92' title='bbox 1121 1685 1382 1756; x_wconf 77' lang='grc' dir='ltr'>κρατοῦσι</span> <span class='ocrx_word' id='word_1_93' title='bbox 1425 1686 1528 1756; x_wconf 84' lang='grc' dir='ltr'><strong><em>γῆς</em></strong></span> <span class='ocrx_word' id='word_1_94' title='bbox 1550 1702 1563 1714; x_wconf 92' lang='grc'><strong>·</strong></span> <span class='ocrx_word' id='word_1_95' title='bbox 1601 1684 1712 1753; x_wconf 84' lang='grc' dir='ltr'><strong><em>ἐγὼ</em></strong></span> 
     </span>
    </p>
   </div>
   <div class='ocr_carea' id='block_1_15' title="bbox 149 1777 1714 1854">
    <p class='ocr_par' dir='ltr' id='par_1_15' title="bbox 149 1777 1714 1854">
     <span class='ocr_line' id='line_1_15' title="bbox 149 1777 1714 1854; baseline -0.004 -16"><span class='ocrx_word' id='word_1_96' title='bbox 149 1788 250 1848; x_wconf 77' lang='grc' dir='ltr'>τοὺς</span> <span class='ocrx_word' id='word_1_97' title='bbox 273 1784 368 1854; x_wconf 85' lang='grc' dir='ltr'><strong><em>ἐμὲ</em></strong></span> <span class='ocrx_word' id='word_1_98' title='bbox 402 1782 703 1852; x_wconf 83' lang='grc' dir='ltr'>φιλοῦντας</span> <span class='ocrx_word' id='word_1_99' title='bbox 730 1777 956 1850; x_wconf 86' lang='grc' dir='ltr'>ἀγαπῶ·</span> <span class='ocrx_word' id='word_1_100' title='bbox 989 1781 1037 1832; x_wconf 92' lang='grc' dir='ltr'><strong><em>οί</em></strong></span> <span class='ocrx_word' id='word_1_101' title='bbox 1062 1779 1118 1832; x_wconf 83' lang='grc' dir='ltr'><strong><em>δὲ</em></strong></span> <span class='ocrx_word' id='word_1_102' title='bbox 1159 1780 1260 1850; x_wconf 87' lang='grc' dir='ltr'>ἐμὲ</span> <span class='ocrx_word' id='word_1_103' title='bbox 1294 1777 1584 1849; x_wconf 77' lang='grc' dir='ltr'>ζητοῦντες</span> <span class='ocrx_word' id='word_1_104' title='bbox 1624 1779 1714 1831; x_wconf 88' lang='grc' dir='ltr'>εὑ-</span> 
     </span>
    </p>
   </div>
   <div class='ocr_carea' id='block_1_16' title="bbox 156 1873 1712 1950">
    <p class='ocr_par' dir='ltr' id='par_1_16' title="bbox 156 1873 1712 1950">
     <span class='ocr_line' id='line_1_16' title="bbox 156 1873 1712 1950; baseline -0.004 -18"><span class='ocrx_word' id='word_1_105' title='bbox 156 1881 341 1950; x_wconf 80' lang='grc' dir='ltr'>ρήσουσι</span> <span class='ocrx_word' id='word_1_106' title='bbox 370 1877 572 1950; x_wconf 82' lang='grc' dir='ltr'>χάριν·</span> <span class='ocrx_word' id='word_1_107' title='bbox 609 1876 840 1938; x_wconf 84' lang='grc' dir='ltr'>πλοῦτος</span> <span class='ocrx_word' id='word_1_108' title='bbox 865 1875 961 1928; x_wconf 75' lang='grc' dir='ltr'><strong><em>καὶ</em></strong></span> <span class='ocrx_word' id='word_1_109' title='bbox 1002 1873 1125 1940; x_wconf 81' lang='grc' dir='ltr'>δόξα</span> <span class='ocrx_word' id='word_1_110' title='bbox 1154 1873 1281 1944; x_wconf 58' lang='grc' dir='ltr'><strong><em>ἐμολ⁵</em></strong></span> <span class='ocrx_word' id='word_1_111' title='bbox 1321 1873 1578 1944; x_wconf 83' lang='grc' dir='ltr'>ὑπάρχει,</span> <span class='ocrx_word' id='word_1_112' title='bbox 1618 1874 1712 1926; x_wconf 79' lang='grc' dir='ltr'>καὶ</span> 
     </span>
    </p>
   </div>
   <div class='ocr_carea' id='block_1_17' title="bbox 154 1965 1711 2040">
    <p class='ocr_par' dir='ltr' id='par_1_17' title="bbox 154 1965 1711 2040">
     <span class='ocr_line' id='line_1_17' title="bbox 154 1965 1711 2040; baseline -0.004 -17"><span class='ocrx_word' id='word_1_113' title='bbox 154 1971 310 2040; x_wconf 76' lang='grc' dir='ltr'>κτῆσις</span> <span class='ocrx_word' id='word_1_114' title='bbox 332 1968 553 2022; x_wconf 80' lang='grc' dir='ltr'>πολλῶν</span> <span class='ocrx_word' id='word_1_115' title='bbox 584 1968 679 2023; x_wconf 77' lang='grc' dir='ltr'><strong><em>καὶ</em></strong></span> <span class='ocrx_word' id='word_1_116' title='bbox 705 1966 1039 2038; x_wconf 87' lang='grc' dir='ltr'>δικαιοσύνη.</span> <span class='ocrx_word' id='word_1_117' title='bbox 1078 1966 1297 2019; x_wconf 81' lang='grc' dir='ltr'>Βέλτιον</span> <span class='ocrx_word' id='word_1_118' title='bbox 1317 1965 1418 2036; x_wconf 83' lang='grc' dir='ltr'><strong><em>ἐμὲ</em></strong></span> <span class='ocrx_word' id='word_1_119' title='bbox 1447 1965 1711 2037; x_wconf 77' lang='grc' dir='ltr'>καρπίζε-</span> 
     </span>
    </p>
   </div>
   <div class='ocr_carea' id='block_1_18' title="bbox 158 2056 1711 2132">
    <p class='ocr_par' dir='ltr' id='par_1_18' title="bbox 158 2056 1711 2132">
     <span class='ocr_line' id='line_1_18' title="bbox 158 2056 1711 2132; baseline -0.002 -20"><span class='ocrx_word' id='word_1_120' title='bbox 158 2062 252 2114; x_wconf 82' lang='grc' dir='ltr'>σθαι</span> <span class='ocrx_word' id='word_1_121' title='bbox 289 2062 423 2132; x_wconf 84' lang='grc' dir='ltr'>ὑπὲρ</span> <span class='ocrx_word' id='word_1_122' title='bbox 474 2059 708 2131; x_wconf 85' lang='grc' dir='ltr'>χρυσίον</span> <span class='ocrx_word' id='word_1_123' title='bbox 757 2060 852 2112; x_wconf 66' lang='grc' dir='ltr'><strong><em>καὶ¹</em></strong></span> <span class='ocrx_word' id='word_1_124' title='bbox 893 2057 1039 2111; x_wconf 89' lang='grc' dir='ltr'>λίθον</span> <span class='ocrx_word' id='word_1_125' title='bbox 1089 2057 1267 2128; x_wconf 90' lang='grc' dir='ltr'>τίμιον</span> <span class='ocrx_word' id='word_1_126' title='bbox 1316 2057 1512 2110; x_wconf 71' lang='grc' dir='ltr'>πολύνο</span> <span class='ocrx_word' id='word_1_127' title='bbox 1550 2056 1618 2110; x_wconf 86' lang='grc' dir='ltr'><strong><em>τά</em></strong></span> <span class='ocrx_word' id='word_1_128' title='bbox 1655 2057 1711 2110; x_wconf 84' lang='grc' dir='ltr'><strong><em>δέ</em></strong></span> 
     </span>
    </p>
   </div>
   <div class='ocr_carea' id='block_1_19' title="bbox 155 2147 1710 2221">
    <p class='ocr_par' dir='ltr' id='par_1_19' title="bbox 155 2147 1710 2221">
     <span class='ocr_line' id='line_1_19' title="bbox 155 2147 1710 2221; baseline -0.001 -19"><span class='ocrx_word' id='word_1_129' title='bbox 155 2151 239 2219; x_wconf 76' lang='grc' dir='ltr'><strong><em>ἐμὰ</em></strong></span> <span class='ocrx_word' id='word_1_130' title='bbox 285 2151 608 2221; x_wconf 76' lang='grc' dir='ltr'>γεννήματα</span> <span class='ocrx_word' id='word_1_131' title='bbox 667 2152 919 2221; x_wconf 82' lang='grc' dir='ltr'>κρεῖσσον</span> <span class='ocrx_word' id='word_1_132' title='bbox 966 2148 1225 2220; x_wconf 81' lang='grc' dir='ltr'>ἀργυρίου</span> <span class='ocrx_word' id='word_1_133' title='bbox 1281 2147 1562 2203; x_wconf 87' lang='grc' dir='ltr'>ἐκλεκτοῦ.</span> <span class='ocrx_word' id='word_1_134' title='bbox 1623 2148 1710 2201; x_wconf 91' lang='grc' dir='ltr'>Ἐν</span> 
     </span>
    </p>
   </div>
   <div class='ocr_carea' id='block_1_20' title="bbox 157 2239 1709 2313">
    <p class='ocr_par' dir='ltr' id='par_1_20' title="bbox 157 2239 1709 2313">
     <span class='ocr_line' id='line_1_20' title="bbox 157 2239 1709 2313; baseline 0.01 -19"><span class='ocrx_word' id='word_1_135' title='bbox 157 2242 266 2305; x_wconf 66' lang='grc' dir='ltr'>ὢοῖς</span> <span class='ocrx_word' id='word_1_136' title='bbox 295 2241 652 2313; x_wconf 78' lang='grc' dir='ltr'>δικαιοσύνης</span> <span class='ocrx_word' id='word_1_137' title='bbox 700 2240 1009 2312; x_wconf 81' lang='grc' dir='ltr'>περιπατῶ,</span> <span class='ocrx_word' id='word_1_138' title='bbox 1043 2241 1135 2293; x_wconf 66' lang='grc' dir='ltr'><strong><em>καὶ</em></strong></span> <span class='ocrx_word' id='word_1_139' title='bbox 1174 2241 1232 2293; x_wconf 81' lang='grc' dir='ltr'><strong><em>ἐν</em></strong></span> <span class='ocrx_word' id='word_1_140' title='bbox 1267 2239 1404 2304; x_wconf 81' lang='grc' dir='ltr'>ὁδοῖς</span> <span class='ocrx_word' id='word_1_141' title='bbox 1435 2240 1709 2293; x_wconf 73' lang='grc' dir='ltr'><strong><em>δικαιοσύ-</em></strong></span> 
     </span>
    </p>
   </div>
   <div class='ocr_carea' id='block_1_21' title="bbox 157 2331 1712 2407">
    <p class='ocr_par' dir='ltr' id='par_1_21' title="bbox 157 2331 1712 2407">
     <span class='ocr_line' id='line_1_21' title="bbox 157 2331 1712 2407; baseline -0.003 -18"><span class='ocrx_word' id='word_1_142' title='bbox 157 2352 231 2403; x_wconf 79' lang='grc' dir='ltr'><strong><em>νης</em></strong></span> <span class='ocrx_word' id='word_1_143' title='bbox 267 2336 717 2407; x_wconf 72' lang='grc' dir='ltr'>ἀναστρέφομαι,</span> <span class='ocrx_word' id='word_1_144' title='bbox 755 2335 841 2386; x_wconf 85' lang='grc' dir='ltr'>ἵνα</span> <span class='ocrx_word' id='word_1_145' title='bbox 884 2335 1091 2405; x_wconf 89' lang='grc' dir='ltr'>μερίσω</span> <span class='ocrx_word' id='word_1_146' title='bbox 1134 2335 1245 2396; x_wconf 87' lang='grc' dir='ltr'>τοῖς</span> <span class='ocrx_word' id='word_1_147' title='bbox 1286 2334 1386 2402; x_wconf 83' lang='grc' dir='ltr'><strong><em>ἐμὲ</em></strong></span> <span class='ocrx_word' id='word_1_148' title='bbox 1427 2331 1712 2401; x_wconf 85' lang='grc' dir='ltr'>ἀγαπῶσιν</span> 
     </span>
    </p>
   </div>
   <div class='ocr_carea' id='block_1_22' title="bbox 160 2423 1713 2497">
    <p class='ocr_par' dir='ltr' id='par_1_22' title="bbox 160 2423 1713 2497">
     <span class='ocr_line' id='line_1_22' title="bbox 160 2423 1713 2497; baseline 0 -20"><span class='ocrx_word' id='word_1_149' title='bbox 160 2425 373 2497; x_wconf 74' lang='grc' dir='ltr'>ὕπαρξιν,</span> <span class='ocrx_word' id='word_1_150' title='bbox 408 2428 505 2479; x_wconf 69' lang='grc' dir='ltr'><strong><em>καὶ</em></strong></span> <span class='ocrx_word' id='word_1_151' title='bbox 557 2428 683 2490; x_wconf 78' lang='grc' dir='ltr'>τοὺς</span> <span class='ocrx_word' id='word_1_152' title='bbox 717 2425 1024 2496; x_wconf 81' lang='grc' dir='ltr'>θησαυροὺς</span> <span class='ocrx_word' id='word_1_153' title='bbox 1059 2424 1237 2477; x_wconf 90' lang='grc' dir='ltr'>αὑτῶν</span> <span class='ocrx_word' id='word_1_154' title='bbox 1271 2423 1538 2494; x_wconf 81' lang='grc' dir='ltr'>ἐμπλήσω</span> <span class='ocrx_word' id='word_1_155' title='bbox 1577 2425 1713 2492; x_wconf 88' lang='grc' dir='ltr'>ἀγα-</span> 
     </span>
    </p>
   </div>
   <div class='ocr_carea' id='block_1_23' title="bbox 161 2516 1709 2588">
    <p class='ocr_par' dir='ltr' id='par_1_23' title="bbox 161 2516 1709 2588">
     <span class='ocr_line' id='line_1_23' title="bbox 161 2516 1709 2588; baseline 0.001 -20"><span class='ocrx_word' id='word_1_156' title='bbox 161 2516 271 2569; x_wconf 78' lang='grc' dir='ltr'><strong><em>θῶνο</em></strong></span> <span class='ocrx_word' id='word_1_157' title='bbox 299 2518 388 2570; x_wconf 72' lang='grc' dir='ltr'>ἐὰν</span> <span class='ocrx_word' id='word_1_158' title='bbox 420 2518 739 2587; x_wconf 85' lang='grc' dir='ltr'>ἀναγγείλω</span> <span class='ocrx_word' id='word_1_159' title='bbox 771 2519 900 2588; x_wconf 87' lang='grc' dir='ltr'>ὑμῖν</span> <span class='ocrx_word' id='word_1_160' title='bbox 932 2517 999 2570; x_wconf 73' lang='grc' dir='ltr'>τὰ</span> <span class='ocrx_word' id='word_1_161' title='bbox 1033 2516 1153 2570; x_wconf 80' lang='grc' dir='ltr'>καθ’</span> <span class='ocrx_word' id='word_1_162' title='bbox 1189 2516 1402 2588; x_wconf 82' lang='grc' dir='ltr'>ἡμέραν</span> <span class='ocrx_word' id='word_1_163' title='bbox 1431 2517 1709 2587; x_wconf 88' lang='grc' dir='ltr'>γινόμενα,</span> 
     </span>
    </p>
   </div>
   <div class='ocr_carea' id='block_1_24' title="bbox 163 2607 1711 2680">
    <p class='ocr_par' dir='ltr' id='par_1_24' title="bbox 163 2607 1711 2680">
     <span class='ocr_line' id='line_1_24' title="bbox 163 2607 1711 2680; baseline 0 -18"><span class='ocrx_word' id='word_1_164' title='bbox 163 2609 481 2680; x_wconf 77' lang='grc' dir='ltr'>μνημονεύσω</span> <span class='ocrx_word' id='word_1_165' title='bbox 521 2611 595 2664; x_wconf 70' lang='grc' dir='ltr'>τὰ</span> <span class='ocrx_word' id='word_1_166' title='bbox 625 2609 683 2675; x_wconf 81' lang='grc' dir='ltr'><strong><em>ἐξ</em></strong></span> <span class='ocrx_word' id='word_1_167' title='bbox 713 2609 907 2672; x_wconf 87' lang='grc' dir='ltr'>αίῶνος</span> <span class='ocrx_word' id='word_1_168' title='bbox 937 2608 1262 2679; x_wconf 79' lang='grc' dir='ltr'>ἀριθμῆσαι.</span> <span class='ocrx_word' id='word_1_169' title='bbox 1298 2607 1501 2679; x_wconf 84' lang='grc' dir='ltr'>Κύριος</span> <span class='ocrx_word' id='word_1_170' title='bbox 1532 2608 1711 2662; x_wconf 79' lang='grc' dir='ltr'>ἔκτισέ</span> 
     </span>
    </p>
   </div>
   <div class='ocr_carea' id='block_1_25' title="bbox 164 2699 1714 2773">
    <p class='ocr_par' dir='ltr' id='par_1_25' title="bbox 164 2699 1714 2773">
     <span class='ocr_line' id='line_1_25' title="bbox 164 2699 1714 2773; baseline -0.001 -19"><span class='ocrx_word' id='word_1_171' title='bbox 164 2717 214 2769; x_wconf 78' lang='grc' dir='ltr'><strong><em>με</em></strong></span> <span class='ocrx_word' id='word_1_172' title='bbox 236 2702 391 2773; x_wconf 76' lang='grc' dir='ltr'>ἀρχὴν</span> <span class='ocrx_word' id='word_1_173' title='bbox 412 2702 560 2755; x_wconf 80' lang='grc' dir='ltr'>ὁδῶν</span> <span class='ocrx_word' id='word_1_174' title='bbox 583 2700 748 2754; x_wconf 87' lang='grc' dir='ltr'>αὑτοῦ</span> <span class='ocrx_word' id='word_1_175' title='bbox 775 2703 855 2764; x_wconf 88' lang='grc' dir='ltr'><strong><em>είς</em></strong></span> <span class='ocrx_word' id='word_1_176' title='bbox 881 2701 1017 2772; x_wconf 77' lang='grc' dir='ltr'>ἔργα</span> <span class='ocrx_word' id='word_1_177' title='bbox 1045 2699 1210 2754; x_wconf 87' lang='grc' dir='ltr'>αὑτοῦ</span> <span class='ocrx_word' id='word_1_178' title='bbox 1231 2718 1244 2730; x_wconf 86' lang='grc'><strong>·</strong></span> <span class='ocrx_word' id='word_1_179' title='bbox 1273 2700 1379 2771; x_wconf 78' lang='grc' dir='ltr'><strong><em>πρὸ</em></strong></span> <span class='ocrx_word' id='word_1_180' title='bbox 1399 2699 1492 2753; x_wconf 86' lang='grc' dir='ltr'><strong><em>τοῦ</em></strong></span> <span class='ocrx_word' id='word_1_181' title='bbox 1520 2700 1714 2764; x_wconf 84' lang='grc' dir='ltr'>αἰῶνος</span> 
     </span>
    </p>
   </div>
   <div class='ocr_carea' id='block_1_26' title="bbox 164 2791 1711 2866">
    <p class='ocr_par' dir='ltr' id='par_1_26' title="bbox 164 2791 1711 2866">
     <span class='ocr_line' id='line_1_26' title="bbox 164 2791 1711 2866; baseline 0.002 -24"><span class='ocrx_word' id='word_1_182' title='bbox 164 2791 448 2862; x_wconf 76' lang='grc' dir='ltr'>ἐθεμελίωσέ</span> <span class='ocrx_word' id='word_1_183' title='bbox 500 2812 598 2866; x_wconf 84' lang='grc' dir='ltr'><strong><em>με,</em></strong></span> <span class='ocrx_word' id='word_1_184' title='bbox 648 2795 706 2846; x_wconf 87' lang='grc' dir='ltr'><strong><em>ἐν</em></strong></span> <span class='ocrx_word' id='word_1_185' title='bbox 737 2795 878 2865; x_wconf 75' lang='grc' dir='ltr'>ἀρχῇ</span> <span class='ocrx_word' id='word_1_186' title='bbox 917 2793 1022 2864; x_wconf 85' lang='grc' dir='ltr'>πρὸ</span> <span class='ocrx_word' id='word_1_187' title='bbox 1057 2793 1149 2846; x_wconf 89' lang='grc' dir='ltr'><strong><em>τοῦ</em></strong></span> <span class='ocrx_word' id='word_1_188' title='bbox 1192 2791 1290 2864; x_wconf 84' lang='grc' dir='ltr'><strong><em>τὴν</em></strong></span> <span class='ocrx_word' id='word_1_189' title='bbox 1325 2793 1430 2862; x_wconf 83' lang='grc' dir='ltr'>γῆν</span> <span class='ocrx_word' id='word_1_190' title='bbox 1467 2791 1711 2862; x_wconf 83' lang='grc' dir='ltr'>ποιῆσαι,</span> 
     </span>
    </p>
   </div>
   <div class='ocr_carea' id='block_1_27' title="bbox 164 2884 1713 2957">
    <p class='ocr_par' dir='ltr' id='par_1_27' title="bbox 164 2884 1713 2957">
     <span class='ocr_line' id='line_1_27' title="bbox 164 2884 1713 2957; baseline 0.001 -21"><span class='ocrx_word' id='word_1_191' title='bbox 164 2887 235 2936; x_wconf 79' lang='grc' dir='ltr'><strong><em>καί</em></strong></span> <span class='ocrx_word' id='word_1_192' title='bbox 254 2887 344 2957; x_wconf 83' lang='grc' dir='ltr'><strong><em>πρὸ</em></strong></span> <span class='ocrx_word' id='word_1_193' title='bbox 363 2888 454 2940; x_wconf 81' lang='grc' dir='ltr'><strong><em>τοῦ</em></strong></span> <span class='ocrx_word' id='word_1_194' title='bbox 484 2888 594 2950; x_wconf 77' lang='grc' dir='ltr'>τὰς</span> <span class='ocrx_word' id='word_1_195' title='bbox 616 2886 884 2950; x_wconf 76' lang='grc' dir='ltr'>ἀϐύσσους</span> <span class='ocrx_word' id='word_1_196' title='bbox 913 2886 1156 2956; x_wconf 77' lang='grc' dir='ltr'>ποιῆσαι,</span> <span class='ocrx_word' id='word_1_197' title='bbox 1183 2887 1286 2956; x_wconf 68' lang='grc' dir='ltr'><strong><em>πρὸ</em></strong></span> <span class='ocrx_word' id='word_1_198' title='bbox 1307 2886 1401 2939; x_wconf 88' lang='grc' dir='ltr'><strong><em>τοῦ</em></strong></span> <span class='ocrx_word' id='word_1_199' title='bbox 1433 2884 1713 2957; x_wconf 79' lang='grc' dir='ltr'>προελθεῖν</span> 
     </span>
    </p>
   </div>
   <div class='ocr_carea' id='block_1_28' title="bbox 166 2977 1714 3050">
    <p class='ocr_par' dir='ltr' id='par_1_28' title="bbox 166 2977 1714 3050">
     <span class='ocr_line' id='line_1_28' title="bbox 166 2977 1714 3050; baseline 0.001 -21"><span class='ocrx_word' id='word_1_200' title='bbox 166 2978 241 3041; x_wconf 72' lang='lat'><strong><em>7‘1;</em></strong></span> <span class='ocrx_word' id='word_1_201' title='bbox 259 2980 422 3049; x_wconf 79' lang='grc' dir='ltr'>πηγὰς</span> <span class='ocrx_word' id='word_1_202' title='bbox 448 2979 569 3033; x_wconf 84' lang='grc' dir='ltr'><strong><em>τῶν</em></strong></span> <span class='ocrx_word' id='word_1_203' title='bbox 598 2978 825 3044; x_wconf 83' lang='grc' dir='ltr'>ὑδάτων,</span> <span class='ocrx_word' id='word_1_204' title='bbox 857 2978 962 3048; x_wconf 79' lang='grc' dir='ltr'><strong><em>πρὸ</em></strong></span> <span class='ocrx_word' id='word_1_205' title='bbox 985 2978 1078 3032; x_wconf 90' lang='grc' dir='ltr'><strong><em>τοῦ</em></strong></span> <span class='ocrx_word' id='word_1_206' title='bbox 1109 2979 1209 3050; x_wconf 83' lang='grc' dir='ltr'>ὅρη</span> <span class='ocrx_word' id='word_1_207' title='bbox 1235 2977 1580 3049; x_wconf 80' lang='grc' dir='ltr'>ἑδρασθῆναι,</span> <span class='ocrx_word' id='word_1_208' title='bbox 1609 2977 1714 3048; x_wconf 85' lang='grc' dir='ltr'><strong><em>πρὸ</em></strong></span> 
     </span>
    </p>
   </div>
   <div class='ocr_carea' id='block_1_29' title="bbox 165 3067 1714 3142">
    <p class='ocr_par' dir='ltr' id='par_1_29' title="bbox 165 3067 1714 3142">
     <span class='ocr_line' id='line_1_29' title="bbox 165 3067 1714 3142; baseline -0.001 -21"><span class='ocrx_word' id='word_1_209' title='bbox 249 3071 445 3124; x_wconf 73' lang='grc' dir='ltr'>πάντων</span> <span class='ocrx_word' id='word_1_210' title='bbox 500 3069 711 3142; x_wconf 86' lang='grc' dir='ltr'>βουνῶν</span> <span class='ocrx_word' id='word_1_211' title='bbox 749 3071 913 3139; x_wconf 77' lang='grc' dir='ltr'>γεννᾷ</span> <span class='ocrx_word' id='word_1_212' title='bbox 960 3085 1049 3138; x_wconf 84' lang='grc' dir='ltr'>με.</span> <span class='ocrx_word' id='word_1_213' title='bbox 1086 3068 1289 3139; x_wconf 85' lang='grc' dir='ltr'>Κύριος</span> <span class='ocrx_word' id='word_1_214' title='bbox 1338 3068 1562 3137; x_wconf 84' lang='grc' dir='ltr'>ἐποίησε</span> <span class='ocrx_word' id='word_1_215' title='bbox 1606 3067 1714 3138; x_wconf 84' lang='grc' dir='ltr'><strong><em>χώ-</em></strong></span> 
     </span>
    </p>
   </div>
   <div class='ocr_carea' id='block_1_30' title="bbox 170 3160 1710 3238">
    <p class='ocr_par' dir='ltr' id='par_1_30' title="bbox 170 3160 1710 3238">
     <span class='ocr_line' id='line_1_30' title="bbox 170 3160 1710 3238; baseline -0.003 -21"><span class='ocrx_word' id='word_1_216' title='bbox 170 3181 244 3234; x_wconf 81' lang='grc' dir='ltr'><strong><em>ρας</em></strong></span> <span class='ocrx_word' id='word_1_217' title='bbox 268 3166 546 3238; x_wconf 72' lang='grc' dir='ltr'>ἀοικήτους</span> <span class='ocrx_word' id='word_1_218' title='bbox 578 3165 675 3218; x_wconf 73' lang='grc' dir='ltr'><strong><em>καὶ</em></strong></span> <span class='ocrx_word' id='word_1_219' title='bbox 716 3163 860 3236; x_wconf 80' lang='grc' dir='ltr'>ἄκρα</span> <span class='ocrx_word' id='word_1_220' title='bbox 888 3161 1182 3232; x_wconf 75' lang='grc' dir='ltr'>οἰκούμενα</span> <span class='ocrx_word' id='word_1_221' title='bbox 1215 3161 1313 3232; x_wconf 83' lang='grc' dir='ltr'>τῆς</span> <span class='ocrx_word' id='word_1_222' title='bbox 1342 3160 1434 3214; x_wconf 88' lang='grc' dir='ltr'>ὑπ’</span> <span class='ocrx_word' id='word_1_223' title='bbox 1463 3161 1710 3232; x_wconf 82' lang='grc' dir='ltr'>οὐρανόν.</span> 
     </span>
    </p>
   </div>
   <div class='ocr_carea' id='block_1_31' title="bbox 3279 425 3384 480">
    <p class='ocr_par' dir='ltr' id='par_1_31' title="bbox 3279 425 3384 480">
     <span class='ocr_line' id='line_1_31' title="bbox 3279 425 3384 480; baseline -0.019 0"><span class='ocrx_word' id='word_1_224' title='bbox 3279 425 3384 480; x_wconf 74' lang='lat'><strong><em>550</em></strong></span> 
     </span>
    </p>
   </div>
   <div class='ocr_carea' id='block_1_32' title="bbox 2396 540 2755 597">
    <p class='ocr_par' dir='ltr' id='par_1_32' title="bbox 2396 540 2755 597">
     <span class='ocr_line' id='line_1_32' title="bbox 2396 540 2755 597; baseline -0.008 0"><span class='ocrx_word' id='word_1_225' title='bbox 2396 558 2400 561; x_wconf 89' lang='grc'><strong>·</strong></span> <span class='ocrx_word' id='word_1_226' title='bbox 2435 540 2664 597; x_wconf 67' lang='lat' dir='ltr'><strong><em>CAPUT</em></strong></span> <span class='ocrx_word' id='word_1_227' title='bbox 2703 540 2755 594; x_wconf 79' lang='lat' dir='ltr'><strong><em>l.‘</em></strong></span> 
     </span>
    </p>
   </div>
   <div class='ocr_carea' id='block_1_33' title="bbox 1810 655 3384 725">
    <p class='ocr_par' dir='ltr' id='par_1_33' title="bbox 1810 655 3384 725">
     <span class='ocr_line' id='line_1_33' title="bbox 1810 655 3384 725; baseline 0.002 -16"><span class='ocrx_word' id='word_1_228' title='bbox 1810 657 2265 724; x_wconf 82' lang='lat' dir='ltr'><strong><em>Quemadmodum</em></strong></span> <span class='ocrx_word' id='word_1_229' title='bbox 2293 656 2434 725; x_wconf 86' lang='lat' dir='ltr'><strong><em>apud</em></strong></span> <span class='ocrx_word' id='word_1_230' title='bbox 2474 656 2723 710; x_wconf 72' lang='lat' dir='ltr'><strong><em>Hebra&#39;os</em></strong></span> <span class='ocrx_word' id='word_1_231' title='bbox 2755 655 3183 723; x_wconf 76' lang='lat' dir='ltr'><strong><em>sapientissimus</em></strong></span> <span class='ocrx_word' id='word_1_232' title='bbox 3221 657 3384 712; x_wconf 83' lang='lat' dir='ltr'><strong><em>Salo-</em></strong></span> 
     </span>
    </p>
   </div>
   <div class='ocr_carea' id='block_1_34' title="bbox 1883 725 3384 798">
    <p class='ocr_par' dir='ltr' id='par_1_34' title="bbox 1883 725 3384 798">
     <span class='ocr_line' id='line_1_34' title="bbox 1883 725 3384 798; baseline 0.001 -18"><span class='ocrx_word' id='word_1_233' title='bbox 1883 745 2023 798; x_wconf 85' lang='lat' dir='ltr'><strong><em>mon,</em></strong></span> <span class='ocrx_word' id='word_1_234' title='bbox 2061 729 2115 780; x_wconf 87' lang='lat' dir='ltr'><strong><em>in</em></strong></span> <span class='ocrx_word' id='word_1_235' title='bbox 2152 725 2450 780; x_wconf 78' lang='lat' dir='ltr'><strong><em>Proverbiis</em></strong></span> <span class='ocrx_word' id='word_1_236' title='bbox 2477 731 2618 780; x_wconf 86' lang='lat' dir='ltr'><strong><em>novit</em></strong></span> <span class='ocrx_word' id='word_1_237' title='bbox 2657 732 2952 798; x_wconf 80' lang='lat' dir='ltr'><strong><em>quamdam</em></strong></span> <span class='ocrx_word' id='word_1_238' title='bbox 2980 730 3384 798; x_wconf 78' lang='lat' dir='ltr'><strong><em>primogenitum</em></strong></span> 
     </span>
    </p>
   </div>
   <div class='ocr_carea' id='block_1_35' title="bbox 1883 797 3385 867">
    <p class='ocr_par' dir='ltr' id='par_1_35' title="bbox 1883 797 3385 867">
     <span class='ocr_line' id='line_1_35' title="bbox 1883 797 3385 867; baseline 0.003 -19"><span class='ocrx_word' id='word_1_239' title='bbox 1883 797 1979 850; x_wconf 82' lang='lat' dir='ltr'><strong><em>Dei</em></strong></span> <span class='ocrx_word' id='word_1_240' title='bbox 2001 800 2244 851; x_wconf 75' lang='lat' dir='ltr'><strong><em>virtutem</em></strong></span> <span class='ocrx_word' id='word_1_241' title='bbox 2264 839 2278 862; x_wconf 92' lang='lat'><strong><em>,</em></strong></span> <span class='ocrx_word' id='word_1_242' title='bbox 2311 814 2467 862; x_wconf 88' lang='lat' dir='ltr'><strong><em>quam</em></strong></span> <span class='ocrx_word' id='word_1_243' title='bbox 2494 808 2543 850; x_wconf 88' lang='lat' dir='ltr'><strong><em>et</em></strong></span> <span class='ocrx_word' id='word_1_244' title='bbox 2573 802 2886 866; x_wconf 69' lang='lat' dir='ltr'><strong><em>sapientiam</em></strong></span> <span class='ocrx_word' id='word_1_245' title='bbox 2919 797 3036 861; x_wconf 87' lang='lat' dir='ltr'><strong><em>Dei,</em></strong></span> <span class='ocrx_word' id='word_1_246' title='bbox 3073 814 3121 852; x_wconf 92' lang='lat' dir='ltr'><strong><em>et</em></strong></span> <span class='ocrx_word' id='word_1_247' title='bbox 3151 797 3385 867; x_wconf 80' lang='lat' dir='ltr'><strong><em>ejusdem</em></strong></span> 
     </span>
    </p>
   </div>
   <div class='ocr_carea' id='block_1_36' title="bbox 1878 868 3388 940">
    <p class='ocr_par' dir='ltr' id='par_1_36' title="bbox 1878 868 3388 940">
     <span class='ocr_line' id='line_1_36' title="bbox 1878 868 3388 940; baseline 0.002 -20"><span class='ocrx_word' id='word_1_248' title='bbox 1878 868 2110 940; x_wconf 84' lang='lat' dir='ltr'><strong><em>sobolem</em></strong></span> <span class='ocrx_word' id='word_1_249' title='bbox 2141 868 2385 940; x_wconf 85' lang='lat' dir='ltr'><strong><em>appellat</em></strong></span> <span class='ocrx_word' id='word_1_250' title='bbox 2417 885 2434 920; x_wconf 93' lang='lat'><em>:</em></span> <span class='ocrx_word' id='word_1_251' title='bbox 2489 870 2624 921; x_wconf 80' lang='lat' dir='ltr'><strong><em>sicut</em></strong></span> <span class='ocrx_word' id='word_1_252' title='bbox 2654 869 2864 921; x_wconf 83' lang='lat' dir='ltr'><strong><em>interim</em></strong></span> <span class='ocrx_word' id='word_1_253' title='bbox 2893 885 2987 922; x_wconf 74' lang='lat' dir='ltr'><strong><em>nos</em></strong></span> <span class='ocrx_word' id='word_1_254' title='bbox 3013 885 3216 940; x_wconf 86' lang='lat' dir='ltr'><strong><em>quoque</em></strong></span> <span class='ocrx_word' id='word_1_255' title='bbox 3239 886 3388 923; x_wconf 86' lang='lat' dir='ltr'><strong><em>eam-</em></strong></span> 
     </span>
    </p>
   </div>
   <div class='ocr_carea' id='block_1_37' title="bbox 1878 937 2396 1009">
    <p class='ocr_par' dir='ltr' id='par_1_37' title="bbox 1878 937 2396 1009">
     <span class='ocr_line' id='line_1_37' title="bbox 1878 937 2396 1009; baseline 0.006 -20"><span class='ocrx_word' id='word_1_256' title='bbox 1878 937 1992 993; x_wconf 82' lang='lat' dir='ltr'><strong><em>dem</em></strong></span> <span class='ocrx_word' id='word_1_257' title='bbox 2010 939 2396 1009; x_wconf 77' lang='lat' dir='ltr'><strong><em>gloriﬁcamus.</em></strong></span> 
     </span>
    </p>
   </div>
   <div class='ocr_carea' id='block_1_38' title="bbox 1883 1048 3385 1127">
    <p class='ocr_par' dir='ltr' id='par_1_38' title="bbox 1883 1048 3385 1127">
     <span class='ocr_line' id='line_1_38' title="bbox 1883 1048 3385 1127; baseline 0 -25"><span class='ocrx_word' id='word_1_258' title='bbox 1883 1069 1904 1102; x_wconf 72' lang='lat' dir='ltr'><strong>c</strong></span> <span class='ocrx_word' id='word_1_259' title='bbox 1943 1050 2054 1121; x_wconf 83' lang='lat' dir='ltr'><strong><em>Ego</em></strong></span> <span class='ocrx_word' id='word_1_260' title='bbox 2100 1049 2377 1120; x_wconf 81' lang='lat' dir='ltr'><strong><em>Sapientia</em></strong></span> <span class='ocrx_word' id='word_1_261' title='bbox 2411 1049 2650 1104; x_wconf 87' lang='lat' dir='ltr'><strong><em>habitavi</em></strong></span> <span class='ocrx_word' id='word_1_262' title='bbox 2682 1050 2994 1112; x_wconf 86' lang='lat' dir='ltr'><strong><em>consilium,</em></strong></span> <span class='ocrx_word' id='word_1_263' title='bbox 3033 1056 3086 1105; x_wconf 91' lang='lat' dir='ltr'><strong><em>et</em></strong></span> <span class='ocrx_word' id='word_1_264' title='bbox 3115 1048 3385 1127; x_wconf 79' lang='lat' dir='ltr'><strong><em>cognitio-</em></strong></span> 
     </span>
    </p>
   </div>
   <div class='ocr_carea' id='block_1_39' title="bbox 1808 1126 3384 1212">
    <p class='ocr_par' dir='ltr' id='par_1_39' title="bbox 1808 1126 3384 1212">
     <span class='ocr_line' id='line_1_39' title="bbox 1808 1126 3384 1212; baseline -0.001 -14"><span class='ocrx_word' id='word_1_265' title='bbox 1808 1161 1953 1209; x_wconf 85' lang='lat' dir='ltr'><strong><em>nem,</em></strong></span> <span class='ocrx_word' id='word_1_266' title='bbox 1978 1153 2032 1198; x_wconf 90' lang='lat' dir='ltr'><strong><em>et</em></strong></span> <span class='ocrx_word' id='word_1_267' title='bbox 2059 1143 2443 1212; x_wconf 77' lang='lat' dir='ltr'><strong><em>cogitationem</em></strong></span> <span class='ocrx_word' id='word_1_268' title='bbox 2490 1158 2590 1212; x_wconf 89' lang='lat' dir='ltr'><strong><em>ego</em></strong></span> <span class='ocrx_word' id='word_1_269' title='bbox 2624 1126 2870 1196; x_wconf 81' lang='lat' dir='ltr'><strong><em>invoCavi</em></strong></span> <span class='ocrx_word' id='word_1_270' title='bbox 2899 1163 2911 1197; x_wconf 92' lang='lat'>:</span> <span class='ocrx_word' id='word_1_271' title='bbox 2960 1143 3123 1198; x_wconf 92' lang='lat' dir='ltr'><strong><em>timor</em></strong></span> <span class='ocrx_word' id='word_1_272' title='bbox 3171 1126 3384 1197; x_wconf 81' lang='lat' dir='ltr'><strong><em>Domini</em></strong></span> 
     </span>
    </p>
   </div>
   <div class='ocr_carea' id='block_1_40' title="bbox 1809 1235 3389 1306">
    <p class='ocr_par' dir='ltr' id='par_1_40' title="bbox 1809 1235 3389 1306">
     <span class='ocr_line' id='line_1_40' title="bbox 1809 1235 3389 1306; baseline 0.001 -17"><span class='ocrx_word' id='word_1_273' title='bbox 1809 1235 1925 1289; x_wconf 90' lang='lat' dir='ltr'><strong><em>odit</em></strong></span> <span class='ocrx_word' id='word_1_274' title='bbox 1951 1235 2296 1303; x_wconf 89' lang='lat' dir='ltr'><strong><em>injustitiam,</em></strong></span> <span class='ocrx_word' id='word_1_275' title='bbox 2332 1235 2827 1304; x_wconf 85' lang='lat' dir='ltr'><strong><em>contmneliamque</em></strong></span> <span class='ocrx_word' id='word_1_276' title='bbox 2852 1243 2906 1289; x_wconf 89' lang='lat' dir='ltr'><strong><em>et</em></strong></span> <span class='ocrx_word' id='word_1_277' title='bbox 2955 1236 3292 1306; x_wconf 84' lang='lat' dir='ltr'><strong><em>superbiam,</em></strong></span> <span class='ocrx_word' id='word_1_278' title='bbox 3331 1243 3389 1292; x_wconf 85' lang='lat' dir='ltr'><strong><em>et</em></strong></span> 
     </span>
    </p>
   </div>
   <div class='ocr_carea' id='block_1_41' title="bbox 1810 1329 3384 1398">
    <p class='ocr_par' dir='ltr' id='par_1_41' title="bbox 1810 1329 3384 1398">
     <span class='ocr_line' id='line_1_41' title="bbox 1810 1329 3384 1398; baseline 0.001 -18"><span class='ocrx_word' id='word_1_279' title='bbox 1810 1329 1927 1382; x_wconf 84' lang='lat' dir='ltr'><strong><em>vias</em></strong></span> <span class='ocrx_word' id='word_1_280' title='bbox 1957 1343 2248 1397; x_wconf 83' lang='lat' dir='ltr'><strong><em>pravorum</em></strong></span> <span class='ocrx_word' id='word_1_281' title='bbox 2284 1344 2296 1378; x_wconf 78' lang='grc' dir='ltr'><strong>ε</strong></span> <span class='ocrx_word' id='word_1_282' title='bbox 2329 1329 2418 1381; x_wconf 90' lang='lat' dir='ltr'><strong><em>odi</em></strong></span> <span class='ocrx_word' id='word_1_283' title='bbox 2455 1343 2582 1382; x_wconf 81' lang='lat' dir='ltr'><strong><em>vero</em></strong></span> <span class='ocrx_word' id='word_1_284' title='bbox 2601 1343 2701 1398; x_wconf 89' lang='lat' dir='ltr'><strong><em>ego</em></strong></span> <span class='ocrx_word' id='word_1_285' title='bbox 2749 1344 3034 1397; x_wconf 88' lang='lat' dir='ltr'><strong><em>perversas</em></strong></span> <span class='ocrx_word' id='word_1_286' title='bbox 3062 1330 3178 1384; x_wconf 70' lang='lat' dir='ltr'><strong><em>vius</em></strong></span> <span class='ocrx_word' id='word_1_287' title='bbox 3209 1330 3384 1383; x_wconf 88' lang='lat' dir='ltr'><strong><em>malo-</em></strong></span> 
     </span>
    </p>
   </div>
   <div class='ocr_carea' id='block_1_42' title="bbox 1811 1419 3387 1476">
    <p class='ocr_par' dir='ltr' id='par_1_42' title="bbox 1811 1419 3387 1476">
     <span class='ocr_line' id='line_1_42' title="bbox 1811 1419 3387 1476; baseline 0.003 -5"><span class='ocrx_word' id='word_1_288' title='bbox 1811 1433 1931 1471; x_wconf 87' lang='lat' dir='ltr'><strong><em>rum</em></strong></span> <span class='ocrx_word' id='word_1_289' title='bbox 1969 1438 1980 1472; x_wconf 85' lang='lat'><strong>:</strong></span> <span class='ocrx_word' id='word_1_290' title='bbox 2035 1435 2214 1474; x_wconf 89' lang='lat' dir='ltr'><strong><em>meum</em></strong></span> <span class='ocrx_word' id='word_1_291' title='bbox 2245 1426 2326 1473; x_wconf 89' lang='lat' dir='ltr'><strong><em>est</em></strong></span> <span class='ocrx_word' id='word_1_292' title='bbox 2353 1419 2645 1473; x_wconf 88' lang='lat' dir='ltr'><strong><em>consilium</em></strong></span> <span class='ocrx_word' id='word_1_293' title='bbox 2679 1427 2732 1474; x_wconf 89' lang='lat' dir='ltr'><strong><em>et</em></strong></span> <span class='ocrx_word' id='word_1_294' title='bbox 2767 1420 3082 1474; x_wconf 80' lang='lat' dir='ltr'><strong><em>stabilitas:</em></strong></span> <span class='ocrx_word' id='word_1_295' title='bbox 3139 1436 3263 1475; x_wconf 85' lang='lat' dir='ltr'><strong><em>mea</em></strong></span> <span class='ocrx_word' id='word_1_296' title='bbox 3301 1429 3387 1476; x_wconf 85' lang='lat' dir='ltr'><strong><em>est</em></strong></span> 
     </span>
    </p>
   </div>
   <div class='ocr_carea' id='block_1_43' title="bbox 1813 1509 3386 1582">
    <p class='ocr_par' dir='ltr' id='par_1_43' title="bbox 1813 1509 3386 1582">
     <span class='ocr_line' id='line_1_43' title="bbox 1813 1509 3386 1582; baseline 0.004 -20"><span class='ocrx_word' id='word_1_297' title='bbox 1813 1509 2123 1579; x_wconf 77' lang='lat' dir='ltr'><strong><em>prudentia,</em></strong></span> <span class='ocrx_word' id='word_1_298' title='bbox 2155 1525 2276 1564; x_wconf 89' lang='lat' dir='ltr'><strong><em>mea</em></strong></span> <span class='ocrx_word' id='word_1_299' title='bbox 2313 1519 2492 1564; x_wconf 88' lang='lat' dir='ltr'><strong><em>autem</em></strong></span> <span class='ocrx_word' id='word_1_300' title='bbox 2527 1509 2794 1564; x_wconf 85' lang='lat' dir='ltr'><strong><em>fortitudo</em></strong></span> <span class='ocrx_word' id='word_1_301' title='bbox 2833 1531 2845 1565; x_wconf 95' lang='lat'>:</span> <span class='ocrx_word' id='word_1_302' title='bbox 2880 1527 2976 1581; x_wconf 90' lang='lat' dir='ltr'><strong><em>per</em></strong></span> <span class='ocrx_word' id='word_1_303' title='bbox 3002 1527 3088 1566; x_wconf 88' lang='lat' dir='ltr'><strong><em>me</em></strong></span> <span class='ocrx_word' id='word_1_304' title='bbox 3122 1527 3275 1582; x_wconf 89' lang='lat' dir='ltr'><strong><em>reges</em></strong></span> <span class='ocrx_word' id='word_1_305' title='bbox 3298 1528 3386 1568; x_wconf 86' lang='lat' dir='ltr'><strong><em>re-</em></strong></span> 
     </span>
    </p>
   </div>
   <div class='ocr_carea' id='block_1_44' title="bbox 1813 1603 3391 1676">
    <p class='ocr_par' dir='ltr' id='par_1_44' title="bbox 1813 1603 3391 1676">
     <span class='ocr_line' id='line_1_44' title="bbox 1813 1603 3391 1676; baseline 0.003 -20"><span class='ocrx_word' id='word_1_306' title='bbox 1813 1611 2000 1673; x_wconf 88' lang='lat' dir='ltr'><strong><em>gnant,</em></strong></span> <span class='ocrx_word' id='word_1_307' title='bbox 2025 1612 2078 1658; x_wconf 89' lang='lat' dir='ltr'><strong><em>et</em></strong></span> <span class='ocrx_word' id='word_1_308' title='bbox 2110 1614 2358 1674; x_wconf 86' lang='lat' dir='ltr'><strong><em>potentes</em></strong></span> <span class='ocrx_word' id='word_1_309' title='bbox 2382 1603 2908 1672; x_wconf 87' lang='lat' dir='ltr'><strong><em>scribuntjustitiam</em></strong></span> <span class='ocrx_word' id='word_1_310' title='bbox 2941 1620 3064 1674; x_wconf 90' lang='lat' dir='ltr'><strong><em>:per</em></strong></span> <span class='ocrx_word' id='word_1_311' title='bbox 3094 1619 3180 1658; x_wconf 90' lang='lat' dir='ltr'><strong><em>me</em></strong></span> <span class='ocrx_word' id='word_1_312' title='bbox 3211 1604 3391 1676; x_wconf 82' lang='lat' dir='ltr'><strong><em>magni</em></strong></span> 
     </span>
    </p>
   </div>
   <div class='ocr_carea' id='block_1_45' title="bbox 1811 1691 3393 1762">
    <p class='ocr_par' dir='ltr' id='par_1_45' title="bbox 1811 1691 3393 1762">
     <span class='ocr_line' id='line_1_45' title="bbox 1811 1691 3393 1762; baseline 0 -16"><span class='ocrx_word' id='word_1_313' title='bbox 1811 1694 1914 1746; x_wconf 89' lang='lat' dir='ltr'><strong><em>viri</em></strong></span> <span class='ocrx_word' id='word_1_314' title='bbox 1945 1692 2361 1762; x_wconf 81' lang='lat' dir='ltr'><strong><em>magnificantur</em></strong></span> <span class='ocrx_word' id='word_1_315' title='bbox 2381 1731 2394 1754; x_wconf 91' lang='lat'><strong><em>,</em></strong></span> <span class='ocrx_word' id='word_1_316' title='bbox 2427 1701 2479 1746; x_wconf 91' lang='lat' dir='ltr'><strong><em>et</em></strong></span> <span class='ocrx_word' id='word_1_317' title='bbox 2510 1691 2727 1762; x_wconf 86' lang='lat' dir='ltr'><strong><em>tyranni</em></strong></span> <span class='ocrx_word' id='word_1_318' title='bbox 2765 1707 2862 1761; x_wconf 89' lang='lat' dir='ltr'><strong><em>per</em></strong></span> <span class='ocrx_word' id='word_1_319' title='bbox 2892 1708 2978 1747; x_wconf 90' lang='lat' dir='ltr'><strong><em>me</em></strong></span> <span class='ocrx_word' id='word_1_320' title='bbox 3004 1691 3257 1746; x_wconf 85' lang='lat' dir='ltr'><strong><em>obtinent</em></strong></span> <span class='ocrx_word' id='word_1_321' title='bbox 3281 1699 3393 1746; x_wconf 88' lang='lat' dir='ltr'><strong><em>ter-</em></strong></span> 
     </span>
    </p>
   </div>
   <div class='ocr_carea' id='block_1_46' title="bbox 1815 1784 3394 1856">
    <p class='ocr_par' dir='ltr' id='par_1_46' title="bbox 1815 1784 3394 1856">
     <span class='ocr_line' id='line_1_46' title="bbox 1815 1784 3394 1856; baseline 0.001 -16"><span class='ocrx_word' id='word_1_322' title='bbox 1815 1802 1932 1840; x_wconf 90' lang='lat' dir='ltr'><strong><em>ram</em></strong></span> <span class='ocrx_word' id='word_1_323' title='bbox 1964 1805 1975 1840; x_wconf 93' lang='lat'>:</span> <span class='ocrx_word' id='word_1_324' title='bbox 2007 1802 2106 1856; x_wconf 84' lang='lat' dir='ltr'><strong><em>ego</em></strong></span> <span class='ocrx_word' id='word_1_325' title='bbox 2139 1795 2385 1840; x_wconf 84' lang='lat' dir='ltr'><strong><em>amantes</em></strong></span> <span class='ocrx_word' id='word_1_326' title='bbox 2438 1800 2525 1838; x_wconf 92' lang='lat' dir='ltr'><strong><em>me</em></strong></span> <span class='ocrx_word' id='word_1_327' title='bbox 2568 1784 2755 1855; x_wconf 80' lang='lat' dir='ltr'><strong><em>diligo,</em></strong></span> <span class='ocrx_word' id='word_1_328' title='bbox 2793 1793 2848 1840; x_wconf 89' lang='lat' dir='ltr'><strong><em>et</em></strong></span> <span class='ocrx_word' id='word_1_329' title='bbox 2876 1785 2968 1855; x_wconf 90' lang='lat' dir='ltr'><strong><em>qui</em></strong></span> <span class='ocrx_word' id='word_1_330' title='bbox 3016 1792 3268 1855; x_wconf 73' lang='lat' dir='ltr'><strong><em>quaerunt</em></strong></span> <span class='ocrx_word' id='word_1_331' title='bbox 3308 1801 3394 1841; x_wconf 87' lang='lat' dir='ltr'><strong><em>me</em></strong></span> 
     </span>
    </p>
   </div>
   <div class='ocr_carea' id='block_1_47' title="bbox 1746 1876 3397 1961">
    <p class='ocr_par' dir='ltr' id='par_1_47' title="bbox 1746 1876 3397 1961">
     <span class='ocr_line' id='line_1_47' title="bbox 1746 1876 3397 1961; baseline -0.001 -29"><span class='ocrx_word' id='word_1_332' title='bbox 1746 1907 1785 1961; x_wconf 74' lang='grc' dir='ltr'><strong><em>Β</em></strong></span> <span class='ocrx_word' id='word_1_333' title='bbox 1817 1880 2093 1934; x_wconf 86' lang='lat' dir='ltr'><strong><em>invenient</em></strong></span> <span class='ocrx_word' id='word_1_334' title='bbox 2123 1879 2354 1948; x_wconf 76' lang='lat' dir='ltr'><strong><em>gratiam</em></strong></span> <span class='ocrx_word' id='word_1_335' title='bbox 2384 1897 2396 1931; x_wconf 94' lang='lat'>:</span> <span class='ocrx_word' id='word_1_336' title='bbox 2426 1877 2627 1932; x_wconf 76' lang='lat' dir='ltr'><strong><em>divitia:</em></strong></span> <span class='ocrx_word' id='word_1_337' title='bbox 2653 1885 2707 1932; x_wconf 87' lang='lat' dir='ltr'><strong><em>et</em></strong></span> <span class='ocrx_word' id='word_1_338' title='bbox 2737 1877 2905 1947; x_wconf 82' lang='lat' dir='ltr'><strong><em>gloria</em></strong></span> <span class='ocrx_word' id='word_1_339' title='bbox 2927 1877 3058 1930; x_wconf 90' lang='lat' dir='ltr'><strong><em>mihi</em></strong></span> <span class='ocrx_word' id='word_1_340' title='bbox 3091 1876 3312 1941; x_wconf 85' lang='lat' dir='ltr'><strong><em>adsunt,</em></strong></span> <span class='ocrx_word' id='word_1_341' title='bbox 3341 1885 3397 1932; x_wconf 84' lang='lat' dir='ltr'><strong><em>et</em></strong></span> 
     </span>
    </p>
   </div>
   <div class='ocr_carea' id='block_1_48' title="bbox 1814 1968 3393 2043">
    <p class='ocr_par' dir='ltr' id='par_1_48' title="bbox 1814 1968 3393 2043">
     <span class='ocr_line' id='line_1_48' title="bbox 1814 1968 3393 2043; baseline -0.003 -17"><span class='ocrx_word' id='word_1_342' title='bbox 1814 1972 2092 2043; x_wconf 84' lang='lat' dir='ltr'><strong><em>possessio</em></strong></span> <span class='ocrx_word' id='word_1_343' title='bbox 2109 1970 2652 2040; x_wconf 89' lang='lat' dir='ltr'><strong><em>multorumjustitia.</em></strong></span> <span class='ocrx_word' id='word_1_344' title='bbox 2673 1969 2865 2024; x_wconf 89' lang='lat' dir='ltr'><strong><em>Melius</em></strong></span> <span class='ocrx_word' id='word_1_345' title='bbox 2877 1977 2962 2023; x_wconf 88' lang='lat' dir='ltr'><strong><em>est</em></strong></span> <span class='ocrx_word' id='word_1_346' title='bbox 2977 1968 3084 2022; x_wconf 91' lang='lat' dir='ltr'><strong><em>frui</em></strong></span> <span class='ocrx_word' id='word_1_347' title='bbox 3100 1985 3206 2032; x_wconf 89' lang='lat' dir='ltr'><strong><em>me,</em></strong></span> <span class='ocrx_word' id='word_1_348' title='bbox 3229 1983 3393 2040; x_wconf 87' lang='lat' dir='ltr'><strong><em>quam</em></strong></span> 
     </span>
    </p>
   </div>
   <div class='ocr_carea' id='block_1_49' title="bbox 1813 2060 3398 2136">
    <p class='ocr_par' dir='ltr' id='par_1_49' title="bbox 1813 2060 3398 2136">
     <span class='ocr_line' id='line_1_49' title="bbox 1813 2060 3398 2136; baseline -0.002 -17"><span class='ocrx_word' id='word_1_349' title='bbox 1813 2081 1948 2120; x_wconf 89' lang='lat' dir='ltr'><strong><em>auro</em></strong></span> <span class='ocrx_word' id='word_1_350' title='bbox 1981 2074 2035 2120; x_wconf 88' lang='lat' dir='ltr'><strong><em>et</em></strong></span> <span class='ocrx_word' id='word_1_351' title='bbox 2066 2065 2242 2135; x_wconf 85' lang='lat' dir='ltr'><strong><em>lapide</em></strong></span> <span class='ocrx_word' id='word_1_352' title='bbox 2276 2067 2516 2136; x_wconf 88' lang='lat' dir='ltr'><strong><em>pretioso</em></strong></span> <span class='ocrx_word' id='word_1_353' title='bbox 2544 2065 2712 2119; x_wconf 90' lang='lat' dir='ltr'><strong><em>multo</em></strong></span> <span class='ocrx_word' id='word_1_354' title='bbox 2739 2083 2752 2119; x_wconf 89' lang='lat'><strong>:</strong></span> <span class='ocrx_word' id='word_1_355' title='bbox 2791 2065 2894 2118; x_wconf 89' lang='lat' dir='ltr'><strong><em>mei</em></strong></span> <span class='ocrx_word' id='word_1_356' title='bbox 2922 2079 3053 2119; x_wconf 89' lang='lat' dir='ltr'><strong><em>vero</em></strong></span> <span class='ocrx_word' id='word_1_357' title='bbox 3078 2060 3243 2126; x_wconf 89' lang='lat' dir='ltr'><strong><em>fetus,</em></strong></span> <span class='ocrx_word' id='word_1_358' title='bbox 3280 2077 3398 2116; x_wconf 79' lang='lat' dir='ltr'><strong><em>me-</em></strong></span> 
     </span>
    </p>
   </div>
   <div class='ocr_carea' id='block_1_50' title="bbox 1812 2152 3394 2228">
    <p class='ocr_par' dir='ltr' id='par_1_50' title="bbox 1812 2152 3394 2228">
     <span class='ocr_line' id='line_1_50' title="bbox 1812 2152 3394 2228; baseline -0.003 -18"><span class='ocrx_word' id='word_1_359' title='bbox 1812 2157 1979 2212; x_wconf 88' lang='lat' dir='ltr'><strong><em>liores</em></strong></span> <span class='ocrx_word' id='word_1_360' title='bbox 2011 2165 2236 2228; x_wconf 87' lang='lat' dir='ltr'><strong><em>argento</em></strong></span> <span class='ocrx_word' id='word_1_361' title='bbox 2266 2157 2462 2212; x_wconf 88' lang='lat' dir='ltr'><strong><em>electo.</em></strong></span> <span class='ocrx_word' id='word_1_362' title='bbox 2499 2156 2660 2225; x_wconf 78' lang='lat'><strong><em>212</em></strong></span> <span class='ocrx_word' id='word_1_363' title='bbox 2687 2153 2745 2208; x_wconf 83' lang='lat' dir='ltr'><strong><em>In</em></strong></span> <span class='ocrx_word' id='word_1_364' title='bbox 2772 2154 3119 2225; x_wconf 70' lang='lat' dir='ltr'><strong><em>viisjustitia:</em></strong></span> <span class='ocrx_word' id='word_1_365' title='bbox 3152 2152 3394 2217; x_wconf 84' lang='lat' dir='ltr'><strong><em>ambulo,</em></strong></span> 
     </span>
    </p>
   </div>
   <div class='ocr_carea' id='block_1_51' title="bbox 1811 2245 3400 2315">
    <p class='ocr_par' dir='ltr' id='par_1_51' title="bbox 1811 2245 3400 2315">
     <span class='ocr_line' id='line_1_51' title="bbox 1811 2245 3400 2315; baseline -0.004 -10"><span class='ocrx_word' id='word_1_366' title='bbox 1811 2259 1866 2305; x_wconf 83' lang='lat' dir='ltr'><strong><em>et</em></strong></span> <span class='ocrx_word' id='word_1_367' title='bbox 1900 2251 2044 2306; x_wconf 90' lang='lat' dir='ltr'><strong><em>inter</em></strong></span> <span class='ocrx_word' id='word_1_368' title='bbox 2067 2251 2183 2306; x_wconf 89' lang='lat' dir='ltr'><strong><em>vias</em></strong></span> <span class='ocrx_word' id='word_1_369' title='bbox 2214 2251 2462 2305; x_wconf 89' lang='lat' dir='ltr'><strong><em>veritatis</em></strong></span> <span class='ocrx_word' id='word_1_370' title='bbox 2495 2265 2710 2311; x_wconf 88' lang='lat' dir='ltr'><strong><em>versor,</em></strong></span> <span class='ocrx_word' id='word_1_371' title='bbox 2747 2257 2808 2301; x_wconf 92' lang='lat' dir='ltr'><strong><em>ut</em></strong></span> <span class='ocrx_word' id='word_1_372' title='bbox 2839 2246 3078 2301; x_wconf 87' lang='lat' dir='ltr'><strong><em>dividam</em></strong></span> <span class='ocrx_word' id='word_1_373' title='bbox 3119 2245 3400 2315; x_wconf 85' lang='lat' dir='ltr'><strong><em>diligenti-</em></strong></span> 
     </span>
    </p>
   </div>
   <div class='ocr_carea' id='block_1_52' title="bbox 1813 2339 3396 2408">
    <p class='ocr_par' dir='ltr' id='par_1_52' title="bbox 1813 2339 3396 2408">
     <span class='ocr_line' id='line_1_52' title="bbox 1813 2339 3396 2408; baseline -0.005 -10"><span class='ocrx_word' id='word_1_374' title='bbox 1813 2343 1916 2398; x_wconf 90' lang='lat' dir='ltr'><strong><em>bus</em></strong></span> <span class='ocrx_word' id='word_1_375' title='bbox 1950 2358 2036 2398; x_wconf 89' lang='lat' dir='ltr'><strong><em>me</em></strong></span> <span class='ocrx_word' id='word_1_376' title='bbox 2065 2343 2457 2405; x_wconf 83' lang='lat' dir='ltr'><strong><em>substantiam,</em></strong></span> <span class='ocrx_word' id='word_1_377' title='bbox 2489 2349 2544 2396; x_wconf 90' lang='lat' dir='ltr'><strong><em>et</em></strong></span> <span class='ocrx_word' id='word_1_378' title='bbox 2571 2342 2864 2396; x_wconf 86' lang='lat' dir='ltr'><strong><em>thesauros</em></strong></span> <span class='ocrx_word' id='word_1_379' title='bbox 2895 2355 3086 2394; x_wconf 91' lang='lat' dir='ltr'><strong><em>eorum</em></strong></span> <span class='ocrx_word' id='word_1_380' title='bbox 3145 2339 3396 2408; x_wconf 89' lang='lat' dir='ltr'><strong><em>impleam</em></strong></span> 
     </span>
    </p>
   </div>
   <div class='ocr_carea' id='block_1_53' title="bbox 1813 2429 3396 2501">
    <p class='ocr_par' dir='ltr' id='par_1_53' title="bbox 1813 2429 3396 2501">
     <span class='ocr_line' id='line_1_53' title="bbox 1813 2429 3396 2501; baseline -0.004 -13"><span class='ocrx_word' id='word_1_381' title='bbox 1813 2433 2009 2490; x_wconf 90' lang='lat' dir='ltr'><strong><em>bonis:</em></strong></span> <span class='ocrx_word' id='word_1_382' title='bbox 2043 2435 2092 2489; x_wconf 90' lang='lat' dir='ltr'><strong><em>si</em></strong></span> <span class='ocrx_word' id='word_1_383' title='bbox 2127 2433 2530 2488; x_wconf 90' lang='lat' dir='ltr'><strong><em>annuntiavero</em></strong></span> <span class='ocrx_word' id='word_1_384' title='bbox 2590 2433 2746 2487; x_wconf 86' lang='lat' dir='ltr'><strong><em>vobis</em></strong></span> <span class='ocrx_word' id='word_1_385' title='bbox 2793 2447 2913 2501; x_wconf 86' lang='lat' dir='ltr'><strong><em>quae</em></strong></span> <span class='ocrx_word' id='word_1_386' title='bbox 2941 2429 3187 2500; x_wconf 85' lang='lat' dir='ltr'><strong><em>quotidie</em></strong></span> <span class='ocrx_word' id='word_1_387' title='bbox 3237 2429 3396 2492; x_wconf 83' lang='lat' dir='ltr'><strong><em>fiunt,</em></strong></span> 
     </span>
    </p>
   </div>
   <div class='ocr_carea' id='block_1_54' title="bbox 1813 2520 3396 2596">
    <p class='ocr_par' dir='ltr' id='par_1_54' title="bbox 1813 2520 3396 2596">
     <span class='ocr_line' id='line_1_54' title="bbox 1813 2520 3396 2596; baseline -0.006 -14"><span class='ocrx_word' id='word_1_388' title='bbox 1813 2542 2188 2583; x_wconf 89' lang='lat' dir='ltr'><strong><em>memoravero</em></strong></span> <span class='ocrx_word' id='word_1_389' title='bbox 2235 2542 2358 2596; x_wconf 68' lang='lat' dir='ltr'><strong><em>quae</em></strong></span> <span class='ocrx_word' id='word_1_390' title='bbox 2403 2542 2432 2580; x_wconf 87' lang='lat' dir='ltr'><strong><em>a</em></strong></span> <span class='ocrx_word' id='word_1_391' title='bbox 2490 2526 2690 2582; x_wconf 68' lang='lat' dir='ltr'><strong><em>saeculo</em></strong></span> <span class='ocrx_word' id='word_1_392' title='bbox 2716 2533 2844 2581; x_wconf 91' lang='lat' dir='ltr'><strong><em>sunt</em></strong></span> <span class='ocrx_word' id='word_1_393' title='bbox 2876 2524 2944 2576; x_wconf 80' lang='lat' dir='ltr'><strong><em>ad</em></strong></span> <span class='ocrx_word' id='word_1_394' title='bbox 2975 2520 3396 2576; x_wconf 88' lang='lat' dir='ltr'><strong><em>numerandum.</em></strong></span> 
     </span>
    </p>
   </div>
   <div class='ocr_carea' id='block_1_55' title="bbox 1813 2613 3399 2680">
    <p class='ocr_par' dir='ltr' id='par_1_55' title="bbox 1813 2613 3399 2680">
     <span class='ocr_line' id='line_1_55' title="bbox 1813 2613 3399 2680; baseline -0.006 -6"><span class='ocrx_word' id='word_1_395' title='bbox 1813 2620 2080 2677; x_wconf 87' lang='lat' dir='ltr'><strong><em>Dominus</em></strong></span> <span class='ocrx_word' id='word_1_396' title='bbox 2113 2620 2320 2676; x_wconf 87' lang='lat' dir='ltr'><strong><em>creavit</em></strong></span> <span class='ocrx_word' id='word_1_397' title='bbox 2345 2636 2429 2674; x_wconf 91' lang='lat' dir='ltr'><strong><em>me</em></strong></span> <span class='ocrx_word' id='word_1_398' title='bbox 2449 2619 2664 2672; x_wconf 91' lang='lat' dir='ltr'><strong><em>initium</em></strong></span> <span class='ocrx_word' id='word_1_399' title='bbox 2687 2618 2899 2671; x_wconf 89' lang='lat' dir='ltr'><strong><em>viarum</em></strong></span> <span class='ocrx_word' id='word_1_400' title='bbox 2928 2629 3152 2670; x_wconf 85' lang='lat' dir='ltr'><strong><em>suarum</em></strong></span> <span class='ocrx_word' id='word_1_401' title='bbox 3185 2613 3239 2666; x_wconf 89' lang='lat' dir='ltr'><strong><em>in</em></strong></span> <span class='ocrx_word' id='word_1_402' title='bbox 3263 2625 3399 2680; x_wconf 45' lang='lat' dir='ltr'><strong><em>ope-o</em></strong></span> 
     </span>
    </p>
   </div>
   <div class='ocr_carea' id='block_1_56' title="bbox 1814 2703 3401 2774">
    <p class='ocr_par' dir='ltr' id='par_1_56' title="bbox 1814 2703 3401 2774">
     <span class='ocr_line' id='line_1_56' title="bbox 1814 2703 3401 2774; baseline -0.006 -9"><span class='ocrx_word' id='word_1_403' title='bbox 1814 2727 1876 2765; x_wconf 88' lang='lat' dir='ltr'><strong><em>ra</em></strong></span> <span class='ocrx_word' id='word_1_404' title='bbox 1911 2726 2009 2766; x_wconf 89' lang='lat' dir='ltr'><strong><em>sua</em></strong></span> <span class='ocrx_word' id='word_1_405' title='bbox 2048 2730 2060 2765; x_wconf 88' lang='lat'><strong>:</strong></span> <span class='ocrx_word' id='word_1_406' title='bbox 2109 2721 2233 2765; x_wconf 88' lang='lat' dir='ltr'><strong><em>ante</em></strong></span> <span class='ocrx_word' id='word_1_407' title='bbox 2276 2711 2541 2764; x_wconf 66' lang='lat' dir='ltr'><strong><em>saeculum</em></strong></span> <span class='ocrx_word' id='word_1_408' title='bbox 2593 2708 2843 2762; x_wconf 82' lang='lat' dir='ltr'><strong><em>fundavit</em></strong></span> <span class='ocrx_word' id='word_1_409' title='bbox 2875 2722 2995 2770; x_wconf 89' lang='lat' dir='ltr'><strong><em>me,</em></strong></span> <span class='ocrx_word' id='word_1_410' title='bbox 3039 2706 3094 2759; x_wconf 93' lang='lat' dir='ltr'><strong><em>in</em></strong></span> <span class='ocrx_word' id='word_1_411' title='bbox 3129 2703 3401 2774; x_wconf 89' lang='lat' dir='ltr'><strong><em>principio</em></strong></span> 
     </span>
    </p>
   </div>
   <div class='ocr_carea' id='block_1_57' title="bbox 1816 2791 3396 2872">
    <p class='ocr_par' dir='ltr' id='par_1_57' title="bbox 1816 2791 3396 2872">
     <span class='ocr_line' id='line_1_57' title="bbox 1816 2791 3396 2872; baseline -0.007 -17"><span class='ocrx_word' id='word_1_412' title='bbox 1816 2811 2105 2872; x_wconf 86' lang='lat' dir='ltr'><strong><em>antequam</em></strong></span> <span class='ocrx_word' id='word_1_413' title='bbox 2137 2808 2341 2855; x_wconf 90' lang='lat' dir='ltr'><strong><em>terram</em></strong></span> <span class='ocrx_word' id='word_1_414' title='bbox 2379 2799 2604 2863; x_wconf 88' lang='lat' dir='ltr'><strong><em>faceret,</em></strong></span> <span class='ocrx_word' id='word_1_415' title='bbox 2639 2806 2693 2853; x_wconf 89' lang='lat' dir='ltr'><strong><em>et</em></strong></span> <span class='ocrx_word' id='word_1_416' title='bbox 2727 2806 3020 2867; x_wconf 87' lang='lat' dir='ltr'><strong><em>antequam</em></strong></span> <span class='ocrx_word' id='word_1_417' title='bbox 3045 2795 3278 2866; x_wconf 80' lang='lat' dir='ltr'><strong><em>abyssos</em></strong></span> <span class='ocrx_word' id='word_1_418' title='bbox 3314 2791 3396 2845; x_wconf 90' lang='lat' dir='ltr'><strong><em>fa-</em></strong></span> 
     </span>
    </p>
   </div>
   <div class='ocr_carea' id='block_1_58' title="bbox 1815 2887 3395 2961">
    <p class='ocr_par' dir='ltr' id='par_1_58' title="bbox 1815 2887 3395 2961">
     <span class='ocr_line' id='line_1_58' title="bbox 1815 2887 3395 2961; baseline -0.006 -14"><span class='ocrx_word' id='word_1_419' title='bbox 1815 2901 1982 2957; x_wconf 86' lang='lat' dir='ltr'><strong><em>ceret,</em></strong></span> <span class='ocrx_word' id='word_1_420' title='bbox 2035 2899 2326 2961; x_wconf 89' lang='lat' dir='ltr'><strong><em>antequam</em></strong></span> <span class='ocrx_word' id='word_1_421' title='bbox 2369 2889 2653 2959; x_wconf 88' lang='lat' dir='ltr'><strong><em>prodirent</em></strong></span> <span class='ocrx_word' id='word_1_422' title='bbox 2687 2887 2864 2942; x_wconf 85' lang='lat' dir='ltr'><strong><em>fontes</em></strong></span> <span class='ocrx_word' id='word_1_423' title='bbox 2913 2900 3202 2956; x_wconf 88' lang='lat' dir='ltr'><strong><em>aquarum,</em></strong></span> <span class='ocrx_word' id='word_1_424' title='bbox 3239 2891 3395 2938; x_wconf 86' lang='lat' dir='ltr'><strong><em>ante-</em></strong></span> 
     </span>
    </p>
   </div>
   <div class='ocr_carea' id='block_1_59' title="bbox 1816 2981 3401 3056">
    <p class='ocr_par' dir='ltr' id='par_1_59' title="bbox 1816 2981 3401 3056">
     <span class='ocr_line' id='line_1_59' title="bbox 1816 2981 3401 3056; baseline -0.006 -17"><span class='ocrx_word' id='word_1_425' title='bbox 1816 3002 1979 3056; x_wconf 89' lang='lat' dir='ltr'><strong><em>quam</em></strong></span> <span class='ocrx_word' id='word_1_426' title='bbox 2016 2991 2230 3039; x_wconf 82' lang='lat' dir='ltr'><strong><em>montes</em></strong></span> <span class='ocrx_word' id='word_1_427' title='bbox 2259 2983 2374 3039; x_wconf 88' lang='lat' dir='ltr'><strong><em>suis</em></strong></span> <span class='ocrx_word' id='word_1_428' title='bbox 2405 2982 2630 3037; x_wconf 87' lang='lat' dir='ltr'><strong><em>sedibus</em></strong></span> <span class='ocrx_word' id='word_1_429' title='bbox 2659 2981 3026 3038; x_wconf 84' lang='lat' dir='ltr'><strong><em>ﬁrmarentur.</em></strong></span> <span class='ocrx_word' id='word_1_430' title='bbox 3046 2986 3172 3032; x_wconf 88' lang='lat' dir='ltr'><strong><em>ante</em></strong></span> <span class='ocrx_word' id='word_1_431' title='bbox 3206 2991 3401 3031; x_wconf 88' lang='lat' dir='ltr'><strong><em>omnes</em></strong></span> 
     </span>
    </p>
   </div>
   <div class='ocr_carea' id='block_1_60' title="bbox 1816 3069 3405 3142">
    <p class='ocr_par' dir='ltr' id='par_1_60' title="bbox 1816 3069 3405 3142">
     <span class='ocr_line' id='line_1_60' title="bbox 1816 3069 3405 3142; baseline -0.006 -14"><span class='ocrx_word' id='word_1_432' title='bbox 1816 3074 1982 3128; x_wconf 91' lang='lat' dir='ltr'><strong><em>colles</em></strong></span> <span class='ocrx_word' id='word_1_433' title='bbox 2013 3071 2186 3142; x_wconf 79' lang='lat' dir='ltr'><strong><em>gignit</em></strong></span> <span class='ocrx_word' id='word_1_434' title='bbox 2218 3087 2334 3126; x_wconf 89' lang='lat' dir='ltr'><strong><em>me:</em></strong></span> <span class='ocrx_word' id='word_1_435' title='bbox 2365 3069 2629 3126; x_wconf 90' lang='lat' dir='ltr'><strong><em>Dominus</em></strong></span> <span class='ocrx_word' id='word_1_436' title='bbox 2653 3070 2780 3125; x_wconf 86' lang='lat' dir='ltr'><strong><em>fecit</em></strong></span> <span class='ocrx_word' id='word_1_437' title='bbox 2808 3069 3148 3140; x_wconf 84' lang='lat' dir='ltr'><strong><em>regiones,et</em></strong></span> <span class='ocrx_word' id='word_1_438' title='bbox 3170 3081 3264 3122; x_wconf 91' lang='lat' dir='ltr'><strong><em>eas</em></strong></span> <span class='ocrx_word' id='word_1_439' title='bbox 3281 3081 3405 3136; x_wconf 67' lang='lat' dir='ltr'><strong><em>quas</em></strong></span> 
     </span>
    </p>
   </div>
   <div class='ocr_carea' id='block_1_61' title="bbox 1817 3158 3400 3232">
    <p class='ocr_par' dir='ltr' id='par_1_61' title="bbox 1817 3158 3400 3232">
     <span class='ocr_line' id='line_1_61' title="bbox 1817 3158 3400 3232; baseline -0.005 -12"><span class='ocrx_word' id='word_1_440' title='bbox 1817 3181 1926 3220; x_wconf 90' lang='lat' dir='ltr'><strong><em>non</em></strong></span> <span class='ocrx_word' id='word_1_441' title='bbox 1986 3164 2337 3228; x_wconf 85' lang='lat' dir='ltr'><strong><em>habitantur,</em></strong></span> <span class='ocrx_word' id='word_1_442' title='bbox 2374 3170 2428 3219; x_wconf 89' lang='lat' dir='ltr'><strong><em>et</em></strong></span> <span class='ocrx_word' id='word_1_443' title='bbox 2476 3163 2714 3217; x_wconf 86' lang='lat' dir='ltr'><strong><em>vertices</em></strong></span> <span class='ocrx_word' id='word_1_444' title='bbox 2748 3162 2843 3232; x_wconf 91' lang='lat' dir='ltr'><strong><em>qui</em></strong></span> <span class='ocrx_word' id='word_1_445' title='bbox 2878 3161 3234 3226; x_wconf 87' lang='lat' dir='ltr'><strong><em>habitantur,</em></strong></span> <span class='ocrx_word' id='word_1_446' title='bbox 3277 3158 3400 3228; x_wconf 88' lang='lat' dir='ltr'><strong><em>ejus</em></strong></span> 
     </span>
    </p>
   </div>
   <div class='ocr_carea' id='block_1_62' title="bbox 173 3250 1715 3330">
    <p class='ocr_par' dir='ltr' id='par_1_62' title="bbox 173 3253 1713 3330">
     <span class='ocr_line' id='line_1_62' title="bbox 173 3253 1713 3330; baseline -0.001 -22"><span class='ocrx_word' id='word_1_447' title='bbox 173 3257 330 3310; x_wconf 85' lang='grc' dir='ltr'>Ἡνίκα</span> <span class='ocrx_word' id='word_1_448' title='bbox 370 3255 640 3330; x_wconf 73' lang='grc' dir='ltr'>ἡτοίμαζε</span> <span class='ocrx_word' id='word_1_449' title='bbox 683 3256 775 3310; x_wconf 81' lang='grc' dir='ltr'><strong><em>τὸν</em></strong></span> <span class='ocrx_word' id='word_1_450' title='bbox 824 3255 1076 3327; x_wconf 78' lang='grc' dir='ltr'>οὐρανὸν,</span> <span class='ocrx_word' id='word_1_451' title='bbox 1127 3255 1506 3325; x_wconf 86' lang='grc' dir='ltr'>συμπαρήμην</span> <span class='ocrx_word' id='word_1_452' title='bbox 1546 3253 1713 3325; x_wconf 82' lang='grc' dir='ltr'>αὑτῷ,</span> 
     </span>
    </p>
   </div>
   <div class='ocr_carea' id='block_1_63' title="bbox 1823 3250 3402 3330">
    <p class='ocr_par' dir='ltr' id='par_1_63' title="bbox 1823 3250 3402 3326">
     <span class='ocr_line' id='line_1_63' title="bbox 1823 3250 3402 3326; baseline -0.003 -18"><span class='ocrx_word' id='word_1_453' title='bbox 1823 3271 1938 3326; x_wconf 74' lang='lat' dir='ltr'><strong><em>qua:</em></strong></span> <span class='ocrx_word' id='word_1_454' title='bbox 1970 3255 2072 3310; x_wconf 90' lang='lat' dir='ltr'><strong><em>sub</em></strong></span> <span class='ocrx_word' id='word_1_455' title='bbox 2105 3255 2243 3310; x_wconf 86' lang='lat' dir='ltr'><strong><em>coelo</em></strong></span> <span class='ocrx_word' id='word_1_456' title='bbox 2273 3260 2358 3310; x_wconf 90' lang='lat' dir='ltr'><strong><em>est</em></strong></span> <span class='ocrx_word' id='word_1_457' title='bbox 2389 3273 2402 3310; x_wconf 88' lang='lat'><strong>:</strong></span> <span class='ocrx_word' id='word_1_458' title='bbox 2457 3255 2674 3325; x_wconf 91' lang='lat' dir='ltr'><strong><em>quando</em></strong></span> <span class='ocrx_word' id='word_1_459' title='bbox 2713 3255 2943 3324; x_wconf 87' lang='lat' dir='ltr'><strong><em>parabat</em></strong></span> <span class='ocrx_word' id='word_1_460' title='bbox 2973 3253 3197 3318; x_wconf 69' lang='lat' dir='ltr'><strong><em>caelum,</em></strong></span> <span class='ocrx_word' id='word_1_461' title='bbox 3237 3250 3402 3306; x_wconf 88' lang='lat' dir='ltr'><strong><em>simul</em></strong></span> 
     </span>
    </p>
   </div>
   <div class='ocr_carea' id='block_1_64' title="bbox 168 3347 1712 3423">
    <p class='ocr_par' dir='ltr' id='par_1_64' title="bbox 168 3347 1712 3423">
     <span class='ocr_line' id='line_1_64' title="bbox 168 3347 1712 3423; baseline -0.003 -23"><span class='ocrx_word' id='word_1_462' title='bbox 168 3349 240 3400; x_wconf 68' lang='grc' dir='ltr'>καὶ</span> <span class='ocrx_word' id='word_1_463' title='bbox 272 3351 348 3403; x_wconf 82' lang='grc' dir='ltr'>ὅτε</span> <span class='ocrx_word' id='word_1_464' title='bbox 397 3349 649 3423; x_wconf 79' lang='grc' dir='ltr'>ἀφώριζε</span> <span class='ocrx_word' id='word_1_465' title='bbox 698 3349 788 3402; x_wconf 84' lang='grc' dir='ltr'>τὸν</span> <span class='ocrx_word' id='word_1_466' title='bbox 842 3348 1036 3402; x_wconf 86' lang='grc' dir='ltr'>ἐαυτοῦ</span> <span class='ocrx_word' id='word_1_467' title='bbox 1091 3347 1277 3418; x_wconf 84' lang='grc' dir='ltr'>θρόνον</span> <span class='ocrx_word' id='word_1_468' title='bbox 1323 3348 1411 3400; x_wconf 81' lang='grc' dir='ltr'>ἐπ’</span> <span class='ocrx_word' id='word_1_469' title='bbox 1462 3347 1712 3418; x_wconf 76' lang='grc' dir='ltr'>ἀνέμωνο</span> 
     </span>
    </p>
   </div>
   <div class='ocr_carea' id='block_1_65' title="bbox 169 3439 1718 3515">
    <p class='ocr_par' dir='ltr' id='par_1_65' title="bbox 169 3439 1718 3515">
     <span class='ocr_line' id='line_1_65' title="bbox 169 3439 1718 3515; baseline -0.001 -23"><span class='ocrx_word' id='word_1_470' title='bbox 169 3441 298 3509; x_wconf 70' lang='grc' dir='ltr'>ἡνίκα</span> <span class='ocrx_word' id='word_1_471' title='bbox 339 3443 538 3515; x_wconf 74' lang='grc' dir='ltr'>ἰσχυρά</span> <span class='ocrx_word' id='word_1_472' title='bbox 570 3441 743 3495; x_wconf 79' lang='grc' dir='ltr'>ἐποίει</span> <span class='ocrx_word' id='word_1_473' title='bbox 776 3441 846 3494; x_wconf 81' lang='grc' dir='ltr'>τὰ</span> <span class='ocrx_word' id='word_1_474' title='bbox 873 3440 986 3493; x_wconf 78' lang='grc' dir='ltr'>ἄνω</span> <span class='ocrx_word' id='word_1_475' title='bbox 1030 3440 1187 3510; x_wconf 87' lang='grc' dir='ltr'>νέφη,</span> <span class='ocrx_word' id='word_1_476' title='bbox 1219 3441 1314 3493; x_wconf 72' lang='grc' dir='ltr'>καὶ</span> <span class='ocrx_word' id='word_1_477' title='bbox 1352 3439 1427 3502; x_wconf 81' lang='grc' dir='ltr'>ὡς</span> <span class='ocrx_word' id='word_1_478' title='bbox 1458 3439 1718 3507; x_wconf 81' lang='grc' dir='ltr'>ἀσφαλεῖς</span> 
     </span>
    </p>
   </div>
   <div class='ocr_carea' id='block_1_66' title="bbox 171 3528 1718 3603">
    <p class='ocr_par' dir='ltr' id='par_1_66' title="bbox 171 3528 1718 3603">
     <span class='ocr_line' id='line_1_66' title="bbox 171 3528 1718 3603; baseline 0 -22"><span class='ocrx_word' id='word_1_479' title='bbox 171 3531 301 3584; x_wconf 73' lang='grc' dir='ltr'>ἐτίθει</span> <span class='ocrx_word' id='word_1_480' title='bbox 329 3535 510 3603; x_wconf 77' lang='grc' dir='ltr'>πηγὰς</span> <span class='ocrx_word' id='word_1_481' title='bbox 541 3534 643 3602; x_wconf 83' lang='grc' dir='ltr'><strong><em>τῆς</em></strong></span> <span class='ocrx_word' id='word_1_482' title='bbox 676 3533 768 3586; x_wconf 81' lang='grc' dir='ltr'>ὑπ’</span> <span class='ocrx_word' id='word_1_483' title='bbox 799 3532 1046 3602; x_wconf 80' lang='grc' dir='ltr'>οὐρανὸν,</span> <span class='ocrx_word' id='word_1_484' title='bbox 1084 3531 1140 3582; x_wconf 83' lang='grc' dir='ltr'><strong><em>ἐν</em></strong></span> <span class='ocrx_word' id='word_1_485' title='bbox 1170 3529 1248 3599; x_wconf 84' lang='grc' dir='ltr'><strong><em>τῷ</em></strong></span> <span class='ocrx_word' id='word_1_486' title='bbox 1277 3528 1486 3582; x_wconf 85' lang='grc' dir='ltr'>τιθέναι</span> <span class='ocrx_word' id='word_1_487' title='bbox 1520 3532 1584 3600; x_wconf 85' lang='grc' dir='ltr'>τῇ</span> <span class='ocrx_word' id='word_1_488' title='bbox 1623 3529 1718 3581; x_wconf 88' lang='grc' dir='ltr'>θα-</span> 
     </span>
    </p>
   </div>
   <div class='ocr_carea' id='block_1_67' title="bbox 172 3620 1717 3697">
    <p class='ocr_par' dir='ltr' id='par_1_67' title="bbox 172 3620 1717 3697">
     <span class='ocr_line' id='line_1_67' title="bbox 172 3620 1717 3697; baseline 0.001 -24"><span class='ocrx_word' id='word_1_489' title='bbox 172 3620 310 3696; x_wconf 56' lang='lat' dir='ltr'><strong><em>M731),</em></strong></span> <span class='ocrx_word' id='word_1_490' title='bbox 333 3624 677 3697; x_wconf 81' lang='grc' dir='ltr'>ἀκριϐασμδν</span> <span class='ocrx_word' id='word_1_491' title='bbox 707 3623 894 3687; x_wconf 86' lang='grc' dir='ltr'>αὑτοῦ,</span> <span class='ocrx_word' id='word_1_492' title='bbox 947 3623 1040 3676; x_wconf 69' lang='grc' dir='ltr'><strong><em>καὶ</em></strong></span> <span class='ocrx_word' id='word_1_493' title='bbox 1073 3621 1240 3675; x_wconf 73' lang='grc' dir='ltr'>ὕδατα</span> <span class='ocrx_word' id='word_1_494' title='bbox 1263 3623 1323 3674; x_wconf 91' lang='grc' dir='ltr'><strong><em>οὑ</em></strong></span> <span class='ocrx_word' id='word_1_495' title='bbox 1353 3621 1717 3692; x_wconf 82' lang='grc' dir='ltr'>παρελεύσον-</span> 
     </span>
    </p>
   </div>
   <div class='ocr_carea' id='block_1_68' title="bbox 171 3713 1718 3788">
    <p class='ocr_par' dir='ltr' id='par_1_68' title="bbox 171 3713 1718 3788">
     <span class='ocr_line' id='line_1_68' title="bbox 171 3713 1718 3788; baseline 0.001 -23"><span class='ocrx_word' id='word_1_496' title='bbox 171 3730 238 3767; x_wconf 80' lang='grc' dir='ltr'><strong><em>ται</em></strong></span> <span class='ocrx_word' id='word_1_497' title='bbox 270 3718 426 3788; x_wconf 82' lang='grc' dir='ltr'>στόμα</span> <span class='ocrx_word' id='word_1_498' title='bbox 482 3715 652 3770; x_wconf 89' lang='grc' dir='ltr'>αὑτοῦ</span> <span class='ocrx_word' id='word_1_499' title='bbox 679 3734 694 3746; x_wconf 73' lang='grc' dir='ltr'><strong><em>ο</em></strong></span> <span class='ocrx_word' id='word_1_500' title='bbox 729 3716 890 3788; x_wconf 82' lang='grc' dir='ltr'>ἡνίκα</span> <span class='ocrx_word' id='word_1_501' title='bbox 938 3715 1133 3786; x_wconf 79' lang='grc' dir='ltr'>ἰσχυρὰ</span> <span class='ocrx_word' id='word_1_502' title='bbox 1172 3716 1342 3768; x_wconf 85' lang='grc' dir='ltr'>ἐποίει</span> <span class='ocrx_word' id='word_1_503' title='bbox 1375 3713 1444 3767; x_wconf 86' lang='grc' dir='ltr'>τὰ</span> <span class='ocrx_word' id='word_1_504' title='bbox 1494 3713 1718 3784; x_wconf 78' lang='grc' dir='ltr'>θεμέλια</span> 
     </span>
    </p>
   </div>
   <div class='ocr_carea' id='block_1_69' title="bbox 173 3804 1718 3880">
    <p class='ocr_par' dir='ltr' id='par_1_69' title="bbox 173 3804 1718 3880">
     <span class='ocr_line' id='line_1_69' title="bbox 173 3804 1718 3880; baseline -0.001 -20"><span class='ocrx_word' id='word_1_505' title='bbox 173 3806 245 3874; x_wconf 76' lang='grc' dir='ltr'>τῆς</span> <span class='ocrx_word' id='word_1_506' title='bbox 272 3809 380 3878; x_wconf 81' lang='grc' dir='ltr'>γῆς,</span> <span class='ocrx_word' id='word_1_507' title='bbox 411 3811 568 3880; x_wconf 71' lang='grc' dir='ltr'>ἤμην</span> <span class='ocrx_word' id='word_1_508' title='bbox 613 3807 742 3880; x_wconf 83' lang='grc' dir='ltr'>παρ’</span> <span class='ocrx_word' id='word_1_509' title='bbox 790 3806 941 3877; x_wconf 87' lang='grc' dir='ltr'>αὑτῷ</span> <span class='ocrx_word' id='word_1_510' title='bbox 990 3806 1328 3878; x_wconf 79' lang='grc' dir='ltr'>ἁρμόζουσα.</span> <span class='ocrx_word' id='word_1_511' title='bbox 1386 3804 1526 3874; x_wconf 86' lang='grc' dir='ltr'><strong><em>Ἐγὼ</em></strong></span> <span class='ocrx_word' id='word_1_512' title='bbox 1571 3807 1718 3876; x_wconf 77' lang='grc' dir='ltr'>’ήμην</span> 
     </span>
    </p>
   </div>
   <div class='ocr_carea' id='block_1_70' title="bbox 174 3887 1717 3969">
    <p class='ocr_par' dir='ltr' id='par_1_70' title="bbox 174 3887 1717 3969">
     <span class='ocr_line' id='line_1_70' title="bbox 174 3887 1717 3969; baseline 0.002 -25"><span class='ocrx_word' id='word_1_513' title='bbox 215 3897 538 3969; x_wconf 81' lang='grc' dir='ltr'>προσέχαιρε.</span> <span class='ocrx_word' id='word_1_514' title='bbox 560 3896 698 3950; x_wconf 86' lang='grc' dir='ltr'>Καθ’</span> <span class='ocrx_word' id='word_1_515' title='bbox 721 3896 934 3968; x_wconf 83' lang='grc' dir='ltr'>ἡμέραν</span> <span class='ocrx_word' id='word_1_516' title='bbox 963 3896 1020 3948; x_wconf 84' lang='grc' dir='ltr'>δὲ</span> <span class='ocrx_word' id='word_1_517' title='bbox 1053 3896 1427 3967; x_wconf 85' lang='grc' dir='ltr'>εὑφραινόμην</span> <span class='ocrx_word' id='word_1_518' title='bbox 1456 3898 1512 3948; x_wconf 88' lang='grc' dir='ltr'><strong><em>ἐν</em></strong></span> <span class='ocrx_word' id='word_1_519' title='bbox 1547 3912 1717 3965; x_wconf 88' lang='grc' dir='ltr'>προσ-</span> 
     </span>
    </p>
   </div>
   <div class='ocr_carea' id='block_1_71' title="bbox 177 3981 1717 4056">
    <p class='ocr_par' dir='ltr' id='par_1_71' title="bbox 177 3981 1717 4056">
     <span class='ocr_line' id='line_1_71' title="bbox 177 3981 1717 4056; baseline 0 -23"><span class='ocrx_word' id='word_1_520' title='bbox 177 3982 280 4054; x_wconf 80' lang='grc' dir='ltr'><strong><em>ὠπῳ</em></strong></span> <span class='ocrx_word' id='word_1_521' title='bbox 325 3987 513 4050; x_wconf 84' lang='grc' dir='ltr'>αὑτοῦ,</span> <span class='ocrx_word' id='word_1_522' title='bbox 562 3987 621 4039; x_wconf 89' lang='grc' dir='ltr'><strong><em>ἐν</em></strong></span> <span class='ocrx_word' id='word_1_523' title='bbox 669 3987 832 4039; x_wconf 72' lang='grc' dir='ltr'>παντὶ</span> <span class='ocrx_word' id='word_1_524' title='bbox 875 3983 1073 4056; x_wconf 78' lang='grc' dir='ltr'>καιρῷ,</span> <span class='ocrx_word' id='word_1_525' title='bbox 1117 3985 1206 4036; x_wconf 83' lang='grc' dir='ltr'>ὅτε</span> <span class='ocrx_word' id='word_1_526' title='bbox 1249 3983 1580 4054; x_wconf 79' lang='grc' dir='ltr'>ηὐφραίνετο</span> <span class='ocrx_word' id='word_1_527' title='bbox 1619 3981 1717 4052; x_wconf 80' lang='grc' dir='ltr'><strong><em>τὴν</em></strong></span> 
     </span>
    </p>
   </div>
   <div class='ocr_carea' id='block_1_72' title="bbox 176 4075 1720 4150">
    <p class='ocr_par' dir='ltr' id='par_1_72' title="bbox 176 4075 1720 4150">
     <span class='ocr_line' id='line_1_72' title="bbox 176 4075 1720 4150; baseline 0.001 -25"><span class='ocrx_word' id='word_1_528' title='bbox 176 4076 450 4150; x_wconf 72' lang='grc' dir='ltr'>οἰκουμένην</span> <span class='ocrx_word' id='word_1_529' title='bbox 502 4078 844 4141; x_wconf 85' lang='grc' dir='ltr'>συντελέσας,</span> <span class='ocrx_word' id='word_1_530' title='bbox 882 4076 976 4130; x_wconf 69' lang='grc' dir='ltr'><strong><em>καὶ</em></strong></span> <span class='ocrx_word' id='word_1_531' title='bbox 1008 4077 1338 4148; x_wconf 82' lang='grc' dir='ltr'>ηὐφραίνετο</span> <span class='ocrx_word' id='word_1_532' title='bbox 1371 4077 1427 4130; x_wconf 83' lang='grc' dir='ltr'><strong><em>ἐν</em></strong></span> <span class='ocrx_word' id='word_1_533' title='bbox 1459 4076 1593 4138; x_wconf 80' lang='grc' dir='ltr'>υἱοῖς</span> <span class='ocrx_word' id='word_1_534' title='bbox 1629 4075 1720 4126; x_wconf 88' lang='grc' dir='ltr'>ἀν-</span> 
     </span>
    </p>
   </div>
   <div class='ocr_carea' id='block_1_73' title="bbox 179 4157 1718 4242">
    <p class='ocr_par' dir='ltr' id='par_1_73' title="bbox 179 4157 1718 4242">
     <span class='ocr_line' id='line_1_73' title="bbox 179 4157 1718 4242; baseline 0.001 -26"><span class='ocrx_word' id='word_1_535' title='bbox 179 4165 386 4236; x_wconf 74' lang='grc' dir='ltr'>θρώπων.</span> <span class='ocrx_word' id='word_1_536' title='bbox 435 4171 508 4225; x_wconf 85' lang='grc' dir='ltr'><strong>Ἡ</strong></span> <span class='ocrx_word' id='word_1_537' title='bbox 543 4170 650 4242; x_wconf 84' lang='grc' dir='ltr'><strong><em>πρὸ</em></strong></span> <span class='ocrx_word' id='word_1_538' title='bbox 687 4170 794 4222; x_wconf 88' lang='grc' dir='ltr'><strong><em>τῶν</em></strong></span> <span class='ocrx_word' id='word_1_539' title='bbox 821 4157 1095 4241; x_wconf 84' lang='grc' dir='ltr'>γεννητῶν</span> <span class='ocrx_word' id='word_1_540' title='bbox 1135 4169 1254 4222; x_wconf 88' lang='grc' dir='ltr'>θεία</span> <span class='ocrx_word' id='word_1_541' title='bbox 1282 4169 1377 4221; x_wconf 69' lang='grc' dir='ltr'><strong><em>καὶ</em></strong></span> <span class='ocrx_word' id='word_1_542' title='bbox 1414 4168 1718 4238; x_wconf 85' lang='grc' dir='ltr'>πανάρετος</span> 
     </span>
    </p>
   </div>
   <div class='ocr_carea' id='block_1_74' title="bbox 179 4257 1717 4333">
    <p class='ocr_par' dir='ltr' id='par_1_74' title="bbox 179 4257 1717 4333">
     <span class='ocr_line' id='line_1_74' title="bbox 179 4257 1717 4333; baseline 0.002 -27"><span class='ocrx_word' id='word_1_543' title='bbox 179 4258 318 4326; x_wconf 65' lang='lat' dir='ltr'><strong><em>cisia,</em></strong></span> <span class='ocrx_word' id='word_1_544' title='bbox 361 4263 391 4333; x_wconf 81' lang='grc' dir='ltr'>ὴ</span> <span class='ocrx_word' id='word_1_545' title='bbox 426 4262 597 4333; x_wconf 84' lang='grc' dir='ltr'>νοερά</span> <span class='ocrx_word' id='word_1_546' title='bbox 633 4259 728 4313; x_wconf 74' lang='grc' dir='ltr'><strong><em>καὶ</em></strong></span> <span class='ocrx_word' id='word_1_547' title='bbox 766 4259 1109 4330; x_wconf 86' lang='grc' dir='ltr'>πρωτότοκος</span> <span class='ocrx_word' id='word_1_548' title='bbox 1143 4259 1243 4329; x_wconf 81' lang='grc' dir='ltr'>τῆς</span> <span class='ocrx_word' id='word_1_549' title='bbox 1285 4261 1583 4328; x_wconf 86' lang='grc' dir='ltr'>ἀγεννήτου</span> <span class='ocrx_word' id='word_1_550' title='bbox 1615 4257 1717 4326; x_wconf 70' lang='grc' dir='ltr'>φὺο</span> 
     </span>
    </p>
   </div>
   <div class='ocr_carea' id='block_1_75' title="bbox 181 4349 1719 4422">
    <p class='ocr_par' dir='ltr' id='par_1_75' title="bbox 181 4349 1719 4422">
     <span class='ocr_line' id='line_1_75' title="bbox 181 4349 1719 4422; baseline -0.001 -20"><span class='ocrx_word' id='word_1_551' title='bbox 181 4362 286 4413; x_wconf 76' lang='grc' dir='ltr'>σεως</span> <span class='ocrx_word' id='word_1_552' title='bbox 317 4353 498 4416; x_wconf 84' lang='grc' dir='ltr'>εἰκὼν,</span> <span class='ocrx_word' id='word_1_553' title='bbox 533 4355 561 4404; x_wconf 88' lang='grc' dir='ltr'>ὁ</span> <span class='ocrx_word' id='word_1_554' title='bbox 587 4353 808 4422; x_wconf 83' lang='grc' dir='ltr'>γνήσιος</span> <span class='ocrx_word' id='word_1_555' title='bbox 841 4351 934 4403; x_wconf 73' lang='grc' dir='ltr'><strong><em>καὶ</em></strong></span> <span class='ocrx_word' id='word_1_556' title='bbox 975 4350 1268 4421; x_wconf 80' lang='grc' dir='ltr'>μονογενὴς</span> <span class='ocrx_word' id='word_1_557' title='bbox 1301 4349 1392 4402; x_wconf 87' lang='grc' dir='ltr'><strong><em>τοῦ</em></strong></span> <span class='ocrx_word' id='word_1_558' title='bbox 1427 4351 1536 4402; x_wconf 88' lang='grc' dir='ltr'><strong><em>τῶν</em></strong></span> <span class='ocrx_word' id='word_1_559' title='bbox 1582 4349 1719 4401; x_wconf 81' lang='grc' dir='ltr'>ὅλων</span> 
     </span>
    </p>
   </div>
   <div class='ocr_carea' id='block_1_76' title="bbox 180 4438 1718 4513">
    <p class='ocr_par' dir='ltr' id='par_1_76' title="bbox 180 4438 1718 4513">
     <span class='ocr_line' id='line_1_76' title="bbox 180 4438 1718 4513; baseline 0.001 -21"><span class='ocrx_word' id='word_1_560' title='bbox 180 4438 284 4495; x_wconf 83' lang='grc' dir='ltr'><strong><em>Θεοῦ</em></strong></span> <span class='ocrx_word' id='word_1_561' title='bbox 325 4446 467 4512; x_wconf 82' lang='grc' dir='ltr'>Υἱὸς,</span> <span class='ocrx_word' id='word_1_562' title='bbox 524 4442 876 4513; x_wconf 83' lang='grc' dir='ltr'>πολυώνυμός</span> <span class='ocrx_word' id='word_1_563' title='bbox 925 4460 1008 4506; x_wconf 88' lang='grc' dir='ltr'><strong><em>τις</em></strong></span> <span class='ocrx_word' id='word_1_564' title='bbox 1053 4441 1148 4506; x_wconf 85' lang='grc' dir='ltr'><strong><em>ὢν,</em></strong></span> <span class='ocrx_word' id='word_1_565' title='bbox 1197 4443 1292 4496; x_wconf 70' lang='grc' dir='ltr'><strong><em>καὶ</em></strong></span> <span class='ocrx_word' id='word_1_566' title='bbox 1323 4442 1408 4495; x_wconf 82' lang='grc' dir='ltr'>διὰ</span> <span class='ocrx_word' id='word_1_567' title='bbox 1452 4442 1718 4494; x_wconf 87' lang='grc' dir='ltr'>πλείστων</span> 
     </span>
    </p>
   </div>
   <div class='ocr_carea' id='block_1_77' title="bbox 182 4521 1716 4608">
    <p class='ocr_par' dir='ltr' id='par_1_77' title="bbox 182 4521 1716 4608">
     <span class='ocr_line' id='line_1_77' title="bbox 182 4521 1716 4608; baseline -0.002 -20"><span class='ocrx_word' id='word_1_568' title='bbox 182 4539 496 4608; x_wconf 78' lang='grc' dir='ltr'>προσρήσεων</span> <span class='ocrx_word' id='word_1_569' title='bbox 530 4521 968 4608; x_wconf 75' lang='grc' dir='ltr'>Θεολογούμενος,</span> <span class='ocrx_word' id='word_1_570' title='bbox 1008 4535 1088 4606; x_wconf 83' lang='grc' dir='ltr'><strong><em>τῷ</em></strong></span> <span class='ocrx_word' id='word_1_571' title='bbox 1138 4535 1238 4604; x_wconf 81' lang='grc' dir='ltr'>τῆς</span> <span class='ocrx_word' id='word_1_572' title='bbox 1270 4535 1457 4603; x_wconf 88' lang='grc' dir='ltr'>σοφίας</span> <span class='ocrx_word' id='word_1_573' title='bbox 1493 4534 1583 4586; x_wconf 76' lang='grc' dir='ltr'><strong><em>ἐπὶ</em></strong></span> <span class='ocrx_word' id='word_1_574' title='bbox 1625 4532 1716 4585; x_wconf 89' lang='grc' dir='ltr'><strong><em>τοῦ</em></strong></span> 
     </span>
    </p>
   </div>
   <div class='ocr_carea' id='block_1_78' title="bbox 182 4625 1715 4699">
    <p class='ocr_par' dir='ltr' id='par_1_78' title="bbox 182 4625 1715 4699">
     <span class='ocr_line' id='line_1_78' title="bbox 182 4625 1715 4699; baseline 0.001 -23"><span class='ocrx_word' id='word_1_575' title='bbox 182 4628 397 4696; x_wconf 81' lang='grc' dir='ltr'>παρόντος</span> <span class='ocrx_word' id='word_1_576' title='bbox 451 4629 724 4699; x_wconf 81' lang='grc' dir='ltr'>ἀξιώματί</span> <span class='ocrx_word' id='word_1_577' title='bbox 765 4645 824 4681; x_wconf 88' lang='grc' dir='ltr'><strong><em>τε</em></strong></span> <span class='ocrx_word' id='word_1_578' title='bbox 867 4630 960 4680; x_wconf 71' lang='grc' dir='ltr'><strong><em>καὶ</em></strong></span> <span class='ocrx_word' id='word_1_579' title='bbox 1011 4627 1352 4697; x_wconf 77' lang='grc' dir='ltr'>προσηγορία</span> <span class='ocrx_word' id='word_1_580' title='bbox 1407 4625 1715 4696; x_wconf 85' lang='grc' dir='ltr'>τετίμηται.</span> 
     </span>
    </p>
   </div>
   <div class='ocr_carea' id='block_1_79' title="bbox 183 4715 1720 4789">
    <p class='ocr_par' dir='ltr' id='par_1_79' title="bbox 183 4715 1720 4789">
     <span class='ocr_line' id='line_1_79' title="bbox 183 4715 1720 4789; baseline -0.007 -12"><span class='ocrx_word' id='word_1_581' title='bbox 183 4715 314 4786; x_wconf 67' lang='grc' dir='ltr'>Λόγον</span> <span class='ocrx_word' id='word_1_582' title='bbox 336 4721 386 4775; x_wconf 84' lang='grc' dir='ltr'>δὲ</span> <span class='ocrx_word' id='word_1_583' title='bbox 412 4723 553 4776; x_wconf 88' lang='grc' dir='ltr'>Θεοῦ</span> <span class='ocrx_word' id='word_1_584' title='bbox 597 4723 779 4784; x_wconf 87' lang='grc' dir='ltr'>αὑτὸν,</span> <span class='ocrx_word' id='word_1_585' title='bbox 814 4723 909 4774; x_wconf 76' lang='grc' dir='ltr'><strong><em>καὶ</em></strong></span> <span class='ocrx_word' id='word_1_586' title='bbox 927 4720 1068 4785; x_wconf 83' lang='grc' dir='ltr'>Φῶς,</span> <span class='ocrx_word' id='word_1_587' title='bbox 1111 4721 1205 4774; x_wconf 69' lang='grc' dir='ltr'><strong><em>καὶ</em></strong></span> <span class='ocrx_word' id='word_1_588' title='bbox 1241 4719 1414 4789; x_wconf 80' lang='grc' dir='ltr'>Ζωὴν,</span> <span class='ocrx_word' id='word_1_589' title='bbox 1451 4719 1542 4772; x_wconf 80' lang='grc' dir='ltr'><strong><em>καὶ</em></strong></span> <span class='ocrx_word' id='word_1_590' title='bbox 1567 4717 1720 4788; x_wconf 83' lang='grc' dir='ltr'><strong><em>Ἀλή-</em></strong></span> 
     </span>
    </p>
   </div>
   <div class='ocr_carea' id='block_1_80' title="bbox 185 4803 1720 4885">
    <p class='ocr_par' dir='ltr' id='par_1_80' title="bbox 185 4803 1720 4885">
     <span class='ocr_line' id='line_1_80' title="bbox 185 4803 1720 4885; baseline 0.003 -29"><span class='ocrx_word' id='word_1_591' title='bbox 185 4803 318 4874; x_wconf 85' lang='grc' dir='ltr'>θειαν,</span> <span class='ocrx_word' id='word_1_592' title='bbox 341 4816 430 4868; x_wconf 72' lang='grc' dir='ltr'><strong><em>καὶ</em></strong></span> <span class='ocrx_word' id='word_1_593' title='bbox 466 4816 561 4867; x_wconf 76' lang='grc' dir='ltr'><strong><em>ἐπὶ</em></strong></span> <span class='ocrx_word' id='word_1_594' title='bbox 596 4815 729 4866; x_wconf 78' lang='grc' dir='ltr'>πᾶσι</span> <span class='ocrx_word' id='word_1_595' title='bbox 761 4807 993 4885; x_wconf 76' lang='grc' dir='ltr'>Χριστὸν</span> <span class='ocrx_word' id='word_1_596' title='bbox 1029 4813 1164 4865; x_wconf 84' lang='grc' dir='ltr'>Θεοῦ</span> <span class='ocrx_word' id='word_1_597' title='bbox 1198 4811 1424 4881; x_wconf 84' lang='grc' dir='ltr'>δύναμιν</span> <span class='ocrx_word' id='word_1_598' title='bbox 1461 4811 1554 4863; x_wconf 75' lang='grc' dir='ltr'><strong><em>καὶ</em></strong></span> <span class='ocrx_word' id='word_1_599' title='bbox 1586 4808 1720 4862; x_wconf 85' lang='grc' dir='ltr'>Θεοῦ</span> 
     </span>
    </p>
   </div>
   <div class='ocr_carea' id='block_1_81' title="bbox 185 4896 1723 4976">
    <p class='ocr_par' dir='ltr' id='par_1_81' title="bbox 185 4896 1723 4976">
     <span class='ocr_line' id='line_1_81' title="bbox 185 4896 1723 4976; baseline -0.001 -22"><span class='ocrx_word' id='word_1_600' title='bbox 185 4896 343 4967; x_wconf 71' lang='grc' dir='ltr'>Σὶκρίαν</span> <span class='ocrx_word' id='word_1_601' title='bbox 382 4904 814 4976; x_wconf 83' lang='grc' dir='ltr'>προσαγορεύειν</span> <span class='ocrx_word' id='word_1_602' title='bbox 861 4903 1284 4974; x_wconf 83' lang='grc' dir='ltr'>μεμαθήκαμεν,</span> <span class='ocrx_word' id='word_1_603' title='bbox 1317 4903 1379 4954; x_wconf 86' lang='grc' dir='ltr'><strong>Εἰ</strong></span> <span class='ocrx_word' id='word_1_604' title='bbox 1438 4900 1498 4972; x_wconf 82' lang='grc' dir='ltr'><strong><em>δὴ</em></strong></span> <span class='ocrx_word' id='word_1_605' title='bbox 1541 4896 1633 4953; x_wconf 81' lang='grc' dir='ltr'><strong><em>οὑν</em></strong></span> <span class='ocrx_word' id='word_1_606' title='bbox 1655 4899 1723 4952; x_wconf 72' lang='grc' dir='ltr'><strong><em>τὰ</em></strong></span> 
     </span>
    </p>
   </div>
   <div class='ocr_carea' id='block_1_82' title="bbox 188 4991 1724 5072">
    <p class='ocr_par' dir='ltr' id='par_1_82' title="bbox 188 4991 1724 5072">
     <span class='ocr_line' id='line_1_82' title="bbox 188 4991 1724 5072; baseline 0 -30"><span class='ocrx_word' id='word_1_607' title='bbox 188 4993 296 5057; x_wconf 81' lang='grc' dir='ltr'><strong><em>μετά</em></strong></span> <span class='ocrx_word' id='word_1_608' title='bbox 329 5000 511 5072; x_wconf 74' lang='grc' dir='ltr'>χεῖρας</span> <span class='ocrx_word' id='word_1_609' title='bbox 556 4996 721 5062; x_wconf 81' lang='grc' dir='ltr'>αὑτὸς</span> <span class='ocrx_word' id='word_1_610' title='bbox 750 4995 878 5066; x_wconf 74' lang='grc' dir='ltr'>περὶ</span> <span class='ocrx_word' id='word_1_611' title='bbox 919 4993 1131 5058; x_wconf 74' lang='grc' dir='ltr'>ἑαυτοῦ,</span> <span class='ocrx_word' id='word_1_612' title='bbox 1174 4993 1249 5057; x_wconf 84' lang='grc' dir='ltr'>ὡς</span> <span class='ocrx_word' id='word_1_613' title='bbox 1290 4993 1356 5047; x_wconf 83' lang='grc' dir='ltr'>ἂν</span> <span class='ocrx_word' id='word_1_614' title='bbox 1386 4992 1520 5052; x_wconf 81' lang='grc' dir='ltr'>Θεοῦ</span> <span class='ocrx_word' id='word_1_615' title='bbox 1554 4991 1724 5059; x_wconf 87' lang='grc' dir='ltr'>Σοφία</span> 
     </span>
    </p>
   </div>
   <div class='ocr_carea' id='block_1_83' title="bbox 185 5077 1722 5157">
    <p class='ocr_par' dir='ltr' id='par_1_83' title="bbox 185 5077 1722 5157">
     <span class='ocr_line' id='line_1_83' title="bbox 185 5077 1722 5157; baseline -0.004 -16"><span class='ocrx_word' id='word_1_616' title='bbox 185 5077 302 5141; x_wconf 72' lang='grc' dir='ltr'>ζῶσα</span> <span class='ocrx_word' id='word_1_617' title='bbox 335 5090 422 5147; x_wconf 73' lang='grc' dir='ltr'><strong><em>καὶ</em></strong></span> <span class='ocrx_word' id='word_1_618' title='bbox 456 5088 582 5141; x_wconf 87' lang='grc' dir='ltr'>καθ’</span> <span class='ocrx_word' id='word_1_619' title='bbox 612 5087 782 5157; x_wconf 79' lang='grc' dir='ltr'>αὑτὴν</span> <span class='ocrx_word' id='word_1_620' title='bbox 817 5086 1130 5154; x_wconf 83' lang='grc' dir='ltr'>ὑφεστῶσα,</span> <span class='ocrx_word' id='word_1_621' title='bbox 1163 5085 1251 5142; x_wconf 75' lang='grc' dir='ltr'><strong><em>διὰ</em></strong></span> <span class='ocrx_word' id='word_1_622' title='bbox 1281 5084 1374 5138; x_wconf 90' lang='grc' dir='ltr'><strong><em>τοῦ</em></strong></span> <span class='ocrx_word' id='word_1_623' title='bbox 1408 5084 1722 5153; x_wconf 84' lang='grc' dir='ltr'>σοφωτάτου</span> 
     </span>
    </p>
   </div>
   <div class='ocr_carea' id='block_1_84' title="bbox 187 5170 1724 5252">
    <p class='ocr_par' dir='ltr' id='par_1_84' title="bbox 187 5170 1724 5252">
     <span class='ocr_line' id='line_1_84' title="bbox 187 5170 1724 5252; baseline 0.003 -29"><span class='ocrx_word' id='word_1_624' title='bbox 187 5170 482 5252; x_wconf 78' lang='grc' dir='ltr'>Σολομῶντος</span> <span class='ocrx_word' id='word_1_625' title='bbox 509 5178 847 5250; x_wconf 82' lang='grc' dir='ltr'>διεξέρχεται</span> <span class='ocrx_word' id='word_1_626' title='bbox 873 5181 1069 5248; x_wconf 84' lang='grc' dir='ltr'>λέγων,</span> <span class='ocrx_word' id='word_1_627' title='bbox 1115 5198 1133 5230; x_wconf 78' lang='grc' dir='ltr'><strong><em>ι</em></strong></span> <span class='ocrx_word' id='word_1_628' title='bbox 1181 5179 1323 5247; x_wconf 86' lang='grc' dir='ltr'><strong><em>Ἐγὼ</em></strong></span> <span class='ocrx_word' id='word_1_629' title='bbox 1352 5179 1384 5248; x_wconf 86' lang='grc' dir='ltr'><strong>ή</strong></span> <span class='ocrx_word' id='word_1_630' title='bbox 1411 5177 1582 5245; x_wconf 85' lang='grc' dir='ltr'>Σοφία</span> <span class='ocrx_word' id='word_1_631' title='bbox 1623 5193 1724 5228; x_wconf 89' lang='grc' dir='ltr'>κα-</span> 
     </span>
    </p>
   </div>
   <div class='ocr_carea' id='block_1_85' title="bbox 187 5265 1726 5341">
    <p class='ocr_par' dir='ltr' id='par_1_85' title="bbox 187 5265 1726 5341">
     <span class='ocr_line' id='line_1_85' title="bbox 187 5265 1726 5341; baseline 0 -24"><span class='ocrx_word' id='word_1_632' title='bbox 187 5269 457 5337; x_wconf 83' lang='grc' dir='ltr'>τεσκήνωσα</span> <span class='ocrx_word' id='word_1_633' title='bbox 515 5269 732 5341; x_wconf 72' lang='grc' dir='ltr'>βουλὴν,</span> <span class='ocrx_word' id='word_1_634' title='bbox 797 5271 890 5324; x_wconf 78' lang='grc' dir='ltr'>καὶ</span> <span class='ocrx_word' id='word_1_635' title='bbox 919 5271 1141 5339; x_wconf 90' lang='grc' dir='ltr'>γνῶσιν,</span> <span class='ocrx_word' id='word_1_636' title='bbox 1200 5269 1295 5324; x_wconf 73' lang='grc' dir='ltr'><strong><em>καὶ</em></strong></span> <span class='ocrx_word' id='word_1_637' title='bbox 1350 5268 1556 5320; x_wconf 77' lang='grc' dir='ltr'>ἔννοιαν</span> <span class='ocrx_word' id='word_1_638' title='bbox 1615 5265 1726 5333; x_wconf 79' lang='grc' dir='ltr'><strong><em>ἐγὼ</em></strong></span> 
     </span>
    </p>
   </div>
   <div class='ocr_carea' id='block_1_86' title="bbox 190 5351 1727 5433">
    <p class='ocr_par' dir='ltr' id='par_1_86' title="bbox 190 5351 1727 5433">
     <span class='ocr_line' id='line_1_86' title="bbox 190 5351 1727 5433; baseline 0.005 -31"><span class='ocrx_word' id='word_1_639' title='bbox 190 5351 561 5433; x_wconf 74' lang='grc' dir='ltr'>ἐπικαλεσάμην</span> <span class='ocrx_word' id='word_1_640' title='bbox 618 5382 638 5410; x_wconf 73' lang='grc' dir='ltr'><strong><em>ι</em></strong></span> <span class='ocrx_word' id='word_1_641' title='bbox 682 5362 776 5415; x_wconf 78' lang='grc' dir='ltr'><strong><em>καὶ</em></strong></span> <span class='ocrx_word' id='word_1_642' title='bbox 818 5363 888 5416; x_wconf 83' lang='grc' dir='ltr'><strong><em>τὰ</em></strong></span> <span class='ocrx_word' id='word_1_643' title='bbox 941 5363 1150 5425; x_wconf 87' lang='grc' dir='ltr'>τούτοις</span> <span class='ocrx_word' id='word_1_644' title='bbox 1197 5362 1548 5432; x_wconf 87' lang='grc' dir='ltr'>ἐπαγόμενα·</span> <span class='ocrx_word' id='word_1_645' title='bbox 1591 5358 1727 5411; x_wconf 81' lang='grc' dir='ltr'><strong><em>ἀλλά</em></strong></span> 
     </span>
    </p>
   </div>
   <div class='ocr_carea' id='block_1_87' title="bbox 193 5449 1726 5528">
    <p class='ocr_par' dir='ltr' id='par_1_87' title="bbox 193 5449 1726 5528">
     <span class='ocr_line' id='line_1_87' title="bbox 193 5449 1726 5528; baseline 0.005 -32"><span class='ocrx_word' id='word_1_646' title='bbox 193 5449 262 5500; x_wconf 74' lang='grc' dir='ltr'>καὶ</span> <span class='ocrx_word' id='word_1_647' title='bbox 320 5453 386 5518; x_wconf 83' lang='grc' dir='ltr'>ὡς</span> <span class='ocrx_word' id='word_1_648' title='bbox 437 5456 538 5527; x_wconf 82' lang='grc' dir='ltr'>τὴν</span> <span class='ocrx_word' id='word_1_649' title='bbox 592 5457 701 5512; x_wconf 90' lang='grc' dir='ltr'><strong><em>τῶν</em></strong></span> <span class='ocrx_word' id='word_1_650' title='bbox 771 5459 906 5513; x_wconf 82' lang='grc' dir='ltr'>ὅλων</span> <span class='ocrx_word' id='word_1_651' title='bbox 983 5458 1250 5528; x_wconf 86' lang='grc' dir='ltr'>διοίκησιν</span> <span class='ocrx_word' id='word_1_652' title='bbox 1330 5455 1423 5508; x_wconf 77' lang='grc' dir='ltr'><strong><em>καὶ</em></strong></span> <span class='ocrx_word' id='word_1_653' title='bbox 1471 5453 1726 5524; x_wconf 81' lang='grc' dir='ltr'>πρόνοιαν</span> 
     </span>
    </p>
   </div>
   <div class='ocr_carea' id='block_1_88' title="bbox 194 5537 1729 5623">
    <p class='ocr_par' dir='ltr' id='par_1_88' title="bbox 194 5537 1729 5623">
     <span class='ocr_line' id='line_1_88' title="bbox 194 5537 1729 5623; baseline 0.012 -28"><span class='ocrx_word' id='word_1_654' title='bbox 194 5537 570 5620; x_wconf 78' lang='grc' dir='ltr'>ἀναδεδεγμένος</span> <span class='ocrx_word' id='word_1_655' title='bbox 617 5550 902 5623; x_wconf 81' lang='grc' dir='ltr'>ἐπιφέρει’</span> <span class='ocrx_word' id='word_1_656' title='bbox 946 5568 964 5601; x_wconf 77' lang='grc' dir='ltr'><strong><em>ι</em></strong></span> <span class='ocrx_word' id='word_1_657' title='bbox 1008 5551 1085 5602; x_wconf 88' lang='grc' dir='ltr'><strong><em>Δι’</em></strong></span> <span class='ocrx_word' id='word_1_658' title='bbox 1120 5547 1253 5619; x_wconf 75' lang='grc' dir='ltr'>ἐμοῦ</span> <span class='ocrx_word' id='word_1_659' title='bbox 1291 5545 1531 5618; x_wconf 83' lang='grc' dir='ltr'>βασιλεῖς</span> <span class='ocrx_word' id='word_1_660' title='bbox 1577 5543 1729 5613; x_wconf 57' lang='lat' dir='ltr'><strong><em>pum&quot;</em></strong></span> 
     </span>
    </p>
   </div>
   <div class='ocr_carea' id='block_1_89' title="bbox 194 5629 1725 5719">
    <p class='ocr_par' dir='ltr' id='par_1_89' title="bbox 194 5629 1725 5719">
     <span class='ocr_line' id='line_1_89' title="bbox 194 5629 1725 5719; baseline 0.002 -35"><span class='ocrx_word' id='word_1_661' title='bbox 194 5629 385 5705; x_wconf 78' lang='grc' dir='ltr'>λεύουσι,</span> <span class='ocrx_word' id='word_1_662' title='bbox 441 5643 536 5696; x_wconf 76' lang='grc' dir='ltr'><strong><em>καὶ</em></strong></span> <span class='ocrx_word' id='word_1_663' title='bbox 585 5644 636 5718; x_wconf 71' lang='lat' dir='ltr'><strong><em>oi</em></strong></span> <span class='ocrx_word' id='word_1_664' title='bbox 685 5643 942 5719; x_wconf 82' lang='grc' dir='ltr'>δυνάσται</span> <span class='ocrx_word' id='word_1_665' title='bbox 1009 5643 1278 5714; x_wconf 82' lang='grc' dir='ltr'>γράφουσι</span> <span class='ocrx_word' id='word_1_666' title='bbox 1344 5635 1725 5705; x_wconf 86' lang='grc' dir='ltr'>δικαιοσύνην·</span> 
     </span>
    </p>
   </div>
   <div class='ocr_carea' id='block_1_90' title="bbox 196 5721 1730 5806">
    <p class='ocr_par' dir='ltr' id='par_1_90' title="bbox 196 5721 1730 5806">
     <span class='ocr_line' id='line_1_90' title="bbox 196 5721 1730 5806; baseline 0.011 -27"><span class='ocrx_word' id='word_1_667' title='bbox 196 5721 244 5773; x_wconf 60' lang='lat' dir='ltr'><strong><em>it‘</em></strong></span> <span class='ocrx_word' id='word_1_668' title='bbox 287 5730 400 5800; x_wconf 80' lang='grc' dir='ltr'>ἐμοῦ</span> <span class='ocrx_word' id='word_1_669' title='bbox 456 5736 781 5805; x_wconf 84' lang='grc' dir='ltr'>μεγιστᾶνες</span> <span class='ocrx_word' id='word_1_670' title='bbox 850 5733 1271 5806; x_wconf 79' lang='grc' dir='ltr'>μεγαλύνονται·</span> <span class='ocrx_word' id='word_1_671' title='bbox 1353 5751 1372 5786; x_wconf 80' lang='grc'>›</span> <span class='ocrx_word' id='word_1_672' title='bbox 1443 5726 1580 5794; x_wconf 65' lang='grc' dir='ltr'>εἶτα,</span> <span class='ocrx_word' id='word_1_673' title='bbox 1656 5727 1730 5778; x_wconf 68' lang='grc' dir='ltr'><strong><em>εί·’</em></strong></span> 
     </span>
    </p>
   </div>
   <div class='ocr_carea' id='block_1_91' title="bbox 251 5881 830 5958">
    <p class='ocr_par' dir='ltr' id='par_1_91' title="bbox 251 5881 830 5958">
     <span class='ocr_line' id='line_1_91' title="bbox 251 5881 830 5958; baseline 0.007 -15"><span class='ocrx_word' id='word_1_674' title='bbox 251 5881 286 5922; x_wconf 68' lang='grc'><strong><em>’⁷</em></strong></span> <span class='ocrx_word' id='word_1_675' title='bbox 309 5885 450 5955; x_wconf 69' lang='lat' dir='ltr'><strong><em>Prov.</em></strong></span> <span class='ocrx_word' id='word_1_676' title='bbox 483 5908 603 5958; x_wconf 80' lang='lat' dir='ltr'><strong><em>vui,</em></strong></span> <span class='ocrx_word' id='word_1_677' title='bbox 643 5892 830 5949; x_wconf 71' lang='lat' dir='ltr'><strong><em>l2-5l.</em></strong></span> 
     </span>
    </p>
   </div>
   <div class='ocr_carea' id='block_1_92' title="bbox 1817 3343 3399 3419">
    <p class='ocr_par' dir='ltr' id='par_1_92' title="bbox 1817 3343 3399 3419">
     <span class='ocr_line' id='line_1_92' title="bbox 1817 3343 3399 3419; baseline -0.003 -17"><span class='ocrx_word' id='word_1_678' title='bbox 1817 3365 1940 3402; x_wconf 89' lang='lat' dir='ltr'><strong><em>cum</em></strong></span> <span class='ocrx_word' id='word_1_679' title='bbox 1973 3363 2039 3419; x_wconf 83' lang='lat' dir='ltr'><strong><em>eq</em></strong></span> <span class='ocrx_word' id='word_1_680' title='bbox 2069 3347 2314 3414; x_wconf 88' lang='lat' dir='ltr'><strong><em>aderam,</em></strong></span> <span class='ocrx_word' id='word_1_681' title='bbox 2351 3346 2570 3417; x_wconf 88' lang='lat' dir='ltr'><strong><em>quando</em></strong></span> <span class='ocrx_word' id='word_1_682' title='bbox 2633 3346 2955 3417; x_wconf 82' lang='lat' dir='ltr'><strong><em>segregabat</em></strong></span> <span class='ocrx_word' id='word_1_683' title='bbox 3007 3343 3189 3400; x_wconf 89' lang='lat' dir='ltr'><strong><em>sedem</em></strong></span> <span class='ocrx_word' id='word_1_684' title='bbox 3247 3357 3399 3398; x_wconf 85' lang='lat' dir='ltr'><strong><em>suam</em></strong></span> 
     </span>
    </p>
   </div>
   <div class='ocr_carea' id='block_1_93' title="bbox 1819 3435 3404 3508">
    <p class='ocr_par' dir='ltr' id='par_1_93' title="bbox 1819 3435 3404 3508">
     <span class='ocr_line' id='line_1_93' title="bbox 1819 3435 3404 3508; baseline -0.001 -16"><span class='ocrx_word' id='word_1_685' title='bbox 1819 3454 1984 3508; x_wconf 85' lang='lat' dir='ltr'><strong><em>super</em></strong></span> <span class='ocrx_word' id='word_1_686' title='bbox 2037 3445 2252 3500; x_wconf 88' lang='lat' dir='ltr'><strong><em>ventos,</em></strong></span> <span class='ocrx_word' id='word_1_687' title='bbox 2295 3439 2518 3507; x_wconf 90' lang='lat' dir='ltr'><strong><em>quando</em></strong></span> <span class='ocrx_word' id='word_1_688' title='bbox 2571 3436 2743 3492; x_wconf 84' lang='lat' dir='ltr'><strong><em>fortes</em></strong></span> <span class='ocrx_word' id='word_1_689' title='bbox 2799 3436 3036 3491; x_wconf 77' lang='lat' dir='ltr'><strong><em>faciebat</em></strong></span> <span class='ocrx_word' id='word_1_690' title='bbox 3091 3435 3404 3504; x_wconf 82' lang='lat' dir='ltr'><strong><em>superiores</em></strong></span> 
     </span>
    </p>
   </div>
   <div class='ocr_carea' id='block_1_94' title="bbox 1819 3525 3403 3598">
    <p class='ocr_par' dir='ltr' id='par_1_94' title="bbox 1819 3525 3403 3598">
     <span class='ocr_line' id='line_1_94' title="bbox 1819 3525 3403 3598; baseline -0.003 -14"><span class='ocrx_word' id='word_1_691' title='bbox 1819 3532 2014 3595; x_wconf 88' lang='lat' dir='ltr'><strong><em>nubes,</em></strong></span> <span class='ocrx_word' id='word_1_692' title='bbox 2042 3537 2095 3582; x_wconf 86' lang='lat' dir='ltr'><strong><em>et</em></strong></span> <span class='ocrx_word' id='word_1_693' title='bbox 2125 3539 2183 3582; x_wconf 92' lang='lat' dir='ltr'><strong><em>ut</em></strong></span> <span class='ocrx_word' id='word_1_694' title='bbox 2213 3529 2441 3583; x_wconf 84' lang='lat' dir='ltr'><strong><em>stabiles</em></strong></span> <span class='ocrx_word' id='word_1_695' title='bbox 2473 3528 2708 3598; x_wconf 84' lang='lat' dir='ltr'><strong><em>ponebat</em></strong></span> <span class='ocrx_word' id='word_1_696' title='bbox 2746 3527 2928 3582; x_wconf 88' lang='lat' dir='ltr'><strong><em>fontes</em></strong></span> <span class='ocrx_word' id='word_1_697' title='bbox 2959 3527 3100 3596; x_wconf 83' lang='lat' dir='ltr'><strong><em>ejus,</em></strong></span> <span class='ocrx_word' id='word_1_698' title='bbox 3152 3541 3275 3595; x_wconf 67' lang='lat' dir='ltr'><strong><em>quae</em></strong></span> <span class='ocrx_word' id='word_1_699' title='bbox 3299 3525 3403 3582; x_wconf 85' lang='lat' dir='ltr'><strong><em>sub</em></strong></span> 
     </span>
    </p>
   </div>
   <div class='ocr_carea' id='block_1_95' title="bbox 1819 3619 3402 3691">
    <p class='ocr_par' dir='ltr' id='par_1_95' title="bbox 1819 3619 3402 3691">
     <span class='ocr_line' id='line_1_95' title="bbox 1819 3619 3402 3691; baseline -0.003 -16"><span class='ocrx_word' id='word_1_700' title='bbox 1819 3622 1958 3676; x_wconf 79' lang='lat' dir='ltr'><strong><em>coelo</em></strong></span> <span class='ocrx_word' id='word_1_701' title='bbox 1977 3630 2082 3678; x_wconf 85' lang='lat' dir='ltr'><strong><em>est.</em></strong></span> <span class='ocrx_word' id='word_1_702' title='bbox 2109 3621 2236 3674; x_wconf 89' lang='lat' dir='ltr'><strong><em>dum</em></strong></span> <span class='ocrx_word' id='word_1_703' title='bbox 2262 3630 2489 3691; x_wconf 89' lang='lat' dir='ltr'><strong><em>poneret</em></strong></span> <span class='ocrx_word' id='word_1_704' title='bbox 2515 3623 2652 3674; x_wconf 86' lang='lat' dir='ltr'><strong><em>mari</em></strong></span> <span class='ocrx_word' id='word_1_705' title='bbox 2667 3619 3200 3674; x_wconf 88' lang='lat' dir='ltr'><strong><em>consummationem</em></strong></span> <span class='ocrx_word' id='word_1_706' title='bbox 3220 3631 3402 3683; x_wconf 86' lang='lat' dir='ltr'><strong><em>suam,</em></strong></span> 
     </span>
    </p>
   </div>
   <div class='ocr_carea' id='block_1_96' title="bbox 1819 3707 3406 3783">
    <p class='ocr_par' dir='ltr' id='par_1_96' title="bbox 1819 3707 3406 3783">
     <span class='ocr_line' id='line_1_96' title="bbox 1819 3707 3406 3783; baseline -0.004 -15"><span class='ocrx_word' id='word_1_707' title='bbox 1819 3722 1872 3768; x_wconf 88' lang='lat' dir='ltr'><strong><em>et</em></strong></span> <span class='ocrx_word' id='word_1_708' title='bbox 1904 3729 2061 3783; x_wconf 71' lang='lat' dir='ltr'><strong><em>aquae</em></strong></span> <span class='ocrx_word' id='word_1_709' title='bbox 2095 3728 2204 3767; x_wconf 91' lang='lat' dir='ltr'><strong><em>non</em></strong></span> <span class='ocrx_word' id='word_1_710' title='bbox 2239 3713 2596 3782; x_wconf 81' lang='lat' dir='ltr'><strong><em>praeteribunt</em></strong></span> <span class='ocrx_word' id='word_1_711' title='bbox 2627 3727 2691 3766; x_wconf 90' lang='lat' dir='ltr'><strong><em>os</em></strong></span> <span class='ocrx_word' id='word_1_712' title='bbox 2712 3711 2855 3780; x_wconf 86' lang='lat' dir='ltr'><strong><em>ejus,</em></strong></span> <span class='ocrx_word' id='word_1_713' title='bbox 2878 3708 3099 3780; x_wconf 84' lang='lat' dir='ltr'><strong><em>quando</em></strong></span> <span class='ocrx_word' id='word_1_714' title='bbox 3137 3708 3299 3763; x_wconf 90' lang='lat' dir='ltr'><strong><em>fortia</em></strong></span> <span class='ocrx_word' id='word_1_715' title='bbox 3329 3707 3406 3762; x_wconf 82' lang='lat' dir='ltr'><strong><em>fa-</em></strong></span> 
     </span>
    </p>
   </div>
   <div class='ocr_carea' id='block_1_97' title="bbox 1819 3802 3404 3871">
    <p class='ocr_par' dir='ltr' id='par_1_97' title="bbox 1819 3802 3404 3871">
     <span class='ocr_line' id='line_1_97' title="bbox 1819 3802 3404 3871; baseline -0.003 -12"><span class='ocrx_word' id='word_1_716' title='bbox 1819 3805 1997 3860; x_wconf 88' lang='lat' dir='ltr'><strong><em>ciebat</em></strong></span> <span class='ocrx_word' id='word_1_717' title='bbox 2022 3804 2378 3861; x_wconf 89' lang='lat' dir='ltr'><strong><em>fundamenta</em></strong></span> <span class='ocrx_word' id='word_1_718' title='bbox 2403 3812 2596 3868; x_wconf 63' lang='lat' dir='ltr'><strong><em>terrai,</em></strong></span> <span class='ocrx_word' id='word_1_719' title='bbox 2633 3818 2782 3859; x_wconf 89' lang='lat' dir='ltr'><strong><em>eram</em></strong></span> <span class='ocrx_word' id='word_1_720' title='bbox 2809 3803 2952 3870; x_wconf 90' lang='lat' dir='ltr'><strong><em>apud</em></strong></span> <span class='ocrx_word' id='word_1_721' title='bbox 2985 3802 3134 3855; x_wconf 88' lang='lat' dir='ltr'><strong><em>illum</em></strong></span> <span class='ocrx_word' id='word_1_722' title='bbox 3180 3815 3404 3871; x_wconf 90' lang='lat' dir='ltr'><strong><em>compo-</em></strong></span> 
     </span>
    </p>
   </div>
   <div class='ocr_carea' id='block_1_98' title="bbox 1819 3893 3404 3970">
    <p class='ocr_par' dir='ltr' id='par_1_98' title="bbox 1819 3893 3404 3970">
     <span class='ocr_line' id='line_1_98' title="bbox 1819 3893 3404 3970; baseline -0.009 -11"><span class='ocrx_word' id='word_1_723' title='bbox 1819 3916 1957 3958; x_wconf 86' lang='lat' dir='ltr'><strong><em>nens</em></strong></span> <span class='ocrx_word' id='word_1_724' title='bbox 1985 3923 1996 3956; x_wconf 90' lang='lat'>:</span> <span class='ocrx_word' id='word_1_725' title='bbox 2022 3916 2120 3970; x_wconf 87' lang='lat' dir='ltr'><strong><em>ego</em></strong></span> <span class='ocrx_word' id='word_1_726' title='bbox 2150 3916 2298 3955; x_wconf 89' lang='lat' dir='ltr'><strong><em>eram</em></strong></span> <span class='ocrx_word' id='word_1_727' title='bbox 2332 3897 2474 3968; x_wconf 89' lang='lat' dir='ltr'><strong><em>apud</em></strong></span> <span class='ocrx_word' id='word_1_728' title='bbox 2496 3912 2660 3969; x_wconf 90' lang='lat' dir='ltr'><strong><em>quam</em></strong></span> <span class='ocrx_word' id='word_1_729' title='bbox 2692 3895 2983 3966; x_wconf 80' lang='lat' dir='ltr'><strong><em>gaudebat,</em></strong></span> <span class='ocrx_word' id='word_1_730' title='bbox 3019 3893 3260 3964; x_wconf 91' lang='lat' dir='ltr'><strong><em>quotidie</em></strong></span> <span class='ocrx_word' id='word_1_731' title='bbox 3275 3906 3404 3947; x_wconf 89' lang='lat' dir='ltr'><strong><em>vero</em></strong></span> 
     </span>
    </p>
   </div>
   <div class='ocr_carea' id='block_1_99' title="bbox 1820 3983 3404 4056">
    <p class='ocr_par' dir='ltr' id='par_1_99' title="bbox 1820 3983 3404 4056">
     <span class='ocr_line' id='line_1_99' title="bbox 1820 3983 3404 4056; baseline -0.006 -8"><span class='ocrx_word' id='word_1_732' title='bbox 1820 3995 2042 4049; x_wconf 79' lang='lat' dir='ltr'><strong><em>laetabar</em></strong></span> <span class='ocrx_word' id='word_1_733' title='bbox 2078 3989 2131 4046; x_wconf 87' lang='lat' dir='ltr'><strong><em>in</em></strong></span> <span class='ocrx_word' id='word_1_734' title='bbox 2164 3991 2314 4044; x_wconf 84' lang='lat' dir='ltr'><strong><em>vultu</em></strong></span> <span class='ocrx_word' id='word_1_735' title='bbox 2365 3989 2511 4044; x_wconf 88' lang='lat' dir='ltr'><strong><em>illius</em></strong></span> <span class='ocrx_word' id='word_1_736' title='bbox 2561 3988 2615 4041; x_wconf 93' lang='lat' dir='ltr'><strong><em>in</em></strong></span> <span class='ocrx_word' id='word_1_737' title='bbox 2643 3987 2790 4041; x_wconf 90' lang='lat' dir='ltr'><strong><em>omni</em></strong></span> <span class='ocrx_word' id='word_1_738' title='bbox 2835 3996 3122 4056; x_wconf 86' lang='lat' dir='ltr'><strong><em>tempore:</em></strong></span> <span class='ocrx_word' id='word_1_739' title='bbox 3185 3983 3404 4054; x_wconf 90' lang='lat' dir='ltr'><strong><em>quando</em></strong></span> 
     </span>
    </p>
   </div>
   <div class='ocr_carea' id='block_1_100' title="bbox 1819 4077 3400 4154">
    <p class='ocr_par' dir='ltr' id='par_1_100' title="bbox 1819 4077 3400 4154">
     <span class='ocr_line' id='line_1_100' title="bbox 1819 4077 3400 4154; baseline -0.007 -13"><span class='ocrx_word' id='word_1_740' title='bbox 1819 4086 2106 4141; x_wconf 66' lang='lat' dir='ltr'><strong><em>laetabatur</em></strong></span> <span class='ocrx_word' id='word_1_741' title='bbox 2135 4083 2279 4154; x_wconf 88' lang='lat' dir='ltr'><strong><em>quod</em></strong></span> <span class='ocrx_word' id='word_1_742' title='bbox 2307 4082 2497 4136; x_wconf 90' lang='lat' dir='ltr'><strong><em>orbem</em></strong></span> <span class='ocrx_word' id='word_1_743' title='bbox 2533 4089 2803 4134; x_wconf 88' lang='lat' dir='ltr'><strong><em>terrarum</em></strong></span> <span class='ocrx_word' id='word_1_744' title='bbox 2832 4077 3185 4148; x_wconf 77' lang='lat' dir='ltr'><strong><em>perfecisset,</em></strong></span> <span class='ocrx_word' id='word_1_745' title='bbox 3223 4083 3276 4131; x_wconf 89' lang='lat' dir='ltr'><strong><em>et</em></strong></span> <span class='ocrx_word' id='word_1_746' title='bbox 3309 4077 3400 4130; x_wconf 78' lang='lat' dir='ltr'><strong><em>la:-</em></strong></span> 
     </span>
    </p>
   </div>
   <div class='ocr_carea' id='block_1_101' title="bbox 1819 4170 3401 4231">
    <p class='ocr_par' dir='ltr' id='par_1_101' title="bbox 1819 4170 3401 4231">
     <span class='ocr_line' id='line_1_101' title="bbox 1819 4170 3401 4231; baseline -0.007 -1"><span class='ocrx_word' id='word_1_747' title='bbox 1819 4178 2118 4231; x_wconf 88' lang='lat' dir='ltr'><strong><em>tabaturin</em></strong></span> <span class='ocrx_word' id='word_1_748' title='bbox 2160 4175 2287 4229; x_wconf 79' lang='lat' dir='ltr'><strong><em>filiis</em></strong></span> <span class='ocrx_word' id='word_1_749' title='bbox 2335 4173 2615 4228; x_wconf 86' lang='lat' dir='ltr'><strong><em>hominum</em></strong></span> <span class='ocrx_word' id='word_1_750' title='bbox 2653 4172 2722 4224; x_wconf 74' lang='grc'><strong><em>⁸⁷.</em></strong></span> <span class='ocrx_word' id='word_1_751' title='bbox 2761 4190 2778 4222; x_wconf 88' lang='grc'><strong>›</strong></span> <span class='ocrx_word' id='word_1_752' title='bbox 2819 4170 3063 4223; x_wconf 88' lang='lat' dir='ltr'><strong><em>Divinam</em></strong></span> <span class='ocrx_word' id='word_1_753' title='bbox 3097 4176 3151 4222; x_wconf 89' lang='lat' dir='ltr'><strong><em>et</em></strong></span> <span class='ocrx_word' id='word_1_754' title='bbox 3186 4180 3401 4220; x_wconf 86' lang='lat' dir='ltr'><strong><em>omnem</em></strong></span> 
     </span>
    </p>
   </div>
   <div class='ocr_carea' id='block_1_102' title="bbox 1820 4259 3405 4332">
    <p class='ocr_par' dir='ltr' id='par_1_102' title="bbox 1820 4259 3405 4332">
     <span class='ocr_line' id='line_1_102' title="bbox 1820 4259 3405 4332; baseline -0.008 -8"><span class='ocrx_word' id='word_1_755' title='bbox 1820 4271 1875 4324; x_wconf 91' lang='lat' dir='ltr'><strong><em>in</em></strong></span> <span class='ocrx_word' id='word_1_756' title='bbox 1906 4285 1964 4324; x_wconf 89' lang='lat' dir='ltr'><strong><em>se</em></strong></span> <span class='ocrx_word' id='word_1_757' title='bbox 1998 4269 2206 4322; x_wconf 88' lang='lat' dir='ltr'><strong><em>habens</em></strong></span> <span class='ocrx_word' id='word_1_758' title='bbox 2266 4266 2547 4327; x_wconf 88' lang='lat' dir='ltr'><strong><em>virtutem,</em></strong></span> <span class='ocrx_word' id='word_1_759' title='bbox 2579 4278 2700 4332; x_wconf 60' lang='lat' dir='ltr'><strong><em>qua}</em></strong></span> <span class='ocrx_word' id='word_1_760' title='bbox 2726 4263 2942 4316; x_wconf 86' lang='lat' dir='ltr'><strong><em>cunctis</em></strong></span> <span class='ocrx_word' id='word_1_761' title='bbox 2989 4261 3153 4315; x_wconf 90' lang='lat' dir='ltr'><strong><em>rebus</em></strong></span> <span class='ocrx_word' id='word_1_762' title='bbox 3205 4259 3405 4326; x_wconf 79' lang='lat' dir='ltr'><strong><em>genitis</em></strong></span> 
     </span>
    </p>
   </div>
   <div class='ocr_carea' id='block_1_103' title="bbox 1821 4354 3404 4433">
    <p class='ocr_par' dir='ltr' id='par_1_103' title="bbox 1821 4354 3404 4433">
     <span class='ocr_line' id='line_1_103' title="bbox 1821 4354 3404 4433; baseline -0.006 -17"><span class='ocrx_word' id='word_1_763' title='bbox 1821 4363 2097 4433; x_wconf 88' lang='lat' dir='ltr'><strong><em>antiquior</em></strong></span> <span class='ocrx_word' id='word_1_764' title='bbox 2127 4368 2209 4416; x_wconf 83' lang='lat' dir='ltr'><strong><em>est</em></strong></span> <span class='ocrx_word' id='word_1_765' title='bbox 2243 4359 2508 4424; x_wconf 87' lang='lat' dir='ltr'><strong><em>essentia,</em></strong></span> <span class='ocrx_word' id='word_1_766' title='bbox 2540 4373 2661 4428; x_wconf 65' lang='lat' dir='ltr'><strong><em>qua:</em></strong></span> <span class='ocrx_word' id='word_1_767' title='bbox 2698 4356 3007 4425; x_wconf 84' lang='lat' dir='ltr'><strong><em>intelligens</em></strong></span> <span class='ocrx_word' id='word_1_768' title='bbox 3039 4365 3090 4408; x_wconf 88' lang='lat' dir='ltr'><strong><em>et</em></strong></span> <span class='ocrx_word' id='word_1_769' title='bbox 3130 4354 3404 4423; x_wconf 82' lang='lat' dir='ltr'><strong><em>primoge-</em></strong></span> 
     </span>
    </p>
   </div>
   <div class='ocr_carea' id='block_1_104' title="bbox 1820 4446 3404 4522">
    <p class='ocr_par' dir='ltr' id='par_1_104' title="bbox 1820 4446 3404 4522">
     <span class='ocr_line' id='line_1_104' title="bbox 1820 4446 3404 4522; baseline -0.009 -12"><span class='ocrx_word' id='word_1_770' title='bbox 1820 4457 1934 4510; x_wconf 90' lang='lat' dir='ltr'><strong><em>nita</em></strong></span> <span class='ocrx_word' id='word_1_771' title='bbox 1969 4453 2225 4522; x_wconf 72' lang='lat' dir='ltr'><strong><em>ingenita:</em></strong></span> <span class='ocrx_word' id='word_1_772' title='bbox 2285 4458 2496 4504; x_wconf 67' lang='lat' dir='ltr'><strong><em>natura:</em></strong></span> <span class='ocrx_word' id='word_1_773' title='bbox 2555 4450 2734 4518; x_wconf 87' lang='lat' dir='ltr'><strong><em>imago</em></strong></span> <span class='ocrx_word' id='word_1_774' title='bbox 2764 4454 2886 4509; x_wconf 90' lang='lat' dir='ltr'><strong><em>est,</em></strong></span> <span class='ocrx_word' id='word_1_775' title='bbox 2930 4446 3206 4515; x_wconf 87' lang='lat' dir='ltr'><strong><em>legitimus</em></strong></span> <span class='ocrx_word' id='word_1_776' title='bbox 3241 4451 3404 4510; x_wconf 88' lang='lat' dir='ltr'><strong><em>atque</em></strong></span> 
     </span>
    </p>
   </div>
   <div class='ocr_carea' id='block_1_105' title="bbox 1822 4536 3409 4612">
    <p class='ocr_par' dir='ltr' id='par_1_105' title="bbox 1822 4536 3409 4612">
     <span class='ocr_line' id='line_1_105' title="bbox 1822 4536 3409 4612; baseline -0.008 -10"><span class='ocrx_word' id='word_1_777' title='bbox 1822 4549 2020 4602; x_wconf 89' lang='lat' dir='ltr'><strong><em>unicus</em></strong></span> <span class='ocrx_word' id='word_1_778' title='bbox 2044 4548 2266 4601; x_wconf 83' lang='lat' dir='ltr'><strong><em>maximi</em></strong></span> <span class='ocrx_word' id='word_1_779' title='bbox 2293 4546 2384 4598; x_wconf 85' lang='lat' dir='ltr'><strong><em>Dei</em></strong></span> <span class='ocrx_word' id='word_1_780' title='bbox 2425 4544 2622 4610; x_wconf 84' lang='lat' dir='ltr'><strong><em>Filius,</em></strong></span> <span class='ocrx_word' id='word_1_781' title='bbox 2661 4543 2752 4612; x_wconf 91' lang='lat' dir='ltr'><strong><em>qui</em></strong></span> <span class='ocrx_word' id='word_1_782' title='bbox 2781 4541 2969 4596; x_wconf 90' lang='lat' dir='ltr'><strong><em>multis</em></strong></span> <span class='ocrx_word' id='word_1_783' title='bbox 2998 4539 3309 4592; x_wconf 85' lang='lat' dir='ltr'><strong><em>nominibus</em></strong></span> <span class='ocrx_word' id='word_1_784' title='bbox 3328 4536 3409 4590; x_wconf 83' lang='lat' dir='ltr'><strong><em>di-</em></strong></span> 
     </span>
    </p>
   </div>
   <div class='ocr_carea' id='block_1_106' title="bbox 1823 4630 3406 4708">
    <p class='ocr_par' dir='ltr' id='par_1_106' title="bbox 1823 4630 3406 4708">
     <span class='ocr_line' id='line_1_106' title="bbox 1823 4630 3406 4708; baseline -0.005 -16"><span class='ocrx_word' id='word_1_785' title='bbox 1823 4640 1966 4693; x_wconf 84' lang='lat' dir='ltr'><strong><em>citur</em></strong></span> <span class='ocrx_word' id='word_1_786' title='bbox 1996 4679 2010 4704; x_wconf 94' lang='lat'><strong><em>,</em></strong></span> <span class='ocrx_word' id='word_1_787' title='bbox 2044 4639 2111 4694; x_wconf 88' lang='lat' dir='ltr'><strong><em>de</em></strong></span> <span class='ocrx_word' id='word_1_788' title='bbox 2143 4653 2253 4708; x_wconf 92' lang='lat' dir='ltr'><strong><em>quo</em></strong></span> <span class='ocrx_word' id='word_1_789' title='bbox 2288 4645 2348 4691; x_wconf 92' lang='lat' dir='ltr'><strong><em>ut</em></strong></span> <span class='ocrx_word' id='word_1_790' title='bbox 2379 4637 2447 4690; x_wconf 89' lang='lat' dir='ltr'><strong><em>de</em></strong></span> <span class='ocrx_word' id='word_1_791' title='bbox 2479 4635 2590 4691; x_wconf 90' lang='lat' dir='ltr'><strong><em>Deo</em></strong></span> <span class='ocrx_word' id='word_1_792' title='bbox 2633 4634 2883 4706; x_wconf 90' lang='lat' dir='ltr'><strong><em>pluribus</em></strong></span> <span class='ocrx_word' id='word_1_793' title='bbox 2946 4630 3406 4701; x_wconf 85' lang='lat' dir='ltr'><strong><em>appellationibus</em></strong></span> 
     </span>
    </p>
   </div>
   <div class='ocr_carea' id='block_1_107' title="bbox 1823 4726 3408 4801">
    <p class='ocr_par' dir='ltr' id='par_1_107' title="bbox 1823 4726 3408 4801">
     <span class='ocr_line' id='line_1_107' title="bbox 1823 4726 3408 4801; baseline -0.007 -15"><span class='ocrx_word' id='word_1_794' title='bbox 1823 4732 2130 4801; x_wconf 70' lang='lat' dir='ltr'><strong><em>loquimur,</em></strong></span> <span class='ocrx_word' id='word_1_795' title='bbox 2151 4730 2255 4784; x_wconf 91' lang='lat' dir='ltr'><strong><em>hoc</em></strong></span> <span class='ocrx_word' id='word_1_796' title='bbox 2301 4730 2354 4784; x_wconf 91' lang='lat' dir='ltr'><strong><em>in</em></strong></span> <span class='ocrx_word' id='word_1_797' title='bbox 2391 4729 2510 4782; x_wconf 87' lang='lat' dir='ltr'><strong><em>loco</em></strong></span> <span class='ocrx_word' id='word_1_798' title='bbox 2544 4726 2836 4796; x_wconf 80' lang='lat' dir='ltr'><strong><em>Sapientia:</em></strong></span> <span class='ocrx_word' id='word_1_799' title='bbox 2869 4726 3188 4794; x_wconf 84' lang='lat' dir='ltr'><strong><em>dignitatem</em></strong></span> <span class='ocrx_word' id='word_1_800' title='bbox 3247 4730 3408 4792; x_wconf 89' lang='lat' dir='ltr'><strong><em>atque</em></strong></span> 
     </span>
    </p>
   </div>
   <div class='ocr_carea' id='block_1_108' title="bbox 1824 4816 3410 4894">
    <p class='ocr_par' dir='ltr' id='par_1_108' title="bbox 1824 4816 3410 4894">
     <span class='ocr_line' id='line_1_108' title="bbox 1824 4816 3410 4894; baseline -0.006 -18"><span class='ocrx_word' id='word_1_801' title='bbox 1824 4824 2264 4894; x_wconf 89' lang='lat' dir='ltr'><strong><em>appellationem,</em></strong></span> <span class='ocrx_word' id='word_1_802' title='bbox 2295 4822 2522 4876; x_wconf 90' lang='lat' dir='ltr'><strong><em>honoris</em></strong></span> <span class='ocrx_word' id='word_1_803' title='bbox 2555 4828 2608 4874; x_wconf 88' lang='lat' dir='ltr'><strong><em>et</em></strong></span> <span class='ocrx_word' id='word_1_804' title='bbox 2644 4819 3023 4889; x_wconf 88' lang='lat' dir='ltr'><strong><em>amplitudinis</em></strong></span> <span class='ocrx_word' id='word_1_805' title='bbox 3051 4816 3226 4888; x_wconf 87' lang='lat' dir='ltr'><strong><em>gratia</em></strong></span> <span class='ocrx_word' id='word_1_806' title='bbox 3251 4828 3410 4868; x_wconf 68' lang='lat' dir='ltr'><strong><em>acce~</em></strong></span> 
     </span>
    </p>
   </div>
   <div class='ocr_carea' id='block_1_109' title="bbox 1827 4903 3405 4985">
    <p class='ocr_par' dir='ltr' id='par_1_109' title="bbox 1827 4903 3405 4985">
     <span class='ocr_line' id='line_1_109' title="bbox 1827 4903 3405 4985; baseline -0.007 -18"><span class='ocrx_word' id='word_1_807' title='bbox 1827 4916 1923 4985; x_wconf 85' lang='lat' dir='ltr'><strong><em>pit,</em></strong></span> <span class='ocrx_word' id='word_1_808' title='bbox 1945 4913 2176 4969; x_wconf 86' lang='lat' dir='ltr'><strong><em>Verbum</em></strong></span> <span class='ocrx_word' id='word_1_809' title='bbox 2193 4923 2373 4967; x_wconf 90' lang='lat' dir='ltr'><strong><em>autem</em></strong></span> <span class='ocrx_word' id='word_1_810' title='bbox 2405 4912 2494 4965; x_wconf 88' lang='lat' dir='ltr'><strong><em>Dei</em></strong></span> <span class='ocrx_word' id='word_1_811' title='bbox 2519 4911 2791 4973; x_wconf 85' lang='lat' dir='ltr'><strong><em>eumdem,</em></strong></span> <span class='ocrx_word' id='word_1_812' title='bbox 2811 4919 2864 4963; x_wconf 90' lang='lat' dir='ltr'><strong><em>et</em></strong></span> <span class='ocrx_word' id='word_1_813' title='bbox 2885 4909 3108 4971; x_wconf 87' lang='lat' dir='ltr'><strong><em>Lucem,</em></strong></span> <span class='ocrx_word' id='word_1_814' title='bbox 3131 4915 3184 4961; x_wconf 91' lang='lat' dir='ltr'><strong><em>et</em></strong></span> <span class='ocrx_word' id='word_1_815' title='bbox 3204 4903 3405 4964; x_wconf 69' lang='lat' dir='ltr'><strong><em>Vitam,</em></strong></span> 
     </span>
    </p>
   </div>
   <div class='ocr_carea' id='block_1_110' title="bbox 1817 4994 3406 5072">
    <p class='ocr_par' dir='ltr' id='par_1_110' title="bbox 1817 4994 3406 5072">
     <span class='ocr_line' id='line_1_110' title="bbox 1817 4994 3406 5072; baseline -0.008 -14"><span class='ocrx_word' id='word_1_816' title='bbox 1817 5014 1878 5058; x_wconf 87' lang='lat' dir='ltr'><strong><em>et</em></strong></span> <span class='ocrx_word' id='word_1_817' title='bbox 1915 5003 2232 5062; x_wconf 85' lang='lat' dir='ltr'><strong><em>Veritatem.</em></strong></span> <span class='ocrx_word' id='word_1_818' title='bbox 2268 5010 2321 5057; x_wconf 89' lang='lat' dir='ltr'><strong><em>et</em></strong></span> <span class='ocrx_word' id='word_1_819' title='bbox 2350 5011 2627 5072; x_wconf 87' lang='lat' dir='ltr'><strong><em>postremo</em></strong></span> <span class='ocrx_word' id='word_1_820' title='bbox 2663 4999 2942 5053; x_wconf 85' lang='lat' dir='ltr'><strong><em>Christum</em></strong></span> <span class='ocrx_word' id='word_1_821' title='bbox 2983 4998 3073 5050; x_wconf 88' lang='lat' dir='ltr'><strong><em>Dei</em></strong></span> <span class='ocrx_word' id='word_1_822' title='bbox 3122 4994 3406 5055; x_wconf 87' lang='lat' dir='ltr'><strong><em>Virtutem,</em></strong></span> 
     </span>
    </p>
   </div>
   <div class='ocr_carea' id='block_1_111' title="bbox 1826 5084 3406 5167">
    <p class='ocr_par' dir='ltr' id='par_1_111' title="bbox 1826 5084 3406 5167">
     <span class='ocr_line' id='line_1_111' title="bbox 1826 5084 3406 5167; baseline -0.011 -17"><span class='ocrx_word' id='word_1_823' title='bbox 1826 5105 1880 5150; x_wconf 91' lang='lat' dir='ltr'><strong><em>et</em></strong></span> <span class='ocrx_word' id='word_1_824' title='bbox 1913 5096 2006 5167; x_wconf 83' lang='lat' dir='ltr'><strong><em>Dei</em></strong></span> <span class='ocrx_word' id='word_1_825' title='bbox 2062 5094 2395 5164; x_wconf 89' lang='lat' dir='ltr'><strong><em>Sapientiam</em></strong></span> <span class='ocrx_word' id='word_1_826' title='bbox 2459 5093 2734 5164; x_wconf 83' lang='lat' dir='ltr'><strong><em>appellare</em></strong></span> <span class='ocrx_word' id='word_1_827' title='bbox 2764 5091 2875 5159; x_wconf 91' lang='lat' dir='ltr'><strong><em>jam</em></strong></span> <span class='ocrx_word' id='word_1_828' title='bbox 2922 5088 3219 5142; x_wconf 89' lang='lat' dir='ltr'><strong><em>didicimus</em></strong></span> <span class='ocrx_word' id='word_1_829' title='bbox 3247 5102 3260 5137; x_wconf 91' lang='lat'><strong>:</strong></span> <span class='ocrx_word' id='word_1_830' title='bbox 3293 5084 3406 5151; x_wconf 89' lang='lat' dir='ltr'><strong><em>jam</em></strong></span> 
     </span>
    </p>
   </div>
   <div class='ocr_carea' id='block_1_112' title="bbox 1828 5174 3410 5258">
    <p class='ocr_par' dir='ltr' id='par_1_112' title="bbox 1828 5174 3410 5258">
     <span class='ocr_line' id='line_1_112' title="bbox 1828 5174 3410 5258; baseline -0.01 -16"><span class='ocrx_word' id='word_1_831' title='bbox 1828 5189 1992 5258; x_wconf 87' lang='lat' dir='ltr'><strong><em>igitur</em></strong></span> <span class='ocrx_word' id='word_1_832' title='bbox 2021 5189 2075 5240; x_wconf 92' lang='lat' dir='ltr'><strong><em>in</em></strong></span> <span class='ocrx_word' id='word_1_833' title='bbox 2109 5188 2194 5241; x_wconf 91' lang='lat' dir='ltr'><strong><em>his</em></strong></span> <span class='ocrx_word' id='word_1_834' title='bbox 2221 5201 2341 5256; x_wconf 65' lang='lat' dir='ltr'><strong><em>qua:</em></strong></span> <span class='ocrx_word' id='word_1_835' title='bbox 2369 5201 2515 5239; x_wconf 89' lang='lat' dir='ltr'><strong><em>nunc</em></strong></span> <span class='ocrx_word' id='word_1_836' title='bbox 2540 5187 2593 5238; x_wconf 92' lang='lat' dir='ltr'><strong><em>in</em></strong></span> <span class='ocrx_word' id='word_1_837' title='bbox 2620 5183 2873 5237; x_wconf 90' lang='lat' dir='ltr'><strong><em>manibus</em></strong></span> <span class='ocrx_word' id='word_1_838' title='bbox 2899 5187 3044 5241; x_wconf 90' lang='lat' dir='ltr'><strong><em>sunt,</em></strong></span> <span class='ocrx_word' id='word_1_839' title='bbox 3077 5179 3193 5246; x_wconf 90' lang='lat' dir='ltr'><strong><em>ipse</em></strong></span> <span class='ocrx_word' id='word_1_840' title='bbox 3228 5174 3294 5228; x_wconf 91' lang='lat' dir='ltr'><strong><em>de</em></strong></span> <span class='ocrx_word' id='word_1_841' title='bbox 3321 5188 3410 5227; x_wconf 86' lang='lat' dir='ltr'><strong><em>se-</em></strong></span> 
     </span>
    </p>
   </div>
   <div class='ocr_carea' id='block_1_113' title="bbox 1831 5273 3402 5350">
    <p class='ocr_par' dir='ltr' id='par_1_113' title="bbox 1831 5273 3402 5350">
     <span class='ocr_line' id='line_1_113' title="bbox 1831 5273 3402 5350; baseline -0.011 -15"><span class='ocrx_word' id='word_1_842' title='bbox 1831 5282 1970 5350; x_wconf 86' lang='lat' dir='ltr'><strong><em>ipso,</em></strong></span> <span class='ocrx_word' id='word_1_843' title='bbox 2000 5289 2257 5349; x_wconf 87' lang='lat' dir='ltr'><strong><em>tanquam</em></strong></span> <span class='ocrx_word' id='word_1_844' title='bbox 2285 5278 2376 5332; x_wconf 90' lang='lat' dir='ltr'><strong><em>Dei</em></strong></span> <span class='ocrx_word' id='word_1_845' title='bbox 2408 5278 2596 5330; x_wconf 85' lang='lat' dir='ltr'><strong><em>vivens</em></strong></span> <span class='ocrx_word' id='word_1_846' title='bbox 2625 5273 2926 5345; x_wconf 79' lang='lat' dir='ltr'><strong><em>Sapientia,</em></strong></span> <span class='ocrx_word' id='word_1_847' title='bbox 2954 5282 3004 5324; x_wconf 86' lang='lat' dir='ltr'><strong><em>et</em></strong></span> <span class='ocrx_word' id='word_1_848' title='bbox 3031 5283 3152 5338; x_wconf 65' lang='lat' dir='ltr'><strong><em>quae</em></strong></span> <span class='ocrx_word' id='word_1_849' title='bbox 3184 5281 3278 5335; x_wconf 90' lang='lat' dir='ltr'><strong><em>per</em></strong></span> <span class='ocrx_word' id='word_1_850' title='bbox 3313 5280 3402 5318; x_wconf 90' lang='lat' dir='ltr'><strong><em>se-</em></strong></span> 
     </span>
    </p>
   </div>
   <div class='ocr_carea' id='block_1_114' title="bbox 1830 5359 3402 5442">
    <p class='ocr_par' dir='ltr' id='par_1_114' title="bbox 1830 5359 3402 5442">
     <span class='ocr_line' id='line_1_114' title="bbox 1830 5359 3402 5442; baseline -0.011 -15"><span class='ocrx_word' id='word_1_851' title='bbox 1830 5373 2004 5442; x_wconf 87' lang='lat' dir='ltr'><strong><em>ipsam</em></strong></span> <span class='ocrx_word' id='word_1_852' title='bbox 2065 5370 2362 5432; x_wconf 89' lang='lat' dir='ltr'><strong><em>consistat,</em></strong></span> <span class='ocrx_word' id='word_1_853' title='bbox 2402 5385 2499 5438; x_wconf 90' lang='lat' dir='ltr'><strong><em>per</em></strong></span> <span class='ocrx_word' id='word_1_854' title='bbox 2528 5365 2994 5436; x_wconf 89' lang='lat' dir='ltr'><strong><em>sapientissimum</em></strong></span> <span class='ocrx_word' id='word_1_855' title='bbox 3051 5359 3402 5413; x_wconf 88' lang='lat' dir='ltr'><strong><em>Salomoncm</em></strong></span> 
     </span>
    </p>
   </div>
   <div class='ocr_carea' id='block_1_115' title="bbox 1830 5448 3408 5526">
    <p class='ocr_par' dir='ltr' id='par_1_115' title="bbox 1830 5448 3408 5526">
     <span class='ocr_line' id='line_1_115' title="bbox 1830 5448 3408 5526; baseline -0.01 -8"><span class='ocrx_word' id='word_1_856' title='bbox 1830 5463 1994 5518; x_wconf 86' lang='lat' dir='ltr'><strong><em>verba</em></strong></span> <span class='ocrx_word' id='word_1_857' title='bbox 2029 5461 2192 5525; x_wconf 83' lang='lat' dir='ltr'><strong><em>facit,</em></strong></span> <span class='ocrx_word' id='word_1_858' title='bbox 2262 5459 2391 5514; x_wconf 88' lang='lat' dir='ltr'><strong><em>dum</em></strong></span> <span class='ocrx_word' id='word_1_859' title='bbox 2426 5459 2558 5513; x_wconf 89' lang='lat' dir='ltr'><strong><em>dicit</em></strong></span> <span class='ocrx_word' id='word_1_860' title='bbox 2590 5475 2632 5511; x_wconf 75' lang='lat' dir='ltr'><strong><em>:t</em></strong></span> <span class='ocrx_word' id='word_1_861' title='bbox 2683 5455 2794 5526; x_wconf 85' lang='lat' dir='ltr'><strong><em>Ego</em></strong></span> <span class='ocrx_word' id='word_1_862' title='bbox 2827 5451 3107 5522; x_wconf 89' lang='lat' dir='ltr'><strong><em>Sapientia</em></strong></span> <span class='ocrx_word' id='word_1_863' title='bbox 3166 5448 3408 5504; x_wconf 88' lang='lat' dir='ltr'><strong><em>habitavi</em></strong></span> 
     </span>
    </p>
   </div>
   <div class='ocr_carea' id='block_1_116' title="bbox 1832 5545 3408 5624">
    <p class='ocr_par' dir='ltr' id='par_1_116' title="bbox 1832 5545 3408 5624">
     <span class='ocr_line' id='line_1_116' title="bbox 1832 5545 3408 5624; baseline -0.01 -12"><span class='ocrx_word' id='word_1_864' title='bbox 1832 5557 2146 5620; x_wconf 88' lang='lat' dir='ltr'><strong><em>consilium,</em></strong></span> <span class='ocrx_word' id='word_1_865' title='bbox 2207 5562 2261 5608; x_wconf 89' lang='lat' dir='ltr'><strong><em>et</em></strong></span> <span class='ocrx_word' id='word_1_866' title='bbox 2295 5552 2697 5624; x_wconf 87' lang='lat' dir='ltr'><strong><em>cognitionem,</em></strong></span> <span class='ocrx_word' id='word_1_867' title='bbox 2757 5557 2812 5603; x_wconf 91' lang='lat' dir='ltr'><strong><em>et</em></strong></span> <span class='ocrx_word' id='word_1_868' title='bbox 2865 5545 3255 5616; x_wconf 86' lang='lat' dir='ltr'><strong><em>cogitationem</em></strong></span> <span class='ocrx_word' id='word_1_869' title='bbox 3307 5558 3408 5613; x_wconf 85' lang='lat' dir='ltr'><strong><em>ego</em></strong></span> 
     </span>
    </p>
   </div>
   <div class='ocr_carea' id='block_1_117' title="bbox 1835 5637 3406 5718">
    <p class='ocr_par' dir='ltr' id='par_1_117' title="bbox 1835 5637 3406 5718">
     <span class='ocr_line' id='line_1_117' title="bbox 1835 5637 3406 5718; baseline -0.01 -14"><span class='ocrx_word' id='word_1_870' title='bbox 1835 5649 2104 5713; x_wconf 89' lang='lat' dir='ltr'><strong><em>invocavi,</em></strong></span> <span class='ocrx_word' id='word_1_871' title='bbox 2145 5669 2164 5701; x_wconf 84' lang='grc'><strong>›</strong></span> <span class='ocrx_word' id='word_1_872' title='bbox 2202 5658 2259 5711; x_wconf 82' lang='lat' dir='ltr'><strong><em>et</em></strong></span> <span class='ocrx_word' id='word_1_873' title='bbox 2287 5663 2408 5718; x_wconf 65' lang='lat' dir='ltr'><strong><em>quae</em></strong></span> <span class='ocrx_word' id='word_1_874' title='bbox 2441 5646 2528 5715; x_wconf 86' lang='lat' dir='ltr'><strong><em>his</em></strong></span> <span class='ocrx_word' id='word_1_875' title='bbox 2576 5643 2832 5714; x_wconf 82' lang='lat' dir='ltr'><strong><em>adjuncta</em></strong></span> <span class='ocrx_word' id='word_1_876' title='bbox 2889 5648 3038 5696; x_wconf 87' lang='lat' dir='ltr'><strong><em>sunt.</em></strong></span> <span class='ocrx_word' id='word_1_877' title='bbox 3085 5638 3193 5694; x_wconf 91' lang='lat' dir='ltr'><strong><em>Sed</em></strong></span> <span class='ocrx_word' id='word_1_878' title='bbox 3241 5637 3406 5692; x_wconf 89' lang='lat' dir='ltr'><strong><em>etiam</em></strong></span> 
     </span>
    </p>
   </div>
   <div class='ocr_carea' id='block_1_118' title="bbox 1833 5733 3410 5816">
    <p class='ocr_par' dir='ltr' id='par_1_118' title="bbox 1833 5733 3410 5816">
     <span class='ocr_line' id='line_1_118' title="bbox 1833 5733 3410 5816; baseline -0.01 -20"><span class='ocrx_word' id='word_1_879' title='bbox 1833 5741 1988 5814; x_wconf 84' lang='lat' dir='ltr'><strong><em>quasi</em></strong></span> <span class='ocrx_word' id='word_1_880' title='bbox 2023 5741 2070 5796; x_wconf 90' lang='lat' dir='ltr'><strong><em>is</em></strong></span> <span class='ocrx_word' id='word_1_881' title='bbox 2101 5740 2191 5816; x_wconf 86' lang='lat' dir='ltr'><strong><em>qui</em></strong></span> <span class='ocrx_word' id='word_1_882' title='bbox 2237 5739 2412 5810; x_wconf 87' lang='lat' dir='ltr'><strong><em>ipsius</em></strong></span> <span class='ocrx_word' id='word_1_883' title='bbox 2465 5737 2704 5811; x_wconf 74' lang='lat' dir='ltr'><strong><em>universi</em></strong></span> <span class='ocrx_word' id='word_1_884' title='bbox 2763 5733 3299 5791; x_wconf 88' lang='lat' dir='ltr'><strong><em>administrationem</em></strong></span> <span class='ocrx_word' id='word_1_885' title='bbox 3354 5734 3410 5782; x_wconf 80' lang='lat' dir='ltr'><strong><em>et</em></strong></span> 
     </span>
    </p>
   </div>
  </div>
