3954 6544
531 395 631 460 551

1171 396 1446 464 EUSEBII
1483 399 1966 463 C'ESARIENSIS
1991 406 2146 462 OPP.
2184 405 2385 462 PARS.
2425 405 2493 462 ll.
2532 435 2602 449 -—
2637 405 3137 464 APOLOGETICA.

3727 407 3856 464 552

531 520 938 592 providentiam
972 523 1268 592 acceperit,
1301 523 1572 596 adjungit,
1609 543 1626 576 ι
1683 523 1788 580 Per
1832 539 1922 578 me
1965 536 2108 593 reges

2223 519 2339 575 πὼν
2414 523 2810 594 μνημονεύσειν
2879 522 2948 576 τὰ
3021 521 3082 587 ἐξ
3149 521 3376 588 αἰῶνος,
3433 523 3662 595 ἐπάγει,
3741 523 3852 576 λέ-

533 622 766 686 regnant
807 657 822 681 ,
863 623 919 668 et
955 623 1204 684 potentes
1241 616 1496 670 scribunt
1529 617 1802 686 justitiam
1834 657 1848 680 ,
1889 631 1988 686 per
2025 631 2113 672 me

533 708 718 778 magni
769 707 872 764 viri
927 706 1392 776 magnificantur;
1441 727 1460 758 ι
1505 709 1702 764 deinde
1742 709 1836 763 ubi
1875 709 2015 763 dixit
2055 723 2114 763 se

531 810 961 857 memoraturum
993 815 1115 870 quae
1133 815 1162 854 a
1182 802 1384 856 saeculo
1407 811 1555 864 sunt,
1597 802 1848 873 adjungit
1885 802 2108 858 dicens:

535 909 556 943 ι
611 893 873 946 Dominus
913 893 1120 946 creavit
1159 909 1246 947 me
1287 893 1504 948 initium
1537 893 1751 948 viarum
1791 909 2014 950 suarum
2057 895 2111 948 in

531 999 696 1052 opera
736 1000 857 1046 sua,
919 993 1043 1038 ante
1103 987 1362 1040 saeculum
1419 985 1668 1040 fundavit
1717 1003 1820 1042 me.
1872 1008 1890 1040 ι
1946 988 2112 1058 213

540 1073 752 1140 Quibus
802 1075 984 1130 verbis
1041 1076 1257 1130 interim
1301 1077 1542 1147 scipsum
1605 1078 1866 1147 genitum,
1937 1093 2112 1147 neque

528 1165 778 1219 eumdem
825 1181 948 1220 cum
1005 1166 1247 1238 lngenito
1289 1169 1448 1223 docet
1471 1184 1626 1232 esse,
1660 1184 1785 1222 eum
1839 1184 1970 1223 sane
2016 1168 2108 1238 qui

528 1265 657 1312 ante
710 1273 872 1313 omne
910 1273 1082 1314 aevum
1114 1259 1409 1314 essentiam
1456 1261 1749 1331 acceperit,
1793 1267 1846 1314 et
1891 1260 1945 1314 in
1996 1273 2113 1312 mo-

528 1351 660 1406 dum
715 1351 1054 1408 fundamenti
1101 1355 1312 1408 cunctis
1340 1355 1538 1424 genitis
1589 1355 1754 1408 rebus
1797 1355 2112 1423 Przemissus

527 1445 622 1500 sit.
659 1443 733 1498 Ex
769 1461 879 1515 quo
909 1446 1152 1500 divinum
1187 1446 1508 1514 Apostolum
1541 1453 1920 1516 argumentum
1953 1459 2110 1500 acce-

527 1535 680 1606 pisse
707 1535 968 1590 credibile
993 1545 1097 1598 est,
1129 1543 1188 1590 ut
1217 1536 1286 1590 de
1313 1537 1407 1589 illo
1439 1536 1668 1599 diceret,
1709 1535 1850 1601 tQui
1881 1541 1965 1589 est
1987 1536 2116 1588 ima—

535 1641 606 1698 go
658 1625 752 1682 Dei
801 1625 1126 1690 invisibilis,
1167 1627 1562 1698 primogenitus
1608 1629 1786 1682 omnis
1829 1635 2112 1695 creaturae,

527 1717 789 1788 quoniam
825 1720 880 1772 in
909 1720 1028 1789 ipso
1059 1719 1278 1774 condita
1329 1729 1456 1774 sunt
1483 1720 1760 1784 universa,
1794 1721 1846 1773 in
1890 1721 2030 1775 coelo
2060 1730 2114 1776 et

527 1809 586 1864 in
631 1818 778 1864 terra
811 1809 876 1862 ³⁸.
927 1827 946 1860 ι
995 1807 1276 1879 Siquidem
1309 1809 1706 1880 primogenitus
1743 1809 1924 1866 omnis
1957 1826 2114 1866 crea-

527 1909 666 1955 turae
694 1901 875 1956 dictus
903 1909 988 1956 est
1019 1901 1071 1954 in
1107 1901 1199 1956 illo
1228 1921 1240 1956 :
1279 1919 1296 1952 ι
1341 1901 1604 1956 Dominus
1642 1903 1846 1968 creavit
1881 1917 1966 1957 me
2009 1902 2114 1956 ini-

531 1992 672 2046 tium
704 1993 914 2047 viarum
965 2009 1190 2048 suarum
1227 1993 1281 2048 in
1329 2009 1494 2064 opera
1541 2007 1658 2048 sua.
1702 2013 1719 2044 ι
1755 1991 1888 2046 Jure
1934 2005 2110 2048 autem

527 2082 712 2155 imago
777 2085 869 2140 Dei
925 2085 1287 2156 intelligetur,
1347 2093 1533 2156 utpote
1586 2085 1678 2154 qui
1734 2084 1984 2153 genitura
2043 2085 2114 2138 sit

527 2175 782 2245 ingenitae
815 2185 1041 2231 natur-aa.
1073 2176 1186 2232 lloc
1238 2179 1404 2248 igitur
1461 2178 1514 2230 in
1570 2177 1654 2230 his
1710 2192 1830 2246 qua:
1895 2179 1947 2232 in
1997 2195 2112 2231 ma-

527 2269 693 2324 nibus
725 2277 853 2324 sunt
901 2271 1213 2332 comitetur,
1235 2271 1325 2324 ubi
1351 2271 1423 2324 ait
1454 2291 1465 2324 :
1505 2289 1523 2322 ι
1552 2271 1856 2341 Antequam
1901 2280 2116 2326 montes

532 2363 649 2436 suis
680 2363 902 2419 sedibus
937 2363 1307 2427 ﬁrmarentur,
1343 2383 1360 2414 ι
1390 2371 1464 2428 et,
1496 2383 1514 2415 ‹
1543 2365 1680 2418 Ante
1703 2379 1895 2418 omnes
1919 2364 2108 2426 colles,

525 2453 700 2524 gignit
737 2467 842 2508 me.
881 2473 900 2506 ι
933 2453 1066 2508 inde
1095 2455 1246 2507 illum
1285 2453 1478 2507 Filium
1511 2456 1756 2518 unicum,
1793 2463 1844 2509 et
1877 2454 2108 2524 primum

531 2547 773 2616 genitum
811 2546 902 2602 Dei
935 2545 1174 2601 Verbum
1201 2549 1562 2617 appellamus,
1592 2549 1684 2618 qui
1717 2549 1936 2617 quidem
1967 2548 2108 2602 idem

530 2637 606 2691 sit
635 2651 757 2690 cum
786 2649 850 2691 ea
885 2627 1166 2707 Sapientia
1201 2636 1267 2692 de
1296 2653 1401 2707 qua
1435 2638 1638 2692 dictum
1687 2647 1794 2694 est.
1827 2637 2110 2704 Quomodo

529 2736 711 2781 autem
738 2728 1046 2796 genituram
1073 2729 1225 2782 illum
1260 2745 1382 2783 esse
1415 2729 1506 2784 Dei
1538 2717 1808 2794 dicamus,
1837 2732 1978 2786 alius
2007 2733 2112 2786 erit

525 2823 582 2870 et
607 2817 863 2887 proprius
895 2819 1185 2889 indagandi
1212 2821 1382 2886 locus,
1416 2823 1674 2891 quoniam
1709 2838 1884 2892 neque
1915 2839 2110 2878 secun-

533 2909 664 2962 dum
704 2910 1116 2979 projectionem,
1149 2928 1326 2982 neque
1371 2913 1670 2966 secundum
1712 2913 2105 2979 diductionem,

531 3007 626 3052 aut
655 3001 1001 3066 divisionem,
1047 3012 1140 3056 aut
1173 3001 1617 3068 diminutionem,
1663 3013 1756 3058 aut
1787 3006 2105 3070 sectionem,

528 3101 622 3144 aut
644 3093 866 3146 omnino
893 3093 1192 3148 secundum
1211 3095 1417 3164 aliquid
1435 3111 1622 3152 eorum
1643 3112 1762 3167 quae
1781 3097 1836 3152 in
1858 3099 2108 3168 genitura

2215 626 2346 678 γων·
2397 629 2414 662 ι
2471 611 2676 682 Κύριος
2719 611 2916 664 ἐκτισέ-
2957 629 3027 684 με
3077 612 3249 684 ἀρχὴν
3293 613 3427 668 οδῶν
3479 615 3676 670 αὐτοῦ
3757 617 3852 678 εἰς

2213 701 2350 771 ἔργα
2415 703 2608 756 αὐτοῦ·
2675 704 2782 775 πρὸ
2831 703 2925 756 τοῦ
2988 704 3182 769 αἰῶνος
3231 705 3558 776 ἐθεμελίωσέ
3634 725 3724 778 με
3769 726 3782 736 ·
3823 727 3844 758 ο

2211 797 2280 849 δι’
2311 789 2384 850 ὧν
2414 796 2548 868 όμοῦ
2579 797 2670 852 καὶ
2711 798 2934 868 γενητὸν
2979 799 3192 862 ἐαυτὸν,
3227 799 3346 870 οὐχὶ
3388 799 3446 856 δὲ
3491 801 3586 853 τὸν
3649 799 3848 854 αὑτὸν

2213 886 2339 939 ὄντα
2363 886 2440 958 τῷ
2467 889 2770 958 Ἀγεννήτῳ
2807 887 3065 952 διδάσκει,
3109 887 3214 958 πρὸ
3249 889 3448 952 παντὸς
3477 889 3706 952 αἰῶνος
3737 889 3848 941 οὑ-

2215 980 2498 1050 σιωμένον,
2547 979 2795 1050 θεμελίου
2825 997 2882 1033 τε
2925 983 3124 1052 τρόπον
3154 981 3260 1034 τῶν
3295 983 3568 1051 γεννητῶν
3627 983 3844 1036 ἁπάν-

2213 1089 2319 1123 των
2353 1069 2622 1142 προόεὸλη
2631 1071 2806 1142 μένον.
2833 1071 2992 1124 Ὅθεν
3015 1072 3106 1124 τὸν
3130 1071 3271 1125 θεῖον
3295 1073 3628 1126 Ἀπόστολον
3671 1075 3846 1138 εἰκὸς

2211 1161 2532 1234 ὁρμώμενον
2564 1165 2690 1234 περὶ
2731 1163 2894 1216 αὐτοῦ
2927 1164 3092 1232 φάναι
3116 1181 3129 1193 ⁶
3157 1184 3174 1215 ι
3209 1167 3306 1228 Ὃς
3335 1168 3481 1220 ἐστιν
3513 1165 3704 1220 εἰκὼν
3737 1167 3844 1219 τοῦ

2226 1253 2500 1324 Ἀορὰτου,
2533 1255 2873 1326 πρωτότοκος
2900 1255 3080 1326 πάσης
3129 1257 3356 1322 κτίσεως
3379 1275 3392 1287 ·
3437 1253 3518 1312 ὅτι
3551 1261 3616 1312 ὲν
3667 1259 3846 1328 αὐτῷ

2213 1345 2437 1415 ἐκτίσθη
2471 1346 2540 1399 τὰ
2574 1347 2768 1410 πάντα,
2807 1346 2876 1400 τὰ
2911 1350 2966 1400 ἐν
2991 1347 3066 1418 τῷ
3092 1348 3304 1420 οὐρανῷ
3349 1350 3440 1403 καὶ
3477 1349 3548 1402 τὰ
3575 1350 3696 1403 ἐπὶ
3730 1351 3846 1420 τῆς

2211 1439 2333 1508 γῆς.
2369 1457 2386 1489 ι
2437 1439 2783 1509 Πρωτότοκος
2827 1440 2926 1509 μὲν
2971 1439 3080 1511 γὰρ
3124 1441 3305 1512 πάσης
3353 1442 3652 1513 ἁνείρηται
3711 1444 3846 1496 κτί-

2214 1547 2371 1594 σεως,
2406 1530 2543 1584 κατὰ
2575 1531 2655 1596 τὸ,
2693 1551 2709 1582 ‹
2768 1531 2970 1603 Κύριος
3003 1532 3182 1586 ἕκτισέ
3215 1550 3282 1602 με
3317 1534 3487 1606 ἀρχὴν
3529 1535 3692 1588 ὁδῶν
3733 1537 3846 1588 αὐ-

2211 1620 2304 1674 τοῦ
2332 1623 2408 1684 εἰς
2432 1621 2568 1692 ἔργα
2594 1621 2757 1674 αὐτοῦ
2782 1639 2795 1652 ·
2839 1642 2857 1674 ι
2897 1627 3068 1678 νοοῖτο
3088 1623 3130 1676 δ’
3162 1624 3226 1676 ἂν
3260 1625 3480 1690 εἰκότως
3511 1627 3704 1682 εἰκὼν
3735 1627 3838 1681 τοῦ

2213 1713 2368 1778 Θεοῦ,
2396 1713 2470 1777 ὡς
2501 1712 2566 1766 ἂν
2603 1713 2847 1784 γέννημα
2871 1715 2971 1784 τῆς
3015 1716 3308 1787 ἁγεννήτου
3342 1717 3555 1786 φύσεως
3595 1721 3842 1790 τυγχά-

2215 1823 2338 1860 νων.
2375 1804 2546 1857 Τοῦτο
2575 1805 2632 1858 δὲ
2665 1801 2756 1858 οὖν
2797 1807 2853 1858 ἐν
2895 1809 3007 1872 τοῖς
3043 1807 3178 1876 μετὰ
3205 1811 3392 1879 χεῖρας
3428 1809 3730 1880 ὁμολογεῖ,
3761 1811 3838 1864 δι’

2145 1865 2190 1925 Β
2215 1893 2288 1952 ὧν
2322 1917 2452 1970 φησι
2476 1917 2487 1929 ³
2533 1919 2550 1950 ι
2598 1901 2711 1972 Πρὸ
2751 1900 2844 1954 τοῦ
2881 1865 3410 1974 ὅρητέδρασθῆναιί»
3460 1865 3574 1970 καὶ,
3607 1865 3646 1956 ἰ
3708 1865 3838 1974 ίῖρὸ

2214 1992 2271 2046 δὲ
2317 1992 2536 2045 πάντων
2579 1991 2782 2062 βουνῶν
2823 1993 2986 2063 γεννᾷ
3037 2010 3122 2064 με.
3165 2011 3182 2044 ι
3241 1993 3432 2046 Ἔνθεν
3465 1995 3638 2050 αὐτὸν
3689 1995 3834 2050 Υἰὸν

2219 2084 2503 2156 μονογενῆ,
2554 2085 2648 2138 καὶ
2690 2084 3032 2156 πρωτότοκον
3077 2082 3166 2136 τοῦ
3216 2083 3351 2137 Θεοῦ
3397 2086 3569 2154 Λόγον
3600 2088 3836 2154 ἀναγο-

2217 2175 2446 2248 ρεύομεν
2473 2177 2562 2229 τὸν
2593 2175 2753 2229 αὐτὸν
2797 2175 2923 2228 ὄντα
2953 2178 3020 2246 τῇ
3058 2174 3358 2248 δηλουμένη
3387 2177 3576 2248 Σοφίᾳ.
3607 2179 3832 2240 ’Ὅπως

2214 2267 2270 2320 δὲ
2297 2268 2542 2338 γέννημα
2567 2268 2700 2321 Θεοῦ
2747 2268 2906 2321 αὐτὸν
2946 2265 3084 2322 εἷναί
3126 2287 3328 2340 φαμεν,
3367 2271 3502 2334 ἰδίας
3531 2270 3597 2324 ἂν
3631 2270 3830 2323 δέοιτο

2214 2359 2546 2425 ἐξετάσεως·
2588 2361 2709 2412 ἐπεὶ
2761 2361 2900 2432 μήτε
2933 2363 3076 2415 κατὰ
3105 2362 3404 2427 διάστασιν,
3435 2364 3468 2434 ἢ
3507 2362 3822 2433 διαίρεσιν,

2213 2452 2246 2522 ἢ
2281 2451 2522 2522 μείωσιν,
2551 2451 2584 2524 ἢ
2620 2451 2811 2522 τομὴν,
2837 2451 2869 2522 ἢ
2903 2452 3045 2506 κατά
3067 2471 3118 2506 τι
3141 2455 3276 2516 ὅλως
3303 2454 3409 2506 τῶν
3435 2453 3528 2506 ἐπὶ
3551 2454 3657 2524 τῆς
3689 2452 3824 2522 θνη-

2211 2540 2310 2610 τῆς
2337 2541 2605 2609 γενέσεως
2651 2541 3102 2613 ἐπιτελουμένων,
3147 2543 3244 2614 τὴν
3285 2544 3592 2614 ἀπόρρητον
3629 2543 3820 2596 αὐτοῦ

2213 2629 2621 2702 γενεσιουργίαν
2665 2630 3004 2698 ἐπινοοῦμεν.
3059 2631 3191 2684 Οὐδὲ
3231 2631 3338 2702 γὰρ
3387 2631 3546 2702 θέμις
3590 2633 3714 2684 τῶν
3755 2635 3815 2684 ἐν

2212 2723 2458 2788 γενητοῖς
2505 2737 2614 2774 τισι
2657 2722 2755 2792 τὴν
2790 2723 3026 2793 ἄρρητον
3074 2723 3168 2775 καὶ
3212 2723 3660 2792 ἀκατονόμαστον
3707 2727 3816 2778 αὐ-

2213 2811 2306 2864 τοῦ
2341 2811 2552 2880 γένεσίν
2573 2829 2634 2864 τε
2663 2813 2756 2864 καὶ
2778 2813 3029 2866 οὐσίωσιν
3053 2813 3365 2884 ἀεξομοιοῠν,
3394 2815 3513 2867 οὐδέ
3541 2833 3674 2870 τινα
3695 2817 3812 2868 τῶν

2213 2901 2514 2972 ἐπικαίρων
2565 2902 2660 2954 καὶ
2694 2901 2902 2972 θνητῶν
2953 2903 3320 2973 παραϐάλλειν
3371 2903 3518 2976 αὐτῴ
3563 2905 3808 2960 εἰκόναο

2213 2995 2334 3046 ἐπεὶ
2369 2994 2503 3064 μηδὲ
2553 2993 2695 3047 κατὰ
2730 2995 2827 3057 τὰς
2875 2997 3003 3066 παρ’
3033 2997 3165 3066 ἡμῖν
3212 2993 3320 3048 τῶν
3353 2993 3506 3058 ζώων
3547 2996 3806 3064 γενέσεις

2212 3093 2400 3144 οὐσίαν
2432 3091 2490 3158 ἐξ
2537 3092 2724 3155 οὐσίας
2753 3092 2892 3144 κατὰ
2923 3092 3094 3156 πάθος
3123 3093 3154 3162 ἢ
3201 3091 3482 3164 διαίρεσιν,
3527 3093 3808 3165 μεριστὴν

533 3183 748 3236 mortali
797 3183 940 3254 exigi
990 3185 1188 3250 solent,
1224 3186 1550 3242 ineﬂ‘abilem
1587 3189 1733 3246 illius
1768 3191 2108 3260 procreatio-

2215 3187 2308 3238 καὶ
2338 3185 2610 3258 χωριστὴν
2650 3186 2714 3238 ἐκ
2738 3185 2830 3238 τοῦ
2865 3185 3078 3258 Πατρὺς
3108 3185 3524 3257 προεληλυθέναι
3547 3185 3644 3239 τὸν
3673 3187 3805 3239 Tib-1

533 3289 657 3326 nem
703 3275 1006 3344 eugitamus
1045 3296 1057 3330 :
1093 3293 1269 3348 neque
1304 3276 1386 3334 fas
1431 3286 1515 3333 est
1547 3280 1670 3334 ullis
1713 3281 1911 3350 genitis
1944 3281 2110 3338 rebus

533 3363 682 3420 illius
721 3373 815 3420 aut
843 3367 1169 3438 genituram,
1211 3378 1305 3424 aut
1335 3371 1805 3442 propagationem,
1841 3385 1964 3446 quae
1988 3375 2110 3445 qui—

525 3455 651 3512 dem
687 3459 850 3514 nullis
881 3462 1278 3530 nequehverbis,
1313 3479 1488 3532 neque
1515 3465 1832 3522 nominibus
1860 3482 2112 3537 compre-

529 3549 690 3605 hendi
721 3560 918 3622 potest,
951 3555 1184 3609 similem
1209 3556 1487 3622 arbitrari,
1514 3573 1691 3628 neque
1719 3573 1846 3613 vero
1872 3559 2108 3630 aliquam

525 3643 606 3696 illi
637 3657 826 3698 eorum
863 3661 983 3715 qua:
1029 3647 1357 3716 temporaria
1389 3655 1443 3702 et
1489 3651 1742 3704 mortalia
1776 3659 1924 3711 sunt,
1959 3667 2110 3704 com-

529 3749 726 3803 parare
767 3737 1056 3806 imaginem
1095 3755 1108 3792 :
1142 3740 1400 3808 quoniam
1437 3754 1615 3809 neque
1667 3743 1969 3796 secundum
2015 3757 2112 3796 eas

531 3821 846 3875 animalium
877 3827 1307 3893 procreationes,
1356 3841 1478 3898 qua:
1509 3828 1651 3898 apud
1685 3845 1786 3884 nos
1829 3831 2106 3894 visuntur,

529 3910 824 3964 essentiam
867 3914 934 3967 de
963 3916 1219 3980 essentia,
1263 3933 1492 3987 eamque
1535 3917 1866 3974 divisibilem
1902 3929 1996 3974 aut
2025 3938 2110 3977 se-

531 4002 854 4070 parabilem,
879 4003 1074 4060 Filium
1106 4007 1174 4062 de
1203 4007 1383 4076 Patre,
1410 4011 1669 4082 patiendo
1692 4022 1786 4066 aut
1817 4013 2112 4070 dividendo

528 4093 821 4163 prodiisse,
854 4098 942 4166 pie
969 4097 1150 4154 dicere
1179 4115 1474 4171 possumus
1507 4121 1520 4157 :
1545 4111 1730 4173 partes
1757 4105 1903 4158 enim
1932 4106 2110 4161 nullas

529 4187 714 4253 habet,
749 4189 1150 4261 insecabileque
1175 4201 1281 4256 est,
1307 4195 1452 4266 quod
1483 4197 1727 4250 divinum
1753 4204 1856 4260 est,
1885 4211 1993 4251 non
2023 4211 2110 4252 se-

527 4289 707 4350 catur,
742 4295 852 4337 non
901 4283 1182 4350 dividitur,
1221 4301 1330 4340 non
1359 4289 1694 4356 extenditur,
1729 4303 1838 4342 non
1871 4291 2108 4360 corripi-

527 4381 639 4438 tur,
671 4390 781 4430 non
831 4375 1190 4442 diminuitur,
1223 4394 1332 4433 non
1377 4381 1574 4451 majus,
1607 4396 1716 4434 non
1767 4381 1949 4450 pejus,
1997 4395 2106 4435 non

528 4467 721 4523 melius
747 4468 838 4536 lit;
861 4485 970 4524 non
987 4471 1148 4525 habet
1177 4473 1231 4526 in
1257 4471 1440 4541 seipso
1460 4473 1662 4542 aliquid
1688 4473 1834 4542 quod
1865 4488 1894 4525 a
1925 4475 2106 4542 seipse

2215 3277 2376 3346 φάναι
2427 3279 2589 3330 ὅσιον.
2646 3277 2871 3348 Ἀμερὲς
2919 3275 3025 3346 γὰρ
3071 3277 3164 3330 καί
3191 3275 3390 3347 ἄτομον
3420 3275 3481 3328 τὸ
3522 3274 3706 3340 Θείον,
3739 3277 3804 3329 οὐ

2212 3368 2564 3438 τεμνόμενον,
2609 3367 2668 3419 οὐ
2714 3367 3106 3438 διαιρούμενον,
3146 3366 3246 3420 οὐκ
3291 3366 3691 3437 ἐκτεινόμενον,
3739 3366 3804 3420 οὐ

2215 3460 2552 3532 μειούμενον,
2583 3460 2642 3511 οὐ
2685 3457 3119 3528 συστελλόμενον,
3155 3459 3215 3512 οὐ
3262 3458 3462 3530 μεῖζον,
3495 3459 3552 3512 οὐ
3587 3462 3802 3531 χεῖρον,

2212 3553 2272 3604 οὐ
2305 3554 2548 3624 κρεῖττον
2584 3549 2747 3602 αὐτοῦ
2785 3551 3090 3622 γινόμενον,
3135 3550 3234 3604 οὐκ
3281 3549 3398 3620 ἔχον
3442 3569 3492 3603 τι
3531 3552 3588 3602 ἐν
3614 3549 3804 3622 ἐαυτῷ

2211 3639 2395 3711 ἕτερόν
2427 3657 2477 3692 τι
2519 3637 2702 3704 αὐτοῦ,
2740 3638 2823 3692 ἵνα
2853 3639 2947 3692 καὶ
2981 3639 3214 3711 πρόηται
3252 3639 3429 3694 τοῦτο.
3456 3641 3569 3694 Πᾶν
3598 3642 3714 3712 γὰρ
3739 3641 3802 3696 τὸ

2213 3728 2266 3780 ἕν
2291 3746 2395 3781 τινι
2426 3729 2508 3796 ὂν,
2547 3728 2580 3799 ἢ
2615 3727 2689 3792 ὡς
2717 3727 3084 3800 συμϐεϐηκὸς,
3118 3723 3228 3783 οἷον
3253 3731 3440 3784 λευκὸν
3469 3733 3524 3785 ὲν
3551 3729 3797 3801 σώματι,

2211 3823 2243 3894 ἢ
2272 3823 2346 3886 ὡς
2375 3823 2559 3894 ἓτερον
2590 3825 2647 3876 ἐν
2683 3823 2852 3893 ἑτέρῳ
2884 3822 3161 3893 τυγχάνει,
3203 3822 3278 3886 ὡς
3311 3823 3369 3876 τὸ
3399 3823 3456 3875 ἐν
3483 3825 3548 3892 τῇ
3585 3840 3797 3894 κυοφο-

2215 3915 2382 3987 ρούσῃ
2422 3914 2560 3968 κατὰ
2601 3915 2836 3986 γαστρὸς
2869 3913 3375 3986 κυοφορούμενον,ῆ
3408 3913 3481 3976 ὡς
3525 3913 3696 3984 μέρος
3739 3917 3798 3968 ἐν

2210 4009 2286 4080 τῷ
2333 4009 2456 4080 ὅλῳ,
2487 4009 2560 4072 ὡς
2591 4009 2654 4063 ἂν
2696 4012 2752 4062 ἐν
2798 4009 3008 4079 σώματι
3039 4005 3160 4078 χεὶρ
3191 4007 3224 4077 ἢ
3253 4007 3404 4069 ποῦς,
3453 4007 3484 4077 ἢ
3527 4007 3796 4070 δάκτυλος

2211 4101 2304 4154 τοῦ
2336 4101 2530 4164 παντὸς
2554 4100 2682 4153 ὄντα
2714 4100 2877 4171 μέρη,
2901 4093 2976 4152 ὧν
3007 4097 3289 4168 ἀποκοπὴν
3319 4097 3352 4167 ἦ
3381 4113 3501 4149 τινα
3541 4097 3722 4169 τομὴν
3758 4099 3790 4166 ἢ

2209 4192 2469 4263 διαίρεσιν
2502 4189 2863 4255 πεπονθότων,
2889 4190 3076 4252 ἀτελὲς
3099 4189 3192 4243 καὶ
3215 4189 3450 4252 κολοϐὸν,
3488 4188 3562 4252 ὡς
3591 4189 3657 4242 ἂν
3691 4187 3790 4243 τοῦ

2213 4269 2409 4356 μέρους
2428 4281 2966 4354 ἠκρωτηριασμένου,
2991 4281 3373 4336 ἀπολέλειπται
3393 4283 3452 4336 τὸ
3481 4285 3604 4336 πᾶν.
3625 4281 3790 4336 Ἀλλὰ

2207 4375 2316 4446 γὰρ
2355 4376 2448 4428 καὶ
2478 4375 2538 4428 τὸ
2575 4375 2742 4428 είκόνι
2773 4372 2945 4443 τοιᾷδε
2981 4373 3075 4426 καὶ
3107 4373 3360 4444 ὁμοιώσει
3383 4373 3639 4446 ,χρῆσθαι
3689 4373 3790 4426 ὲπὶ

2208 4471 2305 4540 τῆς
2336 4469 2628 4540 ἁγεννήτου
2659 4466 2872 4535 φύσεως
2901 4466 2995 4521 τοῦ
3027 4467 3133 4520 τῶν
3179 4467 3314 4519 ὅλων
3356 4465 3509 4530 Θεοῦ,
3559 4465 3650 4518 καὶ
3681 4465 3790 4534 τῆς

524 4558 596 4613 sit
634 4559 803 4624 aliud,
851 4569 910 4615 ut
933 4561 1062 4615 illud
1099 4563 1278 4630 possit
1313 4541 1596 4630 abjicerei:
1641 4541 1910 4633 quidquid
1955 4541 2099 4619 enim

2210 4562 2298 4614 τοῦ
2359 4559 2694 4628 Μονογενοῦς
2739 4559 2903 4614 αὐτοῦ
2950 4559 3044 4614 καὶ
3087 4559 3434 4630 Πρωτοτόκου
3495 4541 3784 4624 γενέσεως,

526 4650 582 4703 in
610 4650 794 4721 aliquo
827 4661 930 4714 est,
970 4661 1064 4707 aut
1095 4663 1178 4708 est
1209 4663 1468 4724 tanquam
1501 4655 1782 4719 accidens,
1826 4663 1888 4708 ut
1919 4657 2102 4711 album

526 4738 582 4791 in
617 4753 866 4808 corpore,
903 4750 998 4795 aut
1037 4753 1295 4812 tanquam
1325 4744 1474 4798 aliud
1525 4745 1579 4797 in
1609 4745 1736 4806 alio,
1769 4753 1830 4798 ut
1876 4745 1930 4798 in
1965 4761 2104 4814 prte-

525 4839 726 4902 gnante
769 4829 912 4886 fetus
955 4849 1114 4902 quem
1159 4836 1212 4887 in
1259 4843 1413 4888 utero
1457 4843 1657 4905 gestat,
1704 4845 1800 4889 aut
1843 4843 2102 4904 tanquam

525 4937 654 4992 pars
679 4923 734 4976 in
769 4929 905 4986 toto,
945 4933 1000 4976 ut
1029 4923 1084 4977 in
1129 4939 1359 4994 corpore
1391 4940 1605 4988 manus,
1641 4925 1722 4978 vel
1753 4941 1870 4994 pes,
1907 4925 1989 4978 vel
2021 4925 2106 4978 di-

525 5015 692 5084 gitus,
725 5030 846 5086 quae
879 5015 1045 5070 tetius
1076 5023 1204 5072 sunt
1237 5027 1440 5086 partes,
1465 5031 1696 5087 quarum
1727 5017 1774 5070 si
1806 5015 2106 5070 abscissio-

525 5121 672 5168 nem,
725 5115 820 5160 aut
863 5108 1161 5162 sectionem
1208 5109 1468 5176 aliquam,
1513 5115 1606 5160 aut
1648 5106 1970 5161 divisionem
2005 5122 2104 5176 pa-

527 5201 734 5253 tiantur
782 5213 1033 5268 corpora,
1081 5199 1456 5269 imperfectum
1507 5213 1570 5251 ac
1620 5197 1872 5250 mutilum
1924 5199 2102 5267 ipsum

527 5294 723 5352 totum,
761 5289 924 5343 veluti
977 5304 1182 5344 summa
1227 5298 1376 5360 parte
1407 5295 1707 5357 amputata,
1751 5287 2099 5356 relinquitur.

526 5379 596 5430 At
625 5379 770 5432 enim
815 5379 866 5432 in
911 5378 1152 5450 ingenita
1187 5379 1408 5434 maximi
1449 5378 1544 5432 Dei
1577 5387 1806 5440 natura,
1839 5377 2006 5449 214.
2049 5386 2102 5432 et

529 5471 582 5524 in
617 5471 763 5524 unici
789 5473 1031 5538 ejusdem
1061 5473 1344 5542 primoque
1359 5472 1524 5542 geniti
1551 5469 1672 5524 Filii
1701 5472 2098 5540 procreatione,

527 5562 690 5614 talem
735 5577 1000 5631 usurpare
1041 5565 1328 5635 imaginem
1379 5571 1471 5616 aut
1500 5563 1938 5626 similitudinem,
1983 5575 2102 5616 om-

528 5653 680 5706 nium
709 5667 832 5722 quae
851 5653 1015 5722 impia
1045 5663 1191 5724 sunt,
1217 5655 1450 5712 maxime
1479 5655 1709 5726 impium
1735 5655 1822 5712 sit.
1855 5651 1977 5708 Non
2001 5653 2101 5725 igi-

601 5835 646 5870 ⁹⁸
669 5835 852 5894 Colon.
889 5853 930 5904 ι,
973 5837 1062 5893 15.

2207 4654 2421 4706 πάντων
2447 4653 2512 4706 ἂν
2547 4651 2631 4713 εἴη
2660 4651 3039 4706 ἀσεϐέστατον.
3071 4651 3146 4703 Οὐ
3187 4650 3364 4702 τοίνυν
3393 4649 3467 4713 ὡς
3503 4649 3687 4718 ἓτερον
3727 4652 3786 4701 ἐν

2206 4745 2478 4816 ἐτέρῳ,·ἐξ
2513 4743 2752 4813 ἀπείρων
2804 4743 2897 4796 καὶ
2940 4743 3189 4814 ἀνάρχων
3234 4741 3443 4795 αἰώνων
3481 4737 3547 4810 ἦν
3585 4741 3614 4792 ὁ
3655 4739 3786 4802 Υἱὸς

2205 4839 2494 4910 ἀγέννητος
2523 4839 2581 4891 ἐν
2604 4837 2680 4908 τῷ
2701 4837 2897 4908 Πατρὶ,
2933 4836 3097 4907 μέρος
3123 4834 3197 4888 ὣν
3235 4833 3420 4894 αὐτοῦ,
3451 4832 3479 4884 ὃ
3510 4831 3784 4903 μεταϐλη-

2206 4928 2294 4981 θέν
2327 4928 2549 4998 ὕστερον
2577 4928 2669 4981 καὶ
2706 4925 2938 4981 κενωθὲν
2969 4925 3122 4988 ἐκτὸς
3153 4923 3312 4977 αὐτοῦ
3345 4922 3532 4992 γέγονε
3556 4939 3568 4952 ·
3601 4925 3780 4992 τροπῇ

2205 5021 2311 5092 γὰρ
2351 5022 2488 5092 αὐτῇ
2533 5021 2634 5090 ἤδη
2680 5019 2836 5072 τοῦτο
2872 5019 3070 5070 οἰκεῖον
3095 5033 3108 5046 ο
3155 5021 3248 5070 καὶ
3283 5014 3377 5068 δύο
3411 5015 3461 5083 γ’
3506 5013 3570 5066 ἂν
3601 5011 3780 5074 οὕτως

2204 5112 2470 5180 ἀγέννητα
2501 5107 2628 5173 εἷεν,
2657 5110 2716 5161 τὸ
2755 5107 3129 5179 προϐεϐληκὸς
3167 5105 3260 5159 καὶ
3293 5106 3352 5158 τὸ
3398 5103 3776 5176 προϐεϐλημέ-

2203 5221 2309 5258 νον.
2343 5205 2452 5256 Καὶ
2497 5204 2578 5266 τίς
2601 5199 2670 5272 ἦν
2707 5203 3040 5265 κατάστασις
3082 5201 3342 5273 κρείττων
3367 5217 3380 5265 ;
3410 5196 3554 5270 τΑρα
3593 5201 3627 5270 ἡ
3674 5199 3776 5269 πρὸ

2201 5295 2300 5362 τῆς
2351 5294 2560 5364 τροπῆς
2611 5291 2708 5362 τῆς
2759 5293 2896 5346 κατὰ
2945 5293 3045 5364 τὴν
3094 5291 3359 5363 προϐολὴν
3406 5291 3772 5354 διαστάσεως;

2203 5385 2412 5440 Οὔκουν
2443 5386 2516 5449 ὼς
2551 5385 2713 5456 μέρος
2743 5385 2774 5455 ἣ
2829 5385 2987 5454 μέλος
3034 5385 3344 5454 ἀγεννήτως
3389 5382 3664 5453 ἡνωμένον
3689 5385 3775 5436 ἀεὶ

2202 5478 2482 5549 πρότερον,
2533 5476 2816 5528 έπειτα”δὲ
2866 5476 3086 5529 διαπτὰν
3135 5477 3228 5529 καὶ
3272 5475 3437 5546 χωρὶς
3487 5475 3773 5543 γενόμενον

2199 5569 2291 5624 τοῦ
2323 5569 2463 5632 ὅλου,
2490 5568 2581 5620 τὸν
2611 5567 2740 5620 Υίὸν
2785 5567 2894 5620 ἀπὸ
2929 5567 3023 5620 τοῦ
3054 5566 3265 5639 Πατρὸς
3297 5562 3406 5622 οἷόν
3433 5584 3492 5618 τε
3517 5567 3769 5620 ἐπινοεῖν.

2207 5662 2451 5734 Ἀῥρητα
2481 5660 2588 5732 γὰρ
2632 5660 2726 5714 καὶ
2769 5659 3025 5732 ἄντικρυς
3053 5659 3226 5730 ἀσεϐῆ
3274 5657 3465 5725 ταῦτα,
3502 5658 3632 5730 ὕλης
3671 5657 3769 5730 μιν
