3954 6504
127 434 216 489 53’)
1062 413 1720 474 DEMONSTHATIONIS
1759 408 2218 466 EVANGELICE
2265 405 2398 462 LIB.
2445 404 2511 460 V.

3291 404 3396 460 554

124 552 232 604 ὅντα
272 542 568 616 σωμάτων
618 544 810 603 οἰκεῖα,
854 541 950 610 τῆς
979 539 1034 592 δὲ
1068 537 1366 608 ἀσωμάτου
1414 536 1509 588 καὶ
1549 534 1715 588 άΰλου

1823 539 1913 585 tur
1947 541 2207 600 tanquam
2257 525 2403 582 aliud
2438 526 2492 580 in
2526 525 2654 588 alio,
2687 539 2751 580 ex
2785 522 3014 578 inﬁnitis
3043 530 3097 577 et
3132 522 3400 593 principio

124 643 314 708 φύσεως
355 634 656 705 ἀλλότρια.
690 631 779 684 Διὸ
825 627 969 682 κατὰ
1016 628 1206 699 καιρὸν
1258 626 1481 688 εἰκότως
1527 625 1586 678 ἄν
1627 640 1711 686 τις

125 730 336 786 ἐνταῦθα
371 728 553 780 πάλιν
583 726 663 787 τὸ,
705 745 721 775 ι
751 723 862 794 Τὴν
893 722 1107 790 γένεσιν
1145 719 1312 773 αὑτοῦ
1338 719 1421 780 τίς
1451 717 1710 788 διηγήσε-

124 843 224 888 τιι;
266 843 284 874 ι
322 820 747 890 άναξρθέγξαιτο
810 817 910 871 ἄν’
964 815 1150 884 ἐπειδὴ
1195 813 1290 866 καὶ
1322 813 1419 884 τὴν
1465 810 1712 863 ἐναντίαν

127 919 275 971 ἐλθεῖν
299 916 404 967 οὐκ
435 913 754 975 ἀκίνδυνον,
787 911 880 963 καὶ
913 906 1099 968 ἁπλῶς
1123 905 1296 958 οὕτως
1321 903 1380 970 eg
1419 903 1519 956 οὐκ
1543 903 1714 956 ὄντων

125 1009 358 1080 γεννητὸν
431 1006 537 1058 τὸν
585 1004 712 1056 Υἱὸν
759 1004 872 1064 τοῖς
922 1000 1128 1062 λοιποῖς
1175 999 1452 1066 γεννητοῖς
1513 994 1714 1064 ὁμοίως

125 1098 493 1170 ἀποφήνασθαι
527 1113 544 1128 ο
595 1096 727 1166 άλλη
776 1093 884 1164 γάρ
933 1091 1063 1144 Υίοῦ
1114 1089 1346 1157 γένεσις,
1387 1086 1478 1139 καί
1511 1087 1642 1156 ἄλλη
1677 1087 1711 1155 ὴ

126 1195 195 1251 διὰ
226 1192 316 1246 τοῦ
361 1190 507 1243 Υἱοῦ
563 1186 912 1260 δημιουργία.
962 1183 1122 1236 Ἀλλὰ
1152 1182 1258 1255 γὰρ
1294 1180 1546 1250 ὥσπερὴ
1596 1179 1714 1231 θεία

127 1285 290 1355 Γραερὴ
321 1282 450 1335 τοτὲ
487 1282 599 1350 μὲν
629 1277 971 1349 πρωτότοκον
1002 1273 1183 1344 πάσης
1217 1272 1444 1334 κτίσεως
1470 1270 1560 1323 τὸν
1589 1269 1715 1321 Υἰδν

128 1375 426 1447 ἀναγορεύει
467 1374 535 1439 ἐξ
567 1371 734 1425 αὑτοῦ
765 1367 1080 1440 προσώπου,
1111 1366 1192 1428 τὸ,
1252 1384 1269 1416 ι
1302 1363 1506 1435 Κύριος
1536 1361 1716 1415 ἕκτισέ

131 1489 182 1541 με
204 1469 372 1538 ἀρχὴν
401 1466 552 1519 ὁδῶν
589 1464 775 1524 αὐτοῦ,
811 1482 828 1513 ι
870 1460 1151 1529 φάσκουσα
1179 1474 1192 1488 ’
1229 1458 1350 1509 τοτὲ
1382 1456 1438 1508 δὲ
1473 1455 1717 1526 γέννημα.

129 1561 200 1615 τοῦ
236 1560 454 1630 [ἰατρὸς
505 1554 681 1620 εἶναι,
709 1555 857 1622 λέγει
899 1553 1040 1606 κατὰ
1073 1553 1152 1617 τὸ,
1201 1572 1218 1601 ι
1259 1551 1372 1621 Πρὸ
1413 1549 1468 1602 δὲ
1502 1549 1717 1601 πάντιιιν

131 1650 309 1723 gown?”
345 1651 530 1719 γεννᾷ
573 1665 639 1718 με
670 1665 682 1677 ο
728 1665 745 1696 ι
782 1645 953 1717 ταύτῃ
999 1645 1090 1698 καὶ
1136 1645 1262 1713 ἡμῖν
1297 1639 1524 1694 ἕπεσθαι
1553 1638 1718 1707 ὑγιῶς

133 1744 182 1795 Ero
216 1743 343 1813 ἔχοι,
375 1741 480 1793 καὶ
517 1741 586 1793 τὸ
620 1739 724 1812 πρὸ
750 1739 965 1792 πάντων
991 1735 1200 1789 αἰώνων
1226 1733 1364 1786 εἶναι
1393 1733 1563 1800 Λόγον
1591 1730 1719 1782 ὄντα

131 1836 244 1888 θεοῦ
274 1833 710 1904 δημιουργικὸν,
738 1831 833 1882 καὶ
861 1831 922 1882 τὸ
951 1828 1128 1899 Πατρί
1164 1828 1418 1887 συνεῖναι,
1457 1820 1717 1894 μονογενῆ

1810 623 2130 678 carentibus
2176 620 2414 686 saeculis,
2438 625 2558 674 erat
2596 616 2767 672 Filius
2803 617 3080 688 ingenitus
3127 617 3183 671 in
3220 615 3398 684 Patre,

1813 717 1906 786 qui
1938 731 2066 785 pars
2098 715 2246 770 illius
2273 710 2520 782 quaedam
2551 718 2718 776 esset,
2741 725 2862 779 qua:
2881 709 3099 779 quidem
3123 710 3400 778 posterius

1813 817 2146 863 commutata
2201 815 2257 860 et
2303 803 2476 873 ejecta
2523 809 2678 857 extra
2711 804 2864 856 illum
2913 803 3205 857 secesserit
3235 821 3248 854 :
3278 801 3392 872 jam

1811 899 1957 954 enim
1989 899 2134 954 istud
2167 899 2544 954 conversionis
2573 896 2852 967 proprium
2888 893 3046 959 foret,
3076 899 3131 946 et
3164 894 3242 948 sic
3269 908 3402 948 sane

1813 991 1924 1046 duo
1971 1000 2156 1047 essent
2209 992 2480 1063 ingenita,
2521 1005 2689 1042 unum
2742 988 2794 1040 id
2841 988 2987 1058 quod
3038 987 3394 1057 projecisset,

1814 1085 2045 1138 alterum
2079 1085 2224 1153 quod
2255 1085 2554 1154 projectum
2594 1082 2773 1136 esset!
2806 1080 2871 1134 Et
2900 1080 3144 1149 quinam.
3188 1095 3397 1150 quaeso,

1817 1183 1992 1231 status
2021 1178 2252 1232 melior?
2279 1175 2418 1229 Num
2453 1175 2500 1228 is
2531 1173 2623 1243 qui
2655 1181 2781 1227 ante
2825 1174 3238 1227 conversionem
3273 1172 3395 1233 fuit,

1817 1285 1925 1338 quo
1953 1285 2050 1339 per
2079 1269 2468 1339 projeclionem
2492 1267 2737 1322 diductio
2762 1266 2901 1319 facta
2923 1266 3048 1319 est?
3070 1265 3214 1332 Ergo
3237 1266 3397 1334 quasi

1817 1377 1944 1431 pars
1976 1363 2058 1416 vel
2083 1361 2384 1414 membrum
2417 1367 2573 1413 antea
2596 1373 2810 1427 semper
2833 1359 3066 1426 ingenite
3094 1357 3396 1420 adhaerens,

1817 1453 2014 1507 deinde
2046 1453 2326 1506 diductum
2371 1462 2426 1507 et
2466 1468 2711 1508 seorsum
2749 1449 2936 1504 abiens
2965 1466 2995 1502 a
3023 1457 3158 1514 toto,
3193 1451 3273 1504 sie
3307 1449 3400 1504 Fi-

1819 1546 1925 1600 lius
1966 1561 1996 1598 a
2025 1545 2184 1601 Patre
2235 1546 2460 1616 cogitari
2497 1545 2715 1615 poterit.
2756 1543 2862 1599 Sed
2902 1545 3046 1596 enim
3091 1543 3314 1596 infanda
3344 1551 3399 1598 et

1818 1651 2047 1705 prorsus
2077 1637 2239 1706 impia
2269 1638 2403 1700 haec,
2430 1654 2550 1708 qua:
2581 1639 2824 1692 materia).
2853 1636 3070 1707 quidem
3102 1650 3397 1706 corporum

1819 1728 2152 1781 conveniunt
2187 1736 2240 1782 et
2273 1727 2551 1783 adimerent
2584 1735 2643 1782 ut
2693 1728 2934 1797 propria,
2979 1725 3047 1779 ab
3076 1729 3398 1792 incorporea

1820 1835 1950 1873 vero
1987 1828 2040 1874 et
2072 1819 2314 1873 materize
2352 1826 2573 1889 experte
2608 1826 2823 1878 natura,
2857 1817 3156 1870 abhorrent
3183 1816 3399 1868 aliena-

133 1945 180 1979 τε
214 1926 331 1977 TE?»
381 1919 537 1976 εἶναι
579 1921 674 1974 τοῦ
718 1921 826 1973 τῶν
858 1920 994 1972 ὅλων
1032 1917 1186 1981 Θεοῦ,
1223 1914 1492 1987 ὑπουργὸν
1531 1931 1588 1966 τε
1623 1911 1718 1966 καί

1821 1929 1925 1984 que
1953 1922 2097 1968 sunt.
2136 1913 2402 1979 Quocirca
2432 1913 2628 1966 merito
2669 1910 2942 1980 quispiam
2970 1910 3072 1962 hoc
3103 1908 3156 1961 in
3190 1908 3310 1962 ioco
3344 1917 3400 1962 et

139 2015 372 2089 σλνεργὺν
405 2015 492 2086 τῷ
529 2015 710 2084 Πατρί
748 2013 845 2084 τῆς
873 2012 982 2065 τῶν
1019 2010 1155 2063 ὅλων
1193 2005 1499 2070 οὖσιώσεώς
1537 2023 1596 2058 τε
1625 2006 1719 2059 καὶ

134 2108 538 2177 διακοσμήσεως
587 2103 984 2174 γεγεννημένον
1027 2101 1328 2172 ὁμολογεῖν,
1362 2098 1424 2150 Εἰ
1471 2097 1580 2168 γὰρ
1625 2093 1718 2150 οὖν

141 2203 216 2252 καὶ
242 2201 362 2254 ἄλλο
382 2218 439 2252 τι
468 2199 721 2270 ἇρῥητον
749 2195 841 2248 καὶ
867 2193 1248 2263 ἀκατάληπτον
1273 2193 1402 2262 ἡμῖν
1435 2192 1492 2244 ὲν
1518 2192 1582 2259 τῇ
1611 2189 1718 2242 τῶν

137 2295 252 2346 ὅλων
279 2293 680 2346 ἀπολέλειπται
707 2287 886 2358 φύσει,
917 2285 1083 2358 μυρία
1113 2285 1168 2338 δὲ
1198 2283 1265 2336 τὰ
1292 2283 1536 2347 τοιαῦτα,
1561 2283 1719 2334 ὁποῖα

145 2385 302 2438 καὶτὰ
337 2387 452 2449 τοῖς
487 2382 797 2451 θεοφιλέσιν
842 2376 1228 2448 ἐπηγγελμένα
1273 2375 1551 2445 τυγχάνει,
1588 2391 1606 2425 ι
1654 2374 1720 2425 "A

143 2477 392 2548 ὀσθαλμὸς
421 2478 532 2530 οὐκ
558 2471 686 2540 εἶδε,
719 2474 813 2527 καὶ
832 2469 923 2536 οῦς
957 2473 1056 2525 οὐκ
1079 2471 1298 2542 Ιἤκουσε,
1329 2468 1423 2520 καὶ⁸
1461 2467 1551 2519 ἐπὶ
1583 2483 1719 2537 καρ-

148 2569 243 2622 δίαν
268 2567 697 2639 άνθρώπουζιιῦκ
719 2565 908 2636 ἀνέϐη,
949 2583 966 2614 ι
1001 2561 1142 2615 κατὰ
1165 2561 1256 2614 τὸν
1287 2559 1429 2631 ἱερὸν
1466 2559 1721 2612 Ἀπόστο-

147 2661 246 2712 λον·
295 2661 430 2713 πολὺ
481 2659 754 2732 πρότερον
802 2657 986 2726 πάσης
1033 2654 1242 2716 ἐννοίας
1296 2651 1577 2711 ἐπέκεινα,
1619 2649 1720 2720 ἄρ·-

153 2753 268 2822 ρητσ,
309 2753 404 2805 καὶ
450 2749 900 2819 ἀκατονόμαστα,
945 2744 1276 2814 ἀνεπινόητά
1320 2760 1380 2795 τε
1429 2742 1523 2795 καὶ
1571 2741 1722 2794 ἀνεν-

152 2841 340 2914 ὓύμητα
369 2842 591 2911 γένοιτο
621 2840 687 2895 ἂν
711 2839 779 2892 τὰ
803 2838 930 2911 περὶ
967 2837 1064 2908 τῆς
1096 2834 1319 2907 πρώτης
1350 2832 1443 2885 τοῦ
1487 2833 1724 2898 Μονογε-

154 2934 254 2997 νοῦς
294 2935 386 2988 τοῦ
427 2934 573 2988 Θεοῦ
614 2917 894 3001 γενέσεως,
925 2929 1049 2983 ἄλλο
1101 2927 1265 2999 μηδὲν
1297 2925 1454 2978 πλέον
1489 2924 1720 2993 ἐχόντων

154 3025 288 3094 ἡμῶν
308 3027 436 3098 περὶ
468 3024 639 3078 αὐτοῦ
664 3024 843 3090 λέγειν
863 3040 920 3075 τε
960 3021 1053 3074 καὶ
1072 3023 1211 3073 νοεῖν
1237 3019 1271 3089 ἦ
1291 3035 1304 3048 ·
1352 3035 1370 3067 ι
1396 3017 1506 3088 Τὴν
1529 3015 1721 3083 γενεὰν

157 3117 295 3170 αὑτοῦ
321 3120 403 3182 τίς
431 3119 793 3190 διηγήσεται;
835 3135 854 3168 ι
889 3116 953 3168 Εἰ
987 3113 1043 3167 δέ
1074 3129 1157 3175 τις
1189 3110 1378 3163 τούτου
1414 3106 1722 3179 περαιτέρω

157 3211 322 3280 χωρῶν
351 3212 535 3284 τόλμῃ
551 3208 848 3280 προαχθείη
873 3209 942 3260 τά
978 3205 1153 3275 πάντη
1187 3202 1518 3274 άπερινόητα
1538 3202 1718 3272 ὁρατι-

161 3307 256 3350 mi:
281 3306 372 3350 ml
404 3305 748 3350 σωματικοῖς
771 3299 1136 3350 παραϐάλλειν
1174 3296 1551 3350 ὑποδείγμασι,
1582 3293 1720 3350 τάγα

1825 3202 1959 3244 toris
1992 3202 2399 3255 administrum,
2429 3207 2658 3260 esseque
2692 3205 2801 3245 una
2835 3205 2958 3244 cum
2989 3202 3170 3256 t’atre,
3207 3202 3260 3244 et
3287 3205 3398 3244 unt-

1825 3297 1948 3334 cum
1972 3297 2094 3336 esse
2125 3281 2345 3335 maximi
2378 3281 2468 3335 Dei
2496 3281 2712 3348 Filium,
2740 3281 2833 3350 qui
2868 3279 3017 3334 Patri
3039 3282 3128 3335 det
3153 3294 3398 3350 Operam,

161 3307 256 3363 κοῖς
281 3306 372 3357 καὶ
404 3305 748 3375 σωματικοῖς
771 3299 1136 3372 παραϐάλλειν
1174 3296 1551 3364 ὑποδείγμασι,
1582 3293 1721 3362 τάχα

163 3397 216 3449 ἂν
243 3397 372 3450 εἴποι
395 3399 503 3468 τῆς
533 3395 626 3449 τοῦ
663 3394 874 3464 Πατρὸς
913 3392 1206 3461 ἀγεννήτου
1248 3389 1460 3458 φύσεως
1497 3386 1592 3440 καὶ¹
1623 3385 1723 3454 τῆς

162 3491 521 3563 ἁνεκφράστου
551 3489 757 3552 οὐσίας,
793 3487 982 3558 ὥσπερ
1010 3485 1237 3538 εὐωδίαν
1278 3481 1400 3535 τινά
1429 3481 1522 3534 καὶ
1548 3479 1724 3547 φωτὸς

165 3585 306 3656 αὐγὴν
333 3587 421 3640 τὸν
475 3585 610 3638 Υἰὸν
641 3584 699 3650 ἐξ
733 3581 974 3653 ἀπείρων
1019 3578 1250 3641 αἰώνων,
1291 3576 1489 3648 μᾶλλον
1529 3573 1583 3626 δὲ
1616 3571 1723 3643 πρὸ

166 3677 352 3731 πάντων
399 3677 621 3731 αἰώνων
681 3673 1001 3740 ὑποστῆναι,
1040 3669 1329 3740 γενόμενόν
1373 3684 1431 3720 τε
1464 3668 1719 3725 συνεῖναι,

173 3769 245 3819 καὶ
278 3769 675 3840 συγγενόμενον
727 3766 814 3819 ἀεὶ
867 3763 946 3836 τῷ
995 3763 1170 3834 [ia-cpi.
1227 3762 1303 3823 ὼς
1352 3759 1429 3830 τῷ
1474 3757 1629 3828 μύρῳ
1662 3753 1722 3807 τδ

169 3859 353 3923 Cui-355;,
392 3861 495 3915 καὶ
525 3858 604 3928 τῷ
641 3857 780 3927 φωτὶ
839 3854 938 3927 τὴν
979 3853 1171 3925 αὐγὴν,
1208 3850 1320 3904 ἀλλ’
1360 3851 1421 3902 οὐ
1458 3850 1569 3910 τοῖς
1593 3848 1724 3899 ὑπο-

171 3949 386 4021 εείγμασι
420 3951 568 4005 κατὰ
619 3948 796 4002 πάντα
819 3946 1020 4018 τρόπον
1050 3943 1269 4014 ὁμοίως,
1311 3938 1592 4010 ώσπεροῦν
1621 3936 1720 4008 ἤδη

174 4043 398 4116 πρότερον
456 4043 696 4114 εἴρηται.
753 4039 834 4092 Τά
885 4039 984 4110 μὲν
1030 4035 1138 4106 γὰρ
1171 4035 1349 4104 ἀψυχα
1394 4031 1620 4102 σώματα
1663 4028 1724 4081 τὸ

176 4137 491 4208 ωμὸεϐηκδς
524 4139 581 4186 ὲν
617 4132 865 4200 ποιότησι
904 4128 1199 4198 κέκτηνται
1221 4143 1233 4155 ·
1272 4126 1306 4196 ἦ
1333 4142 1387 4178 τε
1413 4122 1522 4194 γάρ
1545 4121 1685 4192 αὐγὴ
1706 4160 1720 4182 ,

174 4225 418 4297 σύμφυτος
449 4223 588 4280 οῦσα
630 4229 695 4296 τῇ
747 4223 840 4276 τοῦ
890 4221 1064 4292 φωτὸς
1100 4211 1284 4288 ¹φύσει,
1320 4217 1412 4270 καὶ
1452 4211 1724 4274 οὑσιωδῶς

178 4323 566 4394 συνυπάρχουσα
618 4315 698 4388 τῷ
727 4314 884 4385 φωτὶ,
926 4315 1026 4366 οὐκ
1057 4313 1122 4366 ἂν
1154 4310 1368 4363 δύναιτο
1425 4305 1580 4367 ἐκτὸς
1625 4305 1722 4372 ὑφ-

176 4414 358 4468 εστάναι
389 4413 488 4468 τοῦ
512 4415 573 4466 ὲν
603 4404 647 4479 ᾧ
673 4411 818 4463 ἐστιν
839 4428 851 4439 ·
888 4409 916 4460 ὁ
945 4407 1001 4458 δέ
1026 4422 1088 4474 γε
1121 4403 1212 4457 τοῦ
1239 4399 1371 4453 Θεοῦ
1405 4399 1574 4466 Λόγος
1598 4395 1721 4450 καθ’

181 4502 335 4559 ἑαυτὸν
359 4503 623 4560 οὐσίωταί
653 4519 710 4554 τε
739 4500 832 4553 καὶ
866 4497 1160 4568 ὑφέστηκε,
1181 4493 1272 4546 καὶ
1291 4492 1389 4544 οὐκ
1418 4487 1722 4556 ἀγεννήτως

182 4602 483 4671 συνυπάρχει
510 4596 590 4668 τῷ
617 4595 810 4665 Πατρὶ,
840 4593 952 4647 ἀλλ’
981 4592 1056 4654 ὡς
1092 4584 1350 4661 μονογενὴ

181 4689 263 4759 πρὸ
283 4693 493 4746 πάντων
521 4687 626 4741 τῶν
641 4684 851 4738 αἰώνων
878 4683 940 4734 ὲκ
956 4680 1047 4735 τοῦ
1067 4677 1276 4748 [ἰατρὸς
1308 4671 1718 4743 γεγεννημένος·

180 4777 207 4848 ἦ
227 4797 274 4834 τε
295 4781 511 4843 εὐωδία,
535 4777 778 4849 ἀπορροή
795 4793 877 4838 τις
908 4768 1043 4826 οῦσσ.
1073 4765 1356 4838 σωματικὴ
1388 4763 1481 4816 τοῦ
1503 4764 1724 4816 ὑποκει-

185 4871 333 4940 μένου,
370 4873 493 4928 καΘ’
524 4871 722 4942 ἑαυτὴν
753 4867 907 4929 ἐκτὸς
936 4863 1028 4917 τοῦ
1054 4859 1268 4934 πρώτου
1292 4857 1463 4912 αἰτίου
1496 4855 1557 4908 τὸ
1585 4853 1724 4924 πλη-

185 4963 334 5028 σιάζον
367 4963 674 5036 πληροῦσα,
713 4959 866 5013 οὐδὲν
904 4952 1066 5029 ἦττον
1111 4949 1396 5020 σωματικὴ
1455 4943 1589 4999 οὖσα
1631 4943 1724 4998 καὶ

184 5057 294 5131 αὐτὴ
313 5060 592 5130 τυγχάνει.
619 5056 692 5107 Οὐ
721 5051 892 5121 ταύτῃ
908 5044 999 5102 οῦν
1020 5049 1151 5118 ἡμῖν
1180 5043 1502 5113 νοηοήσεται
1535 5039 1628 5092 καί
1659 5036 1726 5089 τὰ

188 5151 288 5221 περί
328 5151 432 5221 τῆς
492 5147 717 5218 πρώτης
782 5139 1086 5200 οὐσιώσεως
1139 5133 1232 5187 τοῦ
1259 5131 1507 5200 Σωτῆρος
1547 5125 1724 5198 ἡμῶν.

187 5213 294 5293 Dia-8‘s
462 5213 551 5302 ἐξ-
571 5213 758 5296 οὐσίας
791 5232 886 5302 τῆς
919 5227 1212 5296 ἀγεννήτου
1242 5221 1382 5275 κατά
1408 5237 1459 5272 τι
1491 5216 1656 5313 πάθος
1694 5213 1726 5284 ἢ

188 5309 412 5404 διαίρεσιν
440 5327 790 5397 οὐσιωμένος,
825 5321 944 5375 οὐδέ
977 5337 1037 5389 γε
1073 5317 1321 5389 ἀνάρχως
1360 5309 1727 5380 συνυφέστηκε

188 5421 247 5498 τῷ
267 5397 432 5496 ίΙατρί
452 5439 464 5452 ο
497 5419 621 5474 ἐπεὶ
646 5420 674 5470 ὁ
706 5417 800 5487 μὲν
831 5413 1144 5482 ἀγέννητος,
1179 5409 1207 5459 ὁ
1239 5406 1294 5459 δὲ
1322 5401 1572 5473 γεννητὸς
1592 5416 1606 5428 ·
1635 5397 1729 5450 καὶ

190 5496 308 5585 ὁμὲν
331 5495 546 5586 Πατὴρ,
594 5514 623 5564 ὁ
659 5509 715 5562 δὲ
748 5507 891 5570 Υἱός.
948 5501 1330 5574 Προῦπάρχειν
1363 5497 1433 5586 δὲ,
1461 5495 1555 5547 καὶ
1591 5507 1729 5563 προ-

193 5607 450 5672 ϋφεστάναι
487 5601 707 5672 Πατέρα
728 5597 858 5650 Υἰοῦ
876 5637 890 5662 ,
921 5596 1028 5657 πᾶς
1058 5590 1304 5645 ὁστισοῦν
1325 5585 1725 5659 ὁμολογήσειεν.

193 5693 269 5766 Εῖη
290 5699 328 5750 δ’
358 5699 423 5751 ἂν
455 5693 634 5762 ταύτῃ
665 5689 756 5742 καὶ
781 5685 940 5740 εἰκὼν
975 5682 1130 5749 Θεοῦ,
1163 5681 1416 5752 ἀρρήτως
1449 5673 1606 5730 πάλιν
1638 5673 1729 5726 καὶ

248 5877 284 5906 "
315 5876 413 5933 isa.
447 5888 569 5937 vni,
602 5870 651 5925 8.
730 5870 748 5901 ε
777 5865 942 5922 iCo‘r.
964 5876 1025 5926 ιι,
1058 5858 1111 5913 9.

1819 2013 2126 2076 opportune
2159 2020 2354 2060 rursus
2401 2005 2531 2058 illud
2571 2002 2806 2074 proferet
2845 2020 2858 2056 :
2905 2020 2923 2053 ι
2978 2000 3396 2055 Generationem

1780 2091 1939 2166 'cjus
1979 2097 2105 2166 quis
2148 2095 2547 2150 enarrabili”
2585 2115 2602 2146 ›
2644 2092 2923 2163 Siquidem
2967 2093 3022 2146 in
3065 2093 3395 2146 contrariam

1819 2189 1970 2244 abire
1996 2197 2226 2258 partem,
2263 2195 2315 2239 et
2340 2185 2664 2255 simpliciter
2697 2186 2777 2240 sic
2805 2185 3112 2246 enuntiare,
3138 2197 3204 2237 ex
3228 2183 3399 2236 nihilo

1819 2280 2058 2349 genitum
2089 2293 2212 2333 esse
2241 2275 2437 2330 Filium
2466 2276 2654 2331 eadem
2681 2277 2891 2330 ratione
2911 2290 3016 2344 qua
3045 2275 3252 2344 reliqua
3277 2287 3400 2342 quae

1819 2368 1963 2421 facta
1998 2374 2147 2430 sunt,
2187 2381 2296 2419 non
2330 2367 2537 2435 absque
2576 2364 2824 2434 periculo
2853 2364 2923 2418 sit
2954 2383 2966 2417 :
3002 2365 3104 2424 alia
3139 2372 3222 2418 est
3251 2363 3397 2417 enim

1819 2459 1941 2513 Filii
1990 2458 2288 2528 generatio,
2321 2464 2375 2511 et
2426 2458 2532 2511 alia
2577 2472 2674 2527 per
2697 2455 2892 2509 Filium
2940 2455 3169 2509 aliarum
3216 2468 3398 2509 rerum

1819 2553 2043 2608 creatio.
2072 2553 2254 2619 Quare
2283 2567 2407 2606 cum
2435 2550 2619 2605 divina
2667 2548 2946 2619 Scriptura
2980 2547 3141 2602 modo
3178 2546 3398 2617 quidem

1821 2644 2240 2715 primogenitum
2294 2640 2472 2696 omnis
2518 2652 2782 2697 creatura:
2810 2640 3006 2695 Filium
3037 2641 3289 2710 appellet,
3330 2656 3400 2695 ex

1820 2735 1995 2804 ipsius
2021 2748 2253 2805 persona
2285 2734 2364 2787 sic
2406 2733 2595 2787 dicens
2631 2751 2643 2786 ι
2685 2751 2705 2782 ‹
2748 2731 3014 2786 Dominus
3063 2731 3268 2786 creavit
3314 2746 3401 2784 me

1820 2826 2032 2878 initium
2069 2824 2278 2878 viarum
2309 2838 2555 2888 suarum,
2598 2843 2616 2875 ι
2657 2821 2818 2877 modo
2864 2831 3044 2878 autem
3092 2823 3398 2892 genituram

1821 2915 1999 2970 Patris
2041 2916 2218 2976 dicat.
2251 2915 2344 2968 ubi
2392 2916 2508 2970 ait:
2552 2933 2570 2965 ι
2613 2913 2678 2968 Ει
2713 2921 2842 2968 ante
2887 2929 3078 2969 omnes
3111 2913 3280 2968 colles
3320 2913 3404 2983 gi-

1820 3009 1935 3076 gnit
1967 3023 2071 3071 me,
2114 3027 2133 3059 ι
2171 3007 2309 3061 hanc
2341 3007 2468 3062 item
2491 3023 2592 3062 nos
2617 3007 2769 3077 sequi
2801 3007 2918 3062 sani
2938 3006 3130 3076 judicii
3162 3008 3254 3072 sit,
3275 3021 3402 3060 con-

1822 3100 2070 3168 fiterique
2099 3108 2225 3155 ante
2255 3101 2438 3154 omnia
2466 3100 2666 3154 saecula
2696 3116 2816 3155 esse
2847 3098 3084 3155 Verbum
3123 3099 3215 3155 Dei
3244 3114 3403 3153 crea-

1825 3191 1959 3244 toris
1992 3190 2399 3255 administrum,
2429 3207 2658 3260 esseque
2692 3205 2801 3245 una
2835 3205 2958 3244 cum
2989 3189 3170 3256 Patre,
3207 3201 3260 3244 et
3287 3189 3403 3244 uni-

1824 3373 2051 3442 ejusque
2085 3374 2156 3428 sit
2187 3373 2391 3435 socius,
2438 3372 2567 3425 dum
2617 3373 2800 3426 omnia
2829 3387 2951 3440 quze
2985 3381 3136 3435 sunt,
3176 3372 3306 3426 facit
3340 3382 3401 3426 ut

1825 3466 1955 3532 sint,
1979 3466 2274 3535 eademque
2295 3465 2554 3534 disponit.
2590 3463 2800 3518 Etenim
2831 3466 2876 3518 si
2911 3466 3038 3518 item
3067 3465 3215 3518 aliud
3239 3467 3402 3535 quid-

1824 3560 1989 3628 piam,
2025 3558 2168 3628 quod
2193 3574 2367 3628 neque
2390 3557 2520 3620 dici,
2556 3573 2733 3625 neque
2763 3557 3147 3627 comprehendi
3175 3573 3204 3611 a
3239 3559 3400 3613 nobis

1825 3650 2019 3719 possit,
2069 3651 2124 3704 in
2168 3659 2363 3703 natura
2403 3649 2646 3702 universi
2695 3648 2958 3702 remansit
3013 3651 3165 3717 (sunt
3216 3656 3398 3704 autem

1826 3739 2243 3792 innumerabilia
2282 3738 2708 3806 hujuscemodi),
2741 3738 2903 3806 quale
2950 3737 3137 3806 utique
3170 3738 3403 3793 habetur

1824 3831 1967 3901 quod
2001 3829 2095 3885 Dei
2120 3830 2310 3885 amicis
2328 3830 2658 3899 promissum
2690 3836 2794 3891 est,
2823 3847 2841 3880 ι
2867 3827 3022 3894 Quod
3057 3828 3252 3882 oculus
3284 3843 3392 3884 non

1823 3925 1978 3988 vidit,
2024 3939 2124 3978 nec
2150 3924 2300 3978 auris
2331 3923 2558 3987 audivit,
2587 3939 2690 3976 nec
2724 3922 2779 3976 in
2806 3937 2902 3976 cor
2929 3922 3170 3976 hominis
3201 3937 3399 3976 ascen-

1824 4016 1923 4082 dit,
1970 4034 1989 4066 ι
2018 4024 2076 4068 ut
2109 4021 2334 4070 sanctus
2363 4015 2438 4067 ait
2466 4013 2760 4082 Apostolus
2793 4014 2831 4076 ί,
2863 4012 3034 4066 multo
3055 4012 3207 4082 prius
3235 4027 3400 4081 supra

1825 4123 2040 4162 omnem
2075 4107 2461 4176 cogitationem
2500 4107 2748 4161 ferantur
2779 4120 2843 4159 ac
2879 4121 3060 4173 neque
3084 4105 3192 4157 dici
3222 4119 3402 4173 neque

1825 4199 2187 4261 denominari,
2219 4215 2396 4268 neque
2420 4197 2669 4267 intelligi,
2696 4212 2796 4252 nec
2823 4198 3006 4250 animo
3033 4195 3246 4264 concipi
3274 4210 3403 4266 pos-

1826 4288 1955 4347 sint,
1994 4303 2114 4357 qua:
2152 4288 2218 4341 ad
2254 4289 2489 4358 primam
2526 4288 2670 4342 unici
2711 4287 2803 4342 Dei
2837 4286 2958 4341 Filii
2994 4287 3400 4356 generationem

1825 4378 2114 4445 pertinent.
2143 4378 2217 4433 De
2241 4393 2349 4448 quo
2379 4393 2509 4433 sane
2533 4379 2670 4432 nihil
2707 4378 2972 4433 habemus
2989 4378 3223 4447 amplius
3253 4375 3400 4446 quod

1825 4467 2073 4522 dicamus
2100 4477 2194 4522 aut
2230 4469 2531 4540 cogitemus
2554 4484 2716 4536 quam
2742 4468 2906 4522 illud:
2937 4487 2955 4519 ι
2981 4466 3399 4523 Generationem

1355 4601 1381 4648 ς
1406 4582 1535 4644 Υἱὸς
1567 4581 1720 4650 μόνος

1825 4559 1944 4629 ejus
1963 4559 2123 4628 215
2145 4562 2271 4630 quis
2287 4559 2604 4614 enarrabit?
2626 4579 2644 4610 ι
2668 4557 2823 4624 Quod
2839 4559 2884 4612 si
2907 4558 3032 4628 quis
3049 4558 3150 4610 hoc
3173 4556 3403 4612 ulterius

1825 4654 2182 4723 progrediens
2231 4669 2297 4707 eo
2353 4651 2688 4722 provehatur
2715 4651 2978 4714 audaciae,
3011 4655 3072 4704 ut
3103 4665 3223 4719 qua:
3251 4649 3404 4704 nulla

1827 4761 2058 4816 prorsus
2089 4745 2449 4815 intelligentia
2471 4742 2862 4813 comprehendi
2892 4748 3144 4813 possunt,
3175 4756 3239 4796 ea
3269 4742 3426 4802 visi»

1826 4839 2031 4894 bilibus
2078 4849 2133 4894 et
2187 4837 2472 4908 corporeis
2517 4835 2781 4906 exemplis
2826 4835 3116 4897 assimiiet,
3169 4833 3402 4888 forsitan

1827 4931 1994 4996 dicat,
2031 4931 2255 5002 ingeniti
2291 4929 2471 4985 Patris
2512 4938 2720 4983 naturae
2769 4935 2933 4998 atque
2993 4925 3284 4981 ineii‘abiiis
3312 4940 3424 4980 es-.

1828 5027 2036 5090 sentite,
2061 5025 2218 5094 quasi
2247 5023 2602 5093 fragrantiam
2621 5021 2938 5092 quamdam,
2960 5035 3024 5074 ac
3058 5020 3198 5074 lucis
3219 5017 3404 5087 spieu-

1828 5118 2036 5179 dorem,
2073 5118 2250 5187 ipsum
2288 5116 2480 5169 Filium
2508 5131 2575 5170 ex
2601 5113 2828 5168 inﬁnitis
2859 5112 3098 5174 saeculis,
3127 5125 3196 5172 .ac
3222 5107 3428 5178 potius,

1829 5215 1956 5262 ante
1985 5208 2168 5260 omnia
2199 5207 2403 5260 sarcula
2437 5205 2752 5270 exstitisse;
2785 5203 3024 5270 dumque
3060 5199 3274 5254 exsistit
3326 5197 3404 5251 si-

1829 5301 1942 5354 mul
1975 5315 2116 5362 esse,
2163 5314 2338 5367 neque
2365 5297 2582 5350 Patrem
2623 5310 2863 5365 unquam
2899 5292 3225 5361 relinquere,
3259 5291 3404 5345 sicut

1830 5408 1931 5446 nec
1961 5399 2296 5460 unguentum
2357 5391 2533 5442 bonus
2569 5387 2739 5450 odor,
2775 5399 2873 5438 nec
2924 5383 3099 5436 lucem
3146 5383 3405 5450 splendor

1831 5487 2124 5555 relinquit;
2155 5498 2340 5538 verum
2358 5481 2606 5550 exempla
2637 5479 2751 5534 haec
2784 5493 2891 5532 non
2918 5476 3232 5531 omnimodo
3262 5476 3404 5529 inte-

1830 5595 1982 5650 gram
2010 5585 2269 5649 praestant
2297 5573 2730 5636 similitudinem,
2763 5571 2856 5627 sed
2877 5569 3149 5641 quomodo
3172 5571 3284 5640 jam
3302 5585 3403 5622 an-

1832 5679 1918 5727 tea
1947 5672 2152 5726 dictum
2186 5675 2264 5723 est
2297 5683 2312 5721 :
2351 5679 2476 5720 nam
2501 5677 2734 5732 corpora
2766 5661 3063 5719 iuauimat-a
3098 5660 3274 5730 ipsum
3307 5671 3406 5713 ae-
