3954 6502
551 386 660 443 355

1197 389 1470 446 EUSEBII
1507 389 1992 446 CASSARIENSIS
2033 388 2183 444 OPP.
2220 389 2421 448 PARS.
2465 391 2528 446 Il.
2569 423 2637 432 —
2672 392 3177 450 APOLOGETICA.

3742 396 3830 452 356

548 506 742 561 cidens
773 505 827 560 in
845 507 1205 576 qualitatibus
1236 509 1504 577 retinent;
1538 510 1798 580 splendor
1823 511 2109 574 enim,cuu

2237 509 2657 577 ἀνεπιλογίστως
2694 513 2846 582 ἡμῖν,
2877 510 3075 576 ζῶντος
3102 509 3250 564 Θεοῦ
3281 508 3451 576 ζῶσά
3478 527 3587 574 τις,
3615 511 3705 563 καὶ
3729 510 3830 567 καθ’

551 599 727 668 ipsam
751 599 894 654 lucis
920 610 1170 655 naturam
1207 602 1520 667 comitetur,
1554 619 1656 658 nec
1685 605 1856 674 ipsam
1888 619 2129 672 unquam

548 690 691 746 lucis
719 694 1016 748 essentiam
1073 695 1369 764 relinquat,
1401 702 1556 748 extra
1585 695 1652 748 ad
1691 696 1893 766 ipsum,
1937 696 1990 748 in
2019 712 2130 764 quo

545 793 651 847 est,
677 791 826 839 stare
881 800 989 838 non
1036 794 1216 856 potest
1245 805 1256 840 :
1293 795 1348 840 at
1393 801 1520 840 vero
1549 786 1727 856 ipsum
1762 786 1856 842 Dei
1892 785 2128 842 Verbum

545 888 645 942 per
674 874 914 944 seipsnm
948 883 1002 928 et
1049 876 1346 930 essentiam
1381 879 1591 932 obtinet
1621 886 1675 932 et
1719 880 1995 942 consistit,
2027 895 2128 934 nec

545 965 755 1036 absque
780 967 1038 1037 gignendi
1081 970 1295 1045 ratione
1325 985 1450 1024 eum
1501 970 1662 1025 Patre
1692 973 1908 1027 exsistit
1940 973 2125 1039 simul,

545 1057 641 1113 sed
672 1067 931 1129 tanquam
979 1061 1174 1116 unicus
1210 1059 1404 1127 Filius,
1438 1063 1531 1132 qui
1569 1065 1720 1120 solus
1768 1072 1894 1118 ante
1941 1068 2126 1121 omnia

543 1150 744 1204 saecula
777 1166 841 1205 ex
873 1150 1033 1206 Patre
1059 1153 1129 1207 sit
1160 1154 1374 1223 genitus
1404 1173 1418 1207 :
1453 1153 1631 1208 bonus
1664 1155 1791 1209 item
1825 1155 1980 1218 odor,
2000 1171 2126 1209 cum

542 1242 780 1310 subjecti
806 1244 1060 1312 corporis
1098 1245 1372 1299 emanatio
1405 1245 1655 1315 quaedam
1702 1248 1791 1312 sit,
1827 1247 1943 1316 ipsa
1988 1261 2125 1316 quo—

539 1351 647 1406 que
679 1351 968 1406 corporea,
1004 1352 1180 1408 neque
1209 1338 1440 1392 seorsim
1496 1354 1526 1392 a
1585 1339 1759 1408 prima
1807 1354 1975 1395 causa
2031 1357 2126 1410 per

540 1427 782 1495 seipsum
801 1428 1021 1497 impleat
1049 1429 1123 1493 id,
1151 1429 1294 1498 quod
1324 1430 1427 1499 ipsi
1458 1431 1766 1500 proximum
1793 1440 1896 1499 est,
1924 1433 2126 1486 nihilo-

539 1519 725 1575 minus
760 1521 926 1574 etiam
960 1522 1077 1590 ipse
1116 1537 1144 1574 a
1181 1529 1376 1575 natura
1415 1537 1682 1592 corporea
1739 1539 1849 1577 non
1894 1524 2119 1578 recedit.

537 1611 657 1668 Non
689 1614 769 1668 sic
802 1615 968 1685 igitur
997 1631 1027 1668 a
1062 1616 1219 1669 nobis
1247 1631 1309 1670 ea
1353 1632 1474 1687 qua:
1515 1619 1578 1671 ad
1612 1619 1845 1687 primam
1875 1616 2123 1674 Salvato-

538 1705 617 1760 ris
669 1707 845 1761 nostri
911 1708 1357 1778 propagationem
1409 1709 1716 1778 pertinent,
1769 1709 2121 1780 intelligenda

537 1805 706 1865 sunt;
750 1815 928 1869 neque
945 1801 1091 1854 enim
1124 1817 1189 1855 ex
1224 1809 1420 1854 natura
1448 1801 1570 1870 ejus
1590 1801 1683 1871 qui
1716 1801 1989 1871 ingenitus
2012 1809 2117 1868 est,

2236 602 2403 674 αὐτὴν
2455 605 2742 672 ὑφεστῶσα
2802 605 3000 671 ἀΰλως,
3053 607 3148 659 καὶ
3188 604 3557 676 ἀσωμάτως,
3615 608 3704 660 καὶ
3749 610 3826 664 τοῦ

2236 696 2478 749 ἐναντίου
2515 699 2714 762 παντὸς
2765 699 3000 768 ἀμιγῶς,
3037 699 3149 752 ἀλλ’
3179 700 3291 768 οὐχ
3329 699 3430 752 οἵα
3463 716 3551 763 τις
3601 700 3752 753 πάλιν
3800 705 3828 773 ἡ

2235 790 2364 859 παρ’
2400 791 2529 859 ἡμῖν
2583 792 2765 855 είκὼν,
2803 791 2989 862 ἓτερον
3021 792 3118 862 μὲν
3147 792 3372 862 ἔχουσα
3395 791 3461 844 τὸ
3488 793 3616 845 κατ’
3662 793 3826 850 οὐσίαν

2236 881 2614 952 ὑποκείμενον,
2640 882 2828 952 ἕτερον
2861 883 2917 936 δὲ
2946 879 3179 948 τὸεῖδος,
3222 883 3354 936 ἀλλ’
3371 883 3502 936 ὅλον
3532 883 3685 949 αὐτὸ,
3708 881 3827 948 εἶδος

2233 971 2329 1036 ὢν,
2365 973 2458 1026 καὶ
2517 975 2804 1045 αὐτοουσίᾳ
2835 974 2914 1046 τῷ
2948 975 3124 1045 Πατρὶ
3162 973 3650 1044 ἀφομοιούμενος.
3691 973 3824 1028 Οὕτω

2232 1062 2289 1114 δὲ
2341 1065 2434 1117 καὶ
2487 1063 2836 1136 ζωτικωτάτη
2885 1065 2979 1118 τοῦ
3031 1064 3250 1136 Πατρὸς
3317 1063 3535 1117 εὐωδία
3569 1064 3822 1134 τυγχάνει,

2232 1155 2484 1225 ἀρρήτως
2517 1155 2646 1224 ἡμῖν
2699 1154 2856 1207 πάλιν
2891 1155 2984 1206 καὶ
3041 1151 3536 1220 ἀνεπιλογίστωςο
3587 1149 3707 1202 ἐπεὶ
3745 1151 3822 1202 καὶ

2233 1246 2408 1298 πάντα
2439 1245 2540 1297 ὅσα
2563 1246 2677 1298 ἐστὶ
2702 1245 2829 1315 περί
2867 1244 3028 1296 αὐτὸν
3057 1242 3261 1313 ἀληθῆ,
3290 1243 3526 1313 ἄρρητα
3554 1239 3620 1294 ἂν
3641 1241 3719 1311 εἴη
3741 1242 3819 1292 ἀν-

2231 1330 2462 1404 θρώπων
2481 1335 2706 1401 φωναῖς,
2737 1333 2830 1385 καὶ
2857 1333 3135 1403 λογισμοῖς
3159 1332 3392 1403 θνητῶν
3425 1330 3816 1398 ἀνεπιλόγιστα,

2231 1420 2369 1474 κατά
2396 1423 2488 1475 τὸν
2522 1423 2722 1494 ἀκριϐῆ
2754 1423 2926 1491 λόγον.
2980 1422 3136 1475 Ἀλλά
3176 1422 3296 1494 γὰρ
3333 1422 3417 1485 ὡς
3451 1424 3591 1492 ἡμῖν
3625 1423 3815 1474 ἀκούειν

2230 1513 2401 1582 φίλον,
2450 1513 2672 1566 τοιῶσδε
2732 1515 2824 1567 καὶ
2853 1514 2920 1568 τὰ
2969 1515 3123 1584 λόγια
3161 1515 3447 1568 παιδεύει.
3492 1514 3566 1565 Ἦ
3595 1514 3710 1583 οὐχὶ
3739 1513 3814 1566 καὶ

2228 1606 2464 1679 Χριστοῦ
2497 1607 2723 1660 εὐωδίαν
2756 1608 2916 1671 αὐτὸς
2947 1609 3157 1672 ἑαυτὸν,
3183 1608 3288 1661 καὶ
3311 1609 3450 1670 τοὺς
3484 1607 3638 1678 αὐτῷ
3661 1626 3812 1680 παρα-

2229 1698 2488 1770 πλησίους
2551 1700 2580 1750 6
2630 1699 2772 1771 ἱερὸς
2811 1699 3131 1764 Ἀπόστολος
3165 1702 3452 1771 προσεῖπε
3484 1699 3576 1752 διὰ
3595 1699 3691 1770 τὴν
3731 1699 3810 1751 τα]

2229 1792 2462 1862 Χριστοῦ
2529 1792 2837 1862 πνεύματος
2881 1793 3149 1862 μετοχήνς
3206 1791 3395 1862 μύρον
3422 1808 3486 1843 τε
3533 1790 3808 1843 ἐκκενωθὲν

537 1888 824 1958 partiendo
847 1890 1053 1960 aliquid
1067 1890 1472 1946 autdividendo
1501 1900 1754 1946 naturam
1777 1900 1863 1947 est
1883 1903 2076 1949 nactus
2105 1914 2109 1949 :

2226 1884 2254 1936 6
2280 1885 2530 1960 οὐράνιος,
2556 1884 2804 1955 Νυμφίος
2850 1885 2907 1936 ἐν
2947 1887 3057 1946 τοῖς
3099 1885 3391 1954 ’ᾼσμασιν
3428 1882 3805 1952 ἀνηγόρευται;

537 1995 714 2049 neque
747 1997 876 2036 vero
907 1983 1115 2051 absque
1153 1981 1429 2052 principio
1480 1997 1605 2036 cum
1636 1982 1800 2037 Patre
1835 1983 1997 2038 simul
2035 2000 2125 2039 ex-

536 2072 700 2136 stitit,
732 2074 954 2143 quando
986 2075 1077 2128 ille
1106 2074 1328 2144 quidem
1356 2075 1658 2144 ingenitus,
1694 2075 1785 2130 hic
1819 2092 1948 2130 vero
1971 2077 2123 2146 geni-

535 2174 627 2220 tus
657 2173 762 2228 est,
805 2174 859 2219 et
893 2165 982 2219 ille
1034 2164 1218 2230 Pater,
1253 2165 1343 2220 hic
1393 2164 1563 2221 Filius
1600 2185 1612 2219 :
1644 2173 1698 2218 at
1728 2181 1858 2220 vero
1900 2166 2121 2223 Patrem

534 2255 822 2320 exsistere,
861 2262 915 2310 et
945 2266 1198 2310 naturam
1249 2273 1404 2312 suam
1456 2257 1709 2313 obtinere
1743 2274 1850 2312 non
1896 2277 1926 2312 a
1959 2258 2118 2324 Filio,

535 2353 918 2420 unusquisque
949 2349 1109 2404 facile
1139 2351 1509 2416 confitebitur,
1543 2351 1733 2406 eadem
1762 2367 1926 2421 porro
1954 2353 2122 2407 ratio-

535 2455 606 2495 ne
636 2440 814 2511 imago
842 2440 934 2495 Dei
961 2441 1085 2505 erit,
1111 2441 1186 2494 ita
1223 2443 1466 2512 quidem,
1493 2450 1551 2496 ut
1585 2459 1779 2499 rursus
1820 2447 1986 2502 nullis
2024 2462 2120 2502 ne—

531 2547 637 2603 que
678 2533 883 2597 verbis,
919 2549 1096 2603 neque
1137 2534 1467 2600 rationibus,
1526 2538 1802 2606 quomodo
1838 2539 1931 2600 sit,
1969 2554 2120 2594 eom-

531 2623 870 2694 prehendere
905 2626 1183 2694 possimus
1205 2666 1219 2689 ,
1248 2626 1450 2696 quippe
1495 2642 1618 2681 cum
1660 2627 1891 2682 viventis
1919 2627 2013 2682 Dei
2036 2630 2119 2684 vi-

531 2731 664 2770 vens
699 2716 816 2785 ipsa
843 2716 915 2769 sit
947 2723 1000 2769 et
1039 2732 1135 2784 per
1157 2717 1395 2786 seipsam
1429 2718 1766 2782 consistens,
1799 2720 1917 2774 sine
1946 2729 2118 2775 mate-

531 2807 632 2870 ria,
667 2806 788 2861 sine
819 2821 1074 2874 corpore,
1111 2807 1246 2859 nihil
1286 2823 1514 2876 prorsus
1563 2809 1773 2864 habens
1821 2809 2113 2864 admistum

530 2899 826 2964 contrarii;
856 2913 1033 2966 neque
1070 2914 1200 2952 vero
1243 2899 1554 2968 cujusmodi
1601 2902 1709 2954 ulla
1747 2903 1816 2955 sit
1847 2902 1990 2972 apud
2014 2919 2114 2958 nos

530 2989 733 3061 imago,
771 3005 894 3060 qua:
927 2997 981 3044 et
1031 2989 1178 3044 aliud
1225 2993 1481 3046 essentia:
1533 2993 1840 3061 subjectum
1893 2994 2110 3061 habeat,

529 3089 582 3135 et
623 3081 787 3134 aliam
820 3081 1079 3149 speciem,
1105 3080 1201 3134 sed
1227 3097 1350 3150 quae
1387 3089 1500 3135 tota
1533 3083 1652 3152 ipsa
1681 3084 1750 3136 sit
1783 3084 2015 3153 species,
2056 3093 2112 3139 et

529 3187 649 3242 ipsa
695 3171 957 3235 essentia,
1016 3171 1430 3226 similitudinem
1484 3175 1728 3229 referens
1781 3174 1982 3232 Patris.
2016 3176 2106 3232 Sic

527 3235 712 3318 autem
750 3261 932 3318 Patris
964 3278 1184 3333 quoque
1207 3262 1511 3334 fragrantia
1532 3266 1659 3329 erit,
1697 3283 1816 3336 quae
1844 3267 2108 3325 emeacis-
2133 3235 2178 3295 α

525 3353 722 3409 simam
762 3353 1056 3424 largiendae
1084 3355 1210 3410 vita:
1253 3354 1364 3408 vim
1398 3354 1617 3422 habeat,
1641 3357 1737 3411 sed
1786 3358 1860 3412 ita
1912 3375 2107 3418 rursus

527 3458 702 3514 neque
729 3444 840 3499 dici
880 3459 910 3498 a
946 3444 1127 3510 nobis,
1153 3460 1332 3514 neque
1370 3447 1678 3501 rationibus
1695 3448 1875 3520 colligi
1894 3451 2102 3518 possit:

526 3535 796 3606 siquidem
825 3536 1012 3591 omnia
1046 3551 1387 3607 quaecunque
1417 3538 1485 3593 de
1516 3538 1610 3592 illo
1649 3554 1776 3594 vera
1804 3540 2107 3606 sunt,inef-

523 3624 709 3682 fabilia
743 3638 872 3683 sunt
903 3630 1185 3684 hominum
1220 3630 1482 3693 vocibus,
1519 3639 1573 3685 et
1609 3632 1922 3686 mortalium
1951 3633 2098 3702 cogi-

524 3721 848 3784 tationibus,
893 3723 1198 3778 secundum
1235 3723 1564 3793 exquisitam
1594 3725 1863 3779 rationem
1895 3725 2103 3796 incogi-

524 3815 728 3868 tabilia.
763 3816 929 3886 216
958 3814 1065 3870 Sed
1113 3817 1259 3870 enim
1298 3831 1519 3886 quoquo
1566 3816 1729 3871 modo
1775 3817 1964 3873 audire
2002 3833 2103 3873 nos

524 3911 694 3972 iuvat,
733 3905 919 3960 itidem
975 3922 1134 3960 sacra
1175 3923 1277 3962 nos
1331 3907 1587 3962 erudiunt
1618 3910 1862 3963 oracula.
1903 3911 2102 3965 Annon

523 3996 727 4050 Christi
757 3995 957 4050 bonum
981 3996 1203 4051 odorem
1242 3999 1359 4068 ipse
1399 3999 1664 4069 scipsum,
1688 4011 1736 4055 et
1779 4002 1864 4056 sui
1897 4004 2102 4059 similes

523 4095 748 4143 sanctus
772 4089 1067 4159 Apostolus
1083 4091 1126 4153 ',
1157 4099 1445 4160 propterea
1468 4091 1611 4162 quod
1640 4090 1878 4163 Spiritus
1895 4095 2097 4151 Christi

523 4181 795 4251 particeps
817 4189 984 4247 esset,
1015 4184 1350 4253 appellavit?
1379 4183 1572 4240 Nonne
1610 4194 1949 4257 unguentum
1972 4203 2102 4243 eva-

522 4281 742 4328 cuatum
779 4275 896 4344 ipse
948 4275 1190 4330 cmlestis
1223 4274 1470 4346 Sponsus
1509 4278 1565 4331 in
1606 4277 1888 4334 Cauticis'
1919 4280 2099 4336 dictus

521 4373 625 4430 est,
651 4366 860 4421 ideirco
905 4367 1052 4436 quod
1097 4382 1222 4422 cum
1265 4370 1412 4423 illam
1456 4369 1630 4439 ipsius
1661 4372 2095 4438 evacuationem,

521 4472 646 4512 cum
691 4459 952 4514 omnibus
981 4467 1096 4514 tam
1142 4459 1456 4514 visibilibus
1495 4474 1658 4529 quam
1702 4460 2093 4528 invisibilibus,

520 4555 630 4602 tam
665 4550 947 4619 corporeis
989 4566 1156 4620 quam
1208 4551 1566 4622 incorporeis,
1603 4561 1712 4606 tam
1736 4554 2096 4608 rationalibus
2129 4576 2174 4632 ῃ

519 4651 684 4708 quam
735 4638 912 4694 brutis
941 4641 1452 4706 communicaverlt,
1505 4651 1622 4696 tum
1674 4657 1740 4699 ea
1791 4646 2093 4700 secundum

521 4728 927 4797 proportionem
951 4729 1114 4800 digna
1135 4731 1323 4784 effecta
1349 4740 1498 4793 sunt.
1528 4747 1649 4801 qua:
1676 4733 1730 4786 in
1763 4741 1970 4803 partem
2005 4751 2096 4790 ac-

519 4820 851 4889 ciperentur,
918 4829 975 4875 et
1027 4823 1197 4877 divini
1254 4823 1417 4878 Verbi
1476 4824 1802 4879 liberalitate
1859 4826 2092 4896 quadam

519 4909 874 4967 fruerentur?
898 4911 1074 4982 Hujus
1097 4915 1317 4984 quidem
1351 4916 1522 4970 divini
1543 4915 1758 4971 adlatus
1789 4920 2094 4988 susceptio-

517 5019 666 5070 nem,
698 5004 765 5060 iis
791 5005 882 5075 qui
919 5006 1214 5062 rationales
1256 5023 1451 5063 sensus
1499 5009 1800 5064 diminutos
1843 5025 1953 5065 non
1996 5012 2094 5066 ha-

517 5097 670 5162 bent,
707 5099 998 5156 universus
1053 5099 1296 5169 impertit
1340 5100 1598 5167 mundus,
1635 5119 1807 5173 usque
1859 5105 1994 5160 adeo
2033 5113 2094 5160 ut

517 5207 639 5261 qua:
676 5200 890 5248 terrena
935 5202 988 5247 et
1027 5195 1361 5263 corruptioni
1408 5194 1643 5248 obnoxia
1683 5205 1810 5249 sunt
1837 5211 2090 5266 corpora,

517 5283 696 5337 omnis
730 5284 971 5338 materia!
998 5292 1276 5354 expertem
1317 5285 1805 5356 incorruptamque
1836 5286 2089 5358 fragran-

517 5375 650 5427 tiam
683 5374 985 5441 redoleant,
1018 5377 1148 5431 dum
1183 5377 1402 5447 quidem
1439 5393 1694 5449 superne,
1723 5380 1898 5437 instar
1923 5382 2090 5439 fontis

518 5474 704 5520 manat
736 5465 878 5522 Deus
908 5469 1170 5535 universi,
1199 5471 1292 5540 qui
1326 5485 1452 5524 cum
1498 5472 1642 5526 unici
1668 5471 1832 5528 Verbi
1880 5475 1965 5529 sui
2017 5477 2090 5530 sit

518 5556 702 5623 Pater,
729 5557 881 5613 idem'
902 5561 974 5614 sit
1003 5561 1238 5630 primum
1263 5579 1321 5616 re
1351 5577 1479 5616 vera
1522 5563 1747 5631 bonum,
1782 5567 1927 5636 quod
1959 5567 2086 5622 boni

519 5650 772 5722 gignendi
796 5652 904 5706 vim
927 5653 1145 5722 habeat,
1176 5655 1415 5726 dumque
1433 5659 1740 5730 genituram
1777 5661 2008 5729 obtinet,
2033 5671 2087 5717 et

590 5838 610 5866 ³
644 5833 683 5886 ll
706 5833 828 5924 cor.
869 5849 928 5888 Il.
967 5834 1051 5889 15.
1128 5828 1324 5885 'Cant.
1357 5846 1394 5899 ι,
1428 5831 1480 5886 2.

2225 1976 2314 2029 Διὸ
2332 1976 2432 2045 τῆς
2469 1975 2632 2028 αὐτοῦ
2661 1975 3007 2039 ἐκκενώσεως
3060 1975 3127 2028 τὰ
3168 1975 3380 2040 πάντα,
3425 1973 3604 2044 ὁρατά
3633 1990 3689 2026 τε
3727 1974 3804 2025 καὶ

2177 2082 2179 2084 '
2222 2069 2447 2139 ἀόρατα,
2505 2067 2730 2139 σώματὰ
2784 2085 2842 2121 τε
2891 2069 2986 2122 καὶ
3027 2067 3323 2138 ἀσὲματα,
3379 2067 3583 2135 λογικά
3622 2083 3678 2118 τε
3724 2083 3803 2116 και

2222 2161 2411 2228 ἄλογα,
2451 2161 2808 2232 μετασχόντα,
2837 2161 3115 2230 ἀναλόγως
3140 2160 3497 2229 κατηξίωται
3535 2157 3800 2229 μετουσίας

2221 2254 2315 2306 καὶ
2338 2255 2436 2324 τῆς
2457 2253 2550 2306 τοῦ
2592 2253 2736 2306 θείου
2772 2254 2946 2321 Λόγου
3001 2253 3301 2324 μετείληφε
3339 2251 3656 2314 κοινωνίας.
3679 2249 3800 2301 Ταύ-

2219 2362 2317 2415 της
2336 2362 2398 2414 γε
2432 2345 2530 2415 τῆς
2561 2344 2743 2398 ἐνθέου
2779 2345 2947 2414 πνοῆς
2964 2345 3062 2414 τὴν
3079 2343 3379 2414 ἀντίληψιν
3406 2345 3526 2404 τοῖς
3549 2340 3647 2404 τὰς
3676 2341 3797 2407 λογι-

2219 2437 2322 2502 κὰς
2375 2438 2651 2509 αἰσθήσεις
2690 2437 2766 2509 μὴ
2817 2437 3235 2508 πεπηρωμένοις
3271 2439 3302 2490 6
3363 2435 3591 2506 σύμπας
3626 2432 3790 2486 ἀποδί-

2218 2530 2347 2583 δωσι
2398 2529 2620 2601 κόσμος,
2680 2531 2756 2594 ὡς
2795 2529 2862 2582 τὰ
2921 2533 2988 2600 τῇ
3025 2529 3183 2599 φύσει
3227 2527 3419 2600 γεώδη
3457 2529 3556 2580 καὶ
3600 2522 3792 2596 φθαρτὰ

2219 2622 2443 2692 σώματα
2487 2623 2582 2694 τῆς
2629 2623 2792 2676 ἀῢλου
2824 2624 2916 2676 καὶ
2944 2621 3220 2693 ἀκηράτου
3259 2621 3503 2684 εὐωδίας
3528 2618 3787 2676 ἀποπνεῖν,

2218 2715 2553 2785 πηγάζοντος
2585 2716 2681 2786 μὲν
2721 2715 2926 2770 ἄνωθεν
2965 2715 3056 2768 τοῦ
3091 2715 3197 2768 τῶν
3224 2716 3373 2769 ὅλων
3401 2712 3566 2777 Θεοῦ,
3599 2711 3682 2774 ὃς,
3709 2707 3788 2760 τοῦ

2219 2805 2539 2874 μονογενοῦς
2564 2805 2728 2860 αὐτοῦ
2761 2807 2932 2872 Λόγου
2971 2805 3159 2877 Πατὴρ
3200 2805 3304 2868 ὢν,
3361 2805 3528 2866 αὐτὸς
3553 2803 3618 2855 ἀν
3643 2799 3718 2869 εἴη
3736 2795 3787 2849 τὸ

2215 2895 2430 2966 πρῶτον
2465 2896 2557 2948 καὶ
2600 2895 2788 2966 κύριον
2824 2896 2917 2948 καὶ
2966 2895 3123 2965 μόνον
3150 2895 3379 2967 ἀληθῶς
3414 2889 3639 2962 ἀγαθὸν,
3670 2891 3786 2958 ἀγα-

2216 2989 2308 3043 θοῦ
2345 2991 2703 3060 γεννητικὸν,
2750 2989 3160 3061 δευτερεύοντος
3208 2989 3290 3053 δὲ,
3341 2991 3440 3042 καὶ
3494 2987 3640 3039 ὼσὰν
3693 2984 3781 3035 ἀπὸ

2213 3081 2434 3152 πρώτης
2468 3081 2561 3134 καὶ
2615 3079 2922 3152 ἡγουμένης
2949 3080 3137 3142 οὐσίας
3175 3076 3678 3150 ἐπιχορηγουμένου
3703 3067 3782 3124 τοῦ

2216 3173 2368 3237 Υἱοῦ,
2415 3175 2473 3237 ὃς
2519 3174 2612 3226 καὶ
2641 3174 2799 3244 μόνος
2835 3173 2934 3243 τῆς
2969 3172 3240 3244 πατρικῆς
3273 3173 3472 3234 οὐσίας
3498 3167 3684 3222 εὐωδία
3712 3179 3780 3223 τις

2209 3266 2342 3334 ἡμῖν
2402 3264 2687 3335 ἁνείρηται
2737 3262 3044 3315 δουλεύουσι
3095 3261 3257 3330 λογίῳ
3315 3259 3628 3314 παιδεύοντι
3672 3252 3780 3322 περὶ

2210 3355 2398 3421 αὐτοῦ,
2425 3357 2505 3408 ὅτι
2539 3355 2623 3426 δὴ,
2667 3376 2684 3405 (
2720 3354 2907 3425 Ἀτμίς
2934 3356 3048 3406 ἐστι
3085 3353 3180 3422 τῆς
3202 3351 3298 3405 τοῦ
3331 3350 3471 3404 Θεοῦ
3503 3347 3776 3416 δυνάμεως,

2208 3449 2302 3502 καὶ
2335 3448 2603 3520 ἀπόρῤοια
2635 3449 2729 3518 τῆς
2777 3447 2872 3501 τοῦ
2908 3445 3361 3518 Παντοκράτορος
3395 3442 3552 3513 δόξης
3578 3439 3774 3506 εἱλικρι-

2207 3541 2323 3612 νὴς,
2365 3541 2458 3594 καὶ
2507 3540 2846 3610 ἀπαύγασμα
2897 3539 3071 3608 φωτὸς
3119 3537 3328 3602 ἀϊδίου,
3387 3536 3482 3589 καὶ
3539 3533 3773 3597 ἔσοπτρον

2207 3633 2539 3703 ἀκηλίδωτον
2583 3634 2681 3703 τῆς
2714 3632 2805 3685 τοῦ
2843 3630 2978 3684 Θεοῦ
3014 3630 3314 3701 ἐνεργείας,
3347 3626 3443 3682 καὶ
3495 3620 3652 3678 εἰκὼν
3693 3618 3772 3685 τῆς

2207 3723 2543 3794 ἀγαθότητος
2589 3722 2775 3776 αὐτοῦ.
2822 3742 2838 3773 ι
2874 3720 3020 3792 Πλὴν
3086 3719 3222 3773 ἀλλά
3254 3718 3433 3773 ταῦτα
3470 3717 3576 3784 ὅπη
3611 3712 3670 3766 ἄν
3700 3719 3770 3767 τις

2205 3815 2300 3868 καὶ
2333 3814 2495 3880 θέλοι,
2514 3815 2683 3886 ταύτῃ
2715 3814 2945 3868 τιθέσθω
2969 3833 2979 3842 ·
3008 3815 3137 3884 ἡμῖν
3175 3812 3230 3864 δὲ
3257 3812 3488 3882 ἐξαρκεί
3513 3808 3572 3860 τὸ
3596 3800 3769 3872 ἀληθὲς

2205 3907 2383 3960 ἐκεῖνο
2413 3909 2506 3960 καὶ
2553 3907 2773 3970 εὐσεϐὲς
2810 3904 2966 3969 αὖθις
3004 3904 3482 3974 ἐπαναλαμϐάνειν
3525 3900 3686 3971 ῥῆμα,
3711 3887 3768 3944 δι’

2203 3989 2264 4049 οὗ
2305 3999 2398 4050 καὶ
2417 3999 2517 4068 τὴν
2551 3999 2701 4052 λύσιν
2749 3998 3078 4070 ἐπιθήσομεν
3123 4000 3236 4061 τοῖς
3285 3993 3637 4070 ἐξῃτημένοις
3659 3985 3766 4039 πθλ⁸

2203 4087 2359 4150 λάκις
2395 4088 2493 4159 ήδη
2546 4089 2898 4151 ἐπειπόντεςο
2937 4107 2955 4138 ι
2995 4088 3104 4158 Τὴν
3148 4086 3345 4156 γενεὰν
3404 4084 3569 4139 αὐτοῦ
3605 4081 3682 4143 τίς
3701 4077 3765 4130 δι·

2203 4182 2505 4250 ηγήσεται;
2539 4196 2556 4228 ι
2578 4178 2886 4246 Ἀνέφικτος
2921 4177 3030 4248 γὰρ
3072 4175 3146 4240 ὡς
3173 4177 3414 4248 ἀληθῶς,
3449 4174 3543 4228 καὶ
3572 4170 3664 4224 οὐκ
3679 4168 3760 4221 ἀν-

2203 4273 2440 4344 Θρώποις
2457 4272 2614 4342 μόνον
2638 4313 2652 4336 ,
2686 4270 2821 4324 ἀλλά
2849 4270 2941 4323 καὶ
2960 4273 3080 4334 ταῖς
3113 4271 3290 4340 πάσης
3321 4269 3577 4322 ἐπέκεινα
3597 4258 3761 4320 οὐσίας

2200 4363 2515 4434 δυνάμεσιν,
2550 4365 2582 4433 ἡ
2615 4362 2709 4416 τοῦ
2747 4362 3083 4431 Μονογενοῦς
3108 4361 3200 4415 τοῦ
3238 4361 3376 4414 Θεοῦ
3412 4357 3658 4429 τυγχάνει
3683 4349 3759 4420 γέη

2201 4473 2364 4522 νεσις,
2398 4455 2678 4528 ὼσπεροῦν
2711 4457 2804 4509 καλ¹
2833 4456 2992 4518 αὐτὸς
3017 4457 3044 4507 6
3072 4455 3261 4526 Σωτὴρ
3288 4455 3382 4508 καὶ
3403 4451 3601 4523 Κύριος
3619 4443 3757 4518 ἡμῶν

2201 4550 2326 4612 τοὺς
2354 4549 2586 4611 οἰκείους
2619 4547 2866 4618 μαθητὰς
2905 4548 3046 4600 αὐτά
3083 4547 3145 4616 δὴ
3179 4546 3349 4602 ταῦτα
3381 4535 3754 4618 μυσταγωγῶν,

2205 4657 2224 4689 ι
2257 4637 2443 4702 Οὐδεὶς
2479 4637 2642 4706 ἔγνω,
2681 4657 2699 4687 ι
2728 4636 2881 4708 φησὶ,
2907 4655 2924 4686 ι
2955 4636 3045 4688 τὸν
3079 4634 3322 4704 Πατέρα,
3347 4635 3395 4686 εί
3424 4631 3497 4704 μὴ
3523 4632 3550 4682 6
3577 4624 3748 4685 Υἱός’³

2197 4722 2241 4798 ᾧ
2289 4730 2383 4782 καὶ
2423 4728 2693 4797 ἐπιλέγειο
2724 4749 2741 4779 ι
2788 4727 2897 4782 Καὶ
2928 4726 3102 4790 οὐδεὶς
3136 4726 3276 4794 ἔγνω
3315 4725 3406 4778 τὸν
3440 4721 3583 4785 Υἰὸν,
3616 4716 3659 4768 εἰ
3687 4710 3750 4808 μξι

2197 4824 2225 4874 6
2257 4822 2465 4893 Πατήρ.
2492 4842 2510 4873 ι
2555 4820 2856 4889 Ἀγνὼστου
2882 4819 3058 4872 τοίνυν
3085 4817 3284 4890 ὁμοίως
3316 4818 3414 4887 τῆς
3441 4831 3497 4867 τε
3515 4809 3636 4881 περὶ
3667 4819 3748 4856 του

2197 4913 2411 4984 Πατρὸς
2444 4912 2537 4966 καὶ
2598 4914 2695 4983 τῆς
2729 4913 2855 4984 περὶ
2880 4910 2974 4965 τοῦ
3014 4910 3144 4964 Υἱοῦ
3176 4908 3451 4976 θεολογίας
3473 4905 3581 4965 τοῖς
3609 4898 3744 4954 πᾶσι,

2198 5004 2337 5076 πλὴν
2370 5005 2553 5068 αὐτοῖς
2571 5003 2968 5074 τυγχανούσης,
2997 5002 3071 5066 ὡς
3105 5003 3162 5057 ἐν
3197 5001 3524 5072 ἀπορρήτοις
3555 4995 3608 5046 ἐν
3643 4988 3745 5045 ταῖς

2198 5096 2620 5168 παρατεθείσαις
2664 5096 2758 5150 τοῦ
2809 5095 3150 5165 Σολομῶντος
3203 5093 3400 5159 λέξεσι,
3442 5090 3536 5159 τῆς
3568 5080 3744 5150 Σοφίαξ

2195 5189 2485 5242 ἀκουστέον
2547 5187 2810 5258 λεγούσης
2833 5204 2846 5217 ο
2879 5207 2896 5238 ι
2921 5189 3034 5255 Πρὸ
3059 5185 3152 5239 τοῦ
3189 5186 3288 5258 ὅρη
3323 5179 3634 5255 ἑδρασθῆναι
3663 5169 3742 5224 καὶ

2195 5278 2605 5351 πλασθῆναιτὴν
2625 5279 2750 5348 γῆν,
2772 5278 2878 5348 πρὸ
2897 5279 2952 5330 δὲ
2981 5279 3196 5332 πάντων
3225 5275 3426 5346 βουνῶν
3449 5269 3605 5342 γεννᾷ
3627 5282 3703 5351 μεέ
3717 5279 3732 5308 ι

2198 5373 2318 5426 Ἔτι
2355 5372 2412 5425 δέ
2459 5350 2592 5443 φησι
2650 5371 3015 5447 συμπαρεῖναι
3069 5368 3146 5440 τῷ
3183 5368 3359 5439 Πατρὶ
3411 5363 3496 5418 τὸν
3534 5350 3737 5428 οὐρανὸν

2193 5462 2689 5528 κατασκευάζοντι·
2723 5480 2740 5513 ε
2782 5446 2974 5515 Ἡνίκα
2997 5461 3124 5530 γοῦν
3138 5462 3399 5534 ἡτοίμαζε
3417 5446 3734 5534 τὸνούρανὸγο

2194 5556 2570 5627 συμπαρήμην
2624 5551 2796 5622 αὐτῷ.
2846 5571 2864 5602 ι
2912 5552 3022 5606 Καὶ
3063 5551 3123 5605 τὸ
3162 5533 3224 5615 ἐξ
3262 5549 3498 5621 ἀπείρων
3537 5543 3589 5596 δὲ
3623 5533 3712 5634 Si“?

2191 5664 2294 5701 νων
2341 5645 2507 5700 ἀΐδιον
2550 5645 2649 5716 τῆς
2677 5644 2786 5716 ⁸σὺν
2827 5643 3002 5715 Πατρὶ
3046 5641 3306 5714 διαμονῆς
3350 5634 3625 5711 ἐμφαίνει,
3663 5636 3732 5684 οις
