3954 6508
130 400 219 458 £57
1046 397 1699 460 DEMONSTRATI’ONIS
1735 398 2195 459 EVANGELICE
2230 400 2357 459 LIB.
2400 400 2467 458 ν.

129 519 386 588 ὲπιλέγει’
449 540 472 574 ι
541 525 724 596 "By.er
791 528 919 597 παρ’
981 527 1128 598 αὐτῷ
1188 527 1530 598 ἁρμόζουσα·
1598 525 1707 595 ἐγὼ

124 614 254 683 ἥμην
435 616 812 688 προσέχαιρε·
861 618 980 671 καθ’
1036 620 1248 690 ἡμέραν
1306 620 1362 672 δὲ
1432 617 1707 690 προσώπῳ

124 704 269 758 αὐτοῦ
315 709 720 780 προσέχαιρον.
771 729 791 762 ι
834 711 948 764 Καὶ
994 711 1265 775 ἀϐύσσους
1300 711 1356 764 δὲ
1391 712 1486 763 καὶ
1524 709 1706 780 πηγὰς

125 798 310 850 ὑδάτων
331 835 346 859 ,
386 798 503 869 ὄρη
537 817 595 852 τε
623 801 716 853 καὶ
747 801 968 872 βουνοὺς
986 844 1002 864 ,
1031 803 1125 856 καὶ
1153 803 1254 856 ὅσα
1285 802 1418 855 ἄλλα
1445 801 1587 855 κατὰ
1617 802 1708 855 τὸν

123 890 264 941 τόπον
308 893 530 954 κοινοῖς
577 890 817 962 ῥήμασιν
851 887 933 956 οἷς
964 894 1384 964 ἐπωνόμασται,
1411 894 1529 963 ἦτοι
1577 894 1708 965 περὶ

122 981 205 1050 τῆς
270 979 368 1033 τοῦ
438 983 655 1053 κόσμου
720 986 1062 1048 συστάσεως,
1131 989 1194 1039 ἐκ
1236 987 1436 1057 μέρους
1498 985 1558 1039 τὸ
1601 989 1707 1040 πᾶν

120 1067 388 1136 δηλοῦντος
448 1071 780 1137 ἀκουστέον,
827 1073 859 1144 ἢ
910 1074 1312 1146 τροπικώτερον
1371 1077 1703 1146 ὲκληπτέον,

120 1160 270 1213 ταῦτα
306 1164 708 1235 μεταφέροντα
745 1165 812 1219 τὰ
853 1167 1222 1238 σημαινόμενα
1262 1169 1353 1222 ἐπὶ
1387 1169 1583 1237 νοητὰς
1611 1170 1704 1222 οὑ-

121 1251 224 1312 cia;
268 1252 365 1302 mi.
419 1251 582 1316 Θείας
627 1254 913 1326 δυνάμεις,
960 1249 1035 1309 ὧν
1089 1257 1308 1311 πάντων
1362 1259 1706 1330 πρωτότοκος

121 1342 268 1408 Σοφία
295 1343 397 1395 καὶ
432 1336 733 1418 μονογενὴς
761 1349 854 1400 καὶ
881 1350 1221 1421 πρωτόγονος
1251 1349 1344 1402 τοῦ
1379 1348 1513 1402 Θεοῦ
1573 1365 1705 1422 προ-

342 1435 554 1503 Λόγος,
575 1439 755 1491 ὅντινα
771 1440 1001 1510 Χριστὸν
1018 1443 1177 1512 ἡμεῖς
1206 1440 1702 1512 προσαγορεύομεν,

121 1527 413 1597 διδασκάλῳ
471 1530 900 1602 μαθητευόμενοι
956 1533 1035 1603 τῷ
1094 1533 1401 1604 Ἀποστόλῳ
1453 1533 1665 1603 λέγοντι
1687 1551 1698 1564 °

127 1639 142 1668 ι
164 1618 397 1690 Χριστὸς
433 1621 576 1675 Θεοῦ
600 1622 845 1694 δύναμις,
864 1625 958 1679 καὶ
983 1624 1117 1678 Θεοῦ
1153 1626 1334 1695 σοφία.
1377 1647 1396 1678 ι
1427 1627 1705 1698 Κέκληται

119 1712 165 1762 δὲ
220 1711 466 1765 ἐνταῦθα
518 1713 595 1784 τῷ
635 1715 733 1784 τῆς
777 1716 973 1784 Σοφίας
1019 1718 1245 1780 εἰκότως
1307 1719 1701 1788 προσρήματι,

123 1803 185 1865 ὡς
213 1802 305 1855 τοῦ
349 1805 528 1874 μόνου
565 1805 728 1875 σοφοῦ
761 1807 971 1879 Πατρὺς
1000 1809 1096 1871 τὰς
1132 1808 1438 1876 πανσόφους
1466 1809 1557 1862 καὶ
1586 1810 1704 1860 ὲπι-

125 1896 449 1963 στημονικὰς
478 1897 587 1949 τῶν
607 1897 742 1950 ὅλων
773 1899 1006 1971 Θεωρίας
1035 1918 1163 1954 τε...
1188 1901 1392 1955 Λείπει
1415 1901 1629 1954 τᾶλλα.

3287 407 3390 462 358

1807 526 1967 596 quasi
2014 540 2044 579 a
2094 526 2272 595 primo
2311 532 2363 580 et
2403 525 2646 595 ingenito
2693 523 2854 581 Patre
2887 525 3155 583 sumcitur
3195 529 3390 603 Filius,

1815 617 1908 688 qui
1943 616 2105 670 etiam
2141 615 2293 669 solus
2337 619 2576 682 paternae
2613 614 2866 668 essentia:
2915 617 3215 686 fragrantia
3241 635 3391 689 qua!-

1814 704 1940 757 dam
1983 703 2164 757 dictus
2206 710 2290 757 est
2326 717 2356 754 a
2386 701 2566 766 nobis,
2618 703 2712 772 qui
2759 705 2982 760 oraculo
3035 706 3392 778 obsequimur

1814 795 1979 848 talem
2012 795 2079 849 de
2106 795 2200 848 illo
2226 794 2533 847 doctrinam
2570 795 2804 848 tradenti
2843 815 2856 850 :
2895 815 2914 846 ‹
2953 795 3139 867 Vapor
3175 807 3280 863 est,
3307 801 3390 854 in-

1813 887 1952 954 quit,
1985 886 2204 939 virtutis
2229 884 2342 950 Dei,
2374 893 2428 939 et
2466 887 2739 940 emanatio
2760 887 2946 957 gloriae
2980 887 3389 959 Omnipotentis

1815 983 2052 1043 sincera,
2072 989 2125 1035 et
2156 980 2411 1051 splendor
2441 981 2580 1035 lucis
2604 989 2841 1046 aternte,
2875 990 2928 1037 et
2962 986 3243 1054 speculum
3268 987 3388 1042 sine

1814 1072 2025 1125 macula
2075 1071 2169 1126 Dei
2208 1072 2460 1128 eﬂicaciai
2485 1112 2502 1138 ,
2534 1081 2588 1129 et
2630 1073 2810 1144 imago
2839 1074 3252 1146 bonitatis-ejus
3277 1077 3317 1132 ‘.
3356 1097 3377 1130 ι

1813 1162 2201 1219 Verumtamen
2249 1166 2365 1220 haec
2408 1181 2517 1236 quo
2562 1166 2681 1220 loco
2721 1167 2844 1235 quis
2878 1167 3028 1232 velit,
3083 1169 3156 1222 ibi
3196 1169 3386 1239 utique

1813 1265 2015 1324 ponat:
2050 1255 2209 1309 nobis
2241 1263 2422 1310 autem
2457 1254 2595 1310 satis
2624 1271 2896 1326 superque
2921 1258 3013 1322 sit,
3037 1274 3224 1312 verum
3250 1257 3385 1315 illud

1813 1363 1876 1403 ac
1913 1349 2062 1418 pium
2085 1364 2277 1403 rursus
2306 1349 2534 1404 verbum
2566 1357 2834 1418 repetere,
2871 1365 2980 1419 quo
3002 1351 3166 1405 etiam
3191 1368 3384 1407 eorum

1811 1440 1878 1494 de
1894 1441 2092 1510 quibus
2115 1441 2402 1510 quaesitum
2432 1440 2613 1504 fuerit,
2633 1440 2977 1497 diﬁicultates
2995 1442 3383 1510 dissolvemus,

1811 1533 1991 1602 ipsum
2019 1534 2238 1601 inquam
2278 1531 2434 1595 illud,
2462 1532 2607 1602 quod
2650 1540 2810 1586 antea
2853 1535 3052 1602 saapius
3093 1534 3240 1590 el'fati
3291 1552 3388 1590 su-

1811 1641 1933 1679 mus
1968 1643 1980 1678 :
2021 1642 2039 1674 ‹
2086 1623 2504 1678 Generationem
2536 1625 2656 1694 ejus
2702 1626 2828 1694 quis
2873 1627 3193 1681 enarrabit?
3233 1647 3253 1680 ι
3307 1627 3388 1687 Rc

1809 1732 1938 1771 vera
1968 1715 2112 1769 enim
2168 1732 2274 1769 non
2332 1717 2508 1770 solum
2539 1732 2569 1769 a
2610 1718 2775 1772 nullis
2821 1717 3163 1782 hominibus,
3190 1719 3284 1774 sed
3318 1734 3388 1777 ne

1810 1809 1878 1863 ab
1913 1809 2038 1862 ullis
2091 1808 2310 1877 quidem
2361 1809 2749 1878 potestatibus,
2793 1826 2915 1879 qua:
2971 1811 3111 1864 ultra
3165 1825 3384 1867 omnem

1809 1907 2057 1952 naturam
2087 1900 2382 1960 evaserint,
2417 1900 2566 1953 unici
2607 1899 2700 1953 Dei
2731 1899 2855 1954 Filii
2897 1902 3176 1970 generatio
3210 1907 3390 1970 potest

127 1990 533 2058 comprehendi,
563 2007 696 2046 sane
739 2008 848 2047 non
880 1995 1042 2050 aliter
1075 2011 1238 2065 quam
1282 1996 1398 2066 ipse
1440 1996 1688 2050 Salvator
1717 2011 1780 2050 ac
1808 1993 2076 2048 Dominus
2135 2003 2343 2057 noster,
2397 1995 2550 2049 hisce
2611 1996 2746 2066 ipsis
2794 1997 2960 2052 rebus
2993 2013 3123 2053 suos
3160 1997 3386 2053 initians

127 2083 412 2152 discipulos
488 2107 500 2140 :
561 2106 580 2137 ι
633 2087 824 2151 Nemo,
887 2091 1084 2160 inquit,

1164 2091 1316 2145 novit
1377 2091 1590 2146 Patrem
1641 2091 1745 2145 nisi

1804 2089 1976 2144 Filius
2024 2091 2089 2154 li;
2146 2109 2163 2140 ι
2219 2101 2270 2142 et
2355 2089 2603 2159 adjungit
2657 2091 2906 2159 protinus
2952 2109 2966 2145 ε
3021 2110 3038 2142 ι
3099 2089 3165 2145 Et
3227 2105 3388 2146 nemo

129 2178 260 2231 novit
286 2178 520 2246 Filium,
548 2182 652 2238 nisi
689 2182 850 2239 Pater
878 2186 918 2240 ‘.
952 2204 970 2237 ι
998 2185 1136 2240 Cum
1159 2202 1290 2255 ergo
1319 2187 1587 2256 theologia
1619 2187 1685 2240 de
1715 2185 1873 2239 Patre
1925 2192 1978 2238 et
2021 2183 2160 2238 Filio
2187 2199 2338 2254 aeque
2376 2185 2631 2239 omnibus
2651 2228 2666 2252 ,
2711 2196 2907 2255 praeter
2939 2201 3080 2242 unos
3109 2187 3280 2256 ipsos,
3303 2185 3391 2240 ino-

129 2275 324 2343 cognita
356 2277 458 2336 sit.
481 2279 639 2347 quasi
675 2279 726 2334 in
748 2281 1039 2334 arcanisin
1066 2281 1174 2337 illis
1205 2282 1516 2336 Salomonis
1537 2281 1717 2336 verbis
1747 2296 1868 2350 quae
1905 2279 2159 2348 superius
2187 2281 2566 2349 apposuimus,
2599 2279 2930 2350 Sapientiam
2953 2281 3143 2336 audire
3171 2288 3388 2351 oportet

131 2366 409 2424 dicentem:
426 2389 445 2421 ι
461 2372 767 2444 Antequam
782 2385 994 2430 montes
1013 2376 1129 2431 suis
1147 2377 1371 2432 sedibus
1387 2376 1737 2431 ﬁrmarentur
1764 2374 2219 2430 etinformaretur
2236 2385 2459 2438 terra,et
2488 2383 2612 2429 ante
2632 2391 2820 2431 omnes
2848 2377 3034 2441 colles,
3051 2377 3222 2446 gignit
3239 2391 3342 2430 me.
3357 2394 3381 2428 ι

132 2461 271 2532 217
311 2465 404 2518 Ait
447 2477 732 2536 praetcrea,
790 2486 848 2524 se
883 2486 990 2524 una
1032 2487 1155 2525 cum
1191 2470 1350 2526 Patre
1385 2472 1572 2538 fuisse,
1624 2487 1746 2524 cum
1787 2471 1984 2526 cmlum
2019 2471 2317 2524 instrueret
2365 2489 2377 2524 :
2413 2493 2429 2520 ‹
2468 2470 2720 2536 Quando,
2769 2471 2966 2539 inquit,
3006 2469 3230 2538 parabat
3270 2482 3386 2522 cce-

133 2553 250 2620 lum,
294 2574 406 2612 una
450 2576 578 2614 eum
631 2579 696 2617 eo
725 2564 964 2617 aderam.
1001 2583 1020 2616 ι
1059 2564 1262 2620 Deinde
1291 2573 1548 2620 aeternam
1586 2565 1654 2619 ab
1694 2563 1921 2618 inﬁnitis
1980 2563 2196 2618 smculis
2230 2579 2354 2616 cum
2401 2562 2565 2616 Patre
2596 2562 2932 2616 mansionem
2967 2559 3258 2634 signiﬁcat,
3286 2557 3381 2610 ubi

134 2649 403 2724 adjungit:
448 2674 469 2707 ι
521 2657 683 2710 Eram
715 2674 836 2712 cum
890 2659 984 2713 illo
1027 2667 1383 2730 componens,
1420 2675 1519 2731 ego
1549 2675 1698 2715 eram
1732 2660 1874 2730 apud
1926 2676 2087 2728 quam
2118 2661 2408 2729 gaudebat,
2441 2659 2686 2730 quotidie
2717 2674 2846 2712 vero
2868 2657 3088 2712 laetabar
3133 2656 3188 2710 in
3233 2655 3384 2709 vultu

134 2742 254 2810 ejus.
285 2764 304 2795 ι
351 2744 530 2801 Porro
563 2757 744 2803 autem
783 2750 1012 2821 abyssos
1039 2761 1093 2806 et
1121 2750 1298 2807 fontes
1325 2766 1614 2821 aquarum,
1667 2759 1720 2805 et
1759 2759 1973 2805 montes
2025 2759 2078 2806 et
2119 2751 2310 2817 colles,
2371 2759 2426 2805 et
2467 2752 2573 2804 alia
2615 2765 2957 2821 quaecunque
3003 2747 3386 2804 communibus

137 2837 295 2892 verbis
324 2839 430 2895 boc
476 2843 533 2895 in
567 2842 688 2896 loco
725 2843 1074 2898 denominata
1114 2852 1262 2906 sunt,
1317 2851 1411 2897 aut
1439 2843 1506 2898 de
1535 2843 1724 2897 mundi
1765 2846 2176 2907 constitutione,
2213 2845 2286 2898 ita
2336 2844 2587 2914 accipere
2617 2852 2848 2914 oportet,
2883 2851 2940 2896 ut
2968 2858 2997 2896 a
3029 2850 3179 2912 parte
3208 2851 3384 2897 totum

136 2931 490 3004 intelligatur,
550 2949 644 2990 aut
688 2939 796 2990 alio
839 2954 1034 3008 genere
1086 2939 1269 3008 ﬁgura:
1317 2939 1688 3008 interpretari,
1759 2937 2140 2993 transferendo
2188 2938 2494 3008 signiﬁcata
2529 2953 2716 2992 eorum
2767 2937 2834 2990 ad
2879 2936 3247 3006 intelligibiles
3297 2952 3386 2991 es-

140 3029 342 3092 sentias,
391 3039 806 3101 potestatesque
853 3033 1068 3088 divinas
1115 3049 1128 3084 :
1173 3049 1309 3104 quas
1352 3049 1541 3088 omnes
1587 3044 1709 3088 ortu
1767 3050 1868 3089 suo
1915 3035 2189 3088 antecedit
2234 3034 2535 3103 Sapientia,
2590 3033 2897 3103 quibusque
2942 3031 3194 3086 omnibus
3244 3031 3386 3084 anti-

138 3119 280 3184 quius
328 3124 542 3178 exstitit
595 3125 838 3187 unicum,
881 3126 1164 3195 primoque
1226 3126 1465 3197 genitum
1518 3125 1612 3181 Dei
1664 3126 1924 3191 Verbum,
1967 3144 2126 3198 quem
2171 3144 2268 3182 nos
2316 3127 2595 3181 Christum
2652 3127 2925 3195 appellare
2969 3124 3377 3186 consuevimus,

141 3212 298 3268 edocti
343 3229 374 3269 a
416 3217 684 3284 magistro
710 3218 968 3288 Apostolo
1034 3219 1284 3274 dicente:
1321 3236 1338 3268 ι
1375 3217 1626 3274 Christus
1669 3218 1761 3274 Dei
1795 3221 1970 3274 virtus
2024 3228 2078 3275 et
2135 3219 2228 3273 Dei
2285 3218 2612 3289 sapientia".
2661 3237 2679 3268 ι
2717 3215 2823 3270 Sed
2877 3215 2965 3268 hic
3017 3214 3379 3285 appellatione

145 3303 413 3378 Sapientia:
453 3313 648 3366 merito
683 3323 909 3368 vocatus
934 3321 1019 3368 est
1051 3313 1217 3386 [sicut
1271 3316 1442 3370 solius
1469 3317 1734 3387 sapientis
1767 3316 1967 3382 Patris,
2006 3316 2442 3386 sapientissimas
2499 3323 2552 3369 ct
2599 3313 2840 3368 scientia:
2873 3319 3126 3380 parentes
3161 3310 3380 3365 univer-

145 3415 304 3455 sorum
331 3405 919 3477 contemplationes]...
952 3405 1170 3474 Reliqua
1200 3406 1404 3462 desunt.

651 3497 1045 3550 ΚΕΦΑΛΑΙΟΝ
1095 3497 1170 3550 B'.

712 3588 1121 3660 (’Axégmlor.)

217 3675 294 3728 Ἔν
335 3678 391 3732 δὲ
431 3679 508 3749 τῷ
548 3679 785 3750 δευτέρῳ
835 3681 1097 3751 σκήπτρῳ
1143 3679 1402 3752 βασιλικῷ
1439 3683 1612 3752 τιμᾷ·
1646 3683 1702 3734 ἐν

151 3761 196 3814 δὲ
216 3767 285 3837 τῷ
315 3770 514 3839 τρίτῳ,
542 3769 637 3839 τὴν
673 3770 792 3822 κατ’
824 3769 1022 3840 ἀρετὴν
1058 3769 1204 3840 αὑτῴ
1247 3771 1522 3824 τελείωσιν
1563 3787 1703 3840 μαρ-

151 3863 306 3927 τυρεῖ-
342 3857 438 3912 εἶτ’
472 3862 566 3912 ἐπὶ
595 3861 802 3924 τούτοις
833 3863 992 3915 αὑτὸν
1022 3863 1084 3931 δὴ
1119 3863 1302 3916 τοῦτον
1333 3863 1423 3914 τὸν
1449 3863 1578 3915 Θεὸν
1612 3864 1704 3916 καλ¹

155 3947 348 4014 βασιλέα
372 3952 656 4024 κεχρῖσοαι
688 3954 822 4025 πρὸς
853 3954 947 4006 τοῦ
978 3954 1255 4008 ἀνωτάτου
1283 3955 1520 4007 διδάσκει
1544 3953 1700 4015 Θεοῦ,

157 4041 229 4091 ui
248 4043 412 4116 ταύτῃ
446 4062 509 4112 γε
543 4045 777 4115 Χριστὸν
809 4046 1103 4114 γεγονέναι.
1143 4047 1205 4098 Τί
1231 4047 1336 4118 γὰρ
1371 4046 1435 4098 ἂν
1464 4047 1555 4098 καὶ
1585 4047 1701 4096 ὀνο-

159 4130 358 4196 μάσαιτό
385 4152 469 4198 τις
508 4135 600 4186 τὸν
639 4135 712 4205 μὴ
742 4135 832 4187 ὑπ’
864 4135 1161 4206 ἀνθρώπων
1186 4137 1304 4206 μὲν,
1339 4137 1429 4188 ὑπ’
1461 4134 1622 4189 αὑτοῦ
1647 4135 1701 4188 δὲ

157 4223 232 4274 τοῦ
257 4227 341 4278 ἐπὶ
376 4229 593 4280 πάντων
634 4227 767 4279 Θεοῦ
804 4229 1192 4298 κεχρισμένον;
1228 4229 1319 4281 ἐπὶ
1363 4227 1536 4298 τούτῳ
1572 4227 1701 4295 γοῦν

155 4330 319 4385 φησιν’
350 4338 368 4369 ι
407 4315 478 4370 ’Ὦ
501 4319 601 4371 Θεὲ
626 4319 782 4389 (πρὸς
809 4319 896 4371 τὸν
925 4319 1214 4390 χρισθέντα
1243 4319 1699 4388 ἀποτεινόμενος),

157 4405 416 4481 ἠγάπησας
461 4410 828 4481 δικαιοσύνην,
881 4411 974 4464 καὶ
1018 4411 1285 4481 ἐμίσησας
1329 4411 1574 4464 ἀδικίαν·
1615 4409 1702 4462 διὰ

156 4495 284 4552 τοῦτο
307 4502 414 4573 γὰρ
440 4501 626 4572 ἕχρισέ
656 4518 713 4554 σε
741 4501 768 4552 ό
799 4501 928 4564 Θεὸς
955 4503 982 4553 ὁ
1009 4502 1145 4564 Θεὸς
1178 4519 1290 4554 σου.
1331 4521 1348 4552 ι
1401 4501 1542 4554 Ὠσεὶ
1583 4501 1700 4552 ἐλε-

157 4600 256 4650 τεν·
287 4591 342 4644 '0
378 4591 474 4644 ἐπὶ
519 4592 738 4644 πάντων
766 4591 898 4654 Θεὸς
953 4592 1135 4663 ἑχρισέ
1166 4607 1223 4643 σε
1248 4592 1424 4644 ἔλαιον
1447 4589 1702 4658 ἀγαλλιά-

159 4694 267 4745 σεως
297 4684 448 4756 παρὰ
476 4686 603 4747 τοὺς
631 4685 889 4754 μετόχους
921 4700 1013 4736 σου
1033 4701 1045 4714 ’
1086 4683 1225 4736 ὥστε
1251 4683 1369 4735 οὐδὲ
1401 4683 1576 4734 κοινὸν
1607 4682 1701 4734 καὶ

157 4771 324 4836 γεῶδες
363 4775 426 4828 τὸ
467 4775 794 4845 δηλούμενον
833 4774 990 4826 τοῦτο
1017 4775 1224 4844 χρίσμα
1249 4769 1316 4843 ἦν
1338 4813 1350 4833 ,
1378 4773 1494 4824 οὐδὲ
1519 4773 1700 4842 ὅμοιον

157 4861 218 4931 τῷ
237 4866 375 4937 παρὰ
391 4868 584 4920 Μωσεῖ
603 4864 1079 4935 νενομοθετημένῳ
1107 4865 1200 4917 καὶ
1222 4863 1463 4935 φθαρτῆς
1485 4863 1543 4926 ἐξ
1569 4863 1700 4934 ῦλης

158 4958 638 5028 κατεσκευασμένῳ,
661 4951 705 5024 ᾧ
729 4957 880 5026 φίλον
901 4952 968 5027 ἦν
996 4961 1119 5019 τοὺς
1141 4955 1402 5017 παλαιοὺς
1438 4954 1700 5026 Ἐϐραίων

157 5047 300 5120 ἱερέας
340 5054 434 5106 καὶ
471 5051 722 5122 βασιλέας
773 5051 1038 5123 χρίεσθαι.
1070 5050 1259 5103 Ἐνοεν
1305 5051 1436 5120 ἡμῖν
1478 5049 1700 5111 εἰκότως

158 5143 227 5193 καὶ
246 5143 369 5206 Θεὸς
387 5143 526 5216 όμοῦ
551 5143 643 5197 καὶ
677 5143 908 5213 Χριστὸς
931 5142 1290 5212 ἀνηγόρευται
1311 5178 1324 5201 ,
1369 5139 1515 5192 ὼσὰν
1545 5140 1701 5208 μόνος

160 5233 215 5305 μὴ
245 5237 303 5289 δι’
336 5235 665 5308 ἀνθρώπων,
701 5236 822 5308 μηδ’
848 5235 905 5300 ἐξ
931 5233 1230 5304 ἀνθρώπων
1249 5273 1262 5295 ,
1291 5232 1425 5304 πρὸς
1451 5229 1612 5284 αὐτοῦ
1645 5232 1702 5284 δὲ

157 5326 226 5378 τοῦ
245 5329 344 5382 τῶν
363 5330 502 5382 ὅλων
535 5327 768 5398 Ποιητοῦ
794 5328 893 5397 τῆς
920 5327 1102 5378 ἐνθέου
1125 5327 1296 5397 χαρᾶς
1325 5325 1419 5377 καὶ
1445 5323 1699 5391 ἀγαλλιά-

160 5431 264 5482 σεως
289 5422 566 5491 ἀσωμάτῳ
590 5419 682 5472 καὶ
707 5419 998 5487 θεοπρεπεῖ
1031 5416 1286 5486 χρίσματι
1307 5413 1660 5484 κεχρισμένος
1679 5429 1694 5443 ·

158 5506 314 5584 διόπερ
351 5514 576 5575 ἐνδίκως
605 5511 762 5581 μόνος
789 5509 1006 5579 ἀγαθῶς
1036 5509 1128 5561 καὶ
1160 5508 1362 5578 κυρίως
1393 5504 1541 5576 παρὰ
1571 5503 1697 5566 τοὺς

159 5599 554 5674 ὀνομαζομένους
579 5601 742 5655 αὑτοῦ
778 5599 1035 5671 μετόχους
1063 5596 1291 5667 Χριστος
1320 5595 1384 5648 ἂν
1406 5595 1700 5664 ἀναγορευ-

164 5689 275 5765 θείη.
305 5700 364 5750 οι
397 5697 614 5767 μέτοχοι
639 5694 697 5748 δὲ
713 5691 876 5746 αὑτοῦ
899 5691 1038 5754 τίνες
1064 5689 1130 5742 ἂν
1158 5685 1286 5754 εἷεν,
1303 5688 1336 5758 ἢ
1356 5689 1404 5740 οἱ
1419 5685 1520 5740 οἷοί
1544 5703 1600 5738 τε
1618 5685 1703 5738 λέ-

219 5850 238 5882 δ
264 5851 382 5926 Sap.
423 5871 521 5924 vn,
553 5851 745 5908 25-26.
775 5852 795 5884 '
829 5850 1016 5907 Matth.
1048 5866 1124 5916 xi,
1159 5849 1247 5904 ‘27.
1353 5851 1372 5881 ‘
1401 5849 1530 5907 ibid.

2423 3489 2654 3543 CAPUT
2699 3489 2760 3543 ll.

2363 3582 2511 3652 (Sine
2542 3581 2843 3650 principio.)

1873 3671 1932 3727 In
1965 3674 2206 3728 secundo
2233 3683 2436 3736 autem,
2469 3675 2672 3743 sceptri
2706 3675 2903 3744 regalis
2931 3676 3135 3730 honore
3168 3675 3376 3731 donat:

1805 3764 1859 3819 in
1889 3767 2051 3819 tertio
2073 3780 2202 3820 vero
2234 3765 2488 3836 perfecta:
2520 3765 2736 3818 virtutis
2757 3767 2831 3819 illi
2856 3766 2948 3820 dat
2967 3767 3338 3822 testimonium
3360 3811 3378 3835 ,

1805 3864 1992 3926 postca
2034 3858 2209 3926 ipsum
2251 3857 2394 3910 hunc
2429 3872 2593 3926 super
2625 3857 2692 3911 iis
2723 3864 2778 3911 et
2807 3856 2975 3911 Deum
3009 3867 3061 3912 ct
3108 3873 3312 3928 regem,
3347 3873 3378 3912 a

1805 3963 2062 4017 supremo
2120 3949 2230 4004 Deo
2290 3957 2538 4003 unctum'
2569 3965 2690 4004 esse
2737 3948 2916 4016 docet,
2953 3958 3006 4004 et
3056 3964 3119 4004 ea
3165 3951 3376 4004 ratione

1802 4039 2081 4095 Christum
2107 4041 2382 4096 exstitisse
2419 4060 2431 4094 :
2463 4041 2592 4110 quid
2620 4041 2764 4096 enim
2797 4041 2943 4095 aliud
2976 4041 3241 4111 quispiam
3277 4057 3378 4094 no-

1803 4131 1971 4184 minet
2024 4147 2172 4194 eum,
2206 4132 2298 4201 qui
2354 4147 2462 4185 non
2523 4133 2591 4185 ab
2641 4131 2976 4194 hominibus,
3009 4131 3102 4185 sed
3147 4131 3215 4185 ab
3258 4132 3376 4200 ipso

1803 4235 2058 4289 supremo
2104 4219 2213 4275 Deo
2253 4221 2324 4276 sit
2378 4220 2618 4273 unctus?
2663 4219 2730 4273 de
2775 4219 2880 4273 hoc
2921 4219 3085 4288 igitur
3125 4216 3201 4269 ait
3263 4233 3275 4266 :
3329 4217 3375 4272 Ο

1803 4309 1967 4374 Deus,
1997 4310 2064 4364 ad
2100 4326 2223 4364 eum
2278 4311 2370 4380 qui
2411 4317 2610 4364 unctus
2641 4318 2724 4364 est
2763 4323 3066 4364 sermonem
3107 4305 3371 4376 dirigens.

1805 4397 2072 4454 «dilexisti
2088 4397 2377 4467 justitiam,
2399 4407 2452 4454 et
2502 4399 2664 4454 odisti
2696 4400 3032 4468 iniquitatem
3066 4415 3078 4448 :
3122 4403 3371 4464 pr0pter-

1801 4507 1863 4546 ea
1898 4494 2044 4546 enim
2079 4491 2236 4544 unxit
2299 4500 2351 4546 te
2404 4490 2570 4553 Deus,
2606 4489 2745 4544 Deus
2777 4487 2960 4542 tuus“.
3003 4505 3020 4537 ι
3054 4484 3122 4539 Ut
3149 4485 3192 4540 si
3225 4485 3376 4538 dice-

1801 4591 1914 4648 ret,
1948 4581 2090 4637 Deus
2131 4581 2292 4637 Pater
2338 4583 2492 4635 unxit
2537 4592 2588 4636 te
2643 4582 2764 4636 oleo
2821 4579 3219 4643 exsultatiouis,
3265 4594 3373 4648 prae

1802 4676 2156 4745 participibus
2187 4675 2296 4729 tuis
2330 4693 2343 4728 :
2377 4674 2448 4728 ita
2485 4689 2661 4744 neque
2683 4687 2972 4727 commune
3005 4679 3058 4725 et
3090 4679 3365 4724 terrenum

1801 4776 1883 4821 est
1913 4767 2015 4820 hoc
2037 4767 2104 4821 de
2139 4781 2246 4835 quo
2273 4766 2450 4836 agitur
2481 4775 2836 4834 unguentum,
2871 4778 3048 4832 neque
3092 4761 3168 4814 illi
3198 4759 3376 4815 simile

1805 4857 1948 4928 quod
1980 4857 2121 4927 apud
2153 4857 2390 4928 Moysem
2424 4858 2539 4928 lege
2565 4857 2834 4912 sancitum
2864 4863 2969 4919 est,
3003 4862 3058 4909 et
3089 4870 3154 4908 ex
3183 4868 3376 4906 corru-

1805 4948 1977 5018 ptioni
1999 4949 2233 5004 obnoxia
2259 4949 2482 5002 materia
2507 4957 2902 5018 comparatum,
2921 4962 3028 5018 quo
3055 4961 3187 5001 sane
3206 4946 3376 4999 moris

1806 5045 1983 5100 fuerat
2012 5053 2220 5099 veteres
2235 5043 2489 5099 Hebraeos
2524 5050 2579 5096 et
2613 5043 2925 5097 sacerdotes
2954 5049 3009 5095 et
3032 5055 3187 5109 reges
3210 5038 3374 5092 inun-

1805 5153 1933 5207 gere
1967 5156 1979 5190 :
2016 5137 2142 5191 inde
2192 5137 2349 5190 nobis
2396 5135 2608 5196 merito,
2641 5141 2696 5188 et
2741 5133 2883 5186 Deus
2931 5129 3093 5185 simul
3129 5135 3181 5182 et
3214 5127 3375 5181 Chri-

1807 5237 1925 5284 stus
1960 5219 2265 5298 appellatus
2297 5235 2401 5289 est,
2433 5237 2689 5294 tanquam
2729 5225 2776 5278 is
2803 5224 2893 5293 qui
2926 5221 3094 5282 solus,
3129 5236 3236 5273 non
3277 5235 3373 5290 per

1805 5320 2075 5382 homines,
2136 5333 2310 5387 neque
2358 5317 2426 5370 ab
2477 5315 2810 5376 hominibus,
2841 5313 2910 5366 ab
2952 5312 3067 5379 ipso
3097 5325 3225 5364 vero
3253 5311 3375 5362 uni-

1803 5409 1946 5464 versi
1980 5408 2218 5463 Auctore
2263 5407 2462 5462 divinze
2496 5405 2693 5459 lmtitiae
2746 5411 2909 5472 atque
2965 5400 3369 5462 exsultationis.

1803 5508 2126 5573 incorporeo
2152 5509 2206 5555 et
2240 5500 2330 5554 Dei
2356 5499 2640 5568 majestate
2665 5496 2827 5566 digno
2852 5501 3130 5564 unguento
3163 5493 3235 5546 sit
3262 5508 3368 5545 un-

1805 5607 1928 5650 ctus
1971 5614 1984 5649 :
2027 5600 2360 5664 quapropter
2393 5592 2540 5658 juste
2585 5589 2755 5650 solus,
2789 5588 2907 5642 sine
2953 5584 3155 5639 malitia
3198 5585 3372 5649 solus,

1808 5686 1946 5741 bene
1975 5693 2029 5739 et
2059 5684 2224 5754 213
2254 5680 2492 5752 proprie,
2519 5695 2628 5751 prae
2650 5679 2716 5734 iis
2752 5679 2844 5747 qui
2875 5678 3045 5747 ipsius
3076 5675 3366 5746 participes

1653 5851 1672 5882 "
1712 5848 1730 5903 l
1793 5847 1920 5903 Cor.
1955 5863 1994 5916 ι,
2023 5846 2115 5900 ‘24.
2192 5845 2212 5876 '
2244 5842 2386 5900 Psal.
2422 5857 2570 5907 κων,
2607 5841 2658 5894 8.
