3954 6508
527 411 634 466 359

515 522 894 580 nominantur,
942 515 1197 571 Christus
1241 511 1562 582 appelletur.
1617 507 1921 578 Participes
1969 521 2102 562 vero
2131 512 2176 566 Α

511 619 634 686 ejus
655 615 877 684 quinam
905 623 1092 680 qureso
1125 607 1259 668 sint,
1282 603 1392 658 nisi
1420 604 1459 656 ii
1489 604 1582 673 qui
1615 601 1800 656 dicere
1821 605 2053 670 possunt
2079 615 2097 654 :

525 728 544 760 ‹
584 705 888 774 Partieipes
903 702 1048 756 enim
1083 699 1211 752 facti
1233 711 1423 752 sumus
1451 694 1658 750 Christi
1677 693 1734 745 9?
1763 713 1780 744 ι
1803 691 1878 745 De
1903 690 2102 760 quibus

515 802 723 855 dictum
757 803 841 850 est
875 811 888 844 :
931 812 950 844 ‹
999 789 1178 845 Nolite
1209 798 1434 858 tangere
1472 786 1712 840 christos
1738 797 1910 844 meos,
1950 789 2006 836 et
2046 781 2102 835 in

517 891 800 963 praphetis
851 886 986 942 meis
1037 885 1206 938 nolite
1256 880 1632 952 malignari”.
1683 897 1702 930 ›
1751 879 1881 931 Item
1937 875 2103 945 igitur

520 997 644 1036 cum
685 981 740 1033 in
788 978 874 1032 his
928 976 1087 1046 plane
1123 972 1377 1028 Christus
1405 968 1738 1039 apparuerit,
1763 975 1816 1022 et
1844 965 2100 1024 dilectus.

522 1081 576 1128 et
609 1071 774 1136 Deus,
801 1078 858 1124 et
905 1085 1022 1129 rex,
1053 1073 1270 1134 tempus
1293 1063 1360 1116 de
1389 1062 1482 1114 illo
1511 1069 1570 1114 ut
1606 1072 1938 1129 quaeramus,
1967 1070 2106 1125 quo-

521 1163 706 1226 modo,
738 1161 957 1232 quitain
981 1156 1205 1228 grandis
1240 1153 1330 1216 sit,
1364 1152 1615 1207 inimicos
1637 1151 1836 1204 habere
1863 1148 2100 1210 dicatur,

523 1261 578 1309 et
605 1267 872 1325 quosnam
907 1251 1066 1309 istos,
1097 1255 1150 1300 et
1177 1251 1399 1314 propter
1428 1257 1588 1311 quam
1626 1254 1870 1297 causam.
1910 1237 2104 1292 adver-

523 1363 620 1404 sus
653 1360 792 1417 quos
837 1356 967 1397 suas
1014 1339 1262 1408 sagittas,
1292 1351 1562 1404 suumque
1593 1335 1832 1404 gladium
1865 1333 2103 1392 exacuit,

523 1447 577 1496 et
609 1453 718 1508 quo
749 1444 908 1506 pacto
951 1431 1117 1486 nullis
1159 1431 1328 1484 armis
1378 1429 1648 1482 instructa
1678 1427 1816 1489 acie,
1850 1426 1943 1480 sed
1981 1440 2107 1494 pro-

523 1541 646 1602 pter
678 1534 961 1583 veritatem
993 1535 1046 1580 et
1091 1522 1564 1577 mansuetudinem
1596 1528 1651 1574 et
1695 1519 1990 1588 justitiam,
2025 1517 2102 1570 in-

525 1621 894 1680 numerabiles
925 1619 1028 1674 sibi
1063 1617 1166 1686 ipsi
1199 1616 1478 1686 subegerit
1511 1616 1763 1684 populos.
1802 1612 1903 1678 Qui
1937 1613 2110 1680 igitur

527 1718 646 1771 haec
692 1713 1007 1784 diligentius
1037 1711 1252 1781 quaerit,
1283 1711 1429 1764 hunc
1459 1714 1678 1777 oportet
1710 1721 1776 1760 ea
1809 1703 2112 1759 transferre

529 1809 596 1863 ad
628 1807 963 1861 Salvatorem
991 1821 1053 1859 ac
1081 1805 1370 1858 Dominum
1399 1809 1651 1856 nostrum
1671 1797 1878 1858 Jesum.
1904 1797 1995 1867 qui
2022 1803 2104 1851 est

528 1896 784 1954 Christus
811 1894 926 1959 Dei,
957 1905 1010 1949 et
1045 1893 1112 1948 ad
1171 1907 1232 1946 ea
1283 1905 1566 1945 recurrere
1614 1903 1736 1959 quae
1763 1888 1832 1942 de
1865 1887 2012 1942 illius
2043 1886 2110 1940 ad
2143 1869 2184 1922 Β

531 1987 782 2043 homines
837 1984 1070 2039 adventu
1116 1998 1146 2036 a
1179 1982 1341 2036 nobis
1369 1981 1614 2051 exposita
1647 1987 1777 2034 sunt
1809 1999 1824 2033 :
1861 1978 1952 2033 ubi
1985 1993 2108 2031 cum

531 2079 844 2136 hostiles-et
871 2077 1048 2130 visum
1091 2083 1344 2130 nostrum
1375 2072 1693 2142 eiIugientes
1715 2070 2111 2140 ﬂagitiosoruin

531 2185 598 2224 ac
629 2169 918 2223 noxiorum
954 2167 1260 2222 daemonum
1297 2179 1699 2234 pravorumque
1728 2173 1891 2232 atque
1933 2163 2112 2232 impu-

530 2277 719 2317 rorum
735 2260 1026 2331 spirituum
1056 2264 1356 2328 potestates
1372 2255 1504 2310 dare
1530 2263 1681 2325 terga
1707 2255 1968 2325 coegerit,
1991 2270 2116 2324 per-

532 2369 696 2426 quam
747 2350 1172 2407 innumera'hiles
1214 2350 1320 2406 sibi
1353 2349 1458 2420 ipsi
1491 2365 1558 2404 ex
1591 2347 1847 2402 omnibus
1881 2347 2118 2401 nationi-

529 2446 634 2502 bus
659 2446 888 2517 populos
907 2442 1244 2513 comparavit
1300 2461 1314 2496 :
1364 2457 1526 2512 quem
1551 2441 1678 2495 inde
1706 2441 1872 2494 etiam
1923 2453 2116 2494 verum

531 2535 630 2592 Dei
661 2535 938 2591 Christum
976 2535 1254 2605 appellare
1283 2533 1598 2598 conveniat,
1637 2532 1836 2601 quippe
1867 2531 1962 2600 qui
2007 2547 2116 2584 non

534 2629 812 2684 communi
853 2628 996 2690 oleo,
1043 2635 1104 2682 ut
1158 2627 1326 2697 prisci
1356 2630 1779 2686 consueverant,
1806 2623 1880 2678 sit
1921 2631 2119 2678 unctus

536 2720 736 2788 (neque
767 2717 933 2772 etiam
967 2718 1072 2772 tale
1109 2717 1406 2789 quidquam
1445 2715 1512 2770 de
1541 2715 1634 2768 illo
1664 2715 1944 2768 memoria:
1993 2729 2120 2783 pro-

535 2809 710 2864 ditum
759 2807 886 2881 est),
952 2809 1043 2864 sed
1091 2808 1459 2878 prmstantiori
1523 2807 1759 2876 quodam
1828 2804 2122 2874 divinoque

535 2908 837 2971 unguento,
868 2917 932 2954 ex
959 2915 1068 2970 quo
1097 2902 1283 2969 utique
1309 2900 1474 2955 etiam
1517 2915 1614 2970 per
1643 2897 1861 2962 Isaiam,
1897 2898 1979 2952 sic
2006 2899 2081 2952 ait
2105 2915 2118 2951 :

541 3011 561 3044 ε
597 2991 836 3063 Spiritus
882 2990 1100 3047 Domini
1150 3007 1314 3062 super
1358 3007 1466 3055 me,
1518 2998 1739 3061 propter
1774 2990 1920 3061 quod
1967 2991 2124 3044 unxit

536 3086 770 3140 ine“.‘i
806 3083 1078 3149 Quocirca
1129 3082 1270 3136 inter
1326 3097 1519 3137 omnes
1567 3082 1951 3152 potissimum,
2001 3081 2126 3151 qui-

538 3193 755 3248 cunque
803 3191 1045 3246 unquam
1090 3173 1234 3246 apud
1288 3172 1544 3230 Hebraeos
1598 3173 1938 3262 corporalius
1968 3171 2119 3226 uncti
2149 3206 2191 3262 ε

540 3275 690 3332 Sunt,
729 3265 880 3322 solus
913 3265 968 3318 in
1001 3271 1117 3318 toto
1153 3262 1286 3318 orbe
1329 3269 1602 3316 terrarum
1651 3259 1796 3330 apud
1833 3260 2122 3314 universos

539 3358 746 3414 Christi
797 3356 1018 3410 nomine
1065 3355 1398 3418 celebratur,
1449 3361 1503 3408 et
1553 3351 1998 3407 Christianorum
2055 3349 2126 3403 ab

542 3447 664 3518 ipso
708 3445 940 3502 deducta
990 3445 1376 3515 appellatione,
1409 3451 1578 3497 totam
1632 3458 1754 3512 qua:
1807 3441 2125 3496 habitantur

543 3545 744 3591 terram
792 3536 1034 3606 implevit
1072 3555 1084 3590 :
1117 3535 1520 3606 quodammodo
1588 3541 1770 3588 autem
1825 3534 1978 3587 illum
2023 3548 2127 3587 un-

543 3635 692 3684 ctum
722 3643 844 3684 esse
872 3627 1142 3690 dicamus,
1177 3635 1232 3682 et
1276 3627 1406 3696 quid
1440 3627 1545 3681 hoc
1576 3625 1650 3679 sit
1684 3633 2044 3697 unguentum,
2072 3633 2128 3680 et

543 3721 800 3792 quisnam
877 3719 1155 3772 unctionis
1213 3717 1430 3780 modus,
1495 3715 1714 3772 abunde
1791 3715 1924 3772 satis
1987 3717 2127 3770 libro

545 3815 727 3883 priore
781 3811 1157 3866 tractavimus.
1199 3809 1369 3864 Porro
1429 3810 1483 3864 in
1537 3809 1702 3878 hujus
1753 3809 1916 3864 labiis
1965 3816 2128 3877 atque

547 3904 799 3960 doctrina
829 3911 980 3956 tanta
1014 3901 1187 3955 eﬂ‘usa
1217 3911 1302 3955 est
1331 3900 1532 3970 gratia,
1569 3909 1630 3954 ut
1671 3901 1824 3955 brevi
1860 3909 2124 3968 tempore,

547 4011 613 4052 ea
644 4010 766 4066 quae
799 3995 868 4049 ab
900 3994 1021 4064 ipso
1045 3993 1372 4048 denuntiata
1396 3999 1500 4056 est,
1535 3992 1899 4047 sanctimonia
1928 3999 1982 4046 et
2015 3992 2129 4061 pie-

547 4096 679 4151 tate,
705 4101 922 4142 omuem
947 4085 1126 4140 locum
1157 4085 1485 4156 impleverit.
1519 4084 1707 4154 Itaque
1736 4084 1849 4153 jam
1884 4098 2029 4137 nunc
2074 4083 2129 4137 in

549 4179 806 4234 omnibus
855 4178 1104 4249 gentibus
1141 4175 1285 4247 apud
1330 4191 1425 4233 eos
1472 4177 1566 4246 qui
1609 4176 1913 4231 doctrinam
1956 4175 2128 4244 ipsius

551 4269 850 4339 accipiunt,
884 4267 1236 4336 comprobata
1287 4267 1408 4335 ejus
1463 4267 1779 4340 prophetia),
1818 4281 1939 4336 quae
1985 4282 2130 4320 nunc

553 4363 608 4416 in
673 4361 928 4416 manibus
998 4367 1118 4422 est,
1206 4359 1435 4414 veritate
1471 4399 1486 4424 ,
1568 4367 1624 4413 et
1699 4358 1844 4429 regis
1911 4365 1966 4412 et
2035 4356 2130 4410 Dei

553 4451 780 4519 gloriam
849 4449 1078 4518 adeptus
1123 4455 1228 4514 est,
1284 4455 1339 4502 et
1411 4447 1556 4518 apud
1625 4463 1786 4502 omne
1850 4446 2130 4502 hominum

1169 395 1440 454 EUSEBII
1471 390 1952 452 CAESARIENSIS
1984 386 2114 444 OPP

2220 383 2370 439 ΑΗΒ.
2405 381 2470 437 II.
2513 411 2582 422 ——
2621 376 3120 436 APOLOGETICA.

2204 520 2322 571 γειν
2347 519 2360 532 ·
2397 520 2416 553 ι
2447 500 2682 570 Μέτοχοι
2710 498 2820 570 γὰρ
2839 497 3144 567 γεγόναμεν
3171 489 3410 564 Χριστοῦ
3439 508 3454 557 ;
3494 509 3512 541 ι
3551 507 3620 543 πε
3629 489 3694 561 pl
3735 483 3818 541 ὧν

2201 592 2418 663 εἴρηται
2439 607 2453 620 ο
2483 609 2501 641 ‹
2540 591 2631 660 Μὴ
2667 587 2902 642 ἀπτεσθε
2927 585 3033 639 τῶν
3059 583 3294 656 χριστῶν
3321 599 3420 652 μου
3441 619 3456 644 ,
3483 581 3576 633 καὶ
3607 582 3676 632 ὲν
3697 581 3818 642 τοῖς

2202 683 2509 755 προφήταις
2541 697 2642 752 μου
2681 677 2756 750 μὴ
2781 695 2914 748 πονη
2927 676 3171 749 ρεύεσθε.
3205 694 3222 726 ι
3253 674 3364 727 Καὶ
3393 673 3458 740 δὴ
3488 668 3816 740 πεφηνότος

2201 775 2289 828 διὰ
2309 773 2511 827 τούτων
2537 773 2723 841 σαφῶς
2751 769 2842 823 τοῦ
2869 766 3104 840 Χριστοῦ
3141 763 3426 835 ἀγαπητοῦ
3449 803 3462 824 ,
3499 763 3594 816 καὶ
3626 760 3781 813 Θεοῦ
3799 798 3816 820 ,

2201 867 2296 920 καὶ
2326 865 2590 936 βασιλέως
2615 903 2629 926 ,
2659 861 2778 933 ὦρα
2819 877 2879 912 σε
2919 861 3122 930 ζητεῖν,
3159 860 3186 910 ὁ
3220 855 3536 926 τηλικοῦτος
3561 853 3693 914 πῶς
3727 853 3820 922 ἐχ-

2203 961 2365 1032 θροὺς
2397 959 2545 1030 ἔχειν
2569 957 2814 1025 λέγεται,
2847 955 2942 1006 κοιλ⁴
2969 953 3142 1016 τίνας,
3165 952 3260 1005 καὶ
3277 951 3342 1002 δι’
3362 950 3428 1020 ἣν
3449 948 3658 1010 αἰτίαν,
3687 944 3820 999 καθ’

2203 1048 2278 1108 ὧν
2311 1053 2380 1106 τὰ
2412 1050 2604 1105 ἑαυτοῦ
2636 1049 2790 1120 βέλη,
2815 1046 2910 1101 καὶ
2943 1049 3042 1117 τὴν
3073 1044 3266 1100 ἑαυτοῦ
3297 1043 3568 1114 ῥομφαίαν
3599 1041 3818 1109 ηκονή-

2205 1163 2369 1211 σατο,
2418 1146 2565 1206 ὅπως
2597 1160 2657 1195 τε
2703 1143 2763 1195 ού
2816 1141 2880 1192 δι’
2919 1138 3203 1208 ὁπλιτικῆς
3250 1135 3646 1206 παρατάξεως,
3695 1131 3816 1184 ἀλλ’

2204 1239 2386 1292 ἕνεκεν
2425 1235 2682 1304 ἀληθείας
2707 1233 2800 1286 καὶ
2833 1231 3138 1302 πραότητος
3185 1227 3277 1279 καὶ
3313 1222 3670 1291 δικαιοσύνης
3721 1239 3821 1290 pu-

2208 1333 2356 1403 ρίους
2378 1329 2690 1398 ὑπηγάγετο
2705 1324 2882 1395 ἑαυτῷ
2897 1323 3077 1387 λαούς.
3105 1319 3403 1384 Ζητοῦντας
3426 1317 3535 1388 γὰρ
3559 1313 3822 1386 ἀκριϐῶς

2205 1422 2380 1476 ταῦτα
2401 1461 2414 1484 ,
2443 1421 2622 1484 καλῶς
2657 1417 2721 1472 ἀν
2753 1418 2864 1488 ἔχοι
2899 1415 3223 1488 μεταφέρειν
3255 1413 3393 1466 αύτά
3431 1410 3524 1463 ἐπὶ
3559 1408 3656 1460 τὸν
3701 1407 3820 1459 Σω-

2208 1516 2349 1586 τῆρα
2371 1515 2467 1567 καὶ
2491 1512 2692 1584 Κύριον
2723 1509 2879 1581 ἡμῶν
2904 1507 3111 1578 Ἰησοῦν
3139 1507 3230 1558 τὸν
3259 1503 3491 1574 Χριστὶν
3524 1500 3620 1554 τοῦ
3651 1498 3820 1560 Θεοῦ,

2210 1606 2576 1678 ἀνατρέχοντα
2598 1603 2692 1656 ἐπὶ
2719 1601 2787 1654 τά
2815 1599 3064 1664 διεξωδευ
3073 1597 3208 1669 μένα
3241 1595 3368 1667 περὶ
3387 1595 3484 1664 τῆς
3503 1596 3582 1655 εἰς
3607 1590 3822 1664 ἀνδρῶν

2213 1715 2348 1761 πους
2373 1696 2538 1750 αὑτοῦ
2563 1695 2820 1766 παρόδου,
2845 1693 2965 1748 καθ’
2995 1693 3059 1763 ἢν
3082 1691 3180 1753 τὰς
3205 1687 3404 1760 ἐχθράς
3427 1686 3522 1740 καὶ
3540 1685 3823 1756 ἀοράτους

2215 1791 2472 1861 δυνάμεις
2514 1788 2622 1840 τῶν
2669 1786 2958 1859 μοχθηρῶν
2991 1788 3085 1838 καὶ
3125 1779 3470 1851 λυμαντικῶν
3513 1778 3818 1848 δαιμόνων,

2213 1884 2319 1936 τῶν
2353 1899 2410 1934 τε
2450 1879 2702 1951 πονηρῶν
2740 1879 2833 1932 καὶ
2861 1875 3189 1946 ἀκαθάρτων
3225 1869 3553 1941 πνευμάτων
3583 1885 3820 1940 τρόπω.

2213 1976 2480 2044 σάμενος,
2527 1970 2752 2042 μυρίους
2793 1970 2953 2030 ὅσους
3007 1963 3189 2034 ἐαυτῷ
3233 1962 3394 2024 λαοὺς
3445 1959 3504 2024 ἐξ
3551 1959 3822 2012 ἁπάντων

2212 2068 2319 2121 τῶν
2345 2065 2514 2120 ἐθνῶν
2547 2064 2912 2133 συνεστήσατο
2929 2077 2942 2089 °
2971 2059 3030 2112 ὃν
3054 2058 3146 2111 καὶ
3177 2055 3410 2128 Χριστὸν
3433 2052 3616 2124 ἀληθῆ
3643 2067 3819 2122 προσ-

2215 2161 2337 2230 ήκοι
2369 2158 2433 2212 ἂν
2466 2155 2560 2209 τοῦ
2586 2153 2720 2208 Θεοῦ
2749 2152 2998 2207 ὲνθεῦθεν
3021 2147 3395 2222 ἀναγορεύειν,
3417 2146 3478 2198 ού
3511 2143 3688 2214 κοινῷ
3717 2143 3818 2212 μὲν

2215 2251 2380 2320 ὲλαίῳ
2407 2249 2514 2303 τῶν
2544 2247 2714 2302 πάλαι
2767 2244 3012 2316 συνήθως
3035 2242 3327 2314 χρισθέντα
3371 2238 3526 2311 [οὔτε
3554 2233 3652 2290 οὖν
3683 2239 3820 2288 ἱστο⁹

2220 2342 2392 2415 ρεῖταί
2429 2359 2478 2395 τι
2531 2340 2660 2413 περὶ
2700 2338 2864 2392 αὑτοῦ
2903 2336 3186 2404 τοιοῦτον),
3216 2332 3484 2406 κρείττονι
3517 2329 3575 2382 δὲ
3599 2329 3706 2382 καὶ
3735 2329 3820 2380 ὲν-

2219 2436 2326 2506 θέῳ
2382 2434 2666 2508 χρίσματι,
2705 2431 2833 2503 παρ’
2883 2430 2912 2484 ὃ
2971 2430 3035 2500 δὴ
3082 2428 3176 2482 καὶ
3223 2427 3310 2479 διὰ
3359 2424 3582 2478 Ἡσαΐου
3641 2419 3812 2492 φησί·

2223 2547 2242 2577 ‹
2285 2525 2510 2596 Πνεῦμα
2541 2524 2747 2595 Κυρίου
2775 2522 2861 2575 ἐπ’
2908 2521 3008 2592 ἐμὲ
3036 2561 3050 2584 ,
3083 2515 3144 2574 οὗ
3189 2519 3396 2572 εἵνεκεν
3433 2513 3617 2586 ἔχρισέ
3657 2529 3750 2582 με.
3795 2529 3811 2559 ι

2223 2619 2384 2672 Ὅθεν
2401 2619 2494 2672 καὶ
2519 2617 2718 2689 μᾶλλον
2747 2615 3000 2668 ἀπάντων
3019 2612 3126 2666 τῶν
3145 2610 3366 2664 πώποτε
3387 2608 3512 2678 παρ’
3538 2604 3818 2674 Ἑϐραίοις

2222 2708 2676 2780 σωματικώτερον
2704 2704 3039 2778 χρισθέντων
3071 2705 3231 2775 μόνος
3261 2701 3364 2755 ἀνὰ
3401 2701 3579 2753 πᾶσαν
3611 2697 3719 2765 τὴν
3753 2695 3818 2745 οἱ·

2223 2822 2319 2858 κου
2329 2804 2498 2874 μένην
2527 2801 2762 2872 Χριστὸς
2789 2797 2940 2870 παρὰ
2966 2800 3079 2860 τοῖς
3118 2797 3250 2848 πᾶσι
3285 2792 3559 2864 βεϐόηται,
3589 2789 3691 2840 καὶ
3719 2785 3816 2854 τῆς

2223 2895 2282 2960 ἐξ
2327 2894 2492 2950 αὐτοῦ
2537 2892 2877 2964 Χριστιανῶν
2932 2886 3307 2961 προσηγορίας
3363 2883 3460 2954 τὴν
3515 2880 3816 2950 σύμπασαν

2223 2986 2458 3058 ἔπλησεν
2474 2984 2820 3054 οἰκουμένην.
2841 2983 3028 3043 Ὅπως
3046 2979 3099 3032 δέ
3117 2996 3191 3046 φα
3199 2994 3294 3048 μεν
3324 2975 3482 3028 αὑτὸν
3503 2970 3813 3042 κεκρίσθαι,

2225 3081 2319 3134 καὶ
2345 3079 2396 3132 τί
2419 3077 2480 3131 τὸ
2501 3077 2731 3149 χρίσμα,
2769 3075 2863 3127 καὶ
2886 3072 2969 3136 τίς
3001 3073 3030 3124 ὁ
3062 3073 3160 3141 τῆς
3190 3069 3420 3140 χρίσεως
3451 3065 3682 3136 τρόπος,
3717 3061 3815 3114 αὑ-

2225 3171 2444 3240 τάρκως
2469 3171 2527 3222 ἐν
2550 3166 2628 3238 τῷ
2658 3166 2763 3237 πρὸ
2786 3163 2974 3218 τούτου
3008 3161 3400 3232 συγγράμματι
3433 3156 3813 3225 διειλήφαμεν.

2224 3260 2426 3314 Τούτου
2471 3259 2529 3312 δὲ
2562 3262 2618 3312 ἐν
2655 3259 2768 3321 τοῖς
2807 3254 3012 3328 χείλεσι
3045 3252 3138 3305 καὶ
3183 3252 3238 3302 ὲν
3277 3252 3342 3320 τῇ
3381 3243 3705 3315 διδασκαλία
3739 3258 3816 3294 το-

2227 3350 2401 3421 σαύτη
2425 3347 2700 3420 κατεχύθη
2728 3347 2888 3419 χάρις
2906 3386 2920 3410 ,
2957 3345 3033 3406 ὡς
3059 3344 3114 3394 ἐν
3147 3341 3311 3409 ὀλίγῳ
3337 3339 3512 3393 πάντα.
3535 3338 3702 3389 τόπον
3731 3337 3815 3404 ἐμ·

2225 3443 2426 3516 πλῆσαι
2471 3443 2568 3513 τῆς
2613 3440 2748 3512 πρὸς
2794 3437 2957 3492 αὐτοῦ
3007 3431 3469 3502 καταγγελθείσης
3504 3427 3812 3490 εὐσεϐείας·

2226 3515 2365 3589 ὥστε
2383 3535 2481 3606 ἤδη
2504 3535 2560 3586 ἐν
2584 3533 2749 3585 πᾶσιν
2773 3528 2972 3589 ἔθνεσι,
3003 3525 3153 3596 παρά
3181 3525 3292 3585 τοῖς
3338 3521 3435 3590 τὴν
3467 3515 3816 3571 διδασκαλίαν

2227 3629 2392 3684 αὐτοῦ
2436 3625 2710 3700 μετιοῦσιν
2731 3662 2744 3686 ,
2775 3618 3084 3681 ἀκολούθως
3118 3619 3182 3687 τῇ
3221 3611 3358 3685 μετὰ
3379 3614 3566 3682 χεῖρας
3601 3625 3814 3680 προφη-

2225 3724 2365 3794 τείᾳ,
2393 3699 2486 3774 καὶ
2511 3717 2772 3790 βασιλέως
2788 3713 2883 3768 καὶ
2901 3709 3035 3764 Θεοῦ
3053 3709 3210 3774 δόξαν
3237 3701 3659 3778 περιϐεϐλῆσθαι
3683 3741 3700 3762 ,
3726 3699 3816 3754 καὶ

2231 3792 2379 3885 παρὰ
2393 3814 2554 3865 πᾶσιν
2569 3807 2874 3880 ἀνθρώποις
2890 3803 2930 3858 Χ
2941 3801 3120 3874 ριστὸν
3141 3793 3584 3869 ἀναγορεύεσθαι.
3603 3792 3814 3862 Πρόδη-

2228 3883 2390 3958 λοινδὲ
2416 3904 2510 3956 καὶ
2531 3902 2580 3953 οἱ
2602 3898 2806 3970 ἐχθροὶ,
2826 3897 2886 3950 οὐ
2921 3895 3079 3965 μόνον
3097 3893 3145 3944 οί
3163 3891 3289 3960 πρὶν
3313 3888 3598 3958 γεγονότες
3623 3883 3814 3946 αὑτοῦ,

2229 3996 2363 4051 ἀλλά
2398 3996 2493 4048 καὶ
2529 3995 2578 4046 οἱ
2619 3993 2709 4046 ἀεὶ
2747 3985 3255 4061 προσπολεμοῦντες
3300 3978 3464 4034 αὑτοῦ
3515 3977 3604 4048 τῷ⁶
3635 3977 3810 4046 λόγῳ,

2231 4089 2339 4142 εἴτε
2373 4090 2430 4141 ἐν
2465 4082 2795 4155 ἀνθρώποις,
2833 4081 2941 4133 εἴτε
2975 4079 3068 4132 καὶ
3111 4078 3168 4130 ὲν
3201 4071 3452 4144 ἀοράτοις
3497 4069 3812 4138 δυνάμεσιν,

2229 4180 2321 4244 οὓς
2345 4177 2561 4252 ἀοράτῳ
2593 4175 2685 4228 καὶ
2714 4171 2971 4244 λεληθυίᾳ
3002 4169 3231 4238 δυνάμει
3261 4167 3492 4219 πάντοτε
3527 4157 3813 4230 καθαιρῶν

2231 4273 2291 4338 ἐξ
2317 4272 2568 4327 ἁπάντων
2593 4267 2698 4320 τῶν
2725 4264 2894 4318 ἐθνῶν
2937 4261 3221 4323 παντοίους
3267 4253 3443 4326 ἐαυτῷ
3488 4254 3654 4314 λαοὺς
3681 4253 3812 4304 ὑπο·

2231 4363 2466 4436 χειρίους
2522 4357 2836 4426 πεποίηται.
2899 4353 2982 4407 Τὰ
3035 4353 3089 4404 δὲ
3152 4351 3278 4419 ἐξῆ-ς
3329 4349 3386 4400 ὲν
3439 4343 3518 4416 τῷ
3573 4341 3812 4412 ψαλμῷ,

2239 4475 2257 4507 ι
2293 4453 2533 4526 Σμύρνα,
2565 4450 2659 4506 καὶ
2683 4448 2909 4519 στακτὴ,
2943 4446 3037 4499 καὶ
3065 4443 3264 4496 κασσία
3291 4441 3399 4494 ἀπὸ
3431 4437 3537 4492 τῶν
3581 4435 3812 4508 ἱματίων
3862 4503 3870 4508 ι

556 4557 728 4610 genus
760 4541 1013 4596 Christus
1043 4541 1366 4612 appellatur.
1397 4538 1535 4593 Sunt
1558 4545 1736 4592 autem
1760 4537 1880 4607 ejus
1915 4551 2118 4608 qunque

2237 4563 2352 4608 σου,
2394 4565 2411 4598 ι
2446 4545 2516 4598 τά
2558 4561 2616 4596 τε
2657 4541 2752 4595 ἐπὶ
2792 4539 3022 4601 τούτοις,
3051 4536 3128 4600 ὡς
3160 4535 3289 4609 περὶ
3326 4531 3589 4604 βασιλίδος
3617 4527 3812 4600 δηλού-

557 4633 766 4687 inimici
817 4632 1112 4698 manifesti,
1157 4647 1266 4686 non
1293 4631 1454 4686 modo
1481 4631 1574 4700 qui
1608 4629 1762 4699 prius
1781 4631 2128 4692 exstiterant,

557 4724 656 4777 sed
705 4724 866 4778 etiam
905 4724 1000 4791 qui
1060 4737 1274 4793 semper
1323 4723 1498 4792 ipsius
1547 4723 1717 4776 verbo
1751 4720 2133 4784 adversantur,

555 4813 724 4884 219
758 4813 874 4870 sive
911 4813 985 4867 illi
1027 4817 1083 4870 in
1115 4815 1468 4880 hominibus,
1504 4813 1620 4867 sive
1651 4813 1705 4866 in
1735 4811 2126 4882 ell‘ugientihus

557 4909 737 4963 visum
777 4915 1026 4963 nostrum
1064 4907 1428 4978 potestatibus
1469 4906 1616 4969 sint,
1651 4920 1791 4976 quos
1821 4905 1910 4960 ille
1939 4905 2134 4961 invisi-

561 5002 658 5058 bili
688 5001 1011 5070 occultaque
1046 5002 1248 5056 virtute
1277 5015 1346 5056 ex
1379 5000 1636 5056 omnibus
1675 5001 1933 5070 gentibus
1975 5000 2125 5054 aufe-

561 5107 690 5148 rens
727 5101 782 5147 et
819 5092 1179 5156 subvertens,
1219 5091 1399 5148 omnis
1466 5092 1684 5161 generis
1751 5092 1984 5162 populos
2022 5092 2130 5147 sibi

563 5184 668 5254 ipsi
697 5184 1072 5238 auscultantes
1101 5183 1302 5238 eiI‘ecit.
1338 5182 1471 5250 Qua:
1499 5198 1629 5238 vero
1671 5184 1728 5238 in
1758 5183 1948 5238 eodem
1980 5184 2128 5252 psal-

563 5291 655 5331 mo
695 5285 1042 5346 sequuntur:
1074 5294 1094 5328 ι
1123 5273 1374 5347 Myrrha,
1429 5284 1486 5331 et
1537 5283 1726 5348 gutta,
1775 5285 1830 5332 et
1874 5276 2053 5331 cassia
2101 5290 2134 5330 a

2239 4656 2376 4710 μενα
2403 4639 2496 4690 καὶ
2524 4634 2792 4706 θυγατρὸς
2821 4633 2913 4685 τὸν
2943 4629 3194 4700 πατρῷον
3232 4624 3379 4680 οἷκον
3415 4622 3808 4693 ἀπολιπούσης,

2237 4733 2329 4785 καὶ
2360 4729 2437 4800 τῷ
2465 4725 2862 4800 προδηλωθέντι
2895 4720 3135 4794 Χριστῷ,
3169 4721 3264 4774 καὶ
3301 4716 3525 4790 βασιλεῖ,
3561 4715 3659 4768 καὶ
3694 4710 3808 4780 θεῷ

2233 4821 2654 4893 νυμφευθείσης,
2688 4815 2892 4890 Κύριὸν
2920 4832 2980 4867 τε
3023 4812 3183 4866 αὑτὸν
3229 4805 3689 4880 ἀναγορευούσης,
3721 4803 3810 4857 ἐπὶ

2231 4917 2330 4986 τὴν
2359 4912 2420 4978 ἐξ
2443 4913 2612 4987 ἐθνῶν
2651 4908 2996 4981 Ἐκκλησίαν,
3027 4906 3124 4977 τὴν
3157 4901 3414 4974 πατρῴαν
3441 4899 3535 4952 καὶ
3567 4897 3810 4968 δοιιμονι⁴

2235 5009 2337 5077 κὴν
2362 5006 2798 5076 ἀποστραφεῖσαν
2826 5001 3052 5071 πλάνην,
3081 4995 3466 5068 καθηραμὲνην
3505 5008 3586 5052 τε,
3617 4989 3714 5042 καὶ
3741 4989 3804 5056 τῇ

2237 5097 2329 5149 τοῦ
2381 5095 2524 5148 θείου
2562 5093 2718 5162 λόγου
2766 5089 3018 5159 κοινωνίᾳ
3053 5083 3567 5158 καθαρμοσαμένην,
3599 5077 3778 5146 ἀνατρέ

2241 5191 2370 5260 ροιτ’
2417 5188 2480 5242 ἂν
2507 5188 2604 5258 τῆς
2645 5182 3027 5256 προσηκούσης
3058 5179 3393 5250 τυγχάνοντα
3427 5175 3565 5230 κατά
3611 5169 3806 5242 σχολὴν

2241 5282 2552 5356 ἑρμηνείας.

563 5416 905 5474 vestimentis
971 5419 1082 5473 tuis
1111 5417 1179 5483 ³³,
1210 5436 1229 5470 ι
1255 5427 1309 5473 et
1362 5425 1559 5473 caetera
1596 5417 1890 5484 deinceps,
1933 5431 2054 5485 qua:
2093 5415 2352 5469 dicuntur
2408 5409 2564 5482 quasi
2597 5409 2664 5464 de
2720 5410 2906 5479 regina
2939 5416 2990 5464 et
3025 5405 3166 5470 ﬁlia,
3219 5421 3340 5476 quae
3381 5413 3663 5475 paternam
3711 5403 3800 5459 do-

565 5521 714 5560 mum
745 5502 1042 5572 reliquerit,
1071 5513 1300 5571 quaaque
1323 5509 1378 5553 et
1405 5497 1641 5560 Christo,
1678 5504 1732 5550 et
1757 5495 1890 5564 regi,
1916 5503 1970 5547 et
1997 5493 2106 5546 Deo
2135 5492 2203 5546 ile
2230 5507 2341 5561 quo
2367 5493 2572 5546 dictum
2607 5501 2710 5554 est,
2743 5493 3066 5560 desponsata
3107 5491 3196 5556 sit,
3233 5491 3634 5560 Dominumque
3659 5492 3807 5546 illum

567 5599 797 5670 appellet
830 5615 842 5651 :
878 5597 944 5652 ad
977 5613 1097 5652 eam
1133 5613 1252 5667 qua:
1280 5595 1346 5650 de
1383 5593 1630 5665 gentibus
1652 5593 1876 5648 collecta
1913 5599 1999 5646 est
2035 5587 2352 5647 Ecclesiam.
2393 5603 2423 5642 a
2454 5587 2630 5659 patrio
2663 5589 3075 5662 daemonicoque
3121 5603 3306 5643 errore
3331 5602 3578 5642 aversam
3609 5601 3810 5656 expur-

571 5707 878 5770 gatamque,
927 5707 990 5748 ac
1028 5693 1194 5750 divini
1229 5691 1378 5746 verbi
1423 5687 1914 5745 communicatione
1965 5699 2262 5740 connexam
2313 5695 2366 5738 et
2393 5684 2746 5754 compositam
2796 5687 2984 5742 referri
3027 5693 3301 5755 poterunt,
3353 5683 3447 5739 ubi
3491 5698 3590 5754 per
3641 5683 3810 5746 otium

573 5790 1037 5850 accommodatam
1073 5787 1174 5844 sibi
1210 5786 1704 5856 interpretationem
1733 5792 1889 5838 nacta
1921 5779 2142 5836 fuerint.
2513 5793 2532 5814 ν
3479 5772 3482 5776 ’

645 5889 670 5924 ⁸
701 5886 860 5943 IIebr.
893 5901 978 5952 tu,
1010 5885 1096 5942 I4.
1174 5885 1217 5917 ¹⁰
1245 5881 1386 5942 Psal.
1422 5901 1530 5956 etv,
1562 5884 1650 5939 {5.
1729 5885 1768 5915 “
1799 5880 1902 5939 Isa.
1930 5897 2040 5945 ιλιι,
2081 5880 2118 5934 I.

2220 5883 2250 5911 ι’
2287 5877 2426 5935 Psal.
2456 5893 2600 5943 κων,
2633 5877 2686 5932 9.
