3954 6508
131 363 214 428 53!

663 495 1060 551 ΚΕΦΑΛΑῘΟΝ
1099 499 1176 554 l".

135 576 280 671 '04-!0
311 581 511 671 αυῖὸς
547 585 870 671 σιτροερήυτης⁸
887 585 999 668 καὶ,
1012 589 1191 671 ἑνῃρθ¹
1212 590 1568 671 ψαλμῷηδύο
1598 598 1709 671 Κυτ

177 649 683 727 ρίουςιέμεραῇῶξ
723 649 999 727 ὁμολογεῖ
1024 674 1038 688 ·
1072 649 1181 712 Era
1218 649 1324 714 Ξ-ὸν
1339 649 1582 727 πρῶτον
1608 665 1707 716 καὶ

182 719 473 796 ἀνωτάτω
528 719 718 796 Beda},
763 719 1075 794 δεύτερον,
1128 729 1200 781 ὂν
1250 719 1432 796 αὐτός
1487 733 1704 787 ἑαυτοῦ

181 789 541 867 ἀναχορεύει
579 795 820 867 μόριον.
853 789 964 849 Καὶ
1009 789 1089 864 die
1129 789 1550 867 γενέσθαίύπὸ
1596 802 1704 856 τοῦ

183 859 322 913 Θεοῦ
354 861 495 936 ςτρὸ⁸
520 863 639 931 τῆς
667 859 773 917 τοῦ
806 868 1037 934 κόσμου
1065 859 1428 936 ούστάσεως
1464 873 1561 924 καὶ
1595 874 1703 926 αὺ-

183 929 277 1006 τὸς
302 928 428 1006 ἐὸν
461 928 758 1006 δεύτερον
797 928 1017 1002 Κύρὶον
1046 934 1187 1002 οἶδε,
1225 941 1322 992 καὶ
1351 928 1431 1006 ὠξε
1459 941 1698 995 αἰώνιον

180 998 274 1051 τοῦ
291 1002 544 1073 Πατρός
565 998 741 1070 lapsa,
757 1007 853 1056 καὶ
870 998 950 1070 ὦς
971 998 1307 1073 σύνθρονον
1317 998 1423 1062 τοῦ
1441 1013 1535 1064 ἐπὶ
1561 1012 1702 1064 πάν·

178 1085 284 1120 των
305 1071 487 1133 Θεοῦ,
510 1072 690 1140 ὅμοια
709 1074 854 1142 ἡμῖν
866 1077 998 1143 περὶ
1019 1071 1135 1129 τοῦ
1145 1079 1400 1146 Χριστοῦ
1415 1080 1695 1145 δοξάζων.

181 1195 200 1231 ι
229 1175 396 1232 Εἶπεν
422 1183 455 1232 ὁ
489 1183 705 1254 Κύριος
734 1184 811 1254 τῷ
839 1187 1026 1257 Κυρίῳ
1060 1206 1162 1258 μου
1183 1207 1196 1218 ·
1221 1191 1403 1244 Κάθου
1420 1195 1484 1246 ὲκ
1510 1193 1695 1258 δεξιῶν

124 1287 225 1340 μω,
256 1270 360 1333 ἕως
398 1271 473 1325 ἂν
506 1272 593 1326 Θῶ
616 1277 740 1338 τοὺς
762 1276 984 1348 ἐχθρούς
1024 1296 1116 1331 σου
1152 1282 1436 1336 ὑποπόδιον
1457 1284 1563 1338 τῶν
1593 1303 1693 1338 πο-

121 1362 206 1414 δῶν
235 1378 345 1414 σου.
386 1364 630 1419 Ῥάὸδον
673 1367 954 1438 δυνάμεως
982 1369 1334 1434 ἐξαποστελεῖ
1365 1391 1447 1427 σοι
1488 1376 1692 1446 Κύριος

118 1454 171 1505 ἐκ
204 1453 355 1516 Σιὼν,
398 1457 504 1508 καὶ
558 1459 1009 1529 κατακυριεύσεις
1053 1464 1111 1515 ὲν
1159 1463 1309 1534 μέσῳ
1345 1465 1454 1519 τῶν
1481 1465 1690 1537 ἐχθρῶν

119 1559 210 1596 σου.
238 1544 394 1597 Μετὰ
441 1546 548 1600 σοῦ
643 1550 784 1621 ἀρχὴ
820 1551 876 1602 έν
907 1552 1091 1623 ἡμέρᾳ
1130 1554 1232 1624 τῆς
1265 1555 1546 1626 δυνάμεώς
1571 1576 1684 1623 σου,

118 1636 164 1687 ἑν
183 1639 291 1698 ταῖς
316 1637 688 1711 λαμπρότησι
715 1641 822 1693 τῶν
845 1642 1012 1710 άγίων
1043 1661 1157 1698 σου.
1201 1647 1294 1699 Ἐκ
1317 1649 1550 1718 γαστρὸς
1581 1650 1686 1721 πρὸ

124 1725 410 1798 Ἐωσψόρου
443 1731 765 1802 γεγέννηκά
787 1749 865 1787 σε.
901 1734 1103 1804 Ὤμοσε
1127 1736 1350 1808 Κύριος,
1381 1741 1474 1792 καὶ
1496 1741 1554 1793 ού
1586 1759 1683 1811 με-

119 1816 543 1888 ταμεληθήσεται
571 1836 584 1849 ·
636 1821 706 1874 Σὺ
753 1824 932 1892 ἱερεὺς
963 1826 1042 1886 εἰς
1087 1825 1179 1878 τὸν
1224 1827 1394 1881 αἰῶνα
1423 1830 1560 1883 κατὰ
1584 1831 1681 1902 τὴν

115 1905 242 1968 τάξιν
268 1907 642 1977 Μελχισεδέκ.
677 1911 880 1984 Κύριος
915 1917 978 1967 ἐκ
1006 1915 1193 1979 δεξιῶν
1221 1933 1334 1970 σου.
1375 1939 1393 1970 ι
1427 1920 1529 1973 Τὸν
1570 1923 1682 1975 Σω-

119 1996 233 2066 τῆρα
255 1999 344 2051 καὶ
376 2001 604 2072 Κύριον
642 2005 824 2075 ⁴ἡμῶν,
853 2006 945 2059 τὸν
987 2009 1326 2078 πρωτότοκον
1351 2011 1530 2083 πάσης
1561 2015 1678 2066 κτί-

119 2101 229 2150 σεως
253 2089 384 2144 Θεοῦ
421 2093 630 2161 Λόγον,
666 2097 763 2167 τὴν
794 2098 898 2167 πρὸ
947 2099 1142 2162 αἰῶνος
1190 2102 1400 2171 σοφίαν,
1434 2105 1530 2174 τὴν
1583 2107 1680 2178 ἀρ-

120 2179 198 2248 χὴν
217 2180 316 2234 τῶν
340 2183 481 2236 ὁδῶν
517 2185 619 2239 τοῦ
641 2187 798 2251 Θεοῦ,
828 2189 889 2242 τὸ
918 2192 1256 2260 πρωτότοκον
1277 2195 1370 2247 καὶ
1392 2198 1677 2266 μονογενὲς

118 2269 189 2320 τοῦ
216 2270 420 2344 Πατρὸς
450 2275 732 2348 γέννημα,
777 2277 866 2332 τὸν
892 2283 958 2351 τῇ
1003 2281 1095 2333 τοῦ
1143 2272 1381 2356 Χριστοῦ
1427 2286 1674 2358 τιμώμε-

120 2375 188 2411 νον
213 2366 583 2436 προσηγορίᾳ,
608 2367 701 2421 καὶ
722 2369 750 2420 ὁ
778 2368 967 2440 παρὼν
999 2370 1208 2443 ψαλμὸς
1232 2375 1434 2446 Κύριον
1461 2379 1672 2431 ἀποκα-

120 2450 198 2512 λεῖ,
221 2453 481 2510 διδάσκων
519 2458 687 2511 αὑτὸν
736 2455 876 2512 εἶναι
912 2462 1198 2536 σύνθρονον
1239 2467 1376 2536 ὁμοῦ
1411 2470 1504 2522 καὶ
1546 2469 1672 2523 Υἱὸν

120 2541 191 2594 τοῦ
217 2544 301 2597 ἐπὶ
328 2545 563 2601 πάντων
603 2549 737 2603 Θεοῦ
771 2569 829 2604 τε
859 2555 949 2606 καὶ
979 2556 1187 2628 Κυρίου
1216 2557 1324 2611 τῶν
1354 2559 1511 2625 ὅλων,
1541 2561 1674 2615 αἰώ-

121 2634 205 2687 νιόν
227 2653 278 2688 τε
319 2637 413 2690 τοῦ
443 2639 670 2709 Πατρδς
709 2642 874 2714 ἱερέα.
903 2644 1124 2716 Πρῶτον
1149 2646 1210 2717 δὴ
1235 2643 1328 2700 οὖν
1355 2649 1666 2722 ἐπίστησον,

119 2720 175 2784 ὡς
191 2723 280 2795 ἠδη
307 2725 470 2779 τοῦτο
493 2727 752 2800 δεύτερον
782 2733 1026 2804 γέννημα
1048 2735 1183 2788 Θεοῦ
1211 2720 1664 2811 προσηγόρευται,

122 2815 192 2865 καὶ
214 2817 322 2870 ἐπεὶ
361 2819 504 2872 Θεοῦ
549 2838 613 2890 γε
654 2824 922 2895 πνεύματι
953 2827 1020 2880 τά
1054 2828 1150 2898 τῆς
1179 2831 1512 2901 προφητείας
1538 2835 1666 2905 ἡμῖν

119 2906 326 2976 εἰρῆσθαι
365 2911 754 2979 πεπίστευται,
788 2916 889 2987 ὅρα
933 2918 982 2969 εί
1029 2918 1103 2989 μὴ
1131 2919 1260 2972 αὐτὸ
1286 2920 1350 2991 δὴ
1380 2921 1441 2974 τὸ
1485 2925 1542 2975 ὲν
1588 2923 1666 2994 τῷ

122 3001 328 3072 προφήτῃ
395 3003 635 3076 Πνεῦμα
683 3006 857 3076 ἅγιον,
913 3009 1104 3062 ἑαυτοῦ
1168 3011 1372 3084 Κύριον
1418 3015 1664 3088 δεύτερον

122 3090 228 3154 μετὰ
254 3094 336 3145 τὸν
359 3095 469 3149 τῶν
503 3096 645 3150 ὅλων
669 3099 1007 3170 ἀναγορεύει·
1044 3120 1064 3153 ι
1102 3098 1236 3154 Εἷπε
1268 3122 1287 3154 ι
1322 3103 1450 3174 γὰρ,
1476 3108 1660 3178 φησὶν,

127 3183 182 3231 «ὁ
207 3182 391 3254 Κύριος
418 3188 506 3259 τῷ
543 3190 734 3260 Κυρίῳ
764 3209 864 3262 μου
891 3208 905 3221 ·
937 3193 1120 3247 Κάθου
1147 3195 1211 3246 ὲκ
1243 3195 1432 3260 δεξιῶν
1469 3216 1592 3268 μου.
1635 3219 1654 3253 ι

121 3267 198 3320 τὸν
239 3273 443 3344 πρῶτον
511 3278 737 3352 Κύριον,
782 3282 929 3336 ὼσὰν
977 3283 1205 3336 καθόλου
1251 3286 1359 3340 τῶν
1409 3289 1664 3343 ἁπάντων

123 3362 369 3437 Δεσπότην,
427 3370 678 3442 Ἑϐραῖοι
717 3375 1083 3446 ἀνεκφωνήτῳ
1125 3381 1423 3450 προσρήσει
1468 3384 1533 3452 τῇ
1577 3381 1666 3435 διὰ

122 3452 201 3505 τῶν
213 3460 480 3531 τεσσάρων
509 3465 786 3534 στοιχείων
816 3467 1164 3538 ἀνηγόρευον·
1213 3471 1306 3524 τὸν
1327 3472 1383 3524 δὲ
1412 3473 1661 3545 δεύτερον

123 3545 262 3599 οὐκέθ’
298 3553 524 3622 ὁμοίως,
569 3555 714 3620 ἰδίως
746 3557 790 3610 δ’
820 3559 981 3612 αὐτὸν
1010 3560 1214 3633 Κύριον
1243 3564 1539 3635 ὠνόμαζον.
1573 3569 1665 3619 Ei-

123 3635 256 3701 κότως
277 3638 360 3695 οὖν
388 3648 416 3698 ὁ
449 3647 653 3717 Σωτὴρ
688 3649 782 3702 καὶ
819 3650 1024 3722 Κύριος
1065 3652 1221 3723 ἡμῶν
1253 3656 1413 3719 αὐτὸς
1457 3658 1661 3727 Ἰησοῦς

124 3723 356 3801 δΧριπὺς
382 3737 480 3791 τοῦ
516 3737 674 3802 Θεοῦ,
711 3739 968 3810 ἐρόμενός
1004 3758 1133 3797 ποτε
1162 3747 1286 3809 τοὺς
1308 3723 1656 3818 Φαρισαίους,

129 3820 207 3872 «Τί
219 3823 327 3894 ὑμῖν
354 3831 484 3902 περὶ
516 3830 610 3882 τοῦ
641 3830 876 3902 Χριστοῦ
904 3832 1088 3900 δοκεῐ;
1119 3836 1262 3901 τίνος
1299 3822 1447 3892 ἐστὶν
1474 3842 1585 3906 υἱός
1606 3859 1652 3908 ;›

125 3913 347 3980 εἰπόντων,
377 3920 476 3973 τοῦ
512 3921 696 3984 Δαϐὶδ,
733 3922 995 3991 ἐπιλέγει,
1035 3942 1054 3976 ι
1091 3925 1216 3989 Πῶς
1265 3924 1358 3982 οὖν
1403 3931 1567 3984 Δαϐὶδ
1598 3934 1657 3987 ὲν

126 4005 340 4074 πνεύματι
360 4012 569 4084 Κύριον
591 4013 755 4066 αὑτὸν
781 4014 955 4076 καλεῖ,
990 4014 1185 4082 λέγων,
1214 4015 1379 4072 Εἶπεν
1404 4022 1431 4072 ὁ
1455 4021 1657 4094 Κύριος

124 4091 181 4161 τῷ
213 4097 376 4171 Κυρίῳ
421 4122 531 4176 μου
557 4121 571 4133 ·
613 4105 795 4158 Κάθου
832 4109 896 4160 ἐκ
926 4107 1115 4174 δεξιῶν
1143 4127 1242 4179 μου
1268 4127 1281 4176 ;
1312 4131 1331 4160 ›
1376 4091 1656 4185 μονονουχὶ

126 4184 384 4256 ἑρμηνεύων
413 4197 522 4266 τὴν
552 4196 720 4261 λέξιν,
755 4198 831 4262 ὡς
864 4199 926 4252 ού
954 4200 1114 4268 μόνον
1139 4201 1232 4254 τοῦ
1261 4204 1424 4256 Δαόὶδ
1451 4205 1654 4276 Κύριον

126 4276 247 4330 αὑτὸν
272 4284 722 4359 ἀναγορεύουσαν,
759 4288 894 4366 ἀλλὰ
921 4289 1030 4362 γὰρ
1065 4294 1158 4345 καὶ¹
1204 4292 1298 4345 τοῦ
1328 4295 1384 4345 ἐν
1419 4295 1496 4364 τῷ
1524 4313 1654 4367 προ-

128 4369 234 4440 φήτῃ
269 4378 588 4448 πνεύματος.
634 4380 698 4432 Εἰ
739 4380 795 4432 δὲ
851 4382 912 4434 τὺ
958 4381 1174 4453 πνεῦμα
1215 4383 1277 4436 τὸ
1318 4388 1654 4457 προφητικὸν

127 4456 260 4522 (τῠῦτο
279 4465 334 4538 δὴ
376 4472 515 4541 ἡμῖν
545 4467 685 4524 εἶναι
718 4473 1074 4526 πεπίστευται
1117 4475 1175 4527 τὸ
1223 4476 1374 4544 ἆγιον
1408 4478 1652 4550 Πνεῦμα)

129 4549 319 4623 ἀξιολογεί
343 4563 531 4616 τοῦτον
562 4559 700 4616 εἶναι
740 4565 963 4636 Κύριον,
986 4567 1045 4620 ὂν
1078 4566 1362 4640 σύνθρονον
1393 4566 1530 4624 εἷναι
1554 4573 1646 4626 τοῦ
1682 4585 1724 4640 ι)

129 4640 288 4717 nam;
307 4654 632 4721 ἐκδιδάσκει,
661 4658 752 4711 καὶ
777 4659 876 4712 ούκ
902 4660 1206 4727 ἀπολύτως,
1232 4662 1368 4716 ἀλλά
1399 4664 1490 4717 καὶ
1519 4667 1647 4718 ἐαυ-

130 4735 195 4786 τοῦ
217 4741 408 4814 Κύριον,
439 4749 587 4802 κατὰ
635 4750 766 4803 πολὺ
805 4751 967 4805 πλέον
1019 4753 1112 4806 καὶ
1158 4754 1358 4824 μᾶλλον
1398 4755 1541 4810 τοῦτ’
1581 4756 1648 4810 ἂν

128 4823 279 4884 εἴποιεν
292 4839 340 4889 αἱ
357 4839 496 4909 μετὰ
512 4840 575 4892 τὸ
594 4840 747 4909 ἆγιον
772 4842 996 4913 Πνεῦμα
1013 4843 1228 4911 λογικαὶ
1242 4846 1518 4918 δυνάμεις,
1536 4849 1570 4920 ἤ
1586 4866 1647 4903 τε

132 4913 332 4984 σύμπασα
356 4928 609 5000 ὁρωμένη
637 4946 695 4981 τε
724 4931 781 4983 ἐν
820 4930 1055 5001 σώμασι,
1102 4935 1195 4987 καὶ
1236 4935 1292 4988 ὲν
1335 4939 1645 5009 ἀσωμάτοις
1692 4929 1703 4935 “

131 5002 286 5094 Lirim
315 5017 745 5092 δημιοιδργία,ἦς
781 5023 1238 5094 ἁπάσηςείκότως
1261 5029 1326 5081 ἂν
1402 5002 1645 5088 καταδειξ-

134 5091 244 5187 Ῑβεὶη
264 5105 450 5182 Κύριος
477 5111 506 5162 ὁ
531 5114 690 5182 μόνος
705 5091 814 5166 τοῦ
837 5091 1048 5186 Πατρὸς
1075 5117 1380 5187 σύνθρονος,
1399 5120 1463 5172 δι’
1485 5117 1546 5175 οὗ
1572 5121 1642 5175 τὰ

132 5185 353 5260 αὐμ’ῑιῖειντα
385 5203 625 5273 ἐγένετο,
648 5206 728 5258 ὅτι
761 5185 1002 5277 δὴ,κατὰ
1029 5206 1120 5261 τὸν
1156 5185 1453 5281 θαυμάσιον
1503 5209 1642 5262 ἁπό-

136 5284 284 5351 ατολον,
312 5310 329 5343 ι
379 5297 437 5348 ὲν
492 5295 642 5366 αὐτῷ
693 5297 913 5370 ἐκτίσθη
953 5299 1020 5351 τὰ
1068 5301 1265 5364 πάντα,
1294 5303 1364 5356 τὰ
1419 5306 1478 5357 ὲν
1529 5307 1640 5369 τοῖς

131 5370 315 5468 fiam;
331 5387 418 5440 καὶ
439 5387 509 5440 τὰ
535 5389 628 5442 ἐπὶ
645 5389 743 5460 τῆς
763 5391 886 5462 γῆς,
908 5391 1016 5443 εἴτε
1043 5393 1212 5465 δρατὰ
1235 5395 1346 5448 εἴτε
1372 5396 1597 5468 ἀόρατα.
1613 5416 1631 5447 ›

132 5457 258 5558 μόνον
282 5476 398 5542 γοῦν
438 5480 587 5543 εἰκὸς
617 5457 784 5535 αὑτὸν
818 5457 916 5554 τῆς
952 5483 1044 5537 τοῦ
1076 5457 1298 5557 ’Πατρὸς
1329 5457 1639 5558 ἀμοὶώσεως

134 5547 234 5650 ἔχειν
257 5566 305 5618 τὸ
343 5571 528 5645 κῦρος,
562 5573 710 5628 ὼσὰν
744 5577 838 5629 καὶ
874 5547 1038 5648 μόνον
1087 5547 1376 5650 σύνθρονον
1397 5581 1493 5634 τοῦ
1527 5547 1640 5636 Παζ

131 5646 221 5711 τρὺς
240 5654 677 5736 ἀναδεδειγμένον.
722 5646 996 5740 Πρόδηλον
1033 5666 1148 5734 οὖν,
1179 5672 1261 5724 ὅτι
1309 5671 1485 5726 οὐδενὶ
1533 5673 1641 5726 τῶν

135 5746 338 5814 Ἰεννητῶν
365 5754 655 5826 θέμις.τῶν
685 5757 874 5830 δεξιῶν
909 5759 1092 5831 λαχεῖν
1123 5763 1224 5832 τῆς
1270 5781 1641 5834 παντοκρατο-

183 5831 342 5904 "Psal.
369 5865 476 5908 CIX.
509 5853 624 5906 1-5.
706 5855 750 5885 ⁸⁸
783 5853 972 5912 Matth.
1009 5831 1261 5924 “11,”.

387 5943 660 6007 Ριτηοι.
704 5947 822 6019 Gn.
871 5947 1079 6010 XXII.

1043 380 1692 442 DEMONSTRATIONIS
1722 387 2180 448 EVANGELICIE
2215 393 2345 448 LIB.
2387 395 2450 450 V.

1736 515 1784 570 Α

3272 411 3375 467 569

2411 513 2643 570 CAPUT
2694 516 2784 572 111.

1815 600 1970 666 Quod
2011 603 2162 681 idem
2180 605 2444 676 Propheta
2467 609 2626 681 etiam
2651 612 2704 664 in
2726 627 2815 666 cxx
2838 615 3042 681 psalmo
3081 618 3159 673 bis
3195 620 3377 680 Domi-

1883 689 2008 748 num
2048 675 2310 748 evidenter
2348 679 2630 745 conﬁtetur
2658 696 2677 734 :
2716 675 2873 737 semel
2897 725 2910 746 ,
2953 702 3070 740 cum
3095 691 3158 743 de
3193 675 3375 748 e076-

1879 744 2166 820 quiturgui
2193 756 2242 798 et
2267 746 2406 801 Deus
2435 744 2485 801 et
2518 749 2682 804 Pater
2729 763 2840 816 est;
2870 744 3061 810 iterum
3093 744 3210 814 cunt
3229 744 3375 820 de'eo

1877 828 2037 898 quem
2059 817 2167 881 ipse
2187 832 2340 896 suum
2369 821 2954 898 nuncupatDominum.
2986 827 3055 880 Et
3082 832 3217 898 quod
3238 817 3374 889 hunc
3428 879 3439 894 .

1878 881 2164 960 Dominum
2193 886 2300 953 ipse
2311 903 2511 957 quoque
2531 881 2672 960 novit
2683 895 2910 960 genitum
2933 913 3045 951 esse
3056 881 3177 954 ante
3191 907 3375 960 mundi

1876 955 2329 1018 constitutionem,
2347 966 2398 1009 et
2424 955 2566 1028 guod
2602 955 2856 1016 internum
2900 963 3081 1022 Patris
3127 955 3373 1028 sacerdo-

1878 1031 2000 1103 tent,
2032 1032 2080 1076 et
2124 1028 2356 1114 supremi
2408 1027 2506 1080 Dei
2543 1045 2915 1114 cgttsessoi'etn,
2951 1027 3373 1114 similentutiqtte

1874 1093 2164 1158 opinionem
2176 1096 2228 1148 in
2241 1096 2336 1148 hoc
2351 1106 2545 1152 nostra:
2556 1101 2680 1167 ﬁdei
2689 1103 2752 1156 de
2764 1093 2973 1159 Christo
2987 1125 3096 1177 prw
3107 1093 3162 1164 se
3174 1093 3368 1181 [έὲὲῖιὲζ

1882 1220 1900 1253 ι
1929 1202 2074 1258 Dixit
2111 1204 2372 1263 Dominus
2411 1207 2643 1268 Domino
2677 1230 2833 1282 meo,
2892 1218 3031 1278 Sede
3076 1239 3105 1277 a
3158 1225 3367 1285 dextris

1801 1294 1940 1350 meis
1968 1335 1982 1360 ,
2027 1296 2202 1353 donec
2241 1316 2438 1370 ponam
2477 1304 2731 1362 inimicos
2769 1315 2891 1364 tuos
2930 1314 3226 1369 scabellum
3268 1334 3367 1388 pe-

1797 1380 1926 1436 dum
1971 1393 2214 1442 tuorum.
2269 1387 2493 1460 Virgam
2534 1393 2752 1450 virtutis
2787 1399 2996 1455 emittet
3030 1404 3130 1458 tibi
3180 1380 3365 1462 Domi-

1795 1489 1902 1528 nus
1930 1490 1997 1530 ex
2031 1475 2162 1532 Sion
2191 1518 2206 1543 ,
2235 1487 2288 1534 et
2317 1480 2689 1540 dominaberis
2715 1486 2768 1540 in
2800 1490 2984 1546 medio
3014 1494 3364 1556 inimicorum

1795 1573 2035 1620 tuorum.
2075 1568 2279 1625 Tecum
2313 1573 2640 1643 principium
2673 1577 2729 1630 in
2761 1577 2850 1634 die
2878 1583 3098 1641 virtutis
3132 1596 3267 1657 tunc,
3303 1592 3362 1647 in

1797 1660 2182 1728 splendoribus
2231 1675 2550 1724 sanctorum
2615 1679 2853 1730 tuorum.
2899 1675 2976 1732 Ex
3028 1689 3183 1738 utero
3235 1697 3360 1742 ante

1789 1749 2103 1809 Luciferum
2143 1760 2304 1826 genui
2345 1767 2419 1816 te.
2477 1761 2690 1816 Juravit
2725 1763 2985 1825 Dominus
3011 1780 3062 1826 et
3100 1790 3209 1830 non
3242 1793 3360 1846 pa:-

1712 1876 1753 1932 B
1786 1843 1982 1898 nitebit
2019 1861 2141 1901 eum
2180 1868 2192 1904 :
2243 1849 2323 1905 Tu
2395 1868 2455 1908 es
2500 1857 2758 1913 sacerdos
2802 1859 2856 1914 in
2916 1869 3216 1931 aeternum,
3270 1887 3360 1926 se-

1791 1934 2028 1990 cundum
2088 1940 2334 1996 ordinem
2368 1943 2744 2006 Melchisedec.
2797 1950 3058 2012 Dominus
3089 1971 3119 2010 a
3149 1958 3357 2018 dextris
3446 1936 3453 1951 λ

1786 2025 1896 2079 tuis
1933 2025 1996 2082 “.
2024 2046 2042 2078 ι
2072 2026 2406 2088 Salvatorem
2435 2050 2500 2091 ac
2530 2035 2821 2094 Dominum
2851 2053 3100 2100 nostrum
3121 2087 3136 2112 ,
3169 2049 3353 2120 ipsum

1791 2118 2213 2189 primogenitum
2240 2127 2419 2182 omnis
2445 2140 2707 2188 creatura:
2730 2134 2822 2190 Dei
2846 2135 3114 2204 Verbum,
3146 2144 3356 2213 sapien-

1783 2208 1915 2260 tiam
1962 2226 2084 2279 qute
2127 2222 2211 2268 est
2254 2229 2381 2272 ante
2442 2235 2654 2287 terum,
2697 2224 2913 2280 initium
2959 2229 3170 2285 viarum
3216 2232 3348 2299 Dei,

1779 2297 2201 2370 primogenitum
2227 2315 2279 2362 et
2299 2310 2518 2364 unicum
2543 2312 2722 2371 Patris
2748 2335 3005 2388 germen,
3032 2323 3194 2392 220
3219 2341 3347 2380 eum

1779 2390 1873 2458 qui
1908 2391 2112 2449 Christi
2144 2397 2507 2466 appellatione
2552 2404 2873 2474 honoratur,
2917 2390 3176 2480 przescns
3199 2431 3340 2485 quo-

1777 2497 1884 2552 que
1911 2485 2155 2552 psalmus
2199 2487 2488 2546 Dominum
2530 2505 2719 2564 vocat,
2761 2499 3032 2570 docetque
3068 2520 3192 2558 eum
3223 2521 3348 2562 esse

1775 2586 2155 2633 consessorem
2191 2580 2354 2635 simul
2382 2592 2436 2638 et
2467 2583 2666 2642 Filium
2707 2595 2946 2661 supremi
2978 2593 3104 2662 Dei,
3135 2612 3346 2652 rerum-

1774 2681 1878 2734 que
1910 2671 2156 2724 omnium
2195 2672 2444 2742 Domini,
2478 2690 2851 2753 aeternumque
2880 2683 3059 2742 Patris
3091 2690 3346 2746 sacerdo-

1772 2766 1906 2814 tem.
1963 2759 2209 2818 Primum
2260 2783 2390 2838 ergo
2443 2771 2524 2826 sic
2577 2773 2818 2841 habeto,
2878 2781 3342 2848 quemadmodum

1773 2852 2061 2921 progenies
2098 2855 2188 2910 illa
2233 2859 2472 2914 secunda
2522 2861 2618 2917 Dei
2649 2867 2926 2922 nominata
2958 2878 3077 2936 est,
3117 2881 3172 2927 et
3205 2889 3345 2943 quo-

1770 2941 1918 2996 niam
1961 2944 2146 3000 divino
2189 2963 2409 3020 quoque
2452 2954 2648 3023 spiritu
2694 2957 2787 3012 illa
2832 2961 3131 3031 prophetiae
3175 2941 3341 3022 vei'ba

1772 3034 1898 3090 ﬁdei
1937 3047 2139 3093 nostra:
2166 3043 2459 3098 commissa
2490 3057 2648 3115 sunt;
2689 3051 2810 3105 vide
2841 3067 2969 3105 num
3003 3063 3057 3109 et
3089 3055 3179 3111 ille
3214 3055 3342 3126 Spi-

1768 3127 1906 3182 ritus
1939 3141 2160 3185 sanctus
2195 3134 2250 3186 in
2276 3137 2577 3205 propheta,
2605 3141 2804 3197 suimet
2833 3143 3008 3214 ipsius
3047 3146 3337 3204 Dominum

1691 3243 1733 3299 ο
1767 3222 2065 3276 secundum
2095 3233 2217 3293 post
2245 3242 2368 3281 eum
2395 3230 2488 3298 qui
2513 3230 2775 3290 Dominus
2828 3246 2913 3291 est
2958 3242 3338 3296 universorum

1765 3323 1940 3366 vocet.
1979 3333 1997 3364 ι
2031 3314 2177 3370 Dixit
2209 3338 2227 3369 ι
2273 3321 2456 3386 enim,
2492 3323 2701 3393 inquit,
2744 3345 2762 3374 σ
2797 3325 3059 3386 Dominus
3108 3331 3340 3389 Domino

1766 3418 1911 3468 meo,
1949 3406 2088 3462 Sede
2117 3424 2147 3462 a
2173 3410 2405 3468 dextris.
2445 3433 2463 3464 ι
2497 3413 2668 3470 Sicuti
2702 3434 2883 3472 rerum
2917 3421 3078 3476 etiam
3120 3425 3339 3481 univer-

1765 3494 1866 3547 sim
1910 3499 2151 3552 omnium
2194 3501 2503 3570 Dominum,
2529 3505 2739 3563 Hebraei
2786 3510 3137 3568 inenarrabili
3178 3523 3232 3570 et
3271 3532 3339 3572 ex

1763 3593 2004 3653 quatuor
2035 3588 2320 3646 elementis
2353 3596 2655 3664 composita
2685 3597 2927 3655 dictione
2964 3614 3334 3673 vocaverunt;

1763 3690 1862 3729 nec
1909 3675 2021 3745 jam
2072 3682 2304 3750 amplius
2354 3699 2478 3739 eum
2525 3688 2692 3742 simili
2736 3691 2951 3746 ratione
2993 3695 3333 3762 secundum,

1764 3767 1858 3821 sed
1890 3770 2109 3840 pr0prie
2141 3771 2429 3829 Dominum
2462 3779 2897 3849 appellaverunt.
2939 3783 3132 3841 Merito
3161 3787 3330 3857 igitur

1764 3855 2013 3913 Salvator
2062 3875 2124 3916 ac
2167 3861 2430 3922 Dominus
2484 3879 2672 3926 noster
2711 3873 2825 3942 ipse
2852 3873 3011 3934 Jesus
3045 3879 3137 3947 qui
3169 3855 3328 3934 Chri-

1760 3956 1879 4004 stus
1935 3959 2020 4006 est
2077 3952 2205 4017 Dei,
2260 3955 2605 4032 interrogans
2659 3965 2948 4034 aliquando
2997 3967 3325 4035 Pharisaeos,

1765 4059 1784 4091 ε
1816 4040 1961 4106 Quid
2023 4046 2179 4101 vobis
2238 4050 2454 4105 videtur
2507 4055 2574 4110 de
2620 4056 2880 4113 Christo?
2921 4061 3080 4131 cujus
3125 4076 3208 4118 est
3263 4066 3330 4118 ti-

1758 4133 1866 4188 lius
1905 4134 1995 4188 "?
2030 4155 2047 4187 ι
2097 4153 2220 4194 cum
2280 4147 2734 4215 respondissent,
2793 4149 3052 4221 Davidis,
3121 4158 3329 4226 subdit,

1767 4242 1786 4274 ι
1819 4223 2107 4290 Quomodo
2153 4230 2320 4300 igitur
2350 4234 2520 4292 David
2549 4238 2605 4293 in
2636 4241 2834 4311 spiritu
2879 4241 3167 4300 Dominum
3203 4223 3327 4302 eum

1768 4324 1962 4380 vocat,
1997 4317 2205 4384 dicens,
2251 4322 2397 4379 Dixit
2435 4325 2699 4386 Dominus
2729 4329 2957 4386 Domino
2989 4349 3111 4389 meo
3141 4353 3155 4388 :
3190 4333 3330 4392 Sede

1759 4421 1790 4459 a
1834 4407 2043 4463 dextris
2088 4413 2303 4468 meis.”
2325 4420 2348 4468 ?
2374 4436 2392 4468 ›
2419 4419 2809 4489 propemodum
2837 4422 3203 4493 interpretans
3244 4427 3326 4482 di-

1757 4516 1998 4589 ctionem
2025 4557 2041 4580 ,
2091 4533 2215 4589 quae
2262 4532 2370 4572 non
2415 4519 2578 4572 modo
2619 4517 2876 4585 Davidis,
2918 4538 3109 4578 verum
3152 4527 3323 4580 etiam

1753 4577 1982 4688 spiritus
2017 4618 2072 4672 in
2137 4618 2405 4688 propheta
2421 4618 2773 4685 exsistentis,
2819 4619 3109 4678 Dominum
3140 4629 3327 4695 appel-

1752 4719 1850 4773 lat.
1909 4717 1968 4772 Si
2013 4734 2146 4774 νει-ο
2194 4719 2451 4789 spiritum
2496 4719 2650 4773 illum
2702 4722 3119 4791 propheticum,
3169 4727 3322 4783 illum

1751 4833 1932 4892 certe,
1963 4826 2059 4896 qui
2089 4825 2193 4880 ﬁde
2222 4833 2407 4881 nostra
2436 4825 2679 4882 creditus
2736 4836 2820 4882 est
2870 4826 3136 4900 Spiritum
3189 4848 3323 4889 san-

1750 4938 1933 4994 ctum,
1976 4931 2172 4984 annuit
2213 4947 2337 4986 esse
2373 4929 2694 4996 Dominum,
2739 4949 2897 5003 quem
2939 4950 3318 4993 consessorem

1747 5030 1927 5087 Patris
1957 5049 2080 5088 esse
2110 5033 2412 5103 proﬁtetur,
2445 5048 2546 5088 nec
2576 5034 2823 5090 absolute
2843 5076 2856 5100 ,
2895 5052 3082 5091 verum
3118 5038 3201 5093 sui
3234 5039 3320 5107 ip-

1749 5137 1863 5192 sius
1905 5136 2194 5190 Dominum
2228 5137 2531 5192 secundum
2565 5139 2618 5192 id
2651 5142 2792 5208 quod
2840 5148 2899 5194 ut
2934 5142 3232 5210 plurimum
3263 5149 3320 5196 et

1747 5241 1921 5311 magis
1965 5242 2210 5296 dicerent
2251 5241 2547 5298 rationales
2579 5242 2865 5299 facultates
2899 5255 3022 5313 post
3054 5245 3320 5315 Spiritum

1748 5359 2037 5416 sanctum,
2088 5360 2254 5420 atque
2291 5367 2453 5408 omne
2491 5353 2767 5423 opiﬁcium
2812 5355 3143 5422 aspectabile
3192 5372 3318 5413 cor-

1743 5451 1924 5522 poreis
1974 5459 2027 5507 et
2078 5452 2422 5522 incorporeis
2467 5463 2758 5520 constans,
2805 5459 2964 5527 cujus
2994 5459 3164 5517 totius
3191 5463 3314 5532 jure

1743 5558 1940 5612 merito
1969 5557 2449 5613 demonstraretur
2468 5557 2728 5614 Dominus
2773 5579 2916 5618 unus
2963 5562 3145 5623 Patris
3183 5583 3314 5623 con-

1741 5676 1946 5726 sessor,
1979 5678 2076 5734 per
2103 5677 2265 5733 quem
2297 5668 2494 5716 cuncta
2527 5661 2666 5716 facta
2696 5673 2823 5718 sunt
2849 5683 2862 5732 ;
2894 5669 3023 5737 quia
3052 5670 3310 5728 nimirum

1743 5768 2042 5824 secundum
2073 5767 2450 5823 admirabilem
2483 5768 2823 5839 Apostolum,
2849 5789 2868 5822 ι
2889 5771 2943 5826 in
2975 5773 3096 5844 ipso
3127 5782 3312 5831 creata

1343 5859 1384 5889 "
1419 5859 1551 5914 ibid.
1583 5860 1775 5925 45,44.

2961 5961 3036 6021 12
