3954 6550
595 349 707 406 563

1249 347 1518 403 EL'SEBII
1556 347 2036 408 CESARIENSIS
2072 351 2220 408 OPP.
2260 351 2442 409 PARS
2479 349 2544 410 ΙΙ.
2585 383 2652 393 —-
2689 353 3185 412 APOLOGETICA.

3745 355 3866 414 σοι

585 477 713 522 sunt
771 478 984 528 omnia,
1029 474 1138 519 tam
1189 480 1308 535 quae
1353 473 1479 519 sunt
1520 465 1576 518 in
1615 466 1803 532 cmlis,
1837 481 2000 537 quam
2033 484 2135 538 qua

2257 471 2418 540 ρικῆς
2468 471 2642 542 ἀρχῆς
2668 488 2727 524 τε
2771 473 2866 526 καὶ
2901 471 3197 544 βασιλείας,
3230 471 3278 524 εἰ
3325 470 3398 542 μὴ
3433 471 3539 545 ἄρα
3575 474 3654 526 ἐνὶ
3699 475 3866 547 μόνῳ

581 568 710 613 sunt
739 573 902 630 supra
936 567 1133 612 terram
1155 597 1170 622 ,
1209 559 1323 612 sive
1356 557 1613 624 visibilia,
1636 558 1752 614 sive
1784 559 2103 616 invisibilia.
2131 581 2150 614 ι

584 649 822 720 Equum
849 649 1011 720 igitur
1037 659 1141 710 est,
1169 649 1346 704 solum
1368 664 1490 703 eum
1515 661 1755 718 paterna:
1781 651 2156 712 similitudinis

582 745 783 800 habere
801 742 1100 798 dominium
1119 782 1134 808 ,
1159 743 1302 798 sicut
1321 751 1376 798 et
1396 744 1571 798 solum
1595 759 1717 800 esse
1735 744 1912 803 Patris
1931 761 2156 802 conses«

579 851 757 893 sorem
795 835 1131 888 declaratum
1177 843 1281 890 est.
1315 833 1667 908 Patet‘igitur
1701 837 1836 891 nulli
1877 846 2156 895 creatura-

579 943 700 980 rum
729 927 809 980 fas
830 941 952 980 csse
974 925 1158 980 sortiri
1180 927 1457 980 dexteram
1481 926 1866 997 omnipotentis
1887 928 2156 1000 principa-

579 1028 666 1073 tus
704 1027 757 1072 et
787 1017 1040 1088 imperii,
1075 1019 1182 1074 nisi
1214 1019 1264 1074 ei
1297 1021 1392 1073 uni
1421 1019 1525 1075 soli
1557 1035 1720 1090 quem
1755 1036 1822 1076 ex
1855 1023 2154 1092 praemissis

577 1110 726 1164 varie
758 1117 811 1164 et
841 1109 1146 1182 theologice
1177 1111 1696 1168 demonstravimus.
1730 1113 1889 1182 221
1924 1113 2154 1170 Attende

577 1201 761 1272 igitur,
796 1201 1258 1272 quemadmodum
1303 1203 1394 1258 hic
1435 1219 1606 1258 unum
1651 1213 1706 1260 et
1755 1205 2008 1262 eumdem
2061 1224 2154 1263 su~

576 1309 796 1364 premus
835 1302 889 1348 et
929 1295 1111 1349 omnia
1164 1295 1267 1350 sub
1315 1311 1376 1350 se
1420 1296 1628 1352 habens
1672 1297 1968 1364 Dominus,
2019 1314 2153 1356 voce

577 1385 670 1438 illa
735 1385 942 1450 donat,
989 1404 1008 1436 ι
1051 1383 1191 1441 Sede
1252 1401 1283 1440 a
1352 1386 1558 1442 dextris
1623 1388 1796 1456 meis;
1841 1408 1860 1442 ι
1901 1397 1956 1445 et
2018 1390 2150 1458 illa,

582 1497 600 1528 ι
640 1486 763 1532 ante
785 1475 1096 1531 Luciferum
1127 1479 1288 1548 genui
1333 1489 1404 1534 te.
1439 1497 1458 1530 ι
1495 1477 1704 1535 Deinde
1745 1496 1870 1536 cum
1919 1481 2152 1552 jurisju-

575 1569 729 1624 randi
767 1569 1207 1637 confirmatione,
1254 1571 1644 1627 inconcussum
1687 1581 1851 1644 atque
1897 1575 2152 1632 immuta-

577 1663 738 1716 bilem
779 1662 836 1716 in
893 1661 1164 1716 inﬁnitum
1222 1677 1398 1718 aevum
1453 1667 1799 1734 permansuri
1855 1669 2150 1724 sacerdotii

575 1755 838 1811 honorem
883 1755 934 1809 ei
998 1755 1228 1824 largitur
1261 1773 1274 1810 :
1306 1773 1324 1807 ι
1359 1755 1570 1812 Juravit
1599 1756 1896 1822 Dominus,
1939 1770 1994 1816 et
2037 1777 2148 1817 non

2256 561 2332 632 τῷ
2374 560 2462 614 διὰ
2516 561 2622 612 τῶν
2671 563 3047 632 προκειμένων
3101 561 3358 624 ποικίλως
3409 561 3860 636 θεολογουμένῳ.

2267 651 2588 722 Ἐπίστησον
2621 646 2732 716 οὖν,
2761 652 2835 716 ὡς
2869 653 3004 724 πρὸς
3048 654 3144 706 ἕνα
3176 653 3269 706 καὶ
3315 654 3405 706 τὸν
3447 655 3610 707 αὐτὸν
3639 657 3668 707 ὁ
3703 657 3864 709 ἀνω-

2255 743 2401 796 τάτω
2439 743 2534 796 καὶ
2576 744 2668 796 ἐπὶ
2707 743 2921 798 πάντων
2955 744 3159 812 Κύριος
3201 745 3295 797 καὶ
3327 743 3444 816 τὴν,
3485 764 3504 796 ι
3553 747 3758 799 Κάθου
3797 749 3866 800 ὲκ

2254 831 2443 900 δεξιῶν
2473 851 2594 905 μου,
2628 853 2646 886 ›
2672 835 2922 906 δωρεῖται
2957 835 3157 906 φωνὴν,
3194 836 3288 890 καὶ
3311 837 3431 906 τὴν,
3467 855 3486 885 ι
3519 836 3633 907 Πρὸ
3675 837 3866 890 Ἑωσ-

2255 925 2422 996 φόρου
2476 925 2771 996 γενέννηκά
2820 943 2898 979 σε.
2944 945 2963 978 ι
3019 926 3154 980 Μεθ’
3197 928 3361 998 ὅρκου
3409 927 3466 980 δὲ
3515 927 3864 979 διαϐεϐαιώ-

2255 1031 2413 1080 σεως,
2439 1015 2685 1070 ἄσειστον
2719 1015 2812 1070 καὶ
2851 1015 3204 1088 ἀπαράϐατον
3235 1015 3383 1086 αὐτῷ
3423 1015 3520 1087 τὴν
3545 1015 3728 1086 τιμὴν
3759 1016 3864 1087 τῆς

2253 1107 2331 1169 εἰς
2363 1107 2588 1178 ἄπειρον
2614 1107 2784 1160 αἰῶνα
2815 1107 3070 1178 διαρκοῦς
3103 1107 3402 1178 ἱερωσύνης
3435 1107 3858 1178 παραδίδωσιν·

2258 1217 2278 1250 ς
2315 1199 2517 1269 Ὤμοσε
2539 1199 2761 1270 Κύριος,
2791 1200 2881 1252 καὶ
2906 1201 2966 1253 οὺ
2991 1199 3494 1272 μεταμεληθήσεται
3515 1215 3527 1228 ·
3555 1199 3628 1251 Σὺ
3661 1201 3864 1272 ἱερεὺς

2253 1293 2332 1354 εἰς
2353 1292 2542 1344 αἰῶνα.
2573 1311 2590 1344 ι
2609 1290 2704 1355 Τίς
2735 1291 2780 1345 δ’
2807 1291 2873 1345 ἂν
2901 1294 3198 1358 ὲπινοοίτος
3225 1291 3340 1344 οὔτι
3369 1292 3433 1363 δὴ
3459 1291 3652 1363 θνητὸς
3679 1293 3860 1363 ἀνὴρ,

2251 1383 2388 1438 ἀλλὰ
2416 1385 2536 1437 οὐδὲ
2569 1383 2670 1454 τῆς
2702 1383 2995 1454 ἀΠελικῆς
3027 1384 3263 1454 φύσεως,
3305 1385 3410 1438 ὑπὸ
3439 1385 3574 1438 Θεοῦ
3621 1387 3740 1457 μὲν
3767 1393 3859 1454 fe.

2251 1477 2602 1549 γεννημένος,
2637 1477 2715 1539 εἰς
2747 1475 2916 1530 αἰῶνα
2954 1475 3010 1528 δὲ
3057 1477 3370 1548 ἰερωμένος,
3423 1479 3452 1530 6
3493 1477 3590 1530 καὶ
3625 1479 3694 1530 ἐν
3739 1476 3854 1536 τοῖς

2253 1569 2485 1643 πρόσθεν
2515 1567 2682 1622 εἰπών
2701 1585 2712 1597 ·
2752 1587 2771 1618 ι
2813 1566 3017 1639 Κύριος
3046 1567 3226 1620 ἔκτισὲ
3263 1585 3330 1640 με
3355 1569 3530 1640 ἀρχὴν
3557 1569 3706 1621 ὁδῶν
3755 1573 3856 1622 αὐ-

2250 1659 2344 1713 τοῦ
2378 1663 2456 1724 εἰς
2486 1660 2622 1732 ἔργα
2650 1658 2839 1714 αὐτοῦ.
2875 1659 2990 1730 Πρὸ
3019 1659 3114 1712 τοῦ
3155 1659 3347 1725 αἰῶνος
3380 1659 3728 1731 ὲθεμελίωσέ
3761 1677 3850 1730 με,

2252 1754 2310 1806 ἐν
2354 1754 2496 1825 ἀρχῇ
2536 1752 2644 1824 πρὸ
2683 1751 2778 1804 τοῦ
2822 1752 2921 1823 ὅρη
2967 1751 3312 1824 ἑδρασθῆναι,
3357 1753 3462 1823 πρὸ
3510 1753 3570 1806 δὲ
3615 1753 3852 1806 πάντων

576 1849 864 1920 paenitebit
893 1863 1053 1904 eum:
1089 1847 1172 1902 Tu
1210 1864 1270 1904 es
1319 1849 1578 1906 sacerdos
1623 1851 1677 1906 in
1709 1861 1992 1907 aaternnm.
2029 1875 2046 1905 ι
2079 1857 2135 1908 AI

2252 1845 2455 1915 βουνῶν
2499 1849 2664 1919 γεννᾷ
2707 1865 2795 1919 με.
2836 1865 2854 1898 ι
2887 1847 2998 1900 Καὶ
3048 1845 3285 1918 πρόσχες
3329 1844 3386 1898 δὲ
3435 1845 3727 1916 ἐπιμελῶς
3755 1845 3852 1898 τὸν

571 1942 716 1996 enim
771 1942 896 2012 quis
955 1941 1046 1996 hic
1093 1941 1314 1997 tandem
1371 1932 1740 2013 intelligatur?
1791 1961 1985 2016 nempe
2037 1963 2146 2002 non

573 2035 656 2088 vir
685 2033 933 2090 mortalis
961 2033 1106 2088 ullus
1125 2073 1140 2092 .
1172 2048 1235 2088 ac
1263 2049 1334 2088 ne
1382 2037 1642 2105 angelica:
1669 2037 1890 2108 quidem
1938 2047 2148 2096 natura:

569 2127 880 2198 quispiam,
919 2127 1013 2198 qui
1056 2142 1086 2181 a
1129 2125 1241 2183 Deo
1271 2129 1490 2199 quidem
1546 2131 1618 2185 sit
1659 2130 1868 2198 factus,
1906 2133 1962 2188 in
1989 2139 2149 2190 αξιοι·-

573 2237 708 2276 num
759 2235 892 2276 vero
969 2220 1228 2276 sacerdos
1274 2223 1644 2288 constitutus,
1691 2225 1786 2280 sed
1842 2227 1993 2283 solus
2058 2229 2148 2285 ille

567 2311 663 2383 qui
698 2311 754 2366 in
788 2312 858 2368 iis
882 2351 898 2378 ,
931 2327 1053 2383 qua:
1096 2319 1256 2368 antea
1311 2314 1596 2370 cilavimus
1647 2317 1916 2384 oraculis,
1967 2319 2142 2374 dixit:

574 2404 844 2459 «Creavit
895 2419 981 2459 me
1041 2403 1254 2457 initium
1313 2404 1524 2458 viarum
1586 2420 1810 2461 suarum
1869 2408 1924 2462 in
1978 2423 2145 2478 opera

569 2511 688 2552 sua.
749 2494 890 2550 Ante
951 2495 1210 2550 saeculum
1267 2492 1516 2549 fundavit
1573 2512 1698 2561 me,
1756 2499 1812 2552 in
1871 2499 2144 2570 principio

568 2597 860 2658 antequam
919 2593 1132 2642 montes
1187 2586 1584 2652 stabilirentur,
1651 2595 1706 2643 et
1761 2597 1887 2645 ante
1951 2606 2142 2648 omnes

567 2682 734 2736 colles
767 2680 941 2750 gignit
967 2695 1054 2733 me
1088 2679 1152 2731 ¹⁶.
1187 2699 1205 2731 ›
1237 2678 1447 2735 Adhibe
1475 2696 1606 2736 vero
1635 2683 1880 2737 animum
1913 2684 2142 2755 diligen-

568 2785 672 2836 ter,
718 2780 773 2828 et
811 2772 1196 2844 cogitationem
1240 2772 1496 2837 intende,
1539 2781 1656 2828 tum
1703 2775 1770 2830 ad
1819 2787 2140 2846 praesentem

563 2863 836 2933 psalmum
859 2901 876 2926 ,
907 2870 1025 2916 tum
1056 2861 1126 2915 ad
1167 2875 1263 2918 eas
1327 2878 1449 2933 qua:
1485 2869 1644 2916 antea
1706 2865 1968 2934 expositae
2013 2872 2142 2920 sunt

569 2969 752 3009 voces.
779 2953 838 3007 In
861 2951 966 3007 hoc
990 2954 1135 3009 enim
1161 2953 1436 3026 ingenitus
1467 2951 1612 3009 Deus
1641 2970 1765 3008 eum
1794 2954 1886 3024 qui
1923 2955 1992 3010 ab
2020 2956 2141 3025 ipso

563 3053 678 3111 est,
709 3051 763 3101 et
804 3051 994 3100 noster
1041 3045 1306 3101 Dominus
1359 3055 1482 3108 est,
1543 3046 1740 3102 sedere.
1787 3061 1972 3102 secum
2029 3062 2138 3101 una

559 3138 746 3208 jubet,
798 3136 1028 3193 dicens:
1062 3157 1080 3189 ι
1112 3135 1252 3194 Sede
1295 3153 1326 3192 a
1369 3137 1580 3193 dextris
1613 3137 1769 3192 meis.
1805 3157 1822 3188 ι
1855 3136 1914 3192 In
1967 3139 2138 3194 altero

2250 1935 2392 1999 νοῦν,
2421 1938 2720 2010 ἐπιστήσας
2749 1937 2828 2008 τῷ
2858 1955 2918 1990 τε
2949 1937 3177 2008 παρόντι
3221 1937 3442 2009 ψαλμῷ,
3477 1939 3575 1992 κα)⁸
3611 1939 3748 2001 ταῖς
3791 1939 3852 1989 ἐν

2248 2028 2325 2098 τῷ
2355 2030 2456 2102 πρὸ
2495 2030 2682 2084 τούτου
2721 2029 3142 2101 παρατεθείσαις
3179 2033 3401 2108 φωναῖς.
3449 2031 3537 2084 Ἐν
3577 2030 3684 2102 μὲν
3736 2031 3848 2100 γὰρ

2248 2121 2420 2192 τούτῳ
2452 2123 2480 2175 6
2511 2123 2771 2177 ἀνωτάτω
2803 2121 2936 2184 Θεὸς
2971 2120 3257 2193 σύνθρονον
3301 2122 3392 2175 τὸν
3429 2122 3718 2193 δεύτερον,
3751 2124 3848 2175 καὶ

2246 2213 2403 2286 ἡμῶν
2430 2213 2653 2286 Κύριον,
2688 2212 2880 2268 ἑαυτοῦ
2913 2214 3220 2285 καθίστησι,
3247 2213 3447 2283 λέγων·
3486 2233 3506 2266 ι
3545 2213 3750 2268 Κάθου
3782 2215 3850 2266 ἐκ

2245 2303 2430 2370 δεξιῶν
2463 2323 2597 2378 μου·
2636 2327 2654 2359 ι
2688 2308 2743 2359 ὲν
2792 2305 2849 2358 δὲ
2892 2305 2970 2376 τῷ
3015 2306 3120 2377 πρὸ
3157 2305 3348 2360 τούτου
3381 2307 3472 2359 τὸν
3506 2306 3710 2377 θρόνον
3763 2307 3846 2368 εἰς

2247 2397 2416 2451 αἰῶνα
2449 2399 2643 2463 αἰῶνος
2679 2400 2970 2473 διαμένειν,
3005 2404 3033 2456 6
3064 2401 3219 2470 λόγος
3261 2399 3481 2472 ἔφησεν,
3523 2399 3664 2469 ὁμοῦ
3707 2398 3847 2454 Θεὸν

2247 2489 2405 2542 αὐτὸν
2440 2489 2782 2563 ἀναγορεύων
2813 2493 2879 2547 δι’
2920 2487 2992 2546 ὧν
3027 2508 3220 2564 φησιν’
3257 2511 3276 2544 ς
3320 2492 3378 2543 '0
3413 2490 3602 2560 θρόνος
3643 2507 3774 2554 σου,
3813 2491 3844 2544 6

2245 2581 2395 2644 Θεὸς,
2426 2586 2506 2645 εἰς
2537 2583 2626 2635 τὸν
2657 2584 2827 2638 αἰῶνα
2859 2585 2949 2637 τοῦ
2983 2584 3194 2646 αἰῶνος.
3239 2603 3257 2634 ι
3297 2583 3465 2635 Πάλιν
3499 2584 3556 2634 ὲν
3609 2581 3721 2652 μὲν
3763 2581 3844 2652 τῷ

2249 2671 2387 2740 μετὰ
2417 2675 2620 2742 χεῖρας,
2663 2691 2680 2723 ι
2725 2673 2964 2740 Ῥάϐδον,
3001 2695 3020 2727 ›
3053 2674 3206 2746 φησι,
3255 2693 3274 2725 ι
3317 2675 3602 2744 δυνάμεως
3631 2673 3842 2738 ἐξαπο-

2246 2761 2418 2814 στελεί
2451 2779 2529 2814 σοι
2557 2763 2758 2833 Κύριος
2785 2766 2848 2818 ὲκ
2877 2764 3041 2819 Σιών·
3083 2785 3101 2817 ι
3133 2769 3190 2819 ὲν
3215 2767 3259 2820 δ’
3289 2767 3502 2836 ἐκείνῳ,
3536 2785 3554 2816 ι
3603 2767 3842 2829 Ῥάϐδος

2243 2853 2532 2924 εὐθύτητος
2562 2857 2595 2926 ἡ
2626 2857 2818 2926 ῥάϐδος
2845 2859 2944 2930 τῆς
2980 2859 3254 2930 βασιλείας
3281 2877 3395 2912 σου.
3438 2879 3456 2912 ι
3491 2861 3604 2912 Καὶ
3627 2857 3838 2922 αὖθιςό

2245 2945 2342 3014 μὲν
2392 2945 2580 3016 παρών
2619 2965 2782 3019 φησι·
2821 2968 2840 3002 ι
2881 2950 3062 3004 Κάθου
3109 2953 3173 3004 ὲκ
3213 2950 3402 3018 δεξιῶν
3451 2968 3573 3022 μου,
3613 2951 3732 3015 ἕως
3773 2953 3840 3006 ἂν

2242 3035 2318 3088 θῶ
2349 3037 2476 3100 τοὺς
2515 3037 2742 3110 ἐχθρούς
2781 3058 2874 3094 σου
2913 3042 3202 3114 ὑποπόδιον
3241 3043 3350 3097 τῶν
3375 3043 3548 3096 ποδῶν
3583 3060 3706 3108 σου,
3743 3045 3836 3099 καὶ

2241 3130 2692 3200 κατακυριεύσεις
2735 3133 2794 3184 ὲν
2847 3135 2997 3205 μέσῳ
3041 3135 3148 3190 τῶν
3203 3135 3410 3208 ἐχθρῶν
3457 3153 3584 3189 σου’
3639 3155 3658 3188 ι
3715 3141 3748 3191 6
3779 3137 3836 3190 δὲ

565 3207 725 3294 vero,
756 3244 918 3299 quem
963 3235 1090 3284 ante
1121 3229 1268 3283 hunc
1297 3229 1474 3300 ipsum
1516 3229 1872 3299 exposuimus
1895 3270 1909 3293 ,
1948 3229 2131 3286 sedem

2240 3219 2504 3291 πρόσθεν·
2543 3241 2561 3273 ι
2593 3223 2672 3275 Τὰ
2707 3223 2831 3296 βέλη
2868 3243 2960 3278 σου
2992 3228 3324 3299 ἠκονημένα,
3359 3228 3558 3281 δυνατά
3595 3231 3654 3282 ἐν
3693 3247 3836 3300 καρ·

561 3323 617 3377 in
648 3322 905 3377 saeculum
937 3321 1122 3377 saeculi
1167 3335 1422 3386 manere,
1466 3323 1748 3376 oraculum
1798 3321 2131 3386 amrmabat,

559 3415 732 3470 Deum
768 3415 987 3469 interim
1021 3413 1175 3468 illum
1207 3414 1491 3484 appellans
1523 3415 1577 3469 in
1625 3414 1734 3470 illis
1780 3415 1996 3480 verbis,
2041 3415 2132 3470 ubi

557 3507 677 3562 ait:
719 3525 738 3558 ι
780 3505 948 3561 Sedes
995 3513 1092 3560 tua
1147 3505 1291 3561 Deus
1341 3505 1396 3560 in
1450 3506 1711 3561 saeculum
1769 3506 1955 3562 saeculi
2002 3508 2068 3563 ίτ.
2108 3527 2127 3559 ι

547 3597 774 3654 Itursus
823 3598 879 3652 in
936 3611 1003 3652 eo
1055 3597 1150 3668 qui
1205 3613 1354 3652 nunc
1412 3597 1554 3653 inter
1607 3612 1801 3652 manus
1855 3593 2130 3666 versatur,

2235 3313 2322 3383 δία
2344 3313 2452 3366 τῶν
2480 3313 2690 3388 ἐχθρῶν
2732 3317 2825 3368 τοῦ
2857 3316 3137 3387 βασιλέως.
3173 3337 3191 3370 ι
3230 3319 3436 3374 Οὐκοῦν
3467 3319 3559 3372 καὶ
3591 3320 3662 3372 τὰ
3699 3321 3835 3392 περὶ

2235 3404 2342 3459 τῶν
2377 3407 2587 3478 ἐχθρῶν
2611 3407 2702 3460 τοῦ
2747 3408 3075 3481 δηλουμένου
3119 3413 3177 3465 ὲν
3215 3413 3543 3484 ἀμφοτέροις
3583 3413 3828 3484 συνᾴδει.

2235 3497 2331 3561 Τίς
2351 3499 2486 3570 δῆτα
2507 3495 2620 3564 οῦν,
2644 3499 2940 3572 ὀφθαλμοῖς
2959 3503 3100 3574 ὀρῶν
3125 3505 3182 3558 ὲν
3211 3503 3400 3576 μέσαις
3430 3507 3548 3567 ταῖς
3575 3505 3830 3568 πόλεσιν,

2235 3588 2291 3644 ἐν
2306 3608 2364 3643 τε
2385 3590 2600 3663 κώμαις
2618 3591 2710 3645 καὶ
2730 3591 2952 3665 χώραις,
2971 3594 3090 3646 καθ’
3115 3594 3241 3666 ὅλης
3263 3613 3321 3649 τε
3351 3596 3448 3666 τῆς
3471 3596 3828 3668 οἰκουμένης,

559 3709 582 3742 ι
613 3691 852 3760 virgam,
907 3689 1126 3757 inquit,
1167 3690 1391 3744 virtutis
1441 3691 1651 3744 emittet
1705 3689 1800 3744 tibi
1868 3689 2132 3747 Dominus

2240 3681 2498 3748 άνθούσας
2543 3683 2644 3747 τὰς
2687 3683 2780 3736 τοῦ
2823 3685 3075 3756 Σωτῆρος
3123 3685 3279 3756 ἡμῶν
3311 3685 3663 3758 Ἐκκλησίας,
3697 3689 3828 3752 τούς

553 3797 622 3839 ex
656 3781 786 3836 Sion
817 3782 883 3844 ⁸⁸,
927 3799 944 3831 ι
982 3781 1040 3835 in
1091 3781 1184 3835 illo
1230 3789 1412 3836 autem
1438 3821 1453 3848 ,
1506 3800 1525 3833 ι
1561 3782 1716 3854 virga
1766 3782 2084 3838 directionis
2112 3823 2128 3848 ,

553 3872 706 3942 virga
760 3871 916 3943 regni
971 3874 1054 3926 tui
1086 3873 1149 3926 “.
1189 3891 1207 3923 ι
1243 3871 1309 3925 Ει
1357 3889 1552 3930 rursus
1601 3873 1690 3929 hic
1737 3874 1959 3946 quidem
2011 3875 2126 3928 ait:

2231 3790 2290 3826 τε
2327 3775 2464 3846 πρὸς
2505 3775 2668 3828 αὑτοῦ
2714 3777 3133 3848 κυριευομένους
3167 3777 3364 3842 λαοὺς,
3396 3779 3491 3832 καὶ
3515 3779 3828 3852 μυρίανδρα

2235 3865 2414 3938 πλήθη
2431 3866 2538 3920 τῶν
2558 3867 2707 3938 αὐτῷ
2737 3869 3193 3939 καθωσιωμένων,
3216 3871 3547 3941 πανταχόθεν
3573 3874 3682 3926 ὑπὸ
3713 3875 3826 3928 τῶν

557 3983 580 4016 ι
611 3963 752 4019 Sede
805 3981 834 4018 a
888 3963 1098 4020 dextris
1155 3964 1331 4024 meis.
1381 3965 1558 4022 donec
1619 3983 1815 4038 ponam
1877 3967 2130 4022 inimicos

2240 3959 2519 4030 ὁρωμένων
2554 3977 2613 4013 τε
2643 3961 2702 4014 ὲν
2742 3960 3071 4033 ἀνθρώποις,
3102 3963 3349 4034 ἀοράτων
3382 3981 3441 4017 τε
3470 3967 3562 4017 καὶ
3590 3967 3824 4034 ἀφανῶν

553 4066 680 4110 tuos
733 4057 1030 4118 scabellum
1079 4057 1276 4127 pedum
1329 4064 1590 4122 tuorum,
1645 4069 1700 4114 ct
1756 4059 2129 4115 dominaberis

2240 4049 2460 4122 Ιεχθρῶν,
2492 4051 2584 4103 καὶ
2635 4051 2908 4122 πολεμίων
2940 4052 3038 4124 τῆς
3069 4053 3162 4107 τοῦ
3203 4055 3436 4126 Χριστοῦ
3467 4055 3822 4121 διδασκαλίας

441 4193 446 4200 .
553 4147 610 4202 in
645 4146 825 4203 medio
855 4147 1208 4202 inimicorum
1257 4157 1473 4202 tuorum
1505 4149 1574 4203 ”.
1606 4167 1624 4200 ι
1651 4148 1745 4205 ille
1782 4164 1915 4205 vero
1936 4191 1951 4215 ,
1991 4170 2009 4202 ι
2039 4165 2128 4204 sa-

442 4227 448 4238 ’
549 4239 700 4310 gitur:
748 4247 855 4294 tua:
907 4246 1109 4304 acutre,
1163 4247 1415 4310 potentes
1461 4241 1518 4296 in
1563 4241 1730 4298 corde
1777 4241 2124 4296 inimicorum

551 4331 716 4400 regis.
746 4350 765 4383 ι
791 4329 933 4401 Ergo
963 4330 1128 4386 etiam
1160 4346 1223 4386 ea
1253 4346 1374 4401 qua:
1401 4330 1468 4384 ad
1498 4331 1638 4401 ejus,
1658 4331 1724 4386 de
1751 4347 1860 4400 quo
1889 4332 2122 4403 agimus,

2230 4141 2592 4214 κυκλούμενα,
2623 4143 2723 4196 οὐκ
2747 4144 2812 4197 ἂν
2839 4145 3136 4216 θαυμάσειε
3164 4146 3254 4199 τὸν
3283 4148 3522 4219 παρόντα
3543 4151 3820 4221 χρησμὸν,

2228 4235 2308 4298 εἰς
2358 4235 2646 4307 πρόσωπον
2680 4237 3106 4309 ἀναφωνηθέντα
3131 4238 3226 4292 τοῦ
3259 4239 3669 4312 θεσπιζομένου,
3717 4245 3816 4297 τό·

2235 4345 2254 4378 ι
2293 4329 2666 4400 Κατακυρίευε
2715 4331 2772 4383 ἐν
2834 4331 2984 4402 μέσῳ
3038 4332 3146 4386 τῶν
3205 4333 3414 4406 ἐχθρῶν
3463 4353 3591 4402 om;
3649 4356 3668 4388 ι
3705 4341 3820 4392 Καὶ

548 4423 804 4478 inimicos
847 4425 1152 4493 pertinent,
1201 4423 1258 4477 in
1298 4431 1535 4494 utroque
1574 4423 1678 4480 sibi
1725 4425 1843 4494 ipsa
1889 4439 2126 4479 consen-

2240 4423 2524 4496 ἐπειδήπερ
2565 4423 2622 4476 ὲν
2662 4425 2738 4496 τῷ
2780 4424 3015 4497 πρόσθεν
3063 4428 3348 4498 κεχρίσθαι
3389 4429 3468 4500 τῷ
3519 4429 3683 4502 ἐλαίῳ
3717 4433 3820 4504 τῆς

547 4513 715 4568 tiunt.
743 4511 877 4578 Quis
905 4529 1035 4583 ergo
1064 4515 1225 4568 modo
1258 4515 1376 4569 suis
1403 4513 1580 4570 oculis
1621 4529 1856 4571 cernens
1899 4515 1954 4568 in
2007 4529 2121 4570 me-

2240 4515 2594 4582 Ξγαλλιάσεως
2627 4517 2777 4588 παρὰ
2807 4520 2934 4582 τοὺς
2969 4520 3230 4590 μετόχους
3279 4539 3392 4587 σου,
3425 4524 3612 4595 ἱερέων
3641 4525 3700 4578 δὲ
3737 4529 3819 4579 οἰ-

546 4604 654 4658 diis
685 4603 914 4658 urbibus
938 4644 953 4665 ,
989 4604 1042 4658 in
1079 4605 1218 4661 vicis
1254 4621 1320 4662 ac
1361 4606 1708 4677 regionibus,
1741 4607 1796 4660 in
1829 4613 1950 4662 tuto
1987 4607 2122 4663 orbe

545 4693 800 4750 ﬂorentes
854 4693 1153 4753 Salvatoris
1203 4698 1378 4753 nostri
1431 4697 1709 4754 Ecclesias
1737 4739 1754 4764 ,
1807 4705 1864 4752 et
1917 4714 2014 4754 eos
2063 4699 2118 4753 in

544 4783 748 4852 quibus
797 4782 1110 4839 dominatur
1159 4788 1425 4856 populos,
1455 4796 1510 4842 et
1541 4787 1926 4842 innumerabili
1971 4790 2121 4844 viro~

545 4889 666 4928 rum
696 4873 1046 4930 multitudine
1076 4875 1308 4931 refertos
1353 4884 1689 4940 conventus,
1739 4877 1834 4948 qui
1871 4879 1946 4932 illi
1987 4895 2120 4934 con-

545 4965 746 5018 secrati
777 4973 934 5030 sunt,
967 4967 1174 5036 quique
1199 4968 1441 5042 undique
1471 4975 1586 5024 tum
1628 4968 1698 5023 ab
1741 4969 1810 5024 iis
1841 4969 1937 5038 qui
1974 4969 2118 5025 inter

544 5055 794 5112 homines
846 5067 1166 5122 cernuntur,
1218 5069 1332 5113 tum
1384 5061 1451 5115 ab
1503 5059 1888 5130 eﬂugientibus
1939 5061 2115 5118 visum

541 5157 828 5212 nostrum,
873 5156 926 5202 et
965 5149 1197 5204 occultis
1249 5151 1486 5205 inimicis
1517 5157 1680 5220 atque
1711 5151 1962 5207 hostibus
1995 5151 2115 5221 ejus

541 5239 804 5294 doctrinae
839 5255 960 5310 qua:
993 5255 1022 5293 a
1065 5239 1288 5296 Christo
1325 5242 1521 5296 tradita
1553 5249 1638 5298 est
1661 5284 1675 5306 ,
1715 5243 2110 5310 circumsessi,

543 5345 654 5382 non
683 5330 986 5386 admiretur
1013 5347 1258 5402 praesens
1307 5333 1626 5400 oraculum,
1679 5335 1824 5406 quod
1877 5335 1944 5389 ad
1993 5335 2114 5405 ejus

541 5433 832 5488 personam
862 5423 1206 5477 enuntiatum
1237 5431 1350 5488 est,
1383 5433 1436 5478 et
1466 5423 1532 5480 de
1576 5441 1686 5495 quo
1731 5425 1821 5480 hic
1869 5427 2110 5491 canitur,

541 5510 675 5564 illud
729 5511 955 5582 utique:
996 5533 1015 5566 ι
1059 5513 1349 5571 Dominare
1405 5516 1461 5570 in
1521 5517 1707 5573 medio
1759 5520 2110 5576 inimicorum

541 5605 804 5659 tuorum?
835 5626 852 5656 ι
883 5605 1088 5664 Deinde
1126 5611 1384 5680 quoniam
1423 5611 1478 5666 in
1518 5627 1583 5666 eo
1630 5615 1724 5682 qui
1775 5616 2108 5681 antecessit,

537 5697 746 5751 dictum
775 5707 858 5754 est
891 5700 1041 5754 illum
1089 5711 1314 5757 unctum
1363 5719 1487 5758 esse
1516 5704 1677 5773 222
1706 5705 1826 5759 oleo
1853 5709 2098 5762 exsulta-

2229 4610 2371 4660 κεῖον
2501 4611 2632 4681 παρ’
2673 4609 2941 4681 Ἑϐραίοις
2967 4611 3027 4666 τὺ
3055 4613 3328 4686 χρίεσθαι·
3360 4618 3583 4681 εἰκότως
3609 4621 3638 4671 ό
3673 4621 3818 4688 μετὰ

2229 4701 2414 4771 χεῖρας
2463 4701 2561 4772 ἥδη
2620 4702 2938 4775 λευκότερον
3009 4707 3160 4778 ἰερέα
3226 4709 3385 4763 αὑτὸν
3449 4709 3814 4781 ἐπιφημίζει,

2229 4791 2446 4844 πλείονα
2497 4794 2771 4864 προτιθεὶς
2821 4797 2946 4868 περί
2998 4799 3162 4853 αὐτοῦ
3211 4801 3575 4866 διδασκαλίαν,
3631 4804 3698 4858 δι’
3749 4803 3817 4878 ἧς

2231 4883 2388 4952 μόνον
2420 4883 2580 4938 αὐτὸν
2614 4887 2766 4959 παρὰ
2801 4891 2928 4953 τοὺς
2970 4891 3190 4944 πώποτε
3231 4891 3447 4947 αἰώνιον
3478 4895 3628 4967 ἱερέα
3671 4893 3816 4952 εἶναι

2226 4974 2504 5038 παιδεύει,
2551 4979 2687 5050 ὅπερ
2747 4979 2970 5054 οὐδεμιᾷ
3027 4981 3312 5055 ἀνθρώπου
3373 4986 3528 5055 φύσει
3585 4987 3814 5042 δυνατὸν

2228 5066 2576 5138 ἐφαρμόζειν.
2629 5069 2788 5124 Κατὰ
2833 5072 2932 5144 τὴν
2981 5073 3134 5139 τάξιν
3192 5075 3524 5146 Μελχισεδὲκ
3563 5079 3816 5150 ἰερᾶσὸαἰ

2225 5173 2388 5228 φησιν
2426 5158 2606 5226 αὑτὸν,
2639 5163 2775 5233 πρὸς
2824 5165 3222 5239 ἀντιδιαστολὴν
3253 5167 3346 5220 τοῦ
3383 5169 3520 5221 κατὰ
3555 5169 3652 5240 τὴν
3685 5173 3814 5225 Μω-

2225 5250 2362 5314 σέως
2385 5251 2623 5318 διάταξιν
2667 5255 2878 5326 ἱερέως,
2912 5259 3027 5328 ἦτοι
3059 5259 3153 5312 τοῦ
3195 5260 3425 5330 Ἀαρὼν,
3454 5262 3486 5332 ῆ
3539 5280 3630 5316 και
3664 5282 3812 5329 τινος

2219 5341 2329 5394 τῶν
2357 5343 2413 5410 ἐξ
2439 5345 2648 5399 ἐκείνου
2668 5365 2680 5378 ·
2717 5343 2792 5402 ὧν
2818 5349 3046 5414 ἕκαστος
3091 5352 3164 5422 μὴ
3205 5351 3278 5406 ὢν
3308 5355 3570 5426 πρότερον
3601 5357 3808 5428 ἰερεὺς,

2223 5433 2447 5506 ὕστερόν
2475 5453 2604 5490 ποτε
2630 5439 2698 5492 δι’
2716 5440 3018 5513 ἀνθρώπων
3039 5443 3231 5516 ἀλοιφῇ
3254 5463 3358 5498 τινι
3379 5451 3652 5520 σκευαστῇ
3667 5451 3812 5522 χριό-

2223 5541 2401 5590 μενος,
2443 5528 2518 5589 ὡς
2567 5529 2624 5582 ὲν
2670 5529 2859 5593 τύποις
2889 5536 3062 5588 εἰπεῖν
3095 5538 3187 5589 καὶ
3233 5537 3536 5604 συμϐόλοις,
3571 5541 3808 5616 σκιώδης

2217 5635 2300 5682 τις
2333 5619 2425 5672 καὶ
2464 5620 2728 5686 εἰκονικὸς
2759 5624 2993 5695 Χριστὸς
3031 5627 3372 5682 ἁπετελείτο·
3401 5629 3537 5683 ἀλλὰ
3569 5633 3665 5684 καὶ
3707 5633 3806 5686 ἅτε

2210 5709 2402 5781 θνητὸς
2433 5713 2509 5766 ὢν
2536 5715 2636 5766 οὐκ
2675 5715 2756 5779 είς
2785 5716 2995 5788 μακρὸν
3025 5719 3312 5772 ἀπετίθετο
3341 5721 3440 5789 τὴν
3477 5723 3800 5797 ἱερωσύνην.

611 5811 654 5843 ¹⁵
691 5809 852 5869 Prov.
891 5830 1009 5880 vm,
1045 5815 1232 5876 23-25.
1314 5822 1354 5851 ¹⁷
1393 5818 1536 5879 Psal.
1565 5837 1711 5888 XLIV,
1748 5822 1798 5878 7.
1877 5825 1917 5856 ¹⁸
1953 5824 2092 5883 Psal.
2129 5849 2135 5878 ι

2264 5829 2318 5886 2.
2413 5833 2453 5864 ¹⁹
2490 5829 2634 5888 Psal.
2667 5847 2808 5902 xmv,
2854 5835 2904 5891 7.
3007 5837 3050 5869 ²⁰
3082 5835 3226 5894 Psal.
3256 5853 3364 5906 crs,
3389 5839 3441 5897 2.
