3954 6504
588 390 694 450 567
1219 389 1486 446 EUSEBII
1527 389 2006 446 CIESARIENSIS
2043 389 2192 448 OPP.
2234 392 2414 449 PARS
2454 393 2515 449 ll.
2552 423 2623 436 -—
2657 393 3158 451 APOLOGETICA.
3757 397 3881 454 368

586 517 640 564 et
668 506 926 564 sacerdos
956 509 1010 564 in
1044 517 1302 564 aeternum
1337 521 1645 578 permanes.
1673 507 1942 574 Quoniam
1980 509 2146 581 igitur

2321 514 2341 566 ἱ
2374 508 2533 568 οἶνον.
2569 509 2677 568 Ἦν
2714 514 2770 567 δὲ
2810 515 2987 588 ἱερεὺς
3019 515 3111 569 τοῦ
3145 515 3279 570 Θεοῦ
3313 517 3406 571 τοῦ
3442 519 3677 589 ὑψίστου
3705 559 3726 582 ,
3770 522 3881 574 καὶ

584 616 762 672 neque
788 616 817 654 a
840 610 1104 672 tempore,
1132 599 1426 656 sacerdotii
1461 600 1676 654 initium
1705 602 1936 672 accepit,
1972 619 2145 673 neque

2315 605 2507 676 λόγησε
2530 605 2620 660 τὸν
2658 607 2921 679 Ἀϐραάμ.
2955 626 2972 660 ›
3011 608 3250 673 Εἰκότως
3271 605 3364 664 οὖν
3395 612 3489 664 xai
3525 614 3654 683 μεθ’
3678 613 3876 684 ὅρκου

583 697 652 751 de
684 693 829 748 tribu
885 691 1227 746 sacerdotum
1285 699 1510 745 exortus
1539 698 1624 746 est
1647 690 1920 756 Christus,
1974 709 2144 764 neque

2318 697 2612 769 ιραλήψεως
2647 698 2790 769 μόνῳ
2825 699 2900 769 τῷ
2944 699 3256 772 δηλουμένῳ
3293 720 3310 751 ι
3353 699 3533 772 ὤμοσε
3562 705 3811 776 Κύριος
3846 709 3879 758 ὁ

583 787 880 844 artiﬁciose
902 785 1171 841 instructo
1205 785 1590 855 corporalique
1617 786 1738 839 oleo
1765 787 2046 851 inunctus,
2078 802 2144 842 ne

2315 789 2400 851 ιὸς,
2419 788 2514 842 καὶ
2540 791 2600 842 οὑ
2620 791 3146 862 μεταμεληθήσεται·
3165 794 3237 848 Σὺ
3250 790 3318 859 εί,
3352 814 3369 846 ι
3387 795 3580 864 λέγων,
3607 816 3623 845 ι
3662 799 3718 848 is
3730 798 3876 868 ρεὺς

585 882 748 936 ﬁnem
779 879 998 950 quidem
1033 877 1185 932 illum
1216 879 1510 934 sacerdotii
1541 889 1626 935 est
1660 881 2146 951 hahiturus,neque

2314 897 2328 943 ;
2349 881 2439 934 τὸν
2467 879 2656 946 αίῶνα,
2681 882 2820 938 κατὰ
2851 882 2947 953 τὴν
2969 883 3121 949 τάξιν
3143 884 3491 956 Μελχισεδέκ.
3516 907 3536 938 ›
3559 888 3875 942 Ἐπάκου-

583 975 711 1028 item
731 972 865 1026 solis
908 969 1136 1032 Iudaeis,
1173 970 1267 1026 sed
1291 971 1550 1027 omnibus
1587 973 1846 1043 gentibus
1883 974 2144 1029 constitu«

2314 990 2342 1025 ν
2376 973 2432 1026 δὲ
2466 968 2552 1027 οἷα
2579 975 2671 1028 καὶ
2701 975 2829 1047 περὶ
2847 975 3012 1028 τῶνδε
3039 979 3066 1028 ὁ
3109 978 3427 1044 ’Δπόστολός
3450 998 3637 1051 φησιν·
3681 999 3707 1031 ε
3773 981 3875 1036 Ἕν

577 1063 778 1120 endus.
841 1061 1070 1134 PrOpter
1105 1066 1218 1118 haec
1271 1066 1492 1130 omnia,
1524 1065 1721 1121 merito
1748 1065 1899 1120 illum
1929 1082 1957 1119 a
1988 1066 2138 1120 mini-

2317 1103 2331 1126 ,
2380 1067 2760 1137 περισσότερον
2809 1067 3129 1138 βουλόμενος
3177 1073 3205 1122 6
3240 1070 3372 1134 Θεὸς
3414 1073 3697 1136 ἐπιδεῖξαι
3743 1077 3871 1136 τοῖς

583 1159 750 1214 sterio
775 1157 958 1212 Aaron
1007 1158 1222 1221 liberat,
1248 1159 1391 1228 quod
1441 1158 1669 1229 ﬁguram
1703 1161 1948 1229 gerebat,
1977 1167 2032 1213 et
2064 1175 2144 1214 sev

2312 1159 2602 1228 .ηρονόμοις
2635 1159 2734 1228 τῆς
2761 1158 3029 1228 βασιλείας
3053 1162 3114 1213 τὸ
3140 1163 3468 1231 ἀμετάθετον
3501 1165 3600 1234 τῆς
3635 1164 3873 1235 βουλῆς

573 1251 821 1306 cundum
853 1249 1097 1304 ordinem
1126 1248 1484 1305 Melchisedee
1519 1250 1858 1305 sacerdotem
1908 1252 2134 1305 futurun

2309 1249 2452 1312 i105,
2487 1250 2837 1320 ἐμεσίτευσεν
2874 1251 3053 1322 ὅρκῳ,
3107 1253 3191 1305 ἵνα
3225 1253 3322 1319 διὰ,
3353 1253 3444 1305 δύο
3484 1255 3870 1325 πραγμάτων

580 1342 830 1396 aﬁirmat.
864 1339 929 1394 Et
970 1355 1101 1395 sane
1143 1341 1349 1395 oraculi
1378 1341 1558 1396 exitus
1610 1342 1947 1398 admirabilis
1976 1343 2024 1398 ei
2056 1344 2141 1414 qui

2307 1340 2622 1404 ιεταθέτων,
2657 1343 2713 1394 ἐν
2746 1337 2827 1406 οἷς
2861 1342 3117 1396 ἀδύνατον
3149 1343 3448 1414 ψεύσασθαι
3482 1344 3642 1410 Θεὸν,
3695 1348 3868 1414 £679-

579 1433 976 1502 contempletur
1028 1431 1483 1502 quemadmodum
1541 1431 1791 1489 Salvator
1845 1443 2030 1489 noster
2059 1434 2140 1490 Je-

2306 1435 2355 1486 liv
2383 1433 2724 1505 παράκλησιν
2758 1433 2966 1503 ἔχωμεν
2997 1437 3046 1487 οἱ
3081 1436 3593 1507 προκαταφυγόντες
3619 1437 3867 1507 τερα·τῆ⁸

583 1540 699 1589 sus,
734 1527 825 1594 qui
850 1535 934 1580 est
959 1508 1211 1578 Christus
1249 1523 1362 1588 Dei,
1389 1523 1562 1593 ipsius
1622 1524 1981 1580 Melcliisedec
2011 1527 2144 1590 ritu,

2302 1542 2344 1577 ιι
2365 1525 2466 1595 τῆς
2498 1524 2860 1596 προκειμένης
2887 1525 3116 1588 ἐλπίδος.
3156 1545 3174 1575 ›
3213 1528 3319 1579 Καὶ
3341 1527 3591 1597 ἐπιφέρει
3616 1525 3829 1593 λέγων
3848 1542 3863 1556 ·

585 1633 648 1673 ea
677 1634 798 1688 quae
819 1617 887 1672 ad
914 1617 1278 1674 sacerdotium
1302 1617 1355 1670 in
1378 1617 1690 1672 hominibus
1716 1619 2009 1688 gerendum
2029 1636 2146 1691 Spe-

2319 1617 2427 1669 Ka‘t
2460 1617 2508 1670 οἱ
2546 1617 2642 1686 μὲν
2677 1616 2916 1680 πλείονές
2950 1619 3053 1669 εἰσι
3087 1619 3367 1686 γεγονότες
3408 1621 3602 1690 ἱερεῖς,
3642 1618 3752 1672 διὰ
3799 1619 3865 1672 τὸ

581 1717 752 1774 ctant,
785 1725 882 1779 per
909 1724 1039 1764 suos
1094 1709 1377 1766 ministros
1428 1709 1695 1779 perﬁciat.
1725 1707 1860 1764 Nam
1891 1713 2142 1779 quemad-

2302 1707 2467 1777 ινάτῳ
2489 1705 2791 1760 κωλύεσθαι
2835 1705 3168 1775 παραμένειν
3195 1721 3208 1734 '
3245 1709 3272 1759 6
3305 1707 3358 1758 δὲ
3381 1747 3394 1770 ,
3426 1709 3514 1761 διὰ
3547 1709 3609 1760 τὸ
3653 1709 3863 1778 μένειν

583 1799 803 1854 modum
835 1801 924 1855 ille
964 1804 1060 1870 qui
1115 1800 1373 1856 sacerdos
1401 1802 1641 1872 gentium
1673 1809 1822 1866 erat,
1879 1818 2144 1873 nusquam

2298 1799 2449 1862 ὑτὸν,
2498 1798 2844 1869 ἀπαράϐατον
2885 1799 2995 1868 ἔχει
3046 1799 3142 1870 τὴν
3183 1800 3497 1871 ἱερωσύνην.
3537 1801 3724 1854 ’Ὀθεν
3763 1799 3859 1854 καὶ

581 1891 797 1946 videtur
854 1892 1144 1948 sacriﬁciis
1198 1893 1575 1962 corporalibus
1621 1893 1863 1956 functus,
1894 1896 1989 1949 sed
2024 1895 2142 1950 vino

2299 1891 2445 1955 ,θζειν
2484 1893 2562 1953 είς
2587 1892 2645 1943 τὸ
2673 1891 2928 1954 παντελὲς
2960 1892 3176 1946 δύναται
3209 1894 3332 1955 τοὺς
3358 1894 3860 1965 προσερχομένους

580 1984 699 2037 solo
727 1991 780 2038 et
822 1998 976 2053 pune,
1005 1983 1136 2037 dum
1156 1984 1260 2054 ipsi
1289 1984 1564 2039 Abraham
1591 1985 1886 2051 benedicit,
1925 1987 1998 2040 ita
2023 2003 2141 2044 sane

2298 1983 2321 2033 μ’
2346 1981 2510 2034 αὑτοῦ
2545 1981 2620 2052 τῷ
2654 1981 2802 2052 Θεῷ,
2852 1983 3081 2037 πάντοτε
3117 1984 3224 2048 ζῶν
3269 1987 3346 2046 εἰς
3381 1984 3440 2036 τὸ
3479 1985 3859 2054 ἐντυγχάνειν

579 2076 790 2148 primus
821 2077 936 2146 ipse
964 2075 1216 2131 Salvator
1245 2093 1310 2132 ac
1352 2078 1616 2133 Dominus
1670 2090 1855 2133 noster
1884 2119 1899 2143 ,
1955 2079 2140 2135 deindt

2295 2071 2393 2142 πὲρ
2425 2070 2624 2123 αὐτῶν.
2661 2071 2911 2135 Τοιοῦτος
2936 2073 3041 2142 γὰρ
3075 2074 3205 2143 ἡμῖν
3237 2072 3332 2124 καὶ
3365 2071 3604 2143 ἔπρεπεν
3641 2075 3856 2146 ἀρχιε-

579 2169 672 2238 qui
709 2169 778 2223 ab
819 2169 938 2238 ipso
990 2168 1217 2239 profecti
1253 2182 1401 2236 sunt,
1455 2172 1763 2227 sacerdotes
1797 2173 1851 2227 in
1897 2174 2140 2229 omnibus

2296 2165 2415 2227 εὺς,
2456 2165 2630 2228 ὅσιος,
2666 2163 2901 2227 ἄκακος,
2953 2165 3230 2234 ἀμίαντος,
3282 2166 3699 2236 κεχωρισμένος
3742 2166 3857 2219 άπὸ

579 2258 855 2330 gentibus,
914 2258 1199 2328 spirituale
1233 2261 1533 2316 secundum
1593 2264 1996 2320 ecclesiasticas
2026 2281 2140 2320 sau-

2291 2255 2358 2308 ῶν
2391 2255 2747 2328 ἁμαρτωλῶν,
2781 2255 2876 2308 καὶ
2905 2255 3228 2326 ὑψηλότερος
3250 2255 3357 2308 τῶν
3388 2256 3638 2328 οὐρανῶν
3684 2259 3852 2325 γενόο

579 2352 792 2405 etiones
844 2350 1138 2406 sacerdotii
1180 2366 1379 2406 munus
1419 2355 1705 2416 obeuntes,
1735 2355 1864 2409 vino
1896 2371 1959 2409 ac
1990 2371 2140 2426 pane,

2292 2365 2434 2412 ενος.
2482 2369 2498 2400 ι
2550 2349 2659 2402 Καὶ
2711 2348 2999 2417 ἐπιλέγει·
3060 2368 3078 2400 ι
3114 2347 3420 2417 Κεφάλαιον
3476 2348 3535 2401 δὲ
3577 2350 3682 2400 ἐπὶ
3734 2352 3853 2411 τοῖς

579 2449 634 2494 et
660 2439 908 2510 corporis
940 2439 1089 2494 illius
1115 2450 1168 2494 et
1194 2441 1451 2498 salutaris
1481 2443 1765 2513 sanguinis
1783 2445 2040 2514 mysteria
2062 2461 2140 2500 re-

2291 2439 2591 2511 ίρημένοις,
2642 2437 2879 2491 τοιοῦτον
2923 2437 3117 2509 ἔχομεν
3162 2437 3439 2508 ἀρχιερέα,
3480 2436 3536 2500 ὃς
3577 2436 3852 2489 ἐκάθισεν

579 2540 934 2604 ρτωεεηιιιιιι,
983 2548 1104 2603 quae
1132 2547 1263 2588 sane
1293 2535 1556 2604 mysteria
1614 2535 1970 2592 Melchisedec
2002 2547 2140 2594 tantc

2289 2549 2313 2582 ν
2353 2530 2503 2601 δεξιᾷ
2555 2530 2654 2601 τῆς
2697 2529 3070 2602 μεγαλοσύνης
3116 2531 3173 2582 ὲν
3211 2529 3451 2600 ὑψηλοῖς,
3499 2528 3613 2582 τῶν
3664 2530 3850 2597 ἁγίων

568 2633 721 2694 ante.
739 2623 932 2694 spiritu
964 2611 1148 2678 divino
1177 2634 1526 2694 cognoverat,
1558 2635 1612 2680 et
1640 2642 1818 2680 rerum
1846 2628 2129 2682 t‘uturaruu

2288 2623 2582 2694 ειτουργδς,
2613 2623 2705 2676 καὶ
2737 2623 2834 2694 τῆς
2866 2622 3069 2692 σκηνῆς
3096 2623 3192 2692 τῆς
3223 2621 3500 2693 ἀληθινῆς,
3535 2621 3607 2692 ἦν
3633 2620 3849 2690 ἔπηξεν

580 2714 908 2785 imaginibus
932 2730 1063 2769 usus
1090 2707 1298 2778 [μοι-ιιι,
1312 2717 1453 2768 sicut
1479 2715 1642 2768 etiam
1670 2716 1834 2772 Mosis
1858 2716 2141 2787 Scriptura

2309 2715 2528 2787 Κύριος,
2549 2714 2984 2786 οὐχ’ἆνθρωπος.
3025 2735 3043 2765 ι
3075 2713 3256 2766 Ταῦτα
3289 2715 3434 2784 μένό
3480 2714 3844 2778 ’Λπόστολος.

580 2804 924 2867 testiﬁcatur,
956 2803 1049 2858 ubi
1083 2804 1159 2856 ait
1195 2823 1208 2858 :
1251 2821 1268 2853 ι
1311 2803 1376 2856 Ει
1403 2802 1762 2858 Melchisedec
1802 2821 1896 2860 rex
1945 2805 2141 2871 Salem,

2282 2807 2323 2858 Ο
2343 2805 2397 2856 δὲ
2425 2803 2634 2874 ψαλμὸς
2655 2803 2880 2867 ὑποϐὰς,
2911 2804 3003 2856 καὶ
3030 2803 3089 2856 τὸ
3114 2803 3282 2866 πάθος
3304 2802 3843 2873 ἐπικεκαλυμμένως

581 2895 809 2966 [retulit
838 2909 1008 2963 panes
1058 2900 1112 2947 et
1161 2892 1370 2949 vinum.
1399 2890 1529 2946 Erat
1560 2901 1742 2948 autem
1772 2895 2028 2950 sacerdos
2060 2895 2142 2952 Dei

2287 2893 2348 2948 οὗ
2381 2895 2850 2964 προφητευομένου
2882 2895 3051 2965 δηλοῖ,
3076 2894 3246 2962 λέγων
3267 2911 3280 2923 ·
3324 2913 3341 2945 ι
3395 2894 3489 2947 Ἐκ
3525 2895 3844 2965 χειμάρρου

579 2985 859 3049 altissimi,
893 2992 948 3040 et
998 2983 1277 3039 benedixit
1303 2985 1574 3039 Abraham
1601 2986 1668 3038 ²².
1714 3005 1732 3036 ι
1770 2984 1962 3040 Merito
1990 2987 2140 3058 igitur

2285 3002 2312 3036 ν
2345 2983 2448 3054 ὁδῷ
2479 2985 2681 3048 πίεται,
2711 2983 2799 3037 διὰ
2827 2983 2982 3037 τοῦτο
3004 2982 3205 3053 ὑψώσει
3240 2983 3496 3054 κεφαλήν.
3529 3002 3546 3034 ι
3587 2985 3664 3035 Χε
3680 2985 3841 3055 (μαρ-

579 3083 637 3130 et
670 3091 794 3129 cum
818 3073 1183 3144 jurisjurandi
1219 3075 1524 3145 adjectione
1546 3116 1561 3140 ,
1598 3077 1692 3130 uni
1740 3079 1790 3132 ei
1822 3077 1890 3134 de
1918 3094 2026 3148 quo
2064 3079 2140 3135 hit

2282 3093 2346 3129 ιον
2367 3075 2422 3128 δὲ
2447 3075 2535 3127 τὸν
2560 3075 2744 3146 καιρὸν
2766 3073 2870 3127 τῶν
2892 3075 3210 3144 πειρασμῶν
3238 3075 3330 3128 καὶ
3353 3073 3508 3136 ἄλλος
3521 3074 3682 3143 δηλοῖ
3703 3075 3843 3142 ψαλ-

581 3169 793 3237 agimus
829 3167 957 3220 talia
980 3167 1251 3237 promissa
1283 3175 1411 3222 sunt
1440 3187 1452 3222 :
1489 3185 1508 3219 ι
1539 3166 1772 3234 Juravit,
1807 3169 2020 3240 inquit,
2053 3168 2142 3225 Do

2282 3166 2374 3229 ιὸς,
2407 3165 2577 3234 λέγων
2605 3181 2651 3216 ἰ
2680 3164 2994 3236 Χειμάρρου
3019 3164 3280 3235 διῆλθενὴ
3308 3163 3452 3234 ψυχὴ
3483 3162 3665 3233 ἡμῶν.
3703 3166 3843 3234 Ἀρα

582 3259 762 3315 minus
783 3257 961 3334 Deus,
994 3267 1183 3314 etnon
1215 3259 1498 3330 paenitebit
1521 3276 1646 3315 eum
1674 3280 1686 3316 ε
1715 3272 1773 3316 ιιι
1803 3277 1862 3317 es
1894 3265 2143 3320 sacerdos

2287 3257 2515 3330 ιῆλθενὴ
2539 3258 2684 3329 ψυχὴ
2720 3259 2875 3329 ἡμῶν
2901 3235 2960 3310 τὸ
2999 3257 3140 3328 ὕδωρ
3166 3257 3224 3310 τὸ
3249 3257 3644 3309 ἀνυπόστατον.
3675 3276 3698 3308 ι
3758 3258 3842 3308 Ἑν

581 3367 638 3406 ιιι
688 3360 951 3407 αξιοι-ηυιιι
1011 3351 1312 3407 secundum
1382 3351 1629 3408 ordinem
1694 3353 2077 3410 Melchisedec.
2125 3375 2142 3408 ι

2284 3348 2326 3420 ᾦ
2350 3350 2630 3422 χειμάρρῳ
2644 3349 2820 3402 τοίνυν
2854 3347 3056 3410 πίεται,
3087 3347 3220 3416 φησὶ
3239 3386 3252 3410 ,
3277 3346 3336 3398 τὸ
3363 3347 3622 3416 ποτήριον
3653 3347 3842 3418 δηλονο

579 3441 720 3496 λιιιάί
764 3455 894 3496 vero
919 3440 1100 3511 qualia
1134 3441 1244 3496 sint
1270 3456 1390 3511 quae
1439 3442 1506 3498 de
1553 3442 1746 3497 iisdem
1786 3445 1950 3499 rebus
1986 3448 2140 3501 etiam

2278 3461 2360 3508 τι,
2389 3443 2417 3496 ὃ
2451 3442 2694 3515 ᾐνίττετο
2723 3441 2860 3512 πρὸς
2914 3441 2990 3512 τῷ
3024 3441 3197 3513 καιρῴ
3221 3440 3314 3495 τού
3352 3441 3575 3504 πάθους,
3614 3441 3801 3509 λέγων
3825 3456 3839 3471 ·

578 3533 874 3603 Apostolus
905 3531 1052 3587 dicat
1079 3549 1094 3586 :
1127 3550 1145 3584 ι
1174 3531 1232 3586 ln
1268 3548 1374 3602 quo
1399 3532 1767 3590 abundantius
1790 3537 1978 3592 volens
2008 3535 2139 3592 Deus

2303 3538 2504 3610 Πάτερ,
2532 3539 2581 3589 εί
2603 3535 2846 3600 δυνατὸν,
2872 3533 3185 3604 παρελθέτω
3199 3534 3259 3587 τὸ
3277 3536 3529 3605 ποτήριον
3553 3534 3727 3587 τοῦτο
3748 3534 3839 3587 ἀπ’

537 3697 540 3700 ἢ
576 3623 871 3679 ostendere
895 3622 1204 3678 haeredihus
1231 3622 1382 3693 regni
1406 3623 1904 3680 immutabilitatem
1936 3629 2098 3681 consil

2276 3629 2437 3699 μού.)
2465 3631 2574 3684 Καὶ
2599 3628 2761 3683 πάλιν
2786 3629 2904 3681 «Ei
2941 3629 3014 3699 μὴ
3043 3626 3266 3680 δυνατόν
3291 3628 3437 3679 ἐστιν
3462 3626 3592 3678 αὑτὸ
3629 3625 3837 3700 παρελ-

581 3715 689 3779 sui,
716 3714 1041 3785 interposuit
1090 3714 1477 3784 jusjurandum
1509 3754 1521 3776 ,
1555 3722 1610 3769 ut
1642 3731 1737 3785 per
1769 3717 1905 3774 duas
1933 3734 2018 3772 res
2045 3722 2142 3773 im-

2279 3725 2384 3784 εῖν,
2408 3722 2501 3775 ἐὰν
2525 3721 2598 3792 μὴ
2615 3721 2746 3774 αὑτὸ
2772 3720 2899 3784 πίω,
2923 3719 3204 3791 γενηθήτω
3220 3718 3278 3771 τὸ
3298 3717 3506 3788 θέλημά
3527 3735 3644 3770 σου.
3661 3737 3679 3769 ι
3713 3717 3840 3770 Τοῖ-

583 3809 872 3864 mutabiles
903 3809 958 3862 in
987 3807 1190 3877 quibus
1214 3807 1553 3875 impossibile
1587 3818 1670 3863 est
1700 3809 1920 3863 mentiri
1958 3810 2144 3876 Deum,

2276 3831 2312 3866 το
2341 3813 2402 3884 δὴ
2427 3809 2519 3866 οὖν
2547 3811 2752 3865 ἐκπιὼν
2775 3811 2836 3864 τὸ
2878 3813 3135 3882 ποτήριον
3155 3851 3169 3875 ,
3206 3811 3385 3881 ’ύψωσε
3421 3810 3662 3881 κεφαλὴν
3685 3851 3706 3875 ,
3749 3815 3837 3865 καὶ

582 3899 746 3972 224
785 3899 1145 3955 fortissimum
1197 3899 1452 3954 solatium
1516 3899 1848 3964 habeamus,
1897 3902 1990 3971 qui
2022 3917 2143 3958 con-

2276 3905 2393 3957 ιατὰ
2413 3904 2503 3956 τὸν
2537 3903 2875 3968 ’Λπόστολον,
2902 3901 3020 3954 ἐπεὶ
3048 3903 3156 3973 γάρ
3195 3921 3212 3954 ι
3245 3902 3465 3970 γέγονεν
3490 3901 3744 3970 ὑπήκοος
3766 3898 3837 3968 τῷ

481 4039 483 4042 ι
582 3991 820 4059 fugimus
849 3989 916 4044 ad
954 3989 1309 4044 obtinendam
1357 3989 1697 4060 propositam
1732 4006 1882 4061 spem
1916 3992 1961 4023 ³³
1993 4034 2007 4058 ,

2268 3996 2428 4066 [Ia-cpi.
2451 3995 2612 4066 μέχρι
2633 3993 2881 4056 θανάτου,
2905 3992 3134 4047 θανάτου
3154 3993 3210 4044 δὲ
3231 3991 3482 4062 σταυροῦ,
3503 3989 3591 4042 διά
3615 3991 3800 4052 τοῦτο,
3814 4009 3829 4039 ι

583 4081 829 4152 adjungit
859 4099 873 4135 :
917 4099 934 4132 ι
960 4079 1025 4135 Ει
1063 4081 1154 4134 alii
1186 4080 1404 4151 quidem
1439 4082 1623 4151 plures
1655 4083 1786 4137 facti
1809 4091 1937 4138 sunt
1966 4099 2144 4140 sacer-

2274 4087 2439 4156 p'qslv,
2469 4105 2486 4136 ι
2513 4085 2867 4156 ὑπερύψωσεν
2893 4084 3052 4136 αὑτὸν
3078 4085 3106 4136 6
3135 4083 3287 4146 Θεὸς,
3323 4083 3538 4153 ἐγείρας
3568 4080 3743 4133 eum
3777 4083 3835 4132 ὲκ

486 4221 490 4224 ,
581 4173 760 4237 dotes,
795 4174 1000 4229 idcirco
1029 4173 1172 4244 quod
1203 4183 1377 4230 morte
1411 4175 1837 4245 prohiberentur
1866 4194 2047 4248 perma

2274 4176 2361 4229 τῶν
2382 4174 2588 4246 νεκρῶν
2607 4214 2622 4240 ,
2645 4175 2738 4228 καὶ
2758 4173 2985 4238 καθίσας
3010 4175 3168 4228 αὑτὸν
3196 4175 3250 4225 ἐν
3273 4172 3418 4242 δεξιᾷ
3449 4169 3636 4232 αὑτοῦ,
3662 4171 3835 4239 ὑπερο

582 4282 682 4321 re:
725 4266 814 4320 hic
848 4273 1053 4331 autem,
1083 4281 1149 4322 eo
1173 4265 1316 4336 quod
1350 4267 1467 4337 ipse
1489 4275 1728 4332 maneat,
1761 4269 2143 4339 sempiternum

2273 4267 2368 4320 ἰινω
2400 4265 2577 4336 πάσης
2604 4265 2776 4336 ἀρχῆς
2801 4303 2817 4330 ,
2853 4265 2945 4317 καὶ
2980 4263 3245 4330 ἐξουσίας,
3277 4263 3371 4316 καὶ
3402 4261 3704 4330 δυνάμεως,
3749 4261 3834 4314 καὶ

581 4356 746 4410 habet
773 4356 1158 4412 sacerdotium.
1187 4355 1265 4410 Ex
1289 4372 1400 4427 quo
1430 4357 1596 4412 etiam
1634 4373 1852 4413 servare
1885 4361 1940 4414 in
1965 4376 2142 4430 ρει-ρει

2269 4358 2602 4430 κυριότητος,
2651 4359 2744 4410 καὶ
2782 4357 2980 4420 παντὸς
3012 4353 3266 4426 ὀνόματος
3299 4350 3701 4422 ὀνομαζομένου
3725 4390 3742 4415 ,
3777 4351 3830 4404 οὐ

585 4455 738 4500 tuum
769 4455 946 4518 potest
998 4448 1319 4504 accedentes
1351 4464 1448 4520 per
1485 4449 1665 4521 ipsum
1700 4449 1767 4504 ad
1796 4451 1986 4517 Deum,
2021 4467 2146 4506 sem-

2268 4450 2416 4521 μόνον
2451 4451 2506 4503 ἐν
2535 4448 2614 4521 τῷ
2650 4449 2805 4503 αἰῶνι
2843 4448 3037 4519 τούτῳ,
3069 4446 3203 4500 ἀλλὰ
3236 4445 3329 4498 καὶ
3369 4447 3426 4498 ὲν
3453 4444 3529 4513 τῷ
3558 4443 3829 4514 μέλλοντι.

584 4552 681 4608 per
703 4539 888 4595 vivens
943 4540 1011 4594 ad
1065 4540 1510 4597 intercedendum
1538 4557 1636 4612 pro
1667 4542 1794 4599 illis.
1827 4543 1976 4600 Talis
2008 4545 2145 4598 enim

2265 4542 2367 4595 Καὶ
2390 4542 2563 4596 πάντα
2581 4541 2834 4606 ὑπέταξε,
2862 4541 3072 4612 »φησὶν,
3095 4557 3112 4590 ι
3137 4527 3242 4592 ὑπὸ
3265 4540 3388 4601 τοὺς
3411 4536 3574 4598 πόδας
3593 4535 3788 4598 αὑτοῦ,
3812 4551 3826 4583 ι

585 4629 810 4683 decebat
841 4646 942 4686 nos
1001 4632 1269 4701 pontifex,
1325 4641 1573 4698 sanctus,
1627 4635 1924 4700 innocens,
1960 4636 2146 4706 impol-

2268 4633 2396 4685 κατὰ
2420 4633 2516 4704 τὴν
2543 4633 2676 4704 πρὸς
2705 4633 2863 4686 ἀυτὸν
2886 4631 3234 4700 ἐπαγγελίαν,
3265 4629 3332 4700 ἢν
3358 4627 3445 4682 διὰ
3485 4626 3578 4680 τοῦ
3615 4624 3829 4696 ψαλμοῦ

586 4719 755 4786 lutus,
803 4731 1121 4792 segregatus
1153 4738 1183 4776 a
1213 4725 1633 4792 peccatoribus,
1667 4732 1722 4779 et
1753 4725 2022 4780 excelsior
2049 4741 2147 4780 cte-

2270 4722 2570 4794 ιταρίστησι,
2593 4721 2788 4789 λέγων’
2812 4740 2829 4771 ι
2854 4719 3034 4774 Κάθου
3069 4721 3131 4772 ἐκ
3160 4717 3360 4782 δεξιῶν.
3379 4733 3499 4787 μου,
3526 4713 3630 4776 ἕως
3661 4711 3729 4766 ἂν
3762 4711 3831 4764 θῶ

585 4808 655 4864 lis
685 4809 862 4866 factus
886 4811 953 4867 ⁸⁸.
992 4829 1011 4862 ι
1047 4810 1250 4867 Deinde
1273 4813 1521 4885 adjungit
1556 4834 1569 4869 :
1604 4834 1623 4867 ι
1653 4816 2025 4886 Caputautem
2060 4832 2146 4872 su-

2269 4817 2377 4880 ιοὺς
2410 4815 2635 4887 ἐχθρούς
2657 4830 2749 4867 σου
2787 4811 3071 4867 ὑποπόδιον
3091 4811 3198 4864 τῶν
3228 4809 3404 4863 ποδῶν
3438 4825 3550 4860 σου.
3577 4807 3830 4859 Κατακυ-

586 4915 681 4970 per
709 4901 777 4956 iis
799 4918 918 4971 qua:
943 4902 1090 4956 dicta
1139 4912 1284 4962 sunt.
1323 4904 1506 4960 Talem
1536 4907 1799 4964 habemus
1821 4911 2147 4979 pontiﬁcem,

2267 4907 2403 4979 ρίευε
2431 4909 2486 4960 ὲν
2523 4907 2672 4978 μέσῳ
2694 4906 2800 4959 τῶν
2833 4905 3040 4976 ἐχθρῶν
3071 4921 3185 4957 σου.
3209 4923 3226 4953 ι
3265 4899 3532 4972 Πρόδηλον
3550 4898 3735 4956 παντὶ,
3763 4895 3828 4954 ('0;

587 4993 678 5062 qui
712 4993 863 5048 sedet
910 4995 968 5048 in
999 4993 1224 5051 dextera
1266 4997 1580 5069 maiestatis
1613 5001 1670 5056 in
1710 5003 1962 5067 excelsis,
2021 5017 2148 5058 san-

2267 4999 2336 5052 ἕτι
2360 4998 2456 5052 νῦν
2478 5000 2510 5069 ἡ
2531 4996 2624 5050 τοῦ
2646 4997 2895 5067 Σωτῆρος
2912 4995 3065 5066 ἡμῶν
3084 4995 3307 5065 δύναμις
3325 4993 3418 5045 καὶ
3436 4993 3464 5043 ὁ
3479 4991 3575 5054 τῆς
3589 4987 3828 5040 διδασκα-

584 5094 794 5141 ctorum
853 5086 1121 5155 minister,
1182 5096 1235 5144 et
1298 5092 1636 5148 tabernaculi
1674 5095 1810 5159 veri,
1851 5080 1995 5166 quod
2035 5097 2145 5150 ﬁin

2266 5090 2374 5153 λίας
2397 5087 2560 5141 αὑτοῦ
2588 5087 2763 5154 λόγος,
2792 5087 2848 5137 ἐν
2873 5085 3055 5156 μέσοις
3080 5083 3421 5154 τοίςοὲχθροῖς
3443 5081 3534 5134 καὶ
3555 5077 3827 5147 πολεμίοις

586 5177 749 5241 Deus,
797 5187 850 5232 et
883 5193 989 5233 non
1020 5179 1181 5234 homo
1229 5182 1294 5237 ".
1337 5203 1356 5235 ι
1407 5183 1533 5239 ΗίΒο
1565 5185 1783 5255 quidem
1837 5188 2147 5257 Apostolus.

2266 5180 2446 5243 αὑτοῦ,
2478 5179 2568 5233 καὶ
2621 5178 2727 5230 τῶν
2780 5177 3217 5230 πεπιστευκότων
3263 5177 3342 5238 είς
3371 5173 3530 5228 αὑτὸν
3577 5169 3827 5222 ἁπάντων

584 5268 834 5326 l’salmus
864 5285 1014 5337 vero,
1053 5271 1280 5328 inferius
1331 5290 1687 5346 progressus,
1721 5278 1884 5333 etiam
1923 5295 1986 5333 ea
2031 5297 2145 5350 qua:

1103 5271 1280 5328 ilerius
1331 5290 1687 5346 progressus,
1721 5278 1884 5333 etiam
1923 5295 1986 5333 ea
2031 5297 2152 5350 qua:
2261 5273 2664 5344 κατακυριεύει.

584 5376 850 5433 passurus
871 5371 989 5417 erat
1022 5365 1088 5429 is,
1139 5363 1206 5420 de
1231 5381 1340 5435 quo
1398 5369 1757 5435 vaticinatur,
1786 5380 1972 5441 aperte
2010 5370 2301 5442 signiﬁcat,
2335 5367 2525 5422 dicens
2555 5385 2566 5420 :
2600 5383 2618 5417 ι
2654 5363 2730 5418 De
2764 5371 3007 5419 torrente
3059 5363 3115 5417 in
3176 5362 3264 5418 via
3313 5363 3495 5426 bibet,
3545 5370 3825 5432 propterea

585 5453 841 5507 exaltabit
864 5463 1026 5526 caput
1059 5457 1126 5510 ²⁶.
1170 5476 1189 5508 ι
1222 5456 1542 5516 Torrentem
1564 5477 1752 5532 porro,
1786 5467 2149 5518 tentationum
2191 5474 2404 5533 tempus
2427 5457 2834 5528 intelligendum
2870 5457 3009 5512 alius
3056 5457 3261 5512 indicat
3315 5458 3556 5528 psalmus
3601 5459 3821 5517 dicens;

593 5561 612 5594 ι
658 5541 974 5599 Torrentem
1019 5550 1367 5617 pertransivit
1419 5555 1598 5608 anima
1633 5563 1842 5611 nostra.
1893 5553 2146 5610 Forsitan
2186 5553 2507 5627 pertransiit
2557 5552 2739 5605 anima
2769 5561 2953 5606 nostra
2973 5566 3169 5622 aquam
3204 5553 3602 5608 intolerabilem
3629 5554 3698 5610 ³⁷.
3733 5571 3752 5606 ι

581 5718 861 5845 “Efﬁcit.
904 5737 1013 5791 xlv,
1041 5727 1226 5782 18-19.
1304 5712 1355 5761 ’³³
1381 5729 1542 5786 llebr.
1588 5749 1658 5798 γι,
1690 5733 1772 5786 18.
1850 5734 1893 5763 ²”
1932 5732 2092 5787 llebr.
2136 5749 2228 5796 vn,
2257 5731 2448 5788 25-226.
2525 5731 2569 5760 "
2596 5728 2758 5785 Hebr.
2797 5745 2913 5798 vni,
2953 5731 3066 5800 1,2.
3091 5733 3136 5764 "
3160 5731 3304 5787 Psal.
3329 5748 3442 5800 cur,
3477 5731 3526 5787 7.
3603 5731 3644 5763 "
3678 5729 3816 5790 Psal.

660 5831 670 5840 -
759 5831 774 5856 ι
804 5812 856 5846 ο.
