3954 6516
154 492 238 547 369
1029 485 1679 544 DEMONSTRATIONIS
1714 485 2172 543 EVANGELICA‘}
2205 485 2334 541 LIB.
2372 484 2438 539 V.
3243 482 3348 540 370

155 613 199 668 lu
225 617 453 666 torrente
480 609 650 679 Igitur
681 609 848 671 bibet,
895 609 1094 679 inquit,
1145 611 1369 665 calicem
1407 607 1678 672 videlicet,
1718 623 1878 679 quem
1918 608 2033 678 ipse
2063 607 2166 664 sub
2204 605 2381 676 ipsum
2415 604 2688 676 passionis
2754 610 2966 672 tempus
3003 598 3347 671 signiﬁcavit,

155 706 345 759 dicens:
385 721 407 755 ε
439 699 627 766 Pater,
662 703 708 758 si
738 701 1001 772 possibile
1027 710 1131 766 est,
1155 710 1396 760 transeat
1424 703 1682 758 calixiste
1717 717 1748 755 a
1777 717 1864 758 me
1889 702 2008 753 “.‘i
2047 700 2112 754 Et
2154 716 2346 756 rursus
2379 718 2390 753 :
2441 719 2456 752 :
2495 699 2553 753 Si
2613 713 2722 752 non
2786 695 3044 766 possibile
3069 701 3154 748 est
3192 693 3343 748 illum

155 796 372 857 transire,
405 797 519 852 nisi
552 797 701 851 illum
746 797 967 862 bibam,
999 797 1090 852 ﬁat
1117 798 1370 854 voluntas
1403 807 1495 852 tua
1539 799 1607 849 ’⁸.
1655 815 1675 847 ι
1713 794 1848 851 Cum
1907 795 2074 864 igitur
2124 795 2270 849 hunc
2324 795 2550 849 calicem
2607 793 2854 856 bibisset,
2919 797 3033 844 tum
3088 788 3342 844 exaltavit

155 896 299 956 caput.
332 887 394 941 Et
423 889 574 944 sicut
604 889 680 942 ait
711 889 1022 959 Apostolus,
1051 891 1308 961 quoniam
1345 909 1365 943 ι
1403 891 1576 945 factus
1630 895 1715 944 est
1747 886 2006 942 obediens
2056 885 2207 941 Patri
2256 901 2428 956 usque
2472 887 2539 940 ad
2605 894 2852 948 mortem,
2891 889 3119 937 mortem
3163 888 3344 934 autem

153 981 319 1040 crucis.
370 1001 388 1032 ι
421 980 653 1043 idcirco,
684 982 882 1052 inquit,
927 1001 945 1034 ι
982 983 1266 1060 exaltavit.
1296 984 1447 1050 illum
1508 981 1651 1038 Deus
1691 982 1760 1045 ³ο,
1803 980 2075 1036 suscitans
2105 981 2255 1035 illum
2278 996 2310 1035 a
2342 981 2589 1044 mortuis,
2620 987 2674 1035 et
2713 979 2900 1035 sedere
2946 979 3096 1032 illum
3126 975 3254 1030 fecit
3288 976 3345 1032 in

154 1073 335 1126 dextera
371 1087 494 1133 sua,
547 1087 713 1142 supra
744 1087 958 1128 omnem
989 1072 1386 1142 principatum,
1443 1080 1499 1127 et
1564 1077 1908 1142 potestatem,
1975 1078 2028 1125 et
2059 1071 2338 1135 virtutem,
2395 1078 2450 1125 et
2499 1071 2943 1135 dominationem,
2976 1077 3030 1125 et
3058 1083 3218 1124 omne
3245 1083 3345 1122 no-

153 1181 249 1219 men
275 1165 410 1235 quod
435 1165 751 1219 nominetur
779 1181 889 1220 non
915 1167 1090 1222 solum
1119 1167 1173 1219 in
1206 1167 1308 1220 hoc
1334 1165 1554 1232 saeculo,
1574 1164 1670 1220 sed
1707 1163 1869 1219 etiam
1893 1164 1948 1217 in
1970 1162 2174 1218 futuro.
2208 1163 2273 1217 Et
2310 1166 2492 1220 omnia
2543 1164 2794 1233 subjecit,
2854 1161 3048 1233 inquit,
3089 1161 3191 1218 sub
3243 1176 3340 1230 pe-

155 1260 280 1312 dibus
305 1259 420 1326 ejus
441 1258 510 1321 ³¹,
549 1277 567 1309 ι
606 1259 906 1313 secundum
939 1275 1081 1323 eam,
1107 1275 1228 1330 quae
1253 1258 1322 1313 ad
1342 1259 1524 1329 ipsum
1545 1257 1687 1312 facta
1725 1263 1830 1321 est,
1879 1257 2318 1327 promissionem,
2360 1272 2522 1328 quam
2564 1258 2620 1310 in
2664 1256 2872 1327 psalmo
2931 1253 3197 1318 declarat,
3255 1250 3344 1308 di-

155 1366 287 1405 cens:
329 1370 346 1400 ι
385 1349 531 1406 Sede
573 1351 837 1407 adextris
895 1353 1055 1418 meis,
1118 1352 1291 1408 donec
1341 1366 1536 1423 ponam
1602 1351 1854 1408 inimicos
1904 1359 2028 1407 tuos
2091 1352 2386 1407 scabellum
2431 1350 2627 1421 pedum
2669 1356 2905 1404 tuorum.
2965 1346 3253 1402 Dominare
3281 1343 3338 1398 in

158 1443 297 1496 medio
337 1442 688 1497 inimicorum
749 1453 988 1498 tuorum.
1031 1464 1049 1496 ι
1081 1443 1309 1500 Constat
1359 1459 1487 1499 vero
1551 1442 1889 1513 planissime,
1919 1444 2373 1513 quemadmodum
2407 1443 2568 1497 hodie
2592 1456 2808 1512 quoque
2834 1437 3131 1495 Salvatoris
3166 1438 3342 1493 nostri

155 1534 311 1600 virtus,
337 1547 400 1587 ac
429 1533 700 1588 doctrinae
727 1535 874 1591 illius
909 1536 1158 1601 verbum,
1192 1536 1248 1590 in
1279 1535 1456 1591 medio
1508 1535 1855 1590 inimicorum
1909 1545 1964 1591 et
2016 1535 2260 1590 hostium
2323 1548 2572 1597 suorum,
2625 1532 2880 1586 omnibus
2930 1529 3256 1601 quicumque
3283 1527 3340 1582 in

155 1631 294 1700 ipsum
316 1627 567 1693 credunt,
600 1629 932 1685 dominatur.

640 1784 1034 1840 ΚΕΦΑΛΑΙΟΝ
1078 1788 1117 1838 Δ
1134 1825 1150 1839 .

163 1918 362 1990 Ὡςηκαὶ
409 1919 685 1984 Ἡσαΐας,
736 1919 1064 1990 προφητῶν
1094 1920 1424 1990 μέγιστος,
1476 1919 1681 1988 σαφῶς

210 1983 306 2060 οἶδε
342 1991 492 2060 Θεὸν
540 1983 985 2060 ἑνίΘεῷέἷίραι,
1030 1983 1222 2060 λέἧσωὶη
1278 1983 1487 2059 ὁμοίως
1536 1983 1682 2058 ἡμῖν

207 2057 489 2122 δοξάζουσι
519 2059 758 2128 Πατέρα
787 2062 856 2114 ἐν
886 2059 1016 2127 mp,
1052 2057 1149 2116 καὶ
1190 2057 1325 2115 Υἱὸῶ
1354 2061 1425 2113 ἐν
1443 2057 1676 2129 Ιιατέρι.

212 2232 382 2303 ιῈγὼ
433 2234 646 2307 Κύριος
691 2236 924 2308 ἐποίησα
955 2237 1080 2308 γῆν,
1131 2235 1224 2290 καὶ
1274 2234 1556 2308 ἄνθρωπον
1591 2238 1678 2290 ἐπ’

156 2323 298 2392 αὐτῆς·
324 2324 428 2392 ἐγὼ
450 2329 517 2397 τῇ
552 2327 697 2396 χειρί
724 2344 825 2398 μου
858 2327 1163 2398 ὲστερέωσα
1186 2327 1275 2382 τὸν
1301 2330 1542 2401 οὐρανὸν,
1570 2327 1678 2399 ἐγὼ

160 2416 256 2468 πᾶσι
281 2420 379 2478 τοῖς
404 2417 630 2489 ἄστροις
656 2419 1028 2491 ἐνετειλάμην,
1060 2419 1169 2488 ἐγὼ
1195 2421 1389 2492 ἤγειρα
1423 2422 1512 2476 τὸν
1541 2423 1677 2493 μετά

155 2505 438 2578 δικαιοσύνης
461 2507 708 2578 βασιλέα,
733 2510 827 2563 καὶ
854 2512 1022 2564 πᾶσαι
1049 2512 1102 2563 αἱ
1129 2510 1236 2564 ὁδοὶ
1265 2512 1427 2565 αὐτοῦ
1451 2513 1672 2567 εὐθεῖαι.

160 2592 284 2662 03:0;
309 2599 648 2672 οἰκοδομήσει
679 2589 783 2672 τὴν
815 2602 965 2656 πόλιν
994 2620 1116 2673 μου,
1143 2602 1236 2656 καὶ
1261 2602 1359 2674 τὴν
1402 2604 1676 2675 αἰχμαλω-

157 2689 243 2742 σίαν
263 2691 342 2744 τοῦ
366 2691 488 2746 λαοῦ
523 2694 867 2764 ἐπιστρέψει,
893 2695 952 2747 οὐ
982 2694 1118 2766 μετά
1137 2695 1366 2768 λύτρων,
1393 2697 1511 2749 οὐδὲ
1539 2697 1676 2768 μετά

157 2779 312 2851 δώρων,
338 2779 448 2837 εἷπε
463 2784 676 2857 Κύριος
696 2785 972 2840 Σαϐαὼθ.»
1003 2787 1151 2852 Τέως
1187 2788 1285 2858 μὲν
1314 2787 1482 2841 ταῦτα
1513 2792 1540 2844 ὁ
1565 2789 1674 2844 τῶν

156 2871 255 2925 ὅλων
277 2876 481 2946 ποιητὴς
507 2877 666 2940 Θεὸς,
695 2879 821 2950 περί
853 2895 997 2942 τινος
1025 2877 1285 2948 βασιλέως
1306 2879 1398 2933 καὶ
1425 2880 1672 2951 Σωτῆρος

160 2963 384 3029 μέλλοντος
423 2969 728 3038 οἰκοδομεῖν
768 2968 829 3021 τὸ
865 2969 965 3038 τῆς
1017 2969 1296 3032 εὖσεδείας
1339 2968 1668 3040 πολίτευμα’

157 3049 466 3122 λυτρώσασθαι
508 3057 614 3128 τὴν
653 3057 1032 3128 ὲπισυμὸἄσαν
1075 3057 1382 3129 ἀνθρώποις
1428 3058 1531 3111 ὑπὸ
1574 3059 1671 3130 τῆς

157 3141 410 3218 δαιμονικῆς
451 3149 665 3220 πλάνης
711 3148 1105 3220 αἰχμαλωσίαν,
1133 3149 1221 3202 διὰ
1264 3149 1356 3202 τοῦ
1392 3151 1668 3223 προφήτου

159 3233 377 3301 θεσπίζει·
432 3241 560 3312 ἑξῆς
608 3241 663 3294 δὲ
707 3241 915 3305 τούτοις
962 3240 1021 3294 τὸ
1067 3239 1400 3313 προφητικὸν
1455 3242 1670 3314 πνεῦμα

158 3324 226 3394 τὴν
256 3329 504 3404 ὑποταγὴν
553 3333 666 3386 τῶν
699 3333 1008 3401 ἀλλοφύλων
1053 3333 1221 3387 ἐθνῶν
1261 3333 1572 3399 αἰνίττεται,
1601 3334 1668 3405 ἢν

159 3416 518 3492 ὑποταγήσονται
540 3424 621 3495 τῷ
643 3425 1122 3497 προφητευομένῳ,
1141 3428 1233 3481 καὶ
1259 3427 1334 3490 ὡς
1361 3431 1668 3500 προσκυνή-

160 3524 296 3563 σουσιν
333 3515 469 3586 αὑτῷ
520 3511 614 3570 οἷα
650 3516 769 3588 Θεῴ
818 3520 865 3571 οἱ
915 3518 1401 3590 ὑποταγησόμενοι,
1456 3521 1547 3573 καὶ
1594 3522 1668 3586 ὡς

161 3605 474 3671 προσεύξονται
516 3610 581 3662 ἐν
613 3609 781 3680 αὐτῷ,
819 3609 907 3663 διὰ
949 3611 1010 3664 τὸ
1046 3612 1268 3683 μείζονα
1309 3617 1580 3668 κατοικεῖν
1611 3617 1668 3668 ὲν

159 3691 266 3762 αὖτῷ
287 3694 418 3758 Θεὸν,
451 3700 546 3752 τὸν
597 3700 856 3752 ἀνωτάτω
900 3701 1096 3774 δηλαδὴ
1132 3702 1369 3774 Πατέρα,
1405 3704 1497 3757 καὶ
1535 3704 1672 3757 Θεόνν

162 3780 396 3861 τῶν-ὅλων.
446 3789 530 3842 Τὰ
587 3788 643 3843 δὲ
688 3790 786 3860 τῆς
834 3787 1029 3855 λέξεως
1060 3791 1230 3857 οὕτως
1275 3793 1417 3864 ἔχει’
1457 3813 1475 3845 ι
1513 3794 1666 3847 Οὕτω

161 3871 265 3940 λέγει
302 3880 482 3952 Κύριος
507 3899 522 3912 -
581 3882 896 3936 Ἐκοπίασεν
939 3883 1246 3952 Αἴγυπτος,
1296 3888 1390 3940 καὶ
1429 3887 1666 3960 ἐμπορία

162 3965 398 4036 Αἰθιόπων,
443 3975 538 4029 καὶ
596 3977 645 4028 οἱ
689 3975 928 4046 Σαὸαεὶμ
979 3977 1170 4048 ἄνδρες
1217 3977 1406 4048 ὑψηλοὶ
1457 3979 1551 4031 ἐπὶ
1604 3979 1664 4031 σὲ

161 4055 454 4131 ὀιιόήσονται,
483 4067 584 4121 καὶ
617 4067 700 4119 σοὶ
735 4066 945 4120 ἔσονται
988 4067 1182 4132 δοῦλοι,
1231 4071 1324 4123 καὶ
1354 4070 1528 4124 ὀπίσω
1569 4071 1660 4124 σοῦ

162 4147 508 4223 ἀκολουθήσουσι
531 4199 548 4223 ,
581 4157 848 4227 δεδεμένοι
883 4159 1254 4230 χειροπὲδαις,
1298 4161 1392 4213 καὶ
1422 4178 1662 4235 προσκυ-

161 4238 325 4305 νήσουσι
361 4249 483 4312 νέοι,
541 4249 636 4300 καὶ
680 4250 737 4300 ἐν
789 4249 871 4300 σοὶ
913 4250 1318 4320 προσεύξονται,
1365 4253 1446 4306 ὅτι
1485 4256 1544 4308 ὲν
1581 4256 1663 4308 σοὶ

163 4328 295 4397 ὸθεός
322 4338 440 4404 ἐστι,
475 4341 577 4394 καὶ
604 4340 703 4392 οὐκ
740 4340 852 4393 ἔστι
876 4341 1008 4405 Θεὸς
1047 4342 1182 4414 πλὴν
1218 4343 1332 4397 σοῦ.
1380 4347 1451 4399 Σὺ
1481 4347 1588 4418 γὰρ
1613 4342 1666 4400 εἴ

163 4419 276 4531 θεὸς,
312 4430 395 4531 καὶ
431 4434 533 4485 οὐκ
582 4431 822 4503 ⁴ᾔδειμεν,
871 4432 1002 4497 Θεὸς
1044 4434 1135 4487 τοῦ
1190 4436 1405 4507 Ἰσραὴλ
1447 4439 1655 4510 Σωτήρ.
1688 4473 1730 4531 C

161 4513 548 4592 Αἰσχυνθήσονται
592 4525 684 4577 καὶ
723 4526 1146 4596 ἐντραπήσονται
1184 4526 1381 4590 πάντες
1425 4530 1474 4581 οἱ
1508 4530 1655 4583 ἀντι-

167 4605 344 4676 κείμενοι
369 4615 532 4687 αὐτῷ,
570 4615 664 4669 καὶ
688 4615 1042 4686 πορεύσονται
1069 4618 1125 4669 ὲν
1159 4618 1437 4690 αἰσχύνῃ.»
1474 4619 1665 4674 Ταῦτα,

166 4693 233 4756 μὲν
257 4700 284 4768 ἡ
310 4707 619 4779 προφητεία.
656 4707 766 4777 Οὐχ
808 4706 1046 4778 ἠγοῦμαι
1085 4707 1140 4760 δὲ
1180 4709 1522 4779 ἁντωπήσειν
1564 4710 1655 4763 δύ-

163 4787 302 4844 νασθαί
335 4812 466 4863 τινα,
500 4798 604 4851 κᾶν
651 4797 854 4869 σφόδρα
962 4797 1248 4869 ἀγνώμων,
1292 4799 1370 4869 τῷ
1408 4801 1656 4873 προδήλῳ

163 4877 228 4928 καὶ
259 4890 390 4954 σαφεῖ
427 4889 528 4960 τῆς
576 4888 790 4953 λέξεως,
831 4889 1074 4959 ἐναργῶς
1118 4889 1287 4954 οὕτως
1336 4893 1658 4963 εἰσαγούσης

164 4965 256 5021 θεὸν
280 4977 356 5030 τοῦ
387 4981 597 5054 Ἰσραὴλ
621 4981 867 5052 Σωτῆρα,
892 4983 986 5034 καὶ
1027 4981 1210 5052 ἕτερον
1238 4983 1295 5036 ἐν
1323 4983 1470 5054 αὑτῷ
1500 4984 1651 5038 Θεὸν·

168 5059 564 5142 luporumque-acri
621 5092 736 5138 σοι,
769 5093 789 5127 ι
848 5075 1030 5144 φησὶν,
1081 5093 1099 5126 ι
1123 5077 1171 5127 οἱ
1213 5074 1426 5141 δίκαιοι,
1461 5077 1556 5130 καὶ
1595 5080 1656 5131 ἐν

166 5149 221 5202 sal
250 5165 594 5231 προσεύξονται
617 5204 632 5230 ,
666 5167 748 5218 ὃτι
788 5168 845 5220 ὲν
877 5166 957 5219 σοὶ
1002 5168 1029 5219 ὁ
1059 5166 1189 5230 Θεός
1222 5169 1368 5232 ἐστι,
1419 5169 1512 5226 καὶ
1554 5169 1652 5223 οὐκ

163 5239 243 5331 im
281 5250 389 5319 Θεὸς
431 5259 568 5330 πλὴν
611 5259 724 5312 σοῦ·
789 5260 854 5312 σὺ
906 5260 1012 5331 γὰρ
1061 5256 1112 5313 εἷ
1149 5262 1178 5313 ὁ
1217 5260 1367 5326 Θεὸς,
1419 5263 1513 5316 καὶ
1553 5265 1652 5318 οὐκ

163 5330 342 5422 ᾔδειμεν,
372 5347 496 5414 Θεὸς
534 5349 629 5402 τοῦ
669 5349 880 5421 Ἰσραὴλ
929 5330 1137 5422 Σωτήρ.
1169 5371 1187 5403 ι
1240 5352 1313 5405 Τὸ
1359 5352 1446 5419 δὲ,
1499 5372 1518 5403 ί
1552 5355 1657 5409 οὐκ·

165 5421 340 5516 ᾖξειμεν,
366 5457 382 5488 ι
413 5441 474 5494 ἐκ
504 5439 793 5512 προσώπου
817 5441 924 5495 τῶν
958 5421 1085 5513 πρὶν
1117 5443 1278 5498 αὐτὸν
1309 5445 1384 5516 μὴ
1408 5445 1650 5513 ἐπεγνω-

166 5511 286 5603 tritior
322 5529 452 5598 παρὰ
504 5511 684 5599 μόνοις
734 5532 843 5593 τοῖς
901 5511 1322 5602 Ἑϐδομήκοντα
1343 5511 1658 5603 εἷρημένον,,,

163 5600 306 5676 ίτέρως
331 5613 424 5688 εἶχε
443 5623 502 5674 τὸ
528 5623 832 5693 Ἐϐραῖκὸν,
855 5623 882 5676 ὃ
909 5600 1221 5695 μεταλαϐὼν
1241 5625 1269 5677 ὁ
1298 5600 1646 5698 μὲν-’Ᾰκύλας

166 5699 284 5764 illa"
323 5717 337 5757 ί
372 5713 489 5778 Θεὸς
531 5717 640 5786 ἄρα
694 5715 908 5786 ἰσχυρὸς
952 5717 1465 5790 ἀποκρυπτόμενος,
1517 5721 1648 5784 Θεὸς

1708 1786 1756 1843 Α

2385 1773 2610 1831 CAPUT
2645 1773 2731 1828 IV.

1780 1911 1940 1980 225
1967 1910 2117 1976 Quod
2163 1912 2322 1982 etiam
2373 1910 2584 1976 Isaias,
2626 1912 2997 1982 prophetarum
3041 1912 3341 1982 maximus,

1850 1984 2004 2050 plane
2040 1983 2181 2035 novit
2231 1981 2397 2035 Deum
2446 2000 2557 2037 esse
2610 1981 2665 2037 in
2707 1983 2838 2051 Deo_,
2891 1982 3041 2051 idque
3067 1981 3340 2051 pri/ﬁrmat,

1853 2055 1987 2121 sicut
2028 2053 2194 2105 etiam
2223 2070 2315 2105 nos
2344 2053 2432 2121 qui
2460 2053 2674 2110 Patrem
2703 2053 2756 2107 in
2787 2049 3023 2119 Filio,let
3055 2049 3254 2104 Filium
3286 2052 3340 2104 in

1852 2120 2014 2174 Patre
2036 2120 2413 2192 gloriﬁcamus.

1857 2251 1875 2282 ί
1907 2232 2016 2303 Ego
2051 2232 2315 2290 Dominus
2348 2235 2451 2290 feci
2495 2242 2721 2301 terram,
2772 2239 2826 2288 et
2871 2233 3142 2288 hominem
3177 2248 3339 2303 super

1776 2338 1840 2377 ea
1868 2340 1882 2388 ;
1913 2340 2013 2394 ego
2045 2341 2209 2380 manu
2255 2341 2373 2381 mea
2416 2326 2748 2381 consolidavi
2780 2327 3000 2390 coelum,
3032 2340 3132 2396 ego
3160 2324 3337 2378 omni-

1777 2413 1880 2470 bus
1921 2417 2083 2474 astris
2129 2417 2403 2482 mandavi,
2438 2432 2538 2488 ego
2591 2417 2851 2473 suscitavi
2882 2432 3063 2487 regem
3096 2431 3218 2470 cum
3245 2415 3342 2486 ju-

1776 2507 1947 2571 stitia,
1996 2515 2049 2564 et
2082 2523 2271 2564 omnes
2303 2509 2404 2563 viae
2441 2509 2562 2579 ejus
2591 2517 2771 2564 rectae.
2816 2507 2915 2562 Hic
2951 2506 3237 2562 aediﬁcabit
3265 2506 3338 2560 ci-

1773 2601 1993 2654 vitatem
2044 2615 2241 2665 meam,
2293 2608 2348 2655 et
2394 2599 2988 2672 captivitatem'populi
3032 2604 3333 2663 convertet,

1772 2707 1881 2746 non
1923 2693 2119 2761 pretio,
2153 2709 2326 2763 neque
2376 2694 2713 2760 muneribus,
2749 2693 2886 2749 dixit
2932 2692 3197 2750 Dominus
3236 2689 3336 2748 Sa-

1774 2783 1936 2838 baoth
1965 2784 2031 2840 δ’.
2064 2804 2082 2835 ι
2124 2784 2344 2839 Interim
2387 2785 2604 2856 quidem
2648 2785 2764 2840 haec
2805 2785 3043 2842 universi
3085 2787 3337 2842 conditor

1771 2872 1936 2938 Deus,
1991 2875 2059 2930 de
2097 2875 2334 2946 quodam
2372 2892 2495 2948 rege
2534 2892 2596 2931 ac
2633 2876 2934 2942 Salvatore,
2966 2879 3056 2947 qui
3095 2877 3336 2933 aedifica-

1770 2974 1930 3022 turus
1955 2968 2025 3024 sit
2054 2969 2442 3038 rempublicam
2473 2970 2710 3039 pietatis,
2744 2980 2799 3027 et
2827 2970 3191 3026 conditionem
3225 2983 3332 3040 qua

1771 3057 2018 3114 homines
2070 3075 2101 3116 a
2159 3059 2457 3118 dmmcnico
2494 3079 2677 3119 errore
2738 3063 2932 3132 captivi
2976 3063 3329 3127 tenebantur,

1700 3129 1742 3186 Β
1773 3148 2161 3218 dissoluturus,
2197 3169 2293 3225 per
2318 3155 2633 3226 prophetam
2670 3129 2979 3226 respondet.
3015 3154 3072 3208 In
3105 3155 3170 3210 iis
3203 3169 3333 3210 vero

1773 3261 1890 3316 qua:
1917 3255 2240 3317 sequuntur,
2284 3258 2628 3302 externarum
2668 3263 2884 3318 quoque
2915 3248 3193 3302 nationum
3234 3247 3332 3301 ob-

1772 3335 2040 3404 sequium,
2092 3351 2201 3406 quo
2239 3336 2289 3391 ei
2356 3346 2482 3393 sunt
2537 3339 2875 3393 obsecutum:
2918 3339 3010 3408 qui
3069 3345 3330 3394 venturus

1769 3429 2009 3491 canitur,
2069 3430 2418 3498 propheticus
2478 3429 2748 3500 signiﬁcat
2799 3432 3020 3501 spiritus
3063 3450 3075 3487 :
3119 3448 3330 3486 necnon

1767 3519 2223 3588 quemadmodum
2245 3521 2395 3574 illum
2420 3529 2678 3592 tanquam
2710 3522 2877 3578 Deum
2906 3523 3206 3578 adorabunt
3228 3525 3327 3590 illi,

1766 3612 1860 3681 qui
1894 3611 1967 3664 ita
2001 3610 2067 3663 ad
2103 3611 2422 3681 obsequium
2452 3614 2722 3679 venerint,
2752 3621 2804 3670 et
2834 3614 2979 3685 quod
3012 3615 3172 3671 Deum
3207 3630 3330 3668 ora-

1765 3700 1902 3755 bunt
1948 3700 2002 3754 in
2045 3700 2511 3770 ipsozpropterea
2553 3705 2699 3774 quod
2748 3705 2805 3760 in
2859 3719 2924 3760 eo
2963 3704 3078 3774 ipse
3124 3704 3328 3758 habitet

1767 3792 1908 3849 Deus
1946 3809 2253 3863 supremus,
2284 3796 2530 3852 videlicet
2559 3797 2739 3863 Pater,
2775 3797 3124 3867 universique
3162 3795 3326 3852 Deus.

1764 3882 1943 3938 Locus
1971 3892 2148 3940 autem
2169 3887 2247 3941 sic
2261 3903 2318 3942 se
2341 3887 2500 3942 habet
2522 3887 2588 3942 ad
2607 3889 2827 3944 verbum
2852 3907 2865 3944 :
2892 3907 2910 3940 ‹
2937 3887 3026 3942 Sic
3058 3887 3188 3941 dicit
3218 3888 3326 3940 Do-

1764 3977 1946 4032 minus
1991 3997 2003 4032 :
2051 3977 2341 4034 Lahoravit
2369 3979 2657 4052 Egyptus,
2689 3991 2740 4036 et
2789 3980 3082 4052 negotiatio
3113 3979 3326 4034 Ethio-

1764 4083 1914 4138 pum,
1961 4079 2014 4126 et
2064 4070 2278 4126 Sabaim
2325 4073 2427 4128 viri
2457 4072 2655 4128 excelsi
2699 4072 2764 4127 ad
2799 4081 2850 4128 te
2896 4073 3226 4134 transibunt,
3271 4079 3326 4128 et

1763 4160 1840 4215 tui
1871 4169 2032 4215 erunt
2057 4163 2220 4228 servi,
2254 4170 2308 4217 et
2352 4177 2380 4217 a
2411 4171 2561 4233 tergo
2593 4170 2644 4217 te
2683 4171 2981 4233 sequentur
3008 4163 3176 4216 vincti
3208 4177 3324 4215 ma-

1763 4251 1926 4318 nicis,
1961 4261 2015 4306 et
2045 4253 2348 4308 adorabunt
2375 4253 2624 4324 juvenes,
2655 4263 2709 4310 et
2742 4255 2794 4309 in
2817 4263 2870 4311 te
2900 4257 3132 4311 orabunt
3155 4273 3166 4308 :
3187 4271 3326 4325 quo-

1762 4343 1908 4395 niam
1934 4343 1989 4396 in
2021 4353 2072 4398 te
2103 4342 2244 4399 Deus
2276 4355 2378 4408 est,
2410 4353 2464 4401 et
2496 4361 2603 4400 non
2641 4354 2724 4401 est
2755 4345 2897 4401 Deus
2932 4355 3122 4415 praeter
3152 4355 3236 4400 te:
3263 4352 3320 4398 tu

1763 4435 1904 4486 enim
1933 4449 1992 4488 cs
2032 4433 2195 4495 Deus.
2227 4444 2277 4490 et
2312 4451 2421 4491 non
2455 4452 2800 4499 noveramus,
2840 4435 2982 4492 Deus
3009 4436 3172 4491 Israel
3204 4435 3324 4490 Sal-

1764 4532 1936 4577 vator.
1971 4522 2307 4580 Erubescent
2355 4534 2408 4581 et
2451 4526 2853 4582 confundantur
2879 4543 3068 4583 omnes
3095 4527 3188 4598 qui
3224 4527 3322 4581 ad-

1758 4623 2048 4670 versantur
2069 4617 2139 4680 ei,
2172 4624 2224 4671 et
2256 4618 2610 4673 ambulabunt
2647 4620 2702 4674 in
2734 4619 2942 4690 pudore
2965 4620 3029 4674 ³³.
3073 4639 3090 4671 ι
3126 4619 3320 4677 Hacte-

1759 4723 1863 4762 nus
1901 4707 2016 4778 ipsa
2065 4709 2372 4779 prophetia.
2413 4700 2700 4777 Cmterum',
2742 4713 3056 4784 neutiquam
3090 4713 3321 4769 arbitror

1757 4801 2065 4869 quempiam
2095 4809 2281 4856 contra
2313 4801 2387 4860 id.
2417 4802 2560 4873 quod
2593 4809 2704 4857 tam
2737 4811 2922 4874 aperte
2949 4811 3003 4859 et
3036 4803 3320 4874 perspicue

1756 4891 1992 4957 dicatur,
2020 4894 2103 4948 vel
2133 4894 2322 4949 oculos
2351 4893 2708 4960 directurum,
2745 4895 2996 4966 quamvis
3027 4895 3317 4949 admodum

1756 4982 1828 5036 sit
1876 4983 2142 5054 ingratus,
2191 4986 2284 5040 ubi
2328 4986 2403 5040 ita
2438 4987 2716 5042 evidenter
2756 4995 2810 5042 et
2838 4988 2997 5057 plane
3045 4987 3319 5041 inducitur

1754 5073 1900 5130 Deus
1953 5075 2118 5131 Israel
2166 5074 2435 5143 Salvator,
2483 5085 2539 5133 et
2594 5079 2651 5134 in
2707 5079 2801 5133 illo
2847 5079 3027 5134 Deus:
3062 5097 3080 5131 ι
3116 5077 3316 5131 Adora-

1755 5165 1890 5220 bunt
1931 5175 2003 5232 te,
2042 5167 2242 5237 inquit,
2279 5169 2437 5238 justi,
2485 5170 2625 5224 etin
2671 5178 2722 5223 te
2753 5170 3007 5231 orabunt,
3059 5169 3316 5238 quoniam

1754 5260 1808 5314 in
1842 5270 1894 5316 te
1921 5269 2005 5316 est
2037 5259 2202 5325 Deus,
2231 5270 2285 5315 et
2312 5278 2421 5317 non
2446 5270 2530 5318 est
2559 5260 2704 5317 Deus
2734 5275 2930 5331 praeter
2959 5268 3010 5314 te
3042 5279 3054 5314 :
3082 5268 3138 5313 tu
3168 5261 3314 5313 enim

1752 5369 1812 5409 es
1851 5353 2028 5416 Deus,
2079 5363 2133 5409 et
2171 5353 2568 5418 nesciebamus,
2617 5352 2759 5409 Deus
2790 5352 2956 5407 lsrael
2990 5351 3255 5406 Salvator.
3289 5368 3308 5403 ι

1751 5445 1920 5500 Porro
1969 5444 2139 5510 illud,
2195 5462 2214 5495 ι
2247 5444 2657 5511 nesciebamus,
2690 5463 2709 5496 ι
2751 5444 2896 5513 quod
2956 5459 3022 5498 ex
3081 5458 3313 5513 persona

1751 5553 1940 5594 eorum
1974 5537 2069 5608 qui
2099 5537 2251 5609 prius
2296 5539 2447 5593 illum
2475 5554 2587 5594 non
2609 5546 2966 5608 agnoverunt,
2987 5537 3150 5608 226
3171 5536 3311 5607 apud

1752 5630 1900 5687 solos
1933 5628 2073 5684 LXX
2105 5630 2310 5684 dictum
2343 5635 2450 5696 est,
2501 5630 2558 5684 in
2602 5629 2866 5687 Hebraico
2912 5632 3070 5686 aliter
3113 5629 3310 5698 habet;

1753 5723 1896 5795 quod
1930 5739 2062 5781 sane
2090 5723 2282 5794 Aquila
2317 5732 2662 5791 convertens,
2707 5725 2785 5781 sic
2813 5725 2888 5780 ait
2919 5744 2930 5779 :
2963 5744 2981 5777 ι
3012 5724 3153 5781 Deus
3181 5738 3310 5794 ergo

213 5896 412 5968 “Matth.
440 5917 672 5985 xxvl,59
770 5918 946 5974 "ibid
993 5918 1080 5974 42.
1133 5919 1177 5952 ³⁸
1195 5919 1425 5992 Philipp.
1460 5937 1520 5986 ll,
1553 5922 1669 5978 8-9.
1725 5922 2050 5994 "Ephesi,
2081 5925 2265 5992 20,91.
2307 5925 2484 5998 Ριξξι.
2511 5927 2836 5991 XLv,l2,l3.
2913 5921 3307 5982 “ibidJ-Z-lﬁ.
