3954 6532
579 455 678 515 ιη

1213 454 1483 514 EUSEBII
1530 455 2014 514 CAESARIENSIS
2045 454 2423 528 0PP._PARS
2460 455 2525 511 ll.
2563 485 2635 497 —
2673 453 3174 530 ΑΡοιορΕΤιϐΑ,

3722 457 3838 513 573

579 578 740 635 {ortis
759 578 1032 642 occultus,
1063 577 1206 635 Deus
1232 578 1399 636 Israel
1427 581 1520 652 qui
1545 582 1726 636 salvos
1748 579 1896 636 facit.
1923 599 1943 632 ι
1970 579 2143 634 ἹῚιεο⁴

2262 578 2472 651 Ἰσραὴλ
2507 577 2694 642 σώζων
2712 596 2724 608 ·
2750 597 2768 628 ι
2809 579 2839 631 ό
2865 577 2920 632 δὲ
2946 576 3238 631 Θεοδοτίων
3261 594 3274 607 ·
3310 593 3330 628 ι
3355 576 3453 630 Διά
3483 575 3645 630 τοῦτο
3671 575 3840 646 ἰσχυο
3892 575 3907 598 ⁸

578 673 765 729 dotion
810 687 980 728 vero:
1021 691 1040 725 ι
1069 671 1362 744 Propterea
1397 675 1555 730 fortis
1608 675 1965 730 absconditus
2009 671 2150 729 Deus

578 779 824 820 servans.
856 783 876 815 ι
916 761 1021 818 Ubi
1056 777 1190 820 sane
1228 765 1386 821 valde
1416 767 1739 822 mirabiliter
1768 763 2150 820 absconditum

580 856 748 912 Deum
783 856 1064 912 Christum
1109 859 1356 912 nominat
1387 878 1400 914 :
1433 874 1645 914 necnon
1671 874 1892 914 causam
1933 873 2150 928 quoque

581 953 893 1023 planissime
926 952 1108 1017 docet,
1142 962 1364 1024 propter
1385 968 1546 1024 quam
1579 969 1748 1008 unum
1784 955 1985 1023 ipsum,
2013 967 2151 1022 qua-

580 1055 740 1102 tenus
771 1047 914 1100 inter
943 1063 1007 1102 ea
1039 1061 1160 1116 quae
1202 1048 1382 1118 genita
1413 1057 1562 1116 sunt,
1611 1047 1945 1114 nominatur,
1979 1045 2149 1101 Deum

581 1147 756 1202 vocat,
789 1140 860 1194 ob
879 1139 1057 1195 Patris
1079 1140 1329 1196 videlicet
1351 1141 1405 1195 in
1428 1141 1546 1212 ipso
1575 1141 1967 1196 habitationem
1994 1158 2007 1192 :
2040 1158 2058 1190 ι
2089 1139 2148 1193 In

577 1233 698 1302 ipso
729 1233 900 1298 enim,
932 1251 951 1286 ι
984 1241 1043 1289 ut
1069 1234 1288 1290 divinus
1333 1233 1491 1290 docet
1517 1235 1812 1306 Apostolus
1838 1235 1905 1298 ³⁸,
1946 1251 1965 1284 ‹
2001 1247 2150 1287 com-

577 1323 788 1394 placuit
817 1341 1034 1380 omnem
1064 1325 1458 1396 plenitudinem
1484 1327 1790 1383 divinitatis
1818 1326 2087 1381 habitare.
2123 1343 2143 1376 ι

579 1413 692 1470 Hoc
722 1413 900 1493 ipsum
941 1415 1104 1471 verba
1148 1416 1266 1488 ipsa
1313 1417 1614 1486 declarant,
1663 1434 1786 1490 qua:
1819 1418 1899 1474 sic
1949 1431 2008 1472 se
2052 1416 2150 1470 ha-

577 1505 706 1559 bent
735 1523 748 1558 :
785 1522 803 1556 ι
833 1504 1102 1571 Quoniam
1136 1507 1191 1561 in
1234 1514 1290 1562 te
1321 1506 1466 1564 Deus
1511 1518 1618 1574 est,
1658 1518 1713 1565 et
1755 1523 1864 1564 non
1890 1515 1976 1564 est
2004 1507 2150 1564 Deus

575 1604 773 1664 praeter
805 1603 878 1651 te.
915 1615 934 1648 ›
966 1595 1074 1651 Pro
1105 1597 1199 1652 illo
1221 1613 1352 1652 vero
1395 1598 1542 1669 quod
1587 1606 1692 1664 est,
1731 1616 1750 1648 ι
1789 1605 1984 1668 praeter
2008 1605 2084 1662 te,
2125 1616 2144 1650 ι

574 1681 938 1752 Theodotion,
979 1707 998 1738 ι
1031 1697 1234 1759 praeter
1265 1690 1444 1761 ipsum
1475 1709 1495 1742 ι
1530 1690 1920 1760 interpretatus
1951 1697 2054 1753 est,
2089 1695 2149 1744 ut

575 1779 682 1834 hoc
701 1779 863 1834 modo
887 1781 1050 1835 verba
1076 1797 1136 1837 se
1161 1781 1396 1837 habeant
1428 1801 1442 1837 :
1469 1800 1488 1834 ι
1516 1780 1634 1836 Νοη
1665 1790 1749 1838 est
1782 1781 1927 1837 Deus
1953 1787 2150 1852 prater

2255 671 2345 741 ρὸς
2389 673 2654 742 κρυφαῖος
2696 669 2828 733 Θεὸς
2886 667 3092 734 σώζων.
3126 689 3146 722 ι
3211 667 3426 740 Σφόδρα
3495 667 3841 739 θαυμαστῶς

2253 764 2514 832 κρυφαῖον
2547 761 2678 814 Θεὸν
2706 760 2797 814 τὸν
2826 761 3058 832 Χριστὸν
3083 761 3366 833 ὀνομάζειο
3403 762 3496 816 καὶ
3520 762 3622 833 τὴν
3648 761 3841 816 αἰτίαν

2249 855 2326 917 δὲ,
2359 854 2425 908 δι’
2457 855 2524 924 ἦν
2551 854 2686 907 Θεὸν
2711 854 2873 908 αὑτὸν
2905 855 3063 924 μόνον
3095 854 3172 918 ώς
3201 857 3258 908 ἐν
3281 856 3554 926 γεννητοῖς
3595 854 3742 924 μετά
3777 854 3841 906 τό

2252 945 2468 1018 πρῶτον
2515 947 2609 1000 καὶ
2647 945 2937 1016 ἀγέννητον
2965 947 3251 1010 ἀποκαλεῖ,
3281 947 3466 1016 σαφῶς
3495 949 3836 1012 ἐκδιδάσκει,

2249 1037 2348 1108 τὴν
2394 1036 2487 1089 τοῦ
2542 1035 2752 1108 Πατρός
2798 1039 2855 1091 ὲν
2902 1037 3051 1109 αὑτῴ
3099 1039 3436 1109 κατοίκησιν·
3466 1059 3485 1091 ι
3530 1040 3620 1093 Ἐν
3651 1039 3840 1110 τούτῳ

2251 1128 2410 1200 γάρ,›
2457 1127 2596 1182 κατά
2627 1128 2716 1181 τὸν
2750 1129 2890 1182 θεῖον
2921 1129 3235 1195 ἀπόστολον,
3277 1149 3295 1181 ι
3319 1130 3577 1201 εὑδόκησε
3613 1131 3729 1183 πᾶν
3777 1132 3841 1183 τὸ

2250 1219 2526 1292 πλήρωμα
2570 1220 2668 1288 τῆς
2711 1219 2962 1291 θεότητος
3007 1223 3349 1292 κατοικῆσαι.
3382 1241 3401 1273 ι
3459 1221 3628 1275 Τοῦτο
3676 1221 3841 1293 δηλοῖ

2252 1310 2533 1379 φάσκουσα
2571 1308 2805 1381 ἡλέξις’
2879 1330 2898 1364 ι
2935 1313 3056 1365 Ὅτι
3099 1314 3158 1368 ἐν
3204 1313 3286 1366 σοὶ
3337 1315 3368 1366 6
3394 1313 3525 1378 Θεός
3556 1315 3700 1378 ἐστι,
3739 1314 3838 1367 καὶ

2249 1403 2350 1456 οὐκ
2395 1402 2510 1456 ἔστι
2553 1403 2685 1467 Θεὸς
2733 1402 2872 1474 πλὴν
2917 1403 3034 1458 σοῦ.
3069 1423 3088 1456 ι
3165 1405 3308 1458 Ἀντί⁸
3350 1405 3407 1458 δὲ
3445 1405 3558 1470 τοῦ,
3626 1425 3646 1458 ι
3686 1406 3836 1477 πλὴν

2252 1495 2367 1559 σοῦ,
2395 1516 2414 1547 ι
2466 1515 2484 1547 ‹
2509 1495 2647 1566 πλὴν
2678 1495 2865 1562 αὑτοῦ,
2885 1514 2902 1548 ι
2936 1498 2965 1550 6
2992 1497 3286 1552 Θεοδοτίων
3317 1499 3635 1568 πεποίηκεν,
3669 1500 3746 1552 ἶν’
3777 1495 3835 1573 ᾗ·

2256 1605 2273 1636 ι
2308 1587 2422 1639 Οὑκ
2466 1585 2582 1642 ἔστι
2615 1586 2748 1650 Θεὸς
2793 1587 2932 1659 πλὴν
2981 1587 3179 1654 αὑτοῦ,
3209 1608 3228 1639 ι
3273 1588 3470 1661 δηλαδὴ
3516 1589 3608 1643 τοῦ
3647 1593 3713 1645 ἐν
3751 1593 3837 1646 σοὶ

2249 1675 2404 1742 Θεοῦ,
2448 1677 2514 1730 δι’
2554 1677 2612 1730 ὃν
2655 1679 2749 1731 καὶ
2792 1679 2856 1732 σὺ
2905 1680 3192 1750 τυγχάνεις
3242 1680 3316 1734 ὢν
3361 1681 3513 1746 Θεός.
3560 1683 3729 1736 Κατά
3779 1683 3836 1738 δὲ

2247 1767 2339 1820 τὸν
2377 1768 2606 1824 Ἀκύλαν
2654 1768 2828 1834 οὑτως
2873 1770 3021 1842 ἔχει·
3090 1791 3110 1824 ι
3147 1773 3293 1842 Πλὴν
3341 1775 3398 1826 ὲν
3439 1775 3523 1827 σοι
3580 1775 3835 1846 ἰσχυρὸς,

575 1873 778 1944 ipsum,
815 1892 834 1924 ι
887 1887 1014 1927 eum
1068 1873 1324 1930 videlicet
1377 1889 1408 1928 a
1457 1890 1568 1944 quo
1601 1890 1680 1941 es,
1733 1889 1830 1945 per
1879 1887 2041 1943 quem
2083 1879 2143 1926 tu

2249 1863 2341 1916 καὶ
2391 1863 2491 1916 οὑκ
2537 1862 2681 1916 ἐστιν
2726 1862 2806 1917 ἐτι
2868 1862 3020 1936 παρὰ
3067 1865 3167 1918 σοί.
3247 1865 3379 1930 Θεὸς
3424 1866 3534 1938 ἄρα
3605 1869 3832 1940 ἰσχυρὸς

572 1938 790 2034 quoque
831 1963 885 2018 id
927 1964 1116 2032 habes,
1159 1973 1220 2020 ut
1255 1964 1428 2022 Filius
1459 1938 1559 2021 sis.
1605 1938 1712 2020 Sed
1734 1938 1936 2035 aquila
1962 1967 2038 2017 ita
2068 1963 2143 2016 in-

2246 1953 2342 2007 καὶ
2387 1952 2888 2024 ἀποκρυπτόμενος,
2937 1953 3067 2018 Θεὸς
3114 1954 3320 2020 σώζων.
3347 1975 3366 2006 ι
3429 1957 3588 2010 Κατά
3631 1958 3689 2011 δὲ
3740 1938 3833 2012 τὸν

572 2064 904 2128 terpretatus
931 2066 1015 2114 est
1047 2077 1062 2114 :
1104 2077 1124 2112 ι
1162 2057 1553 2115 Verumtamen
1587 2059 1643 2113 in
1673 2066 1725 2114 te
1755 2057 1935 2123 fortis,
1961 2064 2014 2113 et
2033 2071 2143 2111 non

2246 2045 2541 2116 Σύμμαχον
2577 2046 2756 2117 μόνον’
2799 2065 2818 2098 ι
2864 2045 2954 2100 Ἐν
2992 2047 3074 2100 σοὶ
3106 2047 3258 2112 Θεὸς,
3291 2049 3386 2102 καὶ
3414 2049 3513 2102 οὑκ
3545 2049 3693 2103 ἐστιν
3725 2051 3828 2116 ἔτι,

571 2157 657 2205 est
701 2150 938 2223 amplius
965 2150 1109 2223 apud
1157 2159 1232 2207 te.
1280 2150 1424 2208 Deus
1480 2166 1610 2222 ergo
1659 2150 1817 2206 fortis
1848 2157 1902 2206 et
1941 2149 2140 2213 latens,

2244 2137 2353 2191 οὐδ’
2397 2138 2633 2210 ὑπάρχει
2666 2139 2832 2204 Θεόςο
2876 2139 3045 2203 ὅντως
3086 2141 3151 2194 σὺ
3195 2140 3328 2205 Θεὸς
3364 2146 3658 2215 κρυφαῖος,
3693 2144 3833 2210 Θεὸς

569 2241 718 2298 Deus
759 2243 942 2297 salvos
974 2242 1200 2299 faciens.
1233 2263 1252 2297 ι
1290 2243 1653 2315 Symmachus
1677 2257 1808 2298 vero
1837 2243 1988 2297 solus
2023 2241 2140 2296 sic:

2259 2229 2471 2301 Ἰσραὴλ
2517 2229 2722 2296 σώζων.
2750 2250 2768 2282 ι
2831 2233 2909 2284 Δι’
2945 2225 3020 2286 ὧν
3058 2233 3120 2286 τὸ
3163 2233 3334 2288 αἴτιον
3375 2235 3470 2288 τοῦ
3511 2233 3651 2290 εἶναι
3688 2237 3833 2293 Θεὸν

574 2351 595 2385 ι
635 2333 691 2388 1η
715 2343 765 2389 te
794 2333 957 2400 Deus,
981 2343 1035 2390 et
1063 2351 1171 2391 non
1195 2343 1280 2392 est
1304 2337 1562 2408 amplius,
1581 2352 1759 2408 neque
1783 2335 1936 2390 adest
1958 2334 2141 2390 Deus:

2244 2322 2334 2375 τὸν
2365 2323 2597 2395 Χριστὸν
2641 2323 2735 2376 τοῦ
2761 2323 2920 2392 Θεοῦ,
2963 2325 3151 2394 σαφῶς
3189 2328 3217 2379 6
3249 2327 3405 2396 λόγος
3456 2331 3833 2402 παρέστησεν.

567 2439 695 2480 vere
751 2432 808 2480 tu
853 2424 997 2480 Deus
1045 2425 1428 2495 absconditus,
1454 2427 1597 2483 Deus
1627 2425 1794 2483 Israel
1838 2440 2086 2480 servans.
2117 2442 2136 2476 ι

2251 2431 2270 2465 ι
2294 2413 2444 2466 Ἐπεὶ
2492 2414 2601 2486 γὰρ
2634 2414 2692 2466 ἐν
2722 2413 2824 2477 σοὶ,
2863 2433 2882 2465 ι
2921 2415 3105 2485 φησὶν,
3169 2433 3187 2466 ε
3213 2416 3332 2468 ἐστὶ
3359 2416 3511 2480 Θεὸς,
3537 2417 3626 2471 διὰ
3665 2418 3834 2474 τοῦτο

570 2511 673 2568 Ubi
708 2514 854 2584 quod
884 2515 1027 2571 Deus
1065 2517 1136 2571 sit
1186 2515 1440 2572 Christus
1486 2515 1600 2584 Dei,
1639 2516 1806 2572 verba
1835 2516 1952 2586 ipsa
1984 2514 2143 2585 plane

2247 2507 2312 2560 σὺ
2339 2506 2468 2569 Θεὸς
2495 2506 2712 2578 ἰσχυρὸς
2739 2506 2833 2560 καὶ
2862 2509 3143 2578 κρυφαῖος.
3177 2526 3194 2558 ι
3247 2508 3455 2562 Οὑκοῦν
3486 2509 3573 2564 διὰ
3616 2510 3832 2568 τούτων

569 2607 868 2662 declarant.
918 2626 938 2659 ι
966 2607 1103 2663 Nam
1141 2617 1428 2680 propterea
1457 2610 1602 2680 quod
1627 2610 1680 2663 in
1721 2617 1793 2673 te,
1828 2609 2026 2679 inquit,
2059 2612 2143 2662 est

2244 2601 2274 2652 6
2309 2599 2408 2671 μὲν
2461 2597 2666 2670 ἀληθὴς
2712 2599 2808 2652 καὶ
2847 2599 3006 2670 μόνος
3049 2599 3200 2664 Θεὸς,
3237 2595 3318 2664 εἷς
3375 2602 3440 2654 ἂν
3487 2601 3604 2673 εἴη,
3663 2603 3832 2674 μόνος

571 2699 739 2762 Deus,
771 2708 830 2754 tu
884 2715 1016 2756 sane
1054 2699 1198 2756 Deus
1232 2699 1387 2756 fortis
1433 2709 1487 2753 et
1532 2701 1914 2756 absconditus.
1945 2719 1964 2752 ι
2001 2699 2143 2769 Ergo

2245 2691 2450 2762 κυρίως
2493 2691 2774 2761 τυγχάνων
2817 2692 2915 2762 τῆς
2958 2693 3360 2767 προσηγορίας·
3410 2697 3439 2748 6
3477 2695 3534 2748 δὲ
3570 2695 3831 2769 δεύτερος

568 2805 636 2845 ex
666 2789 772 2854 his,
809 2789 952 2845 Deus
980 2805 1125 2846 unus
1164 2793 1288 2858 erit,
1321 2791 1412 2861 qui
1449 2791 1614 2860 hujus
1649 2790 2030 2861 appellationis
2057 2797 2143 2845 est

2248 2781 2506 2855 μετουσίᾳ
2542 2781 2636 2835 τοῦ
2684 2782 2916 2854 ἀληθοῦς
2955 2785 3053 2855 τῆς
3093 2786 3374 2849 κοινωνίας
3414 2785 3662 2856 ἠξίωται,
3699 2788 3829 2842 οὒτε

569 2878 858 2935 Dominus.
903 2879 1076 2937 Filius
1109 2890 1290 2936 autem
1322 2883 1580 2952 quoniam
1613 2881 1774 2937 Pater
1813 2882 1860 2936 ei
1897 2881 2142 2952 seipsum

2244 2874 2318 2928 ὢν
2348 2875 2466 2930 καθ’
2496 2876 2706 2941 ἑαυτὸν,
2729 2876 2852 2931 οὕτε
2885 2877 3131 2947 ὑφεστὼς
3159 2880 3280 2951 δίχα
3318 2881 3413 2934 τοῦ
3449 2881 3829 2948 Θεοποιοῦντος

568 2972 960 3036 communicat,
1016 2972 1084 3028 de
1139 2973 1640 3028 communicatione
1694 2973 1942 3028 veritatis
1993 2973 2142 3026 illius

2244 2968 2405 3022 αὑτὸν
2428 2969 2670 3042 Πατρὸς,
2712 2969 2824 3023 οὔτ’
2849 2970 2976 3024 ἄνευ
3004 2971 3098 3025 τοῦ
3133 2973 3348 3044 Πατρὸς
3387 2973 3828 3044 θεολογοὺμενος,

567 3065 890 3134 dignitatem
921 3065 1152 3134 accepit,
1195 3066 1396 3136 quippe
1449 3066 1542 3136 qui
1568 3079 1794 3135 nequea
1833 3064 2022 3135 seipso
2047 3065 2138 3130 sit,

568 3171 748 3232 neque
775 3158 844 3212 ab
869 3173 955 3222 eo,
979 3158 1070 3228 qui
1095 3159 1271 3228 ipsum
1297 3157 1505 3228 genuit,
1535 3156 1696 3212 Patre
1717 3155 2022 3221 deseratur,
2045 3155 2141 3211 sed

2244 3060 2358 3114 ἀλλ’
2390 3061 2510 3114 ὅλον
2551 3062 2684 3115 αὑτὸ
2726 3061 2883 3116 τοῦτο
2927 3061 3005 3116 ὢν
3039 3080 3100 3116 τε
3141 3064 3234 3117 καὶ
3269 3062 3376 3128 ζῶν
3413 3066 3506 3118 καὶ
3548 3065 3826 3135 ὑφεστὼς,

2243 3151 2332 3206 διά
2371 3152 2459 3205 τὸν
2499 3152 2557 3206 ἐν
2599 3152 2748 3225 αὑτῷ
2787 3154 3033 3226 Πατέρα,
3083 3154 3256 3208 συνών
3295 3172 3355 3208 τε
3401 3157 3477 3228 τῷ
3499 3157 3698 3229 Πατρὶ,
3732 3159 3828 3212 καὶ

567 3250 674 3303 hoc
703 3251 880 3320 ipsum
916 3258 1114 3315 totum,
1149 3249 1295 3321 quod
1326 3258 1430 3315 est,
1468 3249 1613 3321 quod
1651 3249 1806 3314 vivit,
1838 3248 1981 3319 quod
2012 3247 2143 3304 sub-

2247 3242 2305 3310 ἐξ
2345 3242 2530 3309 αὑτοῦ,
2575 3245 2670 3298 καὶ
2708 3245 2776 3298 δι’
2813 3245 2974 3299 αὑτὸν
3007 3245 3439 3318 ϐεοποιοὺμενος,
3477 3247 3539 3300 τό
3577 3266 3637 3302 τε
3681 3245 3825 3306 εἶναι

567 3339 737 3406 sistit,
783 3340 851 3394 ab
890 3355 956 3396 eo
1004 3356 1035 3394 a
1066 3356 1176 3412 quo
1205 3347 1289 3396 est
1320 3339 1501 3403 Patre,
1538 3340 1800 3404 obtineat,
1830 3340 1925 3410 qui
1965 3355 2142 3410 neque

2245 3333 2382 3406 ὁμοῦ
2416 3336 2510 3388 καὶ
2551 3335 2612 3389 τὸ
2633 3335 2766 3402 Θεὸς
2804 3333 2942 3390 εἶναι
2973 3339 3072 3391 οὑκ
3109 3339 3166 3405 ἐξ
3206 3338 3421 3404 ἑαυτοῦ,
3462 3339 3612 3412 παρὰ
3639 3340 3697 3395 δὲ
3725 3342 3823 3395 τοῦ

568 3428 784 3486 Patrem
817 3431 1044 3498 deserit,
1087 3440 1142 3487 et
1187 3433 1254 3486 ab
1298 3432 1392 3486 illo
1419 3431 1680 3504 gignitur,
1712 3439 1765 3487 et
1798 3441 1910 3485 tum
1954 3440 2015 3486 ut
2045 3433 2139 3498 sit,

565 3531 683 3577 tum
717 3531 778 3577 ut
807 3522 980 3579 Filius
1008 3523 1100 3590 sit,
1136 3539 1245 3580 non
1273 3539 1303 3578 a
1327 3525 1533 3596 seipso,
1575 3523 1668 3579 sed
1698 3539 1728 3578 a
1759 3523 1920 3580 Patre
1953 3525 2139 3580 habet.

567 3616 858 3686 Quocirca,
894 3619 1102 3674 honore
1140 3619 1287 3674 hunc
1334 3633 1550 3690 queque
1599 3627 1658 3672 ut
1678 3617 1849 3673 Deum
1885 3620 2139 3690 prosequi

562 3712 744 3766 edocti
785 3729 998 3776 sumus,
1040 3712 1518 3783 quemadmodum,
1567 3729 1688 3783 qua:
1720 3728 1866 3766 nunc
1900 3721 2142 3768 tractan-

564 3813 676 3870 tur,
719 3804 1017 3874 prophetize
1061 3806 1366 3860 declarant.
1401 3803 1472 3858 Ut
1519 3803 1666 3860 enim
1713 3803 1947 3874 alicujus
1994 3805 2140 3876 regis

566 3897 747 3966 imago
778 3897 1128 3952 veneratione
1170 3896 1308 3952 allici
1347 3896 1506 3961 solet,
1535 3905 1759 3969 propter
1795 3897 1944 3952 illum
1981 3899 2140 3967 cujus

565 3987 896 4044 lineamenta
935 4003 1197 4060 expressa
1247 3997 1302 4046 et
1349 3988 1761 4045 similitudinem
1807 3987 1914 4044 fert
1957 3989 2141 4057 (caete-

2246 3427 2458 3499 Πατρὸς
2488 3428 2756 3499 ἐσχηκώς.
2791 3429 2883 3482 Διὸ
2909 3430 2973 3503 δὴ
3011 3430 3151 3501 μετὰ
3177 3432 3268 3486 τὸν
3285 3433 3501 3505 Πατέρα
3529 3436 3694 3506 τιμᾷν
3727 3438 3824 3488 καὶ

2245 3519 2408 3574 αὑτὸν
2438 3519 2513 3585 ὡς
2545 3521 2676 3576 Θεὸν
2718 3522 3092 3594 ἐδιδάχθημεν,
3125 3525 3211 3579 διὰ
3241 3526 3329 3579 τὸν
3361 3529 3419 3581 ὲν
3454 3527 3600 3597 αὑτῷ
3636 3544 3823 3584 κατοι-

2245 3612 2444 3667 κοῦντα
2473 3613 2626 3680 Θεὸν,
2659 3615 2944 3689 ὡσπεροῦν
2981 3617 3038 3670 αἱ
3082 3618 3221 3688 μετά
3265 3622 3453 3692 χεῖρας
3503 3621 3821 3694 περιέχουσι

2245 3710 2589 3777 προφητεῖαι.
2636 3708 2724 3773 Ὠς
2749 3708 2857 3780 γὰρ
2889 3707 2955 3762 ἂν
2987 3709 3240 3782 τιμηθείη
3265 3711 3525 3781 βασιλέως
3543 3711 3706 3766 είκὼν
3730 3713 3821 3766 διά

2241 3795 2363 3860 τὸν,
2407 3790 2468 3850 οὑ
2506 3798 2633 3860 τοὺς
2674 3798 3029 3870 χαρακτῆρας
3069 3799 3164 3852 καὶ
3206 3800 3305 3872 τὴν
3348 3802 3605 3872 ὁμοίωσιν
3657 3803 3817 3877 φέρει

2243 3888 2580 3959 (τιμωμένης
2613 3889 2670 3942 δὲ
2700 3892 2798 3962 τῆς
2823 3891 3050 3956 εἰκόνος,
3087 3893 3179 3945 καὶ
3206 3893 3297 3946 τοῦ
3330 3895 3591 3965 βασιλέως
3629 3897 3820 3963 αὑτοῦ,

2242 3974 2323 4043 εἷς
2353 3979 2418 4033 ἂν
2449 3983 2478 4034 6
2503 3979 2809 4052 τιμώμενος
2835 3983 2929 4036 καὶ
2960 3983 3019 4037 οὑ
3049 3983 3141 4036 δύο
3160 4024 3175 4038 .
3203 3985 3276 4038 Οὑ
3301 3987 3407 4058 γάρ
3433 3987 3525 4040 δύο
3551 3987 3816 4058 βασιλεῖς,

2240 4073 2269 4125 ὂ
2291 4089 2351 4124 τε
2379 4071 2595 4143 πρῶτος
2622 4073 2713 4126 καὶ
2734 4073 2958 4146 ἀληθὴς,
2992 4077 3086 4129 καὶ
3119 4079 3147 4129 6
3175 4077 3266 4130 ἐπὶ
3287 4078 3386 4149 τῆς
3416 4081 3619 4145 εἰκόνος
3653 4099 3813 4136 τετυ-

2241 4163 2512 4235 πωμένος,
2535 4160 2616 4230 εἷς
2635 4166 2680 4220 δ’
2695 4168 2723 4220 6
2747 4168 2862 4220 κατ’
2886 4168 3230 4241 ἀμφοτέρων,
3249 4171 3309 4223 οὑ
3329 4171 3486 4241 μόνον
3507 4173 3625 4226 νοοὺ
3634 4193 3815 4244 μενος,

564 4096 711 4146 rum,
747 4083 997 4152 quamvis
1029 4090 1083 4138 et
1126 4083 1304 4152 imago
1349 4081 1514 4150 regis,
1561 4088 1614 4135 et
1650 4081 1766 4151 ipse
1797 4097 1893 4136 rex
1932 4080 2140 4137 honore

563 4169 853 4239 afficiatur,
889 4189 1032 4228 unus
1063 4181 1246 4228 tamen
1275 4173 1379 4226 erit
1409 4173 1499 4243 qui
1527 4173 1848 4237 bonoretur,
1873 4187 1985 4228 non
2005 4173 2134 4228 duo.

562 4260 685 4318 Non
717 4265 861 4318 enim
900 4265 1010 4321 duo
1042 4281 1221 4338 reges,
1257 4283 1423 4332 unus,
1468 4267 1680 4340 primus
1711 4275 1765 4324 et
1796 4283 1960 4324 verus
2001 4287 2016 4322 :
2059 4269 2139 4321 al-

2244 4257 2377 4313 ἀλλά
2395 4259 2490 4311 καὶ
2510 4258 2907 4330 ὀνομαζόμενος
2927 4261 3021 4312 καὶ¹
3039 4260 3388 4333 τιμώμενος),
3408 4263 3549 4316 οῦτω
3567 4264 3703 4335 δῆτα
3725 4265 3820 4319 καὶ

562 4362 666 4415 ter.
707 4357 798 4428 qui
849 4359 966 4430 ipsa
999 4361 1236 4431 imagine
1270 4361 1342 4416 sit
1394 4377 1708 4432 expressus,
1759 4361 1855 4419 sed
1899 4378 2042 4418 unus
2081 4361 2136 4416 in

2244 4351 2269 4404 6
2291 4350 2583 4422 μονογενὴς
2600 4349 2747 4416 Υἱὸς,
2776 4349 2938 4406 εἰκὼν
2961 4350 3037 4405 ὢν
3071 4353 3229 4423 μόνος
3251 4353 3343 4406 τοῦ
3367 4353 3500 4407 Θεοῦ
3529 4355 3620 4409 τοῦ
3652 4358 3820 4428 ἀορά-

563 4457 798 4520 utroque
826 4466 934 4506 non
962 4451 1126 4507 modo
1159 4453 1501 4523 intelligitur,
1529 4470 1720 4510 verum
1764 4455 1928 4510 etiam
1959 4453 2139 4509 nomi-

2244 4457 2354 4508 του,
2391 4443 2616 4508 εἰκότως
2646 4444 2736 4499 διὰ
2774 4444 2898 4508 τὸν,
2933 4433 2995 4497 οὗ
3045 4445 3200 4516 φέρει
3247 4447 3536 4516 ὁμοίωσιν,
3566 4449 3731 4504 εἰκών
3757 4469 3816 4505 τε

562 4548 729 4593 natur
757 4549 920 4610 atque
953 4533 1295 4613 honoratur),
1327 4543 1407 4596 sic
1452 4557 1586 4598 sane
1644 4544 1958 4615 unigenitus
2001 4560 2137 4617 quo-

2244 4534 2605 4606 ἀνηγόρευται
2641 4535 2736 4589 τοῦ
2763 4537 2994 4608 ἀοράτου
3023 4537 3181 4600 Θεοῦ,
3227 4537 3547 4594 Θεοποιεῖταὶ
3586 4558 3646 4593 τε
3683 4544 3817 4613 πρὸς

562 4644 671 4698 que
719 4627 910 4695 Filius,
963 4646 1089 4686 cum
1145 4633 1296 4688 solus
1338 4633 1411 4688 sit
1452 4633 1630 4705 imago
1679 4633 1774 4690 Dei
1821 4636 2135 4705 invisibilis,

2244 4624 2405 4678 αὑτοῦ
2433 4625 2525 4678 τοῦ
2554 4627 2766 4699 Πατρός
2784 4643 2796 4656 °
2825 4625 2968 4680 οὑτω
3004 4627 3262 4708 πεφυκώς
3288 4629 3388 4698 τὴν
3419 4630 3622 4691 οὑσίαν,
3659 4633 3818 4685 αὑτό-

561 4720 726 4792 227
752 4722 946 4776 merito
978 4731 1197 4792 propter
1229 4738 1352 4778 eum
1378 4763 1393 4787 ,
1440 4724 1598 4791 cujus
1654 4723 1760 4780 l'ert
1819 4726 2139 4783 similitudi-

2244 4715 2334 4770 Θεν
2375 4734 2433 4770 τε
2482 4717 2590 4770 ἀπὸ
2642 4717 2866 4793 πρώτης
2904 4719 3191 4792 ὑπάρξεως
3244 4721 3510 4791 φυσικὴν,
3550 4721 3666 4775 ἀλλ’
3716 4724 3816 4777 οὑκ

563 4825 725 4875 nem,
769 4817 824 4865 et
875 4810 1055 4882 imago
1095 4813 1398 4882 appellatur
1441 4815 1534 4870 Dei
1586 4814 1916 4880 invisibilis,
1968 4825 2022 4873 et
2069 4819 2138 4872 ah

2244 4806 2532 4878 ἐπίκτητον
2565 4806 2663 4878 τὴν
2707 4807 2888 4863 εἰκόνα
2935 4807 3027 4861 τοῦ
3074 4809 3284 4880 Πατρὸς
3325 4810 3682 4880 ἐπαγόμενος.
3726 4813 3815 4867 Διὸ

564 4902 686 4972 ipso
749 4900 909 4958 Patre
957 4901 1232 4958 ellicitur:
1269 4906 1467 4975 quippe
1527 4907 1620 4977 qui
1669 4907 1762 4961 tali
1813 4908 2012 4964 existat
2085 4918 2139 4965 et

562 4998 761 5046 natura
795 5001 848 5047 et
875 4993 1136 5058 essentia,
1159 4993 1392 5066 indeque
1421 5010 1486 5050 ex
1511 5012 1619 5066 quo
1643 4997 1877 5066 primum
1903 4999 2132 5065 exstitit,

563 5096 674 5136 non
730 5081 1142 5152 aequisititiam.
1203 5080 1298 5136 sed
1347 5083 1651 5139 naturalem
1710 5082 1884 5139 Patris
1936 5085 2132 5154 imagi-

563 5191 688 5230 nem
728 5175 946 5231 referat.
1001 5173 1180 5242 Quare
1236 5174 1378 5231 idem
1424 5183 1620 5229 natura
1675 5175 1840 5239 Deus,
1895 5185 1950 5230 et
1993 5177 2135 5231 idem

564 5266 876 5336 unigenitus
921 5264 1091 5321 Filius
1117 5262 1350 5330 exsistit,
1396 5279 1506 5318 non
1560 5272 1740 5320 autem
1803 5273 1862 5320 ut
1895 5266 2003 5329 illi,
2040 5267 2135 5337 qui

559 5357 907 5414 extrinsecus
938 5363 1312 5419 assumuntur,
1353 5354 1662 5425 adoptatus,
1691 5356 1895 5426 quique
1933 5357 2136 5411 adven-

560 5447 742 5502 titium
777 5449 972 5502 divinae
1005 5447 1382 5518 appellationis
1435 5447 1696 5504 honorem
1730 5449 2030 5518 possident.
2064 5449 2135 5502 At

557 5539 710 5594 enim
737 5539 838 5592 etsi
870 5547 1062 5593 natura
1095 5539 1405 5610 unigenitus
1435 5537 1626 5606 Filius,
1669 5538 1920 5610 Deusque
1948 5549 2137 5594 noster

559 5631 894 5694 celebratur,
916 5649 1023 5685 non
1051 5641 1230 5696 tamen
1269 5648 1298 5685 a
1331 5632 1511 5702 seipso
1549 5631 1727 5696 Deus,
1772 5631 1866 5686 sed
1906 5647 1973 5686 ex
2027 5631 2134 5688 Deo

557 5719 727 5784 Patre
760 5721 1069 5791 unigenitus
1099 5721 1293 5788 Filius,
1323 5732 1377 5779 et
1402 5722 1606 5779 idcirco
1636 5722 1801 5780 Deus.
1825 5721 2134 5797 Totumque
2183 5792 2194 5807 ζ

621 5896 674 5937 ⁸⁵
696 5895 911 5958 Coloss.
948 5912 984 5962 I,
1019 5895 1102 5950 l9.

2240 4898 2334 4952 καὶ
2367 4898 2527 4967 φύσει
2575 4898 2707 4961 Θεὸς
2754 4897 2890 4973 ὁμοῦ
2943 4899 3036 4953 καὶ
3072 4899 3361 4971 μονογενὴς
3403 4900 3532 4965 Υἱὸς
3570 4901 3643 4955 ὢν
3689 4920 3817 4973 τυγ-

2240 4989 2410 5059 χάνει,
2449 4990 2570 5060 οὑχ⁴ι
2617 4989 2674 5042 δὲ
2726 4990 2926 5061 ὁμοίως
2972 4992 3082 5054 τοῖς
3137 4987 3334 5053 ἔξωθεν
3363 4992 3812 5063 είσποιουμένοις,

2239 5081 2676 5153 ὲπισυμδεὸηκός
2710 5100 2769 5136 τε
2817 5082 2878 5135 τὸ
2919 5082 3132 5153 ἀξίωμα
3180 5081 3280 5151 τῆς
3328 5083 3421 5136 τοῦ
3454 5084 3588 5138 Θεοῦ
3643 5104 3814 5158 προσ-

2237 5174 2466 5245 ηγορίας
2487 5173 2758 5245 ἐπέχουσι.
2788 5174 2932 5245 Πλὴν
2959 5177 3008 5226 εί
3042 5175 3322 5246 καὶφὺσει
3355 5180 3644 5250 μονογενὴς
3685 5180 3812 5244 Υίὸς

2239 5269 2334 5320 καὶ
2377 5267 2506 5330 Θεὸς
2549 5267 2708 5338 ἡμῶν
2755 5268 3180 5339 ἀνευφημεῖται,
3220 5269 3354 5323 ἀλλά
3387 5271 3485 5339 οὑχ
3519 5271 3548 5322 ό
3597 5271 3812 5341 πρῶτος

2238 5354 2390 5419 Θεὸς,
2419 5358 2632 5430 πρῶτος
2669 5357 2726 5411 δὲ
2757 5355 2848 5409 τοῦ
2886 5355 3019 5409 Θεοῦ
3073 5359 3366 5431 μονογενὴς
3413 5359 3557 5424 Υἱὸς,
3589 5361 3683 5413 καὶ
3727 5361 3812 5414 δ’ιά

2237 5450 2395 5502 τοῦτο
2426 5450 2570 5513 Θεός.
2609 5451 2718 5502 Καὶ
2745 5450 2862 5503 ὅλον
2893 5468 2954 5521 γε
2989 5449 3146 5504 τοῦτο
3169 5452 3338 5507 αἴτιον
3367 5450 3432 5504 ἂν
3462 5452 3548 5523 εἴη
3583 5453 3678 5506 τοῦ
3721 5455 3810 5508 καὶ

2238 5541 2398 5593 αὑτὸν
2455 5538 2593 5593 εἶναι
2639 5541 2805 5606 Θεὸν,
2858 5541 2919 5594 τὸ
2961 5545 3118 5616 μόνον
3162 5541 3297 5602 εἶναι
3353 5545 3510 5614 φύσει
3542 5546 3634 5599 τοῦ
3674 5544 3808 5600 Θεοῦ

2239 5631 2394 5696 Υίὸν,
2429 5633 2523 5685 καὶ
2575 5633 2835 5703 μονογενῆ
2878 5634 3276 5706 χρηματίζειν,
3329 5639 3424 5697 καὶ
3465 5639 3526 5692 τὸ
3577 5639 3645 5699 δι’
3689 5641 3808 5695 ὄλευ

2240 5722 2432 5788 σώζειν
2456 5724 2548 5778 τοῦ
2574 5727 2734 5797 μόνου
2757 5725 2891 5780 Θεοῦ
2915 5727 3014 5800 τὴν
3043 5727 3282 5800 ἔμψυχον
3302 5731 3393 5784 καὶ
3416 5731 3597 5797 ζῶσαν
3619 5731 3810 5806 νοερὰν
