3954 6504
231 448 323 502 573
1129 445 1781 506 DEMONSTRATIDNIS
1821 442 2274 502 EVANGELICAE
2317 443 2441 496 LIB.
2493 441 2556 497 ν.

3350 443 3454 497 574

228 562 411 624 εἰκόνι,
445 561 586 615 κατὰ
623 560 796 614 πάντα
830 560 904 632 τῷ
931 563 1106 634 Πατρὶ
1145 562 1615 634 παρωμοιωμένην
1636 602 1650 625 ,
1693 562 1766 613 κα

1889 558 1992 612 hoc
2021 571 2152 612 sane
2189 571 2355 611 causa
2398 556 2502 609 erit
2527 593 2543 619 ,
2597 566 2694 606 cur
2738 552 2852 622 ipse
2882 567 3098 623 quoque
3141 552 3213 607 sit
3268 551 3450 618 Deus,

226 652 311 721 τῆς
344 652 593 723 θεότητός
640 670 697 705 τε
732 654 898 725 αὐτῆς
941 653 1038 724 τὴν
1074 655 1329 724 ὁμοίωσιν
1364 652 1780 724 ἐπιφερομένην.

225 742 394 816 Ταύτῃ
418 744 706 814 τοιγαροῦν
738 745 831 799 καὶ
856 744 1035 808 αὑτὸν,
1064 744 1208 797 ὼσὰν
1239 745 1398 815 μόνον
1424 744 1550 796 Υίὸν
1578 743 1671 796 xai
1692 744 1785 813 μό-

233 855 306 888 νον
341 836 522 889 εἰκόνα
569 835 697 892 ὄντα
752 836 844 889 τοῦ
893 835 1062 900 Θεοῦ,
1096 837 1190 893 καὶ
1219 836 1320 906 τῆς
1348 836 1642 907 ὰγεννήτου
1693 834 1783 887 καὶ

232 927 447 996 ἀνάρχου
497 925 590 978 τοῦ
624 927 838 998 Πατρὸς
876 928 1065 991 οὐσίας
1104 926 1201 991 τὰς
1253 926 1507 998 δυνάμεις
1541 925 1680 980 κατὰ
1723 926 1783 979 τὸ

233 1019 558 1086 παράδειγμα
588 1017 688 1087 τῆς
719 1016 1041 1087 ὁμοιώσεως
1062 1018 1542 1089 περιϐεϐλημένον,
1582 1018 1686 1071 ὑπό
1722 1036 1781 1071 τε

225 1107 311 1161 τοῦ
340 1110 549 1162 πάντων
592 1109 985 1176 τεχνικωτάτου
1032 1111 1125 1162 καὶ
1164 1112 1634 1181 πανεπιστὴμονος
1674 1111 1781 1175 ζω-

223 1199 419 1269 γράφου
446 1215 507 1251 τε
554 1198 650 1251 καὶ
682 1193 945 1262 ζωοποιόῦ
975 1201 1189 1272 Πατρὸς
1221 1203 1300 1265 εἰς
1340 1201 1399 1254 τὸ
1446 1201 1525 1255 ἔτι
1559 1202 1781 1272 ἀκριϐὲς

218 1292 314 1361 τῆς
342 1289 649 1361 ὁμοιώσεως
672 1293 1127 1365 ἀπειργασμένον,
1158 1294 1289 1347 Θεὸν
1323 1295 1546 1360 εἰκότως
1567 1297 1616 1348 οἰ
1648 1296 1780 1349 θεῖοι

214 1381 592 1453 ἀναγορεύουσι
632 1384 801 1453 λόγοι,
828 1384 904 1449 ὡς
945 1386 1039 1437 καὶ
1067 1384 1272 1456 ταύτης
1305 1387 1441 1457 μετὰ
1472 1387 1580 1443 τῶν
1607 1388 1780 1442 ἄλλων

213 1475 356 1545 παρὰ
386 1474 477 1527 τοῦ
512 1476 728 1547 Πατρὸς
760 1476 1060 1546 ἠξιωμένον
1094 1479 1487 1550 προσηγορίας,
1522 1480 1779 1551 είληφότα

206 1583 292 1629 τε,
316 1566 420 1619 ἀλλ’
442 1567 543 1620 οὐκ
574 1568 869 1639 ἰδιόκτητον
911 1569 1080 1640 αὐτὴν
1111 1571 1401 1642 ἐσχηκότα.
1440 1571 1497 1624 '0
1537 1572 1636 1643 μὲν
1670 1573 1778 1646 γὰρ

203 1658 429 1719 δέδωσιν,
460 1661 490 1711 ὁ
516 1659 573 1713 δὲ
606 1659 900 1730 λαμϐάνει·
928 1658 1068 1713 ὥστε
1100 1662 1305 1733 κυρίως
1336 1663 1429 1715 καὶ
1450 1662 1545 1715 ἕνα
1572 1666 1779 1719 ἐκεῖνον

198 1749 342 1807 εἶναι
368 1753 517 1819 Θεὸν,
570 1754 664 1813 καὶ
701 1753 857 1823 μόνον
893 1753 990 1823 μὲν
1020 1754 1112 1806 καὶ
1156 1753 1314 1822 φύσει
1360 1754 1522 1819 ὅντα,
1565 1757 1659 1808 καὶ
1701 1758 1776 1827 μὴ

204 1844 335 1913 παρ’
364 1843 550 1915 ἐτέρου
586 1842 822 1899 λαϐόντα
844 1858 855 1871 ’
896 1843 985 1896 τὸν
1018 1842 1075 1895 δὲ
1107 1843 1214 1896 τῶν
1252 1844 1569 1915 δευτερείων
1611 1846 1774 1914 ἡξιῶ-

1884 649 2206 719 ᾳυοὰ-εοιυε
2237 649 2317 703 sit-
2336 656 2529 702 natura
2557 645 2650 700 Dei
2680 643 2883 708 Filius,
2916 652 2974 697 et-
3012 644 3326 712 unigenitus
3359 658 3455 714 ap—

1885 741 2133 810 pelletur,
2165 749 2219 795 et
2248 741 2392 809 quod
2421 751 2808 808 usquequaque
2831 744 3116 791 conservet
3147 735 3268 805 ejus
3288 776 3302 801 ,
3359 738 3454 806 qui

1885 831 2036 885 solus
2065 835 2148 884 est
2172 828 2336 891 Deus,
2373 827 2662 881 animatam
2689 831 2743 879 et
2780 824 2957 877 vivam
2983 830 3036 878 et
3062 823 3452 893 intelligentem

1886 918 2195 991 imaginem,
2220 925 2273 973 et
2295 918 2349 971 in
2376 915 2630 970 omnibus
2654 912 2758 983 ipsi
2782 911 2931 965 Patri
2964 912 3319 971 assimilatam
3341 951 3356 976 ,
3398 919 3454 965 et

1883 1028 2002 1067 eam
2034 1027 2155 1082 quae
2184 1010 2278 1066 Dei
2328 1009 2501 1079 ipsius
2546 1006 2866 1063 substantia:
2898 1002 3309 1060 similitudinem
3341 1017 3454 1073 prae

1885 1120 1943 1161 se
1974 1104 2130 1160 ferat.
2153 1103 2265 1157 Hac
2286 1117 2413 1172 ergo
2443 1100 2507 1155 de
2534 1113 2698 1155 causa
2726 1099 2904 1167 ipsum
2933 1110 3168 1167 quoque,
3191 1102 3452 1161 tanquam

1882 1214 2007 1253 eum
2036 1198 2130 1267 qui
2162 1196 2312 1253 solus
2345 1193 2537 1256 Filius,
2570 1203 2622 1247 et
2648 1192 2798 1246 solus
2828 1188 2923 1244 Dei
2957 1189 3135 1258 imago
3158 1188 3251 1253 sit,
3283 1192 3338 1240 et
3363 1187 3451 1241 in-

1883 1289 2049 1359 geniti
2082 1303 2145 1342 ac
2179 1285 2444 1358 principio
2474 1284 2712 1338 carentis
2741 1282 2919 1336 Patris
2958 1280 3210 1336 essentiae
3230 1318 3245 1344 ,
3274 1279 3452 1333 virtu-

1882 1390 1964 1439 tes
1990 1380 2289 1437 secundum
2318 1379 2624 1448 exemplum
2656 1373 3072 1430 assimilationis
3105 1371 3364 1435 indutus,
3399 1377 3455 1424 et

1881 1476 1950 1530 ab
2003 1474 2283 1529 hominum
2328 1469 2787 1526 artiﬁciosissimo
2820 1472 2876 1522 et
2922 1464 3289 1521 scientissimo
3328 1462 3454 1516 vitae

1880 1567 2225 1637 designatore
2267 1573 2321 1621 et
2350 1570 2572 1618 auctore
2602 1560 2796 1623 Patre,
2850 1555 2919 1610 ad
2967 1552 3231 1611 amussim
3277 1558 3332 1606 et
3384 1549 3453 1604 ad

1880 1668 2082 1714 certam
2133 1655 2571 1727 exquisitamque
2625 1649 3078 1706 assimilatiouem
3133 1660 3451 1716 expressus,

1879 1751 2047 1807 Deum
2073 1750 2266 1806 merito
2297 1748 2481 1803 divina
2502 1745 2773 1817 appellant
2800 1741 3020 1797 oracula
3043 1778 3059 1805 ,
3099 1745 3160 1805 ut
3189 1752 3297 1791 una
3328 1752 3455 1791 cum

1880 1843 2092 1899 ceteris
2120 1843 2188 1897 ad
2213 1842 2355 1895 hanc
2391 1854 2607 1910 quoque
2637 1832 3018 1908 appellationis
3051 1829 3393 1902 dignitatem,
3423 1844 3454 1880 a

201 1931 343 1994 σθαι,
379 1934 471 1987 καὶ
510 1932 573 1985 τὸ
619 1932 754 1987 Θεὸν
798 1927 934 1985 εἶναι
962 1931 1196 1986 λαϐόντα
1242 1933 1391 2004 παρὰ
1429 1933 1524 1987 τοῦ
1561 1935 1766 2007 Πατρὸς

1878 1937 2037 1992 Patre
2066 1944 2354 2007 provectus
2397 1934 2487 1996 sit,
2510 1946 2742 2002 eamque
2781 1925 3092 1997 acceperit,
3135 1938 3243 1977 non
3274 1929 3454 1975 autem

202 2025 360 2095 ἔχειν,
396 2024 546 2077 ὠσὰν
589 2024 776 2080 εἰκόνα
804 2024 898 2077 τοῦ
925 2024 1083 2091 Θεοῦ,
1122 2027 1250 2096 μιᾶς
1277 2027 1363 2079 ἐπ’
1400 2027 1602 2098 ἀμφοῖν
1631 2028 1773 2083 κατὰ

196 2114 263 2167 τὸ
301 2116 648 2188 παράδειγμα
680 2116 779 2187 τῆς
812 2115 1065 2186 θεότητος
1097 2116 1513 2188 ἐπινοουμένης,
1549 2117 1667 2182 ἐνός
1710 2136 1771 2172 τε

196 2204 342 2269 ὄντος
376 2206 508 2260 Θεοῦ
538 2206 633 2260 τοῦ
674 2207 797 2261 καθ’
826 2207 1017 2261 ἐαυτὸν
1048 2208 1299 2279 ἁνάρχως
1326 2208 1422 2261 καί⁵
1462 2210 1771 2281 ἀγεννήτως

192 2296 362 2360 ὄντος,
384 2297 470 2351 διὰ
491 2300 549 2352 δὲ
567 2298 661 2352 τοῦ
689 2298 839 2364 Υἰοῦ,
874 2299 1022 2353 om
1047 2299 1114 2353 δι’
1131 2300 1394 2371 ἐσόπτρου
1424 2301 1518 2355 καὶ
1540 2302 1766 2367 εἰκόνος,

196 2388 683 2462 ἑπιθεωρουμένου.
716 2390 891 2444 Τοῦτό
913 2409 993 2444 τοι
1028 2391 1124 2444 καὶ
1154 2392 1214 2445 τὸ
1242 2393 1609 2463 πνευματικὸν
1640 2412 1767 2448 παι-

188 2482 332 2536 δεύει
378 2483 583 2552 λόγιον,
617 2486 717 2538 οὐκ
755 2484 929 2549 ἄλλως
956 2486 1163 2555 φάσκον
1196 2486 1328 2541 Θεὸν
1358 2483 1494 2543 εἶναι
1533 2506 1770 2560 προσκυ-

187 2574 346 2643 νητὸν
365 2577 456 2628 τὸν
483 2576 830 2647 δηλούμενον,
862 2578 976 2632 ἀλλ’
1006 2578 1040 2650 ἢ
1068 2578 1155 2631 διὰ
1176 2578 1264 2633 τὸν
1289 2578 1599 2635 ἐνοικοῦντα
1621 2581 1769 2654 αὐτῷ

190 2669 427 2739 Πατέρα’
461 2688 476 2720 ι
508 2671 596 2723 Ἐν
638 2673 722 2723 σοὶ
763 2690 781 2722 ι
822 2670 951 2742 γὰρ,
989 2672 1144 2743 φησί,
1181 2691 1200 2723 ‹
1237 2672 1653 2743 προσεύξονται·
1684 2676 1764 2728 ὅτι

185 2762 242 2814 ἐν)
285 2764 366 2814 σοὶ
389 2766 417 2815 ὁ
450 2763 585 2826 Θεός
625 2765 761 2817 ἐστι.
795 2784 814 2816 ι
834 2765 946 2819 Καὶ
982 2764 1046 2819 σὺ
1071 2764 1129 2818 δέ
1154 2765 1335 2831 αὐτὸς,
1367 2766 1498 2831 Θεὸς
1529 2766 1625 2832 ὣν,
1654 2768 1763 2821 Σω-

180 2852 288 2927 τὴρ
318 2853 409 2905 τοῦ
460 2838 684 2926 Ἰσραὴλ
728 2856 1015 2927 τυγχάνεις
1037 2874 1050 2887 ο
1087 2858 1183 2911 καὶ
1224 2858 1311 2911 διὰ
1342 2859 1500 2912 τοῦτο
1548 2858 1766 2930 ἰσχυρὸς

185 2947 279 3001 καὶ
313 2950 580 3018 κρυφαῖος
612 2948 748 3011 Θεὸς
790 2944 856 3001 εῐ·
888 2968 906 3001 ι
936 2950 1059 3003 ἐπεὶ
1095 2952 1151 3003 ἐν
1182 2951 1264 3004 σοὶ
1292 2952 1320 3003 ὁ
1351 2950 1503 3015 Θεὸς,
1543 2952 1634 3005 καὶ
1666 2954 1765 3006 οὐκ

187 3039 328 3095 ἔστιν
366 3038 451 3091 ἔτι
482 3038 623 3110 πλὴν
670 3039 859 3093 αὑτοῦ.
899 3060 917 3092 ι
966 3042 1111 3095 Ἀντὶ
1138 3042 1195 3094 δὲ
1238 3042 1367 3108 τοῦ,
1412 3061 1430 3093 ι
1473 3042 1764 3097 ἐκοπίασεν

185 3129 494 3196 Αἴγυπτος,
537 3150 556 3181 ι
600 3129 662 3182 τὸ
711 3131 1029 3202 Ἐϐραῖκὸν,
1089 3133 1182 3186 καί
1231 3134 1280 3185 oi
1329 3132 1507 3187 λοιποὶ
1565 3134 1763 3197 πάντες

188 3222 541 3291 ἑρμηνευταὶ,
589 3240 606 3273 ι
634 3222 802 3286 κόπος
834 3223 1130 3292 Αἰγύπτου,
1156 3244 1174 3276 ι
1209 3224 1569 3281 ἐκδεδώκασιν
1588 3265 1603 3289 ,
1631 3226 1697 3279 ἶν’

181 3313 242 3369 τὸ
270 3314 568 3385 λεγόμενον
607 3314 874 3368 τοιοῦτον·
908 3336 925 3368 ι
948 3317 1036 3369 Σοὶ
1072 3318 1530 3389 προσκυνήσουσι,
1563 3319 1656 3371 καὶ
1681 3320 1763 3371 σοὶ

182 3406 391 3461 ἔσονται
426 3407 642 3471 δοῦλοι,
680 3410 709 3462 ό
739 3409 905 3473 κόπος
950 3410 1261 3478 Αἰγύπτου,
1293 3412 1386 3464 καὶ
1434 3413 1468 3482 ἡ
1527 3412 1765 3484 ἐμπορία

184 3499 475 3565 Αἰθιόπων,
508 3500 603 3552 καὶ
628 3501 675 3553 οἱ
712 3501 989 3572 Σεϐωείμ·
1021 3521 1039 3553 ι
1074 3502 1140 3556 δι’
1162 3494 1237 3556 ὧν
1267 3501 1552 3574 βάρϐαρα,
1587 3499 1760 3574 οἶμαι,

185 3590 271 3641 καὶ
303 3590 499 3660 ἄσημά
534 3607 655 3643 τινα
679 3590 803 3663 ἔθνη
831 3591 1154 3663 δηλοῦσθαι,
1183 3593 1276 3645 καὶ
1317 3594 1494 3647 πάντα
1525 3594 1625 3646 ὅσα
1661 3594 1761 3664 ἤδη

183 3680 343 3735 πάλαι
392 3682 663 3754 πρότερον
705 3685 772 3753 τῇ
826 3683 1113 3755 δαιμονικῇ
1156 3682 1463 3755 τετρύχωτο
1511 3682 1763 3736 δεισιδαι-

184 3774 356 3844 μονία.
404 3773 628 3844 Ἐπειδὴ
666 3774 774 3845 γὰρ
815 3774 1102 3844 Αἰγύπτιοι
1146 3774 1363 3829 ἐδόκουν
1406 3776 1623 3829 πάντων
1653 3774 1762 3828 τῶν

182 3863 342 3918 ἐθνῶν
372 3866 924 3936 δεισιδαιμονέστατοι
956 3867 1244 3937 τυγχάνειν
1265 3906 1279 3931 ,
1311 3865 1516 3938 πρῶτοί
1538 3883 1597 3918 τε
1628 3883 1760 3919 κατ-

184 3954 336 4025 άρξαι
392 3959 497 4029 τῆς
541 3956 931 4027 εἰδωλολάτρου
965 3958 1193 4030 πλάνης,
1242 3958 1466 4022 εἰκότως
1513 3957 1759 4028 πρώτους

184 4050 371 4113 αὐτοὺς
421 4047 640 4120 τίθησιν
693 4049 1203 4121 ὑποταγησομένους
1249 4049 1325 4120 τῷ
1375 4050 1623 4122 Χριστῷ·
1666 4051 1761 4104 καὶ

183 4140 240 4192 δι’
272 4139 456 4193 αὐτῶν
509 4141 603 4193 καὶ
655 4140 723 4194 τὰ
780 4142 907 4212 περί
957 4142 1065 4195 τῶν
1108 4141 1311 4195 λοιπῶν
1357 4142 1758 4213 είδωλολατρῶν

186 4228 382 4301 φανερὰ
416 4229 744 4283 καθιστᾶσα.
777 4232 886 4283 Καὶ
917 4230 1092 4285 ταῦτα
1139 4230 1493 4302 πεπλήρωται
1537 4232 1630 4284 ἐπὶ
1662 4232 1755 4286 τοῦ

183 4319 424 4393 Σωτῆρος
456 4321 553 4374 καὶ
576 4322 782 4393 Κυρίου
806 4324 837 4392 ὴ
848 4323 982 4393 μῶν,
1004 4322 1081 4393 τῷ
1105 4323 1163 4376 ἐν
1193 4325 1356 4381 πᾶσιν
1381 4322 1558 4376 ἔθνεσι
1592 4340 1758 4395 προσ-

184 4411 451 4465 κυνεῖσθαι
486 4413 582 4465 καὶ
618 4412 889 4473 δουλεύειν
919 4411 1067 4483 αὐτῷ
1106 4413 1273 4484 μυρία
1301 4413 1477 4484 πλήθη
1504 4412 1613 4466 τῶν
1653 4412 1755 4467 ἀνὰ

184 4498 269 4571 τὴν
297 4503 631 4574 οἰκουμένην
682 4502 875 4557 ἐθνῶν.
930 4503 1192 4567 Αἰθίοπας
1240 4503 1295 4555 δὲ
1337 4504 1430 4556 καὶ
1475 4503 1752 4575 Σεϐωεὶμ,

1872 2046 1939 2086 ex
1970 2028 2194 2100 proprio
2222 2028 2349 2097 jure
2379 2022 2763 2096 possidendam
2792 2017 3066 2075 habuerit.
3093 2014 3341 2085 Namque
3364 2012 3455 2065 ille

1872 2120 2091 2193 quidem
2125 2119 2238 2187 dat,
2270 2119 2359 2173 hic
2385 2132 2514 2172 vero
2545 2113 2774 2185 accipit;
2809 2113 2994 2182 itaque
3028 2123 3130 2164 suo
3158 2106 3284 2177 jure
3306 2119 3452 2158 unus

1873 2210 1964 2265 ille
1984 2215 2069 2265 est
2091 2206 2253 2270 Deus,
2272 2206 2366 2276 qui
2397 2221 2505 2260 non
2537 2205 2604 2258 ab
2627 2202 2798 2255 altero
2830 2198 3058 2269 accepit.
3086 2194 3187 2249 Hic
3216 2201 3398 2249 autem
3420 2206 3453 2245 a

1871 2293 2032 2350 Patre
2049 2295 2211 2349 habet
2234 2302 2295 2347 ut
2314 2291 2458 2347 Deus
2479 2291 2571 2355 sit,
2590 2299 2850 2358 tanquam
2876 2286 2971 2341 Dei
2996 2286 3175 2355 imago
3202 2304 3214 2338 :
3242 2287 3449 2353 utpote,

1872 2402 1995 2443 cum
2023 2403 2130 2441 una
2158 2388 2215 2441 in
2247 2383 2533 2445 ambobus,
2562 2382 2717 2451 juxta
2735 2378 3062 2448 exemplum,
3090 2373 3453 2430 divinitusin-

1870 2479 2169 2550 telligatur,
2188 2484 2239 2532 et
2253 2490 2397 2531 unus
2415 2473 2663 2537 sitDeus,
2678 2472 2769 2545 qui
2787 2485 2883 2541 per
2901 2469 3139 2539 seipsum
3162 2468 3280 2522 sine
3295 2464 3449 2535 prin-

1870 2570 2106 2642 cipio,et
2141 2569 2259 2626 sine
2286 2566 2633 2640 generatione
2650 2565 2848 2621 existat
2876 2582 2889 2618 :
2923 2559 3226 2632 perFilium
3242 2565 3447 2621 autem,

1869 2672 2126 2739 tanquam
2140 2677 2235 2733 per
2244 2661 2523 2731 speculum
2535 2667 2589 2714 et
2604 2657 2891 2727 imaginem
2902 2697 2917 2721 ,
2931 2649 3450 2709 consideretur.lloc

1869 2762 1975 2821 est,
2004 2755 2233 2821 scilicet,
2269 2751 2413 2823 quod
2444 2748 2729 2820 spirituale
2758 2747 2917 2802 docet
2957 2744 3268 2823 oraculum,
3301 2741 3446 2811 quod

1870 2862 1977 2901 non
2008 2846 2142 2899 alias
2165 2844 2296 2897 dicit
2323 2857 2469 2907 eum,
2500 2841 2567 2895 de
2597 2855 2706 2909 quo
2735 2853 2925 2893 sermo,
2949 2845 3068 2901 est,
3120 2834 3293 2888 Deum
3322 2848 3481 2889 esse.

1869 2939 2205 2994 adorandum
2231 2977 2245 3001 ,
2286 2942 2507 3007 propter
2534 2932 2929 2987 inhabitantem
2961 2930 3013 2983 in
3049 2930 3166 2999 ipso
3200 2926 3449 2982 Patrem.

1874 3050 1893 3082 ‹
1917 3031 1974 3085 ln
2004 3038 2057 3085 te
2082 3048 2100 3081 ι
2121 3029 2288 3093 enim,
2316 3026 2542 3097 inquit,«
2566 3023 2802 3079 orabunt
2826 3041 2839 3077 :
2865 3020 3121 3091 quoniam
3140 3019 3194 3073 in
3215 3025 3268 3072 te
3303 3016 3475 3072 Deus.

1867 3131 1968 3179 est.
2012 3141 2031 3174 ι
2070 3119 2176 3176 Sed
2209 3131 2267 3174 tu
2300 3132 2517 3189 quoque
2546 3116 2664 3187 ipse
2693 3130 2820 3170 cum
2852 3113 2996 3168 Deus
3024 3112 3100 3167 sis
3122 3152 3137 3178 ,
3195 3109 3446 3163 Salvator

1867 3214 2035 3269 lsrael
2060 3213 2305 3269 exsistis.
2358 3208 2598 3265 Proinde
2634 3207 2791 3263 fortis
2830 3214 2884 3261 et
2916 3202 3271 3261 absconditus
3299 3198 3445 3256 Deus

1867 3322 1927 3362 es
1954 3324 1969 3361 :
2007 3323 2025 3356 ι
2064 3304 2323 3375 quoniam
2363 3302 2419 3357 in
2448 3308 2501 3356 te
2527 3298 2691 3364 Deus,
2717 3308 2771 3354 et
2800 3312 2910 3352 non
2935 3305 3018 3350 est
3039 3292 3274 3364 amplius
3308 3305 3447 3361 pra:-

1867 3406 1949 3453 ter
1983 3399 2182 3467 ipsum.
2224 3414 2243 3447 ι
2277 3395 2442 3465 228
2469 3394 2575 3448 Pro
2606 3409 2670 3449 eo
2699 3405 2828 3447 vero
2855 3388 2999 3460 quod
3026 3395 3131 3449 est,
3169 3404 3187 3436 ι
3225 3383 3447 3437 labora-

1867 3489 1943 3543 vit
1975 3486 2263 3559 Egyptus,
2306 3506 2324 3538 ι
2365 3484 2688 3539 Hebraicum
2725 3480 2911 3545 habet,
2949 3489 3002 3533 et
3031 3477 3227 3547 reliqui
3250 3489 3443 3528 omnes

1869 3582 2193 3650 interpretes
2222 3576 2614 3639 reddiderunt,
2666 3592 2685 3624 ί
2726 3572 2881 3626 labor
2906 3569 3162 3641 Egypti,
3218 3585 3237 3619 ι
3290 3572 3349 3618 ut
3390 3564 3443 3618 id

1865 3675 2010 3744 quod
2041 3672 2241 3727 dicitur
2272 3671 2377 3725 tale
2406 3669 2477 3725 sit
2504 3687 2518 3724 :
2556 3686 2575 3719 ι
2615 3665 2693 3721 Te
2719 3664 3044 3728 adorabunt,
3083 3669 3138 3717 et
3172 3660 3249 3714 tui
3281 3665 3441 3714 erunt

1866 3765 2031 3829 servi,
2060 3765 2216 3819 labor
2247 3762 2463 3833 Egypti
2489 3800 2505 3826 ,
2552 3768 2606 3815 et
2646 3756 2944 3830 negotiatio
2984 3753 3337 3821 ZEthiopum,
3387 3756 3443 3803 et

1866 3858 2084 3914 Seboim
2116 3877 2128 3913 :
2170 3877 2188 3910 ι
2227 3856 2427 3927 quibus
2461 3854 2642 3909 verbis
2672 3852 2936 3911 barbaras
2987 3862 3087 3919 ego
3117 3845 3353 3901 arbitror
3386 3851 3441 3897 et

1864 3952 2078 4022 ignotas
2142 3949 2407 4019 quasdam
2481 3948 2731 4002 nationes
2780 3940 3114 4014 signiﬁcari,
3160 3948 3214 3995 et
3252 3951 3440 3993 omnes

1862 4057 2220 4116 quaecumque
2243 4049 2401 4096 antea
2428 4039 2699 4110 quondam
2731 4035 3025 4092 daemonica
3050 4032 3437 4103 superstitione

1862 4136 2222 4192 vexabantur.
2252 4131 2392 4187 Nam
2419 4139 2704 4201 propterea
2729 4125 2873 4198 quod
2908 4125 3147 4196 Egyptii
3179 4122 3282 4176 visi
3307 4126 3437 4175 sunt

1860 4228 2102 4283 omnium
2132 4225 2421 4280 nationum
2462 4217 2992 4291 superstitiosissimi
3041 4230 3193 4279 esse,
3239 4213 3434 4283 primi-

1860 4336 1966 4392 que
1990 4319 2186 4381 errori,
2213 4333 2321 4387 quo
2360 4316 2653 4373 simulacra
2678 4312 3020 4375 colerentur,
3069 4313 3254 4376 portas
3308 4319 3435 4373 ape-

1859 4414 2077 4468 ruisse:
2114 4411 2310 4466 merito
2357 4424 2452 4465 eos
2495 4408 2701 4477 primos
2732 4403 3003 4464 collocat,
3057 4398 3152 4469 qui
3213 4395 3435 4451 Christo

1861 4507 1969 4561 sint
2004 4502 2331 4572 subjiciendi
2360 4520 2373 4555 :
2418 4498 2613 4555 deinde
2645 4512 2741 4568 per
2773 4510 2867 4550 eos
2894 4533 2908 4558 ,
2942 4505 3063 4563 quae
3090 4489 3156 4543 ad
3192 4487 3435 4555 reliquos

183 4595 294 4658 «ob;
330 4593 576 4649 ἐνταῦθα
606 4596 1001 4667 προσκυνήσειν
1031 4594 1109 4667 τῷ
1161 4594 1382 4667 Χριστῷ
1418 4613 1754 4669 προφητευό-

1870 4596 2281 4652 simulacrorum
2316 4592 2555 4648 cultores
2587 4588 2893 4660 pertinent,
2936 4592 2997 4639 ut
3053 4589 3236 4652 aperta
3284 4578 3393 4632 sint
3419 4617 3435 4642 ,

187 4684 385 4753 μένους,
418 4685 518 4739 καὶ
560 4685 647 4738 διὰ
673 4684 766 4740 τοῦ
807 4692 884 4739 οα⁹
919 4683 1134 4756 ψαλμοῦ
1166 4684 1405 4755 ἡγοῦμαι
1444 4685 1752 4757 δηλοῦσθαι,

183 4774 239 4829 δι’
260 4771 327 4832 ὧν
368 4779 617 4851 εἴρηται·
651 4797 670 4829 ι
712 4777 970 4831 Ἐνώπιον
1002 4777 1166 4831 αὐτοῦ
1204 4776 1633 4849 προσπεσοῦνται
1665 4780 1758 4831 Αί-

186 4865 372 4937 θίοπες,
416 4872 516 4925 καὶ
543 4870 782 4941 βασιλεῖς
820 4869 1085 4941 Ἀράϐων,
1118 4870 1211 4923 καλ⁸
1236 4869 1382 4922 Σαϐὰ
1411 4870 1557 4941 δῶρα
1586 4888 1752 4940 προσ-

188 4960 383 5026 άξουσι·
422 4966 520 5018 καὶ
576 4964 1041 5036 προσκυνήσουσιν
1076 4962 1244 5033 αὐτῷ.
1288 4981 1306 5015 ι
1345 4962 1511 5033 Δῆλον
1552 4964 1615 5015 ἐκ
1653 4966 1750 5034 τῆς

187 5058 561 5130 συιδ-φράσεως,
586 5058 666 5111 ὅτι
699 5056 781 5127 τῷ
810 5059 866 5109 ἐν
888 5055 1113 5118 ἐκείνοις
1137 5057 1597 5128 προφητευομὲνῳ
1619 5057 1751 5128 Χρι-

190 5146 284 5216 στῷ
313 5150 807 5222 προσκυνήσουσιν.

1862 4687 2045 4745 elﬁcit.
2079 4689 2145 4742 Et
2176 4687 2291 4741 haec
2321 4684 2539 4756 quidem
2572 4683 2627 4736 in
2667 4681 2947 4737 Salvatore
2979 4692 3043 4731 ac
3074 4674 3305 4729 Domino
3332 4685 3436 4724 no—

1864 4791 1979 4838 Stro
2001 4784 2376 4850 exspectatum
2400 4777 2607 4833 exitum
2642 4782 2800 4829 nacta
2835 4779 2983 4827 sunt.
3018 4768 3137 4823 Jam
3172 4765 3317 4819 enim
3348 4761 3435 4815 in-

1864 4869 2252 4933 numerabiles,
2284 4882 2383 4938 per
2413 4866 2599 4922 orbem
2641 4872 2938 4926 terrarum,
2976 4861 3261 4915 nationum
3303 4868 3436 4909 con‘

1859 4977 2085 5031 ventus,
2124 4966 2177 5020 in
2209 4964 2464 5019 omnibus
2496 4962 2750 5033 gentibus
2782 4959 2935 5013 illum
2980 4956 3207 5009 adorant
3250 4949 3442 5015 illique

1859 5058 2122 5113 serviunt.
2155 5054 2444 5125 Aﬂthiopas
2496 5068 2627 5109 vero
2670 5068 2733 5106 ac
2774 5049 2992 5105 Seboim
3025 5061 3119 5101 eos
3144 5084 3160 5107 ,
3210 5041 3301 5111 qui
3346 5037 3437 5091 hic

1860 5148 2137 5203 adoraturi
2170 5145 2450 5201 Christum
2486 5151 2758 5201 canuntur
2779 5181 2793 5205 ,
2830 5156 2958 5195 Lxxi
2984 5148 3200 5206 quoque
3223 5127 3436 5199 psalmo

188 5236 465 5307 signiﬁcari
511 5220 666 5312 puto,
711 5244 801 5298 ubi
845 5244 1052 5299 dictum
1083 5253 1169 5301 est
1204 5262 1218 5299 :
1267 5263 1285 5297 ι
1325 5244 1519 5299 Coram
1569 5243 1661 5297 illo
1709 5243 1995 5313 procident
2034 5241 2347 5311 IEthiopes,
2402 5246 2456 5294 et
2491 5254 2648 5309 reges
2689 5236 2962 5296 Arabum,
3002 5237 3057 5285 et
3096 5226 3238 5281 Saba
3289 5220 3434 5313 dona

190 5328 440 5388 adducent
472 5353 484 5387 :
521 5345 576 5389 et
604 5335 911 5392 adorabunt
940 5354 1063 5393 eum
1097 5338 1161 5390 ³³.
1202 5356 1221 5389 ι
1254 5336 1482 5391 Constat
1504 5352 1633 5391 vero
1672 5312 1741 5391 ei
1792 5336 1913 5407 ipso
1954 5342 2233 5400 contextu,
2266 5333 2546 5393 Christum
2588 5345 2710 5387 esse
2758 5327 3083 5382 adoraturos
3127 5332 3289 5380 eum,
3337 5312 3434 5385 qui

189 5416 235 5471 in
264 5421 363 5480 illis
403 5443 646 5497 quoque,
684 5438 741 5483 ut
774 5438 1037 5486 venturus
1068 5430 1285 5486 canitur
1314 5445 1343 5484 a
1370 5427 1667 5500 prophetis.

253 5708 290 5741 ³⁸
317 5710 457 5769 Psal.
488 5730 636 5779 ικχι,
667 5714 731 5768 10
