3954 6512
556 408 661 467 575

1170 526 1398 583 CAPUT
1445 528 1505 583 V.

556 639 601 698 Δ
642 644 848 709 psalmo
880 640 1051 697 xxxii.
1088 671 1161 682 —
1200 642 1355 708 Quod
1407 643 1500 699 Dei
1537 643 1762 700 Verbum
1816 662 1970 702 suam
2028 647 2126 701 Ita-

625 711 750 787 beng
780 718 1063 787 essentiam
1108 710 1513 787 jussuAPatris,
1546 715 1717 787 David
1754 733 1894 787 itque
1926 734 2124 787 acino:

623 782 876 855 opiﬁcem
904 783 1141 855 universi
1166 785 1347 855 novit;
1378 796 1429 839 et
1470 786 1608 855 quod
1659 782 1821 840 idem'
1852 787 1950 842 Dei
1999 785 2126 840 Ver-

623 849 779 915 bum,
823 852 957 906 idem
990 851 1240 921 propheta
1274 854 1345 908 ad
1383 849 1651 909 hominum
1700 858 1956 911 medelam
2013 873 2126 912 esse

622 922 841 997 missum
866 939 898 975 a
926 924 1084 977 Patre
1113 925 1429 997 testiﬁcatur
1451 943 1471 988 ;
1499 935 1548 979 et
1575 926 1714 997 quod
1742 928 1880 981 brevi
1901 937 2125 995 tempore

626 992 923 1046 universam
952 1001 1150 1048 terram
1179 1012 1280 1049 sua
1313 994 1554 1051 doctrina
1586 992 1931 1066 impleturum
1958 992 2121 1051 canit.

629 1249 650 1282 ι
690 1230 870 1288 Verbo
925 1232 1137 1288 Domini
1188 1236 1311 1291 coeli
1357 1235 1557 1292 ﬁrmati
1590 1248 1758 1303 sunt,
1807 1247 1863 1295 et
1926 1241 2123 1311 spiritu

554 1325 669 1380 oris
696 1324 812 1392 ejus
844 1324 1022 1380 omnis
1054 1327 1227 1382 virtus
1256 1343 1465 1383 eorum.
1495 1348 1514 1382 ι
1549 1328 1605 1384 in
1640 1332 1848 1400 psalmo
1871 1348 1999 1388 vero
2036 1348 2123 1389 (ενι

555 1416 637 1471 sic
692 1416 897 1471 dictum
931 1424 1056 1470 est:
1094 1433 1112 1467 ι
1151 1416 1296 1472 Misit
1328 1416 1564 1473 Verbum
1618 1437 1777 1476 suum
1807 1430 1861 1478 et
1912 1425 2125 1480 sanavit

551 1523 678 1570 eos,
724 1516 778 1562 et
810 1507 1009 1576 eripuit
1037 1523 1133 1563 eos
1182 1510 1250 1565 de
1301 1511 1709 1571 interitionibus
1755 1532 1968 1574 eorum.
2003 1539 2022 1570 ι
2058 1517 2125 1573 Ει

552 1613 748 1653 rursus
774 1612 950 1652 cum"
983 1617 996 1653 :
1034 1618 1052 1653 ι
1100 1598 1202 1667 Qui
1246 1603 1448 1658 emittit
1494 1605 1768 1677 eloquium
1816 1624 1974 1663 suum
2009 1618 2123 1665 ter-

552 1704 661 1753 ra},
704 1688 964 1745 velociter
998 1694 1172 1746 currit
1232 1709 1413 1749 sermo
1457 1696 1598 1765 ejus.
1643 1717 1663 1750 ι
1723 1700 1792 1753 At
1849 1701 1991 1756 enim
2030 1702 2119 1769 ei,

552 1779 646 1849 qui
681 1795 827 1834 nunc
859 1781 915 1834 in
952 1783 1206 1838 manibus
1251 1794 1355 1849 est,
1389 1787 1599 1855 psalmo
1631 1788 1854 1856 dicenti,
1888 1810 1907 1842 ι
1944 1790 2124 1849 Verbo

1222 410 1491 469 EUSEBII
1525 414 2001 474 CtESARlENSIS
2022 416 2174 475 OPP.
2205 416 2386 475 PARS
2420 418 2487 474 lt.
2519 449 2591 461 —-
2628 419 3125 480 APOLOGETICA.
3722 433 3821 491 ετι

2149 555 2204 613 Α

2759 536 3150 593 ΚΕΦΑΛᾹΙΟΝ
3187 541 3276 597 Ε’.

2232 649 2632 726 Ψαλμοᾷλβη
2676 682 2747 694 -
2788 653 2881 726 ὀς
2935 654 3083 726 Θεοῦ
3126 656 3355 726 Λόγον
3386 655 3661 725 οὐσιώδη
3705 665 3815 715 κατ’

2294 718 2682 796 ἐπικέλευςιν
2737 718 2866 796 τοῦς
2888 723 3141 796 Πιιτρὸς,
3203 718 3449 796 ὁμοίως
3506 718 3657 796 ἡμῖῦ
3708 726 3816 785 οἵδε

2296 789 2661 864 δημιουργρν
2692 790 2810 864 τῶν
2832 789 3114 847 ἀπάντα)ιὲ
3139 798 3172 849 ὁ
3210 789 3449 849 Ᾰαὸίόῖ
3480 789 3584 850 κᾶι
3625 797 3705 864 ὡς
3725 800 3816 854 τὸν

2295 863 2484 936 αὐτὸν
2506 861 2613 936 τοῦ
2647 861 2805 936 ῥεοῦᾲ
2826 864 3021 936 Λόγον
3054 867 3088 917 ὀ
3127 865 3326 932 αὐτὸς
3362 861 3698 936 ίπροφήτηξ·
3729 870 3816 923 ἐπὶ

2297 933 2579 1004 θεραπείᾳ
2623 931 2745 986 τῶν
2776 931 3103 1004 ἀνθρώπων
3142 936 3211 989 ἐκ
3266 931 3391 990 τοῦ
3415 931 3688 1004 ’Πὰτρὸξ
3718 939 3815 992 ἁπ-

2294 1001 2901 1089 εστάλθαιμαρτυρεξ·
2924 1003 3019 1089 καὶ
3042 1005 3123 1070 ὡς
3145 1001 3696 1089 ἐν’,ϐραχεῖ
3716 1008 3813 1077 τὴν

2294 1070 2764 1144 σύμπασανᾲγῆν
2790 1072 3135 1141 πληρώσειν
3167 1070 3815 1144 τῆς-ἀὐτοῦ’διδασκὰρ

2294 1140 2434 1207 λίας
2462 1140 2738 1202 θεσπίζει.

2302 1272 2320 1301 σ
2351 1252 2441 1324 Τῷ
2480 1254 2639 1325 Λόγῳ
2666 1254 2871 1327 Κυρίου
2909 1257 2958 1309 οἱ
2985 1257 3202 1328 οὐρανοὶ
3241 1259 3707 1331 ἐστερεώθησαν,
3730 1262 3812 1317 καὶ

2225 1343 2303 1416 τῷ
2343 1344 2610 1415 πνεύματι
2656 1345 2748 1399 τοῦ
2786 1346 3050 1417 στόματος
3096 1349 3267 1403 αὐτοῦ
3320 1352 3487 1404 πᾶσα
3534 1353 3569 1423 ἠ
3609 1351 3812 1425 δύναμις

2225 1433 2424 1488 αὐτῶν.
2458 1454 2478 1486 ι
2508 1435 2616 1488 Καὶ
2650 1436 2707 1488 ὲν
2744 1443 2831 1508 pg’
2858 1436 2913 1489 δὲ
2939 1436 3137 1510 ψαλμῷ
3157 1439 3427 1512 εἴρηται·
3462 1460 3481 1493 ι
3520 1442 3809 1498 ’Δπέστειλε

2223 1526 2314 1579 τὸν
2350 1527 2521 1595 Λόγον
2549 1525 2737 1590 αὑτοῦ,
2773 1528 2866 1581 καὶ
2913 1529 3100 1582 ἰάσατο
3134 1530 3345 1594 αὐτοὺς
3366 1573 3382 1597 ,
3416 1533 3518 1586 καὶ
3565 1532 3811 1605 ἐρρύσατο

2224 1620 2422 1682 αὐτοὺς
2473 1619 2537 1671 ὲκ
2574 1619 2682 1671 τῶν
2725 1619 3030 1692 διαφθορῶν
3076 1622 3276 1677 αὐτῶν.
3306 1642 3330 1676 ι
3377 1625 3499 1678 Καὶ
3557 1625 3717 1679 πάλιν
3760 1628 3807 1681 ἐν

2226 1708 2349 1780 ρμζ⁹
2367 1725 2381 1739 ο
2423 1728 2441 1760 ι
2479 1709 2537 1763 Ὀ
2566 1711 2908 1765 ἀποστέλλων
2932 1713 2991 1764 τὸ
3017 1712 3198 1783 λόγιον
3224 1715 3407 1768 αὐτοῦ
3453 1718 3524 1787 τῇ
3578 1719 3649 1788 γῇ
3670 1757 3685 1781 ,
3718 1715 3808 1784 ἕως

2223 1802 2419 1872 τάχους
2473 1802 2758 1874 δραμεῖται
2804 1807 2832 1858 6
2894 1804 3052 1873 λόγος
3099 1805 3292 1860 αὑτοῦ.
3331 1827 3353 1859 ι
3396 1806 3567 1861 Ἀλλὰ
3595 1809 3699 1880 γὰρ

552 1868 769 1924 Domini
826 1872 949 1925 caeli
1004 1872 1203 1929 ﬁrmati
1258 1886 1426 1943 sunt,
1480 1898 1499 1931 ι
1555 1884 1851 1937 concordat
1903 1900 2114 1940 sacrum

2225 1868 2364 1965 μετὰ
2396 1868 2593 1965 χεῖρας.
2633 1893 2850 1965 ψαλμῷ,
2901 1868 3182 1964 φάσκοντι,
3254 1915 3276 1948 ι
3305 1895 3406 1967 Τῷ
3483 1868 3647 1970 Λόγίρ
3670 1868 3803 1951 .Ku;

550 1961 717 2031 229
751 1971 982 2033 :quoque
1034 1962 1413 2036 Evangelium,
1468 1971 1644 2040 palam
1692 1972 1928 2029 dicens:
1988 1993 2008 2027 ι
2059 1975 2123 2031 In

554 2054 822 2123 principio
845 2062 961 2109 erat
986 2053 1246 2122 Verbum,
1273 2067 1327 2114 et
1348 2058 1586 2116 Verbum
1615 2074 1732 2118 erat
1760 2064 1904 2135 apud
1927 2065 2119 2132 Deum,

549 2151 605 2197 et
628 2141 771 2198 Deus
798 2153 917 2200 erat
946 2144 1207 2202 Verbum.
1260 2148 1376 2205 Hoc
1426 2160 1546 2207 erat
1588 2154 1645 2208 in
1674 2156 1947 2227 principio
1975 2157 2121 2228 apud

550 2231 745 2300 Deum,
781 2237 964 2292 omnia
999 2254 1097 2309 per
1125 2239 1306 2312 ipsum
1358 2242 1499 2300 facta
1532 2255 1682 2313 sunt,
1725 2256 1779 2304 et
1828 2250 1948 2306 sine
2000 2252 2121 2321 ipso

547 2326 752 2382 factum
774 2339 857 2385 est
876 2330 1013 2386 nihil
1033 2333 1099 2389 ³⁸.
1134 2352 1153 2385 ι
1188 2332 1332 2392 Sane
1358 2338 1553 2392 merito
1574 2338 1924 2413 Evangelium
1950 2342 2121 2401 Deum

549 2417 701 2473 illum
733 2422 977 2476 nominat
1018 2442 1032 2479 :
1077 2427 1297 2496 quando
1339 2429 1502 2483 etiam
1548 2447 1645 2501 per
1685 2448 1747 2487 ea
1792 2451 1912 2504 quae
1967 2438 2119 2506 prius

550 2510 695 2565 dicta
728 2522 876 2580 sunt,
908 2513 1051 2569 idem
1085 2516 1210 2582 hoc,
1246 2519 1392 2589 quod
1423 2536 1570 2576 nunc
1606 2532 1664 2577 ut
1697 2523 1838 2581 Deus
1873 2529 2119 2583 celebra-

547 2610 640 2656 tur
665 2600 926 2668 Verbum,
958 2613 1012 2660 et
1038 2609 1324 2679 sapientia,
1355 2619 1410 2667 et
1443 2629 1663 2684 germen
1695 2614 1811 2679 Dei,
1839 2629 1892 2673 et
1924 2616 2119 2674 Sacer-

546 2690 670 2756 dos,
719 2701 773 2747 et
824 2693 1100 2760 Christus,
1154 2705 1208 2752 et
1259 2697 1397 2764 Rex,
1442 2709 1495 2756 et
1546 2700 1833 2765 Dominus,
1873 2712 1927 2760 et
1974 2704 2117 2761 Deus

547 2782 726 2854 imago
756 2783 872 2849 Dei,
907 2790 1235 2859 appellatum
1267 2800 1372 2847 est.
1416 2791 1611 2857 Porro,
1646 2802 1707 2848 ut
1750 2797 1841 2865 qui
1892 2804 1945 2852 et
1976 2798 2118 2856 alius

545 2872 620 2930 sit
648 2890 809 2944 quam
844 2876 1024 2942 Pater,
1052 2889 1106 2935 et
1139 2881 1384 2951 ejusdem
1415 2885 1737 2941 administer
1767 2886 1952 2952 fuerit,
1982 2889 2118 2946 adeo

544 2971 607 3017 ut
629 2965 788 3032 jussu
822 2967 970 3023 illius
1005 2971 1122 3040 ipse
1172 2973 1355 3027 omnia
1389 2973 1718 3039 condiderit,
1773 2977 1827 3030 in
1859 2980 2115 3047 praesenti

544 3054 803 3127 deinceps
833 3056 1051 3113 Psalmo
1084 3059 1332 3131 adiungit
1374 3081 1390 3118 :
1431 3081 1450 3114 ι
1507 3060 1742 3127 'l‘imeat,
1775 3065 1974 3134 inquit,
2004 3065 2117 3121 Do.

544 3147 756 3202 minum
804 3151 984 3206 omnis
1020 3159 1164 3207 terra
1200 3171 1213 3207 :
1266 3154 1334 3209 ab
1366 3169 1433 3210 eo
1460 3163 1641 3209 autem
1670 3166 2117 3214 commoveantur

2223 1985 2340 2056 ρίου
2384 1986 2433 2037 οἱ
2477 1986 2696 2057 οὐρανοὶ
2731 1984 3170 2058 ἐστερεώθησαν,
3219 2006 3238 2039 ι
3290 1989 3524 2061 συνᾴδει
3574 1988 3634 2043 τὸ
3680 1989 3803 2063 ἱερὸν

2221 2074 2571 2145 Εύαγγέλιον,
2605 2075 2902 2148 διαρρήδην
2928 2077 3084 2145 λέγον
3108 2094 3123 2107 ⁸
3159 2097 3179 2130 ι
3229 2079 3327 2131 Ἐν
3376 2080 3528 2150 ἀρχῇ
3558 2075 3626 2150 ἦν
3669 2082 3695 2132 6
3719 2078 3805 2133 A6-

2220 2183 2335 2236 γος,
2365 2166 2459 2218 καὶ
2486 2168 2514 2219 6
2545 2165 2717 2234 Λόγος
2746 2162 2813 2237 ἦν
2855 2166 2992 2238 πρὸς
3035 2167 3126 2220 τὸν
3164 2167 3327 2235 Θεὸν,
3378 2171 3481 2222 καὶ
3525 2169 3655 2235 Θεὸς
3692 2165 3751 2241 ἦν
3774 2170 3800 2223 6

2220 2259 2412 2327 Λόγος.
2443 2252 2609 2321 Οὗτος
2643 2253 2712 2329 ἦν
2742 2260 2799 2311 ἐν
2833 2259 2974 2329 ἀρχῇ
3008 2258 3144 2330 πρὸς
3181 2259 3277 2313 τὸν
3318 2260 3498 2315 Θεόν·
3537 2262 3707 2315 πάντα
3740 2258 3798 2315 δι’

2220 2348 2385 2403 αὑτοῦ
2429 2349 2663 2417 ἐγένετο,
2706 2350 2799 2402 καὶ
2843 2351 3013 2422 χωρὶς
3043 2350 3208 2404 αὐτοῦ
3258 2353 3499 2420 ἐγένετο
3532 2352 3650 2405 οὐδὲ
3676 2351 3743 2405 ἐν.
3772 2370 3791 2405 ι

2218 2441 2350 2496 Θεὸν
2379 2443 2604 2506 εἰκότως
2640 2441 2701 2495 τὸ
2726 2442 3059 2511 Εύαγγέλιον
3090 2443 3356 2514 ὀνομάζει
3385 2462 3398 2474 ·
3452 2445 3579 2497 ἐπεὶ
3607 2444 3696 2497 καὶ
3722 2442 3794 2496 διὰ

2217 2533 2325 2589 τῶν
2356 2533 2589 2605 πρόσθεν
2621 2534 2781 2598 αὐτὸς
2813 2527 2965 2597 οὗτος
2989 2537 3017 2587 6
3048 2535 3143 2588 νῦν
3163 2535 3600 2608 θεολογούμενος
3625 2538 3790 2605 Λόγος,

2218 2625 2313 2678 καὶ
2340 2625 2520 2695 σοφία,
2555 2625 2649 2679 καὶ
2694 2626 2939 2697 γέννημα
2965 2626 3120 2691 Θεοῦ,
3147 2628 3238 2681 καὶ
3296 2630 3507 2701 ἱερεὺς,
3539 2630 3633 2684 καὶ
3674 2631 3789 2701 Χρι-

2220 2717 2363 2780 στὸς,
2396 2719 2489 2771 καὶ
2518 2718 2787 2789 βασιλεὺς,
2825 2720 2919 2772 καὶ
2944 2718 3167 2790 Κύριος,
3195 2721 3294 2774 καὶ
3326 2722 3487 2788 Θεὸς,
3520 2724 3615 2776 κα)⁵
3651 2721 3792 2776 εἰκὼν

2217 2808 2552 2880 ἀνηγόρευτο
2574 2808 2667 2862 τοῦ
2694 2809 2850 2863 Θεοῦ.
2878 2811 2988 2864 Καὶ
3015 2812 3096 2864 ὃτι
3124 2829 3208 2881 γε,
3244 2812 3446 2885 ἕτερος
3474 2813 3551 2867 ὢν
3580 2812 3671 2867 τοῦ
3693 2813 3788 2868 Πα-

2215 2897 2365 2967 τρὸς,
2397 2898 2669 2969 ὑπουργὸς
2704 2894 2772 2970 ἦν
2804 2899 2991 2963 αὐτοῦ,
3038 2900 3175 2953 ὣστε
3221 2897 3682 2974 ἐπικελευομένου
3705 2898 3785 2956 τοῦ

2221 2988 2463 3057 μείζονος
2505 2990 2666 3043 αὐτὸν
2696 2990 3065 3062 δημιουργεῖν,
3099 2993 3227 3063 ἑξῆς
3256 2996 3410 3049 κατὰ
3442 2995 3535 3049 τὸν
3569 2995 3783 3065 παρόντα

2219 3080 2456 3151 ἐπιλέγει
2505 3082 2751 3153 ψαλμόν·
2804 3102 2822 3134 ι
2857 3084 3149 3155 Φοϐηθήτω
3190 3085 3280 3139 τὸν
3336 3088 3549 3159 Κύριον
3590 3086 3779 3155 πᾶσαή

2218 3171 2320 3243 γῆ·
2348 3174 2440 3226 ὑπ’
2466 3174 2630 3227 αὑτοῦ
2658 3175 2713 3228 δὲ
2738 3175 3150 3248 σαλευθήτωσαν
3178 3175 3387 3243 πάντες
3409 3181 3460 3232 οξ
3490 3177 3776 3233 κατοικοῦν·

542 3255 736 3298 omnes
764 3243 1135 3300 inhabitantes
1162 3245 1372 3301 orbem.
1429 3247 1698 3312 Quoniam
1734 3248 1850 3318 ipse
1879 3250 2038 3312 dixit,
2064 3260 2114 3306 et

2225 3281 2311 3328 τες
2339 3266 2680 3337 οἰκουμένην.
2710 3268 2831 3321 ’Ὁτι
2875 3268 3036 3333 αὐτὸς
3082 3265 3224 3334 εἷπε,
3274 3274 3377 3325 καὶ
3422 3269 3773 3342 ἐγενήθησαν’

542 3332 685 3387 facta
736 3345 894 3397 sunt;
962 3336 1077 3407 ipse
1126 3339 1424 3402 mandavit,
1479 3348 1533 3394 et
1577 3349 1758 3395 creata
1807 3350 1936 3397 sunt
1979 3344 2043 3396 ³⁷.
2090 3363 2109 3395 ι

541 3425 771 3482 Constat
799 3428 944 3482 enim
987 3428 1130 3499 quod
1162 3430 1254 3499 qui
1290 3430 1441 3495 dicit,
1479 3432 1545 3485 ad
1578 3433 1808 3487 alterum
1854 3433 1985 3489 dicit
2017 3451 2031 3488 :
2062 3443 2117 3490 et

540 3516 635 3586 qui
684 3516 926 3580 mandat,
966 3519 1120 3573 alteri
1156 3529 1353 3589 praeter
1407 3536 1467 3575 se
1517 3521 1759 3576 mandat.
1822 3520 2116 3592 Perspicua

539 3619 670 3659 vero
698 3615 821 3674 post
862 3605 1039 3677 ipsam
1072 3605 1372 3664 Salvatoris
1400 3610 1580 3665 nostri
1628 3613 1879 3666 humanae
1907 3619 2115 3666 natum

538 3697 996 3765 assumptionem,
1039 3708 1343 3757 conventus
1374 3715 1441 3755 ex
1476 3700 1624 3754 omni
1659 3709 1826 3766 terra,
1875 3702 1979 3757 hoc
2005 3711 2110 3767 est,

538 3804 605 3842 cx
634 3790 910 3851 omnibus,
956 3806 1076 3861 qua:
1110 3799 1313 3845 terram
1361 3794 1628 3858 incolunt,
1663 3794 1998 3859 nationibus,
2027 3797 2112 3851 in-

538 3881 929 3945 numerabiles,
962 3898 1071 3936 non
1104 3884 1291 3937 itidem
1336 3892 1395 3939 ut
1441 3893 1602 3940 antea
1636 3888 1776 3943 ullos
1811 3889 2109 3955 daemones,

540 3971 635 4025 sed
666 3971 845 4041 ipsum
882 3973 1173 4029 Dominum
1212 3974 1399 4031 Jesum
1450 3977 1771 4047 timuerunt,
1820 3989 1875 4036 et
1920 3996 2112 4039 omnes

539 4062 848 4121 habitantes
899 4068 1088 4123 orbem
1143 4072 1402 4124 commoti
1448 4080 1599 4137 sunt,
1636 4072 1693 4126 in
1745 4073 1865 4144 ipso
1905 4073 2110 4129 Christi

537 4156 779 4222 nomine,
824 4158 965 4213 sicut
995 4175 1237 4229 prtesens
1264 4163 1545 4217 oraculum
1576 4164 1725 4218 canit
1763 4183 1776 4219 :
1815 4182 1835 4217 ι
1874 4163 2108 4231 Timeat,

536 4246 734 4318 inquit,
770 4248 1057 4306 Dominum
1094 4254 1271 4307 omnis
1315 4262 1481 4319 terra,
1518 4256 1587 4310 ab
1640 4271 1705 4312 eo
1753 4265 1934 4312 autem
1968 4274 2115 4314 com-

536 4348 860 4395 moveantur
886 4357 1077 4399 omnes
1110 4345 1478 4403 inhabitantes
1507 4348 1715 4403 orbem.
1771 4369 1789 4401 ι
1834 4349 2111 4409 Hactenus

536 4446 657 4499 qua:
695 4433 762 4486 de
806 4448 845 4487 ll
885 4442 940 4489 et
971 4451 1079 4488 xxx
1110 4438 1321 4505 psalmo
1345 4450 1569 4509 accepta
1604 4450 1756 4497 sunt.
1790 4442 2110 4500 Consimilia

534 4536 665 4575 vero
696 4521 781 4578 his
823 4532 877 4579 et
906 4541 1149 4584 consona
1198 4530 1251 4584 in
1284 4532 1495 4600 psalmo
1529 4548 1750 4603 quoque
1790 4551 1992 4590 chvm
2024 4537 2109 4592 in-

532 4613 739 4675 venies,
784 4620 877 4685 qui
918 4618 1075 4673 docet
1109 4635 1220 4674 non
1265 4636 1329 4675 ea
1383 4622 1571 4687 modo,
1620 4639 1742 4692 quae
1785 4625 1853 4680 ad
1904 4635 2105 4683 terram
2138 4596 2183 4653 Β

531 4704 823 4769 duntaxat,
858 4708 952 4762 sed
983 4710 1149 4763 etiam
1178 4727 1241 4765 ea
1291 4727 1413 4782 qua:
1441 4712 1509 4765 ad
1540 4716 1761 4779 cmlum,
1790 4724 1845 4789 et
1872 4718 2109 4775 breviter

530 4792 600 4846 ad
627 4794 939 4848 universam
974 4803 1282 4853 creaturam
1316 4800 1609 4869 pertinent,
1662 4803 1783 4872 ipso
1830 4801 1943 4857 Deo
1977 4806 2104 4858 uni-

529 4885 677 4940 versi
729 4884 958 4954 jubente
986 4887 1287 4945 exstitisse.
1323 4888 1468 4944 Dicit
1508 4892 1675 4963 igitur
1721 4912 1733 4946 :
1786 4912 1804 4945 ι
1861 4892 2106 4952 Laudate

529 4979 818 5034 Dominum
849 4979 917 5034 de
943 4981 1122 5045 cmlis,
1152 4980 1371 5039 laudate
1400 5000 1525 5040 eum
1567 4986 1622 5040 in
1653 4987 1910 5043 excelsis.
1961 4987 2105 5045 Lau-

525 5070 652 5126 date
678 5087 826 5137 eum,
859 5088 1052 5130 omnes
1078 5077 1255 5147 angeli
1288 5077 1443 5147 ejus;
1467 5078 1686 5135 laudate
1716 5097 1864 5145 eum,
1910 5096 2102 5140 omnes

525 5163 757 5220 virtutes
786 5165 927 5235 ejus.
990 5165 1236 5224 Laudate
1266 5186 1411 5235 eum,
1448 5173 1532 5228 sol
1571 5180 1628 5228 et
1682 5173 1833 5241 luna,
1881 5175 2104 5233 laudate

524 5270 672 5319 eum,
718 5266 910 5312 omnes
939 5258 1111 5314 stellte
1152 5268 1205 5315 et
1236 5260 1421 5317 lumen
1454 5278 1469 5317 :
1504 5263 1766 5333 quoniam
1798 5264 1917 5335 ipse
1941 5265 2099 5333 dixit,

525 5354 581 5399 et
620 5346 758 5401 facta
794 5359 955 5416 sunt;
993 5349 1111 5421 ipse
1142 5352 1441 5422 mandavit,
1483 5362 1538 5411 et
1580 5365 1764 5410 creata
1807 5365 1938 5411 sunt
1966 5358 2033 5414 ⁸⁸.
2072 5377 2093 5411 ι

526 5436 684 5502 Quod
743 5440 791 5495 si
836 5441 953 5511 ipse
998 5442 1300 5510 mandavit,
1351 5447 1627 5517 quisnam,
1655 5464 1863 5520 quaiso,
1923 5465 2101 5521 usque

526 5528 665 5583 adeo
695 5544 946 5601 magnus,
982 5541 1042 5591 ut
1082 5538 1401 5593 mandatum
1461 5538 1529 5596 de
1576 5542 1744 5598 tantis
1789 5541 1958 5597 rebus
1986 5559 2105 5596 sus-

523 5616 763 5687 ciperet,
816 5632 1014 5693 praeter
1043 5626 1139 5682 Dei
1193 5628 1471 5686 Verbum?
1501 5632 1649 5700 quod
1689 5633 1838 5687 varie
1872 5635 1927 5688 in
1956 5649 2096 5705 pra:-

524 5714 667 5771 scnti
715 5729 904 5785 opere,
935 5731 964 5770 a
1000 5718 1182 5786 nobis,
1208 5728 1469 5793 tanquam
1499 5720 1644 5780 Deus
1683 5724 2010 5791 celebratur,
2041 5733 2096 5782 et

625 5869 671 5902 “
700 5870 856 5928 Juan.
891 5888 928 5945 ι,
962 5873 1073 5937 l,2.

2216 3355 2379 3419 αὐτὸς
2409 3358 2729 3419 ἐνετείλατο,
2763 3360 2856 3411 καὶ
2901 3358 3244 3430 ἐκτίσθησαν.
3287 3380 3309 3413 ι
3357 3361 3631 3434 Πρόδηλον
3662 3357 3773 3430 γὰρ,

2213 3447 2289 3512 ὡς
2330 3448 2359 3500 6
2381 3448 2574 3517 λέγων,
2611 3451 2781 3522 ἑτέρῳ
2804 3451 2950 3519 λέγει
2968 3468 2981 3482 ο
3011 3452 3106 3504 καὶ
3133 3452 3161 3504 6
3186 3453 3595 3525 ἐντελλόμενος,
3626 3449 3775 3520 ἑτέρῳ

2215 3543 2346 3612 παρ’
2376 3540 2566 3595 ἑαυτὸν
2604 3540 2926 3595 ἐντέλλεται.
2957 3542 3148 3611 Σαφῶς
3171 3542 3228 3596 δὲ
3264 3545 3362 3597 ἐπὶ
3402 3548 3470 3615 τῇ
3496 3542 3588 3597 τοῦ

2217 3650 2309 3704 ρος
2335 3636 2368 3705 ἡ
2378 3632 2494 3703 μῶν
2529 3632 2958 3706 ὲνανθρωπήσει,
2992 3635 3159 3706 μυρία
3186 3635 3373 3709 πλήθη
3396 3638 3463 3690 ὲκ
3494 3635 3665 3705 πάσης
3689 3631 3772 3702 τῆς

2213 3725 2338 3795 γῆς,
2371 3726 2515 3778 τοῦτ’
2549 3725 2693 3779 ἔστιν
2723 3726 2782 3790 ἐξ
2803 3727 3055 3780 ἁπάντων
3080 3727 3186 3780 τῶν
3219 3729 3312 3781 ἐπὶ
3336 3731 3441 3800 τῆς
3470 3728 3574 3799 γῆς
3601 3722 3770 3787 ἐθνῶν,

2212 3817 2396 3871 οὐκέτι
2426 3818 2500 3882 ὡς
2523 3819 2582 3871 τὸ
2608 3819 2736 3889 πρὶν
2763 3819 2887 3883 τοὺς
2912 3818 3188 3890 δαίμονας,
3220 3819 3338 3874 ἀλλ’
3369 3820 3533 3875 αὐτὸν
3556 3813 3768 3887 ἐφοϐήθη

2211 3905 2304 3960 τὸν
2346 3907 2548 3979 Κύριον
2593 3907 2831 3978 Ἰησοῦν
2868 3911 3067 3973 πάντες
3097 3928 3155 3963 τε
3198 3913 3247 3964 οἱ
3282 3910 3661 3970 κατοικοῦντες
3687 3905 3769 3975 τὴν

2215 4001 2538 4073 οἰκουμένην
2578 4001 2946 4073 ὲσαλεύθησαν
2994 4003 3086 4056 ἐπὶ
3138 4002 3214 4074 τῷ
3245 4004 3339 4056 τοῦ
3388 4000 3622 4076 Χριστοῦ
3670 3996 3767 4050 ὀνό-

2222 4109 2370 4162 ματι,
2417 4091 2721 4157 ἀκολούθως
2748 4092 2825 4163 τῷ
2863 4092 2956 4146 νῦν
3002 4094 3263 4162 φάσκοντι
3304 4094 3476 4165 λογίῳ
3499 4111 3512 4124 ο
3566 4112 3584 4143 ‹
3617 4088 3769 4158 Φοϐη-

2215 4182 2362 4254 θήτω
2392 4181 2482 4234 τὸν
2515 4181 2719 4253 Κύριον
2749 4185 2899 4236 πᾶσα
2929 4184 2961 4254 ἠ
2998 4185 3090 4254 γῆ,
3120 4185 3212 4238 ὑπ’
3241 4186 3409 4239 αὑτοῦ
3437 4186 3494 4239 δὲ
3528 4180 3763 4249 σαλευθή-

2210 4291 2390 4329 τωσαν
2438 4274 2638 4337 πάντες
2693 4276 2743 4328 οἱ
2792 4276 3168 4341 κατοικοῦντες
3218 4278 3315 4349 τὴν
3365 4277 3696 4348 οἰκουμένην.
3742 4288 3759 4322 ι

2212 4365 2396 4419 Ταῦτα
2428 4366 2526 4437 μὲν
2552 4361 2644 4419 οὖν
2667 4368 2730 4419 ἐκ
2759 4366 2851 4420 τοῦ
2897 4366 2941 4437 β’
2972 4368 3067 4421 καὶ
3090 4368 3133 4421 λ’
3164 4368 3405 4440 ψαλμοῦ.
3433 4368 3695 4440 Σύμφωνα
3715 4360 3763 4414 δὲ

2210 4456 2419 4521 τούτοις
2445 4457 2628 4530 εὕροις
2666 4457 2731 4512 ἂν
2765 4460 2859 4511 καὶ
2904 4461 2961 4511 ὲν
3010 4467 3137 4531 ρμη⁹
3178 4460 3400 4533 ψαλμῷ,
3446 4460 3506 4524 ὃς
3548 4457 3763 4512 διδάσκει

2210 4547 2271 4600 οὐ
2298 4546 2365 4601 τὰ
2411 4549 2537 4619 περὶ
2558 4547 2662 4617 γῆν
2691 4549 2849 4619 μόνα,
2883 4549 3018 4602 ἀλλὰ
3060 4550 3152 4604 καὶ
3175 4550 3241 4603 τὰ
3268 4553 3392 4605 κατ’
3415 4549 3653 4623 οὐρανὸν,
3679 4542 3761 4598 καὶ

2214 4638 2514 4710 συλλήϐδην
2546 4641 2763 4695 ἆπασαν
2799 4641 2897 4712 τὴν
2934 4641 3131 4707 κτίσιν,
3166 4642 3285 4695 κατ’
3319 4644 3654 4697 ὲπικέλευσιν
3680 4632 3759 4690 τοῦ

2211 4728 2319 4782 τῶν
2360 4729 2498 4783 ὅλων
2538 4729 2673 4783 Θεοῦ
2720 4730 3019 4799 γεγονέναι.
3071 4730 3231 4800 Λέγει
3262 4731 3306 4784 δ’
3340 4729 3465 4786 οῦνο
3519 4750 3537 4782 ι
3572 4727 3756 4782 Αἰνεῖτε

2210 4819 2302 4872 τὸν
2336 4818 2539 4889 Κύριον
2586 4822 2649 4872 ὲκ
2686 4819 2793 4872 τῶν
2836 4820 3099 4892 οὐρανῶν,
3148 4823 3349 4875 αἰνεῖτε
3392 4819 3553 4875 αὐτὸν
3583 4818 3636 4869 ὲν
3661 4812 3757 4899 τοῖς

2211 4911 2474 4981 ὑψίστοις.
2498 4911 2703 4964 Αἰνεῖτε
2734 4911 2894 4964 αὐτὸν
2914 4911 3115 4975 πάντες
3134 4911 3351 4980 ἄγγελοι
3379 4910 3560 4971 αὑτοῦ,
3578 4905 3753 4959 αἰνεῖτε

2209 5005 2371 5058 αὐτὸν
2402 5006 2575 5058 πᾶσαι
2616 5005 2669 5057 αἱ
2698 5004 2952 5074 δυνάμεις
2987 5004 3169 5058 αὐτοῦ.
3201 5004 3411 5059 Αἰνεῖτε
3440 5002 3595 5059 αὐτὸν
3625 4996 3753 5068 ἥλιος

2211 5095 2305 5148 καὶ
2339 5093 2558 5167 σελήνη,
2606 5095 2805 5147 αἰνεῖτε
2848 5092 3011 5147 αὐτὸν
3056 5092 3232 5146 πάντα
3269 5094 3338 5149 τὰ
3386 5096 3559 5165 ἄστρα
3594 5087 3679 5142 καὶ
3701 5078 3753 5133 τὸ

2198 5186 2354 5255 “φῶς’
2405 5186 2488 5239 ὅτι
2530 5185 2692 5248 αὐτὸς
2731 5180 2885 5249 εἷπε,
2936 5184 3030 5237 καὶ
3076 5183 3442 5257 ἐγενήθησανο
3490 5179 3641 5241 αὐτὸς
3674 5176 3749 5227 ὲν-

2208 5277 2474 5343 ετείλατο,
2508 5277 2601 5331 καὶ
2620 5274 2965 5346 ἐκτίσθησαν.
2996 5296 3016 5329 ι
3042 5276 3105 5328 Εἰ
3135 5275 3243 5347 γὰρ
3271 5278 3431 5340 αὐτὸς
3457 5269 3747 5328 ἐνετείλατο,

2208 5368 2305 5422 καὶ
2353 5368 2437 5431 τίς
2484 5363 2552 5438 ἦν
2592 5364 2873 5429 τοσοῦτος,
2921 5365 2998 5428 ὡς
3048 5365 3147 5437 τὴν
3203 5369 3329 5439 περὶ
3370 5367 3477 5421 τῶν
3524 5351 3749 5433 τηλικού-

2202 5477 2312 5514 των
2341 5458 2557 5529 ὲντολὴν
2604 5456 2987 5524 ὑποδέξασθαι,
3026 5457 3059 5529 ἢ
3091 5458 3121 5510 6
3166 5457 3259 5510 τοῦ
3316 5457 3450 5511 Θεοῦ
3496 5454 3688 5521 Λόγοςὲ
3723 5442 3749 5495 ὁ

2203 5548 2462 5612 ποικίλως
2489 5546 2578 5601 διὰ
2607 5547 2708 5617 τῆς
2753 5547 3037 5619 παρούσης
3076 5549 3209 5619 ἡμῖν
3242 5547 3543 5608 ὑποθέσεως
3585 5535 3741 5594 θεολο-

2202 5638 2484 5709 γούμενος,
2532 5637 2627 5691 καὶ
2666 5638 2839 5706 Λόγος
2874 5638 3009 5692 Θεοῦ
3059 5638 3584 5709 προσαγορευόμενος
3620 5622 3743 5682 εικό-

2198 5745 2328 5793 τως,
2353 5729 2436 5783 ὅτι
2475 5726 2539 5800 δὴ
2565 5729 2689 5793 τοὺς
2713 5727 2821 5785 τῶν
2862 5729 3115 5785 ἁπάντων
3144 5729 3206 5801 δη
3215 5724 3555 5802 μιουργικούς
3578 5736 3631 5777 τε
3658 5711 3736 5770 καὶ

1180 5878 1230 5949 ,³⁷
1254 5876 1393 5935 Psal.
1424 5894 1599 5951 χχχιι,
1632 5880 1747 5940 8-9.
1827 5882 1872 5915 ³⁸
1898 5879 2046 5941 Psal.
2076 5899 2301 5955 cuvtu,
2336 5884 2449 5941 1-5.
