3954 6522
146 465 246 522 37⁸1

1085 457 1741 517 DEMONSTRATIONIS
1778 445 2235 516 EVANGELICAE
2276 458 2405 516 LlB.
2445 457 2511 512 v.

3306 457 3410 513 378

151 581 476 652 ποιητικοὺς
504 581 703 651 λόγους
732 571 786 634 ό’
805 581 1202 653 παντοκράτωρ
1230 582 1288 633 ἐν
1325 579 1474 650 αὐτῷ
1512 576 1746 633 καταϐέ-

1859 575 2092 633 Verbum
2121 576 2216 632 Dei
2244 577 2570 648 appellatur,
2602 576 2798 631 merito
2829 575 2961 630 illud
2994 574 3236 645 quidem,
3285 591 3409 645 pro.

152 676 359 745 ϐληται,
402 671 572 743 λόγῳ
609 672 706 725 καὶ
737 669 890 736 τάξει
922 670 989 723 τὰ
1029 669 1320 741 σύμπαντα
1351 669 1555 723 διέπειν
1597 665 1746 737 αὑτῷ

152 765 237 820 καὶ
263 764 654 836 διακυϐερνᾷν
692 763 982 834 παραδούς.
1022 763 1120 842 Μὴ
1151 762 1260 833 γὰρ
1299 758 1393 816 οὖν
1437 779 1519 825 τις
1548 760 1747 815 ὑπολά-

155 860 230 910 60:
256 857 338 927 τῷ
368 857 548 928 παρὰ
581 856 886 928 ἀνθρώποις
926 858 992 909 ὲκ
1022 854 1302 908 συλλαϐῶν
1337 855 1652 918 συνεστῶτι,
1683 853 1748 907 ἐκ

154 966 203 1000 τε
241 948 552 1017 ὀνομάτων
585 949 679 1002 καὶ
706 949 965 1019 ῥημάτων
990 947 1349 1018 συγκειμένῳ,
1373 946 1620 1018 ὲνάρθρῳ
1654 945 1749 998 καὶ

156 1041 480 1112 προφορικῷ
514 1041 664 1112 λόγῳ
685 1042 776 1094 τὸν
816 1040 908 1094 τοῦ
935 1039 1068 1093 Θεοῦ
1102 1040 1399 1111 παρόμοιον
1423 1037 1709 1108 τυγχάνειν
1729 1052 1746 1066 ο

156 1135 226 1184 ὅτι
249 1133 314 1203 δὴ
355 1134 386 1185 6
431 1135 578 1205 παρ’
619 1137 752 1205 ἡμῖν
783 1133 939 1201 λόγος
966 1134 1023 1185 ὲν
1063 1131 1268 1202 φωναῖς
1306 1131 1400 1185 καὶ
1438 1127 1747 1193 συλλαϐαῖς,

156 1228 241 1278 καὶ
265 1227 385 1288 τοῖς
413 1225 516 1279 διὰ
552 1226 757 1282 τούτων
785 1224 1200 1298 σημαινομένοις
1233 1224 1492 1294 κέκτηται
1532 1223 1630 1292 τὴν
1661 1222 1750 1274 οὐ·

159 1317 289 1378 σίαν,
329 1317 428 1370 διὰ
464 1317 725 1389 γλώττης
754 1320 850 1372 καὶ
897 1317 1191 1389 ἀρτηριῶν,
1235 1313 1514 1386 φάρυγγός
1554 1331 1613 1367 τε
1655 1312 1750 1366 καὶ

163 1409 422 1480 στόματος
465 1411 889 1482 προφερόμενος
915 1428 929 1440 ·
967 1413 996 1463 ὁ
1036 1410 1093 1463 δὲ
1135 1413 1235 1481 τῆς
1269 1410 1442 1462 ἀϊδίου
1472 1408 1566 1462 καὶ
1601 1409 1748 1461 ἀσω-

163 1501 324 1572 μάτου
368 1501 628 1570 φύσεως,
671 1503 846 1574 πάντη
889 1501 1027 1556 κατά
1072 1503 1248 1556 πάντα
1286 1499 1379 1555 τοῦ
1432 1501 1554 1555 καθ’
1602 1502 1749 1572 ἡμᾶς

158 1595 650 1680 παρηλλαγμένος,
685 1596 834 1649 οὐδὲν
861 1595 1194 1665 ἀνθρώπειον
1223 1595 1465 1662 ὲπάγοιτ’
1493 1593 1579 1656 ἂν,
1613 1593 1750 1664 μόνῃ

158 1687 504 1758 κεχρημένος
534 1691 604 1759 τῇ
628 1689 726 1758 τῆς
752 1690 1106 1759 προσρήσεως
1125 1687 1412 1758 ὁμωνυμίᾳ
1431 1703 1442 1715 ·
1469 1687 1588 1739 ἐπεὶ
1614 1685 1750 1755 μήτε

160 1777 332 1848 φωνὴν
383 1776 495 1848 τὴν
543 1777 612 1830 δι’
649 1777 808 1848 ἀέρος
847 1776 1122 1848 κρούσεως
1169 1776 1557 1845 ὑφισταμένην,
1614 1774 1750 1844 μήτε

165 1871 397 1939 ῥήματα,
424 1873 580 1942 μήτε
611 1870 902 1935 συλλαϐὰς,
930 1871 1064 1942 μήτε
1094 1869 1359 1938 γλῶτταν,
1391 1870 1527 1939 μήτε
1557 1869 1748 1939 στόμα,

169 1965 290 2032 μήτε
332 1963 483 2027 ὅλως
531 1982 586 2017 τι
623 1964 733 2017 τῶν
770 1964 1121 2035 ἀνθρωπείων
1165 1965 1258 2016 καὶ
1290 1962 1498 2034 θνητῶν
1531 1963 1622 2015 ἐπὶ
1655 1962 1749 2015 τοῦ

164 2056 262 2108 τῶν
302 2056 448 2109 ὅλων
499 2056 644 2109 Θεοῦ
695 2055 1093 2128 παραληπτέον.
1131 2055 1321 2124 Ψυχῆς
1363 2055 1469 2127 γὰρ
1510 2054 1575 2108 ἂν
1610 2054 1694 2123 εἴη
1722 2057 1750 2108 ὁ

166 2147 306 2215 λόγος
337 2143 528 2211 οὗτος,
559 2150 588 2201 6
613 2147 862 2218 οὐδαμῶς
889 2143 998 2211 οἷός
1035 2165 1093 2199 τε
1125 2146 1244 2200 καθ’
1278 2148 1465 2200 ἑαυτὸν
1493 2147 1614 2216 δίχα
1644 2147 1748 2216 ψυ-

167 2244 257 2308 χῆς
281 2235 445 2304 εἶναι,
480 2240 519 2311 ἦ
563 2240 881 2308 ὑποστῆναι.
915 2239 1130 2293 Τοιόσδε
1159 2239 1267 2311 γὰρ
1288 2241 1316 2292 6
1345 2240 1401 2290 ἐν
1445 2238 1751 2310 ἀνθρώποις

167 2331 328 2398 λόγος,
365 2332 523 2395 ἰδίως
559 2332 656 2402 μὲν
700 2331 949 2394 ἀνοῦσιος
973 2331 1048 2384 ὢν
1079 2331 1170 2384 καὶ¹
1211 2331 1601 2394 ἀνυπόστατος,
1631 2330 1748 2384 ὅλον

169 2423 217 2473 δὲ
240 2423 368 2475 αὐτὸ
397 2423 628 2492 κίνησίς
673 2439 730 2474 τε
771 2423 864 2479 καὶ
898 2421 1147 2492 ἐνέργεια
1174 2421 1411 2484 διανοίας
1445 2422 1744 2490 τυγχάνων.

182 2512 326 2565 Ἀλλὰ
356 2513 476 2586 γάρ
512 2515 574 2567 οὗ
611 2516 706 2567 καὶ
733 2517 760 2566 6
791 2512 882 2567 τοῦ
912 2514 1046 2566 Θεοῦ
1072 2513 1330 2576 τοιοῦτος,
1361 2513 1498 2582 ἔχων
1545 2513 1600 2566 δὲ
1626 2512 1748 2566 καθ’

175 2604 347 2656 ἑαυτὸν
393 2606 618 2658 οἰκείαν
666 2606 960 2659 ὑπόστασιν
1020 2605 1161 2659 πάνυ
1207 2604 1355 2658 θείαν
1403 2606 1496 2658 καὶ
1539 2605 1748 2676 νοεράν,

177 2693 306 2757 ἰδίως
343 2696 447 2765 μὲν
477 2697 828 2766 ὑφεστῶσαν,
861 2697 1005 2760 ἰδίως
1031 2697 1076 2749 δ’
1103 2692 1168 2750 αῦ
1212 2697 1371 2750 πάλιν
1402 2697 1750 2768 ἐνεργοῦσαν,

177 2789 323 2842 ἀῦλόν
351 2807 413 2842 τε
449 2785 627 2843 οὖσαν
669 2790 765 2842 καὶ
808 2788 1124 2859 ἀσώματον,
1162 2790 1257 2842 καὶ
1301 2789 1441 2842 κατὰ
1481 2790 1658 2843 πάντα
1685 2794 1750 2861 τῇ

177 2879 260 2932 τοῦ
303 2880 531 2950 πρώτου
586 2881 680 2935 καὶ
728 2883 1023 2953 ἀγεννήτου
1075 2882 1166 2936 καὶ
1223 2882 1382 2952 μόνου
1422 2882 1555 2935 Θεοῦ
1597 2881 1753 2952 φύσει

183 2975 674 3046 παρωμοιωμένην,
722 2976 847 3038 τοὺς
889 2975 998 3028 τῶν
1044 2974 1316 3047 γεννητῶν
1365 2976 1618 3029 ἁπάντων
1663 2976 1753 3028 λό-

182 3082 327 3133 γους,
369 3070 469 3122 καὶ
520 3067 618 3132 τὰς
644 3067 752 3120 τῶν
781 3067 1073 3140 ὁρωμένων
1104 3069 1426 3138 ἀσωμάτους
1451 3087 1509 3122 τε
1540 3071 1632 3122 καὶ
1667 3072 1757 3123 ἀο-

188 3159 362 3228 ράτως
395 3160 549 3222 ίδέας
581 3160 638 3210 ἐν
663 3160 800 3229 αὐτῇ
827 3158 1113 3230 φέρουσαν.
1134 3159 1223 3211 Διὸ
1245 3160 1336 3212 καί
1355 3160 1544 3229 σοφίαν
1566 3161 1755 3232 αὐτὴν,

186 3250 267 3300 καὶ
301 3249 434 3303 Θεὸν
478 3249 653 3317 Λόγον
697 3250 748 3300 οξ
792 3249 924 3302 θεῖοι
957 3251 1193 3320 χρησμοὶ
1239 3251 1753 3322 προσαγορεύουσιν.

1844 677 2028 742 pterea
2057 671 2203 740 quod
2238 669 2485 724 omnium
2511 683 2695 724 rerum
2744 669 3070 724 artificiosas
3099 675 3263 738 atque
3302 667 3414 724 elli—

1845 779 2006 820 caces
2037 763 2303 827 rationes,
2333 762 2678 832 omnipotens
2732 761 2788 815 in
2833 761 3012 831 ipsum
3061 760 3361 829 conjeccrit
3395 778 3410 816 :

1847 858 2011 928 230
2070 857 2270 928 quippe
2308 857 2404 927 qui
2441 857 2656 912 ratione
2701 863 2864 925 atque
2916 855 3110 911 ordine
3157 855 3412 909 universa

1848 950 1948 1014 illi,
1976 957 2030 1004 et
2059 947 2430 1018 dispensanda
2455 955 2510 1002 et
2539 947 2891 1017 gubernanda
2910 946 3218 1001 tradiderit.
3242 945 3415 1001 Nemo

1847 1041 2014 1112 igitur
2047 1048 2197 1111 putet
2231 1039 2503 1100 humanae,
2551 1053 2672 1107 quae
2702 1052 2765 1090 ex
2803 1037 3026 1107 syllabis
3075 1043 3311 1100 constat,
3362 1042 3418 1089 et

1847 1152 1916 1192 ex
1949 1134 2266 1190 nominibus
2293 1141 2345 1187 et
2362 1132 2546 1187 verbis
2570 1133 2938 1200 componitur,
2972 1130 3295 1194 articulatm,
3334 1136 3417 1183 at-

1848 1242 1954 1299 que
1986 1225 2308 1280 enuntiabili
2341 1223 2599 1287 orationi,
2637 1222 2733 1278 Dei
2772 1222 2998 1276 verbum
3031 1219 3210 1276 simile
3242 1235 3365 1276 esse
3399 1238 3413 1275 :

1849 1320 2108 1391 quoniam
2142 1326 2330 1374 nostra
2364 1317 2478 1371 haec
2507 1315 2686 1370 oratio
2733 1315 2788 1368 in
2835 1313 3062 1368 vocibus
3089 1321 3143 1368 et
3171 1312 3417 1384 syllabis,

1849 1419 1904 1468 et
1937 1412 2005 1467 iis
2027 1426 2147 1480 quae
2177 1425 2273 1480 per
2306 1410 2419 1464 haec
2447 1407 2849 1479 significantur,
2880 1403 3137 1475 quicquid
3163 1405 3281 1474 ipsa
3311 1411 3416 1466 est,

1851 1504 2060 1559 obtinet
2089 1521 2103 1556 :
2136 1511 2346 1572 utpote,
2400 1516 2523 1571 qua:
2565 1514 2662 1570 per
2692 1497 2953 1566 linguam,
2999 1503 3053 1551 et
3082 1496 3333 1560 arterias,
3365 1503 3422 1550 et

1853 1596 2059 1660 fauces,
2099 1606 2152 1650 et
2193 1609 2276 1656 os,
2321 1592 2636 1664 proferatur
2673 1610 2686 1645 :
2719 1591 3070 1660 sempiternae
3095 1604 3226 1643 vero
3258 1595 3422 1657 atque

1852 1690 2187 1758 incorporeze
2215 1693 2421 1739 natura:
2447 1683 2688 1740 Verbum
2719 1683 2868 1737 omni
2915 1681 3139 1735 omnino
3181 1680 3416 1742 ratione,

1851 1798 1972 1852 quae
2004 1797 2033 1835 a
2067 1780 2228 1835 nobis
2261 1777 2496 1849 proferri
2532 1777 2710 1833 solent
2748 1775 2910 1830 verba
2947 1781 3420 1844 prmtergressum,

1852 1875 1986 1930 nihil
2018 1875 2268 1928 humanae
2289 1870 2520 1925 rationis
2545 1885 2654 1940 pra:
2683 1884 2742 1924 se
2777 1867 2934 1934 ferat,
2965 1867 3061 1922 sed
3092 1867 3263 1920 solam
3297 1879 3423 1918 cum

1857 1969 2097 2022 humano
2144 1965 2314 2019 verbo
2366 1976 2715 2017 communem
2770 1958 3188 2028 appellationem
3239 1945 3422 2026 possil

1818 2110 1820 2112 .
1856 2057 1981 2112 deat
2022 2075 2035 2110 :
2068 2056 2286 2126 quando
2312 2069 2491 2123 neque
2520 2067 2733 2114 vocem,
2786 2065 2908 2120 quae
2947 2064 3011 2103 ex
3066 2047 3208 2102 aeris
3260 2045 3422 2115 pulsu

1857 2155 2093 2211 constet,
2123 2161 2300 2216 neque
2326 2145 2597 2200 dictiones
2629 2143 2790 2207 ullas,
2822 2155 2998 2210 neque
3037 2138 3294 2210 syllabas,
3325 2151 3428 2195 ne-_

1857 2254 1962 2307 que
1996 2238 2258 2307 linguam,
2296 2251 2474 2312 neque
2506 2249 2592 2298 os,
2639 2248 2817 2302 neque
2865 2231 3090 2285 omnino
3144 2226 3426 2298 quidpiam

1857 2327 2080 2383 humani
2131 2327 2245 2381 sive
2287 2324 2557 2389 mortalis,
2598 2322 2655 2378 in
2705 2322 2816 2377 Deo
2861 2319 3103 2374 universi
3155 2317 3424 2386 accipere,

1855 2421 1971 2475 sive
2001 2418 2324 2486 intelligere,
2354 2415 2436 2470 fas
2465 2422 2572 2470 est.
2604 2413 2663 2468 ld
2692 2412 2838 2468 enim
2866 2413 3091 2466 verbum
3125 2412 3319 2463 animae
3340 2423 3428 2462 es-

1855 2517 1960 2576 set,
1994 2508 2138 2579 qnod
2183 2508 2333 2562 nullo
2363 2505 2525 2559 modo
2556 2518 2654 2574 per
2697 2502 2938 2571 seipsum
2968 2500 3037 2553 ab
3066 2499 3245 2552 anima
3276 2511 3431 2552 seor-

1856 2615 1978 2656 sum
2009 2604 2194 2668 posset
2222 2610 2364 2659 esse,
2409 2603 2503 2648 aut
2532 2594 2854 2648 consistere.
2888 2589 3020 2644 Tale
3058 2588 3203 2643 enim
3237 2587 3431 2640 huma-

1855 2709 1987 2748 num
2043 2697 2128 2746 est
2171 2688 2419 2751 verbum,
2465 2685 2611 2756 quod
2662 2684 2913 2754 privatim
2947 2681 3165 2752 quidem
3196 2680 3428 2745 nullam,

1857 2801 2034 2854 neque
2077 2781 2395 2842 essentiam,
2452 2792 2628 2847 neque
2673 2775 3034 2830 substantiam
3087 2773 3269 2833 habet,
3332 2768 3429 2826 sed

1858 2886 2030 2932 totum
2065 2876 2237 2930 libera
2272 2871 2519 2943 quaedam
2553 2868 2723 2923 motio
2755 2875 2860 2929 est,
2913 2874 2967 2921 et
3017 2863 3302 2919 efficientia
3331 2878 3428 2916 co-

1856 2969 2162 3044 gitationis.
2219 2966 2512 3028 Caeterum,
2548 2962 2726 3032 ipsum
2759 2959 2852 3013 Dei
2882 2957 3264 3031 Verbunpron
3299 2955 3427 3020 tale,

1859 3063 1957 3119 sed
1988 3078 2085 3132 per
2119 3060 2361 3129 seipsum
2393 3057 2604 3110 habens
2630 3055 2905 3126 propriam
2931 3050 3315 3110 substantiam,
3335 3063 3432 3102 us-

1858 3169 2183 3227 quequaque
2215 3153 2455 3206 divinam
2491 3157 2654 3218 atque
2689 3145 3100 3213 intelligentem,
3149 3156 3269 3211 qua:
3318 3139 3431 3210 pri-

1856 3251 2024 3304 vatim
2066 3245 2284 3316 quidem
2329 3239 2614 3305 subsistit,
2662 3237 3021 3308 privatimque
3066 3233 3208 3287 idem
3245 3230 3428 3294 etlicit,

188 3343 436 3414 quidquid
476 3343 664 3407 ellicit,
697 3358 886 3397 verum
914 3344 1157 3397 materia:
1189 3345 1366 3399 omnis
1395 3355 1480 3402 est
1524 3363 1742 3418 expers,
1781 3357 1834 3403 et
1864 3348 2210 3414 incorporea,
2241 3346 2295 3393 et
2334 3336 2482 3391 omni
2541 3334 2753 3387 ratione
2783 3329 2945 3402 primi
2982 3337 3037 3383 et
3067 3326 3313 3398 ingeniti,
3368 3329 3424 3380 et

191 3437 342 3493 solius
374 3438 478 3494 Dei
530 3445 738 3491 naturae
771 3435 1095 3500 assimilata,
1137 3452 1324 3492 earum
1380 3415 1625 3495 omnium
1694 3457 1878 3496 rerum
1939 3453 2061 3509 quae
2103 3434 2259 3488 facta:
2329 3436 2476 3492 sunt.
2518 3426 2780 3486 Υθιίοηθεν
2816 3430 2872 3476 ει
2923 3435 3112 3475 earum
3160 3432 3281 3487 quae
3314 3415 3420 3471 50b

190 3530 347 3583 visum
377 3531 614 3592 cadunt,
650 3530 1002 3599 incorporeas
1029 3537 1082 3582 et
1108 3530 1411 3586 invisibiles
1441 3537 1673 3602 species,
1728 3534 1784 3589 in
1823 3507 2003 3602 seipsa
2073 3528 2272 3582 ferens.
2319 3522 2499 3588 Quare
2533 3519 2681 3573 illam
2729 3523 2784 3572 et
2828 3513 3161 3583 Sapientiam
3220 3517 3274 3564 et
3331 3507 3427 3562 Dei

195 3623 436 3690 Verbum,
473 3624 662 3679 divina
695 3624 914 3678 oracula
942 3625 1235 3693 appellant.

713 3717 1110 3770 ΚΕΦΛΛΑΙΟΝ
1145 3720 1234 3785 (τ’.

203 3801 286 3886 Ὠς
463 3807 709 3886 Ἱζσαΐας
749 3807 858 3886 6ρο
901 3807 1166 3886 [ἰτξρίους
1214 3810 1428 3886 Quoth
1466 3811 1546 3886 τῷ
1585 3812 1762 3886 Δᾳϐὶδ

258 3876 554 3960 declat-si,
594 3878 694 3960 καὶ
739 3878 845 3929 τὸν
869 3876 1175 3960 ηδεύτεροφῖ
1212 3876 1574 3960 δῃμέοξιργόν
1608 3881 1760 3937 εἶναι

263 3949 367 4000 τῶν
401 3949 589 4010 ὅλων,
621 3949 938 4016 ὠσπεροῦν
970 3949 1066 4001 καὶ
1109 3950 1275 4002 αὐτοὶ
1309 3950 1650 4022 δοξάζομεν.

263 4058 279 4089 ι
313 4040 520 4093 Ἀκουέ
575 4058 700 4110 μου,
742 4039 935 4093 Ἰακὼϐ
955 4041 1049 4093 καὶ
1085 4042 1395 4114 ’1σραὴλ,ὂν
1434 4045 1542 4113 ἐγὼ
1588 4046 1756 4101 καλῶ.

211 4128 332 4198 Ἐγὼ
356 4135 482 4203 εἰμι
517 4131 750 4201 πρῶτος,
784 4132 878 4184 καὶ
906 4131 1014 4201 ἐγώ
1048 4135 1162 4202 είμι
1193 4134 1271 4197 εἰς
1313 4136 1402 4188 τὸν
1443 4137 1634 4202 αἰῶνα,
1667 4137 1762 4191 καὶ

203 4220 365 4293 ὴχείρ
415 4241 520 4292 μου
568 4220 893 4292 ἐθεμελίωσε
925 4221 1022 4293 τὴν
1067 4223 1190 4292 γῆν,
1245 4225 1336 4276 καὶ
1377 4228 1409 4296 ή
1459 4227 1606 4290 δεξιά
1657 4245 1759 4300 μου

202 4313 482 4386 ἐστερέωσε
524 4315 616 4367 τὸν
655 4315 900 4386 οὐρανόν.
961 4316 1190 4368 Καλέσω
1241 4318 1459 4383 αὐτοὺς,
1508 4321 1602 4374 καὶ
1637 4323 1763 4393 στή-

206 4417 364 4459 σονται
415 4408 556 4477 ἅμα,
590 4407 683 4462 καὶ
725 4407 1146 4477 συναχθήσονται
1188 4409 1410 4474 πάντες,
1457 4412 1552 4464 καὶ
1595 4412 1760 4465 ἀκού-

205 4514 384 4567 σονται,
421 4501 506 4564 τίς
540 4501 721 4563 αὐτοῖς
749 4500 1034 4570 ἀνήγγειλε
1067 4501 1258 4555 ταῦτα.
1295 4503 1500 4576 Κύριος
1533 4506 1763 4573 ἀγαπῶν

205 4605 271 4654 σε,
297 4595 520 4662 ἐποίησε
565 4593 624 4645 τὸ
666 4593 877 4663 θέλημά
921 4611 1013 4646 σου
1047 4595 1136 4646 ἐπὶ
1167 4595 1479 4661 Βαϐυλῶνα,
1509 4599 1602 4651 τοῦ
1633 4593 1764 4670 ἆραι

207 4681 404 4753 σπέρμα
435 4681 736 4735 Χαλδαίων.
786 4683 922 4752 Ἐγὼ
951 4683 1205 4754 ἐλάλησα,
1238 4687 1330 4738 καὶ
1371 4686 1480 4754 ἐγὼ
1505 4689 1760 4743 ἐκάλεσα.

209 4772 433 4844 ’Πγαγον
468 4775 651 4838 αὑτὸν,
685 4775 778 4828 καὶ
809 4775 1062 4828 εὐὼδωσα
1099 4775 1194 4846 τὴν
1222 4778 1340 4830 ὁδὸν
1369 4780 1550 4832 αὑτοῦ.
1589 4782 1764 4852 Προσ-

208 4866 425 4931 αγάγετε
454 4864 590 4935 πρὸς
632 4866 732 4934 μὲ,
755 4867 849 4917 καὶ
885 4865 1152 4918 ἀκούσατε
1180 4866 1370 4921 ταῦτα.
1403 4871 1516 4922 Οὐκ
1546 4869 1639 4922 ἀπ’
1666 4871 1764 4943 ἀρ-

210 4954 289 5024 χῆς
310 4960 366 5010 ὲν
408 4959 593 5028 κρυφῇ
621 4957 910 5029 λελάληκα.
956 4959 1147 5013 Ἦνίκα
1178 4961 1411 5028 ἐγένετο,
1453 4963 1570 5014 ἐκεῖ
1592 4964 1759 5034 ἥμην.

2465 3699 2696 3757 CAPUT
2736 3696 2825 3752 Vl.

1863 3803 2015 3874 Quod
2051 3802 2229 3874 Isaias
2263 3797 2508 3852 similiter
2536 3803 2592 3847 ut
2618 3791 2808 3874 David,
2836 3787 2991 3852 duos,
3012 3784 3229 3868 Patrent
3256 3795 3304 3874 εξ

1930 3854 2395 3940 icon/iterur,
2433 3875 2484 3940 et
2515 3880 2697 3940 eorum
2739 3861 2967 3914 alterum
2999 3856 3228 3940 universi
3261 3854 3432 3924 Opi/i-

1936 3963 2067 4008 cem,
2099 3929 2540 4014 quemadmodum
2567 3935 2670 4004 ipsi
2704 3947 2912 4003 quoque
2935 3929 3219 3982 credimus.

1936 4060 1954 4092 ι
2001 4038 2141 4093 Audi
2192 4051 2298 4099 me,
2350 4032 2538 4094 Jacob,
2592 4035 2646 4083 et
2693 4025 2865 4081 Israel
2908 4037 3071 4094 quem
3119 4037 3222 4090 ego
3267 4033 3426 4074 voco.

1861 4132 1974 4202 Ego
2024 4144 2144 4185 sum
2199 4127 2431 4197 primus,
2486 4128 2540 4176 et
2590 4134 2691 4190 ego
2747 4132 2868 4172 sum
2926 4117 2982 4169 in
3037 4119 3322 4174 aeternum,
3379 4115 3436 4165 et

1863 4242 2062 4281 manus
2131 4236 2251 4276 mea
2311 4215 2562 4273 fundavit
2619 4222 2859 4275 terram,
2935 4205 3093 4276 231
3170 4211 3223 4259 et
3297 4203 3432 4257 dex-

1862 4326 1980 4373 tera
2039 4329 2156 4368 mea
2220 4305 2583 4366 consolidavit
2645 4303 2836 4359 cmlos.
2901 4297 3124 4352 Vocaho
3188 4310 3324 4359 eos,
3380 4303 3436 4348 et

1863 4411 2085 4466 stabunt
2129 4403 2312 4466 simul,
2345 4408 2397 4456 et
2444 4395 2920 4468 congregabantur
2969 4403 3194 4450 omnes,
3237 4393 3290 4440 ct
3335 4399 3435 4438 au-

1863 4502 2032 4562 dicnt,
2077 4499 2200 4569 quis
2237 4495 2316 4551 eis
2352 4488 2699 4546 annuntiavit
2747 4486 2884 4538 hazc.
2920 4481 3184 4534 Dominus
3225 4477 3318 4546 qui
3351 4475 3437 4529 di-

1863 4591 1978 4661 ligit
2007 4565 2110 4656 te;
2133 4584 2261 4640 fecit
2282 4583 2613 4637 voluntatem
2642 4583 2790 4629 tuam
2829 4573 2884 4626 in
2915 4570 3218 4640 Babylone,
3249 4575 3308 4620 ut
3333 4565 3436 4619 tol-

1864 4682 1998 4736 leret
2025 4695 2207 4735 semen
2240 4673 2641 4730 Chaldaeorum.
2679 4667 2792 4740 Ego
2819 4666 3039 4720 locutus
3074 4677 3219 4722 sum,
3244 4666 3298 4714 ct
3337 4673 3437 4729 ego

1864 4774 2050 4829 vocavi
2083 4788 2099 4837 ;
2127 4771 2255 4825 duxi
2290 4783 2412 4822 eum
2435 4806 2450 4829 ,
2501 4772 2554 4820 et
2588 4760 2764 4816 direxi
2815 4758 2958 4814 viam
2990 4754 3149 4825 ejus:
3186 4752 3438 4807 adducite

1864 4867 1931 4922 ad
1964 4883 2069 4932 me,
2101 4873 2154 4920 et
2185 4864 2366 4918 audite
2400 4861 2533 4914 hmc.
2562 4857 2680 4912 Non
2714 4855 2783 4908 ab
2819 4852 2974 4907 initio
3014 4853 3069 4905 in
3113 4849 3328 4904 occulto
3359 4847 3438 4901 lo-

1864 4969 2023 5016 cutus
2065 4973 2205 5012 sum.
2239 4951 2467 5020 Quando
2499 4950 2678 5012 fiebat,
2711 4945 2822 5000 illic
2857 4959 3006 4998 eram
3038 4961 3050 4996 :
3086 4949 3140 4994 et
3165 4953 3310 4993 nunc
3330 4937 3438 4990 Do-

210 5043 298 5099 Καὶ
319 5048 416 5103 νῦν
439 5047 642 5118 Κύριος
664 5028 866 5119 Κύριος
894 5051 1200 5105 ἀπέσταλκέ
1226 5069 1316 5122 με,
1338 5054 1432 5105 καὶ
1460 5054 1519 5106 τὸ
1548 5028 1755 5123 πνεῦμα

1866 5053 2048 5107 minus
2083 5047 2345 5101 Dominus
2373 5044 2523 5099 misit
2550 5057 2656 5103 me,
2681 5046 2734 5094 et
2759 5037 2983 5107 spiritus
3011 5034 3130 5102 ejus
3158 5033 3220 5084 ³⁸.
3253 5050 3272 5082 ι
3293 5028 3440 5083 Con-

210 5138 370 5196 αὑτοῦ.
411 5160 432 5193 ι
471 5142 612 5212 Ὅρα
667 5141 733 5210 δὴ
784 5143 900 5194 καὶ¹
932 5142 1026 5196 νῦν
1076 5144 1195 5196 τίνα
1243 5144 1441 5214 τρόπον
1485 5147 1514 5198 6
1560 5147 1758 5215 φήσας,

214 5247 227 5277 ί
270 5234 404 5304 Ἐγώ
430 5236 547 5305 εἰμι
579 5237 608 5287 6
639 5234 874 5305 πρῶτος,
907 5236 1000 5288 καὶ
1033 5236 1142 5305 ἐγώ
1169 5239 1281 5308 εἰμι
1310 5241 1389 5302 είς
1433 5239 1526 5293 τὸν
1568 5239 1757 5302 αἰῶνα,

210 5321 231 5371 (ι
267 5326 355 5398 τήν
383 5327 488 5396 γῆν
515 5327 610 5380 καὶ
638 5328 727 5379 τὸν
750 5327 974 5398 οὐρανὸν
1002 5329 1424 5399 συστησάμενος,
1465 5349 1485 5380 ι
1518 5331 1760 5402 ἐναργῶς

209 5413 356 5480 οὕτως
408 5417 744 5471 ἀπεστάλθαι
797 5418 1050 5488 ὁμολογεῖ
1105 5419 1208 5472 ὑπὸ
1258 5421 1467 5491 Κυρίου
1532 5422 1757 5493 Κυρίου,

209 5502 328 5560 οὕτω
360 5508 453 5562 τὸν
478 5507 699 5579 Πατέρα
746 5509 988 5581 συνήθως
1021 5511 1101 5575 δὶς
1140 5510 1344 5583 Κύριον
1397 5513 1762 5584 ἀναγορεύων,

213 5593 271 5660 ὡς
295 5599 358 5652 ἂν
385 5600 529 5671 ἔχοις
575 5603 669 5655 καὶ
715 5601 917 5673 ταύτην
947 5604 1346 5674 ἀναμφίλεκτον
1385 5605 1475 5658 τοῦ
1503 5603 1767 5676 ζητουμέ-

210 5702 283 5740 νου
308 5690 406 5762 τήν
443 5692 768 5763 μαρτυρίαν.
805 5693 1027 5764 Πρῶτον
1062 5694 1117 5747 δὲ
1163 5695 1324 5748 αὑτὸν
1366 5695 1440 5758 ὡς
1485 5698 1542 5749 ἐν
1570 5713 1763 5766 γεννη-

213 5785 302 5846 τοῖς
329 5785 569 5848 εὐσεὸὦς
597 5782 732 5839 εἶναι
760 5785 927 5855 λέγει,
957 5787 1054 5860 τήν
1087 5787 1319 5860 ἄναρχον
1353 5789 1446 5843 καὶ
1474 5787 1764 5859 ἀγέννητον
1817 5841 1825 5851 ,

270 5917 430 5975 "lsa.
470 5935 656 5984 sum,
701 5919 886 5976 12-16,

1869 5143 2069 5205 sidera,
2097 5154 2301 5209 quaeso,
2332 5137 2442 5200 hic,
2469 5146 2708 5205 quonam
2741 5128 2901 5182 modo
2922 5126 3014 5195 qui
3044 5122 3181 5178 dixit
3209 5137 3223 5172 :
3265 5137 3285 5170 ι
3325 5117 3437 5188 Ego

1868 5251 1989 5293 sum
2021 5234 2248 5303 primus,
2273 5238 2326 5284 et
2350 5243 2451 5298 ego
2503 5240 2623 5281 sum
2657 5223 2710 5275 in
2741 5228 3026 5278 aeternum,
3079 5213 3173 5284 qui
3230 5218 3435 5265 terram

1867 5337 1922 5386 et
1947 5327 2144 5382 coelum
2166 5319 2544 5385 condiditgita
2573 5318 2731 5387 plane
2756 5328 2814 5366 se
2835 5310 3061 5363 missum
3087 5319 3210 5360 esse
3236 5303 3438 5357 fatetur

1867 5434 1898 5474 a
1933 5417 2164 5471 Domino
2197 5412 2447 5468 Domino.
2501 5408 2594 5462 Sic
2622 5406 2767 5460 enim
2796 5401 3012 5454 Patrem
3040 5395 3322 5452 consuevit
3349 5393 3437 5450 bis

1865 5508 2156 5564 Dominum
2178 5504 2470 5574 appellare.
2500 5497 2686 5566 Itaque
2702 5494 2872 5547 habes
2894 5489 3000 5542 hoc
3031 5501 3247 5558 quoque
3275 5485 3437 5540 indu-

1863 5602 2119 5661 bitatum,
2145 5597 2213 5652 de
2245 5611 2310 5649 eo
2342 5593 2408 5647 de
2439 5605 2548 5660 quo
2575 5586 2860 5658 qua’ritur,
2889 5579 3261 5636 testimonium
3315 5575 3436 5631 Pri-

1865 5707 2016 5748 mum
2045 5705 2172 5745 vero
2202 5687 2351 5742 illum
2385 5683 2471 5737 hic
2505 5681 2639 5735 dicit
2674 5692 2796 5733 esse
2830 5675 3094 5746 propheta
3123 5712 3137 5738 ,
3171 5685 3330 5743 quem
3377 5669 3435 5725 in

1867 5788 1933 5842 iis
1963 5800 2082 5857 qua:
2110 5782 2290 5855 genita
2321 5784 2449 5836 sunt
2487 5776 2573 5847 pie
2618 5772 2788 5828 colit:
2825 5785 2950 5827 nam
2980 5782 3100 5839 quae
3142 5765 3260 5825 sine
3283 5761 3438 5834 prin-
