3894 6538
188 488 285 544 ’.ιιι
1143 480 1789 538 DEMONSTBATIONIS
1825 479 2303 537 EVANGELICA‘Z.
2345 479 2472 534 LIB.
2520 477 2579 534 ν.
3335 477 3440 533 383

188 604 242 655 οὗ
277 600 379 653 καὶ
416 600 537 662 ταῖς
574 598 792 668 ὁμοίαις
820 596 908 650 ἐπ’
934 597 1264 668 ἀμφοτέροις
1301 595 1560 668 χρώμεθα
1593 593 1749 650 θεολο

1872 595 2074 666 ubique
2102 595 2306 649 utimur
2332 593 2624 664 theologia,
2658 580 2757 647 sed
2790 590 2875 661 pia
2907 588 3173 660 quadam,
3211 603 3276 643 ac
3308 590 3438 644 reli-

190 696 362 762 γίαιςο
390 689 631 754 εύσεϐὧς
670 690 727 742 δὲ
761 692 828 761 τῇ
856 688 1006 753 τάξει
1048 687 1338 761 χρώμενοι,
1364 689 1458 743 τὸν
1492 689 1591 760 μὲν
1630 690 1749 743 ἀνω

1868 687 2020 758 giosa
2050 686 2402 741 distinctione
2435 691 2687 747 utentes,
2720 683 2872 737 illum
2912 681 3130 751 quidem
3169 691 3222 737 et
3269 680 3438 737 Deum

192 785 329 837 τάτω
367 781 589 852 Πατέρα
614 780 713 833 καὶ
738 778 870 833 Θεὸν
896 770 997 833 και
1014 780 1238 852 Κύριον,
1268 781 1363 834 καὶ
1386 777 1481 833 τοῦ
1512 780 1749 851 δευτέροι

1867 787 1920 833 et
1947 776 2234 831 Dominum
2257 816 2274 841 ,
2317 776 2484 846 hujus
2513 775 2677 829 etiam
2712 772 2929 828 Patrem
2958 788 3081 828 esse
3114 771 3291 828 edocti
3346 789 3441 829 su-

194 869 391 940 Κύριον
434 870 531 922 καὶ
580 868 715 923 Θεὸν
760 865 899 923 εἶναι
951 869 1385 940 πεπαιδεύμεθα·
1434 870 1524 923 τὸν
1562 869 1620 922 δὲ
1668 868 1749 923 τοί

1866 884 2034 934 mus;
2070 869 2215 923 hunc
2238 883 2368 923 vero
2395 867 2597 938 ipsum,
2635 882 2796 937 quem
2827 875 2880 921 et
2937 864 3100 920 Verbi
3146 876 3199 918 et
3226 864 3438 921 Domini

197 962 321 1017 Θεοῦ
355 961 550 1029 Λόγον,
577 962 674 1014 τὸν
700 961 950 1034 δεύτερον
968 961 1192 1034 Κύριον,
1216 961 1324 1015 τῶν
1352 961 1452 1033 μὲν
1481 962 1571 1015 ὑπ’
1601 961 1764 1017 αὐτὸν

195 1053 475 1122 δεσπότην,
505 1053 606 1107 οὑκ
649 1054 729 1107 ἔτι
772 1054 829 1106 δὲ
870 1054 1072 1125 ὁμοίως
1112 1059 1206 1107 καὶ
1236 1052 1331 1108 τοῦ
1382 1054 1643 1125 μείζονος.
1688 1054 1761 1108 Οὐ

198 1148 299 1217 γὰρ
328 1145 419 1199 τοῦ
467 1146 682 1215 Πατρὸς
725 1144 961 1215 Κύριος,
1004 1146 1124 1199 οὐδὲ
1171 1145 1265 1200 τοῦ
1294 1144 1506 1219 Πατρὺς
1547 1146 1697 1212 Θεὸς,
1730 1148 1760 1199 0

196 1238 320 1300 Θεὸς
348 1237 539 1305 Λόγος,
579 1237 696 1291 ἀλλ’
735 1237 941 1291 ἐκείνου
973 1238 1070 1308 μὲν
1097 1236 1280 1303 εἰκὼν,
1322 1238 1417 1292 καὶ
1443 1238 1635 1307 Λόγος,
1666 1240 1760 1293 καὶ

200 1329 374 1397 σοφία,
398 1327 496 1381 καὶ
523 1327 772 1398 δύναμις,
801 1327 909 1382 τῶν
935 1329 991 1381 δὲ
1022 1330 1137 1400 μετ’
1165 1328 1327 1382 αὐτὸν
1351 1328 1618 1399 δεσπότης
1650 1329 1762 1382 Κύ-

200 1435 326 1489 ριος,
359 1419 452 1471 καὶ
472 1417 641 1482 Θεόςο
677 1421 705 1471 0
734 1419 792 1471 δέ
825 1436 888 1487 γε
920 1420 1107 1491 Πατὴρ
1138 1416 1350 1473 καὶτοῦ
1384 1418 1511 1472 Υίοῦ
1547 1419 1756 1491 Πατὴρ,

195 1510 289 1561 καὶ
323 1509 525 1581 Κύριος
571 1511 665 1564 καὶ
707 1509 857 1573 Θεός.
891 1510 1052 1563 Ὅθεν
1100 1511 1324 1574 εἰκότως
1373 1509 1758 1581 ἀνατρέχουσιν

194 1600 277 1663 εις
303 1600 424 1670 μίαν
449 1601 626 1673 ἀρχήν
644 1619 659 1632 ·
692 1602 785 1656 καὶ
810 1604 888 1666 είς
915 1603 1013 1657 ἕνα.
1037 1603 1169 1656 θεὸν
1195 1603 1507 1657 συνίσταται
1530 1603 1661 1673 ἡμῖν
1686 1602 1757 1655 τὰ.

190 1691 291 1761 τῆς
308 1692 561 1755 εὐσεϐοῦς
592 1692 888 1762 θεολογίας.

1867 961 2226 1032 appellatione
2246 960 2553 1033 signiﬁcare
2575 958 2984 1021 consuevimus,
3003 973 3192 1012 eorum
3218 956 3437 1027 quidem

1863 1054 1958 1126 qui
1984 1061 2105 1124 post
2122 1053 2321 1123 ipsum,
2343 1060 2395 1107 et
2424 1052 2527 1107 sub
2552 1051 2673 1120 ipso
2690 1060 2836 1114 sunt,
2851 1066 2973 1105 esse
2988 1048 3300 1111 Dominum,
3318 1050 3439 1118 ejus

1865 1153 2046 1200 autem
2066 1146 2158 1215 qui
2181 1159 2351 1199 unum
2379 1159 2505 1198 cum
2529 1142 2648 1212 ipso
2668 1150 2775 1208 est,
2807 1140 3121 1211 neutiquam
3146 1140 3434 1195 similiter:

1865 1236 2025 1307 233
2058 1251 2234 1306 neque
2271 1235 2417 1291 enim
2462 1232 2640 1288 Patris
2681 1232 2974 1295 Dominus,
3030 1246 3206 1300 neque
3256 1228 3439 1286 Patris

1864 1327 2029 1392 Deus,
2062 1329 2110 1382 is
2138 1330 2231 1398 qui
2270 1338 2355 1383 est
2410 1325 2552 1381 Deus
2585 1323 2821 1379 Verbum
2848 1363 2864 1388 ,
2909 1323 3002 1378 sed
3036 1324 3189 1377 illius
3219 1323 3437 1393 quidem

1864 1418 2065 1489 imago,
2101 1427 2156 1473 et
2184 1417 2445 1484 Verbum,
2480 1425 2534 1471 et
2567 1415 2868 1485 Sapientia,
2898 1422 2953 1469 et
2982 1414 3193 1479 virtus,
3246 1428 3438 1468 eorum

1863 1526 1994 1566 vero
2023 1526 2145 1580 qua:
2189 1518 2312 1580 post
2359 1510 2540 1579 ipsum
2600 1508 2939 1562 collocantur
2997 1505 3287 1560 Dominum
3341 1506 3439 1559 ha-

1859 1602 2016 1667 bens,
2070 1610 2124 1658 et
2176 1600 2438 1657 Dominus
2481 1610 2534 1656 et
2570 1599 2715 1656 Deus
2751 1620 2763 1655 :
2811 1600 2898 1654 ille
2932 1615 3060 1655 vero
3089 1606 3292 1653 cumet
3332 1596 3440 1650 Do-

1858 1695 2061 1759 minus,
2095 1702 2149 1750 et
2177 1693 2319 1750 Deus
2359 1695 2465 1757 sit,
2515 1694 2679 1747 etiam
2734 1702 2889 1762 pater
2923 1701 3007 1746 cst
3044 1689 3248 1759 hujus,
3295 1687 3439 1743 sicut

188 1780 286 1834 hic
314 1783 455 1838 illius
489 1791 577 1839 est
616 1783 806 1840 Filius.
832 1786 1011 1852 Quare
1040 1801 1165 1841 cum
1190 1786 1244 1841 hi
1279 1787 1387 1843 duo
1420 1802 1588 1842 unum
1613 1786 1745 1852 sint,
1784 1788 1980 1843 merito
2035 1803 2102 1842 ea
2155 1802 2276 1857 qua:
2334 1787 2401 1842 ad
2437 1786 2749 1857 religiosam
2800 1783 3130 1855 the0l03iam
3167 1782 3439 1854 pertinent

188 1872 430 1929 bunum
457 1876 783 1948 principium
806 1878 966 1933 nobis
1000 1878 1285 1944 recidunt,
1322 1890 1375 1935 et
1408 1880 1462 1933 in
1498 1895 1606 1935 uno
1636 1879 1746 1935 Deo
1781 1881 2111 1937 consistunt.

714 2010 1108 2065 ΚΕΦΑΛΑΙΟΝ
1153 2011 1232 2066 Θ¹.

202 2139 342 2198 Ἀπὸ
382 2143 492 2211 τῆς
539 2142 697 2213 αὐτῆ
740 2184 753 2197 .
784 2175 856 2185 -—
886 2145 980 2211 Ὡς
1032 2148 1066 2200 ὀ
1097 2146 1279 2212 αὐτὸς
1327 2148 1603 2215 θεράπων
1656 2150 1766 2205 τὸν

258 2213 403 2266 Θεὸν
453 2214 649 2267 Λόγον
692 2166 876 2267 (ζηλοῖ
918 2215 1198 2267 δεύτερον
1247 2218 1395 2267 Θεὸν
1429 2219 1525 2267 καὶ
1551 2222 1766 2267 Κύριον

730 2215 885 2287 ληλοῖγ
918 2215 1198 2287 δεύτερον
1247 2218 1395 2271 Θεὸν
1429 2219 1525 2271 καί
1548 2222 1766 2287 Κύριον

258 2213 403 2266 Θεὸν
453 2214 649 2278 Λόγον

256 2283 816 2357 προωνομαρμένον,
864 2286 933 2357 ἐν
976 2285 1288 2353 ἀνθρώπου
1332 2305 1397 2341 τε
1431 2283 1758 2357 μορφῆκαὶ

258 2349 515 2476 ἵχήμαέι
537 2349 729 2425 ὧεὲθαί
757 2373 821 2409 τε
846 2356 941 2409 καί
964 2349 1319 2426 χρηματίσαι
1347 2349 1470 2424 τοῖς
1498 2349 1763 2427 Ξτὶιλὶιιοῖς

283 2441 503 2492 στορει.

262 2557 282 2588 ς
330 2537 505 2607 Ὠφθη
537 2537 593 2590 δὲ
622 2537 826 2609 Κύριος
858 2538 936 2611 τῷ
977 2538 1246 2612 Ἀϐραὰμ,
1272 2542 1364 2595 καὶ
1395 2536 1545 2595 εἶπεν
1574 2542 1761 2614 αὐτῷ’

185 2626 274 2698 Τῷ
303 2626 576 2698 σπέρματὶ
611 2644 701 2680 σου
747 2628 903 2682 δώσω
936 2630 1036 2701 τὴν
1067 2631 1169 2702 γῆν
1197 2631 1425 2704 ταύτην.
1461 2652 1479 2684 ι
1520 2634 1631 2688 Kal.
1657 2634 1763 2687 πά-

182 2718 266 2770 λιν
284 2734 297 2747 ο
325 2735 344 2768 ι
386 2717 634 2786 Ἐγένετο
659 2715 909 2789 Ἀϐραὰμ
936 2719 1069 2772 ἐτῶν
1092 2721 1441 2792 ἐννενήκοντα
1462 2722 1636 2787 ἐννέα,
1666 2726 1761 2777 καὶ

182 2809 334 2879 ὤφθη
352 2808 556 2879 Κύριος
578 2807 656 2879 τῷ
682 2809 950 2881 Ἀϐραὰμ,
980 2812 1070 2864 καὶ
1090 2808 1242 2866 εἶπεν
1275 2814 1444 2885 αὐτῷ’
1480 2814 1619 2885 Ἐγώ
1642 2818 1760 2888 είμι

182 2903 213 2954 0
231 2902 373 2964 Θεός.
394 2902 694 2973 Εύαρέστει
723 2902 952 2957 ἐνώπιόν
997 2921 1120 2975 μου,
1143 2906 1236 2959 καὶ
1264 2907 1416 2975 γίνου
1446 2908 1757 2981 ἄμεμπτος,

182 2993 274 3045 καὶ
287 2992 523 3065 θήσομαι
540 2994 640 3064 τὴν
671 2994 932 3066 διαθήκην
950 3013 1051 3066 μου
1070 2997 1170 3051 ἀνὰ
1189 2998 1351 3070 μέσον
1374 3000 1508 3070 ἐμοῦ
1535 3004 1623 3057 καὶ
1654 3003 1758 3058 ἀνά

183 3085 339 3157 μέσον
352 3103 467 3149 σου,
484 3087 579 3139 καλ⁸
597 3086 851 3158 πληθυνῶ
865 3105 924 3140 σε
938 3090 1160 3160 σφόδρα.
1176 3110 1193 3141 ›
1216 3092 1325 3145 Καὶ
1341 3089 1516 3157 αὖθιςν
1542 3114 1559 3145 ι
1578 3096 1757 3167 Ὠφθη

180 3176 237 3230 δὲ
264 3178 292 3229 0
312 3177 443 3240 Θεὸς
473 3177 624 3248 αὐτῷ
647 3179 783 3249 πρὸς
819 3183 885 3250 τῇ
917 3180 1037 3260 δρυῒ
1064 3184 1129 3252 τῇ
1166 3183 1429 3256 Μαμϐρῆ,
1448 3185 1757 3258 καθημένου

178 3269 335 3324 αὑτοῦ
379 3271 476 3323 ἐπὶ
506 3272 605 3341 τῆς
635 3271 801 3341 θύρας
838 3276 934 3344 τῆς
976 3277 1176 3347 σκηνῆς
1200 3276 1360 3331 αὐτοῦ
1392 3280 1750 3353 μεσημϐρίας.

2404 2006 2415 2016 ’
2464 2011 2696 2070 CAPUT
2737 2013 2833 2071 IX.

1863 2151 1940 2205 Ab
1978 2151 2180 2207 eadem.
2204 2183 2275 2192 —-
2299 2151 2451 2217 Quod
2495 2151 2636 2206 idem
2668 2151 2836 2206 Deum
2886 2149 3131 2212 Verbum,
3172 2149 3445 2220 signiﬁcat

1935 2222 2101 2276 Deum
2142 2239 2203 2275 ac
2244 2222 2530 2276 Dominum
2563 2223 2711 2290 prius
2753 2224 3079 2274 nominatum
3125 2229 3174 2273 et
3210 2221 3348 2289 quod
3381 2222 3437 2275 in

1934 2294 2157 2347 hominis
2200 2293 2395 2361 forma.
2436 2303 2484 2346 et
2519 2294 2711 2362 ﬁgura,
2751 2302 2800 2345 et
2831 2296 2996 2345 visum
3038 2305 3169 2354 esse,
3209 2304 3257 2343 et
3293 2293 3439 2344 antio

1930 2364 2045 2431 quis
2072 2380 2323 2435 responsa
2351 2364 2556 2417 dedisse
2596 2362 2897 2416 conscribit.

1938 2560 1957 2594 ι
1983 2542 2249 2613 Apparuit
2288 2551 2466 2599 autem
2497 2542 2761 2597 Dominus
2794 2542 3047 2605 Abrahae,
3092 2548 3146 2595 ct
3178 2541 3314 2594 dixit
3338 2541 3387 2595 ei
3415 2558 3431 2594 :

1863 2629 2069 2686 Semini
2098 2640 2193 2688 tuo
2224 2632 2365 2687 dabo
2392 2641 2593 2687 terram
2622 2630 2841 2685 hanc".
2869 2651 2888 2682 ι
2912 2630 2977 2684 Et
3005 2645 3200 2685 rursus
3224 2648 3237 2684 :
3260 2649 3277 2681 ι
3307 2628 3437 2682 Erat

1860 2722 2136 2777 Abraham
2182 2738 2451 2778 annorum
2501 2724 2800 2794 nonaginta
2834 2737 3050 2789 novem,
3084 2729 3139 2776 et
3182 2721 3438 2792 apparuit

1860 2810 2125 2867 Dominus
2172 2813 2423 2877 Abrahae,
2464 2820 2518 2868 et
2570 2813 2709 2867 dixit
2760 2812 2806 2867 ei
2861 2829 2874 2867 :
2937 2810 3049 2883 Ego
3088 2828 3208 2866 sum
3244 2811 3429 2866 Deus:

1860 2902 1997 2958 bene
2031 2904 2265 2974 placitus
2307 2905 2385 2961 sis
2430 2920 2616 2959 coram
2656 2920 2765 2969 me,
2811 2910 2865 2958 et
2908 2910 3028 2958 esto
3061 2901 3431 2971 inculpabilis,

1859 3005 1913 3050 et
1954 3012 2155 3067 ponam
2201 3004 2587 3053 testamentum
2625 3012 2806 3075 meum
2838 2997 2980 3052 inter
3025 3003 3079 3052 te
3125 3002 3180 3051 et
3227 3010 3336 3064 me,
3378 3002 3435 3049 et

1859 3090 2232 3159 multiplicabo
2280 3098 2333 3145 te
2376 3090 2533 3145 valde
2552 3090 2619 3145 “.
2652 3110 2673 3143 ›
2711 3089 2779 3143 Et
2825 3104 3020 3144 rursus
3061 3107 3075 3143 :
3114 3108 3131 3139 ι
3171 3086 3434 3159 Apparuit

1860 3191 2037 3237 autem
2062 3182 2205 3238 Deus
2239 3182 2288 3238 ei
2316 3182 2460 3253 apud
2488 3198 2750 3253 quercum
2775 3181 3038 3248 Mambre,
3062 3181 3190 3236 dum
3216 3178 3432 3236 sederet

1860 3275 1916 3330 in
1964 3276 2110 3332 ostio
2150 3275 2491 3330 tabernaculi
2520 3275 2628 3339 sui,
2663 3274 2784 3344 ipso
2833 3274 3099 3329 meridie:
3133 3288 3258 3328 cum
3298 3284 3430 3328 vero

190 3359 518 3431 Ἀναβλέψας
553 3363 611 3415 δὲ
642 3367 753 3429 τοῖς
792 3365 1088 3435 ὀφθαλμοῖς
1116 3366 1302 3430 αὑτοῦ,
1344 3364 1448 3421 εἶδε
1471 3386 1484 3399 ⁸
1513 3371 1608 3423 καὶ
1641 3371 1749 3425 ἰδοὺ

1857 3367 2032 3422 oculis
2066 3367 2182 3423 suis
2214 3370 2564 3437 respexisset,
2596 3367 2752 3431 vidit,
2783 3375 2837 3423 et
2868 3382 2999 3423 ecce
3032 3376 3143 3422 tres
3174 3367 3275 3421 viri
3317 3374 3429 3422 ste-

176 3457 314 3521 τρεῖς
336 3454 530 3525 ἄνδρες
555 3456 897 3527 είστήκεισαν
918 3457 1100 3511 ἐπάνω
1119 3459 1303 3513 αὐτοῦ.
1320 3460 1427 3513 Καὶ
1451 3460 1570 3515 ἰδὼν
1590 3481 1751 3535 προσ-

177 3545 403 3615 ἔδραμεν
464 3548 543 3609 είς
585 3547 904 3618 συνάντησιν
941 3549 1124 3613 αὐτοῖς
1162 3551 1269 3603 ἀπὸ
1300 3553 1400 3623 τῆς
1432 3552 1601 3624 θύρας
1652 3554 1750 3625 τῆς

180 3638 395 3708 σκηνῆς,
454 3638 552 3690 καὶ
612 3639 1006 3710 προσεκύνησε.
1048 3660 1067 3692 ι
1106 3642 1216 3696 Καὶ
1275 3643 1401 3715 ἑξῆς
1461 3645 1599 3715 μετά
1648 3648 1747 3720 τὴν

175 3728 433 3784 ὀπτασίαν
476 3733 761 3805 ἐπιφέρει’
802 3754 821 3786 ι
858 3735 917 3789 '0
961 3736 1017 3789 δὲ
1082 3738 1287 3809 Κύριος
1322 3735 1507 3792 εἶπεν
1546 3742 1619 3795 Οὐ
1673 3744 1747 3816 μὴ

177 3821 360 3891 κρύψω
388 3823 502 3892 ἐγὼ
558 3824 666 3878 ἀπὸ
714 3825 962 3898 Ἀϐραὰμ
1020 3829 1115 3883 τοῦ
1170 3830 1358 3894 παιδός
1406 3849 1507 3903 μου
1553 3832 1591 3887 ἃ.
1640 3835 1749 3903 ἐγὼ

178 3913 326 3967 ποιῶ.
371 3914 624 3986 Ἀϐραάμ
651 3916 707 3969 δὲ
734 3919 1014 3988 γινόμενος
1035 3918 1187 3973 ἔσται
1207 3921 1286 3984 είς
1304 3919 1454 3985 ἔθνος
1485 3927 1627 3995 μέγα
1654 3925 1747 3978 καὶ

180 4001 326 4066 πολὺ,
361 4003 460 4057 καὶ
498 4004 1010 4076 ὲνευλογηθήσονται
1053 4011 1112 4062 ὲν
1137 4010 1285 4081 αύτῷ
1313 4011 1491 4067 πάντα
1519 4013 1590 4067 τά
1616 4012 1745 4084 ἔθνη

178 4093 267 4163 τῆς
296 4095 421 4165 γῆς.
468 4114 488 4145 ι
534 4097 645 4149 Καὶ
674 4097 882 4162 τούτοις
913 4094 1065 4163 αὖθις
1093 4101 1331 4170 ἐπιλέγει
1361 4104 1437 4167 ὡς
1474 4105 1603 4177 περὶ
1626 4106 1744 4158 ἑτέ-

186 4202 266 4255 ρου
290 4203 304 4215 ο
344 4205 362 4237 ι
398 4186 585 4257 ’ῌδειν
614 4187 742 4259 γὰρ,
777 4190 858 4242 ὅτι
891 4190 1139 4255 συντάξει
1158 4196 1269 4257 τοῖς
1292 4196 1428 4257 υἱοῖς
1452 4196 1616 4249 αὐτοῦ
1650 4195 1747 4250 καὶ

179 4278 249 4348 τῷ
280 4279 413 4349 οἴκῳ
446 4280 610 4334 αὑτοῦ
645 4280 762 4350 μεθ’
793 4284 971 4347 αὑτὸν,
1012 4286 1106 4338 καὶ
1140 4285 1431 4354 φυλάξουσι
1468 4289 1569 4352 τὰς
1592 4288 1747 4353 ὀδοὺς

179 4370 395 4443 Κυρίου,
422 4376 598 4425 ποιεῖν
619 4375 961 4447 δικαιοσύνην
987 4378 1082 4431 καὶ
1115 4378 1315 4449 κρίσιν,
1348 4381 1495 4445 ὅπως
1532 4382 1745 4451 ἐπαγά-

178 4478 240 4534 γῃ
294 4463 497 4535 Κύριος
548 4466 641 4518 ἐπὶ
684 4467 929 4538 Ἀϐραὰμ
975 4467 1011 4522 δι
1064 4468 1290 4541 ὲλάλησε
1332 4471 1469 4543 πρὸς
1506 4473 1686 4527 αὐτόν.
1720 4494 1739 4527 ι

128 4628 131 4631 Δ
179 4554 351 4611 Ταῦτα
384 4556 548 4621 αὐτὸς
573 4558 983 4630 ἀναγέγραπται
1011 4560 1185 4628 λέγων
1223 4563 1252 4614 0
1280 4565 1634 4635 χρηματίζων
1665 4565 1744 4638 τῷ

130 4698 134 4722 1
190 4646 427 4721 Ἀϐραάμ
466 4648 688 4720 Κύριος,
723 4650 907 4721 ἕτερον
942 4651 1146 4722 Κύριον
1190 4654 1498 4724 ὁμολογῶν,
1541 4657 1743 4730 δηλαδὴ

1849 3468 2030 3515 terant
2076 3475 2241 3530 supra
2289 3475 2413 3515 eum
2442 3478 2458 3516 :
2489 3468 2544 3514 et
2590 3459 2991 3522 cum,vidisset
3043 3459 3284 3513 accurrit
3321 3458 3425 3512 ob-

1848 3554 1992 3607 viam
2022 3552 2153 3615 illis,
2187 3551 2256 3605 ab
2287 3552 2427 3606 ostio
2453 3551 2815 3614 tabernaculi,
2850 3560 2905 3605 et
2937 3551 3186 3605 adoravit
3202 3549 3269 3603 ".
3299 3566 3319 3601 ι
3344 3551 3427 3603 Ac

1848 3643 2106 3714 deinceps
2128 3652 2252 3713 post
2275 3643 2542 3698 visionem
2570 3642 2853 3713 adjungit:
2892 3661 2910 3693 ι
2946 3641 3211 3696 Dominus
3240 3648 3422 3693 autem

1847 3735 2005 3799 dixit,
2037 3749 2146 3788 non
2178 3735 2368 3789 celabo
2392 3748 2494 3805 ego
2521 3732 2797 3788 Abraham
2838 3749 3067 3804 puerum
3094 3748 3271 3788 meum
3303 3747 3425 3803 qua:

1848 3825 2009 3881 facio.
2042 3827 2315 3881 Abraham
2341 3841 2472 3882 vero
2509 3841 2634 3880 cum
2676 3827 2768 3889 sit,
2797 3826 2905 3880 erit
2954 3825 3009 3881 in
3039 3834 3252 3897 gentem
3309 3838 3426 3878 ma-

1848 3934 2007 3989 gnam
2063 3927 2117 3975 et
2154 3919 2379 3973 multam
2414 3929 2504 3974 :et
2552 3918 2949 3973 benedicentur
3014 3918 3070 3973 in
3120 3933 3188 3973 eo
3231 3931 3425 3972 omnes

1846 4016 2033 4079 gentes
2079 4008 2322 4064 terra".
2360 4028 2379 4061 ι
2417 4008 2595 4079 Atque
2643 4008 2731 4065 his
2778 4023 2974 4064 rursus
3014 4007 3262 4078 adjungit
3300 4015 3425 4060 tan-

1848 4118 2008 4172 quam
2042 4101 2112 4157 de
2143 4102 2352 4156 altero:
2384 4119 2403 4152 ι
2432 4100 2567 4156 Navi
2603 4100 2749 4156 enim
2778 4100 2924 4171 quod
2956 4100 3255 4155 constituet
3294 4098 3421 4152 ﬁliis

1847 4196 1986 4260 suis,
2010 4203 2063 4250 et
2089 4196 2274 4249 domui
2303 4210 2436 4261 sua},
2476 4202 2526 4250 ct
2565 4195 2881 4250 custodient
2910 4194 3030 4251 vias
3059 4193 3300 4257 Domini,
3337 4192 3421 4247 fa-

1847 4302 1972 4343 cere
1996 4288 2268 4357 justitiam
2292 4295 2348 4344 et
2377 4287 2665 4358 judicium,
2703 4294 2762 4341 ut
2786 4286 3011 4341 inducat
3037 4284 3301 4341 Dominus
3325 4298 3420 4339 su-

1846 4396 1945 4452 per
2007 4380 2281 4434 Abraham
2344 4394 2467 4450 quae
2524 4378 2747 4434 locutus
2800 4385 2887 4433 est
2958 4378 3026 4433 ad
3096 4377 3248 4431 illum
3288 4379 3354 4434 ⁸⁸.
3394 4396 3415 4430 ι

1847 4472 2009 4544 234
2029 4471 2128 4527 Hic
2174 4472 2335 4542 plane
2368 4473 2632 4542 scriptum
2675 4479 2781 4536 est,
2817 4486 2943 4525 eum
2988 4469 3278 4525 Dominum
3316 4471 3412 4539 qui

1846 4564 2077 4619 Abraha:
2105 4562 2492 4633 respondebat,
2522 4563 2638 4617 llazc
2665 4561 2873 4626 dicere,
2903 4560 2998 4615 ubi
3030 4558 3285 4616 videlicet
3313 4559 3422 4615 Do.

1846 4656 2053 4710 minum
2106 4654 2400 4710 confitetur
2456 4653 2677 4709 Patrem
2731 4668 2915 4718 suum,
2966 4660 3021 4707 et
3067 4652 3418 4708 Conditorem

177 4741 258 4796 τὸν
308 4743 475 4797 αὑτοῦ
524 4744 762 4816 Πατέρα,
802 4746 896 4798 καὶ
936 4746 1163 4818 ποιητὴν
1196 4747 1290 4800 τοῦ
1319 4750 1540 4831 ravio;
1576 4752 1642 4804 Ὅ
1678 4768 1743 4820 γε

1857 4748 2088 4804 universi
2127 4749 2285 4819 :ipse
2324 4756 2508 4803 tamen
2559 4747 2857 4811 Abraham,
2905 4746 3074 4803 veluti
3128 4747 3415 4817 propheta,

179 4836 273 4907 μὴν
314 4836 586 4907 Ἀϐραὰμ,
623 4832 710 4890 οἷα
737 4840 1018 4911 προφήτης
1046 4839 1349 4910 κατάληψιν
1367 4835 1504 4911 ἔχων
1537 4842 1737 4915 ἀκριϐῆ

175 4928 258 4980 τοῦ
282 4929 732 5001 χρηματίζοντος,
763 4930 887 5001 ἑξῆς
912 4934 1025 4995 τοῖς
1047 4931 1420 5004 προεκτεθεῖσι
1455 4935 1739 4988 ποτνιᾶται

180 5016 331 5085 λέγων
351 5038 364 5051 ·
404 5041 423 5070 ε
462 5022 573 5074 Καὶ
601 5021 675 5093 μὴ
703 5023 1069 5096 συναπολέσῃς
1100 5023 1307 5077 δίκαιον
1340 5025 1456 5095 μετ’
1485 5025 1735 5091 ἀσεϐοῦς,

178 5110 259 5161 καὶ
283 5109 433 5163 ἔσται
465 5112 495 5162 0
527 5110 735 5174 δίκαιος
759 5112 833 5175 ὡς
862 5112 1080 5184 ἀσεϐής.
1129 5114 1251 5167 Ἑάν
1273 5108 1374 5168 ὦσι
1402 5116 1737 5186 πεντήκοντα

178 5198 352 5255 δίκαιοι
367 5204 425 5253 ὲν
450 5204 517 5272 τῇ
538 5201 708 5267 πόλει,
743 5204 959 5267 ἀπολεῖς
986 5204 1214 5271 αύτούς;
1242 5206 1341 5258 οὐκ
1362 5207 1581 5276 ἀνήσεις
1603 5207 1738 5260 πάν-

178 5304 234 5340 τα
262 5294 350 5346 τὸν
382 5293 551 5346 τόπον
584 5293 768 5349 ἕνεκεν
805 5296 914 5349 τῶν
962 5297 1297 5368 πεντήκοντα
1326 5296 1581 5363 δικαίων;
1611 5300 1734 5370 Μη-

177 5379 342 5453 δαμῶς
367 5386 432 5438 σὺ
466 5388 714 5458 ποιήσεις
743 5388 803 5440 τὸ
834 5388 979 5460 ῥῆμα
1008 5388 1187 5452 τοῦτο,
1210 5389 1302 5445 τοῦ
1331 5390 1643 5443 ἀποκτεῖναι
1665 5390 1739 5443 δί-

180 5491 310 5531 καιον
341 5480 480 5550 μετά
501 5480 750 5545 ἀσεϐοῦς,
783 5481 877 5534 καὶ
898 5481 1049 5535 ἔσται
1074 5484 1101 5535 0
1132 5482 1336 5546 δίκαιος
1355 5483 1431 5546 ὡς
1457 5484 1485 5536 0
1511 5482 1732 5553 ἀσεϐήςο

186 5569 443 5642 μηδαμῶς·
478 5573 507 5624 0
532 5572 733 5644 κρίνων
755 5576 932 5627 πᾶσαν
967 5574 1065 5646 τὴν
1088 5576 1211 5646 γῆν,
1241 5576 1302 5628 οὑ
1337 5577 1583 5647 ποιήσεις
1617 5575 1736 5645 κρί-

186 5675 287 5724 σινς
315 5683 332 5716 ι
376 5664 652 5733 Ἀγγέλοις
692 5665 755 5736 δὴ
784 5667 1011 5735 φάσκειν
1033 5667 1225 5730 ταῦτα,
1278 5669 1313 5738 ἦ
1352 5685 1457 5721 τινι
1495 5667 1607 5720 τῶν
1637 5666 1730 5719 τοῦ

185 5750 296 5808 Θεοῦ
339 5757 681 5829 λειτουργῶν,
728 5760 825 5831 οὐχ
876 5759 1115 5830 ἡγοῦμαι
1151 5760 1401 5829 λέγεσθαι
1436 5759 1727 5833 ἁρμόζειν·

1842 4842 2177 4911 exploratam
2210 4848 2266 4895 et
2294 4852 2500 4897 certam
2535 4841 2656 4911 ejus
2688 4840 2783 4911 qui
2814 4838 3179 4910 respondebat
3210 4839 3419 4910 cogita-

1839 4936 2044 4990 tionem
2070 4934 2301 4999 habens,
2332 4933 2593 5005 deinceps
2622 4949 2747 4989 cum
2780 4933 3130 4988 veneratione
3173 4947 3289 4995 eos,
3320 4931 3416 5001 qui

1842 5035 1969 5083 ante
2007 5027 2241 5097 expositi
2288 5034 2438 5091 sunt,
2485 5035 2627 5092 orat,
2680 5028 2907 5082 dicens:
2936 5045 2955 5078 ι
2987 5025 3065 5081 Ne
3105 5026 3303 5095 perdas
3325 5025 3416 5093 ju-

1842 5127 1985 5174 stum
2036 5119 2200 5173 simul
2245 5134 2370 5173 cum
2416 5119 2609 5189 impio,
2643 5129 2697 5175 et
2747 5120 2851 5175 erit
2874 5119 3059 5188 justus
3110 5116 3267 5186 quasi
3310 5117 3419 5168 im-

1841 5209 1986 5279 pius.
2017 5207 2075 5262 Si
2112 5209 2223 5264 sint
2249 5210 2645 5279 quinquaginta
2672 5210 2808 5278 justi
2843 5210 2896 5262 in
2941 5209 3185 5271 civitate,
3216 5207 3412 5275 perdes

1842 5300 1973 5355 eos?
2002 5315 2182 5355 nonne
2218 5301 2462 5356 dimittes
2490 5316 2705 5355 omnem
2755 5302 2954 5363 locum,
2988 5306 3209 5369 propter
3247 5298 3411 5368 quin-

1846 5392 2105 5461 quaginta
2130 5391 2711 5461 justos?Nequaquam
2747 5398 2803 5444 tu
2836 5390 3003 5445 facies
3034 5389 3257 5444 verbum
3280 5390 3407 5455 hoc,

1840 5490 1902 5536 ut
1949 5482 2249 5538 interficias
2279 5483 2488 5552 justum
2552 5497 2675 5537 cum
2723 5482 2923 5551 impio,
2974 5488 3028 5536 et
3077 5482 3180 5536 erit
3224 5482 3409 5551 justus

1838 5576 1996 5645 quasi
2046 5574 2279 5645 impius;
2303 5589 2646 5646 nequaquam
2673 5590 2687 5629 :
2719 5575 2812 5644 qui
2839 5573 3058 5643 judicas
3093 5574 3405 5629 universam

1838 5675 2039 5722 terram
2063 5707 2078 5733 ,
2127 5684 2237 5721 non
2287 5667 2455 5723 facies
2496 5667 2760 5737 judicium
2785 5668 2875 5720 ὀἳ
2905 5685 2923 5719 ι
2958 5667 3130 5722 Porro
3172 5667 3288 5722 haec
3338 5665 3405 5720 ad

1841 5760 2085 5830 angelos,
2116 5768 2208 5813 aut
2255 5760 2322 5815 ad
2363 5761 2672 5831 quempiam
2719 5776 2785 5816 ex
2823 5759 2918 5815 Dei
2964 5759 3231 5815 ministris
3261 5757 3404 5813 dicta

240 5938 275 5970 ⁸³
298 5941 421 5999 Gen.
452 5960 547 6013 xu,
584 5944 632 5999 7.
700 5944 743 5977 “
770 5944 901 6001 Gen.
941 5961 1072 6017 xm,
1108 5944 1219 6018 ιβ.
1268 5944 1323 6024 ,⁸⁷
1351 5946 1484 6005 Gen.
1520 5962 1672 6017 nun,
1702 5947 1743 6012 l,

1882 5946 1925 5981 ⁵⁸
1958 5949 2067 6005 ibid
2125 5950 2319 6020 l7,l8.
2399 5952 2441 5984 ’δ’
2472 5952 2601 6008 ibid.
2638 5951 2721 6007 19.
2802 5951 2845 5983 ⁸ο
2880 5946 3224 6022 ibid._24,9.5.
