3894 6554
429 481 541 539 383

1121 477 1390 537 EUSEBII
1427 479 1901 537 CESARIENSIS
1933 481 2086 538 OPP.
2125 481 2304 537 PARS
2342 480 2406 537 ll.
2445 513 2514 524 —-
2549 481 3042 542 APOLOGETICA.

3698 485 3798 539 384

430 615 582 663 esse,
618 608 993 657 oonsentanee
1020 599 1128 656 dici
1157 617 1269 657 non
1299 603 1536 659 arbitror
1557 624 1572 660 :
1593 620 1704 661 non
1735 606 1883 662 enim
1913 622 2012 662 cu-

2129 607 2230 662 ιὺδὲ
2261 606 2371 678 γὰρ
2411 605 2505 660 τοῦ
2545 606 2796 677 τυχόντος
2835 605 2901 660 ἂν
2935 605 3018 678 εἴη
3058 605 3138 658 τὸ
3177 604 3441 675 κρίνειν
3485 602 3687 655 πᾶσαν
3705 607 3800 676 τὴν

429 691 662 764 juslihct
703 693 820 755 sit,'
841 693 1089 762 judicare
1135 699 1341 748 terram
1391 681 1729 754 universam.
1760 697 1867 754 Sed
1909 716 2011 756 nec

435 783 669 856 angelus
699 783 918 854 quidem
941 791 1025 840 est
1054 785 1391 853 nominatus,
1421 804 1581 858 quem
1607 791 1858 861 superior
1874 792 2014 849 scri-

438 886 606 948 ptu-ra
633 876 926 947 signiﬁcat,
959 892 1150 931 verum
1180 879 1322 936 alius
1353 881 1624 951 quispiam
1654 885 1846 956 angelo
1873 901 2013 955 pm-

435 970 697 1033 stanu'or,
731 967 874 1023 Deus
903 969 1094 1040 utique
1124 984 1188 1025 ac
1209 969 1496 1039 Dominus,
1527 975 1766 1044 quicum
1797 977 2013 1034 duobus

434 1060 654 1130 angelis
711 1059 766 1112 in
825 1059 1002 1114 forma
1056 1061 1335 1127 hominis,
1390 1063 1460 1118 ad
1526 1079 1692 1134 supra
1752 1067 2010 1137 scriptam

435 1166 707 1223 quercum
755 1158 840 1207 est
881 1152 1054 1208 visus.
1091 1151 1364 1210 Praeterea
1412 1171 1483 1211 ne
1527 1155 1745 1212 Patrem
1793 1160 2012 1229 quidem

436 1242 614 1298 aDeum
645 1242 792 1298 hunc
835 1242 1006 1300 fuisse
1038 1246 1340 1315 putandum
1367 1255 1472 1312 est,
1501 1248 1595 1318 qui
1635 1249 2014 1321 hujuscemodi

436 1338 626 1394 verbis
657 1337 930 1394 indicatur
956 1358 970 1396 :
1004 1340 1186 1396 dicere
1211 1343 1378 1407 enim,
1427 1343 1480 1398 id
1523 1347 1720 1400 mutari
1752 1346 1896 1416 quod
1925 1345 2013 1400 di-

436 1429 632 1482 vinum
669 1437 774 1494 cst,
799 1436 854 1484 et
887 1429 1108 1500 ﬁgurari
1132 1431 1187 1486 in
1220 1433 1458 1502 speciem
1490 1449 1553 1489 ac
1581 1434 1809 1488 formam
1841 1435 2014 1489 homi-

436 1519 551 1586 nis,
579 1522 896 1592 neutiquam
934 1523 1082 1594 pium
1118 1533 1222 1579 est.
1254 1524 1516 1596 Superest
1547 1527 1715 1597 igitur
1750 1536 1809 1582 ut
1840 1527 2013 1582 conﬁ-

437 1621 660 1679 teantur
693 1614 844 1667 illum
885 1615 1056 1672 fuisse
1084 1617 1176 1673 Dei
1211 1617 1470 1683 Verbum,
1507 1620 1655 1689 quod
1697 1636 1728 1674 a
1771 1621 2016 1676 nobisin

407 1703 514 1778 dis
543 1720 666 1774 quae
701 1709 935 1764 antehac
985 1711 1188 1780 scripta
1231 1711 1422 1777 habes,
1462 1711 1558 1769 Dei
1607 1716 1828 1770 nomine
1871 1716 2017 1770 cele-

438 1794 661 1848 bratum
695 1807 780 1853 est
809 1819 822 1853 :
855 1815 962 1870 qua
996 1801 1065 1856 de
1094 1817 1261 1858 causa
1291 1803 1454 1858 hodie
1481 1819 1698 1874 quoque
1732 1821 1761 1859 a
1795 1805 2014 1872 vicinis,

435 1893 501 1938 et
529 1885 582 1938 in
628 1889 878 1957 proximo
921 1891 1321 1958 habitantibus,
1354 1894 1514 1967 quasi.
1545 1894 1765 1951 divinus
1793 1897 2012 1962 colitur,

2111 697 2236 768 γῆν.
2283 696 2422 752 Ἀλλ’
2462 695 2570 750 οὐδ’
2609 695 2836 764 ἄγγελος
2871 697 2900 748 6
2939 694 3343 768 προγραφεὶς
3376 692 3794 764 ἀνηγόρευται,

2112 790 2374 862 κρείττων
2420 789 2476 842 δέ
2517 806 2600 852 τις
2633 787 2863 856 ἀγγέλου
2899 787 3031 850 Θεὸς
3069 786 3198 841 καὶ
3240 784 3522 856 Κύριος,
3555 785 3702 855 πρὸς
3729 789 3792 860 τῇ

2112 881 2575 954 ἀναγεγραμμένῃ
2601 879 2720 952 δρυῒ
2747 879 2885 951 μετὰ
2919 879 3028 932 τῶν
3054 879 3237 933 δυεῖν
3273 876 3574 946 ἀγγέλων
3608 881 3669 929 ὲν
3697 879 3789 931 άν-

2112 975 2331 1047 θρώπου
2366 976 2602 1045 σχήματι
2637 972 2868 1045 ὁραθείς.
2902 971 3068 1025 Πάλιν
3101 989 3184 1041 γε
3223 969 3358 1041 μὴν
3389 969 3538 1023 οὐδὲ
3573 968 3670 1023 τὸν
3699 972 3786 1026 ἐπὶ

2113 1068 2332 1121 πάντων
2372 1066 2505 1120 Θεὸν
2535 1065 2771 1137 ἡγητέον
2807 1062 2895 1118 διὰ
2931 1063 3147 1117 τούτων
3190 1061 3586 1133 δηλοῦσθαι·
3623 1081 3783 1132 μετα-

2114 1157 2325 1212 ϐάλλειν
2367 1157 2475 1228 γὰρ
2507 1157 2669 1227 φάναι
2713 1157 2775 1210 τὸ
2813 1156 2973 1222 θεῖον,
3010 1157 3103 1210 καὶ
3140 1153 3664 1226 χρηματίζεσθαι
3703 1158 3779 1219 εἰς

2112 1248 2303 1320 ἀνδρὸς
2334 1243 2472 1313 εἶδος
2524 1250 2619 1302 καὶ
2663 1249 2896 1319 μορφὴν,
2941 1247 3039 1300 οὐκ
3071 1246 3337 1314 εὐαγές.
3401 1243 3772 1316 Λείπεταιδὴ

2112 1339 2275 1392 αὑτὸν
2304 1337 2442 1392 εἶναι
2472 1337 2562 1392 τὸν
2581 1337 2675 1390 τοῦ
2708 1336 2843 1390 Θεοῦ
2877 1336 3066 1405 Λόγον,
3086 1335 3196 1388 τὸν
3231 1333 3346 1387 διὰ
3381 1334 3514 1386 τῶν
3538 1334 3774 1406 πρόσθεν

2112 1430 2577 1500 τεθεολογημένον,
2609 1428 2908 1500 ὁμολογεῖν.
2938 1427 3097 1481 Ὅθεν
3129 1427 3349 1480 εἰσέτι
3410 1427 3519 1478 καὶ
3544 1426 3645 1479 νῦν
3668 1444 3764 1480 πα-

2118 1523 2185 1594 ρὰ
2214 1525 2327 1585 τοῖς
2358 1521 2768 1594 πλησιοχώροις,
2811 1519 2959 1573 om
3003 1519 3148 1582 θεῖος
3190 1521 3226 1572 ὁ
3265 1518 3470 1581 τόπος
3496 1518 3586 1580 εἰς
3607 1517 3767 1588 τιμὴν

2113 1613 2222 1668 τῶν
2271 1613 2456 1666 αὐτόθι
2501 1613 2579 1684 τῷ
2623 1611 2871 1684 Ἀϐραὰμ
2907 1611 3314 1680 ἐπιφανέντων
3352 1607 3757 1680 θρησκεύεται,

2115 1707 2206 1759 καὶ
2226 1704 2508 1777 θεωρεῖταί
2543 1721 2606 1773 γε
2637 1705 2716 1766 εἰς
2748 1702 2907 1775 δεῦρο
2929 1701 3286 1774 διαμένουσα
3325 1703 3364 1772 ἡ
3397 1698 3757 1770 τερέϐινθος·

2115 1800 2163 1851 οἱ
2193 1797 2300 1868 γὰρ
2333 1795 2410 1867 τῷ
2445 1795 2694 1868 Ἀϐραὰμ
2727 1793 3163 1859 ἐπιξενωθέντες,
3198 1792 3315 1844 ἐπὶ
3355 1790 3606 1862 Γραφῆς
3636 1790 3754 1842 ἁνα-

2116 1890 2374 1959 κείμενοι,
2410 1886 2502 1939 δύο
2544 1887 2642 1957 μὲν
2684 1884 3041 1956 ἑκατέρωθεν,
3087 1885 3274 1955 μέσος
3320 1883 3390 1936 δὲ
3428 1885 3461 1936 6
3488 1881 3753 1953 κρείττων

449 1989 610 2049 atque
634 1981 959 2038 observatur
999 1986 1048 2041 is
1093 1987 1268 2052 locus,
1298 1987 1524 2042 honoris
1560 1987 1782 2043 illorum
1842 1989 2014 2055 gratia

2129 1980 2398 2050 ὅπερέχων
2427 1981 2493 2049 τῇ
2521 1981 2671 2048 τιμῇ.
2697 1978 2794 2047 Εἴη
2824 1977 2868 2030 δ’
2891 1975 2955 2029 ἂν
2979 1977 3008 2028 6
3032 1974 3453 2048 δεδηλωμένος
3475 1975 3615 2043 ἡμῖν
3639 1971 3744 2024 Κύ-

445 2069 539 2138 qui
562 2068 794 2124 Abrahze
823 2072 878 2126 in
909 2073 1003 2130 illo
1031 2076 1133 2130 visi
1163 2085 1292 2131 sunt
1317 2079 1336 2144 ξ
1364 2085 1525 2146 atque
1550 2077 1710 2131 etiam
1743 2093 1890 2132 nunc
1914 2078 2018 2132 ibi-

440 2159 569 2214 dem
595 2177 922 2230 permanens
960 2167 1306 2222 terebinthus
1333 2168 1674 2238 conspicitur
1708 2186 1722 2222 :
1753 2169 1847 2239 qui
1870 2169 2014 2224 enim

446 2251 517 2304 ab
550 2251 823 2308 Abraham
861 2255 1099 2325 hospitio
1125 2259 1363 2329 suscepti
1396 2268 1546 2321 sunt,
1585 2269 1644 2314 ut
1669 2260 1832 2314 habet
1864 2258 2017 2313 Scri-

447 2347 628 2409 ptura,
681 2335 1061 2402 recumbentes
1099 2357 1256 2402 erant
1305 2349 1413 2403 duo
1462 2349 1681 2419 quidem
1734 2351 2012 2420 utrinque,

446 2432 661 2488 medius
699 2445 882 2490 autem
932 2439 1309 2502 excellentior,
1354 2448 1410 2496 et
1438 2442 1531 2511 qui
1579 2443 1820 2512 reliquos
1867 2451 2018 2496 ante-

445 2525 570 2582 iret.
614 2527 714 2582 llic
756 2545 883 2585 vero
934 2532 1006 2585 sit
1050 2532 1208 2601 plane
1244 2532 1313 2598 is,
1349 2532 1416 2587 de
1457 2549 1567 2603 quo
1595 2534 1855 2598 diximus,
1900 2535 2016 2603 ipse

448 2616 638 2687 utique
683 2617 946 2676 Dominus
991 2636 1056 2674 ac
1098 2621 1350 2676 Salvator
1389 2631 1599 2688 noster,
1635 2640 1796 2693 quem
1848 2624 2012 2678 etiam

2125 2089 2237 2141 ριος
2265 2069 2443 2133 αὐτὸς,
2477 2072 2506 2122 ό
2526 2068 2789 2140 ἡμέτερος
2814 2066 3022 2137 Σωτὴρ,
3045 2066 3103 2119 ὃν
3129 2067 3239 2118 καὶ
3269 2067 3329 2117 οἱ
3367 2064 3632 2132 ἀγνῶτες
3673 2061 3742 2131 (l)

2123 2163 2356 2224 σέϐουσι,
2386 2160 2454 2213 τὰ
2479 2160 2595 2213 θεῖα
2622 2160 2777 2228 λόγια
2805 2158 2990 2212 πιστού
3001 2175 3170 2229 μενοι.
3215 2152 3414 2219 Οὗτος
3453 2155 3513 2209 δὲ
3535 2150 3629 2208 οὖν
3655 2155 3740 2207 αό-

2118 2255 2230 2318 τὸς,
2264 2254 2321 2321 ἐξ
2352 2255 2555 2308 ἐκείνου
2601 2254 2668 2306 τὰ
2695 2254 2791 2324 τῆς
2824 2251 3098 2314 εὐσεϐείας
3134 2251 3472 2322 σπέρματα
3519 2249 3604 2310 εἰς
3649 2247 3736 2300 άν-

2121 2347 2371 2419 θρώπους
2415 2345 2900 2415 καταϐαλλόμενος,
2955 2342 3310 2414 ἀνθρώπειον
3351 2340 3570 2403 ὑποδὺς
3609 2334 3734 2401 εἶδός

2121 2456 2181 2492 τε
2229 2440 2323 2491 καὶ
2353 2439 2556 2509 σχῆμα,
2588 2438 2665 2507 τῷ
2693 2437 2928 2505 θεοφιλεῖ
2954 2436 3269 2506 προπάτορι
3321 2433 3610 2505 Ἀϐραὰμ,
3643 2431 3726 2483 δσ-

2119 2547 2204 2592 τις
2227 2528 2332 2598 εἴη,
2350 2529 2509 2582 αὑτὸν
2536 2528 2780 2598 ἐξέφηνε,
2795 2526 2889 2579 καὶ
2905 2525 3002 2596 τὴν
3021 2525 3115 2578 τοῦ
3137 2525 3378 2597 Πατρὺς
3409 2521 3584 2577 αὐτοῦ
3607 2538 3728 2593 παρ-

2120 2621 2287 2674 εδίδου
2317 2620 2540 2693 γνώμην

446 2711 754 2780 pertinaces
790 2721 843 2768 et
875 2714 1161 2780 increduli,
1212 2716 1394 2770 divina
1437 2717 1660 2771 oracula
1694 2720 2108 2778 conlirmantes.
2138 2725 2467 2772 venerantur
2500 2734 2514 2770 :
2551 2716 2638 2770 hic
2669 2717 2785 2786 ipse
2824 2715 2986 2786 igitur
3025 2731 3090 2770 ex
3161 2714 3294 2779 illo,
3371 2713 3602 2784 pietatis
3651 2711 3724 2778 ja-

445 2807 598 2862 ciens
641 2807 711 2861 ad
759 2809 1008 2866 homines
1074 2812 1304 2874 semina,
1357 2813 1651 2866 humanam
1698 2813 1932 2883 speciem
1979 2828 2044 2866 ac
2084 2813 2310 2881 ﬁguram
2361 2811 2606 2877 indutus,
2656 2809 2752 2865 Dei
2816 2810 2992 2865 amico
3052 2817 3222 2880 atque
3283 2809 3529 2879 antiquo
3578 2804 3714 2861 Patri

449 2897 680 2955 Abrahae
704 2901 942 2972 seipsum
965 2903 1217 2973 quisnam
1237 2913 1404 2970 esset,
1434 2905 1692 2970 ostendit,
1715 2905 2002 2976 Patrisque
2028 2906 2112 2962 sui
2146 2905 2370 2960 tradidit
2398 2904 2746 2961 sententiam.

965 3019 1126 3089 235
1157 3019 1388 3074 CAPUT
1426 3020 1497 3076 Χ.

448 3129 1014 3204 AbAeadem.—Qu_od
1055 3132 1191 3186 idem
1221 3133 1474 3204 propheta
1515 3136 1570 3188 in
1604 3134 1794 3199 Jacob,
1846 3153 2019 3189 mam-

524 3202 710 3272 {cuius
756 3219 872 3255 eum
916 3202 980 3257 de
1008 3221 1128 3272 quo
1168 3202 1367 3269 agitur,
1420 3206 1620 3258 indicat
1674 3205 1953 3259 Dominum
1997 3222 2016 3260 :

453 3309 455 3312 ‹
519 3271 668 3347 quem
716 3289 842 3329 sane
885 3283 936 3328 et
980 3271 1151 3327 Deum
1198 3285 1246 3328 et
1297 3276 1540 3346 angelum
1580 3291 1879 3344 supremum
1921 3277 2019 3330 Dei

520 3355 691 3402 vocat.

525 3479 544 3511 ί
578 3459 644 3513 Et
674 3460 955 3531 profectus
977 3467 1060 3515 est
1094 3459 1147 3514 in
1183 3455 1454 3526 Charran,
1476 3465 1532 3514 et
1551 3458 1701 3514 venit
1729 3459 1782 3513 in
1812 3457 2016 3523 locum,

447 3561 502 3608 et
520 3553 776 3608 dormivit
805 3553 914 3607 illic
951 3571 966 3610 :
999 3553 1274 3608 occiderat
1298 3554 1442 3609 enim
1467 3553 1570 3609 sol.
1604 3552 1670 3606 Et
1696 3553 1904 3622 accepit
1936 3553 2019 3606 la-

448 3645 624 3715 pides,
651 3654 705 3700 et
735 3646 920 3716 posuit
941 3647 1045 3703 sub
1076 3647 1251 3717 capite
1280 3662 1404 3711 suo,
1437 3655 1492 3702 et
1521 3644 1782 3701 dormivit
1809 3645 1866 3699 in
1897 3645 2019 3700 loco

447 3737 565 3801 illo,
589 3746 643 3792 et
674 3739 966 3793 somniavit
991 3758 1005 3793 :
1033 3749 1087 3794 et
1119 3754 1247 3795 ecce
1276 3740 1425 3794 scala
1457 3746 1618 3793 terrae
1645 3737 1832 3801 inﬁxa,
1860 3737 2018 3806 cujus

449 3834 614 3897 caput
642 3828 992 3896 perveniebat
1021 3843 1196 3898 usque
1239 3827 1306 3882 ad
1352 3828 1575 3892 cmlum,
1609 3836 1661 3882 et
1697 3826 1876 3897 angeli
1922 3825 2020 3880 Dei

453 3918 820 3973 ascendebant
850 3935 948 3989 per
1006 3935 1147 3974 eam.
1183 3920 1251 3974 Et
1295 3918 1557 3974 Dominus
1587 3919 1918 3973 innitebatur
1945 3918 2018 3985 ei,

450 4017 505 4062 et
538 4008 674 4062 dixit
703 4028 716 4063 :
751 4009 863 4079 Ego
907 4009 1173 4065 Dominus
1213 4009 1358 4065 Deus
1387 4010 1660 4064 Abraham
1711 4010 1882 4080 patris
1914 4009 2018 4076 tui,

451 4107 506 4154 et
530 4097 672 4153 Deus
694 4097 869 4162 Isaac,
901 4117 970 4156 ne
1001 4101 1198 4156 timeas
1232 4120 1246 4156 :
1300 4109 1450 4156 terra
1494 4101 1550 4155 in
1579 4117 1688 4172 qua
1717 4111 1773 4155 tu
1811 4100 2019 4157 dormis

453 4191 509 4246 in
543 4191 680 4261 ipsa,
718 4192 813 4246 tibi
844 4191 986 4247 dabo
1011 4208 1153 4257 eam,
1198 4200 1253 4248 et
1281 4192 1473 4249 semini
1505 4199 1625 4247 tuo.
1680 4191 1746 4246 Et
1787 4193 1892 4247 erit
1922 4207 2014 4248 se-

452 4299 576 4339 men
605 4294 756 4340 tuum
790 4287 934 4341 sicut
962 4302 1127 4342 arena
1162 4287 1354 4352 maris,
1385 4295 1438 4343 et
1460 4287 1778 4342 dilatabitur
1811 4287 1879 4342 ad
1903 4303 2021 4342 ma-

452 4393 532 4440 re,
556 4385 609 4432 et
655 4376 954 4444 Orientem,
992 4387 1047 4436 et
1081 4378 1148 4433 ad
1184 4381 1430 4444 boream,
1455 4387 1509 4435 et
1547 4378 1800 4434 africum.
1831 4377 1898 4432 Et
1926 4379 2023 4434 be-

452 4469 773 4525 nedicentur
801 4471 855 4525 in
887 4479 939 4526 te
981 4486 1174 4529 omnes
1202 4473 1382 4528 tribus
1409 4480 1591 4537 terrae,
1632 4478 1688 4527 et
1722 4471 1778 4524 in
1813 4469 2020 4527 semine

453 4570 569 4618 tuo.
613 4562 680 4616 Et
706 4577 835 4619 ecce
859 4579 961 4634 ego
990 4579 1111 4620 sum
1141 4573 1348 4630 tecum,
1373 4563 1689 4621 custodiens
1719 4571 1771 4618 te
1792 4562 1846 4617 in
1868 4561 2019 4618 omni

369 4708 371 4710 .
455 4654 566 4716 via,
603 4670 950 4725 quacumque
994 4657 1099 4712 iter
1135 4657 1355 4721 feceris,
1390 4666 1445 4712 et
1491 4665 1811 4712 convertam
1863 4664 1916 4711 te
1963 4656 2020 4710 in

361 4761 379 4818 "2
454 4751 657 4797 terram
703 4745 845 4799 hanc
881 4763 894 4799 :
931 4747 1192 4816 quoniam
1221 4762 1332 4802 non
1380 4755 1435 4802 te
1467 4748 1792 4818 relinquam,
1845 4747 2022 4801 donec

365 4811 375 4882 δ
455 4833 649 4888 faciam
679 4835 860 4890 omnia
885 4811 1243 4908 quaecumque
1269 4839 1484 4894 locutus
1524 4811 1644 4895 sum
1683 4839 1802 4893 tibi.
1839 4840 1903 4894 Et
1923 4857 2022 4896 ex-

389 4971 391 4975 .
455 4931 738 4995 perrectus
765 4933 851 4981 est
893 4925 1064 4982 Jacob
1104 4944 1136 4982 a
1165 4944 1382 4994 somno,
1414 4939 1470 4985 et
1499 4931 1577 4986 ait
1604 4951 1616 4985 :
1652 4930 1915 4988 Dominus
1935 4941 2023 4987 est

455 5019 513 5073 in
563 5017 684 5071 loco
731 5017 856 5082 hoc,
886 5033 988 5089 ego
1036 5029 1216 5076 autem
1248 5022 1581 5078 nesciebam.
1615 5022 1682 5076 Et
1729 5024 1933 5088 timuit,
1967 5033 2024 5080 et

363 5101 372 5158 ⁷,
455 5110 582 5165 ait:
619 5108 793 5175 Quam
821 5111 1088 5169 terribilis
1133 5121 1219 5170 est
1274 5115 1427 5171 locus
1473 5115 1597 5170 hic!
1644 5131 1755 5170 non
1801 5124 1886 5172 est
1917 5117 2022 5172 hoc

455 5201 624 5266 aliud,
655 5203 762 5257 nisi
791 5201 987 5259 domus
1032 5204 1148 5269 Dei,
1184 5213 1239 5262 et
1285 5206 1400 5262 haec
1433 5217 1589 5278 porta
1619 5208 1766 5264 cceli.
1798 5207 1864 5262 Et
1894 5225 2020 5265 sur-

453 5294 596 5349 rexit
631 5290 801 5349 Jaeob
830 5310 1011 5361 mane,
1045 5303 1100 5351 et
1149 5297 1363 5368 accepit
1394 5298 1652 5368 lapidem,
1693 5315 1856 5369 quem
1891 5316 2020 5370 sup-

457 5385 638 5455 posuit
666 5387 831 5456 capiti
865 5402 986 5453 suo,
1014 5396 1070 5444 et
1091 5390 1263 5445 erexit
1295 5389 1446 5444 illum
1476 5406 1576 5460 pro
1600 5392 1778 5456 titulo,
1816 5399 1870 5447 et
1892 5391 2024 5447 eﬁ‘u~

456 5472 537 5526 dit
555 5473 733 5543 olepm
765 5476 819 5531 in
851 5493 1126 5532 summum
1155 5479 1324 5543 illius,
1361 5488 1416 5534 et
1439 5481 1654 5536 vocavit
1694 5481 1863 5537 Jacob
1921 5497 2022 5537 no-

458 5581 582 5620 men
607 5566 713 5620 loci
743 5567 909 5632 illius,
936 5571 1160 5626 domum
1188 5571 1283 5628 Dei
1303 5574 1370 5628 ⁵⁸.
1413 5593 1431 5626 ι
1469 5571 1628 5640 Eum,
1658 5576 1751 5646 qui
1774 5575 1877 5630 hoc
1899 5577 2024 5630 loco

456 5664 575 5720 tam
605 5658 790 5714 nmltis
817 5662 1000 5718 verbis
1042 5666 1334 5736 respondet
1379 5665 1694 5737 Dominum,
1739 5675 1792 5724 et
1827 5667 2018 5738 Deum,

552 5811 594 5841 "
629 5811 763 5868 Gen.
792 5831 966 5879 xxvii,
1000 5817 1184 5871 l0-l9.

531 5945 608 6018 (1)
643 5948 912 6022 Interpres
940 5951 1152 6026 legebat
1179 5954 1507 6026 ἀγνώμονες.

2655 3019 3052 3074 ΚΕΦᾹΛΑῙΟΝ
3089 3021 3146 3074 I'.

2133 3135 2266 3191 Ἀπὸ
2309 3134 2419 3202 τῆς
2469 3133 2678 3203 αὐτῆς.
2709 3166 2778 3179 ——
2817 3135 2908 3202 Ὠς
2961 3139 2994 3189 ὁ
3031 3133 3215 3200 αὐτὸς
3253 3132 3583 3203 προφήτης
3617 3129 3702 3184 ἐπὶ

2191 3206 2296 3259 τοῦ
2337 3205 2550 3269 Ἰακὼϐ,
2579 3206 2952 3274 σαφέστερα·
2975 3206 3250 3273 ἐμφαίνει
3279 3206 3394 3257 τὸν
3423 3203 3701 3274 δηλούμε-

2191 3293 2302 3330 νον
2330 3278 2571 3344 Κύριον,
2601 3275 2672 3328 ὃν
2695 3275 2770 3342 δὴ
2799 3277 2897 3329 καὶ
2930 3275 3098 3340 Θεὸν,
3135 3275 3235 3327 καὶ
3265 3275 3540 3344 ἄγγελον
3565 3273 3702 3326 ἀπο-

2044 3348 2086 3406 C
2188 3347 2363 3401 καλεῖ
2383 3345 2485 3401 τοῦ
2513 3346 2609 3399 ἐπὶ
2639 3345 2879 3400 πάντων
2905 3345 3051 3400 Θεοῦ
3090 3345 3471 3413 προσειπών.

2202 3477 2222 3511 ι
2244 3458 2355 3512 Καὶ
2375 3457 2642 3529 ἐπορεύθη
2669 3459 2750 3521 εἰς
2782 3457 3038 3529 Χαρρὰν,
3075 3455 3166 3510 καὶ
3196 3457 3496 3527 ἀπήντησε
3525 3452 3692 3520 τόπῳ,

2126 3552 2219 3605 καὶ
2254 3549 2522 3622 ἐκοιμήθη
2548 3551 2692 3602 ἐκεῖ·
2724 3548 2810 3602 ἔδυ
2849 3547 2957 3620 γὰρ
2977 3550 3006 3602 ό
3030 3548 3200 3618 ἥλιος.
3231 3548 3349 3600 Καὶ
3384 3545 3574 3600 ἐλαϐεν
3595 3541 3689 3594 ἀπὸ

2125 3646 2231 3699 τῶν
2254 3643 2440 3706 λίθων,
2468 3642 2563 3696 καὶ¹
2594 3642 2758 3711 ἔθηκε
2784 3640 2920 3713 πρὸς
2951 3640 3192 3710 κεφαλῆς
3214 3638 3414 3703 αὑτοῦ,
3444 3637 3537 3690 καὶ
3560 3637 3687 3687 ἐκοιο

2130 3737 2274 3809 μήθη
2306 3738 2364 3790 ὲν
2391 3734 2469 3806 τῷ
2496 3735 2646 3804 τόπῳ
2679 3732 2890 3803 ἐκείνῳ,
2922 3733 3016 3785 καὶ
3041 3732 3386 3801 ὲνυπνιάσθη
3410 3747 3422 3760 ·
3458 3729 3549 3782 καὶ
3587 3725 3682 3778 ἰδοὺ

2127 3830 2328 3902 κλίμαξ
2356 3828 2723 3900 ὲστηριγμένη
2766 3830 2848 3892 εις
2877 3827 2975 3896 τὴν
3013 3827 3117 3898 γῆν
3137 3865 3151 3889 ,
3181 3822 3250 3898 ἧς
3289 3829 3322 3896 ἡ
3366 3821 3569 3892 κεφαλὴ
3594 3821 3684 3887 ἀφ-

2129 3927 2327 3978 ικνεῖτο
2360 3924 2440 3986 εἰς
2471 3920 2561 3974 τὸν
2585 3919 2832 3992 οὐρανὸν,
2858 3919 2952 3973 καὶ
2976 3919 3025 3972 οἱ
3051 3917 3276 3986 ἄγγελοι
3305 3917 3403 3970 τοῦ
3434 3911 3567 3967 Θεοῦ
3601 3912 3681 3964 ἀν·

2129 4013 2362 4079 έϐαινον,
2386 4013 2480 4066 καὶ
2507 4012 2826 4065 κατέϐαινον
2853 4011 2939 4065 ἐπ’
2967 4011 3155 4081 αὐτήν.
3189 4010 3249 4062 '0
3283 4011 3343 4063 δὲ
3372 4007 3570 4078 Κύριος
3595 4006 3678 4056 ἑπ-

2127 4107 2413 4176 εστήρικτο
2458 4105 2546 4157 ἐπ’
2591 4104 2792 4173 αὐτῆς,
2834 4103 2929 4156 καὶ
2967 4097 3157 4155 εἷπε-δ’
3213 4100 3358 4170 Ἐγὼ
3411 4099 3606 4169 Κύριος
3649 4093 3675 4143 ὁ

2125 4197 2256 4261 Θεὸς
2295 4195 2542 4268 Ἀϐραάμ
2581 4195 2676 4249 τοῦ
2707 4195 2912 4267 πατρός
2946 4211 3038 4248 σου
3060 4233 3074 4257 ,
3105 4194 3198 4247 καὶ
3229 4195 3258 4247 6
3301 4191 3433 4255 Θεὸς
3470 4187 3667 4246 Ἰσαὰκ,

2129 4286 2204 4356 μὴ
2235 4283 2400 4356 φοϐοῦ
2420 4301 2434 4314 '
2469 4285 2502 4355 ἡ
2531 4285 2602 4355 γῆ
2640 4286 2725 4353 ἐφ’
2760 4284 2828 4354 ἣν
2867 4285 2931 4336 σὺ
2965 4281 3242 4347 καθεύδεις
3270 4283 3358 4335 ἐπ’
3387 4278 3569 4349 αὐτὴν,
3600 4274 3671 4326 συὶ

2125 4380 2282 4434 δώσω
2312 4378 2512 4450 αὐτὴν,
2547 4379 2640 4433 καὶ
2681 4378 2759 4450 τῷ
2799 4377 3071 4450 σπέρματί
3120 4393 3235 4430 σου.
3282 4377 3393 4429 Καὶ
3437 4375 3576 4427 ἔσται
3616 4365 3665 4418 τὸ

2129 4470 2348 4542 σπέρμα
2371 4487 2463 4524 σου
2487 4470 2562 4533 ὼς
2590 4473 2623 4541 ὴ
2659 4470 2840 4540 ἄμμος
2871 4469 2968 4539 τῆς
2997 4467 3270 4537 θαλάσσης
3290 4507 3304 4531 ,
3338 4466 3431 4520 καὶ
3456 4463 3666 4523 πλατυν-

2128 4562 2349 4633 θήσεται
2375 4562 2467 4616 ἐπὶ
2497 4560 2770 4615 θάλασσαν
2799 4562 2891 4615 καὶ
2920 4560 3183 4623 ἀνατολὰς
3202 4599 3217 4624 ,
3247 4561 3343 4612 καὶ
3371 4557 3460 4610 ἐπὶ
3487 4550 3662 4625 βορρᾶν

2127 4652 2222 4707 καὶ
2242 4653 2382 4707 λίϐα.
2409 4654 2520 4708 Ka‘t
2552 4654 3064 4725 ὲνευλογηθήσονται
3098 4654 3155 4704 ὲν
3189 4652 3269 4705 σοὶ
3301 4653 3466 4705 πᾶσαι
3499 4648 3548 4700 αι
3579 4658 3664 4720 φυέ

2052 4714 2097 4769 D
2123 4745 2212 4800 λαὶ
2243 4746 2342 4816 τῆς
2377 4745 2481 4815 γῆς
2502 4784 2517 4808 ,
2546 4747 2641 4799 καὶ
2667 4747 2725 4798 ὲν
2858 4714 3130 4816 σπέρματί
3163 4760 3276 4796 σου.
3308 4743 3416 4795 Καὶ
3441 4738 3539 4792 ἰδοὺ
3565 4717 3658 4800 ἐγώ

2123 4840 2238 4908 εἰμι
2282 4838 2419 4909 μετὰ
2444 4839 2539 4890 σοῦ
2557 4877 2574 4903 ,
2601 4837 2980 4907 διαφυλάσσων
3011 4853 3069 4889 σε
3099 4839 3156 4889 ὲν
3186 4838 3252 4906 τῇ
3283 4833 3386 4905 ὁδῷ
3409 4833 3576 4899 πάσῃ,
3607 4816 3658 4876 οὗ

2119 4930 2186 4984 ἂν
2219 4931 2510 5003 πορευθῇς,
2532 4932 2624 4984 καὶ
2647 4931 2974 5002 ἀποστρέψω
2998 4946 3058 4982 σε
3087 4931 3166 4992 εἰς
3196 4927 3293 4998 τὴν
3327 4929 3426 4996 γῆν
3456 4922 3651 4988 ταύτην

2123 5023 2204 5076 ὅτι
2248 5023 2309 5075 οὐ
2355 5024 2427 5094 μή
2481 5041 2540 5076 σε
2585 5024 2998 5092 ἐγκαταλείποι,
3057 5022 3160 5085 ἓως
3202 5019 3293 5073 τοῦ
3347 5011 3552 5085 ποιῆσαί
3597 5021 3653 5077 με

2124 5114 2299 5167 πάντα
2333 5115 2435 5168 ὅσα
2477 5114 2715 5186 ὲλάλησά
2752 5132 2854 5168 σοι.
2891 5115 3002 5168 Ka‘t
3041 5111 3309 5184 ἐξηγέρθη
3351 5104 3527 5163 Ἰακὼϐ
3560 5097 3650 5155 ἀπὸ

2121 5205 2217 5260 τοῦ
2247 5206 2414 5261 ὕπνου
2458 5208 2523 5261 αὐ
2537 5208 2620 5261 τοῦ
2645 5248 2661 5272 ,
2701 5209 2796 5261 καὶ
2825 5203 3006 5271 εἶπεν,
3035 5207 3137 5269 ὅτι,
3182 5205 3336 5257 Ἔστι
3373 5199 3556 5270 Κύριος
3601 5191 3648 5241 έν

2123 5298 2200 5369 τῷ
2224 5299 2374 5370 τόπῳ
2411 5299 2621 5371 τούτῳ,
2656 5298 2767 5369 ἐγὼ
2806 5299 2864 5352 δὲ
2907 5298 3006 5351 οὐκ
3049 5296 3214 5368 ᾔδειν.
3256 5294 3366 5348 Καὶ
3404 5282 3643 5359 ἐφοϐήθην

2124 5392 2220 5444 καὶ
2277 5387 2463 5446 εἶπενο
2514 5393 2602 5457 Ὠς
2666 5391 2896 5462 φοϐερὸς
2932 5392 2961 5443 6
2996 5389 3159 5452 τόπος
3202 5381 3386 5449 οὗτοςὲ
3425 5382 3513 5435 οὐκ
3549 5375 3644 5428 ἐστι

2121 5485 2278 5539 τοῦτο
2305 5487 2418 5540 ἀλλ’
2449 5486 2482 5557 ἢ
2511 5482 2659 5548 οἶκος
2689 5483 2846 5548 Θεοῦ,
2877 5485 2971 5537 καὶ
3001 5483 3138 5552 αὕτη
3168 5485 3202 5552 ἡ
3239 5479 3379 5550 πύλη
3407 5473 3492 5529 τοῦ
3515 5469 3646 5557 οὑΡίΫ

2120 5575 2233 5632 νοῦ.
2265 5577 2375 5630 Ka‘t
2406 5553 2604 5647 ἀνέστη
2649 5575 2842 5629 Ἰακὼϐ
2875 5576 2934 5629 τὸ
2973 5575 3150 5648 πρωῒ,
3186 5576 3280 5628 καὶ
3303 5568 3452 5626 ἔλαθε
3478 5562 3555 5617 τὸν
3577 5553 3642 5609 λι-

2126 5667 2248 5737 θον,
2273 5669 2333 5724 ὃν
2373 5668 2615 5740 ὑπέθηκε
2655 5669 2790 5740 πρὸς
2819 5668 3062 5740 κεφαλῆς
3091 5665 3288 5730 αὐτοῦ,
3336 5662 3423 5719 καὶ
3456 5657 3644 5720 ἔστησεν
