3894 6510
107 382 189 439 385
1002 372 1657 430 DEMONSTBATIONIS
1693 371 2155 429 EVANGELICAS
2196 368 2329 428 LIB.
2372 372 2439 428 Ἴ.

3240 380 3351 437 586

108 498 238 553 αὖτὸν
266 494 471 565 στήλην
500 534 515 556 ,
557 494 655 547 καὶ
693 493 919 564 ἐπέχεεν
952 492 1129 547 ἔλαιον
1158 494 1253 546 ἐπὶ
1289 494 1349 546 τὸ
1378 494 1545 566 ἄκρον
1574 494 1669 547 αύ-

1784 492 2021 564 tngelum
2070 507 2289 562 quoque
2345 489 2442 546 Dei
2493 488 2754 563 deinceps
2808 508 3138 563 progressus
3193 494 3345 551 inve-

107 588 206 658 τῆς,
244 585 335 637 καὶ
366 584 610 636 ἐκάλεσε
647 584 839 637 τιακὼϐ
869 584 931 636 τὸ
965 585 1136 653 ὄνομα
1181 583 1273 636 τοῦ
1303 584 1469 636 τόπου
1521 585 1667 637 ὲκεί-

111 700 197 745 tm,
222 675 366 740 οἶκος
401 678 572 731 Θεοῦ.
611 697 627 729 ι
661 678 860 731 Τοῦτον
889 678 981 730 τὸν
1027 676 1258 731 ἐνταῦθα
1289 677 1378 730 διὰ
1404 677 1669 730 τοσούτων

112 770 488 845 χρηματίζοντα
543 770 750 841 Κύριον
801 770 895 822 καὶ
940 770 1092 835 Θεὸν,
1139 770 1365 839 ἄγγελον
1394 768 1487 822 τοῦ
1534 769 1667 822 Θεοὖ

108 864 277 935 egotibi;
319 863 450 933 ἑξῆς
488 864 750 933 εὑρήσεις
776 903 789 925 ,
824 863 882 915 ὲν
916 857 997 925 οἷς
1024 879 1156 932 φησι
1192 862 1329 932 πρὸς
1360 861 1457 924 τὰς
1488 865 1673 930 γυναῖ-

108 975 185 1021 κας
221 955 375 1017 αὐτὸς
434 954 671 1007 Ἰακώϐο
704 973 721 1004 ‹
754 954 863 1006 Καὶ
915 950 1036 1007 εῖπέ
1086 971 1174 1024 μοι
1224 955 1254 1005 6
1304 953 1533 1022 ἄγγελος
1577 954 1668 1008 τοῦ

106 1051 211 1105 Θεοῦ
234 1049 349 1101 καθ’
384 1045 602 1100 ὕπνον·
653 1046 865 1100 Ἰακώϐ.
936 1046 1073 1114 Ἐγὼ
1097 1047 1152 1099 δὲ
1178 1043 1330 1098 εἶπα·
1379 1047 1443 1098 Τί
1473 1047 1587 1098 ἐστι
1610 1063 1622 1111 ;
1646 1066 1666 1098 ι

108 1143 194 1197 Καὶ
220 1142 339 1210 ἑξῆς
359 1156 373 1168 ·
400 1160 419 1191 t
461 1141 745 1213 Ἑώρακα,
779 1160 797 1192 ι
823 1141 974 1212 φησὶ,
1002 1160 1019 1191 ι
1043 1141 1221 1194 πάντα
1251 1142 1347 1193 ὅσα
1380 1140 1564 1193 Λάϐαν
1590 1140 1672 1193 σοὶ

110 1236 239 1286 ποιεῖ.
276 1228 421 1299 Ἐγὼ
452 1232 482 1283 6
507 1231 647 1294 Θεὸς
680 1232 707 1283 6
734 1231 918 1300 ὀφθείς
955 1248 1036 1284 σοι
1064 1233 1121 1283 ἐν
1148 1231 1321 1302 τόπῳ,
1348 1224 1410 1284 οὗ
1442 1230 1671 1300 ἧλειψάς

116 1340 183 1391 μοι
214 1325 321 1374 ἐκεῖ
353 1321 572 1393 στήλην
598 1361 615 1384 ,
664 1323 759 1375 καὶ
802 1320 948 1393 ηὔξω
992 1339 1080 1393 μοι
1114 1323 1297 1394 εὐχήν.
1336 1323 1490 1393 »Ἆρ’
1514 1318 1604 1374 οὖν
1644 1323 1673 1373 6

110 1415 328 1483 ἀνωτέρω
357 1414 577 1483 φήσας,
618 1433 637 1464 ι
678 1413 817 1482 Ἐγὼ
848 1414 1051 1486 Κύριος
1083 1416 1111 1467 6
1141 1414 1271 1478 Θεὸς
1304 1414 1553 1484 Ἀϐραὰμ
1577 1411 1670 1465 τοῦ

110 1507 278 1577 πατρός
300 1523 415 1569 σου,
434 1506 537 1559 καὶ
568 1508 599 1558 6
627 1506 758 1570 Θεὸς
774 1507 1005 1573 Ἰσαὰκ,»
1032 1500 1076 1574 ᾧ
1101 1508 1195 1559 καὶ¹
1220 1507 1419 1578 στήλην
1449 1506 1675 1577 ἀνέστη-

114 1597 523 1668 ανὸθεοφιλὴς,
574 1598 708 1661 Θεὸς
746 1599 842 1669 μὲν
870 1594 937 1668 ἦν
975 1600 1069 1651 καὶ
1114 1597 1316 1669 Κύριος
1370 1594 1539 1668 (αύτῷ
1564 1600 1673 1670 γὰρ

112 1689 285 1754 λέγοντι
328 1686 713 1755 πιστευτέον),
763 1687 824 1739 οὐ
865 1685 968 1756 μὴν
1000 1687 1029 1738 ὁ
1076 1686 1167 1738 ἐπὶ
1210 1685 1461 1748 πάντων,
1499 1684 1612 1737 ἀλλ’
1644 1685 1673 1736 6

114 1776 284 1828 ἐκείνου
303 1776 600 1848 δεύτερος,
630 1777 697 1830 τὰ
728 1777 821 1829 τοῦ
858 1777 1068 1847 [ἰατρὸς
1099 1779 1177 1839 είς
1209 1775 1530 1846 ἀνθρώπους
1553 1775 1671 1827 δια-

1769 586 1887 640 nies
1917 602 1932 640 :
1981 584 2073 639 ubi
2119 584 2186 638 ad
2223 582 2480 638 mulieres
2508 585 2582 637 ait
2613 585 2729 654 ipse
2759 583 2931 640 Iacob
2965 605 2979 640 ε
3044 606 3063 638 ι
3108 585 3173 641 Ει
3202 589 3344 642 dixit

1770 676 1902 731 mihi
1953 675 2178 746 angelus
2225 674 2319 729 Dei
2369 674 2423 729 in
2472 676 2703 741 somnis,
2761 675 2959 732 Iacob.
3002 677 3115 749 Ego
3162 688 3348 734 autem

1769 769 1880 822 dixi
1914 783 1927 821 :
1960 766 2101 834 Quid
2142 776 2226 823 est
2254 767 2341 820 δη
2372 785 2390 819 ι
2427 765 2491 820 Et
2519 767 2777 838 deinceps
2809 787 2822 823 :
2861 788 2879 819 ι
2916 768 3059 837 Vidi,
3100 791 3123 823 ›
3147 772 3348 841 inquit,

1771 860 1933 931 236
1968 879 1987 910 ‹
2018 860 2200 913 omnia
2246 873 2604 929 quaecumque
2642 858 2828 915 Laban
2884 861 2988 915 tibi
3019 863 3166 918 facit.
3231 864 3353 933 Ego

1772 953 1937 1017 Deus,
1985 953 2079 1022 qui
2121 950 2347 1021 apparui
2394 949 2493 1005 tibi
2526 951 2582 1005 in
2617 952 2758 1015 loco,
2807 952 2899 1007 ubi
2949 955 3154 1010 unxisti
3209 956 3347 1009 mihi

1770 1046 2011 1108 titulum,
2044 1050 2099 1099 et
2120 1043 2318 1098 vovisti
2359 1044 2493 1099 mihi
2521 1052 2707 1099 votum
2732 1045 2797 1099 ⁸³.
2841 1065 2863 1097 ι
2894 1044 3036 1115 Ergo
3062 1046 3154 1116 qui
3179 1062 3348 1117 supra

1771 1138 2005 1198 dixerat,
2046 1154 2065 1188 ‹
2113 1134 2227 1206 Ego
2251 1134 2513 1190 Dominus
2546 1134 2689 1192 Deus
2728 1137 3002 1191 Abraham
3030 1137 3203 1208 patris
3237 1139 3345 1201 tui,

1772 1241 1824 1285 et
1855 1229 1996 1285 Deus
2026 1227 2199 1293 Isaac,
2234 1248 2254 1280 ι
2281 1228 2369 1283 cui
2405 1236 2458 1282 et
2500 1227 2720 1281 titulum
2774 1229 2947 1284 erexit
2984 1229 3076 1284 Dei
3111 1232 3347 1293 amicus,

1772 1322 1916 1379 Deus
1945 1323 2161 1392 quidem
2196 1330 2313 1376 erat
2355 1328 2409 1375 et
2461 1319 2727 1375 Dominus
2770 1321 2899 1392 (ipsi
2949 1322 3095 1376 enim
3141 1322 3348 1378 dicenti

1773 1412 2149 1484 credendum),
2184 1428 2295 1466 non
2328 1419 2507 1466 tamen
2541 1414 2587 1468 is
2618 1413 2709 1482 qui
2737 1411 2900 1466 Pater
2920 1420 3023 1476 est,
3052 1420 3106 1467 et
3140 1428 3170 1467 ο
3197 1414 3352 1467 nullo

1772 1514 1876 1573 est,
1914 1505 2008 1561 sed
2039 1504 2131 1576 qui
2158 1520 2242 1568 ea,
2284 1519 2406 1574 quae
2432 1505 2497 1558 ad
2530 1503 2744 1559 Patrem
2778 1504 3073 1573 pertinent,
3113 1504 3351 1558 homini-

1773 1598 1878 1653 bus
1919 1595 2301 1653 subministrat
2341 1604 2395 1651 et
2440 1596 2673 1650 nuntiat.
2730 1595 3000 1661 Quocirca
3049 1594 3211 1650 etiam
3244 1610 3339 1648 an-

1773 1691 1953 1761 gelum
2008 1690 2188 1760 ipsum
2243 1690 2295 1743 in
2351 1687 2604 1757 praesenti
2664 1696 2824 1742 vocat
2884 1686 3051 1741 Iacob
3109 1687 3199 1741 ubi
3249 1687 3345 1747 ait,
3400 1714 3401 1717 η

1779 1801 1797 1833 ι
1836 1781 1979 1835 Dixit
2010 1780 2143 1834 mihi
2173 1780 2399 1850 angelus
2430 1779 2522 1832 Dei
2550 1779 2605 1833 in
2631 1778 2838 1834 somnis
2858 1778 3023 1832 verba
3058 1777 3173 1831 haec
3197 1796 3212 1832 :
3238 1775 3352 1847 Ego

114 1869 399 1937 πονούμενος
432 1871 536 1920 καὶ
561 1868 913 1937 διαγγέλλων.
952 1869 1042 1921 Διὸ
1071 1868 1161 1921 καὶ
1191 1866 1419 1935 ἄγγελον
1453 1868 1614 1918 αὐτὸν
1647 1869 1676 1919 6

1784 1884 1897 1925 sum
1928 1868 2090 1933 Deus,
2124 1869 2215 1938 qui
2242 1868 2586 1939 apparuitibi
2612 1869 2667 1922 in
2698 1869 2839 1923 loco.
2882 1887 2901 1919 ›
2948 1867 3089 1938 Ergo
3114 1868 3257 1921 idem
3298 1876 3353 1920 et

122 1958 282 2011 Ἰακὼϐ
310 1959 403 2011 ἐπὶ
424 1959 527 2012 τοῦ
558 1961 823 2031 παρόντος
852 1959 1037 2012 καλεῖ·
1069 1979 1087 2010 ι
1112 1955 1245 2013 Εἶπὲ
1271 1975 1359 2029 μοι
1385 1961 1413 2010 6
1442 1958 1670 2025 ἄγγελος

115 2053 189 2104 τοῦ
227 2052 353 2105 Θεοῦ
410 2054 651 2121 φάσκων
700 2051 819 2105 καθ’
854 2052 1047 2105 ὕπνον⁸
1086 2051 1223 2121 Ἐγώ
1273 2052 1386 2120 εἰμι
1418 2049 1445 2100 6
1478 2048 1608 2112 Θεὸς
1643 2051 1672 2101 6

118 2144 266 2213 ὀφθείς
302 2161 382 2198 σοι
421 2147 482 2197 ὲν
524 2144 611 2215 τῷ
653 2145 821 2216 τόπῳ.
856 2163 873 2193 ι
910 2144 1118 2197 Οὐκοῦν
1163 2146 1192 2197 6
1236 2143 1397 2205 αὐτὸς
1442 2142 1672 2211 ἄγγελος

121 2236 289 2307 Κυρίου
310 2238 400 2289 καὶ
427 2236 575 2300 Θεὸς
607 2239 697 2291 καὶ
742 2238 966 2309 Κύριος,
1000 2236 1185 2306 σαφῶς
1212 2236 1298 2289 διὰ
1348 2235 1549 2289 τούτων
1582 2235 1674 2287 ἁν-

120 2329 395 2399 ήγόρευται.
443 2330 568 2383 Καὶ⁵
606 2331 663 2382 ὲν
706 2330 903 2401 Ἦσαῖα
929 2330 986 2382 δὲ
1008 2328 1086 2399 τῷ
1125 2330 1397 2400 προφήτῃ,
1434 2325 1673 2397 μεγάλης

126 2422 283 2492 βουλῆς
324 2422 597 2492 ἄγγελος,
642 2421 776 2493 ὁμοῦ
817 2422 873 2475 δὲ
917 2422 1012 2475 καὶ
1055 2421 1186 2485 Θεὸς
1220 2421 1314 2473 καὶ
1363 2419 1546 2490 ἄρχων
1579 2419 1672 2471 καὶ

123 2512 433 2586 ἑξουσιαστὴς
451 2514 946 2587 προσαγορεύεται,
967 2515 1025 2566 ὲν
1051 2508 1131 2577 οἷς
1148 2512 1244 2583 τὴν
1264 2513 1342 2575 εἰς
1357 2509 1673 2583 ἀνθρώπους

128 2604 258 2659 αὐτοῦ
284 2606 493 2673 γένεσιν
526 2606 799 2671 θεσπίζει,
833 2606 1036 2675 λέγων·
1076 2623 1093 2655 ‹
1129 2605 1248 2657 Ὅτι
1279 2602 1488 2655 παιδίον
1519 2604 1672 2668 ἐγεν-

126 2695 230 2766 νήθη
258 2699 400 2767 ἡμῖν,
432 2699 535 2753 καὶ
582 2698 697 2761 υἱὸς
722 2698 878 2767 ἐδόθη
923 2699 1055 2768 ἡμῖν
1079 2737 1092 2762 ,
1134 2689 1194 2749 οὗ
1223 2695 1256 2765 ἡ
1288 2694 1428 2765 ἀρχὴ
1462 2694 1553 2745 ἐπὶ
1580 2690 1673 2745 τοῦ

1776 1961 2003 2031 angelus
2032 1959 2269 2023 Domini,
2295 1968 2351 2014 et
2381 1958 2546 2024 Deus,
2575 1967 2628 2015 et
2670 1959 2954 2024 Dominus,
2988 1959 3146 2030 plane
3176 1960 3231 2012 in
3263 1958 3352 2012 bis

1776 2052 2078 2122 appellatus
2125 2059 2229 2107 est.
2266 2050 2335 2105 Et
2382 2052 2526 2121 apud
2556 2050 2753 2106 Isaiam
2788 2051 3111 2121 prophetam
3166 2050 3349 2119 magni

1776 2142 1991 2221 consilii
2024 2142 2272 2210 angelus,
2308 2140 2638 2212 interimque
2666 2148 2719 2196 et
2764 2140 2927 2203 Deus,
2966 2149 3019 2195 et
3069 2140 3349 2210 princeps,

1779 2243 1832 2289 et
1858 2241 2186 2303 potestatem
2230 2232 2441 2287 habens
2492 2234 2829 2298 nominatur,
2873 2233 2965 2287 ubi
3002 2240 3157 2287 ortus
3199 2232 3351 2286 illius

1781 2326 1927 2379 inter
1972 2325 2225 2381 homines
2273 2326 2513 2390 canitur,
2539 2340 2567 2378 a
2593 2326 2830 2388 dicente,
2913 2325 3055 2395 quod
3096 2342 3115 2374 ι
3152 2340 3353 2395 puern-

1778 2418 1865 2472 lus
1898 2426 2059 2471 natus
2090 2427 2175 2472 est
2205 2418 2386 2481 nobis,
2420 2424 2475 2473 et
2513 2416 2656 2470 filius
2691 2415 2852 2470 datus
2875 2425 2958 2471 est
2988 2415 3168 2478 nobis,
3191 2416 3351 2485 cujus

1778 2508 2118 2578 principatus
2140 2521 2305 2577 super
2335 2508 2623 2562 humerum
2652 2506 2799 2577 ejus,
2828 2515 2882 2561 et
2905 2516 3131 2562 vocatur
3152 2522 3351 2561 nomen

1780 2600 1901 2670 ejus
1933 2599 2114 2670 magni
2146 2598 2365 2653 consilii
2395 2599 2646 2669 angelus,
2704 2600 2959 2668 princeps
3003 2598 3174 2668 pacis,
3206 2596 3350 2649 Deus

1780 2690 1962 2758 fortis,
1987 2691 2286 2759 potentiam
2312 2690 2544 2754 habens,
2574 2700 2725 2758 pater
2756 2689 2925 2744 futuri
2950 2691 3122 2745 seculi
3142 2689 3209 2743 “.
3250 2706 3273 2742 ι

130 2788 249 2857 ὤμου
276 2791 465 2858 αὑτοῦ,
521 2795 622 2846 καὶ
655 2792 898 2845 καλεῖται
938 2792 998 2845 τὸ
1034 2790 1203 2861 ὄνομα
1233 2789 1395 2843 αὑτοῦ
1432 2788 1673 2861 μεγάλης
1712 2786 1905 2858 βουλῆς
1967 2785 2217 2855 ἄγγελος,
2253 2784 2436 2857 ἄρχων
2496 2786 2738 2857 εἰρήνης,
2768 2786 2901 2849 Θεὸς
2934 2785 3169 2857 ἰσχυρὸς,
3201 2783 3354 2849 ἐξου-

131 2887 314 2958 σιαστὴς
335 2929 349 2953 ,
380 2889 574 2961 πατὴρ
597 2888 692 2943 τοῦ
728 2888 1011 2959 μέλλοντος
1036 2886 1248 2949 αἰῶνος.
1300 2905 1318 2938 ι

625 3005 1017 3059 ΚΕΦΑΛΑΙΟΝ
1056 3006 1157 3057 IA'.

140 3122 213 3188 Ὠς
239 3122 327 3176 καὶ
365 3121 576 3177 Ἰακὼϐ
614 3118 718 3172 τὸν
766 3117 1227 3186 προδηλωθέντα
1257 3117 1356 3171 καί
1383 3116 1547 3188 ,Θεὸν
1575 3116 1674 3169 καὶ

2383 2992 2613 3047 CAPUT
2663 2992 2755 3047 XI.

1785 3108 1937 3177 Quod
1970 3110 2128 3162 etiam
2151 3106 2319 3161 Iacob
2345 3123 2484 3170 eum,
2527 3106 2590 3159 de
2631 3122 2732 3177 quo
2767 3106 3003 3174 proxime
3031 3104 3229 3158 dictum
3250 3116 3354 3168 est,

187 3177 394 3266 Κύριον,
420 3193 526 3266 καὶ
552 3190 628 3257 δὴ
656 3189 753 3266 καί
781 3177 1059 3266 ἄγγελον,
1087 3188 1299 3266 ὁμοίως
1332 3186 1411 3266 τῷ
1445 3188 1688 3266 Ἀϐραὰμ

1859 3190 1908 3233 et
1940 3182 2104 3266 Deum
2134 3188 2183 3232 et
2214 3178 2519 3266 Dominum,
2543 3186 2797 3266 pra’tcrea
2824 3179 3062 3266 angelum
3087 3177 3354 3256 similiter,

187 3256 897 3331 ér'dropdixovoxﬁyan
945 3256 1144 3326 θεωρεῖ
1183 3256 1281 3311 διὰ
1338 3256 1449 3325 τῆς
1490 3258 1679 3323 οὕτως

192 3332 423 3403 ἐχούσης
448 3332 750 3400 ἱστορίας.

197 3464 212 3496 ι
249 3448 498 3511 Ἀναστὰς
546 3446 602 3501 δὲ
648 3445 746 3516 τὴν
786 3443 959 3498 νύκτα
1004 3443 1240 3515 ἐκείνην,
1276 3442 1435 3495 ἔλαϐε
1463 3441 1561 3505 τὰς
1588 3442 1680 3496 δύο

140 3542 375 3606 Τιναῖκας,
402 3542 497 3594 καὶ
527 3540 626 3602 τὰς
651 3537 742 3591 δύο
771 3538 1083 3599 παιδίσκας,
1112 3537 1206 3589 καὶ
1233 3536 1301 3589 τὰ
1328 3535 1520 3589 ἕνδεκα
1554 3553 1681 3590 παι-

142 3629 206 3681 δία
247 3633 389 3686 αὐτοῦ
410 3674 424 3698 ,
461 3633 567 3685 καὶ
598 3629 750 3701 διέϐη
777 3629 875 3700 τὴν
907 3628 1153 3682 διάϐασιν
1192 3627 1289 3699 τὴν
1326 3627 1520 3680 Ἰακώϐ
1543 3644 1556 3657 ·
1590 3629 1682 3681 καὶ⁹

144 3722 292 3776 ἔλαϐεν
348 3727 582 3788 αὐτοὺς,
634 3723 728 3776 καὶ
774 3721 1046 3775 διεϐίϐασε
1121 3720 1297 3772 πάντα
1348 3719 1416 3773 τὰ
1465 3719 1677 3772 ἑαυτοῦ.

153 3812 433 3887 ’Υπελείφθη
456 3817 521 3870 δὲ
556 3815 748 3869 Ἰακὼϐ
779 3815 957 3885 μόνος,
991 3814 1083 3867 καὶ
1111 3811 1338 3866 ὲπάλαιε
1373 3814 1489 3881 μετ’
1517 3810 1680 3864 αὑτοῦ

146 3902 378 3975 ἄνθρωπος
412 3910 527 3971 ἓως
570 3908 734 3978 πρωῒ.
770 3902 892 3959 Εἴδε
945 3905 1031 3970 δὲ,
1074 3905 1152 3957 ὅτι
1192 3905 1251 3957 ού
1285 3903 1503 3956 δύναται
1548 3903 1683 3974 πρὸς

149 3999 291 4061 αὐτὸν,
327 4004 415 4053 καὶ
439 4001 626 4072 ἥψατο
654 3998 748 4052 τοῦ
778 3999 1015 4057 πλάτους
1047 3996 1137 4050 τοῦ
1170 3995 1343 4066 μηροῦ
1372 3995 1558 4058 αὐτοῦ,
1589 3995 1683 4048 καὶ

150 4091 367 4163 ἐνάρκήσε
391 4095 449 4147 τὸ
476 4093 680 4154 πλάτος
703 4091 796 4143 τοῦ
821 4088 994 4161 μηροῦ
1024 4087 1237 4150 Ἰακὼϐ,
1257 4088 1315 4139 ὲν
1338 4086 1415 4156 τῷ
1436 4086 1683 4139 παλαίειν

151 4182 274 4234 αὐτὸν
318 4188 426 4254 μετ’
472 4182 663 4237 αὑτοῦ.
726 4183 836 4235 Καὶ
883 4177 1038 4234 εἷπεν
1085 4178 1270 4249 αύτῷ·
1345 4178 1683 4231 Ἀπόστειλόν

155 4288 230 4339 με·
272 4277 424 4348 ἀνέϐη
460 4276 574 4346 γὰρ
617 4278 644 4329 ὁ
682 4274 897 4345 ὸρθρος.
959 4273 1017 4325 'O
1065 4271 1121 4324 δὲ
1176 4268 1360 4323 εἶπεν·
1410 4272 1482 4323 Οὐ
1520 4271 1593 4341 μή
1624 4286 1683 4322 σε

152 4364 433 4435 ἀποστείλω,
476 4368 573 4422 ἐὰν
631 4368 704 4438 μή
766 4382 833 4436 με
880 4364 1197 4435 εύλογήσῃς.
1248 4357 1381 4414 Εἶπε
1424 4363 1469 4415 δ’
1500 4360 1679 4431 αὐτῷ’

152 4450 201 4503 Τί
245 4456 297 4508 τὸ
355 4456 529 4528 ὸνομά
597 4473 721 4520 σου;
780 4455 836 4506 '0
885 4453 941 4505 δὲ
1011 4447 1197 4504 εἶπεν
1268 4448 1481 4505 Ἰακώϐ.
1550 4447 1683 4503 Εἷπε

1854 3260 1912 3303 ut
1934 3250 2200 3303 Abraham
2238 3250 2291 3301 in
2316 3248 2542 3301 hominis
2573 3248 2747 3314 forma
2780 3247 3179 3315 contemplatur,
3214 3248 3270 3301 in
3295 3264 3360 3301 ea

1851 3322 2076 3374 historia
2104 3336 2220 3390 quae
2253 3319 2329 3371 sic
2375 3334 2430 3371 se
2469 3318 2650 3372 habet.

1856 3454 1875 3488 ι
1911 3434 2153 3505 Surgens
2188 3440 2367 3486 autem
2400 3439 2560 3486 nocte
2586 3431 2707 3493 illa,
2726 3430 2934 3499 accepit
2963 3430 3101 3486 duas
3126 3444 3353 3494 uxores,

1781 3542 1845 3583 ac
1889 3528 2025 3581 duas
2073 3525 2330 3587 famulas,
2381 3530 2435 3578 et
2481 3522 2735 3576 undecim
2786 3521 3046 3590 puerulos
3100 3536 3254 3582 suos.
3302 3530 3363 3576 et

1781 3620 2035 3676 transivit
2077 3619 2274 3673 vadum
2328 3615 2521 3680 Iacob,
2554 3621 2609 3669 et
2642 3614 2853 3683 accepit
2885 3627 3000 3678 eos,
3038 3622 3093 3667 et
3114 3614 3356 3668 traduxit

1782 3713 1964 3769 omnia
2017 3726 2137 3765 sua.
2204 3708 2272 3763 Et
2342 3708 2569 3764 relictus
2630 3713 2715 3761 est
2766 3705 2886 3775 ipse
2942 3701 3113 3759 Iacob
3166 3705 3356 3771 solus,

1781 3792 1835 3860 et
1860 3803 2170 3858 luctabatur
2193 3817 2318 3856 cum
2354 3816 2421 3855 eo
2450 3800 2612 3853 homo
2635 3812 2813 3867 usque
2843 3812 3023 3851 mane.
3076 3794 3226 3851 Vidit
3259 3812 3359 3850 au-

1783 3909 1887 3953 tem
1913 3897 2057 3967 quod
2080 3912 2190 3950 non
2213 3903 2398 3965 posset
2420 3878 2883 3954 adversus'illum,
2904 3898 2959 3945 et
2980 3890 3160 3960 attigit
3182 3890 3363 3944 latitu-

1784 3990 1962 4045 dinem
1987 3988 2208 4044 femoris
2222 3990 2360 4057 ejus,
2380 3995 2434 4041 et
2458 3986 2663 4056 torpuit
2680 3984 2911 4038 latitudo
2930 3983 3153 4040 feruoris
3168 3982 3358 4049 Iacob,

1784 4081 1911 4135 dum
1943 4080 2245 4134 luctaretur
2273 4078 2363 4131 hic
2393 4092 2516 4132 cum
2550 4077 2662 4130 illo.
2701 4074 2767 4128 Et
2793 4076 2932 4130 dixit
2980 4076 3031 4131 ei
3077 4094 3089 4130 :
3140 4073 3364 4129 Dimitte

1786 4187 1891 4234 me,
1924 4170 2173 4226 ascendit
2200 4169 2346 4223 enim
2382 4182 2603 4222 aurora.
2645 4165 2746 4221 Hic
2778 4182 2907 4223 vero
2937 4166 3075 4221 dixit
3106 4185 3120 4222 :
3153 4164 3274 4220 Non
3304 4173 3364 4221 ιιι

1784 4265 2073 4329 dimittam,
2118 4262 2223 4319 nisi
2267 4261 2402 4315 mihi
2446 4260 2811 4317 benedixeris.
2858 4259 3005 4313 Dixit
3034 4268 3217 4313 autem
3251 4259 3301 4314 ei
3341 4276 3356 4292 ο

1786 4356 1940 4424 Quod
1974 4363 2058 4411 est
2087 4369 2286 4409 nomen
2318 4353 2514 4407 tuum?
2543 4354 2611 4407 At
2642 4354 2733 4407 hic
2764 4352 2903 4407 dixit
2931 4353 2981 4406 ei
3017 4370 3031 4405 :
3075 4349 3264 4405 Iacob.
3293 4349 3365 4406 Et

1787 4450 1923 4504 dixit
1946 4448 1994 4503 ei
2020 4466 2034 4503 :
2062 4446 2184 4501 Non
2209 4447 2443 4517 amplius
2457 4444 2629 4501 Iacob
2649 4446 2931 4500 vocabitur
2958 4459 3157 4498 nomen
3184 4452 3360 4501 tuum.

153 4541 185 4594 δ’
224 4548 361 4619 αὐτῷ·
409 4550 612 4605 οὐκέτι
633 4606 639 4611 ,
660 4545 853 4601 Ἰακὼϐ
883 4544 1213 4615 κληθήσεται
1263 4544 1323 4596 τὸ
1348 4544 1516 4614 ὄνομα
1550 4561 1675 4604 σου,

1784 4538 1944 4609 237
1974 4538 2065 4593 sed
2092 4535 2259 4592 Israel
2294 4538 2398 4592 erit
2426 4551 2626 4591 nomen
2654 4542 2807 4589 tuum
2856 4552 2870 4587 :
2905 4535 3163 4605 quoniam
3212 4535 3359 4589 inva-

154 4635 239 4689 ἀλλ’
266 4641 463 4715 Ἰσραὴλ
494 4643 642 4696 ἔσται
668 4641 728 4694 τὸ
756 4640 928 4710 δνομά
962 4654 1053 4691 σου
1078 4655 1091 4668 ο
1121 4638 1201 4691 ὅτι
1224 4637 1509 4707 ὲνίσχυσας
1541 4635 1677 4706 μετά

157 4726 274 4794 Θεοῦ,
303 4737 385 4789 καὶ
418 4736 537 4808 μετ’
572 4730 869 4805 ἀνθρώπων
900 4730 1120 4794 δυνατὸς
1167 4728 1283 4800 ἔσῃ.
1331 4728 1607 4800 Ἠρώτησε
1626 4728 1682 4781 δὲ

165 4818 335 4890 Ἰακὼϐ,
366 4829 459 4881 καὶ
493 4823 643 4880 εἶπεν
662 4844 675 4856 ·
724 4823 1065 4892 ’Λνὰγγειλόν
1113 4839 1201 4893 μοι
1236 4821 1297 4875 τὸ
1334 4821 1505 4891 ὄνομα
1566 4837 1679 4873 σου.

157 4911 239 4966 Καὶ
265 4914 426 4973 εἶπεν·
469 4922 586 4973 Ἵνα
635 4919 687 4971 τί
741 4917 902 4970 τοῦτο
954 4917 1181 4986 ἐρωτᾷς,
1217 4915 1277 4968 τὸ
1327 4914 1495 4986 ὄνομα
1549 4931 1681 4984 μου;

161 5003 241 5058 Kx‘t
276 5012 555 5083 εὐλόγησεν
609 5012 770 5064 αὐτὸν
830 5012 964 5073 ἐκεῖ,
999 5009 1091 5061 καὶ
1139 5006 1361 5061 ἐκάλεσε
1411 5006 1472 5059 τὸ
1516 5006 1684 5077 ὄνομα

160 5094 231 5147 τοῦ
240 5099 379 5155 τόπου
399 5102 608 5157 ἐκείνου
637 5099 851 5165 Ἰακὼϐ,
870 5096 1045 5164 Εἶδος
1068 5097 1233 5152 Θεοῦ.
1254 5093 1405 5150 Εἶδον
1426 5094 1534 5166 γὰρ
1553 5095 1683 5149 Θεὸν

164 5188 396 5255 πρόσωπον
443 5194 579 5265 πρὸς
625 5193 931 5263 πρόσωπον,
967 5190 1061 5243 καὶ
1094 5187 1269 5258 ἐσώθη
1307 5191 1339 5258 ἡ
1374 5188 1518 5259 ψυχή
1557 5203 1677 5257 μου.

172 5274 381 5338 ’Ληίτειλε
413 5286 470 5339 δὲ
501 5285 647 5355 αὐτῷ
690 5286 718 5337 6
755 5284 925 5353 ἥλιος,
958 5282 1118 5352 ἡνίκα
1165 5280 1409 5349 παρῆλθε
1439 5279 1499 5331 τὸ
1545 5274 1683 5341 εἶδος

164 5368 234 5421 τοῦ
252 5371 381 5430 Θεοῦ.
429 5398 449 5431 ι
478 5376 567 5449 Τῷ
603 5378 699 5449 μὲν
748 5377 935 5432 Μωσεί
965 5376 1181 5445 εἴρητο·
1218 5392 1236 5423 ι
1269 5371 1455 5435 Οὐδεὶς
1499 5371 1688 5440 ὄψεται

164 5456 209 5510 τδ
230 5467 483 5533 πρόσωπόν
522 5486 622 5541 μου
656 5470 750 5523 καὶ
789 5467 1030 5538 ζήσεται·
1063 5484 1083 5518 ι
1117 5466 1177 5517 ὲν
1199 5464 1406 5527 τούτοις
1431 5464 1487 5517 δὲ
1519 5464 1547 5515 ὁ
1592 5460 1692 5515 Ἰα-

169 5548 255 5604 κὼδ
294 5555 384 5614 εἶδε
432 5562 563 5615 Θεὸν
614 5562 712 5631 οὐχ
763 5559 971 5624 ἁπλῶς,
1026 5557 1159 5612 ἀλλὰ
1213 5556 1503 5626 πρόσωπον
1557 5554 1692 5624 πρὸς

171 5646 429 5712 πράτωιωνσ
467 5655 560 5708 καὶ
585 5653 775 5716 σωθείς
806 5668 869 5721 γε
892 5652 952 5705 οὐ
984 5652 1045 5705 τὸ
1079 5650 1257 5721 σῶμα,
1293 5648 1427 5703 ἀλλὰ
1457 5646 1557 5718 τὴν
1585 5646 1692 5716 ψυ-

247 5799 282 5833 ⁸¹
311 5807 426 5866 Gen.
460 5826 612 5877 xxxi,
642 5809 724 5865 II.

824 5808 867 5843 υ
899 5807 1029 5863 ibid.
1071 5804 1587 5873 12,l3.“lsa.tx,
1622 5800 1675 5857 6.
1753 5801 1795 5832 ιε
1828 5798 1965 5855 Gen.
1998 5810 2173 5864 χχιιι,
2208 5793 2404 5851 22.51.

1786 4632 1934 4687 luisti
1959 4646 2083 4685 cum
2134 4629 2266 4696 Deo,
2300 4631 2465 4684 etiam
2498 4644 2622 4682 cum
2652 4626 2970 4683 hominibus
3007 4634 3200 4700 potens
3227 4626 3360 4681 eris.

1789 4722 2151 4793 Interrogavit
2171 4737 2302 4776 vero
2331 4712 2502 4776 Iacob
2526 4730 2579 4776 et
2609 4720 2684 4774 ait
2711 4739 2725 4775 :
2761 4718 2946 4776 Indica
2995 4718 3130 4773 mihi
3162 4732 3361 4774 nomen

1789 4826 1965 4873 tuum.
2018 4815 2085 4868 Et
2126 4815 2201 4868 ait
2243 4834 2255 4869 :
2295 4813 2436 4880 Quid
2481 4815 2556 4868 ita
2586 4814 2786 4883 quaeris
2816 4827 3012 4868 nomen
3043 4811 3266 4866 meum?
3298 4810 3364 4864 Et

1793 4907 2074 4963 benedixit
2105 4906 2154 4960 ei
2196 4905 2251 4959 in
2294 4906 2390 4959 illo
2432 4905 2574 4968 loco,
2619 4912 2674 4959 et
2718 4906 2931 4961 vocavit
2966 4901 3137 4958 Iacob
3163 4918 3361 4956 nomen

1792 5000 1899 5054 loci
1938 4999 2110 5061 illius,
2146 4995 2383 5066 Speciem
2426 4995 2547 5050 Dei.
2580 4996 2784 5067 Aspexi
2814 4995 2960 5050 enim
3009 4992 3181 5047 Deum
3223 4992 3363 5046 facie

1792 5091 1861 5145 ad
1894 5089 2091 5145 faciem
2129 5106 2144 5143 :
2186 5096 2241 5143 et
2269 5095 2484 5144 servata
2533 5097 2617 5142 est
2659 5088 2839 5142 anima
2889 5100 3029 5140 mea.
3085 5083 3252 5137 Ortus
3279 5093 3364 5137 est

1790 5193 1969 5239 autem
2010 5182 2087 5235 illi
2118 5183 2222 5248 sol,
2254 5196 2380 5236 cum
2431 5181 2721 5236 transisset
2770 5178 2979 5248 species
3014 5175 3106 5230 Dei
3136 5176 3204 5229 ”.
3245 5192 3265 5226 ι
3296 5172 3363 5228 Et

1789 5274 1925 5329 Mesi
1943 5272 2158 5343 quidem
2172 5272 2375 5327 dictum
2390 5280 2474 5326 est
2489 5288 2531 5324 τι
2553 5268 2744 5323 Nullus
2760 5267 2962 5322 videbit
2979 5264 3170 5319 faciem
3187 5279 3362 5319 meam

1788 5375 1843 5421 et
1876 5366 2020 5419 vivet
2043 5363 2124 5417 “z
2158 5382 2177 5415 ι
2213 5362 2304 5416 hic
2329 5370 2508 5416 autem
2527 5359 2696 5415 Iacob
2727 5357 2865 5413 vidit
2893 5356 3061 5411 Deum
3090 5370 3201 5410 non
3232 5354 3365 5409 sim-

1788 5458 2028 5532 pliciter,
2064 5456 2159 5512 sed
2199 5455 2340 5510 facie
2368 5454 2437 5509 ad
2469 5454 2664 5509 faciem
2710 5470 2722 5503 :
2756 5459 2811 5506 et
2844 5466 2968 5507 cum
2998 5458 3244 5506 servatus
3270 5464 3363 5504 es-

1794 5560 1900 5615 set,
1928 5566 2036 5605 non
2071 5562 2323 5618 corpore,
2352 5546 2446 5602 sed
2465 5545 2670 5608 animo,
2702 5544 2768 5598 ad
2796 5541 3176 5614 appellationis
3196 5538 3365 5598 Israel

1797 5641 2121 5713 dignitatem
2153 5646 2468 5707 assumptus
2494 5643 2599 5701 est,
2634 5648 2754 5706 quae
2778 5648 2908 5688 sane
2936 5629 3223 5703 appellatio
3246 5626 3369 5685 ani-

2512 5795 2557 5828 "
2584 5791 2758 5849 Exod.
2793 5802 2971 5855 xxxtt,
2998 5785 3087 5843 20.
