3894 6516
476 362 586 423 587
1134 364 1409 423 ‘EUSEBII
1446 365 1922 423 (JASSARIENSIS
1960 366 2056 424 ΟΡ]

2159 365 2312 421 ’ARS
2350 364 2529 420 113-
2564 360 3061 419 APOLOGETICA.
3367 360 3377 371 ’
3626 362 3765 418 388

481 493 694 535 marum
728 479 1071 549 cognominis
1094 487 1217 534 est:
1252 479 1523 549 siquidem
1557 480 1735 551 ipsum
1766 480 1935 537 Israel
1958 496 2056 536 nos

2159 478 2276 550 χὴν,
2310 478 2409 548 τῆς
2458 478 2549 531 ἐπὶ
2579 478 2671 529 τὸν
2717 476 2930 548 Ἰσραὴλ
2962 477 3346 547 προσωνυμίας
3375 480 3600 551 ἠξιώθη,
3647 498 3757 549 φε-

481 587 629 634 men,
696 571 742 625 si
802 570 1202 641 interpreteris,
1251 570 1504 625 videntem
1548 572 1716 627 Deum
1763 574 2052 644 signiﬁcat.

2162 568 2409 643 ρωνύμου
2461 568 2646 639 ψυχῶν
2690 568 3089 639 προσηγορίας,
3141 568 3193 621 εί
3239 587 3323 639 γε,
3376 572 3764 645 ἐρμηνευΘὲ-ν,

482 659 601 715 Νοιι
634 660 800 731 igitur
823 669 1030 731 patrem
1058 660 1226 715 Deum
1249 660 1406 724 vidit,
1428 662 1522 717 sed
1547 661 1715 717 Deum
1740 663 1929 729 ﬁlium,
1958 681 2056 719 cu-

2159 663 2384 730 ὀρῶντα
2414 662 2559 715 Θεὸν
2583 660 2645 713 τὸ
2676 659 2889 731 Ἰσραὴλ
2909 660 3076 731 δνομα
3092 662 3363 731 σημαίνει.
3378 664 3491 717 Οὐκ
3512 664 3625 735 ἄρα
3645 662 3763 717 τὸν

479 753 571 822 jus
601 752 764 808 etiam
798 752 1076 807 curiosius
1110 754 1530 822 appellationem
1564 756 1829 825 quaerenti
1860 756 2051 823 Iacob,

2159 756 2249 808 ἐπὶ
2278 754 2493 807 πάντων
2525 753 2655 805 Θεὸν
2680 752 2844 823 ἐώρα·
2877 753 3103 824 ἀόρατος
3128 753 3236 824 γὰρ
3267 747 3420 817 οὗτος
3451 755 3546 807 καὶ
3567 753 3759 823 ἀτρε-

482 846 725 901 nondum
761 855 879 900 erat
915 845 1235 899 enuntiandi
1281 855 1495 916 tempus
1546 867 1559 903 :
1610 848 1753 918 quod
1782 849 1830 904 si
1863 864 2054 918 quem-

2159 862 2307 909 πτος,
2331 847 2425 899 καὶ
2451 843 2699 917 οὐδαμῶς
2727 844 2794 898 ἂν
2816 847 2895 909 είς
2918 843 3198 915 ἄνθρωπον
3228 846 3567 915 μεταϐάλλοι,
3588 847 3759 899 ἁπά-

483 939 627 1008 piam
658 954 723 993 ex
771 938 1004 1008 angelis,
1037 947 1132 991 aut
1177 953 1245 993 ex
1290 940 1378 1006 iis,
1414 940 1504 1009 qui
1544 941 1743 995 malum
1783 941 2052 1009 incolunt,

2159 955 2256 1009 σης
2293 936 2368 991 ὢν
2416 937 2673 990 ἀνωτάτω
2705 937 3141 1008 οὐσίας.Ἒτερον
3174 938 3299 1009 ἄρα,
3335 933 3393 992 οὐ
3430 940 3525 991 καὶ
3562 938 3757 992 πολυ-

481 1030 684 1085 divinis
714 1030 1022 1100 spiritibus,
1055 1047 1180 1086 eum
1217 1035 1311 1102 qui
1349 1034 1556 1089 sanctis
1609 1036 1831 1088 oracula
1887 1036 2053 1090 mini-

2159 1030 2558 1102 πραγμονοῦντι
2589 1029 2779 1100 καιρός
2811 1045 2898 1081 πω
2928 1028 3028 1081 οὐκ
3058 1024 3126 1096 ἦν
3153 1028 3384 1097 ἐκφάναι
3411 1028 3487 1099 τῷ
3535 1029 3759 1083 Ἰακὼῦ

482 1124 694 1177 strabat
744 1123 945 1194 aliquis
984 1125 1295 1194 suspicetur
1343 1140 1488 1189 esse,
1533 1126 1693 1195 plane
1731 1126 1999 1195 decipitur
2034 1146 2049 1181 :

2159 1121 2251 1194 τὴν
2285 1121 2672 1193 προσηγορίαν.
2694 1121 2758 1173 Ei
2788 1120 2845 1173 δὲ
2868 1120 3110 1189 ἀγγέλων
3136 1120 3276 1186 τινὰ,
3303 1121 3336 1191 ἢ
3364 1122 3470 1174 τῶν
3501 1121 3624 1174 κατ’
3650 1121 3762 1173 οὐ.

483 1212 586 1268 hoc
614 1229 681 1269 ex
713 1214 831 1284 ipso
865 1217 1151 1286 probatur,
1185 1215 1328 1285 quod
1357 1216 1445 1270 hic
1492 1217 1609 1286 ipse
1635 1217 1702 1273 de
1733 1234 1842 1288 quo
1877 1219 2055 1289 loqui-

2159 1214 2317 1286 ρανὸν
2342 1214 2498 1267 θείων
2519 1213 2861 1283 πνευμάτων,
2880 1213 2969 1266 τὸν
2990 1217 3100 1277 τοῖς
3117 1214 3289 1283 ἁγίοις
3304 1215 3427 1278 τοὺς
3450 1215 3761 1285 χρησμοὺς

2154 1306 2559 1379 διακονούμενον
2586 1306 2843 1360 ὑπολάϐοι
2874 1324 2956 1371 τις
2981 1302 3138 1372 εἶναι,
3172 1307 3357 1378 σαφῶς
3387 1307 3715 1376 διέψευσται
3736 1324 3753 1335 ο

2154 1399 2312 1453 τοῦτο
2346 1401 2443 1471 μέν
2466 1400 2574 1454 ἀπὸ
2604 1400 2698 1453 τοῦ
2730 1399 3216 1471 κυριολεκτεῖσθαι,
3248 1400 3341 1453 καὶ
3367 1399 3761 1467 θεολογεῖσθαι

2155 1491 2245 1544 τὸν
2276 1490 2601 1562 δηλούμενον
2621 1507 2633 1520 ·
2671 1491 2765 1544 καὶ
2794 1489 2902 1560 γὰρ
2921 1490 3015 1543 καὶ
3046 1490 3178 1543 Θεὸν
3210 1489 3371 1543 αὐτὸν
3395 1492 3427 1560 ὴ
3455 1489 3574 1542 θεία
3594 1491 3639 1542 Γ
3648 1508 3759 1562 ρα-

2158 1582 2233 1653 φὴ
2266 1583 2560 1655 διαρρήδην
2592 1581 2932 1654 ἀναγορεύει,
2966 1583 3061 1635 καὶ
3106 1581 3307 1653 Κύριον
3346 1582 3633 1646 ἀποκαλεῖ,
3674 1586 3755 1652 τῇ

485 1667 685 1725 litteris
710 1678 954 1737 notatur,
981 1673 1127 1743 quod
1172 1689 1305 1729 sane
1339 1674 1394 1728 in
1433 1690 1541 1732 una
1581 1674 1840 1730 ineﬁabili
1893 1684 2056 1747 atque

2159 1675 2246 1729 διὰ
2292 1674 2401 1729 τῶν
2445 1676 2724 1746 τεσσάρων
2756 1676 2885 1746 παρ’
2914 1674 3183 1745 Ἑϐραίοις
3218 1675 3494 1745 στοιχείων
3534 1678 3754 1745 ἐπιση-

484 1760 543 1814 in
597 1761 980 1818 inenuntiabili
1036 1764 1130 1821 Dei
1190 1767 1552 1837 appellatione
1600 1784 1838 1838 ponere,
1900 1772 2056 1840 pueri

2162 1764 2383 1837 μειώσει
2408 1765 2641 1837 τιμῶσα,
2678 1767 2745 1837 ἢν
2767 1766 2861 1819 ἐπὶ
2895 1765 3060 1837 μόνης
3087 1767 3185 1837 τῆς
3213 1766 3596 1837 ἀνεκφωνήτου
3644 1768 3755 1820 καί

484 1848 836 1907 Hebraeorum
865 1865 1271 1911 consueverunt
1302 1876 1313 1910 :
1349 1859 1612 1927 probatur
1652 1860 1816 1914 etiam
1868 1876 1931 1915 ex
1967 1876 2053 1925 eo,

2162 1858 2399 1929 ἀρρήτου
2434 1857 2801 1928 προσηγορίας
2832 1856 2931 1926 τῆς
2963 1854 3056 1909 τοῦ
3101 1854 3235 1908 Θεοῦ
3270 1856 3571 1909 συντιθέναι
3604 1858 3752 1910 παῖο

483 1320 627 1370 mur,
679 1316 732 1361 et
767 1306 980 1362 Domini
1014 1316 1069 1363 et
1118 1307 1215 1363 Dei
1248 1308 1614 1378 appellatione
1657 1323 2005 1381 nuncupatur
2036 1331 2049 1367 :

481 1396 685 1451 ctenim
717 1402 772 1453 et
800 1397 969 1453 Deum
1002 1399 1180 1469 ipsum
1231 1399 1415 1453 divina
1449 1400 1735 1469 Scriptura
1768 1401 1930 1471 plane
1958 1416 2055 1456 vo-

482 1488 640 1553 citat,
677 1495 730 1543 et
760 1488 1049 1544 Dominum
1078 1491 1205 1545 item
1240 1492 1495 1562 appellat,
1534 1493 1655 1562 ejus
1687 1494 1923 1550 nominis
1957 1494 2056 1550 ho-

482 1590 673 1630 norem
701 1576 779 1630 illi
821 1577 1090 1644 tribuens,
1137 1580 1281 1650 quod
1326 1582 1469 1651 apud
1522 1581 1778 1639 Hebraeos
1819 1592 2056 1654 quatuor

482 1943 631 2013 quod
668 1945 1000 2018 ubicumque
1031 1946 1313 2018 Scriptura
1346 1951 1567 2020 angelos
1617 1952 1889 2023 appellare
1916 1953 2052 2018 vult,

482 2044 668 2106 aperte
684 2038 787 2094 hoc
807 2040 957 2106 facit,
984 2043 1313 2113 angelosque
1343 2043 1598 2099 distincte
1627 2045 1919 2115 signiﬁcat.
1940 2044 2057 2101 Sic-

485 2136 546 2182 ut
603 2143 698 2185 eos
738 2130 832 2199 qui
883 2131 938 2185 in
990 2130 1246 2187 Sodomis
1289 2142 1466 2199 erant,
1501 2150 1625 2189 cum
1659 2135 1809 2205 impii
1847 2146 2051 2202 essent,

485 2222 533 2277 is
561 2222 651 2291 qui
683 2222 916 2278 Abrahae
947 2224 1304 2295 responderat
1335 2225 1479 2282 Deus
1520 2242 1584 2282 ac
1632 2226 1917 2293 Dominus,
1951 2244 2055 2285 suo

484 2312 717 2367 adventu
758 2315 1073 2384 neutiquam
1125 2314 1321 2386 dignos
1363 2315 1544 2383 eilicit,
1594 2317 2054 2387 quemadmodum

484 2420 676 2460 rursus
721 2406 856 2461 dicit
890 2405 1174 2478 Scriptura
1215 2408 1399 2463 divina
1435 2428 1448 2463 :
1491 2427 1510 2459 ι
1545 2408 1808 2465 Dominus
1835 2411 2053 2477 quidem

482 2497 637 2561 abiit,
673 2508 961 2570 postquam
991 2499 1157 2555 desiit
1206 2502 1355 2572 loqui
1412 2516 1536 2556 cum
1584 2502 1881 2559 Abraham.
1936 2503 2055 2559 Duo

481 2605 613 2644 vero
641 2592 817 2661 angeli
875 2590 1113 2647 Sodoma
1146 2592 1398 2647 abierunt
1444 2592 1659 2662 vesperi
1719 2593 1786 2647 ⁵⁷.
1842 2612 1861 2645 ι
1919 2592 2054 2649 Item

484 2683 587 2753 ipsi
611 2682 781 2738 Jacob
812 2703 831 2735 ι
867 2685 1086 2739 obviam
1124 2692 1391 2740 venerunt
1420 2686 1598 2756 angeli
1649 2684 1766 2739 Dei.
1817 2684 1883 2737 Et
1927 2701 2053 2741 cum

482 2772 711 2826 vidisset
754 2772 912 2836 dixit,
944 2773 1137 2827 Castra
1166 2772 1261 2827 Dei
1294 2772 1431 2837 haec,
1487 2782 1543 2828 et
1588 2774 1800 2827 vocavit
1855 2789 2053 2829 nomen

484 2865 590 2918 loci
637 2864 808 2929 illius,
859 2862 1056 2918 Castra
1082 2865 1148 2919 ⁸⁸.
1189 2884 1209 2917 ι
1243 2863 1334 2919 Sic
1364 2879 1497 2919 sane
1529 2863 1623 2919 Dei
1653 2864 1863 2919 amicus
1891 2865 2055 2920 visio-

483 2972 582 3011 nes
612 2956 956 3013 discernebat
984 2976 997 3012 :
1032 2956 1263 3027 proinde
1290 2973 1437 3013 nunc
1468 2957 1690 3028 quidem
1718 2972 1915 3013 nomen
1948 2959 2055 3013 loci

482 3047 674 3103 Castra
705 3048 963 3119 appellat,
995 3064 1061 3104 ex
1092 3064 1157 3104 eo
1187 3049 1334 3120 quod
1365 3050 1477 3105 illic
1506 3050 1826 3122 angelorum
1872 3061 2053 3107 castra

482 3141 697 3197 viderit.
730 3142 835 3197 Ubi
865 3150 1047 3197 autem
1086 3158 1213 3197 cum
1263 3144 1382 3213 ipso
1436 3142 1547 3198 Deo
1598 3143 1859 3215 loquitur,
1896 3152 2055 3200 vocat

483 3250 682 3289 nomen
711 3234 835 3298 loci,
872 3233 1117 3304 Speciem
1144 3234 1259 3303 Dei,
1310 3236 1397 3291 his
1423 3237 1607 3293 verbis
1644 3256 1656 3292 :
1698 3255 1717 3289 ι
1754 3236 1879 3291 Vidi
1908 3240 2051 3293 enim

485 3328 655 3383 Deum
687 3327 827 3383 facie
850 3329 917 3383 ad
952 3327 1168 3384 faciem.
1203 3349 1221 3381 ι
1256 3329 1399 3395 Quin
1427 3338 1481 3385 et
1510 3330 1643 3385 Mosi
1694 3332 1912 3401 quoties
1962 3347 2058 3402 ap-

485 3427 640 3489 paret
654 3421 902 3491 angelus,
932 3420 1037 3475 hoc
1054 3422 1232 3492 ipsum
1247 3422 1430 3476 divina
1458 3420 1743 3493 Scriptura
1766 3424 2054 3495 signiﬁcat,

482 3514 675 3570 dicens
727 3533 739 3568 :
780 3514 945 3585 238
972 3532 991 3565 ι
1020 3515 1287 3585 Apparuit
1328 3530 1457 3571 vero
1486 3516 1565 3569 illi
1590 3518 1815 3587 angelus
1844 3517 2056 3573 Domini

486 3604 543 3661 in
566 3604 781 3660 ﬂamma
812 3607 953 3677 ignis
982 3607 1103 3661 rubi
1123 3608 1192 3661 ".
1233 3626 1252 3659 ι
1280 3606 1506 3674 Quoties
1539 3623 1669 3664 vero
1699 3611 1746 3664 is
1770 3610 1861 3680 qui
1884 3610 1976 3680 jus
2002 3618 2059 3667 et

484 3706 811 3769 potestatem
843 3699 1028 3763 habet,
1061 3699 1179 3769 ipse
1212 3700 1404 3770 utique
1456 3701 1806 3756 oraculorum
1857 3710 1911 3757 et
1967 3719 2056 3759 re-

489 3806 817 3861 sponsorum
845 3798 1061 3854 auctor,
1092 3792 1168 3845 ita
1210 3792 1312 3846 hoc
1342 3793 1565 3863 planum
1597 3792 1752 3857 facit,
1795 3802 1854 3848 ut
1904 3794 2057 3851 illum

487 3891 543 3938 et
565 3883 851 3938 Dominum
880 3891 934 3937 et
963 3882 1155 3947 Deum,
1187 3899 1454 3953 nusquam
1503 3901 1634 3947 vero
1677 3887 1926 3956 angelum
1959 3902 2060 3942 no-

488 3973 681 4029 minet.
729 3972 907 4027 Simili
941 3973 1154 4029 ratione
1205 3976 1369 4030 etiam
1406 3975 1462 4029 in
1496 3976 1633 4031 mari
1677 3976 1864 4033 Rubro
1897 3979 2059 4049 plane

490 4066 739 4134 angelum
771 4065 1170 4136 Dominumque
1186 4065 1491 4136 distinguit,
1518 4068 1609 4123 ubi
1641 4069 1717 4122 ait
1750 4088 1763 4124 :
1800 4088 1819 4121 ι
1863 4068 2059 4124 Sustu-

490 4157 659 4225 litque
690 4170 748 4209 se
782 4156 1006 4225 angelus
1035 4152 1132 4209 Dei
1158 4155 1250 4225 qui
1282 4155 1594 4209 ambulabat
1624 4162 1752 4211 ante
1781 4165 1963 4211 castra
1994 4157 2057 4210 ﬁ-

489 4251 690 4304 liorum
720 4248 914 4311 Israel,
960 4256 1015 4302 et
1046 4248 1180 4302 abiit
1228 4256 1349 4318 post
1378 4262 1493 4303 eos.
1526 4246 1761 4301 Sustulit
1791 4256 1971 4303 autem
2000 4264 2059 4304 se

489 4343 653 4398 etiam
688 4343 943 4397 columna
974 4341 1136 4395 nubis
1164 4356 1195 4394 a
1230 4341 1370 4395 facie
1400 4355 1591 4395 eorum
1618 4340 1684 4395 ‘°.
1730 4362 1750 4394 ι
1786 4339 2059 4407 Quemad—

490 4435 712 4491 modum
762 4435 819 4489 in
851 4434 1227 4505 superioribus
1271 4432 1535 4488 Dominus
1593 4431 1767 4487 forma
1820 4435 2057 4490 hominis

2157 1948 2245 2012 δες
2282 1946 2545 2019 Ἐϐραίων
2569 1946 2789 1999 εἰώθασι
2810 1964 2823 1977 ·
2851 1945 3008 1999 τοῦτο
3030 1945 3086 1998 δὲ
3107 1945 3200 1998 καὶ
3222 1945 3329 1998 ἀπὸ
3351 1944 3444 1998 τοῦ
3467 1945 3752 2015 ἀγγέλους

2160 2042 2344 2112 σαφῶς
2374 2040 2647 2112 διορίζειν,
2681 2041 2769 2094 ὅτε
2810 2040 2873 2110 δὴ
2921 2036 3159 2109 βούλοιτο
3190 2037 3450 2107 ἀγγέλους
3492 2038 3688 2091 καλεῖν
3718 2040 3751 2091 ό

2157 2134 2334 2202 λόγος,
2367 2132 2555 2205 ὥσπερ
2585 2134 2712 2197 τοὺς
2740 2135 2798 2187 ἐν
2830 2130 3080 2201 Σοδόμοις
3109 2130 3322 2193 ἀσεϐεῖς
3345 2129 3521 2195 δντας,
3558 2132 3588 2184 ό
3638 2132 3751 2200 μὲν

2156 2225 2233 2296 τῷ
2267 2226 2515 2297 Ἀϐραὰμ
2537 2222 2889 2298 χρηματίζων
2911 2223 3041 2288 Θεὸς
3071 2223 3165 2276 καὶ
3199 2222 3401 2293 Κύριος
3432 2222 3533 2291 τῆς
3566 2222 3747 2277 αὐτοῦ

2158 2320 2455 2391 παρουσίας
2491 2319 2740 2391 οὐδαμῶς
2766 2319 2925 2384 ἀξιοῖ,
2949 2318 3022 2383 ὡς
3045 2314 3198 2381 αὖθις
3226 2319 3260 2389 ὴ
3283 2316 3403 2369 θεία
3435 2316 3627 2392 Γραφῇ
3653 2317 3749 2371 λέ-

2156 2430 2269 2483 γει·
2311 2433 2329 2465 ι
2353 2413 2409 2467 '0
2454 2414 2552 2484 μὲν
2592 2414 2797 2484 Κύριος
2828 2411 3088 2483 ἀπῆλθεν,
3118 2411 3193 2474 ὡς
3234 2409 3508 2463 ἐπαύσατο
3558 2409 3748 2462 λαλῶν

2155 2505 2233 2576 τῷ
2266 2505 2547 2578 Ἀϐραάμο
2591 2506 2640 2558 oi
2684 2505 2741 2558 δὲ
2772 2504 2864 2557 δύο
2895 2504 3113 2573 ἄγγελοι
3146 2503 3385 2573 ἀνῆλθον
3416 2504 3493 2566 είς
3525 2502 3747 2572 Σόδομα

2158 2595 2412 2666 ἑσπέρας.
2428 2614 2445 2645 ι
2463 2595 2572 2647 Καὶ
2582 2594 2658 2665 τῷ
2673 2593 2865 2649 Ἰακὼϐ
2882 2594 2967 2647 δὲ(
2991 2595 3321 2664 συνήντησαν
3338 2592 3554 2661 ἄγγελοι
3572 2591 3741 2646 Θεοῦ.

2156 2684 2267 2737 Καὶ
2301 2682 2424 2737 ἰδὼν
2487 2680 2629 2748 εἷπε,
2676 2682 3000 2755 Παρεμϐολὴ
3049 2682 3183 2736 Θεοῦ
3242 2681 3401 2750 αὐτη,
3453 2682 3547 2733 καὶ
3603 2681 3743 2734 ἐκά-

2156 2776 2278 2829 λεσε
2301 2775 2363 2830 τὸ
2388 2776 2559 2845 ὄνομα
2585 2774 2677 2828 τοῦ
2697 2774 3089 2828 τόπυθέκείνου
3116 2773 3506 2842 Παρεμϐολαί.
3534 2792 3554 2823 ι
3578 2771 3746 2826 Οῦτω

2153 2869 2214 2924 δὲ
2238 2870 2269 2923 ό
2295 2866 2547 2939 θεοφιλὴς
2570 2862 2628 2920 εὖ
2650 2866 2883 2938 διέκρινε
2904 2866 3001 2929 τὰς
3022 2865 3306 2929 ὀπτασίας,
3334 2864 3472 2918 ὥστε
3503 2865 3601 2917 νῦν
3638 2864 3745 2934 μὲν

2155 2959 2215 3012 τὸ
2246 2959 2415 3030 ὄνομα
2445 2960 2540 3011 τοῦ
2573 2958 2737 3010 τόπου
2764 2956 3112 3027 παρεμϐολὰς
3133 2956 3336 3019 καλεῖν,
3369 2955 3476 3008 ἀπὸ
3502 2954 3602 3024 τῆς
3628 2954 3745 3007 τῶν

2156 3052 2460 3121 ἀγγελικῶν
2491 3048 2849 3121 παρεμϐολῶν
2883 3048 3027 3111 θέας.
3050 3049 3175 3102 Ὅτε
3213 3048 3267 3102 δέ
3298 3048 3373 3118 τῷ
3418 3046 3535 3117 Θεῷ
3566 3062 3747 3118 προσ-

2156 3144 2351 3217 ομιλεῖ,
2379 3143 2533 3198 καλεῖ
2545 3144 2606 3196 τὸ
2624 3144 2790 3213 ὄνομα
2808 3140 2904 3196 τοῦ
2927 3143 3091 3195 τόπου
3109 3138 3258 3204 Εἶδος
3273 3140 3427 3203 Θεοῦ,
3446 3140 3741 3209 ἐπιλέγων·

2165 3259 2183 3292 ι
2214 3234 2367 3294 Εἶδον
2398 3237 2506 3312 γὰρ
2536 3237 2666 3290 Θεὸν
2694 3237 2983 3308 πρόσωπον
3017 3234 3153 3306 πρὸς
3182 3235 3489 3306 πρόσωπον.
3522 3252 3541 3285 ι
3577 3232 3743 3286 Ἀλλά

2159 3333 2266 3386 καῖ
2292 3331 2368 3401 τῷ
2405 3332 2612 3395 Μωσεί,
2654 3331 2728 3384 ὅτ’
2755 3332 2983 3399 ἄγγελος
3021 3329 3385 3399 ἐπιφαίνεται,
3429 3326 3573 3381 τοῦτ’
3607 3328 3744 3381 αὐτὸ

2159 3426 2251 3477 καὶ
2278 3426 2311 3495 ἡ
2334 3424 2452 3477 θεία
2481 3422 2669 3494 Γραφὴ
2694 3424 2966 3494 σημαίνει,
2996 3422 3225 3495 λέγουσα
3250 3437 3262 3451 '
3287 3440 3305 3472 ι
3336 3420 3510 3492 Ὠφθη
3543 3420 3603 3473 δὲ
3633 3421 3740 3487 ἄγ-

2157 3517 2310 3587 γελος
2355 3516 2559 3588 Κυρίου
2600 3515 2749 3586 αὐτῷ
2791 3518 2848 3569 ἐν
2886 3516 3043 3584 φλογὶ
3074 3516 3245 3586 πυρὸς
3275 3513 3455 3585 βάτου.
3492 3515 3651 3566 ι”Οτε
3680 3513 3743 3567 δὲ

2157 3609 2247 3663 τὸν
2273 3608 2555 3680 αὐθέντην,
2587 3608 2746 3662 αὐτὸν
2773 3608 2838 3678 δὴ
2862 3608 2951 3661 τὸν
2981 3607 3383 3678 χρηματίζοντα
3412 3607 3577 3677 δηλοῖ,
3603 3605 3741 3659 Θεὸν

2159 3702 2253 3754 καὶ
2285 3700 2508 3773 Κύριον,
2549 3700 2683 3755 ἀλλά
2728 3699 2910 3752 οὐκέτι
2952 3699 3179 3767 ἄγγελον
3212 3696 3482 3770 ὀνομάζει.
3502 3699 3737 3769 Ὁμοίως

2158 3794 2252 3845 καὶ
2299 3794 2391 3845 ἐπὶ
2440 3794 2536 3864 τῆς
2574 3790 2840 3863 Ἐρυθρᾶς
2867 3790 3141 3861 θαλάσσης
3177 3789 3397 3861 διορίζει
3432 3792 3618 3859 σαφῶς
3643 3791 3736 3843 τὸν

2158 3885 2383 3954 ἄγγελον
2408 3887 2498 3938 καὶ
2530 3886 2621 3937 τὸν
2656 3885 2881 3954 Κύριον,
2913 3882 2979 3934 δι’
3006 3875 3079 3936 ὧν
3122 3899 3317 3954 φησιν·
3356 3902 3373 3933 ι
3401 3883 3590 3954 Ἐξῆρε
3618 3882 3674 3936 δὲ
3706 3886 3738 3937 ό

2160 3977 2384 4045 ἄγγελος
2413 3977 2506 4029 τοῦ
2539 3976 2673 4028 Θεοῦ
2704 3978 2731 4028 ὁ
2762 3974 3229 4046 προπορευόμενος
3251 3975 3348 4045 τῆς
3382 3974 3737 4045 παρεμϐολῆς

2158 4069 2265 4122 τῶν
2298 4068 2427 4122 υίῶν
2459 4068 2693 4140 Ἰσραὴλ,
2732 4068 2824 4120 καὶ
2857 4067 3129 4138 ἐπορεύθη
3163 4069 3227 4119 ἐκ
3252 4066 3358 4118 τῶν
3392 4066 3612 4118 ὄπισθεν
3646 4068 3737 4118 αὐ.

2158 4162 2284 4214 τῶν.
2305 4162 2493 4232 Ἐξῆρε
2518 4161 2573 4214 δὲ
2607 4163 2697 4214 καὶ
2725 4162 2753 4212 ὁ
2781 4160 2973 4223 στῦλος
3005 4160 3104 4230 τῆς
3128 4159 3352 4229 νεφέλης
3381 4159 3488 4211 ἀπὸ
3514 4158 3733 4228 προσώ-

2161 4269 2261 4304 που
2298 4252 2497 4303 αὐτῶν.
2530 4252 2765 4321 »Ὥσπερ
2796 4250 2851 4302 δὲ
2876 4251 2967 4301 ἐπὶ
2995 4250 3101 4302 τῶν
3136 4248 3415 4320 προτέρων
3446 4250 3501 4300 ἐν
3532 4248 3737 4317 ἀνθρὼ-

2159 4361 2261 4397 που
2292 4347 2527 4414 σχήματι
2553 4345 2661 4406 τοῖς
2692 4342 2939 4405 παλαιοῖς
2971 4345 2997 4394 ό
3021 4340 3219 4412 Κύριος
3250 4339 3597 4410 χρηματίζων
3626 4343 3736 4392 εἱσ-

2157 4434 2342 4505 ἧκται,
2386 4434 2525 4487 οὕτω
2552 4436 2644 4487 καὶ
2673 4434 2903 4488 ἐνταῦθα
2940 4434 3026 4487 διὰ
3064 4432 3307 4503 νεφέλης.
3342 4432 3450 4484 Kal.
3486 4431 3733 4485 λέλεκται

489 4526 826 4596 respondens
871 4525 1112 4595 antiquis
1163 4525 1475 4589 inducitur,
1529 4525 1609 4579 sic
1648 4526 1751 4580 hoc
1797 4528 1917 4581 loco
1962 4542 2056 4597 per

2160 4528 2287 4596 γοῦν
2334 4526 2489 4597 ἐξῆς·
2524 4546 2542 4578 ι
2567 4526 2826 4598 Ἐγενήθη
2868 4526 2923 4579 δὲ
2968 4528 3026 4578 ἐν
3065 4528 3129 4595 τῇ
3164 4524 3375 4614 φμλακῇ
3415 4526 3478 4594 τῇ
3510 4524 3728 4593 ἐωθινῇ,

489 4619 727 4673 nubem:
761 4619 944 4687 itaque
973 4619 1232 4687 deinceps
1260 4618 1425 4671 verba
1475 4617 1555 4672 sic
1583 4617 1785 4672 habent
1820 4638 1832 4673 :
1881 4637 1899 4669 ‹
1954 4618 2059 4671 Fa-

490 4716 641 4765 ctum
670 4718 755 4763 est
780 4718 961 4763 autem
987 4712 1043 4763 in
1067 4710 1251 4778 vigilia
1281 4708 1573 4773 matutina,
1606 4717 1661 4761 et
1690 4711 1927 4778 respexit
1951 4709 2060 4764 Do-

492 4800 677 4854 minus
708 4800 764 4853 in
802 4807 985 4854 castra
1014 4798 1393 4869 Egyptiorum
1423 4799 1479 4852 in
1513 4798 1769 4853 columna
1793 4801 1975 4865 nubis,
2006 4810 2060 4855 et

490 4906 588 4961 per
640 4898 810 4945 totam
846 4888 1052 4957 deserti
1100 4890 1375 4959 regionem
1428 4890 1484 4944 in
1535 4890 1789 4943 columna
1833 4906 1928 4959 per
1957 4907 2062 4945 ιλιι-ο

493 4985 617 5040 bem
648 4984 716 5049 “,
750 5002 769 5035 ι
812 4982 957 5038 Deus
993 4980 1130 5038 Mosi
1168 4981 1484 5052 respondet.
1515 4981 1685 5038 Plane
1729 4983 1895 5054 igitur
1924 5000 2061 5055 quo-

492 5078 596 5133 ties
618 5075 795 5147 angeli
826 5084 1079 5130 naturam
1110 5073 1287 5129 oratio
1336 5073 1645 5146 signiﬁcare
1697 5077 1834 5142 vult,
1882 5092 2059 5149 neque

493 5167 685 5229 Deum.
728 5182 904 5238 neque
954 5165 1269 5231 Dominum,
1301 5167 1395 5222 sed
1423 5167 1630 5239 absque
1665 5169 1774 5223 ulla
1806 5170 2058 5225 obscuri-

494 5267 603 5313 tate
650 5259 899 5329 angelum
935 5256 1180 5310 nominat
1209 5271 1225 5311 :
1272 5255 1485 5325 qnoties
1525 5272 1654 5312 vero
1689 5256 1977 5313 Dominum
2006 5267 2060 5312 et

498 5354 688 5417 Deum,
717 5369 841 5408 eum
872 5352 965 5424 qui
1004 5358 1234 5423 apparet
1264 5350 1537 5422 intelligit,
1594 5350 1681 5405 his
1713 5350 1847 5420 ipsis
1879 5350 2061 5419 palam

497 5444 669 5498 utitur
727 5445 1119 5500 locutionibus.
1180 5443 1338 5509 Quod
1373 5457 1504 5499 vero
1534 5442 1822 5497 Dominum
1863 5441 2063 5497 Deum-

495 5551 605 5607 que
633 5551 741 5591 non
768 5550 892 5590 eum
928 5538 1195 5608 signiticet
1218 5536 1309 5605 qui
1339 5542 1493 5605 pater
1517 5518 1784 5604 est,'ipsae
1816 5532 2065 5604 Scriptu-

593 5789 636 5823 "'
670 5787 803 5845 Gen.
839 5802 993 5853 xvm.
1027 5787 1122 5857 53;
1164 5801 1277 5851 ιιι,
1312 5785 1362 5839 I.

1471 5783 1516 5816 ⁵⁸
1546 5780 1678 5837 Gen.
1722 5794 1896 5846 uxn,
1928 5777 1980 5844 I,
2019 5776 2074 5833 2.
2153 5776 2197 5839 ³)
2235 5773 2401 5829 Exod.
2442 5788 2524 5841 ιιι,
2554 5772 2608 5825 2.

2161 4621 2256 4673 καὶ
2301 4618 2565 4688 ἐπέϐλεψε
2612 4617 2813 4688 Κύριος
2850 4619 2929 4681 εἰς
2962 4618 3059 4689 τὴν
3106 4616 3450 4688 παρεμϐολὴν
3493 4617 3599 4669 τῶν
3633 4619 3729 4669 Αἱ-

2161 4714 2406 4781 γυπτίων
2438 4714 2493 4765 ἐν
2520 4710 2693 4781 στύλῳ
2738 4710 2906 4782 πυρὸς
2945 4712 3036 4763 καὶ
3077 4710 3321 4780 νεφέλης·
3368 4729 3386 4760 ι
3411 4710 3478 4761 δι’
3508 4710 3637 4778 ὅλης
3677 4708 3731 4761 δὲ
3778 4760 3789 4775 ,

2162 4804 2263 4872 τῆς
2294 4806 2499 4875 ἐρήμου
2544 4806 2601 4857 ἐν
2632 4804 2805 4875 στύλῳ
2846 4804 2943 4875 τῆς
2974 4803 3199 4872 νεφέλης
3246 4806 3274 4856 ό
3322 4803 3450 4866 Θεὸς
3486 4803 3565 4873 τῷ
3605 4805 3734 4856 Mm-

2167 4900 2249 4950 σεί
2275 4895 2645 4968 χρηματίζων.
2685 4896 2949 4968 Ἀκριϐῶς
2983 4896 3089 4967 ἄρα
3114 4896 3204 4948 ὅτε
3239 4894 3335 4966 μέν
3366 4894 3600 4963 ἀγγέλου
3633 4894 3735 4961 φύο

2168 5008 2252 5045 σιν
2276 4993 2305 5043 ό
2328 4991 2482 5059 λόγος
2505 4990 2699 5061 δηλοῦν
2727 4989 2992 5060 βούλεται,
3027 4988 3279 5043 οὐδέποτε
3314 4988 3445 5040 Θεὸν
3469 4988 3589 5040 οὐδέ
3622 4988 3733 5041 Κύ-

2169 5100 2302 5155 ριον,
2329 5083 2443 5137 ἀλλ’
2476 5082 2921 5145 ἀνεπικαλύπτως
2967 5081 3189 5150 ἄγγελον
3233 5078 3516 5151 ὀνομάζει·
3555 5079 3645 5130 ὅτε
3675 5079 3732 5132 δὲ

2166 5178 2368 5249 Κύριον
2394 5177 2487 5231 καὶ
2516 5176 2647 5230 Θεὸν
2670 5173 2774 5228 οἶδε
2814 5175 2903 5227 τὸν
2925 5173 3356 5243 ἐπιφαινόμενον,
3388 5170 3607 5242 ταύταις
3637 5173 3731 5225 αὐ-

2164 5273 2283 5333 ταῖς
2317 5268 2501 5338 σαφῶς
2524 5272 2780 5341 κέχρηται
2809 5269 2925 5329 ταῖς
2955 5266 3304 5337 προσρήρεσι.
3330 5263 3531 5335 Κύριον
3558 5262 3613 5314 δὲ
3638 5264 3736 5314 καὶ

2165 5363 2296 5416 Θεὸν
2320 5364 2401 5415 ὅτι
2430 5362 2504 5432 μὴ
2532 5362 2621 5414 τὸν
2646 5362 2813 5414 αἴτιον
2836 5358 3001 5429 δηλοῖ,
3024 5356 3313 5429 προφανῶς
3335 5353 3611 5419 ἐπέδειξαν
3632 5355 3730 5426 τῆς

2168 5454 2315 5519 θείας
2345 5454 2568 5527 Γραφῆς
2611 5453 2665 5505 αί
2705 5450 2896 5516 λέξεις,
2928 5450 3151 5517 ἄγγελον
3178 5449 3311 5501 Θεοῦ
3340 5445 3726 5521 προσειποῦσαι

2166 5548 2257 5600 τὸν
2279 5549 2369 5600 ἐπὶ
2387 5546 2480 5600 τοῦ
2510 5543 2701 5598 Ἰακὼϐ
2722 5543 2921 5613 Κύριον
2946 5544 3039 5596 καὶ
3065 5541 3195 5595 Θεὸν
3218 5540 3723 5612 προωνομασμένον.

2720 5768 2766 5801 ⁸⁸
2792 5767 2960 5823 Exod.
2992 5783 3104 5833 11v,
3138 5766 3223 5822 19.
3300 5766 3359 5843 f'
3394 5762 3525 5820 ibid.
3567 5761 3662 5817 2L
