3894 6518
111 341 196 396 583
1012 348 1661 439 DEMONSTBaTlONIS
1701 350 2155 407 EVANGELlC/E
2196 353 2326 408 LIB.
2372 353 2436 409 V.
3263 365 3368 422 390

110 458 350 513 Δείπεταί
376 478 467 524 τις
516 462 633 532 ἄρα
669 463 744 516 ὢν
777 465 833 516 ἐν
865 468 978 529 τοῖς
1023 463 1142 521 οὖσι
1174 469 1304 533 Θεὸς
1354 471 1447 523 καὶ
1494 470 1660 542 Κύριο

1796 486 1869 525 re
1902 470 2101 526 divinae
2134 473 2439 529 locutiones
2467 473 2524 528 in
2558 475 2933 545 superioribus
2961 478 3367 537 evidentissima

112 552 228 620 μετά
270 552 361 604 τὸν
401 554 766 623 παμϐασιλεία
811 558 903 610 καὶ
943 557 1074 611 Θεὸν
1106 560 1212 613 τῶν
1237 562 1400 615 ὅλωνο
1427 561 1510 633 εἴη
1541 563 1584 615 δ’
1613 563 1660 616 ἂι

1781 564 2094 628 ostendunt,
2144 565 2234 619 ubi
2282 567 2532 636 angelum
2584 565 2679 623 Dei
2725 571 2994 639 appellant
3045 589 3190 639 eum,
3241 575 3337 645 qui

109 640 239 707 οὗτος
270 647 298 697 6
327 644 443 716 πρὸ
473 647 695 701 αἰώνων
722 650 817 703 τοῦ
846 651 978 704 Θεοῦ
1013 654 1202 721 Λόγος,
1242 655 1269 706 6
1297 654 1558 725 κρείττων
1584 656 1660 723 μὲι

1787 670 1912 709 cum
1941 655 2008 710 de
2035 654 2205 711 Jacob
2239 672 2420 712 sermo
2448 666 2616 724 esset,
2665 657 2930 718 Dominus
2971 675 3026 718 et
3081 665 3227 723 Deus
3276 674 3365 723 est

109 736 291 803 ῆπᾶσα
318 734 607 809 ἀγγελικὴ
632 736 813 807 φύσις,
847 742 1015 811 μείων
1050 742 1104 795 δὲ
1135 742 1167 813 ἢ
1200 742 1340 797 κατὰ
1374 742 1435 796 τὸ
1468 743 1660 814 πρῶτοε

1798 749 2137 804 nominatus.
2176 748 2438 819 Superest
2465 751 2630 822 igitur
2662 761 2721 808 ut
2751 770 3080 824 quaeramus,
3106 760 3359 828 quisnam

114 830 282 882 αἴτιον.
1800 841 1893 907 sit,
1930 844 1984 896 in
2019 843 2087 898 iis
2111 859 2231 913 qua:
2257 853 2402 909 sunt,
2440 843 2582 901 Deus
2625 857 2676 901 et
2714 846 2998 915 Dominus,
3044 858 3241 921 praeter
3265 866 3363 921 pa-

1800 943 1935 991 trem
1958 937 2223 1000 omnium,
2248 944 2301 992 et
2324 954 2503 1006 regem
2518 938 2796 1011 Deumque
2813 944 3053 1001 universi
3082 965 3097 1001 :
3125 945 3231 1001 erit
3254 960 3357 1001 au-

110 1024 196 1069 tem
220 1014 303 1070 hic
339 1014 598 1073 Verbum
626 1018 721 1076 Dei
747 1023 893 1093 quod
918 1031 1003 1078 est
1040 1032 1167 1078 ante
1200 1026 1424 1091 saecula,
1459 1028 1711 1098 superior
1743 1032 1963 1103 quidem
1989 1034 2134 1088 omni
2158 1033 2402 1104 angelica
2431 1041 2645 1101 natura,
2673 1036 2953 1106 profectus
2996 1048 3175 1095 autem
3199 1039 3267 1094 ab
3293 1056 3361 1095 eo

108 1113 181 1181 qui
203 1120 350 1181 pater
386 1124 503 1173 est.

627 1190 1025 1245 ΚΕΦΔΛΑΙΘΝ
1062 1194 1162 1247 IB'.

2380 1210 2608 1268 CAPUT
2648 1211 2765 1268 ΧΠ.

117 1273 195 1339 Ὡς
215 1270 381 1341 αὖθις
412 1278 521 1332 ἐπὶ
572 1281 677 1377 rp}?
705 1282 902 1336 Ἰακὼϐ
919 1283 1198 1377 δεύτερον
1240 1286 1389 1340 Θεὸν
1418 1290 1625 1356 σαφῶς
1653 1312 1660 1339 ι

1793 1302 1944 1370 Quod
1984 1319 2167 1357 rursus
2214 1304 2269 1358 in
2317 1301 2485 1377 Jacob
2539 1307 2769 1375 genitum
2808 1305 3007 1377 Deum,

584 1311 676 1335 ιυυ
714 1311 895 1336 uuqu
922 1311 1198 1352 ueuccpur
1240 1311 1389 1340 σευν
1418 1311 1625 1356 (Iuwa
1653 1312 1660 1339 ι

584 1352 767 1404 λόγου
791 1356 1185 1404 παρίστησιν.

1793 1311 1944 1370 Quod
1984 1319 2167 1357 rursus
2214 1311 2269 1358 in
2317 1311 2485 1404 Jaceb
2539 1311 2769 1404 genitu":
2808 1311 3007 1377 Deum,
3051 1311 3208 1377 plane
3240 1314 3354 1385 ipsa

662 1369 767 1419 τος
791 1356 1185 1420 παρίστησιν.

1796 1356 1832 1370 ”
2084 1356 2089 1357 7
2150 1356 2159 1357 ί
2300 1356 2471 1428 oratio
2497 1356 2608 1443 ρῖω
2643 1392 2698 1429 se
2732 1377 2854 1445 fert.

168 1430 326 1489 «Εἷπε
355 1437 413 1490 δὲ
450 1440 483 1491 6
508 1440 648 1506 Θεὸς
680 1443 891 1497 Ἰακώϐο
926 1446 1194 1510 Ἀναστὰς
1221 1447 1452 1519 ἀνάϐηθι
1490 1450 1570 1511 είς
1593 1446 1683 1500 τὸν

107 1528 241 1579 τόπον
276 1529 513 1600 Βαιθὴλ,
552 1536 648 1587 καὶ
679 1536 815 1590 οἴκει
849 1539 980 1601 ἐκεῖ,
1016 1540 1109 1592 καὶ
1142 1534 1366 1609 ποίησον
1389 1540 1683 1612 θυσιαστή-

1866 1478 1885 1509 ‹
1923 1457 2068 1514 Dixit
2099 1466 2282 1516 autem
2303 1459 2448 1517 Deus
2478 1462 2547 1516 ad
2577 1462 2747 1519 Jacob
2784 1483 2797 1519 :
2831 1464 3003 1539 Surge
3034 1477 3087 1525 et
3120 1474 3357 1531 ascendo

1786 1550 1842 1605 in
1870 1551 2048 1606 locum
2078 1551 2284 1621 Bethel,
2316 1560 2371 1609 et
2409 1554 2593 1610 habita
2622 1555 2755 1622 illic,
2801 1558 2972 1613 et'l‘ac
3033 1562 3202 1619 altare
3248 1564 3358 1621 Deo

112 1632 201 1685 ριον
226 1616 295 1686 τῷ
330 1618 482 1690 Θεῷ,
515 1622 602 1692 τῷ
628 1623 845 1692 ὀφθέντι
878 1643 958 1679 σοι
992 1628 1047 1679 ἐν
1075 1626 1153 1698 τῷ
1179 1628 1594 1701 ἀποδιδράσκειν
1627 1646 1658 1682 σ

112 1708 190 1738 ὶ-ἆς
242 1711 542 1738 ..-λ-,ἦ-Α-.
633 1716 803 1738 οη--.ξ’
872 1736 894 1738 _
933 1719 957 1730 ο
1019 1719 1120 1738 »θλ
1205 1721 1231 1731 -ν
1457 1718 1519 1738 nr
1630 1722 1653 1738 ο.

1786 1642 1880 1711 qui
1908 1643 2008 1696 tibi
2041 1616 2312 1713 apparuit,
2338 1661 2463 1701 cum
2503 1646 2720 1718 fugeres
2745 1662 2776 1702 a
2818 1647 2955 1704 facie
2997 1649 3140 1706 Esau
3168 1653 3358 1712 fratris
3401 1717 3408 1738 η

109 1708 191 1759 ἀπὸ
242 1711 545 1780 προσώπου
633 1716 805 1770 Ἡσαῦ
865 1719 960 1772 τοῦ
1008 1719 1233 1788 ἀδελφοῦ
1287 1739 1399 1774 σου.
1455 1718 1587 1774 Eius
1625 1722 1683 1775 δὲ

1786 1731 1883 1787 tui.
1923 1732 1988 1786 Et
2015 1733 2155 1788 dixit
2177 1733 2346 1790 Jacob
2371 1734 2558 1791 domui
2588 1754 2721 1803 sum,
2751 1748 2805 1794 et
2822 1741 3075 1797 omnibus
3106 1745 3199 1814 qui
3228 1760 3357 1801 cum

120 1798 283 1852 Ἰακὼϐ
332 1801 413 1872 τῷ
464 1804 612 1875 οἴκῳ
661 1808 828 1861 αὐτοῦ
876 1812 972 1863 καὶ
1016 1813 1148 1864 πᾶσι
1180 1815 1291 1875 τοῖς
1327 1812 1446 1883 μεθ’
1478 1814 1641 1866 αὑτοῦ

1785 1823 1904 1895 ipso
1931 1834 2089 1879 erant
2120 1845 2133 1880 :
2160 1826 2357 1882 Tollite
2381 1827 2513 1885 deos
2554 1829 2762 1885 alienos
2785 1830 2852 1886 de
2874 1832 3051 1889 medio
3080 1798 3271 1903 vestri,
3301 1847 3358 1894 et

114 1895 282 1962 Ἄρατε
309 1896 450 1960 ξτοὺς
487 1896 653 1964 θεοὺς
696 1902 821 1966 τοὺς
857 1902 1165 1977 ἀλλοτρίους
1210 1906 1274 1957 ἐκ
1306 1905 1468 1973 μέσου
1500 1906 1673 1977 ὑμῶν,

111 1982 185 2033 καὶ
205 1981 605 2055 καθαρίσασθε,
638 1990 729 2042 καὶ
760 1990 1021 2058 ἀλλάξατε
1048 1992 1146 2055 τάς
1170 1994 1361 2057 στολὰς
1384 1995 1413 2046 ὑ
1422 1994 1557 2065 μῶν,
1579 1996 1675 2048 καὶ

112 2076 402 2140 ἀναστάντες
449 2080 753 2153 ἀναδῶμεν
799 2086 879 2146 είς
930 2084 1508 2157 Βαιθήλ’ποιήσωμεν
1557 2089 1675 2140 ἐκεῖ

113 2167 459 2241 θυσιαστήριον
494 2172 581 2243 τῷ
610 2175 819 2246 Κυρίῳ,
851 2177 1213 2230 ὲπακούσαντί
1258 2196 1357 2249 μου
1405 2181 1462 2231 ὲν
1493 2180 1675 2251 ἡμέρᾳ

116 2261 332 2330 mil/2mg,
360 2264 421 2327 ὃς
450 2260 524 2336 ἦν
569 2269 689 2337 μετ’
719 2268 872 2338 ἐμοῦ,
909 2270 1000 2322 καὶ
1031 2268 1200 2323 ἔσωσέ
1234 2288 1300 2341 με
1328 2273 1384 2322 ὲν
1411 2274 1475 2343 τῇ
1502 2272 1607 2342 ὀδῷ

122 2354 405 2429 ὲςορεὺθην.
435 2377 454 2408 ι
479 2358 751 2411 Ἐνταῦθα
775 2363 802 2412 ὁ
831 2358 962 2423 Θεὸς
986 2360 1146 2425 αὐτὸς
1171 2363 1199 2413 ὁ
1222 2361 1331 2415 τῶν
1354 2362 1510 2426 ὅλων,
1534 2365 1561 2415 6
1587 2363 1675 2433 μό-

120 2461 187 2506 νος
202 2446 485 2516 ἀγέννητος
522 2451 623 2502 καὶ
650 2450 914 2504 ἀνωτάτω
946 2453 1181 2517 πάντων,
1199 2454 1298 2506 οὑκ
1318 2454 1520 2522 ὀφθεὶς,
1537 2454 1679 2519 ἀλλά

116 2536 197 2605 γὰρ
226 2538 459 2607 ἀοράτως
498 2543 853 2613 χρηματίσας
877 2544 955 2615 τῷ
987 2545 1200 2611 Ἰακὼϐ,
1236 2547 1461 2618 δυνάμει
1489 2564 1547 2600 τε
1581 2547 1671 2619 ἀρ‹

122 2629 235 2698 ρήτῳ
258 2631 410 2685 αὐτὸν
438 2635 804 2707 ἀνακινήσας,
840 2637 969 2709 περὶ⁹
1003 2638 1189 2710 ἐτέρου
1223 2639 1409 2709 σαφῶς
1438 2643 1669 2692 ποιεῖται

118 2720 186 2771 τὸν
211 2721 372 2789 λόγον.
402 2722 547 2778 Εἷπε
574 2726 704 2796 γοῦν
730 2731 757 2781 6
786 2728 917 2793 Θεὸς
946 2728 1095 2800 αὐτῷ
1116 2747 1128 2760 ·
1168 2748 1186 2781 ι
1218 2731 1448 2800 Ποίησον
1483 2731 1669 2785 θυσια-

122 2813 296 2885 στήριον
322 2816 395 2885 τῷ
426 2817 554 2887 Θεῷ
583 2817 662 2888 τῷ
686 2819 901 2887 ὀφθέντι
939 2838 1042 2875 σοι.
1070 2821 1192 2884 »Τίς
1211 2822 1256 2874 δ’
1276 2819 1341 2894 ἦν
1366 2825 1393 2875 6
1423 2840 1669 2894 προγραη

122 2902 211 2965 ςεὶς
253 2895 419 2971 ὦφθαι
471 2907 652 2977 αὐτῷ,
689 2908 891 2979 ἀρτίως
924 2912 1367 2982 παρεστήσαμεν,
1408 2912 1497 2964 τὸν
1535 2911 1666 2964 Θεὸν

123 2990 255 3058 Λόγον
277 2990 406 3047 εἶναι
428 2997 848 3062 ἀποδείξαντες.

610 3113 1005 3167 ΚΕΦΑᾹΑΙΟΝ
1030 3115 1128 3167 II".

133 3219 233 3295 Ἆπρ
250 3223 347 3290 τῆς
389 3226 664 3292 Ἐξόδου.
690 3259 761 3270 -
797 3228 889 3294 Ὠς
915 3231 947 3281 ό
979 3227 1076 3281 ἐπὶ
1097 3227 1338 3280 πάντων
1363 3229 1526 3295 Θεὸς,
1557 3233 1662 3284 αὐ-

177 3292 258 3367 ζός
288 3296 365 3347 ὢν
396 3301 427 3350 ό
466 3298 550 3350 δι’
598 3292 877 3367 ἀγγέλουν
904 3297 984 3362 τῷ
1028 3298 1232 3352 Μωσεῐ
1271 3292 1657 3367 χρημαξίζων,

178 3357 333 3437 quatiat
374 3367 497 3433 τοῖς
541 3357 861 3436 παέράσιν,
898 3357 1096 3421 οὐκέτι
1132 3367 1203 3420 δι’
1232 3357 1508 3437 ἀᾷῗγέῖίου,
1538 3357 1662 3423 γδιᾶ

178 3431 231 3484 δὲ
250 3435 342 3488 τοῦ
363 3431 494 3491 Υἱοῦ
512 3431 810 3491 διδάσκει.

183 3563 195 3591 ι
216 3547 305 3599 Καὶ
327 3550 533 3621 Μωσῆς
570 3546 638 3622 ἦν
659 3550 961 3621 ποιμαίνων
992 3551 1060 3605 τά
1082 3549 1332 3619 πρόϐατα
1348 3549 1546 3623 Ἰωθὼρ
1565 3551 1658 3606 τοῦ

126 3639 324 3709 γαμδφῦ
351 3643 515 3697 αὑτοῦ
540 3660 553 3674 ο
591 3644 683 3696 καὶ
732 3639 892 3715 ἦλθεν
919 3646 996 3707 είς
1021 3643 1081 3696 τὸ
1105 3643 1228 3714 ὅρος
1253 3643 1313 3695 τὸ
1344 3645 1400 3695 ὲν
1432 3644 1655 3715 Χωρήϐ.

128 3727 266 3802 Ὠςςθη
287 3734 335 3786 δὲ
366 3736 517 3806 αὐτῷ
569 3735 799 3803 ἄγγελος
838 3736 1043 3807 Κυρίου
1070 3737 1127 3787 ὲν
1153 3734 1285 3806 πυρὶ
1320 3734 1515 3804 φλογὸς
1562 3735 1658 3804 βά-

130 3836 215 3875 του.
248 3843 264 3874 ι
296 3826 394 3879 Καὶ
423 3828 552 3899 μεθ’
585 3828 778 3897 ἔτερα·
823 3846 842 3878 ι
879 3828 965 3890 Ὠς
996 3826 1051 3879 δὲ
1095 3822 1253 3891 εἶδεν,
1282 3827 1363 3879 ὅτι
1396 3828 1658 3898 προσάγει

132 3910 243 3977 ἰδεῖν,
283 3918 535 3973 ἐκάλεσεν
590 3920 748 3972 αὑτὸν
784 3922 848 3972 ὲκ
900 3918 1064 3989 μέσου
1116 3917 1218 3986 τῆς
1250 3918 1410 3988 βάτου
1449 3917 1654 3985 λέγων’

133 4001 278 4075 Missi,
313 4011 504 4083 Μωσῆ,
544 4011 619 4082 μὴ
663 4011 887 4081 ὲγγίσῃς
936 4003 1056 4063 ὧδε.
1091 4007 1264 4061 Λῦσαι
1295 4009 1356 4061 τὸ
1407 4009 1657 4080 ὑπόδημα

132 4093 264 4147 tto/Iw
304 4117 383 4154 σου
403 4121 415 4133 ·
443 4107 474 4157 ὁ
515 4103 625 4174 γὰρ
653 4102 814 4165 τόπος
839 4104 896 4154 ὲν
929 4093 972 4168 ᾧ
1004 4103 1067 4154 σὺ
1101 4100 1357 4171 ἕστηκας,
1406 4102 1476 4172 γῆ
1528 4103 1657 4169 ἀγία

133 4181 235 4239 ἐστί.
268 4209 283 4240 ι
306 4194 403 4246 Καὶ
432 4197 558 4266 μετ’
588 4194 744 4263 ὀλίγα
766 4211 780 4224 ο
817 4212 835 4245 ι
870 4195 978 4247 Καὶ
1008 4189 1126 4245 εἷπε
1163 4192 1363 4264 Κύριος
1390 4193 1524 4265 πρὸς
1557 4194 1656 4247 αὑ-

132 4274 224 4325 τόν·
269 4281 392 4351 Ἐγώ
439 4287 562 4355 εἰμι
606 4286 632 4337 6
708 4282 802 4337 ὧν.
853 4302 871 4334 ι
923 4283 1033 4336 Καὶ
1088 4278 1277 4345 αὖθις·
1325 4301 1344 4333 ι
1398 4283 1655 4352 Ἐλάλησε

135 4364 289 4437 Κύριος
330 4376 459 4441 πρὸς
501 4374 730 4444 Ἀίωσῆν,
777 4374 872 4428 καὶ
919 4369 1038 4427 εἷπε
1089 4374 1225 4445 πρὸς
1263 4373 1455 4426 αὐτόν·
1517 4373 1656 4441 Ἐγὼ

135 4455 293 4529 Κύριος
307 4464 486 4538 ὤφθην
510 4466 647 4537 πρὸς
679 4464 947 4538 Ἀϐραὰμ,
973 4465 1066 4518 καὶ⁹
1092 4465 1294 4527 Ἰσαὰκ,
1324 4465 1416 4518 καὶ
1445 4464 1651 4529 Ἰακὼϐ,

138 4546 233 4613 θεὸς
247 4553 309 4606 ὧν
328 4559 521 4623 αὐτῶν,
547 4559 641 4611 καὶ
662 4556 722 4610 τὸ
745 4558 916 4628 ὄνομά
937 4574 1038 4629 μου
1061 4557 1159 4610 οὑκ
1178 4557 1422 4627 ἐδήλωσα
1452 4558 1651 4620 αὐτοῖς,

137 4641 392 4717 καὶέστησα
420 4652 523 4720 τὴν
555 4649 818 4721 διαθήκην
855 4667 956 4720 μου
994 4649 1129 4719 πρὸς
1150 4647 1363 4710 αὐτούς.
1399 4667 1417 4699 ι
1451 4650 1657 4720 Ὥσπερ

140 4730 203 4782 ἐπὶ
222 4736 308 4790 τῶν
337 4743 387 4793 ὲν
418 4740 731 4811 ἀνθρώποις
770 4741 1085 4814 προφητῶν,
1127 4741 1369 4804 Ἡσαΐου,
1415 4740 1544 4811 φέρε
1580 4743 1657 4794 εί-

140 4826 241 4889 πείν,
264 4832 342 4882 καὶ
393 4834 680 4905 Ἱερεμίου,
721 4835 814 4886 καὶ
852 4833 959 4887 τῶν
991 4832 1415 4904 παραπλησίων,
1452 4832 1655 4904 ἄνθρω-

139 4926 210 4976 πος
236 4921 317 4987 μὲν
344 4920 405 4995 ἦν
435 4926 500 4979 τὸ
551 4924 847 4996 ὁρώμενον,
882 4924 1012 4987 Θεὸς
1052 4925 1108 4976 δὲ
1153 4926 1181 4976 6
1216 4924 1304 4977 διὰ
1341 4924 1433 4977 τοῦ
1468 4941 1652 4992 φαινο-

141 5004 275 5069 μένου,
313 5013 449 5070 ὼσάν
505 5015 571 5069 δι’
618 5016 849 5087 ὀργάνου
911 5014 1215 5079 θεσπίζων
1260 5014 1352 5066 καὶ
1393 5014 1510 5067 τοτὲ
1551 5015 1649 5086 μὲν

140 5091 319 5165 Χριστοῦ
373 5109 694 5180 πρόσωπον,
767 5107 888 5161 τοτὲ
953 5107 1009 5160 δὲ
1070 5106 1386 5177 Πνεύματος
1456 5106 1646 5175 ἁγίου,

141 5189 225 5240 Mi
259 5193 303 5248 δὲ
342 5201 425 5253 τοῦ
486 5201 580 5254 ὲπὶ
640 5200 853 5253 πάντων
908 5197 1044 5252 Θεοῦ
1095 5193 1185 5269 ἦν,
1240 5198 1327 5251 διὰ
1384 5196 1476 5250 τοῦ
1517 5215 1649 5269 προ-

141 5279 265 5345 φήτου
304 5290 658 5363 χρηματίζον·
725 5291 865 5344 οὕτω
926 5289 991 5362 δὴ
1029 5289 1122 5343 καὶ
1168 5287 1262 5341 νῦν
1306 5287 1646 5359 εἰσαγομένῳ

141 5367 195 5437 τῷ
225 5375 379 5435 Μωσεί
418 5388 446 5438 6
506 5384 764 5438 ἀνωτάτω
826 5382 920 5436 καὶ
976 5383 1069 5435 ἐπὶ
1122 5383 1337 5436 πάντων
1379 5380 1510 5443 Θεὸς
1558 5380 1647 5434 διά

140 5459 205 5546 ξοδ
250 5474 477 5539 φανέντος
533 5476 767 5545 ἀγγέλου
834 5476 903 5529 τά
967 5475 1303 5546 προκείμενα
1367 5471 1642 5537 θεσπίζει’

145 5540 196 5599 ὧν
227 5558 396 5622 γένοιτο
439 5567 505 5620 ἂν
535 5569 563 5620 6
584 5540 732 5631 ῗνοῦς
773 5567 976 5620 τοιόσδε
996 5540 1025 5596 ο-
1058 5565 1148 5618 Σοὶ
1168 5540 1303 5635 -μὲν,
1339 5556 1384 5615 ὦ
1436 5564 1647 5636 προφῆ-

143 5654 203 5704 τα,
239 5649 359 5709 ὡσάν
408 5659 742 5730 εἰσαγομένῳ
784 5660 875 5712 καὶ
927 5658 1087 5729 μηδὲν
1130 5655 1293 5709 πλέον
1351 5653 1645 5724 ausimne

1782 1917 2110 1987 purgamini,
2142 1926 2196 1973 et
2217 1927 2423 1974 mutate
2446 1919 2663 1976 habitus
2693 1930 2927 1988 vestros,
2949 1932 3005 1979 et
3034 1941 3350 1998 surgamus,

1782 2010 2254 2081 ascendamusque
2285 2011 2341 2066 in
2371 2011 2563 2067 Bethel
2597 2032 2611 2067 :
2647 2020 2702 2069 et
2727 2013 2991 2072 faciamus
3030 2018 3195 2089 239
3240 2021 3356 2075 illic

1781 2101 1951 2156 altare
1983 2101 2235 2167 Domino,
2266 2104 2359 2174 qui
2391 2103 2670 2159 exaudivit
2704 2120 2791 2160 me
2816 2106 2871 2160 in
2916 2107 3004 2163 die
3043 2110 3355 2166 tribulatio-

1780 2194 1887 2256 nis,
1912 2195 2005 2264 qui
2036 2194 2137 2249 fuit
2166 2210 2402 2260 mecum,
2427 2203 2482 2250 et
2512 2196 2749 2252 servavit
2773 2214 2881 2263 me,
2913 2199 2967 2253 in
2993 2200 3079 2254 via
3102 2218 3210 2272 qua
3234 2219 3361 2273 pro.

1779 2284 1954 2341 fectus
1984 2302 2103 2341 sum
2130 2287 2196 2341 ⁸³.
2237 2305 2256 2339 ι
2289 2286 2403 2341 Hoc
2436 2288 2558 2342 loco
2612 2286 2756 2344 Deus
2804 2290 2920 2360 ipse
2964 2292 3226 2361 universi,
3256 2296 3349 2365 qui

1780 2377 1951 2439 solus,
1990 2393 2164 2449 neque
2196 2378 2395 2445 factus,
2443 2397 2620 2452 neque
2651 2383 2887 2452 genitus,
2947 2392 2999 2439 et
3060 2400 3355 2455 supremus

1777 2470 2025 2523 omnium
2059 2480 2161 2533 est,
2204 2487 2315 2526 non
2344 2473 2516 2538 visus,
2568 2474 2663 2530 sed
2702 2475 3056 2531 invisibiliter
3089 2477 3228 2531 dans
3262 2493 3350 2533 re-

1777 2576 1975 2631 sponsa
2006 2562 2109 2632 ipsi
2132 2562 2325 2626 Jacob,
2359 2573 2413 2619 et
2442 2567 2647 2621 virtute
2674 2567 2933 2622 ineﬂ‘abili
2962 2568 3201 2638 seipsum
3228 2585 3351 2625 mo-

1775 2669 1928 2719 vens,
1957 2655 2022 2708 de
2061 2656 2167 2710 alio
2205 2658 2367 2711 verba
2400 2656 2530 2712 facit
2560 2659 2897 2728 planissime.
2934 2659 3080 2714 Dixit
3108 2678 3238 2732 ergo
3267 2662 3346 2718 illi

1774 2746 1918 2803 Deus
1952 2766 1963 2801 :
2011 2766 2029 2799 ‹
2069 2747 2177 2804 Fac
2211 2751 2383 2805 altare
2414 2750 2525 2806 Deo
2566 2753 2658 2821 qui
2688 2754 2945 2823 apparuit
2973 2754 3088 2809 tibi.
3150 2775 3168 2808 ›
3213 2754 3350 2821 Quis

1776 2846 1956 2893 autem
1990 2839 2079 2894 hic
2110 2841 2202 2904 sit,
2230 2843 2322 2911 qui
2350 2844 2590 2911 scriptus
2620 2854 2703 2898 est
2740 2860 2907 2914 supra
2952 2845 3031 2899 illi
3064 2848 3348 2916 apparuis-

1775 2943 1853 2992 se,
1885 2930 2045 2998 paulo
2078 2939 2206 2985 ante
2230 2933 2607 3002 exposuimus,
2640 2933 2733 2988 ubi
2759 2933 2928 2989 Deum
2956 2932 3194 2989 Verbum
3223 2950 3348 2989 esse

1773 3019 2291 3078 demonstravimus.

2352 3115 2580 3170 CAPUT
2619 3113 2757 3173 Xlll.

1760 3224 2087 3301 Ab_Exodo.
2121 3260 2190 3268 —
2219 3228 2368 3301 Quod
2420 3231 2557 3283 Deus
2596 3230 2775 3294 Pater,
2807 3248 2923 3284 cum
2961 3229 3099 3285 Mosi
3132 3248 3347 3301 respon-

1830 3295 2103 3370 derit_per
2149 3299 2385 3368 angelum
2451 3318 2503 3353 se
2576 3302 2815 3370 patribus
2864 3295 3349 3370 apparuisse,'uon

1831 3367 2057 3434 amplius
2090 3384 2181 3437 per
2210 3367 2468 3440 angelum,
2494 3367 2583 3423 sed
2605 3385 2695 3438 per
2723 3367 3110 3428 Filiuaz'docet.

1836 3562 1855 3596 ι
1902 3544 1968 3598 Et
1996 3544 2176 3603 Moses
2201 3557 2319 3602 erat
2347 3563 2580 3618 pascens
2606 3563 2735 3603 oves
2760 3547 2952 3604 Jotbor
2992 3550 3164 3605 soceri
3207 3549 3293 3606 sui
3319 3569 3341 3607 :

1758 3642 1813 3691 et
1840 3637 1988 3691 venit
2010 3638 2078 3692 ad
2116 3648 2353 3693 montem
2385 3637 2479 3692 Dei
2521 3639 2575 3693 in
2614 3639 2848 3696 Choreb.
2881 3640 2946 3693 Et
3006 3642 3254 3709 apparuit
3287 3640 3347 3697 ei

1760 3730 1984 3799 angelus
2013 3729 2226 3784 Domini
2256 3730 2312 3784 in
2357 3729 2575 3783 ﬂamma
2606 3729 2748 3800 ignis
2796 3731 2920 3785 rubi
2951 3731 3014 3783 ⁸³.
3062 3750 3081 3783 ι
3117 3730 3183 3784 Et
3214 3738 3345 3801 post

1761 3822 1903 3876 alia:
1942 3838 1961 3871 ‹
2002 3818 2067 3874 Ει
2096 3830 2155 3876 ut
2198 3820 2334 3875 vidit
2383 3821 2527 3891 quod
2559 3822 2841 3877 accederet
2888 3822 2956 3877 ad
3005 3822 3337 3885 videndum,

1758 3913 1973 3967 vocavit
2007 3913 2159 3966 illum
2190 3912 2259 3967 de
2293 3912 2471 3968 medio
2519 3912 2641 3967 rubi
2699 3913 2891 3969 dicens
2923 3933 2937 3968 ε
2972 3913 3151 3969 Moses
3175 3952 3189 3978 ,
3222 3913 3345 3967 Mo-

1759 4020 1881 4070 ses,
1933 4020 2002 4060 ne
2034 4003 2259 4075 propius
2310 4004 2420 4060 huc
2451 4007 2770 4061 accesseris.
2806 4004 2965 4061 Solve
2997 4007 3337 4061 calceamen-

1758 4101 1872 4148 tum
1903 4094 2098 4164 pedum
2130 4101 2352 4148 tuorum
2383 4094 2590 4151 :locus
2618 4096 2761 4151 enim
2787 4095 2841 4149 in
2872 4111 2980 4165 quo
3007 4105 3143 4160 stas,
3190 4103 3336 4150 terra

1757 4192 1946 4238 sancta
1975 4191 2060 4240 est
2083 4183 2255 4237 “.sEt
2283 4192 2408 4255 post
2439 4200 2634 4255 pauca,
2671 4204 2688 4237 ι
2727 4196 2781 4241 et
2812 4186 2949 4241 dixit
2977 4187 3239 4242 Dominus
3265 4188 3336 4241 ad

1756 4274 1906 4328 illum
1936 4293 1950 4329 :
2006 4274 2119 4344 Ego
2177 4291 2296 4330 sum
2327 4277 2418 4345 qui
2439 4292 2559 4330 sum
2581 4278 2646 4331 ⁸⁸.
2680 4276 2783 4330 »Ει
2810 4293 3003 4334 rursus
3026 4280 3071 4311 ⁶⁶
3103 4298 3117 4334 :
3165 4298 3183 4329 ‹
3223 4277 3329 4332 Lo-

1755 4374 1914 4421 cutus
1943 4375 2025 4420 est
2057 4365 2314 4422 Dominus
2349 4367 2416 4421 ad
2462 4367 2664 4423 Mosem
2700 4387 2712 4423 :
2743 4368 2809 4421 Et
2852 4368 2988 4424 dixit
3035 4369 3102 4424 ad
3137 4370 3285 4423 illum
3315 4389 3329 4423 :

1758 4457 1869 4527 Ego
1902 4457 2162 4514 Dominus
2192 4459 2343 4515 visus
2393 4475 2514 4513 sum
2564 4460 2634 4514 ab
2662 4459 2961 4523 Abraham,
2995 4467 3049 4515 et
3076 4460 3243 4523 Isaac,
3275 4468 3332 4514 et
3401 4460 3443 4487 ’“

1754 4548 1945 4612 Jacob,
1976 4567 2099 4605 cum
2133 4566 2322 4606 eorum
2361 4552 2463 4606 sim
2504 4550 2666 4618 Deus,
2694 4560 2748 4607 et
2780 4567 2979 4608 nomen
3004 4567 3182 4607 meum
3218 4567 3332 4608 non

1755 4642 1991 4697 indicavi
2060 4643 2188 4708 illis,
2252 4649 2305 4697 et
2349 4643 2609 4697 constitui
2638 4651 3019 4699 testamentum
3048 4659 3232 4698 meum
3259 4644 3329 4697 ad

1754 4734 1897 4790 illos.
1930 4754 1950 4786 ι
1973 4733 2444 4800 Quemadmodum
2467 4734 2610 4804 apud
2631 4734 2924 4804 prophetas
2942 4736 2995 4790 in
3015 4734 3330 4792 hominibus

1753 4836 2058 4891 versantes,
2083 4826 2232 4882 verbi
2268 4826 2465 4896 gratia,
2517 4824 2710 4880 Isaiam
2750 4833 2805 4880 et
2829 4824 3144 4895 Jeremiam,
3178 4837 3231 4881 et
3249 4827 3329 4883 si-

1752 4920 1929 4984 miles,
1957 4920 2119 4973 homo
2140 4917 2360 4988 quidem
2401 4926 2539 4981 erat,
2571 4919 2623 4973 id
2657 4919 2803 4989 quod
2835 4919 3153 4984 videbatur,
3186 4919 3326 4974 Deus

1757 5020 1938 5066 autem
1968 5010 2063 5079 qui
2087 5025 2183 5078 per
2210 5008 2264 5062 id
2300 5009 2443 5078 quod
2475 5010 2791 5079 apparebat,
2821 5018 3078 5079 tanquam
3114 5025 3213 5080 per
3240 5010 3327 5064 in-

1755 5108 2119 5157 strumentum
2151 5101 2475 5170 loquebatur
2504 5118 2518 5166 ;
2550 5110 2605 5155 et
2641 5101 2801 5156 modo
2831 5100 3036 5155 Christi
3070 5115 3322 5170 persona,

1752 5194 1916 5248 modo
1944 5192 2120 5249 sancti
2150 5190 2406 5262 Spiritus,
2442 5190 2603 5246 modo
2639 5192 2879 5261 supremi
2909 5190 3005 5245 Dei
3028 5197 3165 5256 erat,
3204 5205 3325 5260 quae

1750 5297 1849 5353 per
1878 5281 2198 5352 pr0phetam
2231 5296 2491 5353 responsa
2549 5281 2747 5348 dabat;
2800 5281 2881 5335 sic
2924 5281 3112 5351 utique
3158 5282 3323 5341 etiam

1752 5389 1898 5429 nunc
1930 5373 2085 5435 Mosi,
2118 5374 2209 5443 qui
2260 5374 2662 5438 introducitur,
2712 5388 3003 5443 supremus
3053 5380 3107 5429 et
3138 5374 3321 5428 omnia

1753 5467 1855 5523 sub
1888 5481 1947 5521 se
1973 5465 2181 5521 habens
2210 5463 2375 5531 Deus,
2398 5481 2493 5536 per
2519 5479 2643 5520 eum
2672 5466 2765 5535 qui
2798 5474 3020 5535 apparet
3045 5466 3317 5535 angelum,

1749 5574 1814 5614 ea
1882 5573 2003 5629 quae
2064 5559 2343 5628 proposita
2406 5564 2581 5620 sunt,
2654 5556 2821 5611 canit.
2864 5555 3141 5623 ,Quorum
3206 5555 3322 5612 haec

1751 5652 1914 5723 240
1940 5652 2221 5707 sententia
2243 5651 2315 5707 sit
2346 5664 2478 5705 sane
2503 5669 2517 5703 :
2549 5649 2669 5706 Tibi
2702 5648 2943 5721 quidem,
2972 5664 3005 5704 ο
3035 5649 3337 5725 propheta,

214 5768 247 5799 “
268 5772 378 5834 Gen.
416 5797 581 5847 xxxv,
613 5780 725 5836 1-3.
826 5782 869 5812 ”
902 5778 1067 5835 Exod.
1102 5770 1185 5846 ui,
1220 5778 1269 5832 1.
1359 5778 1403 5810 ⁸⁸
1441 5776 1573 5832 ibid.
1605 5774 1659 5840 4,

1819 5776 1863 5807 ⁸⁸
1896 5774 2026 5830 ibid.
2058 5774 2145 5831 ll.
2222 5775 2267 5807 “
2298 5772 2469 5829 Exod.
2507 5788 2582 5840 vt,
2616 5771 2732 5826 2-4.
