3894 6552
563 403 662 460 591

1222 405 1488 464 EUSEBII
1526 405 2004 464 CESARIENSIS
2043 404 2194 462 OPP.
2237 369 2416 462 PARS
2453 403 2516 460 ll.
2559 437 2626 448 ο·-
2661 405 3158 465 APOLOGETICA.
3676 401 3776 475 επ

561 530 820 593 unquam
849 506 897 577 ei
920 521 1014 593 qui
1040 522 1217 577 adhuc
1243 523 1509 589 eruditur,
1544 533 1598 580 et
1626 525 1718 596 qui
1751 525 1889 579 nihil
1917 524 2114 582 visiont

2231 525 2494 588 ὀπτασίας
2536 524 2824 597 χωροῦντι,
2863 525 3002 586 τέως
3047 525 3138 578 τὸν
3185 525 3319 596 ὲμδν
3371 527 3592 596 ἄγγελον
3638 531 3760 589 tam.

562 615 808 686 angelica
833 616 1068 685 amplius
1091 616 1253 686 capit,
1283 617 1502 672 interim
1537 620 1788 689 angelum
1829 635 2008 674 meum
2041 636 2136 675 ex-

563 709 740 765 hiberi
766 709 1057 764 videndum
1076 710 1258 776 volui;
1291 711 1386 766 sed
1410 728 1587 767 meum
1613 729 1810 768 nomen
1833 714 1930 767 tibi
1960 714 2135 770 solum

559 807 752 855 notum
779 799 940 864 facio,
971 800 1099 855 dum
1128 800 1296 856 doceo
1329 812 1399 866 te,
1426 819 1510 858 me
1537 820 1660 859 eum
1691 819 1814 860 esse
1839 805 1933 874 qui
1973 821 2094 860 sum
2116 847 2131 872 ,

557 902 613 948 et
642 909 837 950 nomen
871 909 1049 948 meum
1079 909 1201 950 esse
1251 894 1562 954 Dominum.
1615 895 1747 952 Tuis
1785 915 1914 954 vero
1964 899 2135 969 patri-

559 983 661 1038 bus
695 1000 804 1038 non
834 983 938 1038 hoc
969 985 1144 1039 solum
1180 985 1454 1054 iudicavi,
1505 987 1600 1043 sed
1648 989 1810 1044 etiam
1867 991 1969 1046 hoc
2013 993 2134 1062 ipso

555 1076 790 1146 amplius
820 1076 1047 1146 largitus
1077 1093 1196 1132 sum
1223 1098 1235 1132 :
1267 1095 1392 1133 nam
1424 1081 1492 1134 ab
1520 1082 1628 1136 illis
1651 1097 1770 1137 sum
1794 1083 1966 1139 visus.
1996 1084 2131 1151 Quis

555 1183 683 1223 vero
711 1169 784 1224 sit
812 1169 905 1240 qui
933 1170 1181 1239 patribus
1211 1171 1364 1228 visus
1407 1171 1511 1237 sit,
1555 1181 1610 1228 et
1649 1176 1793 1245 quod
1837 1191 1944 1231 non
1975 1187 2132 1246 pater

553 1259 720 1326 Deus,
747 1267 904 1316 antea
942 1262 1374 1317 demonstratum
1406 1273 1510 1331 est,
1539 1265 1632 1319 ubi
1667 1265 1838 1321 Deum
1866 1279 1920 1323 et
1952 1267 2130 1323 Domi-

551 1371 682 1410 num
714 1355 966 1426 angelum
991 1354 1084 1409 Dei
1111 1358 1447 1410 nominatum
1470 1373 1590 1412 esse
1611 1358 2124 1417 demonstravimus.

551 1447 840 1510 Caeterum,
867 1461 1103 1515 quonam
1127 1448 1288 1502 modo
1307 1448 1418 1515 hic,
1441 1450 1531 1503 ille
1557 1449 1649 1518 qui
1676 1459 1828 1520 pater
1856 1451 1927 1507 sit
1960 1451 2124 1520 Deus,

549 1547 604 1592 et
627 1538 810 1592 omnia
839 1539 942 1593 sub
971 1553 1030 1594 se
1057 1538 1272 1604 habeat,
1306 1539 1451 1594 dicat
1481 1556 1540 1596 se
1579 1557 1610 1596 a
1645 1543 1890 1612 patribus
1911 1544 2086 1601 visum
2108 1585 2122 1612 ,

549 1632 744 1686 merito
775 1631 972 1700 aliquis
1015 1639 1240 1701 quaerat.
1269 1631 1644 1704 Explicabitur
1691 1651 1854 1705 porro
1910 1637 1964 1692 id
1990 1679 2004 1703 ,
2058 1639 2126 1694 de

547 1736 658 1790 quo
681 1720 976 1790 quaeritur,
1020 1721 1068 1775 si
1094 1721 1292 1776 divina:
1322 1720 1621 1792 Scriptura:
1671 1724 2008 1794 diligentiam
2041 1736 2124 1782 at-

547 1813 855 1866 tendamus.
885 1811 1018 1867 Nam
1057 1828 1182 1867 cum
1234 1815 1378 1886 apud
1413 1814 1766 1886 Septuaginta
1793 1819 1869 1872 ita
1915 1819 2120 1874 dictum

2237 615 2404 688 λήθην
2425 616 2675 688 ὀφθῆναι,
2707 615 2944 688 ἐμαυτοῦ
2977 633 3036 669 τε
3075 617 3313 688 τοῦνομά
3339 635 3422 670 σοι
3453 621 3602 690 μόνον
3621 623 3762 696 ipsa.
3849 703 3851 706 ρ

2235 709 2322 771 νὲς
2353 708 2671 781 καθίστημι,
2705 710 2990 774 διδάσκων,
3021 711 3104 762 ὅτι
3146 709 3255 778 ἐγώ
3283 712 3399 780 είμι
3424 713 3453 764 6
3491 709 3680 777 ὣν,καὶ
3697 717 3760 774 ὅτι

2233 801 2293 854 τὸ
2319 800 2490 872 ὄνομά
2522 800 2620 871 μού
2673 803 2790 853 ἐστι
2813 800 3037 872 Κύριος.
3062 801 3185 863 Τοῖς
3211 801 3272 854 δὲ
3306 804 3419 864 σοῖς
3447 804 3690 873 πατράσιν
3712 809 3758 859 οὐ

2231 891 2390 944 τοῦτο
2423 892 2582 963 μόνον
2611 891 2875 962 ἐδήλωσα,
2905 891 3040 944 ἀλλὰ
3063 893 3155 945 καὶ
3176 891 3368 946 τούτου
3393 893 3566 962 μεῖζον
3594 896 3758 966 ὲδωρη-

2234 981 2414 1052 σὰμην
2433 999 2447 1013 ·
2479 981 2667 1054 ὤφθην
2706 982 2815 1053 γὰρ
2847 981 3046 1046 αὐτοῖς.
3085 983 3182 1046 Τίς
3211 983 3260 1036 δ’
3293 979 3364 1054 ἦν
3403 985 3432 1036 6
3457 987 3563 1048 τοῖς
3589 991 3760 1056 πατρά-

2239 1091 2324 1127 σιν
2372 1074 2577 1143 ὀφθεὶς,
2633 1075 2728 1127 καὶ
2775 1075 3020 1146 ὅτιμὴὸ
3070 1075 3162 1128 ἐπὶ
3211 1076 3432 1128 πάντων
3480 1075 3621 1140 Θεὸς,
3657 1097 3760 1148 προ-

2233 1165 2631 1228 αποδέδεικται,
2660 1165 2820 1237 ἡνίκα
2848 1165 2938 1218 τὸν
2967 1164 3100 1219 Θεὸν
3123 1165 3330 1219 καὶτὸν
3356 1164 3552 1238 Κύριον
3571 1167 3758 1235 ἄγγελον

2227 1259 2363 1313 Θεοῦ
2412 1259 2725 1330 ὠνομάσθαι
2774 1257 3182 1329 ὲπεδείκνυμεν.
3215 1257 3344 1322 Πῶς
3371 1255 3462 1314 οὖν
3501 1260 3706 1315 ἐνταῦθα
3736 1265 3758 1316 6

2229 1353 2485 1406 ἐπέκεινα
2531 1352 2640 1405 τῶν
2701 1351 2858 1414 ὅλων,
2890 1350 3050 1415 αὐτὸς
3073 1349 3148 1404 ὢν
3185 1352 3214 1403 6
3253 1351 3416 1422 μόνος
3455 1351 3548 1404 ἐπὶ
3578 1354 3754 1407 πάντων

2227 1445 2378 1508 Θεὸς,
2427 1439 2607 1514 ὧφθαί
2658 1461 2792 1516 φησι
2837 1447 2948 1510 τοῖς
2994 1444 3288 1516 πατράσιν,
3341 1443 3566 1516 ζητήσαι
3605 1447 3660 1500 ἄν
3691 1464 3754 1508 τις

2225 1537 2468 1601 εἰκότως.
2501 1537 2700 1608 Λυθείη
2723 1537 2767 1590 δ’
2794 1535 2860 1590 ἂν
2880 1537 2942 1590 τὸ
2968 1536 3220 1608 ζητηθὲν,
3247 1537 3299 1588 εί
3332 1539 3398 1607 τῇ
3427 1536 3659 1608 ἀκριϐείᾳ
3679 1537 3754 1606 τῆς

2226 1628 2375 1693 θείας
2429 1630 2653 1700 Γραφῆς
2705 1631 3121 1700 ὲπιστήσαιμεν.
3169 1615 3480 1698 Λεγομένου
3527 1628 3625 1699 γὰρ
3669 1631 3752 1692 τοῖς

2237 1721 2634 1792 Ἑϐδομήκοντα
2669 1721 2786 1784 τοῦ,
2823 1739 2842 1772 ι
2871 1721 2984 1774 Καὶ
3007 1719 3195 1791 ὤφθην
3227 1719 3364 1792 πρὸς
3395 1718 3647 1790 Ἀϐραὰμ,
3680 1719 3753 1772 καὶ

2235 1813 2438 1878 Ἰσαὰκ,
2468 1815 2562 1867 καὶ
2599 1812 2812 1877 Ἰακὼϐ,
2839 1813 2970 1875 Θεὸς
2999 1813 3174 1866 αὐτῶν
3202 1811 3298 1876 ὢν,
3334 1831 3354 1863 ι
3388 1811 3417 1862 6
3441 1810 3534 1881 μὲν
3569 1809 3753 1872 Ἀκύλας

547 1906 654 1960 sit:
697 1924 716 1958 ι
758 1905 824 1958 Et
845 1905 996 1962 visus
1024 1921 1146 1962 sum
1177 1907 1245 1961 ab
1267 1880 1572 1976 varaha-m,
1601 1880 1655 1965 et
1689 1909 1840 1966 Isaac
1860 1950 1874 1976 ,
1925 1922 1979 1968 et
2025 1911 2114 1968 Ja-

2225 1905 2358 1975 φησί
2377 1923 2422 1956 ἰ
2459 1905 2570 1959 Καὶ
2590 1904 2808 1976 ὼράθην
2835 1904 2972 1976 πρὸς
3008 1903 3280 1974 ’Δϐραὰμ,
3311 1903 3405 1956 καὶ
3424 1880 3552 1973 ττρὸς
3585 1901 3749 1966 Ἰσαὰκ,

545 1999 670 2066 cob,
702 2014 826 2054 cum
849 2014 1038 2054 eorum
1071 2000 1177 2056 sim
1211 1999 1388 2066 Deus,
1447 2019 1466 2054 ι
1522 2002 1717 2072 Aquila
1767 2005 1982 2074 quidem
2040 2006 2121 2062 sic

545 2089 665 2142 ait:
705 2107 723 2140 ι
763 2087 830 2142 Et
858 2089 1011 2144 visus
1071 2104 1194 2144 sum
1256 2091 1326 2146 ab
1395 2091 1706 2163 Abraham,
1761 2103 1815 2150 et
1848 2097 1915 2150 ab
1943 2095 2116 2162 Isaac,

541 2186 598 2233 et
626 2179 694 2234 ab
723 2177 892 2234 Jacob
925 2179 982 2234 in
1028 2178 1140 2235 Deo
1183 2179 1319 2237 satis
1359 2183 1565 2246 multo,
1631 2203 1650 2236 ι
1691 2185 1890 2254 quibus
1937 2187 2118 2242 verbis

541 2270 861 2340 planissime
893 2272 1122 2336 indicat,
1152 2288 1262 2328 non
1290 2273 1468 2343 ipsum
1500 2273 1652 2329 illum
1683 2276 1777 2346 qui
1815 2275 1975 2332 Pater
2009 2286 2114 2344 est,

541 2377 638 2432 per
659 2363 898 2432 seipsum
929 2363 1270 2433 apparuisse.
1304 2363 1489 2436 Neque
1520 2381 1651 2422 vero
1680 2369 1823 2422 sicut
1857 2368 2012 2434 Mosi,
2043 2371 2117 2426 ita

539 2455 702 2508 etiam
731 2455 977 2525 patribus
1017 2471 1112 2525 per
1141 2457 1418 2526 angelum,
1455 2465 1550 2513 aut
1607 2475 1705 2529 per
1735 2461 1930 2516 rubum
1957 2501 1972 2526 ,
2023 2471 2116 2517 aut

539 2545 740 2615 ignem,
775 2546 870 2602 sed
913 2548 968 2600 in
998 2547 1107 2604 Deo
1138 2549 1274 2604 satis
1306 2551 1479 2604 multo
1529 2552 1752 2606 oracula
1786 2553 2110 2622 praebuisse.

538 2635 718 2702 Quare
740 2637 904 2692 etiam
948 2640 1195 2706 patribus
1243 2656 1339 2710 per
1387 2641 1584 2696 Filium
1628 2645 1778 2699 visus
1804 2653 1888 2700 est
1931 2645 2112 2713 Pater,

537 2727 996 2796 quemadmodum
1035 2728 1092 2783 in
1122 2729 1432 2802 Evangeliis
1461 2733 1537 2788 ab
1559 2734 1679 2804 ipso
1706 2735 1912 2790 dictum
1945 2735 2114 2793 habe-

537 2825 628 2870 tur
655 2816 697 2846 ⁶⁷
733 2835 748 2870 :
783 2833 802 2867 ι
839 2817 944 2882 Qui
987 2818 1120 2872 vidit
1174 2835 1289 2886 me,
1342 2821 1478 2876 vidit
1525 2821 1784 2879 Patrem:
1837 2844 1856 2876 ι
1899 2827 1952 2880 in
1994 2827 2112 2897 ipso

535 2907 682 2964 enim
705 2917 758 2962 et
785 2923 881 2978 per
910 2909 1086 2978 ipsum
1126 2909 1308 2966 Patris
1343 2913 1580 2982 cognitio
1623 2914 1972 2984 prodebatur.
2005 2917 2111 2974 Sed

535 3013 659 3053 cum
711 2999 1024 3056 hominibus
1067 3002 1325 3057 salutaris
1361 3015 1678 3072 appareret,
1745 3013 1858 3060 tum
1891 3023 1985 3079 per
2015 3010 2106 3066 lilii

534 3090 828 3146 humanam
863 3090 1094 3147 formam
1123 3093 1410 3148 videbatur
1457 3110 1489 3148 a
1523 3095 1616 3151 Dei
1669 3099 1894 3162 amicis,
1947 3107 2109 3172 atque

2221 1999 2312 2052 καὶ
2340 1999 2472 2070 πρὸς
2503 1998 2691 2052 Ἰακὼϐ
2721 2002 2778 2052 ὲν
2804 1997 2922 2069 Θεῷ
2953 1997 3123 2068 ἱκανῷ
3141 2015 3154 2027 ο
3189 2018 3206 2050 ι
3231 1999 3300 2050 δι’
3321 1991 3397 2050 ὧν
3447 1995 3620 2066 σαφῶς
3643 2013 3751 2068 παρ-

2223 2090 2452 2161 ίστησιν,
2479 2093 2560 2144 ὅτι
2589 2093 2662 2162 μὴ
2693 2092 2854 2155 αὐτὸς
2874 2093 2901 2144 6
2927 2091 3018 2144 ἐπὶ
3053 2091 3274 2142 πάντων
3298 2089 3450 2152 Θεὸς,
3475 2091 3502 2141 6
3527 2086 3746 2158 μόνοςῶν,

2215 2182 2285 2235 δι’
2314 2182 2506 2235 ἑαυτοῦ
2532 2181 2707 2253 ὤφθη.
2748 2181 2886 2236 Ἀλλ’
2921 2183 3028 2235 οὐδ’
3071 2181 3262 2252 ὥσπερ
3306 2180 3385 2250 τῷ
3415 2181 3612 2242 Μωσεῖ,
3639 2177 3749 2230 οὕτω

2217 2276 2311 2330 καὶ
2336 2278 2450 2340 τοῖς
2483 2277 2742 2348 πατράσι,
2773 2276 2840 2330 δι’
2871 2275 3130 2344 ἀγγέλου,
3160 2275 3193 2346 ἢ
3227 2274 3318 2328 διὰ
3343 2273 3523 2344 βάτου,
3544 2272 3573 2342 ἥ
3595 2269 3744 2341 πυρὸς,

2216 2369 2332 2424 ἀλλ’
2360 2373 2416 2422 ἐν
2445 2368 2564 2438 Θεῷ
2591 2367 2758 2438 ἱκανῷ
2787 2367 3178 2439 χρηματίζοντι
3199 2383 3214 2397 ο
3257 2366 3401 2420 ὥστε
3425 2363 3510 2417 διὰ
3529 2361 3614 2415 τοῦ
3643 2358 3746 2414 Υίοῦ

2216 2462 2433 2531 Πατέρα.
2459 2463 2552 2515 καὶ
2599 2463 2711 2524 τοῖς
2739 2461 3010 2532 πατράσιν
3061 2458 3360 2530 ἑωρᾶσθαι,
3385 2456 3520 2512 κατὰ
3553 2456 3610 2508 τὸ
3627 2455 3742 2523 είρηιι

2219 2555 2375 2626 μένον
2401 2557 2458 2607 ἐν
2487 2553 2835 2622 Εὐαγγελίοις
2865 2553 3000 2624 πρὸς
3028 2550 3192 2604 αὑτοῦ
3212 2569 3224 2579 ·
3269 2569 3289 2603 ι
3337 2553 3396 2604 '0
3417 2545 3653 2620 ἑωρακὼς
3670 2543 3746 2613 ὲμὲ

2213 2646 2426 2716 ἑώρακε
2468 2647 2558 2700 τὸν
2595 2646 2833 2717 Πατέρα·
2863 2664 2882 2696 ι
2913 2647 2970 2698 ἐν
3000 2645 3147 2716 αὐτῷ
3178 2644 3290 2716 γὰρ
3333 2643 3426 2698 καὶ
3458 2642 3521 2695 δι’
3557 2636 3694 2693 αὐτοῦ
3720 2636 3744 2704 ἡ

2211 2739 2305 2794 τοῦ
2361 2741 2572 2812 Πατρὸς
2630 2737 3042 2794 ὰπεκαλύπτετο
3103 2738 3328 2806 γνῶσις.
3389 2735 3523 2788 Ἀλλ’
3563 2734 3638 2786 ὅτε
3673 2729 3744 2800 μὲν

2213 2829 2510 2901 ἀνθρώπων
2550 2831 2814 2901 σωτήριος
2841 2828 3168 2898 ἀπεφαίνετο
3191 2828 3292 2900 (l),
3315 2827 3404 2882 διὰ
3434 2827 3528 2896 τῆς
3543 2821 3626 2876 τοῦ
3645 2817 3743 2872 Tia-3

2211 2920 2552 2992 ἀνθρωπείας
2595 2921 2810 2992 μορφῆς
2847 2923 3074 2994 ἑωρᾶτο,
3106 2925 3216 2984 τοῖς
3261 2919 3529 2988 θεοφιλέσι
3569 2913 3653 2984 τὴν
3684 2911 3742 2972 εις

2211 3014 2528 3086 ἀνθρώπους
2558 3015 2723 3068 αὐτοῦ
2753 3015 3014 3085 ἐσομένην
3041 3013 3318 3083 σωτηρίαν
3345 3013 3453 3074 τοῖς
3485 3009 3605 3062 πᾶσι
3631 3017 3740 3070 παρο

2210 3103 2376 3158 οὖσαν
2411 3105 2470 3172 ἐξ
2516 3105 2723 3158 ἐκείνου
2770 3105 3402 3177 προαρῤαϐωνιςύμενος.
3453 3102 3568 3154 Ὅτε
3589 3097 3638 3149 δὲ
3659 3092 3740 3144 τῶν

534 3185 678 3240 inter
707 3185 953 3240 homines
985 3184 1224 3238 futuram
1289 3186 1462 3254 ipsius
1523 3187 1752 3244 salutem
1780 3233 1794 3256 ,
1853 3193 2108 3250 omnibus

2220 3193 2424 3249 ἀσεϐῶν
2452 3195 2713 3266 τιμωρὸς,
2741 3196 2834 3248 καί¹
2865 3194 3130 3266 κολαστὴς
3158 3193 3270 3247 τῶν
3300 3191 3596 3261 Αἰγυπτίων
3617 3183 3740 3279 ἔμε).-

532 3281 878 3344 pmsentem,
913 3289 980 3329 ex
1027 3274 1119 3330 illo
1153 3275 1308 3344 quasi
1338 3274 1554 3329 arrham
1587 3284 1642 3332 et
1663 3279 1856 3349 pignus
1887 3281 2107 3338 exhibe-

532 3366 644 3421 bat.
687 3365 824 3421 Cum
877 3380 1008 3420 vero
1049 3366 1342 3436 impiorum
1393 3367 1578 3432 ultor,
1637 3377 1691 3423 et
1723 3369 2104 3443 Egyptiorum

530 3459 824 3530 castigator
853 3457 1070 3514 futurus
1097 3469 1262 3526 esset,
1316 3475 1425 3515 non
1457 3462 1692 3532 amplius
1723 3464 1778 3518 in
1811 3463 1920 3520 Deo
1971 3469 2106 3524 satis

531 3552 736 3617 multo,
778 3553 872 3608 sed
903 3553 960 3607 in
988 3552 1178 3624 angelo
1211 3553 1462 3622 supplicii
1515 3554 1785 3620 ministro,
1810 3565 1864 3611 et
1895 3557 1948 3612 in
1981 3575 2106 3630 spe-

529 3645 612 3699 cie
637 3643 798 3714 ignis,
830 3651 882 3700 et
933 3643 1193 3711 ﬂammai,
1247 3661 1367 3716 quae
1411 3645 1521 3700 cito
1549 3646 1726 3702 instar
1754 3652 1986 3720 agrestis
2038 3669 2102 3708 ac

531 3736 814 3791 senticosa;
850 3737 1091 3793 materia:
1122 3738 1244 3793 illos
1289 3745 1406 3793 erat
1449 3739 1778 3794 devoratura
1802 3779 1818 3805 ,
1872 3749 2104 3814 appare-

529 3827 640 3884 bat.
677 3828 875 3883 Dicunt
925 3831 1090 3901 igitur
1137 3845 1234 3900 per
1285 3831 1484 3884 rubum
1529 3833 1748 3902 quidem
1804 3835 2100 3905 signiﬁcari

2211 3288 2300 3340 λεν
2337 3285 2572 3350 ἔσεσθαι,
2613 3287 2798 3340 οὐκέτι
2840 3289 2898 3339 ἐν
2945 3285 3064 3356 Θεῷ
3099 3285 3291 3355 ἱκανῷ,
3321 3283 3434 3339 ἀλλ’
3479 3285 3532 3334 ἐν
3563 3274 3738 3346 ἀγγέλῳ

2207 3384 2436 3452 διακόνῳ
2483 3381 2583 3452 τῆς
2635 3381 2901 3453 τιμωρίας
2931 3382 3023 3434 καὶ
3076 3381 3134 3431 ὲν
3177 3379 3311 3433 εῖδει
3346 3377 3530 3449 πυρὸς,
3558 3367 3737 3438 καὶτῆς

2207 3477 2328 3529 ὅσον
2350 3474 2500 3527 οὔπω
2533 3473 2829 3543 μελλούσης
2851 3474 3044 3536 αὐτοὺς
3073 3472 3229 3542 δίκην
3263 3471 3460 3543 ἀγρίας
3489 3467 3574 3520 καὶ
3605 3467 3736 3515 ἅκαν-

2209 3565 2407 3629 θὼδους
2441 3565 2572 3636 ὕλης
2591 3565 2896 3619 κατεσθίειν
2926 3563 3120 3633 φλογὸς
3144 3563 3526 3634 παρεφαίνετο.
3543 3553 3737 3609 Αίνίττε-

2209 3657 2332 3711 σθαι
2347 3655 2438 3710 οὖν
2460 3657 2698 3726 φασιτὴν
2718 3656 2815 3726 μὲν
2829 3655 3008 3724 βάτον,
3021 3654 3119 3725 τὴν
3139 3653 3246 3706 τῶν
3257 3650 3562 3721 Αἰγυπτίων
3576 3641 3736 3713 ἀγρίαν

2207 3751 2300 3804 καὶ
2319 3750 2498 3822 ἀπηνῆ
2517 3750 2609 3803 καὶ
2625 3751 2894 3820 ἀνήμερον
2915 3747 3232 3818 μοχθηρίαν·
3255 3748 3320 3800 τὸ
3341 3745 3397 3799 δὲ
3413 3742 3536 3814 πῦρ,
3551 3739 3635 3807 τὴν
3647 3733 3736 3785 δια-

2207 3841 2466 3895 λωϐῶσαν
2485 3841 2680 3902 αὐτοὺς
2721 3839 2964 3909 τιμωρὸν
2987 3839 3079 3890 καὶ
3131 3837 3486 3908 κολαστήριον
3521 3828 3730 3894 δύναμιν·

529 3921 909 3994 Εὲἳρῐίοῐιιῐη
947 3929 1215 3994 agrestem
1255 3933 1309 3979 ει
1337 3925 1598 3982 immitem
1627 3934 1682 3983 ει
1717 3928 1887 3984 feram
1921 3937 2265 4003 pravitatem,
2297 3953 2394 4008 per
2423 3938 2601 4008 ignem
2651 3949 2780 3990 vero
2831 3935 2939 3988 vim
2994 3935 3140 3988 illam
3189 3933 3538 3988 ulciscentem
3581 3931 3627 3978 et
3657 3933 3730 3974 ca-

527 4016 815 4087 stigantcm
842 4033 962 4088 qua:
991 4017 1113 4072 illos
1149 4017 1367 4074 invasit.

1001 4113 1158 4185 241
1194 4110 1426 4168 CAPUT
1461 4114 1602 4169 xw.

527 4202 681 4279 Quod
737 4205 1172 4279 quemadmodum
1212 4205 1451 4279 patribus
1505 4207 1738 4264 humana
1782 4211 1975 4279 forma.
2015 4218 2094 4268 sic

597 4276 650 4348 in
677 4276 844 4344 specie
869 4275 1018 4330 nubis
1053 4274 1252 4346 Moysi,
1284 4283 1332 4329 et
1355 4287 1542 4331 cuncto
1571 4274 1934 4348 populo'Deus
1969 4283 2093 4339 Ver-

594 4346 716 4398 bum
739 4349 1008 4413 apparuit.

589 4461 763 4515 «Dixit
791 4469 971 4517 autem
992 4459 1260 4518 Dominus
1287 4460 1354 4516 ad
1383 4461 1620 4519 Mosem:
1654 4465 1794 4523 Ecce
1813 4485 1914 4540 ego
1935 4473 2092 4526 venio

2721 4117 3114 4176 ΚΕΦΑΛΑῘΟΝ
3155 4118 3231 4168 ΙΔ⁹

2204 4216 2302 4281 Ὣς
2329 4213 2591 4281 καθάπερ
2621 4211 2745 4276 τοῖς
2786 4208 3085 4281 πατράσιν
3119 4207 3188 4260 ἐν
3217 4206 3560 4281 ᾀκθρωίτίνιρ
3603 4199 3704 4266 σχή

2663 4263 2736 4354 εὖ
2761 4263 2918 4354 εἴδεῖ
2941 4279 3201 4354 νεφέλης
3239 4263 3448 4331 Maiong
3465 4263 3556 4330 κιίὶ
3580 4263 3724 4324 παντί

2262 4349 2341 4421 τῷ
2371 4354 2497 4419 λαῷ
2525 4356 2557 4406 ό
2587 4351 2732 4416 Θεὸς
2761 4351 2952 4420 Λόγος
2983 4349 3273 4418 ἐφαίνετο.

2269 4487 2289 4520 r
2329 4463 2464 4520 Εἷπε
2503 4465 2560 4517 δὲ
2599 4464 2803 4536 Κύριος
2850 4462 2985 4533 πρὸς
3023 4461 3244 4530 Μωσῆν·
3287 4461 3416 4515 Ἰδοὺ
3444 4455 3548 4526 ἐγὼ
3583 4465 3726 4520 παρα-

519 4551 584 4606 ad
621 4561 673 4606 te
703 4553 759 4606 in
791 4556 1044 4608 columna
1079 4554 1270 4616 nubis,
1310 4561 1371 4608 ut
1400 4555 1590 4609 audiat
1621 4537 1870 4628 populus
1887 4577 1973 4616 me
2009 4563 2088 4616 lo-

2220 4559 2408 4627 ’ίνομαι
2461 4555 2596 4626 πρὸς
2639 4553 2698 4608 σὲ
2731 4555 2789 4606 ὲν
2827 4553 3001 4621 στύλῳ
3045 4549 3293 4621 νεφέλης,
3344 4551 3448 4654 ἵνα.
3489 4537 3724 4656 Maian?

516 4655 768 4714 quentem
796 4645 862 4699 ad
897 4656 968 4710 te,
1007 4653 1063 4701 et
1088 4647 1188 4700 tibi
1215 4647 1441 4701 credant
1464 4647 1540 4714 ⁶⁸;
1579 4667 1598 4698 ι
1625 4658 1680 4704 et
1706 4667 1826 4720 quae
1851 4667 2088 4722 sequun-

2220 4650 2310 4711 αὸς
2335 4647 2620 4708 λαλοῦντός
2645 4663 2746 4717 μου
2773 4644 2908 4716 πρὸς
2927 4645 3004 4706 σὲ,
3031 4643 3122 4696 καί
3152 4659 3231 4695 σοι
3261 4638 3582 4696 πιστεύσωσι
3601 4638 3724 4722 “ma!

515 4742 607 4788 tur
639 4753 653 4789 :
684 4753 702 4786 ι
738 4733 882 4791 Deus
911 4745 1092 4791 autem
1123 4736 1477 4792 antecedebat
1506 4753 1602 4793 eos
1627 4719 1806 4795 dieiin
1834 4719 2087 4797 columna

2220 4737 2311 4806 ξῆς
2333 4754 2347 4767 ⁸
2397 4755 2416 4788 ί
2455 4739 2512 4790 Ὀ
2551 4737 2607 4788 δὲ
2649 4736 2781 4799 Θεὸς
2843 4738 3025 4806 ἡγεῖτο
3065 4733 3240 4787 αὐτῶν
3291 4733 3502 4807 ἡμέρας
3551 4725 3654 4824 μὲίν,
3679 4719 3722 4770 ὲν

515 4824 678 4880 nubis
705 4827 760 4879 in
783 4827 890 4890 via,
916 4834 1081 4880 noctu
1107 4839 1236 4881 vero
1259 4825 1316 4880 in
1341 4827 1598 4880 columna
1631 4827 1773 4897 ignis
1795 4838 1856 4882 ut
1883 4831 2086 4886 luceret

2220 4825 2359 4895 τύλῳ
2381 4825 2628 4895 νεφέλης,
2658 4825 2824 4889 δεῖξαι
2852 4825 3034 4887 αὐτοῖς
3066 4823 3162 4894 τὴν
3186 4825 3330 4877 ὁδόνο
3359 4825 3454 4893 τὴν
3481 4817 3534 4870 δὲ
3563 4817 3719 4866 νύκτα,

513 4917 594 4973 eis
613 4917 680 4972 ".
711 4937 728 4969 ι
751 4917 816 4971 Et
845 4933 1068 4974 rursus:
1097 4937 1116 4970 ι
1145 4917 1438 4974 Descendit
1457 4917 1726 4974 Dominus
1755 4921 1809 4974 in
1833 4921 2084 4978 columna

2220 4933 2238 4968 ν
2283 4915 2458 4988 στόλῳ
2503 4916 2703 4987 πυρὸς,
2747 4913 2842 4968 τοῦ
2879 4913 3087 4986 φαίνειν
3128 4915 3328 4978 αὐτοῖς.
3354 4935 3373 4966 ι
3411 4911 3520 4965 Καὶ
3557 4901 3719 5009 πξὶιν
3819 4917 3824 4920 ’

509 5009 672 5065 nubis
699 5009 768 5064 ".
798 5027 818 5062 ι
851 5009 918 5064 Et
939 5026 1168 5067 rursus:
1207 5029 1226 5064 ι
1253 5010 1390 5066 Cum
1418 5021 1598 5068 autem
1629 5014 1910 5082 ingressus
1935 5024 2080 5070 esset

2253 5007 2474 5079 Κατέϐη
2514 5008 2719 5078 Κύριος
2761 5008 2819 5060 ὲν
2870 5005 3043 5076 στόλῳ
3084 5005 3329 5076 νεφέλης.
3355 5025 3372 5056 ι
3415 5001 3521 5057 Καὶ
3561 4991 3716 5050 αὖθις’

509 5098 688 5155 Moses
715 5099 772 5153 in
797 5099 1237 5168 tabernaculum,
1269 5099 1556 5157 descendit
1595 5104 1850 5158 columna
1893 5103 2074 5168 nubis,

2253 5097 2444 5152 Ἠνίκα
2474 5099 2518 5152 δ’
2559 5099 2625 5151 ἂν
2653 5096 2866 5166 εἰσῆλθε
2909 5095 3113 5166 Μωσῆς
3144 5097 3222 5158 εἰς
3254 5097 3352 5166 τὴν
3372 5089 3586 5161 σκηνὴν.
3612 5093 3718 5168 καῖ’

505 5201 559 5245 et
585 5191 736 5248 stetit
761 5193 816 5246 in
842 5190 1051 5246 foribus
1079 5165 1424 5247 tabernaculi
1451 5231 1467 5258 ,
1511 5201 1566 5249 et
1595 5195 1923 5264 loquebatur
1949 5165 2072 5249 cum

2220 5187 2394 5242 ϐαινεν
2439 5193 2466 5242 6
2513 5189 2703 5252 στῦλος
2745 5165 2846 5257 τῆς
2882 5165 3110 5258 νεφέλτίς
3127 5227 3140 5248 ν
3179 5187 3272 5238 καὶ
3299 5165 3479 5238 ἵστατο
3512 5175 3612 5276 ἐίπὶ,

506 5279 674 5351 Mose,
712 5289 766 5338 et
805 5283 1061 5339 cernebat
1097 5283 1278 5338 omnis
1305 5285 1539 5355 populus
1569 5287 1878 5342 columnam
1911 5287 2074 5342 nubis

2220 5278 2350 5352 ύρας
2375 5282 2474 5352 τῆς
2507 5279 2733 5352 σκηνῆς,
2783 5281 2878 5334 καὶ
2915 5279 3092 5332 ἐλάλει
3136 5277 3211 5350 τῷ
3241 5279 3445 5338 Μωσεῖ,
3481 5266 3718 5360 mliti)?“

503 5379 740 5429 stantem
769 5376 824 5429 in
865 5373 1078 5432 foribus
1121 5375 1490 5444 tabernaculi,
1529 5383 1586 5433 et
1625 5385 1858 5435 stantem
1891 5378 2068 5434 omnis

2220 5375 2280 5436 is
2314 5375 2343 5426 ὁ
2366 5373 2493 5436 λαὸς
2527 5373 2618 5427 τὸν
2649 5373 2838 5426 στῦλον
2876 5372 2976 5442 τῆς
3008 5369 3236 5440 νεφέλης
3265 5367 3470 5423 ἑστῶτα
3509 5359 3596 5414 ἐπὶ
3624 5359 3714 5404 των

485 5465 736 5534 populus
779 5465 1169 5532 adoraverunt,
1215 5469 1600 5542 unusquisque
1652 5485 1682 5524 a
1727 5468 1937 5525 foribus
1981 5469 2068 5524 sui

2220 5465 2350 5538 δρῶν
2389 5465 2490 5535 τῆς
2532 5466 2765 5536 σκηνῆς·
2819 5466 2912 5518 καὶ
2938 5465 3158 5527 στάντες
3206 5464 3314 5526 πᾶς
3355 5463 3382 5514 6
3422 5455 3544 5516 λαὸς
3576 5459 3714 5542 προσ-

501 5555 838 5610 tabernaculi
864 5557 930 5611 ⁷³.
972 5577 992 5612 ι
1025 5557 1270 5629 Populus
1315 5535 1537 5635 quidem
1569 5559 1828 5614 cernebat
1859 5559 2070 5614 colurn-

2220 5535 2462 5630 ttivqcrav,
2488 5535 2716 5620 ἕκαστος
2739 5557 2845 5612 ἀπὸ
2863 5557 2959 5629 τῆς
2985 5556 3151 5628 θύρας
3177 5555 3276 5625 τῆς
3297 5549 3496 5622 σκηνῆς
3522 5535 3709 5635 ait???"

2181 5654 2237 5707 '0
2265 5615 2362 5723 μὲν
2400 5615 2492 5705 οθν
2521 5650 2647 5712 λαὸς
2679 5615 2824 5721 ἐώρα
2983 5615 3172 5703 στθλον
3199 5615 3298 5719 της
3330 5615 3567 5715 xta-(pana.
3599 5629 3711 5688 Μεθ’

2280 5768 2326 5801 ⁷³
2361 5765 2524 5823 Num.
2561 5783 2660 5835 xu,
2695 5766 2746 5822 5.
2825 5768 2868 5800 “
2903 5765 3072 5822 Exod.
3109 5781 3305 5833 xum,
3335 5761 3390 5838 9,
3415 5757 3498 5814 l0.

501 5663 626 5703 nam
671 5649 832 5704 nubis
875 5651 980 5706 hoc
1013 5653 1154 5717 loco.
1197 5671 1326 5710 cum
1353 5653 1502 5710 Mose
1545 5667 1678 5707 vero
1717 5651 2062 5722 loquebatur.

569 5765 612 5796 ⁸⁷
640 5763 796 5819 ιιοιιη.
829 5781 941 5830 nv,
974 5767 1026 5820 9.
1104 5767 1149 5800 ⁸³
1179 5767 1348 5822 Exod.
1372 5785 1486 5834 nx,
1544 5767 1598 5822 9.
1674 5767 1718 5798 ⁶⁹
1751 5765 1922 5822 Exod.
1955 5783 2076 5833 xm,
2100 5766 2193 5826 21.

570 5857 648 5930 (1)
693 5859 1093 5929 Ἀπεφαίνετο.
1127 5859 1288 5916 Forte
1317 5860 1658 5930 ἐπεφαίνετο.
1701 5859 1855 5917 Enn.
