3894 6538
136 402 218 457 393

1006 391 1654 450 DEMONSTRATIONIS
1690 391 2146 449 EVANGELlCzE
2186 390 2313 446 LIB.
2357 389 2417 448 V.

3227 394 3335 449 594

135 520 201 570 σεῑ
221 517 260 569 δ’
280 514 472 568 ἐλάλει.
504 513 602 577 Τίς
629 515 671 568 δ’
698 512 873 567 ἐλάλει
896 554 909 576 ,
941 515 972 586 ἢ
1011 515 1250 586 δηλονότι
1278 517 1307 568 6
1347 515 1533 578 στῦλος
1567 515 1666 586 τῆς

1784 511 1904 578 luis
1934 528 2092 582 porro
2136 510 2500 582 loquebatur?
2533 511 2787 565 columna
2841 511 3003 566 nubis
3054 510 3332 576 videlicet,

135 607 340 675 νεφέλης,
369 607 397 658 6
419 605 682 676 πρότερον
709 607 822 666 τοῖς
845 606 1118 676 πατράσιν
1142 607 1200 658 ὲν
1235 605 1520 676 ἀνθρώπου
1561 623 1664 675 φα-

135 701 218 761 νεὶς
239 699 498 768 offusam;
537 698 1020 768 Προαποδέδεικται
1051 698 1128 759 δὲ,
1155 700 1236 751 ὅτι
1267 699 1339 770 μὴ
1367 700 1395 750 6
1420 698 1510 751 ἐπὶ
1534 699 1670 751 πάν-

134 805 216 842 των
239 788 358 850 Θεὸς
387 781 547 851 οὗτος
578 785 663 860 ἦν,
697 788 884 860 ἕτερος
907 788 987 855 δὲ,
1023 788 1080 841 ὃν
1109 788 1244 841 Θεοῦ
1285 789 1452 857 Λόγον
1491 788 1668 861 ὑπάρα-

135 895 262 950 χοντα
290 879 523 950 Χριστὸν
571 881 731 950 ἡμεῖς
771 879 1283 950 προσαγορεύομεν·
1328 879 1388 942 ὃς
1417 881 1510 932 καὶ
1547 880 1666 932 τότε

135 971 204 1023 τοῦ
236 970 460 1041 πλήθους
493 971 679 1024 ἕνεκεν
711 972 900 1024 Μωσεῖ
933 987 992 1022 τε
1052 970 1201 1041 αὐτῷ
1229 971 1321 1024 καὶ
1346 969 1424 1041 τῷ
1458 970 1571 1040 λαῴ
1611 973 1668 1024 ἐν

136 1063 275 1132 στύλῳ
307 1060 535 1131 νεφέλης
563 1060 874 1131 ὲθεωρεῖτο,
901 1059 990 1113 διὰ
1014 1059 1074 1114 τὸ
1113 1062 1186 1132 μὴ
1230 1064 1428 1132 χωρεῖν
1471 1063 1668 1126 αὐτοὺς

135 1152 294 1223 ὁμοίως
328 1155 439 1214 τοῖς
493 1153 768 1223 πατράσιν
805 1152 862 1203 ὲν
908 1150 1198 1220 ἀνθρώπου
1251 1154 1487 1223 σχήματι
1536 1154 1669 1224 ὁρᾷν

136 1244 280 1298 αὐτόν.
305 1244 534 1297 Τελείων
581 1244 690 1314 γάρ
713 1262 766 1296 τι
805 1239 872 1316 ἦν
898 1243 960 1297 16
1000 1246 1236 1316 προορᾷν
1269 1244 1526 1299 δύνασθαι
1569 1245 1669 1316 τὴν

137 1334 386 1405 μέλλουσαν
436 1334 658 1388 ἔσεσθαί
719 1352 849 1388 ποτε
904 1337 986 1399 είς
1034 1334 1358 1408 ἀνθρώπους
1408 1336 1668 1408 ἐνσαρκον

135 1429 406 1498 ἐπιφάνειαν
439 1428 631 1491 αὑτοῦ,
669 1429 755 1497 ἢν,
790 1428 912 1482 ἐπεὶ
960 1429 1093 1500 μηδὲ
1123 1429 1245 1482 τότε
1294 1425 1404 1493 οἶός
1438 1447 1497 1482 τε
1538 1425 1606 1500 ἦν
1640 1431 1670 1482 6

136 1521 216 1581 ni;
237 1518 353 1581 λαὸς
385 1522 610 1589 χωρεῖν,
640 1520 863 1582 εἰκότως
889 1521 1009 1572 τοτὲ
1038 1521 1134 1591 μὲν
1163 1522 1347 1584 αὐτοῖς
1368 1520 1457 1574 διὰ
1472 1517 1666 1591 πυρὸς,

136 1606 261 1674 φόϐου
283 1607 435 1678 χάριν
465 1609 561 1660 καὶ
600 1608 1024 1679 καταπλήξεως,
1059 1610 1179 1662 τοτὲ
1206 1609 1261 1663 δὲ
1301 1609 1390 1663 διὰ
1419 1609 1667 1680 νεφέλης,

135 1698 248 1751 ὼσὰν
269 1701 710 1770 ὲπεσκιασμένως
757 1703 850 1754 καὶ
893 1701 1320 1773 κεκαλυμμένως
1368 1702 1670 1774 νομοθετῶν

133 1791 307 1855 αὐτοὺς,
333 1792 525 1864 ὁρῷτο,
549 1793 752 1864 ὁμοίως
783 1794 839 1848 δὲ
903 1794 997 1847 ml
1025 1793 1103 1865 τῷ
1144 1797 1332 1850 Μωσεῖ
1357 1795 1422 1848 δι’
1451 1793 1666 1858 αὐτούς.

618 2086 1015 2141 ΚΕΦΑΛΑΙΟΝ
1053 2088 1152 2141 IE'.

137 2203 236 2257 ὀτι
260 2199 400 2271 μηδὲ
439 2197 736 2271 (im-8.2m?)
789 2201 974 2272 5615th
994 2196 1072 2270 ἦν·
1103 2200 1260 2272 ἡλτῷ
1295 2201 1502 2258 Μωσεῒ
1524 2222 1668 2272 χρη-

185 2268 498 2395 ιὶαὲίζσυσα,
529 2268 828 2341 ’κρείττων
889 2269 956 2324 δέ
997 2268 1088 2339 τις
1137 2268 1218 2344 ἦν
1242 2271 1280 2342 ἣ
1331 2277 1459 2327 κατ’
1503 2268 1672 2345 ἁξηνε-

189 2361 297 2397 .ω·.

192 2458 208 2489 ι
232 2434 346 2492 illm
384 2440 623 2512 Κύριος⁸
664 2436 792 2492 Ἰδοὺ
847 2435 958 2505 ἐγὼ
988 2437 1301 2492 ἀποστέλλω
1325 2438 1416 2494 16v
1445 2440 1672 2509 ἄγγελόν

142 2547 216 2598 μου
243 2530 333 2600 πρὸ
360 2528 659 2601 προσώπου
701 2547 824 2600 μου,
869 2529 954 2582 ἵνα
991 2528 1200 2602 φυλάξῃ
1235 2546 1292 2583 σε
1341 2532 1398 2583 ὲν
1426 2535 1493 2604 τῇ
1547 2531 1671 2602 ὁδῷ,

139 2622 250 2684 ὅπως
268 2620 525 2694 εἰσαγάγῃ
548 2637 607 2673 σε
631 2623 710 2684 είς
730 2620 827 2692 τὴν
854 2619 977 2691 γῆν,
995 2620 1062 2690 ἢν
1085 2621 1356 2691 ήτοίμασά
1380 2638 1478 2675 σοι.
1500 2622 1675 2694 Πρόσ-

139 2730 204 2781 qs
235 2713 362 2784 αὐτῷ
393 2715 484 2767 καὶ
531 2714 786 2768 είσάκουε
836 2713 1033 2778 αὐτοῦ,
1067 2714 1160 2766 καὶ
1198 2714 1273 2785 μὴ
1318 2715 1531 2768 άπείθει
1580 2716 1676 2768 αὐ-

138 2803 222 2872 τῷ·
247 2804 300 2856 οὐ
342 2804 444 2875 γὰρ
481 2804 565 2875 μὴ
598 2804 982 2874 ὑποστείληται
1014 2821 1101 2856 σε·
1136 2805 1196 2857 16
1234 2804 1341 2877 γὰρ
1371 2805 1541 2877 ὄνομά
1573 2825 1673 2879 μου

1771 620 1896 659 cum
1932 605 2072 659 idem
2120 603 2260 659 Deus
2290 616 2449 657 antea
2499 602 2742 670 patribus
2781 603 2836 656 in
2878 603 3115 657 hominis
3159 602 3336 657 forma

1772 698 2132 766 apparuisset.
2192 696 2367 765 Supra
2419 709 2547 748 vero
2590 695 2703 764 jam
2745 693 3176 750 demonstratum
3227 703 3334 757 est,

1770 788 1916 858 quod
1947 804 2053 841 non
2092 786 2252 841 Pater
2275 787 2415 840 Deus
2436 786 2524 839 hic
2545 795 2712 850 esset,
2741 787 2819 841 sic
2843 787 3004 850 alter,
3026 802 3185 857 quem
3208 803 3335 847 nos.

1770 896 1892 933 cum
1941 878 2034 934 Dei
2078 879 2150 932 sit
2193 876 2454 942 Verbum,
2489 877 2766 932 Christum
2810 893 3210 948 nuncupamus,
3241 878 3338 950 qui

1771 975 1901 1024 tunc
1925 978 2146 1038 propter
2170 969 2570 1022 multitudinem
2599 969 2896 1040 vulgarem,
2956 979 3011 1024 et
3042 969 3146 1040 ipsi
3177 969 3335 1032 Mosi,

1769 1068 1820 1114 et
1861 1061 2059 1130 popqu
2090 1060 2142 1114 in
2183 1061 2437 1115 columna
2468 1061 2632 1114 nubis
2665 1062 3010 1124 cernebatur,
3049 1070 3339 1132 promereat

1770 1151 1914 1220 quod
1963 1167 2071 1204 non
2110 1150 2296 1206 itidem
2329 1162 2387 1205 ut
2416 1162 2619 1222 patres,
2660 1153 2844 1207 videre
2878 1153 3028 1206 illum
3076 1154 3130 1207 in
3164 1153 3339 1208 forma

1771 1242 2030 1303 hominis,
2066 1242 2243 1298 idonei
2265 1250 2468 1298 essent.
2504 1241 2877 1298 Pcrl‘cctorum
2901 1244 3044 1299 enim
3068 1244 3168 1299 hoc
3194 1255 3336 1310 erat,

1771 1351 1933 1406 posse
1965 1336 2112 1390 illius
2145 1336 2438 1389 adventum
2467 1337 2775 1406 providere,
2804 1338 2897 1407 qui
2927 1338 3056 1391 olim
3081 1340 3133 1391 in
3161 1339 3336 1392 homi-

1771 1428 1932 1482 nibus
1986 1441 2214 1496 corpore
2271 1428 2509 1480 humano
2572 1439 2874 1498 assumpto,
2925 1427 3140 1484 iuturus
3193 1439 3335 1493 erat,

1771 1535 1934 1589 quem
1970 1534 2124 1582 sane,
2162 1533 2288 1573 cum
2319 1534 2387 1574 ne
2417 1529 2550 1572 tunc
2579 1519 2798 1589 quidem
2834 1519 3123 1575 universus
3164 1537 3337 1591 popu-

1771 1612 1856 1666 lus
1874 1619 2054 1682 posset
2080 1626 2295 1682 capere,
2322 1612 2518 1666 merito
2536 1611 2671 1665 alias
2689 1611 2907 1682 quidem
2931 1613 3010 1668 eis
3028 1628 3124 1682 per
3139 1615 3340 1684 ignem,

1771 1701 2012 1758 terrendi
2053 1702 2452 1772 cohibendique
2505 1717 2695 1763 causa,
2759 1702 2894 1756 alias
2938 1717 3034 1772 per
3107 1704 3335 1768 nubem,

1771 1796 1928 1866 quasi
1975 1795 2297 1850 adumbrate
2346 1804 2510 1864 atque
2546 1795 2787 1850 involute
2833 1795 2969 1848 dans
3015 1796 3122 1851 illis
3170 1797 3338 1867 leges,

1696 1882 1737 1937 Β
1767 1873 2111 1951 cernebatur,
2132 1885 2430 1957 eademque
2467 1888 2676 1940 ratione
2717 1885 2851 1941 Mosi
2872 1901 3090 1956 quoque
3123 1895 3343 1959 propter

1771 1977 1915 2033 illos.

2390 2087 2620 2144 CAPUT
2650 2087 2766 2143 XV.

1771 2202 1930 2274 242
1977 2202 2130 2269 Quod
2163 2203 2398 2272 angelica
2444 2220 2559 2275 non
2589 2205 2766 2275 fuerit
2793 2214 3009 2268 natura,
3042 2219 3161 2275 qua:
3202 2199 3344 2275 Mosi

1839 2273 2000 2325 dabat
2049 2289 2325 2346 responsa,
2360 2274 2451 2346 sed
2491 2273 2835 2346 praestantior
2869 2289 3029 2344 quam
3055 2273 3118 2328 ut
3154 2273 3223 2328 ad
3253 2291 3346 2329 au-

1836 2346 2007 2414 gelum
2039 2344 2224 2411 rcfcrri
2251 2345 2440 2412 possit.

1841 2454 1858 2486 ι
1886 2433 2030 2490 Dixit
2059 2434 2355 2490 Dominus:
2396 2435 2536 2490 Ecce
2556 2451 2658 2506 ego
2693 2436 2851 2491 mitto
2882 2437 3134 2508 angelum
3162 2450 3345 2492 meum

1776 2535 1901 2582 ante
1932 2526 2124 2582 faciem
2171 2534 2342 2591 tuam,
2377 2534 2435 2580 ut
2463 2527 2736 2583 custodiat
2778 2539 2828 2585 te
2851 2529 2904 2584 in
2942 2531 3049 2594 via,
3081 2539 3139 2584 ut
3166 2529 3344 2584 intro-

1774 2615 1938 2671 ducat
1969 2629 2020 2672 te
2052 2617 2106 2672 in
2137 2625 2364 2680 terram,
2398 2634 2560 2688 quam
2583 2619 2766 2690 paravi
2785 2620 2884 2674 tibi
2907 2638 2922 2685 ;
2947 2615 3177 2676 observa
3195 2636 3344 2688 eum,

1774 2716 1827 2762 et
1857 2707 1981 2761 audi
2015 2723 2160 2770 eum,
2191 2724 2290 2764 nec
2319 2709 2396 2764 sis
2417 2711 2680 2766 adversus
2705 2711 2856 2765 illum
2875 2722 3167 2767 contumax
3196 2730 3210 2779 ;
3237 2729 3348 2768 non

1775 2799 1919 2852 enim
1946 2799 2181 2856 dimittet
2213 2810 2297 2869 te;
2330 2818 2529 2858 nomen
2551 2804 2696 2858 enim
2721 2819 2898 2858 meum
2921 2813 3006 2861 est
3035 2804 3090 2859 in
3115 2803 3291 2859 illo".
3321 2825 3342 2858 ι

143 2893 254 2943 ἐστὶν
287 2894 362 2944 ἐπ’
395 2893 571 2964 αὐτῷ.
611 2912 630 2944 ι
676 2895 786 2946 Καὶ
831 2894 889 2945 ὲν
937 2892 1108 2964 ἑτέρῳ
1153 2894 1334 2964 τόπῳ·
1384 2915 1402 2946 ι
1441 2891 1574 2950 Εἶπε
1617 2895 1676 2950 δὲ

1784 2891 1846 2945 Et
1876 2893 1932 2947 in
1958 2893 2070 2948 alio
2087 2893 2208 2949 loco
2238 2913 2250 2948 :
2277 2913 2296 2946 ι
2321 2894 2467 2949 Dixit
2504 2903 2683 2952 autem
2709 2893 2968 2952 Dominus
3015 2897 3083 2952 ad
3111 2897 3345 2956 Mosen]:

143 2981 301 3054 Κύριος
347 2985 480 3057 πρὸς
546 2985 780 3054 Μωσῆνο
824 2985 1066 3049 Βὰδισον,
1115 2987 1212 3039 καὶ
1271 2985 1534 3059 ὁδήγησον
1583 2987 1674 3042 τὸν

1784 2980 1953 3047 Vade,
1985 2990 2038 3037 et
2066 2983 2175 3038 dux
2208 2994 2329 3038 esto
2347 2985 2512 3054 hujus
2542 2987 2730 3056 populi
2760 2985 2827 3039 ad
2852 2985 3030 3040 locum
3057 3000 3216 3055 quem
3237 2984 3350 3040 dixi

142 3072 240 3126 λαὸν
265 3078 333 3138 εἰς
355 3077 442 3128 τὸν
468 3075 642 3129 τόπον
667 3075 724 3128 ὃν
751 3075 948 3147 εἴρηκά
976 3093 1056 3129 σοι
1076 3093 1089 3106 ο
1129 3076 1235 3131 ἰδοὺ
1262 3078 1290 3130 6
1313 3076 1544 3148 ἄγγελός
1575 3096 1676 3150 μου

1784 3073 1897 3140 tibi;
1923 3089 2050 3130 ecce
2089 3075 2315 3145 angelus
2338 3093 2490 3132 meus
2508 3077 2780 3134 antecedit
2808 3077 2941 3133 te".
2975 3096 2993 3131 ι
3021 3077 3086 3131 Ει
3112 3093 3303 3134 rursus
3331 3096 3348 3134 :

143 3165 485 3238 προπορεύεται
531 3167 641 3238 πρὸ
661 3166 952 3236 προσώπου
981 3185 1093 3221 σου.
1127 3188 1144 3220 ι
1175 3169 1285 3222 Kal
1309 3169 1496 3226 πάλιν
1525 3190 1544 3223 ι
1567 3171 1676 3226 Καὶ

1786 3183 1805 3216 ι
1830 3163 1898 3218 Et
1912 3165 2051 3220 dixit
2075 3165 2338 3223 Dominus
2375 3169 2443 3223 ad
2477 3168 2854 3236 Mosem:Abi,
2886 3179 2939 3226 et
2960 3169 3196 3226 ascende
3223 3170 3348 3226 hinc

141 3253 230 3311 νίπε
263 3257 447 3330 Κύριος
515 3259 658 3329 πρὸς
699 3257 906 3328 Μωσῆν
932 3275 944 3288 ·
988 3259 1263 3331 Πορεύου,
1308 3261 1402 3315 καὶ
1443 3261 1676 3335 ἀνάϐηθι

1784 3259 1838 3308 tu
1880 3261 1934 3309 et
1963 3256 2222 3326 populus,
2265 3277 2284 3310 ι
2308 3267 2362 3312 et
2402 3267 2599 3314 caetera
2628 3277 2642 3315 :
2669 3278 2687 3312 ι
2712 3258 2778 3314 Et
2819 3275 2926 3315 una
2969 3261 3178 3316 mittam
3226 3270 3354 3318 ante

146 3349 344 3403 ἐντεῦθεν
395 3351 457 3404 σὺ
496 3351 598 3404 καὶ
643 3351 671 3403 6
708 3350 863 3414 λαὸςο
905 3370 923 3402 ι
959 3352 1052 3404 καὶ
1095 3351 1162 3406 τὰ
1185 3351 1332 3424 ἑξῆς·
1373 3355 1521 3409 (Καὶ
1557 3371 1676 3409 66w-

1784 3343 1972 3400 iaciem
2003 3354 2154 3401 tuam
2195 3349 2448 3420 angelum
2508 3366 2689 3406 meum
2719 3352 2820 3405 ".t
2873 3350 2967 3407 Hae
3003 3367 3134 3409 sane
3164 3369 3349 3418 voces,

147 3442 372 3496 αποστελῶ
419 3442 531 3512 πρὸ
589 3439 882 3512 προσώπου
929 3459 1020 3495 σου
1072 3444 1162 3498 τὸν
1214 3445 1444 3514 ἄγγελόν
1487 3463 1610 3518 μου.
1651 3465 1670 3500 ι

1784 3436 1923 3508 quod
1963 3453 2074 3493 non
2113 3441 2292 3512 angeli
2323 3442 2419 3497 sed
2455 3444 2625 3498 solius
2661 3441 2757 3498 Dei
2787 3445 2920 3508 sint,
2955 3446 3249 3516 unicuique
3272 3446 3355 3501 fa—

144 3528 272 3586 Δῦται
309 3535 383 3587 ὅτι
435 3536 514 3606 μὴ
562 3533 816 3603 ἀγγέλου,
855 3534 1016 3604 μόνου
1043 3534 1099 3588 δὲ
1149 3535 1282 3590 Θεοῦ
1329 3536 1568 3606 γένοιντο
1614 3537 1676 3594 ἃν

1784 3530 1883 3585 cile
1904 3539 2160 3587 constare
2188 3541 2390 3602 p6test.
2419 3533 2593 3604 Cujus
2622 3550 2784 3604 porro
2812 3533 2927 3602 Dei,
2956 3535 3058 3591 nisi
3093 3536 3214 3607 ejus
3257 3546 3353 3609 qut

144 3626 296 3690 φωναὶ,
321 3628 473 3678 παντί
508 3642 592 3694 τῳ
623 3624 904 3696 πρόδηλον.
931 3626 1066 3680 Θεοῦ
1094 3626 1150 3681 δὲ
1175 3627 1352 3691 τίνος,
1387 3629 1421 3699 ἢ
1441 3629 1536 3683 τοῦ
1567 3631 1681 3694 τοῖς

144 3717 458 3789 προπάτορσιν
515 3718 870 3789 ἑωραμένου;
921 3719 980 3771 ὃν
1033 3720 1260 3788 ἄγγελον
1304 3721 1437 3775 Θεοῦ
1493 3722 1682 3792 σαφῶς

145 3813 385 3876 προσεῖπεν
413 3815 441 3866 6
473 3810 693 3864 Ἰακώϐ.
724 3805 891 3874 Οὗτος
923 3811 980 3864 δὲ
1011 3807 1080 3884 ἦν
1099 3815 1230 3884 ἡμῖν
1256 3816 1285 3868 6
1316 3813 1451 3870 Θεοῦ
1486 3815 1678 3884 Λόγος,

143 3897 256 3951 ὠεὰν
287 3903 371 3955 καὶ
399 3902 540 3957 Θεοῦ
573 3904 703 3966 παῖς
725 3903 816 3956 καὶ
833 3903 1013 3968 αὐτὸς,
1031 3901 1183 3969 Θεὸς,
1204 3907 1298 3960 καὶ
1324 3904 1526 3978 Κύριος
1549 3906 1683 3959 ὠνο-

148 3995 394 4065 μασμένος.

614 4089 1008 4143 ΚΕΦΑΛΑΙΟΝ
1049 4090 1164 4157 ις’.

154 4172 227 4242 Ὠς
249 4180 277 4231 d
299 4180 475 4247 αὐτὸς
508 4180 730 4253 Κύριος
757 4181 891 4253 περὶ
915 4178 1120 4253 ἐτέρου
1151 4180 1422 4238 διδάσκει
1439 4183 1678 4253 Κυρίου.

559 4251 704 4304 Ἀπὸ
738 4251 846 4306 τοῦ
885 4252 1243 4320 Δεκαλότου.

203 4356 219 4388 ι
252 4340 375 4410 Ἐγὼ
401 4345 521 4413 εἰμι
552 4342 757 4413 Κύριος
779 4345 807 4396 6
841 4340 976 4407 Θεός
1005 4360 1122 4406 σου,
1151 4347 1180 4396 6
1204 4345 1486 4414 ἐξαγαγών
1516 4363 1574 4400 σε
1618 4348 1685 4402 ὲκ

150 4429 227 4498 γῆς
244 4433 502 4502 Αἰγύπτου
529 4476 545 4498 ,
600 4437 659 4502 ἐξ
690 4437 840 4490 οἴκου
887 4436 1144 4501 δουλείας.
1175 4439 1287 4490 Οὐκ
1340 4438 1552 4491 ἔσονταί
1602 4455 1684 4493 σοι

148 4521 232 4576 θεοὶ
255 4525 414 4599 ἕτεροι
431 4529 575 4600 πλὴν
601 4528 756 4600 ἐμοῦ,
785 4549 801 4578 ι
831 4529 922 4582 καὶ
942 4529 1010 4583 τὰ
1031 4528 1178 4599 ἑξῆς·
1211 4549 1227 4581 ι
1266 4529 1404 4599 Ἐγὼ
1432 4531 1539 4600 γάρ
1568 4532 1684 4602 ειμι

1777 3622 1976 3692 priscis
1998 3624 2251 3693 patribus
2281 3626 2352 3680 sit
2373 3625 2566 3681 visus?
2586 3641 2747 3696 quem
2776 3627 3028 3697 angelum
3059 3626 3154 3684 Dei
3191 3629 3352 3699 plane

1781 3715 2075 3784 appellavit
2119 3713 2312 3772 Iacob.
2363 3717 2478 3773 Hoc
2523 3726 2706 3774 autem
2757 3719 2919 3776 nobis
2973 3718 3066 3776 Dei
3109 3717 3350 3777 Verbum

1780 3807 1903 3874 it..t,
1935 3816 2126 3881 utpote
2153 3825 2278 3866 cum
2313 3821 2366 3867 et
2399 3811 2495 3868 Dei
2527 3811 2721 3880 Filius,
2743 3823 2794 3868 et
2824 3812 2986 3882 Deus,
3010 3826 3063 3870 et
3091 3813 3355 3873 Dominus

1781 3901 1898 3972 ipse
1933 3903 2004 3957 sit
2031 3903 2369 3960 nominatus.
2409 3927 2414 3940 ι

2382 4085 2614 4143 CAPUT
2647 4085 2786 4145 XVI.

1785 4178 1938 4245 Quod
1967 4175 2104 4233 idem
2122 4178 2378 4236 Dominus
2405 4183 2468 4236 de
2494 4181 2600 4241 alio
2619 4182 2789 4245 docet,
2807 4183 3003 4237 scilicet
3025 4178 3192 4240 Filio.
3217 4212 3287 4227 ι·-
3309 4187 3354 4240 Α

2239 4249 2415 4306 decem
2451 4255 2726 4323 prwceptis
2751 4254 2899 4324 legis.

1862 4359 1881 4390 ι
1908 4339 2020 4412 Ego
2052 4357 2172 4396 sum
2206 4341 2468 4399 Dominus
2512 4343 2654 4401 Deus
2694 4357 2840 4411 tuus,
2872 4345 2964 4415 qui
3003 4343 3166 4400 eduxi
3203 4355 3256 4401 te
3281 4346 3352 4402 de

1785 4441 1928 4488 terra
1949 4431 2189 4504 Egypti,
2211 4434 2277 4488 de
2309 4435 2471 4490 domo
2501 4437 2802 4491 servitutis.
2831 4434 2951 4490 Non
2972 4443 3133 4492 erunt
3151 4435 3250 4489 tibi
3280 4435 3356 4489 dii

1788 4525 1880 4579 alii
1913 4533 2110 4596 praeter
2139 4542 2245 4588 me,
2270 4546 2289 4578 ι
2325 4535 2380 4582 et
2410 4535 2627 4583 caetera.
2668 4547 2686 4578 ι
2713 4527 2825 4599 Ego
2847 4529 2992 4585 enim
3024 4543 3143 4584 sum
3172 4526 3358 4582 Domi-

152 4613 310 4685 Κύριος
333 4621 360 4672 6
404 4619 539 4683 Θεὸς
571 4637 684 4683 σου,
718 4619 850 4684 Θεὸς
889 4620 1154 4693 ζηλωτής.
1187 4640 1204 4672 ι
1255 4622 1365 4674 Καὶ
1410 4622 1676 4692 ἐπιλέγει·

1791 4631 1894 4671 nus
1921 4618 2062 4672 Deus
2091 4626 2217 4672 tuus
2237 4618 2640 4684 aemulatorim
2674 4627 2728 4674 et
2759 4619 3039 4690 adjungit:
3075 4637 3092 4670 ι
3116 4617 3236 4673 Non
3268 4634 3362 4672 su-

154 4705 243 4756 (υῦ
268 4705 397 4781 λήψῃ
425 4709 489 4763 16
511 4711 681 4782 ὄνομα
703 4708 906 4782 Κυρίου
935 4711 1028 4765 τοῦ
1053 4712 1187 4765 Θεοῦ
1217 4729 1308 4765 σου
1333 4713 1425 4766 ἐπὶ
1448 4713 1680 4786 ματαίῳ.

151 4794 207 4848 06
224 4798 315 4870 γὰρ
339 4803 410 4875 μὴ
442 4803 720 4877 καθαρίσῃ
753 4802 957 4876 Κύριος
981 4803 1072 4858 τὸν
1112 4805 1451 4876 λαμϐάνοντα
1477 4807 1538 4860 16
1568 4807 1685 4860 δνο-

155 4901 213 4952 με
243 4891 386 4946 αὑτοῦ
425 4893 522 4946 ἐπὶ
563 4894 794 4965 ματαίῳ.
821 4914 838 4946 ι
877 4894 1170 4948 Κάνταῦθα
1217 4896 1376 4959 αὐτὸς
1415 4897 1442 4948 6
1483 4895 1685 4968 Κύριος

154 4980 252 5048 περὶ
274 4983 445 5053 ἐτέρου
481 4982 693 5055 Κυρίου
723 4984 792 5037 τὰ
834 4983 1171 5056 προκείμενα
1197 4985 1457 5038 διδάσκει.
1499 4984 1685 5038 Εἰπὼν

153 5068 283 5132 γοῦν,
311 5091 327 5121 ι
365 5073 507 5142 Ἐγώ
542 5075 656 5145 εἰμι
691 5073 894 5146 Κύριος
938 5076 966 5127 6
1017 5073 1150 5138 Θεὸς
1197 5092 1314 5139 σου,
1358 5095 1374 5126 ι
1413 5075 1683 5144 ι-ὶπιλρὲγει⁸

158 5159 252 5213 «οὺ
272 5161 406 5238 λήψῃ
425 5166 488 5219 16
507 5166 677 5236 δνομα
702 5167 908 5238 Κυρίου
937 5166 1031 5219 τοῦ
1065 5165 1198 5219 Θεοῦ
1233 5181 1355 5219 σου’
1384 5188 1401 5219 ι
1431 5169 1560 5238 περί
1591 5167 1686 5221 τοῦ

156 5243 330 5321 Πατρὺς
363 5254 559 5326 δηλαδὴ
587 5257 678 5309 καὶ
707 5255 841 5308 Θεοῦ
870 5255 978 5308 τῶν
999 5256 1132 5309 ὅλων
1153 5257 1181 5308 6
1202 5256 1451 5328 δεύτερος
1486 5257 1690 5331 Κύριος

157 5337 227 5392 16v
251 5341 538 5416 θεράποντα
581 5348 974 5426 μυσταγωγῶν.
1006 5347 1201 5421 Εῦροις
1230 5349 1274 5402 δ’
1311 5349 1377 5403 ἂν
1416 5353 1510 5405 καὶ
1556 5351 1690 5406 ἄλλα

163 5434 296 5503 μυρία
319 5438 380 5491 δι’
406 5440 533 5512 ὅλης
555 5441 656 5512 τῆς
695 5443 845 5514 ἱερᾶς
876 5445 914 5496 Γ
920 5444 1118 5515 ραφῆςν
1155 5443 1546 5513 παραπλησίως
1566 5445 1692 5498 166-

161 5535 249 5587 τοις
282 5527 685 5604 ἐξενηνεγμένα,
723 5535 791 5587 δι’
819 5531 895 5588 ῶν
934 5537 963 5588 6
1005 5534 1165 5599 Θεὸς,
1212 5535 1288 5599 ὡς
1332 5536 1459 5608 περὶ
1504 5536 1691 5608 ἐτέρου

163 5610 290 5679 Θεοῦ,
318 5624 404 5676 καὶ
434 5625 596 5688 αὐτὸς
628 5627 657 5678 6
692 5625 916 5698 Κύριος,
961 5627 1033 5690 ὡς
1069 5629 1198 5698 περὶ
1238 5626 1424 5699 ἑτέρου
1464 5627 1689 5700 Κυρίου,

163 5706 262 5770 τοὺς
288 5717 556 5784 χρησμοὺς
584 5717 840 5771 ἐποιεῖτο.

1787 4723 1906 4761 mes
1930 4721 2128 4763 nomen
2169 4707 2385 4764 Domini
2413 4709 2505 4764 Dei
2543 4709 2687 4764 tuiin
2734 4725 2931 4765 vanum
2953 4708 3023 4767 ⁸³⁸.
3065 4709 3180 4766 Nec
3217 4711 3364 4766 enim

1788 4797 2009 4853 habebit
2037 4800 2306 4855 insontem
2332 4798 2594 4856 Dominus
2619 4817 2741 4856 eum
2767 4801 2860 4871 qui
2884 4800 3244 4870 assumpserit
3271 4815 3366 4854 no-

1789 4905 1911 4944 men
1931 4890 2141 4946 Domini
2157 4893 2239 4948 sui
2254 4891 2477 4948 frustra.
2491 4911 2510 4944 ι
2534 4891 2647 4947 Hoc
2661 4895 2820 4948 etiam
2838 4893 2956 4947 loco
2973 4893 3088 4962 ipse
3104 4891 3366 4947 Dominus

1788 4997 1853 5037 ea
1893 5000 2014 5054 quate
2043 4987 2287 5055 exposita
2317 4993 2445 5040 sunt
2477 4987 2544 5042 de
2583 4987 2690 5041 alio
2706 4985 2885 5041 docet.
2921 4983 3200 5055 Siquidem
3234 4997 3361 5058 cum

1789 5075 2024 5139 dixerit,
2047 5094 2064 5126 ι
2092 5075 2203 5147 Ego
2233 5093 2353 5132 sum
2378 5077 2638 5133 Dominus
2687 5079 2825 5133 Deus
2851 5087 2998 5142 tuus,
3029 5097 3047 5129 ι
3080 5075 3366 5145 adjungit:

1797 5185 1815 5218 ι
1839 5166 1958 5220 Νοιι
2001 5184 2186 5224 sumes
2216 5185 2416 5224 nomen
2443 5169 2657 5225 Domini
2689 5171 2781 5228 Dei
2797 5171 2875 5224 tui
2898 5187 2910 5222 :
2944 5190 2962 5221 ι
2986 5167 3148 5240 243
3169 5167 3370 5237 quippe

1790 5273 1914 5313 cum
1927 5258 1993 5313 de
2019 5258 2181 5315 Patre
2203 5269 2256 5315 et
2279 5260 2388 5317 Deo
2411 5263 2671 5327 universi,
2698 5263 2744 5318 is
2759 5263 2850 5333 qui
2881 5262 3060 5316 abillo
3083 5270 3166 5316 est
3191 5259 3372 5314 Domi-

1791 5366 1918 5414 nus,
1951 5366 2108 5404 suum
2134 5368 2351 5408 servum
2379 5355 2552 5410 sacris
2579 5354 2777 5409 initiet.
2795 5352 2913 5406 Alia
2927 5360 3186 5423 praeterea
3205 5351 3368 5405 innu-

1794 5443 2079 5498 merabilia
2124 5446 2370 5500 invenies
2404 5462 2499 5516 per
2541 5454 2710 5501 totam
2747 5445 3088 5517 Scripturam
3130 5459 3370 5509 sacram,

1794 5548 1915 5603 quae
1957 5535 2146 5590 eadem
2193 5537 2404 5591 ratione
2432 5553 2540 5607 qua
2587 5538 2702 5592 haec
2748 5537 3032 5594 enuntiata
3076 5545 3228 5604 sunt,
3278 5536 3375 5592 ubi

1793 5624 1955 5681 Pater
1993 5635 2254 5698 tanquam
2305 5629 2371 5683 de
2399 5630 2506 5684 alia
2533 5645 2792 5701 persona,
2843 5641 2897 5686 et
2949 5632 3067 5701 ipse
3110 5630 3376 5686 Dominus

1795 5726 2054 5790 tanquam
2079 5719 2146 5776 de
2192 5721 2298 5776 alio
2347 5719 2604 5792 quodam,
2641 5725 2864 5780 oracula
2897 5725 3179 5780 reddebat.

225 5862 262 5894 "
287 5863 439 5923 Exod.
468 5887 622 5936 χχιιι,
654 5873 849 5936 2031.
925 5872 971 5904 ’³
1009 5873 1152 5929 Exod
1209 5890 1382 5941 xxxtt,
1414 5875 1502 5933 34.
1578 5878 1622 5909 ⁷³
1658 5875 1826 5933 Exod.
1862 5893 2054 5946 xxxtu,
2089 5879 2214 5949 1,2.
2292 5880 2338 5913 "
2368 5879 2538 5959 Exod.
2581 5899 2673 5949 xx,
2697 5881 2813 5938 2-5.
2889 5883 2936 5916 "
2976 5881 3111 5938 ibid.
3155 5918 3199 5940 ..

443 5965 712 6027 ΡΑτιιοι..
745 5971 860 6029 Gn.
906 5970 1103 6033 ΧΧΞΙ.

3022 5973 3096 6035 13
