3894 6546
578 410 678 467 595

1137 526 1354 584 CAPU'I
1399 523 1562 580 XV“.

576 646 728 713 Quod
761 662 804 699 ts
837 659 1020 698 rursus
1044 641 1318 704 Dominus,
1367 640 1454 710 qui
1484 636 1625 713 Mosi
1667 651 1918 713 respousa
1948 629 2132 713 dqbat,

631 717 796 770 alium
840 733 872 768 α
911 730 1010 783 quo
1039 723 1152 766 erat
1188 703 1494 783 agnOscens,
1528 703 1968 775 Putrem'utique,
2001 703 2136 755 hunc

643 790 811 856 ipsum
844 782 996 837 suum
1023 783 1191 836 Deum
1215 782 1454 836 vocabat.

647 921 665 952 ι
691 901 755 954 Et
786 900 922 955 dixit
946 897 1210 953 Dominus
1250 898 1317 952 ad
1348 896 1586 966 Moysen)
1615 915 1626 950 :
1653 894 1719 947 Et
1759 893 1862 947 hoc
1893 891 1988 944 tibi
2025 905 2138 944 ver-

1263 406 1529 464 EUSEBII
1572 397 2044 460 CAESARIENSIS
2082 396 2232 452 OPP.
2276 395 2469 450 PARS.
2511 395 2574 452 ll.
2617 426 2683 437 —
2721 397 3224 457 APOLOGETICA.

2174 517 2216 572 Α

3686 414 3765 472 596

2771 515 3166 570 ΚΕΦΑΛΑΙΟΝ
3192 517 3294 570 IZ'.

2254 623 2350 704 Ὡς
2372 623 2751 704 αὑτὸςῄᾳῦθις
2782 632 2814 680 ό
2837 627 2941 704 τῷ,
2963 629 3170 682 Μωσεῒ
3190 628 3554 704 χρηματίζων
3573 637 3761 704 Κύριος,

2310 696 2512 776 ἕτερον
2555 699 3123 776 Κύριον-κρείζτρνᾳ
3175 696 3398 776 ἑαυτοῦ
3441 702 3541 776 τόν
3583 696 3767 776 Πάτέρα

2311 765 2676 836 γιγνώσκων,
2705 769 2920 822 τοῦτον
2945 770 3240 837 ἀληθινὸν
3276 771 3424 824 Θεὸν
3453 765 3764 830 (ir-sansum

2322 899 2340 932 ι
2391 881 2500 934 Καὶ
2563 875 2683 960 εἶπε
2743 883 2946 953 Κύριος
2985 883 3121 953 πρὸς
3172 884 3419 955 Μωσῆν·
3479 887 3581 939 Καὶ
3617 889 3763 944 τοῦτόν

572 997 720 1057 bum,
757 993 905 1064 quod
929 992 1138 1055 dixisti,
1169 989 1385 1044 faciam.
1424 987 1684 1042 Invenisti
1719 986 1862 1040 enim
1903 983 2115 1053 gratian

2245 992 2326 1028 σοι
2377 973 2468 1028 τὸν
2518 973 2695 1044 λόγον,
2738 974 2796 1027 ὃν
2851 976 3097 1046 εἴρηκας,
3136 976 3371 1046 ποιήσω.
3416 976 3649 1048 Εὖρηκας
3682 982 3763 1054 γὰρ

568 1101 751 1142 coram
769 1101 876 1149 me,
896 1094 948 1139 et
964 1084 1089 1139 novi
1105 1092 1156 1137 te
1171 1091 1590 1152 prazteromnes.
1605 1099 1623 1131 ι
1649 1078 1712 1133 Et
1737 1079 1872 1133 dixit
1892 1077 2100 1149 Moyses
2121 1095 2134 1130 :

573 1198 592 1230 ι
612 1176 850 1233 Ostende
869 1177 1164 1230 mihituam
1184 1175 1433 1243 gloriam.
1451 1193 1467 1223 ι
1486 1173 1551 1226 Ει
1567 1173 1705 1227 dixit
1721 1191 1732 1226 :
1747 1192 1765 1223 ι
1787 1171 1898 1242 Ego
1919 1169 2137 1224 anteibo

568 1270 717 1340 prior
760 1277 812 1324 te
845 1268 1018 1338 gloria
1055 1282 1197 1330 mea,
1232 1273 1286 1320 et
1309 1267 1514 1320 vocabo
1551 1265 1603 1318 in
1638 1265 1857 1318 nomine
1883 1277 2000 1316 meo
2030 1261 2135 1316 Do-

566 1359 775 1413 minum
813 1373 994 1414 coram
1026 1366 1098 1420 te,
1132 1365 1186 1410 et
1227 1356 1530 1411 miserabor
1562 1355 1940 1424 cujuscunque
1970 1353 2136 1406 mise-

566 1465 713 1514 reor,
761 1458 814 1505 et
860 1449 1103 1503 clemens
1150 1462 1246 1502 ero
1287 1462 1413 1517 erga
1449 1461 1832 1516 quemcunque
1871 1460 1990 1499 sum
2025 1443 2134 1498 cle-

565 1542 802 1596 mens".
832 1561 849 1592 ι
875 1540 939 1594 Ει
967 1550 1089 1610 post
1119 1540 1225 1595 alia
1264 1539 1533 1608 adjungit,
1561 1547 1724 1608 atque
1751 1538 1824 1591 ait
1849 1557 1860 1591 :
1887 1555 1904 1587 ι
1946 1535 2010 1589 Et
2049 1535 2138 1590 de-

566 1633 782 1689 scendit
805 1631 1136 1686 Dominusin
1161 1631 1323 1695 nube,
1352 1638 1405 1687 et
1424 1631 1631 1686 adstitit
1658 1630 1707 1685 ei
1738 1630 1866 1684 illic.
1893 1637 1946 1684 et
1974 1643 2132 1682 voca-

563 1723 642 1776 vit
683 1723 739 1776 in
807 1723 1028 1776 nomine
1074 1719 1320 1773 Domini:
1372 1727 1425 1773 et
1463 1718 1715 1772 transivit
1767 1716 2027 1770 Dominus
2079 1715 2134 1768 in

562 1815 783 1870 nomine
832 1814 1024 1884 ipsius,
1060 1821 1115 1868 et
1155 1812 1367 1867 vocavit
1391 1831 1403 1864 :
1429 1810 1677 1874 Domine,
1707 1808 1956 1871 Domine,
1996 1805 2134 1861 Deus

2239 1067 2399 1138 χάριν
2425 1067 2654 1121 ἐνώπιόν
2690 1084 2814 1138 μου,
2848 1068 2943 1121 καὶ
2964 1063 3080 1121 οἶδά
3110 1085 3170 1120 σε
3201 1068 3355 1140 παρὰ
3390 1070 3602 1134 πάντας.
3638 1091 3652 1122 ι
3684 1074 3764 1126 Καὶ

2238 1156 2357 1212 εἷπε
2390 1161 2614 1231 Μωσῆς·
2645 1179 2662 1210 ι
2691 1158 2871 1224 Δεῖξόν
2907 1177 2999 1230 μοι
3051 1161 3150 1232 τὴν
3195 1161 3428 1214 σεαυτοῦ
3449 1162 3610 1228 δόξαν.
3645 1183 3661 1213 ι
3683 1167 3764 1218 Καὶ

2240 1247 2391 1304 εἶπεν
2411 1268 2424 1280 ·
2457 1270 2476 1301 ι
2521 1250 2660 1319 Ἐγὼ
2693 1251 3138 1324 προπορεύσομαι
3173 1254 3444 1324 πρότερός
3481 1272 3566 1308 σου
3586 1258 3642 1326 τῇ
3667 1257 3760 1329 δόξῃ

2243 1360 2366 1414 μου,
2388 1343 2484 1397 καὶ
2508 1343 2635 1396 καλέ
2645 1362 2720 1397 σω
2744 1347 2800 1398 ἐν
2825 1345 3050 1414 ὀνόματί
3075 1363 3178 1416 μου
3202 1345 3409 1418 Κύριον
3434 1349 3652 1400 ἐναντίον
3674 1367 3758 1411 σου,

2239 1439 2332 1490 καὶ
2360 1438 2565 1508 ἐλεήσω
2630 1438 2688 1490 ὃν
2739 1438 2805 1491 ἂν
2845 1439 3002 1502 ἐλεῶ,
3045 1441 3139 1492 καὶ
3193 1441 3518 1511 οἰκτειρήσω
3546 1441 3597 1492 ὃν
3628 1441 3681 1494 ἂν
3705 1446 3760 1494 oi-

2239 1530 2459 1601 κτείρω.
2499 1549 2517 1580 ι
2550 1529 2659 1581 Καὶ
2721 1531 2838 1600 μεθ’
2885 1531 3046 1601 ἐτερα
3093 1531 3353 1602 ἐπιφέρει
3407 1532 3595 1599 λέγων·
3631 1553 3645 1582 ι
3677 1535 3758 1586 Καὶ

2238 1626 2439 1695 κατέὸη
2454 1623 2657 1696 Κύριος
2674 1626 2730 1676 ἐν
2750 1625 2970 1698 νεφέλῃ,
2992 1626 3086 1677 καὶ
3103 1626 3358 1697 παρέστη
3387 1625 3531 1696 αὐτῷ
3563 1628 3678 1688 ἐκεῖ,
3692 1627 3760 1679 καὶ

2237 1717 2496 1788 ἐλάλησεν
2530 1720 2587 1770 ἐν
2631 1716 2856 1787 ὀνόματι
2906 1716 3111 1787 Κυρίου
3135 1734 3149 1746 ·
3183 1717 3282 1771 καὶ
3329 1717 3566 1788 παρῆλθε
3600 1717 3759 1788 Κύριος

2237 1812 2293 1862 ἐν
2339 1809 2562 1880 ὀνόματι
2600 1809 2788 1873 αὐτοῦ,
2835 1809 2931 1862 καὶ
2975 1809 3242 1862 ἐκάλεσεο
3284 1807 3476 1880 Κύριε,
3529 1809 3694 1880 Κύριε,
3736 1811 3757 1861 6

563 1907 803 1962 clemens
827 1913 881 1960 et
914 1905 1252 1967 misericors,
1283 1903 1634 1972 longanimis,
1669 1908 1723 1954 et
1753 1900 1934 1952 multae
1979 1898 2115 1951 mise

2234 1902 2366 1965 Θεὸς
2403 1902 2698 1972 οἰκτίρμων
2758 1903 2851 1955 καὶ
2883 1902 3148 1972 ἐλεήμων,
3200 1901 3549 1972 μακρόουμος
3579 1903 3659 1953 καὶ
3685 1917 3754 1953 το-

561 1996 813 2060 rationis,
858 2002 912 2049 et
957 2008 1144 2060 verax,
1186 2000 1240 2047 et
1285 1992 1556 2061 justitiam
1619 2003 1867 2051 servans,
1923 1987 2130 2042 faciens

561 2086 994 2144 misericordiam
1046 2088 1099 2140 in
1165 2085 1355 2147 millia,
1405 2083 1660 2137 auferens
1718 2080 2036 2150 iniquitates
2076 2088 2130 2133 et

562 2179 879 2249 injustitias,
905 2184 958 2231 et
977 2183 1196 2246 peccata
1233 2189 1246 2225 :
1276 2182 1329 2228 et
1375 2173 1694 2244 purgatione
1718 2187 1828 2226 non
1877 2170 2131 2240 purgabit

561 2283 744 2322 reum:
781 2265 1046 2325 inducens
1080 2271 1300 2335 peccata
1332 2271 1549 2334 patrum
1597 2263 1652 2316 in
1685 2254 1846 2325 ﬁlios,
1893 2272 1944 2314 et
1988 2261 2128 2314 ﬁlios

559 2357 818 2421 ﬁliorum,
852 2358 907 2412 in
947 2359 1163 2412 tertiam
1225 2366 1280 2413 et
1310 2366 1561 2428 quartam
1591 2348 1996 2426 generationem
2027 2373 2039 2408 :
2073 2363 2127 2407 et

556 2464 680 2504 cum
713 2449 1026 2506 festinasset
1085 2450 1282 2515 Moses,
1327 2456 1588 2504 curvatus
1622 2449 1676 2502 in
1711 2451 1910 2503 terram
1932 2447 2126 2501 adora-

555 2541 710 2594 vit".
739 2560 757 2592 ι
789 2540 1262 2612 Contemplamini,
1285 2556 1490 2612 quazso,
1517 2556 1750 2610 quonam
1778 2540 1938 2594 modo
1962 2541 2124 2594 etiam

555 2648 702 2687 nunc
757 2634 873 2703 ipse
918 2633 1198 2700 Dominus,
1251 2635 1342 2705 qui
1401 2637 1458 2689 in
1518 2635 1661 2689 nube
1711 2633 2014 2695 descendit,
2071 2643 2124 2686 et

555 2725 690 2781 Mosi
749 2727 959 2780 adstitit
1002 2728 1056 2782 in
1105 2729 1322 2782 nomine
1363 2728 1596 2791 Domini,
1638 2727 1910 2782 vocaverit
1956 2728 2120 2779 alium

553 2828 753 2888 praeter
784 2821 1046 2889 seipsum,
1081 2821 1175 2890 qui
1212 2821 1406 2875 solitus
1437 2820 1507 2874 sit
1544 2835 1611 2874 ex
1645 2819 2121 2888 conduplicatione

552 2911 637 2964 bis
669 2908 932 2963 Dominus
977 2910 1259 2979 appellari,
1297 2919 1556 2978 tanquam
1599 2925 1744 2972 eum,
1791 2923 1821 2962 a
1857 2923 1964 2978 quo
2004 2909 2119 2977 ipse

553 3001 645 3064 sit,
684 3000 1015 3069 reliquorum
1046 3001 1288 3054 omnium
1315 3000 1406 3069 jus
1430 3007 1864 3071 potestatemque
1888 3002 2115 3064 habens,

554 3091 646 3145 Dei
676 3091 898 3145 nomine
925 3090 1250 3152 celebretur,
1268 3105 1428 3144 suum
1463 3089 1650 3159 utique
1673 3087 1888 3143 Patrem
1911 3107 1925 3156 ;
1951 3097 2114 3159 atque

2231 1993 2472 2057 λυέλεος,
2519 1993 2614 2046 καὶ
2652 1993 2939 2063 ἀληθινὸς,
2986 1994 3080 2046 καὶ
3125 1993 3472 2064 δικαιοσύνην
3512 1991 3752 2062 διατηρῶν,

2231 2085 2398 2138 ποιῶν
2426 2083 2571 2148 ἔλεος
2599 2086 2678 2147 είς
2719 2084 2979 2153 χιλιάδας,
3004 2085 3254 2156 ἀφαιρῶν
3287 2086 3532 2155 ἀνομίας,
3565 2085 3643 2136 καὶ
3669 2084 3752 2136 ἁδι-

2231 2176 2373 2239 κίας,
2407 2176 2501 2229 καὶ
2532 2176 2805 2246 ἁμαρτίας
2825 2193 2838 2206 ο
2869 2177 2961 2229 καὶ
2995 2176 3326 2248 καθαρισμῶ
3351 2177 3411 2230 οὐ
3445 2176 3669 2246 καθαριεῖ
3686 2173 3750 2224 τὸν

2229 2269 2432 2339 ἔνοχον,
2481 2269 2709 2337 ἀπάγων
2754 2268 3030 2340 ἁμαρτίας
3074 2269 3330 2342 πατέρων
3360 2270 3451 2322 ἐπὶ
3480 2268 3646 2328 τέκνα,
3683 2266 3750 2318 καὶ

2227 2361 2395 2415 τέκνα
2419 2361 2645 2424 τέκνων,
2683 2363 2774 2415 ἐπὶ
2803 2362 2992 2432 τρίτην
3015 2362 3109 2414 καὶ
3140 2363 3412 2433 τετάρτην
3436 2361 3612 2428 γενεάν
3637 2378 3648 2389 ·
3679 2360 3749 2411 καὶ

2229 2453 2469 2517 σπεύσας
2513 2455 2750 2524 Μωσῆς,
2801 2455 2978 2523 κύψας
3015 2455 3108 2507 ἐπὶ
3151 2453 3252 2525 τὴν
3302 2454 3407 2523 γῆν
3459 2450 3748 2525 προσεκύνη-

2228 2561 2338 2599 σεν.
2378 2564 2396 2595 ι
2426 2545 2568 2615 Ὅρα
2601 2545 2664 2614 δὴ
2690 2545 2810 2598 τίνα
2836 2545 3035 2616 τρόπον
3061 2546 3156 2598 καὶ
3179 2545 3277 2598 νῦν
3310 2545 3470 2608 αὐτὸς
3495 2547 3522 2596 6
3545 2541 3748 2613 Κύριοςό

2229 2637 2468 2701 καταϐὰς
2491 2637 2748 2691 ἐκάλεσεν
2794 2638 2852 2690 ἐν
2906 2637 3124 2709 νεφέλῃ,
3159 2623 3272 2691 και
3297 2636 3373 2707 τῷ
3402 2637 3579 2690 Μωσεί
3609 2649 3746 2703 παρα-

2225 2727 2357 2791 στάς
2389 2728 2448 2780 ἐν
2507 2726 2729 2797 ὀνόματι
2779 2727 3006 2798 Κυρίου,
3042 2726 3230 2795 ἓτερον
3265 2725 3394 2795 παρ’
3426 2723 3620 2785 ἑαυτὸν,
3652 2736 3744 2771 συνυ

2223 2819 2368 2889 ήοως
2397 2818 2539 2872 κατὰ
2578 2819 2943 2872 άναδίπλωσιν
2969 2817 3050 2881 δὶς
3096 2817 3303 2889 Κύριον
3350 2814 3740 2883 ἐπικαλούμενον,

2222 2909 2370 2963 ὡσάν
2411 2911 2506 2962 καὶ
2540 2909 2732 2962 ἑαυτοῦ
2764 2912 2856 2963 καὶ
2883 2909 2990 2963 τῶν
3017 2909 3221 2963 λοιπῶν
3247 2909 3497 2962 ἁπάντων
3526 2906 3742 2972 δεσπότην

2222 3002 2657 3074 θεολογούμενον,
2690 3003 2780 3057 τὸν
2818 3004 3011 3057 ἐαυτοῦ
3059 3004 3310 3076 Πατέρα·
3355 3003 3450 3056 καὶ
3491 3004 3565 3054 ὅτι
3609 3014 3660 3066 γε
3702 2998 3743 3046 ἐν

2222 3095 2427 3160 τούτοις
2465 3097 2526 3150 ού
2574 3098 2810 3168 Μωσῆς,
2845 3098 2922 3162 ὠς
2965 3098 3031 3152 ἂν
3076 3097 3337 3153 ὑπολάϐοι
3388 3114 3487 3159 τις,
3517 3092 3636 3147 ἀλλὰ
3662 3088 3742 3156 γὰρ

553 3185 678 3237 utin
702 3183 787 3237 his
818 3197 927 3235 non
979 3181 1177 3244 Moses,
1215 3182 1357 3236 sicut
1381 3181 1609 3236 forsitan
1635 3181 1903 3250 quispiam
1934 3181 2114 3250 suspi-

2221 3189 2384 3253 αὐτὸς
2415 3193 2442 3243 6
2491 3190 2693 3262 Κύριος
2740 3190 2925 3260 ἕτερον
2969 3189 3171 3259 Κύριον
3219 3190 3310 3242 τὸν
3353 3187 3560 3258 Πατέρα
3604 3182 3739 3239 καλεῖ,

549 3285 726 3340 cetur,
767 3275 862 3330 sed
913 3277 1030 3346 ipse
1074 3275 1338 3330 Dominus
1367 3275 1533 3329 alium
1572 3289 1732 3330 suum
1762 3273 1978 3328 Patrem
2015 3290 2113 3329 νου

548 3379 673 3423 cat:
703 3377 828 3424 ante
871 3369 1015 3424 enim
1056 3369 1102 3424 is
1159 3369 1250 3438 qui
1294 3367 1425 3423 Mosi
1462 3369 1761 3439 respondit,
1812 3369 1917 3423 ait:
1957 3387 1976 3420 ‹
2003 3368 2113 3440 Ego

545 3462 792 3517 transibo
819 3461 971 3532 prior
1003 3469 1055 3516 te
1104 3461 1275 3532 gloria
1315 3478 1455 3526 mea,
1483 3471 1536 3517 et
1558 3462 1765 3516 vocabo
1795 3462 1850 3516 in
1893 3465 2113 3520 nomine

547 3553 779 3610 Domini.
811 3573 830 3606 ι
869 3551 967 3609 Ubi
999 3555 1164 3623 igitur
1197 3555 1299 3608 hoc
1336 3555 1493 3612 dixit.
1545 3553 1824 3624 Scriptura
1855 3555 2112 3627 deinceps

546 3647 1056 3703 instarnarrationis
1069 3648 1309 3718 adjungit
1329 3646 1513 3719 :2“
1530 3666 1546 3697 ι
1561 3647 1624 3701 Et
1636 3647 1913 3704 descendit
1928 3647 2110 3702 Domi-

545 3757 648 3795 nus
677 3741 731 3794 in
763 3741 925 3805 nube,
951 3747 1004 3796 et
1033 3741 1246 3796 adstitit
1267 3742 1314 3795 ei
1341 3743 1471 3805 illic,
1497 3750 1550 3796 et
1573 3743 1785 3796 vocavit
1813 3745 1865 3797 in
1891 3744 2108 3798 nomine

543 3830 811 3884 Domini.»
863 3831 1032 3901 Igitur
1071 3833 1186 3901 ipse
1215 3832 1477 3887 Dominus
1504 3834 1631 3887 dum
1662 3845 1767 3897 est,
1805 3836 1947 3904 quod
1982 3851 2108 3905 pro—

541 3921 783 3984 miserat,
820 3930 1198 3991 praestaturus,
1230 3921 1533 3986 descendit,
1559 3931 1612 3977 et
1646 3925 2105 3993 quemadmodum

538 4012 701 4066 verba
737 4013 851 4081 ipsa
872 4012 1199 4082 significant,
1227 4015 1571 4083 progreditur
1600 4025 1725 4069 ante
1773 4015 1965 4070 faciem
1994 4018 2107 4073 Mo-

539 4103 638 4156 sis.
668 4101 786 4172 Ipse
827 4111 1006 4156 autem
1049 4103 1310 4158 Dominus
1355 4113 1510 4158 vocat
1551 4105 1772 4160 dicens:
1833 4125 1851 4156 ι
1879 4105 2104 4161 Domine

539 4189 701 4250 Deus,
743 4190 982 4246 clemens
1009 4201 1062 4246 et
1089 4193 1420 4257 misericors,
1457 4215 1475 4246 ι
1514 4203 1567 4249 et
1599 4211 1719 4266 qua:
1752 4207 2096 4267 sequuntur:

535 4282 734 4350 quibus
769 4284 950 4338 verbis
995 4285 1154 4355 plane
1197 4287 1313 4355 ipse
1344 4287 1605 4344 Dominus
1646 4305 1804 4345 suum
1860 4307 2099 4361 servum,

535 4381 589 4425 et
618 4373 858 4444 seipsum
886 4377 1140 4446 quisnam
1180 4388 1343 4442 esset,
1376 4388 1428 4435 et
1458 4379 1681 4452 ingeniti
1711 4383 1923 4438 Domini
1957 4386 2096 4437 noti-

533 4461 686 4525 tiam,
719 4466 878 4533 quasi
926 4469 1098 4522 sacris
1134 4468 1357 4522 initians
1401 4470 1578 4525 docet.
1621 4472 1733 4526 Hoc
1767 4491 1893 4529 vero
1921 4476 2096 4544 ipsum

2224 3278 2554 3351 παραλαϐὼν
2600 3281 2758 3344 αὐτὸς
2785 3282 2811 3333 6
2843 3279 3196 3353 χρηματίζων
3238 3280 3316 3350 τῷ
3347 3279 3530 3332 Μωσεῖ
3581 3285 3737 3343 φησιν·

2227 3387 2248 3419 ι
2269 3368 2411 3438 Ἐγὼ
2437 3369 2839 3441 παρελεύσομαι
2870 3370 3135 3442 πρότερός
3163 3387 3259 3423 σου
3291 3373 3357 3440 τῇ
3391 3369 3510 3438 δόξῃ
3539 3381 3643 3437 μου,
3669 3377 3741 3413 xa-

2219 3461 2359 3513 λέσω
2404 3463 2462 3514 ἐν
2504 3460 2726 3531 ὀνόματι
2759 3462 2984 3532 Κυρίου.
3028 3480 3046 3512 ι
3094 3460 3266 3514 Τοῦτο
3313 3459 3440 3530 γοῦν
3484 3453 3736 3526 εἰρηκότος,

2218 3555 2344 3625 ἑξῆς
2368 3555 2607 3624 ἐπιλέγει
2639 3558 2671 3626 ή
2695 3555 2883 3626 Γραφὴ
2911 3554 3322 3626 διηγηματικῶς
3345 3571 3359 3586 ο
3392 3572 3410 3604 ι
3447 3551 3550 3604 Καὶ
3575 3542 3736 3611 κατέϐη

2217 3649 2422 3719 Κύριος
2471 3651 2529 3703 ἐν
2577 3649 2794 3719 νεφέλῃ,
2847 3649 2940 3701 καὶ
2993 3648 3239 3720 παρέστη
3301 3644 3448 3716 αὐτῷ
3501 3643 3618 3701 ἐκεῖ,
3665 3633 3737 3686 καὶ

2216 3740 2473 3794 ἐκάλεσεν
2514 3741 2571 3792 ἐν
2616 3740 2837 3810 ὀνόματι
2879 3740 3105 3812 Κυρίου.
3142 3759 3159 3791 ι
3189 3739 3397 3794 Οὐκοῦν
3431 3733 3624 3796 αὑτὸςὸ
3650 3726 3735 3781 K'J—

2219 3849 2330 3904 ριος
2350 3833 2446 3902 τὴν
2473 3832 2762 3902 ὑπόσχεσιν
2793 3831 2890 3903 τὴν
2915 3831 3076 3884 αὑτοῦ
3102 3832 3408 3904 πληρώσων
3439 3828 3644 3883 κάτεισι,
3665 3817 3734 3872 καὶ

2213 3923 2401 3995 ῶσπερ
2427 3925 2455 3976 6
2486 3924 2640 3992 λόγος
2689 3923 2843 3993 φησὶ,
2889 3923 3100 3994 πρόεισι
3135 3922 3242 3993 πρὸ
3279 3919 3558 3994 προσώπου
3579 3906 3732 3974 Μωσῆο

2212 4014 2321 4066 Καὶ
2348 4013 2508 4077 αὐτὸς
2537 4013 2602 4084 δὴ
2631 4015 2659 4066 6
2682 4013 2885 4085 Κύριος
2914 4011 3068 4066 καλεῖ
3089 4011 3263 4080 λέγων
3285 4028 3298 4041 ·
3332 4031 3350 4062 ι
3382 4008 3545 4078 Κύριε
3567 4005 3592 4054 6
3616 3998 3732 4058 Θεὸς.

2211 4105 2508 4176 οίκτίρμων
2555 4104 2650 4158 καὶ
2682 4105 2947 4175 ἐλεήμων,
3009 4123 3027 4154 ι
3073 4104 3167 4157 καὶ
3211 4104 3284 4158 τὰ
3325 4101 3478 4171 eiii-,4“
3529 4086 3733 4162 σαφῶςδ

2210 4197 2415 4268 Κύριος
2440 4197 2530 4249 τὸν
2570 4195 2893 4268 Θεράποντα,
2923 4196 3114 4248 ἑαυτόν
3146 4212 3206 4247 τε
3240 4197 3390 4256 ὅστις
3417 4192 3518 4260 εἴη.
3553 4183 3634 4239 κειὶ
3659 4177 3733 4245 τὴν

2208 4290 2302 4344 τοῦ
2331 4291 2636 4362 κρείττονος
2683 4289 2888 4360 Κυρίου
2942 4289 3141 4358 γνῶσιν
3189 4281 3567 4360 μυσταγωγῶν,
3599 4275 3732 4369 Τουτιι

2207 4384 2263 4437 δέ
2309 4401 2390 4437 σοι
2433 4386 2795 4456 παραστήσει,
2829 4382 2976 4447 ἔνθα,
3028 4383 3462 4454 προσευχόμενος
3503 4370 3626 4440 ὑπὲρ
3658 4379 3730 4456 του

2207 4475 2355 4539 λαοῦ,
2415 4475 2523 4528 τῶν
2588 4476 2963 4546 προκειμένων
3013 4473 3106 4527 τοῦ
3178 4475 3388 4545 Κυρίου
3449 4455 3730 4539 μνημονεύει

531 4552 630 4606 tibi
666 4556 978 4622 planissime
1011 4559 1404 4614 demonstrabit
1435 4563 1547 4631 ipse
1575 4562 1804 4634 Moyses,
1824 4566 1914 4620 ubi
1941 4582 2106 4623 orans

2220 4569 2424 4638 φωνῶν,
2451 4569 2541 4622 τὸν
2564 4567 2767 4639 Κύριον
2797 4568 2968 4620 ταῦτα
2995 4565 3297 4637 εἰρηκέναι,
3321 4562 3434 4617 ἀλλ’
3459 4559 3551 4611 οὐκ
3580 4548 3728 4605 αὑτὸν,

534 4657 632 4712 pro
663 4645 878 4710 populo,
918 4661 1082 4714 supra
1122 4649 1396 4716 expositas
1435 4649 1645 4705 Domini
1683 4669 1844 4708 voces
1866 4670 2106 4711 comme-

535 4741 742 4786 morat:
774 4733 885 4788 illic
915 4737 1060 4789 enim
1094 4738 1383 4809 intelliges,
1411 4739 1698 4795 Dominum
1726 4744 1840 4799 haec
1869 4745 2100 4811 dixisse,

532 4838 640 4876 non
664 4823 838 4892 ipsum
869 4825 1130 4899 Moysem,
1151 4847 1274 4884 eum
1305 4832 1470 4887 dicit:
1497 4854 1515 4886 ι
1538 4835 1603 4888 Ει
1637 4852 1784 4890 nunc
1814 4839 2105 4894 extollatur

532 4931 727 4971 manus
754 4925 870 4981 tua,
890 4919 1136 4985 Domine,
1161 4925 1614 4992 quemadmodum
1639 4929 1845 4998 dixisti,
1877 4932 2064 4989 dicens
2087 4951 2100 4990 :

528 5007 793 5063 Dominus
839 5011 1192 5081 longanimis,
1237 5024 1291 5069 et
1340 5020 1521 5073 multa:
1588 5023 1996 5091 misericordia,
2049 5035 2103 5082 et

529 5115 715 5168 verax,
735 5101 1326 5176 auferensiniquitates
1352 5117 1404 5163 et
1436 5111 1735 5179 injustitias
1765 5122 1818 5168 et
1849 5126 2092 5185 peccata,

527 5200 581 5248 et
634 5195 956 5266 purgatione
993 5212 1101 5252 non
1138 5203 1389 5270 purgabit
1428 5207 1722 5276 reum,qui
1759 5208 1941 5264 reddis
1972 5226 2098 5279 pec-

529 5292 651 5337 cata
675 5294 890 5354 patrum
926 5288 982 5342 in
1014 5287 1169 5354 ﬁlios,
1213 5306 1386 5361 usque
1415 5292 1470 5348 in
1513 5298 1729 5351 tertiam
1765 5307 1818 5354 et
1845 5310 2096 5370 quartam

528 5377 1000 5442 generationem.»
1051 5380 1292 5436 Observa
1337 5392 1518 5438 autem
1565 5402 1802 5456 quonam
1843 5392 2006 5447 modo
2040 5394 2093 5448 in

529 5464 613 5518 bis
641 5465 758 5533 ipse
790 5468 1050 5526 Dominus
1078 5473 1165 5527 ubi
1193 5473 1405 5532 Patrem
1432 5479 1817 5549 longanimem,
1837 5493 1889 5538 et
1912 5487 2095 5541 multa:

529 5554 916 5614 misericordiae
947 5565 1258 5632 appellavit,
1294 5576 1407 5622 tum
1444 5571 1711 5642 adjungit,
1759 5575 1936 5644 ipsum
1971 5593 2092 5632 esse

527 5661 796 5715 veracem,
838 5654 983 5720 quod
1028 5671 1161 5712 sane
1207 5675 1333 5715 cum
1377 5678 1442 5718 eo
1482 5667 1802 5730 concordat,
1849 5670 1996 5740 quod
2035 5671 2089 5726 in

626 5806 667 5837 ⁷⁷
696 5804 864 5860 Exod.
898 5823 1089 5871 xxxnt.
1120 5813 1301 5871 17—19.
1397 5819 1442 5851 ⁷⁸
1477 5819 1647 5876 Exod.
1683 5839 1876 5889 ηυγ,
1919 5825 1970 5884 1.
2007 5827 2126 5884 5-8.

2205 4663 2262 4714 ἐν
2291 4656 2372 4724 οἷς
2395 4677 2558 4731 φησι·
2601 4679 2620 4712 ι
2656 4661 2766 4713 Καὶ
2794 4659 2888 4712 νῦν
2914 4658 3181 4728 ὑψωθήτω
3213 4657 3246 4726 ή
3282 4655 3401 4726 χείρ
3435 4667 3542 4708 σου,
3571 4640 3727 4731 Κύριε-ι

2203 4752 2263 4804 ὃν
2304 4725 2503 4824 τρόπον
2549 4748 2707 4815 εἶπας
2757 4751 2930 4819 λέγων
2951 4725 2972 4782 ’ν
3025 4725 3228 4822 Κύριος
3282 4725 3623 4820 ἐμακρόθυμος
3657 4725 3729 4824 ’ῳ

2203 4821 2508 4908 πολυέλεος,
2539 4845 2634 4898 καὶ
2661 4843 2932 4915 ἀληθινὸς,
2963 4821 3212 4914 ἀφαιρῶν
3272 4839 3494 4910 ἀνομίας
3525 4829 3607 4884 καὶ
3641 4821 3728 4915 ἀδι-

2201 4935 2346 5000 κίας,
2383 4935 2476 4989 καὶ
2505 4909 2808 5006 ἁμαρτίας·
2843 4934 2936 4987 καὶ
2959 4909 3284 5004 καθαρισμῷ
3311 4909 3383 4984 οὗ
3405 4917 3633 4992 καθαριεῖ
3657 4909 3726 4962 τὸν

2201 5028 2403 5099 ἔνοχον,
2439 5005 2723 5092 ἀποδιδοὺς
2755 5026 3028 5099 ἁμαρτίας
3073 5024 3325 5096 πατέρων
3355 5020 3444 5076 ἐπὶ
3474 5014 3618 5108 Tala
3645 5005 3725 5108 ἷωῗ

2205 5123 2298 5174 ἐπὶ
2325 5121 2514 5192 τρίτην
2544 5121 2638 5173 καὶ
2664 5119 2927 5190 τετάρτην
2952 5117 3162 5187 γενεάν.
3203 5135 3219 5168 ι
3264 5113 3529 5180 Ἐπιτήρει
3559 5099 3607 5154 δὲ
3628 5099 3722 5147 τίνα

2202 5213 2403 5285 τρόπον
2445 5213 2502 5265 ἐν
2550 5211 2755 5284 τούτοις
2785 5211 2943 5274 αὐτὸς
2983 5211 3010 5261 6
3048 5209 3271 5281 Κύριος,
3301 5207 3389 5261 τὸν
3419 5197 3721 5285 “aii???”

2205 5279 2476 5375 κβόθυμον
2511 5280 2605 5358 καῖ
2634 5302 2918 5355 πολυέλεον
2951 5279 3212 5364 ἐπειπῶν,
3248 5292 3554 5369 προστίθησι
3582 5279 3722 5343 λέγων

2202 5395 2364 5448 αὐτὸν
2423 5396 2516 5449 καὶ
2579 5394 2828 5466 ἀληθινὸν
2854 5434 2869 5458 ,
2925 5393 3228 5464 συμφώνως
3295 5389 3389 5460 τῷ,
3443 5404 3459 5434 ι
3499 5379 3601 5430 Ἵνα
3651 5380 3718 5466 τέ’

2202 5487 2488 5557 γνώσκωσί
2557 5505 2614 5540 σε
2668 5454 2776 5540 ’τὸν
2854 5454 3010 5557 μόνον
3050 5454 3353 5556 ’ἀληθινὸν
3396 5474 3548 5533 Θεὸν,

2200 5553 2549 5651 Εὐαγγελίοις
2591 5581 2678 5650 ὑφ’
2708 5580 2825 5642 ἐνὸς
2855 5553 2962 5632 *καὶ
3005 5577 3097 5631 τοῦ
3131 5553 3294 5630 αύτοῦ
3331 5567 3566 5634 Σωτῆρος
3592 5553 3717 5651 diu”

2198 5642 2489 5747 εἰρημένῳ.
2529 5642 2704 5729 Μόνον
2749 5672 2879 5742 γοῦν
2927 5671 3178 5744 ἀληθινὸν
3210 5667 3338 5723 Θεὸν
3382 5657 3569 5730 σφόδρα
3594 5642 3714 5699 εὐ⁶ε’
