3894 6516
100 427 188 496 ῘΜ
1061 425 1429 492 DEMONSTB
1440 429 1638 492 ΛΤΙΟΝ

1796 435 2200 491 V'ANGELIC/E
2238 433 2363 489 LIB.
2406 429 2469 491 ν.
3238 425 3333 489 ὖϋίξ

99 559 189 620 εὼς
215 559 492 613 ἀποκαλεῖ
547 559 636 613 τὸν
676 557 912 630 Πατέρα,
952 553 1012 610 τὸ
1057 559 1332 628 προσῆκον
1376 558 1633 629 ἀπονέμω

1797 559 2084 628 Evangeliis
2131 558 2339 612 dictum
2369 566 2456 614 est
2493 558 2560 611 ab
2606 571 2714 610 uno
2740 563 2791 611 et
2836 553 3024 611 eodem
3057 552 3335 609 Salvatore

100 650 243 713 σέϐας
268 651 336 721 τῇ
373 648 670 720 ἀγενν’ήτῳ
705 649 885 718 φύσει,
918 642 984 718 ἦς
1013 649 1174 700 αὑτὸν
1207 648 1388 701 εἰκόνα
1411 643 1546 700 εἶναι
1577 665 1638 702 κα

1796 657 1996 704 nostro:
2023 667 2041 700 ι
2069 649 2138 704 Ut
2166 658 2500 721 cognoscant
2528 655 2581 704 te
2621 648 2796 702 solum
2822 662 3005 701 verum
3031 645 3196 701 Deum
3219 646 3286 700 7’.
3313 658 3332 697 ι

99 742 320 811 γέννημα
345 741 398 792 οἱ
424 739 570 794 θεῖοι
595 739 742 811 λόγοι
771 739 1137 793 παιδεύουσιν.

1792 739 1962 794 501nm
2009 741 2174 812 igitur
2226 757 2414 796 verum
2469 741 2633 795 Deum
2669 739 2959 793 admodum
2995 738 3082 808 pie
3119 753 3182 792 ac
3212 737 3330 792 reli-

97 833 223 903 giose
253 827 479 884 Patrem
519 839 701 895 vocat,
732 839 791 883 ut
821 831 901 884 sic
938 839 1144 884 naturae
1175 831 1430 901 ingenita;
1472 829 1884 885 convenientem
1941 833 2204 888 honorem
2255 839 2309 886 et
2337 832 2542 886 cultum
2561 831 2845 894 attribuat,
2910 830 3070 900 cujus
3129 838 3336 884 naturae

97 935 138 978 et
162 923 328 993 ipsum
365 922 678 994 imaginem
710 937 833 977 esse
858 929 911 976 et
959 922 1202 976 sobolem
1241 921 1422 975 divina
1459 920 1656 975 docent
1691 922 1932 976 oracula.

606 1033 1000 1086 ΚΕΦΑΛΛΙΟΝ
1041 1033 1148 1086 III'.

2330 1031 2557 1088 CAPUT
2597 1030 2783 1086 XVIII.

104 1125 223 1181 Ἂπό
251 1123 370 1176 τῶν
419 1123 733 1193 ᾏριθμών.
757 1155 828 1164 --
859 1125 952 1190 Ὡς
983 1124 1090 1177 τὸν
1121 1123 1268 1177 Θεὸν
1304 1121 1383 1188 τῷ
1427 1123 1642 1193 Τισραὴν

1791 1124 1813 1178 ι
1847 1123 2118 1180 Numeris.
2147 1156 2218 1165 —
2243 1124 2395 1190 Quod
2429 1124 2592 1178 Deum
2621 1126 2720 1193 ipsi
2752 1123 2925 1177 Israel
2950 1114 3203 1177 visibilem
3225 1135 3329 1179 esse

152 1194 359 1262 ὁρατὸν
396 1189 564 1246 alia:
583 1189 634 1262 ἥδ
667 1196 794 1249 θεία
819 1189 1094 1248 διδάσκει
1124 1193 1357 1262 Γραφὴ,
1382 1189 1665 1246 τὸνθεόν

1839 1196 2020 1249 divina
2065 1195 2210 1249 docet
2235 1189 2533 1263 Scriptura,
2581 1189 2697 1264 quo:
2746 1197 2917 1263 ipsum
2961 1194 3058 1248 Dei
3111 1195 3329 1248 Verbum

151 1267 332 1333 Λόγον
359 1265 774 1333 αἰνιττομένη,

585 1265 774 1333 νμένη,
1837 1266 2123 1335 signiﬁcat.

159 1378 236 1430 Ἐν
271 1380 383 1441 τοῖς
453 1377 740 1450 ’Δριϐμοῖς
792 1376 820 1429 ὁ
864 1375 1066 1446 Μωσῆς
1125 1375 1413 1446 εὐχόμενός
1463 1381 1657 1444 φησιν⁶

1832 1376 1891 1430 1η
1943 1377 2198 1434 Numeris
2243 1374 2419 1436 Moses
2481 1393 2647 1435 orans
2685 1380 2788 1433 ait:
2838 1377 3144 1445 «Quoniam
3179 1385 3238 1433 tu
3273 1388 3332 1436 es

101 1473 228 1524 ιὈτι
251 1472 312 1523 σὺ
331 1467 383 1522 εἴ
414 1471 631 1541 Κύριος
655 1471 710 1522 ὲν
738 1467 814 1538 τῷ
841 1467 954 1538 λαῷ
974 1468 1166 1537 τούτῳ,
1189 1468 1338 1529 ὅστις
1362 1464 1639 1536 ὀφθαλμοῖς

1793 1469 2026 1524 Dominus
2063 1471 2117 1523 in
2151 1471 2349 1540 populo
2381 1472 2483 1524 hoc
2526 1472 2618 1541 qui
2655 1471 2830 1526 oculis
2869 1470 2936 1524 ad
2960 1471 3150 1526 oculos
3179 1472 3331 1528 vide-

93 1566 189 1616 κατ’
225 1562 550 1632 ὀφθαλμοὺς
582 1562 788 1632 ὀπτάνῃ
833 1563 916 1625 σὺ,
952 1558 1122 1630 Κύριε
1149 1574 1164 1588 ⁸
1201 1578 1218 1609 ι
1257 1558 1372 1611 ἀνθ’
1401 1549 1461 1611 οὗ
1495 1561 1523 1612 ὁ
1559 1557 1631 1629 μὲί

1791 1561 1838 1615 is
1873 1569 1953 1624 tu,
1992 1559 2218 1615 Domine
2244 1561 2319 1616 ⁸ος
2360 1581 2378 1612 ι
2405 1578 2504 1631 pro
2529 1577 2636 1632 quo
2670 1577 2800 1616 sane
2829 1561 3024 1631 Aquila
3059 1563 3329 1617 reddidit:

105 1657 303 1719 Ἀκύλας
343 1656 657 1722 ἐξέδωκεν·
693 1676 709 1707 ι
746 1658 866 1708 "Ott
921 1656 984 1708 σὺ
1013 1648 1082 1717 εἷ,
1120 1654 1311 1723 Κύριε,
1347 1653 1404 1704 ὲν
1435 1652 1643 1720 ἐγκάτιξ

1817 1649 2087 1716 Quoniam
2117 1657 2176 1706 tu
2205 1666 2289 1715 es,
2322 1651 2569 1720 Domine,
2595 1651 2649 1708 in
2677 1653 2980 1708 visceribus
3016 1655 3197 1723 pepuli
3229 1655 3331 1708 hu-

93 1748 168 1800 τοῦ
193 1747 314 1800 λαοῦ
353 1747 581 1811 τούτου,
615 1747 672 1811 ὃς
703 1745 977 1818 ὀφθαλμὸν
1008 1749 1066 1801 ὲν
1094 1744 1388 1816 ὀφθαλμοῖς
1421 1744 1523 1814 ὁρᾷ
1563 1743 1625 1794 σὺ

1789 1759 1869 1809 us,
1916 1744 2009 1812 qui
2061 1744 2280 1798 oculum
2329 1744 2384 1798 in
2433 1745 2607 1800 oculis
2660 1745 2863 1802 videris
2913 1756 2989 1811 tu,
3031 1747 3274 1801 Domine.
3308 1762 3327 1798 ι

97 1837 269 1906 Κύριε·
317 1856 336 1888 ι
364 1839 394 1890 ὁ
425 1837 486 1891 δὲ
519 1837 843 1908 Σύμμαχος
876 1854 894 1887 ‹
926 1838 1047 1890 ’Ότι
1082 1837 1146 1890 σὺ
1175 1830 1243 1899 εἷ,
1271 1832 1458 1906 Κύριε.
1493 1851 1512 1885 ι
1543 1832 1635 1884 Κα¹

1792 1834 1920 1907 ms
1948 1830 2310 1906 Symmachus
2335 1845 2515 1891 autem
2554 1855 2566 1890 :
2609 1855 2627 1887 ι
2662 1836 2930 1903 QuOniam
2990 1847 3044 1892 tu
3093 1853 3176 1901 cs,
3224 1837 3330 1892 Doa

95 1929 140 1980 ἓν
171 1929 347 1998 Ἐξόδῳ
373 1929 619 2000 εἴρηται·
651 1949 667 1980 ι
699 1931 806 1982 Καὶ
835 1928 999 2000 ἀνέϐη
1061 1929 1285 1999 Μωσῆς,
1309 1927 1402 1981 καὶ
1426 1924 1633 1997 Ἀαρὼν

1795 1930 1927 1983 ιίηε.
1959 1947 1976 1979 ι
2012 1925 2079 1981 Ει
2123 1928 2179 1982 in
2210 1925 2394 1982 Exodo
2423 1929 2628 1983 dictum
2660 1937 2736 1985 est
2768 1950 2780 1984 :
2807 1951 2824 1982 ι
2847 1929 2912 1982 Et
2945 1931 3190 1986 ascendit
3218 1931 3333 1985 Moa

98 2020 172 2071 καὶ
223 2019 404 2072 Ναδὰϐ
431 2059 448 2083 ,
512 2021 610 2072 καὶ
666 2019 904 2084 Ἀϐιοὺδ,
958 2021 1050 2073 καὶ
1111 2020 1480 2090 ἐϐδομήκοντα
1544 2017 1636 2071 τῶι

1791 2037 1845 2076 es
1873 2030 1927 2076 et
1965 2020 2170 2082 Aaron,
2206 2030 2261 2074 et
2290 2019 2500 2088 Nadab,
2542 2029 2596 2076 et
2633 2022 2832 2083 Ahiud,
2887 2025 2941 2076 et
2979 2024 3329 2094 septuaginta

98 2111 450 2181 πρεσϐυτέριον
494 2110 596 2164 τοῦ
641 2110 855 2182 Ἰσραὴλ
874 2150 888 2173 ,
919 2112 1012 2164 καὶ
1043 2107 1179 2164 εἶδον
1211 2111 1300 2164 τὸν
1323 2111 1485 2165 τόπον
1519 2111 1636 2164 ὅποι

1792 2130 1820 2169 x
1852 2111 2159 2170 senioribus
2191 2113 2380 2177 Israel,
2425 2122 2478 2167 et
2516 2112 2772 2168 viderunt
2804 2114 2981 2167 locum
3037 2115 3130 2168 ubi
3163 2124 3330 2170 stetea

96 2204 286 2272 ἱστηκεν
333 2204 362 2255 ὁ
403 2204 548 2266 Θεὸς
601 2204 849 2274 Ἰσραήλ-
890 2222 908 2255 ι
946 2203 1060 2256 ἀνθ’
1091 2198 1152 2256 οὗ
1193 2207 1221 2257 ό
1265 2203 1362 2274 μὲν
1401 2200 1628 2267 Ἀκύλας

1784 2214 1840 2261 at
1864 2206 2005 2261 Deus
2039 2204 2206 2260 Israel
2224 2201 2290 2266 lu;
2320 2223 2339 2256 ι
2364 2219 2462 2273 pro
2480 2220 2588 2274 quo
2605 2205 2799 2275 Aquila
2835 2225 2846 2258 :
2891 2224 2910 2256 ‹
2949 2205 3015 2261 Et
3047 2207 3322 2271 viderunt,

103 2297 231 2348 «Καὶ
278 2291 413 2348 εἶδον
437 2335 453 2356 ,
502 2297 665 2365 φησι,
713 2293 801 2348 τὸν
853 2293 984 2349 Θεὸν
1025 2296 1270 2368 Ἰσραήλ·
1305 2315 1322 2348 ι
1358 2299 1386 2348 ό
1414 2295 1470 2348 δὲ
1505 2296 1641 2367 Σύμα

1788 2297 1954 2369 nquit,
1987 2297 2155 2351 Deum
2190 2294 2392 2360 Israel;
2423 2315 2442 2347 ι
2474 2294 2834 2366 Symmachus
2862 2306 3044 2352 autem
3068 2318 3079 2352 :
3107 2317 3125 2349 ‹
3159 2298 3326 2352 Εινὶδ

102 2403 237 2456 palo;
260 2402 273 2416 ·
302 2405 321 2438 ι
361 2387 474 2439 Καὶ
501 2383 648 2440 εἶδον
665 2387 903 2458 ὁράματι
931 2387 1022 2439 τὸν
1053 2383 1184 2440 Θεὸν
1226 2387 1460 2459 Ἰσραήλ.
1495 2407 1512 2438 ι
1552 2389 1640 2441 Διᾶ

1791 2400 1951 2446 erunt
1980 2392 2190 2446 visione
2218 2389 2385 2444 Deum
2417 2386 2604 2444 Israel.
2637 2409 2656 2440 ι
2692 2389 2983 2452 Caeterum,
3011 2405 3233 2461 propter
3259 2392 3295 2446 il
3325 2429 3327 2431 ι

99 2476 159 2537 τὸ,
186 2495 201 2526 ι
218 2476 338 2529 Θεὸν
371 2478 560 2540 οὐδεὶς
586 2477 795 2548 ἑώρακε
825 2476 1041 2530 πώποτε
1064 2519 1078 2541 ,
1125 2497 1143 2530 ι
1175 2478 1294 2548 τάχ’
1318 2479 1381 2531 ἄν
1400 2496 1482 2541 τις
1502 2480 1637 2532 ἐναν·

1790 2483 1844 2538 id
1872 2502 1884 2537 :
1910 2501 1928 2532 ι
1964 2481 2130 2537 Deum
2153 2495 2313 2534 nemo
2342 2480 2477 2533 vidit
2500 2495 2740 2549 unquam
2763 2475 2831 2543 ⁸³,
2858 2501 2876 2531 ›
2909 2479 3142 2536 fortasse
3166 2481 3328 2536 verba

98 2566 190 2618 τίαν
215 2563 437 2639 εἶναιτῷ
474 2568 814 2640 σωτηριώδει
853 2570 1009 2640 Λόγῳ
1045 2570 1144 2642 τὴν
1190 2569 1471 2642 παροῦσαν
1519 2573 1636 2624 ὑπο⁴

1791 2589 1873 2627 ua:
1900 2571 2004 2626 hoc
2033 2571 2154 2625 loco
2183 2571 2360 2639 posita
2393 2578 2542 2633 sunt,
2577 2571 2802 2624 salutari
2833 2568 3014 2624 Verbo
3050 2573 3326 2624 contraria

103 2659 223 2712 λάϐοι
248 2659 416 2725 λέξιν,
452 2661 537 2724 ὡς
573 2661 766 2733 ὁρατὸν
801 2660 1192 2733 ὑποτιθεμένην
1227 2663 1318 2714 τὸν
1356 2663 1454 2734 τὴν
1489 2661 1641 2732 φύσιν

1789 2679 1871 2719 sse
1919 2662 2192 2732 quispiam
2239 2662 2588 2731 suspicetur:
2625 2671 2832 2731 utpote,
2883 2677 3008 2715 cum
3057 2661 3327 2716 visibilem

102 2751 306 2823 ἀόρατον.
351 2753 495 2806 Ἀλλ’
535 2755 586 2805 εἰ
626 2750 910 2806 καὶταῦτα
943 2751 1032 2805 ἐπὶ
1060 2751 1149 2806 τὸν
1171 2753 1340 2820 Λόγον
1362 2753 1450 2806 τοῦ
1477 2751 1640 2817 Θεοῦ,

1796 2755 1905 2809 lum
1941 2753 2165 2820 faciant,
2197 2753 2288 2823 qui
2314 2761 2510 2807 natura
2540 2753 2832 2809 invisibilis
2865 2762 2968 2808 est.
3002 2752 3108 2808 Sed
3137 2755 3182 2809 si
3213 2755 3326 2808 haec

103 2843 170 2893 τὸν
198 2843 508 2914 πολυμερῶς
536 2843 629 2896 καὶ
660 2843 1011 2916 πολυτρόπως
1039 2843 1270 2912 ὀφθέντα
1297 2846 1408 2906 τοῖς
1438 2845 1641 2914 πατρά-

1787 2863 1817 2902 e
1845 2846 2022 2901 Verbo
2055 2843 2148 2901 Dei
2182 2847 2482 2915 acceperis,
2516 2846 2611 2915 qui
2643 2847 2998 2900 multifariam
3029 2847 3325 2915 multisque

105 2949 166 2984 σιν
205 2935 475 2999 ἑκλάϐοις,
544 2934 744 3005 ὁμοίως
791 2937 901 2999 τοῖς
950 2935 1450 3007 προαποδειχθεῖσιν
1493 2939 1643 3007 ἡμῖν,

1789 2935 1926 2992 nodis
1964 2953 1994 2990 a
2039 2936 2288 3006 patribus
2333 2949 2415 2990 εει
2442 2937 2614 3001 visus,
2663 2937 2808 2991 sicut
2851 2952 2953 2992 nos
3000 2937 3056 2990 in
3113 2938 3180 2992 iis
3205 2951 3327 3008 qua:

106 3028 244 3080 οὐκέτ’
278 3030 339 3082 ἂν
357 3029 534 3096 ὣξειε
560 3031 672 3092 τοῖς
692 3029 954 3092 ἐναντίοις
984 3028 1348 3099 περιπίπτειν.
1375 3028 1505 3081 Θεὸν
1549 3030 1644 3081 Ἰσ-

1787 3041 1916 3096 upra
1952 3034 2174 3080 ostcnSa
2203 3033 2332 3081 sunt
2359 3025 2694 3096 accepimus,
2746 3029 3064 3097 neutiquam
3103 3027 3157 3081 in
3187 3043 3325 3083 cond

107 3122 216 3191 ριὴλ
241 3122 438 3176 ἐνταῦθ’
472 3120 756 3193 ὁρώμενον
789 3121 948 3173 αὐτὸν
972 3122 1175 3173 ἐκεῖνον
1204 3115 1338 3175 εἶναι
1373 3117 1644 3184 διδάσκει,

1786 3120 1917 3173 raria
1960 3119 2231 3174 videberis
2270 3118 2367 3174 tibi
2421 3111 2685 3174 t’ecidere.
2737 3118 2840 3185 Qui
2875 3120 3018 3174 enim
3049 3121 3138 3174 hic
3180 3120 3324 3177 Deus

108 3211 150 3263 ὂν
177 3215 254 3266 καὶ
289 3215 362 3284 τῷ
405 3213 633 3285 Ἰσραὴλ
669 3205 919 3282 ὀφθέντα,
959 3213 1046 3264 ὅτε
1069 3211 1323 3264 ὲπάλαιεν
1360 3211 1646 3283 ἄνθρωπος

1787 3211 1917 3266 srael
1951 3213 2214 3276 cernitur,
2252 3211 2427 3282 ipsum
2465 3211 2618 3266 illum
2651 3227 2774 3267 esse
2797 3214 3015 3279 docent,
3051 3215 3146 3284 qui
3174 3223 3227 3270 et
3257 3217 3325 3270 ab

111 3303 197 3368 μετ’
216 3305 362 3358 αὑτοῦ
388 3346 402 3369 ,
435 3306 500 3368 ὃς
546 3305 638 3357 καὶ
672 3303 886 3374 πρῶτος
923 3301 1087 3356 αὐτοῦ
1126 3303 1224 3372 τὴν
1258 3303 1643 3375 προσωνυμίαν

1783 3301 1918 3357 srael
1961 3303 2114 3358 visus
2162 3311 2266 3367 est,
2314 3303 2534 3372 quando
2577 3302 2740 3356 homo
2785 3301 3022 3357 luctatus
3070 3315 3155 3358 est
3196 3318 3321 3358 cunt

111 3395 158 3447 ἐκ
180 3395 255 3448 τοῦ
289 3396 476 3450 Ἰακὼϐ
510 3396 605 3448 ἐπὶ
625 3395 712 3448 τὸν
745 3393 957 3466 Ἰσραὴλ
993 3391 1412 3466 μεταϐέϐληκεν,
1438 3390 1640 3456 εἰπὼν,

1781 3410 1869 3465 pso
1904 3413 1918 3449 :
1953 3394 2250 3464 quinetiam
2285 3395 2495 3464 primus
2537 3395 2685 3449 illius
2731 3410 2930 3449 nomen
2963 3395 3216 3458 mutavit,
3254 3411 3319 3451 ex

115 3485 246 3538 «Ὅτι
284 3487 571 3558 ἐνίσχυσας
616 3486 752 3557 μετὰ
794 3485 966 3550 Θεοῦ,
1023 3503 1042 3537 ι
1087 3487 1173 3539 ὅτε
1215 3487 1307 3539 καὶ
1346 3485 1445 3557 τῆς
1493 3481 1643 3550 Θείας

1782 3487 1914 3542 acob
1946 3487 2001 3541 in
2032 3487 2220 3551 Israel,
2251 3487 2439 3542 dicens
2466 3501 2477 3541 :
2516 3506 2533 3538 ι
2566 3487 2836 3552 Quoniam
2873 3488 3151 3542 invaluisti
3197 3502 3320 3542 cum

112 3576 238 3630 αὐτοῦ
267 3578 548 3650 δυνάμεως
594 3577 843 3648 αἴσθησιν
871 3577 1050 3632 λαϐὼν
1089 3580 1118 3630 ὁ
1161 3577 1373 3642 Ἰακὼϐ,
1415 3577 1640 3632 ἐκάλεσε

1782 3589 1858 3636 leo
1881 3579 1947 3644 ⁸³,
1977 3599 1996 3633 ι
2026 3596 2134 3650 quo
2167 3585 2408 3650 tempore
2439 3581 2678 3634 divinam
2715 3580 2861 3635 IIIIUS
2896 3582 3153 3635 virtutem
3190 3597 3320 3635 seu-

112 3663 195 3732 τὸν,
212 3668 352 3721 τόπον
391 3672 605 3722 ἐκεῖνον
639 3665 791 3732 Εἶδος
833 3667 966 3721 Θεοῦ
987 3710 1002 3734 ,
1047 3667 1215 3721 εἰπὼν
1240 3707 1255 3732 ,
1292 3689 1309 3719 ι
1354 3664 1502 3722 Εἶδον
1533 3670 1640 3740 γὰρ

1778 3675 1888 3730 iens
1929 3672 2119 3738 Iacob,
2179 3674 2394 3727 vocavit
2452 3673 2634 3727 locum
2684 3674 2858 3741 illum,
2903 3674 3151 3746 Speciem
3198 3674 3316 3739 Dei,

113 3755 209 3810 θεὸν
247 3761 529 3831 πρόσωπον
572 3760 709 3831 πρὸς
750 3759 1070 3832 πρόσωπον,
1114 3760 1204 3813 καὶ
1236 3759 1412 3831 ἐσώθη
1464 3776 1565 3831 μου
1602 3763 1634 3831 ἡ

1781 3779 1868 3819 um
1904 3762 2041 3816 dixit
2067 3783 2079 3817 :
2106 3783 2124 3814 ι
2155 3761 2279 3816 Vidi
2317 3762 2462 3818 enim
2513 3761 2683 3818 Deum
2718 3763 2854 3819 facie
2894 3764 2962 3818 ad
3003 3763 3220 3829 faciem,
3264 3769 3319 3819 et

115 3840 251 3914 Mi},
282 3864 300 3896 ι
322 3848 412 3916 οὐχ
452 3848 646 3920 ἕτερον
684 3848 948 3919 ὑπάρχειν
978 3847 1072 3901 τοῦ
1104 3847 1239 3902 Θεοῦ
1269 3849 1466 3916 Λόγου,
1500 3849 1640 3902 κατὰ

1773 3861 1959 3910 ervata
1990 3861 2074 3909 est
2111 3857 2290 3909 anima
2323 3871 2444 3910 mea
2464 3857 2511 3887 ⁸⁵
2539 3875 2552 3909 :
2584 3876 2602 3908 ι
2641 3871 2804 3926 quem
2835 3871 2969 3912 sane
3000 3855 3170 3912 Deum
3199 3872 3311 3913 non

114 3931 179 3984 τόν
200 3937 370 3989 οἰκεῖον
401 3938 600 4008 καιρὸν
628 3938 1073 4007 παρεστήσαμεν.

1777 3949 1910 4002 lium
1955 3963 2080 4002 esse
2129 3955 2294 4018 quam
2333 3948 2425 4004 Dei
2485 3948 2748 4010 Verbum.
2795 3965 2897 4004 suo
2929 3959 3171 4022 tempore
3219 3950 3315 4005 dea

1739 4042 2190 4097 monstravimus.

580 4136 972 4195 ΚΕΦΑΛΛΙΟΝ
1013 4134 1114 4195 19'.

2318 4150 2548 4210 CAPUT
2589 4148 2731 4210 XIX.

133 4247 230 4324 Δ.τρ
247 4252 344 4324 τοῦ
370 4253 567 4322 Ἰησοῦ
598 4253 704 4307 τοῦ
726 4251 915 4324 Ναυῆ.
938 4283 1004 4292 -
1026 4254 1119 4320 Ὠς
1149 4257 1183 4308 ό
1206 4256 1351 4321 Θεὸς
1375 4252 1582 4324 Λόγος,
1601 4256 1634 4309 ὁ

1776 4296 1777 4300 η
1806 4245 1938 4304 Iesu
1967 4245 2138 4304 Nave.
2162 4278 2232 4287 —
2257 4247 2428 4324 Quod,
2459 4248 2553 4302 Dei
2593 4245 2847 4324 verbum,
2884 4245 3021 4324 quod
3043 4243 3180 4300 Mosi
3212 4256 3314 4301 non

163 4316 226 4393 τῷ
239 4316 438 4377 Μωσεῖ
466 4323 856 4393 χρηματίζων,
880 4316 1110 4392 ’ὁμοίως
1128 4325 1250 4390 τοῖς
1279 4316 1634 4393 πᾶλαίπρὸ-

1802 4336 1950 4393 secus
2011 4329 2164 4393 atque
2187 4321 2456 4393 __¢mt_iquis
2517 4319 2754 4393 patrihus
2814 4316 2976 4393 dabat
3021 4332 3310 4393 responsa,

162 4388 441 4462 ξᾷτορσιν,
466 4387 664 4462 ’ἶιῷθη
713 4396 810 4447 καὶ
855 4387 1048 4461 Ἰήσοῦ
1076 4387 1166 4460 ’τῷ
1192 4387 1451 4462 Μωσέως
1508 4387 1633 4448 δια-

1802 4392 1963 4444 etiam
2007 4387 2138 4444 Jesu
2176 4387 2361 4444 Hosis
2388 4391 2681 4444 successori
2732 4389 2787 4442 in
2833 4388 3058 4441 hominis
3105 4388 3309 4455 forma,

161 4455 292 4527 δόχῴ
313 4464 376 4516 ἐν
404 4455 722 4531 ἀνθρώπὸυ
751 4455 1016 4534 σχήματι
1134 4455 1146 4460 “
1425 4455 1441 4462 ’

536 4455 722 4518 [ἶώπου
751 4455 1016 4534 σχήματι
1134 4455 1146 4460 ’
1425 4455 1441 4462 ’
1805 4462 1947 4514 visus
1977 4470 2074 4514 est.

171 4571 294 4626 «Καὶ
322 4575 574 4646 ἐγενήθη,
601 4576 676 4638 ὡς
703 4571 772 4646 ἦν
803 4575 1009 4647 Ἰησοῦς
1037 4573 1094 4628 ὲν
1133 4574 1469 4647 Ἱεριχὼ,καὶ
1501 4578 1629 4630 ἀνα·
1664 4621 1707 4647 η

1811 4592 1830 4626 ι
1861 4571 1925 4627 Ει
1957 4571 2163 4627 factam
2197 4577 2300 4636 est,
2343 4571 2435 4626 ubi
2477 4568 2579 4625 fuit
2611 4567 2772 4625 Jesus
2792 4569 2847 4624 in
2870 4563 3109 4633 Iericho,
3133 4574 3187 4623 et
3221 4582 3311 4622 rc-

114 4657 264 4730 σλέᾇας
286 4670 379 4740 ὀρᾷ
401 4669 688 4739 ἄνθρωπον
709 4670 976 4740 ἑστηκότα
1007 4668 1294 4723 κατέναντι
1325 4670 1511 4734 αὐτοῦ,
1537 4672 1628 4726 καὶ

1773 4665 1975 4737 piciens
2001 4665 2148 4721 videt
2183 4665 2456 4720 hominem
2503 4671 2736 4720 stantem
2778 4676 2964 4716 coram
2996 4677 3075 4725 se,
3111 4668 3166 4715 et
3197 4660 3311 4731 gla-

115 4750 140 4818 ἡ
166 4755 364 4826 ῥομφαία
391 4763 708 4834 ἐσπασμένη
746 4764 802 4814 ἐν
831 4766 896 4833 τῇ
928 4765 1073 4832 χειρὶ
1104 4762 1291 4816 αὑτοῦ.
1316 4765 1424 4815 Καὶ
1459 4780 1629 4830 προσ-

1773 4760 1856 4814 ius
1889 4758 2083 4828 vagina
2117 4766 2313 4814 exutus
2343 4759 2397 4812 in
2433 4774 2601 4812 manu
2645 4757 2785 4827 ejus,
2823 4762 2878 4811 et
2927 4753 3194 4809 accedens
3220 4748 3311 4809 Je-

115 4841 280 4901 ελθὼνὸ
305 4853 504 4925 Ἰησοῦς
530 4850 680 4908 εἶπεν
700 4872 713 4884 ·
768 4853 1062 4926 Ἡμέτερος
1086 4852 1156 4917 εἶ,
1196 4855 1229 4925 ἢ
1267 4854 1374 4908 τῶν
1400 4856 1629 4909 ὑπεναν·

1765 4869 1828 4909 us
1849 4851 1986 4908 dixit
2005 4871 2017 4906 :
2038 4849 2234 4906 Noster
2256 4867 2335 4915 es,
2362 4865 2435 4904 an
2463 4848 2944 4903 adversariorum?
2967 4846 3032 4900 Et
3056 4848 3192 4902 dixit
3216 4848 3266 4903 ei
3291 4865 3303 4902 :

117 4932 237 5002 “Iuv;
263 4943 359 4997 Καὶ
393 4943 547 5000 εἶπεν
595 4945 743 5016 αὺτῷ
767 4963 780 4976 ·
828 4945 968 5015 Ἐγὼ
1005 4947 1439 5018 ἀρχιστράτηγος
1469 4948 1627 5001 δυνά-

1768 4941 1844 5014 lgo
1875 4943 2131 5014 princeps
2166 4944 2558 5012 imperatorum
2585 4939 2861 4994 exercitus
2893 4937 3129 5003 Domini,
3158 4945 3306 4991 ntlnc

119 5041 224 5092 μεως
249 5034 432 5107 Κυρίου
471 5037 840 5109 παραγέγοναο
900 5039 994 5092 καὶ
1031 5039 1238 5110 Ἰησοῦς
1299 5038 1492 5091 ἔπεσεν
1533 5039 1626 5092 ἐπὶ

1765 5033 1874 5087 eni.
1898 5031 1966 5085 Et
1990 5030 2151 5086 Jesus
2187 5030 2384 5086 cecidit
2421 5029 2562 5085 facie
2596 5030 2649 5084 in
2685 5034 2908 5093 terram,
2954 5035 3008 5082 et
3039 5027 3178 5081 dlxit
3204 5027 3252 5082 ei
3289 5037 3303 5082 :

120 5119 346 5186 ’πρόσωπον
371 5133 462 5184 ἐπὶ
489 5131 590 5201 τὴν
619 5132 742 5202 γῆν,
775 5132 867 5184 καὶ
917 5126 1068 5184 εἶπεν
1120 5129 1302 5201 αὑτῷ⁹
1358 5130 1622 5192 Δέσποτα,

1770 5126 1991 5188 ποηιὶιιρ,
2037 5122 2201 5194 246
2229 5116 2361 5192 quid
2415 5122 2654 5192 imperas
2711 5134 2868 5175 servo
2925 5120 3061 5173 tuo?
3115 5117 3181 5171 Et
3235 5118 3308 5171 ait

119 5206 156 5256 τί
187 5219 503 5286 προστάσσεις
546 5221 624 5292 τῷ
667 5222 746 5292 σῷ
797 5222 1020 5292 οξκέτῃς
1074 5223 1181 5274 Kai.
1223 5222 1370 5290 λέγει
1399 5223 1426 5273 ὁ
1467 5223 1625 5292 ἁρχι-

1767 5216 1983 5286 rinceps
2018 5216 2408 5283 imperatorum
2435 5211 2653 5266 Domini
2687 5211 2876 5274 :Jcsu,
2913 5211 3062 5264 solve
3093 5209 3305 5263 calceo-

121 5303 355 5376 πράτηγος
382 5314 613 5384 Κυρίου·
653 5331 672 5363 ι
725 5311 896 5382 Ἰησοῦ
916 5353 932 5378 ,
957 5313 1114 5366 λῦσαι
1149 5313 1208 5366 τὸ
1237 5313 1489 5384 ὑπόδημα
1515 5313 1624 5365 τῶν

1764 5313 1971 5360 lentum
2008 5305 2208 5372 pedum
2256 5311 2497 5368 tuorum,
2545 5302 2700 5355 locus
2733 5301 2878 5355 enim
2917 5299 2973 5352 in
3013 5312 3122 5367 quo
3167 5306 3302 5362 stas,

123 5390 248 5446 ποδῶν
276 5415 385 5454 σου-
416 5406 445 5457 ὁ
475 5405 584 5476 γὰρ
613 5406 776 5470 τόπος
802 5407 885 5475 ἐφ’
919 5399 964 5474 ᾧ
999 5407 1062 5458 σὺ
1095 5405 1352 5476 ἕστηκας,
1389 5404 1458 5474 γῆ
1489 5403 1621 5471 ἁγία

1769 5413 1870 5453 :rra'
1902 5406 2090 5452 sancta
2120 5403 2204 5451 est
2223 5395 2292 5450 ⁸⁸.
2321 5393 2559 5448 »Ειιόθηι
2612 5407 2744 5449 sane
2786 5391 2901 5444 haec
2923 5388 3060 5456 Mosi
3089 5403 3307 5459 quoque

123 5476 242 5569 ἐστίν.
260 5493 418 5549 »Λὺτὰ
440 5496 504 5568 δὴ
528 5496 701 5550 ταῦτα
729 5497 821 5550 καὶ
844 5498 1067 5550 Μωῦσεί
1082 5495 1365 5567 ἀρχομένῳ
1381 5495 1479 5564 τῆς
1492 5493 1625 5546 θεω-

1763 5489 1884 5543 titio
1911 5481 2141 5543 visionis
2175 5488 2231 5541 in
2261 5487 2418 5550 rubo,
2456 5486 2524 5538 ab
2554 5485 2671 5553 ipso
2697 5482 2928 5536 Domino
2973 5481 3119 5536 dicta
3153 5491 3301 5547 sunt,

126 5568 210 5660 ρίας
229 5577 303 5632 ἐπὶ
327 5585 412 5657 τῆς
445 5587 604 5657 βάτου
632 5588 766 5660 πρὸς
786 5586 880 5640 τοῦ
911 5587 1116 5660 Κυρίου
1142 5586 1344 5658 εἴρητο,
1369 5585 1443 5648 ὡς
1471 5583 1620 5655 δηλοῖ

1762 5583 1871 5637 icui
1911 5577 2195 5651 Scriptura
2239 5579 2481 5633 indicat:
2519 5595 2536 5628 ι
2563 5575 2633 5630 Ut
2659 5591 2792 5631 vero
2833 5575 2968 5629 vidit
3019 5572 3300 5638 Dominus,

123 5657 341 5742 ἦΓραφή·
379 5697 394 5728 ι
443 5679 527 5743 Ὠς
553 5679 610 5732 δὲ
638 5657 745 5733 εἶδε
777 5657 1015 5750 Κύριος,
1046 5680 1128 5732 ὅτι
1161 5657 1426 5751 προσάγει
1466 5673 1616 5739 ἰδεῖν,

1765 5673 1872 5728 uod
1909 5672 2196 5728 accederet
2237 5669 2304 5724 ad
2337 5668 2656 5736 videndum,
2690 5667 2905 5723 vocavit
2951 5681 3074 5722 eum
3117 5668 3297 5723 Domid

1664 4621 1708 4676 D

95 5803 739 5963 '501'13“?65!VJI.‘§;16‘°
770 5835 930 5892 Num.
961 5853 1074 5900 xxv,
1108 5836 1192 5891 M.
1273 5835 1316 5867 ⁸³
1348 5832 1521 5890 Exod.
1556 5844 1703 5898 xxiv,
1735 5829 1794 5896 9,
1818 5829 1905 5884 i0.
1980 5829 2024 5862 ⁸³
2046 5827 2204 5884 Joan.
2242 5843 2281 5894 ι,
2321 5827 2407 5881 18.
2483 5827 2527 5858 ⁸³
2560 5826 2694 5884 Gen.
2722 5841 2900 5894 xxxii,
2929 5825 3020 5881 98.
3094 5823 3142 5857 υ
3168 5819 3300 5880 ibid.
