  <div class='ocr_page' id='page_1' title='image "/cluster/home/n/w/nwhite01/storage/ocr_20150623/22/hvd.32044020605168/207.png"; bbox 0 0 3894 6574; ppageno 0'>
   <div class='ocr_carea' id='block_1_1' title="bbox 501 393 604 446">
    <p class='ocr_par' dir='ltr' id='par_1_1' title="bbox 501 393 604 446">
     <span class='ocr_line' id='line_1_1' title="bbox 501 393 604 446; baseline 0 0"><span class='ocrx_word' id='word_1_1' title='bbox 501 393 604 446; x_wconf 64' lang='lat'><strong>&#39;59?)</strong></span> 
     </span>
    </p>
   </div>
   <div class='ocr_carea' id='block_1_2' title="bbox 1166 387 3079 456">
    <p class='ocr_par' dir='ltr' id='par_1_2' title="bbox 1166 387 3079 456">
     <span class='ocr_line' id='line_1_2' title="bbox 1166 387 3079 456; baseline 0.007 -13"><span class='ocrx_word' id='word_1_2' title='bbox 1166 387 1434 446; x_wconf 75' lang='lat' dir='ltr'><strong>EUSEBH</strong></span> <span class='ocrx_word' id='word_1_3' title='bbox 1463 390 1940 449; x_wconf 65' lang='lat' dir='ltr'><strong>CESABIENSIS</strong></span> <span class='ocrx_word' id='word_1_4' title='bbox 1977 397 2126 452; x_wconf 80' lang='lat' dir='ltr'><strong>OPP.</strong></span> <span class='ocrx_word' id='word_1_5' title='bbox 2170 397 2348 452; x_wconf 77' lang='lat' dir='ltr'><strong>PARS</strong></span> <span class='ocrx_word' id='word_1_6' title='bbox 2381 397 2446 456; x_wconf 90' lang='grc'><strong>11.</strong></span> <span class='ocrx_word' id='word_1_7' title='bbox 2487 431 2555 443; x_wconf 90' lang='grc'><strong><em>--</em></strong></span> <span class='ocrx_word' id='word_1_8' title='bbox 2585 397 3079 456; x_wconf 79' lang='lat' dir='ltr'><strong>APOLOGETICA.</strong></span> 
     </span>
    </p>
   </div>
   <div class='ocr_carea' id='block_1_3' title="bbox 3655 403 3756 456">
    <p class='ocr_par' dir='ltr' id='par_1_3' title="bbox 3655 403 3756 456">
     <span class='ocr_line' id='line_1_3' title="bbox 3655 403 3756 456; baseline 0 0"><span class='ocrx_word' id='word_1_9' title='bbox 3655 403 3756 456; x_wconf 74' lang='grc' dir='ltr'><strong>ιοο</strong></span> 
     </span>
    </p>
   </div>
   <div class='ocr_carea' id='block_1_4' title="bbox 499 503 2057 598">
    <p class='ocr_par' dir='ltr' id='par_1_4' title="bbox 499 503 2057 584">
     <span class='ocr_line' id='line_1_4' title="bbox 499 503 2057 584; baseline 0.003 -20"><span class='ocrx_word' id='word_1_10' title='bbox 499 525 607 564; x_wconf 90' lang='lat' dir='ltr'><strong>nus</strong></span> <span class='ocrx_word' id='word_1_11' title='bbox 639 508 706 564; x_wconf 85' lang='lat' dir='ltr'><strong>de</strong></span> <span class='ocrx_word' id='word_1_12' title='bbox 733 507 913 564; x_wconf 81' lang='lat' dir='ltr'><strong>medio</strong></span> <span class='ocrx_word' id='word_1_13' title='bbox 940 503 1084 564; x_wconf 87' lang='lat' dir='ltr'><strong>rubi.</strong></span> <span class='ocrx_word' id='word_1_14' title='bbox 1120 503 1345 560; x_wconf 88' lang='lat' dir='ltr'><strong>dicens:</strong></span> <span class='ocrx_word' id='word_1_15' title='bbox 1381 504 1579 574; x_wconf 80' lang='lat' dir='ltr'><strong>Moses,</strong></span> <span class='ocrx_word' id='word_1_16' title='bbox 1615 506 1814 574; x_wconf 77' lang='lat' dir='ltr'><strong>Moses,</strong></span> <span class='ocrx_word' id='word_1_17' title='bbox 1851 527 1918 566; x_wconf 90' lang='lat' dir='ltr'><strong>ne</strong></span> <span class='ocrx_word' id='word_1_18' title='bbox 1941 529 2057 584; x_wconf 72' lang='grc' dir='ltr'><strong>υτο-</strong></span> 
     </span>
    </p>
   </div>
   <div class='ocr_carea' id='block_1_5' title="bbox 2164 503 3754 598">
    <p class='ocr_par' dir='ltr' id='par_1_5' title="bbox 2171 513 3754 588">
     <span class='ocr_line' id='line_1_5' title="bbox 2171 513 3754 588; baseline 0 -22"><span class='ocrx_word' id='word_1_19' title='bbox 2171 516 2422 569; x_wconf 85' lang='grc' dir='ltr'>ὲκάλεσεν</span> <span class='ocrx_word' id='word_1_20' title='bbox 2446 517 2602 570; x_wconf 75' lang='grc' dir='ltr'>αὑτὸν</span> <span class='ocrx_word' id='word_1_21' title='bbox 2631 517 2658 568; x_wconf 76' lang='grc' dir='ltr'>ὁ</span> <span class='ocrx_word' id='word_1_22' title='bbox 2689 515 2892 588; x_wconf 77' lang='grc' dir='ltr'>Κύριος</span> <span class='ocrx_word' id='word_1_23' title='bbox 2916 517 2978 568; x_wconf 77' lang='grc' dir='ltr'>ἐκ</span> <span class='ocrx_word' id='word_1_24' title='bbox 3008 516 3169 586; x_wconf 83' lang='grc' dir='ltr'>μέσου</span> <span class='ocrx_word' id='word_1_25' title='bbox 3203 514 3302 584; x_wconf 77' lang='grc' dir='ltr'>τῆς</span> <span class='ocrx_word' id='word_1_26' title='bbox 3339 513 3500 584; x_wconf 80' lang='grc' dir='ltr'><strong>βάτου</strong></span> <span class='ocrx_word' id='word_1_27' title='bbox 3540 515 3720 583; x_wconf 74' lang='grc' dir='ltr'>λέγων</span> <span class='ocrx_word' id='word_1_28' title='bbox 3741 531 3754 546; x_wconf 94' lang='grc'><strong>·</strong></span> 
     </span>
    </p>
   </div>
   <div class='ocr_carea' id='block_1_6' title="bbox 499 600 2057 678">
    <p class='ocr_par' dir='ltr' id='par_1_6' title="bbox 499 600 2057 673">
     <span class='ocr_line' id='line_1_6' title="bbox 499 600 2057 673; baseline 0.002 -17"><span class='ocrx_word' id='word_1_29' title='bbox 499 603 622 672; x_wconf 89' lang='lat' dir='ltr'><strong>pius</strong></span> <span class='ocrx_word' id='word_1_30' title='bbox 662 602 965 658; x_wconf 83' lang='lat' dir='ltr'><strong>accesseris</strong></span> <span class='ocrx_word' id='word_1_31' title='bbox 1025 600 1132 655; x_wconf 90' lang='lat' dir='ltr'><strong>huc</strong></span> <span class='ocrx_word' id='word_1_32' title='bbox 1161 619 1174 656; x_wconf 91' lang='lat'><strong>:</strong></span> <span class='ocrx_word' id='word_1_33' title='bbox 1203 600 1353 656; x_wconf 87' lang='lat' dir='ltr'><strong>solve</strong></span> <span class='ocrx_word' id='word_1_34' title='bbox 1401 601 1825 658; x_wconf 80' lang='lat' dir='ltr'><strong>calceamentqu</strong></span> <span class='ocrx_word' id='word_1_35' title='bbox 1873 605 2057 673; x_wconf 83' lang='lat' dir='ltr'><strong>pedum</strong></span> 
     </span>
    </p>
   </div>
   <div class='ocr_carea' id='block_1_7' title="bbox 2164 600 3758 678">
    <p class='ocr_par' dir='ltr' id='par_1_7' title="bbox 2177 601 3758 678">
     <span class='ocr_line' id='line_1_7' title="bbox 2177 601 3758 678; baseline 0 -18"><span class='ocrx_word' id='word_1_36' title='bbox 2177 605 2369 676; x_wconf 83' lang='grc' dir='ltr'>Μωσῆ.</span> <span class='ocrx_word' id='word_1_37' title='bbox 2405 606 2598 678; x_wconf 82' lang='grc' dir='ltr'><strong>Μωσῆ,</strong></span> <span class='ocrx_word' id='word_1_38' title='bbox 2640 607 2713 678; x_wconf 82' lang='grc' dir='ltr'>μὴ</span> <span class='ocrx_word' id='word_1_39' title='bbox 2747 607 2974 678; x_wconf 82' lang='grc' dir='ltr'>ὲγγὶσῃς</span> <span class='ocrx_word' id='word_1_40' title='bbox 3033 601 3154 660; x_wconf 80' lang='grc' dir='ltr'>ὦδε.</span> <span class='ocrx_word' id='word_1_41' title='bbox 3184 605 3354 658; x_wconf 82' lang='grc' dir='ltr'>Λῦσαι</span> <span class='ocrx_word' id='word_1_42' title='bbox 3381 605 3442 658; x_wconf 83' lang='grc' dir='ltr'><strong>τὺ</strong></span> <span class='ocrx_word' id='word_1_43' title='bbox 3493 606 3758 678; x_wconf 78' lang='grc' dir='ltr'><strong>ὑπόδημα</strong></span> 
     </span>
    </p>
   </div>
   <div class='ocr_carea' id='block_1_8' title="bbox 498 691 2072 766">
    <p class='ocr_par' dir='ltr' id='par_1_8' title="bbox 498 691 2072 766">
     <span class='ocr_line' id='line_1_8' title="bbox 498 691 2072 766; baseline 0.001 -16"><span class='ocrx_word' id='word_1_44' title='bbox 498 704 760 763; x_wconf 86' lang='lat' dir='ltr'><strong>tuorum,</strong></span> <span class='ocrx_word' id='word_1_45' title='bbox 830 696 983 750; x_wconf 89' lang='lat' dir='ltr'><strong>locus</strong></span> <span class='ocrx_word' id='word_1_46' title='bbox 1067 691 1210 748; x_wconf 92' lang='lat' dir='ltr'><strong>enim</strong></span> <span class='ocrx_word' id='word_1_47' title='bbox 1294 692 1348 749; x_wconf 90' lang='lat' dir='ltr'><strong>in</strong></span> <span class='ocrx_word' id='word_1_48' title='bbox 1421 709 1530 766; x_wconf 92' lang='lat' dir='ltr'><strong>quo</strong></span> <span class='ocrx_word' id='word_1_49' title='bbox 1591 702 1868 759; x_wconf 86' lang='lat' dir='ltr'><strong>tustas,</strong></span> <span class='ocrx_word' id='word_1_50' title='bbox 1927 705 2072 752; x_wconf 84' lang='lat' dir='ltr'><strong>terra</strong></span> 
     </span>
    </p>
   </div>
   <div class='ocr_carea' id='block_1_9' title="bbox 498 785 2068 857">
    <p class='ocr_par' dir='ltr' id='par_1_9' title="bbox 498 785 2068 857">
     <span class='ocr_line' id='line_1_9' title="bbox 498 785 2068 857; baseline 0.001 -15"><span class='ocrx_word' id='word_1_51' title='bbox 498 797 688 844; x_wconf 88' lang='lat' dir='ltr'><strong>sancta</strong></span> <span class='ocrx_word' id='word_1_52' title='bbox 738 787 908 844; x_wconf 82' lang='lat' dir='ltr'><strong>est&quot;.</strong></span> <span class='ocrx_word' id='word_1_53' title='bbox 947 807 965 840; x_wconf 76' lang='grc' dir='ltr'><strong>ι</strong></span> <span class='ocrx_word' id='word_1_54' title='bbox 1005 785 1160 842; x_wconf 88' lang='lat' dir='ltr'><strong>Unus</strong></span> <span class='ocrx_word' id='word_1_55' title='bbox 1198 800 1326 857; x_wconf 80' lang='lat' dir='ltr'><strong>ergo</strong></span> <span class='ocrx_word' id='word_1_56' title='bbox 1380 799 1542 856; x_wconf 89' lang='lat' dir='ltr'><strong>atque</strong></span> <span class='ocrx_word' id='word_1_57' title='bbox 1573 787 1713 842; x_wconf 90' lang='lat' dir='ltr'><strong>idem</strong></span> <span class='ocrx_word' id='word_1_58' title='bbox 1763 789 1862 842; x_wconf 92' lang='lat' dir='ltr'><strong>fuit</strong></span> <span class='ocrx_word' id='word_1_59' title='bbox 1907 787 2068 854; x_wconf 85' lang='lat' dir='ltr'><strong>Deus,</strong></span> 
     </span>
    </p>
   </div>
   <div class='ocr_carea' id='block_1_10' title="bbox 498 875 2071 950">
    <p class='ocr_par' dir='ltr' id='par_1_10' title="bbox 498 875 2071 950">
     <span class='ocr_line' id='line_1_10' title="bbox 498 875 2071 950; baseline 0.003 -20"><span class='ocrx_word' id='word_1_60' title='bbox 498 878 590 947; x_wconf 89' lang='lat' dir='ltr'><strong>qui</strong></span> <span class='ocrx_word' id='word_1_61' title='bbox 641 876 906 931; x_wconf 88' lang='lat' dir='ltr'><strong>ambobus</strong></span> <span class='ocrx_word' id='word_1_62' title='bbox 957 875 1278 945; x_wconf 74' lang='lat' dir='ltr'><strong>respondit,</strong></span> <span class='ocrx_word' id='word_1_63' title='bbox 1331 875 1790 946; x_wconf 84' lang='lat' dir='ltr'><strong>quemadmodum</strong></span> <span class='ocrx_word' id='word_1_64' title='bbox 1837 893 1902 934; x_wconf 82' lang='lat' dir='ltr'><strong>ex</strong></span> <span class='ocrx_word' id='word_1_65' title='bbox 1952 879 2071 950; x_wconf 88' lang='lat' dir='ltr'><strong>ipso</strong></span> 
     </span>
    </p>
   </div>
   <div class='ocr_carea' id='block_1_11' title="bbox 497 961 2068 1039">
    <p class='ocr_par' dir='ltr' id='par_1_11' title="bbox 497 961 2068 1039">
     <span class='ocr_line' id='line_1_11' title="bbox 497 961 2068 1039; baseline 0.005 -23"><span class='ocrx_word' id='word_1_66' title='bbox 497 970 770 1034; x_wconf 70' lang='lat' dir='ltr'><strong>praecepto</strong></span> <span class='ocrx_word' id='word_1_67' title='bbox 796 971 1034 1018; x_wconf 86' lang='lat' dir='ltr'><strong>constat.</strong></span> <span class='ocrx_word' id='word_1_68' title='bbox 1065 961 1168 1018; x_wconf 87' lang='lat' dir='ltr'><strong>Sed</strong></span> <span class='ocrx_word' id='word_1_69' title='bbox 1202 979 1348 1018; x_wconf 91' lang='lat' dir='ltr'><strong>nunc</strong></span> <span class='ocrx_word' id='word_1_70' title='bbox 1379 965 1601 1035; x_wconf 88' lang='lat' dir='ltr'><strong>quidem</strong></span> <span class='ocrx_word' id='word_1_71' title='bbox 1645 981 1740 1036; x_wconf 87' lang='lat' dir='ltr'><strong>per</strong></span> <span class='ocrx_word' id='word_1_72' title='bbox 1773 967 2068 1039; x_wconf 84' lang='lat' dir='ltr'><strong>principem</strong></span> 
     </span>
    </p>
   </div>
   <div class='ocr_carea' id='block_1_12' title="bbox 497 1055 2067 1130">
    <p class='ocr_par' dir='ltr' id='par_1_12' title="bbox 497 1055 2067 1130">
     <span class='ocr_line' id='line_1_12' title="bbox 497 1055 2067 1130; baseline 0.004 -21"><span class='ocrx_word' id='word_1_73' title='bbox 497 1055 890 1128; x_wconf 68' lang='lat' dir='ltr'><strong>imperatorum</strong></span> <span class='ocrx_word' id='word_1_74' title='bbox 935 1055 1210 1111; x_wconf 85' lang='lat' dir='ltr'><strong>exercitus</strong></span> <span class='ocrx_word' id='word_1_75' title='bbox 1258 1057 1416 1125; x_wconf 88' lang='lat' dir='ltr'><strong>ejus:</strong></span> <span class='ocrx_word' id='word_1_76' title='bbox 1445 1057 1582 1114; x_wconf 84' lang='lat' dir='ltr'><strong>Mosi</strong></span> <span class='ocrx_word' id='word_1_77' title='bbox 1626 1075 1755 1114; x_wconf 88' lang='lat' dir='ltr'><strong>vero</strong></span> <span class='ocrx_word' id='word_1_78' title='bbox 1805 1076 1904 1130; x_wconf 88' lang='lat' dir='ltr'><strong>per</strong></span> <span class='ocrx_word' id='word_1_79' title='bbox 1945 1076 2067 1116; x_wconf 88' lang='lat' dir='ltr'><strong>eum</strong></span> 
     </span>
    </p>
   </div>
   <div class='ocr_carea' id='block_1_13' title="bbox 497 1146 2072 1222">
    <p class='ocr_par' dir='ltr' id='par_1_13' title="bbox 497 1146 2072 1222">
     <span class='ocr_line' id='line_1_13' title="bbox 497 1146 2072 1222; baseline 0.004 -21"><span class='ocrx_word' id='word_1_80' title='bbox 497 1148 744 1218; x_wconf 80' lang='lat' dir='ltr'><strong>angelum</strong></span> <span class='ocrx_word' id='word_1_81' title='bbox 777 1147 872 1217; x_wconf 87' lang='lat' dir='ltr'><strong>qui</strong></span> <span class='ocrx_word' id='word_1_82' title='bbox 901 1146 1053 1203; x_wconf 85' lang='lat' dir='ltr'><strong>visus</strong></span> <span class='ocrx_word' id='word_1_83' title='bbox 1101 1146 1299 1214; x_wconf 91' lang='lat' dir='ltr'><strong>fuerat,</strong></span> <span class='ocrx_word' id='word_1_84' title='bbox 1333 1150 1614 1222; x_wconf 84' lang='lat' dir='ltr'><strong>oraculum</strong></span> <span class='ocrx_word' id='word_1_85' title='bbox 1645 1151 1881 1206; x_wconf 71' lang='lat' dir='ltr'><strong>exhibet.</strong></span> <span class='ocrx_word' id='word_1_86' title='bbox 1930 1151 2072 1206; x_wconf 77' lang='lat' dir='ltr'><strong>Mili-</strong></span> 
     </span>
    </p>
   </div>
   <div class='ocr_carea' id='block_1_14' title="bbox 496 1237 2072 1313">
    <p class='ocr_par' dir='ltr' id='par_1_14' title="bbox 496 1237 2072 1313">
     <span class='ocr_line' id='line_1_14' title="bbox 496 1237 2072 1313; baseline 0.005 -23"><span class='ocrx_word' id='word_1_87' title='bbox 496 1237 584 1292; x_wconf 72' lang='lat' dir='ltr'><strong>tia:</strong></span> <span class='ocrx_word' id='word_1_88' title='bbox 611 1252 742 1291; x_wconf 77' lang='lat' dir='ltr'><strong>vero</strong></span> <span class='ocrx_word' id='word_1_89' title='bbox 777 1237 980 1306; x_wconf 25' lang='lat' dir='ltr'><strong>,cmlum</strong></span> <span class='ocrx_word' id='word_1_90' title='bbox 1015 1238 1120 1292; x_wconf 88' lang='lat' dir='ltr'><strong>sub</strong></span> <span class='ocrx_word' id='word_1_91' title='bbox 1165 1253 1224 1294; x_wconf 89' lang='lat' dir='ltr'><strong>se</strong></span> <span class='ocrx_word' id='word_1_92' title='bbox 1253 1238 1522 1303; x_wconf 78' lang='lat' dir='ltr'><strong>habentis,</strong></span> <span class='ocrx_word' id='word_1_93' title='bbox 1561 1247 1614 1294; x_wconf 90' lang='lat' dir='ltr'><strong>et</strong></span> <span class='ocrx_word' id='word_1_94' title='bbox 1650 1241 1924 1298; x_wconf 84' lang='lat' dir='ltr'><strong>exercitus</strong></span> <span class='ocrx_word' id='word_1_95' title='bbox 1951 1243 2072 1313; x_wconf 89' lang='lat' dir='ltr'><strong>ipso</strong></span> 
     </span>
    </p>
   </div>
   <div class='ocr_carea' id='block_1_15' title="bbox 494 1329 2072 1400">
    <p class='ocr_par' dir='ltr' id='par_1_15' title="bbox 494 1329 2072 1400">
     <span class='ocr_line' id='line_1_15' title="bbox 494 1329 2072 1400; baseline 0.004 -16"><span class='ocrx_word' id='word_1_96' title='bbox 494 1329 700 1384; x_wconf 89' lang='lat' dir='ltr'><strong>mundo</strong></span> <span class='ocrx_word' id='word_1_97' title='bbox 745 1329 1067 1400; x_wconf 88' lang='lat' dir='ltr'><strong>superioris,</strong></span> <span class='ocrx_word' id='word_1_98' title='bbox 1091 1339 1146 1385; x_wconf 88' lang='lat' dir='ltr'><strong>et</strong></span> <span class='ocrx_word' id='word_1_99' title='bbox 1177 1329 1469 1400; x_wconf 79' lang='lat' dir='ltr'><strong>spirituum</strong></span> <span class='ocrx_word' id='word_1_100' title='bbox 1517 1332 1895 1400; x_wconf 89' lang='lat' dir='ltr'><strong>invisibilium,</strong></span> <span class='ocrx_word' id='word_1_101' title='bbox 1931 1334 2072 1390; x_wconf 89' lang='lat' dir='ltr'><strong>divi-</strong></span> 
     </span>
    </p>
   </div>
   <div class='ocr_carea' id='block_1_16' title="bbox 494 1423 2068 1498">
    <p class='ocr_par' dir='ltr' id='par_1_16' title="bbox 494 1423 2068 1498">
     <span class='ocr_line' id='line_1_16' title="bbox 494 1423 2068 1498; baseline 0.003 -20"><span class='ocrx_word' id='word_1_102' title='bbox 494 1438 802 1494; x_wconf 86' lang='lat' dir='ltr'><strong>norumque</strong></span> <span class='ocrx_word' id='word_1_103' title='bbox 845 1423 1160 1494; x_wconf 82' lang='lat' dir='ltr'><strong>angelorum</strong></span> <span class='ocrx_word' id='word_1_104' title='bbox 1210 1431 1376 1494; x_wconf 89' lang='lat' dir='ltr'><strong>atque</strong></span> <span class='ocrx_word' id='word_1_105' title='bbox 1437 1425 1888 1496; x_wconf 77' lang='lat' dir='ltr'><strong>archangelorum</strong></span> <span class='ocrx_word' id='word_1_106' title='bbox 1931 1427 2068 1498; x_wconf 79' lang='lat' dir='ltr'><strong>regi,</strong></span> 
     </span>
    </p>
   </div>
   <div class='ocr_carea' id='block_1_17' title="bbox 493 1513 2068 1589">
    <p class='ocr_par' dir='ltr' id='par_1_17' title="bbox 493 1513 2068 1589">
     <span class='ocr_line' id='line_1_17' title="bbox 493 1513 2068 1589; baseline 0.004 -21"><span class='ocrx_word' id='word_1_107' title='bbox 493 1514 842 1586; x_wconf 89' lang='lat' dir='ltr'><strong>perfectoque</strong></span> <span class='ocrx_word' id='word_1_108' title='bbox 867 1514 1104 1570; x_wconf 84' lang='lat' dir='ltr'><strong>universi</strong></span> <span class='ocrx_word' id='word_1_109' title='bbox 1138 1513 1247 1569; x_wconf 90' lang='lat' dir='ltr'><strong>Deo</strong></span> <span class='ocrx_word' id='word_1_110' title='bbox 1276 1515 1686 1570; x_wconf 90' lang='lat' dir='ltr'><strong>inservientium</strong></span> <span class='ocrx_word' id='word_1_111' title='bbox 1719 1517 1903 1584; x_wconf 85' lang='lat' dir='ltr'><strong>(sicuti</strong></span> <span class='ocrx_word' id='word_1_112' title='bbox 1927 1517 2068 1589; x_wconf 88' lang='lat' dir='ltr'><strong>apud</strong></span> 
     </span>
    </p>
   </div>
   <div class='ocr_carea' id='block_1_18' title="bbox 493 1605 2070 1665">
    <p class='ocr_par' dir='ltr' id='par_1_18' title="bbox 493 1605 2070 1665">
     <span class='ocr_line' id='line_1_18' title="bbox 493 1605 2070 1665; baseline 0.003 -5"><span class='ocrx_word' id='word_1_113' title='bbox 493 1605 770 1662; x_wconf 89' lang='lat' dir='ltr'><strong>Danielem</strong></span> <span class='ocrx_word' id='word_1_114' title='bbox 818 1605 1023 1660; x_wconf 91' lang='lat' dir='ltr'><strong>dictum</strong></span> <span class='ocrx_word' id='word_1_115' title='bbox 1071 1613 1157 1662; x_wconf 90' lang='lat' dir='ltr'><strong>est</strong></span> <span class='ocrx_word' id='word_1_116' title='bbox 1186 1625 1198 1660; x_wconf 90' lang='lat'>:</span> <span class='ocrx_word' id='word_1_117' title='bbox 1231 1624 1248 1656; x_wconf 78' lang='grc' dir='ltr'>ι</span> <span class='ocrx_word' id='word_1_118' title='bbox 1281 1605 1424 1662; x_wconf 82' lang='lat' dir='ltr'><strong>Mille</strong></span> <span class='ocrx_word' id='word_1_119' title='bbox 1461 1607 1633 1662; x_wconf 82' lang='lat' dir='ltr'><strong>millia</strong></span> <span class='ocrx_word' id='word_1_120' title='bbox 1685 1608 2070 1665; x_wconf 85' lang='lat' dir='ltr'><strong>ministrabant</strong></span> 
     </span>
    </p>
   </div>
   <div class='ocr_carea' id='block_1_19' title="bbox 493 1695 2060 1770">
    <p class='ocr_par' dir='ltr' id='par_1_19' title="bbox 493 1695 2060 1770">
     <span class='ocr_line' id='line_1_19' title="bbox 493 1695 2060 1770; baseline 0.003 -20"><span class='ocrx_word' id='word_1_121' title='bbox 493 1696 564 1762; x_wconf 87' lang='lat' dir='ltr'><strong>ei,</strong></span> <span class='ocrx_word' id='word_1_122' title='bbox 598 1702 652 1750; x_wconf 88' lang='lat' dir='ltr'><strong>et</strong></span> <span class='ocrx_word' id='word_1_123' title='bbox 682 1695 890 1752; x_wconf 85' lang='lat' dir='ltr'><strong>centies</strong></span> <span class='ocrx_word' id='word_1_124' title='bbox 921 1695 1065 1750; x_wconf 90' lang='lat' dir='ltr'><strong>mille</strong></span> <span class='ocrx_word' id='word_1_125' title='bbox 1087 1697 1254 1750; x_wconf 86' lang='lat' dir='ltr'><strong>millia</strong></span> <span class='ocrx_word' id='word_1_126' title='bbox 1273 1697 1800 1754; x_wconf 86' lang='lat' dir='ltr'><strong>assistebantcoram</strong></span> <span class='ocrx_word' id='word_1_127' title='bbox 1825 1715 1890 1756; x_wconf 91' lang='lat' dir='ltr'><strong>eo</strong></span> <span class='ocrx_word' id='word_1_128' title='bbox 1910 1701 1954 1732; x_wconf 81' lang='grc'><strong>⁸⁷</strong></span> <span class='ocrx_word' id='word_1_129' title='bbox 1977 1704 2014 1770; x_wconf 83' lang='grc'><strong>);</strong></span> <span class='ocrx_word' id='word_1_130' title='bbox 2042 1721 2060 1754; x_wconf 70' lang='grc' dir='ltr'><strong>ι</strong></span> 
     </span>
    </p>
   </div>
   <div class='ocr_carea' id='block_1_20' title="bbox 493 1787 2066 1862">
    <p class='ocr_par' dir='ltr' id='par_1_20' title="bbox 493 1787 2066 1862">
     <span class='ocr_line' id='line_1_20' title="bbox 493 1787 2066 1862; baseline 0.005 -22"><span class='ocrx_word' id='word_1_131' title='bbox 493 1787 762 1850; x_wconf 86' lang='lat' dir='ltr'><strong>omnium,</strong></span> <span class='ocrx_word' id='word_1_132' title='bbox 805 1787 1049 1856; x_wconf 83' lang='lat' dir='ltr'><strong>inquam,</strong></span> <span class='ocrx_word' id='word_1_133' title='bbox 1091 1787 1284 1840; x_wconf 89' lang='lat' dir='ltr'><strong>talium</strong></span> <span class='ocrx_word' id='word_1_134' title='bbox 1328 1803 1640 1858; x_wconf 91' lang='lat' dir='ltr'><strong>supremus,</strong></span> <span class='ocrx_word' id='word_1_135' title='bbox 1681 1791 1805 1862; x_wconf 87' lang='lat' dir='ltr'><strong>quis</strong></span> <span class='ocrx_word' id='word_1_136' title='bbox 1847 1791 2066 1848; x_wconf 86' lang='lat' dir='ltr'><strong>tandem</strong></span> 
     </span>
    </p>
   </div>
   <div class='ocr_carea' id='block_1_21' title="bbox 2169 692 3758 769">
    <p class='ocr_par' dir='ltr' id='par_1_21' title="bbox 2169 692 3758 769">
     <span class='ocr_line' id='line_1_21' title="bbox 2169 692 3758 769; baseline 0 -19"><span class='ocrx_word' id='word_1_137' title='bbox 2169 696 2278 750; x_wconf 85' lang='grc' dir='ltr'>τῶν</span> <span class='ocrx_word' id='word_1_138' title='bbox 2323 697 2496 750; x_wconf 84' lang='grc' dir='ltr'>ποδῶν</span> <span class='ocrx_word' id='word_1_139' title='bbox 2534 716 2660 751; x_wconf 87' lang='grc' dir='ltr'>σου·</span> <span class='ocrx_word' id='word_1_140' title='bbox 2691 700 2720 751; x_wconf 88' lang='grc' dir='ltr'><strong>ὁ</strong></span> <span class='ocrx_word' id='word_1_141' title='bbox 2747 699 2855 769; x_wconf 72' lang='grc' dir='ltr'><strong>γὰρ</strong></span> <span class='ocrx_word' id='word_1_142' title='bbox 2892 703 3053 761; x_wconf 80' lang='grc' dir='ltr'><strong>τόπος</strong></span> <span class='ocrx_word' id='word_1_143' title='bbox 3088 699 3146 750; x_wconf 82' lang='grc' dir='ltr'><strong>ὲν</strong></span> <span class='ocrx_word' id='word_1_144' title='bbox 3183 692 3227 766; x_wconf 84' lang='grc' dir='ltr'><strong>ᾧ</strong></span> <span class='ocrx_word' id='word_1_145' title='bbox 3269 699 3339 752; x_wconf 76' lang='grc' dir='ltr'>σὺ</span> <span class='ocrx_word' id='word_1_146' title='bbox 3375 699 3620 769; x_wconf 74' lang='grc' dir='ltr'>ἕστηκας</span> <span class='ocrx_word' id='word_1_147' title='bbox 3669 700 3758 751; x_wconf 75' lang='grc' dir='ltr'><strong>ἐπ’</strong></span> 
     </span>
    </p>
   </div>
   <div class='ocr_carea' id='block_1_22' title="bbox 2171 783 3754 861">
    <p class='ocr_par' dir='ltr' id='par_1_22' title="bbox 2171 783 3754 861">
     <span class='ocr_line' id='line_1_22' title="bbox 2171 783 3754 861; baseline 0.001 -20"><span class='ocrx_word' id='word_1_148' title='bbox 2171 787 2332 842; x_wconf 80' lang='grc' dir='ltr'>αὑτοῦ</span> <span class='ocrx_word' id='word_1_149' title='bbox 2367 789 2436 860; x_wconf 84' lang='grc' dir='ltr'>γῆ</span> <span class='ocrx_word' id='word_1_150' title='bbox 2479 789 2607 858; x_wconf 87' lang='grc' dir='ltr'>ἁγία</span> <span class='ocrx_word' id='word_1_151' title='bbox 2649 789 2814 842; x_wconf 75' lang='grc' dir='ltr'>ἐστίν.</span> <span class='ocrx_word' id='word_1_152' title='bbox 2845 809 2862 841; x_wconf 75' lang='grc' dir='ltr'><strong>ι</strong></span> <span class='ocrx_word' id='word_1_153' title='bbox 2895 783 2988 852; x_wconf 78' lang='grc' dir='ltr'><strong>Εἷς</strong></span> <span class='ocrx_word' id='word_1_154' title='bbox 3013 789 3121 861; x_wconf 80' lang='grc' dir='ltr'>ἄρα</span> <span class='ocrx_word' id='word_1_155' title='bbox 3142 787 3235 842; x_wconf 74' lang='grc' dir='ltr'>καὶ</span> <span class='ocrx_word' id='word_1_156' title='bbox 3263 791 3292 842; x_wconf 87' lang='grc' dir='ltr'>ὁ</span> <span class='ocrx_word' id='word_1_157' title='bbox 3313 789 3472 853; x_wconf 79' lang='grc' dir='ltr'>αὐτὸς</span> <span class='ocrx_word' id='word_1_158' title='bbox 3492 785 3564 860; x_wconf 83' lang='grc' dir='ltr'>ἦν</span> <span class='ocrx_word' id='word_1_159' title='bbox 3587 792 3618 842; x_wconf 82' lang='grc' dir='ltr'>ὁ</span> <span class='ocrx_word' id='word_1_160' title='bbox 3643 793 3754 854; x_wconf 78' lang='grc' dir='ltr'>τοῖς</span> 
     </span>
    </p>
   </div>
   <div class='ocr_carea' id='block_1_23' title="bbox 2173 877 3754 954">
    <p class='ocr_par' dir='ltr' id='par_1_23' title="bbox 2173 877 3754 954">
     <span class='ocr_line' id='line_1_23' title="bbox 2173 877 3754 954; baseline -0.001 -20"><span class='ocrx_word' id='word_1_161' title='bbox 2173 879 2496 954; x_wconf 82' lang='grc' dir='ltr'><strong>ἀμφοτέροις</strong></span> <span class='ocrx_word' id='word_1_162' title='bbox 2527 880 2878 953; x_wconf 65' lang='grc' dir='ltr'>χρηματίσας</span> <span class='ocrx_word' id='word_1_163' title='bbox 2900 880 3052 944; x_wconf 82' lang='grc' dir='ltr'><strong>Θεὸς,</strong></span> <span class='ocrx_word' id='word_1_164' title='bbox 3094 879 3169 944; x_wconf 87' lang='grc' dir='ltr'>ὡς</span> <span class='ocrx_word' id='word_1_165' title='bbox 3197 881 3262 934; x_wconf 76' lang='grc' dir='ltr'>ὲκ</span> <span class='ocrx_word' id='word_1_166' title='bbox 3297 877 3390 933; x_wconf 80' lang='grc' dir='ltr'><strong>τοῦ</strong></span> <span class='ocrx_word' id='word_1_167' title='bbox 3429 881 3754 950; x_wconf 76' lang='grc' dir='ltr'>παραγγέλ-</span> 
     </span>
    </p>
   </div>
   <div class='ocr_carea' id='block_1_24' title="bbox 2174 971 3746 1044">
    <p class='ocr_par' dir='ltr' id='par_1_24' title="bbox 2174 971 3746 1044">
     <span class='ocr_line' id='line_1_24' title="bbox 2174 971 3746 1044; baseline -0.001 -19"><span class='ocrx_word' id='word_1_168' title='bbox 2174 989 2339 1042; x_wconf 82' lang='grc' dir='ltr'><strong>ματος</strong></span> <span class='ocrx_word' id='word_1_169' title='bbox 2375 972 2663 1026; x_wconf 80' lang='grc' dir='ltr'><strong>δείκνυται.</strong></span> <span class='ocrx_word' id='word_1_170' title='bbox 2713 971 2870 1026; x_wconf 74' lang='grc' dir='ltr'>Ἀλλᾶι</span> <span class='ocrx_word' id='word_1_171' title='bbox 2927 971 3020 1024; x_wconf 79' lang='grc' dir='ltr'><strong>νῦν</strong></span> <span class='ocrx_word' id='word_1_172' title='bbox 3062 972 3158 1042; x_wconf 85' lang='grc' dir='ltr'>μὲν</span> <span class='ocrx_word' id='word_1_173' title='bbox 3199 971 3286 1024; x_wconf 79' lang='grc' dir='ltr'><strong>διὰ</strong></span> <span class='ocrx_word' id='word_1_174' title='bbox 3318 971 3410 1024; x_wconf 72' lang='grc' dir='ltr'><strong>τοῦ</strong></span> <span class='ocrx_word' id='word_1_175' title='bbox 3451 973 3746 1044; x_wconf 78' lang='grc' dir='ltr'>ἀρχιστρα·</span> 
     </span>
    </p>
   </div>
   <div class='ocr_carea' id='block_1_25' title="bbox 2169 1063 3750 1136">
    <p class='ocr_par' dir='ltr' id='par_1_25' title="bbox 2169 1063 3750 1136">
     <span class='ocr_line' id='line_1_25' title="bbox 2169 1063 3750 1136; baseline -0.001 -19"><span class='ocrx_word' id='word_1_176' title='bbox 2169 1069 2334 1136; x_wconf 87' lang='grc' dir='ltr'>τήγου</span> <span class='ocrx_word' id='word_1_177' title='bbox 2362 1064 2462 1134; x_wconf 84' lang='grc' dir='ltr'>τῆς</span> <span class='ocrx_word' id='word_1_178' title='bbox 2489 1063 2769 1136; x_wconf 87' lang='grc' dir='ltr'>δυνάμεως</span> <span class='ocrx_word' id='word_1_179' title='bbox 2799 1063 2983 1127; x_wconf 79' lang='grc' dir='ltr'>αὑτοῦ,</span> <span class='ocrx_word' id='word_1_180' title='bbox 3007 1063 3194 1116; x_wconf 86' lang='grc' dir='ltr'>Μωσεϊ</span> <span class='ocrx_word' id='word_1_181' title='bbox 3233 1063 3290 1116; x_wconf 82' lang='grc' dir='ltr'>δὲ</span> <span class='ocrx_word' id='word_1_182' title='bbox 3323 1063 3410 1118; x_wconf 77' lang='grc' dir='ltr'><strong>διὰ</strong></span> <span class='ocrx_word' id='word_1_183' title='bbox 3431 1063 3524 1117; x_wconf 80' lang='grc' dir='ltr'>τοῦ</span> <span class='ocrx_word' id='word_1_184' title='bbox 3559 1063 3750 1133; x_wconf 78' lang='grc' dir='ltr'>ὀφθέν-</span> 
     </span>
    </p>
   </div>
   <div class='ocr_carea' id='block_1_26' title="bbox 2169 1153 3756 1225">
    <p class='ocr_par' dir='ltr' id='par_1_26' title="bbox 2169 1153 3756 1225">
     <span class='ocr_line' id='line_1_26' title="bbox 2169 1153 3756 1225; baseline -0.003 -16"><span class='ocrx_word' id='word_1_185' title='bbox 2169 1173 2260 1218; x_wconf 88' lang='grc' dir='ltr'><strong>τος</strong></span> <span class='ocrx_word' id='word_1_186' title='bbox 2288 1155 2516 1224; x_wconf 81' lang='grc' dir='ltr'><strong>ἀγγέλου</strong></span> <span class='ocrx_word' id='word_1_187' title='bbox 2542 1153 2805 1219; x_wconf 81' lang='grc' dir='ltr'>Θεσπίζει.</span> <span class='ocrx_word' id='word_1_188' title='bbox 2827 1153 3100 1224; x_wconf 84' lang='grc' dir='ltr'>Στρατιῶν</span> <span class='ocrx_word' id='word_1_189' title='bbox 3119 1153 3176 1206; x_wconf 83' lang='grc' dir='ltr'>δὲ</span> <span class='ocrx_word' id='word_1_190' title='bbox 3199 1153 3634 1225; x_wconf 85' lang='grc' dir='ltr'>ὑπερουρανίων,</span> <span class='ocrx_word' id='word_1_191' title='bbox 3661 1153 3756 1207; x_wconf 76' lang='grc' dir='ltr'>καὶ</span> 
     </span>
    </p>
   </div>
   <div class='ocr_carea' id='block_1_27' title="bbox 2169 1243 3754 1317">
    <p class='ocr_par' dir='ltr' id='par_1_27' title="bbox 2169 1243 3754 1317">
     <span class='ocr_line' id='line_1_27' title="bbox 2169 1243 3754 1317; baseline -0.002 -17"><span class='ocrx_word' id='word_1_192' title='bbox 2169 1247 2452 1317; x_wconf 83' lang='grc' dir='ltr'><strong>δυνάμεων</strong></span> <span class='ocrx_word' id='word_1_193' title='bbox 2509 1245 2892 1316; x_wconf 81' lang='grc' dir='ltr'>ὑπερκοσμίων</span> <span class='ocrx_word' id='word_1_194' title='bbox 2938 1246 3032 1298; x_wconf 80' lang='grc' dir='ltr'>καὶ</span> <span class='ocrx_word' id='word_1_195' title='bbox 3084 1243 3410 1314; x_wconf 81' lang='grc' dir='ltr'>πνευμάτων</span> <span class='ocrx_word' id='word_1_196' title='bbox 3459 1245 3754 1316; x_wconf 81' lang='grc' dir='ltr'>ἀοράτων,</span> 
     </span>
    </p>
   </div>
   <div class='ocr_carea' id='block_1_28' title="bbox 2171 1333 3754 1408">
    <p class='ocr_par' dir='ltr' id='par_1_28' title="bbox 2171 1333 3754 1408">
     <span class='ocr_line' id='line_1_28' title="bbox 2171 1333 3754 1408; baseline -0.005 -14"><span class='ocrx_word' id='word_1_197' title='bbox 2171 1337 2420 1408; x_wconf 78' lang='grc' dir='ltr'>ἀγγέλων</span> <span class='ocrx_word' id='word_1_198' title='bbox 2453 1354 2512 1390; x_wconf 89' lang='grc' dir='ltr'><strong>τε</strong></span> <span class='ocrx_word' id='word_1_199' title='bbox 2561 1336 2720 1390; x_wconf 84' lang='grc' dir='ltr'><strong>θείων</strong></span> <span class='ocrx_word' id='word_1_200' title='bbox 2765 1335 2857 1388; x_wconf 79' lang='grc' dir='ltr'>καὶ</span> <span class='ocrx_word' id='word_1_201' title='bbox 2907 1334 3259 1406; x_wconf 84' lang='grc' dir='ltr'>ἀρχαγγέλων</span> <span class='ocrx_word' id='word_1_202' title='bbox 3301 1333 3377 1404; x_wconf 84' lang='grc' dir='ltr'>τῷ</span> <span class='ocrx_word' id='word_1_203' title='bbox 3413 1333 3754 1404; x_wconf 84' lang='grc' dir='ltr'>παμϐασιλεὶ</span> 
     </span>
    </p>
   </div>
   <div class='ocr_carea' id='block_1_29' title="bbox 2169 1426 3754 1500">
    <p class='ocr_par' dir='ltr' id='par_1_29' title="bbox 2169 1426 3754 1500">
     <span class='ocr_line' id='line_1_29' title="bbox 2169 1426 3754 1500; baseline -0.003 -16"><span class='ocrx_word' id='word_1_204' title='bbox 2169 1430 2264 1484; x_wconf 76' lang='grc' dir='ltr'>καὶ</span> <span class='ocrx_word' id='word_1_205' title='bbox 2321 1428 2654 1500; x_wconf 83' lang='grc' dir='ltr'>πανηγεμόνι</span> <span class='ocrx_word' id='word_1_206' title='bbox 2684 1426 2800 1498; x_wconf 83' lang='grc' dir='ltr'>Θεῷ</span> <span class='ocrx_word' id='word_1_207' title='bbox 2825 1426 3277 1498; x_wconf 80' lang='grc' dir='ltr'><strong>λειτουργούντων</strong></span> <span class='ocrx_word' id='word_1_208' title='bbox 3307 1426 3466 1492; x_wconf 82' lang='grc' dir='ltr'>(κατὰ</span> <span class='ocrx_word' id='word_1_209' title='bbox 3501 1426 3566 1480; x_wconf 77' lang='grc' dir='ltr'><strong>τὺ</strong></span> <span class='ocrx_word' id='word_1_210' title='bbox 3593 1429 3754 1494; x_wconf 76' lang='grc' dir='ltr'>εἰρη-</span> 
     </span>
    </p>
   </div>
   <div class='ocr_carea' id='block_1_30' title="bbox 2173 1516 3754 1592">
    <p class='ocr_par' dir='ltr' id='par_1_30' title="bbox 2173 1516 3754 1592">
     <span class='ocr_line' id='line_1_30' title="bbox 2173 1516 3754 1592; baseline -0.003 -17"><span class='ocrx_word' id='word_1_211' title='bbox 2173 1521 2331 1592; x_wconf 81' lang='grc' dir='ltr'>μένον</span> <span class='ocrx_word' id='word_1_212' title='bbox 2373 1520 2521 1591; x_wconf 79' lang='grc' dir='ltr'>παρά</span> <span class='ocrx_word' id='word_1_213' title='bbox 2545 1519 2623 1590; x_wconf 85' lang='grc' dir='ltr'>τῷ</span> <span class='ocrx_word' id='word_1_214' title='bbox 2649 1519 2844 1591; x_wconf 86' lang='grc' dir='ltr'>Δανιήλ</span> <span class='ocrx_word' id='word_1_215' title='bbox 2866 1537 2878 1550; x_wconf 77' lang='grc' dir='ltr'><strong><em>ο</em></strong></span> <span class='ocrx_word' id='word_1_216' title='bbox 2923 1537 2942 1569; x_wconf 72' lang='grc' dir='ltr'>ι</span> <span class='ocrx_word' id='word_1_217' title='bbox 2983 1518 3163 1571; x_wconf 81' lang='grc' dir='ltr'>Χέλιαι</span> <span class='ocrx_word' id='word_1_218' title='bbox 3197 1516 3431 1588; x_wconf 81' lang='grc' dir='ltr'><strong>χιλιάδες</strong></span> <span class='ocrx_word' id='word_1_219' title='bbox 3470 1518 3754 1590; x_wconf 79' lang='grc' dir='ltr'>ἐλειτούρ-</span> 
     </span>
    </p>
   </div>
   <div class='ocr_carea' id='block_1_31' title="bbox 2169 1610 3753 1684">
    <p class='ocr_par' dir='ltr' id='par_1_31' title="bbox 2169 1610 3753 1684">
     <span class='ocr_line' id='line_1_31' title="bbox 2169 1610 3753 1684; baseline -0.004 -16"><span class='ocrx_word' id='word_1_220' title='bbox 2169 1631 2299 1684; x_wconf 90' lang='grc' dir='ltr'>γουν</span> <span class='ocrx_word' id='word_1_221' title='bbox 2326 1612 2474 1684; x_wconf 84' lang='grc' dir='ltr'><strong>αὐτῷ</strong></span> <span class='ocrx_word' id='word_1_222' title='bbox 2493 1653 2508 1676; x_wconf 93' lang='grc'><strong>,</strong></span> <span class='ocrx_word' id='word_1_223' title='bbox 2538 1613 2631 1666; x_wconf 77' lang='grc' dir='ltr'>καὶ</span> <span class='ocrx_word' id='word_1_224' title='bbox 2664 1611 2852 1683; x_wconf 81' lang='grc' dir='ltr'>μύριαι</span> <span class='ocrx_word' id='word_1_225' title='bbox 2883 1610 3138 1682; x_wconf 85' lang='grc' dir='ltr'><strong>μυριάδες</strong></span> <span class='ocrx_word' id='word_1_226' title='bbox 3169 1611 3636 1681; x_wconf 78' lang='grc' dir='ltr'><strong>παρειστήκεισαν</strong></span> <span class='ocrx_word' id='word_1_227' title='bbox 3661 1610 3753 1680; x_wconf 54' lang='lat' dir='ltr'><strong>Epp</strong></span> 
     </span>
    </p>
   </div>
   <div class='ocr_carea' id='block_1_32' title="bbox 2178 1700 3754 1778">
    <p class='ocr_par' dir='ltr' id='par_1_32' title="bbox 2178 1700 3754 1778">
     <span class='ocr_line' id='line_1_32' title="bbox 2178 1700 3754 1778; baseline -0.003 -19"><span class='ocrx_word' id='word_1_228' title='bbox 2178 1704 2414 1778; x_wconf 83' lang='grc' dir='ltr'>προσθεν</span> <span class='ocrx_word' id='word_1_229' title='bbox 2431 1703 2592 1758; x_wconf 77' lang='grc' dir='ltr'>αὐτοῦ</span> <span class='ocrx_word' id='word_1_230' title='bbox 2612 1705 2652 1774; x_wconf 87' lang='grc'><strong>)·</strong></span> <span class='ocrx_word' id='word_1_231' title='bbox 2686 1723 2704 1756; x_wconf 70' lang='grc' dir='ltr'><strong>ι</strong></span> <span class='ocrx_word' id='word_1_232' title='bbox 2735 1705 2764 1756; x_wconf 83' lang='grc' dir='ltr'>ὁ</span> <span class='ocrx_word' id='word_1_233' title='bbox 2795 1703 3009 1756; x_wconf 85' lang='grc' dir='ltr'>πάντων</span> <span class='ocrx_word' id='word_1_234' title='bbox 3034 1704 3292 1756; x_wconf 81' lang='grc' dir='ltr'><strong>ἀνωτάτω</strong></span> <span class='ocrx_word' id='word_1_235' title='bbox 3323 1702 3408 1765; x_wconf 91' lang='grc' dir='ltr'><strong>τίς</strong></span> <span class='ocrx_word' id='word_1_236' title='bbox 3435 1701 3501 1755; x_wconf 75' lang='grc' dir='ltr'><strong>ἂν</strong></span> <span class='ocrx_word' id='word_1_237' title='bbox 3535 1700 3754 1770; x_wconf 85' lang='grc' dir='ltr'>γένοιτο</span> 
     </span>
    </p>
   </div>
   <div class='ocr_carea' id='block_1_33' title="bbox 2171 1793 3752 1870">
    <p class='ocr_par' dir='ltr' id='par_1_33' title="bbox 2171 1793 3752 1870">
     <span class='ocr_line' id='line_1_33' title="bbox 2171 1793 3752 1870; baseline -0.003 -20"><span class='ocrx_word' id='word_1_238' title='bbox 2171 1797 2356 1870; x_wconf 71' lang='grc' dir='ltr'>ἕτερος</span> <span class='ocrx_word' id='word_1_239' title='bbox 2389 1796 2482 1852; x_wconf 81' lang='grc' dir='ltr'>τοῦ</span> <span class='ocrx_word' id='word_1_240' title='bbox 2511 1795 2646 1850; x_wconf 86' lang='grc' dir='ltr'><strong>Θεοῦ</strong></span> <span class='ocrx_word' id='word_1_241' title='bbox 2683 1795 2879 1864; x_wconf 85' lang='grc' dir='ltr'><strong>Λόγου,</strong></span> <span class='ocrx_word' id='word_1_242' title='bbox 2909 1793 3002 1847; x_wconf 75' lang='grc' dir='ltr'>καὶ</span> <span class='ocrx_word' id='word_1_243' title='bbox 3029 1795 3124 1864; x_wconf 86' lang='grc' dir='ltr'>τῆς</span> <span class='ocrx_word' id='word_1_244' title='bbox 3155 1793 3496 1865; x_wconf 82' lang='grc' dir='ltr'><strong>πρωτοτόκου</strong></span> <span class='ocrx_word' id='word_1_245' title='bbox 3523 1793 3752 1861; x_wconf 75' lang='grc' dir='ltr'>Σοφίας,</span> 
     </span>
    </p>
   </div>
   <div class='ocr_carea' id='block_1_34' title="bbox 491 1875 2057 1960">
    <p class='ocr_par' dir='ltr' id='par_1_34' title="bbox 491 1875 2057 1948">
     <span class='ocr_line' id='line_1_34' title="bbox 491 1875 2057 1948; baseline 0.003 -16"><span class='ocrx_word' id='word_1_246' title='bbox 491 1877 563 1932; x_wconf 86' lang='lat' dir='ltr'><strong>sit</strong></span> <span class='ocrx_word' id='word_1_247' title='bbox 599 1877 759 1940; x_wconf 89' lang='lat' dir='ltr'><strong>alius,</strong></span> <span class='ocrx_word' id='word_1_248' title='bbox 806 1891 969 1947; x_wconf 83' lang='lat' dir='ltr'><strong>quam</strong></span> <span class='ocrx_word' id='word_1_249' title='bbox 1017 1875 1114 1932; x_wconf 89' lang='lat' dir='ltr'><strong>Dei</strong></span> <span class='ocrx_word' id='word_1_250' title='bbox 1145 1875 1407 1940; x_wconf 73' lang='lat' dir='ltr'><strong>Verbum,</strong></span> <span class='ocrx_word' id='word_1_251' title='bbox 1462 1885 1516 1933; x_wconf 88' lang='lat' dir='ltr'><strong>et</strong></span> <span class='ocrx_word' id='word_1_252' title='bbox 1547 1880 1908 1948; x_wconf 83' lang='lat' dir='ltr'><strong>primogenita</strong></span> <span class='ocrx_word' id='word_1_253' title='bbox 1963 1881 2057 1936; x_wconf 84' lang='lat' dir='ltr'><strong>Sa-</strong></span> 
     </span>
    </p>
   </div>
   <div class='ocr_carea' id='block_1_35' title="bbox 2164 1875 3752 1960">
    <p class='ocr_par' dir='ltr' id='par_1_35' title="bbox 2164 1885 3752 1960">
     <span class='ocr_line' id='line_1_35' title="bbox 2164 1885 3752 1960; baseline -0.004 -16"><span class='ocrx_word' id='word_1_254' title='bbox 2164 1889 2256 1944; x_wconf 80' lang='grc' dir='ltr'><strong>τοῦ</strong></span> <span class='ocrx_word' id='word_1_255' title='bbox 2281 1906 2340 1942; x_wconf 89' lang='grc' dir='ltr'><strong>τε</strong></span> <span class='ocrx_word' id='word_1_256' title='bbox 2371 1888 2554 1942; x_wconf 71' lang='grc' dir='ltr'>ἐνθέου</span> <span class='ocrx_word' id='word_1_257' title='bbox 2586 1889 2960 1960; x_wconf 83' lang='grc' dir='ltr'>γεννήματος;</span> <span class='ocrx_word' id='word_1_258' title='bbox 3021 1885 3258 1947; x_wconf 79' lang='grc' dir='ltr'><strong>Εἰκότως</strong></span> <span class='ocrx_word' id='word_1_259' title='bbox 3321 1886 3426 1956; x_wconf 84' lang='grc' dir='ltr'>ἄρα</span> <span class='ocrx_word' id='word_1_260' title='bbox 3455 1887 3552 1938; x_wconf 75' lang='grc' dir='ltr'>καὶ</span> <span class='ocrx_word' id='word_1_261' title='bbox 3583 1885 3752 1956; x_wconf 82' lang='grc' dir='ltr'>ἀρχι-</span> 
     </span>
    </p>
   </div>
   <div class='ocr_carea' id='block_1_36' title="bbox 491 1965 2062 2041">
    <p class='ocr_par' dir='ltr' id='par_1_36' title="bbox 491 1965 2062 2041">
     <span class='ocr_line' id='line_1_36' title="bbox 491 1965 2062 2041; baseline 0.006 -23"><span class='ocrx_word' id='word_1_262' title='bbox 491 1965 720 2035; x_wconf 84' lang='lat' dir='ltr'><strong>piem-ia,</strong></span> <span class='ocrx_word' id='word_1_263' title='bbox 769 1973 823 2020; x_wconf 91' lang='lat' dir='ltr'><strong>et</strong></span> <span class='ocrx_word' id='word_1_264' title='bbox 868 1965 1085 2021; x_wconf 86' lang='lat' dir='ltr'><strong>soboles</strong></span> <span class='ocrx_word' id='word_1_265' title='bbox 1131 1965 1357 2021; x_wconf 86' lang='lat' dir='ltr'><strong>divina?</strong></span> <span class='ocrx_word' id='word_1_266' title='bbox 1407 1965 1598 2022; x_wconf 82' lang='lat' dir='ltr'><strong>Merito</strong></span> <span class='ocrx_word' id='word_1_267' title='bbox 1641 1984 1770 2040; x_wconf 77' lang='lat' dir='ltr'><strong>ergo</strong></span> <span class='ocrx_word' id='word_1_268' title='bbox 1810 1970 2062 2041; x_wconf 83' lang='lat' dir='ltr'><strong>princeps</strong></span> 
     </span>
    </p>
   </div>
   <div class='ocr_carea' id='block_1_37' title="bbox 489 2057 2063 2128">
    <p class='ocr_par' dir='ltr' id='par_1_37' title="bbox 489 2057 2063 2128">
     <span class='ocr_line' id='line_1_37' title="bbox 489 2057 2063 2128; baseline 0.004 -16"><span class='ocrx_word' id='word_1_269' title='bbox 489 2058 878 2128; x_wconf 86' lang='lat' dir='ltr'><strong>imperatorum</strong></span> <span class='ocrx_word' id='word_1_270' title='bbox 926 2057 1201 2113; x_wconf 81' lang='lat' dir='ltr'><strong>exercitus</strong></span> <span class='ocrx_word' id='word_1_271' title='bbox 1243 2057 1455 2113; x_wconf 88' lang='lat' dir='ltr'><strong>Domini</strong></span> <span class='ocrx_word' id='word_1_272' title='bbox 1501 2057 1606 2114; x_wconf 90' lang='lat' dir='ltr'><strong>hoc</strong></span> <span class='ocrx_word' id='word_1_273' title='bbox 1636 2060 1691 2114; x_wconf 92' lang='lat' dir='ltr'><strong>in</strong></span> <span class='ocrx_word' id='word_1_274' title='bbox 1734 2062 1854 2117; x_wconf 93' lang='lat' dir='ltr'><strong>loco</strong></span> <span class='ocrx_word' id='word_1_275' title='bbox 1885 2061 2063 2118; x_wconf 91' lang='lat' dir='ltr'><strong>dictus</strong></span> 
     </span>
    </p>
   </div>
   <div class='ocr_carea' id='block_1_38' title="bbox 489 2151 2063 2224">
    <p class='ocr_par' dir='ltr' id='par_1_38' title="bbox 489 2151 2063 2224">
     <span class='ocr_line' id='line_1_38' title="bbox 489 2151 2063 2224; baseline 0.003 -20"><span class='ocrx_word' id='word_1_276' title='bbox 489 2157 595 2218; x_wconf 89' lang='lat' dir='ltr'><strong>est,</strong></span> <span class='ocrx_word' id='word_1_277' title='bbox 625 2158 811 2222; x_wconf 88' lang='lat' dir='ltr'><strong>utpote</strong></span> <span class='ocrx_word' id='word_1_278' title='bbox 837 2151 933 2222; x_wconf 89' lang='lat' dir='ltr'><strong>qui</strong></span> <span class='ocrx_word' id='word_1_279' title='bbox 962 2151 1114 2218; x_wconf 89' lang='lat' dir='ltr'><strong>alibi,</strong></span> <span class='ocrx_word' id='word_1_280' title='bbox 1165 2160 1215 2206; x_wconf 91' lang='lat' dir='ltr'><strong>et</strong></span> <span class='ocrx_word' id='word_1_281' title='bbox 1250 2151 1432 2221; x_wconf 81' lang='lat' dir='ltr'><strong>magni</strong></span> <span class='ocrx_word' id='word_1_282' title='bbox 1472 2151 1689 2206; x_wconf 90' lang='lat' dir='ltr'><strong>consilii</strong></span> <span class='ocrx_word' id='word_1_283' title='bbox 1718 2153 1964 2224; x_wconf 80' lang='lat' dir='ltr'><strong>angelus.</strong></span> <span class='ocrx_word' id='word_1_284' title='bbox 2008 2163 2063 2209; x_wconf 91' lang='lat' dir='ltr'><strong>et</strong></span> 
     </span>
    </p>
   </div>
   <div class='ocr_carea' id='block_1_39' title="bbox 487 2242 2061 2314">
    <p class='ocr_par' dir='ltr' id='par_1_39' title="bbox 487 2242 2061 2314">
     <span class='ocr_line' id='line_1_39' title="bbox 487 2242 2061 2314; baseline 0.003 -17"><span class='ocrx_word' id='word_1_285' title='bbox 487 2255 780 2298; x_wconf 85' lang='lat' dir='ltr'><strong>consessor</strong></span> <span class='ocrx_word' id='word_1_286' title='bbox 812 2242 1025 2304; x_wconf 86' lang='lat' dir='ltr'><strong>Patris,</strong></span> <span class='ocrx_word' id='word_1_287' title='bbox 1057 2251 1111 2298; x_wconf 92' lang='lat' dir='ltr'><strong>et</strong></span> <span class='ocrx_word' id='word_1_288' title='bbox 1155 2251 1393 2298; x_wconf 67' lang='lat' dir='ltr'><strong>aeternus</strong></span> <span class='ocrx_word' id='word_1_289' title='bbox 1435 2258 1502 2297; x_wconf 91' lang='lat' dir='ltr'><strong>ac</strong></span> <span class='ocrx_word' id='word_1_290' title='bbox 1545 2258 1772 2314; x_wconf 78' lang='lat' dir='ltr'><strong>magnus</strong></span> <span class='ocrx_word' id='word_1_291' title='bbox 1807 2247 2061 2302; x_wconf 86' lang='lat' dir='ltr'><strong>sacerdos</strong></span> 
     </span>
    </p>
   </div>
   <div class='ocr_carea' id='block_1_40' title="bbox 485 2334 2058 2406">
    <p class='ocr_par' dir='ltr' id='par_1_40' title="bbox 485 2334 2058 2406">
     <span class='ocr_line' id='line_1_40' title="bbox 485 2334 2058 2406; baseline 0.001 -14"><span class='ocrx_word' id='word_1_292' title='bbox 485 2351 630 2400; x_wconf 87' lang='lat' dir='ltr'><strong>esse,</strong></span> <span class='ocrx_word' id='word_1_293' title='bbox 667 2336 736 2390; x_wconf 91' lang='lat' dir='ltr'><strong>sit</strong></span> <span class='ocrx_word' id='word_1_294' title='bbox 763 2334 1191 2392; x_wconf 87' lang='lat' dir='ltr'><strong>demonstratus.</strong></span> <span class='ocrx_word' id='word_1_295' title='bbox 1229 2334 1333 2390; x_wconf 85' lang='lat' dir='ltr'><strong>Sed</strong></span> <span class='ocrx_word' id='word_1_296' title='bbox 1369 2335 1500 2390; x_wconf 89' lang='lat' dir='ltr'><strong>illud</strong></span> <span class='ocrx_word' id='word_1_297' title='bbox 1539 2351 1758 2406; x_wconf 88' lang='lat' dir='ltr'><strong>quoque</strong></span> <span class='ocrx_word' id='word_1_298' title='bbox 1780 2345 2058 2393; x_wconf 87' lang='lat' dir='ltr'><strong>ostensum</strong></span> 
     </span>
    </p>
   </div>
   <div class='ocr_carea' id='block_1_41' title="bbox 485 2426 2060 2498">
    <p class='ocr_par' dir='ltr' id='par_1_41' title="bbox 485 2426 2060 2498">
     <span class='ocr_line' id='line_1_41' title="bbox 485 2426 2060 2498; baseline 0.001 -13"><span class='ocrx_word' id='word_1_299' title='bbox 485 2435 591 2494; x_wconf 80' lang='lat' dir='ltr'><strong>est,</strong></span> <span class='ocrx_word' id='word_1_300' title='bbox 636 2429 781 2498; x_wconf 86' lang='lat' dir='ltr'><strong>quod</strong></span> <span class='ocrx_word' id='word_1_301' title='bbox 819 2427 962 2483; x_wconf 91' lang='lat' dir='ltr'><strong>idem</strong></span> <span class='ocrx_word' id='word_1_302' title='bbox 1004 2436 1058 2482; x_wconf 86' lang='lat' dir='ltr'><strong>et</strong></span> <span class='ocrx_word' id='word_1_303' title='bbox 1097 2427 1378 2494; x_wconf 88' lang='lat' dir='ltr'><strong>Dominus,</strong></span> <span class='ocrx_word' id='word_1_304' title='bbox 1415 2435 1470 2482; x_wconf 92' lang='lat' dir='ltr'><strong>et</strong></span> <span class='ocrx_word' id='word_1_305' title='bbox 1504 2426 1670 2489; x_wconf 89' lang='lat' dir='ltr'><strong>Deus,</strong></span> <span class='ocrx_word' id='word_1_306' title='bbox 1713 2437 1767 2483; x_wconf 93' lang='lat' dir='ltr'><strong>et</strong></span> <span class='ocrx_word' id='word_1_307' title='bbox 1807 2428 2060 2486; x_wconf 85' lang='lat' dir='ltr'><strong>Christus</strong></span> 
     </span>
    </p>
   </div>
   <div class='ocr_carea' id='block_1_42' title="bbox 485 2519 2060 2590">
    <p class='ocr_par' dir='ltr' id='par_1_42' title="bbox 485 2519 2060 2590">
     <span class='ocr_line' id='line_1_42' title="bbox 485 2519 2060 2590; baseline 0.001 -15"><span class='ocrx_word' id='word_1_308' title='bbox 485 2519 579 2580; x_wconf 86' lang='lat' dir='ltr'><strong>sit.</strong></span> <span class='ocrx_word' id='word_1_309' title='bbox 609 2523 700 2590; x_wconf 92' lang='lat' dir='ltr'><strong>qui</strong></span> <span class='ocrx_word' id='word_1_310' title='bbox 733 2536 762 2574; x_wconf 90' lang='lat' dir='ltr'><strong>a</strong></span> <span class='ocrx_word' id='word_1_311' title='bbox 783 2519 942 2575; x_wconf 85' lang='lat' dir='ltr'><strong>Patre</strong></span> <span class='ocrx_word' id='word_1_312' title='bbox 967 2521 1086 2575; x_wconf 86' lang='lat' dir='ltr'><strong>oleo</strong></span> <span class='ocrx_word' id='word_1_313' title='bbox 1107 2519 1489 2575; x_wconf 76' lang='lat' dir='ltr'><strong>exsultationis</strong></span> <span class='ocrx_word' id='word_1_314' title='bbox 1524 2528 1610 2574; x_wconf 90' lang='lat' dir='ltr'><strong>est</strong></span> <span class='ocrx_word' id='word_1_315' title='bbox 1639 2529 1854 2575; x_wconf 89' lang='lat' dir='ltr'><strong>unctus.</strong></span> <span class='ocrx_word' id='word_1_316' title='bbox 1888 2519 2060 2576; x_wconf 83' lang='lat' dir='ltr'><strong>Abra-</strong></span> 
     </span>
    </p>
   </div>
   <div class='ocr_carea' id='block_1_43' title="bbox 485 2609 2056 2682">
    <p class='ocr_par' dir='ltr' id='par_1_43' title="bbox 485 2609 2056 2682">
     <span class='ocr_line' id='line_1_43' title="bbox 485 2609 2056 2682; baseline 0 -16"><span class='ocrx_word' id='word_1_317' title='bbox 485 2611 568 2666; x_wconf 72' lang='lat' dir='ltr'><strong>hac</strong></span> <span class='ocrx_word' id='word_1_318' title='bbox 601 2611 764 2682; x_wconf 80' lang='lat' dir='ltr'><strong>igitur</strong></span> <span class='ocrx_word' id='word_1_319' title='bbox 805 2611 947 2682; x_wconf 89' lang='lat' dir='ltr'><strong>apud</strong></span> <span class='ocrx_word' id='word_1_320' title='bbox 1000 2627 1261 2682; x_wconf 88' lang='lat' dir='ltr'><strong>quercum</strong></span> <span class='ocrx_word' id='word_1_321' title='bbox 1310 2611 1462 2668; x_wconf 88' lang='lat' dir='ltr'><strong>visus</strong></span> <span class='ocrx_word' id='word_1_322' title='bbox 1495 2609 1551 2665; x_wconf 90' lang='lat' dir='ltr'><strong>in</strong></span> <span class='ocrx_word' id='word_1_323' title='bbox 1595 2610 1835 2666; x_wconf 90' lang='lat' dir='ltr'><strong>hominis</strong></span> <span class='ocrx_word' id='word_1_324' title='bbox 1880 2609 2056 2666; x_wconf 85' lang='lat' dir='ltr'><strong>forma</strong></span> 
     </span>
    </p>
   </div>
   <div class='ocr_carea' id='block_1_44' title="bbox 483 2702 2056 2775">
    <p class='ocr_par' dir='ltr' id='par_1_44' title="bbox 483 2702 2056 2775">
     <span class='ocr_line' id='line_1_44' title="bbox 483 2702 2056 2775; baseline 0.001 -17"><span class='ocrx_word' id='word_1_325' title='bbox 483 2705 690 2774; x_wconf 90' lang='lat' dir='ltr'><strong>quieta,</strong></span> <span class='ocrx_word' id='word_1_326' title='bbox 725 2704 1025 2775; x_wconf 88' lang='lat' dir='ltr'><strong>habituque</strong></span> <span class='ocrx_word' id='word_1_327' title='bbox 1057 2703 1307 2774; x_wconf 81' lang='lat' dir='ltr'><strong>paciﬁco,</strong></span> <span class='ocrx_word' id='word_1_328' title='bbox 1349 2703 1592 2774; x_wconf 88' lang='lat' dir='ltr'><strong>seipsum</strong></span> <span class='ocrx_word' id='word_1_329' title='bbox 1638 2702 1898 2766; x_wconf 88' lang='lat' dir='ltr'><strong>ostendit,</strong></span> <span class='ocrx_word' id='word_1_330' title='bbox 1931 2719 2056 2759; x_wconf 90' lang='lat' dir='ltr'><strong>cum</strong></span> 
     </span>
    </p>
   </div>
   <div class='ocr_carea' id='block_1_45' title="bbox 484 2795 2056 2866">
    <p class='ocr_par' dir='ltr' id='par_1_45' title="bbox 484 2795 2056 2866">
     <span class='ocr_line' id='line_1_45' title="bbox 484 2795 2056 2866; baseline -0.001 -14"><span class='ocrx_word' id='word_1_331' title='bbox 484 2812 548 2852; x_wconf 80' lang='lat' dir='ltr'><strong>ex</strong></span> <span class='ocrx_word' id='word_1_332' title='bbox 581 2796 673 2848; x_wconf 93' lang='lat' dir='ltr'><strong>illo</strong></span> <span class='ocrx_word' id='word_1_333' title='bbox 705 2811 877 2865; x_wconf 89' lang='lat' dir='ltr'><strong>usque</strong></span> <span class='ocrx_word' id='word_1_334' title='bbox 905 2804 1150 2866; x_wconf 89' lang='lat' dir='ltr'><strong>tempore</strong></span> <span class='ocrx_word' id='word_1_335' title='bbox 1192 2797 1488 2852; x_wconf 82' lang='lat' dir='ltr'><strong>salutarem</strong></span> <span class='ocrx_word' id='word_1_336' title='bbox 1519 2811 1678 2852; x_wconf 91' lang='lat' dir='ltr'><strong>suum</strong></span> <span class='ocrx_word' id='word_1_337' title='bbox 1713 2795 1780 2851; x_wconf 90' lang='lat' dir='ltr'><strong>ad</strong></span> <span class='ocrx_word' id='word_1_338' title='bbox 1809 2795 2056 2851; x_wconf 88' lang='lat' dir='ltr'><strong>homines</strong></span> 
     </span>
    </p>
   </div>
   <div class='ocr_carea' id='block_1_46' title="bbox 484 2886 2054 2960">
    <p class='ocr_par' dir='ltr' id='par_1_46' title="bbox 484 2886 2054 2960">
     <span class='ocr_line' id='line_1_46' title="bbox 484 2886 2054 2960; baseline 0.001 -19"><span class='ocrx_word' id='word_1_339' title='bbox 484 2886 774 2942; x_wconf 89' lang='lat' dir='ltr'><strong>adventum</strong></span> <span class='ocrx_word' id='word_1_340' title='bbox 834 2887 1198 2943; x_wconf 77' lang='lat' dir='ltr'><strong>exordiretur.</strong></span> <span class='ocrx_word' id='word_1_341' title='bbox 1247 2887 1356 2960; x_wconf 91' lang='lat' dir='ltr'><strong>Ipsi</strong></span> <span class='ocrx_word' id='word_1_342' title='bbox 1399 2904 1528 2944; x_wconf 89' lang='lat' dir='ltr'><strong>vero</strong></span> <span class='ocrx_word' id='word_1_343' title='bbox 1575 2887 1746 2944; x_wconf 88' lang='lat' dir='ltr'><strong>Jacob</strong></span> <span class='ocrx_word' id='word_1_344' title='bbox 1797 2897 2054 2960; x_wconf 88' lang='lat' dir='ltr'><strong>tanquam</strong></span> 
     </span>
    </p>
   </div>
   <div class='ocr_carea' id='block_1_47' title="bbox 483 2978 2054 3050">
    <p class='ocr_par' dir='ltr' id='par_1_47' title="bbox 483 2978 2054 3050">
     <span class='ocr_line' id='line_1_47' title="bbox 483 2978 2054 3050; baseline 0.002 -17"><span class='ocrx_word' id='word_1_345' title='bbox 483 2978 912 3034; x_wconf 77' lang='lat' dir='ltr'><strong>exercitabundo</strong></span> <span class='ocrx_word' id='word_1_346' title='bbox 936 2995 999 3033; x_wconf 90' lang='lat' dir='ltr'><strong>ac</strong></span> <span class='ocrx_word' id='word_1_347' title='bbox 1033 2981 1316 3044; x_wconf 89' lang='lat' dir='ltr'><strong>certatori,</strong></span> <span class='ocrx_word' id='word_1_348' title='bbox 1345 2981 1438 3050; x_wconf 90' lang='lat' dir='ltr'><strong>qui</strong></span> <span class='ocrx_word' id='word_1_349' title='bbox 1465 2981 1731 3038; x_wconf 88' lang='lat' dir='ltr'><strong>adversus</strong></span> <span class='ocrx_word' id='word_1_350' title='bbox 1765 2981 1973 3046; x_wconf 79' lang='lat' dir='ltr'><strong>hostes,</strong></span> <span class='ocrx_word' id='word_1_351' title='bbox 2001 2989 2054 3036; x_wconf 88' lang='lat' dir='ltr'><strong>et</strong></span> 
     </span>
    </p>
   </div>
   <div class='ocr_carea' id='block_1_48' title="bbox 484 3068 2052 3142">
    <p class='ocr_par' dir='ltr' id='par_1_48' title="bbox 484 3068 2052 3142">
     <span class='ocr_line' id='line_1_48' title="bbox 484 3068 2052 3142; baseline 0.003 -20"><span class='ocrx_word' id='word_1_352' title='bbox 484 3068 812 3130; x_wconf 85' lang='lat' dir='ltr'><strong>luctaturus.</strong></span> <span class='ocrx_word' id='word_1_353' title='bbox 851 3077 905 3126; x_wconf 88' lang='lat' dir='ltr'><strong>et</strong></span> <span class='ocrx_word' id='word_1_354' title='bbox 936 3071 1285 3142; x_wconf 64' lang='lat' dir='ltr'><strong>praeliaturus</strong></span> <span class='ocrx_word' id='word_1_355' title='bbox 1312 3081 1477 3136; x_wconf 88' lang='lat' dir='ltr'><strong>esset,</strong></span> <span class='ocrx_word' id='word_1_356' title='bbox 1509 3073 1676 3128; x_wconf 89' lang='lat' dir='ltr'><strong>voluti</strong></span> <span class='ocrx_word' id='word_1_357' title='bbox 1717 3072 1900 3127; x_wconf 92' lang='lat' dir='ltr'><strong>homo.</strong></span> <span class='ocrx_word' id='word_1_358' title='bbox 1947 3071 2052 3126; x_wconf 91' lang='lat' dir='ltr'><strong>Sed</strong></span> 
     </span>
    </p>
   </div>
   <div class='ocr_carea' id='block_1_49' title="bbox 485 3161 2052 3236">
    <p class='ocr_par' dir='ltr' id='par_1_49' title="bbox 485 3161 2052 3236">
     <span class='ocr_line' id='line_1_49' title="bbox 485 3161 2052 3236; baseline 0.003 -20"><span class='ocrx_word' id='word_1_359' title='bbox 485 3161 687 3218; x_wconf 80' lang='lat' dir='ltr'><strong>Mosem</strong></span> <span class='ocrx_word' id='word_1_360' title='bbox 720 3172 774 3220; x_wconf 87' lang='lat' dir='ltr'><strong>et</strong></span> <span class='ocrx_word' id='word_1_361' title='bbox 804 3165 1062 3234; x_wconf 88' lang='lat' dir='ltr'><strong>populum</strong></span> <span class='ocrx_word' id='word_1_362' title='bbox 1101 3165 1156 3219; x_wconf 92' lang='lat' dir='ltr'><strong>in</strong></span> <span class='ocrx_word' id='word_1_363' title='bbox 1188 3165 1370 3236; x_wconf 83' lang='lat' dir='ltr'><strong>specie</strong></span> <span class='ocrx_word' id='word_1_364' title='bbox 1399 3165 1562 3221; x_wconf 90' lang='lat' dir='ltr'><strong>nubis</strong></span> <span class='ocrx_word' id='word_1_365' title='bbox 1588 3173 1750 3236; x_wconf 89' lang='lat' dir='ltr'><strong>atque</strong></span> <span class='ocrx_word' id='word_1_366' title='bbox 1777 3165 1916 3235; x_wconf 79' lang='lat' dir='ltr'><strong>ignis</strong></span> <span class='ocrx_word' id='word_1_367' title='bbox 1950 3165 2052 3220; x_wconf 86' lang='lat' dir='ltr'><strong>du-</strong></span> 
     </span>
    </p>
   </div>
   <div class='ocr_carea' id='block_1_50' title="bbox 2170 1977 3754 2056">
    <p class='ocr_par' dir='ltr' id='par_1_50' title="bbox 2170 1977 3754 2056">
     <span class='ocr_line' id='line_1_50' title="bbox 2170 1977 3754 2056; baseline -0.004 -19"><span class='ocrx_word' id='word_1_368' title='bbox 2170 1983 2477 2056; x_wconf 81' lang='grc' dir='ltr'>στράτηγος</span> <span class='ocrx_word' id='word_1_369' title='bbox 2509 1983 2789 2052; x_wconf 82' lang='grc' dir='ltr'>δυνάμεως</span> <span class='ocrx_word' id='word_1_370' title='bbox 2818 1981 3022 2052; x_wconf 78' lang='grc' dir='ltr'><strong>Κυρίου</strong></span> <span class='ocrx_word' id='word_1_371' title='bbox 3063 1979 3158 2032; x_wconf 74' lang='grc' dir='ltr'><strong>ἐπὶ</strong></span> <span class='ocrx_word' id='word_1_372' title='bbox 3187 1977 3278 2032; x_wconf 79' lang='grc' dir='ltr'>τοῦ</span> <span class='ocrx_word' id='word_1_373' title='bbox 3309 1979 3575 2050; x_wconf 79' lang='grc' dir='ltr'><strong>παρόντος</strong></span> <span class='ocrx_word' id='word_1_374' title='bbox 3607 1977 3754 2031; x_wconf 80' lang='grc' dir='ltr'>ἀνεί-</span> 
     </span>
    </p>
   </div>
   <div class='ocr_carea' id='block_1_51' title="bbox 2166 2071 3752 2147">
    <p class='ocr_par' dir='ltr' id='par_1_51' title="bbox 2166 2071 3752 2147">
     <span class='ocr_line' id='line_1_51' title="bbox 2166 2071 3752 2147; baseline -0.004 -19"><span class='ocrx_word' id='word_1_375' title='bbox 2166 2093 2358 2147; x_wconf 88' lang='grc' dir='ltr'>ρηται,</span> <span class='ocrx_word' id='word_1_376' title='bbox 2394 2075 2470 2138; x_wconf 85' lang='grc' dir='ltr'>ὡς</span> <span class='ocrx_word' id='word_1_377' title='bbox 2503 2074 2595 2127; x_wconf 75' lang='grc' dir='ltr'>καὶ</span> <span class='ocrx_word' id='word_1_378' title='bbox 2627 2073 2869 2146; x_wconf 84' lang='grc' dir='ltr'>μεγάλης</span> <span class='ocrx_word' id='word_1_379' title='bbox 2899 2073 3092 2144; x_wconf 82' lang='grc' dir='ltr'>βουλῆς</span> <span class='ocrx_word' id='word_1_380' title='bbox 3134 2072 3362 2140; x_wconf 73' lang='grc' dir='ltr'>ἄγγελος</span> <span class='ocrx_word' id='word_1_381' title='bbox 3394 2073 3451 2125; x_wconf 82' lang='grc' dir='ltr'>ὲν</span> <span class='ocrx_word' id='word_1_382' title='bbox 3489 2071 3752 2143; x_wconf 78' lang='grc' dir='ltr'>ἑτέροις,</span> 
     </span>
    </p>
   </div>
   <div class='ocr_carea' id='block_1_52' title="bbox 2165 2163 3754 2239">
    <p class='ocr_par' dir='ltr' id='par_1_52' title="bbox 2165 2163 3754 2239">
     <span class='ocr_line' id='line_1_52' title="bbox 2165 2163 3754 2239; baseline -0.004 -19"><span class='ocrx_word' id='word_1_383' title='bbox 2165 2167 2258 2222; x_wconf 79' lang='grc' dir='ltr'>καὶ</span> <span class='ocrx_word' id='word_1_384' title='bbox 2293 2166 2576 2239; x_wconf 84' lang='grc' dir='ltr'>σύνθρονος</span> <span class='ocrx_word' id='word_1_385' title='bbox 2611 2164 2706 2218; x_wconf 79' lang='grc' dir='ltr'>τοῦ</span> <span class='ocrx_word' id='word_1_386' title='bbox 2740 2163 2970 2236; x_wconf 79' lang='grc' dir='ltr'>Πατρδς,</span> <span class='ocrx_word' id='word_1_387' title='bbox 2999 2163 3212 2228; x_wconf 72' lang='grc' dir='ltr'>αἰώνιός</span> <span class='ocrx_word' id='word_1_388' title='bbox 3237 2181 3295 2217; x_wconf 87' lang='grc' dir='ltr'><strong>τε</strong></span> <span class='ocrx_word' id='word_1_389' title='bbox 3327 2163 3417 2217; x_wconf 78' lang='grc' dir='ltr'>καὶ</span> <span class='ocrx_word' id='word_1_390' title='bbox 3441 2163 3618 2234; x_wconf 82' lang='grc' dir='ltr'>μέγας</span> <span class='ocrx_word' id='word_1_391' title='bbox 3651 2163 3754 2233; x_wconf 83' lang='grc' dir='ltr'><strong>ἀρ-</strong></span> 
     </span>
    </p>
   </div>
   <div class='ocr_carea' id='block_1_53' title="bbox 2161 2255 3752 2330">
    <p class='ocr_par' dir='ltr' id='par_1_53' title="bbox 2161 2255 3752 2330">
     <span class='ocr_line' id='line_1_53' title="bbox 2161 2255 3752 2330; baseline -0.003 -19"><span class='ocrx_word' id='word_1_392' title='bbox 2161 2258 2393 2330; x_wconf 84' lang='grc' dir='ltr'>χιερεύς.</span> <span class='ocrx_word' id='word_1_393' title='bbox 2428 2257 2826 2311; x_wconf 80' lang='grc' dir='ltr'>Ἀποδέδεικται</span> <span class='ocrx_word' id='word_1_394' title='bbox 2858 2257 2934 2322; x_wconf 84' lang='grc' dir='ltr'>δὲ,</span> <span class='ocrx_word' id='word_1_395' title='bbox 2956 2258 3038 2310; x_wconf 82' lang='grc' dir='ltr'>ὅτι</span> <span class='ocrx_word' id='word_1_396' title='bbox 3071 2257 3164 2310; x_wconf 73' lang='grc' dir='ltr'>καὶ</span> <span class='ocrx_word' id='word_1_397' title='bbox 3197 2256 3400 2327; x_wconf 84' lang='grc' dir='ltr'>Κύριος</span> <span class='ocrx_word' id='word_1_398' title='bbox 3427 2257 3521 2308; x_wconf 79' lang='grc' dir='ltr'>καὶ</span> <span class='ocrx_word' id='word_1_399' title='bbox 3547 2255 3690 2317; x_wconf 76' lang='grc' dir='ltr'>Θεὸς</span> <span class='ocrx_word' id='word_1_400' title='bbox 3721 2255 3752 2306; x_wconf 78' lang='grc' dir='ltr'><strong>ὁ</strong></span> 
     </span>
    </p>
   </div>
   <div class='ocr_carea' id='block_1_54' title="bbox 2161 2347 3750 2421">
    <p class='ocr_par' dir='ltr' id='par_1_54' title="bbox 2161 2347 3750 2421">
     <span class='ocr_line' id='line_1_54' title="bbox 2161 2347 3750 2421; baseline -0.002 -17"><span class='ocrx_word' id='word_1_401' title='bbox 2161 2351 2321 2414; x_wconf 77' lang='grc' dir='ltr'>αὐτὸς</span> <span class='ocrx_word' id='word_1_402' title='bbox 2345 2391 2360 2416; x_wconf 99' lang='grc'><strong>,</strong></span> <span class='ocrx_word' id='word_1_403' title='bbox 2390 2351 2484 2404; x_wconf 76' lang='grc' dir='ltr'>καὶ</span> <span class='ocrx_word' id='word_1_404' title='bbox 2515 2349 2748 2421; x_wconf 81' lang='grc' dir='ltr'>Χριστὸς</span> <span class='ocrx_word' id='word_1_405' title='bbox 2779 2349 2884 2403; x_wconf 79' lang='grc' dir='ltr'><strong>ὑπὸ</strong></span> <span class='ocrx_word' id='word_1_406' title='bbox 2909 2349 3001 2403; x_wconf 83' lang='grc' dir='ltr'>τοῦ</span> <span class='ocrx_word' id='word_1_407' title='bbox 3041 2347 3252 2420; x_wconf 75' lang='grc' dir='ltr'>Πατρὸς</span> <span class='ocrx_word' id='word_1_408' title='bbox 3288 2348 3452 2420; x_wconf 73' lang='grc' dir='ltr'>ἐλαίῳ</span> <span class='ocrx_word' id='word_1_409' title='bbox 3479 2347 3750 2416; x_wconf 76' lang='grc' dir='ltr'>ἀγαλλιά-</span> 
     </span>
    </p>
   </div>
   <div class='ocr_carea' id='block_1_55' title="bbox 2162 2437 3739 2515">
    <p class='ocr_par' dir='ltr' id='par_1_55' title="bbox 2162 2437 3739 2515">
     <span class='ocr_line' id='line_1_55' title="bbox 2162 2437 3739 2515; baseline -0.003 -18"><span class='ocrx_word' id='word_1_410' title='bbox 2162 2461 2298 2508; x_wconf 88' lang='grc' dir='ltr'>σεως</span> <span class='ocrx_word' id='word_1_411' title='bbox 2341 2441 2714 2515; x_wconf 87' lang='grc' dir='ltr'>κεχρισμένος.</span> <span class='ocrx_word' id='word_1_412' title='bbox 2754 2441 2842 2514; x_wconf 84' lang='grc' dir='ltr'><strong>Τῷ</strong></span> <span class='ocrx_word' id='word_1_413' title='bbox 2893 2443 2991 2513; x_wconf 86' lang='grc' dir='ltr'><strong>μὲν</strong></span> <span class='ocrx_word' id='word_1_414' title='bbox 3038 2437 3130 2496; x_wconf 74' lang='grc' dir='ltr'><strong>οὖν</strong></span> <span class='ocrx_word' id='word_1_415' title='bbox 3175 2441 3423 2514; x_wconf 79' lang='grc' dir='ltr'>Ἀϐραάμ</span> <span class='ocrx_word' id='word_1_416' title='bbox 3471 2441 3629 2514; x_wconf 62' lang='grc' dir='ltr'>παρὰ</span> <span class='ocrx_word' id='word_1_417' title='bbox 3673 2445 3739 2514; x_wconf 74' lang='grc' dir='ltr'><strong>τῇ</strong></span> 
     </span>
    </p>
   </div>
   <div class='ocr_carea' id='block_1_56' title="bbox 2159 2532 3742 2608">
    <p class='ocr_par' dir='ltr' id='par_1_56' title="bbox 2159 2532 3742 2608">
     <span class='ocr_line' id='line_1_56' title="bbox 2159 2532 3742 2608; baseline -0.002 -20"><span class='ocrx_word' id='word_1_418' title='bbox 2159 2534 2278 2608; x_wconf 79' lang='grc' dir='ltr'>δρυῒ</span> <span class='ocrx_word' id='word_1_419' title='bbox 2303 2534 2487 2605; x_wconf 76' lang='grc' dir='ltr'>φανεὶς</span> <span class='ocrx_word' id='word_1_420' title='bbox 2513 2536 2570 2589; x_wconf 85' lang='grc' dir='ltr'><strong>ὲν</strong></span> <span class='ocrx_word' id='word_1_421' title='bbox 2600 2532 2882 2606; x_wconf 81' lang='grc' dir='ltr'>ἀνθρώπου</span> <span class='ocrx_word' id='word_1_422' title='bbox 2914 2533 3040 2587; x_wconf 73' lang='grc' dir='ltr'>εῖδει</span> <span class='ocrx_word' id='word_1_423' title='bbox 3072 2533 3312 2606; x_wconf 85' lang='grc' dir='ltr'>γαληνῷ,</span> <span class='ocrx_word' id='word_1_424' title='bbox 3344 2533 3436 2588; x_wconf 75' lang='grc' dir='ltr'>καὶ</span> <span class='ocrx_word' id='word_1_425' title='bbox 3467 2534 3742 2604; x_wconf 77' lang='grc' dir='ltr'>είρηναίῳ</span> 
     </span>
    </p>
   </div>
   <div class='ocr_carea' id='block_1_57' title="bbox 2159 2625 3754 2698">
    <p class='ocr_par' dir='ltr' id='par_1_57' title="bbox 2159 2625 3754 2698">
     <span class='ocr_line' id='line_1_57' title="bbox 2159 2625 3754 2698; baseline 0.002 -22"><span class='ocrx_word' id='word_1_426' title='bbox 2159 2628 2416 2698; x_wconf 87' lang='grc' dir='ltr'>σχήματι,</span> <span class='ocrx_word' id='word_1_427' title='bbox 2451 2626 2638 2679; x_wconf 79' lang='grc' dir='ltr'>ἑαυτὸν</span> <span class='ocrx_word' id='word_1_428' title='bbox 2654 2625 3126 2696; x_wconf 83' lang='grc' dir='ltr'>ὑποδείκνυσι,τὴν</span> <span class='ocrx_word' id='word_1_429' title='bbox 3149 2625 3409 2697; x_wconf 78' lang='grc' dir='ltr'>σωτήριον</span> <span class='ocrx_word' id='word_1_430' title='bbox 3431 2628 3510 2688; x_wconf 84' lang='grc' dir='ltr'><strong>είς</strong></span> <span class='ocrx_word' id='word_1_431' title='bbox 3534 2625 3754 2698; x_wconf 80' lang='grc' dir='ltr'><strong>ἀνθρὼ-</strong></span> 
     </span>
    </p>
   </div>
   <div class='ocr_carea' id='block_1_58' title="bbox 2158 2715 3746 2788">
    <p class='ocr_par' dir='ltr' id='par_1_58' title="bbox 2158 2715 3746 2788">
     <span class='ocr_line' id='line_1_58' title="bbox 2158 2715 3746 2788; baseline -0.001 -17"><span class='ocrx_word' id='word_1_432' title='bbox 2158 2735 2291 2782; x_wconf 87' lang='grc' dir='ltr'>πους</span> <span class='ocrx_word' id='word_1_433' title='bbox 2325 2717 2486 2771; x_wconf 84' lang='grc' dir='ltr'><strong>αὑτοῦ</strong></span> <span class='ocrx_word' id='word_1_434' title='bbox 2533 2715 2832 2788; x_wconf 79' lang='grc' dir='ltr'>παρουσίαν</span> <span class='ocrx_word' id='word_1_435' title='bbox 2869 2716 2926 2783; x_wconf 74' lang='grc' dir='ltr'><strong>ἐξ</strong></span> <span class='ocrx_word' id='word_1_436' title='bbox 2961 2717 3168 2772; x_wconf 77' lang='grc' dir='ltr'>ἐκείνου</span> <span class='ocrx_word' id='word_1_437' title='bbox 3214 2717 3710 2788; x_wconf 78' lang='grc' dir='ltr'>προοιμιαζόμενος</span> <span class='ocrx_word' id='word_1_438' title='bbox 3731 2735 3746 2751; x_wconf 93' lang='grc'><strong>·</strong></span> 
     </span>
    </p>
   </div>
   <div class='ocr_carea' id='block_1_59' title="bbox 2155 2806 3750 2881">
    <p class='ocr_par' dir='ltr' id='par_1_59' title="bbox 2155 2806 3750 2881">
     <span class='ocr_line' id='line_1_59' title="bbox 2155 2806 3750 2881; baseline 0.001 -21"><span class='ocrx_word' id='word_1_439' title='bbox 2155 2807 2234 2880; x_wconf 83' lang='grc' dir='ltr'><strong>τῷ</strong></span> <span class='ocrx_word' id='word_1_440' title='bbox 2257 2808 2314 2861; x_wconf 85' lang='grc' dir='ltr'>δὲ</span> <span class='ocrx_word' id='word_1_441' title='bbox 2345 2806 2554 2872; x_wconf 82' lang='grc' dir='ltr'>Ἰακὼϐ,</span> <span class='ocrx_word' id='word_1_442' title='bbox 2577 2806 2652 2872; x_wconf 87' lang='grc' dir='ltr'><strong>ὡς</strong></span> <span class='ocrx_word' id='word_1_443' title='bbox 2673 2807 2882 2880; x_wconf 77' lang='grc' dir='ltr'>άσκητῇ</span> <span class='ocrx_word' id='word_1_444' title='bbox 2914 2807 3007 2862; x_wconf 71' lang='grc' dir='ltr'>καὶ</span> <span class='ocrx_word' id='word_1_445' title='bbox 3035 2807 3305 2879; x_wconf 83' lang='grc' dir='ltr'><strong>ἀγωνιστῇ</strong></span> <span class='ocrx_word' id='word_1_446' title='bbox 3339 2807 3584 2862; x_wconf 83' lang='grc' dir='ltr'>παλαίειν</span> <span class='ocrx_word' id='word_1_447' title='bbox 3607 2810 3750 2881; x_wconf 63' lang='grc' dir='ltr'>πρὶς</span> 
     </span>
    </p>
   </div>
   <div class='ocr_carea' id='block_1_60' title="bbox 2156 2895 3732 2970">
    <p class='ocr_par' dir='ltr' id='par_1_60' title="bbox 2156 2895 3732 2970">
     <span class='ocr_line' id='line_1_60' title="bbox 2156 2895 3732 2970; baseline 0.001 -18"><span class='ocrx_word' id='word_1_448' title='bbox 2156 2899 2381 2970; x_wconf 79' lang='grc' dir='ltr'>ἐχθροὺς</span> <span class='ocrx_word' id='word_1_449' title='bbox 2421 2899 2515 2952; x_wconf 77' lang='grc' dir='ltr'>καὶ</span> <span class='ocrx_word' id='word_1_450' title='bbox 2563 2896 2921 2968; x_wconf 78' lang='grc' dir='ltr'>ἀγωνίζεσθαι</span> <span class='ocrx_word' id='word_1_451' title='bbox 2971 2898 3235 2969; x_wconf 82' lang='grc' dir='ltr'>μέλλοντι.</span> <span class='ocrx_word' id='word_1_452' title='bbox 3273 2895 3362 2952; x_wconf 78' lang='grc' dir='ltr'>οἵα</span> <span class='ocrx_word' id='word_1_453' title='bbox 3401 2899 3732 2970; x_wconf 80' lang='grc' dir='ltr'>ἄνθρωπος·</span> 
     </span>
    </p>
   </div>
   <div class='ocr_carea' id='block_1_61' title="bbox 2157 2985 3748 3060">
    <p class='ocr_par' dir='ltr' id='par_1_61' title="bbox 2157 2985 3748 3060">
     <span class='ocr_line' id='line_1_61' title="bbox 2157 2985 3748 3060; baseline -0.001 -18"><span class='ocrx_word' id='word_1_454' title='bbox 2157 2989 2346 3043; x_wconf 88' lang='grc' dir='ltr'>Μωσεῖ</span> <span class='ocrx_word' id='word_1_455' title='bbox 2376 2987 2432 3040; x_wconf 83' lang='grc' dir='ltr'>δὲ</span> <span class='ocrx_word' id='word_1_456' title='bbox 2489 2989 2582 3041; x_wconf 80' lang='grc' dir='ltr'>καὶ</span> <span class='ocrx_word' id='word_1_457' title='bbox 2623 2986 2702 3058; x_wconf 83' lang='grc' dir='ltr'>τῷ</span> <span class='ocrx_word' id='word_1_458' title='bbox 2730 2985 2845 3056; x_wconf 85' lang='grc' dir='ltr'>λαῷ</span> <span class='ocrx_word' id='word_1_459' title='bbox 2881 2989 2940 3040; x_wconf 79' lang='grc' dir='ltr'><strong>ὲν</strong></span> <span class='ocrx_word' id='word_1_460' title='bbox 2979 2987 3108 3040; x_wconf 84' lang='grc' dir='ltr'>εἴδει</span> <span class='ocrx_word' id='word_1_461' title='bbox 3155 2987 3386 3060; x_wconf 80' lang='grc' dir='ltr'>νεφέλης</span> <span class='ocrx_word' id='word_1_462' title='bbox 3430 2989 3526 3041; x_wconf 77' lang='grc' dir='ltr'>καὶ</span> <span class='ocrx_word' id='word_1_463' title='bbox 3567 2989 3748 3058; x_wconf 67' lang='grc' dir='ltr'>πυρὸς</span> 
     </span>
    </p>
   </div>
   <div class='ocr_carea' id='block_1_62' title="bbox 2155 3075 3748 3150">
    <p class='ocr_par' dir='ltr' id='par_1_62' title="bbox 2155 3075 3748 3150">
     <span class='ocr_line' id='line_1_62' title="bbox 2155 3075 3748 3150; baseline -0.001 -17"><span class='ocrx_word' id='word_1_464' title='bbox 2155 3078 2470 3150; x_wconf 72' lang='grc' dir='ltr'>καθηγεϊτο,</span> <span class='ocrx_word' id='word_1_465' title='bbox 2532 3075 2759 3148; x_wconf 79' lang='grc' dir='ltr'>φοϐερὸν</span> <span class='ocrx_word' id='word_1_466' title='bbox 2809 3075 2943 3148; x_wconf 83' lang='grc' dir='ltr'><strong>ὁμοῦ</strong></span> <span class='ocrx_word' id='word_1_467' title='bbox 2987 3077 3082 3130; x_wconf 77' lang='grc' dir='ltr'>καὶ</span> <span class='ocrx_word' id='word_1_468' title='bbox 3123 3076 3558 3148; x_wconf 80' lang='grc' dir='ltr'>ὲπεσκιασμένον</span> <span class='ocrx_word' id='word_1_469' title='bbox 3601 3095 3748 3150; x_wconf 85' lang='grc' dir='ltr'>παρ-</span> 
     </span>
    </p>
   </div>
   <div class='ocr_carea' id='block_1_63' title="bbox 2155 3165 3748 3242">
    <p class='ocr_par' dir='ltr' id='par_1_63' title="bbox 2155 3165 3748 3242">
     <span class='ocr_line' id='line_1_63' title="bbox 2155 3165 3748 3242; baseline -0.004 -17"><span class='ocrx_word' id='word_1_470' title='bbox 2155 3171 2292 3242; x_wconf 89' lang='grc' dir='ltr'>έχων</span> <span class='ocrx_word' id='word_1_471' title='bbox 2322 3168 2529 3225; x_wconf 76' lang='grc' dir='ltr'>ἑαυτόν.</span> <span class='ocrx_word' id='word_1_472' title='bbox 2548 3167 2697 3222; x_wconf 79' lang='grc' dir='ltr'>Ἐπεὶ</span> <span class='ocrx_word' id='word_1_473' title='bbox 2723 3168 2780 3222; x_wconf 81' lang='grc' dir='ltr'>δὲ</span> <span class='ocrx_word' id='word_1_474' title='bbox 2809 3171 2836 3221; x_wconf 83' lang='grc' dir='ltr'>ὁ</span> <span class='ocrx_word' id='word_1_475' title='bbox 2862 3165 2956 3221; x_wconf 77' lang='grc' dir='ltr'>τοῦ</span> <span class='ocrx_word' id='word_1_476' title='bbox 2987 3167 3230 3232; x_wconf 80' lang='grc' dir='ltr'><strong>Μωσέως</strong></span> <span class='ocrx_word' id='word_1_477' title='bbox 3260 3168 3498 3240; x_wconf 84' lang='grc' dir='ltr'>διάδοχος</span> <span class='ocrx_word' id='word_1_478' title='bbox 3531 3169 3748 3241; x_wconf 79' lang='grc' dir='ltr'>Ἰησοῦς</span> 
     </span>
    </p>
   </div>
   <div class='ocr_carea' id='block_1_64' title="bbox 483 3238 2057 3331">
    <p class='ocr_par' dir='ltr' id='par_1_64' title="bbox 483 3255 2055 3328">
     <span class='ocr_line' id='line_1_64' title="bbox 483 3255 2055 3328; baseline 0.001 -18"><span class='ocrx_word' id='word_1_479' title='bbox 483 3255 662 3320; x_wconf 71' lang='lat' dir='ltr'><strong>cebat,</strong></span> <span class='ocrx_word' id='word_1_480' title='bbox 717 3257 1014 3312; x_wconf 88' lang='lat' dir='ltr'><strong>terribilem</strong></span> <span class='ocrx_word' id='word_1_481' title='bbox 1065 3258 1280 3314; x_wconf 88' lang='lat' dir='ltr'><strong>interim</strong></span> <span class='ocrx_word' id='word_1_482' title='bbox 1329 3265 1492 3328; x_wconf 89' lang='lat' dir='ltr'><strong>atque</strong></span> <span class='ocrx_word' id='word_1_483' title='bbox 1543 3255 1924 3312; x_wconf 74' lang='lat' dir='ltr'><strong>adumbratum</strong></span> <span class='ocrx_word' id='word_1_484' title='bbox 1968 3273 2055 3312; x_wconf 89' lang='lat' dir='ltr'><strong>se-</strong></span> 
     </span>
    </p>
   </div>
   <div class='ocr_carea' id='block_1_65' title="bbox 2164 3238 3746 3331">
    <p class='ocr_par' dir='ltr' id='par_1_65' title="bbox 2164 3238 3746 3331">
     <span class='ocr_line' id='line_1_65' title="bbox 2164 3238 3746 3331; baseline 0.001 -19"><span class='ocrx_word' id='word_1_485' title='bbox 2164 3238 2437 3330; x_wconf 75' lang='grc' dir='ltr'>ιιολεμίοις</span> <span class='ocrx_word' id='word_1_486' title='bbox 2479 3258 2667 3329; x_wconf 76' lang='grc' dir='ltr'>ἔμελλε</span> <span class='ocrx_word' id='word_1_487' title='bbox 2711 3257 3147 3329; x_wconf 80' lang='grc' dir='ltr'>παρατάττεσθαι</span> <span class='ocrx_word' id='word_1_488' title='bbox 3178 3261 3310 3322; x_wconf 86' lang='grc' dir='ltr'>τοῖς,</span> <span class='ocrx_word' id='word_1_489' title='bbox 3357 3238 3417 3311; x_wconf 77' lang='grc' dir='ltr'>τδ</span> <span class='ocrx_word' id='word_1_490' title='bbox 3451 3238 3606 3331; x_wconf 66' lang='grc' dir='ltr'><strong>’πρὶν⁷</strong></span> <span class='ocrx_word' id='word_1_491' title='bbox 3628 3260 3746 3313; x_wconf 80' lang='grc' dir='ltr'>Πα-</span> 
     </span>
    </p>
   </div>
   <div class='ocr_carea' id='block_1_66' title="bbox 482 3345 2057 3424">
    <p class='ocr_par' dir='ltr' id='par_1_66' title="bbox 482 3345 2052 3419">
     <span class='ocr_line' id='line_1_66' title="bbox 482 3345 2052 3419; baseline -0.001 -15"><span class='ocrx_word' id='word_1_492' title='bbox 482 3347 663 3416; x_wconf 88' lang='lat' dir='ltr'><strong>ipsum</strong></span> <span class='ocrx_word' id='word_1_493' title='bbox 693 3347 1011 3404; x_wconf 81' lang='lat' dir='ltr'><strong>ostendens.</strong></span> <span class='ocrx_word' id='word_1_494' title='bbox 1047 3348 1116 3402; x_wconf 84' lang='lat' dir='ltr'><strong>At</strong></span> <span class='ocrx_word' id='word_1_495' title='bbox 1145 3349 1404 3419; x_wconf 83' lang='lat' dir='ltr'><strong>quoniam</strong></span> <span class='ocrx_word' id='word_1_496' title='bbox 1438 3345 1606 3401; x_wconf 81' lang='lat' dir='ltr'><strong>Mosis</strong></span> <span class='ocrx_word' id='word_1_497' title='bbox 1645 3362 1935 3402; x_wconf 89' lang='lat' dir='ltr'><strong>successor</strong></span> <span class='ocrx_word' id='word_1_498' title='bbox 1958 3345 2052 3402; x_wconf 80' lang='lat' dir='ltr'><strong>Je-</strong></span> 
     </span>
    </p>
   </div>
   <div class='ocr_carea' id='block_1_67' title="bbox 2164 3345 3750 3424">
    <p class='ocr_par' dir='ltr' id='par_1_67' title="bbox 2164 3351 3750 3424">
     <span class='ocr_line' id='line_1_67' title="bbox 2164 3351 3750 3424; baseline 0 -18"><span class='ocrx_word' id='word_1_499' title='bbox 2164 3353 2443 3406; x_wconf 87' lang='grc' dir='ltr'>λαιστίνων</span> <span class='ocrx_word' id='word_1_500' title='bbox 2464 3352 2566 3422; x_wconf 83' lang='grc' dir='ltr'>γῆς</span> <span class='ocrx_word' id='word_1_501' title='bbox 2594 3351 2923 3424; x_wconf 71' lang='grc' dir='ltr'>οἰκήτορσιν,</span> <span class='ocrx_word' id='word_1_502' title='bbox 2952 3351 3269 3420; x_wconf 81' lang='grc' dir='ltr'>ἀλλοφύλοις</span> <span class='ocrx_word' id='word_1_503' title='bbox 3291 3351 3464 3404; x_wconf 80' lang='grc' dir='ltr'>ἔθνεσι</span> <span class='ocrx_word' id='word_1_504' title='bbox 3491 3352 3590 3414; x_wconf 78' lang='grc' dir='ltr'>καὶ</span> <span class='ocrx_word' id='word_1_505' title='bbox 3613 3354 3750 3406; x_wconf 83' lang='grc' dir='ltr'>ἀσε-</span> 
     </span>
    </p>
   </div>
   <div class='ocr_carea' id='block_1_68' title="bbox 482 3439 2057 3522">
    <p class='ocr_par' dir='ltr' id='par_1_68' title="bbox 482 3439 2052 3522">
     <span class='ocr_line' id='line_1_68' title="bbox 482 3439 2052 3522; baseline 0 -28"><span class='ocrx_word' id='word_1_506' title='bbox 482 3451 598 3501; x_wconf 84' lang='lat' dir='ltr'><strong>sus,</strong></span> <span class='ocrx_word' id='word_1_507' title='bbox 643 3447 839 3494; x_wconf 88' lang='lat' dir='ltr'><strong>contra</strong></span> <span class='ocrx_word' id='word_1_508' title='bbox 871 3439 1058 3496; x_wconf 85' lang='lat' dir='ltr'><strong>hostes</strong></span> <span class='ocrx_word' id='word_1_509' title='bbox 1105 3447 1223 3496; x_wconf 87' lang='lat' dir='ltr'><strong>erat</strong></span> <span class='ocrx_word' id='word_1_510' title='bbox 1267 3440 1648 3522; x_wconf 82' lang='lat' dir='ltr'><strong>instruendus,</strong></span> <span class='ocrx_word' id='word_1_511' title='bbox 1696 3439 1790 3510; x_wconf 91' lang='lat' dir='ltr'><strong>qui</strong></span> <span class='ocrx_word' id='word_1_512' title='bbox 1820 3439 2052 3495; x_wconf 88' lang='lat' dir='ltr'><strong>antehac</strong></span> 
     </span>
    </p>
   </div>
   <div class='ocr_carea' id='block_1_69' title="bbox 2164 3439 3748 3522">
    <p class='ocr_par' dir='ltr' id='par_1_69' title="bbox 2164 3440 3748 3514">
     <span class='ocr_line' id='line_1_69' title="bbox 2164 3440 3748 3514; baseline 0.001 -19"><span class='ocrx_word' id='word_1_513' title='bbox 2164 3443 2438 3506; x_wconf 75' lang='grc' dir='ltr'>ὃεστάτοις</span> <span class='ocrx_word' id='word_1_514' title='bbox 2458 3480 2472 3503; x_wconf 89' lang='grc'><strong>,</strong></span> <span class='ocrx_word' id='word_1_515' title='bbox 2504 3442 2728 3505; x_wconf 81' lang='grc' dir='ltr'>εἰκότως</span> <span class='ocrx_word' id='word_1_516' title='bbox 2775 3440 2914 3514; x_wconf 82' lang='grc' dir='ltr'>μετὰ</span> <span class='ocrx_word' id='word_1_517' title='bbox 2959 3441 3232 3514; x_wconf 75' lang='grc' dir='ltr'>ῥομφαίας</span> <span class='ocrx_word' id='word_1_518' title='bbox 3265 3442 3614 3514; x_wconf 77' lang='grc' dir='ltr'>ἐσπασμένης</span> <span class='ocrx_word' id='word_1_519' title='bbox 3647 3444 3748 3498; x_wconf 75' lang='grc' dir='ltr'>καὶ</span> 
     </span>
    </p>
   </div>
   <div class='ocr_carea' id='block_1_70' title="bbox 482 3528 2057 3606">
    <p class='ocr_par' dir='ltr' id='par_1_70' title="bbox 482 3528 2051 3602">
     <span class='ocr_line' id='line_1_70' title="bbox 482 3528 2051 3602; baseline 0.003 -20"><span class='ocrx_word' id='word_1_520' title='bbox 482 3534 682 3584; x_wconf 90' lang='lat' dir='ltr'><strong>terram</strong></span> <span class='ocrx_word' id='word_1_521' title='bbox 735 3528 1079 3586; x_wconf 71' lang='lat' dir='ltr'><strong>Palaestinam</strong></span> <span class='ocrx_word' id='word_1_522' title='bbox 1141 3531 1504 3596; x_wconf 87' lang='lat' dir='ltr'><strong>incoluerant,</strong></span> <span class='ocrx_word' id='word_1_523' title='bbox 1549 3541 1803 3587; x_wconf 82' lang='lat' dir='ltr'><strong>externas</strong></span> <span class='ocrx_word' id='word_1_524' title='bbox 1861 3531 2051 3602; x_wconf 85' lang='lat' dir='ltr'><strong>utique</strong></span> 
     </span>
    </p>
   </div>
   <div class='ocr_carea' id='block_1_71' title="bbox 2164 3528 3738 3606">
    <p class='ocr_par' dir='ltr' id='par_1_71' title="bbox 2164 3531 3738 3606">
     <span class='ocr_line' id='line_1_71' title="bbox 2164 3531 3738 3606; baseline -0.002 -16"><span class='ocrx_word' id='word_1_525' title='bbox 2164 3535 2297 3590; x_wconf 76' lang='grc' dir='ltr'>κατὰ</span> <span class='ocrx_word' id='word_1_526' title='bbox 2325 3533 2432 3588; x_wconf 87' lang='grc' dir='ltr'>τῶν</span> <span class='ocrx_word' id='word_1_527' title='bbox 2460 3533 2732 3604; x_wconf 87' lang='grc' dir='ltr'>πολεμίων</span> <span class='ocrx_word' id='word_1_528' title='bbox 2759 3533 2926 3606; x_wconf 79' lang='grc' dir='ltr'>ήκονη</span> <span class='ocrx_word' id='word_1_529' title='bbox 2937 3532 3101 3604; x_wconf 85' lang='grc' dir='ltr'>μένης</span> <span class='ocrx_word' id='word_1_530' title='bbox 3137 3531 3514 3603; x_wconf 83' lang='grc' dir='ltr'>ὑποφαίνεται,</span> <span class='ocrx_word' id='word_1_531' title='bbox 3537 3551 3738 3604; x_wconf 87' lang='grc' dir='ltr'>μονον-</span> 
     </span>
    </p>
   </div>
   <div class='ocr_carea' id='block_1_72' title="bbox 482 3620 2048 3694">
    <p class='ocr_par' dir='ltr' id='par_1_72' title="bbox 482 3620 2048 3694">
     <span class='ocr_line' id='line_1_72' title="bbox 482 3620 2048 3694; baseline 0.003 -20"><span class='ocrx_word' id='word_1_532' title='bbox 482 3620 825 3692; x_wconf 80' lang='lat' dir='ltr'><strong>maximeque</strong></span> <span class='ocrx_word' id='word_1_533' title='bbox 869 3622 1066 3694; x_wconf 86' lang='lat' dir='ltr'><strong>impias</strong></span> <span class='ocrx_word' id='word_1_534' title='bbox 1113 3624 1398 3689; x_wconf 86' lang='lat' dir='ltr'><strong>nationes,</strong></span> <span class='ocrx_word' id='word_1_535' title='bbox 1445 3621 1644 3677; x_wconf 89' lang='lat' dir='ltr'><strong>merito</strong></span> <span class='ocrx_word' id='word_1_536' title='bbox 1699 3639 1822 3678; x_wconf 93' lang='lat' dir='ltr'><strong>cum</strong></span> <span class='ocrx_word' id='word_1_537' title='bbox 1867 3623 2048 3694; x_wconf 78' lang='lat' dir='ltr'><strong>gladio</strong></span> 
     </span>
    </p>
   </div>
   <div class='ocr_carea' id='block_1_73' title="bbox 481 3711 2050 3786">
    <p class='ocr_par' dir='ltr' id='par_1_73' title="bbox 481 3711 2050 3786">
     <span class='ocr_line' id='line_1_73' title="bbox 481 3711 2050 3786; baseline 0.003 -20"><span class='ocrx_word' id='word_1_538' title='bbox 481 3711 674 3782; x_wconf 72' lang='lat' dir='ltr'><strong>vagina</strong></span> <span class='ocrx_word' id='word_1_539' title='bbox 703 3723 890 3780; x_wconf 79' lang='lat' dir='ltr'><strong>exuto,</strong></span> <span class='ocrx_word' id='word_1_540' title='bbox 933 3723 987 3770; x_wconf 92' lang='lat' dir='ltr'><strong>et</strong></span> <span class='ocrx_word' id='word_1_541' title='bbox 1017 3725 1207 3771; x_wconf 89' lang='lat' dir='ltr'><strong>contra</strong></span> <span class='ocrx_word' id='word_1_542' title='bbox 1237 3717 1424 3772; x_wconf 85' lang='lat' dir='ltr'><strong>hostes</strong></span> <span class='ocrx_word' id='word_1_543' title='bbox 1469 3729 1698 3770; x_wconf 86' lang='lat' dir='ltr'><strong>acumen</strong></span> <span class='ocrx_word' id='word_1_544' title='bbox 1735 3731 1844 3786; x_wconf 73' lang='lat' dir='ltr'><strong>przc</strong></span> <span class='ocrx_word' id='word_1_545' title='bbox 1876 3731 1935 3772; x_wconf 88' lang='lat' dir='ltr'><strong>se</strong></span> <span class='ocrx_word' id='word_1_546' title='bbox 1971 3715 2050 3771; x_wconf 87' lang='lat' dir='ltr'><strong>fe-</strong></span> 
     </span>
    </p>
   </div>
   <div class='ocr_carea' id='block_1_74' title="bbox 481 3804 2053 3880">
    <p class='ocr_par' dir='ltr' id='par_1_74' title="bbox 481 3804 2053 3880">
     <span class='ocr_line' id='line_1_74' title="bbox 481 3804 2053 3880; baseline 0.003 -24"><span class='ocrx_word' id='word_1_547' title='bbox 481 3811 633 3858; x_wconf 91' lang='lat' dir='ltr'><strong>rente</strong></span> <span class='ocrx_word' id='word_1_548' title='bbox 653 3804 1084 3872; x_wconf 86' lang='lat' dir='ltr'><strong>demonstratur,</strong></span> <span class='ocrx_word' id='word_1_549' title='bbox 1113 3809 1207 3862; x_wconf 91' lang='lat' dir='ltr'><strong>tali</strong></span> <span class='ocrx_word' id='word_1_550' title='bbox 1230 3809 1624 3880; x_wconf 84' lang='lat' dir='ltr'><strong>pmpemodum</strong></span> <span class='ocrx_word' id='word_1_551' title='bbox 1649 3809 1860 3865; x_wconf 82' lang='lat' dir='ltr'><strong>visione</strong></span> <span class='ocrx_word' id='word_1_552' title='bbox 1881 3807 2053 3878; x_wconf 73' lang='lat' dir='ltr'><strong>signi-</strong></span> 
     </span>
    </p>
   </div>
   <div class='ocr_carea' id='block_1_75' title="bbox 481 3893 2053 3974">
    <p class='ocr_par' dir='ltr' id='par_1_75' title="bbox 481 3893 2053 3974">
     <span class='ocr_line' id='line_1_75' title="bbox 481 3893 2053 3974; baseline 0.003 -26"><span class='ocrx_word' id='word_1_553' title='bbox 481 3893 672 3968; x_wconf 79' lang='lat' dir='ltr'><strong>ficans,</strong></span> <span class='ocrx_word' id='word_1_554' title='bbox 696 3897 1153 3967; x_wconf 87' lang='lat' dir='ltr'><strong>quemadmodum</strong></span> <span class='ocrx_word' id='word_1_555' title='bbox 1177 3899 1294 3972; x_wconf 86' lang='lat' dir='ltr'><strong>ipse</strong></span> <span class='ocrx_word' id='word_1_556' title='bbox 1313 3901 1498 3957; x_wconf 82' lang='lat' dir='ltr'><strong>divina</strong></span> <span class='ocrx_word' id='word_1_557' title='bbox 1515 3903 1736 3968; x_wconf 90' lang='lat' dir='ltr'><strong>virtute,</strong></span> <span class='ocrx_word' id='word_1_558' title='bbox 1751 3899 1910 3974; x_wconf 74' lang='grc'><strong>247</strong></span> <span class='ocrx_word' id='word_1_559' title='bbox 1931 3906 2053 3953; x_wconf 88' lang='lat' dir='ltr'><strong>tan-</strong></span> 
     </span>
    </p>
   </div>
   <div class='ocr_carea' id='block_1_76' title="bbox 480 3988 2050 4060">
    <p class='ocr_par' dir='ltr' id='par_1_76' title="bbox 480 3988 2050 4060">
     <span class='ocr_line' id='line_1_76' title="bbox 480 3988 2050 4060; baseline 0.004 -20"><span class='ocrx_word' id='word_1_560' title='bbox 480 4001 642 4056; x_wconf 89' lang='lat' dir='ltr'><strong>quam</strong></span> <span class='ocrx_word' id='word_1_561' title='bbox 673 3988 931 4044; x_wconf 87' lang='lat' dir='ltr'><strong>invisibili</strong></span> <span class='ocrx_word' id='word_1_562' title='bbox 961 3989 1161 4060; x_wconf 80' lang='lat' dir='ltr'><strong>gladio,</strong></span> <span class='ocrx_word' id='word_1_563' title='bbox 1193 4007 1316 4046; x_wconf 93' lang='lat' dir='ltr'><strong>cum</strong></span> <span class='ocrx_word' id='word_1_564' title='bbox 1359 3994 1477 4050; x_wconf 90' lang='lat' dir='ltr'><strong>suis</strong></span> <span class='ocrx_word' id='word_1_565' title='bbox 1499 3993 1716 4049; x_wconf 86' lang='lat' dir='ltr'><strong>interim</strong></span> <span class='ocrx_word' id='word_1_566' title='bbox 1749 3991 1912 4048; x_wconf 87' lang='lat' dir='ltr'><strong>simul</strong></span> <span class='ocrx_word' id='word_1_567' title='bbox 1946 3991 2050 4046; x_wconf 87' lang='lat' dir='ltr'><strong>mi-</strong></span> 
     </span>
    </p>
   </div>
   <div class='ocr_carea' id='block_1_77' title="bbox 2155 3624 3746 3698">
    <p class='ocr_par' dir='ltr' id='par_1_77' title="bbox 2155 3624 3746 3698">
     <span class='ocr_line' id='line_1_77' title="bbox 2155 3624 3746 3698; baseline -0.001 -18"><span class='ocrx_word' id='word_1_568' title='bbox 2155 3627 2275 3698; x_wconf 74' lang='grc' dir='ltr'>ουχὶ</span> <span class='ocrx_word' id='word_1_569' title='bbox 2316 3627 2404 3681; x_wconf 85' lang='grc' dir='ltr'><strong>διὰ</strong></span> <span class='ocrx_word' id='word_1_570' title='bbox 2441 3626 2543 3697; x_wconf 77' lang='grc' dir='ltr'>τῆς</span> <span class='ocrx_word' id='word_1_571' title='bbox 2568 3625 2740 3696; x_wconf 75' lang='grc' dir='ltr'>ὅψεως</span> <span class='ocrx_word' id='word_1_572' title='bbox 2765 3625 3104 3692; x_wconf 74' lang='grc' dir='ltr'>ἀποδεικνὺς,</span> <span class='ocrx_word' id='word_1_573' title='bbox 3131 3626 3215 3678; x_wconf 80' lang='grc' dir='ltr'>ὅτι</span> <span class='ocrx_word' id='word_1_574' title='bbox 3241 3625 3306 3696; x_wconf 74' lang='grc' dir='ltr'>δὴ</span> <span class='ocrx_word' id='word_1_575' title='bbox 3334 3624 3490 3687; x_wconf 75' lang='grc' dir='ltr'>αὐτὸς</span> <span class='ocrx_word' id='word_1_576' title='bbox 3522 3626 3746 3698; x_wconf 77' lang='grc' dir='ltr'>ἀοράτῳ</span> 
     </span>
    </p>
   </div>
   <div class='ocr_carea' id='block_1_78' title="bbox 2152 3715 3742 3791">
    <p class='ocr_par' dir='ltr' id='par_1_78' title="bbox 2152 3715 3742 3791">
     <span class='ocr_line' id='line_1_78' title="bbox 2152 3715 3742 3791; baseline -0.001 -19"><span class='ocrx_word' id='word_1_577' title='bbox 2152 3717 2414 3791; x_wconf 74' lang='grc' dir='ltr'>ῥομφαίᾳ,</span> <span class='ocrx_word' id='word_1_578' title='bbox 2437 3717 2602 3788; x_wconf 72' lang='grc' dir='ltr'>ἐνθέῳ</span> <span class='ocrx_word' id='word_1_579' title='bbox 2617 3716 2858 3787; x_wconf 84' lang='grc' dir='ltr'>δυνάμει,</span> <span class='ocrx_word' id='word_1_580' title='bbox 2889 3717 3013 3780; x_wconf 86' lang='grc' dir='ltr'>τοὺς</span> <span class='ocrx_word' id='word_1_581' title='bbox 3034 3715 3247 3780; x_wconf 85' lang='grc' dir='ltr'>ἀσεϐεῖς</span> <span class='ocrx_word' id='word_1_582' title='bbox 3265 3715 3498 3787; x_wconf 78' lang='grc' dir='ltr'>μετιέναι</span> <span class='ocrx_word' id='word_1_583' title='bbox 3521 3716 3742 3787; x_wconf 75' lang='grc' dir='ltr'>ἔμελλε,</span> 
     </span>
    </p>
   </div>
   <div class='ocr_carea' id='block_1_79' title="bbox 2157 3805 3742 3878">
    <p class='ocr_par' dir='ltr' id='par_1_79' title="bbox 2157 3805 3742 3878">
     <span class='ocr_line' id='line_1_79' title="bbox 2157 3805 3742 3878; baseline -0.009 -16"><span class='ocrx_word' id='word_1_584' title='bbox 2157 3811 2266 3872; x_wconf 86' lang='grc' dir='ltr'>τοῖς</span> <span class='ocrx_word' id='word_1_585' title='bbox 2327 3806 2545 3870; x_wconf 81' lang='grc' dir='ltr'>οἰκείοις</span> <span class='ocrx_word' id='word_1_586' title='bbox 2609 3805 3102 3878; x_wconf 82' lang='grc' dir='ltr'>συστρατευόμενος</span> <span class='ocrx_word' id='word_1_587' title='bbox 3151 3805 3244 3860; x_wconf 70' lang='grc' dir='ltr'>καὶ</span> <span class='ocrx_word' id='word_1_588' title='bbox 3297 3805 3742 3877; x_wconf 75' lang='grc' dir='ltr'>συναγωνιζόμε-</span> 
     </span>
    </p>
   </div>
   <div class='ocr_carea' id='block_1_80' title="bbox 2157 3895 3742 3968">
    <p class='ocr_par' dir='ltr' id='par_1_80' title="bbox 2157 3895 3742 3968">
     <span class='ocr_line' id='line_1_80' title="bbox 2157 3895 3742 3968; baseline -0.003 -15"><span class='ocrx_word' id='word_1_589' title='bbox 2157 3917 2264 3963; x_wconf 91' lang='grc' dir='ltr'>νος.</span> <span class='ocrx_word' id='word_1_590' title='bbox 2330 3897 2424 3951; x_wconf 83' lang='grc' dir='ltr'><strong>Διὸ</strong></span> <span class='ocrx_word' id='word_1_591' title='bbox 2469 3895 2612 3951; x_wconf 84' lang='grc' dir='ltr'>κατὰ</span> <span class='ocrx_word' id='word_1_592' title='bbox 2655 3895 2844 3967; x_wconf 79' lang='grc' dir='ltr'>καιρὸν</span> <span class='ocrx_word' id='word_1_593' title='bbox 2915 3895 3008 3949; x_wconf 75' lang='grc' dir='ltr'>καὶ</span> <span class='ocrx_word' id='word_1_594' title='bbox 3047 3895 3478 3966; x_wconf 83' lang='grc' dir='ltr'>ἀρχιστράτηγον</span> <span class='ocrx_word' id='word_1_595' title='bbox 3526 3896 3742 3968; x_wconf 80' lang='grc' dir='ltr'>Κυρίου</span> 
     </span>
    </p>
   </div>
   <div class='ocr_carea' id='block_1_81' title="bbox 2155 3987 2754 4060">
    <p class='ocr_par' dir='ltr' id='par_1_81' title="bbox 2155 3987 2754 4060">
     <span class='ocr_line' id='line_1_81' title="bbox 2155 3987 2754 4060; baseline -0.005 -17"><span class='ocrx_word' id='word_1_596' title='bbox 2155 3989 2346 4043; x_wconf 77' lang='grc' dir='ltr'>ἑαυτὸν</span> <span class='ocrx_word' id='word_1_597' title='bbox 2373 3987 2754 4060; x_wconf 75' lang='grc' dir='ltr'>ἀνηγόρευσεν.</span> 
     </span>
    </p>
   </div>
   <div class='ocr_carea' id='block_1_82' title="bbox 480 4075 3726 4156">
    <p class='ocr_par' dir='ltr' id='par_1_82' title="bbox 480 4075 3726 4156">
     <span class='ocr_line' id='line_1_82' title="bbox 480 4075 3726 4156; baseline 0.002 -28"><span class='ocrx_word' id='word_1_598' title='bbox 480 4075 664 4142; x_wconf 88' lang='lat' dir='ltr'><strong>litans,</strong></span> <span class='ocrx_word' id='word_1_599' title='bbox 691 4079 882 4148; x_wconf 88' lang='lat' dir='ltr'><strong>eisque</strong></span> <span class='ocrx_word' id='word_1_600' title='bbox 906 4093 1063 4156; x_wconf 86' lang='lat' dir='ltr'><strong>opem</strong></span> <span class='ocrx_word' id='word_1_601' title='bbox 1095 4081 1318 4136; x_wconf 88' lang='lat' dir='ltr'><strong>assidue</strong></span> <span class='ocrx_word' id='word_1_602' title='bbox 1343 4081 1548 4146; x_wconf 89' lang='lat' dir='ltr'><strong>ferens,</strong></span> <span class='ocrx_word' id='word_1_603' title='bbox 1579 4092 1698 4139; x_wconf 87' lang='lat' dir='ltr'><strong>erat</strong></span> <span class='ocrx_word' id='word_1_604' title='bbox 1732 4080 1929 4152; x_wconf 90' lang='lat' dir='ltr'><strong>impios</strong></span> <span class='ocrx_word' id='word_1_605' title='bbox 1965 4081 2200 4138; x_wconf 89' lang='lat' dir='ltr'><strong>ulturus.</strong></span> <span class='ocrx_word' id='word_1_606' title='bbox 2234 4080 2414 4147; x_wconf 86' lang='lat' dir='ltr'><strong>Quare</strong></span> <span class='ocrx_word' id='word_1_607' title='bbox 2441 4079 2603 4134; x_wconf 90' lang='lat' dir='ltr'><strong>etiam</strong></span> <span class='ocrx_word' id='word_1_608' title='bbox 2648 4084 2954 4149; x_wconf 90' lang='lat' dir='ltr'><strong>opportune</strong></span> <span class='ocrx_word' id='word_1_609' title='bbox 3012 4079 3250 4150; x_wconf 88' lang='lat' dir='ltr'><strong>seipsum</strong></span> <span class='ocrx_word' id='word_1_610' title='bbox 3289 4077 3590 4150; x_wconf 89' lang='lat' dir='ltr'><strong>principem</strong></span> <span class='ocrx_word' id='word_1_611' title='bbox 3633 4080 3726 4133; x_wconf 87' lang='lat' dir='ltr'><strong>im-</strong></span> 
     </span>
    </p>
   </div>
   <div class='ocr_carea' id='block_1_83' title="bbox 481 4167 1373 4243">
    <p class='ocr_par' dir='ltr' id='par_1_83' title="bbox 481 4167 1373 4243">
     <span class='ocr_line' id='line_1_83' title="bbox 481 4167 1373 4243; baseline 0.009 -24"><span class='ocrx_word' id='word_1_612' title='bbox 481 4177 788 4238; x_wconf 88' lang='lat' dir='ltr'><strong>peratorum</strong></span> <span class='ocrx_word' id='word_1_613' title='bbox 822 4167 1036 4226; x_wconf 87' lang='lat' dir='ltr'><strong>Domini</strong></span> <span class='ocrx_word' id='word_1_614' title='bbox 1066 4171 1373 4243; x_wconf 85' lang='lat' dir='ltr'><strong>appellavit.</strong></span> 
     </span>
    </p>
   </div>
   <div class='ocr_carea' id='block_1_84' title="bbox 1077 4283 1458 4340">
    <p class='ocr_par' dir='ltr' id='par_1_84' title="bbox 1077 4283 1458 4340">
     <span class='ocr_line' id='line_1_84' title="bbox 1077 4283 1458 4340; baseline -0.003 0"><span class='ocrx_word' id='word_1_615' title='bbox 1077 4283 1306 4340; x_wconf 79' lang='lat' dir='ltr'><strong>CAPUT</strong></span> <span class='ocrx_word' id='word_1_616' title='bbox 1340 4284 1458 4339; x_wconf 78' lang='lat' dir='ltr'><strong>XX.</strong></span> 
     </span>
    </p>
   </div>
   <div class='ocr_carea' id='block_1_85' title="bbox 481 4373 2052 4448">
    <p class='ocr_par' dir='ltr' id='par_1_85' title="bbox 481 4373 2052 4448">
     <span class='ocr_line' id='line_1_85' title="bbox 481 4373 2052 4448; baseline -0.001 -20"><span class='ocrx_word' id='word_1_617' title='bbox 481 4373 556 4428; x_wconf 78' lang='lat' dir='ltr'><strong>Ab</strong></span> <span class='ocrx_word' id='word_1_618' title='bbox 584 4373 707 4448; x_wconf 66' lang='lat' dir='ltr'><strong>Job.</strong></span> <span class='ocrx_word' id='word_1_619' title='bbox 741 4407 810 4416; x_wconf 88' lang='lat'><strong><em>—</em></strong></span> <span class='ocrx_word' id='word_1_620' title='bbox 835 4375 987 4443; x_wconf 80' lang='lat' dir='ltr'><strong>Quod</strong></span> <span class='ocrx_word' id='word_1_621' title='bbox 1013 4378 1256 4448; x_wconf 60' lang='lat' dir='ltr'><strong>similiter</strong></span> <span class='ocrx_word' id='word_1_622' title='bbox 1303 4379 1405 4448; x_wconf 81' lang='lat' dir='ltr'><strong>ipsi</strong></span> <span class='ocrx_word' id='word_1_623' title='bbox 1442 4377 1544 4433; x_wconf 85' lang='lat' dir='ltr'><strong>Job</strong></span> <span class='ocrx_word' id='word_1_624' title='bbox 1565 4418 1582 4440; x_wconf 94' lang='lat'><strong>,</strong></span> <span class='ocrx_word' id='word_1_625' title='bbox 1612 4375 2052 4447; x_wconf 76' lang='lat' dir='ltr'><strong>quemadmodum</strong></span> 
     </span>
    </p>
   </div>
   <div class='ocr_carea' id='block_1_86' title="bbox 544 4446 2051 4516">
    <p class='ocr_par' dir='ltr' id='par_1_86' title="bbox 544 4446 2051 4516">
     <span class='ocr_line' id='line_1_86' title="bbox 544 4446 2051 4516; baseline 0 -16"><span class='ocrx_word' id='word_1_626' title='bbox 544 4446 806 4514; x_wconf 79' lang='lat' dir='ltr'><strong>patribus,</strong></span> <span class='ocrx_word' id='word_1_627' title='bbox 855 4448 963 4512; x_wconf 73' lang='lat' dir='ltr'><strong>ipse</strong></span> <span class='ocrx_word' id='word_1_628' title='bbox 1004 4446 1192 4516; x_wconf 74' lang='lat' dir='ltr'><strong>Opifex</strong></span> <span class='ocrx_word' id='word_1_629' title='bbox 1231 4446 1458 4502; x_wconf 66' lang='lat' dir='ltr'><strong>maiaersi</strong></span> <span class='ocrx_word' id='word_1_630' title='bbox 1513 4446 1652 4502; x_wconf 76' lang='lat' dir='ltr'><strong>Deus</strong></span> <span class='ocrx_word' id='word_1_631' title='bbox 1706 4448 1956 4511; x_wconf 83' lang='lat' dir='ltr'><strong>Verbum,</strong></span> <span class='ocrx_word' id='word_1_632' title='bbox 2000 4455 2051 4500; x_wconf 74' lang='lat' dir='ltr'><strong>et</strong></span> 
     </span>
    </p>
   </div>
   <div class='ocr_carea' id='block_1_87' title="bbox 549 4517 1732 4587">
    <p class='ocr_par' dir='ltr' id='par_1_87' title="bbox 549 4517 1732 4587">
     <span class='ocr_line' id='line_1_87' title="bbox 549 4517 1732 4587; baseline 0.003 -17"><span class='ocrx_word' id='word_1_633' title='bbox 549 4517 900 4587; x_wconf 77' lang='lat' dir='ltr'><strong>respondisse,</strong></span> <span class='ocrx_word' id='word_1_634' title='bbox 925 4527 974 4571; x_wconf 83' lang='lat' dir='ltr'><strong>et</strong></span> <span class='ocrx_word' id='word_1_635' title='bbox 1002 4519 1170 4573; x_wconf 76' lang='lat' dir='ltr'><strong>oculis</strong></span> <span class='ocrx_word' id='word_1_636' title='bbox 1206 4521 1345 4573; x_wconf 73' lang='lat' dir='ltr'><strong>risus</strong></span> <span class='ocrx_word' id='word_1_637' title='bbox 1377 4535 1488 4574; x_wconf 82' lang='lat' dir='ltr'><strong>esse</strong></span> <span class='ocrx_word' id='word_1_638' title='bbox 1517 4519 1732 4574; x_wconf 84' lang='lat' dir='ltr'><strong>dicitur.</strong></span> 
     </span>
    </p>
   </div>
   <div class='ocr_carea' id='block_1_88' title="bbox 2683 4277 3202 4332">
    <p class='ocr_par' dir='ltr' id='par_1_88' title="bbox 2683 4277 3202 4332">
     <span class='ocr_line' id='line_1_88' title="bbox 2683 4277 3202 4332; baseline 0 0"><span class='ocrx_word' id='word_1_639' title='bbox 2683 4277 3078 4332; x_wconf 76' lang='grc' dir='ltr'><strong>ΚΕΦΑΛᾹΙΟΝ</strong></span> <span class='ocrx_word' id='word_1_640' title='bbox 3119 4279 3202 4332; x_wconf 82' lang='lat' dir='ltr'><strong>K&#39;.</strong></span> 
     </span>
    </p>
   </div>
   <div class='ocr_carea' id='block_1_89' title="bbox 2166 4369 3736 4438">
    <p class='ocr_par' dir='ltr' id='par_1_89' title="bbox 2166 4369 3736 4438">
     <span class='ocr_line' id='line_1_89' title="bbox 2166 4369 3736 4438; baseline -0.001 -11"><span class='ocrx_word' id='word_1_641' title='bbox 2166 4371 2310 4427; x_wconf 81' lang='grc' dir='ltr'><strong>Ἀπὸ</strong></span> <span class='ocrx_word' id='word_1_642' title='bbox 2338 4370 2442 4425; x_wconf 82' lang='grc' dir='ltr'>τοῦ</span> <span class='ocrx_word' id='word_1_643' title='bbox 2496 4369 2630 4424; x_wconf 81' lang='grc' dir='ltr'>Ἰὼϐ.</span> <span class='ocrx_word' id='word_1_644' title='bbox 2667 4399 2735 4410; x_wconf 86' lang='lat'><strong>--</strong></span> <span class='ocrx_word' id='word_1_645' title='bbox 2773 4369 2866 4434; x_wconf 86' lang='grc' dir='ltr'>Ὠς</span> <span class='ocrx_word' id='word_1_646' title='bbox 2899 4369 3112 4437; x_wconf 76' lang='grc' dir='ltr'>ὁμοίως</span> <span class='ocrx_word' id='word_1_647' title='bbox 3163 4369 3287 4438; x_wconf 83' lang='grc' dir='ltr'>τοῖς</span> <span class='ocrx_word' id='word_1_648' title='bbox 3327 4371 3590 4438; x_wconf 83' lang='grc' dir='ltr'>πατράσι</span> <span class='ocrx_word' id='word_1_649' title='bbox 3634 4374 3736 4426; x_wconf 74' lang='grc' dir='ltr'>καὶ</span> 
     </span>
    </p>
   </div>
   <div class='ocr_carea' id='block_1_90' title="bbox 2221 4437 3734 4508">
    <p class='ocr_par' dir='ltr' id='par_1_90' title="bbox 2221 4437 3734 4508">
     <span class='ocr_line' id='line_1_90' title="bbox 2221 4437 3734 4508; baseline 0.001 -12"><span class='ocrx_word' id='word_1_650' title='bbox 2221 4443 2302 4508; x_wconf 76' lang='grc' dir='ltr'>τῷ</span> <span class='ocrx_word' id='word_1_651' title='bbox 2343 4441 2477 4503; x_wconf 85' lang='grc' dir='ltr'>Ἰὼϐ,</span> <span class='ocrx_word' id='word_1_652' title='bbox 2529 4439 2711 4505; x_wconf 85' lang='grc' dir='ltr'>αὐτὸς</span> <span class='ocrx_word' id='word_1_653' title='bbox 2756 4441 2788 4493; x_wconf 83' lang='grc' dir='ltr'><strong><em>ό</em></strong></span> <span class='ocrx_word' id='word_1_654' title='bbox 2843 4439 3201 4508; x_wconf 79' lang='grc' dir='ltr'>Δημιουργός</span> <span class='ocrx_word' id='word_1_655' title='bbox 3225 4437 3343 4493; x_wconf 73' lang='grc' dir='ltr'><strong>τῶν</strong></span> <span class='ocrx_word' id='word_1_656' title='bbox 3385 4437 3545 4495; x_wconf 71' lang='grc' dir='ltr'><strong>ὅλων</strong></span> <span class='ocrx_word' id='word_1_657' title='bbox 3589 4443 3734 4508; x_wconf 75' lang='grc' dir='ltr'>Θεὸς</span> 
     </span>
    </p>
   </div>
   <div class='ocr_carea' id='block_1_91' title="bbox 2222 4509 3734 4582">
    <p class='ocr_par' dir='ltr' id='par_1_91' title="bbox 2222 4509 3734 4582">
     <span class='ocr_line' id='line_1_91' title="bbox 2222 4509 3734 4582; baseline -0.008 -16"><span class='ocrx_word' id='word_1_658' title='bbox 2222 4513 2432 4582; x_wconf 71' lang='grc' dir='ltr'>Λόγος,</span> <span class='ocrx_word' id='word_1_659' title='bbox 2469 4509 2694 4579; x_wconf 77' lang='grc' dir='ltr'>ἔχρησέ</span> <span class='ocrx_word' id='word_1_660' title='bbox 2725 4527 2787 4562; x_wconf 83' lang='grc' dir='ltr'><strong>τε</strong></span> <span class='ocrx_word' id='word_1_661' title='bbox 2819 4509 2916 4563; x_wconf 80' lang='grc' dir='ltr'><strong>καί</strong></span> <span class='ocrx_word' id='word_1_662' title='bbox 2950 4509 3276 4579; x_wconf 69' lang='grc' dir='ltr'>ὀφθαλμοῖς</span> <span class='ocrx_word' id='word_1_663' title='bbox 3314 4509 3606 4580; x_wconf 77' lang='grc' dir='ltr'><strong>ἑωρᾶσθαι</strong></span> <span class='ocrx_word' id='word_1_664' title='bbox 3627 4513 3734 4567; x_wconf 65' lang='grc' dir='ltr'><strong>λέ-</strong></span> 
     </span>
    </p>
   </div>
   <div class='ocr_carea' id='block_1_92' title="bbox 2227 4601 2408 4652">
    <p class='ocr_par' dir='ltr' id='par_1_92' title="bbox 2227 4601 2408 4652">
     <span class='ocr_line' id='line_1_92' title="bbox 2227 4601 2408 4652; baseline -0.011 -15"><span class='ocrx_word' id='word_1_665' title='bbox 2227 4601 2408 4652; x_wconf 65' lang='lat' dir='ltr'><strong>remi.</strong></span> 
     </span>
    </p>
   </div>
   <div class='ocr_carea' id='block_1_93' title="bbox 551 4691 2057 4767">
    <p class='ocr_par' dir='ltr' id='par_1_93' title="bbox 551 4696 2050 4754">
     <span class='ocr_line' id='line_1_93' title="bbox 551 4696 2050 4754; baseline 0.003 -6"><span class='ocrx_word' id='word_1_666' title='bbox 551 4718 568 4748; x_wconf 75' lang='grc' dir='ltr'>ι</span> <span class='ocrx_word' id='word_1_667' title='bbox 597 4696 740 4752; x_wconf 77' lang='lat' dir='ltr'><strong>Dixit</strong></span> <span class='ocrx_word' id='word_1_668' title='bbox 768 4705 948 4752; x_wconf 89' lang='lat' dir='ltr'><strong>autem</strong></span> <span class='ocrx_word' id='word_1_669' title='bbox 975 4697 1234 4754; x_wconf 87' lang='lat' dir='ltr'><strong>Dominus</strong></span> <span class='ocrx_word' id='word_1_670' title='bbox 1259 4700 1326 4754; x_wconf 91' lang='lat' dir='ltr'><strong>ad</strong></span> <span class='ocrx_word' id='word_1_671' title='bbox 1352 4698 1456 4754; x_wconf 82' lang='lat' dir='ltr'><strong>Job</strong></span> <span class='ocrx_word' id='word_1_672' title='bbox 1479 4699 1546 4754; x_wconf 85' lang='lat' dir='ltr'><strong>de</strong></span> <span class='ocrx_word' id='word_1_673' title='bbox 1573 4699 1788 4754; x_wconf 87' lang='lat' dir='ltr'><strong>turbine</strong></span> <span class='ocrx_word' id='word_1_674' title='bbox 1812 4707 1865 4754; x_wconf 88' lang='lat' dir='ltr'><strong>et</strong></span> <span class='ocrx_word' id='word_1_675' title='bbox 1893 4699 2050 4754; x_wconf 89' lang='lat' dir='ltr'><strong>nubi-</strong></span> 
     </span>
    </p>
   </div>
   <div class='ocr_carea' id='block_1_94' title="bbox 2164 4691 3730 4767">
    <p class='ocr_par' dir='ltr' id='par_1_94' title="bbox 2234 4691 3730 4767">
     <span class='ocr_line' id='line_1_94' title="bbox 2234 4691 3730 4767; baseline 0.002 -18"><span class='ocrx_word' id='word_1_676' title='bbox 2234 4715 2254 4749; x_wconf 67' lang='grc'><strong>(</strong></span> <span class='ocrx_word' id='word_1_677' title='bbox 2287 4692 2422 4749; x_wconf 81' lang='grc' dir='ltr'>Εϊπε</span> <span class='ocrx_word' id='word_1_678' title='bbox 2449 4695 2506 4748; x_wconf 80' lang='grc' dir='ltr'>δὲ</span> <span class='ocrx_word' id='word_1_679' title='bbox 2527 4693 2728 4764; x_wconf 81' lang='grc' dir='ltr'>Κύριος</span> <span class='ocrx_word' id='word_1_680' title='bbox 2747 4691 2825 4764; x_wconf 85' lang='grc' dir='ltr'><strong>τῷ</strong></span> <span class='ocrx_word' id='word_1_681' title='bbox 2856 4691 2976 4746; x_wconf 84' lang='grc' dir='ltr'>Ἰὼϐ</span> <span class='ocrx_word' id='word_1_682' title='bbox 2997 4692 3083 4746; x_wconf 82' lang='grc' dir='ltr'><strong>διὰ</strong></span> <span class='ocrx_word' id='word_1_683' title='bbox 3115 4691 3376 4760; x_wconf 84' lang='grc' dir='ltr'>λαίλαπος</span> <span class='ocrx_word' id='word_1_684' title='bbox 3401 4697 3493 4750; x_wconf 75' lang='grc' dir='ltr'>καὶ</span> <span class='ocrx_word' id='word_1_685' title='bbox 3521 4697 3730 4767; x_wconf 83' lang='grc' dir='ltr'>νεφῶν·</span> 
     </span>
    </p>
   </div>
   <div class='ocr_carea' id='block_1_95' title="bbox 473 4785 2051 4862">
    <p class='ocr_par' dir='ltr' id='par_1_95' title="bbox 473 4785 2051 4862">
     <span class='ocr_line' id='line_1_95' title="bbox 473 4785 2051 4862; baseline 0.001 -16"><span class='ocrx_word' id='word_1_686' title='bbox 473 4792 577 4846; x_wconf 87' lang='lat' dir='ltr'><strong>bus</strong></span> <span class='ocrx_word' id='word_1_687' title='bbox 605 4808 619 4845; x_wconf 91' lang='lat'><strong>:</strong></span> <span class='ocrx_word' id='word_1_688' title='bbox 649 4785 751 4844; x_wconf 89' lang='lat' dir='ltr'><strong>Ubi</strong></span> <span class='ocrx_word' id='word_1_689' title='bbox 785 4805 910 4845; x_wconf 90' lang='lat' dir='ltr'><strong>eras</strong></span> <span class='ocrx_word' id='word_1_690' title='bbox 929 4787 1056 4845; x_wconf 93' lang='lat' dir='ltr'><strong>dum</strong></span> <span class='ocrx_word' id='word_1_691' title='bbox 1071 4805 1170 4862; x_wconf 77' lang='lat' dir='ltr'><strong>ego</strong></span> <span class='ocrx_word' id='word_1_692' title='bbox 1189 4791 1472 4846; x_wconf 89' lang='lat' dir='ltr'><strong>fundarem</strong></span> <span class='ocrx_word' id='word_1_693' title='bbox 1492 4798 1691 4843; x_wconf 90' lang='lat' dir='ltr'><strong>terram</strong></span> <span class='ocrx_word' id='word_1_694' title='bbox 1717 4790 1741 4843; x_wconf 85' lang='lat'><strong>?</strong></span> <span class='ocrx_word' id='word_1_695' title='bbox 1763 4789 2051 4860; x_wconf 82' lang='lat' dir='ltr'><strong>Responde</strong></span> 
     </span>
    </p>
   </div>
   <div class='ocr_carea' id='block_1_96' title="bbox 478 4881 2049 4952">
    <p class='ocr_par' dir='ltr' id='par_1_96' title="bbox 478 4881 2049 4952">
     <span class='ocr_line' id='line_1_96' title="bbox 478 4881 2049 4952; baseline 0.001 -17"><span class='ocrx_word' id='word_1_696' title='bbox 478 4882 584 4950; x_wconf 85' lang='lat' dir='ltr'><strong>iam</strong></span> <span class='ocrx_word' id='word_1_697' title='bbox 615 4881 771 4948; x_wconf 91' lang='lat' dir='ltr'><strong>mihi,</strong></span> <span class='ocrx_word' id='word_1_698' title='bbox 798 4889 980 4937; x_wconf 87' lang='lat' dir='ltr'><strong>utrmn</strong></span> <span class='ocrx_word' id='word_1_699' title='bbox 1005 4883 1222 4938; x_wconf 85' lang='lat' dir='ltr'><strong>noveris</strong></span> <span class='ocrx_word' id='word_1_700' title='bbox 1253 4883 1612 4945; x_wconf 87' lang='lat' dir='ltr'><strong>intellectum,</strong></span> <span class='ocrx_word' id='word_1_701' title='bbox 1655 4882 1779 4952; x_wconf 89' lang='lat' dir='ltr'><strong>quis</strong></span> <span class='ocrx_word' id='word_1_702' title='bbox 1805 4883 2049 4952; x_wconf 88' lang='lat' dir='ltr'><strong>posuerit</strong></span> 
     </span>
    </p>
   </div>
   <div class='ocr_carea' id='block_1_97' title="bbox 477 4973 2048 5044">
    <p class='ocr_par' dir='ltr' id='par_1_97' title="bbox 477 4973 2048 5044">
     <span class='ocr_line' id='line_1_97' title="bbox 477 4973 2048 5044; baseline 0.001 -16"><span class='ocrx_word' id='word_1_703' title='bbox 477 4989 764 5030; x_wconf 86' lang='lat' dir='ltr'><strong>mensuras</strong></span> <span class='ocrx_word' id='word_1_704' title='bbox 792 4973 911 5044; x_wconf 89' lang='lat' dir='ltr'><strong>ejus</strong></span> <span class='ocrx_word' id='word_1_705' title='bbox 933 4974 978 5031; x_wconf 91' lang='lat' dir='ltr'><strong>si</strong></span> <span class='ocrx_word' id='word_1_706' title='bbox 1012 4975 1156 5030; x_wconf 89' lang='lat' dir='ltr'><strong>nosti</strong></span> <span class='ocrx_word' id='word_1_707' title='bbox 1187 4975 1252 5038; x_wconf 83' lang='grc'><strong>⁸⁸,</strong></span> <span class='ocrx_word' id='word_1_708' title='bbox 1287 4993 1302 5026; x_wconf 72' lang='grc' dir='ltr'><strong>ι</strong></span> <span class='ocrx_word' id='word_1_709' title='bbox 1333 4981 1385 5028; x_wconf 92' lang='lat' dir='ltr'><strong>et</strong></span> <span class='ocrx_word' id='word_1_710' title='bbox 1413 4981 1608 5029; x_wconf 67' lang='lat' dir='ltr'><strong>caetera</strong></span> <span class='ocrx_word' id='word_1_711' title='bbox 1641 4995 1654 5030; x_wconf 94' lang='lat'><strong>:</strong></span> <span class='ocrx_word' id='word_1_712' title='bbox 1683 4993 1701 5025; x_wconf 76' lang='grc' dir='ltr'><strong>σ</strong></span> <span class='ocrx_word' id='word_1_713' title='bbox 1739 4974 1875 5029; x_wconf 90' lang='lat' dir='ltr'><strong>Cum</strong></span> <span class='ocrx_word' id='word_1_714' title='bbox 1909 4975 2048 5029; x_wconf 88' lang='lat' dir='ltr'><strong>facta</strong></span> 
     </span>
    </p>
   </div>
   <div class='ocr_carea' id='block_1_98' title="bbox 477 5063 2048 5135">
    <p class='ocr_par' dir='ltr' id='par_1_98' title="bbox 477 5063 2048 5135">
     <span class='ocr_line' id='line_1_98' title="bbox 477 5063 2048 5135; baseline -0.001 -15"><span class='ocrx_word' id='word_1_715' title='bbox 477 5071 624 5128; x_wconf 86' lang='lat' dir='ltr'><strong>sunt,</strong></span> <span class='ocrx_word' id='word_1_716' title='bbox 687 5063 887 5135; x_wconf 88' lang='lat' dir='ltr'><strong>inquit,</strong></span> <span class='ocrx_word' id='word_1_717' title='bbox 923 5073 1092 5130; x_wconf 89' lang='lat' dir='ltr'><strong>astra,</strong></span> <span class='ocrx_word' id='word_1_718' title='bbox 1146 5065 1508 5119; x_wconf 86' lang='lat' dir='ltr'><strong>laudaverunt</strong></span> <span class='ocrx_word' id='word_1_719' title='bbox 1565 5081 1651 5120; x_wconf 89' lang='lat' dir='ltr'><strong>me</strong></span> <span class='ocrx_word' id='word_1_720' title='bbox 1692 5081 1824 5121; x_wconf 87' lang='lat' dir='ltr'><strong>voce</strong></span> <span class='ocrx_word' id='word_1_721' title='bbox 1851 5079 2048 5135; x_wconf 79' lang='lat' dir='ltr'><strong>magna</strong></span> 
     </span>
    </p>
   </div>
   <div class='ocr_carea' id='block_1_99' title="bbox 475 5155 2043 5230">
    <p class='ocr_par' dir='ltr' id='par_1_99' title="bbox 475 5155 2043 5230">
     <span class='ocr_line' id='line_1_99' title="bbox 475 5155 2043 5230; baseline -0.002 -20"><span class='ocrx_word' id='word_1_722' title='bbox 475 5173 664 5213; x_wconf 87' lang='lat' dir='ltr'><strong>omnes</strong></span> <span class='ocrx_word' id='word_1_723' title='bbox 691 5157 872 5230; x_wconf 75' lang='lat' dir='ltr'><strong>angeli</strong></span> <span class='ocrx_word' id='word_1_724' title='bbox 904 5158 1030 5213; x_wconf 89' lang='lat' dir='ltr'><strong>mei.</strong></span> <span class='ocrx_word' id='word_1_725' title='bbox 1055 5155 1314 5212; x_wconf 81' lang='lat' dir='ltr'><strong>Obstruxi</strong></span> <span class='ocrx_word' id='word_1_726' title='bbox 1345 5164 1526 5210; x_wconf 86' lang='lat' dir='ltr'><strong>autem</strong></span> <span class='ocrx_word' id='word_1_727' title='bbox 1555 5171 1704 5212; x_wconf 90' lang='lat' dir='ltr'><strong>mare</strong></span> <span class='ocrx_word' id='word_1_728' title='bbox 1723 5159 1896 5226; x_wconf 86' lang='lat' dir='ltr'><strong>portis</strong></span> <span class='ocrx_word' id='word_1_729' title='bbox 1918 5155 1962 5186; x_wconf 72' lang='grc'><strong>⁸⁸</strong></span> <span class='ocrx_word' id='word_1_730' title='bbox 1985 5173 1999 5222; x_wconf 87' lang='grc'>;</span> <span class='ocrx_word' id='word_1_731' title='bbox 2025 5175 2043 5207; x_wconf 71' lang='grc' dir='ltr'><strong>ι</strong></span> 
     </span>
    </p>
   </div>
   <div class='ocr_carea' id='block_1_100' title="bbox 474 5247 2049 5320">
    <p class='ocr_par' dir='ltr' id='par_1_100' title="bbox 474 5247 2049 5320">
     <span class='ocr_line' id='line_1_100' title="bbox 474 5247 2049 5320; baseline -0.001 -18"><span class='ocrx_word' id='word_1_732' title='bbox 474 5267 536 5304; x_wconf 84' lang='lat' dir='ltr'><strong>ac</strong></span> <span class='ocrx_word' id='word_1_733' title='bbox 560 5250 820 5320; x_wconf 86' lang='lat' dir='ltr'><strong>deinceps</strong></span> <span class='ocrx_word' id='word_1_734' title='bbox 853 5249 998 5320; x_wconf 84' lang='lat' dir='ltr'><strong>quod</strong></span> <span class='ocrx_word' id='word_1_735' title='bbox 1032 5249 1319 5319; x_wconf 84' lang='lat' dir='ltr'><strong>sequitur:</strong></span> <span class='ocrx_word' id='word_1_736' title='bbox 1359 5267 1378 5299; x_wconf 84' lang='grc'><strong>‹</strong></span> <span class='ocrx_word' id='word_1_737' title='bbox 1403 5247 1542 5302; x_wconf 85' lang='lat' dir='ltr'><strong>Num</strong></span> <span class='ocrx_word' id='word_1_738' title='bbox 1569 5265 1692 5305; x_wconf 87' lang='lat' dir='ltr'><strong>eras</strong></span> <span class='ocrx_word' id='word_1_739' title='bbox 1725 5259 1782 5303; x_wconf 89' lang='lat' dir='ltr'><strong>tu</strong></span> <span class='ocrx_word' id='word_1_740' title='bbox 1829 5247 2049 5320; x_wconf 83' lang='lat' dir='ltr'><strong>quando</strong></span> 
     </span>
    </p>
   </div>
   <div class='ocr_carea' id='block_1_101' title="bbox 473 5341 2050 5411">
    <p class='ocr_par' dir='ltr' id='par_1_101' title="bbox 473 5341 2050 5411">
     <span class='ocr_line' id='line_1_101' title="bbox 473 5341 2050 5411; baseline -0.002 -15"><span class='ocrx_word' id='word_1_741' title='bbox 473 5342 732 5396; x_wconf 91' lang='lat' dir='ltr'><strong>constitui</strong></span> <span class='ocrx_word' id='word_1_742' title='bbox 765 5342 1328 5398; x_wconf 85' lang='lat' dir='ltr'><strong>lumonmatulinum?</strong></span> <span class='ocrx_word' id='word_1_743' title='bbox 1357 5341 1575 5398; x_wconf 84' lang='lat' dir='ltr'><strong>Lucifer</strong></span> <span class='ocrx_word' id='word_1_744' title='bbox 1595 5349 1776 5398; x_wconf 87' lang='lat' dir='ltr'><strong>autem</strong></span> <span class='ocrx_word' id='word_1_745' title='bbox 1801 5341 2050 5411; x_wconf 81' lang='lat' dir='ltr'><strong>despexit</strong></span> 
     </span>
    </p>
   </div>
   <div class='ocr_carea' id='block_1_102' title="bbox 473 5432 2049 5503">
    <p class='ocr_par' dir='ltr' id='par_1_102' title="bbox 473 5432 2049 5503">
     <span class='ocr_line' id='line_1_102' title="bbox 473 5432 2049 5503; baseline 0.001 -18"><span class='ocrx_word' id='word_1_746' title='bbox 473 5449 633 5486; x_wconf 89' lang='lat' dir='ltr'><strong>suum</strong></span> <span class='ocrx_word' id='word_1_747' title='bbox 663 5432 912 5488; x_wconf 86' lang='lat' dir='ltr'><strong>ordinem</strong></span> <span class='ocrx_word' id='word_1_748' title='bbox 942 5433 1024 5486; x_wconf 69' lang='grc' dir='ltr'><strong>ὀἳ</strong></span> <span class='ocrx_word' id='word_1_749' title='bbox 1059 5453 1076 5485; x_wconf 75' lang='grc' dir='ltr'><strong>ι</strong></span> <span class='ocrx_word' id='word_1_750' title='bbox 1111 5432 1177 5487; x_wconf 87' lang='grc' dir='ltr'><strong>Ει</strong></span> <span class='ocrx_word' id='word_1_751' title='bbox 1208 5449 1434 5490; x_wconf 89' lang='lat' dir='ltr'><strong>rursus:</strong></span> <span class='ocrx_word' id='word_1_752' title='bbox 1468 5453 1486 5486; x_wconf 78' lang='grc' dir='ltr'><strong>ι</strong></span> <span class='ocrx_word' id='word_1_753' title='bbox 1523 5433 1663 5489; x_wconf 70' lang='lat' dir='ltr'><strong>Num</strong></span> <span class='ocrx_word' id='word_1_754' title='bbox 1699 5443 1780 5500; x_wconf 90' lang='lat' dir='ltr'><strong>tu,</strong></span> <span class='ocrx_word' id='word_1_755' title='bbox 1824 5441 2049 5503; x_wconf 86' lang='lat' dir='ltr'><strong>accepto</strong></span> 
     </span>
    </p>
   </div>
   <div class='ocr_carea' id='block_1_103' title="bbox 472 5523 2048 5597">
    <p class='ocr_par' dir='ltr' id='par_1_103' title="bbox 472 5523 2048 5597">
     <span class='ocr_line' id='line_1_103' title="bbox 472 5523 2048 5597; baseline 0.003 -21"><span class='ocrx_word' id='word_1_756' title='bbox 472 5532 630 5579; x_wconf 68' lang='lat' dir='ltr'><strong>terra:</strong></span> <span class='ocrx_word' id='word_1_757' title='bbox 663 5524 800 5589; x_wconf 89' lang='lat' dir='ltr'><strong>luto,</strong></span> <span class='ocrx_word' id='word_1_758' title='bbox 859 5523 1034 5580; x_wconf 82' lang='lat' dir='ltr'><strong>fecisti</strong></span> <span class='ocrx_word' id='word_1_759' title='bbox 1073 5526 1307 5581; x_wconf 86' lang='lat' dir='ltr'><strong>animal?</strong></span> <span class='ocrx_word' id='word_1_760' title='bbox 1339 5535 1394 5582; x_wconf 89' lang='lat' dir='ltr'><strong>et</strong></span> <span class='ocrx_word' id='word_1_761' title='bbox 1425 5527 1492 5582; x_wconf 89' lang='lat' dir='ltr'><strong>ad</strong></span> <span class='ocrx_word' id='word_1_762' title='bbox 1547 5525 1879 5597; x_wconf 82' lang='lat' dir='ltr'><strong>loquendum</strong></span> <span class='ocrx_word' id='word_1_763' title='bbox 1929 5525 2048 5580; x_wconf 86' lang='lat' dir='ltr'><strong>ido-</strong></span> 
     </span>
    </p>
   </div>
   <div class='ocr_carea' id='block_1_104' title="bbox 473 5616 2046 5686">
    <p class='ocr_par' dir='ltr' id='par_1_104' title="bbox 473 5616 2046 5686">
     <span class='ocr_line' id='line_1_104' title="bbox 473 5616 2046 5686; baseline 0.003 -17"><span class='ocrx_word' id='word_1_764' title='bbox 473 5631 632 5670; x_wconf 88' lang='lat' dir='ltr'><strong>neum</strong></span> <span class='ocrx_word' id='word_1_765' title='bbox 659 5616 837 5684; x_wconf 82' lang='lat' dir='ltr'><strong>ipsum</strong></span> <span class='ocrx_word' id='word_1_766' title='bbox 891 5618 1120 5686; x_wconf 90' lang='lat' dir='ltr'><strong>posuisti</strong></span> <span class='ocrx_word' id='word_1_767' title='bbox 1165 5619 1220 5673; x_wconf 93' lang='lat' dir='ltr'><strong>in</strong></span> <span class='ocrx_word' id='word_1_768' title='bbox 1249 5621 1432 5674; x_wconf 88' lang='lat' dir='ltr'><strong>terra?</strong></span> <span class='ocrx_word' id='word_1_769' title='bbox 1483 5619 1756 5674; x_wconf 88' lang='lat' dir='ltr'><strong>abstulisti</strong></span> <span class='ocrx_word' id='word_1_770' title='bbox 1803 5633 1932 5673; x_wconf 89' lang='lat' dir='ltr'><strong>vero</strong></span> <span class='ocrx_word' id='word_1_771' title='bbox 1980 5619 2046 5674; x_wconf 90' lang='lat' dir='ltr'><strong>ab</strong></span> 
     </span>
    </p>
   </div>
   <div class='ocr_carea' id='block_1_105' title="bbox 473 5703 2048 5781">
    <p class='ocr_par' dir='ltr' id='par_1_105' title="bbox 473 5703 2048 5781">
     <span class='ocr_line' id='line_1_105' title="bbox 473 5703 2048 5781; baseline 0.004 -22"><span class='ocrx_word' id='word_1_772' title='bbox 473 5703 653 5775; x_wconf 88' lang='lat' dir='ltr'><strong>impiis</strong></span> <span class='ocrx_word' id='word_1_773' title='bbox 691 5707 924 5761; x_wconf 86' lang='lat' dir='ltr'><strong>lumen?</strong></span> <span class='ocrx_word' id='word_1_774' title='bbox 963 5707 1244 5764; x_wconf 85' lang='lat' dir='ltr'><strong>brachium</strong></span> <span class='ocrx_word' id='word_1_775' title='bbox 1285 5721 1465 5766; x_wconf 87' lang='lat' dir='ltr'><strong>autem</strong></span> <span class='ocrx_word' id='word_1_776' title='bbox 1513 5711 1874 5781; x_wconf 85' lang='lat' dir='ltr'><strong>superborum</strong></span> <span class='ocrx_word' id='word_1_777' title='bbox 1913 5725 2048 5768; x_wconf 91' lang='lat' dir='ltr'><strong>con-</strong></span> 
     </span>
    </p>
   </div>
   <div class='ocr_carea' id='block_1_106' title="bbox 541 5863 2057 5932">
    <p class='ocr_par' dir='ltr' id='par_1_106' title="bbox 541 5863 2057 5931">
     <span class='ocr_line' id='line_1_106' title="bbox 541 5863 2057 5931; baseline 0.006 -15"><span class='ocrx_word' id='word_1_778' title='bbox 541 5863 589 5894; x_wconf 84' lang='lat'><strong>“</strong></span> <span class='ocrx_word' id='word_1_779' title='bbox 619 5863 789 5919; x_wconf 66' lang='lat' dir='ltr'><strong>Exod.</strong></span> <span class='ocrx_word' id='word_1_780' title='bbox 835 5880 918 5928; x_wconf 81' lang='grc' dir='ltr'><strong>ιιι.</strong></span> <span class='ocrx_word' id='word_1_781' title='bbox 942 5865 994 5928; x_wconf 72' lang='grc'>4,</span> <span class='ocrx_word' id='word_1_782' title='bbox 1021 5865 1072 5920; x_wconf 83' lang='lat'><strong>5.</strong></span> <span class='ocrx_word' id='word_1_783' title='bbox 1149 5865 1192 5898; x_wconf 81' lang='grc'><strong>⁸⁷</strong></span> <span class='ocrx_word' id='word_1_784' title='bbox 1225 5863 1360 5920; x_wconf 88' lang='lat' dir='ltr'><strong>Dan.</strong></span> <span class='ocrx_word' id='word_1_785' title='bbox 1385 5880 1480 5931; x_wconf 84' lang='lat' dir='ltr'><strong>vn,</strong></span> <span class='ocrx_word' id='word_1_786' title='bbox 1523 5863 1608 5922; x_wconf 79' lang='grc'>10.</span> <span class='ocrx_word' id='word_1_787' title='bbox 1687 5865 1732 5900; x_wconf 80' lang='grc'><strong>⁸⁸</strong></span> <span class='ocrx_word' id='word_1_788' title='bbox 1767 5864 1890 5924; x_wconf 80' lang='lat' dir='ltr'><strong>Job.</strong></span> <span class='ocrx_word' id='word_1_789' title='bbox 1920 5884 2057 5926; x_wconf 74' lang='lat' dir='ltr'><strong>xxxv</strong></span> 
     </span>
    </p>
   </div>
   <div class='ocr_carea' id='block_1_107' title="bbox 2164 5863 2356 5932">
    <p class='ocr_par' dir='ltr' id='par_1_107' title="bbox 2189 5867 2356 5932">
     <span class='ocr_line' id='line_1_107' title="bbox 2189 5867 2356 5932; baseline -0.018 -4"><span class='ocrx_word' id='word_1_790' title='bbox 2189 5869 2240 5932; x_wconf 78' lang='grc' dir='ltr'><strong>ί.</strong></span> <span class='ocrx_word' id='word_1_791' title='bbox 2267 5867 2356 5925; x_wconf 67' lang='grc'>45.</span> 
     </span>
    </p>
   </div>
   <div class='ocr_carea' id='block_1_108' title="bbox 2157 4784 3734 4860">
    <p class='ocr_par' dir='ltr' id='par_1_108' title="bbox 2157 4784 3734 4860">
     <span class='ocr_line' id='line_1_108' title="bbox 2157 4784 3734 4860; baseline 0.001 -18"><span class='ocrx_word' id='word_1_792' title='bbox 2157 4787 2269 4842; x_wconf 81' lang='grc' dir='ltr'><strong>Ποῦ</strong></span> <span class='ocrx_word' id='word_1_793' title='bbox 2303 4784 2370 4860; x_wconf 83' lang='grc' dir='ltr'>ἦς</span> <span class='ocrx_word' id='word_1_794' title='bbox 2409 4787 2467 4840; x_wconf 79' lang='grc' dir='ltr'>ὲν</span> <span class='ocrx_word' id='word_1_795' title='bbox 2502 4785 2579 4857; x_wconf 84' lang='grc' dir='ltr'>τῷ</span> <span class='ocrx_word' id='word_1_796' title='bbox 2605 4785 2884 4857; x_wconf 75' lang='grc' dir='ltr'>Θεμελιδῦν</span> <span class='ocrx_word' id='word_1_797' title='bbox 2944 4803 3010 4855; x_wconf 86' lang='grc' dir='ltr'><strong>με</strong></span> <span class='ocrx_word' id='word_1_798' title='bbox 3042 4785 3142 4856; x_wconf 81' lang='grc' dir='ltr'><strong>τὴν</strong></span> <span class='ocrx_word' id='word_1_799' title='bbox 3199 4787 3336 4858; x_wconf 86' lang='grc' dir='ltr'><strong>γῆν;</strong></span> <span class='ocrx_word' id='word_1_800' title='bbox 3375 4789 3734 4858; x_wconf 82' lang='grc' dir='ltr'>Ἀπάγγειλον</span> 
     </span>
    </p>
   </div>
   <div class='ocr_carea' id='block_1_109' title="bbox 2155 4873 3732 4953">
    <p class='ocr_par' dir='ltr' id='par_1_109' title="bbox 2155 4873 3732 4953">
     <span class='ocr_line' id='line_1_109' title="bbox 2155 4873 3732 4953; baseline -0.001 -19"><span class='ocrx_word' id='word_1_801' title='bbox 2155 4880 2221 4952; x_wconf 83' lang='grc' dir='ltr'>δή</span> <span class='ocrx_word' id='word_1_802' title='bbox 2258 4899 2344 4951; x_wconf 87' lang='grc' dir='ltr'>μοι</span> <span class='ocrx_word' id='word_1_803' title='bbox 2378 4873 2425 4932; x_wconf 70' lang='grc' dir='ltr'>εἰ</span> <span class='ocrx_word' id='word_1_804' title='bbox 2451 4880 2738 4933; x_wconf 76' lang='grc' dir='ltr'>ἐπίστασαι</span> <span class='ocrx_word' id='word_1_805' title='bbox 2781 4875 3012 4938; x_wconf 87' lang='grc' dir='ltr'>σύνεσιν,</span> <span class='ocrx_word' id='word_1_806' title='bbox 3043 4875 3126 4939; x_wconf 83' lang='grc' dir='ltr'><strong>τίς</strong></span> <span class='ocrx_word' id='word_1_807' title='bbox 3153 4875 3305 4931; x_wconf 78' lang='grc' dir='ltr'>ἔθετο</span> <span class='ocrx_word' id='word_1_808' title='bbox 3333 4878 3401 4932; x_wconf 78' lang='grc' dir='ltr'>τὰ</span> <span class='ocrx_word' id='word_1_809' title='bbox 3429 4878 3604 4953; x_wconf 79' lang='grc' dir='ltr'>μέτρα</span> <span class='ocrx_word' id='word_1_810' title='bbox 3637 4881 3732 4933; x_wconf 77' lang='grc' dir='ltr'><strong>αὺ-</strong></span> 
     </span>
    </p>
   </div>
   <div class='ocr_carea' id='block_1_110' title="bbox 2155 4965 3732 5043">
    <p class='ocr_par' dir='ltr' id='par_1_110' title="bbox 2155 4965 3732 5043">
     <span class='ocr_line' id='line_1_110' title="bbox 2155 4965 3732 5043; baseline -0.003 -18"><span class='ocrx_word' id='word_1_811' title='bbox 2155 4972 2272 5043; x_wconf 85' lang='grc' dir='ltr'>τῆς,</span> <span class='ocrx_word' id='word_1_812' title='bbox 2297 4972 2345 5024; x_wconf 79' lang='grc' dir='ltr'>εἰ</span> <span class='ocrx_word' id='word_1_813' title='bbox 2374 4967 2538 5035; x_wconf 69' lang='grc' dir='ltr'>οἶδας,</span> <span class='ocrx_word' id='word_1_814' title='bbox 2567 4989 2585 5021; x_wconf 74' lang='grc' dir='ltr'><strong>ι</strong></span> <span class='ocrx_word' id='word_1_815' title='bbox 2623 4969 2796 5024; x_wconf 77' lang='grc' dir='ltr'>καὶτὰ</span> <span class='ocrx_word' id='word_1_816' title='bbox 2819 4965 2964 5040; x_wconf 78' lang='grc' dir='ltr'><strong>ἑξῆς·</strong></span> <span class='ocrx_word' id='word_1_817' title='bbox 2995 4988 3014 5021; x_wconf 68' lang='grc' dir='ltr'><strong>ι</strong></span> <span class='ocrx_word' id='word_1_818' title='bbox 3038 4968 3163 5021; x_wconf 85' lang='grc' dir='ltr'>Ὅτε</span> <span class='ocrx_word' id='word_1_819' title='bbox 3194 4969 3546 5041; x_wconf 80' lang='grc' dir='ltr'>ἐγενήθησαν,</span> <span class='ocrx_word' id='word_1_820' title='bbox 3577 4989 3593 5022; x_wconf 74' lang='grc' dir='ltr'><strong>ι</strong></span> <span class='ocrx_word' id='word_1_821' title='bbox 3629 4989 3732 5043; x_wconf 70' lang='grc' dir='ltr'><strong>φης</strong></span> 
     </span>
    </p>
   </div>
   <div class='ocr_carea' id='block_1_111' title="bbox 2156 5062 3732 5136">
    <p class='ocr_par' dir='ltr' id='par_1_111' title="bbox 2156 5062 3732 5136">
     <span class='ocr_line' id='line_1_111' title="bbox 2156 5062 3732 5136; baseline 0 -20"><span class='ocrx_word' id='word_1_822' title='bbox 2156 5063 2260 5128; x_wconf 65' lang='lat' dir='ltr'><strong>civ,</strong></span> <span class='ocrx_word' id='word_1_823' title='bbox 2298 5083 2316 5116; x_wconf 75' lang='grc' dir='ltr'>ι</span> <span class='ocrx_word' id='word_1_824' title='bbox 2352 5063 2546 5136; x_wconf 75' lang='grc' dir='ltr'>ἄστρα,</span> <span class='ocrx_word' id='word_1_825' title='bbox 2581 5063 2779 5134; x_wconf 73' lang='grc' dir='ltr'>ᾔνεσάν</span> <span class='ocrx_word' id='word_1_826' title='bbox 2811 5081 2876 5136; x_wconf 89' lang='grc' dir='ltr'><strong>με</strong></span> <span class='ocrx_word' id='word_1_827' title='bbox 2901 5067 3052 5136; x_wconf 85' lang='grc' dir='ltr'><strong>φωνῇ</strong></span> <span class='ocrx_word' id='word_1_828' title='bbox 3088 5062 3294 5134; x_wconf 77' lang='grc' dir='ltr'>μεγάλῃ</span> <span class='ocrx_word' id='word_1_829' title='bbox 3339 5062 3539 5126; x_wconf 80' lang='grc' dir='ltr'>πάντες</span> <span class='ocrx_word' id='word_1_830' title='bbox 3567 5063 3732 5132; x_wconf 76' lang='grc' dir='ltr'>ἀγγε-</span> 
     </span>
    </p>
   </div>
   <div class='ocr_carea' id='block_1_112' title="bbox 2150 5155 3728 5228">
    <p class='ocr_par' dir='ltr' id='par_1_112' title="bbox 2150 5155 3728 5228">
     <span class='ocr_line' id='line_1_112' title="bbox 2150 5155 3728 5228; baseline 0.001 -20"><span class='ocrx_word' id='word_1_831' title='bbox 2150 5155 2230 5208; x_wconf 86' lang='grc' dir='ltr'><strong>λοί</strong></span> <span class='ocrx_word' id='word_1_832' title='bbox 2269 5173 2390 5226; x_wconf 85' lang='grc' dir='ltr'>μου.</span> <span class='ocrx_word' id='word_1_833' title='bbox 2427 5156 2678 5228; x_wconf 80' lang='grc' dir='ltr'>’Ἑφραξα</span> <span class='ocrx_word' id='word_1_834' title='bbox 2709 5156 2766 5210; x_wconf 83' lang='grc' dir='ltr'>δὲ</span> <span class='ocrx_word' id='word_1_835' title='bbox 2795 5156 3070 5210; x_wconf 85' lang='grc' dir='ltr'>θάλασσαν</span> <span class='ocrx_word' id='word_1_836' title='bbox 3104 5155 3317 5218; x_wconf 76' lang='grc' dir='ltr'>πύλαις.</span> <span class='ocrx_word' id='word_1_837' title='bbox 3357 5175 3376 5206; x_wconf 73' lang='grc' dir='ltr'><strong><em>ο</em></strong></span> <span class='ocrx_word' id='word_1_838' title='bbox 3411 5155 3522 5208; x_wconf 79' lang='grc' dir='ltr'><strong>Καὶ</strong></span> <span class='ocrx_word' id='word_1_839' title='bbox 3569 5155 3728 5226; x_wconf 47' lang='grc' dir='ltr'><strong>ἑξῆς</strong></span> 
     </span>
    </p>
   </div>
   <div class='ocr_carea' id='block_1_113' title="bbox 2156 5244 3732 5320">
    <p class='ocr_par' dir='ltr' id='par_1_113' title="bbox 2156 5244 3732 5320">
     <span class='ocr_line' id='line_1_113' title="bbox 2156 5244 3732 5320; baseline 0 -22"><span class='ocrx_word' id='word_1_840' title='bbox 2156 5265 2173 5298; x_wconf 77' lang='grc' dir='ltr'><strong>ι</strong></span> <span class='ocrx_word' id='word_1_841' title='bbox 2209 5244 2283 5300; x_wconf 86' lang='grc' dir='ltr'><strong>Ἦ</strong></span> <span class='ocrx_word' id='word_1_842' title='bbox 2317 5249 2408 5300; x_wconf 74' lang='grc' dir='ltr'><strong>ἐπὶ</strong></span> <span class='ocrx_word' id='word_1_843' title='bbox 2436 5248 2527 5302; x_wconf 77' lang='grc' dir='ltr'>σοῦ</span> <span class='ocrx_word' id='word_1_844' title='bbox 2563 5249 2858 5320; x_wconf 82' lang='grc' dir='ltr'>συντέταχα</span> <span class='ocrx_word' id='word_1_845' title='bbox 2887 5248 3086 5317; x_wconf 84' lang='grc' dir='ltr'>φέγγος</span> <span class='ocrx_word' id='word_1_846' title='bbox 3111 5246 3376 5318; x_wconf 78' lang='grc' dir='ltr'>πρωῖνόν.</span> <span class='ocrx_word' id='word_1_847' title='bbox 3421 5245 3732 5318; x_wconf 70' lang='grc' dir='ltr'>Ἐωσφόρος</span> 
     </span>
    </p>
   </div>
   <div class='ocr_carea' id='block_1_114' title="bbox 2149 5335 3728 5410">
    <p class='ocr_par' dir='ltr' id='par_1_114' title="bbox 2149 5335 3728 5410">
     <span class='ocr_line' id='line_1_114' title="bbox 2149 5335 3728 5410; baseline 0.001 -19"><span class='ocrx_word' id='word_1_848' title='bbox 2149 5338 2206 5391; x_wconf 80' lang='grc' dir='ltr'>δὲ</span> <span class='ocrx_word' id='word_1_849' title='bbox 2244 5339 2422 5393; x_wconf 78' lang='grc' dir='ltr'>ἐπεῖδε</span> <span class='ocrx_word' id='word_1_850' title='bbox 2467 5339 2563 5410; x_wconf 77' lang='grc' dir='ltr'>τὴν</span> <span class='ocrx_word' id='word_1_851' title='bbox 2609 5339 2802 5392; x_wconf 76' lang='grc' dir='ltr'>ἑαυτοῦ</span> <span class='ocrx_word' id='word_1_852' title='bbox 2849 5340 3028 5406; x_wconf 61' lang='lat' dir='ltr'><strong>rigui;</strong></span> <span class='ocrx_word' id='word_1_853' title='bbox 3073 5359 3091 5390; x_wconf 74' lang='grc' dir='ltr'>ι</span> <span class='ocrx_word' id='word_1_854' title='bbox 3127 5339 3238 5393; x_wconf 80' lang='lat' dir='ltr'><strong>Kcr&#39;t</strong></span> <span class='ocrx_word' id='word_1_855' title='bbox 3271 5336 3460 5392; x_wconf 81' lang='grc' dir='ltr'>πάλιν·</span> <span class='ocrx_word' id='word_1_856' title='bbox 3499 5359 3520 5390; x_wconf 75' lang='grc' dir='ltr'>ι</span> <span class='ocrx_word' id='word_1_857' title='bbox 3555 5335 3634 5392; x_wconf 85' lang='grc' dir='ltr'>Ἦ</span> <span class='ocrx_word' id='word_1_858' title='bbox 3665 5341 3728 5393; x_wconf 80' lang='grc' dir='ltr'>σὺ</span> 
     </span>
    </p>
   </div>
   <div class='ocr_carea' id='block_1_115' title="bbox 2150 5428 3726 5502">
    <p class='ocr_par' dir='ltr' id='par_1_115' title="bbox 2150 5428 3726 5502">
     <span class='ocr_line' id='line_1_115' title="bbox 2150 5428 3726 5502; baseline 0.001 -20"><span class='ocrx_word' id='word_1_859' title='bbox 2150 5429 2329 5482; x_wconf 81' lang='grc' dir='ltr'>λαϐὼν</span> <span class='ocrx_word' id='word_1_860' title='bbox 2362 5431 2466 5500; x_wconf 76' lang='grc' dir='ltr'>γῆς</span> <span class='ocrx_word' id='word_1_861' title='bbox 2498 5429 2666 5502; x_wconf 79' lang='grc' dir='ltr'>πηλὸν</span> <span class='ocrx_word' id='word_1_862' title='bbox 2707 5429 2946 5494; x_wconf 82' lang='grc' dir='ltr'>ἔπλασας</span> <span class='ocrx_word' id='word_1_863' title='bbox 2973 5430 3130 5494; x_wconf 80' lang='grc' dir='ltr'>ζῶον,</span> <span class='ocrx_word' id='word_1_864' title='bbox 3163 5429 3256 5482; x_wconf 82' lang='grc' dir='ltr'>καὶ</span> <span class='ocrx_word' id='word_1_865' title='bbox 3297 5428 3528 5500; x_wconf 81' lang='grc' dir='ltr'>λαλητὸν</span> <span class='ocrx_word' id='word_1_866' title='bbox 3567 5431 3726 5483; x_wconf 75' lang='grc' dir='ltr'>αὑτὸν</span> 
     </span>
    </p>
   </div>
   <div class='ocr_carea' id='block_1_116' title="bbox 2153 5521 3721 5594">
    <p class='ocr_par' dir='ltr' id='par_1_116' title="bbox 2153 5521 3721 5594">
     <span class='ocr_line' id='line_1_116' title="bbox 2153 5521 3721 5594; baseline -0.013 -2"><span class='ocrx_word' id='word_1_867' title='bbox 2153 5523 2274 5578; x_wconf 76' lang='grc' dir='ltr'><strong>ἔθου</strong></span> <span class='ocrx_word' id='word_1_868' title='bbox 2297 5523 2390 5577; x_wconf 73' lang='grc' dir='ltr'><strong>ἐπὶ</strong></span> <span class='ocrx_word' id='word_1_869' title='bbox 2419 5523 2518 5594; x_wconf 83' lang='grc' dir='ltr'>τῆς</span> <span class='ocrx_word' id='word_1_870' title='bbox 2555 5523 2688 5592; x_wconf 80' lang='grc' dir='ltr'>γῆςς</span> <span class='ocrx_word' id='word_1_871' title='bbox 2725 5522 2940 5591; x_wconf 82' lang='grc' dir='ltr'>ἀφεῖλες</span> <span class='ocrx_word' id='word_1_872' title='bbox 2977 5521 3032 5575; x_wconf 82' lang='grc' dir='ltr'>δὲ</span> <span class='ocrx_word' id='word_1_873' title='bbox 3075 5523 3182 5576; x_wconf 75' lang='grc' dir='ltr'><strong>ἀπὸ</strong></span> <span class='ocrx_word' id='word_1_874' title='bbox 3227 5521 3438 5576; x_wconf 83' lang='grc' dir='ltr'>ἀσεϐῶν</span> <span class='ocrx_word' id='word_1_875' title='bbox 3475 5521 3536 5574; x_wconf 76' lang='grc' dir='ltr'><strong>τδ</strong></span> <span class='ocrx_word' id='word_1_876' title='bbox 3579 5521 3721 5590; x_wconf 82' lang='grc' dir='ltr'><strong>φῶς;</strong></span> 
     </span>
    </p>
   </div>
   <div class='ocr_carea' id='block_1_117' title="bbox 2155 5609 3724 5688">
    <p class='ocr_par' dir='ltr' id='par_1_117' title="bbox 2155 5609 3724 5688">
     <span class='ocr_line' id='line_1_117' title="bbox 2155 5609 3724 5688; baseline -0.003 -18"><span class='ocrx_word' id='word_1_877' title='bbox 2155 5615 2410 5688; x_wconf 79' lang='grc' dir='ltr'>βραχίονα</span> <span class='ocrx_word' id='word_1_878' title='bbox 2453 5615 2495 5667; x_wconf 81' lang='grc' dir='ltr'>δ’</span> <span class='ocrx_word' id='word_1_879' title='bbox 2536 5614 2895 5684; x_wconf 83' lang='grc' dir='ltr'>ὑπερηφάνων</span> <span class='ocrx_word' id='word_1_880' title='bbox 2931 5613 3280 5685; x_wconf 72' lang='grc' dir='ltr'>συνέτριψας;</span> <span class='ocrx_word' id='word_1_881' title='bbox 3333 5609 3496 5682; x_wconf 85' lang='grc' dir='ltr'>ἦλθες</span> <span class='ocrx_word' id='word_1_882' title='bbox 3535 5613 3592 5666; x_wconf 79' lang='grc' dir='ltr'>δὲ</span> <span class='ocrx_word' id='word_1_883' title='bbox 3635 5615 3724 5666; x_wconf 69' lang='grc' dir='ltr'><strong>ἐπὶ</strong></span> 
     </span>
    </p>
   </div>
   <div class='ocr_carea' id='block_1_118' title="bbox 2152 5706 3712 5782">
    <p class='ocr_par' dir='ltr' id='par_1_118' title="bbox 2152 5706 3712 5782">
     <span class='ocr_line' id='line_1_118' title="bbox 2152 5706 3712 5782; baseline -0.003 -17"><span class='ocrx_word' id='word_1_884' title='bbox 2152 5711 2333 5782; x_wconf 73' lang='grc' dir='ltr'>πηγὴν</span> <span class='ocrx_word' id='word_1_885' title='bbox 2363 5708 2663 5779; x_wconf 82' lang='grc' dir='ltr'>Θαλάσσης,</span> <span class='ocrx_word' id='word_1_886' title='bbox 2702 5709 2758 5760; x_wconf 85' lang='grc' dir='ltr'><strong>ὲν</strong></span> <span class='ocrx_word' id='word_1_887' title='bbox 2794 5707 2850 5760; x_wconf 84' lang='grc' dir='ltr'>δὲ</span> <span class='ocrx_word' id='word_1_888' title='bbox 2881 5706 3080 5777; x_wconf 71' lang='grc' dir='ltr'>ἴχνεσιν</span> <span class='ocrx_word' id='word_1_889' title='bbox 3121 5706 3356 5760; x_wconf 70' lang='grc' dir='ltr'>ἀϐύσσου</span> <span class='ocrx_word' id='word_1_890' title='bbox 3389 5707 3712 5778; x_wconf 69' lang='grc' dir='ltr'>περιεπάτη-</span> 
     </span>
    </p>
   </div>
   <div class='ocr_carea' id='block_1_119' title="bbox 2435 5863 3158 5925">
    <p class='ocr_par' dir='ltr' id='par_1_119' title="bbox 2435 5863 3158 5925">
     <span class='ocr_line' id='line_1_119' title="bbox 2435 5863 3158 5925; baseline -0.004 0"><span class='ocrx_word' id='word_1_891' title='bbox 2435 5867 2479 5902; x_wconf 81' lang='grc'><strong>⁸⁹</strong></span> <span class='ocrx_word' id='word_1_892' title='bbox 2509 5868 2642 5925; x_wconf 86' lang='lat' dir='ltr'><strong>ibid.</strong></span> <span class='ocrx_word' id='word_1_893' title='bbox 2683 5867 2733 5923; x_wconf 84' lang='lat'><strong>7.</strong></span> <span class='ocrx_word' id='word_1_894' title='bbox 2805 5865 2854 5900; x_wconf 79' lang='lat'><strong>&#39;°</strong></span> <span class='ocrx_word' id='word_1_895' title='bbox 2901 5863 3034 5922; x_wconf 87' lang='lat' dir='ltr'><strong>ibid.</strong></span> <span class='ocrx_word' id='word_1_896' title='bbox 3073 5865 3158 5922; x_wconf 71' lang='lat'><strong>12.</strong></span> 
     </span>
    </p>
   </div>
  </div>
