3894 6516
145 436 227 489 ml

1041 438 1687 501 DEMONSTRATIONIS
1725 444 2173 504 EVANGELICE
2212 444 2339 504 LIB.
2376 444 2445 505 ν.

3284 452 3384 508 409

142 568 266 613 σαςς
300 549 617 619 ἀνοίγονται
639 551 695 604 δέ
723 569 801 606 σοι
830 553 980 625 φόϐῳ
1004 556 1165 610 πύλαι
1192 558 1449 627 Gavisa-ou;
1476 560 1695 634 πυλωρό

1813 562 2050 616 trivisti?
2079 562 2273 617 venisti
2304 569 2481 617 autem
2513 561 2579 617 ad
2614 561 2815 617 fontem
2859 563 3028 621 maris
3058 603 3071 627 ,
3109 574 3161 621 et
3184 564 3237 618 in
3283 582 3378 620 ve-

140 642 187 696 δὲ
236 640 363 711 ᾅδου
424 640 628 705 ἰδόντες
676 659 734 697 σε
785 644 1057 715 ἔπτηξαν;
1099 665 1118 697 ι
1153 649 1262 701 Καὶ
1309 650 1400 702 ἐπὶ
1445 650 1582 704 τέλει
1622 652 1718 706 τοῦ

144 732 328 796 παντὸς
354 734 617 805 χρησμοῦ
645 735 992 807 ἀποκρίνεται
1018 737 1138 791 ’1ὼό
1170 739 1246 810 τῷ
1278 742 1484 813 Κυρίῳ,
1516 742 1714 812 λέγων’

143 842 159 874 ι
194 823 466 876 ’Δκουσον
495 824 556 893 δή
594 842 720 895 μου,
750 825 945 898 Κύριε,
978 827 1064 881 ἵνα
1089 828 1241 897 κάγὼ
1267 830 1501 902 λαλήσω.
1552 833 1717 903 Ἑρω-

138 917 272 985 τήσω
328 914 389 967 δέ
464 933 550 982 σε,
604 919 667 971 σὺ
715 917 771 971 δέ
820 936 887 989 με
926 919 1151 985 δίδαξον.
1193 922 1400 994 Ἀκοὴν’
1435 924 1531 995 μὲν
1580 925 1717 989 ὠτὸς

138 1006 319 1077 ἧκουόν
353 1022 455 1058 σου
484 1008 545 1060 τὸ
571 1009 852 1080 πρότερον,
893 1010 985 1065 νῦν
1025 1012 1082 1065 δὲ
1107 1015 1135 1066 6
1158 1014 1430 1085 ὀφθαλμός
1470 1034 1568 1087 μου
1614 1016 1715 1070 ἐώ-

139 1097 257 1167 ρακὲ
292 1114 374 1150 σε.
410 1098 511 1151 Διὸ
539 1100 801 1168 ὲιραύλισα
830 1103 1085 1173 ἐμαυτὸν,
1112 1105 1205 1159 καὶ
1234 1106 1432 1179 ὲτάκην
1452 1127 1464 1139 ·
1495 1109 1708 1180 ἥγημαι

135 1186 183 1239 δὲ
216 1185 465 1255 ἐμαυτὸν
500 1188 603 1258 γῆν
652 1190 745 1243 καὶ
790 1192 1002 1246 σποδόν.
1049 1211 1066 1244 ι
1097 1194 1217 1248 Ὅτι
1248 1195 1345 1266 μὲν
1377 1192 1469 1250 οὖν
1512 1197 1712 1270 Κυρίου

136 1278 217 1331 τοῦ
247 1281 606 1354 Δημιουργοῦ
636 1284 989 1354 τυγχάνουσιν
1034 1288 1088 1340 αἰ
1129 1289 1478 1359 προκείμεναι
1520 1292 1711 1359 φωναὶ,

133 1370 223 1422 οὐκ
247 1372 310 1422 ἐκ
332 1372 449 1426 τῶν
483 1374 852 1445 προτεθέντων
888 1377 1067 1445 μόνον,
1097 1378 1232 1431 ἀλλά
1276 1382 1368 1433 καὶ
1405 1381 1468 1434 ἐκ
1500 1382 1606 1435 τῶν
1633 1399 1713 1435 σοι

135 1461 469 1531 φαινομένων
511 1462 799 1531 διαγνῶναι
844 1465 1052 1535 ῥᾴδιονο
1092 1466 1173 1519 ὃτι
1220 1468 1278 1522 δὲ
1322 1469 1401 1532 τὸ,
1455 1489 1474 1521 ι
1513 1466 1714 1533 τΗλθες

133 1554 212 1604 ἐπὶ
236 1554 426 1624 πηγὴν
469 1554 768 1625 θαλάσσης,
815 1556 873 1607 ὲν
917 1556 974 1608 δὲ
1020 1558 1223 1627 ἴχνεσιν
1272 1559 1507 1614 ἀϐύσσου
1563 1578 1715 1633 περι-

132 1643 436 1713 επάτησας;
479 1664 502 1695 s
527 1646 621 1698 καὶ
647 1646 727 1709 τὸ,
762 1665 779 1696 ι
815 1645 1139 1715 Ἀνοίγονται
1175 1649 1231 1702 δέ
1254 1667 1335 1703 σοι
1363 1651 1511 1719 φόϐῳ
1550 1651 1714 1705 πύλαι

131 1734 369 1799 θανάτου;
404 1736 656 1808 πυλωροὶ
690 1737 747 1789 δὲ
784 1738 909 1809 ᾆδου
946 1740 1141 1806 ἰδόντες
1168 1760 1226 1795 σε
1255 1742 1517 1813 ἑπτηξαν;
1560 1761 1578 1795 ι
1615 1743 1712 1814 τὴν

138 1827 207 1888 εἰς
238 1825 364 1895 ᾅδου
398 1825 635 1880 κάθοδον
662 1828 757 1881 τοῦ
792 1831 1041 1902 Σωτῆρος
1089 1834 1243 1904 ἡμῶν
1276 1834 1538 1899 θεσπίζει,
1573 1836 1712 1890 κατά

1818 652 1994 721 sxigiis
2028 652 2205 723 abyssi
2264 650 3117 724 deambulasti?aperiunturque
3163 654 3259 708 tibi
3305 654 3377 708 ti-

1817 760 1967 799 more
1990 754 2158 813 portze
2182 744 2415 799 mortis?
2439 752 2494 799 et
2509 745 2775 814 janitores
2793 745 3089 802 inferorum
3133 747 3379 803 videntes

1817 842 1869 889 te
1897 835 2069 889 territi
2105 844 2233 889 sunt
2262 834 2305 866 “
2330 838 2354 887 ’ἰ
2384 854 2401 886 ι
2438 834 2642 892 Deinde
2699 837 2751 892 in
2810 837 2914 893 fine
2943 839 3109 894 totius
3145 838 3376 904 oraculi,

1815 928 2104 997 respondet
2128 926 2229 982 Job
2255 926 2503 991 Domino,
2536 928 2723 984 dicens
2747 944 2759 981 :
2793 947 2813 981 ι
2836 927 2975 984 Audi
3004 930 3115 999 jam
3140 946 3244 997 me,
3272 930 3378 984 Do-

1815 1019 1980 1084 mine,
2010 1026 2069 1073 ut
2097 1020 2260 1074 etiam
2292 1034 2391 1087 ego
2424 1019 2635 1088 loquar,
2670 1028 2723 1074 et
2755 1022 3096 1092 interrogabo
3130 1029 3203 1087 te,
3236 1028 3297 1089 et.
3317 1029 3376 1077 tu

1816 1125 1901 1166 me
1934 1110 2147 1166 doceto.
2190 1110 2394 1165 Auditu
2438 1113 2655 1182 quidem
2699 1112 2848 1169 auris
2896 1113 3075 1167 audivi
3106 1121 3159 1168 te
3202 1114 3373 1184 prius,

1815 1219 1960 1258 nunc
1988 1211 2165 1257 autem
2221 1202 2414 1258 oculus
2457 1218 2612 1258 mens
2642 1203 2777 1257 vidit
2807 1212 2879 1259 te.
2913 1206 3179 1272 Quocirca
3216 1207 3374 1262 vilem

1816 1294 1978 1349 habui
2030 1292 2316 1363 meipsum,
2384 1300 2438 1348 et
2491 1292 2815 1363 liquefactus
2871 1310 3014 1360 sum,
3082 1303 3136 1351 et
3192 1296 3376 1367 putavi

1815 1385 2079 1455 meipsum
2112 1392 2310 1439 terram
2360 1392 2413 1438 et
2454 1384 2691 1439 cinerem
2710 1387 2778 1440 θ’.
2812 1404 2831 1438 ι
2871 1385 3083 1441 Domini
3107 1387 3267 1459 igitur
3290 1403 3371 1444 re-

1812 1491 1933 1530 rum
1968 1473 2190 1545 Opificis
2229 1476 2508 1546 expositas
2561 1476 2723 1531 modo
2756 1493 2878 1534 esse
2927 1494 3109 1542 voces,
3135 1494 3244 1536 non
3285 1495 3373 1538 so-

1813 1568 1924 1622 lum
1950 1582 2018 1623 ex
2046 1567 2135 1631 iis,
2164 1582 2284 1639 quae
2310 1568 2591 1637 proposita
2623 1576 2772 1633 sunt,
2797 1585 2984 1625 verum
3008 1570 3168 1624 etiam
3194 1585 3257 1625 ex
3285 1570 3372 1634 iis,

1812 1675 1932 1730 quae
1977 1660 2072 1715 tibi
2108 1659 2213 1731 ipsi
2266 1660 2578 1726 videantur,
2624 1662 2944 1733 dignoscere
2978 1662 3133 1717 facile
3154 1670 3235 1717 est
3263 1699 3276 1713 .
3313 1662 3378 1717 il-

1812 1753 1903 1807 lud
1927 1769 2053 1810 vero
2078 1793 2093 1819 ,
2130 1773 2149 1805 ι
2176 1752 2385 1809 Venisti
2414 1754 2481 1809 ad
2511 1754 2713 1810 fontem
2740 1756 2928 1819 maris,
2962 1763 3017 1810 et
3046 1756 3102 1810 in
3134 1754 3373 1825 vestigiis

1813 1844 1999 1916 abyssi
2056 1844 2451 1902 deambulasti?
2485 1864 2504 1899 ι
2552 1853 2606 1900 et
2644 1844 2799 1909 illud,
2836 1864 2855 1897 ‹
2883 1845 3215 1914 Aperiuntur
3250 1861 3372 1901 vero

134 1916 212 1967 τὸν
260 1918 623 1987 προσήκοντα
666 1920 853 1991 καιρὸν
899 1922 1274 1994 ἀποδείξομενο
1316 1926 1565 1981 τοσοῦτον
1613 1928 1695 1980 vin

1806 1938 1901 1992 tibi
1932 1937 2125 1993 timore
2151 1947 2321 2008 porta:
2351 1939 2540 1994 mortis
2563 1978 2578 2002 ,
2640 1946 2696 1993 et
2750 1938 3018 2009 janitores
3074 1938 3370 1993 inferorum

135 2009 621 2080 ἔπισημηνάμενοι,
661 2011 737 2075 ὡς
780 2013 977 2083 μᾶλλον
1012 2014 1089 2085 τῷ
1119 2015 1235 2087 Θεῷ
1270 2017 1426 2087 Λόγῳ
1453 2019 1596 2090 ἤπερ
1624 2019 1701 2091 τῷ

132 2098 236 2169 Θεῷ
250 2099 355 2152 τῶν
379 2101 527 2155 ὅλων
550 2102 616 2155 τὰ
642 2103 780 2158 κατὰ
799 2104 889 2157 τὸν
905 2106 1066 2160 τόπον
1087 2107 1392 2161 ἀνατιθέναι
1415 2111 1691 2181 προσήκει.

142 2190 192 2245 Ὁ
203 2190 329 2257 γοῦν
344 2191 499 2256 Ἰὼϐ,
522 2191 669 2262 ἑξῆς,
691 2194 891 2263 ὁμοίως
906 2197 1018 2260 τοῖς
1039 2198 1307 2269 πατράσιν
1323 2199 1480 2251 αὐτὸν
1499 2199 1562 2272 δὴ
1576 2200 1699 2253 τοῦ-

134 2299 209 2334 τον
232 2283 318 2335 τὸν
343 2286 403 2336 ἐν
434 2286 635 2355 ἀρχαῖς
665 2285 751 2338 διὰ
782 2285 1038 2351 λαίλαπος
1078 2290 1171 2343 καὶ
1220 2290 1395 2360 νεφῶν
1435 2293 1699 2363 χρηματί-

136 2370 273 2433 ζοντα
296 2372 454 2443 αὐτῷ
488 2373 711 2445 Κύριον,
732 2375 961 2448 αύτοψίᾳ
988 2377 1382 2452 τεθεωρηκέναι
1413 2386 1693 2455 μαρτυρεῖ,

136 2460 304 2527 λέγων·
333 2483 352 2514 ι
384 2463 662 2516 Ἄκουσον
703 2464 760 2518 δέ
794 2483 914 2536 μου,
932 2466 1121 2536 Κύριε,
1159 2469 1245 2522 ἵνα
1276 2469 1429 2538 κάγὼ
1457 2471 1691 2543 λαλήσω.

142 2550 416 2623 Ἐρωτήσω
451 2554 512 2607 δέ
548 2572 628 2619 σε,
668 2557 730 2609 σὺ
762 2555 820 2610 δέ
852 2574 917 2628 με
946 2558 1172 2624 δίδαξον.
1214 2562 1405 2632 Ἀκοὴν
1435 2562 1533 2633 μὲν
1559 2564 1695 2629 ὠτὸς

134 2642 306 2709 ἧκονόν
334 2661 433 2697 σου
478 2646 853 2719 τὸοπρότερον,
878 2649 972 2703 νῦν
1006 2650 1060 2702 δὲ
1102 2653 1130 2703 6
1161 2651 1431 2723 ὀφθαλμός
1466 2671 1563 2724 μου
1591 2654 1692 2708 ἑώ-

136 2734 251 2801 ρακέ
278 2751 351 2788 σε.
388 2736 491 2789 Διὸ
523 2738 785 2806 ὲφαύλισα
818 2740 1072 2810 ἐμαυτὸν,
1099 2742 1192 2795 καὶ
1224 2744 1450 2814 ὲτάκην·
1479 2745 1693 2817 ἥγημαι

132 2824 178 2875 δὲ
201 2827 435 2895 ἐμαυτὸν
472 2828 573 2898 γῆν
605 2830 699 2882 καὶ
731 2831 941 2884 σποδόν.
982 2851 1000 2884 ι
1032 2833 1156 2897 Πῶς
1179 2834 1224 2887 δ’
1248 2835 1312 2888 ἂν
1329 2834 1418 2890 τὸν
1437 2837 1693 2892 ἀνωτάτω

131 2913 263 2979 Θεὸν,
291 2918 382 2971 τὸν
404 2918 523 2971 τῶν
546 2920 680 2973 ὅλων
706 2923 979 2987 ἐπέκεινα,
1006 2924 1102 2996 τὴν
1127 2925 1389 2997 ἄτρεπτον
1415 2930 1507 2981 καὶ
1536 2929 1692 2997 ἀγέν-

132 3025 267 3079 νητον
291 3011 511 3073 οὐσίαν,
543 3013 721 3083 σάρκα
747 3015 1178 3090 περιϐεϐλημένη
1376 3021 1468 3073 καὶ
1493 3020 1691 3090 ὀφθαλ-

133 3100 210 3169 μοὶ
241 3101 458 3173 θνητῶν
489 3105 801 3171 ἐθεάσαντο,
837 3110 884 3161 εἰ
927 3111 999 3182 μὴ
1043 3113 1149 3182 ἄρα
1194 3113 1378 3183 σαφῶς
1418 3116 1693 3173 κάνταῦθα

133 3192 479 3250 ύποὸαίνοντα
520 3198 611 3250 τοῦ
655 3200 854 3255 οἰκείου
900 3204 1162 3272 μεγέθους
1199 3206 1289 3260 τὸν
1329 3207 1459 3261 Θεὸν
1497 3210 1685 3279 Λόγον,

1803 2028 2050 2085 videntes
2070 2038 2123 2085 te
2151 2031 2325 2085 territi
2348 2030 2526 2086 sunt?
2562 2049 2581 2081 ι
2620 2029 2922 2086 Salvatoris
2953 2032 3125 2086 nostri
3142 2029 3369 2086 descen-

1805 2136 1926 2176 sum
1981 2122 2049 2177 ad
2105 2121 2310 2178 inferos
2368 2121 2699 2193 significare,
2733 2138 2835 2178 suo
2886 2128 3126 2191 tempore
3148 2122 3372 2177 demon-

1802 2215 2119 2281 strabimus,
2153 2216 2380 2271 simodo
2412 2216 2514 2272 hoc
2536 2216 2656 2271 loco
2686 2216 2737 2270 id
2763 2231 2930 2270 unum
2960 2216 3328 2271 notaverimus
3353 2234 3365 2270 :

1801 2304 1912 2361 Deo
1942 2304 2119 2363 Verbo
2148 2308 2319 2377 magis
2346 2322 2506 2377 quam
2545 2306 2656 2362 Deo
2675 2305 2847 2374 Patri,
2867 2322 2987 2378 quae
3016 2306 3084 2361 ad
3121 2307 3263 2361 hunc
3290 2307 3370 2361 lo-

1799 2408 1923 2450 cum
1948 2396 2236 2465 pertinent,
2261 2411 2381 2451 essc
2399 2396 2703 2452 tribuenda.
2725 2395 2890 2468 258
2915 2395 3020 2452 Job
3042 2398 3225 2468 igitur,
3259 2398 3368 2454 sic-

1802 2494 1861 2541 ut
1908 2488 2069 2542 etiam
2112 2488 2304 2557 reliqui
2350 2496 2555 2557 patres,
2613 2489 2791 2558 ipsum
2849 2489 2995 2544 hunc
3022 2490 3091 2544 ab
3117 2488 3271 2543 initio
3302 2488 3368 2545 de

1799 2581 2011 2638 turbine
2053 2591 2107 2637 et
2148 2582 2383 2639 nubibus
2430 2584 2848 2653 respondentem
2905 2583 3007 2640 sibi
3055 2584 3362 2651 Dominum,

1797 2687 1981 2729 coram
2001 2687 2060 2729 se
2093 2674 2350 2729 intuitum
2382 2691 2503 2731 esse
2534 2678 2879 2742 testificatur,
2912 2674 3103 2730 dicens
3130 2690 3143 2728 :
3183 2694 3201 2727 ι
3225 2676 3363 2731 Audi

1796 2780 1926 2820 vero
1946 2780 2053 2831 me,
2086 2765 2331 2831 Domine,
2392 2775 2452 2821 ut
2486 2769 2648 2823 etiam
2679 2785 2778 2842 ego
2813 2770 3024 2845 loquar,
3054 2778 3109 2826 et
3132 2767 3365 2826 interro-

1797 2856 1936 2926 gabo
1977 2863 2053 2924 te,
2089 2865 2145 2913 et
2198 2866 2258 2913 tu
2299 2875 2387 2916 me
2439 2860 2632 2917 doceto
2666 2877 2678 2913 :
2712 2861 2903 2916 auditu
2946 2863 3165 2933 quidem
3214 2862 3364 2916 auris

1796 2946 1978 3001 audivi
2010 2956 2061 3003 te
2098 2950 2269 3019 prius,
2302 2966 2449 3007 nunc
2492 2962 2672 3007 autem
2702 2953 2897 3009 oculus
2932 2969 3084 3008 meus
3115 2952 3249 3007 vidit
3288 2962 3360 3007 te.

1795 3036 2062 3104 Quocirca
2084 3041 2245 3096 vilem
2273 3042 2438 3097 habui
2468 3045 2757 3116 meipsum,
2787 3054 2841 3100 et
2876 3044 3200 3116 liquefactus
3218 3061 3360 3110 sum,

1792 3136 1847 3184 et
1875 3130 2059 3199 putavi
2092 3131 2359 3203 meipsum
2394 3141 2596 3189 terram
2626 3142 2680 3189 et
2708 3136 2969 3193 cinerem.
2992 3156 3011 3189 ι
3054 3134 3157 3203 Qui
3183 3147 3360 3191 autem

1796 3219 1911 3275 fieri
1941 3229 2139 3291 potest,
2203 3232 2260 3279 ut
2308 3242 2622 3297 supremum
2667 3227 2857 3293 Deum,
2890 3238 2943 3284 et
2984 3245 3109 3284 eum
3149 3231 3243 3300 qui
3275 3236 3360 3284 est

130 3283 177 3336 ὃν
196 3286 466 3359 διαφόρως
488 3289 880 3363 ἀποδείκνυμεν
910 3294 1129 3366 Κύριον,
1163 3297 1406 3369 εἴποιμεν
1452 3301 1516 3354 ἂν
1547 3320 1685 3375 παρα

1799 3309 1929 3364 ultra
1958 3311 2161 3378 omnia,
2194 3313 2584 3373 immutabilem
2620 3319 2810 3389 utique
2852 3326 2907 3374 et
2943 3320 3242 3390 ingenitam
3269 3335 3357 3377 es—

133 3378 395 3443 ίπασθαι,
437 3380 516 3444 ὠς
551 3380 666 3434 ἔστι
704 3386 797 3435 καὶ
823 3382 882 3448 ἐξ
924 3385 1100 3438 αὐτῶν
1144 3388 1252 3441 τῶν
1291 3389 1547 3461 χρησμῶν
1582 3409 1683 3461 μα-

131 3468 242 3533 θεῖν,
272 3472 337 3524 δι*
373 3465 459 3525 ὧν
498 3470 652 3538 αὖθις
683 3476 711 3527 6
746 3475 945 3547 Κύριος
976 3480 1113 3549 πρὸς
1152 3481 1241 3534 τὸν
1286 3481 1404 3535 Ἰὼϐ
1441 3484 1509 3537 τὰ
1559 3488 1685 3556 περὶ

129 3558 207 3610 τοῦ
249 3560 499 3615 διαϐόλου
548 3562 623 3627 ὡς
676 3565 802 3635 περὶ
846 3565 1132 3646 δράκοντος
1184 3569 1331 3624 διιὼν
1378 3574 1682 3645 ὲπεχείρει;

134 3665 151 3698 ι
179 3650 243 3702 Οὐ
282 3651 534 3716 δέδοικας
578 3655 659 3706 ὅτι
689 3655 1010 3725 ἡτοίμασταί
1052 3675 1178 3729 μοις
1216 3678 1235 3711 ι
1265 3662 1537 3732 Δράκοντα
1578 3663 1687 3735 γὰρ

129 3740 442 3811 ἡτοιμάσθαι
467 3744 606 3813 ποίῳ
623 3744 809 3816 Κυρίῳ
832 3749 1093 3820 προσήκει
1118 3750 1376 3821 νομίζειν,
1406 3751 1438 3821 ἢ
1465 3752 1540 3822 τῷ
1570 3754 1687 3825 Θεῷ

129 3833 263 3903 Λόγῳ
286 3836 380 3888 καὶ
428 3836 639 3907 Σωτῆρι
676 3837 832 3908 ἡμῶν
851 3879 864 3903 ,
896 3838 953 3902 ὃς
982 3839 1072 3892 τὸν
1114 3839 1345 3912 ἄρχοντα
1376 3843 1468 3896 τοῦ
1497 3843 1689 3909 αἰῶνος

130 3924 315 3990 τούτου,
350 3926 526 3981 πάλαι
558 3928 819 3998 πρότερον
848 3929 1228 4000 πολιορκοῦντα
1256 3931 1317 3985 τὸ
1341 3932 1448 3986 τῶν
1484 3934 1577 3988 ἀνθ
1587 3934 1689 4007 ρώ-

131 4031 228 4070 πων
256 4020 435 4085 γένος,
467 4019 704 4083 καθεῖλε,
734 4020 899 4085 λύσας
943 4022 1041 4088 τὰς
1078 4024 1270 4089 ὠδῖνας
1297 4026 1389 4080 τοῦ
1427 4028 1683 4083 θανάτου·

128 4105 251 4161 ὁκαὶ
274 4111 443 4175 αὐτὸς
470 4112 767 4183 παρίστησι
800 4115 977 4185 φήσας
995 4157 1009 4180 ,
1040 4136 1056 4167 ι
1094 4112 1294 4183 Ἷιλθες
1314 4119 1356 4172 δ’
1387 4122 1479 4174 ἐπὶ
1507 4122 1687 4194 πηγὴν

131 4198 417 4277 θαλάσσης
452 4207 509 4258 ὲν
534 4206 587 4258 δὲ
617 4207 812 4277 ἴχνεσιν
834 4208 1068 4263 ἀϐύσσου
1085 4215 1517 4286 περιεπάτησας;
1548 4218 1687 4271 ἀνοί-

129 4305 290 4355 τονται
318 4295 377 4348 δέ
412 4312 494 4348 σοι
528 4295 677 4367 φόὸῳ
709 4296 873 4350 πύλαι
906 4299 1170 4367 θανάτου;
1198 4303 1434 4377 πυλωροὶ
1472 4305 1530 4359 δὲ
1561 4306 1685 4378 ᾂδου

133 4381 304 4449 ὢόντες
352 4404 416 4439 σε
466 4387 745 4459 ἔπτηξαν;
788 4410 806 4442 ι
836 4391 1018 4445 Ταῦτα
1069 4392 1124 4446 δὲ
1157 4394 1379 4459 εἰκότως
1426 4397 1561 4470 πρὸς
1598 4400 1688 4455 τὸν

139 4474 241 4527 ’1ὼὸ
272 4479 600 4550 χρηματίζει
639 4480 777 4551 μετὰ
800 4482 890 4535 τὸν
922 4484 1094 4554 μέγαν
1125 4486 1447 4557 πειρασμὸν,
1500 4488 1558 4543 ὃν
1586 4490 1687 4543 ύπ-

1785 3401 2036 3467 sentiam,
2069 3403 2248 3459 anima
2268 3405 2453 3462 induta
2482 3425 2727 3480 corpore,
2752 3419 2806 3466 et
2849 3412 2991 3466 oculi
3034 3414 3339 3467 mortalium

1785 3490 1967 3546 intuiti
1985 3493 2115 3559 sint,
2143 3495 2249 3551 nisi
2280 3497 2440 3567 plane
2485 3500 2588 3555 hoc
2643 3502 2807 3555 etiam
2836 3502 2978 3566 loco,
3028 3502 3210 3572 egredi
3274 3503 3347 3558 de

1784 3584 2002 3654 propria
2056 3587 2430 3658 magnitudine
2474 3591 2567 3647 Dei
2593 3591 2853 3661 Verbum,
2886 3594 3064 3664 ipsum
3112 3594 3203 3665 qui
3253 3594 3361 3651 Do-

1786 3675 1966 3731 minus
2009 3693 2134 3733 esse
2165 3718 2180 3743 ,
2234 3682 2399 3739 variis
2457 3683 2867 3740 demonstratur
2920 3686 3116 3752 modis,
3178 3702 3351 3758 eoque

1786 3766 1948 3822 modo
1971 3769 2228 3827 exhibere
2269 3787 2327 3828 se
2376 3774 2667 3831 videndum
2724 3777 3059 3845 dixerimus,
3093 3784 3355 3851 quemad-

1787 3859 2005 3915 modum
2036 3861 2161 3917 licet
2196 3864 2281 3919 vel
2328 3880 2394 3921 ex
2436 3866 2570 3937 ipsis
2616 3872 2857 3926 oraculis
2888 3871 3117 3939 discere,
3152 3874 3205 3928 in
3231 3875 3356 3945 qui-

1788 3952 1890 4007 bus
1918 3968 2111 4010 rursus
2138 3954 2252 4026 ipse
2275 3956 2538 4015 Dominus
2567 3962 2633 4016 ad
2689 3961 2791 4018 Job
2812 3979 2875 4019 ea
2920 3980 3040 4035 quae
3067 3966 3132 4021 ad
3162 3967 3353 4022 diabo-

1787 4042 1898 4098 lum
1947 4046 2237 4115 pertinent,
2298 4056 2557 4122 tanquam
2598 4053 2664 4108 de
2705 4053 2943 4111 dracone
2972 4072 3236 4112 enarrans
3272 4059 3350 4112 in.

1787 4134 1989 4203 stabat,
2048 4135 2203 4192 «Non
2237 4138 2397 4194 times
2452 4142 2706 4211 quoniam
2765 4156 2983 4215 paratus
3004 4154 3089 4202 est
3114 4148 3291 4202 mihi?
3329 4166 3348 4202 ι

1786 4222 1885 4279 Cui
1905 4226 2048 4281 enim
2081 4226 2329 4293 Domino,
2357 4230 2647 4288 draconem
2667 4244 2913 4305 paratum
2941 4253 3060 4293 esse
3098 4240 3349 4294 arbitrari

1786 4320 2060 4385 convenit,
2094 4321 2199 4376 nisi
2228 4321 2337 4379 Deo
2366 4322 2544 4380 Verbo
2579 4334 2633 4381 et
2662 4326 2925 4384 Salvatori
2954 4339 3159 4396 nostro,
3191 4348 3348 4403 quem

1786 4410 2081 4482 principem
2110 4414 2271 4485 hujus
2302 4417 2483 4471 saeculi
2522 4418 2844 4490 jampridem
2869 4438 3040 4493 genus
3070 4424 3347 4478 hominum

1785 4502 2197 4571 depopulantem
2232 4511 2475 4576 sustulit,
2517 4512 2798 4569 dissolutis
2826 4516 3018 4569 mortis
3042 4514 3344 4580 doloribus,

129 4563 307 4635 ἔμεινε,
340 4570 439 4623 καὶ
476 4570 683 4639 ἀγῶνα,
714 4572 975 4628 διδάσκων
1010 4575 1188 4639 αὐτὸν,
1209 4578 1287 4631 ὅτι
1322 4578 1460 4650 ὑπὲρ
1486 4581 1682 4653 μέρους

129 4656 396 4683 λημμηῌψ
476 4662 561 4683 ηρ
654 4663 724 4683 νη-
953 4668 966 4683 .
1295 4670 1306 4683 .
1517 4673 1571 4683 .-

1799 4563 1940 4683 ιυοίί
1970 4591 2192 4683 quidem
2252 4563 2475 4665 ipsum,’

128 4656 425 4728 ἠγώνισται,
467 4662 563 4716 τοῦ
600 4663 843 4735 μείζονος
884 4668 976 4720 καὶ
1024 4670 1407 4743 κραταιοτέρου
1446 4673 1678 4746 πολέμου

130 4750 209 4802 καὶ
234 4753 441 4821 ἀγῶνος
461 4754 610 4825 αὐτῷ
639 4755 717 4827 τῷ
747 4758 937 4829 Κυρίῳ
976 4761 1391 4833 πεφυλαγμένου
1421 4767 1562 4821 κατά
1590 4768 1679 4823 τὸν

130 4843 294 4911 καιρὸν
318 4846 415 4917 τῆς
449 4849 531 4910 εἰς
562 4847 654 4901 τὸν
683 4848 907 4903 θάνατον
935 4852 1101 4905 αὐτοῦ
1128 4855 1448 4924 παρουσίας.

1793 4697 1811 4729 ι
1849 4678 2054 4737 Venisti
2112 4700 2240 4741 vero
2296 4689 2363 4743 ad
2424 4689 2626 4746 fontem
2693 4696 2881 4760 maris,
2928 4704 2982 4751 et
3028 4698 3081 4751 in
3110 4698 3349 4766 vestigiis

1785 4774 1966 4844 abyssi
2008 4775 2401 4837 deambulasti?
2439 4786 2758 4855 aperiuntur
2806 4799 2986 4844 autem
3031 4791 3128 4845 tibi
3157 4792 3349 4847 timore

1782 4876 1952 4934 portae
1981 4870 2216 4925 mortis?
2244 4882 2298 4927 et
2344 4874 2608 4943 janitores
2665 4876 2963 4935 inferorum
3010 4882 3253 4937 videntes
3296 4891 3348 4938 te

132 4936 280 4991 territi
313 4941 483 4992 sunt?
516 4957 533 4990 ι
568 4938 693 4994 Haec
742 4956 873 4998 sane
926 4943 1119 4999 merito
1160 4946 1228 5000 ad
1277 4945 1380 5002 Job
1406 4949 1665 5020 loquitur,
1706 4964 1830 5024 post
1891 4974 2144 5030 magnam
2194 4936 2571 5032 tentationem,
2604 4976 2833 5040 postque
2859 4986 3111 5043 magnum
3172 4984 3343 5028 certa-

129 5044 235 5085 men
260 5033 402 5102 quod
432 5035 714 5097 sustinuit,
749 5036 952 5093 docens
985 5055 1130 5106 eum,
1178 5042 1323 5111 quod
1370 5058 1466 5113 pro
1514 5058 1667 5116 parte
1704 5054 2012 5123 certaverit,
2048 5072 2170 5112 cum
2237 5059 2455 5117 interim
2492 5033 2670 5132 majus
2700 5033 3001 5132 fortiusque
3036 5065 3233 5121 bellum
3291 5074 3346 5121 et

131 5130 379 5180 certamen
436 5127 541 5197 ipsi
568 5126 795 5182 Domino
819 5138 1144 5197 reservetur,
1175 5133 1280 5189 sub
1327 5143 1542 5206 tempus
1585 5139 1670 5194 sui
1709 5141 1777 5197 ad
1812 5153 2040 5202 mortem
2069 5148 2357 5207 adventus.

619 5248 1014 5305 ΚΕΦΑΛΑῙΟΝ
1042 5253 1171 5307 KA'.

2352 5271 2578 5328 CAPUT
2614 5274 2754 5332 XXI.

138 5326 261 5385 ’ἀπὸ
307 5334 1525 5440 τοῦλκζὲοέέέξςθὲῑηέςξέῖ..ἐξυρίους
1573 5354 1670 5408 και

1799 5355 1819 5408 ι
1848 5370 1915 5410 xc
1938 5359 2163 5417 psalmo.
2187 5392 2255 5402 -—
2274 5326 2427 5430 Quod
2439 5326 2574 5440 diu;
2613 5326 2866 5440 personas
2913 5369 3073 5423 etiam
3105 5371 3347 5440 proposi-'

421 5410 455 5460 ό
499 5410 885 5478 προκείμενος
930 5408 1353 5485 0168755111de

190 5510 207 5541 ι
244 5494 356 5550 Ὀτι
406 5499 495 5560 σὺ,
547 5498 737 5570 Κύριε,
767 5500 921 5565 ἐλπίς
956 5522 1077 5573 μου,
1120 5508 1209 5560 τὸν
1246 5508 1507 5579 Ὕψιστον
1551 5513 1672 5569 ἔθου

2231 5442 2315 5487 tua
2346 5436 2583 5505 agnoscit
2610 5437 2868 5506 psalmus.

1850 5538 1867 5571 ι
1901 5518 2166 5586 Quoniam
2220 5533 2296 5589 tu,
2346 5525 2593 5591 Domine,
2639 5544 2766 5599 spes
2810 5545 2952 5597 mea,
2998 5530 3338 5586 Altissimum

131 5589 414 5658 καταφυγήν
444 5605 559 5642 σου.
585 5590 660 5643 Οὐ
696 5592 1110 5662 προσελεύσεται
1135 5598 1268 5667 πρὸς
1296 5601 1354 5655 σὲ
1386 5602 1547 5669 κακὰ,
1580 5607 1674 5661 καὶ

1799 5610 2001 5666 ιοευίειὶ
2036 5611 2301 5684 refugium
2332 5623 2481 5671 tuum
2515 5635 2528 5671 :
2565 5589 2687 5674 non.
2709 5589 2966 5674 accedent
2994 5619 3058 5673 ad
3092 5626 3146 5674 te
3177 5618 3337 5684 mala,

131 5672 299 5742 μάστιξ
328 5681 423 5733 οὐκ
448 5680 622 5750 ἐγγιεί
652 5681 727 5752 τῷ
750 5684 1062 5756 σκηνώματί
1094 5706 1185 5741 σου
1206 5707 1219 5721 ⁸
1252 5692 1331 5745 ὅτι
1366 5698 1474 5759 τοῖς
1505 5698 1671 5767 ἀγγέ-

188 5824 224 5855 ⁹¹
252 5827 345 5886 Job
402 5852 632 5901 xxxviii,
688 5837 875 5896 12-17.
952 5844 996 5874 "
1036 5841 1137 5898 Job
1194 5847 1469 5911 XLII,‘-6.

1770 5710 1823 5757 et
1852 5701 2117 5776 flagellum
2150 5722 2259 5763 non
2312 5709 2768 5782 appropinquabit
2816 5713 3167 5769 tabernaculo
3198 5718 3294 5768 tuo
3320 5729 3347 5765 τ»
