3894 6574
617 449 721 504 ιοδ

1283 439 1552 496 EUSEBII
1590 438 2064 496 CALSARIENSIS
2093 437 2239 493 OPP.
2280 434 2458 490 PARS
2491 433 2552 490 lI.
2589 465 2658 476 —
2681 429 3176 488 APOLOGETICA.
3762 429 3843 486 604

617 561 870 633 quoniam
902 558 1107 629 angelis
1132 557 1248 613 suis
1278 556 1552 611 mandavit
1584 557 1649 608 de
1685 563 1756 619 te,
1789 553 1952 626 259
1979 553 2031 607 in
2062 568 2167 606 ma-

2281 549 2390 613 λοις
2431 547 2593 602 αὑτοῦ
2631 549 2921 604 ἐντελεῖται
2967 545 3092 617 περὶ
3131 542 3252 596 σοῦ.
3296 541 3427 594 Ἐπὶ
3460 539 3659 610 χειρῶν
3682 541 3843 608 deo-lsi

619 653 778 709 nibus
821 653 1012 706 tollent
1063 659 1135 713 te.
1193 666 1260 706 ne
1308 651 1524 720 quando
1555 648 1798 704 offendas
1843 649 1908 703 ad
1945 648 2176 716 lapidem

617 745 804 812 pedem
834 752 1022 798 tuum:
1063 759 1228 813 super
1260 741 1502 812 aspidem
1529 748 1582 795 et
1619 741 1862 810 regulum
1890 739 2174 802 ascendes,

617 845 667 892 et
697 835 1047 892 conoulcabis
1083 837 1293 891 leonem
1349 843 1402 888 ct
1447 833 1737 888 draconem
1769 833 1834 885 ".
1859 853 1878 885 ι
1919 831 2014 888 His
2046 847 2176 888 sane

617 931 788 982 utitur
851 929 1074 983 vocibus
1135 927 1404 988 diabolus,
1461 926 1514 978 in
1562 925 1858 980 tentatione
1914 923 2177 979 adversus

618 1019 955 1076 Salvatorem
998 1027 1262 1074 nostrum.
1297 1017 1676 1082 Contemplare
1713 1016 1802 1070 hic
1833 1017 2016 1087 igitur,
2041 1033 2178 1086 quo-

619 1127 740 1165 nam
771 1111 930 1165 modo
965 1111 1204 1180 psalmus
1237 1109 1303 1162 ad
1331 1109 1504 1178 ipsum
1537 1107 1823 1162 Dominum
1845 1110 1953 1163 ait:
1985 1127 2004 1160 ι
2028 1108 2176 1175 Quo-

619 1204 761 1256 niam
789 1212 865 1266 tu,
907 1199 1154 1266 Domine,
1204 1215 1328 1270 spes
1366 1215 1506 1264 mea,
1564 1201 1904 1256 Altissimum
1946 1202 2176 1269 posuisti

620 1292 882 1361 refugium
914 1300 1086 1346 tuum.
1123 1296 1203 1344 Tu
1254 1291 1398 1346 enim
1446 1293 1580 1361 ipse,
1629 1294 1823 1362 inquit,
1859 1308 1979 1348 mea
2028 1309 2174 1363 spes,

617 1397 649 1440 0
676 1385 920 1449 Domine,
957 1385 1106 1438 illum
1138 1399 1167 1437 a
1197 1399 1303 1454 quo
1325 1385 1440 1454 ipse
1469 1400 1548 1450 es,
1580 1385 1753 1440 Deum
1796 1387 1973 1456 ipsum
2021 1387 2176 1440 altis-

620 1475 811 1530 simum
870 1482 924 1528 et
966 1488 1279 1543 supremum
1330 1482 1380 1528 et
1419 1484 1571 1528 tuum
1621 1473 1858 1539 Patrem,
1908 1473 2176 1546 refugium

617 1567 874 1636 posuisti,
907 1575 1129 1636 propter
1173 1565 1315 1638 quod
1348 1582 1455 1620 non
1498 1568 1758 1622 accedent
1809 1567 1876 1620 ad
1923 1576 1977 1622 te
2012 1569 2174 1633 mala,

618 1659 676 1713 ad
703 1665 776 1720 te,
809 1659 1050 1728 inquam,
1081 1675 1258 1714 meum
1307 1657 1616 1724 Dominum,
1665 1667 1720 1715 et
1761 1658 2028 1730 ﬂagellum
2070 1677 2176 1716 non

616 1752 1070 1821 appropinquabit
1099 1754 1451 1808 tabernaculo
1479 1761 1591 1808 tuo.
1624 1773 1642 1805 ι
1671 1751 1806 1807 Nam
1837 1753 1941 1809 etsi
1985 1753 2176 1808 nefarii

615 1843 861 1900 homines
913 1845 1254 1900 conabuntur
1294 1855 1343 1901 te
1383 1846 1653 1900 hominem
1707 1845 1909 1900 factum
1952 1844 2177 1917 ﬂagellis

615 1937 842 2002 aedere,
873 1939 976 1994 etsi
1017 1940 1178 1994 morti
1205 1939 1439 2006 tradere,
1493 1940 1806 2008 neutiquam
1861 1948 2042 1994 tamen
2073 1939 2171 1994 fla-
2207 1933 2248 1986 Β
2279 1933 2392 2008 εἶτιέ

614 2029 833 2098 gellum,
869 2030 1013 2100 quod
1061 2046 1091 2085 a
1118 2031 1226 2086 Deo
1255 2041 1358 2097 est,
1389 2039 1483 2087 tuo
1525 2033 1976 2102 appropinquabit
1996 2033 2174 2088 taber-

615 2120 957 2184 naculo,hoc
972 2129 1076 2186 est,
1111 2132 1205 2177 tuo
1232 2124 1472 2193 corpori,
1522 2139 1631 2193 quo
1681 2125 1933 2178 videlicet
1956 2135 2178 2194 propter

615 2226 716 2266 nos
747 2212 909 2268 homo
941 2212 1141 2280 factus,
1183 2213 1407 2270 indutus
1455 2232 1534 2272 es.
1563 2215 1645 2270 Ad
1676 2216 1924 2271 eumdem
1952 2215 2172 2270 modum

613 2303 1052 2359 accommodabis
1119 2305 1189 2368 ei,
1222 2320 1341 2375 quae
1400 2307 1453 2360 in
1514 2314 1627 2364 toto
1655 2307 1864 2378 psalmo
1896 2307 2172 2370 dicuntur,

613 2408 732 2461 quae
755 2409 886 2448 sane
920 2409 1022 2450 nos
1055 2411 1270 2466 quoque
1289 2412 1388 2456 suo
1429 2406 1670 2477 tempore
1706 2397 2092 2468 disquiremus,
2124 2405 2178 2452 et

613 2484 1117 2558 contemplabimur.

1169 2598 1398 2655 CAPUT
1446 2599 1609 2654 XXII.

611 2685 687 2748 Ab
716 2685 864 2745 Osee.
881 2691 1043 2747 -—De
1064 2689 1172 2745 Deo
1213 2690 1375 2747 Verbo
1392 2703 1440 2747 et
1472 2691 1654 2756 Patre,
1684 2695 1818 2748 sicut
1844 2693 1906 2748 de
1929 2693 2170 2748 Domino.

681 2866 699 2899 ι
729 2845 847 2902 Non
897 2848 1266 2920 derelinquam
1321 2859 1380 2906 ut
1427 2852 1632 2908 deleam
1675 2852 1865 2916 Jacob,
1916 2855 2173 2925 quoniam

608 2936 754 2996 Deus
775 2957 874 3011 ego
909 2957 1050 3008 sum,
1077 2950 1130 2997 et
1151 2959 1258 2997 non
1293 2943 1457 2998 homo
1502 2946 1555 2998 in
1612 2953 1664 2999 te
1704 2954 1950 3010 sanctus,
1982 2954 2035 3002 et
2064 2961 2173 3002 non

608 3033 883 3102 ingrediar
934 3033 992 3087 in
1052 3034 1330 3088 civitatem
1389 3051 1401 3086 :
1466 3043 1587 3105 post
1639 3035 1924 3091 Dominum
1980 3039 2175 3093 ambu-

608 3125 730 3179 labo
764 3125 830 3177 “.
863 3145 881 3178 ι
907 3123 1003 3179 Hic
1027 3133 1080 3180 et
1128 3141 1225 3196 per
1256 3127 1359 3180 alia
1407 3125 1490 3182 his
1518 3128 1736 3193 similia,
1759 3127 1901 3184 Deus
1934 3128 2174 3186 Verbum

606 3212 769 3268 homo
786 3213 982 3279 factus,
1016 3215 1084 3270 ad
1115 3231 1209 3271 eos
1240 3215 1392 3280 dicit,
1426 3218 1518 3288 qui
1550 3218 1721 3272 virum
1750 3219 1966 3288 quidem
1994 3221 2170 3290 ipsum

2288 659 2344 694 σε
2365 684 2378 706 ,
2413 643 2484 712 μή
2514 658 2641 693 ποτε
2671 639 3018 712 προσκόπτῃς
3049 635 3184 708 πρὸς
3228 632 3386 686 λίθον
3427 631 3568 702 πόδα
3600 648 3708 687 σου.
3744 633 3842 686 Ἐπὶ

2283 733 2484 786 ἀσπίδα
2513 732 2605 785 καὶ
2642 731 2950 802 βασιλίσκον
2983 728 3226 799 ἐπιϐήσῃ
3257 765 3274 790 ,
3323 723 3425 778 καὶ
3471 726 3841 795 καταπατήσεις

2283 821 2468 876 λέοντα
2488 822 2582 875 καὶ
2601 821 2887 893 δράκοντα.
2917 839 2936 871 ι
2965 817 3204 880 Ταύταις
3233 817 3264 868 6
3288 813 3549 876 διάϐολος
3571 814 3627 866 ἐν
3641 813 3714 885 τῷ
3730 815 3842 866 κατὰ

2280 913 2374 968 τοῦ
2407 913 2828 985 Σωτῆροςήμῶν
2861 909 3154 983 πειρασμῷ
3186 908 3475 980 κέχρηται
3499 909 3616 970 ταῖς
3644 906 3837 972 λέξεσιν.

2285 1007 2422 1078 Ὅρα
2454 1006 2518 1078 δὴ
2552 1002 2644 1059 οὖν
2673 1006 2792 1060 τίνα
2809 1005 3008 1076 τρόπον
3047 1005 3075 1058 6
3120 1001 3350 1072 ψαλμὸς
3397 999 3540 1069 πρὸς
3581 998 3731 1050 αὑτὸν
3769 1000 3838 1051 τὸν

2284 1098 2484 1170 Κύριόν
2543 1115 2738 1169 φησιν’
2783 1117 2801 1148 ι
2850 1098 2973 1151 Ὅτι
3011 1097 3074 1152 σὺ
3100 1137 3115 1159 ,
3148 1094 3364 1165 Κύριε,
3404 1091 3565 1154 ἐλπίς
3602 1108 3729 1161 μου,
3767 1091 3836 1144 τὸν

2285 1192 2543 1262 Ὕψιστον
2566 1191 2688 1244 ἔθου
2721 1191 3037 1260 καταφυγήν
3077 1205 3190 1241 σου.
3233 1207 3253 1237 ι
3297 1186 3375 1239 Σὺ
3407 1186 3521 1256 γὰρ
3548 1182 3720 1245 αὐτὸς,
3752 1201 3835 1252 φηρ

2284 1279 2388 1344 σἰν,
2417 1278 2449 1349 ἡ
2476 1279 2581 1350 ἐμὴ
2610 1277 2783 1344 ἐλπὶς,
2813 1272 2856 1331 ὦ
2878 1277 3070 1347 Κύριε,
3121 1274 3354 1347 μείζονα
3384 1271 3609 1336 σαυτοῦ,
3631 1271 3712 1325 τὸν
3730 1271 3833 1324 Θεὸν

2281 1371 2442 1429 αὑτὸν
2470 1370 2560 1422 τὸν
2591 1369 2808 1440 ὕψιστον
2847 1371 2938 1424 καὶ
2967 1369 3058 1422 ἐπὶ
3095 1369 3322 1425 πάντων
3383 1366 3483 1419 καὶ
3528 1364 3718 1418 σαυτοῦ
3745 1365 3834 1417 Ila.

2282 1463 2432 1534 τέρα.
2467 1462 2784 1533 καταφυγὴν
2810 1462 2960 1514 ἐθου·
2989 1461 3054 1514 δι’
3079 1460 3137 1516 ὃν
3167 1461 3232 1513 οὐ
3267 1456 3696 1531 προσελεύσεται
3719 1457 3832 1510 κακὰ

2285 1551 2418 1621 πρὸς
2447 1551 2538 1611 σέ,
2568 1549 2703 1621 πρὸς
2738 1550 2796 1602 σέ
2842 1550 2930 1602 τὸν
2969 1550 3100 1620 ἐμὸν
3134 1547 3350 1619 Κύριον
3370 1588 3386 1611 ,
3426 1547 3523 1600 καὶ
3555 1544 3736 1615 μάστιξ
3757 1546 3832 1597 οὐκ

2283 1643 2455 1710 ἐγγιεί
2484 1641 2560 1712 τῷ
2593 1641 2906 1712 σκηνώματι
2931 1659 3040 1695 σου.
3079 1661 3097 1692 ι
3123 1640 3247 1694 Κᾶν
3282 1639 3402 1710 γὰρ
3435 1638 3651 1700 ἀσεϐεῖς
3675 1637 3830 1707 ἄνδρες

2283 1733 2672 1804 ἐπιχειρήσωσι
2729 1732 3226 1804 ἐνανθρωπήσαντά
3284 1748 3349 1788 σε
3409 1729 3718 1801 μαστίζειν,
3749 1728 3828 1780 κᾶν

2282 1824 2360 1894 τῷ
2394 1824 2605 1895 θανάτῳ
2637 1825 3013 1896 παραδιδόναι,
3041 1824 3152 1877 ἀλλ’
3173 1823 3300 1876 οὕτι
3334 1839 3402 1890 γε
3439 1824 3472 1892 ἡ
3509 1824 3572 1873 ἐκ
3603 1819 3724 1873 Θεοῦ
3747 1821 3826 1890 μά-

2368 1915 2392 1981 ξ
2411 1916 2486 1986 τῷ
2508 1915 2584 1986 σῷ
2607 1918 2920 1986 προσεγγιεί
2943 1914 3284 1986 σκηνώματι,
3312 1914 3462 1967 τοῦτ’
3481 1913 3596 1965 ἐστι
3620 1911 3822 1980 σώματι,

2277 2004 2306 2057 6
2350 2004 2587 2075 δηλονότι
2642 2005 2705 2058 δι’
2762 2007 2909 2076 ἡμᾶς
2949 2005 3386 2077 ἐνανθρωπήσας
3449 2001 3819 2074 περιϐέϐλησαι.

2278 2095 2497 2158 Τούτοις
2530 2096 2833 2160 ἀκολούθως
2866 2097 3192 2168 ἐφαρμόσεις
3237 2094 3394 2166 αὑτῷ
3427 2095 3495 2148 τὰ
3521 2094 3586 2146 δι’
3610 2093 3719 2147 ὅλου
3749 2093 3819 2146 τοῦ

2275 2182 2488 2254 ψαλμοῦ
2514 2185 2815 2256 δηλούμενα
2831 2227 2846 2252 ,
2880 2186 2916 2240 ὃ.
2944 2187 3036 2240 καὶ
3052 2187 3206 2242 αὐτοὶ
3228 2186 3374 2244 κατά
3408 2186 3500 2238 τὸν
3522 2187 3707 2239 οἰκεῖον
3729 2199 3818 2236 καις

2279 2275 2371 2347 ρὸν
2409 2277 2871 2356 ἐπιθεωρήσομεν.

2780 2593 3174 2646 ΚΕΦΑΛΑΙΟΝ
3207 2594 3343 2647 KB'.

2290 2683 2431 2738 Ἀπὸ
2466 2683 2573 2738 τοῦ
2611 2681 3040 2754 Dante-178132
3091 2684 3196 2754 τοῦ
3223 2681 3379 2737 Θεοῦ
3411 2684 3561 2754 Λόπκ)

2653 2753 2907 2820 Πατρός,
2937 2753 3016 2819 ὡς
3053 2753 3184 2820 περὶ
3219 2756 3474 2822 Κυρίου.

2351 2865 2369 2897 ε
2393 2846 2470 2900 οδ
2497 2845 2570 2918 μὴ
2587 2845 2959 2915 ἐγκαταλείψω
2983 2845 3076 2898 τοῦ
3099 2846 3485 2916 ἐξαλειφθῆναι
3513 2848 3599 2898 τὸν
3630 2841 3802 2900 ’ῐακὼῶ

2274 2938 2355 2992 ὅτι
2392 2937 2523 3003 Θεὸς
2550 2936 2659 3006 ἐγώ
2695 2940 2836 3008 εἰμι,
2872 2937 2965 2991 καὶ
2991 2937 3090 2990 οὐκ
3119 2938 3412 3010 ἄνθρωπος
3455 2939 3511 2990 ἐν
3553 2937 3628 2988 σοὶ
3665 2934 3802 3000 ἅγιος

2275 3030 2365 3085 καὶ
2399 3031 2498 3083 οὐκ
2535 3030 2909 3100 εἰσελεύσομαι
2941 3031 3019 3092 είς
3050 3030 3203 3082 πόλιν
3229 3047 3244 3062 ο
3299 3030 3478 3082 ὀπίσω
3517 3027 3702 3098 Κυρίου
3731 3042 3798 3076 πο-

2277 3120 2554 3193 ρεύσομαι.
2591 3139 2610 3172 ›
2679 3119 2938 3174 Ἐνταῦθα
2965 3119 3057 3173 καὶ
3093 3120 3179 3174 διὰ
3211 3120 3422 3174 τούτων
3456 3121 3483 3171 6
3517 3117 3639 3180 Θεὸς
3668 3116 3800 3182 Λόγος

2274 3213 2694 3284 ἐνανθρωπήσας
2767 3213 2902 3284 πρὸς
2945 3213 3070 3276 τοὺς
3110 3212 3403 3280 ἄνθρωπον
3452 3209 3605 3263 αὐτὸν
3659 3208 3795 3274 ἅγιον.

3565 2701 3599 2736 υ
3621 2681 3706 2736 καί
3728 2679 3808 2733 τοῦ

609 3315 879 3371 sanctum,
905 3322 1013 3362 non
1043 3315 1221 3362 autem
1250 3307 1417 3362 Deum
1447 3325 1568 3364 esse
1599 3309 1959 3366 confitentur:
1983 3332 2000 3363 ι
2028 3313 2167 3368 Deus

2273 3303 2386 3357 ἀλλ’
2412 3305 2472 3357 οὐ
2501 3304 2631 3357 Θεδν
2684 3299 2818 3356 εἶναι
2875 3302 3271 3374 ὁμολογοῦντας
3303 3321 3316 3335 ο
3352 3320 3371 3353 ι
3405 3302 3535 3364 Θεὸς
3560 3299 3658 3368 ἐγώ
3681 3301 3796 3366 εἰμεν

604 3413 705 3469 ego
765 3415 908 3462 sum,
961 3401 1154 3471 inquit,
1207 3410 1262 3458 et
1306 3417 1414 3457 non
1469 3403 1629 3458 homo
1660 3403 1714 3456 in
1755 3410 1809 3458 te
1836 3413 2100 3460 sanctus:
2143 3425 2163 3458 ι

604 3488 799 3544 deinde
821 3490 911 3546 ubi
945 3490 1112 3547 Deum
1153 3494 1388 3563 seipsum
1416 3494 1572 3556 dixit,
1600 3493 1882 3549 Dominum
1911 3511 1974 3550 ac
2001 3495 2168 3551 Deum

604 3589 660 3634 et
691 3581 906 3638 Patrem
946 3600 1104 3646 suum
1127 3585 1355 3649 indicat,
1390 3586 1689 3656 adjungens
1720 3606 1733 3642 :
1767 3606 1786 3637 ι
1813 3589 1946 3643 Post
1982 3588 2167 3644 Domi-

603 3689 734 3728 nurn
766 3672 1093 3730 ambulabo:
1139 3697 1157 3729 ι
1194 3677 1324 3731 illud
1349 3684 1528 3732 autem
1559 3693 1573 3730 :
1611 3697 1630 3730 ι
1661 3677 1780 3733 Non
1811 3679 2085 3751 ingrediar
2113 3683 2168 3737 in

605 3768 908 3831 civitatem,
939 3787 959 3820 ι
987 3768 1308 3840 abnegantis
1340 3785 1470 3825 sane
1505 3769 1666 3825 fuerit
1688 3788 2052 3838 communem,
2104 3791 2168 3830 ac

605 3858 922 3929 popularem
967 3858 1245 3912 hominum
1296 3862 1707 3931 rempublicam,
1765 3877 1793 3915 a
1851 3880 1958 3933 qua
2002 3866 2165 3920 etiam

605 3964 736 4003 suos
763 3948 1061 4018 discipulos
1109 3959 1380 4015 avertens,
1425 3952 1538 4006 ait:
1586 3971 1604 4003 ι
1640 3952 1696 4007 In
1732 3954 1872 4008 viam
1924 3958 2163 4025 gentium

604 4055 674 4094 ne
703 4039 968 4102 abieritis,
999 4047 1052 4094 et
1083 4041 1138 4094 in
1184 4041 1454 4100 civitatem
1489 4041 1952 4102 Samaritanorum
1979 4062 2047 4106 ne
2078 4047 2164 4102 in-

603 4130 878 4194 traveritis
906 4131 970 4185 ".
1002 4151 1020 4187 ι

1055 4239 1218 4316 250
1249 4247 1474 4304 CAPUT
1520 4249 1705 4306 XXIII.

601 4355 681 4421 Ab
714 4355 895 4432 Amos:
929 4387 997 4399 —
1031 4358 1109 4432 De
1134 4357 1406 4432 Saluatore
1427 4372 1626 4429 nostro,
1660 4365 1796 4418 sicut
1827 4366 1890 4418 de
1917 4365 2156 4432 Domino,

674 4436 722 4509 et
755 4426 818 4481 de
846 4425 1029 4509 Patre,
1063 4431 1197 4484 sicut
1227 4431 1290 4484 de
1320 4430 1427 4486 Deo
1455 4449 1474 4485 :
1504 4445 1554 4487 et
1601 4425 1664 4487 de
1694 4433 2004 4490 Judmorum
2040 4425 2162 4507 gen;

671 4505 738 4548 tis
767 4505 1048 4554 eversione.

2270 3397 2402 3468 φησὶ
2427 3437 2442 3460 ,
2496 3398 2588 3452 καὶ
2638 3398 2738 3450 οὐκ
2777 3397 3059 3469 ἄνθρωπος
3093 3399 3150 3450 ἐν
3184 3399 3270 3451 σοὶ
3298 3398 3475 3466 ἅγιος·
3511 3415 3528 3448 ι
3563 3390 3669 3447 εἶτα
3695 3390 3795 3443 Θεὸν

2269 3487 2430 3542 αὑτὸν
2472 3487 2639 3540 εἰπὼν
2663 3527 2677 3549 ,
2721 3486 2810 3540 τὸν
2847 3489 2939 3540 ἐπὶ
2972 3491 3186 3543 πάντων
3217 3490 3427 3561 Κύριον
3459 3489 3546 3543 καὶ
3577 3483 3694 3538 Θεὸν
3726 3480 3794 3532 καὶ

2270 3577 2495 3648 Πατέρα
2541 3575 2701 3630 αὐτοῦ
2741 3577 2926 3653 δηλοῖ,
2978 3579 3245 3647 ἐπιλέγων
3270 3597 3283 3614 ν
3327 3601 3345 3631 ‹
3391 3579 3586 3632 Ὀπίσω
3628 3571 3791 3642 Κυρίου

2269 3666 2618 3736 πορεύσομαι.
2644 3685 2661 3716 ι
2692 3667 2763 3719 T6
2783 3667 2860 3731 δὲ,
2895 3686 2914 3718 ι
2947 3668 3059 3720 Οὐκ
3091 3668 3472 3740 εἰσελεύσομαι
3504 3668 3578 3728 είς
3605 3662 3748 3723 πόλιν,
3773 3677 3787 3706 ι

2267 3757 2598 3830 ἀρνουμένου
2620 3756 2686 3809 ἂν
2719 3757 2803 3828 εἴη
2832 3757 2932 3827 τὴν
2958 3758 3141 3829 κοινὴν
3171 3760 3268 3812 καὶ
3285 3757 3503 3828 δημώδη
3539 3748 3789 3822 ἀνθρώπων

2267 3847 2534 3901 πολιτείαν
2557 3864 2571 3878 ο
2615 3844 2683 3920 ἦς
2719 3848 2812 3900 καὶ
2845 3849 2969 3911 τοὺς
3009 3849 3169 3913 ἰδίους
3211 3849 3462 3921 μαθητὰς
3495 3842 3786 3914 ἀποτρέπων,

2267 3938 2450 4009 φησίν·
2507 3958 2525 3990 ί
2560 3938 2654 4001 Εἰς
2676 3938 2791 3990 ὁδὸν
2817 3937 2984 3992 ἐθνῶν
3016 3939 3090 4012 μὴ
3119 3941 3425 4013 ἀπέλθητε,
3458 3937 3545 3992 καὶ
3575 3937 3647 3997 εἰς
3670 3930 3786 3984 πόλιν

2267 4031 2616 4103 Σαμαρειτῶν
2648 4030 2722 4104 μὴ
2755 4030 3048 4104 εἰσέλθητε,
3090 4050 3110 4084 ι

2769 4251 3161 4305 ΚΕΦΑΛΑΙΟΝ
3194 4253 3325 4306 Kl".

2276 4363 2416 4424 Ἀπὸ
2442 4363 2546 4420 τοῦ
2580 4365 2782 4433 Ἀμώς.
2802 4394 2870 4436 —_—
2897 4365 3034 4436 Περὶ
3081 4363 3189 4416 τοῦ
3221 4363 3506 4436 Σωτῆρος-λ
3529 4357 3691 4436 ἠμῶς,

2333 4436 2463 4511 περὶ
2494 4422 2753 4511 Kypj'ovj-
2769 4434 2864 4511 zeal
2881 4422 2990 4511 {of}.
3012 4435 3263 4503 Πατρός,
3285 4422 3522 4511 ὡς’ἓτερζ
3533 4422 3682 4489 Θεοῦ,
3702 4422 3775 4476 καὶ

2332 4503 2439 4572 τῆς
2471 4504 2878 4558 τοῦἸουδαίων
2895 4505 3108 4570 ἔθνους
3146 4503 3572 4572 καταστροφῆς.

677 4604 696 4636 ι
735 4586 912 4642 Everti
939 4605 1057 4655 vos,
1111 4592 1254 4645 sicut
1305 4595 1500 4649 evertit
1525 4594 1668 4652 Deus
1699 4594 1932 4652 Sodoma
1965 4605 2020 4653 et
2061 4597 2161 4653 Go-

2337 4616 2355 4647 ι
2383 4596 2733 4668 Κατέστρεψα
2750 4597 2912 4666 ὑμᾶς,
2939 4595 3119 4660 καθὼς
3145 4597 3505 4668 κατέστρεψεν
3527 4594 3553 4644 6
3569 4588 3683 4650 Θεὸς
3700 4583 3772 4636 Σό-

597 4678 818 4732 morrha
845 4699 858 4734 :
893 4689 947 4735 et
965 4681 1088 4736 facti
1117 4686 1251 4739 estis
1281 4688 1435 4756 quasi
1467 4688 1634 4742 torris
1665 4699 1883 4758 ereptus
1907 4707 1973 4744 ex
2010 4691 2154 4761 igne.

594 4765 661 4826 Et
683 4783 751 4823 ne
781 4770 859 4824 sic
883 4773 1098 4840 quidem
1131 4781 1376 4832 conversi
1410 4779 1542 4836 estis
1569 4779 1634 4832 ad
1683 4795 1788 4844 me,
1825 4779 1956 4836 dicit
1977 4780 2158 4835 Domi-

593 4874 697 4914 nus
713 4860 780 4913 ⁹⁶ο
812 4880 830 4912 ι
869 4859 1041 4917 Etiam
1071 4865 1170 4921 hoc
1196 4867 1312 4924 loco
1338 4870 1453 4938 ipse
1475 4869 1752 4933 Dominus,
1783 4871 1946 4926 Deum
1971 4888 2158 4942 quem-

590 4949 715 5004 dam
749 4951 824 5004 ait
881 4951 1239 5011 Sodomorum
1281 4961 1580 5015 eversionis
1641 4969 1917 5026 auctorem
1959 4963 2148 5028 fuisse,

590 5054 717 5099 Cum
747 5041 888 5100 alius
913 5044 981 5100 sit
1034 5047 1150 5116 ipse
1198 5046 1370 5106 Filius
1396 5067 1558 5120 quam
1599 5051 1645 5106 is
1688 5052 1755 5106 de
1784 5069 1891 5122 quo
1922 5054 2037 5124 ipse
2065 5055 2150 5110 lo-

587 5134 792 5203 quitur.
814 5133 984 5192 Porro
1015 5139 1067 5193 in
1093 5140 1208 5210 ipsa
1235 5141 1596 5198 Sodomorum
1618 5147 1899 5202 eversione
1926 5148 2034 5203 duo
2055 5163 2152 5218 ap-

589 5235 802 5296 parent,
834 5231 1052 5298 quando
1079 5234 1214 5302 pluit
1236 5233 1495 5302 Dominus
1528 5236 1706 5307 ignem
1743 5253 1772 5290 a
1805 5238 2030 5295 Domino
2056 5256 2150 5296 su-

586 5329 682 5392 per
711 5314 946 5384 Sodoma
987 5329 1041 5384 et
1077 5319 1398 5388 Gomorrha.
1451 5324 1675 5403 Qualem
1728 5328 1913 5399 igitur,
1949 5331 2145 5402 inquit.

587 5406 822 5462 Sodoma
855 5411 926 5466 ob
951 5421 1134 5483 turpes
1157 5425 1321 5486 atque
1349 5418 1614 5476 absurdas
1644 5422 1971 5492 impietates,
1994 5438 2149 5479 ever-

587 5498 793 5559 sionem
822 5517 1076 5572 perpessa
1119 5511 1445 5575 sunt;'talia
1471 5528 1569 5566 vos
1596 5531 1814 5585 quoque
1847 5517 2144 5585 patiemini,

2263 4689 2398 4758 δομα
2438 4689 2530 4742 καὶ
2561 4689 2844 4759 Γόμορρα,
2877 4689 2970 4743 καὶ
2997 4688 3245 4758 ἐγένεσθε
3281 4688 3356 4758 ὡς
3405 4686 3552 4746 δαλὸς
3590 4681 3770 4745 £55m!-

2266 4780 2459 4850 σμένος
2489 4781 2553 4833 ἐκ
2578 4779 2766 4851 πυρός.
2806 4781 2912 4833 Καὶ
2951 4780 3056 4832 οὐδ’
3087 4780 3259 4843 οὕτως
3296 4775 3637 4848 ἐπεστρέψατε
3666 4763 3768 4835 πρός

2267 4888 2368 4942 με»
2394 4871 2542 4940 λέγει
2566 4871 2786 4943 Κύριος.
2830 4890 2848 4922 ι
2887 4871 3178 4927 Κάνταῦθα
3214 4872 3377 4934 αὐτὸς
3402 4873 3429 4924 6
3453 4867 3637 4938 Κύριος
3666 4854 3767 4909 Θεέν

2263 4963 2385 5016 τινά
2405 4980 2535 5033 φησι
2561 4964 2660 5034 τὴν
2685 4964 2777 5018 ἐπὶ
2790 4963 3032 5032 Σοδόμων
3053 4963 3426 5035 καταστροφὴν
3447 4949 3760 5044 πεποιηκέναι

2256 5055 2439 5128 ἕτερος
2469 5055 2545 5110 ὢν
2583 5056 2782 5128 δηλαδὴ
2818 5056 2910 5109 τοῦ
2949 5056 3085 5129 πρὸς
3129 5057 3292 5109 αὑτοῦ
3325 5049 3646 5126 δηλουμένου.
3681 5040 3762 5093 Καὶ

2256 5149 2312 5200 ὲν
2343 5150 2406 5219 τῇ
2459 5149 2550 5202 ἐπὶ
2578 5149 2822 5220 Σοδόμων
2855 5150 2910 5202 δὲ
2942 5153 3284 5221 καταστροφῇ
3317 5148 3406 5201 δύο
3440 5144 3613 5213 Κύριοι
3654 5145 3760 5221 παρέ

2259 5239 2524 5304 ίστανται,
2553 5241 2639 5294 ὅτε
2671 5219 2885 5312 ἔϐρεξεν
2907 5244 2934 5294 6
2961 5219 3161 5311 Κύριος
3329 5237 3469 5308 παρά
3491 5228 3666 5302 Κυρίου
3691 5219 3758 5312 ἐτι

2255 5331 2462 5402 Σόδομα
2495 5332 2588 5386 καὶ
2613 5309 2878 5402 Γόμορρα.
2919 5309 3135 5387 Ὀποίαν
3162 5309 3464 5403 τοιγαροῦν,
3510 5321 3657 5392 φησὶν
3688 5309 3753 5403 δέ

2255 5423 2354 5486 τάς
2385 5399 2647 5486 ἐκτόπους
2677 5399 2994 5487 δυσσεϐείας
3043 5423 3297 5493 ὑπέμεινε
3320 5399 3666 5484 καταστροφὴν
3702 5399 3751 5493 τέ

2255 5515 2458 5585 Σόδομα
2479 5555 2494 5578 ,
2532 5515 2754 5568 τοιαῦτα
2781 5516 2874 5568 καὶ
2905 5516 3060 5586 ὑμεῖς
3078 5554 3092 5577 ,
3120 5509 3165 5567 ὦ
3204 5510 3362 5578 οὗτοι,
3395 5503 3620 5563 πείσεσθε
3639 5539 3651 5562 ,
3680 5490 3749 5586 23“-

589 5603 647 5655 λε
683 5605 752 5644 ne
773 5592 852 5650 sic
885 5595 1102 5663 quidem
1157 5605 1407 5658 conversi
1463 5607 1598 5661 estis
1627 5607 1692 5661 ad
1721 5623 1825 5662 me.
1853 5607 2148 5663 Consuevit

2273 5606 2358 5658 >66’
2386 5581 2565 5669 οὕτως
2615 5581 2979 5677 ἐπεστρέψατε
3036 5607 3170 5676 πρός
3214 5625 3299 5678 με.
3350 5598 3566 5670 Σύνηθες
3604 5589 3652 5644 δὲ

585 5688 760 5742 autem
794 5679 1098 5754 Scriptura,
1130 5696 1342 5762 tempus
1365 5694 1604 5760 futurum
1627 5697 1782 5768 quasi
1817 5698 2145 5767 praeteritum

2273 5701 2440 5771 έραφῇ
2471 5698 2531 5752 τὸ
2557 5698 2748 5769 μέλλον
2787 5699 2861 5763 ὼς
2897 5697 3262 5770 παρεληλυθὲρς
3287 5692 3484 5772 δηλοῦν.
3513 5688 3650 5740 Ὠττε
3679 5679 3746 5728 καὶ

552 5823 555 5826 ’
652 5853 697 5884 ’³
733 5850 874 5918 Psal.
912 5865 997 5907 xc.
1029 5848 1177 5904 9-13.
1244 5849 1748 5919 "'Osc.1x,9,l0.
1827 5855 2086 5916 "Matth.
2121 5874 2172 5922 χ,
2210 5856 2261 5913 5.
2340 5857 2809 5925 ’“Amosrv,ll.
