3894 6518
130 437 216 494 405

1030 423 1684 483 DEMONSTRATIONIS
1723 425 2176 483 EVANGELICAE
2217 427 2344 482 LIB.
2379 425 2444 484 ν.

3248 430 3347 484 tm;

128 558 183 610 τὰ
220 553 451 626 παρόντα
485 552 688 624 ὁμοίως
717 551 821 622 χρὴ
864 551 1026 618 νοεῖν,
1064 551 1192 605 ἀντὶ
1241 549 1338 623 μὲν
1361 550 1476 615 τοῦ,
1519 568 1652 606 κατα

1788 566 2006 621 ponere.
2063 551 2243 618 Quare
2295 552 2583 622 praesentia
2645 567 2861 623 quoque
2907 552 3093 607 eadem
3147 552 3355 607 ratione

129 649 337 722 στρέψω,
361 646 676 718 μέλλοντος,
704 643 796 698 τοῦ
818 645 1220 714 παρῳχημένου
1262 643 1574 716 εἰρημένου,
1594 642 1686 696 τοῦ

129 740 440 811 κατέστρεψα
462 755 477 769 ο
543 738 662 792 ἀντὶ
692 737 749 788 δὲ
775 735 890 799 τοῦ,
922 735 1414 807 ἐπιστραφήσεσθε,
1442 733 1559 797 τοῦ,
1590 736 1687 787 ὲπ-

131 833 414 905 επρέψατε,
439 830 719 901 κειμένου.
738 828 920 882 Ταῦτα
946 829 1001 882 δὲ
1030 828 1164 899 πρὸς
1182 828 1242 882 τὸ
1257 829 1522 883 Ἰουδαίων
1537 825 1684 891 ἔθνος

131 924 472 981 ἀποτείνεται.
506 921 546 975 ἃ
575 922 669 976 καὶ
695 921 802 974 οὐδ’
829 920 1016 974 ἄλλοτε
1059 920 1091 990 ἢ
1137 919 1272 990 μετὰ
1296 920 1393 992 τὴν
1420 923 1562 976 κατὰ
1589 924 1680 976 τοῦ

131 1015 347 1087 Σωτῆρος
376 1015 547 1086 ἡμῶν
584 1013 875 1085 ἐπιϐουλὴν
913 1013 992 1077 εἰς
1029 1013 1227 1077 αὐτοὺς
1265 1011 1584 1085 ἐπληροῦτο.
1623 1015 1680 1070 ’0

128 1109 232 1176 γοῦν
261 1109 400 1179 ἱερὸς
435 1107 622 1162 αὐτῶν
658 1109 753 1161 καὶ
785 1107 847 1159 τὸ
881 1109 1010 1177 πρὶν
1036 1105 1187 1174 ἅγιος
1215 1106 1379 1170 τόπος
1417 1108 1496 1171 εἰς
1523 1106 1679 1161 τοῦτο

126 1199 201 1251 νῦν
225 1198 545 1270 περιῆλθεν,
578 1197 653 1261 ὡς
695 1196 835 1250 κατὰ
875 1197 1041 1268 μηδὲν
1076 1197 1174 1267 τῆς
1215 1196 1464 1268 Σοδόμων
1509 1215 1677 1251 κατα-

127 1292 328 1362 στροφῆς
353 1291 600 1343 ἀποδεῖν.
650 1290 795 1360 Πλὴν
832 1291 1012 1361 ὅμως,
1053 1289 1253 1360 καίπερ
1289 1288 1558 1342 ἀκόλουθα
1608 1292 1673 1362 τῇ

126 1385 386 1455 προρρήσει
425 1381 785 1447 πεπονθότες,
812 1381 964 1436 οῦπω
991 1385 1082 1436 καὶ
1119 1383 1198 1446 είς
1229 1381 1386 1454 δεῦρο
1411 1382 1509 1454 τὴν
1537 1382 1675 1454 πρὸς

125 1477 194 1529 τὸν
215 1474 435 1544 Χριστὸν
461 1474 562 1527 τοῦ
586 1473 740 1538 Θεοῦ,
775 1474 843 1526 δι’
867 1474 926 1528 ὃν
957 1473 1125 1528 ταῦτα
1155 1473 1482 1528 πεπόνθασιν
1502 1514 1517 1537 ,
1551 1475 1671 1528 ἐπι-

127 1565 326 1635 στροφὴν
366 1566 703 1633 ἐποιήσαντο
726 1582 743 1599 ο
775 1566 850 1628 ὡς
880 1565 1102 1628 εἰκότως
1135 1565 1229 1620 καὶ
1266 1565 1422 1619 τοῦτο
1447 1565 1536 1620 διὰ
1575 1567 1672 1637 τῆς

124 1661 169 1709 ἐν
203 1657 342 1728 χερσὶ
385 1656 748 1721 θεσπίζεσθαι
794 1658 1148 1728 προφητείας,
1175 1657 1435 1729 λεγούσης
1465 1675 1478 1689 ·
1519 1677 1537 1706 ι
1564 1659 1670 1712 Καὶ

123 1749 209 1802 066'
235 1748 398 1812 οὕτως
429 1748 810 1819 ἐπεστρέψατε
856 1747 990 1818 πρός
1022 1766 1113 1820 με,
1137 1749 1284 1818 λέγει
1313 1749 1534 1820 Κύριος.
1575 1768 1594 1802 ι

592 2009 993 2064 ΚΕΦΑΛΑῙΟΝ
1045 2010 1168 2063 ΚΝ.

135 2124 238 2177 Ἀπὸ
287 2125 385 2179 τοῦ
443 2124 734 2181 Ἀὄδειοῦ.
772 2157 840 2165 -
881 2123 1019 2192 Περὶ
1075 2123 1195 2177 τῶν
1239 2123 1347 2177 δύο
1412 2125 1664 2192 Κυρίων,

154 2195 346 2263 Πατρός
378 2195 478 2249 καὶ
524 2195 682 2258 Υιοῦ,
708 2195 807 2248 καὶ
833 2193 942 2262 τῆς
970 2193 1087 2246 τῶν
1113 2193 1306 2249 ἐθνῶν
1333 2195 1626 2262 κλήσεως.

182 2325 198 2357 ι
225 2309 441 2380 Ὀρασις
488 2310 758 2364 Ἀϐδειοῦ.
807 2308 1123 2376 Τάδε-λέγει
1157 2311 1358 2383 Κύριος
1403 2314 1469 2384 τῇ
1511 2311 1667 2365 Ἰδου-

277 2401 465 2474 Ἀκοὴν
487 2404 700 2474 ἤκουσα
738 2402 889 2474 παρὰ
917 2403 1143 2475 Κυρίου,
1173 2403 1266 2456 καὶ
1298 2404 1555 2475 περιοχὴν
1587 2407 1667 2468 εἰς

127 2489 176 2540 τὰ
201 2487 308 2560 ἔθνη
338 2489 714 2554 ἐξαπέστειλε.
755 2511 773 2542 ι
813 2492 1014 2563 Κύριος
1053 2496 1080 2546 ὁ
1103 2493 1234 2556 Θεὸς
1262 2493 1430 2564 ἀκοὴν
1460 2495 1660 2564 ἢκουσε

127 2580 242 2649 παρὰ
288 2582 515 2652 Κυρίου.
569 2584 676 2637 Καὶ
717 2583 856 2655 αῦτη
884 2583 940 2636 δὲ
984 2581 1051 2654 ἦν
1081 2583 1207 2655 περὶ
1236 2585 1335 2655 τῆς
1360 2584 1465 2639 τῶν
1495 2585 1664 2640 ἐθνῶν

127 2669 342 2740 κλήσεως.

610 2786 1002 2840 ΚΕΦΑΛΑΙΟΝ
1040 2789 1166 2841 ΚΕ⁹.

1789 651 2000 710 oportet
2031 642 2296 711 accipere,
2327 649 2386 695 ut
2405 643 2656 697 videlicet
2684 659 2783 713 pro
2806 657 2893 708 eo,
2923 642 3068 712 quod
3089 650 3353 707 evertam,

1788 735 1954 788 futuri
1981 734 2242 805 temporis
2263 735 2467 789 dictum
2500 735 2591 799 sit,
2627 735 2820 798 everti,
2852 735 3132 806 praeteriti,
3162 742 3216 790 et
3255 751 3354 806 pro

1783 839 1869 887 eo,
1905 827 2050 893 quod
2066 833 2149 879 est
2177 824 2580 884 convertimini,
2609 825 2858 878 conversi
2884 826 3041 879 estis.
3072 824 3198 879 Haec
3225 841 3354 880 vero

1784 922 1910 969 sunt
1935 914 2000 968 ad
2023 913 2336 968 Iudaeorum
2360 923 2572 984 gentem
2599 913 2801 970 directe
2825 915 3055 984 prolata,
3087 931 3208 986 qua)
3226 919 3352 986 qui-

1781 1007 1902 1062 dem
1933 1023 2042 1064 non
2075 1007 2232 1072 alias,
2275 1022 2437 1076 quam
2489 1015 2611 1077 post
2643 1006 2816 1063 factas
2855 1009 3118 1064 adversus
3171 1008 3353 1062 Salva-

1779 1105 1949 1153 torem
1977 1108 2227 1154 nostrum
2289 1087 2539 1164 insidias,
2595 1099 2649 1152 in
2708 1100 2857 1170 ipsos
2884 1101 3153 1171 completa
3201 1109 3348 1156 sunt.

1779 1188 1988 1244 Etenim
2015 1205 2170 1244 sacer
2203 1190 2448 1260 ipsorum
2487 1197 2540 1245 et
2573 1191 2726 1260 prius
2761 1201 2983 1248 sanctus
3010 1192 3163 1247 locus
3193 1193 3259 1247 ad
3298 1194 3350 1247 id

1780 1281 2031 1336 redactus
2056 1288 2161 1342 est,
2183 1291 2241 1336 ut
2266 1282 2414 1336 nulla
2443 1281 2495 1336 in
2540 1290 2694 1351 parte
2742 1298 2769 1334 a
2797 1282 3157 1338 Sodomorum
3194 1301 3352 1341 ever-

1777 1373 1929 1428 sione
1956 1371 2248 1443 discrepet.
2294 1371 2702 1438 Verumtamen,
2754 1376 2856 1430 etsi
2909 1390 2971 1430 ea
3016 1375 3162 1446 passi
3200 1387 3348 1440 sunt,

1776 1480 1897 1534 quae
1929 1463 1984 1517 in
2018 1463 2282 1518 vaticinio
2339 1465 2444 1519 sibi
2480 1465 2736 1536 prmdicta
2757 1476 2942 1536 aperte
2989 1468 3346 1538 perspiciunt,

1773 1553 2003 1608 necdum
2039 1553 2094 1608 in
2128 1554 2272 1609 hunc
2302 1571 2474 1625 usque
2493 1553 2634 1609 diem
2679 1556 2743 1608 ad
2772 1554 3050 1611 Christum
3079 1555 3194 1621 Dei,
3223 1574 3348 1628 pro—

1773 1655 1891 1716 pter
1947 1661 2107 1720 quem
2146 1647 2276 1701 talia
2333 1647 2625 1717 pertulere,
2681 1648 2892 1718 scipsos
2939 1658 3344 1705 converterunt.

1771 1737 1956 1808 Itaque
1979 1738 2172 1794 merito
2204 1738 2274 1794 ab
2303 1755 2388 1805 ea,
2427 1757 2548 1811 qua:
2576 1757 2722 1795 nunc
2755 1741 2810 1795 in
2835 1742 3084 1796 manibus
3120 1750 3346 1812 estpro-

1772 1827 1974 1897 phetia,
2007 1828 2059 1882 id
2091 1828 2351 1886 divinitus
2377 1829 2583 1885 dictum
2614 1839 2696 1884 est
2725 1849 2738 1883 :
2766 1848 2784 1879 ι
2824 1831 2888 1884 Et
2923 1845 2990 1884 nc
3023 1829 3101 1884 sic
3125 1829 3344 1899 quidem

1704 1911 1744 1965 Β
1773 1919 2020 1975 conversi
2048 1919 2182 1976 estis
2209 1921 2276 1975 ad
2309 1937 2418 1986 me,
2452 1921 2587 1976 dicit
2623 1920 2907 1976 Dominus.
2939 1941 2956 1971 ι

2222 2035 2380 2106 251
2419 2035 2648 2090 CAPUT
2695 2034 2885 2090 XXIV.

1769 2144 1846 2198 Ab
1876 2145 2070 2200 Abdia.
2099 2177 2170 2187 —-
2205 2147 2280 2201 De
2313 2147 2516 2201 duobus
2553 2148 2814 2211 Dominis,
2857 2148 3016 2202 Patre
3055 2148 3250 2203 scilicet
3295 2159 3343 2203 et

2147 2216 2313 2282 Filio,
2338 2227 2386 2272 et
2412 2219 2643 2288 gentium
2677 2221 2964 2273 vocatione.

1843 2346 1880 2386 ι,
1897 2329 2047 2384 Visio
2073 2329 2280 2385 Abdiae.
2305 2328 2431 2385 Haec
2455 2331 2586 2384 dicit
2611 2329 2874 2387 Dominus
2908 2331 2977 2386 ad
3005 2331 3291 2386 Idumaaam
3327 2351 3340 2385 :

1766 2419 2027 2475 Auditum
2067 2421 2250 2476 audivi
2297 2436 2326 2474 a
2366 2419 2618 2484 Domino,
2651 2429 2706 2476 et
2739 2423 3097 2478 munitionem
3151 2425 3206 2478 in
3240 2439 3341 2477 na-

1767 2513 1941 2569 tiones
1987 2513 2259 2570 cmisit".
2303 2532 2322 2566 ι
2349 2511 2610 2568 Dominus
2655 2513 2799 2570 Deus
2847 2515 3092 2570 auditum
3133 2515 3342 2569 audivit

1765 2621 1794 2659 a
1840 2605 2091 2662 Domino.
2145 2605 2198 2662 Is
2243 2621 2375 2662 vero
2401 2607 2622 2662 auditus
2653 2608 2756 2662 fuit
2786 2608 2853 2664 de
2893 2609 3135 2680 gentium
3179 2623 3340 2663 voca-

1764 2696 1933 2750 tione.

2340 2810 2568 2867 CAPUT
2609 2811 2776 2865 XXV.

134 2892 235 2975 Ἀζιὸ
269 2895 819 2991 τοῦλΖαχᾳρίου.Ιῖ
849 2901 940 2965 Ὡς
973 2904 1005 2991 ς
1042 2902 1198 2988 Θεὸς,
1222 2902 1419 2991 Λόγος
1449 2902 1652 2991 Κύριος

1763 2924 1803 2975 Α
1833 2922 2119 2977 Zacharia.
2146 2955 2213 2963 —
2251 2924 2707 2991 Quemadmodum
2747 2923 2885 2978 Deus
2939 2925 3187 2990 Verbum,
3217 2941 3336 2980 cum

173 2967 242 3052 (gr
288 2967 429 3052 ξερὸς
479 2967 593 3023 τόῦ
648 2969 918 3039 μείζονος
966 2967 1338 3026 ἀπεστάλθαι
1386 2967 1652 3040 ὁμολογεῖ

1889 2995 1958 3047 sit
1991 2967 2292 3049 Dominus"
2316 2998 2536 3050 missum
2571 3013 2625 3050 se
2655 3014 2686 3049 a
2723 2995 2884 3049 Patre
2912 2967 3208 3052 confitemi'.

175 3036 386 3103 Κυρίου.

178 3186 194 3218 ι
215 3169 334 3222 Τάδε
364 3170 518 3240 λέγει
550 3171 754 3243 Κύριος
802 3174 1212 3245 παντοκράτωρο
1252 3173 1455 3227 Ὀπίσω
1501 3173 1652 3246 δόξης

1836 3190 1854 3222 ι
1893 3170 2018 3226 Haec
2059 3172 2193 3227 dicit
2226 3172 2492 3229 Dominus
2516 3175 2862 3245 omnipotens
2898 3193 2908 3228 :
2944 3174 3074 3231 Post
3108 3175 3336 3245 gloriam

125 3259 378 3316 ἀπέσταλκε
414 3281 488 3335 με
522 3263 616 3316 ἐπὶ
642 3264 711 3317 τὰ
743 3264 871 3336 ἔθνη
916 3265 983 3319 τὰ
1027 3266 1398 3321 σκυλεύσαντα
1431 3269 1592 3340 ὑμᾶς.
1631 3289 1648 3320 ι

1763 3263 1906 3318 misit
1934 3280 2021 3320 me
2056 3265 2124 3319 ad
2163 3273 2373 3336 gentes,
2404 3283 2523 3337 quae
2556 3266 2879 3336 deprazdata:
2915 3278 3041 3322 sunt
3085 3282 3181 3322 vos
3202 3267 3270 3322 ’⁸.
3310 3287 3328 3319 ι

125 3351 207 3408 Εἶτ’
231 3358 462 3432 ἐπιφέρει
511 3361 649 3431 μετὰ
689 3361 894 3434 βραχέα
939 3362 1145 3431 λέγων·
1180 3383 1198 3414 ι
1232 3364 1339 3416 Καὶ
1383 3363 1652 3432 γνώσεσθε

1763 3353 1961 3410 Deinde
1996 3355 2241 3427 adjungit
2282 3365 2405 3427 post
2455 3373 2627 3428 pauca
2664 3399 2678 3420 ,
2711 3358 2898 3414 dicens
2937 3378 2949 3412 :
2994 3378 3012 3410 ι
3045 3358 3108 3412 Et
3132 3373 3334 3427 cogno-

123 3447 180 3498 ὅτι
203 3449 379 3522 Κύριος
407 3455 815 3526 παντοκράτωρ
849 3455 1155 3508 ἁπέσταλκέ
1191 3473 1280 3526 με.
1319 3475 1338 3508 ι
1396 3457 1457 3509 Ei
1491 3457 1584 3510 καὶ
1626 3459 1652 3510 6

1763 3449 1925 3502 acetis
1967 3448 2116 3519 quod
2165 3447 2426 3503 Dominus
2482 3449 2830 3518 omnipotens
2889 3452 3036 3506 misit
3083 3467 3167 3506 me
3193 3450 3262 3506 ”.
3306 3468 3327 3504 ι

123 3540 406 3596 ἀποστέλλων
433 3545 645 3616 Κύριός
679 3548 794 3600 ὲστι
849 3548 1263 3620 παντοκράτωρ,
1312 3550 1406 3602 καὶ
1456 3553 1484 3602 ὁ
1550 3545 1654 3603 ἀπ-

123 3631 326 3686 επὰλθαι
355 3635 533 3704 λέγων
560 3635 842 3702 ὡσαύτως,
875 3638 966 3691 δύο
991 3640 1116 3710 ἄρα.
1153 3639 1346 3708 Σαῖρῶς
1388 3639 1445 3693 δὲ
1491 3641 1519 3693 6
1547 3641 1651 3693 ἀπ-

124 3724 432 3795 εσταλμένος,
481 3749 501 3780 ι
548 3728 754 3800 Κύριος
811 3731 1202 3803 παντοκράτωρ
1235 3733 1328 3784 ἐπὶ
1376 3733 1446 3787 τά
1493 3733 1648 3807 ἔθνη,

126 3818 264 3884 φησὶν,
287 3820 596 3875 ἀπέσταλκέ
626 3839 715 3891 με.
750 3840 768 3872 ι

592 3931 986 3984 ΚΕΦΑΛΑΙΟΝ
1027 3933 1168 3999 κεῖν.

182 4039 415 4110 Ὀαῠτὸς,
456 4043 559 4097 καὶ
593 4043 726 4112 περὶ
762 4041 872 4112 τῆς
903 4042 1022 4097 τῶν
1057 4042 1249 4098 ἐθνῶν
1274 4042 1570 4109 κλήσεως.

177 4152 388 4224 «Τέρπου
426 4156 530 4210 καὶ
553 4147 872 4225 εὐφραίνου,
905 4155 1143 4230 θύγατερ
1176 4156 1332 4222 Σιὼν,
1367 4156 1502 4210 διότι
1537 4156 1644 4210 ἰδοὺ

121 4240 202 4305 ἐγὼ
223 4243 454 4317 ἔρχομαι,
499 4247 595 4301 καὶ
641 4248 1047 4318 κατασκηνώσω
1076 4250 1134 4301 ὲν
1166 4249 1314 4319 μέσῳ
1355 4265 1469 4313 σου,
1499 4247 1645 4320 λέγει

123 4334 298 4405 Κύριος.
330 4342 436 4396 Καὶ
471 4339 900 4410 καταφεύξονται
929 4342 1056 4412 ἔθνη
1089 4340 1256 4394 πολλὰ
1290 4341 1383 4393 ἐπὶ
1413 4340 1502 4393 τὸν
1529 4338 1643 4392 Κύ-

123 4439 208 4489 ρων
233 4431 282 4481 ἐν
303 4434 364 4502 τῇ
391 4432 578 4503 ἡμέρᾳ.
604 4433 786 4503 ἐκείνῃ
803 4449 816 4461 ·
847 4433 939 4485 καί¹
965 4432 1176 4486 ἔσονται
1205 4431 1353 4502 αὑτῷ
1380 4432 1460 4494 εἰς
1494 4429 1639 4484 λαόν·

120 4517 582 4594 καὶκατασκηνὼσω
601 4527 657 4577 ἐν
678 4525 826 4594 μέσῳ
855 4542 969 4589 σου,
997 4525 1090 4577 καὶ
1116 4524 1320 4596 γνώσῃ,
1343 4524 1426 4577 ὅτι
1442 4523 1644 4594 Κύριος

1755 3537 1907 3606 Quod
1939 3540 1985 3594 si
2017 3542 2062 3595 is
2100 3539 2364 3596 Dominus
2391 3543 2485 3610 qui
2521 3543 2705 3606 mittit,
2743 3541 3006 3597 Dominus
3044 3552 3125 3596 est
3152 3541 3332 3597 omni-

1753 3641 1966 3702 potens,
2011 3640 2066 3686 et
2112 3633 2205 3701 qui
2251 3633 2386 3688 dicit
2423 3649 2482 3688 se
2531 3632 2760 3688 missum
2808 3649 2931 3690 esse
2980 3634 3188 3697 itidem,
3221 3633 3332 3689 duo

1753 3724 1936 3794 igitur.
1988 3723 2267 3795 Siquidem
2313 3726 2471 3795 plane
2501 3725 2593 3796 qui
2622 3727 2825 3782 missus
2865 3734 2971 3790 est,
3010 3745 3029 3777 ι
3069 3725 3330 3782 Dominus

1750 3823 2120 3892 omnipotens,
2154 3822 2351 3894 inquit,
2383 3823 2451 3878 ad
2475 3834 2663 3894 gentes
2694 3824 2844 3879 misit
2875 3839 2982 3878 me.
3022 3842 3039 3874 ι

2311 3935 2541 3991 CAPUT
2583 3936 2772 3994 XXVI.

1993 4046 2162 4113 Idem,
2195 4048 2388 4102 iterum
2423 4047 2488 4102 de
2525 4050 2795 4103 vocatione
2821 4052 3071 4119 gentium.

1823 4182 1840 4215 ι
1881 4160 2068 4216 Gaude
2094 4169 2148 4217 et
2172 4162 2376 4226 laetare,
2407 4162 2512 4216 lilia
2541 4161 2693 4227 Sion,
2721 4163 2848 4233 quia
2871 4180 3000 4220 ecce
3021 4181 3122 4236 ego
3143 4169 3321 4234 venio,

1745 4261 1800 4307 et
1831 4253 2088 4307 habitabo
2124 4253 2180 4307 in
2214 4253 2392 4308 medio
2426 4253 2528 4318 tui,
2559 4253 2691 4308 dicit
2725 4253 3006 4312 Dominus.
3029 4256 3094 4310 Et
3126 4259 3323 4320 contu-.-

1745 4345 1893 4415 gient
1919 4353 2107 4414 gentes
2138 4345 2323 4400 multa:
2343 4344 2409 4399 ad
2433 4344 2720 4400 Dominum
2746 4347 2800 4401 in
2833 4348 2918 4402 die
2946 4349 3057 4412 illa,
3079 4357 3133 4406 et
3161 4361 3322 4406 erunt

1746 4437 1821 4490 illi
1847 4437 1899 4490 in
1936 4437 2218 4507 populum,
2251 4445 2306 4493 et
2329 4437 2588 4494 habitabo
2614 4439 2667 4492 in
2700 4439 2879 4494 medio
2913 4442 3012 4504 tui,
3035 4449 3090 4496 et
3118 4458 3322 4513 cogno-

1745 4546 1867 4586 sces
1897 4531 2040 4600 quod
2071 4530 2336 4584 Dominus
2360 4533 2707 4601 omnipotens
2739 4532 2886 4587 misit
2917 4548 2999 4588 me
3031 4534 3097 4589 ad
3130 4542 3182 4590 te
3219 4535 3257 4600 ‘,
3295 4555 3313 4587 ι

121 4611 455 4684 παντοκράτωρ
479 4611 848 4678 ἐξαπέσταλκέ
872 4630 938 4683 με
972 4612 1106 4680 πρὸς
1135 4612 1194 4664 σέ
1213 4629 1260 4664 ⁸)
1299 4613 1389 4665 καὶ
1412 4612 1478 4665 τὰ
1493 4613 1639 4685 ἑξῆς.

121 4689 185 4713 n’.
269 4699 344 4713 Α...
518 4704 530 4713 ι
607 4703 622 4713 ι
653 4705 663 4713 ι
860 4705 900 4713 -ν
945 4705 956 4713 ι
1210 4703 1221 4713 .
1385 4703 1397 4713 ι
1475 4705 1486 4713 ι
1579 4708 1591 4713 -

1763 4631 1848 4677 :tc.
1890 4622 2101 4688 Quibus
2135 4630 2258 4692 post
2302 4623 2408 4676 alia
2451 4623 2698 4694 adjungit
2741 4642 2753 4678 :
2791 4643 2809 4674 ι
2849 4624 2913 4678 Ει
2953 4627 3322 4684 corroborabo

119 4689 186 4757 οἷς
209 4699 487 4775 μεθ’έτερα
515 4703 784 4771 ἐπιλέγει·
815 4722 833 4754 ι
859 4705 968 4756 Καὶ
996 4703 1309 4775 κατισχύσω
1339 4703 1535 4768 αὐτοὺς
1575 4708 1634 4758 ὲν

1763 4732 1839 4771 eos
1893 4717 1948 4770 in
1995 4715 2224 4770 Domino
2275 4714 2386 4770 Deo
2439 4717 2704 4786 ipsorum,
2741 4725 2793 4772 et
2845 4719 2900 4771 in
2933 4719 3156 4775 nomine
3198 4721 3320 4790 ejus

120 4785 262 4860 Κυρίῳ
280 4793 387 4865 Θεῷ
410 4795 611 4859 αὐτῶν,
631 4796 723 4848 καὶ
743 4797 800 4848 έν
821 4794 898 4864 τῷ
919 4795 1140 4866 ὀνόματι
1159 4795 1322 4850 αὑτοῦ
1346 4797 1638 4868 καυχήσον-

116 4891 202 4941 ται,
220 4881 345 4952 λέγει
371 4887 592 4958 Κύριος.
622 4907 640 4940 ι
676 4887 786 4940 Καὶ
806 4887 976 4942 ταῦτα
1005 4890 1117 4952 τοῖς
1145 4888 1427 4960 προτέροις
1452 4891 1634 4960 ὅμοια,

117 4967 273 5036 τὴντοῦ
291 4978 517 5048 Χριστοῦ
543 4981 622 5042 εἰς
647 4978 742 5032 ἀνθ
752 4978 964 5052 ρώπους
993 4980 1288 5052 παρουσίαν
1309 4981 1404 5036 καὶ
1423 4982 1520 5051 τὴν
1541 4998 1633 5046 γε-

118 5063 296 5135 νθμένην
315 5070 418 5124 τῶν
446 5069 615 5123 ἐθνῶν
641 5074 902 5141 σωτήριον
932 5071 998 5124 δι’
1026 5073 1187 5126 αὑτοῦ
1217 5073 1404 5144 κλῆσιν
1421 5075 1635 5144 ἀναφω-

1739 4811 2139 4881 gloriabuntur,
2171 4810 2306 4864 dicit
2339 4809 2600 4865 Dominus
2631 4813 2670 4866 ².
2710 4831 2728 4862 ›
2770 4810 2892 4866 Haec
2924 4827 3140 4883 quoque
3173 4817 3320 4884 prio-

1742 4903 1895 4958 ribus
1935 4902 2131 4957 similia
2164 4911 2316 4964 sunt,
2353 4918 2472 4972 quae
2495 4901 2697 4956 Christi
2732 4901 2797 4956 ad
2834 4903 3083 4960 homines
3113 4907 3317 4962 adven-

1743 5002 1879 5056 tum,
1941 5002 1995 5049 et
2050 4994 2345 5049 salutarent
2393 4992 2631 5048 futuram
2703 4996 2958 5064 gentibus
3010 4997 3170 5068 252
3221 5015 3317 5068 per

1742 5086 1917 5156 ipsum
1938 5086 2296 5149 vocationem,
2315 5087 2491 5156 palam
2513 5087 2797 5141 enuntiant
2817 5106 2862 5141 ει
2893 5087 3005 5158 Ego
3023 5090 3316 5160 igituripse

119 5150 278 5250 νοῦντα·
298 5177 314 5211 ι
335 5160 475 5231 Ἐγὼ
495 5162 593 5232 μὲν
614 5158 706 5216 οὖν
718 5163 875 5227 αὐτὸς
897 5167 924 5216 ὁ
941 5163 1141 5236 Κύριος
1159 5165 1292 5236 ἥξω,
1315 5167 1498 5237 φησιν.
1517 5167 1639 5220 Ἐπὶ

1763 5178 2004 5233 )ominus
2045 5179 2283 5244 veniam,
2322 5180 2518 5250 inquit,
2560 5189 2614 5235 et
2660 5183 2714 5236 in
2770 5199 2890 5239 meo
2923 5185 3159 5238 adventu
3203 5200 3312 5239 non

117 5242 156 5296 δὲ
173 5252 221 5318 τῇ
249 5255 341 5328 ἐμῇ
369 5259 639 5331 παρουσίᾳ
659 5259 840 5313 οὐκέθ’
864 5262 892 5313 6
919 5262 1085 5315 πάλαι
1117 5262 1349 5334 Ἰσραὴλ,
1379 5262 1488 5316 ἀλλ’
1516 5264 1634 5320 οῦδὲ

179 5345 307 5408 μόνον
334 5352 423 5405 ὲπὶ
453 5353 558 5424 γῆς
577 5353 749 5418 ἔθνος,
773 5355 898 5426 ἔθνη
927 5356 984 5409 δὲ
1017 5354 1186 5410 πολλὰ
1205 5356 1632 5427 καταφεύξονται

119 5426 280 5520 ἐπὶτὺν
307 5444 585 5513 κρείττονα
628 5447 722 5499 καὶ
768 5443 941 5518 μέγαν
978 5447 1202 5520 Κύριον,
1251 5426 1526 5519 τὸνὲμοῦ
1572 5468 1629 5504 τε

123 5519 260 5607 {ti-.95,
286 5534 369 5586 καὶ
407 5535 517 5588 τῶν
557 5535 694 5588 ὅλων
725 5536 875 5601 Θεὸν,
911 5537 996 5605 ἐφ’
1021 5537 1079 5591 ὂν
1117 5537 1184 5590 τὰ
1216 5538 1626 5607 καταφεύγοντα

121 5606 211 5702 ἔίξνη
241 5625 482 5698 τοσαύτης
513 5627 760 5694 τεύξεται
801 5629 1136 5699 εὐεργεσίας,
1169 5630 1244 5691 ὡς
1286 5606 1380 5686 καῖ
1408 5649 1625 5702 χρημα-

120 5700 227 5759 τίσαι
267 5718 347 5769 καὶ
383 5719 628 5788 γενέσθαι
688 5719 813 5774 λαὸν
862 5721 1032 5786 Θεοῦ,
1082 5723 1403 5795 κατοικῆσαι
1453 5741 1511 5777 τε
1571 5727 1626 5777 ἐν

1735 5271 1967 5340 amplius
1997 5272 2088 5328 ille
2133 5273 2393 5342 antiquus
2421 5272 2622 5339 Israel,
2657 5290 2720 5329 ac
2756 5292 2822 5330 ne
2857 5292 2963 5330 una
2994 5277 3212 5346 quidem
3255 5277 3311 5332 in

1733 5371 1879 5415 terra
1901 5377 2058 5426 gens,
2080 5363 2175 5417 sed
2199 5363 2590 5434 multaegentes
2607 5364 2945 5435 confugient,
2965 5364 3031 5418 ad
3046 5377 3308 5436 prtesten-

1731 5452 1924 5506 tiorem
1957 5460 2011 5506 et
2049 5469 2304 5525 magnum
2349 5452 2637 5509 Dominum
2659 5497 2674 5522 ,
2706 5457 2799 5526 qui
2825 5465 2880 5510 et
2913 5473 3068 5512 meus
3109 5459 3306 5530 ipsius,

1733 5553 1785 5598 et
1825 5543 2066 5599 universi
2110 5553 2196 5600 est
2240 5544 2406 5609 Deus,
2457 5547 2524 5601 ad
2569 5564 2731 5617 quem
2786 5549 3166 5622 confugientes
3201 5569 3303 5612 na-

1733 5634 1908 5689 tiones
1969 5641 2179 5688 tantum
2234 5645 2642 5704 consequentur
2691 5637 3056 5709 beneﬁcium,
3121 5652 3182 5698 ut
3244 5652 3299 5698 et

1734 5727 2074 5796 appellentur
2103 5735 2158 5782 et
2185 5727 2294 5782 sint
2329 5730 2561 5798 p0pulus
2594 5730 2710 5799 Dei,
2742 5743 2794 5788 ct
2827 5734 3071 5792 habitent
3100 5735 3156 5792 in
3189 5752 3305 5794 me~

171 5859 345 5925 "Abd,
393 5891 442 5939 .,
494 5876 540 5929 ι.
619 5876 664 5907 εδ
696 5875 858 5932 Zach.
892 5893 952 5942 ιι,
989 5880 1044 5934 8.
1119 5879 1163 5912 ὀ
1211 5880 1340 5936 ibid.
1379 5880 1429 5936 9.
1515 5881 1652 5936 ‘ihii

1763 5883 1829 5949 .0,
1867 5883 1954 5938 Η.
2034 5886 2052 5914 ³
2085 5881 2249 5939 Zaclt.
2289 5901 2339 5950 ι,
2374 5885 2455 5940 1‘2.
