3894 6516
546 451 654 508 407

1251 435 1518 502 EUSEBII
1547 435 2019 498 CAESARIENSIS
2056 435 2202 492 OPP.
2240 433 2418 489 PARS
2457 420 2519 488 II.
2561 463 2627 475 —
2665 430 3168 488 APOLOGETICA.

3675 419 3785 479 40³

544 574 636 628 dio
683 569 803 641 ejus
829 585 948 640 qua:
992 575 1214 622 vocatur
1231 565 1339 620 ﬁlia
1371 543 1535 618 Sion:
1558 581 1575 612 ι
1611 559 1723 631 (Sic
1767 559 1910 614 enim
1943 555 2035 610 Dei
2067 555 2103 608 ir

2231 556 2378 626 μέσῳ
2420 555 2515 624 τῆς
2557 551 2890 621 καλουμένης
2939 548 3206 617 θυγατρὸς
3239 547 3376 600 Σιών
3432 563 3450 595 s
3491 543 3675 607 (Οὕτω
3727 544 3784 594 δὲ

547 667 690 716 terra
728 658 1025 714 Eoi'lesiam
1053 695 1068 720 ,
1094 656 1250 726 quasi
1284 655 1446 708 ﬁliam
1481 650 1766 722 quamdam
1798 649 1937 718 ejus,
1988 662 2108 716 quas

547 751 598 803 in
649 750 788 806 ctelo
826 755 928 810 est,
965 762 1135 802 sacrze
1182 745 1397 800 Litterae
1425 759 1621 798 vocare
1662 740 2105 809 consueverunt.)

548 839 697 894 lianc
731 838 894 894 etiam
927 837 1089 892 veluti
1132 837 1276 891 bono
1315 840 1506 891 nuntio
1533 835 1765 906 gaudere
1791 834 1942 903 jubet
1970 850 2109 888 ora-

463 988 484 998 ﬁ
547 931 751 993 culum,
782 929 1008 984 dicens:
1044 947 1062 979 ι
1100 927 1286 985 Gaude
1315 937 1368 982 et
1414 929 1616 989 laetare,
1656 926 1761 980 lilia
1805 925 1955 988 Sion,
1981 941 2107 980 ecce

547 1037 644 1092 ego
685 1024 872 1082 venio,
918 1030 970 1074 et
1004 1019 1258 1074 habitabo
1303 1020 1355 1073 in
1402 1019 1578 1072 medio
1608 1019 1704 1072 tui.
1768 1037 1786 1069 ι
1826 1019 1880 1072 In
1930 1017 2108 1071 medio

547 1114 687 1166 enim
720 1111 978 1166 Ecclesiae
1009 1109 1174 1164 Deum
1227 1109 1460 1166 Verbum
1509 1110 1753 1164 habitare
1788 1109 2104 1164 credimus:

547 1202 1002 1273 quemadmodum
1065 1203 1178 1271 ipse
1231 1201 1504 1270 pollicitus
1555 1211 1637 1254 est
1667 1240 1681 1263 ,
1743 1216 1864 1253 cum
1911 1199 2102 1252 dixit:

552 1311 570 1343 ι
614 1291 755 1346 Ecce
804 1307 904 1362 ego
943 1292 1220 1346 vobiscum
1272 1307 1390 1346 sum
1435 1307 1627 1346 omnes
1675 1291 1810 1354 dics,
1844 1306 2012 1359 usque
2040 1289 2106 1344 ad

546 1386 1068 1436 consummationem
1091 1381 1274 1436 seaculi
1311 1382 1350 1447 ³,
1403 1404 1420 1436 ι
1457 1391 1505 1436 et
1533 1401 1546 1435 :
1574 1400 1591 1430 ι
1629 1379 1731 1434 Ubi
1762 1381 1868 1434 duo
1886 1388 1977 1433 aut
2000 1391 2109 1434 tros

547 1473 859 1542 congregati
885 1481 1011 1526 sunt
1041 1473 1094 1527 in
1120 1476 1337 1527 nomine
1369 1487 1510 1533 meo,
1551 1472 1659 1526 illic
1698 1487 1815 1526 sum
1852 1473 1904 1524 in
1932 1470 2108 1526 medio

547 1563 876 1623 eorum‘,»-
899 1584 916 1614 ι
955 1564 1088 1618 Cum
1125 1575 1302 1618 autem
1341 1581 1460 1634 ego,
1482 1565 1655 1634 inquit
1683 1566 1795 1634 ipse
1825 1562 2104 1628 Dominus,

2210 645 2306 716 τὴν
2340 645 2430 696 ἐπὶ
2461 643 2562 713 γῆς
2597 641 2920 711 Ἐκκλησίαν
2965 641 3056 695 τοῦ
3088 639 3220 692 Θεοῦ
3241 679 3256 702 ,
3297 638 3482 706 ῶσπερ
3513 633 3638 688 τινὰ
3689 633 3785 683 θυ-

2207 735 2413 807 γατέρα
2476 733 2836 802 τυγχάνουσαν
2889 731 2987 802 τῆς
3037 729 3378 802 ἐπουρανίου,
3439 729 3551 790 τοῖς
3606 727 3782 794 ἱεροῖς

2216 825 2502 898 Γράμμασι
2533 823 2822 877 ἀποκαλεῖν
2868 823 3062 891 φίλον.)
3112 820 3326 891 Ταύτην
3373 819 3428 871 δέ
3471 817 3566 870 καί
3612 817 3786 880 εύαη·

2205 917 2477 986 γελίςεται
2512 916 2571 968 τὸ
2597 915 2802 983 φάσκον
2838 913 3045 982 λόγιον·
3083 932 3100 964 ι
3137 915 3304 982 Χαῖρε
3339 911 3428 964 καὶ
3457 909 3782 978 εὐφραίνου,

2207 1009 2440 1082 θύγατερ
2473 1007 2628 1072 Σιὼν,
2654 1007 2784 1060 διότι
2818 1005 2924 1058 ἰδοὺ
2958 1004 3206 1077 ἔρχομαι,
3239 1003 3334 1056 καὶ
3367 997 3784 1070 κατασκηνώοω

2206 1104 2265 1156 ἐν
2302 1101 2450 1172 μέσῳ
2485 1117 2599 1154 σου.
2633 1119 2651 1150 ι
2714 1101 2801 1152 Ἐν
2845 1098 2992 1169 μέσῳ
3035 1094 3144 1168 γὰρ
3188 1096 3286 1165 τῆς
3317 1091 3646 1162 Ἐκκλησία(
3693 1090 3784 1142 τὸν

2204 1190 2336 1242 Θεὸν
2391 1189 2560 1257 Λόγον
2606 1187 2977 1257 κατασκηνοῦν
3030 1184 3483 1254 πεπιστεύκαμεν·
3524 1182 3600 1244 ὡς
3652 1180 3785 1249 γοῦν

2205 1283 2298 1336 καὶ
2331 1282 2656 1353 ἐπήγγελται
2691 1284 2868 1351 φήσας
2892 1297 2904 1310 ·
2937 1299 2954 1331 ι
2998 1281 3126 1334 Ἰδοὺ
3169 1279 3278 1348 ἐγὼ
3311 1277 3424 1348 μεθ’
3467 1275 3626 1346 ὑμῶν
3671 1277 3786 1345 εἰμι

2205 1373 2382 1436 πάσας
2412 1373 2511 1435 τάς
2544 1372 2754 1443 ἡμέρας
2786 1372 2889 1435 ἓως
2918 1372 3014 1442 τῆς
3049 1370 3351 1432 συντελείας
3375 1368 3468 1421 τοῦ
3506 1368 3732 1429 αἰῶνος·
3761 1385 3782 1418 s

2205 1467 2317 1516 καί·
2352 1465 2554 1515 (Ὅπου
2587 1462 2732 1532 δύοῆ
2756 1464 2902 1533 τρεῖς
2925 1459 3244 1530 συνηγμένοι
3277 1460 3410 1511 είσὶν
3443 1461 3522 1520 είς
3551 1458 3613 1510 τδ
3654 1457 3785 1522 ἐμὸν

2203 1555 2394 1624 δνομα,
2410 1556 2524 1614 ἐκεῖ
2540 1557 2651 1624 είμι
2669 1557 2723 1606 ἐν
2740 1554 2888 1624 μέσῳ
2906 1553 3100 1607 αὐτῶν.
3117 1570 3237 1603 ι-ι
3259 1551 3504 1607 Ἐπειδὰν
3528 1551 3586 1604 δέ
3608 1550 3748 1617 ἐγὼ,
3761 1568 3779 1599 ι

547 1668 767 1719 venero,
807 1662 861 1708 et
915 1653 1168 1710 habitabo
1219 1656 1270 1709 in
1309 1655 1485 1710 medio
1524 1657 1627 1720 tui,
1659 1675 1677 1708 ι
1710 1654 1967 1722 majorem
1993 1661 2103 1707 tum

2214 1645 2368 1715 φησὶν
2399 1644 2557 1706 αὐτὸς
2587 1646 2614 1696 6
2639 1642 2860 1714 Κύριος,
2885 1661 2902 1692 ι
2939 1641 3105 1695 ἐλθὼν
3121 1639 3523 1711 κατασκηνώσω
3553 1643 3613 1693 ἐν
3634 1641 3784 1710 μέσῳ

548 1747 912 1816 cognitionem
960 1745 1028 1801 de
1074 1745 1184 1800 Deo
1231 1748 1599 1816 omnipotente
1653 1746 1886 1815 accipies
1927 1763 1940 1798 :
1978 1743 2103 1798 dum

2214 1751 2323 1797 σου,
2350 1757 2366 1786 ι
2409 1734 2627 1804 μείζονα
2655 1735 2773 1786 τότε
2801 1733 2998 1802 γνῶσιν
3031 1736 3157 1804 περὶ
3185 1734 3277 1786 τοῦ
3307 1733 3439 1787 Θεοῦ
3466 1732 3783 1802 παντοκρά-

548 1850 647 1906 ego
685 1835 944 1892 Dominus
969 1852 1211 1897 causam,
1244 1853 1343 1890 cur
1375 1837 1440 1890 ad
1481 1836 1726 1890 homines
1752 1835 1952 1889 missus
1980 1835 2103 1898 sim,

2214 1845 2362 1897 τορος
2410 1828 2680 1898 ἀναλήψῃ,
2711 1826 2844 1897 ἐμοῦ
2880 1826 2972 1879 τοῦ
3004 1827 3206 1899 Κυρίου
3237 1827 3334 1897 τὴν
3363 1827 3538 1880 αἰτίαν
3565 1826 3673 1895 τῆς
3707 1828 3782 1888 είς

548 1927 692 1983 Patri
741 1929 832 1998 qui
872 1930 1017 1983 misit
1050 1944 1156 1993 mc,
1177 1928 1464 1982 attribnam
1493 1947 1505 1982 :
1545 1946 1562 1979 ι
1593 1928 1898 1998 Cognosces
1926 1934 2103 1980 autem

2214 1919 2524 1992 ἀνθρώπους
2543 1920 2842 1990 ἀποστολῆς
2873 1919 3210 1982 ἀνατιθέντος
3239 1919 3315 1990 τῷ
3340 1917 3782 1982 ἐξαποστεῦαντί

547 2018 691 2088 quod
737 2017 996 2073 Dominus
1033 2019 1379 2088 omnipotens
1422 2017 1569 2072 misit
1609 2031 1696 2070 me
1737 2016 1803 2070 ad
1848 2024 1918 2069 te.
1965 2033 1984 2065 ι
2030 2014 2103 2067 Ac

2214 2028 2276 2081 με
2307 2013 2496 2083 Πατρί.
2530 2031 2546 2061 ι
2580 2013 2617 2063 Γ
2620 2011 2765 2085 νὼσῃ
2789 2011 2865 2074 δὲ,
2895 2013 2976 2064 ὅτι
3008 2012 3208 2082 Κύριος
3241 2010 3636 2081 παντοκράτωρ
3675 2013 3782 2063 ἀπ-

546 2105 804 2175 deinceps
835 2106 890 2161 in
923 2106 1066 2159 hunc
1092 2121 1223 2160 sane
1249 2106 1467 2160 modum
1499 2106 1614 2175 ipse
1643 2104 1902 2159 Dominus
1933 2104 2098 2174 loqui-

2214 2103 2434 2156 έσταλκέ
2483 2119 2551 2173 με
2573 2103 2705 2175 πρὸς
2739 2103 2798 2156 σέ
2850 2121 2867 2154 ι
2906 2103 3014 2155 Καὶ⁹
3052 2104 3174 2173 ἑξῆς
3204 2102 3327 2172 περὶ
3365 2102 3550 2172 ἐτέρου
3572 2101 3780 2171 Κυρίου

547 2200 671 2246 tur:
703 2212 720 2244 ι
757 2192 820 2246 Et
839 2194 1208 2249 corroborabo
1237 2209 1331 2249 eos
1365 2195 1419 2247 in
1449 2193 1676 2249 Domino
1704 2195 1810 2248 Deo
1838 2195 2102 2264 ipsorum,

545 2289 599 2336 et
629 2282 684 2336 in
716 2284 934 2338 nomine
969 2285 1141 2354 ipsius
1175 2285 1576 2356 gloriabuntur,
1599 2286 1730 2341 dicit
1761 2285 2043 2340 Dominus.
2082 2305 2100 2338 ι

547 2370 652 2429 Sed
683 2375 775 2444 qui
806 2374 1022 2431 tandem
1059 2383 1188 2432 sunt
1216 2377 1308 2446 qui
1331 2377 1386 2431 in
1420 2375 1648 2432 Domino
1678 2377 2013 2447 gloriantur?

1092 2549 1319 2605 CAPUT
1346 2549 1556 2606 XXVII.

547 2658 698 2730 Quod
733 2675 918 2714 rursus
951 2659 1203 2730 Dominus
1231 2660 1296 2714 de
1339 2661 1445 2714 alio
1485 2661 1732 2730 quodam,
1777 2670 1981 2717 constat
2007 2677 2105 2720 att-

849 2739 948 2784 tem
973 2729 1110 2800 quod
1140 2731 1204 2784 de
1226 2730 1389 2785 Patre
1411 2729 1505 2784 suo
1541 2731 1792 2802 loquitur.

621 2860 639 2892 ι
660 2841 726 2896 Et
745 2843 981 2898 ostendit
1002 2843 1132 2900 mihi
1159 2843 1417 2900 Dominus
1435 2842 1618 2900 Iesum
1643 2847 1976 2902 sacerdotem
1994 2862 2108 2902 ma-

544 2951 733 3007 gnum,
770 2945 1004 2994 stantem
1035 2947 1160 2996 ante
1191 2939 1384 2994 faciem
1415 2942 1590 3007 angeli
1623 2942 1871 3008 Domini,
1907 2951 1962 2999 et
1990 2944 2106 3000 dis-

545 3028 706 3085 bolus
736 3031 915 3085 stabat
951 3047 982 3086 a
1015 3032 1225 3089 dextris
1254 3033 1393 3102 ejus,
1433 3045 1490 3090 ut
1521 3036 1902 3092 adversaretur
1937 3039 2008 3094 ei.
2039 3037 2105 3094 Et

547 3118 682 3173 dixit
721 3119 984 3178 Dominus
1013 3121 1080 3176 ad
1107 3120 1380 3176 diabolum
1416 3143 1428 3178 :
1462 3121 1711 3195 lncrepet
1741 3124 2005 3180 Dominus
2047 3125 2104 3180 in

2209 2193 2302 2246 καὶ
2326 2192 2460 2246 Θεοῦ
2499 2187 2599 2246 ὧδέ
2644 2211 2760 2257 πως
2806 2194 2966 2256 αὐτὸς
2999 2196 3027 2246 6
3050 2193 3251 2264 Κύριος
3297 2192 3534 2260 ἐπιλέγει
3559 2209 3573 2223 ·
3620 2211 3640 2242 ι
3677 2193 3780 2243 Καὶ

2215 2285 2524 2356 κατισχύσω
2560 2287 2754 2349 αὐτοὺς
2795 2289 2852 2340 ἐν
2875 2287 3062 2357 Κυρίῳ
3091 2285 3208 2354 Θεῴ
3245 2285 3441 2347 αὐτῶν,
3469 2285 3564 2337 καὶ
3610 2287 3676 2336 ἐν
3707 2284 3780 2353 τῷ

2205 2375 2428 2447 ὀνόματι
2477 2376 2638 2431 αὑτοῦ
2681 2377 3070 2448 καυχήσονται,
3110 2375 3255 2444 λέγει
3291 2377 3512 2448 Κύριος.
3546 2394 3567 2426 ι
3619 2375 3779 2438 Τίνες

2203 2466 2262 2520 δέ
2289 2465 2354 2520 ἂν
2383 2461 2491 2518 εἷεν
2527 2469 2575 2522 οἱ
2604 2469 2660 2520 ἐν
2693 2466 2768 2536 τῷ
2795 2467 2980 2537 Κυρίῳ
3009 2465 3378 2536 καυχώμενοι;

2712 2559 3098 2617 ΚΕΦΑΛΑΙΟΝ
3140 2560 3262 2611 ΚΖ¹.

2218 2671 2315 2740 Ὠς
2338 2667 2511 2739 αὖθις
2543 2675 2757 2740 Κύριος
2789 2671 2921 2740 περὶ
2951 2670 3155 2738 ἐτέρου
3185 2671 3421 2738 Κυρίου,
3455 2667 3657 2735 δῆλον
3687 2667 3773 2734 δὲ,

2383 2743 2473 2795 ὅτι
2501 2739 2633 2811 περῖ
2661 2743 2764 2797 τοῦ
2792 2739 3018 2810 Πατρός
3049 2740 3256 2803 αὐτοῦ,
3287 2739 3590 2803 διέξεισιν.

2280 2855 2420 2910 «Καὶ
2447 2854 2616 2922 ἔδειξέ
2649 2872 2739 2925 μοι
2773 2854 2971 2926 Κύριος
3006 2852 3211 2924 Ἰησοῦν
3249 2852 3337 2905 τὸν
3373 2850 3520 2921 ἱερέα
3556 2850 3652 2904 τὸν
3682 2847 3774 2920 μέρ-

2203 2961 2328 3014 γαν,
2363 2945 2574 3002 ἑστῶτα
2627 2946 2735 3017 πρὸ
2777 2945 3065 3016 προσώπου
3109 2944 3340 3014 ἀγγέλου
3387 2943 3627 3013 Κυρίου·
3679 2941 3772 2995 καὶ

2202 3039 2232 3092 6
2254 3037 2494 3102 διάϐολος
2525 3040 2764 3109 εἱστήκει
2791 3040 2854 3090 ἐκ
2884 3036 3069 3100 δεξιῶν
3108 3035 3294 3102 αὐτοῦ,
3321 3035 3412 3088 τοῦ
3439 3033 3771 3086 ἀντικεῖσθαι

2203 3130 2369 3202 αύτῷ.
2407 3131 2516 3186 Καὶ
2549 3126 2668 3183 εἷπε
2702 3129 2901 3201 Κύριος
2953 3128 3089 3200 πρὸς
3133 3128 3222 3180 τὸν
3253 3126 3522 3180 διάϐολον·
3573 3125 3774 3176 Ἐπιτι-

545 3216 619 3273 te,
644 3209 876 3272 diabole,
905 3218 960 3266 et
999 3211 1240 3282 increpet
1289 3211 1549 3267 Dominus
1598 3211 1652 3266 in
1689 3220 1762 3278 te,
1809 3213 1901 3283 qui
1947 3212 2103 3284 elegit

2214 3220 2374 3291 μήσαι
2403 3219 2604 3291 Κύριος
2641 3221 2697 3272 ἐν
2727 3219 2826 3282 σοὶ,
2850 3217 3080 3279 διάδολε,
3112 3217 3204 3270 καὶ
3230 3216 3545 3286 ἐπιτιμῆσαι
3571 3212 3772 3283 Κύρικ

545 3301 706 3375 253
751 3301 1050 3360 Jerusalem
1092 3307 1134 3361 ⁸.
1188 3326 1206 3358 ι
1261 3304 1473 3361 Rursus
1525 3305 1628 3360 hoc
1679 3305 1796 3361 loco
1845 3303 2103 3360 Dominus

2214 3313 2265 3364 ἐν
2297 3313 2396 3374 σοὶ,
2426 3315 2454 3366 ὁ
2486 3310 2841 3380 ἐκλεξάμενος
2869 3311 2967 3380 τὴν
3010 3309 3376 3381 Ἰερουσαλήμ.
3413 3326 3430 3357 ι
3473 3306 3642 3359 Πάλιν
3685 3306 3772 3358 καὶ

547 3396 712 3450 alium
733 3396 1017 3466 quemdam
1048 3398 1460 3469 objurgaturum
1494 3398 1569 3452 ait
1599 3401 1774 3468 ipsum
1809 3397 2104 3460 diabolum,

547 3485 638 3540 ubi
679 3501 812 3542 sane
835 3503 943 3543 non
971 3489 1106 3561 ipse,
1132 3490 1224 3561 qui
1255 3490 1495 3562 loquitur
1523 3489 1808 3555 Dominus,
1840 3488 2105 3558 increpat,

547 3575 642 3630 sed
666 3577 896 3634 alterum
922 3591 1219 3637 memorat:
1249 3583 1450 3652 quibus
1477 3583 1656 3640 verbis
1681 3583 1838 3654 plane
1856 3590 2109 3638 constare

547 3668 782 3723 arbitror
804 3670 1318 3728 demonstrationem
1350 3674 1416 3730 de
1453 3674 1666 3729 duabus
1701 3676 1970 3744 personis,
1998 3689 2109 3728 uno

547 3756 726 3824 Patre,
753 3760 922 3816 altero
949 3777 1013 3817 eo
1033 3764 1123 3835 qui
1157 3778 1186 3816 a
1209 3761 1368 3820 Patre
1389 3765 1628 3818 omnium
1651 3779 1771 3834 qua:
1800 3763 1936 3818 facta
1959 3771 2106 3828 sunt,

547 3856 869 3919 potestatem
909 3865 971 3906 ac
1010 3853 1432 3912 dominationem
1456 3855 1746 3925 acceperit.

1085 4033 1310 4092 CAPUT
1338 4034 1572 4093 XXVIII.

549 4151 590 4205 Α
621 4146 912 4222 Malae/tie.
931 4151 1174 4222 -—_Quod
1196 4153 1436 4222 angelum
1469 4153 1787 4209 Testamenti
1815 4153 2108 4222 Christum,

649 4230 699 4272 et
727 4219 963 4274 eumdem
989 4219 1281 4276 Dominum
1306 4225 1627 4295 omnipotens
1661 4225 1802 4281 Deus
1832 4236 2002 4281 vocat.

621 4431 639 4463 ι
675 4411 814 4469 Ecce
862 4429 963 4484 ego
995 4415 1148 4472 mitto
1190 4417 1438 4484 angelum
1487 4433 1689 4483 meum,
1720 4427 1773 4474 ct
1819 4420 2113 4490 prospiciet

542 4506 686 4559 viam
720 4513 846 4560 ante
875 4505 1066 4561 faciem
1102 4522 1300 4573 meam,
1330 4515 1384 4563 et
1412 4516 1634 4580 repente
1665 4511 1842 4564 veniet
1881 4512 1948 4564 ad
1974 4519 2111 4564 tem-

2206 3401 2438 3456 ἐνταῦθα
2497 3403 2526 3455 6
2570 3402 2773 3473 Κύριος
2825 3401 3008 3472 ἕτερον
3053 3400 3256 3472 Κύριον
3301 3399 3647 3469 ἐπιτιμήσειν
3699 3395 3773 3467 τῷ

2206 3496 2434 3567 διαϐόλῳ
2463 3497 2645 3565 φησιν,
2673 3495 2770 3566 ούχ
2803 3495 2830 3547 6
2854 3492 3370 3564 προσδιαλεγόμενος
3401 3490 3603 3558 Κύριος
3652 3492 3772 3542 ἑπι-

2207 3588 2402 3660 τιμῶν,
2431 3588 2545 3643 ἀλλ’
2583 3587 2767 3656 ἐτέρου
2795 3585 3143 3658 μνημονεύων
3166 3584 3388 3656 Κυρίου·
3418 3582 3484 3635 δι’
3505 3575 3580 3634 ὧν
3608 3582 3771 3652 ἡγοῦο

2213 3699 2310 3753 μαι
2344 3680 2528 3750 σαφῶς
2565 3678 2926 3751 παρίστασθαι
2977 3678 3101 3747 περὶ
3135 3675 3240 3729 τῶν
3281 3675 3373 3728 δύο
3403 3675 3641 3746 Κυρίων,
3679 3674 3768 3726 τοῦ

2209 3773 2420 3847 Πατρὸς
2463 3771 2554 3824 καὶ
2580 3770 2713 3824 Θεοῦ
2760 3769 2868 3822 τῶν
2902 3769 3057 3831 ὅλων,
3092 3769 3182 3820 καὶ
3219 3766 3311 3820 τοῦ
3360 3765 3498 3838 μετά
3541 3766 3631 3818 τὸν
3659 3767 3770 3818 Ila-

2210 3865 2345 3936 τέρα
2385 3863 2482 3935 τὴν
2515 3863 2656 3916 κατά
2704 3863 2918 3915 πάντων
2967 3861 3072 3912 τῶν
3099 3860 3368 3933 γεννητῶν
3408 3857 3630 3932 κυρείαν
3680 3859 3770 3912 καὶ

2211 3951 2528 4008 δεσποτείαν
2561 3950 2889 4022 διειληφότος
2922 3949 3211 4015 ἀπόδειξιν.

2709 4062 3096 4116 ΚΕΦΑΛΔΙΟΝ
3147 4063 3280 4116 ΚΗ’.

2224 4175 2366 4231 Ἀπὸ
2415 4176 2522 4230 τοῦ
2570 4176 2899 4245 Μαλαχίου.
2932 4206 3002 4214 -
3037 4175 3129 4241 Ὠς
3180 4175 3434 4244 ἄγγελον
3481 4173 3769 4242 Διαθήκης

2282 4248 2388 4300 τὸν
2417 4247 2694 4314 Χριστὸν,
2730 4249 2835 4298 τὸν
2868 4245 3054 4300 αὑτὸν
3079 4245 3148 4298 δὲ
3185 4249 3281 4299 καὶ
3315 4247 3532 4313 Κύριον
3560 4248 3593 4299 ὁ
3620 4261 3762 4298 παν-

2280 4316 2574 4384 τοκράτωρ
2603 4314 2746 4382 Θεὸς
2773 4315 3077 4370 ἀποκαλεῖ.

2287 4449 2304 4482 ι
2350 4429 2478 4483 Ἰδοὺ
2515 4429 2887 4496 ἐξαποστέλλω
2910 4429 3001 4481 τὸν
3032 4427 3259 4497 ἄγγελόν
3288 4444 3409 4497 μου,
3439 4429 3530 4481 καὶ
3558 4427 3767 4481 ἐπιϐλέ-

2211 4523 2369 4593 ψεται
2401 4521 2519 4576 ὁδὸν
2553 4523 2657 4593 πρὸ
2683 4520 2971 4591 προσώπου
3001 4539 3122 4592 μου,
3147 4523 3239 4575 καὶ
3265 4521 3520 4592 ἐξαίφνης
3547 4522 3664 4592 ἥξει
3697 4524 3767 4584 είς

543 4597 693 4666 plum
722 4595 1004 4665 Dominus,
1034 4615 1196 4668 quem
1237 4616 1336 4656 vos
1369 4601 1634 4670 quaeritis,
1667 4609 1720 4656 et
1753 4603 1978 4672 angelus
2007 4601 2103 4658 Te-

2214 4584 2302 4671 ¹ἐὸν
2335 4615 2460 4669 ναὸν
2488 4584 2708 4686 Κύριος,
2730 4584 2799 4666 ’ὃν
2824 4615 2978 4683 ὑμεῖς
3002 4584 3243 4684 ζητεῖτε,
3263 4584 3353 4668 καὶ
3376 4584 3410 4666 ὁ*
3679 4614 3768 4681 τῆς

543 4690 818 4756 stamenti,
837 4707 994 4761 quem
1019 4708 1116 4748 vos
1142 4693 1325 4758 vultis,
1348 4709 1476 4748 ecce
1506 4695 1672 4761 venit,
1695 4694 1826 4749 dicit
1850 4693 2111 4750 Dominus

546 4782 929 4850 omnipotens,
979 4793 1031 4838 et
1094 4785 1216 4855 quis
1272 4786 1564 4840 sustinebit
1617 4786 1758 4842 diem
1831 4787 2110 4856 ingressus

545 4872 741 4941 ejus'?
771 4893 791 4926 ι
820 4873 991 4928 Etiam
1007 4878 1118 4931 haec
1136 4878 1406 4948 prioribus
1435 4880 1629 4933 similia
1656 4887 1801 4934 sunt.
1833 4878 1951 4950 Ipse
1965 4881 2108 4936 enim

543 4959 806 5017 Dominus
831 4961 971 5019 Deus
1002 4967 1362 5035 omnipotens,
1393 4967 1677 5023 Dominum
1712 4978 2000 5024 venturum
2034 4973 2110 5027 ait

543 5052 599 5106 in
635 5054 895 5123 templum
929 5071 1111 5121 suum,
1140 5057 1355 5112 interim
1388 5057 1456 5111 de
1489 5058 1594 5112 alio
1628 5059 1854 5129 loquens
1889 5076 1900 5114 :
1941 5061 2110 5129 signi-

542 5143 672 5199 ﬁcat
700 5161 865 5215 porro
892 5146 1060 5202 Deum
1112 5147 1368 5209 Verbum,
1405 5165 1564 5218 quem
1609 5161 1796 5221 postea
1857 5154 2106 5224 angelum

541 5235 875 5293 Tcstamenti
913 5239 1181 5304 nominat,
1212 5255 1482 5310 quemque
1511 5242 1672 5295 etiam
1705 5246 1817 5314 ipse
1846 5243 2108 5300 Dominus

540 5327 886 5404 omnipotens
919 5333 1079 5389 docet
1119 5348 1178 5390 se
1210 5335 1424 5390 mittere
1447 5342 1573 5390 ante
1598 5334 1788 5391 faciem
1816 5353 1991 5401 suam,
2023 5336 2109 5391 di-

539 5441 672 5480 cens
697 5441 711 5478 ;
741 5443 759 5476 ι
789 5425 928 5480 Ecce
955 5440 1054 5496 ego
1086 5425 1242 5479 mitto
1264 5425 1513 5496 angelum
1549 5441 1729 5482 meum
1765 5440 1890 5483 ante
1913 5427 2105 5481 faciem

539 5536 737 5577 meam.
751 5519 940 5592 tAtqui
961 5519 1206 5575 eumdem
1222 5519 1384 5587 hunc,
1403 5535 1562 5591 quem
1582 5538 1600 5572 ι
1621 5520 1866 5592 angelum
1884 5533 2060 5573 mcum
2081 5538 2100 5570 ι

539 5613 776 5675 vocavit,
835 5628 1030 5668 rursus
1089 5612 1346 5683 deinceps
1389 5613 1676 5669 Dominum
1713 5612 1969 5682 appellat,
2009 5613 2102 5668 ubi

543 5703 790 5774 adjungit
821 5703 953 5758 illud
978 5722 991 5759 :
1029 5723 1047 5756 ι
1091 5703 1154 5758 Ει
1179 5712 1402 5774 repente
1430 5713 1608 5761 veniet
1635 5703 1895 5760 Dominus
1915 5715 1968 5759 et
2005 5720 2101 5759 an-

607 5869 630 5904 ³
661 5869 850 5927 Matth.
889 5883 1078 5928 XXHII.
1109 5866 1196 5922 ‘20.

1278 5870 1295 5895 ⁸
1323 5863 1509 5921 Matth.
1540 5879 1691 5925 mu,
1726 5863 1817 5918 20.
1897 5867 1914 5896 '
1946 5862 2107 5919 Zach.
2147 5879 2228 5932 tu,
2261 5864 2306 5928 l,
2331 5862 2386 5921 2.

2210 4703 2505 4773 Διαθήκης,
2536 4702 2594 4754 δν
2623 4702 2779 4772 ὑμεῖς
2815 4700 3016 4754 θέλετε.
3059 4701 3188 4754 Ἰδοὺ
3218 4703 3452 4772 ἔρχεται,
3489 4702 3633 4771 λέγει
3668 4705 3763 4756 K6-

2216 4811 2328 4868 ριος
2364 4795 2775 4865 παντοκράτωρ,
2812 4793 2906 4846 καὶ
2930 4791 3012 4856 τίς
3044 4794 3303 4864 ὑπομενεῖ
3333 4795 3542 4867 ἡμέραν
3574 4797 3766 4848 εἰσόδου

2209 4883 2370 4938 αὐτοῦ
2390 4901 2403 4948 ;
2424 4903 2442 4934 ι
2465 4886 2660 4954 Ὅμοια
2682 4882 2775 4935 καὶ
2803 4881 2972 4939 ταῦτα
2991 4885 3099 4945 τοῖς
3122 4884 3423 4956 προτέροις.
3451 4883 3649 4954 Κύριος
3669 4885 3765 4953 γάρ

2214 4977 2373 5040 αύτὸς
2405 4979 2432 5030 ὁ
2467 4977 2598 5040 Θεὸς
2627 4977 3020 5048 παντοκράτωρ
3051 4976 3196 5046 ἥξειν
3227 4979 3388 5047 φησιν
3423 4979 3501 5040 είς
3532 4979 3620 5029 τὸν
3653 4979 3765 5030 ναὸν

2211 5067 2376 5122 αὑτοῦ
2408 5068 2642 5140 Κύριον,
2673 5069 2799 5137 περὶ
2834 5069 3018 5140 ἐτέρου
3051 5067 3244 5135 λέγων.
3275 5068 3433 5137 Δηλοί
3463 5068 3519 5122 δὲ
3553 5069 3658 5141 ἄρα
3687 5070 3764 5122 τὸν

2209 5159 2342 5213 Θεὸν
2364 5161 2554 5228 Λόγον.
2579 5161 2732 5214 Μετὰ
2755 5159 2912 5213 τοῦτο
2933 5160 2988 5216 δὲ
3021 5160 3114 5213 καὶ
3139 5159 3365 5228 ἄγγελον
3387 5160 3486 5230 τῆς
3507 5161 3761 5231 diaetam;

2209 5251 2497 5321 ὀνομάζει,
2541 5250 2600 5304 δν
2664 5251 2757 5303 xa‘t
2788 5251 2948 5313 αὐτὸς
2980 5252 3008 5304 6
3039 5249 3427 5320 παντοκράτωρ
3462 5249 3658 5321 Κύριος
3687 5249 3760 5311 ἑξ-

2209 5341 2558 5396 αποστέλλειν
2589 5341 2695 5412 πρὸ
2728 5339 3016 5412 προσώπου
3051 5338 3242 5392 ἑαυτοῦ
3287 5339 3545 5404 διδάσκει,
3587 5341 3761 5408 λέγων·

2219 5451 2237 5485 ι
2281 5431 2412 5487 Ἰδοὺ
2447 5432 2558 5500 ἐγὼ
2579 5429 2950 5497 ἐξαποστέλλω
2980 5431 3205 5500 ἄγγελόν
3229 5447 3328 5501 μου
3351 5432 3456 5502 πρὸ
3490 5430 3760 5504 προσώπου

2216 5542 2337 5596 μου.
2369 5543 2388 5576 s
2416 5525 2518 5576 Τὸν
2546 5523 2707 5580 αὐτὸν
2738 5524 2794 5576 δέ
2822 5523 3030 5586 τοῦτον,
3061 5523 3119 5575 ὃν
3146 5542 3165 5574 ι
3203 5522 3432 5590 ἄγγελόν
3491 5540 3593 5594 μου
3627 5541 3644 5572 ι
3671 5522 3756 5573 ἀπ-

2209 5614 2452 5679 εκάλεσε,
2483 5614 2642 5670 πάλιν
2667 5612 2790 5684 ἑξῆς
2815 5613 3012 5686 Κύριον
3052 5611 3321 5684 ὀνομάζει·
3349 5632 3366 5664 ι
3387 5613 3498 5666 Καὶ
3525 5614 3756 5681 ἐξαίφνης

2207 5706 2327 5772 ἥξει
2358 5704 2579 5776 Κύριος,
2619 5723 2637 5756 ι
2672 5705 2956 5772 ἐπιλέγων,
2987 5724 3005 5756 ι
3035 5705 3128 5759 καὶ
3151 5708 3180 5758 6
3201 5703 3431 5772 ἄγγελος
3462 5704 3560 5777 τῆς
3582 5702 3755 5770 Amer,-

2464 5864 2483 5895 ⁶
2507 5860 2740 5921 Malach.
2775 5877 2858 5930 tu,
2893 5863 2942 5932 I,
2963 5861 3019 5920 2.
