  <div class='ocr_page' id='page_1' title='image "/cluster/home/n/w/nwhite01/storage/ocr_20150623/22/hvd.32044020605168/212.png"; bbox 0 0 3894 6516; ppageno 0'>
   <div class='ocr_carea' id='block_1_1' title="bbox 132 424 2482 494">
    <p class='ocr_par' dir='ltr' id='par_1_1' title="bbox 132 424 2482 494">
     <span class='ocr_line' id='line_1_1' title="bbox 132 424 2482 494; baseline -0.006 0"><span class='ocrx_word' id='word_1_1' title='bbox 132 437 226 494; x_wconf 70' lang='grc' dir='ltr'>ιυθ</span> <span class='ocrx_word' id='word_1_2' title='bbox 1067 430 1719 488; x_wconf 72' lang='lat' dir='ltr'><strong>DEMONSTRATIONIS</strong></span> <span class='ocrx_word' id='word_1_3' title='bbox 1754 427 2214 485; x_wconf 62' lang='lat' dir='ltr'><strong>EVANGELICIE</strong></span> <span class='ocrx_word' id='word_1_4' title='bbox 2251 426 2378 481; x_wconf 82' lang='lat' dir='ltr'><strong>LIB.</strong></span> <span class='ocrx_word' id='word_1_5' title='bbox 2415 424 2482 480; x_wconf 82' lang='lat' dir='ltr'><strong>V.</strong></span> 
     </span>
    </p>
   </div>
   <div class='ocr_carea' id='block_1_2' title="bbox 3252 419 3359 474">
    <p class='ocr_par' dir='ltr' id='par_1_2' title="bbox 3252 419 3359 474">
     <span class='ocr_line' id='line_1_2' title="bbox 3252 419 3359 474; baseline 0 -1"><span class='ocrx_word' id='word_1_6' title='bbox 3252 419 3359 474; x_wconf 72' lang='grc'><strong>410</strong></span> 
     </span>
    </p>
   </div>
   <div class='ocr_carea' id='block_1_3' title="bbox 134 535 1697 621">
    <p class='ocr_par' dir='ltr' id='par_1_3' title="bbox 134 546 1682 621">
     <span class='ocr_line' id='line_1_3' title="bbox 134 546 1682 621; baseline -0.001 -18"><span class='ocrx_word' id='word_1_7' title='bbox 134 568 246 621; x_wconf 70' lang='grc' dir='ltr'>κης.</span> <span class='ocrx_word' id='word_1_8' title='bbox 280 569 300 601; x_wconf 73' lang='grc' dir='ltr'><strong>ι</strong></span> <span class='ocrx_word' id='word_1_9' title='bbox 355 548 487 601; x_wconf 83' lang='grc' dir='ltr'>Ἕνα</span> <span class='ocrx_word' id='word_1_10' title='bbox 537 547 595 600; x_wconf 82' lang='grc' dir='ltr'>δὲ</span> <span class='ocrx_word' id='word_1_11' title='bbox 626 548 720 601; x_wconf 73' lang='grc' dir='ltr'>καὶ</span> <span class='ocrx_word' id='word_1_12' title='bbox 756 546 845 601; x_wconf 81' lang='grc' dir='ltr'>τὸν</span> <span class='ocrx_word' id='word_1_13' title='bbox 895 546 1058 600; x_wconf 85' lang='grc' dir='ltr'>αὐτὸν</span> <span class='ocrx_word' id='word_1_14' title='bbox 1099 548 1372 619; x_wconf 85' lang='grc' dir='ltr'>προειπὼν</span> <span class='ocrx_word' id='word_1_15' title='bbox 1413 550 1682 621; x_wconf 79' lang='grc' dir='ltr'><strong>ἐπιφέρει·</strong></span> 
     </span>
    </p>
   </div>
   <div class='ocr_carea' id='block_1_4' title="bbox 1806 535 3357 621">
    <p class='ocr_par' dir='ltr' id='par_1_4' title="bbox 1806 535 3357 617">
     <span class='ocr_line' id='line_1_4' title="bbox 1806 535 3357 617; baseline -0.01 -14"><span class='ocrx_word' id='word_1_16' title='bbox 1806 549 1938 617; x_wconf 70' lang='grc' dir='ltr'>ςοιιιε</span> <span class='ocrx_word' id='word_1_17' title='bbox 1985 544 2340 602; x_wconf 89' lang='lat' dir='ltr'><strong>Testamenti.</strong></span> <span class='ocrx_word' id='word_1_18' title='bbox 2384 563 2401 595; x_wconf 75' lang='grc' dir='ltr'><strong>ι</strong></span> <span class='ocrx_word' id='word_1_19' title='bbox 2445 540 2624 597; x_wconf 90' lang='lat' dir='ltr'><strong>Unum</strong></span> <span class='ocrx_word' id='word_1_20' title='bbox 2673 553 2801 593; x_wconf 83' lang='lat' dir='ltr'><strong>vero</strong></span> <span class='ocrx_word' id='word_1_21' title='bbox 2831 544 2886 593; x_wconf 90' lang='lat' dir='ltr'><strong>et</strong></span> <span class='ocrx_word' id='word_1_22' title='bbox 2935 535 3184 591; x_wconf 88' lang='lat' dir='ltr'><strong>eumdem</strong></span> <span class='ocrx_word' id='word_1_23' title='bbox 3233 549 3357 588; x_wconf 91' lang='lat' dir='ltr'><strong>cum</strong></span> 
     </span>
    </p>
   </div>
   <div class='ocr_carea' id='block_1_5' title="bbox 138 641 1685 715">
    <p class='ocr_par' dir='ltr' id='par_1_5' title="bbox 138 641 1685 715">
     <span class='ocr_line' id='line_1_5' title="bbox 138 641 1685 715; baseline 0.001 -22"><span class='ocrx_word' id='word_1_24' title='bbox 138 664 153 693; x_wconf 77' lang='grc' dir='ltr'><strong>ι</strong></span> <span class='ocrx_word' id='word_1_25' title='bbox 192 643 588 713; x_wconf 77' lang='grc' dir='ltr'>’1δοὺὲρχεται,</span> <span class='ocrx_word' id='word_1_26' title='bbox 639 641 733 693; x_wconf 78' lang='grc' dir='ltr'>καὶ</span> <span class='ocrx_word' id='word_1_27' title='bbox 776 642 860 704; x_wconf 88' lang='grc' dir='ltr'><strong>τίς</strong></span> <span class='ocrx_word' id='word_1_28' title='bbox 908 642 1170 711; x_wconf 84' lang='grc' dir='ltr'>ὑπομενεῖ</span> <span class='ocrx_word' id='word_1_29' title='bbox 1215 642 1425 715; x_wconf 83' lang='grc' dir='ltr'><strong>ἡμέραν</strong></span> <span class='ocrx_word' id='word_1_30' title='bbox 1482 643 1685 696; x_wconf 75' lang='grc' dir='ltr'><strong>εἰσόδου</strong></span> 
     </span>
    </p>
   </div>
   <div class='ocr_carea' id='block_1_6' title="bbox 134 732 1685 805">
    <p class='ocr_par' dir='ltr' id='par_1_6' title="bbox 134 732 1685 805">
     <span class='ocr_line' id='line_1_6' title="bbox 134 732 1685 805; baseline -0.001 -18"><span class='ocrx_word' id='word_1_31' title='bbox 134 734 321 797; x_wconf 55' lang='lat' dir='ltr'><strong>citrei);</strong></span> <span class='ocrx_word' id='word_1_32' title='bbox 353 752 371 785; x_wconf 82' lang='grc' dir='ltr'><strong>ι</strong></span> <span class='ocrx_word' id='word_1_33' title='bbox 393 732 493 804; x_wconf 77' lang='grc' dir='ltr'>τὴν</span> <span class='ocrx_word' id='word_1_34' title='bbox 532 732 793 805; x_wconf 79' lang='grc' dir='ltr'><strong>δευτέραν</strong></span> <span class='ocrx_word' id='word_1_35' title='bbox 814 733 908 785; x_wconf 78' lang='grc' dir='ltr'><strong>καὶ</strong></span> <span class='ocrx_word' id='word_1_36' title='bbox 932 732 1143 799; x_wconf 75' lang='grc' dir='ltr'>ἔνδοξον</span> <span class='ocrx_word' id='word_1_37' title='bbox 1182 734 1483 805; x_wconf 78' lang='grc' dir='ltr'>παρουσίαν</span> <span class='ocrx_word' id='word_1_38' title='bbox 1521 733 1685 787; x_wconf 82' lang='grc' dir='ltr'>αὐτοῦ</span> 
     </span>
    </p>
   </div>
   <div class='ocr_carea' id='block_1_7' title="bbox 136 823 1687 897">
    <p class='ocr_par' dir='ltr' id='par_1_7' title="bbox 136 823 1687 897">
     <span class='ocr_line' id='line_1_7' title="bbox 136 823 1687 897; baseline 0.004 -22"><span class='ocrx_word' id='word_1_39' title='bbox 136 823 416 895; x_wconf 66' lang='grc' dir='ltr'>σημαίνων.</span> <span class='ocrx_word' id='word_1_40' title='bbox 451 824 510 876; x_wconf 82' lang='lat'><strong>&#39;0</strong></span> <span class='ocrx_word' id='word_1_41' title='bbox 527 824 698 878; x_wconf 91' lang='grc' dir='ltr'>ταῦτα</span> <span class='ocrx_word' id='word_1_42' title='bbox 730 825 784 877; x_wconf 82' lang='grc' dir='ltr'>δὲ</span> <span class='ocrx_word' id='word_1_43' title='bbox 814 826 993 879; x_wconf 85' lang='grc' dir='ltr'>πάντα</span> <span class='ocrx_word' id='word_1_44' title='bbox 1022 824 1312 890; x_wconf 77' lang='grc' dir='ltr'><strong>θεσπίζων,</strong></span> <span class='ocrx_word' id='word_1_45' title='bbox 1335 825 1539 897; x_wconf 87' lang='grc' dir='ltr'>Κύριός</span> <span class='ocrx_word' id='word_1_46' title='bbox 1570 827 1687 881; x_wconf 81' lang='grc' dir='ltr'>ἐστι</span> 
     </span>
    </p>
   </div>
   <div class='ocr_carea' id='block_1_8' title="bbox 138 915 1053 985">
    <p class='ocr_par' dir='ltr' id='par_1_8' title="bbox 138 915 1053 985">
     <span class='ocr_line' id='line_1_8' title="bbox 138 915 1053 985; baseline 0 -16"><span class='ocrx_word' id='word_1_47' title='bbox 138 916 511 985; x_wconf 70' lang='grc' dir='ltr'><strong>⁴ιειιντοιιράτωρ</strong></span> <span class='ocrx_word' id='word_1_48' title='bbox 545 916 574 967; x_wconf 87' lang='grc' dir='ltr'><strong>ό</strong></span> <span class='ocrx_word' id='word_1_49' title='bbox 606 915 712 968; x_wconf 87' lang='grc' dir='ltr'><strong>τῶν</strong></span> <span class='ocrx_word' id='word_1_50' title='bbox 741 915 875 970; x_wconf 86' lang='grc' dir='ltr'>ὅλων</span> <span class='ocrx_word' id='word_1_51' title='bbox 902 915 1053 979; x_wconf 89' lang='grc' dir='ltr'>Θεός.</span> 
     </span>
    </p>
   </div>
   <div class='ocr_carea' id='block_1_9' title="bbox 622 1113 1180 1167">
    <p class='ocr_par' dir='ltr' id='par_1_9' title="bbox 622 1113 1180 1167">
     <span class='ocr_line' id='line_1_9' title="bbox 622 1113 1180 1167; baseline 0 0"><span class='ocrx_word' id='word_1_52' title='bbox 622 1113 1015 1167; x_wconf 79' lang='grc' dir='ltr'><strong>ΚΕΦΑΛΑΙΟΝ</strong></span> <span class='ocrx_word' id='word_1_53' title='bbox 1054 1114 1180 1167; x_wconf 85' lang='grc' dir='ltr'><strong>ΚΘ’.</strong></span> 
     </span>
    </p>
   </div>
   <div class='ocr_carea' id='block_1_10' title="bbox 149 1227 1693 1298">
    <p class='ocr_par' dir='ltr' id='par_1_10' title="bbox 149 1227 1693 1298">
     <span class='ocr_line' id='line_1_10' title="bbox 149 1227 1693 1298; baseline -0.001 -14"><span class='ocrx_word' id='word_1_54' title='bbox 149 1229 232 1296; x_wconf 83' lang='grc' dir='ltr'>Ὡς</span> <span class='ocrx_word' id='word_1_55' title='bbox 264 1230 436 1298; x_wconf 72' lang='grc' dir='ltr'>ἣλιον</span> <span class='ocrx_word' id='word_1_56' title='bbox 464 1227 855 1295; x_wconf 76' lang='grc' dir='ltr'>δικαιοσύνης</span> <span class='ocrx_word' id='word_1_57' title='bbox 889 1228 995 1282; x_wconf 79' lang='grc' dir='ltr'>τὸν</span> <span class='ocrx_word' id='word_1_58' title='bbox 1036 1228 1291 1296; x_wconf 82' lang='grc' dir='ltr'>Χριστὸν</span> <span class='ocrx_word' id='word_1_59' title='bbox 1320 1232 1353 1284; x_wconf 84' lang='grc' dir='ltr'><em>ὀ</em></span> <span class='ocrx_word' id='word_1_60' title='bbox 1384 1228 1503 1283; x_wconf 81' lang='grc' dir='ltr'>τῶν</span> <span class='ocrx_word' id='word_1_61' title='bbox 1532 1228 1693 1283; x_wconf 81' lang='grc' dir='ltr'>ὅλων</span> 
     </span>
    </p>
   </div>
   <div class='ocr_carea' id='block_1_11' title="bbox 674 1298 1135 1369">
    <p class='ocr_par' dir='ltr' id='par_1_11' title="bbox 674 1298 1135 1369">
     <span class='ocr_line' id='line_1_11' title="bbox 674 1298 1135 1369; baseline 0.004 -17"><span class='ocrx_word' id='word_1_62' title='bbox 674 1299 818 1365; x_wconf 84' lang='grc' dir='ltr'><strong>Θεὸς</strong></span> <span class='ocrx_word' id='word_1_63' title='bbox 850 1298 1135 1369; x_wconf 73' lang='grc' dir='ltr'>ὀνομάζει.</span> 
     </span>
    </p>
   </div>
   <div class='ocr_carea' id='block_1_12' title="bbox 207 1412 1690 1485">
    <p class='ocr_par' dir='ltr' id='par_1_12' title="bbox 207 1412 1690 1485">
     <span class='ocr_line' id='line_1_12' title="bbox 207 1412 1690 1485; baseline 0.001 -20"><span class='ocrx_word' id='word_1_64' title='bbox 207 1433 223 1465; x_wconf 87' lang='grc' dir='ltr'><strong>ι</strong></span> <span class='ocrx_word' id='word_1_65' title='bbox 258 1414 361 1465; x_wconf 70' lang='grc' dir='ltr'><strong>Καὶ</strong></span> <span class='ocrx_word' id='word_1_66' title='bbox 382 1412 631 1467; x_wconf 85' lang='grc' dir='ltr'>ἀνατελεῖ</span> <span class='ocrx_word' id='word_1_67' title='bbox 651 1414 761 1476; x_wconf 83' lang='grc' dir='ltr'>τοῖς</span> <span class='ocrx_word' id='word_1_68' title='bbox 783 1412 1135 1483; x_wconf 86' lang='grc' dir='ltr'>φοϐουμένοις</span> <span class='ocrx_word' id='word_1_69' title='bbox 1157 1414 1216 1467; x_wconf 80' lang='grc' dir='ltr'>τὸ</span> <span class='ocrx_word' id='word_1_70' title='bbox 1237 1412 1405 1484; x_wconf 78' lang='grc' dir='ltr'>ὄνομά</span> <span class='ocrx_word' id='word_1_71' title='bbox 1422 1432 1525 1485; x_wconf 87' lang='grc' dir='ltr'><strong>μου</strong></span> <span class='ocrx_word' id='word_1_72' title='bbox 1544 1414 1690 1485; x_wconf 76' lang='grc' dir='ltr'>ἥλιος</span> 
     </span>
    </p>
   </div>
   <div class='ocr_carea' id='block_1_13' title="bbox 140 1504 1685 1577">
    <p class='ocr_par' dir='ltr' id='par_1_13' title="bbox 140 1504 1685 1577">
     <span class='ocr_line' id='line_1_13' title="bbox 140 1504 1685 1577; baseline -0.001 -18"><span class='ocrx_word' id='word_1_73' title='bbox 140 1507 483 1576; x_wconf 77' lang='grc' dir='ltr'><strong>δικαιοσύνης,</strong></span> <span class='ocrx_word' id='word_1_74' title='bbox 515 1505 609 1559; x_wconf 76' lang='grc' dir='ltr'>καὶ</span> <span class='ocrx_word' id='word_1_75' title='bbox 644 1506 785 1568; x_wconf 72' lang='grc' dir='ltr'>ἴασις</span> <span class='ocrx_word' id='word_1_76' title='bbox 810 1504 960 1559; x_wconf 78' lang='grc' dir='ltr'>ἔσται</span> <span class='ocrx_word' id='word_1_77' title='bbox 983 1507 1040 1558; x_wconf 81' lang='grc' dir='ltr'>ἐν</span> <span class='ocrx_word' id='word_1_78' title='bbox 1062 1507 1179 1569; x_wconf 86' lang='grc' dir='ltr'>ταῖς</span> <span class='ocrx_word' id='word_1_79' title='bbox 1196 1506 1451 1577; x_wconf 80' lang='grc' dir='ltr'>πτέρυξιν</span> <span class='ocrx_word' id='word_1_80' title='bbox 1470 1506 1651 1560; x_wconf 81' lang='grc' dir='ltr'>αὐτοῦ.</span> <span class='ocrx_word' id='word_1_81' title='bbox 1667 1525 1685 1557; x_wconf 82' lang='grc' dir='ltr'><strong>ι</strong></span> 
     </span>
    </p>
   </div>
   <div class='ocr_carea' id='block_1_14' title="bbox 150 1595 1689 1667">
    <p class='ocr_par' dir='ltr' id='par_1_14' title="bbox 150 1595 1689 1667">
     <span class='ocr_line' id='line_1_14' title="bbox 150 1595 1689 1667; baseline -0.001 -18"><span class='ocrx_word' id='word_1_82' title='bbox 150 1598 200 1649; x_wconf 88' lang='grc'><strong>’0</strong></span> <span class='ocrx_word' id='word_1_83' title='bbox 217 1596 464 1659; x_wconf 72' lang='grc' dir='ltr'><strong>πολλάκις</strong></span> <span class='ocrx_word' id='word_1_84' title='bbox 481 1596 798 1666; x_wconf 61' lang='grc' dir='ltr'>ὀνομασθείς</span> <span class='ocrx_word' id='word_1_85' title='bbox 814 1596 1036 1667; x_wconf 88' lang='grc' dir='ltr'>Κύριος,</span> <span class='ocrx_word' id='word_1_86' title='bbox 1060 1596 1151 1648; x_wconf 80' lang='grc' dir='ltr'>καὶ</span> <span class='ocrx_word' id='word_1_87' title='bbox 1165 1596 1315 1659; x_wconf 83' lang='grc' dir='ltr'>Θεὸς,</span> <span class='ocrx_word' id='word_1_88' title='bbox 1334 1595 1428 1649; x_wconf 70' lang='grc' dir='ltr'>καὶ</span> <span class='ocrx_word' id='word_1_89' title='bbox 1442 1595 1689 1665; x_wconf 78' lang='grc' dir='ltr'>ἄγγελος,</span> 
     </span>
    </p>
   </div>
   <div class='ocr_carea' id='block_1_15' title="bbox 141 1687 1694 1758">
    <p class='ocr_par' dir='ltr' id='par_1_15' title="bbox 141 1687 1694 1758">
     <span class='ocr_line' id='line_1_15' title="bbox 141 1687 1694 1758; baseline 0.001 -19"><span class='ocrx_word' id='word_1_90' title='bbox 141 1688 222 1739; x_wconf 72' lang='grc' dir='ltr'>καὶ</span> <span class='ocrx_word' id='word_1_91' title='bbox 232 1687 725 1758; x_wconf 81' lang='grc' dir='ltr'>ἀρχιστράτηγος,Χ</span> <span class='ocrx_word' id='word_1_92' title='bbox 734 1688 911 1758; x_wconf 89' lang='grc' dir='ltr'>ριστός</span> <span class='ocrx_word' id='word_1_93' title='bbox 924 1704 982 1739; x_wconf 88' lang='grc' dir='ltr'><strong>τε</strong></span> <span class='ocrx_word' id='word_1_94' title='bbox 996 1687 1087 1740; x_wconf 73' lang='grc' dir='ltr'>καὶ</span> <span class='ocrx_word' id='word_1_95' title='bbox 1101 1689 1144 1739; x_wconf 80' lang='lat' dir='ltr'><strong>is</strong></span> <span class='ocrx_word' id='word_1_96' title='bbox 1154 1687 1395 1758; x_wconf 74' lang='grc' dir='ltr'>ρεὺς,κα“ι</span> <span class='ocrx_word' id='word_1_97' title='bbox 1406 1688 1694 1755; x_wconf 74' lang='grc' dir='ltr'>Λόγος,καὶ</span> 
     </span>
    </p>
   </div>
   <div class='ocr_carea' id='block_1_16' title="bbox 142 1773 1693 1851">
    <p class='ocr_par' dir='ltr' id='par_1_16' title="bbox 142 1773 1693 1851">
     <span class='ocr_line' id='line_1_16' title="bbox 142 1773 1693 1851; baseline 0.001 -20"><span class='ocrx_word' id='word_1_98' title='bbox 142 1782 286 1846; x_wconf 75' lang='grc' dir='ltr'>σοφία</span> <span class='ocrx_word' id='word_1_99' title='bbox 303 1778 454 1843; x_wconf 87' lang='grc' dir='ltr'>Θεοῦ,</span> <span class='ocrx_word' id='word_1_100' title='bbox 475 1779 568 1832; x_wconf 75' lang='grc' dir='ltr'><strong>καὶ</strong></span> <span class='ocrx_word' id='word_1_101' title='bbox 593 1778 775 1843; x_wconf 76' lang='grc' dir='ltr'>εἰκὼν,</span> <span class='ocrx_word' id='word_1_102' title='bbox 790 1778 884 1831; x_wconf 91' lang='grc' dir='ltr'><strong>νῦν</strong></span> <span class='ocrx_word' id='word_1_103' title='bbox 908 1780 1069 1843; x_wconf 77' lang='grc' dir='ltr'>αὐτὸς</span> <span class='ocrx_word' id='word_1_104' title='bbox 1090 1773 1241 1841; x_wconf 74' lang='grc' dir='ltr'>οὗτος</span> <span class='ocrx_word' id='word_1_105' title='bbox 1267 1779 1415 1850; x_wconf 80' lang='grc' dir='ltr'>ἥλιος</span> <span class='ocrx_word' id='word_1_106' title='bbox 1435 1779 1693 1851; x_wconf 86' lang='grc' dir='ltr'>κέκληται</span> 
     </span>
    </p>
   </div>
   <div class='ocr_carea' id='block_1_17' title="bbox 142 1866 1694 1942">
    <p class='ocr_par' dir='ltr' id='par_1_17' title="bbox 142 1866 1694 1942">
     <span class='ocr_line' id='line_1_17' title="bbox 142 1866 1694 1942; baseline -0.001 -19"><span class='ocrx_word' id='word_1_107' title='bbox 142 1870 484 1942; x_wconf 81' lang='grc' dir='ltr'>δικαιοσύνης.</span> <span class='ocrx_word' id='word_1_108' title='bbox 518 1869 715 1924; x_wconf 89' lang='grc' dir='ltr'>Τοῦτον</span> <span class='ocrx_word' id='word_1_109' title='bbox 743 1870 806 1941; x_wconf 81' lang='grc' dir='ltr'>δὴ</span> <span class='ocrx_word' id='word_1_110' title='bbox 839 1866 930 1923; x_wconf 82' lang='grc' dir='ltr'>οὖν</span> <span class='ocrx_word' id='word_1_111' title='bbox 959 1870 1118 1923; x_wconf 83' lang='grc' dir='ltr'>αὑτὸν</span> <span class='ocrx_word' id='word_1_112' title='bbox 1149 1872 1178 1923; x_wconf 88' lang='grc' dir='ltr'>ὁ</span> <span class='ocrx_word' id='word_1_113' title='bbox 1210 1870 1476 1940; x_wconf 83' lang='grc' dir='ltr'><strong>γεννήσας</strong></span> <span class='ocrx_word' id='word_1_114' title='bbox 1505 1870 1694 1941; x_wconf 84' lang='grc' dir='ltr'>Πατὴρ</span> 
     </span>
    </p>
   </div>
   <div class='ocr_carea' id='block_1_18' title="bbox 1796 625 3359 710">
    <p class='ocr_par' dir='ltr' id='par_1_18' title="bbox 1796 625 3359 710">
     <span class='ocr_line' id='line_1_18' title="bbox 1796 625 3359 710; baseline -0.012 -15"><span class='ocrx_word' id='word_1_115' title='bbox 1796 639 2133 710; x_wconf 82' lang='lat' dir='ltr'><strong>produxerit,</strong></span> <span class='ocrx_word' id='word_1_116' title='bbox 2167 645 2280 691; x_wconf 91' lang='lat' dir='ltr'><strong>tum</strong></span> <span class='ocrx_word' id='word_1_117' title='bbox 2312 634 2462 690; x_wconf 90' lang='lat' dir='ltr'><strong>addit</strong></span> <span class='ocrx_word' id='word_1_118' title='bbox 2490 654 2502 688; x_wconf 89' lang='lat'>:</span> <span class='ocrx_word' id='word_1_119' title='bbox 2538 652 2556 684; x_wconf 79' lang='grc' dir='ltr'><strong>ι</strong></span> <span class='ocrx_word' id='word_1_120' title='bbox 2598 632 2735 686; x_wconf 86' lang='lat' dir='ltr'><strong>Ecce</strong></span> <span class='ocrx_word' id='word_1_121' title='bbox 2766 630 2932 690; x_wconf 92' lang='lat' dir='ltr'><strong>venit,</strong></span> <span class='ocrx_word' id='word_1_122' title='bbox 2963 638 3015 682; x_wconf 90' lang='lat' dir='ltr'><strong>et</strong></span> <span class='ocrx_word' id='word_1_123' title='bbox 3043 626 3167 697; x_wconf 88' lang='lat' dir='ltr'><strong>quis</strong></span> <span class='ocrx_word' id='word_1_124' title='bbox 3192 625 3359 681; x_wconf 87' lang='lat' dir='ltr'><strong>susti-</strong></span> 
     </span>
    </p>
   </div>
   <div class='ocr_carea' id='block_1_19' title="bbox 1793 717 3362 798">
    <p class='ocr_par' dir='ltr' id='par_1_19' title="bbox 1793 717 3362 798">
     <span class='ocr_line' id='line_1_19' title="bbox 1793 717 3362 798; baseline -0.011 -11"><span class='ocrx_word' id='word_1_125' title='bbox 1793 732 1943 787; x_wconf 89' lang='lat' dir='ltr'><strong>nebit</strong></span> <span class='ocrx_word' id='word_1_126' title='bbox 1965 730 2107 785; x_wconf 90' lang='lat' dir='ltr'><strong>diem</strong></span> <span class='ocrx_word' id='word_1_127' title='bbox 2142 730 2422 798; x_wconf 88' lang='lat' dir='ltr'><strong>ingressus</strong></span> <span class='ocrx_word' id='word_1_128' title='bbox 2455 724 2615 793; x_wconf 88' lang='lat' dir='ltr'><strong>ejus?</strong></span> <span class='ocrx_word' id='word_1_129' title='bbox 2652 742 2669 773; x_wconf 77' lang='grc' dir='ltr'><strong>ι</strong></span> <span class='ocrx_word' id='word_1_130' title='bbox 2704 720 2905 790; x_wconf 86' lang='lat' dir='ltr'><strong>quibus</strong></span> <span class='ocrx_word' id='word_1_131' title='bbox 2954 717 3133 772; x_wconf 81' lang='lat' dir='ltr'><strong>verbis</strong></span> <span class='ocrx_word' id='word_1_132' title='bbox 3165 730 3362 774; x_wconf 86' lang='lat' dir='ltr'><strong>secun-</strong></span> 
     </span>
    </p>
   </div>
   <div class='ocr_carea' id='block_1_20' title="bbox 1793 804 3361 891">
    <p class='ocr_par' dir='ltr' id='par_1_20' title="bbox 1793 804 3361 891">
     <span class='ocr_line' id='line_1_20' title="bbox 1793 804 3361 891; baseline -0.011 -14"><span class='ocrx_word' id='word_1_133' title='bbox 1793 822 1921 876; x_wconf 91' lang='lat' dir='ltr'><strong>dum</strong></span> <span class='ocrx_word' id='word_1_134' title='bbox 1959 830 2015 877; x_wconf 89' lang='lat' dir='ltr'><strong>et</strong></span> <span class='ocrx_word' id='word_1_135' title='bbox 2056 820 2352 891; x_wconf 89' lang='lat' dir='ltr'><strong>gloriosum</strong></span> <span class='ocrx_word' id='word_1_136' title='bbox 2382 817 2527 871; x_wconf 91' lang='lat' dir='ltr'><strong>illius</strong></span> <span class='ocrx_word' id='word_1_137' title='bbox 2579 813 2871 867; x_wconf 89' lang='lat' dir='ltr'><strong>adventum</strong></span> <span class='ocrx_word' id='word_1_138' title='bbox 2928 808 3217 878; x_wconf 83' lang='lat' dir='ltr'><strong>significat.</strong></span> <span class='ocrx_word' id='word_1_139' title='bbox 3255 804 3361 859; x_wconf 88' lang='lat' dir='ltr'><strong>Sed</strong></span> 
     </span>
    </p>
   </div>
   <div class='ocr_carea' id='block_1_21' title="bbox 1792 899 3362 986">
    <p class='ocr_par' dir='ltr' id='par_1_21' title="bbox 1792 899 3362 986">
     <span class='ocr_line' id='line_1_21' title="bbox 1792 899 3362 986; baseline -0.012 -17"><span class='ocrx_word' id='word_1_140' title='bbox 1792 916 1887 986; x_wconf 89' lang='lat' dir='ltr'><strong>qui</strong></span> <span class='ocrx_word' id='word_1_141' title='bbox 1915 913 2097 969; x_wconf 87' lang='lat' dir='ltr'><strong>omnia</strong></span> <span class='ocrx_word' id='word_1_142' title='bbox 2127 912 2241 966; x_wconf 79' lang='lat' dir='ltr'><strong>haec</strong></span> <span class='ocrx_word' id='word_1_143' title='bbox 2269 910 2439 976; x_wconf 89' lang='lat' dir='ltr'><strong>canit,</strong></span> <span class='ocrx_word' id='word_1_144' title='bbox 2472 907 2733 961; x_wconf 87' lang='lat' dir='ltr'><strong>Dominus</strong></span> <span class='ocrx_word' id='word_1_145' title='bbox 2758 912 2842 959; x_wconf 89' lang='lat' dir='ltr'><strong>est</strong></span> <span class='ocrx_word' id='word_1_146' title='bbox 2867 901 3210 970; x_wconf 88' lang='lat' dir='ltr'><strong>omnipotens</strong></span> <span class='ocrx_word' id='word_1_147' title='bbox 3238 899 3362 952; x_wconf 88' lang='lat' dir='ltr'><strong>uni-</strong></span> 
     </span>
    </p>
   </div>
   <div class='ocr_carea' id='block_1_22' title="bbox 1793 1006 2137 1064">
    <p class='ocr_par' dir='ltr' id='par_1_22' title="bbox 1793 1006 2137 1064">
     <span class='ocr_line' id='line_1_22' title="bbox 1793 1006 2137 1064; baseline -0.006 -1"><span class='ocrx_word' id='word_1_148' title='bbox 1793 1006 1935 1064; x_wconf 82' lang='lat' dir='ltr'><strong>versi</strong></span> <span class='ocrx_word' id='word_1_149' title='bbox 1972 1006 2137 1062; x_wconf 89' lang='lat' dir='ltr'><strong>Deus.</strong></span> 
     </span>
    </p>
   </div>
   <div class='ocr_carea' id='block_1_23' title="bbox 2359 1112 2809 1174">
    <p class='ocr_par' dir='ltr' id='par_1_23' title="bbox 2359 1112 2809 1174">
     <span class='ocr_line' id='line_1_23' title="bbox 2359 1112 2809 1174; baseline -0.011 0"><span class='ocrx_word' id='word_1_150' title='bbox 2359 1114 2585 1174; x_wconf 79' lang='lat' dir='ltr'><strong>CAPUT</strong></span> <span class='ocrx_word' id='word_1_151' title='bbox 2614 1112 2809 1169; x_wconf 77' lang='lat' dir='ltr'><strong>XXIX.</strong></span> 
     </span>
    </p>
   </div>
   <div class='ocr_carea' id='block_1_24' title="bbox 1794 1222 3363 1309">
    <p class='ocr_par' dir='ltr' id='par_1_24' title="bbox 1794 1222 3363 1309">
     <span class='ocr_line' id='line_1_24' title="bbox 1794 1222 3363 1309; baseline -0.011 -18"><span class='ocrx_word' id='word_1_152' title='bbox 1794 1236 1958 1309; x_wconf 60' lang='lat'><strong>255</strong></span> <span class='ocrx_word' id='word_1_153' title='bbox 2000 1232 2152 1301; x_wconf 82' lang='lat' dir='ltr'><strong>Quod</strong></span> <span class='ocrx_word' id='word_1_154' title='bbox 2204 1230 2619 1309; x_wconf 64' lang='lat' dir='ltr'><strong>solemjustitice</strong></span> <span class='ocrx_word' id='word_1_155' title='bbox 2658 1226 2928 1309; x_wconf 57' lang='lat' dir='ltr'><strong>pliristum</strong></span> <span class='ocrx_word' id='word_1_156' title='bbox 2981 1224 3092 1292; x_wconf 81' lang='lat' dir='ltr'><strong>ipse</strong></span> <span class='ocrx_word' id='word_1_157' title='bbox 3135 1222 3363 1276; x_wconf 79' lang='lat' dir='ltr'><strong>universi</strong></span> 
     </span>
    </p>
   </div>
   <div class='ocr_carea' id='block_1_25' title="bbox 2362 1300 2787 1356">
    <p class='ocr_par' dir='ltr' id='par_1_25' title="bbox 2362 1300 2787 1356">
     <span class='ocr_line' id='line_1_25' title="bbox 2362 1300 2787 1356; baseline -0.012 -1"><span class='ocrx_word' id='word_1_158' title='bbox 2362 1302 2497 1356; x_wconf 84' lang='lat' dir='ltr'><strong>Deus</strong></span> <span class='ocrx_word' id='word_1_159' title='bbox 2528 1300 2787 1354; x_wconf 80' lang='lat' dir='ltr'><strong>nominat.</strong></span> 
     </span>
    </p>
   </div>
   <div class='ocr_carea' id='block_1_26' title="bbox 1872 1402 3363 1474">
    <p class='ocr_par' dir='ltr' id='par_1_26' title="bbox 1872 1402 3363 1474">
     <span class='ocr_line' id='line_1_26' title="bbox 1872 1402 3363 1474; baseline -0.012 -1"><span class='ocrx_word' id='word_1_160' title='bbox 1872 1440 1889 1473; x_wconf 80' lang='grc' dir='ltr'><strong>ι</strong></span> <span class='ocrx_word' id='word_1_161' title='bbox 1923 1419 1986 1473; x_wconf 89' lang='lat' dir='ltr'><strong>Et</strong></span> <span class='ocrx_word' id='word_1_162' title='bbox 2011 1418 2217 1472; x_wconf 88' lang='lat' dir='ltr'><strong>orietur</strong></span> <span class='ocrx_word' id='word_1_163' title='bbox 2244 1413 2561 1468; x_wconf 85' lang='lat' dir='ltr'><strong>timentibus</strong></span> <span class='ocrx_word' id='word_1_164' title='bbox 2593 1424 2786 1466; x_wconf 89' lang='lat' dir='ltr'><strong>nomen</strong></span> <span class='ocrx_word' id='word_1_165' title='bbox 2810 1422 2989 1462; x_wconf 90' lang='lat' dir='ltr'><strong>meum</strong></span> <span class='ocrx_word' id='word_1_166' title='bbox 3014 1406 3095 1460; x_wconf 93' lang='lat' dir='ltr'><strong>sol</strong></span> <span class='ocrx_word' id='word_1_167' title='bbox 3116 1402 3363 1474; x_wconf 66' lang='lat' dir='ltr'><strong>justitiaa,</strong></span> 
     </span>
    </p>
   </div>
   <div class='ocr_carea' id='block_1_27' title="bbox 1796 1498 3366 1576">
    <p class='ocr_par' dir='ltr' id='par_1_27' title="bbox 1796 1498 3366 1576">
     <span class='ocr_line' id='line_1_27' title="bbox 1796 1498 3366 1576; baseline -0.014 -5"><span class='ocrx_word' id='word_1_168' title='bbox 1796 1523 1850 1571; x_wconf 86' lang='lat' dir='ltr'><strong>et</strong></span> <span class='ocrx_word' id='word_1_169' title='bbox 1882 1513 2095 1570; x_wconf 84' lang='lat' dir='ltr'><strong>sanatio</strong></span> <span class='ocrx_word' id='word_1_170' title='bbox 2121 1510 2224 1565; x_wconf 90' lang='lat' dir='ltr'><strong>erit</strong></span> <span class='ocrx_word' id='word_1_171' title='bbox 2258 1509 2311 1561; x_wconf 90' lang='lat' dir='ltr'><strong>in</strong></span> <span class='ocrx_word' id='word_1_172' title='bbox 2341 1508 2442 1562; x_wconf 90' lang='lat' dir='ltr'><strong>alis</strong></span> <span class='ocrx_word' id='word_1_173' title='bbox 2474 1506 2651 1576; x_wconf 73' lang='lat' dir='ltr'><strong>ejus’.</strong></span> <span class='ocrx_word' id='word_1_174' title='bbox 2689 1524 2707 1557; x_wconf 81' lang='grc' dir='ltr'><strong>ι</strong></span> <span class='ocrx_word' id='word_1_175' title='bbox 2743 1502 2845 1570; x_wconf 85' lang='lat' dir='ltr'><strong>Qui</strong></span> <span class='ocrx_word' id='word_1_176' title='bbox 2881 1516 3020 1569; x_wconf 62' lang='lat' dir='ltr'><strong>saepe</strong></span> <span class='ocrx_word' id='word_1_177' title='bbox 3054 1498 3366 1553; x_wconf 88' lang='lat' dir='ltr'><strong>nominatus</strong></span> 
     </span>
    </p>
   </div>
   <div class='ocr_carea' id='block_1_28' title="bbox 1797 1590 3367 1669">
    <p class='ocr_par' dir='ltr' id='par_1_28' title="bbox 1797 1590 3367 1669">
     <span class='ocr_line' id='line_1_28' title="bbox 1797 1590 3367 1669; baseline -0.014 -5"><span class='ocrx_word' id='word_1_178' title='bbox 1797 1616 1881 1664; x_wconf 85' lang='lat' dir='ltr'><strong>est</strong></span> <span class='ocrx_word' id='word_1_179' title='bbox 1910 1615 1965 1663; x_wconf 90' lang='lat' dir='ltr'><strong>et</strong></span> <span class='ocrx_word' id='word_1_180' title='bbox 1998 1605 2282 1669; x_wconf 79' lang='lat' dir='ltr'><strong>Dominus,</strong></span> <span class='ocrx_word' id='word_1_181' title='bbox 2320 1608 2373 1658; x_wconf 84' lang='lat' dir='ltr'><strong>et</strong></span> <span class='ocrx_word' id='word_1_182' title='bbox 2425 1600 2591 1661; x_wconf 87' lang='lat' dir='ltr'><strong>Deus,</strong></span> <span class='ocrx_word' id='word_1_183' title='bbox 2638 1606 2693 1653; x_wconf 88' lang='lat' dir='ltr'><strong>et</strong></span> <span class='ocrx_word' id='word_1_184' title='bbox 2725 1596 2975 1666; x_wconf 79' lang='lat' dir='ltr'><strong>angelus,</strong></span> <span class='ocrx_word' id='word_1_185' title='bbox 3029 1600 3084 1647; x_wconf 90' lang='lat' dir='ltr'><strong>et</strong></span> <span class='ocrx_word' id='word_1_186' title='bbox 3114 1590 3367 1660; x_wconf 85' lang='lat' dir='ltr'><strong>princeps</strong></span> 
     </span>
    </p>
   </div>
   <div class='ocr_carea' id='block_1_29' title="bbox 1800 1679 3367 1770">
    <p class='ocr_par' dir='ltr' id='par_1_29' title="bbox 1800 1679 3367 1770">
     <span class='ocr_line' id='line_1_29' title="bbox 1800 1679 3367 1770; baseline -0.015 -16"><span class='ocrx_word' id='word_1_187' title='bbox 1800 1701 2215 1770; x_wconf 86' lang='lat' dir='ltr'><strong>imperatorum,</strong></span> <span class='ocrx_word' id='word_1_188' title='bbox 2250 1703 2305 1751; x_wconf 87' lang='lat' dir='ltr'><strong>et</strong></span> <span class='ocrx_word' id='word_1_189' title='bbox 2330 1694 2604 1753; x_wconf 88' lang='lat' dir='ltr'><strong>Christus,</strong></span> <span class='ocrx_word' id='word_1_190' title='bbox 2638 1697 2691 1745; x_wconf 90' lang='lat' dir='ltr'><strong>et</strong></span> <span class='ocrx_word' id='word_1_191' title='bbox 2719 1684 2999 1748; x_wconf 84' lang='lat' dir='ltr'><strong>sacerdos,</strong></span> <span class='ocrx_word' id='word_1_192' title='bbox 3030 1689 3083 1737; x_wconf 90' lang='lat' dir='ltr'><strong>et</strong></span> <span class='ocrx_word' id='word_1_193' title='bbox 3106 1679 3367 1743; x_wconf 82' lang='lat' dir='ltr'><strong>Verbum,</strong></span> 
     </span>
    </p>
   </div>
   <div class='ocr_carea' id='block_1_30' title="bbox 1798 1771 3369 1861">
    <p class='ocr_par' dir='ltr' id='par_1_30' title="bbox 1798 1771 3369 1861">
     <span class='ocr_line' id='line_1_30' title="bbox 1798 1771 3369 1861; baseline -0.015 -13"><span class='ocrx_word' id='word_1_194' title='bbox 1798 1800 1853 1848; x_wconf 87' lang='lat' dir='ltr'><strong>et</strong></span> <span class='ocrx_word' id='word_1_195' title='bbox 1886 1790 2153 1861; x_wconf 83' lang='lat' dir='ltr'><strong>sapientia</strong></span> <span class='ocrx_word' id='word_1_196' title='bbox 2186 1787 2302 1847; x_wconf 88' lang='lat' dir='ltr'><strong>Dei,</strong></span> <span class='ocrx_word' id='word_1_197' title='bbox 2337 1792 2392 1840; x_wconf 89' lang='lat' dir='ltr'><strong>et</strong></span> <span class='ocrx_word' id='word_1_198' title='bbox 2423 1785 2638 1854; x_wconf 81' lang='lat' dir='ltr'><strong>imago:</strong></span> <span class='ocrx_word' id='word_1_199' title='bbox 2673 1796 2819 1835; x_wconf 89' lang='lat' dir='ltr'><strong>nunc</strong></span> <span class='ocrx_word' id='word_1_200' title='bbox 2861 1776 3001 1832; x_wconf 86' lang='lat' dir='ltr'><strong>idem</strong></span> <span class='ocrx_word' id='word_1_201' title='bbox 3034 1792 3052 1826; x_wconf 79' lang='grc' dir='ltr'><strong>ι</strong></span> <span class='ocrx_word' id='word_1_202' title='bbox 3094 1774 3176 1830; x_wconf 91' lang='lat' dir='ltr'><strong>sol</strong></span> <span class='ocrx_word' id='word_1_203' title='bbox 3204 1771 3369 1841; x_wconf 89' lang='lat' dir='ltr'><strong>justi-</strong></span> 
     </span>
    </p>
   </div>
   <div class='ocr_carea' id='block_1_31' title="bbox 1801 1866 3372 1948">
    <p class='ocr_par' dir='ltr' id='par_1_31' title="bbox 1801 1866 3372 1948">
     <span class='ocr_line' id='line_1_31' title="bbox 1801 1866 3372 1948; baseline -0.012 -9"><span class='ocrx_word' id='word_1_204' title='bbox 1801 1886 1888 1939; x_wconf 80' lang='lat' dir='ltr'><strong>tiae</strong></span> <span class='ocrx_word' id='word_1_205' title='bbox 1925 1903 1942 1936; x_wconf 78' lang='grc' dir='ltr'><strong>ι</strong></span> <span class='ocrx_word' id='word_1_206' title='bbox 1981 1882 2201 1937; x_wconf 84' lang='lat' dir='ltr'><strong>dicitur.</strong></span> <span class='ocrx_word' id='word_1_207' title='bbox 2230 1880 2384 1934; x_wconf 87' lang='lat' dir='ltr'><strong>Hunc</strong></span> <span class='ocrx_word' id='word_1_208' title='bbox 2410 1880 2588 1948; x_wconf 91' lang='lat' dir='ltr'><strong>ipsum</strong></span> <span class='ocrx_word' id='word_1_209' title='bbox 2624 1875 2809 1947; x_wconf 83' lang='lat' dir='ltr'><strong>igitur,</strong></span> <span class='ocrx_word' id='word_1_210' title='bbox 2846 1873 2891 1928; x_wconf 90' lang='lat' dir='ltr'><strong>is</strong></span> <span class='ocrx_word' id='word_1_211' title='bbox 2923 1872 3015 1942; x_wconf 89' lang='lat' dir='ltr'><strong>qui</strong></span> <span class='ocrx_word' id='word_1_212' title='bbox 3054 1869 3241 1941; x_wconf 79' lang='lat' dir='ltr'><strong>genuit</strong></span> <span class='ocrx_word' id='word_1_213' title='bbox 3266 1866 3372 1922; x_wconf 90' lang='lat' dir='ltr'><strong>Pa-</strong></span> 
     </span>
    </p>
   </div>
   <div class='ocr_carea' id='block_1_32' title="bbox 142 1960 1697 2048">
    <p class='ocr_par' dir='ltr' id='par_1_32' title="bbox 142 1960 1688 2032">
     <span class='ocr_line' id='line_1_32' title="bbox 142 1960 1688 2032; baseline 0.001 -21"><span class='ocrx_word' id='word_1_214' title='bbox 142 1962 196 2011; x_wconf 71' lang='grc' dir='ltr'>οὖ</span> <span class='ocrx_word' id='word_1_215' title='bbox 223 1964 330 2024; x_wconf 86' lang='grc' dir='ltr'>τοῖς</span> <span class='ocrx_word' id='word_1_216' title='bbox 358 1963 541 2025; x_wconf 80' lang='grc' dir='ltr'>πᾶσιν,</span> <span class='ocrx_word' id='word_1_217' title='bbox 578 1960 711 2015; x_wconf 83' lang='grc' dir='ltr'>ἀλλὰ</span> <span class='ocrx_word' id='word_1_218' title='bbox 748 1961 931 2032; x_wconf 88' lang='grc' dir='ltr'>μόνοις</span> <span class='ocrx_word' id='word_1_219' title='bbox 960 1964 1070 2025; x_wconf 87' lang='grc' dir='ltr'>τοῖς</span> <span class='ocrx_word' id='word_1_220' title='bbox 1101 1960 1161 2014; x_wconf 70' lang='grc' dir='ltr'><strong>τὸ</strong></span> <span class='ocrx_word' id='word_1_221' title='bbox 1192 1962 1360 2031; x_wconf 79' lang='grc' dir='ltr'>ὄνομα</span> <span class='ocrx_word' id='word_1_222' title='bbox 1392 1960 1556 2015; x_wconf 77' lang='grc' dir='ltr'>αὐτοῦ</span> <span class='ocrx_word' id='word_1_223' title='bbox 1593 1978 1688 2031; x_wconf 87' lang='grc' dir='ltr'>φο-</span> 
     </span>
    </p>
   </div>
   <div class='ocr_carea' id='block_1_33' title="bbox 1806 1960 3372 2048">
    <p class='ocr_par' dir='ltr' id='par_1_33' title="bbox 1806 1960 3372 2048">
     <span class='ocr_line' id='line_1_33' title="bbox 1806 1960 3372 2048; baseline -0.011 -17"><span class='ocrx_word' id='word_1_224' title='bbox 1806 1993 1895 2042; x_wconf 69' lang='grc' dir='ltr'>ιετ,</span> <span class='ocrx_word' id='word_1_225' title='bbox 1952 1992 2061 2031; x_wconf 92' lang='lat' dir='ltr'><strong>non</strong></span> <span class='ocrx_word' id='word_1_226' title='bbox 2113 1974 2366 2029; x_wconf 91' lang='lat' dir='ltr'><strong>omnibus</strong></span> <span class='ocrx_word' id='word_1_227' title='bbox 2425 1970 2692 2048; x_wconf 82' lang='lat' dir='ltr'><strong>oriturum</strong></span> <span class='ocrx_word' id='word_1_228' title='bbox 2748 1965 3033 2037; x_wconf 83' lang='lat' dir='ltr'><strong>promittit,</strong></span> <span class='ocrx_word' id='word_1_229' title='bbox 3097 1962 3190 2018; x_wconf 91' lang='lat' dir='ltr'><strong>sed</strong></span> <span class='ocrx_word' id='word_1_230' title='bbox 3241 1960 3372 2017; x_wconf 88' lang='lat' dir='ltr'><strong>solis</strong></span> 
     </span>
    </p>
   </div>
   <div class='ocr_carea' id='block_1_34' title="bbox 145 2051 1688 2125">
    <p class='ocr_par' dir='ltr' id='par_1_34' title="bbox 145 2051 1688 2125">
     <span class='ocr_line' id='line_1_34' title="bbox 145 2051 1688 2125; baseline 0.001 -21"><span class='ocrx_word' id='word_1_231' title='bbox 145 2051 406 2122; x_wconf 78' lang='grc' dir='ltr'>ϐουμένοις</span> <span class='ocrx_word' id='word_1_232' title='bbox 439 2051 717 2105; x_wconf 84' lang='grc' dir='ltr'>ἀνατελεῖν</span> <span class='ocrx_word' id='word_1_233' title='bbox 749 2052 1167 2121; x_wconf 78' lang='grc' dir='ltr'>ἐπαγγέλλεται,</span> <span class='ocrx_word' id='word_1_234' title='bbox 1194 2053 1359 2125; x_wconf 80' lang='grc' dir='ltr'>γέρας</span> <span class='ocrx_word' id='word_1_235' title='bbox 1385 2054 1566 2117; x_wconf 79' lang='grc' dir='ltr'>αὐτοῖς</span> <span class='ocrx_word' id='word_1_236' title='bbox 1597 2052 1688 2106; x_wconf 89' lang='grc' dir='ltr'><strong>τοῦ</strong></span> 
     </span>
    </p>
   </div>
   <div class='ocr_carea' id='block_1_35' title="bbox 145 2143 1693 2216">
    <p class='ocr_par' dir='ltr' id='par_1_35' title="bbox 145 2143 1693 2216">
     <span class='ocr_line' id='line_1_35' title="bbox 145 2143 1693 2216; baseline 0.003 -20"><span class='ocrx_word' id='word_1_237' title='bbox 145 2146 212 2205; x_wconf 78' lang='grc' dir='ltr'>εἰς</span> <span class='ocrx_word' id='word_1_238' title='bbox 239 2145 393 2197; x_wconf 75' lang='grc' dir='ltr'>αὐτὸν</span> <span class='ocrx_word' id='word_1_239' title='bbox 420 2144 584 2212; x_wconf 81' lang='grc' dir='ltr'>φόϐου</span> <span class='ocrx_word' id='word_1_240' title='bbox 626 2143 799 2208; x_wconf 83' lang='grc' dir='ltr'>διδοὺς</span> <span class='ocrx_word' id='word_1_241' title='bbox 836 2146 897 2197; x_wconf 82' lang='grc' dir='ltr'>τὸ</span> <span class='ocrx_word' id='word_1_242' title='bbox 942 2144 1055 2214; x_wconf 86' lang='grc' dir='ltr'><strong>φῶς</strong></span> <span class='ocrx_word' id='word_1_243' title='bbox 1090 2144 1183 2197; x_wconf 91' lang='grc' dir='ltr'><strong>τοῦ</strong></span> <span class='ocrx_word' id='word_1_244' title='bbox 1218 2147 1315 2216; x_wconf 82' lang='grc' dir='ltr'>τῆς</span> <span class='ocrx_word' id='word_1_245' title='bbox 1352 2145 1693 2216; x_wconf 77' lang='grc' dir='ltr'>δικαιοσύνης</span> 
     </span>
    </p>
   </div>
   <div class='ocr_carea' id='block_1_36' title="bbox 148 2229 1693 2307">
    <p class='ocr_par' dir='ltr' id='par_1_36' title="bbox 148 2229 1693 2307">
     <span class='ocr_line' id='line_1_36' title="bbox 148 2229 1693 2307; baseline 0.002 -21"><span class='ocrx_word' id='word_1_246' title='bbox 148 2235 304 2305; x_wconf 67' lang='grc' dir='ltr'>ἡλίου.</span> <span class='ocrx_word' id='word_1_247' title='bbox 327 2237 418 2307; x_wconf 63' lang='lat' dir='ltr'><strong>Eli;</strong></span> <span class='ocrx_word' id='word_1_248' title='bbox 450 2236 495 2288; x_wconf 86' lang='grc' dir='ltr'>δ’</span> <span class='ocrx_word' id='word_1_249' title='bbox 523 2237 589 2289; x_wconf 77' lang='grc' dir='ltr'>ἂν</span> <span class='ocrx_word' id='word_1_250' title='bbox 613 2229 764 2300; x_wconf 73' lang='grc' dir='ltr'>οὗτος</span> <span class='ocrx_word' id='word_1_251' title='bbox 793 2238 820 2288; x_wconf 86' lang='grc' dir='ltr'>ὁ</span> <span class='ocrx_word' id='word_1_252' title='bbox 842 2237 973 2299; x_wconf 81' lang='grc' dir='ltr'>Θεὸς</span> <span class='ocrx_word' id='word_1_253' title='bbox 998 2238 1188 2305; x_wconf 84' lang='grc' dir='ltr'>Λόγος,</span> <span class='ocrx_word' id='word_1_254' title='bbox 1216 2239 1243 2289; x_wconf 88' lang='grc' dir='ltr'>ὁ</span> <span class='ocrx_word' id='word_1_255' title='bbox 1269 2237 1458 2290; x_wconf 74' lang='grc' dir='ltr'>εἰπὼν·</span> <span class='ocrx_word' id='word_1_256' title='bbox 1496 2257 1512 2288; x_wconf 81' lang='grc' dir='ltr'><strong>ι</strong></span> <span class='ocrx_word' id='word_1_257' title='bbox 1554 2236 1693 2305; x_wconf 79' lang='grc' dir='ltr'><strong>Ἐγώ</strong></span> 
     </span>
    </p>
   </div>
   <div class='ocr_carea' id='block_1_37' title="bbox 146 2324 1693 2399">
    <p class='ocr_par' dir='ltr' id='par_1_37' title="bbox 146 2324 1693 2399">
     <span class='ocr_line' id='line_1_37' title="bbox 146 2324 1693 2399; baseline 0.001 -20"><span class='ocrx_word' id='word_1_258' title='bbox 146 2327 249 2395; x_wconf 77' lang='grc' dir='ltr'>εἰμι</span> <span class='ocrx_word' id='word_1_259' title='bbox 276 2326 330 2379; x_wconf 79' lang='grc' dir='ltr'>τὸ</span> <span class='ocrx_word' id='word_1_260' title='bbox 359 2326 471 2395; x_wconf 88' lang='grc' dir='ltr'><strong>φῶς</strong></span> <span class='ocrx_word' id='word_1_261' title='bbox 503 2325 597 2379; x_wconf 90' lang='grc' dir='ltr'><strong>τοῦ</strong></span> <span class='ocrx_word' id='word_1_262' title='bbox 630 2328 869 2397; x_wconf 80' lang='grc' dir='ltr'>κόσμου’</span> <span class='ocrx_word' id='word_1_263' title='bbox 920 2328 1057 2398; x_wconf 82' lang='grc' dir='ltr'>ὅπερ</span> <span class='ocrx_word' id='word_1_264' title='bbox 1102 2324 1169 2399; x_wconf 79' lang='grc' dir='ltr'>ἦν</span> <span class='ocrx_word' id='word_1_265' title='bbox 1211 2327 1325 2397; x_wconf 81' lang='grc' dir='ltr'><strong>φῶς</strong></span> <span class='ocrx_word' id='word_1_266' title='bbox 1364 2327 1424 2381; x_wconf 83' lang='grc' dir='ltr'>τὸ</span> <span class='ocrx_word' id='word_1_267' title='bbox 1466 2327 1693 2397; x_wconf 79' lang='grc' dir='ltr'>φωτίζον</span> 
     </span>
    </p>
   </div>
   <div class='ocr_carea' id='block_1_38' title="bbox 149 2418 1694 2491">
    <p class='ocr_par' dir='ltr' id='par_1_38' title="bbox 149 2418 1694 2491">
     <span class='ocr_line' id='line_1_38' title="bbox 149 2418 1694 2491; baseline 0 -20"><span class='ocrx_word' id='word_1_268' title='bbox 149 2418 308 2472; x_wconf 72' lang='grc' dir='ltr'>πάντα</span> <span class='ocrx_word' id='word_1_269' title='bbox 335 2418 615 2490; x_wconf 83' lang='grc' dir='ltr'>ἄνθρωπον</span> <span class='ocrx_word' id='word_1_270' title='bbox 650 2419 941 2491; x_wconf 77' lang='grc' dir='ltr'>ἐρχόμενον</span> <span class='ocrx_word' id='word_1_271' title='bbox 967 2421 1045 2483; x_wconf 83' lang='grc' dir='ltr'><strong>είς</strong></span> <span class='ocrx_word' id='word_1_272' title='bbox 1070 2420 1159 2472; x_wconf 85' lang='grc' dir='ltr'>τὸν</span> <span class='ocrx_word' id='word_1_273' title='bbox 1193 2419 1412 2490; x_wconf 82' lang='grc' dir='ltr'><strong>κόσμον.</strong></span> <span class='ocrx_word' id='word_1_274' title='bbox 1447 2438 1465 2471; x_wconf 77' lang='grc' dir='ltr'><strong>ι</strong></span> <span class='ocrx_word' id='word_1_275' title='bbox 1497 2418 1694 2472; x_wconf 87' lang='grc' dir='ltr'>Τοῦτον</span> 
     </span>
    </p>
   </div>
   <div class='ocr_carea' id='block_1_39' title="bbox 147 2506 1695 2581">
    <p class='ocr_par' dir='ltr' id='par_1_39' title="bbox 147 2506 1695 2581">
     <span class='ocr_line' id='line_1_39' title="bbox 147 2506 1695 2581; baseline 0.001 -20"><span class='ocrx_word' id='word_1_276' title='bbox 147 2508 201 2578; x_wconf 72' lang='grc' dir='ltr'>δὴ</span> <span class='ocrx_word' id='word_1_277' title='bbox 226 2506 329 2572; x_wconf 74' lang='grc' dir='ltr'>οὖν,</span> <span class='ocrx_word' id='word_1_278' title='bbox 354 2510 464 2563; x_wconf 81' lang='grc' dir='ltr'>ἀλλ’</span> <span class='ocrx_word' id='word_1_279' title='bbox 498 2511 559 2562; x_wconf 83' lang='grc' dir='ltr'><strong>ού</strong></span> <span class='ocrx_word' id='word_1_280' title='bbox 591 2509 681 2562; x_wconf 74' lang='grc' dir='ltr'><strong>τὸν</strong></span> <span class='ocrx_word' id='word_1_281' title='bbox 713 2508 990 2580; x_wconf 76' lang='grc' dir='ltr'>αἰσθητὸν,</span> <span class='ocrx_word' id='word_1_282' title='bbox 1022 2510 1143 2562; x_wconf 77' lang='grc' dir='ltr'>οὐδὲ</span> <span class='ocrx_word' id='word_1_283' title='bbox 1174 2510 1266 2562; x_wconf 78' lang='grc' dir='ltr'>τὸν</span> <span class='ocrx_word' id='word_1_284' title='bbox 1303 2510 1551 2581; x_wconf 88' lang='grc' dir='ltr'>προφανῆ</span> <span class='ocrx_word' id='word_1_285' title='bbox 1582 2512 1695 2573; x_wconf 84' lang='grc' dir='ltr'>τοῖς</span> 
     </span>
    </p>
   </div>
   <div class='ocr_carea' id='block_1_40' title="bbox 149 2602 1692 2675">
    <p class='ocr_par' dir='ltr' id='par_1_40' title="bbox 149 2602 1692 2675">
     <span class='ocr_line' id='line_1_40' title="bbox 149 2602 1692 2675; baseline 0.002 -21"><span class='ocrx_word' id='word_1_286' title='bbox 149 2605 270 2656; x_wconf 78' lang='grc' dir='ltr'>πᾶσι</span> <span class='ocrx_word' id='word_1_287' title='bbox 288 2602 516 2671; x_wconf 80' lang='grc' dir='ltr'>λογικοῖς</span> <span class='ocrx_word' id='word_1_288' title='bbox 544 2620 600 2656; x_wconf 91' lang='grc' dir='ltr'><strong>τε</strong></span> <span class='ocrx_word' id='word_1_289' title='bbox 638 2604 733 2657; x_wconf 72' lang='grc' dir='ltr'><strong>καὶ</strong></span> <span class='ocrx_word' id='word_1_290' title='bbox 753 2602 968 2670; x_wconf 83' lang='grc' dir='ltr'>ἀλόγοις</span> <span class='ocrx_word' id='word_1_291' title='bbox 996 2604 1166 2675; x_wconf 76' lang='grc' dir='ltr'>ἥλιον,</span> <span class='ocrx_word' id='word_1_292' title='bbox 1208 2603 1342 2658; x_wconf 82' lang='grc' dir='ltr'>ἀλλὰ</span> <span class='ocrx_word' id='word_1_293' title='bbox 1368 2606 1461 2658; x_wconf 81' lang='grc' dir='ltr'>τὸν</span> <span class='ocrx_word' id='word_1_294' title='bbox 1492 2604 1692 2668; x_wconf 77' lang='grc' dir='ltr'>ἔνθεον,</span> 
     </span>
    </p>
   </div>
   <div class='ocr_carea' id='block_1_41' title="bbox 148 2696 1693 2768">
    <p class='ocr_par' dir='ltr' id='par_1_41' title="bbox 148 2696 1693 2768">
     <span class='ocr_line' id='line_1_41' title="bbox 148 2696 1693 2768; baseline 0 -19"><span class='ocrx_word' id='word_1_295' title='bbox 148 2697 231 2749; x_wconf 74' lang='grc' dir='ltr'><strong>καὶ</strong></span> <span class='ocrx_word' id='word_1_296' title='bbox 254 2697 443 2765; x_wconf 73' lang='grc' dir='ltr'>νοερὸν,</span> <span class='ocrx_word' id='word_1_297' title='bbox 479 2698 574 2751; x_wconf 76' lang='grc' dir='ltr'>καὶ</span> <span class='ocrx_word' id='word_1_298' title='bbox 595 2696 775 2765; x_wconf 82' lang='grc' dir='ltr'>πάσης</span> <span class='ocrx_word' id='word_1_299' title='bbox 798 2697 994 2768; x_wconf 84' lang='grc' dir='ltr'>ἀρετῆς</span> <span class='ocrx_word' id='word_1_300' title='bbox 1016 2697 1110 2750; x_wconf 81' lang='grc' dir='ltr'>καὶ</span> <span class='ocrx_word' id='word_1_301' title='bbox 1132 2696 1475 2767; x_wconf 83' lang='grc' dir='ltr'>δικαιοσύνης</span> <span class='ocrx_word' id='word_1_302' title='bbox 1496 2698 1693 2762; x_wconf 82' lang='grc' dir='ltr'>αἴτιον,</span> 
     </span>
    </p>
   </div>
   <div class='ocr_carea' id='block_1_42' title="bbox 152 2788 1692 2860">
    <p class='ocr_par' dir='ltr' id='par_1_42' title="bbox 152 2788 1692 2860">
     <span class='ocr_line' id='line_1_42' title="bbox 152 2788 1692 2860; baseline 0 -19"><span class='ocrx_word' id='word_1_303' title='bbox 152 2790 313 2860; x_wconf 73' lang='grc' dir='ltr'>μόνοις</span> <span class='ocrx_word' id='word_1_304' title='bbox 348 2793 458 2853; x_wconf 88' lang='grc' dir='ltr'>τοῖς</span> <span class='ocrx_word' id='word_1_305' title='bbox 502 2788 855 2860; x_wconf 83' lang='grc' dir='ltr'>φοϐουμένοις</span> <span class='ocrx_word' id='word_1_306' title='bbox 905 2789 1063 2843; x_wconf 81' lang='grc' dir='ltr'>αὐτὸν</span> <span class='ocrx_word' id='word_1_307' title='bbox 1116 2789 1389 2843; x_wconf 82' lang='grc' dir='ltr'>ἀνατελείν</span> <span class='ocrx_word' id='word_1_308' title='bbox 1438 2790 1530 2843; x_wconf 75' lang='grc' dir='ltr'><strong>ἐπὶ</strong></span> <span class='ocrx_word' id='word_1_309' title='bbox 1600 2788 1692 2842; x_wconf 83' lang='grc' dir='ltr'><strong>τοῦ</strong></span> 
     </span>
    </p>
   </div>
   <div class='ocr_carea' id='block_1_43' title="bbox 150 2880 1694 2954">
    <p class='ocr_par' dir='ltr' id='par_1_43' title="bbox 150 2880 1694 2954">
     <span class='ocr_line' id='line_1_43' title="bbox 150 2880 1694 2954; baseline -0.001 -18"><span class='ocrx_word' id='word_1_310' title='bbox 150 2884 432 2954; x_wconf 72' lang='grc' dir='ltr'>παρόντοςό</span> <span class='ocrx_word' id='word_1_311' title='bbox 457 2882 588 2946; x_wconf 87' lang='grc' dir='ltr'>Θεός</span> <span class='ocrx_word' id='word_1_312' title='bbox 610 2899 795 2952; x_wconf 78' lang='grc' dir='ltr'>φησιν,</span> <span class='ocrx_word' id='word_1_313' title='bbox 829 2880 1197 2952; x_wconf 83' lang='grc' dir='ltr'>ἀποκρύπτων</span> <span class='ocrx_word' id='word_1_314' title='bbox 1254 2882 1417 2934; x_wconf 82' lang='grc' dir='ltr'>αὑτὸν</span> <span class='ocrx_word' id='word_1_315' title='bbox 1445 2881 1553 2934; x_wconf 85' lang='grc' dir='ltr'><strong>τῶν</strong></span> <span class='ocrx_word' id='word_1_316' title='bbox 1599 2882 1694 2935; x_wconf 88' lang='grc' dir='ltr'>ἀν·-</span> 
     </span>
    </p>
   </div>
   <div class='ocr_carea' id='block_1_44' title="bbox 150 2968 1697 3046">
    <p class='ocr_par' dir='ltr' id='par_1_44' title="bbox 150 2968 1697 3046">
     <span class='ocr_line' id='line_1_44' title="bbox 150 2968 1697 3046; baseline 0.001 -19"><span class='ocrx_word' id='word_1_317' title='bbox 150 2976 312 3041; x_wconf 79' lang='grc' dir='ltr'>αξίων·</span> <span class='ocrx_word' id='word_1_318' title='bbox 349 2980 473 3046; x_wconf 82' lang='grc' dir='ltr'>περὶ</span> <span class='ocrx_word' id='word_1_319' title='bbox 507 2968 582 3028; x_wconf 84' lang='grc' dir='ltr'><strong>ὧν</strong></span> <span class='ocrx_word' id='word_1_320' title='bbox 609 2972 863 3044; x_wconf 78' lang='grc' dir='ltr'>ἀλλαχόθι</span> <span class='ocrx_word' id='word_1_321' title='bbox 889 2989 990 3025; x_wconf 88' lang='grc' dir='ltr'><strong>που</strong></span> <span class='ocrx_word' id='word_1_322' title='bbox 1031 2970 1197 3041; x_wconf 81' lang='grc' dir='ltr'>λέγει·</span> <span class='ocrx_word' id='word_1_323' title='bbox 1229 2992 1248 3024; x_wconf 76' lang='grc' dir='ltr'><strong>ι</strong></span> <span class='ocrx_word' id='word_1_324' title='bbox 1282 2972 1392 3026; x_wconf 80' lang='grc' dir='ltr'><strong>Καὶ</strong></span> <span class='ocrx_word' id='word_1_325' title='bbox 1414 2972 1631 3027; x_wconf 85' lang='grc' dir='ltr'>δύσεται</span> <span class='ocrx_word' id='word_1_326' title='bbox 1668 2976 1697 3028; x_wconf 86' lang='grc' dir='ltr'><strong>ό</strong></span> 
     </span>
    </p>
   </div>
   <div class='ocr_carea' id='block_1_45' title="bbox 149 3062 1696 3137">
    <p class='ocr_par' dir='ltr' id='par_1_45' title="bbox 149 3062 1696 3137">
     <span class='ocr_line' id='line_1_45' title="bbox 149 3062 1696 3137; baseline 0 -19"><span class='ocrx_word' id='word_1_327' title='bbox 149 3066 280 3133; x_wconf 59' lang='grc' dir='ltr'>ἥλιος</span> <span class='ocrx_word' id='word_1_328' title='bbox 308 3067 397 3121; x_wconf 71' lang='grc' dir='ltr'><strong>ἐπὶ</strong></span> <span class='ocrx_word' id='word_1_329' title='bbox 427 3067 554 3130; x_wconf 77' lang='grc' dir='ltr'>τοὺς</span> <span class='ocrx_word' id='word_1_330' title='bbox 589 3066 873 3137; x_wconf 79' lang='grc' dir='ltr'>προφήτας</span> <span class='ocrx_word' id='word_1_331' title='bbox 910 3063 1039 3127; x_wconf 82' lang='grc' dir='ltr'>τοὺς</span> <span class='ocrx_word' id='word_1_332' title='bbox 1082 3062 1397 3128; x_wconf 85' lang='grc' dir='ltr'>πλανῶντας</span> <span class='ocrx_word' id='word_1_333' title='bbox 1434 3063 1527 3118; x_wconf 80' lang='grc' dir='ltr'>τὸν</span> <span class='ocrx_word' id='word_1_334' title='bbox 1569 3064 1696 3120; x_wconf 85' lang='grc' dir='ltr'>λαόν</span> 
     </span>
    </p>
   </div>
   <div class='ocr_carea' id='block_1_46' title="bbox 153 3171 312 3223">
    <p class='ocr_par' dir='ltr' id='par_1_46' title="bbox 153 3171 312 3223">
     <span class='ocr_line' id='line_1_46' title="bbox 153 3171 312 3223; baseline 0.006 -18"><span class='ocrx_word' id='word_1_335' title='bbox 153 3171 258 3223; x_wconf 79' lang='grc' dir='ltr'>μου.</span> <span class='ocrx_word' id='word_1_336' title='bbox 293 3173 312 3206; x_wconf 81' lang='grc' dir='ltr'><strong>ι</strong></span> 
     </span>
    </p>
   </div>
   <div class='ocr_carea' id='block_1_47' title="bbox 652 3292 1163 3347">
    <p class='ocr_par' dir='ltr' id='par_1_47' title="bbox 652 3292 1163 3347">
     <span class='ocr_line' id='line_1_47' title="bbox 652 3292 1163 3347; baseline 0.002 -2"><span class='ocrx_word' id='word_1_337' title='bbox 652 3292 1047 3346; x_wconf 81' lang='grc' dir='ltr'><strong>ΚΕΦΑΛΑΙΟΝ</strong></span> <span class='ocrx_word' id='word_1_338' title='bbox 1086 3292 1163 3347; x_wconf 80' lang='lat' dir='ltr'><strong>A’.</strong></span> 
     </span>
    </p>
   </div>
   <div class='ocr_carea' id='block_1_48' title="bbox 164 3403 1700 3474">
    <p class='ocr_par' dir='ltr' id='par_1_48' title="bbox 164 3403 1700 3474">
     <span class='ocr_line' id='line_1_48' title="bbox 164 3403 1700 3474; baseline -0.001 -16"><span class='ocrx_word' id='word_1_339' title='bbox 164 3404 287 3458; x_wconf 67' lang='grc' dir='ltr'><strong>Ἀπὸ</strong></span> <span class='ocrx_word' id='word_1_340' title='bbox 314 3405 417 3460; x_wconf 87' lang='grc' dir='ltr'><strong>τοῦ</strong></span> <span class='ocrx_word' id='word_1_341' title='bbox 460 3407 759 3474; x_wconf 80' lang='grc' dir='ltr'>Ἰερεμίου.</span> <span class='ocrx_word' id='word_1_342' title='bbox 778 3436 848 3446; x_wconf 88' lang='lat'><strong>——</strong></span> <span class='ocrx_word' id='word_1_343' title='bbox 875 3406 967 3471; x_wconf 85' lang='grc' dir='ltr'>Ὠς</span> <span class='ocrx_word' id='word_1_344' title='bbox 997 3404 1139 3471; x_wconf 79' lang='grc' dir='ltr'>Θεὸς</span> <span class='ocrx_word' id='word_1_345' title='bbox 1168 3406 1357 3474; x_wconf 72' lang='grc' dir='ltr'>Λόγος</span> <span class='ocrx_word' id='word_1_346' title='bbox 1382 3404 1594 3474; x_wconf 83' lang='grc' dir='ltr'>Κύριος</span> 
     </span>
    </p>
   </div>
   <div class='ocr_carea' id='block_1_49' title="bbox 214 3473 1700 3545">
    <p class='ocr_par' dir='ltr' id='par_1_49' title="bbox 214 3473 1700 3545">
     <span class='ocr_line' id='line_1_49' title="bbox 214 3473 1700 3545; baseline 0.001 -18"><span class='ocrx_word' id='word_1_347' title='bbox 214 3478 389 3545; x_wconf 71' lang='grc' dir='ltr'>Κυρίῳ</span> <span class='ocrx_word' id='word_1_348' title='bbox 427 3476 507 3541; x_wconf 85' lang='grc' dir='ltr'>τῷ</span> <span class='ocrx_word' id='word_1_349' title='bbox 556 3473 737 3544; x_wconf 83' lang='grc' dir='ltr'>Πατρὶ</span> <span class='ocrx_word' id='word_1_350' title='bbox 783 3475 976 3545; x_wconf 82' lang='grc' dir='ltr'><strong>εὐχὴν</strong></span> <span class='ocrx_word' id='word_1_351' title='bbox 1020 3473 1373 3545; x_wconf 46' lang='grc' dir='ltr'>ἀναπέμπει,</span> <span class='ocrx_word' id='word_1_352' title='bbox 1427 3473 1543 3543; x_wconf 79' lang='grc' dir='ltr'><strong>τὴν</strong></span> <span class='ocrx_word' id='word_1_353' title='bbox 1581 3473 1700 3545; x_wconf 79' lang='grc' dir='ltr'>τῶν</span> 
     </span>
    </p>
   </div>
   <div class='ocr_carea' id='block_1_50' title="bbox 213 3543 1631 3616">
    <p class='ocr_par' dir='ltr' id='par_1_50' title="bbox 213 3543 1631 3616">
     <span class='ocr_line' id='line_1_50' title="bbox 213 3543 1631 3616; baseline 0.004 -20"><span class='ocrx_word' id='word_1_354' title='bbox 213 3544 385 3599; x_wconf 72' lang='grc' dir='ltr'>ἐθνῶν</span> <span class='ocrx_word' id='word_1_355' title='bbox 408 3543 783 3616; x_wconf 59' lang='grc' dir='ltr'>ἐπιστροφὴν</span> <span class='ocrx_word' id='word_1_356' title='bbox 810 3543 1120 3607; x_wconf 71' lang='grc' dir='ltr'>θεσπίζων.</span> <span class='ocrx_word' id='word_1_357' title='bbox 1212 3543 1223 3545; x_wconf 60' lang='grc'><em>’</em></span> <span class='ocrx_word' id='word_1_358' title='bbox 1618 3543 1631 3555; x_wconf 83' lang='grc'><em>’</em></span> 
     </span>
    </p>
   </div>
   <div class='ocr_carea' id='block_1_51' title="bbox 219 3657 1699 3731">
    <p class='ocr_par' dir='ltr' id='par_1_51' title="bbox 219 3657 1699 3731">
     <span class='ocr_line' id='line_1_51' title="bbox 219 3657 1699 3731; baseline 0.001 -23"><span class='ocrx_word' id='word_1_359' title='bbox 219 3677 235 3708; x_wconf 86' lang='grc' dir='ltr'><strong>ι</strong></span> <span class='ocrx_word' id='word_1_360' title='bbox 261 3658 417 3731; x_wconf 78' lang='grc' dir='ltr'>Κύριε</span> <span class='ocrx_word' id='word_1_361' title='bbox 453 3661 486 3729; x_wconf 78' lang='grc' dir='ltr'>ἡ</span> <span class='ocrx_word' id='word_1_362' title='bbox 528 3659 677 3730; x_wconf 77' lang='grc' dir='ltr'>ἰσχύς</span> <span class='ocrx_word' id='word_1_363' title='bbox 714 3677 834 3730; x_wconf 89' lang='grc' dir='ltr'>μου,</span> <span class='ocrx_word' id='word_1_364' title='bbox 871 3658 964 3711; x_wconf 75' lang='grc' dir='ltr'>καὶ</span> <span class='ocrx_word' id='word_1_365' title='bbox 1001 3657 1222 3728; x_wconf 80' lang='grc' dir='ltr'>βοήθειά</span> <span class='ocrx_word' id='word_1_366' title='bbox 1257 3674 1379 3728; x_wconf 88' lang='grc' dir='ltr'>μου,</span> <span class='ocrx_word' id='word_1_367' title='bbox 1406 3658 1499 3711; x_wconf 76' lang='grc' dir='ltr'>καὶ</span> <span class='ocrx_word' id='word_1_368' title='bbox 1532 3674 1699 3711; x_wconf 88' lang='grc' dir='ltr'>κατα-</span> 
     </span>
    </p>
   </div>
   <div class='ocr_carea' id='block_1_52' title="bbox 158 3746 1700 3821">
    <p class='ocr_par' dir='ltr' id='par_1_52' title="bbox 158 3746 1700 3821">
     <span class='ocr_line' id='line_1_52' title="bbox 158 3746 1700 3821; baseline -0.005 -16"><span class='ocrx_word' id='word_1_369' title='bbox 158 3750 283 3820; x_wconf 71' lang='grc' dir='ltr'>φυγή</span> <span class='ocrx_word' id='word_1_370' title='bbox 318 3767 413 3820; x_wconf 84' lang='grc' dir='ltr'><strong>μου</strong></span> <span class='ocrx_word' id='word_1_371' title='bbox 445 3752 501 3803; x_wconf 86' lang='grc' dir='ltr'>ὲν</span> <span class='ocrx_word' id='word_1_372' title='bbox 535 3750 717 3821; x_wconf 70' lang='grc' dir='ltr'>ἡμέρᾳ</span> <span class='ocrx_word' id='word_1_373' title='bbox 750 3749 979 3819; x_wconf 73' lang='grc' dir='ltr'>θλίψεως</span> <span class='ocrx_word' id='word_1_374' title='bbox 1000 3790 1013 3813; x_wconf 92' lang='grc'><strong>,</strong></span> <span class='ocrx_word' id='word_1_375' title='bbox 1053 3747 1188 3819; x_wconf 83' lang='grc' dir='ltr'>πρὸς</span> <span class='ocrx_word' id='word_1_376' title='bbox 1222 3748 1281 3799; x_wconf 80' lang='grc' dir='ltr'><strong>σὲ</strong></span> <span class='ocrx_word' id='word_1_377' title='bbox 1318 3746 1445 3817; x_wconf 78' lang='grc' dir='ltr'>ἔθνη</span> <span class='ocrx_word' id='word_1_378' title='bbox 1481 3746 1700 3817; x_wconf 71' lang='grc' dir='ltr'>ἥξουσιν</span> 
     </span>
    </p>
   </div>
   <div class='ocr_carea' id='block_1_53' title="bbox 155 3828 1699 3912">
    <p class='ocr_par' dir='ltr' id='par_1_53' title="bbox 155 3828 1699 3912">
     <span class='ocr_line' id='line_1_53' title="bbox 155 3828 1699 3912; baseline 0.001 -22"><span class='ocrx_word' id='word_1_379' title='bbox 155 3840 237 3890; x_wconf 80' lang='grc' dir='ltr'>ἀπ’</span> <span class='ocrx_word' id='word_1_380' title='bbox 262 3842 479 3911; x_wconf 72' lang='grc' dir='ltr'>ἐσχάτου</span> <span class='ocrx_word' id='word_1_381' title='bbox 513 3842 613 3910; x_wconf 78' lang='grc' dir='ltr'>τῆς</span> <span class='ocrx_word' id='word_1_382' title='bbox 644 3842 764 3912; x_wconf 80' lang='grc' dir='ltr'>γῆς,</span> <span class='ocrx_word' id='word_1_383' title='bbox 791 3840 885 3893; x_wconf 79' lang='grc' dir='ltr'>καὶ</span> <span class='ocrx_word' id='word_1_384' title='bbox 913 3837 1151 3910; x_wconf 76' lang='grc' dir='ltr'>ὲροῦσιψ</span> <span class='ocrx_word' id='word_1_385' title='bbox 1187 3828 1285 3902; x_wconf 79' lang='grc' dir='ltr'>Ὧς</span> <span class='ocrx_word' id='word_1_386' title='bbox 1313 3837 1480 3909; x_wconf 78' lang='grc' dir='ltr'>ψευδῆ</span> <span class='ocrx_word' id='word_1_387' title='bbox 1541 3839 1699 3909; x_wconf 74' lang='grc' dir='ltr'>ἐκτή-</span> 
     </span>
    </p>
   </div>
   <div class='ocr_carea' id='block_1_54' title="bbox 157 3929 1699 4003">
    <p class='ocr_par' dir='ltr' id='par_1_54' title="bbox 157 3929 1699 4003">
     <span class='ocr_line' id='line_1_54' title="bbox 157 3929 1699 4003; baseline -0.001 -20"><span class='ocrx_word' id='word_1_388' title='bbox 157 3947 297 3984; x_wconf 83' lang='grc' dir='ltr'>σαντο</span> <span class='ocrx_word' id='word_1_389' title='bbox 333 3934 381 3985; x_wconf 88' lang='grc' dir='ltr'><strong>οί</strong></span> <span class='ocrx_word' id='word_1_390' title='bbox 425 3934 661 4003; x_wconf 87' lang='grc' dir='ltr'>πατέρες</span> <span class='ocrx_word' id='word_1_391' title='bbox 708 3933 863 4003; x_wconf 80' lang='grc' dir='ltr'>ἡμῶν</span> <span class='ocrx_word' id='word_1_392' title='bbox 912 3931 1124 3994; x_wconf 74' lang='grc' dir='ltr'>εἴδωλα,</span> <span class='ocrx_word' id='word_1_393' title='bbox 1178 3931 1272 3983; x_wconf 72' lang='grc' dir='ltr'>καὶ</span> <span class='ocrx_word' id='word_1_394' title='bbox 1315 3930 1415 3983; x_wconf 77' lang='grc' dir='ltr'>οὐκ</span> <span class='ocrx_word' id='word_1_395' title='bbox 1457 3929 1601 3983; x_wconf 75' lang='grc' dir='ltr'>ἐστιν</span> <span class='ocrx_word' id='word_1_396' title='bbox 1643 3930 1699 3981; x_wconf 78' lang='grc' dir='ltr'>ἐν</span> 
     </span>
    </p>
   </div>
   <div class='ocr_carea' id='block_1_55' title="bbox 157 4020 1697 4095">
    <p class='ocr_par' dir='ltr' id='par_1_55' title="bbox 157 4020 1697 4095">
     <span class='ocr_line' id='line_1_55' title="bbox 157 4020 1697 4095; baseline -0.001 -20"><span class='ocrx_word' id='word_1_397' title='bbox 157 4024 316 4087; x_wconf 68' lang='grc' dir='ltr'>αὺτοῖς</span> <span class='ocrx_word' id='word_1_398' title='bbox 361 4023 618 4093; x_wconf 85' lang='grc' dir='ltr'>ὠφέλεια.</span> <span class='ocrx_word' id='word_1_399' title='bbox 669 4025 732 4077; x_wconf 87' lang='grc' dir='ltr'>Εἰ</span> <span class='ocrx_word' id='word_1_400' title='bbox 773 4026 984 4095; x_wconf 82' lang='grc' dir='ltr'>ποιήσει</span> <span class='ocrx_word' id='word_1_401' title='bbox 1017 4023 1165 4093; x_wconf 79' lang='grc' dir='ltr'>αὐτῷ</span> <span class='ocrx_word' id='word_1_402' title='bbox 1204 4021 1490 4093; x_wconf 80' lang='grc' dir='ltr'>ἅνθρωπος</span> <span class='ocrx_word' id='word_1_403' title='bbox 1522 4020 1697 4083; x_wconf 79' lang='grc' dir='ltr'>θεοὺς,</span> 
     </span>
    </p>
   </div>
   <div class='ocr_carea' id='block_1_56' title="bbox 160 4108 1702 4181">
    <p class='ocr_par' dir='ltr' id='par_1_56' title="bbox 160 4108 1702 4181">
     <span class='ocr_line' id='line_1_56' title="bbox 160 4108 1702 4181; baseline -0.003 -15"><span class='ocrx_word' id='word_1_404' title='bbox 160 4114 238 4167; x_wconf 71' lang='grc' dir='ltr'>καὶ</span> <span class='ocrx_word' id='word_1_405' title='bbox 276 4108 409 4167; x_wconf 76' lang='grc' dir='ltr'>οὗτοι</span> <span class='ocrx_word' id='word_1_406' title='bbox 456 4115 557 4167; x_wconf 87' lang='grc' dir='ltr'><strong>ούκ</strong></span> <span class='ocrx_word' id='word_1_407' title='bbox 603 4114 708 4167; x_wconf 65' lang='grc' dir='ltr'>εἰσὶ</span> <span class='ocrx_word' id='word_1_408' title='bbox 759 4115 888 4168; x_wconf 86' lang='grc' dir='ltr'>θεοί.</span> <span class='ocrx_word' id='word_1_409' title='bbox 941 4116 1039 4167; x_wconf 78' lang='grc' dir='ltr'>Διά</span> <span class='ocrx_word' id='word_1_410' title='bbox 1086 4112 1245 4168; x_wconf 88' lang='grc' dir='ltr'>τοῦτο</span> <span class='ocrx_word' id='word_1_411' title='bbox 1298 4112 1406 4164; x_wconf 79' lang='grc' dir='ltr'>ἰδοὺ</span> <span class='ocrx_word' id='word_1_412' title='bbox 1449 4110 1557 4179; x_wconf 78' lang='grc' dir='ltr'><strong>ἐγὼ</strong></span> <span class='ocrx_word' id='word_1_413' title='bbox 1611 4110 1702 4181; x_wconf 86' lang='grc' dir='ltr'>δη-</span> 
     </span>
    </p>
   </div>
   <div class='ocr_carea' id='block_1_57' title="bbox 158 4203 1699 4278">
    <p class='ocr_par' dir='ltr' id='par_1_57' title="bbox 158 4203 1699 4278">
     <span class='ocr_line' id='line_1_57' title="bbox 158 4203 1699 4278; baseline -0.002 -21"><span class='ocrx_word' id='word_1_414' title='bbox 158 4204 291 4258; x_wconf 72' lang='grc' dir='ltr'>λώσω</span> <span class='ocrx_word' id='word_1_415' title='bbox 341 4207 521 4270; x_wconf 80' lang='grc' dir='ltr'>αὐτοῖς</span> <span class='ocrx_word' id='word_1_416' title='bbox 562 4208 619 4259; x_wconf 83' lang='grc' dir='ltr'>ὲν</span> <span class='ocrx_word' id='word_1_417' title='bbox 661 4205 739 4277; x_wconf 83' lang='grc' dir='ltr'>τῷ</span> <span class='ocrx_word' id='word_1_418' title='bbox 780 4206 956 4278; x_wconf 85' lang='grc' dir='ltr'>καιρῷ</span> <span class='ocrx_word' id='word_1_419' title='bbox 999 4206 1172 4275; x_wconf 83' lang='grc' dir='ltr'>τούτῳ</span> <span class='ocrx_word' id='word_1_420' title='bbox 1223 4204 1318 4275; x_wconf 82' lang='grc' dir='ltr'>τὴν</span> <span class='ocrx_word' id='word_1_421' title='bbox 1367 4203 1525 4273; x_wconf 81' lang='grc' dir='ltr'>χεῖρά</span> <span class='ocrx_word' id='word_1_422' title='bbox 1577 4219 1699 4273; x_wconf 87' lang='grc' dir='ltr'>μου,</span> 
     </span>
    </p>
   </div>
   <div class='ocr_carea' id='block_1_58' title="bbox 158 4293 1701 4371">
    <p class='ocr_par' dir='ltr' id='par_1_58' title="bbox 158 4293 1701 4371">
     <span class='ocr_line' id='line_1_58' title="bbox 158 4293 1701 4371; baseline -0.003 -22"><span class='ocrx_word' id='word_1_423' title='bbox 158 4298 236 4350; x_wconf 56' lang='grc' dir='ltr'><strong>καὶ</strong></span> <span class='ocrx_word' id='word_1_424' title='bbox 265 4300 470 4371; x_wconf 86' lang='grc' dir='ltr'>γνωριῶ</span> <span class='ocrx_word' id='word_1_425' title='bbox 506 4300 687 4362; x_wconf 80' lang='grc' dir='ltr'>αὐτοῖς</span> <span class='ocrx_word' id='word_1_426' title='bbox 720 4299 819 4369; x_wconf 83' lang='grc' dir='ltr'>τὴν</span> <span class='ocrx_word' id='word_1_427' title='bbox 858 4297 1084 4367; x_wconf 83' lang='grc' dir='ltr'>δύναμίν</span> <span class='ocrx_word' id='word_1_428' title='bbox 1116 4314 1238 4368; x_wconf 83' lang='grc' dir='ltr'>μου,</span> <span class='ocrx_word' id='word_1_429' title='bbox 1283 4297 1376 4348; x_wconf 62' lang='grc' dir='ltr'><strong>καλ⁸</strong></span> <span class='ocrx_word' id='word_1_430' title='bbox 1404 4293 1701 4364; x_wconf 85' lang='grc' dir='ltr'>γνώσονται</span> 
     </span>
    </p>
   </div>
   <div class='ocr_carea' id='block_1_59' title="bbox 155 4385 1703 4462">
    <p class='ocr_par' dir='ltr' id='par_1_59' title="bbox 155 4385 1703 4462">
     <span class='ocr_line' id='line_1_59' title="bbox 155 4385 1703 4462; baseline -0.002 -22"><span class='ocrx_word' id='word_1_431' title='bbox 155 4389 225 4440; x_wconf 77' lang='grc' dir='ltr'>ὅτι</span> <span class='ocrx_word' id='word_1_432' title='bbox 250 4389 348 4459; x_wconf 71' lang='grc' dir='ltr'><strong>ἐγὼ</strong></span> <span class='ocrx_word' id='word_1_433' title='bbox 374 4390 593 4461; x_wconf 83' lang='grc' dir='ltr'>Κύριος.</span> <span class='ocrx_word' id='word_1_434' title='bbox 631 4410 649 4441; x_wconf 77' lang='grc' dir='ltr'><strong>ι</strong></span> <span class='ocrx_word' id='word_1_435' title='bbox 681 4390 883 4462; x_wconf 84' lang='grc' dir='ltr'>Κύριος</span> <span class='ocrx_word' id='word_1_436' title='bbox 912 4390 1085 4460; x_wconf 77' lang='grc' dir='ltr'>ἑτέρῳ</span> <span class='ocrx_word' id='word_1_437' title='bbox 1115 4387 1333 4458; x_wconf 72' lang='grc' dir='ltr'>εὔχεται</span> <span class='ocrx_word' id='word_1_438' title='bbox 1376 4386 1585 4458; x_wconf 85' lang='grc' dir='ltr'>Κυρίῳ,</span> <span class='ocrx_word' id='word_1_439' title='bbox 1625 4385 1703 4456; x_wconf 79' lang='grc' dir='ltr'>τῷ</span> 
     </span>
    </p>
   </div>
   <div class='ocr_carea' id='block_1_60' title="bbox 159 4474 1703 4553">
    <p class='ocr_par' dir='ltr' id='par_1_60' title="bbox 159 4474 1703 4553">
     <span class='ocr_line' id='line_1_60' title="bbox 159 4474 1703 4553; baseline -0.002 -21"><span class='ocrx_word' id='word_1_440' title='bbox 159 4480 307 4552; x_wconf 71' lang='grc' dir='ltr'>Πατρὶ</span> <span class='ocrx_word' id='word_1_441' title='bbox 345 4483 546 4553; x_wconf 79' lang='grc' dir='ltr'>δηλαδὴ</span> <span class='ocrx_word' id='word_1_442' title='bbox 585 4483 678 4535; x_wconf 72' lang='grc' dir='ltr'>καὶ</span> <span class='ocrx_word' id='word_1_443' title='bbox 716 4481 834 4553; x_wconf 85' lang='grc' dir='ltr'>Θεῷ</span> <span class='ocrx_word' id='word_1_444' title='bbox 869 4481 978 4534; x_wconf 88' lang='grc' dir='ltr'><strong>τῶν</strong></span> <span class='ocrx_word' id='word_1_445' title='bbox 1016 4481 1174 4543; x_wconf 81' lang='grc' dir='ltr'>ὅλων,</span> <span class='ocrx_word' id='word_1_446' title='bbox 1213 4480 1270 4531; x_wconf 82' lang='grc' dir='ltr'>ὲν</span> <span class='ocrx_word' id='word_1_447' title='bbox 1297 4474 1377 4541; x_wconf 75' lang='grc' dir='ltr'>οἷς</span> <span class='ocrx_word' id='word_1_448' title='bbox 1404 4478 1703 4550; x_wconf 84' lang='grc' dir='ltr'>ἀρχόμενός</span> 
     </span>
    </p>
   </div>
   <div class='ocr_carea' id='block_1_61' title="bbox 158 4572 1703 4648">
    <p class='ocr_par' dir='ltr' id='par_1_61' title="bbox 158 4572 1703 4648">
     <span class='ocr_line' id='line_1_61' title="bbox 158 4572 1703 4648; baseline -0.002 -21"><span class='ocrx_word' id='word_1_449' title='bbox 158 4592 289 4646; x_wconf 77' lang='grc' dir='ltr'>φησι’</span> <span class='ocrx_word' id='word_1_450' title='bbox 315 4599 330 4627; x_wconf 75' lang='grc' dir='ltr'><strong>ι</strong></span> <span class='ocrx_word' id='word_1_451' title='bbox 356 4577 547 4648; x_wconf 81' lang='grc' dir='ltr'>Κύριε,</span> <span class='ocrx_word' id='word_1_452' title='bbox 577 4575 727 4645; x_wconf 62' lang='grc' dir='ltr'>ἰσχύς</span> <span class='ocrx_word' id='word_1_453' title='bbox 761 4592 914 4646; x_wconf 81' lang='grc' dir='ltr'>μου,ι</span> <span class='ocrx_word' id='word_1_454' title='bbox 944 4575 1036 4628; x_wconf 70' lang='grc' dir='ltr'>καὶ</span> <span class='ocrx_word' id='word_1_455' title='bbox 1054 4573 1123 4627; x_wconf 82' lang='grc' dir='ltr'><strong>τὰ</strong></span> <span class='ocrx_word' id='word_1_456' title='bbox 1144 4573 1289 4642; x_wconf 78' lang='grc' dir='ltr'><strong>ἑξῆς.</strong></span> <span class='ocrx_word' id='word_1_457' title='bbox 1317 4572 1510 4640; x_wconf 78' lang='grc' dir='ltr'>Σαφῶς</span> <span class='ocrx_word' id='word_1_458' title='bbox 1532 4572 1703 4643; x_wconf 75' lang='grc' dir='ltr'>δὲτὴν</span> 
     </span>
    </p>
   </div>
   <div class='ocr_carea' id='block_1_62' title="bbox 157 4662 1703 4738">
    <p class='ocr_par' dir='ltr' id='par_1_62' title="bbox 157 4662 1703 4738">
     <span class='ocr_line' id='line_1_62' title="bbox 157 4662 1703 4738; baseline -0.003 -19"><span class='ocrx_word' id='word_1_459' title='bbox 157 4668 245 4720; x_wconf 84' lang='grc' dir='ltr'><strong>τῶν</strong></span> <span class='ocrx_word' id='word_1_460' title='bbox 273 4668 435 4723; x_wconf 75' lang='grc' dir='ltr'>ἐθνῶν</span> <span class='ocrx_word' id='word_1_461' title='bbox 468 4672 531 4721; x_wconf 81' lang='grc' dir='ltr'>ὲκ</span> <span class='ocrx_word' id='word_1_462' title='bbox 569 4668 669 4738; x_wconf 75' lang='grc' dir='ltr'>τῆς</span> <span class='ocrx_word' id='word_1_463' title='bbox 712 4664 1088 4728; x_wconf 84' lang='grc' dir='ltr'>πολυπλανοῦς</span> <span class='ocrx_word' id='word_1_464' title='bbox 1130 4662 1566 4734; x_wconf 84' lang='grc' dir='ltr'>είδωλολατρείας</span> <span class='ocrx_word' id='word_1_465' title='bbox 1613 4664 1703 4716; x_wconf 76' lang='grc' dir='ltr'><strong>ἐπὶ</strong></span> 
     </span>
    </p>
   </div>
   <div class='ocr_carea' id='block_1_63' title="bbox 156 4757 1703 4831">
    <p class='ocr_par' dir='ltr' id='par_1_63' title="bbox 156 4757 1703 4831">
     <span class='ocr_line' id='line_1_63' title="bbox 156 4757 1703 4831; baseline -0.001 -20"><span class='ocrx_word' id='word_1_466' title='bbox 156 4762 237 4831; x_wconf 78' lang='grc' dir='ltr'>τὴν</span> <span class='ocrx_word' id='word_1_467' title='bbox 263 4765 335 4826; x_wconf 82' lang='grc' dir='ltr'>εἰς</span> <span class='ocrx_word' id='word_1_468' title='bbox 370 4763 459 4816; x_wconf 74' lang='grc' dir='ltr'><strong>τὸν</strong></span> <span class='ocrx_word' id='word_1_469' title='bbox 496 4762 628 4816; x_wconf 81' lang='grc' dir='ltr'>Θεὸν</span> <span class='ocrx_word' id='word_1_470' title='bbox 663 4760 945 4815; x_wconf 78' lang='grc' dir='ltr'>εὐσέϐειαν</span> <span class='ocrx_word' id='word_1_471' title='bbox 984 4757 1284 4831; x_wconf 81' lang='grc' dir='ltr'>μεταϐολὴν</span> <span class='ocrx_word' id='word_1_472' title='bbox 1314 4757 1575 4822; x_wconf 71' lang='grc' dir='ltr'>θεσπίζεισ</span> <span class='ocrx_word' id='word_1_473' title='bbox 1610 4758 1703 4810; x_wconf 72' lang='grc' dir='ltr'>καὶ</span> 
     </span>
    </p>
   </div>
   <div class='ocr_carea' id='block_1_64' title="bbox 155 4850 1702 4927">
    <p class='ocr_par' dir='ltr' id='par_1_64' title="bbox 155 4850 1702 4927">
     <span class='ocr_line' id='line_1_64' title="bbox 155 4850 1702 4927; baseline -0.002 -21"><span class='ocrx_word' id='word_1_474' title='bbox 155 4854 269 4926; x_wconf 72' lang='grc' dir='ltr'>αὕτη</span> <span class='ocrx_word' id='word_1_475' title='bbox 306 4856 358 4909; x_wconf 84' lang='grc' dir='ltr'>δὲ</span> <span class='ocrx_word' id='word_1_476' title='bbox 394 4858 427 4926; x_wconf 83' lang='grc' dir='ltr'><strong>ἡ</strong></span> <span class='ocrx_word' id='word_1_477' title='bbox 465 4855 771 4927; x_wconf 85' lang='grc' dir='ltr'>προφητεία</span> <span class='ocrx_word' id='word_1_478' title='bbox 820 4853 955 4925; x_wconf 84' lang='grc' dir='ltr'><strong>μετά</strong></span> <span class='ocrx_word' id='word_1_479' title='bbox 993 4852 1090 4923; x_wconf 79' lang='grc' dir='ltr'>τὴν</span> <span class='ocrx_word' id='word_1_480' title='bbox 1132 4854 1211 4915; x_wconf 86' lang='grc' dir='ltr'><strong>είς</strong></span> <span class='ocrx_word' id='word_1_481' title='bbox 1253 4850 1569 4923; x_wconf 81' lang='grc' dir='ltr'>ἀνθρώπους</span> <span class='ocrx_word' id='word_1_482' title='bbox 1608 4850 1702 4904; x_wconf 83' lang='grc' dir='ltr'><strong>τοῦ</strong></span> 
     </span>
    </p>
   </div>
   <div class='ocr_carea' id='block_1_65' title="bbox 155 4941 1703 5018">
    <p class='ocr_par' dir='ltr' id='par_1_65' title="bbox 155 4941 1703 5018">
     <span class='ocr_line' id='line_1_65' title="bbox 155 4941 1703 5018; baseline -0.003 -21"><span class='ocrx_word' id='word_1_483' title='bbox 155 4945 377 5018; x_wconf 75' lang='grc' dir='ltr'>Σωτῆρος</span> <span class='ocrx_word' id='word_1_484' title='bbox 415 4947 573 5017; x_wconf 81' lang='grc' dir='ltr'>ἡμῶν</span> <span class='ocrx_word' id='word_1_485' title='bbox 626 4945 800 5016; x_wconf 86' lang='grc' dir='ltr'>Ἰησοῦ</span> <span class='ocrx_word' id='word_1_486' title='bbox 847 4944 1084 5016; x_wconf 81' lang='grc' dir='ltr'>Χριστοῦ</span> <span class='ocrx_word' id='word_1_487' title='bbox 1130 4942 1429 5015; x_wconf 88' lang='grc' dir='ltr'>παρουσίαν</span> <span class='ocrx_word' id='word_1_488' title='bbox 1476 4941 1703 5011; x_wconf 74' lang='grc' dir='ltr'>ἐναργέ-</span> 
     </span>
    </p>
   </div>
   <div class='ocr_carea' id='block_1_66' title="bbox 158 5033 1704 5107">
    <p class='ocr_par' dir='ltr' id='par_1_66' title="bbox 158 5033 1704 5107">
     <span class='ocr_line' id='line_1_66' title="bbox 158 5033 1704 5107; baseline -0.002 -20"><span class='ocrx_word' id='word_1_489' title='bbox 158 5051 302 5089; x_wconf 85' lang='grc' dir='ltr'>στατα</span> <span class='ocrx_word' id='word_1_490' title='bbox 346 5039 619 5092; x_wconf 86' lang='grc' dir='ltr'>δείκνυται</span> <span class='ocrx_word' id='word_1_491' title='bbox 659 5035 1082 5107; x_wconf 82' lang='grc' dir='ltr'>πεπληρωμένη.</span> <span class='ocrx_word' id='word_1_492' title='bbox 1127 5033 1285 5086; x_wconf 77' lang='grc' dir='ltr'>Ἀλλά</span> <span class='ocrx_word' id='word_1_493' title='bbox 1323 5034 1429 5104; x_wconf 86' lang='grc' dir='ltr'>γὰρ</span> <span class='ocrx_word' id='word_1_494' title='bbox 1470 5034 1537 5086; x_wconf 73' lang='grc' dir='ltr'>δι’</span> <span class='ocrx_word' id='word_1_495' title='bbox 1569 5033 1704 5086; x_wconf 83' lang='grc' dir='ltr'>ὅλων</span> 
     </span>
    </p>
   </div>
   <div class='ocr_carea' id='block_1_67' title="bbox 156 5124 1706 5202">
    <p class='ocr_par' dir='ltr' id='par_1_67' title="bbox 156 5124 1706 5202">
     <span class='ocr_line' id='line_1_67' title="bbox 156 5124 1706 5202; baseline -0.002 -22"><span class='ocrx_word' id='word_1_496' title='bbox 156 5130 417 5199; x_wconf 79' lang='grc' dir='ltr'>τριάκοντα</span> <span class='ocrx_word' id='word_1_497' title='bbox 438 5128 793 5202; x_wconf 80' lang='grc' dir='ltr'>προφητικῶν</span> <span class='ocrx_word' id='word_1_498' title='bbox 816 5128 1125 5197; x_wconf 83' lang='grc' dir='ltr'>κεφαλαίων</span> <span class='ocrx_word' id='word_1_499' title='bbox 1146 5127 1394 5198; x_wconf 76' lang='grc' dir='ltr'>δεύτερον</span> <span class='ocrx_word' id='word_1_500' title='bbox 1412 5126 1544 5178; x_wconf 82' lang='grc' dir='ltr'>Θεὸν</span> <span class='ocrx_word' id='word_1_501' title='bbox 1568 5124 1706 5196; x_wconf 80' lang='grc' dir='ltr'>μετὰ</span> 
     </span>
    </p>
   </div>
   <div class='ocr_carea' id='block_1_68' title="bbox 158 5218 1705 5290">
    <p class='ocr_par' dir='ltr' id='par_1_68' title="bbox 158 5218 1705 5290">
     <span class='ocr_line' id='line_1_68' title="bbox 158 5218 1705 5290; baseline 0 -19"><span class='ocrx_word' id='word_1_502' title='bbox 158 5221 231 5274; x_wconf 78' lang='grc' dir='ltr'>τὸν</span> <span class='ocrx_word' id='word_1_503' title='bbox 266 5224 516 5277; x_wconf 80' lang='grc' dir='ltr'>ἀνωτάτω</span> <span class='ocrx_word' id='word_1_504' title='bbox 553 5222 647 5274; x_wconf 67' lang='grc' dir='ltr'>καὶ</span> <span class='ocrx_word' id='word_1_505' title='bbox 680 5223 772 5274; x_wconf 82' lang='grc' dir='ltr'>ἐπί</span> <span class='ocrx_word' id='word_1_506' title='bbox 798 5222 950 5283; x_wconf 76' lang='grc' dir='ltr'>πᾶσι,</span> <span class='ocrx_word' id='word_1_507' title='bbox 979 5220 1068 5272; x_wconf 82' lang='grc' dir='ltr'>τὸν</span> <span class='ocrx_word' id='word_1_508' title='bbox 1105 5220 1333 5290; x_wconf 82' lang='grc' dir='ltr'>Σωτῆρα</span> <span class='ocrx_word' id='word_1_509' title='bbox 1370 5218 1463 5270; x_wconf 76' lang='grc' dir='ltr'>καὶ</span> <span class='ocrx_word' id='word_1_510' title='bbox 1502 5218 1705 5289; x_wconf 82' lang='grc' dir='ltr'>Κύριον</span> 
     </span>
    </p>
   </div>
   <div class='ocr_carea' id='block_1_69' title="bbox 159 5309 1704 5382">
    <p class='ocr_par' dir='ltr' id='par_1_69' title="bbox 159 5309 1704 5382">
     <span class='ocr_line' id='line_1_69' title="bbox 159 5309 1704 5382; baseline -0.003 -15"><span class='ocrx_word' id='word_1_511' title='bbox 159 5314 289 5381; x_wconf 70' lang='grc' dir='ltr'>ἡμῶν</span> <span class='ocrx_word' id='word_1_512' title='bbox 307 5314 393 5367; x_wconf 79' lang='grc' dir='ltr'>τὸν</span> <span class='ocrx_word' id='word_1_513' title='bbox 414 5312 508 5368; x_wconf 84' lang='grc' dir='ltr'><strong>τοῦ</strong></span> <span class='ocrx_word' id='word_1_514' title='bbox 531 5312 666 5367; x_wconf 85' lang='grc' dir='ltr'>Θεοῦ</span> <span class='ocrx_word' id='word_1_515' title='bbox 690 5313 860 5381; x_wconf 85' lang='grc' dir='ltr'>Λόγον</span> <span class='ocrx_word' id='word_1_516' title='bbox 886 5309 1024 5365; x_wconf 79' lang='grc' dir='ltr'>εἶναι</span> <span class='ocrx_word' id='word_1_517' title='bbox 1052 5311 1448 5382; x_wconf 87' lang='grc' dir='ltr'>μεμαθηκότες,</span> <span class='ocrx_word' id='word_1_518' title='bbox 1483 5312 1567 5379; x_wconf 79' lang='grc' dir='ltr'><strong>ἐφ’</strong></span> <span class='ocrx_word' id='word_1_519' title='bbox 1589 5310 1704 5363; x_wconf 82' lang='grc' dir='ltr'>ἑτέ-</span> 
     </span>
    </p>
   </div>
   <div class='ocr_carea' id='block_1_70' title="bbox 164 5405 1709 5478">
    <p class='ocr_par' dir='ltr' id='par_1_70' title="bbox 164 5405 1709 5478">
     <span class='ocr_line' id='line_1_70' title="bbox 164 5405 1709 5478; baseline 0.001 -19"><span class='ocrx_word' id='word_1_520' title='bbox 164 5424 243 5475; x_wconf 80' lang='grc' dir='ltr'><strong>ραν</strong></span> <span class='ocrx_word' id='word_1_521' title='bbox 270 5409 364 5478; x_wconf 79' lang='grc' dir='ltr'>τῆς</span> <span class='ocrx_word' id='word_1_522' title='bbox 406 5408 551 5463; x_wconf 87' lang='grc' dir='ltr'><strong>κατά</strong></span> <span class='ocrx_word' id='word_1_523' title='bbox 587 5409 749 5462; x_wconf 81' lang='grc' dir='ltr'>αὑτὸν</span> <span class='ocrx_word' id='word_1_524' title='bbox 781 5408 1091 5477; x_wconf 82' lang='grc' dir='ltr'>οἰκονομίας</span> <span class='ocrx_word' id='word_1_525' title='bbox 1126 5406 1378 5459; x_wconf 83' lang='grc' dir='ltr'>ὑπόθεσιν</span> <span class='ocrx_word' id='word_1_526' title='bbox 1409 5405 1709 5477; x_wconf 85' lang='grc' dir='ltr'>μεταϐησό-</span> 
     </span>
    </p>
   </div>
   <div class='ocr_carea' id='block_1_71' title="bbox 168 5498 1707 5573">
    <p class='ocr_par' dir='ltr' id='par_1_71' title="bbox 168 5498 1707 5573">
     <span class='ocr_line' id='line_1_71' title="bbox 168 5498 1707 5573; baseline -0.001 -20"><span class='ocrx_word' id='word_1_527' title='bbox 168 5500 299 5566; x_wconf 80' lang='grc' dir='ltr'>μεθα,</span> <span class='ocrx_word' id='word_1_528' title='bbox 319 5503 476 5556; x_wconf 81' lang='grc' dir='ltr'>αὐτὸν</span> <span class='ocrx_word' id='word_1_529' title='bbox 499 5502 565 5573; x_wconf 85' lang='grc' dir='ltr'>δὴ</span> <span class='ocrx_word' id='word_1_530' title='bbox 588 5502 773 5555; x_wconf 89' lang='grc' dir='ltr'>τοῦτον</span> <span class='ocrx_word' id='word_1_531' title='bbox 800 5501 929 5554; x_wconf 76' lang='grc' dir='ltr'>Θεὸν</span> <span class='ocrx_word' id='word_1_532' title='bbox 952 5503 1031 5559; x_wconf 84' lang='grc' dir='ltr'>εἰς</span> <span class='ocrx_word' id='word_1_533' title='bbox 1053 5499 1371 5571; x_wconf 84' lang='grc' dir='ltr'>ἀνθρώπους</span> <span class='ocrx_word' id='word_1_534' title='bbox 1396 5498 1707 5551; x_wconf 79' lang='grc' dir='ltr'>ἐλεύσεσθαι</span> 
     </span>
    </p>
   </div>
   <div class='ocr_carea' id='block_1_72' title="bbox 164 5589 1707 5663">
    <p class='ocr_par' dir='ltr' id='par_1_72' title="bbox 164 5589 1707 5663">
     <span class='ocr_line' id='line_1_72' title="bbox 164 5589 1707 5663; baseline 0.001 -22"><span class='ocrx_word' id='word_1_535' title='bbox 164 5589 270 5647; x_wconf 80' lang='grc' dir='ltr'>δ;ῖν.</span> <span class='ocrx_word' id='word_1_536' title='bbox 317 5596 376 5646; x_wconf 76' lang='grc' dir='ltr'>ἐκ</span> <span class='ocrx_word' id='word_1_537' title='bbox 420 5593 529 5646; x_wconf 84' lang='grc' dir='ltr'><strong>τῶν</strong></span> <span class='ocrx_word' id='word_1_538' title='bbox 573 5592 751 5646; x_wconf 81' lang='grc' dir='ltr'>αὐτῶν</span> <span class='ocrx_word' id='word_1_539' title='bbox 796 5591 947 5663; x_wconf 82' lang='grc' dir='ltr'><strong>παρά</strong></span> <span class='ocrx_word' id='word_1_540' title='bbox 989 5590 1256 5660; x_wconf 78' lang='grc' dir='ltr'>Ἑϐραίοις</span> <span class='ocrx_word' id='word_1_541' title='bbox 1301 5590 1462 5661; x_wconf 79' lang='grc' dir='ltr'>ἱερῶν</span> <span class='ocrx_word' id='word_1_542' title='bbox 1512 5589 1707 5659; x_wconf 83' lang='grc' dir='ltr'>βίϐλων</span> 
     </span>
    </p>
   </div>
   <div class='ocr_carea' id='block_1_73' title="bbox 169 5686 507 5753">
    <p class='ocr_par' dir='ltr' id='par_1_73' title="bbox 169 5686 507 5753">
     <span class='ocr_line' id='line_1_73' title="bbox 169 5686 507 5753; baseline 0.015 -23"><span class='ocrx_word' id='word_1_543' title='bbox 169 5686 507 5753; x_wconf 72' lang='grc' dir='ltr'>συπήσοντες.</span> 
     </span>
    </p>
   </div>
   <div class='ocr_carea' id='block_1_74' title="bbox 1800 2056 3371 2129">
    <p class='ocr_par' dir='ltr' id='par_1_74' title="bbox 1800 2056 3371 2129">
     <span class='ocr_line' id='line_1_74' title="bbox 1800 2056 3371 2129; baseline -0.01 -5"><span class='ocrx_word' id='word_1_544' title='bbox 1800 2084 1997 2124; x_wconf 88' lang='lat' dir='ltr'><strong>nomen</strong></span> <span class='ocrx_word' id='word_1_545' title='bbox 2029 2083 2186 2124; x_wconf 91' lang='lat' dir='ltr'><strong>suum</strong></span> <span class='ocrx_word' id='word_1_546' title='bbox 2219 2064 2553 2129; x_wconf 90' lang='lat' dir='ltr'><strong>timentibus,</strong></span> <span class='ocrx_word' id='word_1_547' title='bbox 2588 2070 2646 2115; x_wconf 88' lang='lat' dir='ltr'><strong>ut</strong></span> <span class='ocrx_word' id='word_1_548' title='bbox 2677 2059 2757 2115; x_wconf 91' lang='lat' dir='ltr'><strong>sic</strong></span> <span class='ocrx_word' id='word_1_549' title='bbox 2784 2059 2891 2114; x_wconf 91' lang='lat' dir='ltr'><strong>illis</strong></span> <span class='ocrx_word' id='word_1_550' title='bbox 2916 2056 3128 2112; x_wconf 87' lang='lat' dir='ltr'><strong>timoris</strong></span> <span class='ocrx_word' id='word_1_551' title='bbox 3156 2069 3283 2125; x_wconf 90' lang='lat' dir='ltr'><strong>erga</strong></span> <span class='ocrx_word' id='word_1_552' title='bbox 3312 2068 3371 2109; x_wconf 88' lang='lat' dir='ltr'><strong>se</strong></span> 
     </span>
    </p>
   </div>
   <div class='ocr_carea' id='block_1_75' title="bbox 1802 2146 3371 2231">
    <p class='ocr_par' dir='ltr' id='par_1_75' title="bbox 1802 2146 3371 2231">
     <span class='ocr_line' id='line_1_75' title="bbox 1802 2146 3371 2231; baseline -0.009 -16"><span class='ocrx_word' id='word_1_553' title='bbox 1802 2160 2103 2231; x_wconf 71' lang='lat' dir='ltr'><strong>prremium,</strong></span> <span class='ocrx_word' id='word_1_554' title='bbox 2136 2158 2268 2214; x_wconf 90' lang='lat' dir='ltr'><strong>solis</strong></span> <span class='ocrx_word' id='word_1_555' title='bbox 2302 2157 2530 2227; x_wconf 78' lang='lat' dir='ltr'><strong>justitiae</strong></span> <span class='ocrx_word' id='word_1_556' title='bbox 2558 2155 2647 2208; x_wconf 86' lang='lat' dir='ltr'><strong>det</strong></span> <span class='ocrx_word' id='word_1_557' title='bbox 2683 2153 2886 2206; x_wconf 87' lang='lat' dir='ltr'><strong>lumen.</strong></span> <span class='ocrx_word' id='word_1_558' title='bbox 2924 2150 3038 2205; x_wconf 90' lang='lat' dir='ltr'><strong>Erit</strong></span> <span class='ocrx_word' id='word_1_559' title='bbox 3070 2156 3248 2203; x_wconf 91' lang='lat' dir='ltr'><strong>autem</strong></span> <span class='ocrx_word' id='word_1_560' title='bbox 3280 2146 3371 2202; x_wconf 91' lang='lat' dir='ltr'><strong>hic</strong></span> 
     </span>
    </p>
   </div>
   <div class='ocr_carea' id='block_1_76' title="bbox 1801 2241 3370 2319">
    <p class='ocr_par' dir='ltr' id='par_1_76' title="bbox 1801 2241 3370 2319">
     <span class='ocr_line' id='line_1_76' title="bbox 1801 2241 3370 2319; baseline -0.008 -14"><span class='ocrx_word' id='word_1_561' title='bbox 1801 2253 1944 2308; x_wconf 90' lang='lat' dir='ltr'><strong>Deus</strong></span> <span class='ocrx_word' id='word_1_562' title='bbox 1978 2250 2238 2315; x_wconf 83' lang='lat' dir='ltr'><strong>Verbum,</strong></span> <span class='ocrx_word' id='word_1_563' title='bbox 2272 2264 2304 2302; x_wconf 85' lang='lat' dir='ltr'><strong>a</strong></span> <span class='ocrx_word' id='word_1_564' title='bbox 2330 2263 2439 2319; x_wconf 87' lang='lat' dir='ltr'><strong>quo</strong></span> <span class='ocrx_word' id='word_1_565' title='bbox 2473 2247 2604 2302; x_wconf 91' lang='lat' dir='ltr'><strong>illud</strong></span> <span class='ocrx_word' id='word_1_566' title='bbox 2645 2245 2851 2299; x_wconf 89' lang='lat' dir='ltr'><strong>dictum</strong></span> <span class='ocrx_word' id='word_1_567' title='bbox 2886 2255 2971 2297; x_wconf 85' lang='lat' dir='ltr'><strong>est</strong></span> <span class='ocrx_word' id='word_1_568' title='bbox 3003 2261 3017 2297; x_wconf 89' lang='lat'><strong>:</strong></span> <span class='ocrx_word' id='word_1_569' title='bbox 3049 2260 3067 2293; x_wconf 80' lang='grc' dir='ltr'><strong>ι</strong></span> <span class='ocrx_word' id='word_1_570' title='bbox 3108 2241 3220 2313; x_wconf 87' lang='lat' dir='ltr'><strong>Ego</strong></span> <span class='ocrx_word' id='word_1_571' title='bbox 3250 2254 3370 2295; x_wconf 92' lang='lat' dir='ltr'><strong>sum</strong></span> 
     </span>
    </p>
   </div>
   <div class='ocr_carea' id='block_1_77' title="bbox 1799 2334 3373 2411">
    <p class='ocr_par' dir='ltr' id='par_1_77' title="bbox 1799 2334 3373 2411">
     <span class='ocr_line' id='line_1_77' title="bbox 1799 2334 3373 2411; baseline -0.007 -12"><span class='ocrx_word' id='word_1_572' title='bbox 1799 2345 1889 2399; x_wconf 80' lang='lat' dir='ltr'><strong>lux</strong></span> <span class='ocrx_word' id='word_1_573' title='bbox 1923 2342 2168 2405; x_wconf 63' lang='lat' dir='ltr'><strong>mundi“,</strong></span> <span class='ocrx_word' id='word_1_574' title='bbox 2195 2356 2315 2411; x_wconf 70' lang='lat' dir='ltr'><strong>quae</strong></span> <span class='ocrx_word' id='word_1_575' title='bbox 2342 2348 2459 2395; x_wconf 90' lang='lat' dir='ltr'><strong>erat</strong></span> <span class='ocrx_word' id='word_1_576' title='bbox 2489 2340 2579 2393; x_wconf 76' lang='lat' dir='ltr'><strong>lux</strong></span> <span class='ocrx_word' id='word_1_577' title='bbox 2609 2338 2925 2394; x_wconf 85' lang='lat' dir='ltr'><strong>illuminans</strong></span> <span class='ocrx_word' id='word_1_578' title='bbox 2951 2352 3166 2392; x_wconf 88' lang='lat' dir='ltr'><strong>omnem</strong></span> <span class='ocrx_word' id='word_1_579' title='bbox 3198 2334 3373 2390; x_wconf 90' lang='lat' dir='ltr'><strong>homi-</strong></span> 
     </span>
    </p>
   </div>
   <div class='ocr_carea' id='block_1_78' title="bbox 1798 2426 3374 2494">
    <p class='ocr_par' dir='ltr' id='par_1_78' title="bbox 1798 2426 3374 2494">
     <span class='ocr_line' id='line_1_78' title="bbox 1798 2426 3374 2494; baseline -0.006 -3"><span class='ocrx_word' id='word_1_580' title='bbox 1798 2451 1922 2491; x_wconf 90' lang='lat' dir='ltr'><strong>nem</strong></span> <span class='ocrx_word' id='word_1_581' title='bbox 1960 2433 2263 2490; x_wconf 77' lang='lat' dir='ltr'><strong>venientem</strong></span> <span class='ocrx_word' id='word_1_582' title='bbox 2308 2432 2362 2485; x_wconf 92' lang='lat' dir='ltr'><strong>in</strong></span> <span class='ocrx_word' id='word_1_583' title='bbox 2406 2431 2552 2484; x_wconf 90' lang='lat' dir='ltr'><strong>hunc</strong></span> <span class='ocrx_word' id='word_1_584' title='bbox 2583 2429 2843 2482; x_wconf 90' lang='lat' dir='ltr'><strong>mundum</strong></span> <span class='ocrx_word' id='word_1_585' title='bbox 2864 2429 2906 2481; x_wconf 74' lang='lat'><strong>’.</strong></span> <span class='ocrx_word' id='word_1_586' title='bbox 2940 2448 2958 2481; x_wconf 77' lang='grc' dir='ltr'><strong>ι</strong></span> <span class='ocrx_word' id='word_1_587' title='bbox 2998 2426 3149 2483; x_wconf 85' lang='lat' dir='ltr'><strong>Hanc</strong></span> <span class='ocrx_word' id='word_1_588' title='bbox 3190 2427 3374 2494; x_wconf 88' lang='lat' dir='ltr'><strong>itaque</strong></span> 
     </span>
    </p>
   </div>
   <div class='ocr_carea' id='block_1_79' title="bbox 1800 2517 3369 2589">
    <p class='ocr_par' dir='ltr' id='par_1_79' title="bbox 1800 2517 3369 2589">
     <span class='ocr_line' id='line_1_79' title="bbox 1800 2517 3369 2589; baseline -0.008 -6"><span class='ocrx_word' id='word_1_589' title='bbox 1800 2528 1997 2589; x_wconf 88' lang='lat' dir='ltr'><strong>lucem,</strong></span> <span class='ocrx_word' id='word_1_590' title='bbox 2033 2540 2140 2579; x_wconf 90' lang='lat' dir='ltr'><strong>non</strong></span> <span class='ocrx_word' id='word_1_591' title='bbox 2173 2531 2355 2578; x_wconf 90' lang='lat' dir='ltr'><strong>autem</strong></span> <span class='ocrx_word' id='word_1_592' title='bbox 2383 2523 2532 2576; x_wconf 87' lang='lat' dir='ltr'><strong>illum</strong></span> <span class='ocrx_word' id='word_1_593' title='bbox 2566 2520 2880 2575; x_wconf 85' lang='lat' dir='ltr'><strong>sensibilem</strong></span> <span class='ocrx_word' id='word_1_594' title='bbox 2914 2527 2967 2575; x_wconf 92' lang='lat' dir='ltr'><strong>et</strong></span> <span class='ocrx_word' id='word_1_595' title='bbox 2997 2517 3369 2583; x_wconf 83' lang='lat' dir='ltr'><strong>manifestum,</strong></span> 
     </span>
    </p>
   </div>
   <div class='ocr_carea' id='block_1_80' title="bbox 1800 2613 3375 2681">
    <p class='ocr_par' dir='ltr' id='par_1_80' title="bbox 1800 2613 3375 2681">
     <span class='ocr_line' id='line_1_80' title="bbox 1800 2613 3375 2681; baseline -0.007 -5"><span class='ocrx_word' id='word_1_596' title='bbox 1800 2631 1853 2676; x_wconf 91' lang='lat' dir='ltr'><strong>et</strong></span> <span class='ocrx_word' id='word_1_597' title='bbox 1890 2617 2250 2673; x_wconf 85' lang='lat' dir='ltr'><strong>rationalibus</strong></span> <span class='ocrx_word' id='word_1_598' title='bbox 2280 2625 2334 2669; x_wconf 91' lang='lat' dir='ltr'><strong>et</strong></span> <span class='ocrx_word' id='word_1_599' title='bbox 2372 2615 2549 2670; x_wconf 87' lang='lat' dir='ltr'><strong>brutis</strong></span> <span class='ocrx_word' id='word_1_600' title='bbox 2579 2614 2771 2678; x_wconf 87' lang='lat' dir='ltr'><strong>solem,</strong></span> <span class='ocrx_word' id='word_1_601' title='bbox 2812 2613 2905 2668; x_wconf 91' lang='lat' dir='ltr'><strong>sed</strong></span> <span class='ocrx_word' id='word_1_602' title='bbox 2937 2613 3178 2667; x_wconf 90' lang='lat' dir='ltr'><strong>divinum</strong></span> <span class='ocrx_word' id='word_1_603' title='bbox 3212 2620 3375 2681; x_wconf 85' lang='lat' dir='ltr'><strong>atque</strong></span> 
     </span>
    </p>
   </div>
   <div class='ocr_carea' id='block_1_81' title="bbox 1799 2706 3372 2781">
    <p class='ocr_par' dir='ltr' id='par_1_81' title="bbox 1799 2706 3372 2781">
     <span class='ocr_line' id='line_1_81' title="bbox 1799 2706 3372 2781; baseline -0.006 -14"><span class='ocrx_word' id='word_1_604' title='bbox 1799 2712 2212 2781; x_wconf 85' lang='lat' dir='ltr'><strong>intelligentem,</strong></span> <span class='ocrx_word' id='word_1_605' title='bbox 2230 2716 2285 2763; x_wconf 91' lang='lat' dir='ltr'><strong>et</strong></span> <span class='ocrx_word' id='word_1_606' title='bbox 2301 2709 2479 2762; x_wconf 92' lang='lat' dir='ltr'><strong>omnis</strong></span> <span class='ocrx_word' id='word_1_607' title='bbox 2502 2707 2718 2761; x_wconf 84' lang='lat' dir='ltr'><strong>virtutis</strong></span> <span class='ocrx_word' id='word_1_608' title='bbox 2745 2722 2808 2761; x_wconf 91' lang='lat' dir='ltr'><strong>ac</strong></span> <span class='ocrx_word' id='word_1_609' title='bbox 2834 2706 3063 2776; x_wconf 65' lang='lat' dir='ltr'><strong>iustitiae</strong></span> <span class='ocrx_word' id='word_1_610' title='bbox 3094 2712 3372 2760; x_wconf 88' lang='lat' dir='ltr'><strong>auctorem</strong></span> 
     </span>
    </p>
   </div>
   <div class='ocr_carea' id='block_1_82' title="bbox 1801 2796 3376 2873">
    <p class='ocr_par' dir='ltr' id='par_1_82' title="bbox 1801 2796 3376 2873">
     <span class='ocr_line' id='line_1_82' title="bbox 1801 2796 3376 2873; baseline -0.007 -13"><span class='ocrx_word' id='word_1_611' title='bbox 1801 2805 1935 2860; x_wconf 87' lang='lat' dir='ltr'><strong>solis</strong></span> <span class='ocrx_word' id='word_1_612' title='bbox 1975 2805 2154 2873; x_wconf 92' lang='lat' dir='ltr'><strong>ipsum</strong></span> <span class='ocrx_word' id='word_1_613' title='bbox 2201 2801 2518 2857; x_wconf 89' lang='lat' dir='ltr'><strong>timentibus</strong></span> <span class='ocrx_word' id='word_1_614' title='bbox 2566 2801 2860 2863; x_wconf 90' lang='lat' dir='ltr'><strong>oriturum,</strong></span> <span class='ocrx_word' id='word_1_615' title='bbox 2899 2800 2953 2853; x_wconf 92' lang='lat' dir='ltr'><strong>in</strong></span> <span class='ocrx_word' id='word_1_616' title='bbox 3000 2798 3256 2869; x_wconf 64' lang='lat' dir='ltr'><strong>prmsenti</strong></span> <span class='ocrx_word' id='word_1_617' title='bbox 3299 2796 3376 2849; x_wconf 87' lang='lat' dir='ltr'><strong>ait</strong></span> 
     </span>
    </p>
   </div>
   <div class='ocr_carea' id='block_1_83' title="bbox 1802 2887 3375 2964">
    <p class='ocr_par' dir='ltr' id='par_1_83' title="bbox 1802 2887 3375 2964">
     <span class='ocr_line' id='line_1_83' title="bbox 1802 2887 3375 2964; baseline -0.007 -13"><span class='ocrx_word' id='word_1_618' title='bbox 1802 2897 1967 2964; x_wconf 89' lang='lat' dir='ltr'><strong>Deus,</strong></span> <span class='ocrx_word' id='word_1_619' title='bbox 2001 2899 2152 2951; x_wconf 93' lang='lat' dir='ltr'><strong>illum</strong></span> <span class='ocrx_word' id='word_1_620' title='bbox 2185 2895 2253 2950; x_wconf 92' lang='lat' dir='ltr'><strong>iis</strong></span> <span class='ocrx_word' id='word_1_621' title='bbox 2303 2893 2517 2948; x_wconf 87' lang='lat' dir='ltr'><strong>interim</strong></span> <span class='ocrx_word' id='word_1_622' title='bbox 2553 2892 2859 2953; x_wconf 90' lang='lat' dir='ltr'><strong>occultans,</strong></span> <span class='ocrx_word' id='word_1_623' title='bbox 2897 2891 2989 2960; x_wconf 89' lang='lat' dir='ltr'><strong>qui</strong></span> <span class='ocrx_word' id='word_1_624' title='bbox 3021 2891 3116 2944; x_wconf 93' lang='lat' dir='ltr'><strong>illo</strong></span> <span class='ocrx_word' id='word_1_625' title='bbox 3165 2887 3375 2958; x_wconf 90' lang='lat' dir='ltr'><strong>indigni</strong></span> 
     </span>
    </p>
   </div>
   <div class='ocr_carea' id='block_1_84' title="bbox 1802 2977 3376 3059">
    <p class='ocr_par' dir='ltr' id='par_1_84' title="bbox 1802 2977 3376 3059">
     <span class='ocr_line' id='line_1_84' title="bbox 1802 2977 3376 3059; baseline -0.008 -15"><span class='ocrx_word' id='word_1_626' title='bbox 1802 2989 1933 3054; x_wconf 89' lang='lat' dir='ltr'><strong>sint,</strong></span> <span class='ocrx_word' id='word_1_627' title='bbox 1965 2989 2034 3043; x_wconf 91' lang='lat' dir='ltr'><strong>de</strong></span> <span class='ocrx_word' id='word_1_628' title='bbox 2062 2988 2265 3059; x_wconf 86' lang='lat' dir='ltr'><strong>quibus</strong></span> <span class='ocrx_word' id='word_1_629' title='bbox 2302 2985 2466 3040; x_wconf 89' lang='lat' dir='ltr'><strong>etiam</strong></span> <span class='ocrx_word' id='word_1_630' title='bbox 2498 2984 2627 3038; x_wconf 88' lang='lat' dir='ltr'><strong>alibi</strong></span> <span class='ocrx_word' id='word_1_631' title='bbox 2666 2983 2835 3038; x_wconf 86' lang='lat' dir='ltr'><strong>dicit:</strong></span> <span class='ocrx_word' id='word_1_632' title='bbox 2872 3000 2891 3034; x_wconf 77' lang='grc' dir='ltr'><strong>ι</strong></span> <span class='ocrx_word' id='word_1_633' title='bbox 2929 2981 2995 3036; x_wconf 82' lang='lat' dir='ltr'><strong>Et</strong></span> <span class='ocrx_word' id='word_1_634' title='bbox 3033 2980 3245 3037; x_wconf 90' lang='lat' dir='ltr'><strong>occidet</strong></span> <span class='ocrx_word' id='word_1_635' title='bbox 3292 2977 3376 3032; x_wconf 79' lang='lat' dir='ltr'><strong>sol</strong></span> 
     </span>
    </p>
   </div>
   <div class='ocr_carea' id='block_1_85' title="bbox 1802 3069 3363 3153">
    <p class='ocr_par' dir='ltr' id='par_1_85' title="bbox 1802 3069 3363 3153">
     <span class='ocr_line' id='line_1_85' title="bbox 1802 3069 3363 3153; baseline -0.01 -16"><span class='ocrx_word' id='word_1_636' title='bbox 1802 3097 1966 3153; x_wconf 83' lang='lat' dir='ltr'><strong>super</strong></span> <span class='ocrx_word' id='word_1_637' title='bbox 1984 3080 2297 3151; x_wconf 78' lang='lat' dir='ltr'><strong>prophetas,</strong></span> <span class='ocrx_word' id='word_1_638' title='bbox 2331 3078 2424 3149; x_wconf 92' lang='lat' dir='ltr'><strong>qui</strong></span> <span class='ocrx_word' id='word_1_639' title='bbox 2454 3076 2735 3146; x_wconf 90' lang='lat' dir='ltr'><strong>decipiunt</strong></span> <span class='ocrx_word' id='word_1_640' title='bbox 2764 3075 3023 3146; x_wconf 87' lang='lat' dir='ltr'><strong>populum</strong></span> <span class='ocrx_word' id='word_1_641' title='bbox 3059 3086 3242 3127; x_wconf 89' lang='lat' dir='ltr'><strong>meum</strong></span> <span class='ocrx_word' id='word_1_642' title='bbox 3265 3069 3363 3124; x_wconf 69' lang='grc' dir='ltr'><strong>η.»</strong></span> 
     </span>
    </p>
   </div>
   <div class='ocr_carea' id='block_1_86' title="bbox 2364 3296 2799 3354">
    <p class='ocr_par' dir='ltr' id='par_1_86' title="bbox 2364 3296 2799 3354">
     <span class='ocr_line' id='line_1_86' title="bbox 2364 3296 2799 3354; baseline -0.002 -1"><span class='ocrx_word' id='word_1_643' title='bbox 2364 3297 2594 3354; x_wconf 83' lang='lat' dir='ltr'><strong>CAPUT</strong></span> <span class='ocrx_word' id='word_1_644' title='bbox 2630 3296 2799 3352; x_wconf 76' lang='lat' dir='ltr'><strong>XXX.</strong></span> 
     </span>
    </p>
   </div>
   <div class='ocr_carea' id='block_1_87' title="bbox 1801 3409 3375 3480">
    <p class='ocr_par' dir='ltr' id='par_1_87' title="bbox 1801 3409 3375 3480">
     <span class='ocr_line' id='line_1_87' title="bbox 1801 3409 3375 3480; baseline -0.01 -3"><span class='ocrx_word' id='word_1_645' title='bbox 1801 3420 1879 3477; x_wconf 74' lang='lat' dir='ltr'><strong>Ab</strong></span> <span class='ocrx_word' id='word_1_646' title='bbox 1905 3417 2159 3473; x_wconf 75' lang='lat' dir='ltr'><strong>Ieremia.</strong></span> <span class='ocrx_word' id='word_1_647' title='bbox 2195 3447 2266 3457; x_wconf 92' lang='lat'><strong>-—</strong></span> <span class='ocrx_word' id='word_1_648' title='bbox 2306 3413 2761 3480; x_wconf 81' lang='lat' dir='ltr'><strong>Quemadmodum</strong></span> <span class='ocrx_word' id='word_1_649' title='bbox 2817 3410 2953 3464; x_wconf 79' lang='lat' dir='ltr'><strong>Deus</strong></span> <span class='ocrx_word' id='word_1_650' title='bbox 3006 3409 3253 3471; x_wconf 83' lang='lat' dir='ltr'><strong>Verbum,</strong></span> <span class='ocrx_word' id='word_1_651' title='bbox 3306 3409 3375 3462; x_wconf 89' lang='lat' dir='ltr'><strong>ad</strong></span> 
     </span>
    </p>
   </div>
   <div class='ocr_carea' id='block_1_88' title="bbox 1874 3481 3376 3554">
    <p class='ocr_par' dir='ltr' id='par_1_88' title="bbox 1874 3481 3376 3554">
     <span class='ocr_line' id='line_1_88' title="bbox 1874 3481 3376 3554; baseline -0.007 -11"><span class='ocrx_word' id='word_1_652' title='bbox 1874 3488 2091 3543; x_wconf 81' lang='lat' dir='ltr'><strong>Patrem</strong></span> <span class='ocrx_word' id='word_1_653' title='bbox 2126 3486 2543 3554; x_wconf 80' lang='lat' dir='ltr'><strong>deprecationem</strong></span> <span class='ocrx_word' id='word_1_654' title='bbox 2577 3484 2789 3545; x_wconf 83' lang='lat' dir='ltr'><strong>emittit,</strong></span> <span class='ocrx_word' id='word_1_655' title='bbox 2817 3481 3051 3553; x_wconf 88' lang='lat' dir='ltr'><strong>gentium</strong></span> <span class='ocrx_word' id='word_1_656' title='bbox 3082 3481 3376 3534; x_wconf 79' lang='lat' dir='ltr'><strong>conversio-</strong></span> 
     </span>
    </p>
   </div>
   <div class='ocr_carea' id='block_1_89' title="bbox 1871 3557 2615 3628">
    <p class='ocr_par' dir='ltr' id='par_1_89' title="bbox 1871 3557 2615 3628">
     <span class='ocr_line' id='line_1_89' title="bbox 1871 3557 2615 3628; baseline -0.008 -14"><span class='ocrx_word' id='word_1_657' title='bbox 1871 3577 1988 3615; x_wconf 84' lang='lat' dir='ltr'><strong>nem</strong></span> <span class='ocrx_word' id='word_1_658' title='bbox 2017 3559 2257 3628; x_wconf 80' lang='lat' dir='ltr'><strong>futuram</strong></span> <span class='ocrx_word' id='word_1_659' title='bbox 2287 3557 2615 3625; x_wconf 81' lang='lat' dir='ltr'><strong>signiﬁcans.</strong></span> 
     </span>
    </p>
   </div>
   <div class='ocr_carea' id='block_1_90' title="bbox 1876 3665 3377 3726">
    <p class='ocr_par' dir='ltr' id='par_1_90' title="bbox 1876 3665 3377 3726">
     <span class='ocr_line' id='line_1_90' title="bbox 1876 3665 3377 3726; baseline -0.003 -7"><span class='ocrx_word' id='word_1_660' title='bbox 1876 3688 1893 3719; x_wconf 74' lang='grc' dir='ltr'><strong>ι</strong></span> <span class='ocrx_word' id='word_1_661' title='bbox 1928 3669 2151 3723; x_wconf 91' lang='lat' dir='ltr'><strong>Domine</strong></span> <span class='ocrx_word' id='word_1_662' title='bbox 2169 3666 2433 3721; x_wconf 78' lang='lat' dir='ltr'><strong>fortitudo</strong></span> <span class='ocrx_word' id='word_1_663' title='bbox 2456 3674 2665 3726; x_wconf 71' lang='lat' dir='ltr'><strong>&quot;19.8,Cl</strong></span> <span class='ocrx_word' id='word_1_664' title='bbox 2684 3665 2944 3718; x_wconf 84' lang='lat' dir='ltr'><strong>auxilium</strong></span> <span class='ocrx_word' id='word_1_665' title='bbox 2980 3677 3179 3725; x_wconf 90' lang='lat' dir='ltr'><strong>meum,</strong></span> <span class='ocrx_word' id='word_1_666' title='bbox 3213 3672 3266 3717; x_wconf 93' lang='lat' dir='ltr'><strong>et</strong></span> <span class='ocrx_word' id='word_1_667' title='bbox 3289 3677 3377 3715; x_wconf 85' lang='lat' dir='ltr'><strong>re-</strong></span> 
     </span>
    </p>
   </div>
   <div class='ocr_carea' id='block_1_91' title="bbox 1804 3756 3379 3833">
    <p class='ocr_par' dir='ltr' id='par_1_91' title="bbox 1804 3756 3379 3833">
     <span class='ocr_line' id='line_1_91' title="bbox 1804 3756 3379 3833; baseline -0.005 -17"><span class='ocrx_word' id='word_1_668' title='bbox 1804 3762 2008 3833; x_wconf 82' lang='lat' dir='ltr'><strong>fugium</strong></span> <span class='ocrx_word' id='word_1_669' title='bbox 2042 3776 2245 3824; x_wconf 91' lang='lat' dir='ltr'><strong>meum,</strong></span> <span class='ocrx_word' id='word_1_670' title='bbox 2274 3760 2329 3814; x_wconf 90' lang='lat' dir='ltr'><strong>in</strong></span> <span class='ocrx_word' id='word_1_671' title='bbox 2364 3759 2451 3814; x_wconf 89' lang='lat' dir='ltr'><strong>die</strong></span> <span class='ocrx_word' id='word_1_672' title='bbox 2476 3757 2868 3824; x_wconf 87' lang='lat' dir='ltr'><strong>tribulationis,</strong></span> <span class='ocrx_word' id='word_1_673' title='bbox 2901 3756 2965 3809; x_wconf 90' lang='lat' dir='ltr'><strong>ad</strong></span> <span class='ocrx_word' id='word_1_674' title='bbox 3002 3764 3051 3810; x_wconf 90' lang='lat' dir='ltr'><strong>te</strong></span> <span class='ocrx_word' id='word_1_675' title='bbox 3080 3764 3266 3825; x_wconf 83' lang='lat' dir='ltr'><strong>gentes</strong></span> <span class='ocrx_word' id='word_1_676' title='bbox 3294 3770 3379 3808; x_wconf 90' lang='lat' dir='ltr'><strong>ve-</strong></span> 
     </span>
    </p>
   </div>
   <div class='ocr_carea' id='block_1_92' title="bbox 1803 3847 3376 3916">
    <p class='ocr_par' dir='ltr' id='par_1_92' title="bbox 1803 3847 3376 3916">
     <span class='ocr_line' id='line_1_92' title="bbox 1803 3847 3376 3916; baseline -0.004 -9"><span class='ocrx_word' id='word_1_677' title='bbox 1803 3854 1956 3907; x_wconf 90' lang='lat' dir='ltr'><strong>nient</strong></span> <span class='ocrx_word' id='word_1_678' title='bbox 1997 3852 2066 3906; x_wconf 92' lang='lat' dir='ltr'><strong>ab</strong></span> <span class='ocrx_word' id='word_1_679' title='bbox 2097 3860 2339 3907; x_wconf 80' lang='lat' dir='ltr'><strong>extremo</strong></span> <span class='ocrx_word' id='word_1_680' title='bbox 2372 3858 2552 3913; x_wconf 68' lang='lat' dir='ltr'><strong>terrae,</strong></span> <span class='ocrx_word' id='word_1_681' title='bbox 2589 3848 2837 3904; x_wconf 89' lang='lat' dir='ltr'><strong>etdicent</strong></span> <span class='ocrx_word' id='word_1_682' title='bbox 2868 3868 2880 3903; x_wconf 88' lang='lat'><strong>:</strong></span> <span class='ocrx_word' id='word_1_683' title='bbox 2915 3847 3054 3902; x_wconf 88' lang='lat' dir='ltr'><strong>Vere</strong></span> <span class='ocrx_word' id='word_1_684' title='bbox 3081 3848 3215 3902; x_wconf 91' lang='lat' dir='ltr'><strong>falsa</strong></span> <span class='ocrx_word' id='word_1_685' title='bbox 3248 3862 3376 3916; x_wconf 91' lang='lat' dir='ltr'><strong>pos-</strong></span> 
     </span>
    </p>
   </div>
   <div class='ocr_carea' id='block_1_93' title="bbox 1803 3941 3375 4017">
    <p class='ocr_par' dir='ltr' id='par_1_93' title="bbox 1803 3941 3375 4017">
     <span class='ocr_line' id='line_1_93' title="bbox 1803 3941 3375 4017; baseline -0.004 -16"><span class='ocrx_word' id='word_1_686' title='bbox 1803 3946 2060 4001; x_wconf 86' lang='lat' dir='ltr'><strong>sederunt</strong></span> <span class='ocrx_word' id='word_1_687' title='bbox 2106 3954 2289 4017; x_wconf 87' lang='lat' dir='ltr'><strong>patres</strong></span> <span class='ocrx_word' id='word_1_688' title='bbox 2343 3947 2515 4001; x_wconf 91' lang='lat' dir='ltr'><strong>nostri</strong></span> <span class='ocrx_word' id='word_1_689' title='bbox 2560 3946 2876 4007; x_wconf 87' lang='lat' dir='ltr'><strong>simulacra,</strong></span> <span class='ocrx_word' id='word_1_690' title='bbox 2921 3950 2975 3998; x_wconf 88' lang='lat' dir='ltr'><strong>et</strong></span> <span class='ocrx_word' id='word_1_691' title='bbox 3024 3957 3132 3996; x_wconf 91' lang='lat' dir='ltr'><strong>non</strong></span> <span class='ocrx_word' id='word_1_692' title='bbox 3173 3950 3259 3996; x_wconf 90' lang='lat' dir='ltr'><strong>est</strong></span> <span class='ocrx_word' id='word_1_693' title='bbox 3321 3941 3375 3995; x_wconf 89' lang='lat' dir='ltr'><strong>in</strong></span> 
     </span>
    </p>
   </div>
   <div class='ocr_carea' id='block_1_94' title="bbox 1802 4034 3379 4098">
    <p class='ocr_par' dir='ltr' id='par_1_94' title="bbox 1802 4034 3379 4098">
     <span class='ocr_line' id='line_1_94' title="bbox 1802 4034 3379 4098; baseline -0.005 -5"><span class='ocrx_word' id='word_1_694' title='bbox 1802 4038 1883 4093; x_wconf 91' lang='lat' dir='ltr'><strong>eis</strong></span> <span class='ocrx_word' id='word_1_695' title='bbox 1914 4037 2140 4093; x_wconf 88' lang='lat' dir='ltr'><strong>utilitas.</strong></span> <span class='ocrx_word' id='word_1_696' title='bbox 2162 4036 2219 4091; x_wconf 91' lang='lat' dir='ltr'><strong>Si</strong></span> <span class='ocrx_word' id='word_1_697' title='bbox 2250 4036 2412 4092; x_wconf 84' lang='lat' dir='ltr'><strong>faciet</strong></span> <span class='ocrx_word' id='word_1_698' title='bbox 2441 4037 2544 4093; x_wconf 90' lang='lat' dir='ltr'><strong>sibi</strong></span> <span class='ocrx_word' id='word_1_699' title='bbox 2570 4037 2732 4091; x_wconf 88' lang='lat' dir='ltr'><strong>homo</strong></span> <span class='ocrx_word' id='word_1_700' title='bbox 2763 4036 2915 4098; x_wconf 85' lang='lat' dir='ltr'><strong>deos,</strong></span> <span class='ocrx_word' id='word_1_701' title='bbox 2949 4044 3003 4090; x_wconf 89' lang='lat' dir='ltr'><strong>et</strong></span> <span class='ocrx_word' id='word_1_702' title='bbox 3032 4034 3086 4087; x_wconf 90' lang='lat' dir='ltr'><strong>hi</strong></span> <span class='ocrx_word' id='word_1_703' title='bbox 3117 4048 3224 4087; x_wconf 92' lang='lat' dir='ltr'><strong>non</strong></span> <span class='ocrx_word' id='word_1_704' title='bbox 3252 4038 3379 4086; x_wconf 85' lang='lat' dir='ltr'><strong>sunt</strong></span> 
     </span>
    </p>
   </div>
   <div class='ocr_carea' id='block_1_95' title="bbox 1804 4126 3376 4199">
    <p class='ocr_par' dir='ltr' id='par_1_95' title="bbox 1804 4126 3376 4199">
     <span class='ocr_line' id='line_1_95' title="bbox 1804 4126 3376 4199; baseline -0.005 -15"><span class='ocrx_word' id='word_1_705' title='bbox 1804 4130 1899 4184; x_wconf 93' lang='lat' dir='ltr'><strong>dii.</strong></span> <span class='ocrx_word' id='word_1_706' title='bbox 1936 4128 2144 4183; x_wconf 86' lang='lat' dir='ltr'><strong>Idcirco</strong></span> <span class='ocrx_word' id='word_1_707' title='bbox 2185 4144 2313 4184; x_wconf 89' lang='lat' dir='ltr'><strong>ecce</strong></span> <span class='ocrx_word' id='word_1_708' title='bbox 2340 4144 2441 4199; x_wconf 84' lang='lat' dir='ltr'><strong>ego</strong></span> <span class='ocrx_word' id='word_1_709' title='bbox 2471 4128 2752 4183; x_wconf 86' lang='lat' dir='ltr'><strong>ostendam</strong></span> <span class='ocrx_word' id='word_1_710' title='bbox 2792 4127 2952 4183; x_wconf 87' lang='lat' dir='ltr'><strong>eisin</strong></span> <span class='ocrx_word' id='word_1_711' title='bbox 2984 4126 3376 4196; x_wconf 79' lang='lat' dir='ltr'><strong>temporehoc,</strong></span> 
     </span>
    </p>
   </div>
   <div class='ocr_carea' id='block_1_96' title="bbox 1803 4215 3379 4287">
    <p class='ocr_par' dir='ltr' id='par_1_96' title="bbox 1803 4215 3379 4287">
     <span class='ocr_line' id='line_1_96' title="bbox 1803 4215 3379 4287; baseline -0.004 -11"><span class='ocrx_word' id='word_1_712' title='bbox 1803 4230 1856 4277; x_wconf 91' lang='lat' dir='ltr'><strong>et</strong></span> <span class='ocrx_word' id='word_1_713' title='bbox 1880 4229 2063 4275; x_wconf 89' lang='lat' dir='ltr'><strong>notam</strong></span> <span class='ocrx_word' id='word_1_714' title='bbox 2098 4220 2291 4273; x_wconf 83' lang='lat' dir='ltr'><strong>faciam</strong></span> <span class='ocrx_word' id='word_1_715' title='bbox 2322 4222 2401 4275; x_wconf 91' lang='lat' dir='ltr'><strong>eis</strong></span> <span class='ocrx_word' id='word_1_716' title='bbox 2443 4235 2662 4273; x_wconf 88' lang='lat' dir='ltr'><strong>manum</strong></span> <span class='ocrx_word' id='word_1_717' title='bbox 2696 4234 2894 4280; x_wconf 88' lang='lat' dir='ltr'><strong>meam,</strong></span> <span class='ocrx_word' id='word_1_718' title='bbox 2931 4216 3093 4287; x_wconf 75' lang='lat'><strong>255</strong></span> <span class='ocrx_word' id='word_1_719' title='bbox 3121 4227 3174 4271; x_wconf 91' lang='lat' dir='ltr'><strong>et</strong></span> <span class='ocrx_word' id='word_1_720' title='bbox 3202 4215 3379 4269; x_wconf 88' lang='lat' dir='ltr'><strong>virtu-</strong></span> 
     </span>
    </p>
   </div>
   <div class='ocr_carea' id='block_1_97' title="bbox 1804 4306 3375 4379">
    <p class='ocr_par' dir='ltr' id='par_1_97' title="bbox 1804 4306 3375 4379">
     <span class='ocr_line' id='line_1_97' title="bbox 1804 4306 3375 4379; baseline -0.003 -16"><span class='ocrx_word' id='word_1_721' title='bbox 1804 4320 1910 4364; x_wconf 86' lang='lat' dir='ltr'><strong>tem</strong></span> <span class='ocrx_word' id='word_1_722' title='bbox 1955 4325 2153 4371; x_wconf 89' lang='lat' dir='ltr'><strong>meam,</strong></span> <span class='ocrx_word' id='word_1_723' title='bbox 2188 4317 2241 4364; x_wconf 88' lang='lat' dir='ltr'><strong>et</strong></span> <span class='ocrx_word' id='word_1_724' title='bbox 2273 4317 2610 4379; x_wconf 77' lang='lat' dir='ltr'><strong>cognoscent</strong></span> <span class='ocrx_word' id='word_1_725' title='bbox 2639 4309 2782 4379; x_wconf 90' lang='lat' dir='ltr'><strong>quod</strong></span> <span class='ocrx_word' id='word_1_726' title='bbox 2827 4306 2927 4377; x_wconf 81' lang='lat' dir='ltr'><strong>ego</strong></span> <span class='ocrx_word' id='word_1_727' title='bbox 2972 4307 3312 4362; x_wconf 70' lang='lat' dir='ltr'><strong>Dominus“.</strong></span> <span class='ocrx_word' id='word_1_728' title='bbox 3356 4326 3375 4359; x_wconf 76' lang='grc' dir='ltr'><strong>ι</strong></span> 
     </span>
    </p>
   </div>
   <div class='ocr_carea' id='block_1_98' title="bbox 1804 4398 3382 4471">
    <p class='ocr_par' dir='ltr' id='par_1_98' title="bbox 1804 4398 3382 4471">
     <span class='ocr_line' id='line_1_98' title="bbox 1804 4398 3382 4471; baseline -0.002 -16"><span class='ocrx_word' id='word_1_729' title='bbox 1804 4402 1861 4456; x_wconf 86' lang='grc' dir='ltr'><strong>ιη</strong></span> <span class='ocrx_word' id='word_1_730' title='bbox 1894 4402 1979 4456; x_wconf 88' lang='lat' dir='ltr'><strong>his</strong></span> <span class='ocrx_word' id='word_1_731' title='bbox 2012 4402 2192 4457; x_wconf 85' lang='lat' dir='ltr'><strong>verbis</strong></span> <span class='ocrx_word' id='word_1_732' title='bbox 2224 4402 2486 4457; x_wconf 92' lang='lat' dir='ltr'><strong>Dominus</strong></span> <span class='ocrx_word' id='word_1_733' title='bbox 2519 4403 2684 4456; x_wconf 86' lang='lat' dir='ltr'><strong>alium</strong></span> <span class='ocrx_word' id='word_1_734' title='bbox 2736 4408 3015 4471; x_wconf 88' lang='lat' dir='ltr'><strong>precatur,</strong></span> <span class='ocrx_word' id='word_1_735' title='bbox 3053 4398 3270 4453; x_wconf 86' lang='lat' dir='ltr'><strong>Patrem</strong></span> <span class='ocrx_word' id='word_1_736' title='bbox 3303 4399 3382 4452; x_wconf 84' lang='lat' dir='ltr'><strong>vi—</strong></span> 
     </span>
    </p>
   </div>
   <div class='ocr_carea' id='block_1_99' title="bbox 1804 4489 3382 4558">
    <p class='ocr_par' dir='ltr' id='par_1_99' title="bbox 1804 4489 3382 4558">
     <span class='ocr_line' id='line_1_99' title="bbox 1804 4489 3382 4558; baseline -0.003 -9"><span class='ocrx_word' id='word_1_737' title='bbox 1804 4493 2002 4549; x_wconf 84' lang='lat' dir='ltr'><strong>delicet</strong></span> <span class='ocrx_word' id='word_1_738' title='bbox 2036 4507 2100 4547; x_wconf 85' lang='lat' dir='ltr'><strong>ac</strong></span> <span class='ocrx_word' id='word_1_739' title='bbox 2141 4491 2307 4546; x_wconf 88' lang='lat' dir='ltr'><strong>Deum</strong></span> <span class='ocrx_word' id='word_1_740' title='bbox 2346 4491 2612 4555; x_wconf 87' lang='lat' dir='ltr'><strong>universi,</strong></span> <span class='ocrx_word' id='word_1_741' title='bbox 2642 4491 2757 4545; x_wconf 90' lang='lat' dir='ltr'><strong>illic</strong></span> <span class='ocrx_word' id='word_1_742' title='bbox 2808 4506 2942 4545; x_wconf 90' lang='lat' dir='ltr'><strong>sane</strong></span> <span class='ocrx_word' id='word_1_743' title='bbox 2975 4490 3066 4543; x_wconf 90' lang='lat' dir='ltr'><strong>ubi</strong></span> <span class='ocrx_word' id='word_1_744' title='bbox 3117 4489 3382 4558; x_wconf 86' lang='lat' dir='ltr'><strong>incipiens</strong></span> 
     </span>
    </p>
   </div>
   <div class='ocr_carea' id='block_1_100' title="bbox 1806 4578 3383 4649">
    <p class='ocr_par' dir='ltr' id='par_1_100' title="bbox 1806 4578 3383 4649">
     <span class='ocr_line' id='line_1_100' title="bbox 1806 4578 3383 4649; baseline -0.003 -13"><span class='ocrx_word' id='word_1_745' title='bbox 1806 4584 1881 4636; x_wconf 89' lang='lat' dir='ltr'><strong>ait</strong></span> <span class='ocrx_word' id='word_1_746' title='bbox 1915 4601 1926 4635; x_wconf 91' lang='lat'>:</span> <span class='ocrx_word' id='word_1_747' title='bbox 1959 4600 1977 4631; x_wconf 78' lang='grc' dir='ltr'><strong>ι</strong></span> <span class='ocrx_word' id='word_1_748' title='bbox 2015 4582 2267 4649; x_wconf 88' lang='lat' dir='ltr'><strong>Domine,</strong></span> <span class='ocrx_word' id='word_1_749' title='bbox 2299 4581 2563 4637; x_wconf 84' lang='lat' dir='ltr'><strong>fortitudo</strong></span> <span class='ocrx_word' id='word_1_750' title='bbox 2604 4597 2746 4645; x_wconf 91' lang='lat' dir='ltr'><strong>mea,</strong></span> <span class='ocrx_word' id='word_1_751' title='bbox 2782 4602 2799 4634; x_wconf 83' lang='lat'><strong>)</strong></span> <span class='ocrx_word' id='word_1_752' title='bbox 2828 4588 2882 4636; x_wconf 91' lang='lat' dir='ltr'><strong>et</strong></span> <span class='ocrx_word' id='word_1_753' title='bbox 2920 4589 3134 4635; x_wconf 63' lang='lat' dir='ltr'><strong>caetera.</strong></span> <span class='ocrx_word' id='word_1_754' title='bbox 3166 4578 3383 4649; x_wconf 84' lang='lat' dir='ltr'><strong>Perspi-</strong></span> 
     </span>
    </p>
   </div>
   <div class='ocr_carea' id='block_1_101' title="bbox 1806 4670 3381 4743">
    <p class='ocr_par' dir='ltr' id='par_1_101' title="bbox 1806 4670 3381 4743">
     <span class='ocr_line' id='line_1_101' title="bbox 1806 4670 3381 4743; baseline -0.004 -15"><span class='ocrx_word' id='word_1_755' title='bbox 1806 4690 1906 4729; x_wconf 91' lang='lat' dir='ltr'><strong>cue</strong></span> <span class='ocrx_word' id='word_1_756' title='bbox 1921 4690 2050 4728; x_wconf 73' lang='lat' dir='ltr'><strong>Vero</strong></span> <span class='ocrx_word' id='word_1_757' title='bbox 2068 4675 2310 4743; x_wconf 80' lang='lat' dir='ltr'><strong>gentium</strong></span> <span class='ocrx_word' id='word_1_758' title='bbox 2342 4674 2410 4729; x_wconf 90' lang='lat' dir='ltr'><strong>ab</strong></span> <span class='ocrx_word' id='word_1_759' title='bbox 2431 4673 2738 4728; x_wconf 86' lang='lat' dir='ltr'><strong>errabundo</strong></span> <span class='ocrx_word' id='word_1_760' title='bbox 2761 4674 3175 4728; x_wconf 88' lang='lat' dir='ltr'><strong>simulacrorum</strong></span> <span class='ocrx_word' id='word_1_761' title='bbox 3208 4670 3381 4733; x_wconf 88' lang='lat' dir='ltr'><strong>cultu,</strong></span> 
     </span>
    </p>
   </div>
   <div class='ocr_carea' id='block_1_102' title="bbox 1806 4762 3385 4835">
    <p class='ocr_par' dir='ltr' id='par_1_102' title="bbox 1806 4762 3385 4835">
     <span class='ocr_line' id='line_1_102' title="bbox 1806 4762 3385 4835; baseline -0.001 -18"><span class='ocrx_word' id='word_1_762' title='bbox 1806 4763 1873 4818; x_wconf 89' lang='lat' dir='ltr'><strong>ad</strong></span> <span class='ocrx_word' id='word_1_763' title='bbox 1898 4764 2175 4833; x_wconf 88' lang='lat' dir='ltr'><strong>pietatem,</strong></span> <span class='ocrx_word' id='word_1_764' title='bbox 2208 4765 2637 4835; x_wconf 79' lang='lat' dir='ltr'><strong>religionemque</strong></span> <span class='ocrx_word' id='word_1_765' title='bbox 2660 4780 2785 4834; x_wconf 82' lang='lat' dir='ltr'><strong>erga</strong></span> <span class='ocrx_word' id='word_1_766' title='bbox 2810 4763 2977 4818; x_wconf 84' lang='lat' dir='ltr'><strong>Deum</strong></span> <span class='ocrx_word' id='word_1_767' title='bbox 3001 4762 3385 4816; x_wconf 84' lang='lat' dir='ltr'><strong>commutatio—</strong></span> 
     </span>
    </p>
   </div>
   <div class='ocr_carea' id='block_1_103' title="bbox 1805 4854 3382 4928">
    <p class='ocr_par' dir='ltr' id='par_1_103' title="bbox 1805 4854 3382 4928">
     <span class='ocr_line' id='line_1_103' title="bbox 1805 4854 3382 4928; baseline -0.004 -16"><span class='ocrx_word' id='word_1_768' title='bbox 1805 4874 1928 4912; x_wconf 86' lang='lat' dir='ltr'><strong>nem</strong></span> <span class='ocrx_word' id='word_1_769' title='bbox 1965 4857 2225 4923; x_wconf 90' lang='lat' dir='ltr'><strong>futuram,</strong></span> <span class='ocrx_word' id='word_1_770' title='bbox 2262 4859 2532 4928; x_wconf 78' lang='lat' dir='ltr'><strong>signiﬁcat</strong></span> <span class='ocrx_word' id='word_1_771' title='bbox 2559 4876 2572 4923; x_wconf 92' lang='lat'><strong>;</strong></span> <span class='ocrx_word' id='word_1_772' title='bbox 2606 4868 2661 4913; x_wconf 89' lang='lat' dir='ltr'><strong>et</strong></span> <span class='ocrx_word' id='word_1_773' title='bbox 2694 4859 2807 4912; x_wconf 72' lang='lat' dir='ltr'><strong>hmc</strong></span> <span class='ocrx_word' id='word_1_774' title='bbox 2830 4856 3045 4910; x_wconf 87' lang='lat' dir='ltr'><strong>interim</strong></span> <span class='ocrx_word' id='word_1_775' title='bbox 3078 4854 3382 4924; x_wconf 83' lang='lat' dir='ltr'><strong>prophetia,</strong></span> 
     </span>
    </p>
   </div>
   <div class='ocr_carea' id='block_1_104' title="bbox 1804 4943 3383 5017">
    <p class='ocr_par' dir='ltr' id='par_1_104' title="bbox 1804 4943 3383 5017">
     <span class='ocr_line' id='line_1_104' title="bbox 1804 4943 3383 5017; baseline -0.003 -17"><span class='ocrx_word' id='word_1_776' title='bbox 1804 4954 1929 5017; x_wconf 87' lang='lat' dir='ltr'><strong>post</strong></span> <span class='ocrx_word' id='word_1_777' title='bbox 1956 4947 2259 5001; x_wconf 85' lang='lat' dir='ltr'><strong>Salvatoris</strong></span> <span class='ocrx_word' id='word_1_778' title='bbox 2286 4948 2459 5001; x_wconf 87' lang='lat' dir='ltr'><strong>nostri</strong></span> <span class='ocrx_word' id='word_1_779' title='bbox 2494 4946 2623 5002; x_wconf 83' lang='lat' dir='ltr'><strong>Jesu</strong></span> <span class='ocrx_word' id='word_1_780' title='bbox 2661 4945 2867 5001; x_wconf 84' lang='lat' dir='ltr'><strong>Christi</strong></span> <span class='ocrx_word' id='word_1_781' title='bbox 2908 4945 2973 4999; x_wconf 89' lang='lat' dir='ltr'><strong>ad</strong></span> <span class='ocrx_word' id='word_1_782' title='bbox 3006 4944 3257 4998; x_wconf 87' lang='lat' dir='ltr'><strong>homines</strong></span> <span class='ocrx_word' id='word_1_783' title='bbox 3289 4943 3383 4996; x_wconf 81' lang='lat' dir='ltr'><strong>ad-</strong></span> 
     </span>
    </p>
   </div>
   <div class='ocr_carea' id='block_1_105' title="bbox 1803 5034 3381 5109">
    <p class='ocr_par' dir='ltr' id='par_1_105' title="bbox 1803 5034 3381 5109">
     <span class='ocr_line' id='line_1_105' title="bbox 1803 5034 3381 5109; baseline -0.006 -13"><span class='ocrx_word' id='word_1_784' title='bbox 1803 5050 2022 5096; x_wconf 77' lang='lat' dir='ltr'><strong>ventum</strong></span> <span class='ocrx_word' id='word_1_785' title='bbox 2048 5040 2453 5095; x_wconf 79' lang='lat' dir='ltr'><strong>evidentissime</strong></span> <span class='ocrx_word' id='word_1_786' title='bbox 2475 5041 2741 5109; x_wconf 89' lang='lat' dir='ltr'><strong>completa</strong></span> <span class='ocrx_word' id='word_1_787' title='bbox 2772 5045 3128 5093; x_wconf 86' lang='lat' dir='ltr'><strong>monstratur.</strong></span> <span class='ocrx_word' id='word_1_788' title='bbox 3150 5034 3216 5088; x_wconf 84' lang='lat' dir='ltr'><strong>At</strong></span> <span class='ocrx_word' id='word_1_789' title='bbox 3238 5035 3381 5089; x_wconf 91' lang='lat' dir='ltr'><strong>enim</strong></span> 
     </span>
    </p>
   </div>
   <div class='ocr_carea' id='block_1_106' title="bbox 1806 5126 3386 5199">
    <p class='ocr_par' dir='ltr' id='par_1_106' title="bbox 1806 5126 3386 5199">
     <span class='ocr_line' id='line_1_106' title="bbox 1806 5126 3386 5199; baseline -0.004 -17"><span class='ocrx_word' id='word_1_790' title='bbox 1806 5137 2094 5199; x_wconf 87' lang='lat' dir='ltr'><strong>postquam</strong></span> <span class='ocrx_word' id='word_1_791' title='bbox 2127 5129 2394 5184; x_wconf 86' lang='lat' dir='ltr'><strong>hactenus</strong></span> <span class='ocrx_word' id='word_1_792' title='bbox 2426 5145 2492 5183; x_wconf 81' lang='lat' dir='ltr'><strong>ex</strong></span> <span class='ocrx_word' id='word_1_793' title='bbox 2524 5130 2656 5184; x_wconf 86' lang='lat' dir='ltr'><strong>totis</strong></span> <span class='ocrx_word' id='word_1_794' title='bbox 2688 5130 2905 5198; x_wconf 81' lang='lat' dir='ltr'><strong>triginta</strong></span> <span class='ocrx_word' id='word_1_795' title='bbox 2937 5126 3267 5196; x_wconf 88' lang='lat' dir='ltr'><strong>propheticis</strong></span> <span class='ocrx_word' id='word_1_796' title='bbox 3297 5140 3386 5177; x_wconf 90' lang='lat' dir='ltr'><strong>ca-</strong></span> 
     </span>
    </p>
   </div>
   <div class='ocr_carea' id='block_1_107' title="bbox 1812 5217 3383 5292">
    <p class='ocr_par' dir='ltr' id='par_1_107' title="bbox 1812 5217 3383 5292">
     <span class='ocr_line' id='line_1_107' title="bbox 1812 5217 3383 5292; baseline -0.007 -17"><span class='ocrx_word' id='word_1_797' title='bbox 1812 5222 2035 5292; x_wconf 87' lang='lat' dir='ltr'><strong>pitibus,</strong></span> <span class='ocrx_word' id='word_1_798' title='bbox 2072 5220 2263 5285; x_wconf 90' lang='lat' dir='ltr'><strong>Deum,</strong></span> <span class='ocrx_word' id='word_1_799' title='bbox 2292 5218 2654 5283; x_wconf 83' lang='lat' dir='ltr'><strong>Salvatorcm,</strong></span> <span class='ocrx_word' id='word_1_800' title='bbox 2684 5235 2748 5273; x_wconf 91' lang='lat' dir='ltr'><strong>ac</strong></span> <span class='ocrx_word' id='word_1_801' title='bbox 2786 5217 3077 5271; x_wconf 90' lang='lat' dir='ltr'><strong>Dominum</strong></span> <span class='ocrx_word' id='word_1_802' title='bbox 3113 5224 3383 5279; x_wconf 88' lang='lat' dir='ltr'><strong>nostrum,</strong></span> 
     </span>
    </p>
   </div>
   <div class='ocr_carea' id='block_1_108' title="bbox 1812 5304 3387 5375">
    <p class='ocr_par' dir='ltr' id='par_1_108' title="bbox 1812 5304 3387 5375">
     <span class='ocr_line' id='line_1_108' title="bbox 1812 5304 3387 5375; baseline -0.005 -10"><span class='ocrx_word' id='word_1_803' title='bbox 1812 5312 1907 5366; x_wconf 89' lang='lat' dir='ltr'><strong>Dei</strong></span> <span class='ocrx_word' id='word_1_804' title='bbox 1935 5311 2171 5366; x_wconf 87' lang='lat' dir='ltr'><strong>Verbum</strong></span> <span class='ocrx_word' id='word_1_805' title='bbox 2201 5326 2324 5367; x_wconf 90' lang='lat' dir='ltr'><strong>esse</strong></span> <span class='ocrx_word' id='word_1_806' title='bbox 2366 5310 2699 5375; x_wconf 86' lang='lat' dir='ltr'><strong>didicimus;</strong></span> <span class='ocrx_word' id='word_1_807' title='bbox 2730 5308 2796 5362; x_wconf 88' lang='lat' dir='ltr'><strong>ad</strong></span> <span class='ocrx_word' id='word_1_808' title='bbox 2835 5308 3065 5360; x_wconf 90' lang='lat' dir='ltr'><strong>alterum</strong></span> <span class='ocrx_word' id='word_1_809' title='bbox 3094 5304 3235 5372; x_wconf 87' lang='lat' dir='ltr'><strong>ejus,</strong></span> <span class='ocrx_word' id='word_1_810' title='bbox 3267 5318 3387 5372; x_wconf 65' lang='lat' dir='ltr'><strong>quae</strong></span> 
     </span>
    </p>
   </div>
   <div class='ocr_carea' id='block_1_109' title="bbox 1810 5397 3383 5471">
    <p class='ocr_par' dir='ltr' id='par_1_109' title="bbox 1810 5397 3383 5471">
     <span class='ocr_line' id='line_1_109' title="bbox 1810 5397 3383 5471; baseline -0.008 -12"><span class='ocrx_word' id='word_1_811' title='bbox 1810 5404 1875 5459; x_wconf 88' lang='lat' dir='ltr'><strong>ad</strong></span> <span class='ocrx_word' id='word_1_812' title='bbox 1911 5402 2160 5458; x_wconf 84' lang='lat' dir='ltr'><strong>eumdem</strong></span> <span class='ocrx_word' id='word_1_813' title='bbox 2206 5402 2464 5471; x_wconf 88' lang='lat' dir='ltr'><strong>pertinet,</strong></span> <span class='ocrx_word' id='word_1_814' title='bbox 2508 5397 2937 5470; x_wconf 88' lang='lat' dir='ltr'><strong>dispensationis</strong></span> <span class='ocrx_word' id='word_1_815' title='bbox 2981 5402 3383 5465; x_wconf 85' lang='lat' dir='ltr'><strong>argumentum,</strong></span> 
     </span>
    </p>
   </div>
   <div class='ocr_carea' id='block_1_110' title="bbox 1809 5485 3386 5564">
    <p class='ocr_par' dir='ltr' id='par_1_110' title="bbox 1809 5485 3386 5564">
     <span class='ocr_line' id='line_1_110' title="bbox 1809 5485 3386 5564; baseline -0.007 -15"><span class='ocrx_word' id='word_1_816' title='bbox 1809 5494 2069 5564; x_wconf 87' lang='lat' dir='ltr'><strong>deinceps</strong></span> <span class='ocrx_word' id='word_1_817' title='bbox 2104 5503 2471 5555; x_wconf 77' lang='lat' dir='ltr'><strong>transeamus,</strong></span> <span class='ocrx_word' id='word_1_818' title='bbox 2500 5502 2554 5548; x_wconf 94' lang='lat' dir='ltr'><strong>et</strong></span> <span class='ocrx_word' id='word_1_819' title='bbox 2600 5493 2745 5545; x_wconf 86' lang='lat' dir='ltr'><strong>hunc</strong></span> <span class='ocrx_word' id='word_1_820' title='bbox 2772 5491 2950 5559; x_wconf 88' lang='lat' dir='ltr'><strong>ipsum</strong></span> <span class='ocrx_word' id='word_1_821' title='bbox 2985 5487 3155 5543; x_wconf 88' lang='lat' dir='ltr'><strong>Deum</strong></span> <span class='ocrx_word' id='word_1_822' title='bbox 3187 5485 3255 5539; x_wconf 90' lang='lat' dir='ltr'><strong>ad</strong></span> <span class='ocrx_word' id='word_1_823' title='bbox 3287 5486 3386 5539; x_wconf 75' lang='lat' dir='ltr'><strong>ho~</strong></span> 
     </span>
    </p>
   </div>
   <div class='ocr_carea' id='block_1_111' title="bbox 1810 5577 3386 5647">
    <p class='ocr_par' dir='ltr' id='par_1_111' title="bbox 1810 5577 3386 5647">
     <span class='ocr_line' id='line_1_111' title="bbox 1810 5577 3386 5647; baseline -0.006 -5"><span class='ocrx_word' id='word_1_824' title='bbox 1810 5586 1985 5642; x_wconf 90' lang='lat' dir='ltr'><strong>mines</strong></span> <span class='ocrx_word' id='word_1_825' title='bbox 2016 5594 2304 5640; x_wconf 82' lang='lat' dir='ltr'><strong>venturum</strong></span> <span class='ocrx_word' id='word_1_826' title='bbox 2360 5584 2552 5647; x_wconf 89' lang='lat' dir='ltr'><strong>fuisse,</strong></span> <span class='ocrx_word' id='word_1_827' title='bbox 2588 5600 2651 5638; x_wconf 83' lang='lat' dir='ltr'><strong>ex</strong></span> <span class='ocrx_word' id='word_1_828' title='bbox 2704 5583 2895 5639; x_wconf 90' lang='lat' dir='ltr'><strong>iisdem</strong></span> <span class='ocrx_word' id='word_1_829' title='bbox 2923 5580 3098 5638; x_wconf 82' lang='lat' dir='ltr'><strong>sacris</strong></span> <span class='ocrx_word' id='word_1_830' title='bbox 3128 5577 3386 5634; x_wconf 63' lang='lat' dir='ltr'><strong>Hebraeo-</strong></span> 
     </span>
    </p>
   </div>
   <div class='ocr_carea' id='block_1_112' title="bbox 1812 5677 2583 5749">
    <p class='ocr_par' dir='ltr' id='par_1_112' title="bbox 1812 5677 2583 5749">
     <span class='ocr_line' id='line_1_112' title="bbox 1812 5677 2583 5749; baseline -0.005 -15"><span class='ocrx_word' id='word_1_831' title='bbox 1812 5696 1929 5734; x_wconf 93' lang='lat' dir='ltr'><strong>rum</strong></span> <span class='ocrx_word' id='word_1_832' title='bbox 1959 5678 2114 5734; x_wconf 87' lang='lat' dir='ltr'><strong>libris</strong></span> <span class='ocrx_word' id='word_1_833' title='bbox 2145 5677 2583 5749; x_wconf 87' lang='lat' dir='ltr'><strong>comprobemus.</strong></span> 
     </span>
    </p>
   </div>
   <div class='ocr_carea' id='block_1_113' title="bbox 226 5880 1697 5955">
    <p class='ocr_par' dir='ltr' id='par_1_113' title="bbox 226 5884 1660 5955">
     <span class='ocr_line' id='line_1_113' title="bbox 226 5884 1660 5955; baseline 0 -14"><span class='ocrx_word' id='word_1_834' title='bbox 226 5886 241 5915; x_wconf 72' lang='grc' dir='ltr'><strong><em>τ</em></strong></span> <span class='ocrx_word' id='word_1_835' title='bbox 270 5887 488 5942; x_wconf 74' lang='lat' dir='ltr'><strong>Malacb.</strong></span> <span class='ocrx_word' id='word_1_836' title='bbox 521 5903 593 5952; x_wconf 84' lang='lat' dir='ltr'><strong>Iv,</strong></span> <span class='ocrx_word' id='word_1_837' title='bbox 625 5887 679 5941; x_wconf 74' lang='grc'><strong>2.</strong></span> <span class='ocrx_word' id='word_1_838' title='bbox 757 5890 775 5921; x_wconf 76' lang='grc'>⁸</span> <span class='ocrx_word' id='word_1_839' title='bbox 799 5885 954 5942; x_wconf 77' lang='lat' dir='ltr'><strong>loan.</strong></span> <span class='ocrx_word' id='word_1_840' title='bbox 986 5901 1102 5951; x_wconf 80' lang='lat' dir='ltr'><strong>un,</strong></span> <span class='ocrx_word' id='word_1_841' title='bbox 1140 5885 1223 5941; x_wconf 73' lang='grc'><strong>12.</strong></span> <span class='ocrx_word' id='word_1_842' title='bbox 1300 5885 1321 5918; x_wconf 85' lang='grc'><strong>⁹</strong></span> <span class='ocrx_word' id='word_1_843' title='bbox 1347 5884 1506 5942; x_wconf 75' lang='lat' dir='ltr'><strong>Joan.</strong></span> <span class='ocrx_word' id='word_1_844' title='bbox 1545 5902 1583 5955; x_wconf 88' lang='grc' dir='ltr'><strong>ι,</strong></span> <span class='ocrx_word' id='word_1_845' title='bbox 1608 5886 1660 5941; x_wconf 79' lang='lat'><strong>9.</strong></span> 
     </span>
    </p>
   </div>
   <div class='ocr_carea' id='block_1_114' title="bbox 1806 5880 2789 5955">
    <p class='ocr_par' dir='ltr' id='par_1_114' title="bbox 1814 5880 2789 5950">
     <span class='ocr_line' id='line_1_114' title="bbox 1814 5880 2789 5950; baseline 0.002 -11"><span class='ocrx_word' id='word_1_846' title='bbox 1814 5883 1975 5939; x_wconf 79' lang='lat' dir='ltr'><strong>Mich.</strong></span> <span class='ocrx_word' id='word_1_847' title='bbox 2010 5899 2092 5950; x_wconf 85' lang='grc' dir='ltr'>ιιι,</span> <span class='ocrx_word' id='word_1_848' title='bbox 2126 5883 2177 5937; x_wconf 87' lang='grc'><strong>6.</strong></span> <span class='ocrx_word' id='word_1_849' title='bbox 2258 5882 2297 5913; x_wconf 82' lang='grc'>¹¹</span> <span class='ocrx_word' id='word_1_850' title='bbox 2332 5880 2578 5949; x_wconf 79' lang='lat' dir='ltr'><strong>Jer.xv1,</strong></span> <span class='ocrx_word' id='word_1_851' title='bbox 2608 5884 2789 5942; x_wconf 72' lang='lat' dir='ltr'><strong>i9-2l.</strong></span> 
     </span>
    </p>
   </div>
  </div>
