3894 6514
132 407 220 464 315
1032 407 1675 466 DEMONSTRATIONIS
1711 410 2160 467 EVANGELICAE
2196 412 2321 469 LIB.
2359 413 2448 472 Vl.

3235 418 3338 474 4H

131 521 244 575 Θεοῦ
267 519 514 590 δύναμιν,
542 520 737 576 οἱθεῖοι
760 521 1128 594 προηγόρευον
1156 521 1322 590 λόγοι.
1357 523 1420 575 EE
1449 525 1656 592 φανεῖει

1771 524 2032 588 universi,
2064 535 2118 580 et
2153 524 2242 580 Dei
2287 524 2547 584 Verbum.
2593 533 2645 580 et
2690 525 2784 581 Dei
2820 525 3094 592 virtutem,
3149 527 3334 584 divina

130 616 205 669 ἐπὶ
229 611 314 665 τοῦ
347 613 612 684 παρόντος
643 614 700 666 αἱ
734 616 1066 685 προφητικαὶ
1086 613 1400 686 μαρτυρίαι,
1434 614 1563 668 Θεὸν
1589 616 1669 678 είς

128 705 420 778 ἀνθρώπους
490 706 774 774 ἀφίξεσθαι
825 705 1086 777 μέλλοντα
1143 707 1628 778 πφαναφωνοῦσαι
1649 747 1664 771 ,

129 797 263 853 παντί
285 815 359 867 τῳ
384 797 548 868 δῆλον
579 799 672 850 ἐπὶ
705 799 825 852 τίνα
867 798 970 870 χρὴ
1001 799 1099 869 τὴν
1143 798 1420 871 ἀναφορὰν
1448 798 1542 851 τοῦ
1572 817 1668 871 ση-

128 891 421 962 μαινομένου
456 890 746 945 ποιεῖσθαι·
779 893 866 946 ὅτε
897 892 1128 963 μάλιστα
1161 891 1248 946 διὰ
1274 892 1381 946 τῶν
1411 892 1662 964 πρόσθεν,

123 985 170 1036 ἐν
216 978 502 1050 ἀνθρώπου
548 984 728 1052 μορφῇ
778 982 870 1034 καὶ
917 983 1172 1053 σχήματι,
1205 984 1321 1045 τοῖς
1383 983 1524 1052 ἀμφὶ
1573 983 1664 1036 τὸν

133 1072 354 1143 Ἀϐραὰμ
394 1071 701 1141 θεοφιλέσιν
733 1074 760 1125 ό
797 1072 927 1137 Θεὸς
947 1073 1117 1142 Λόγος
1140 1076 1224 1127 ἐπ’
1259 1075 1518 1144 ὀνόματος
1546 1075 1661 1126 Ku-

123 1165 217 1234 ρίου
249 1165 337 1217 καὶ
368 1163 509 1220 Θεοῦ
568 1164 774 1235 πέφηνε
803 1163 902 1228 τὰς
955 1166 1033 1228 είς
1059 1164 1378 1235 ἀνθρώπους
1400 1165 1664 1228 ὀπτασίας

122 1256 631 1328 πε-ποιημένος.Φέρε
647 1253 737 1310 οὖν
755 1256 973 1327 ἴδωμεν,
989 1258 1135 1321 ὅπως
1157 1258 1284 1311 ποτέ
1310 1258 1406 1327 μὲν
1438 1257 1660 1329 Κύριον,

122 1348 227 1400 ποτὲ
272 1347 327 1398 δὲ
372 1345 512 1400 Θεὸν
578 1345 980 1418 καταϐήσεσθαι
1039 1347 1119 1412 είς
1166 1346 1512 1418 ἀνθρώπους,
1568 1349 1663 1401 καὶ

119 1439 251 1493 πάλιν
280 1437 653 1509 ἀναϐήσεσθαι
681 1437 926 1508 ἐναργῶς
969 1437 1110 1492 οὕτω
1174 1441 1554 1511 προαναφωνεῖ
1594 1439 1664 1492 τὰ

118 1531 224 1600 παρ’
250 1528 522 1600 Ἑϐραίοις
551 1529 723 1598 λόγια,
755 1531 848 1583 καὶ
873 1529 971 1593 τάς
997 1547 1060 1598 γε
1092 1530 1268 1594 αἰτίας
1295 1531 1392 1602 τῆς
1416 1529 1660 1584 καθόδου.

117 1616 372 1688 Σημειώσῃ
407 1617 453 1670 δ’
472 1619 548 1681 ὼς
567 1618 685 1671 τινὰ
713 1620 808 1688 μὲν
838 1618 1050 1690 εἴρηται
1075 1618 1141 1672 δι’
1169 1621 1520 1691 αἰνιγμάτων,
1542 1621 1663 1675 τινὰ

115 1709 558 1780 δὲφανερώτερον.
589 1710 670 1763 Τὰ
705 1710 802 1780 μὲν
834 1706 926 1763 οὖν
947 1712 1013 1763 δι’
1049 1711 1393 1783 ἐπικρύψεως
1427 1713 1660 1785 ἡγοῦμαι

115 1803 201 1853 τῶν
239 1804 297 1854 ἐκ
335 1803 644 1874 περιτομῆς
682 1802 840 1857 ἕνεκα
867 1803 1290 1874 κεκαλυμμένως
1311 1803 1660 1860 ἀποδεδόσθαι

1768 616 1918 685 prius
1965 617 2306 686 appellabant
2349 619 2590 674 oracula.
2640 617 2698 672 Si
2740 635 2870 688 ergo
2918 619 3022 674 hoc
3066 627 3335 690 tempore,

1767 709 2082 780 prophetica
2137 709 2302 764 etiam
2370 710 2683 764 testimonia
2738 710 2906 765 Deum
2965 711 3033 765 ad
3086 712 3337 770 homines

1767 800 1936 856 fuisse
1978 809 2293 866 venturum,
2342 801 2661 870 praedixisse
2712 803 3117 860 ostenderimus
3159 823 3174 860 :
3221 815 3335 860 tum

1765 889 2059 960 unicuique
2079 891 2297 960 planum
2333 892 2518 956 tuerit,
2551 893 2616 946 ad
2643 908 2800 962 quem
2830 894 3033 948 referre
3062 903 3333 963 Oporteat,

1764 980 1816 1034 id
1833 979 1976 1049 quod
1991 978 2433 1050 signiﬁcavimus.
2450 996 2573 1034 cum
2593 996 2690 1050 per
2703 995 2765 1034 ea
2783 979 3016 1034 maxime
3037 995 3157 1049 quae
3175 987 3334 1035 antea

1763 1071 1907 1126 dicta
1929 1079 2078 1134 sunt,
2105 1070 2619 1135 demonstravimus,
2646 1069 2814 1125 Deum
2849 1068 3107 1135 Verbum,
3139 1068 3331 1124 habitu

1763 1161 1983 1230 quidem
2019 1160 2299 1229 formaque
2328 1159 2586 1223 hominis,
2625 1159 2843 1214 nomine
2872 1174 3002 1213 vero
3030 1158 3243 1212 Domini
3268 1173 3333 1214 ac

1766 1253 1877 1316 Dei,
1903 1258 1957 1308 et
1987 1250 2090 1322 ipsi
2118 1251 2372 1314 Abrahae,
2412 1259 2464 1305 et
2493 1250 2706 1305 czeteris
2727 1249 2821 1305 Dei
2847 1250 3038 1305 amicis
3067 1250 3217 1316 viris,
3241 1249 3332 1311 qui

1762 1344 1991 1399 Abrahae
2031 1351 2354 1413 tempestate
2393 1342 2700 1409 ﬂoruerint,
2745 1342 2984 1410 seipsum
3038 1341 3332 1396 videndum

1761 1437 2074 1508 praebuisse.
2107 1436 2226 1491 Jam
2273 1450 2422 1489 nunc
2460 1434 2627 1504 igitur
2667 1441 2877 1502 tempus
2905 1439 2990 1487 est
3039 1438 3098 1486 ut
3143 1431 3330 1486 videa-

1762 1547 1884 1586 mus
1911 1545 2019 1602 qua
2062 1531 2294 1594 ratione,
2332 1543 2478 1583 nunc
2515 1527 2825 1590 Dominum,
2863 1540 3012 1580 nunc
3057 1523 3228 1579 Deum
3261 1523 3328 1580 ad

1761 1620 2008 1676 homines
2041 1620 2452 1682 descensurum,
2487 1628 2540 1673 et
2574 1632 2768 1672 rursus
2806 1629 3185 1678 ascensurum,
3220 1624 3329 1668 tam

1760 1714 2038 1769 evidenter
2089 1713 2437 1768 Hebraeorum
2493 1711 2714 1765 oracula
2769 1710 2921 1781 prius
2973 1708 3331 1763 denuntiave-

1758 1806 1889 1870 rint,
1927 1813 1981 1860 et
2008 1819 2252 1874 quaenam
2284 1802 2514 1870 hujusce
2540 1801 2838 1856 descensus
2866 1814 3046 1854 causa:
3075 1797 3278 1852 fuerint
3311 1811 3326 1849 :

114 1896 182 1947 διὰ
236 1895 298 1948 τὰ
353 1893 725 1966 θεσπιζόμενα
779 1899 901 1950 κατ’
963 1897 1140 1950 αὐτῶν
1199 1897 1536 1969 σκυθρωπά·
1587 1899 1653 1951 δι’

1759 1897 1972 1954 tametsi
2000 1897 2134 1951 illud
2166 1896 2265 1950 tibi
2288 1886 2585 1950 notandum
2617 1902 2722 1958 est,
2757 1893 2863 1947 alia
2886 1891 3104 1962 quidem
3134 1890 3332 1945 obscu-

115 1988 230 2059 ἅπερ
253 1987 395 2053 εἰκὸς
429 1985 502 2060 ἦν
530 1990 621 2042 καὶ
670 1988 926 2056 ἀφανίσαι
973 1988 1167 2051 αὐτοὺς
1207 1989 1304 2060 τὴν
1338 1988 1577 2061 Γραφὴν,
1608 1991 1656 2043 εί

115 2084 165 2132 ὲκ
203 2079 288 2132 τοῦ
345 2079 663 2151 προφανοῦς
706 2080 802 2150 τὴν
861 2079 1096 2150 ἐσχάτην
1161 2079 1336 2133 αὐτῶν
1387 2080 1658 2152 ἀποϐολὴν

115 2173 398 2241 ἐσήμαινεν.
443 2171 602 2225 Οὕτω
640 2171 769 2241 γοῦν
824 2171 918 2225 καὶ
972 2173 1083 2235 τοῖς
1122 2172 1426 2242 προφήταις
1475 2171 1658 2235 αὐτοῖς

115 2263 466 2317 ἐπιϐουλεῦσαι
486 2265 682 2326 αὐτοὺς
713 2263 932 2332 κατέχει
977 2263 1152 2330 λόγος,
1170 2263 1235 2316 δι’
1263 2262 1356 2325 οὓς
1384 2262 1659 2316 ἐποιοῦντο

114 2355 209 2406 κατ’
231 2356 407 2409 αὐτῶν
443 2355 717 2426 ἐλέγχους.
747 2355 814 2408 Al
853 2354 909 2408 δὲ
969 2357 1160 2423 σαφεῖς
1205 2358 1524 2426 προφητεῖαι
1561 2355 1658 2424 τὴν

115 2447 199 2498 τῶν
243 2448 411 2500 ἐθνῶν
469 2448 661 2517 κλῆσιν
703 2447 1001 2502 λευκότατα
1033 2447 1361 2518 περιέχουσι,
1386 2447 1493 2525 τῶν
1532 2450 1651 2501 κατ’

115 2535 357 2591 εὐσέϐειαν
414 2539 636 2607 ἀγαθῶν
685 2538 781 2602 τὰς
808 2539 1138 2607 ἐπαγγελίας
1175 2539 1235 2592 ού
1265 2538 1341 2609 τῷ
1391 2539 1656 2592 Ἰουδαίων

115 2627 247 2690 ἔθνει,
276 2631 413 2682 πᾶσι
461 2629 516 2682 δὲ
557 2627 860 2700 ἀνθρώποις
899 2631 1010 2692 τοῖς
1037 2629 1159 2682 καθ’
1196 2630 1325 2697 ὅλης
1351 2630 1447 2700 τῆς
1479 2631 1657 2682 οἰκου-

116 2719 255 2790 μένης
314 2721 804 2790 καταγγέλλουσαι.
837 2715 934 2772 Ὧν
965 2719 1137 2784 οὕτως
1192 2720 1442 2791 ἐχόντων,
1468 2721 1657 2793 καιρὸς

115 2809 194 2880 ἥδη
222 2813 310 2865 καὶ⁵
341 2813 446 2867 τῶν
485 2812 642 2866 θείων
669 2811 970 2866 ἐπακοῦσαι
1001 2812 1218 2879 λογίων.

1761 1991 1896 2055 rius,
1932 1989 2038 2043 alia
2081 1997 2260 2044 autem
2288 1988 2527 2058 apertius
2561 1987 2705 2041 dicta
2748 1985 2998 2040 inveniri.
3027 1984 3202 2053 Atque
3230 1996 3329 2052 ego

1760 2082 1976 2152 quidem
2004 2081 2258 2147 arbitror,
2290 2079 2590 2135 occultiora
2622 2079 2711 2134 illa
2741 2085 2961 2147 propter
2983 2073 3220 2138 Iudaeos,
3254 2073 3330 2127 ita

1758 2175 1999 2230 involute
2033 2181 2195 2244 atque
2241 2170 2504 2242 implicite
2540 2170 2753 2225 reddita
2785 2183 2929 2230 esse,
2960 2166 3104 2237 quod
3136 2162 3330 2219 videli—

1759 2275 1846 2323 cet
1864 2267 2041 2322 tristia
2064 2263 2309 2336 quaedam
2339 2264 2393 2318 in
2427 2263 2535 2317 illis
2564 2269 2754 2317 contra
2791 2261 2942 2330 ipsos
2975 2265 3328 2318 canerentur,

1758 2361 1828 2414 ob
1860 2374 1981 2429 quae
2010 2356 2306 2413 verisimile
2339 2355 2461 2422 fuit,
2487 2357 2637 2425 ipsos
2660 2352 2959 2407 abolituros
2991 2349 3330 2420 perdituros-

1756 2464 1862 2520 que
1885 2449 2054 2504 fuisse
2075 2447 2434 2518 Scripturam,
2466 2445 2512 2500 si
2540 2451 2726 2514 aperte
2746 2453 3048 2498 extremum
3082 2440 3326 2510 ipsorum

1756 2539 2037 2595 interitum
2085 2538 2470 2610 signiﬁcasset.
2521 2534 2612 2590 Sic
2666 2549 2799 2589 sane
2835 2533 2998 2588 etiam
3043 2530 3326 2602 prophetis

1756 2633 1985 2688 infestos
2027 2632 2217 2697 fuisse,
2261 2630 2536 2685 memoria:
2579 2628 2855 2698 proditum
2890 2631 2994 2689 est,
3038 2630 3326 2694 propterea

1755 2724 1900 2793 quod
1930 2725 1998 2779 ab
2037 2724 2148 2778 illis
2182 2720 2734 2792 reprehenderentur.
2759 2718 2891 2784 Qua:
2921 2730 3050 2770 vero
3080 2713 3324 2787 apertius

1756 2815 2054 2884 loquuntur
2083 2811 2402 2883 prophetiae,
2429 2810 2496 2864 ab
2520 2809 2589 2865 iis
2606 2807 2794 2875 utique
2818 2803 3059 2874 gentium
3087 2800 3324 2866 vocatio,

116 2905 252 2958 nullis
280 2906 523 2959 involuta
575 2904 1021 2968 obscuritatibus,
1057 2904 1366 2959 continetur
1393 2904 1438 2959 ’z
1484 2904 1792 2975 eaedemque
1849 2907 2116 2961 bonorum
2149 2919 2270 2974 qua:
2310 2918 2338 2955 a
2370 2902 2570 2973 pietate
2619 2896 3041 2969 proficiscuntur
3092 2891 3327 2962 promis~

116 2997 289 3064 siones,
332 3013 444 3052 non
494 2999 587 3051 uni
630 2995 870 3051 Judaicae
913 2997 1080 3068 genti,
1138 2996 1232 3051 sed
1281 2997 1539 3051 omnibus
1581 3012 1678 3066 per
1739 3007 1909 3052 totum
1961 3005 2235 3052 terrarum
2301 2995 2490 3049 orbem
2549 2991 2898 3054 hominibus,
2957 2986 3325 3042 denuntiant:

114 3109 212 3160 quae
261 3109 386 3147 cum
434 3092 515 3148 sic
561 3107 620 3148 se
653 3107 748 3146 res
801 3091 1057 3156 habeant,
1103 3090 1215 3161 jam
1263 3105 1407 3145 nunc
1435 3091 1656 3145 oracula
1689 3101 1906 3164 qquue
1924 3091 2107 3148 divina
2133 3090 2346 3154 audire,
2375 3095 2591 3158 tempus
2619 3085 2802 3140 fuerit.

619 3207 1015 3260 ΚΕΦΑΛΑΙΟΝ
1054 3209 1135 3263 A'.

121 3298 342 3369 Ψαλμοῦ
363 3301 450 3364 ιζ’.
471 3330 543 3340 ~——
565 3299 710 3353 Θεοῦ
731 3303 816 3365 εἰς
833 3301 1178 3370 ἀνθρώπους
1203 3301 1460 3369 ἀφίξεως
1473 3301 1658 3370 δήλω-

332 3385 450 3435 σις,
483 3371 580 3423 καὶ
606 3371 703 3423 ἐπὶ
746 3372 926 3438 ταύτῃ
955 3369 1172 3437 κλῆσις
1199 3371 1406 3425 ἐθνῶν.

177 3477 194 3511 ι
227 3463 335 3514 Καὶ
366 3461 576 3514 ἔκλινεν
624 3462 906 3531 οὐρανοὺς,
947 3460 1041 3512 καὶ
1085 3462 1311 3531 κατέϐη,
1335 3463 1426 3516 καὶ
1454 3463 1656 3535 γνόφος

119 3552 202 3605 ὑπὸ
224 3557 346 3618 τοὺς
370 3556 533 3618 πόδας
569 3554 731 3608 αὑτοῦ
753 3571 766 3586 ο
798 3554 891 3607 καὶ
919 3553 1087 3624 ἐπέϐη
1119 3556 1211 3608 ἐπὶ
1246 3557 1528 3627 χερουϐὶμ,
1563 3559 1658 3610 καὶ

119 3646 395 3719 ὲπετὰσθη·
457 3647 731 3719 ἐπετάσθη
789 3648 879 3700 ἐπὶ
929 3646 1214 3718 πτερύγων
1260 3649 1511 3720 ἀνέμωνο
1562 3649 1657 3703 καὶ

120 3736 240 3791 ἔθετο
289 3740 476 3804 σκότος
529 3740 852 3811 ἀποκρυφὴν
906 3739 1107 3805 αὑτοῦ,
1157 3740 1339 3811 κύκλῳ
1399 3739 1563 3794 αὐτοῦ
1622 3741 1654 3812 ἡ

121 3829 263 3901 σκηνὴ
290 3830 471 3885 αὐτοῦ.
515 3849 533 3881 ι
577 3829 842 3902 Ἠγοῦμαι
875 3831 964 3885 διὰ
1007 3833 1210 3887 τούτων
1249 3834 1502 3904 ἄντικρυς
1523 3831 1654 3885 Θεοῦ

119 3921 311 3976 κάθοδον
340 3923 630 3995 οὐρανόθεν
661 3926 1043 3996 παρίστασθαι.
1079 3926 1363 4000 Προειπὼν
1387 3927 1494 3999 γὰρ
1527 3926 1657 3980 πολ-

117 4008 194 4076 λὰς
216 4013 505 4082 θεολογίας,
549 4014 791 4082 ἐπιλέγει
828 4015 896 4068 τὰ
936 4017 1245 4088 ἐκκείμενα.
1270 4017 1358 4088 Τῷ
1385 4019 1442 4071 δὲ
1479 4017 1656 4086 λέγειν

120 4102 287 4157 κλίνειν
308 4104 465 4157 αὑτὸν
492 4105 773 4176 οὐρανοὺς,
804 4107 896 4158 καὶ
939 4105 1371 4176 κατεληλυθέναι,
1403 4105 1658 4176 σημαίνει

119 4193 193 4263 τὴν
212 4198 502 4268 ὑποστολὴν
529 4200 627 4269 τῆς
643 4196 827 4250 ἐνθέου
860 4197 1038 4267 δόξης,
1070 4199 1135 4268 ἣν
1167 4200 1194 4252 ὁ
1220 4199 1359 4263 θεῖος
1394 4198 1652 4252 Ἀπόστο-

117 4285 186 4352 λος
209 4293 464 4362 παριστὰς
490 4291 702 4359 ἔλεγεν⁹
738 4310 756 4342 ι
793 4294 886 4354 Ὃς
904 4294 961 4344 ἐν
995 4293 1176 4362 μορφῇ
1208 4290 1340 4343 Θεοῦ
1371 4290 1650 4362 ὑπάρχων,

117 4381 197 4451 οὐχ
226 4384 507 4454 ἁρπαγμὸν
562 4385 807 4454 ἡγήσατο
855 4384 915 4436 τὸ
944 4377 1081 4435 εἶναι
1110 4382 1200 4436 ἴσα
1228 4383 1365 4453 Θεῷ,
1400 4383 1514 4438 ἀλλ’
1549 4383 1652 4435 αύ-

117 4472 189 4523 τὸν
206 4475 443 4539 ὲκένωσε,
473 4474 684 4545 μορφὴν
705 4474 886 4526 δούλου
914 4473 1113 4526 λαϐών.
1142 4493 1159 4523 ι
1185 4473 1294 4525 Καὶ⁵
1305 4474 1384 4535 τὸ,
1409 4492 1427 4524 ι
1450 4473 1650 4544 Ἐπέϐη

2276 3207 2440 3278 253
2467 3202 2694 3261 CAPUT
2728 3201 2771 3257 ι.

1758 3306 1798 3358 Α
1829 3305 2035 3375 psalmo
2077 3319 2208 3357 xvn.
2232 3331 2308 3376 ——_
2325 3300 2424 3352 Dei
2448 3297 2517 3350 ad
2541 3296 2772 3376 homines
2796 3293 3054 3376 adventus
3087 3290 3323 3346 ostendi-

2158 3383 2265 3431 tur,
2292 3373 2414 3424 item
2437 3368 2639 3422 vacatio
2665 3368 2920 3435 gentium.

1831 3484 1850 3514 ε
1881 3464 1946 3518 Et
1982 3464 2264 3518 inclinavit
2289 3462 2458 3517 caelos
2486 3470 2540 3515 et
2583 3455 2887 3518 descendit,
2923 3463 2976 3508 et
3013 3451 3188 3522 caligo
3222 3449 3325 3504 sub

1756 3557 1984 3626 pedibus
2013 3555 2169 3624 ejus:
2201 3562 2255 3608 et
2284 3551 2528 3607 ascendit
2563 3565 2725 3618 super
2756 3545 3060 3608 cherubim,
3095 3550 3148 3597 et
3176 3542 3323 3596 vola-

1755 3649 1833 3702 vit
1865 3664 1878 3699 :
1917 3647 2116 3701 volavit
2143 3660 2306 3715 super
2336 3658 2542 3714 pennas
2581 3649 2866 3696 ventorum
2902 3655 2916 3691 :
2951 3645 3004 3690 et
3023 3632 3207 3704 posuit
3235 3639 3321 3685 te-

1757 3742 1952 3796 nebras
1979 3739 2259 3793 latibulum
2291 3751 2473 3798 suum,
2508 3735 2562 3787 in
2588 3731 2820 3787 circuitu
2848 3728 2967 3797 ejus
2995 3725 3322 3780 tabernacu-

1757 3836 1867 3889 lum
1898 3832 2018 3903 ejus
2038 3833 2100 3885 ¹¹.
2146 3850 2163 3882 ι
2214 3830 2463 3883 Arbitror
2511 3843 2578 3882 ex
2619 3825 2706 3879 his
2747 3819 3064 3894 planissime
3105 3816 3201 3870 Dei
3255 3814 3322 3869 de

1757 3925 1895 3979 ctelo
1943 3924 2264 3978 descensum
2292 3916 2507 3974 ostendi
2539 3931 2553 3968 :
2601 3921 2888 3985 postquam
2918 3909 3064 3965 enim
3123 3905 3322 3960 multas

1758 4018 2059 4086 theologias
2110 4011 2437 4077 enuntiavit,
2477 4019 2591 4064 tum
2631 4022 2694 4063 ea
2744 4020 2866 4077 quae
2911 4000 3160 4069 exposita
3194 4005 3318 4052 sunt

1756 4109 2020 4179 adjungit.
2054 4106 2227 4160 Porro
2267 4106 2396 4159 dum
2438 4101 2572 4156 dicit
2606 4099 2902 4153 inclinasse
2937 4093 3088 4148 illum
3127 4091 3319 4151 cazlos,

1749 4207 1807 4254 et
1833 4199 1912 4254 sic
1936 4197 2308 4257 descendisse,
2349 4192 2775 4248 contractibnem
2816 4186 3010 4242 divinae
3033 4181 3216 4252 gloria:
3247 4181 3320 4234 si-

1753 4293 1993 4363 gniticat,
2008 4303 2169 4359 quam
2198 4288 2416 4342 divinus
2431 4283 2722 4354 Apostolus
2739 4280 3024 4334 declarans
3043 4273 3148 4328 ait:
3174 4291 3192 4324 ι
3217 4270 3320 4338 Qui

1755 4399 1878 4438 cuin
1908 4383 1960 4436 in
1989 4381 2160 4436 forma
2189 4379 2282 4436 Dei
2300 4387 2466 4440 esset,
2491 4391 2598 4431 non
2630 4373 2873 4442 rapinam
2914 4367 3209 4422 arbitratus
3237 4369 3320 4416 est

1754 4489 1876 4530 esse
1906 4489 1964 4528 se
1989 4473 2248 4542 aequalem
2283 4471 2394 4525 Deo
2426 4485 2439 4521 :
2467 4469 2558 4522 sed
2593 4465 2830 4533 seipsum
2855 4456 3174 4518 exinanivit,
3210 4452 3319 4506 lor-

115 4563 157 4617 se
171 4567 252 4620 ἐπὶ
269 4542 662 4638 Iamiam—invni
685 4566 977 4638 ἐπετάσθη,
1008 4586 1026 4617 ι
1045 4565 1371 4620 αἰνίττεσθαί
1401 4582 1488 4635 μοι
1509 4542 1656 4622 δοκεῖ

1760 4584 1901 4623 mam
1938 4570 2079 4623 servi
2120 4563 2474 4635 accipiens“.
2509 4581 2526 4612 ο
2560 4557 2693 4612 Illud
2734 4560 2913 4607 autem
2945 4589 2960 4613 ,
3005 4567 3024 4599 ι
3061 4542 3320 4602 Ascendit

116 4657 194 4727 τὴν
214 4661 296 4712 ἐπὶ
323 4659 414 4713 τοῦ
442 4658 579 4712 Θεοῦ
602 4657 754 4724 δόξαν
783 4657 1246 4720 ἀποκατάστασιν,
1271 4657 1336 4728 ἢν
1360 4657 1652 4729 πεποίηται

116 4751 397 4817 ἀγγελικαῖς
455 4752 549 4805 καὶ
605 4751 775 4814 θείαις
831 4750 1090 4820 δυνάμεσι
1150 4747 1646 4820 δορυφορούμενος·

115 4838 136 4888 ὅ
164 4843 241 4892 καὶ
289 4843 416 4894 αὐτὸ
448 4840 736 4913 δηλοῦσθαι
767 4859 855 4912 μοι
885 4840 1028 4894 δοκεῖ
1049 4840 1132 4894 διὰ
1162 4839 1280 4892 τοῦ·
1301 4859 1320 4891 ι
1345 4839 1644 4909 Ἐπετὰσθη

116 4929 186 4982 ἐπὶ
213 4934 488 5005 πτερύγων
529 4933 764 5004 ἀνέμων.
796 4952 814 4984 ι
852 4932 925 4986 Τὸ
959 4932 1014 4985 δὲ
1041 4933 1231 4995 σκότος
1255 4931 1527 4984 τεθεῖσθαι
1547 4931 1645 5002 τὴν

116 5020 402 5095 ἀποκρυφὴν
433 5022 624 5086 αὐτοῦ,
663 5025 756 5078 καὶ
780 5024 974 5092 γνόφον
1005 5023 1108 5077 ὑπὸ
1136 5024 1260 5086 τοὺς
1298 5021 1461 5085 πόδας
1487 5021 1652 5075 αὑτοῦ

116 5112 356 5181 λέγεσθαι,
410 5115 816 5187 παραστατικὸν
861 5114 927 5168 ἂν
987 5115 1071 5185 εἴη
1112 5116 1212 5186 τῆς
1267 5113 1499 5186 κρυφίου
1558 5112 1653 5167 καὶ

117 5206 391 5279 ἀπορρήτου
448 5207 779 5278 οἰκονομίας,
822 5207 940 5260 καθ’
973 5209 1038 5282 ἣν
1076 5207 1247 5260 ταῦτα
1291 5208 1467 5261 πάντα
1503 5205 1652 5278 αὐτῷ

116 5297 330 5351 ἐτελεῖτο.
376 5317 394 5348 ι
433 5297 634 5368 Κύκλῳ
683 5298 738 5350 δὲ
762 5296 926 5351 αὐτοῦ
959 5300 992 5370 ἡ
1051 5298 1218 5369 σκηνὴ
1253 5297 1441 5361 αὐτοῦ,
1479 5318 1499 5350 ι
1529 5300 1650 5353 τίνα

115 5385 332 5455 λέγεσθαι
390 5391 656 5461 προσήκει
692 5389 920 5460 νοεῖν,ἢ
973 5389 1072 5459 τὴν
1119 5389 1278 5457 ἁγίαν
1336 5387 1500 5442 αὖτοῦ
1559 5390 1651 5443 καὶ

114 5482 370 5554 καθολικὴν
402 5482 747 5552 Ἐκκλησίαν,
778 5483 886 5537 εἴτε
907 5480 1006 5554 τὴν
1040 5481 1130 5534 ἐπὶ
1145 5481 1239 5551 τῆς
1257 5481 1380 5550 γῆς,
1414 5481 1522 5533 εἴτε
1555 5480 1654 5552 τὴν

113 5573 155 5622 ἑν
177 5576 436 5647 οὐρανοῖς;
484 5575 641 5644 Ἑξῆς
670 5574 726 5627 δὲ
756 5573 896 5630 κατὰ
923 5575 1011 5631 τὸν
1043 5575 1200 5628 αὐτὸν
1229 5575 1440 5646 ψαλμὸν
1474 5573 1654 5627 τελευ-

112 5667 196 5719 τῶν
216 5673 240 5720 ὁ
255 5669 427 5739 λόγος,
449 5668 587 5739 ὁμοῦ
615 5666 940 5738 παραίτησιν
961 5668 1055 5720 τοῦ
1084 5669 1346 5740 προτέρου
1383 5667 1531 5733 λαοῦ,
1561 5669 1652 5722 καὶ

168 5843 201 5874 ¹²
230 5845 364 5902 l’sal.
397 5862 528 5912 xvu,
571 5845 751 5900 10-12.
835 5847 876 5876 ¹³
915 5844 1141 5910 Philipp.
1176 5860 1234 5906 Il,
1264 5843 1317 5900 6.

1760 4673 1924 4727 super
1944 4633 2260 4716 cherubim,
2279 4659 2335 4707 et
2363 4650 2587 4712 volavit,
2624 4665 2640 4698 ι
2677 4642 2986 4713 signiﬁcare
3005 4636 3136 4691 mihi
3169 4633 3318 4688 vide-

1757 4725 1866 4810 tur,
1896 4748 2037 4819 quod
2081 4747 2264 4817 gloriae
2304 4743 2397 4798 Dei
2426 4747 2574 4796 esset
2616 4731 3009 4794 restituendus,
3053 4733 3217 4798 atque
3247 4725 3330 4780 in-

1755 4843 1913 4897 terim
1968 4839 2229 4910 angelicis
2283 4834 2592 4903 divinisque
2637 4827 2809 4899 copiis
2863 4819 3253 4890 constipandus
3301 4831 3318 4867 τ

1753 4932 1897 5004 quod
1937 4908 2063 4986 item
2105 4929 2234 4984 mihi
2275 4927 2554 4982 declarare
2582 4921 2712 4976 illud
2751 4918 2965 4972 videtur
3003 4932 3016 4967 :
3051 4932 3068 4963 ι
3109 4908 3320 5004 Volavit

1753 5001 1917 5095 super
1943 5037 2149 5095 pennas
2177 5029 2482 5077 ventorum.
2517 5037 2534 5068 ι
2566 5014 2722 5084 Quod
2746 5019 2925 5066 autem
2961 5005 3215 5060 tenebras
3243 5001 3317 5052 la-

1749 5094 1982 5172 tibuluut
2029 5129 2188 5169 suum
2217 5111 2482 5183 posuerit,
2515 5120 2566 5164 et
2619 5106 2905 5176 caliginem
2951 5099 3053 5155 sub
3091 5094 3320 5183 pedibus

1750 5207 1869 5276 ejus
1903 5205 2118 5268 dixerit,
2143 5179 2398 5256 nimirum
2431 5200 2537 5252 hoc
2573 5198 2660 5258 sit,
2705 5192 2972 5248 occultam
2998 5194 3051 5240 et
3082 5179 3327 5238 inell‘abi-

1751 5302 1856 5356 leut
1895 5296 2359 5367 dispensationem
2404 5287 2721 5350 indicantis,
2779 5278 3081 5339 secundum
3130 5288 3320 5344 quam,

1756 5393 2008 5448 universa
2057 5389 2170 5444 haec
2200 5387 2268 5441 ab
2303 5389 2424 5456 ipso
2469 5380 2706 5454 perfecta
2734 5382 2862 5431 sunt
2896 5389 2908 5423 :
2943 5369 3089 5440 quod
3139 5375 3320 5419 autem

1760 5503 1779 5536 ‹
1817 5484 1875 5538 In
1905 5482 2136 5538 circuitu
2191 5479 2311 5549 ejus
2341 5472 2751 5532 tabernaculum
2784 5466 2904 5536 ejus
2936 5483 2954 5514 ι
2990 5461 3194 5515 dictum
3228 5457 3320 5519 sit,

1753 5577 1886 5633 nihil
1933 5589 2032 5645 ego
2081 5573 2226 5627 aliud
2279 5569 2504 5638 intelligi
2544 5571 2799 5635 oportere
2848 5558 3104 5618 arbitror,
3156 5565 3320 5620 quani

1755 5673 1998 5722 sanctam
2047 5663 2220 5735 ipsius
2250 5668 2303 5718 et
2335 5657 2662 5714 catholicam
2695 5651 3019 5713 Ecclesiam,
3054 5646 3168 5701 sive
3201 5658 3320 5697 eam
