3894 6510
498 423 602 478 M5
1136 415 1401 474 EUSEBII
1425 410 1900 470 CASSARIENSIS
1939 409 2089 466 OPP.
2131 409 2308 466 PARS
2339 408 2403 464 11.
2441 439 2512 452 —
2543 405 3038 464 APOLOGETICA.
3644 409 3773 464 ιιδ

498 561 620 616 quae
647 546 701 600 in
725 544 909 610 terris,
943 542 1058 599 sive
1093 555 1213 595 eam
1247 553 1367 609 quae
1397 538 1452 592 in
1484 538 1626 592 coalo
1650 544 1900 592 versatur
1934 536 2036 589 acc‘

2228 551 2274 604 1v
2333 532 2526 604 κλῆσιν
2566 529 2887 584 τῶνὲθνῶν
2939 526 3311 601 προθεσπίζει,
3350 528 3420 582 δι’
3463 523 3539 583 ὧν
3579 547 3766 600 φησι·

502 640 640 708 pias.
673 636 940 705 Deinceps
959 649 1087 688 vero
1113 632 1168 685 in
1198 630 1388 686 eodem
1420 627 1941 700 psalmoubi-oratio
1971 635 2040 680 tet

2246 624 2410 696 Ῥύσῃ
2432 641 2497 696 με
2521 622 2580 688 ἐξ
2597 621 2911 692 ἀντιλογιῶν
2931 621 3082 688 λαοῦ,
3100 622 3460 691 καταστήσεις
3485 639 3550 692 με
3563 623 3652 685 είς
3668 638 3772 674 κε-

501 733 763 796 minatur,
786 729 946 784 simul
977 735 1030 783 et
1055 724 1399 794 rejectionem
1429 722 1626 794 prioris
1656 721 1860 792 populi,
1891 727 1946 775 et
1979 734 2039 773 vo

2234 717 2351 779 ιλάς
2378 713 2565 768 ὲθνῶν.
2597 714 2736 776 Λαὸς
2767 713 2826 766 ὃν
2859 713 2957 766 οὐκ
2984 712 3154 780 ἔγνων
3183 711 3457 765 ὲδούλευσέ
3492 727 3605 782 μοι,
3646 711 3772 764 υἱοὶ

502 825 772 878 cationem
802 821 1042 893 gentium
1073 817 1418 889 ριἀιάίγίιιιιι,
1433 815 1518 870 his
1541 813 1762 869 verbis:
1806 829 1824 862 ι
1861 809 2040 880 Eripie

2235 808 2442 880 ,λότριοι
2473 804 2768 868 έψεύσαντό
2815 822 2926 875 μοι,
2958 803 3065 857 υίοὶ
3099 803 3366 875 ἀλλότριοι
3401 802 3773 874 ὲπαλαιὼθη-

505 932 591 972 me
620 917 687 972 de
730 892 1255 972 contradictionibus
1305 908 1515 981 populi,
1552 906 1856 962 constitues
1899 918 1985 957 me
2016 901 2043 955 i1

2234 917 2298 966 ιν,
2330 898 2421 952 καὶ
2448 895 2716 968 ὲχώλαναν
2756 895 2862 949 ἀπὸ
2886 896 2993 949 τῶν
3025 894 3225 965 τρίϐων
3253 894 3455 948 αὐτῶν.
3501 912 3521 946 ι
3558 892 3772 947 Ταῦτα

506 1019 670 1084 caput
697 1009 960 1082 gentium.
993 1005 1233 1075 Populus
1274 1018 1434 1073 quem
1458 1015 1566 1055 non
1592 996 1821 1069 cognovi
1852 991 2044 1050 servivi

2262 987 2447 1052 ὁποίας
2471 987 2709 1050 διανοίας
2741 985 2943 1058 ἔχεται,
2961 986 3103 1040 κατά
3129 986 3219 1039 τὸν
3249 986 3600 1057 προσήκοντα
3638 1001 3775 1038 xm-

508 1075 663 1169 mihi,
700 1075 765 1157 ἷιι
821 1099 1010 1154 auditu
1065 1097 1216 1152 auris
1258 1093 1500 1150 obedivit
1547 1090 1679 1145 mihi
1719 1105 1731 1140 ι
1775 1086 1871 1141 mn
1912 1085 2046 1140 alien

1200 1113 1216 1152 ι
1258 1093 1500 1150 obedivit
1547 1090 1679 1145 mihi
1719 1105 1731 1140 :
1775 1086 1871 1141 tilii
1912 1082 2075 1140 alieni
2182 1079 2275 1151 ρὸν
2301 1075 2738 1148 ἐξετασθήσεται.

507 1199 722 1257 mentiti
772 1209 901 1253 sunt
945 1194 1101 1261 mihi,
1149 1191 1244 1246 ﬁlii
1291 1188 1453 1244 alieni
1503 1184 1788 1242 inveterati
1822 1190 1970 1244 sunt,
2021 1185 2074 1234 et
2102 1174 2544 1232 claudicaverunt
2571 1187 2601 1226 a
2632 1171 2842 1229 semitis
2901 1171 3016 1228 suis
3041 1171 3104 1225 “.
3147 1189 3167 1224 ι
3221 1168 3347 1226 Haec
3368 1178 3550 1226 autem
3609 1185 3772 1242 quo-

508 1311 635 1352 nam
692 1308 857 1351 sensu
884 1292 1199 1362 accipienda
1235 1290 1366 1351 sint,
1395 1299 1497 1341 suo
1527 1294 1768 1353 tempore
1795 1274 2176 1349 inquirendum
2215 1287 2244 1326 a
2268 1270 2425 1325 nobis
2453 1270 2578 1324 erit.

1021 1402 1187 1473 259
1224 1398 1450 1456 CAPUT
1493 1396 1558 1454 ιι.

2715 1383 3108 1438 ΚΕΦΑΛΔΙΟΝ
3145 1383 3220 1438 Β.

513 1523 552 1578 Α
589 1521 792 1591 psalmo
817 1533 959 1591 τινι.
992 1546 1063 1557 -
1088 1516 1349 1591 Ascensus
1377 1513 1473 1568 Dei
1502 1512 1591 1582 qui
1617 1511 1766 1580 prius
1796 1505 2046 1591 descende

2232 1514 2434 1584 ἀλμοῦ
2465 1521 2579 1591 pg’.
2599 1545 2682 1591 _-—7
2714 1515 3022 1591 Ἀνάᾷᾳσες
3051 1512 3199 1591 Θεοῦ
3231 1512 3770 1591 προκατελῃλυθότ

584 1582 667 1645 rat
693 1606 712 1643 :
740 1606 802 1644 ac
822 1588 1060 1655 deinceps
1095 1586 1297 1640 vacatio
1337 1593 1646 1655 cunctarum
1674 1583 1930 1651 gentium,
1961 1593 2077 1649 qua:

2253 1582 2374 1650 τοξ,
2391 1582 2490 1638 καὶ
2508 1586 2828 1652 ἐπίκλησις
2854 1584 3042 1655 ἐθνῶν
3062 1583 3362 1648 ἁπάντων,
3390 1584 3497 1637 τὸν
3518 1582 3632 1635 ἕνα
3661 1582 3769 1634 καὶ

585 1674 744 1713 unum
767 1669 815 1714 et
846 1653 1017 1713 solum
1049 1656 1214 1714 Deum
1251 1663 1402 1708 erant
1431 1653 1740 1723 cognitane.

1610 1668 1740 1706 urw.
2251 1655 2440 1725 μόνον
2465 1657 2610 1710 Θεὸν
2641 1654 3148 1725 ἐπιγνωσθμένων.

589 1771 608 1805 ι
643 1755 840 1807 Omnes
865 1758 1074 1822 gentes,
1125 1746 1363 1818 plaudite
1393 1745 1670 1808 manibus,
1703 1742 1932 1813 jubilate
1967 1738 2078 1795 Deo

2257 1765 2276 1798 ι
2305 1747 2488 1801 Πάντα
2515 1746 2584 1800 τὰ
2608 1745 2732 1817 ἔθνη
2764 1748 3064 1819 κροτήσατε
3093 1749 3278 1818 χεῖρας
3299 1785 3311 1809 ,
3348 1743 3661 1808 ἀλαλάξατε
3686 1742 3770 1813 τῷ

513 1843 564 1899 ir
603 1857 737 1897 voce
762 1839 1161 1904 exsultationis,
1193 1837 1448 1908 quoniam
1464 1833 1727 1889 Dominus
1753 1832 2051 1887 altissimus

2231 1837 2298 1908 εῷ
2328 1839 2386 1892 ὲν
2418 1841 2566 1910 φωνῇ
2597 1838 2963 1907 ἀγαλλιάσεως
2983 1878 2997 1897 .
3019 1839 3099 1892 ὅτι
3138 1837 3340 1909 Κύριος
3365 1835 3587 1906 ὕψιστος
3609 1874 3627 1896 ,
3667 1852 3769 1903 φο-

515 1933 796 1997 terrihilis,
830 1947 924 1988 rex
957 1947 1185 2002 magnus
1228 1944 1391 1999 super
1435 1941 1650 1981 omnem
1683 1933 1904 1980 terram.
1935 1921 2049 1976 Sub

2228 1930 2359 2003 ἱρὸς,
2392 1930 2640 2001 βασιλεὺς
2673 1930 2842 2002 μέγας
2876 1930 2965 1983 έπὶ
2997 1931 3178 1982 πᾶσαν
3200 1929 3299 2000 τὴν
3331 1928 3453 1998 γῆν.
3483 1925 3766 1991 Ὑπέταξε

513 2023 641 2096 jecit
677 2024 902 2093 populos
933 2023 1111 2086 nobis,
1138 2027 1192 2076 et
1209 2029 1398 2092 gentes
1424 2019 1526 2075 sub
1554 2017 1785 2089 pedibus
1819 2016 2026 2071 nostris

2230 2026 2338 2087 ιοὺς
2362 2025 2524 2095 ἡμῖν,
2571 2023 2666 2076 καὶ
2693 2023 2819 2095 ἔθνη
2861 2022 2966 2077 ὑπὸ
3009 2022 3136 2086 τοὺς
3167 2022 3332 2086 πόδας
3363 2021 3547 2093 ἡμῶν
3578 2020 3768 2088 ἐξελέ-

514 2115 674 2185 elegit
704 2113 862 2168 nobis
888 2111 1256 2166 [nereditatem
1299 2109 1424 2174 sibi,
1454 2108 1689 2178 speciem
1721 2105 1889 2160 Jacob
1915 2120 2052 2174 quan

2232 2130 2308 2166 ιτο
2335 2115 2466 2184 ἡμῖν
2492 2113 2589 2185 τὴν
2619 2113 2980 2185 κληρονομίαν
3011 2110 3210 2183 ἑαυτῷ,
3239 2111 3336 2184 τὴν
3362 2110 3632 2182 καλλονὴν
3662 2111 3770 2163 Ἰα-

515 2205 724 2260 dilexit.
775 2203 1032 2260 Ascendit
1059 2202 1202 2260 Deus
1231 2203 1503 2273 injuhilo,
1541 2199 1804 2256 Dominus
1847 2198 1904 2252 in
1950 2212 2050 2250 voc

2227 2203 2330 2270 ἰοϐ,
2379 2205 2444 2277 ἢν
2495 2205 2799 2276 ἠγάπησεν.
2853 2203 3043 2276 Ἀνέϐη
3078 2205 3106 2258 6
3149 2204 3280 2268 Θεὸς
3315 2205 3372 2257 ὲν
3415 2202 3765 2274 ἀλαλαγμῷ,

519 2299 682 2352 tubae.
718 2295 936 2352 Psallite
994 2295 1104 2351 Deo
1151 2296 1364 2360 nostro,
1399 2294 1648 2366 psallite,
1708 2291 1923 2362 psallite
1965 2305 2057 2359 reg

2229 2295 2382 2368 6pm;
2424 2299 2481 2350 ὲν
2513 2299 2662 2369 φωνῇ
2698 2297 3014 2366 σάλπιγγος.
3044 2295 3261 2350 Ψάλατε
3292 2295 3368 2366 τῷ
3409 2295 3529 2364 Θεῷ
3555 2295 3728 2366 ήμῶν
3751 2334 3767 2357 ,

516 2399 726 2453 nostro,
759 2390 991 2460 psallite,
1029 2388 1284 2460 quoniam
1333 2401 1426 2442 rex
1471 2385 1652 2440 omnis
1708 2393 1868 2439 terra:
1915 2380 2054 2436 Deus

2231 2389 2405 2454 ἀλατε,
2439 2389 2644 2459 ψάλατε
2669 2388 2746 2459 τῷ
2777 2388 2984 2460 βασιλεί
3014 2387 3192 2460 ήμῶν,
3230 2386 3459 2458 ψάλατε,
3493 2387 3576 2440 ὅτι
3609 2384 3769 2455 βασι-

517 2483 732 2553 psallite
781 2482 1094 2552 sapienter:
1158 2480 1406 2551 regnavit
1455 2477 1600 2533 Deus
1654 2491 1818 2547 super
1872 2482 2055 2546 gentes

2232 2481 2306 2544 ab;
2330 2480 2507 2552 πάσης
2534 2481 2632 2552 τῆς
2661 2481 2766 2550 γῆς
2796 2483 2824 2534 6
2852 2481 3004 2545 Θεὸς,
3036 2479 3241 2551 ψάλατε
3272 2479 3507 2542 συνετῶς
3530 2495 3544 2508 ·
3575 2478 3770 2531 ἐϐασίο

517 2572 659 2628 Deus
690 2572 839 2627 sedet
879 2588 1043 2644 super
1064 2573 1246 2627 sedem
1283 2581 1526 2626 sanctam
1579 2583 1756 2622 suam.
1803 2563 2054 2634 Principe

2231 2587 2371 2623 ευσεν
2393 2571 2421 2622 6
2450 2571 2581 2636 Θεὸς
2607 2571 2698 2624 ὲπὶ
2736 2570 2805 2624 τά
2845 2571 2971 2640 ἔθνη
2990 2588 3003 2600 ·
3038 2573 3066 2624 6
3089 2570 3222 2633 Θεὸς
3246 2568 3480 2641 κάθηται
3509 2567 3603 2621 ἐπὶ
3641 2567 3769 2640 θρό-

518 2664 840 2734 populorum
899 2663 1213 2734 congregati
1275 2668 1404 2716 sunt
1451 2675 1573 2715 cum
1622 2653 1731 2711 Deo
1767 2653 2038 2709 Abraham

2230 2679 2275 2714 ιυ
2311 2663 2463 2731 ἁγίου
2498 2663 2682 2716 αὑτοῦ.
2726 2665 3016 2735 ’Ἄρχοντες
3056 2662 3197 2716 λαῶν
3239 2661 3584 2733 συνήχθησαν
3621 2660 3768 2732 μιτά

517 2753 774 2824 quoniam
819 2752 988 2822 ipsius
1018 2751 1113 2808 Dei
1166 2752 1335 2806 fortes
1360 2768 1387 2805 a
1423 2759 1566 2804 terra
1595 2749 1944 2803 vehementer
1971 2744 2054 2800 ele

2229 2751 2277 2806 ιῦ
2310 2753 2443 2807 Θεοῦ
2492 2753 2762 2825 Ἀϐραὰμ,
2794 2755 2873 2808 ὅτι
2896 2753 2988 2806 τοῦ
3011 2752 3144 2806 Θεοῦ
3169 2754 3216 2806 οί
3251 2752 3498 2823 κραταιοὶ
3524 2750 3628 2820 τῆς
3663 2751 3767 2822 γῆς

518 2844 627 2896 vati
659 2851 788 2899 sunt
820 2845 884 2900 ¹⁵.
919 2864 937 2895 ι
975 2843 1114 2910 Quid
1139 2842 1355 2896 tandem
1386 2841 1532 2895 aliud
1564 2854 1674 2910 prae
1704 2853 1761 2894 se
1781 2836 1923 2891 ferre
1973 2835 2056 2889 vul

2229 2844 2392 2916 φόδρα
2425 2843 2761 2916 ἐπήρθησαν.
2802 2864 2819 2897 ι
2859 2845 2969 2898 Καὶ
2999 2844 3049 2898 τί
3075 2843 3261 2915 ἓτερον
3288 2842 3534 2914 βούλεται
3568 2841 3767 2911 σημαί-

520 2935 568 2989 is
594 2933 804 2990 Domini
836 2951 898 2990 ac
935 2935 1027 2990 Dei
1072 2949 1356 2998 ascensus,
1407 2934 1500 3004 qui
1533 2932 1683 2987 hisce
1714 2929 1893 2984 verbis
1919 2941 2058 2998 expo

2229 2952 2296 2988 ειν
2329 2938 2360 3007 ή
2400 2936 2486 2989 διὰ
2513 2936 2715 2990 τούτων
2751 2936 3053 3008 δηλουμένη
3111 2935 3313 3006 Κυρίου
3377 2934 3471 2988 τοῦ
3496 2934 3634 2987 Θεοῦ
3674 2935 3767 2988 ἄν-

519 3029 658 3080 situs
677 3034 782 3089 est,
811 3041 973 3096 quam
1013 3036 1171 3080 antea
1202 3025 1552 3082 descendisse
1605 3037 1729 3078 eum
1756 3061 1772 3086 ,
1815 3019 1908 3090 qui
1942 3035 2052 3074 nun

2229 3028 2322 3092 5ος,
2355 3028 2388 3100 ἦ
2420 3030 2518 3101 τὴν
2549 3028 2768 3100 πρὸτῆς
2795 3029 2982 3082 ἀνόδου
3011 3027 3232 3082 κάθοδον
3263 3025 3457 3091 αὐτοῦ;
3486 3020 3630 3100 ὲφίξ
3661 3027 3767 3080 πά-

521 3116 818 3172 ascendat?
850 3126 970 3188 post
997 3134 1157 3188 quem
1192 3135 1323 3174 sane
1345 3132 1658 3180 ascensum,
1688 3115 2054 3184 protinusgen

2229 3138 2269 3173 ιν
2301 3121 2334 3192 ἠ
2357 3122 2463 3174 τῶν
2492 3121 2658 3175 ἐθνῶν
2681 3122 2896 3176 πάντων
2921 3121 3111 3192 κλῆσις
3139 3121 3469 3185 θεσπίζεται,
3499 3122 3683 3190 χαρᾶς
3709 3138 3767 3173 τε

520 3209 654 3263 tium
682 3217 1002 3264 cunctarum
1051 3211 1265 3266 vocatio
1321 3209 1558 3272 canitur,
1590 3205 1988 3274 hilaritatisque
2022 3217 2058 3254 at

2229 3213 2281 3264 αὶ
2315 3212 2651 3285 εὐφροσύνης
2692 3216 2892 3285 σημεῖα
2932 3214 3023 3266 ἐπὶ
3060 3216 3126 3284 τῇ
3163 3212 3428 3286 μελλούσῃ
3463 3211 3767 3283 θεογνωσίᾳ

523 3299 721 3354 laetitiae
752 3301 928 3370 signa.
959 3309 1086 3371 post
1116 3317 1234 3357 eam
1257 3316 1378 3371 qua:
1406 3304 1758 3370 exspectatur
1781 3293 1872 3349 Dei
1892 3291 2061 3364 cogni‘

2229 3306 2299 3367 ιῖς
2326 3303 2533 3358 ἔθνεσιν
2564 3306 2765 3360 ἀπασιν
2802 3304 3230 3374 εὐαγγελίζεται,
3263 3305 3350 3358 ὅτε
3375 3304 3578 3375 Κύριος
3597 3298 3767 3366 αὐτὸς

521 3393 746 3455 tionem,
782 3393 1095 3448 nationibus
1129 3392 1401 3448 universis
1449 3385 1787 3445 nuntiatur?
1843 3381 2059 3454 quando

2246 3394 2467 3463 ὕψιστος
2489 3435 2503 3460 ,
2535 3396 2692 3467 μόνος
2721 3397 2853 3462 Θεὸς
2886 3397 2978 3450 καὶ
3011 3395 3260 3467 βασιλεὺς
3290 3397 3501 3466 ἀπάσης
3534 3397 3631 3467 τῆς
3661 3397 3765 3464 γῆς

521 3483 739 3554 quidem
793 3481 970 3551 ipsum
996 3479 1285 3538 Dominum
1327 3480 1688 3541 altissimum,
1717 3488 1877 3546 quem
1911 3473 2059 3528 solun

2228 3486 2539 3556 μολογηθεὶς
2561 3526 2574 3550 ,
2607 3488 2895 3555 ὑποτάξειν
2932 3490 3093 3553 λαοὺς
3132 3490 3262 3559 ἡμῖν
3295 3487 3561 3541 λέλεκται.
3599 3488 3766 3558 Ἡμῖν

524 3573 691 3629 Deum
721 3589 786 3628 ac
814 3589 993 3644 regem
1023 3575 1289 3630 universa:
1313 3581 1473 3628 terra:
1507 3574 1795 3631 confessus
1823 3584 1926 3639 est,
1958 3571 2062 3630 sub

2227 3580 2244 3632 ὲ
2275 3581 2416 3634 τίσιν
2466 3579 2498 3651 ἢ
2528 3580 2728 3652 δηλαδὴ
2781 3584 2892 3645 τοῖς
2917 3582 3088 3635 ταῦτα
3107 3581 3574 3652 προφητεύουσιν;
3608 3583 3637 3634 δ
3669 3583 3765 3634 καὶ

519 3667 790 3734 iecturum
836 3667 996 3722 nobis
1049 3667 1278 3737 populos
1323 3665 1456 3721 dicit
1489 3685 1501 3719 :
1539 3667 1697 3722 nobis
1733 3674 1936 3731 autem,
1967 3664 2057 3735 qui

2227 3689 2334 3726 στιν
2365 3673 2607 3744 ἐναργῶς
2641 3674 2766 3726 ἰδεῖν
2801 3673 3243 3746 πεπληρωμένον,
3267 3676 3355 3728 ὅτε
3388 3675 3566 3728 πάντα
3594 3674 3664 3727 τὰ
3688 3678 3765 3739 εἰς

523 3759 628 3814 bus
657 3759 680 3812 'I
707 3760 791 3812 his
818 3774 970 3822 sane,
1000 3758 1092 3828 qui
1123 3757 1237 3811 haec
1269 3758 1383 3826 ipsa
1417 3758 1700 3813 vaticinati
1724 3765 1853 3812 sunt
1885 3776 1897 3812 :
1945 3772 2061 3827 (ιιιος

2227 3766 2422 3837 ζριστὸν
2450 3767 2852 3820 πεπιστευκότα
2894 3766 3019 3838 ἔθνη
3046 3770 3158 3831 τοῖς
3198 3767 3374 3836 λόγοις
3409 3768 3514 3820 τῶν
3545 3784 3765 3840 προφηο

525 3850 702 3921 ipsum
756 3850 973 3920 quidem
997 3851 1107 3918 jam
1139 3863 1285 3903 nunc
1315 3849 1643 3919 completum
1691 3851 1847 3920 plane
1892 3852 2063 3904 intuer

2224 3858 2296 3910 ῶν
2328 3858 2704 3913 ὑποτέτακται.
2747 3859 2972 3928 Λέγοιτο
2997 3859 3042 3912 δ’
3072 3859 3136 3912 ἂν
3168 3860 3338 3913 ταῦτα
3365 3860 3458 3913 καὶ
3491 3860 3554 3912 ὲκ
3585 3876 3762 3930 προσ-

525 3943 671 4004 licet,
694 3941 910 4012 quando
936 3952 1141 4011 gentes,
1167 3954 1286 4010 qua:
1308 3939 1361 3993 in
1392 3940 1596 3996 Christi
1623 3940 1780 3997 ﬁdem
1803 3949 2063 3998 venerunt

2227 3968 2339 4004 mou
2385 3950 2493 4003 τῶν
2539 3953 2850 4005 ἀποστόλων
2894 3951 2988 4005 τοῦ
3039 3953 3290 4025 Σωτῆρος
3335 3953 3520 4025 ἡμῶν,
3568 3953 3619 4006 οἳ
3670 3956 3765 4007 καὶ

527 4049 719 4089 omnes
763 4034 1001 4088 oraculis
1043 4032 1429 4102 prophetarum
1487 4033 1714 4089 abdictze
1774 4043 1919 4089 sunt.
1967 4033 2065 4090 Ηαιι

2225 4044 2396 4098 ῐποιεν
2434 4043 2500 4098 ἀν
2532 4045 2611 4098 τό’
2661 4064 2677 4096 ι
2721 4043 3036 4109 Ἐξελέξατο
3089 4049 3220 4117 ἡμῖν
3264 4047 3361 4118 τὴν
3399 4046 3763 4118 κληρονομίαν

525 4132 709 4180 tamen
732 4126 943 4190 eadem,
966 4127 1126 4182 etiam
1144 4142 1211 4182 ex
1234 4125 1602 4197 apostolorum
1647 4123 1948 4182 Salvatoris
1994 4141 2063 4180 no

2226 4133 2406 4188 αυτοῦ.
2441 4153 2458 4185 ι
2491 4133 2870 4206 κληρονομίαν
2898 4135 2956 4189 δὲ
2982 4135 3146 4189 αὐτοῦ
3177 4135 3296 4190 τίνα
3315 4137 3418 4208 χρὴ
3443 4139 3584 4190 νοεῖν
3606 4137 3638 4208 ἢ
3665 4139 3764 4209 τὴν

530 4218 632 4272 stri
671 4232 903 4288 persona
937 4217 1045 4273 dici
1075 4227 1328 4289 possunt,
1353 4218 1446 4288 qui
1477 4217 1694 4288 quidem
1726 4217 1779 4271 id
1810 4219 1885 4272 ita
1915 4234 2068 4274 enun'

2225 4223 2381 4294 κλῆσιν
2405 4223 2512 4277 τῶν
2538 4223 2704 4277 ἐθνῶν
2737 4224 3025 4290 ἀπάντωνς
3064 4229 3129 4295 ἣν
3160 4227 3317 4290 αὐτὸς
3342 4230 3369 4280 6
3401 4228 3633 4298 Χριστὸς
3667 4228 3763 4282 τοῦ

531 4308 668 4364 tient
694 4326 707 4363 :
742 4325 760 4358 ι
785 4307 957 4380 Elegit
983 4309 1138 4364 nobis
1162 4309 1528 4364 haareditatem
1557 4323 1713 4363 suam
1747 4325 1760 4362 :
1792 4327 1810 4360 ι
1837 4315 2069 4362 czeterun

2222 4314 2326 4368 Ιεοῦ
2382 4317 2652 4387 παριστὰς
2713 4317 2916 4388 ἔφησε·
2978 4337 2996 4369 ι
3043 4318 3242 4390 Κύριος
3291 4315 3409 4371 εἷπε
3469 4320 3606 4390 πρός
3661 4338 3760 4390 με·

531 4415 694 4471 quam
721 4401 937 4456 tandem
992 4400 1357 4456 haereditatem
1391 4399 1638 4470 accipere
1689 4407 1940 4469 oportet,
1990 4399 2069 4454 nis

2225 4408 2322 4472 ’ἰός
2377 4426 2476 4478 μου
2517 4405 2564 4460 εἴ
2596 4410 2678 4472 σὺ,
2703 4409 2813 4477 ἐγὼ
2836 4413 3075 4482 σήμερον
3109 4411 3407 4482 γεγέννηκά
3438 4429 3515 4465 σε.
3535 4412 3763 4484 Αἴτησαι

528 4493 866 4548 vocationem
901 4493 1140 4564 gentium
1164 4492 1756 4561 universarum?quam
1792 4493 1907 4561 ipse
1937 4491 2066 4546 Chri

2224 4499 2322 4570 :ap’
2356 4499 2489 4570 ἐμοῦ
2511 4542 2524 4563 ,
2551 4501 2644 4553 καὶ
2668 4500 2821 4554 δώσω
2852 4520 2932 4555 σοι
2959 4503 3083 4574 ἕονη
3119 4503 3214 4574 τὴν
3247 4503 3611 4575 κληρονομίαν
3643 4521 3762 4565 σοι,

528 4597 645 4644 stus
685 4587 778 4643 Dei
809 4603 930 4642 cum
956 4585 1262 4658 signiﬁcare
1284 4586 1479 4651 vellet,
1513 4585 1588 4639 ita
1618 4585 1693 4638 ait
1727 4604 1739 4638 :
1775 4602 1793 4634 ι
1830 4583 2058 4638 Dominu

2224 4591 2283 4642 al.
2314 4591 2412 4662 τὴν
2441 4591 2763 4661 κατάσχεσίν
2799 4610 2891 4645 σου
2929 4594 2996 4646 τά
3029 4598 3235 4666 πέρατα
3278 4596 3374 4666 τῆς
3401 4595 3524 4664 γῆς.
3557 4615 3576 4646 ι
3624 4597 3762 4649 Ταῦ‹

528 4679 666 4732 dixit
695 4679 760 4733 ad
786 4695 889 4742 me,
922 4677 1094 4732 Filius
1121 4692 1273 4732 meus
1300 4693 1359 4732 es
1391 4685 1471 4740 tu,
1491 4692 1592 4746 ego
1622 4675 1782 4729 hodie
1807 4675 1968 4747 genui
1999 4683 2053 4730 te

2225 4701 2288 4754 ην
2321 4681 2410 4738 οὖν
2435 4685 2529 4755 τὴν
2563 4684 2668 4737 ὑπὸ
2706 4685 2799 4738 τοῦ
2845 4687 3056 4757 Πατρὸς
3081 4687 3368 4759 δεδομένην
3395 4687 3542 4756 αὐτῷ
3565 4688 3763 4758 κληρο-

531 4771 747 4842 postula
773 4785 804 4823 a
833 4785 937 4834 me,
967 4778 1020 4825 et
1050 4768 1190 4825 dabo
1212 4770 1306 4824 tibi
1339 4776 1527 4839 gentes
1558 4768 1926 4822 hereditatem
1942 4777 2069 4823 tuan

2223 4776 2414 4846 ομίαν,
2448 4776 2679 4842 ὑπέταξε
2709 4780 2820 4840 τοῖς
2859 4779 3172 4840 ἀποστόλοις
3203 4779 3366 4831 αὐτοῦ
3415 4781 3508 4832 καὶ
3547 4784 3761 4851 προφήο

529 4878 584 4922 et
611 4865 1010 4937 possessionem
1035 4870 1182 4916 tuam
1206 4862 1471 4916 terminos
1501 4868 1658 4915 terrae
1684 4861 1744 4912 ¹⁶.
1784 4880 1804 4914 ι
1832 4859 1964 4928 Quae
1991 4861 2062 4932 igi

2226 4884 2311 4929 αις
2332 4908 2346 4930 ,
2381 4867 2455 4936 τῷ
2485 4870 2609 4932 τοὺς
2647 4870 2724 4932 εἰς
2769 4870 2930 4922 αὑτὸν
2963 4872 3391 4935 πεπιστευκότας
3420 4875 3531 4936 τοῖς
3560 4873 3763 4928 τούτων

529 4964 618 5010 tur
645 4955 762 5024 ipsa
789 4969 819 5006 a
856 4951 1014 5006 Patre
1048 4952 1171 5006 data
1200 4959 1283 5005 est
1322 4947 1630 5010 hazreditas,
1660 4949 1800 5004 hanc
1829 4953 2058 5020 apostoli

2231 4960 2557 5030 ποτετάχθαι
2604 4960 2813 5029 λόγοις,
2867 4962 3172 5027 ἀκολούθως
3222 4967 3332 5026 τοῖς
3385 4965 3763 5036 προκειμένοις

529 5050 642 5106 suis
683 5054 843 5116 atque
875 5044 1154 5115 pr0phetis
1206 5042 1371 5112 260
1419 5041 1675 5118 subjecit,
1709 5041 1836 5095 dum
1867 5043 2067 5112 quicun

2228 5049 2543 5121 εσπίσμασι.
2598 5053 2707 5104 Καὶ
2751 5052 2923 5106 ταῦτα
2957 5053 3012 5105 δὲ
3061 5054 3235 5108 πάντα
3287 5054 3635 5126 κατορθώσας
3675 5057 3764 5109 ἐπὶ

527 5155 631 5210 que
658 5137 759 5208 ipsi
779 5136 1008 5190 credunt
1038 5133 1231 5186 horum
1257 5133 1538 5203 praeceptis
1564 5147 1626 5185 ar.
1653 5132 1860 5203 legibus
1879 5143 2065 5203 parent

2219 5143 2293 5214 τῆς
2320 5144 2399 5207 είς
2443 5143 2760 5216 ἀνθρώπους
2793 5146 2956 5199 αὑτοῦ
3006 5149 3305 5218 παρουσίας
3336 5149 3364 5200 ό
3393 5150 3524 5211 Θεὸς
3556 5150 3757 5218 Λόγος,

421 5304 432 5312 .
529 5227 977 5300 quemadmodum
992 5225 1236 5294 exposita
1257 5224 1508 5278 vaticinia
1536 5226 1898 5294 praescribunt
1932 5245 1944 5282 :

2222 5234 2323 5302 ιερὶ
2361 5228 2422 5288 οῦ
2469 5235 2691 5288 πλεῖστα
2747 5238 2876 5307 ἡμῖν
2932 5237 3271 5308 διείληπται,
3315 5240 3478 5311 ἀνέϐη
3521 5241 3580 5294 ἐν
3633 5243 3760 5295 ἀλα-

529 5337 654 5375 vero
675 5327 894 5380 cuncta,
927 5330 1050 5369 cum
1070 5313 1210 5369 Deus
1228 5311 1462 5368 Verbum
1486 5315 1587 5369 sub
1608 5315 1901 5371 adventum
1932 5333 2067 5373 suun

2219 5325 2405 5395 .αγμῷ.
2440 5325 2609 5379 Τοῦτο
2650 5326 2706 5379 δὲ
2749 5327 3064 5398 ἑρμηνεύων
3113 5328 3190 5398 (1)
3233 5330 3550 5396 Ἀπόστολός
3584 5349 3714 5403 φησι
3745 5345 3757 5360 ·

529 5410 594 5463 ad
614 5409 882 5471 homines,
927 5404 1279 5475 compleverit
1303 5419 1366 5458 ac
1396 5404 1684 5474 perfecerit
1705 5449 1717 5469 ,
1753 5407 1820 5461 de
1842 5423 1950 5478 quo
1985 5407 2067 5462 Det

2257 5414 2329 5465 Τὸ
2342 5414 2398 5468 δὲ
2421 5415 2584 5485 ἀνέϐη
2604 5414 2655 5466 τί
2679 5416 2846 5478 ἐστιν,
2881 5419 2927 5469 εί
2963 5416 3036 5488 μὴ
3058 5419 3140 5470 ὅτι
3170 5421 3262 5472 καὶ
3277 5420 3480 5490 κατέϐη
3515 5422 3761 5493 πρῶτονς

533 5501 834 5570 Verbojam
865 5501 1022 5570 plura
1048 5497 1424 5564 tractavimus,
1457 5506 1574 5553 tum
1609 5501 1854 5555 ascendit
1906 5501 1960 5554 in
2007 5500 2066 5570 ju

2232 5506 2276 5567 ίς
2326 5505 2393 5557 τὰ
2445 5505 2730 5559 κατώτατα
2775 5508 2913 5580 μέρη
2945 5509 3044 5578 τῆς
3078 5510 3178 5580 γῆς
3215 5513 3243 5564 6
3275 5511 3554 5578 καταϐὰς,
3606 5515 3761 5577 αὐτός

530 5593 658 5660 hilo,
689 5591 834 5664 quod
860 5591 1078 5662 quidem
1112 5605 1235 5644 cum
1273 5587 1568 5660 Apostolus
1623 5591 2068 5661 interpretaretur

2224 5611 2317 5648 στι
2356 5595 2448 5648 καὶ
2473 5597 2500 5648 6
2529 5597 2734 5659 ἀναϐὰς
2766 5599 3019 5670 ὑπεράνω
3046 5602 3152 5653 τῶν
3179 5602 3440 5674 οὐρανῶν.
3484 5623 3501 5654 ι
3523 5605 3612 5657 Ἐν
3641 5605 3762 5659 ἀλα-

531 5683 604 5737 ita
652 5685 766 5738 ait:
802 5701 821 5734 ι
858 5681 1012 5748 Quod
1064 5690 1245 5736 autem
1281 5682 1607 5744 ascenderit,
1659 5682 1790 5752 quid
1844 5691 1948 5746 est,
1993 5685 2069 5759 nis

2225 5685 2396 5755 ,αγμῷ
2425 5685 2480 5739 δὲ
2513 5688 2674 5742 αὐτόν
2705 5707 2867 5761 φησιν
2898 5691 3283 5763 ἀνεληλυθέναι
3314 5694 3402 5748 διὰ
3435 5695 3532 5766 τὴν
3565 5699 3645 5761 εἰς
3683 5698 3763 5753 at}

601 5774 642 5806 “
673 5774 816 5831 Psal.
857 5788 990 5836 svn,
1034 5771 1225 5826 ιι-ιιθ.
1301 5774 1342 5804 ¹⁸
1375 5770 1517 5828 Psal.
1571 5788 1718 5837 nvi,
1751 5773 1902 5830 2-10.
1984 5775 2026 5811 ¹⁶
2060 5774 2139 5830 Ps:

976 5813 990 5836 ,
1034 5771 1225 5826 ιι-ιθ.
1301 5774 1342 5804 ¹⁸
1375 5770 1517 5828 Psal.
1571 5788 1718 5837 nvi,
1751 5773 1902 5830 2-10.
1984 5775 2026 5811 ¹⁶
2060 5774 2203 5830 Psal.
2243 5792 2316 5839 ιι,
2368 5777 2418 5841 7,
2456 5777 2507 5833 8.

603 5869 682 5928 (ll
709 5867 1060 5924 Desideratur
1090 5870 1136 5922 6.
1180 5866 1339 5923 Eon.
