  <div class='ocr_page' id='page_1' title='image "/cluster/home/n/w/nwhite01/storage/ocr_20150623/22/hvd.32044020605168/216.png"; bbox 0 0 3894 6524; ppageno 0'>
   <div class='ocr_carea' id='block_1_1' title="bbox 167 385 268 443">
    <p class='ocr_par' dir='ltr' id='par_1_1' title="bbox 167 385 268 443">
     <span class='ocr_line' id='line_1_1' title="bbox 167 385 268 443; baseline -0.04 0"><span class='ocrx_word' id='word_1_1' title='bbox 167 385 268 443; x_wconf 63' lang='lat' dir='ltr'><strong>li?</strong></span> 
     </span>
    </p>
   </div>
   <div class='ocr_carea' id='block_1_2' title="bbox 1104 382 2536 442">
    <p class='ocr_par' dir='ltr' id='par_1_2' title="bbox 1104 382 2536 442">
     <span class='ocr_line' id='line_1_2' title="bbox 1104 382 2536 442; baseline 0.001 -5"><span class='ocrx_word' id='word_1_2' title='bbox 1104 382 1745 439; x_wconf 76' lang='lat' dir='ltr'><strong>DEMONSTRATIONIS</strong></span> <span class='ocrx_word' id='word_1_3' title='bbox 1787 384 2241 441; x_wconf 70' lang='lat' dir='ltr'><strong>EVANGELICAS</strong></span> <span class='ocrx_word' id='word_1_4' title='bbox 2279 384 2406 441; x_wconf 85' lang='lat' dir='ltr'><strong>LIB.</strong></span> <span class='ocrx_word' id='word_1_5' title='bbox 2448 386 2536 442; x_wconf 69' lang='grc' dir='ltr'><strong>Ἣ.</strong></span> 
     </span>
    </p>
   </div>
   <div class='ocr_carea' id='block_1_3' title="bbox 3279 388 3383 445">
    <p class='ocr_par' dir='ltr' id='par_1_3' title="bbox 3279 388 3383 445">
     <span class='ocr_line' id='line_1_3' title="bbox 3279 388 3383 445; baseline 0.029 -3"><span class='ocrx_word' id='word_1_6' title='bbox 3279 388 3383 445; x_wconf 73' lang='lat' dir='ltr'><strong>MS</strong></span> 
     </span>
    </p>
   </div>
   <div class='ocr_carea' id='block_1_4' title="bbox 165 497 1703 575">
    <p class='ocr_par' dir='ltr' id='par_1_4' title="bbox 165 497 1703 570">
     <span class='ocr_line' id='line_1_4' title="bbox 165 497 1703 570; baseline -0.001 -18"><span class='ocrx_word' id='word_1_7' title='bbox 165 504 250 557; x_wconf 74' lang='grc' dir='ltr'><strong>τὸν</strong></span> <span class='ocrx_word' id='word_1_8' title='bbox 295 497 565 567; x_wconf 65' lang='grc' dir='ltr'>θεολογίαν</span> <span class='ocrx_word' id='word_1_9' title='bbox 625 498 731 551; x_wconf 88' lang='grc' dir='ltr'><strong>τῶν</strong></span> <span class='ocrx_word' id='word_1_10' title='bbox 793 498 1232 570; x_wconf 79' lang='grc' dir='ltr'><strong>δορυφορούντων</strong></span> <span class='ocrx_word' id='word_1_11' title='bbox 1279 498 1439 551; x_wconf 74' lang='grc' dir='ltr'>αὑτὸν</span> <span class='ocrx_word' id='word_1_12' title='bbox 1503 498 1703 551; x_wconf 74' lang='grc' dir='ltr'>ἀνιόντα</span> 
     </span>
    </p>
   </div>
   <div class='ocr_carea' id='block_1_5' title="bbox 1810 497 3379 575">
    <p class='ocr_par' dir='ltr' id='par_1_5' title="bbox 1820 499 3379 575">
     <span class='ocr_line' id='line_1_5' title="bbox 1820 499 3379 575; baseline 0.003 -22"><span class='ocrx_word' id='word_1_13' title='bbox 1820 499 1961 569; x_wconf 89' lang='lat' dir='ltr'><strong>quod</strong></span> <span class='ocrx_word' id='word_1_14' title='bbox 1986 508 2040 554; x_wconf 92' lang='lat' dir='ltr'><strong>et</strong></span> <span class='ocrx_word' id='word_1_15' title='bbox 2062 499 2404 555; x_wconf 82' lang='lat' dir='ltr'><strong>descenderit</strong></span> <span class='ocrx_word' id='word_1_16' title='bbox 2436 501 2668 571; x_wconf 89' lang='lat' dir='ltr'><strong>primum</strong></span> <span class='ocrx_word' id='word_1_17' title='bbox 2692 502 2744 557; x_wconf 91' lang='lat' dir='ltr'><strong>in</strong></span> <span class='ocrx_word' id='word_1_18' title='bbox 2773 502 2988 559; x_wconf 99' lang='lat' dir='ltr'><strong>inﬁmas</strong></span> <span class='ocrx_word' id='word_1_19' title='bbox 3035 514 3217 575; x_wconf 86' lang='lat' dir='ltr'><strong>partes</strong></span> <span class='ocrx_word' id='word_1_20' title='bbox 3266 515 3379 560; x_wconf 81' lang='lat' dir='ltr'><strong>ter-</strong></span> 
     </span>
    </p>
   </div>
   <div class='ocr_carea' id='block_1_6' title="bbox 164 591 1708 662">
    <p class='ocr_par' dir='ltr' id='par_1_6' title="bbox 164 591 1708 662">
     <span class='ocr_line' id='line_1_6' title="bbox 164 591 1708 662; baseline -0.001 -17"><span class='ocrx_word' id='word_1_21' title='bbox 164 591 418 660; x_wconf 75' lang='grc' dir='ltr'>ἀγγέλωνο</span> <span class='ocrx_word' id='word_1_22' title='bbox 445 591 492 643; x_wconf 80' lang='grc' dir='ltr'>οἶ</span> <span class='ocrx_word' id='word_1_23' title='bbox 513 592 608 644; x_wconf 69' lang='grc' dir='ltr'>καὶ</span> <span class='ocrx_word' id='word_1_24' title='bbox 644 591 847 659; x_wconf 68' lang='grc' dir='ltr'>ἔλεγον·</span> <span class='ocrx_word' id='word_1_25' title='bbox 880 610 897 641; x_wconf 75' lang='grc' dir='ltr'><strong>ι</strong></span> <span class='ocrx_word' id='word_1_26' title='bbox 914 592 1114 661; x_wconf 76' lang='grc' dir='ltr'>’Ἄρατε</span> <span class='ocrx_word' id='word_1_27' title='bbox 1141 591 1331 655; x_wconf 87' lang='grc' dir='ltr'>πύλας,</span> <span class='ocrx_word' id='word_1_28' title='bbox 1359 593 1407 644; x_wconf 79' lang='grc' dir='ltr'>οἱ</span> <span class='ocrx_word' id='word_1_29' title='bbox 1428 593 1708 662; x_wconf 73' lang='grc' dir='ltr'>ἄρχοντες,</span> 
     </span>
    </p>
   </div>
   <div class='ocr_carea' id='block_1_7' title="bbox 171 680 1719 754">
    <p class='ocr_par' dir='ltr' id='par_1_7' title="bbox 171 680 1719 754">
     <span class='ocr_line' id='line_1_7' title="bbox 171 680 1719 754; baseline -0.002 -16"><span class='ocrx_word' id='word_1_30' title='bbox 171 685 331 754; x_wconf 67' lang='grc' dir='ltr'>ὒμιῶν,</span> <span class='ocrx_word' id='word_1_31' title='bbox 347 683 437 735; x_wconf 79' lang='grc' dir='ltr'>καὶ</span> <span class='ocrx_word' id='word_1_32' title='bbox 453 682 745 753; x_wconf 73' lang='grc' dir='ltr'>ὲπάρθητε,</span> <span class='ocrx_word' id='word_1_33' title='bbox 766 681 927 734; x_wconf 88' lang='grc' dir='ltr'>πύλαι</span> <span class='ocrx_word' id='word_1_34' title='bbox 944 680 1170 746; x_wconf 81' lang='grc' dir='ltr'>αἱώνιοι,</span> <span class='ocrx_word' id='word_1_35' title='bbox 1197 683 1292 734; x_wconf 77' lang='grc' dir='ltr'>καὶ</span> <span class='ocrx_word' id='word_1_36' title='bbox 1314 682 1675 735; x_wconf 79' lang='grc' dir='ltr'><strong>εἰσελεύσεται</strong></span> <span class='ocrx_word' id='word_1_37' title='bbox 1690 684 1719 735; x_wconf 88' lang='grc' dir='ltr'><strong>ό</strong></span> 
     </span>
    </p>
   </div>
   <div class='ocr_carea' id='block_1_8' title="bbox 168 774 1716 845">
    <p class='ocr_par' dir='ltr' id='par_1_8' title="bbox 168 774 1716 845">
     <span class='ocr_line' id='line_1_8' title="bbox 168 774 1716 845; baseline -0.001 -18"><span class='ocrx_word' id='word_1_38' title='bbox 168 776 405 845; x_wconf 78' lang='grc' dir='ltr'>βασιλεὺς</span> <span class='ocrx_word' id='word_1_39' title='bbox 450 774 548 844; x_wconf 84' lang='grc' dir='ltr'>τῆς</span> <span class='ocrx_word' id='word_1_40' title='bbox 584 774 759 843; x_wconf 80' lang='grc' dir='ltr'>δόξης.</span> <span class='ocrx_word' id='word_1_41' title='bbox 808 794 825 825; x_wconf 75' lang='grc' dir='ltr'><strong>ι</strong></span> <span class='ocrx_word' id='word_1_42' title='bbox 859 774 1044 844; x_wconf 80' lang='grc' dir='ltr'>Φωνὴν</span> <span class='ocrx_word' id='word_1_43' title='bbox 1089 774 1144 826; x_wconf 87' lang='grc' dir='ltr'>δὲ</span> <span class='ocrx_word' id='word_1_44' title='bbox 1181 774 1477 842; x_wconf 79' lang='grc' dir='ltr'><strong>σάλπιγγος</strong></span> <span class='ocrx_word' id='word_1_45' title='bbox 1508 774 1607 827; x_wconf 82' lang='grc' dir='ltr'>οὐκ</span> <span class='ocrx_word' id='word_1_46' title='bbox 1650 774 1716 826; x_wconf 84' lang='grc' dir='ltr'>ἂν</span> 
     </span>
    </p>
   </div>
   <div class='ocr_carea' id='block_1_9' title="bbox 170 865 1718 937">
    <p class='ocr_par' dir='ltr' id='par_1_9' title="bbox 170 865 1718 937">
     <span class='ocr_line' id='line_1_9' title="bbox 170 865 1718 937; baseline 0 -18"><span class='ocrx_word' id='word_1_47' title='bbox 170 868 412 937; x_wconf 67' lang='grc' dir='ltr'>σφαλείης</span> <span class='ocrx_word' id='word_1_48' title='bbox 439 866 502 918; x_wconf 89' lang='grc' dir='ltr'><strong>τὸ</strong></span> <span class='ocrx_word' id='word_1_49' title='bbox 528 867 787 935; x_wconf 79' lang='grc' dir='ltr'>κήρυγμα</span> <span class='ocrx_word' id='word_1_50' title='bbox 810 865 979 917; x_wconf 80' lang='grc' dir='ltr'>εἰπὼν</span> <span class='ocrx_word' id='word_1_51' title='bbox 1008 866 1068 918; x_wconf 88' lang='grc' dir='ltr'><strong>τὸ</strong></span> <span class='ocrx_word' id='word_1_52' title='bbox 1096 865 1468 933; x_wconf 85' lang='grc' dir='ltr'>εύαγγελικὸν,</span> <span class='ocrx_word' id='word_1_53' title='bbox 1510 867 1587 930; x_wconf 81' lang='grc' dir='ltr'><strong>εἰς</strong></span> <span class='ocrx_word' id='word_1_54' title='bbox 1616 866 1718 919; x_wconf 78' lang='grc' dir='ltr'>πᾶ·</span> 
     </span>
    </p>
   </div>
   <div class='ocr_carea' id='block_1_10' title="bbox 169 956 1716 1028">
    <p class='ocr_par' dir='ltr' id='par_1_10' title="bbox 169 956 1716 1028">
     <span class='ocr_line' id='line_1_10' title="bbox 169 956 1716 1028; baseline -0.001 -16"><span class='ocrx_word' id='word_1_55' title='bbox 169 978 255 1013; x_wconf 86' lang='grc' dir='ltr'><strong>σαν</strong></span> <span class='ocrx_word' id='word_1_56' title='bbox 282 958 550 1027; x_wconf 79' lang='grc' dir='ltr'>ὲξηχῆσαν</span> <span class='ocrx_word' id='word_1_57' title='bbox 583 957 679 1028; x_wconf 79' lang='grc' dir='ltr'>τὴν</span> <span class='ocrx_word' id='word_1_58' title='bbox 712 959 1052 1027; x_wconf 76' lang='grc' dir='ltr'><strong>οἰκουμένην.</strong></span> <span class='ocrx_word' id='word_1_59' title='bbox 1100 957 1303 1018; x_wconf 84' lang='grc' dir='ltr'><strong>Παντὸς</strong></span> <span class='ocrx_word' id='word_1_60' title='bbox 1338 956 1445 1027; x_wconf 81' lang='grc' dir='ltr'><strong>γὰρ</strong></span> <span class='ocrx_word' id='word_1_61' title='bbox 1488 958 1716 1028; x_wconf 84' lang='grc' dir='ltr'>ὀργάνου</span> 
     </span>
    </p>
   </div>
   <div class='ocr_carea' id='block_1_11' title="bbox 172 1047 1720 1122">
    <p class='ocr_par' dir='ltr' id='par_1_11' title="bbox 172 1047 1720 1122">
     <span class='ocr_line' id='line_1_11' title="bbox 172 1047 1720 1122; baseline 0 -21"><span class='ocrx_word' id='word_1_62' title='bbox 172 1049 410 1122; x_wconf 73' lang='grc' dir='ltr'>μουσικοῦ</span> <span class='ocrx_word' id='word_1_63' title='bbox 447 1048 961 1119; x_wconf 82' lang='grc' dir='ltr'>μεγαλοφωνοτέρας</span> <span class='ocrx_word' id='word_1_64' title='bbox 987 1047 1151 1119; x_wconf 81' lang='grc' dir='ltr'>οῦσης</span> <span class='ocrx_word' id='word_1_65' title='bbox 1175 1049 1273 1119; x_wconf 76' lang='grc' dir='ltr'>τῆς</span> <span class='ocrx_word' id='word_1_66' title='bbox 1303 1048 1618 1117; x_wconf 80' lang='grc' dir='ltr'><strong>σάλπιγγος,</strong></span> <span class='ocrx_word' id='word_1_67' title='bbox 1643 1051 1720 1101; x_wconf 79' lang='lat' dir='ltr'><strong>oi-</strong></span> 
     </span>
    </p>
   </div>
   <div class='ocr_carea' id='block_1_12' title="bbox 171 1141 1717 1213">
    <p class='ocr_par' dir='ltr' id='par_1_12' title="bbox 171 1141 1717 1213">
     <span class='ocr_line' id='line_1_12' title="bbox 171 1141 1717 1213; baseline -0.001 -18"><span class='ocrx_word' id='word_1_68' title='bbox 171 1143 315 1204; x_wconf 86' lang='grc' dir='ltr'>κείως</span> <span class='ocrx_word' id='word_1_69' title='bbox 357 1141 720 1213; x_wconf 75' lang='grc' dir='ltr'>παρείληπται</span> <span class='ocrx_word' id='word_1_70' title='bbox 765 1142 825 1193; x_wconf 85' lang='grc' dir='ltr'><strong>τὸ</strong></span> <span class='ocrx_word' id='word_1_71' title='bbox 874 1141 1221 1211; x_wconf 82' lang='grc' dir='ltr'>παράδειγμα</span> <span class='ocrx_word' id='word_1_72' title='bbox 1264 1143 1341 1203; x_wconf 78' lang='grc' dir='ltr'>εἰς</span> <span class='ocrx_word' id='word_1_73' title='bbox 1377 1142 1717 1212; x_wconf 76' lang='grc' dir='ltr'>παράστασιν</span> 
     </span>
    </p>
   </div>
   <div class='ocr_carea' id='block_1_13' title="bbox 172 1231 1715 1303">
    <p class='ocr_par' dir='ltr' id='par_1_13' title="bbox 172 1231 1715 1303">
     <span class='ocr_line' id='line_1_13' title="bbox 172 1231 1715 1303; baseline -0.001 -17"><span class='ocrx_word' id='word_1_74' title='bbox 172 1232 249 1287; x_wconf 80' lang='grc' dir='ltr'><strong>τοῦ</strong></span> <span class='ocrx_word' id='word_1_75' title='bbox 272 1234 477 1285; x_wconf 70' lang='grc' dir='ltr'>πάντων</span> <span class='ocrx_word' id='word_1_76' title='bbox 499 1232 609 1284; x_wconf 88' lang='grc' dir='ltr'><strong>τῶν</strong></span> <span class='ocrx_word' id='word_1_77' title='bbox 639 1232 696 1297; x_wconf 79' lang='grc' dir='ltr'>ἐξ</span> <span class='ocrx_word' id='word_1_78' title='bbox 723 1231 916 1295; x_wconf 85' lang='grc' dir='ltr'>αἰῶνος</span> <span class='ocrx_word' id='word_1_79' title='bbox 943 1232 1334 1303; x_wconf 82' lang='grc' dir='ltr'><strong>κραταιοτέραν</strong></span> <span class='ocrx_word' id='word_1_80' title='bbox 1365 1232 1458 1285; x_wconf 76' lang='grc' dir='ltr'>καὶ</span> <span class='ocrx_word' id='word_1_81' title='bbox 1483 1232 1715 1299; x_wconf 87' lang='grc' dir='ltr'>μεγαλο-</span> 
     </span>
    </p>
   </div>
   <div class='ocr_carea' id='block_1_14' title="bbox 174 1321 1717 1394">
    <p class='ocr_par' dir='ltr' id='par_1_14' title="bbox 174 1321 1717 1394">
     <span class='ocr_line' id='line_1_14' title="bbox 174 1321 1717 1394; baseline 0 -19"><span class='ocrx_word' id='word_1_82' title='bbox 174 1324 455 1394; x_wconf 69' lang='grc' dir='ltr'>φωνοτέραν</span> <span class='ocrx_word' id='word_1_83' title='bbox 497 1324 597 1393; x_wconf 84' lang='grc' dir='ltr'><strong>τὴν</strong></span> <span class='ocrx_word' id='word_1_84' title='bbox 623 1324 750 1394; x_wconf 72' lang='grc' dir='ltr'>περὶ</span> <span class='ocrx_word' id='word_1_85' title='bbox 781 1321 873 1375; x_wconf 88' lang='grc' dir='ltr'><strong>τοῦ</strong></span> <span class='ocrx_word' id='word_1_86' title='bbox 927 1321 1162 1391; x_wconf 78' lang='grc' dir='ltr'>Χριστοῦ</span> <span class='ocrx_word' id='word_1_87' title='bbox 1205 1324 1369 1375; x_wconf 82' lang='grc' dir='ltr'>πᾶσιν</span> <span class='ocrx_word' id='word_1_88' title='bbox 1413 1322 1717 1393; x_wconf 76' lang='grc' dir='ltr'>ἀνθρώποις</span> 
     </span>
    </p>
   </div>
   <div class='ocr_carea' id='block_1_15' title="bbox 172 1411 1715 1487">
    <p class='ocr_par' dir='ltr' id='par_1_15' title="bbox 172 1411 1715 1487">
     <span class='ocr_line' id='line_1_15' title="bbox 172 1411 1715 1487; baseline -0.001 -20"><span class='ocrx_word' id='word_1_89' title='bbox 172 1414 513 1484; x_wconf 72' lang='grc' dir='ltr'>ιατηγγέλθαι</span> <span class='ocrx_word' id='word_1_90' title='bbox 541 1414 927 1478; x_wconf 70' lang='grc' dir='ltr'>διδασκαλίαν,ο</span> <span class='ocrx_word' id='word_1_91' title='bbox 951 1415 1016 1467; x_wconf 81' lang='grc' dir='ltr'>δι’</span> <span class='ocrx_word' id='word_1_92' title='bbox 1040 1411 1108 1487; x_wconf 89' lang='grc' dir='ltr'>ἦς</span> <span class='ocrx_word' id='word_1_93' title='bbox 1147 1414 1334 1482; x_wconf 81' lang='grc' dir='ltr'>ὥσπερ</span> <span class='ocrx_word' id='word_1_94' title='bbox 1362 1415 1451 1468; x_wconf 77' lang='grc' dir='ltr'><strong>διὰ</strong></span> <span class='ocrx_word' id='word_1_95' title='bbox 1486 1414 1715 1483; x_wconf 77' lang='grc' dir='ltr'>σάλπιγο</span> 
     </span>
    </p>
   </div>
   <div class='ocr_carea' id='block_1_16' title="bbox 170 1505 1715 1577">
    <p class='ocr_par' dir='ltr' id='par_1_16' title="bbox 170 1505 1715 1577">
     <span class='ocr_line' id='line_1_16' title="bbox 170 1505 1715 1577; baseline 0.001 -19"><span class='ocrx_word' id='word_1_96' title='bbox 170 1523 251 1573; x_wconf 65' lang='grc' dir='ltr'>τος</span> <span class='ocrx_word' id='word_1_97' title='bbox 291 1508 365 1568; x_wconf 75' lang='grc' dir='ltr'><strong>εἰς</strong></span> <span class='ocrx_word' id='word_1_98' title='bbox 396 1505 718 1569; x_wconf 76' lang='grc' dir='ltr'>ἐξάκουστον</span> <span class='ocrx_word' id='word_1_99' title='bbox 759 1506 975 1559; x_wconf 78' lang='grc' dir='ltr'>πάντων</span> <span class='ocrx_word' id='word_1_100' title='bbox 1002 1506 1110 1558; x_wconf 88' lang='grc' dir='ltr'><strong>τῶν</strong></span> <span class='ocrx_word' id='word_1_101' title='bbox 1141 1505 1442 1577; x_wconf 83' lang='grc' dir='ltr'>ἀνθρώπων</span> <span class='ocrx_word' id='word_1_102' title='bbox 1487 1506 1582 1577; x_wconf 82' lang='grc' dir='ltr'><strong>βοᾷ</strong></span> <span class='ocrx_word' id='word_1_103' title='bbox 1623 1508 1715 1560; x_wconf 71' lang='grc' dir='ltr'>καὶ</span> 
     </span>
    </p>
   </div>
   <div class='ocr_carea' id='block_1_17' title="bbox 170 1596 1711 1667">
    <p class='ocr_par' dir='ltr' id='par_1_17' title="bbox 170 1596 1711 1667">
     <span class='ocr_line' id='line_1_17' title="bbox 170 1596 1711 1667; baseline -0.001 -17"><span class='ocrx_word' id='word_1_104' title='bbox 170 1598 384 1667; x_wconf 64' lang='grc' dir='ltr'>κέκραγε</span> <span class='ocrx_word' id='word_1_105' title='bbox 428 1597 487 1649; x_wconf 91' lang='grc' dir='ltr'><strong>τὸ</strong></span> <span class='ocrx_word' id='word_1_106' title='bbox 528 1596 751 1667; x_wconf 88' lang='grc' dir='ltr'>Πνεῦμα</span> <span class='ocrx_word' id='word_1_107' title='bbox 786 1597 843 1649; x_wconf 89' lang='grc' dir='ltr'><strong>τὸ</strong></span> <span class='ocrx_word' id='word_1_108' title='bbox 882 1597 1032 1666; x_wconf 82' lang='grc' dir='ltr'>ἆγιον</span> <span class='ocrx_word' id='word_1_109' title='bbox 1060 1596 1128 1649; x_wconf 82' lang='grc' dir='ltr'><strong>τὰ</strong></span> <span class='ocrx_word' id='word_1_110' title='bbox 1167 1597 1293 1666; x_wconf 73' lang='grc' dir='ltr'><strong>ἑξῆς</strong></span> <span class='ocrx_word' id='word_1_111' title='bbox 1340 1597 1431 1649; x_wconf 87' lang='grc' dir='ltr'><strong>τοῦ</strong></span> <span class='ocrx_word' id='word_1_112' title='bbox 1462 1597 1674 1667; x_wconf 60' lang='grc' dir='ltr'>ψαλμοῦ</span> <span class='ocrx_word' id='word_1_113' title='bbox 1697 1637 1711 1661; x_wconf 95' lang='grc'><strong>,</strong></span> 
     </span>
    </p>
   </div>
   <div class='ocr_carea' id='block_1_18' title="bbox 168 1681 1712 1758">
    <p class='ocr_par' dir='ltr' id='par_1_18' title="bbox 168 1681 1712 1758">
     <span class='ocr_line' id='line_1_18' title="bbox 168 1681 1712 1758; baseline -0.001 -18"><span class='ocrx_word' id='word_1_114' title='bbox 168 1687 221 1741; x_wconf 73' lang='grc' dir='ltr'>δι’</span> <span class='ocrx_word' id='word_1_115' title='bbox 264 1681 333 1739; x_wconf 78' lang='grc' dir='ltr'>ὧν</span> <span class='ocrx_word' id='word_1_116' title='bbox 384 1688 595 1758; x_wconf 83' lang='grc' dir='ltr'>εἴρηται</span> <span class='ocrx_word' id='word_1_117' title='bbox 616 1704 627 1717; x_wconf 87' lang='grc'><strong>·</strong></span> <span class='ocrx_word' id='word_1_118' title='bbox 666 1707 682 1737; x_wconf 77' lang='grc' dir='ltr'><strong>ι</strong></span> <span class='ocrx_word' id='word_1_119' title='bbox 717 1687 933 1740; x_wconf 73' lang='grc' dir='ltr'>Ψάλατε</span> <span class='ocrx_word' id='word_1_120' title='bbox 963 1686 1040 1757; x_wconf 81' lang='grc' dir='ltr'>τῷ</span> <span class='ocrx_word' id='word_1_121' title='bbox 1085 1687 1203 1757; x_wconf 87' lang='grc' dir='ltr'>Θεῷ</span> <span class='ocrx_word' id='word_1_122' title='bbox 1230 1687 1416 1757; x_wconf 81' lang='grc' dir='ltr'>ἡμῶν,</span> <span class='ocrx_word' id='word_1_123' title='bbox 1466 1688 1672 1757; x_wconf 72' lang='grc' dir='ltr'>ψάλατε</span> <span class='ocrx_word' id='word_1_124' title='bbox 1696 1727 1712 1752; x_wconf 97' lang='grc'><strong>,</strong></span> 
     </span>
    </p>
   </div>
   <div class='ocr_carea' id='block_1_19' title="bbox 170 1778 1707 1849">
    <p class='ocr_par' dir='ltr' id='par_1_19' title="bbox 170 1778 1707 1849">
     <span class='ocr_line' id='line_1_19' title="bbox 170 1778 1707 1849; baseline 0.001 -18"><span class='ocrx_word' id='word_1_125' title='bbox 170 1779 349 1849; x_wconf 46' lang='lat' dir='ltr'><strong>tanta</strong></span> <span class='ocrx_word' id='word_1_126' title='bbox 394 1779 471 1847; x_wconf 82' lang='grc' dir='ltr'>τῷ</span> <span class='ocrx_word' id='word_1_127' title='bbox 521 1778 725 1848; x_wconf 84' lang='grc' dir='ltr'>βασιλεῖ</span> <span class='ocrx_word' id='word_1_128' title='bbox 770 1778 945 1849; x_wconf 81' lang='grc' dir='ltr'>ἡμῶν,</span> <span class='ocrx_word' id='word_1_129' title='bbox 996 1779 1199 1848; x_wconf 73' lang='grc' dir='ltr'>ψάλατε</span> <span class='ocrx_word' id='word_1_130' title='bbox 1236 1796 1249 1809; x_wconf 81' lang='grc'><strong>’</strong></span> <span class='ocrx_word' id='word_1_131' title='bbox 1299 1782 1379 1833; x_wconf 82' lang='grc' dir='ltr'>ὅτι</span> <span class='ocrx_word' id='word_1_132' title='bbox 1416 1779 1707 1848; x_wconf 71' lang='grc' dir='ltr'>βασιλεὺς»</span> 
     </span>
    </p>
   </div>
   <div class='ocr_carea' id='block_1_20' title="bbox 1818 591 3381 667">
    <p class='ocr_par' dir='ltr' id='par_1_20' title="bbox 1818 591 3381 667">
     <span class='ocr_line' id='line_1_20' title="bbox 1818 591 3381 667; baseline 0.004 -22"><span class='ocrx_word' id='word_1_133' title='bbox 1818 606 1892 645; x_wconf 68' lang='grc' dir='ltr'>ηε</span> <span class='ocrx_word' id='word_1_134' title='bbox 1920 591 1943 643; x_wconf 85' lang='lat'><strong>?</strong></span> <span class='ocrx_word' id='word_1_135' title='bbox 1968 591 2059 661; x_wconf 85' lang='lat' dir='ltr'><strong>qui</strong></span> <span class='ocrx_word' id='word_1_136' title='bbox 2118 592 2421 656; x_wconf 76' lang='lat' dir='ltr'><strong>descendit,</strong></span> <span class='ocrx_word' id='word_1_137' title='bbox 2471 593 2587 663; x_wconf 90' lang='lat' dir='ltr'><strong>ipse</strong></span> <span class='ocrx_word' id='word_1_138' title='bbox 2625 602 2709 648; x_wconf 92' lang='lat' dir='ltr'><strong>est</strong></span> <span class='ocrx_word' id='word_1_139' title='bbox 2742 602 2796 649; x_wconf 92' lang='lat' dir='ltr'><strong>et</strong></span> <span class='ocrx_word' id='word_1_140' title='bbox 2818 596 2911 665; x_wconf 85' lang='lat' dir='ltr'><strong>qui</strong></span> <span class='ocrx_word' id='word_1_141' title='bbox 2944 597 3190 652; x_wconf 76' lang='lat' dir='ltr'><strong>ascendit</strong></span> <span class='ocrx_word' id='word_1_142' title='bbox 3216 613 3381 667; x_wconf 83' lang='lat' dir='ltr'><strong>supra</strong></span> 
     </span>
    </p>
   </div>
   <div class='ocr_carea' id='block_1_21' title="bbox 1817 683 3381 754">
    <p class='ocr_par' dir='ltr' id='par_1_21' title="bbox 1817 683 3381 754">
     <span class='ocr_line' id='line_1_21' title="bbox 1817 683 3381 754; baseline 0.003 -18"><span class='ocrx_word' id='word_1_143' title='bbox 1817 696 2005 737; x_wconf 86' lang='lat' dir='ltr'><strong>omnes</strong></span> <span class='ocrx_word' id='word_1_144' title='bbox 2039 683 2207 738; x_wconf 74' lang='lat' dir='ltr'><strong>crelos</strong></span> <span class='ocrx_word' id='word_1_145' title='bbox 2232 684 2271 714; x_wconf 85' lang='grc'>¹⁷</span> <span class='ocrx_word' id='word_1_146' title='bbox 2308 703 2320 737; x_wconf 93' lang='lat'><strong>:</strong></span> <span class='ocrx_word' id='word_1_147' title='bbox 2361 702 2379 735; x_wconf 75' lang='grc' dir='ltr'><strong>ι</strong></span> <span class='ocrx_word' id='word_1_148' title='bbox 2424 685 2479 738; x_wconf 89' lang='lat' dir='ltr'><strong>in</strong></span> <span class='ocrx_word' id='word_1_149' title='bbox 2506 685 2684 754; x_wconf 90' lang='lat' dir='ltr'><strong>jubilo</strong></span> <span class='ocrx_word' id='word_1_150' title='bbox 2708 695 2888 741; x_wconf 90' lang='lat' dir='ltr'><strong>autem</strong></span> <span class='ocrx_word' id='word_1_151' title='bbox 2922 687 3075 740; x_wconf 90' lang='lat' dir='ltr'><strong>illum</strong></span> <span class='ocrx_word' id='word_1_152' title='bbox 3101 688 3235 743; x_wconf 88' lang='lat' dir='ltr'><strong>dicit</strong></span> <span class='ocrx_word' id='word_1_153' title='bbox 3287 703 3381 741; x_wconf 90' lang='lat' dir='ltr'><strong>as-</strong></span> 
     </span>
    </p>
   </div>
   <div class='ocr_carea' id='block_1_22' title="bbox 1818 770 3379 845">
    <p class='ocr_par' dir='ltr' id='par_1_22' title="bbox 1818 770 3379 845">
     <span class='ocr_line' id='line_1_22' title="bbox 1818 770 3379 845; baseline 0.003 -20"><span class='ocrx_word' id='word_1_154' title='bbox 1818 770 2087 835; x_wconf 88' lang='lat' dir='ltr'><strong>cendisse,</strong></span> <span class='ocrx_word' id='word_1_155' title='bbox 2117 772 2188 825; x_wconf 93' lang='lat' dir='ltr'><strong>ob</strong></span> <span class='ocrx_word' id='word_1_156' title='bbox 2210 772 2426 827; x_wconf 87' lang='lat' dir='ltr'><strong>divinas</strong></span> <span class='ocrx_word' id='word_1_157' title='bbox 2479 784 2533 827; x_wconf 81' lang='lat' dir='ltr'><strong>et</strong></span> <span class='ocrx_word' id='word_1_158' title='bbox 2563 788 2750 829; x_wconf 90' lang='lat' dir='ltr'><strong>sacras</strong></span> <span class='ocrx_word' id='word_1_159' title='bbox 2801 790 2929 845; x_wconf 89' lang='lat' dir='ltr'><strong>erga</strong></span> <span class='ocrx_word' id='word_1_160' title='bbox 2987 777 3164 845; x_wconf 89' lang='lat' dir='ltr'><strong>ipsum</strong></span> <span class='ocrx_word' id='word_1_161' title='bbox 3193 791 3379 840; x_wconf 89' lang='lat' dir='ltr'><strong>voces,</strong></span> 
     </span>
    </p>
   </div>
   <div class='ocr_carea' id='block_1_23' title="bbox 1818 862 3376 936">
    <p class='ocr_par' dir='ltr' id='par_1_23' title="bbox 1818 862 3376 936">
     <span class='ocr_line' id='line_1_23' title="bbox 1818 862 3376 936; baseline 0.003 -20"><span class='ocrx_word' id='word_1_162' title='bbox 1818 862 1993 932; x_wconf 92' lang='lat' dir='ltr'><strong>ipsum</strong></span> <span class='ocrx_word' id='word_1_163' title='bbox 2043 862 2171 917; x_wconf 90' lang='lat' dir='ltr'><strong>dum</strong></span> <span class='ocrx_word' id='word_1_164' title='bbox 2207 864 2528 919; x_wconf 81' lang='lat' dir='ltr'><strong>ascenderet</strong></span> <span class='ocrx_word' id='word_1_165' title='bbox 2565 868 2995 934; x_wconf 87' lang='lat' dir='ltr'><strong>conslipautium</strong></span> <span class='ocrx_word' id='word_1_166' title='bbox 3038 868 3376 936; x_wconf 88' lang='lat' dir='ltr'><strong>angelorum,</strong></span> 
     </span>
    </p>
   </div>
   <div class='ocr_carea' id='block_1_24' title="bbox 1816 954 3384 1028">
    <p class='ocr_par' dir='ltr' id='par_1_24' title="bbox 1816 954 3384 1028">
     <span class='ocr_line' id='line_1_24' title="bbox 1816 954 3384 1028; baseline 0.004 -22"><span class='ocrx_word' id='word_1_167' title='bbox 1816 954 1909 1023; x_wconf 90' lang='lat' dir='ltr'><strong>qui</strong></span> <span class='ocrx_word' id='word_1_168' title='bbox 1934 954 2097 1008; x_wconf 89' lang='lat' dir='ltr'><strong>etiam</strong></span> <span class='ocrx_word' id='word_1_169' title='bbox 2128 954 2261 1008; x_wconf 90' lang='lat' dir='ltr'><strong>illud</strong></span> <span class='ocrx_word' id='word_1_170' title='bbox 2292 955 2544 1010; x_wconf 85' lang='lat' dir='ltr'><strong>dicebant</strong></span> <span class='ocrx_word' id='word_1_171' title='bbox 2581 975 2594 1010; x_wconf 87' lang='lat'><strong>:</strong></span> <span class='ocrx_word' id='word_1_172' title='bbox 2634 975 2653 1007; x_wconf 74' lang='grc' dir='ltr'><strong>ι</strong></span> <span class='ocrx_word' id='word_1_173' title='bbox 2708 956 2904 1011; x_wconf 87' lang='lat' dir='ltr'><strong>Tollite</strong></span> <span class='ocrx_word' id='word_1_174' title='bbox 2952 966 3156 1027; x_wconf 89' lang='lat' dir='ltr'><strong>portas,</strong></span> <span class='ocrx_word' id='word_1_175' title='bbox 3184 960 3384 1028; x_wconf 86' lang='lat' dir='ltr'><strong>princi-</strong></span> 
     </span>
    </p>
   </div>
   <div class='ocr_carea' id='block_1_25' title="bbox 1818 1046 3381 1116">
    <p class='ocr_par' dir='ltr' id='par_1_25' title="bbox 1818 1046 3381 1116">
     <span class='ocr_line' id='line_1_25' title="bbox 1818 1046 3381 1116; baseline 0.004 -18"><span class='ocrx_word' id='word_1_176' title='bbox 1818 1059 1933 1113; x_wconf 89' lang='lat' dir='ltr'><strong>pes,</strong></span> <span class='ocrx_word' id='word_1_177' title='bbox 1967 1053 2198 1107; x_wconf 85' lang='lat' dir='ltr'><strong>vestras,</strong></span> <span class='ocrx_word' id='word_1_178' title='bbox 2234 1052 2288 1099; x_wconf 90' lang='lat' dir='ltr'><strong>et</strong></span> <span class='ocrx_word' id='word_1_179' title='bbox 2310 1046 2617 1111; x_wconf 83' lang='lat' dir='ltr'><strong>elevamini,</strong></span> <span class='ocrx_word' id='word_1_180' title='bbox 2653 1057 2820 1116; x_wconf 81' lang='lat' dir='ltr'><strong>portae</strong></span> <span class='ocrx_word' id='word_1_181' title='bbox 2846 1056 3081 1111; x_wconf 58' lang='lat' dir='ltr'><strong>aeterna,</strong></span> <span class='ocrx_word' id='word_1_182' title='bbox 3108 1057 3162 1103; x_wconf 91' lang='lat' dir='ltr'><strong>et</strong></span> <span class='ocrx_word' id='word_1_183' title='bbox 3210 1050 3381 1104; x_wconf 91' lang='lat' dir='ltr'><strong>intro-</strong></span> 
     </span>
    </p>
   </div>
   <div class='ocr_carea' id='block_1_26' title="bbox 1823 1135 3383 1206">
    <p class='ocr_par' dir='ltr' id='par_1_26' title="bbox 1823 1135 3383 1206">
     <span class='ocr_line' id='line_1_26' title="bbox 1823 1135 3383 1206; baseline 0.004 -18"><span class='ocrx_word' id='word_1_184' title='bbox 1823 1135 1927 1189; x_wconf 86' lang='lat' dir='ltr'><strong>ibit</strong></span> <span class='ocrx_word' id='word_1_185' title='bbox 1959 1150 2055 1190; x_wconf 84' lang='lat' dir='ltr'><strong>rex</strong></span> <span class='ocrx_word' id='word_1_186' title='bbox 2098 1135 2284 1206; x_wconf 67' lang='lat' dir='ltr'><strong>gloriae</strong></span> <span class='ocrx_word' id='word_1_187' title='bbox 2318 1138 2413 1189; x_wconf 75' lang='grc' dir='ltr'><strong>ἐ.»</strong></span> <span class='ocrx_word' id='word_1_188' title='bbox 2448 1136 2645 1192; x_wconf 79' lang='lat' dir='ltr'><strong>Vocem</strong></span> <span class='ocrx_word' id='word_1_189' title='bbox 2677 1149 2854 1193; x_wconf 90' lang='lat' dir='ltr'><strong>autem</strong></span> <span class='ocrx_word' id='word_1_190' title='bbox 2886 1140 3028 1193; x_wconf 60' lang='lat' dir='ltr'><strong>tuba</strong></span> <span class='ocrx_word' id='word_1_191' title='bbox 3066 1156 3174 1195; x_wconf 90' lang='lat' dir='ltr'><strong>non</strong></span> <span class='ocrx_word' id='word_1_192' title='bbox 3202 1142 3383 1194; x_wconf 87' lang='lat' dir='ltr'><strong>admo-</strong></span> 
     </span>
    </p>
   </div>
   <div class='ocr_carea' id='block_1_27' title="bbox 1816 1227 3381 1299">
    <p class='ocr_par' dir='ltr' id='par_1_27' title="bbox 1816 1227 3381 1299">
     <span class='ocr_line' id='line_1_27' title="bbox 1816 1227 3381 1299; baseline 0.003 -18"><span class='ocrx_word' id='word_1_193' title='bbox 1816 1227 1944 1282; x_wconf 89' lang='lat' dir='ltr'><strong>dum</strong></span> <span class='ocrx_word' id='word_1_194' title='bbox 1975 1228 2347 1291; x_wconf 90' lang='lat' dir='ltr'><strong>aberraveris,</strong></span> <span class='ocrx_word' id='word_1_195' title='bbox 2398 1229 2443 1284; x_wconf 89' lang='lat' dir='ltr'><strong>si</strong></span> <span class='ocrx_word' id='word_1_196' title='bbox 2479 1230 2915 1299; x_wconf 64' lang='lat' dir='ltr'><strong>praedicationem</strong></span> <span class='ocrx_word' id='word_1_197' title='bbox 2964 1233 3169 1288; x_wconf 72' lang='lat' dir='ltr'><strong>dixeris</strong></span> <span class='ocrx_word' id='word_1_198' title='bbox 3222 1249 3381 1288; x_wconf 84' lang='lat' dir='ltr'><strong>evan-</strong></span> 
     </span>
    </p>
   </div>
   <div class='ocr_carea' id='block_1_28' title="bbox 1816 1319 3381 1390">
    <p class='ocr_par' dir='ltr' id='par_1_28' title="bbox 1816 1319 3381 1390">
     <span class='ocr_line' id='line_1_28' title="bbox 1816 1319 3381 1390; baseline 0.003 -16"><span class='ocrx_word' id='word_1_199' title='bbox 1816 1319 2065 1390; x_wconf 88' lang='lat' dir='ltr'><strong>gelieam,</strong></span> <span class='ocrx_word' id='word_1_200' title='bbox 2114 1336 2235 1390; x_wconf 70' lang='lat' dir='ltr'><strong>qua:</strong></span> <span class='ocrx_word' id='word_1_201' title='bbox 2271 1322 2325 1374; x_wconf 94' lang='lat' dir='ltr'><strong>in</strong></span> <span class='ocrx_word' id='word_1_202' title='bbox 2351 1328 2523 1375; x_wconf 91' lang='lat' dir='ltr'><strong>totum</strong></span> <span class='ocrx_word' id='word_1_203' title='bbox 2559 1322 2817 1377; x_wconf 76' lang='lat' dir='ltr'><strong>exaudita</strong></span> <span class='ocrx_word' id='word_1_204' title='bbox 2861 1334 2943 1379; x_wconf 92' lang='lat' dir='ltr'><strong>est</strong></span> <span class='ocrx_word' id='word_1_205' title='bbox 2978 1332 3246 1378; x_wconf 89' lang='lat' dir='ltr'><strong>terrarum</strong></span> <span class='ocrx_word' id='word_1_206' title='bbox 3294 1341 3381 1379; x_wconf 88' lang='lat' dir='ltr'><strong>or-</strong></span> 
     </span>
    </p>
   </div>
   <div class='ocr_carea' id='block_1_29' title="bbox 1817 1410 3379 1466">
    <p class='ocr_par' dir='ltr' id='par_1_29' title="bbox 1817 1410 3379 1466">
     <span class='ocr_line' id='line_1_29' title="bbox 1817 1410 3379 1466; baseline 0.002 -3"><span class='ocrx_word' id='word_1_207' title='bbox 1817 1412 1935 1464; x_wconf 82' lang='lat' dir='ltr'><strong>bem</strong></span> <span class='ocrx_word' id='word_1_208' title='bbox 1964 1428 1979 1463; x_wconf 88' lang='lat'>:</span> <span class='ocrx_word' id='word_1_209' title='bbox 2017 1424 2139 1463; x_wconf 89' lang='lat' dir='ltr'><strong>cum</strong></span> <span class='ocrx_word' id='word_1_210' title='bbox 2167 1411 2311 1464; x_wconf 92' lang='lat' dir='ltr'><strong>enim</strong></span> <span class='ocrx_word' id='word_1_211' title='bbox 2344 1410 2471 1464; x_wconf 90' lang='lat' dir='ltr'><strong>tuba</strong></span> <span class='ocrx_word' id='word_1_212' title='bbox 2517 1412 2665 1464; x_wconf 92' lang='lat' dir='ltr'><strong>omni</strong></span> <span class='ocrx_word' id='word_1_213' title='bbox 2710 1411 2818 1465; x_wconf 89' lang='lat' dir='ltr'><strong>alio</strong></span> <span class='ocrx_word' id='word_1_214' title='bbox 2865 1412 3229 1466; x_wconf 89' lang='lat' dir='ltr'><strong>instrumento</strong></span> <span class='ocrx_word' id='word_1_215' title='bbox 3257 1427 3379 1466; x_wconf 93' lang='lat' dir='ltr'><strong>mu-</strong></span> 
     </span>
    </p>
   </div>
   <div class='ocr_carea' id='block_1_30' title="bbox 1816 1500 3372 1573">
    <p class='ocr_par' dir='ltr' id='par_1_30' title="bbox 1816 1500 3372 1573">
     <span class='ocr_line' id='line_1_30' title="bbox 1816 1500 3372 1573; baseline 0.002 -19"><span class='ocrx_word' id='word_1_216' title='bbox 1816 1500 1931 1555; x_wconf 87' lang='lat' dir='ltr'><strong>sico</strong></span> <span class='ocrx_word' id='word_1_217' title='bbox 1955 1500 2197 1554; x_wconf 89' lang='lat' dir='ltr'><strong>vocalior</strong></span> <span class='ocrx_word' id='word_1_218' title='bbox 2225 1500 2317 1562; x_wconf 89' lang='lat' dir='ltr'><strong>sit,</strong></span> <span class='ocrx_word' id='word_1_219' title='bbox 2345 1500 2479 1555; x_wconf 85' lang='lat' dir='ltr'><strong>satis</strong></span> <span class='ocrx_word' id='word_1_220' title='bbox 2496 1502 2903 1556; x_wconf 87' lang='lat' dir='ltr'><strong>accommodata</strong></span> <span class='ocrx_word' id='word_1_221' title='bbox 2916 1503 3372 1573; x_wconf 85' lang='lat' dir='ltr'><strong>convenientique</strong></span> 
     </span>
    </p>
   </div>
   <div class='ocr_carea' id='block_1_31' title="bbox 1814 1588 3377 1662">
    <p class='ocr_par' dir='ltr' id='par_1_31' title="bbox 1814 1588 3377 1662">
     <span class='ocr_line' id='line_1_31' title="bbox 1814 1588 3377 1662; baseline 0.002 -18"><span class='ocrx_word' id='word_1_222' title='bbox 1814 1590 1985 1661; x_wconf 89' lang='lat' dir='ltr'><strong>ﬁgura</strong></span> <span class='ocrx_word' id='word_1_223' title='bbox 2017 1588 2221 1644; x_wconf 91' lang='lat' dir='ltr'><strong>dictum</strong></span> <span class='ocrx_word' id='word_1_224' title='bbox 2254 1590 2416 1644; x_wconf 83' lang='lat' dir='ltr'><strong>fuerit</strong></span> <span class='ocrx_word' id='word_1_225' title='bbox 2446 1590 2599 1655; x_wconf 91' lang='lat' dir='ltr'><strong>illud,</strong></span> <span class='ocrx_word' id='word_1_226' title='bbox 2626 1591 2693 1645; x_wconf 92' lang='lat' dir='ltr'><strong>ad</strong></span> <span class='ocrx_word' id='word_1_227' title='bbox 2723 1592 3206 1647; x_wconf 88' lang='lat' dir='ltr'><strong>demonstrandum</strong></span> <span class='ocrx_word' id='word_1_228' title='bbox 3232 1592 3377 1662; x_wconf 91' lang='lat' dir='ltr'><strong>quod</strong></span> 
     </span>
    </p>
   </div>
   <div class='ocr_carea' id='block_1_32' title="bbox 1814 1682 3378 1752">
    <p class='ocr_par' dir='ltr' id='par_1_32' title="bbox 1814 1682 3378 1752">
     <span class='ocr_line' id='line_1_32' title="bbox 1814 1682 3378 1752; baseline 0.004 -17"><span class='ocrx_word' id='word_1_229' title='bbox 1814 1682 2070 1738; x_wconf 89' lang='lat' dir='ltr'><strong>omnibus</strong></span> <span class='ocrx_word' id='word_1_230' title='bbox 2105 1682 2229 1736; x_wconf 90' lang='lat' dir='ltr'><strong>aliis</strong></span> <span class='ocrx_word' id='word_1_231' title='bbox 2276 1697 2397 1752; x_wconf 66' lang='lat' dir='ltr'><strong>quae</strong></span> <span class='ocrx_word' id='word_1_232' title='bbox 2426 1697 2455 1735; x_wconf 90' lang='lat' dir='ltr'><strong>a</strong></span> <span class='ocrx_word' id='word_1_233' title='bbox 2501 1684 2720 1738; x_wconf 89' lang='lat' dir='ltr'><strong>condito</strong></span> <span class='ocrx_word' id='word_1_234' title='bbox 2768 1699 2882 1738; x_wconf 71' lang='lat' dir='ltr'><strong>aevo</strong></span> <span class='ocrx_word' id='word_1_235' title='bbox 2924 1685 3255 1748; x_wconf 82' lang='lat' dir='ltr'><strong>exstiterint,</strong></span> <span class='ocrx_word' id='word_1_236' title='bbox 3287 1702 3378 1741; x_wconf 89' lang='lat' dir='ltr'><strong>ro-</strong></span> 
     </span>
    </p>
   </div>
   <div class='ocr_carea' id='block_1_33' title="bbox 1815 1772 3375 1831">
    <p class='ocr_par' dir='ltr' id='par_1_33' title="bbox 1815 1772 3375 1831">
     <span class='ocr_line' id='line_1_33' title="bbox 1815 1772 3375 1831; baseline 0.003 -5"><span class='ocrx_word' id='word_1_237' title='bbox 1815 1773 2027 1828; x_wconf 86' lang='lat' dir='ltr'><strong>bustior</strong></span> <span class='ocrx_word' id='word_1_238' title='bbox 2054 1781 2109 1828; x_wconf 90' lang='lat' dir='ltr'><strong>et</strong></span> <span class='ocrx_word' id='word_1_239' title='bbox 2133 1772 2376 1827; x_wconf 85' lang='lat' dir='ltr'><strong>vocalior</strong></span> <span class='ocrx_word' id='word_1_240' title='bbox 2424 1774 2639 1829; x_wconf 90' lang='lat' dir='ltr'><strong>cunctis</strong></span> <span class='ocrx_word' id='word_1_241' title='bbox 2697 1774 3010 1829; x_wconf 83' lang='lat' dir='ltr'><strong>hominibus</strong></span> <span class='ocrx_word' id='word_1_242' title='bbox 3056 1776 3375 1831; x_wconf 70' lang='lat' dir='ltr'><strong>denuntiata</strong></span> 
     </span>
    </p>
   </div>
   <div class='ocr_carea' id='block_1_34' title="bbox 170 1860 1703 1941">
    <p class='ocr_par' dir='ltr' id='par_1_34' title="bbox 170 1869 1703 1941">
     <span class='ocr_line' id='line_1_34' title="bbox 170 1869 1703 1941; baseline 0.002 -19"><span class='ocrx_word' id='word_1_243' title='bbox 170 1870 327 1922; x_wconf 65' lang='grc' dir='ltr'>,οὐκέτι</span> <span class='ocrx_word' id='word_1_244' title='bbox 376 1870 536 1939; x_wconf 85' lang='grc' dir='ltr'>μόνου</span> <span class='ocrx_word' id='word_1_245' title='bbox 588 1869 681 1922; x_wconf 88' lang='grc' dir='ltr'><strong>τοῦ</strong></span> <span class='ocrx_word' id='word_1_246' title='bbox 736 1869 1004 1923; x_wconf 72' lang='grc' dir='ltr'>Ἰουδαίων</span> <span class='ocrx_word' id='word_1_247' title='bbox 1046 1870 1249 1934; x_wconf 80' lang='grc' dir='ltr'>ἔθνους,</span> <span class='ocrx_word' id='word_1_248' title='bbox 1297 1871 1430 1923; x_wconf 76' lang='grc' dir='ltr'>ἀλλὰ</span> <span class='ocrx_word' id='word_1_249' title='bbox 1462 1888 1481 1921; x_wconf 73' lang='grc' dir='ltr'><strong>ι</strong></span> <span class='ocrx_word' id='word_1_250' title='bbox 1512 1872 1703 1941; x_wconf 74' lang='grc' dir='ltr'>πάσης.</span> 
     </span>
    </p>
   </div>
   <div class='ocr_carea' id='block_1_35' title="bbox 1810 1860 3379 1941">
    <p class='ocr_par' dir='ltr' id='par_1_35' title="bbox 1813 1865 3379 1938">
     <span class='ocr_line' id='line_1_35' title="bbox 1813 1865 3379 1938; baseline 0.002 -18"><span class='ocrx_word' id='word_1_251' title='bbox 1813 1865 1884 1920; x_wconf 88' lang='lat' dir='ltr'><strong>sit</strong></span> <span class='ocrx_word' id='word_1_252' title='bbox 1900 1865 2103 1920; x_wconf 86' lang='lat' dir='ltr'><strong>Christi</strong></span> <span class='ocrx_word' id='word_1_253' title='bbox 2132 1866 2402 1929; x_wconf 80' lang='lat' dir='ltr'><strong>doctrina,</strong></span> <span class='ocrx_word' id='word_1_254' title='bbox 2427 1882 2521 1935; x_wconf 84' lang='lat' dir='ltr'><strong>per</strong></span> <span class='ocrx_word' id='word_1_255' title='bbox 2546 1881 2707 1935; x_wconf 86' lang='lat' dir='ltr'><strong>quam</strong></span> <span class='ocrx_word' id='word_1_256' title='bbox 2732 1868 2893 1921; x_wconf 87' lang='lat' dir='ltr'><strong>veluti</strong></span> <span class='ocrx_word' id='word_1_257' title='bbox 2925 1884 3021 1938; x_wconf 86' lang='lat' dir='ltr'><strong>per</strong></span> <span class='ocrx_word' id='word_1_258' title='bbox 3049 1868 3255 1932; x_wconf 87' lang='lat' dir='ltr'><strong>tubam,</strong></span> <span class='ocrx_word' id='word_1_259' title='bbox 3289 1883 3379 1923; x_wconf 82' lang='lat' dir='ltr'><strong>us-</strong></span> 
     </span>
    </p>
   </div>
   <div class='ocr_carea' id='block_1_36' title="bbox 168 1959 1712 2033">
    <p class='ocr_par' dir='ltr' id='par_1_36' title="bbox 168 1959 1712 2033">
     <span class='ocr_line' id='line_1_36' title="bbox 168 1959 1712 2033; baseline 0.001 -20"><span class='ocrx_word' id='word_1_260' title='bbox 168 1963 300 2031; x_wconf 78' lang='grc' dir='ltr'>φησὶ,</span> <span class='ocrx_word' id='word_1_261' title='bbox 325 1962 419 2031; x_wconf 75' lang='grc' dir='ltr'>τῆς</span> <span class='ocrx_word' id='word_1_262' title='bbox 434 1961 536 2031; x_wconf 83' lang='grc' dir='ltr'>γῆς</span> <span class='ocrx_word' id='word_1_263' title='bbox 573 1961 601 2012; x_wconf 89' lang='grc' dir='ltr'><strong>ό</strong></span> <span class='ocrx_word' id='word_1_264' title='bbox 642 1959 790 2023; x_wconf 88' lang='grc' dir='ltr'>Θεός·</span> <span class='ocrx_word' id='word_1_265' title='bbox 812 1960 1014 2029; x_wconf 51' lang='lat' dir='ltr'><strong>quam</strong></span> <span class='ocrx_word' id='word_1_266' title='bbox 1049 1960 1302 2023; x_wconf 86' lang='grc' dir='ltr'>συνετῶς.</span> <span class='ocrx_word' id='word_1_267' title='bbox 1330 1980 1348 2011; x_wconf 76' lang='grc' dir='ltr'><strong>ι</strong></span> <span class='ocrx_word' id='word_1_268' title='bbox 1386 1962 1579 2014; x_wconf 81' lang='grc' dir='ltr'>Οὐκέτι</span> <span class='ocrx_word' id='word_1_269' title='bbox 1603 1962 1712 2033; x_wconf 80' lang='grc' dir='ltr'>γὰρ</span> 
     </span>
    </p>
   </div>
   <div class='ocr_carea' id='block_1_37' title="bbox 168 2051 1711 2124">
    <p class='ocr_par' dir='ltr' id='par_1_37' title="bbox 168 2051 1711 2124">
     <span class='ocr_line' id='line_1_37' title="bbox 168 2051 1711 2124; baseline 0.003 -21"><span class='ocrx_word' id='word_1_270' title='bbox 168 2053 206 2103; x_wconf 72' lang='lat' dir='ltr'><strong>oi</strong></span> <span class='ocrx_word' id='word_1_271' title='bbox 232 2052 349 2121; x_wconf 76' lang='grc' dir='ltr'>πρὶν</span> <span class='ocrx_word' id='word_1_272' title='bbox 373 2051 641 2121; x_wconf 85' lang='grc' dir='ltr'>δαίμονες,</span> <span class='ocrx_word' id='word_1_273' title='bbox 667 2053 816 2121; x_wconf 82' lang='grc' dir='ltr'>φησὶ,</span> <span class='ocrx_word' id='word_1_274' title='bbox 835 2052 954 2105; x_wconf 79' lang='grc' dir='ltr'>οὐδὲ</span> <span class='ocrx_word' id='word_1_275' title='bbox 977 2052 1046 2104; x_wconf 84' lang='grc' dir='ltr'>τὰ</span> <span class='ocrx_word' id='word_1_276' title='bbox 1068 2052 1318 2124; x_wconf 84' lang='grc' dir='ltr'>περίγεια</span> <span class='ocrx_word' id='word_1_277' title='bbox 1346 2053 1438 2105; x_wconf 74' lang='grc' dir='ltr'>καὶ</span> <span class='ocrx_word' id='word_1_278' title='bbox 1460 2054 1711 2124; x_wconf 83' lang='grc' dir='ltr'>ἀπατηλὰ</span> 
     </span>
    </p>
   </div>
   <div class='ocr_carea' id='block_1_38' title="bbox 168 2141 1711 2211">
    <p class='ocr_par' dir='ltr' id='par_1_38' title="bbox 168 2141 1711 2211">
     <span class='ocr_line' id='line_1_38' title="bbox 168 2141 1711 2211; baseline 0.001 -17"><span class='ocrx_word' id='word_1_279' title='bbox 168 2141 444 2211; x_wconf 85' lang='grc' dir='ltr'>πνεύματα,</span> <span class='ocrx_word' id='word_1_280' title='bbox 472 2142 585 2195; x_wconf 79' lang='grc' dir='ltr'>ἀλλ’</span> <span class='ocrx_word' id='word_1_281' title='bbox 611 2143 770 2206; x_wconf 83' lang='grc' dir='ltr'>αὐτὸς</span> <span class='ocrx_word' id='word_1_282' title='bbox 803 2162 821 2193; x_wconf 77' lang='grc' dir='ltr'><strong>ι</strong></span> <span class='ocrx_word' id='word_1_283' title='bbox 850 2146 878 2196; x_wconf 87' lang='grc' dir='ltr'><strong>ὁ</strong></span> <span class='ocrx_word' id='word_1_284' title='bbox 907 2143 1037 2207; x_wconf 85' lang='grc' dir='ltr'>Θεὸς</span> <span class='ocrx_word' id='word_1_285' title='bbox 1062 2143 1507 2197; x_wconf 74' lang='grc' dir='ltr'>ἐϐασίλευσενὲπὶ</span> <span class='ocrx_word' id='word_1_286' title='bbox 1535 2144 1711 2197; x_wconf 84' lang='grc' dir='ltr'>πάντα</span> 
     </span>
    </p>
   </div>
   <div class='ocr_carea' id='block_1_39' title="bbox 165 2233 1708 2305">
    <p class='ocr_par' dir='ltr' id='par_1_39' title="bbox 165 2233 1708 2305">
     <span class='ocr_line' id='line_1_39' title="bbox 165 2233 1708 2305; baseline 0.002 -20"><span class='ocrx_word' id='word_1_287' title='bbox 165 2234 222 2286; x_wconf 72' lang='grc' dir='ltr'><strong>τὰ</strong></span> <span class='ocrx_word' id='word_1_288' title='bbox 245 2233 362 2304; x_wconf 79' lang='grc' dir='ltr'>ἔθνη</span> <span class='ocrx_word' id='word_1_289' title='bbox 380 2250 395 2264; x_wconf 75' lang='grc' dir='ltr'><strong><em>ο</em></strong></span> <span class='ocrx_word' id='word_1_290' title='bbox 410 2254 427 2284; x_wconf 77' lang='grc' dir='ltr'><strong>ι</strong></span> <span class='ocrx_word' id='word_1_291' title='bbox 454 2235 483 2286; x_wconf 88' lang='grc' dir='ltr'><strong>ό</strong></span> <span class='ocrx_word' id='word_1_292' title='bbox 499 2234 630 2297; x_wconf 88' lang='grc' dir='ltr'>Θεὸς</span> <span class='ocrx_word' id='word_1_293' title='bbox 646 2234 825 2298; x_wconf 78' lang='grc' dir='ltr'>αὐτὸς,</span> <span class='ocrx_word' id='word_1_294' title='bbox 861 2253 879 2285; x_wconf 78' lang='lat' dir='ltr'><strong>r</strong></span> <span class='ocrx_word' id='word_1_295' title='bbox 905 2234 963 2297; x_wconf 84' lang='grc' dir='ltr'>ὃς</span> <span class='ocrx_word' id='word_1_296' title='bbox 988 2234 1223 2305; x_wconf 76' lang='grc' dir='ltr'>κάθηται</span> <span class='ocrx_word' id='word_1_297' title='bbox 1245 2236 1336 2287; x_wconf 78' lang='grc' dir='ltr'><strong>ἐπὶ</strong></span> <span class='ocrx_word' id='word_1_298' title='bbox 1352 2234 1540 2305; x_wconf 84' lang='grc' dir='ltr'>θρόνου</span> <span class='ocrx_word' id='word_1_299' title='bbox 1552 2235 1708 2304; x_wconf 79' lang='grc' dir='ltr'>ἁγίου</span> 
     </span>
    </p>
   </div>
   <div class='ocr_carea' id='block_1_40' title="bbox 165 2323 1709 2396">
    <p class='ocr_par' dir='ltr' id='par_1_40' title="bbox 165 2323 1709 2396">
     <span class='ocr_line' id='line_1_40' title="bbox 165 2323 1709 2396; baseline 0 -19"><span class='ocrx_word' id='word_1_300' title='bbox 165 2324 325 2377; x_wconf 70' lang='grc' dir='ltr'>αὐτοῦ.</span> <span class='ocrx_word' id='word_1_301' title='bbox 341 2345 357 2376; x_wconf 74' lang='grc' dir='ltr'><strong>ι</strong></span> <span class='ocrx_word' id='word_1_302' title='bbox 390 2324 529 2393; x_wconf 86' lang='grc' dir='ltr'>Ἤδη</span> <span class='ocrx_word' id='word_1_303' title='bbox 556 2324 611 2376; x_wconf 85' lang='grc' dir='ltr'>δὲ</span> <span class='ocrx_word' id='word_1_304' title='bbox 634 2324 895 2396; x_wconf 86' lang='grc' dir='ltr'>πρότερον</span> <span class='ocrx_word' id='word_1_305' title='bbox 912 2323 1006 2377; x_wconf 84' lang='grc' dir='ltr'><strong>τοῦ</strong></span> <span class='ocrx_word' id='word_1_306' title='bbox 1034 2323 1168 2379; x_wconf 87' lang='grc' dir='ltr'>Θεοῦ</span> <span class='ocrx_word' id='word_1_307' title='bbox 1194 2324 1364 2391; x_wconf 86' lang='grc' dir='ltr'>Λόγου</span> <span class='ocrx_word' id='word_1_308' title='bbox 1386 2324 1474 2376; x_wconf 92' lang='grc' dir='ltr'><strong>τὸν</strong></span> <span class='ocrx_word' id='word_1_309' title='bbox 1501 2323 1709 2395; x_wconf 85' lang='grc' dir='ltr'>θρόνον,</span> 
     </span>
    </p>
   </div>
   <div class='ocr_carea' id='block_1_41' title="bbox 167 2414 1705 2487">
    <p class='ocr_par' dir='ltr' id='par_1_41' title="bbox 167 2414 1705 2487">
     <span class='ocr_line' id='line_1_41' title="bbox 167 2414 1705 2487; baseline 0.002 -21"><span class='ocrx_word' id='word_1_310' title='bbox 167 2415 314 2484; x_wconf 67' lang='grc' dir='ltr'>ἐφ’ὂν</span> <span class='ocrx_word' id='word_1_311' title='bbox 354 2414 679 2478; x_wconf 77' lang='grc' dir='ltr'>καθέζεσθαι</span> <span class='ocrx_word' id='word_1_312' title='bbox 727 2417 755 2468; x_wconf 85' lang='grc' dir='ltr'><strong>ό</strong></span> <span class='ocrx_word' id='word_1_313' title='bbox 802 2416 993 2487; x_wconf 80' lang='grc' dir='ltr'>Πατὴρ</span> <span class='ocrx_word' id='word_1_314' title='bbox 1042 2414 1190 2486; x_wconf 80' lang='grc' dir='ltr'>αὐτῷ</span> <span class='ocrx_word' id='word_1_315' title='bbox 1235 2415 1705 2486; x_wconf 82' lang='grc' dir='ltr'>παρεκελεύσατο,</span> 
     </span>
    </p>
   </div>
   <div class='ocr_carea' id='block_1_42' title="bbox 166 2506 1707 2577">
    <p class='ocr_par' dir='ltr' id='par_1_42' title="bbox 166 2506 1707 2577">
     <span class='ocr_line' id='line_1_42' title="bbox 166 2506 1707 2577; baseline 0.001 -17"><span class='ocrx_word' id='word_1_316' title='bbox 166 2506 348 2572; x_wconf 69' lang='grc' dir='ltr'>εἰπὼν,</span> <span class='ocrx_word' id='word_1_317' title='bbox 403 2527 421 2558; x_wconf 76' lang='grc' dir='ltr'><strong>ι</strong></span> <span class='ocrx_word' id='word_1_318' title='bbox 456 2506 638 2561; x_wconf 78' lang='grc' dir='ltr'>Κάθου</span> <span class='ocrx_word' id='word_1_319' title='bbox 686 2510 749 2560; x_wconf 75' lang='grc' dir='ltr'>ἐκ</span> <span class='ocrx_word' id='word_1_320' title='bbox 802 2506 988 2572; x_wconf 71' lang='grc' dir='ltr'>δεξιῶν</span> <span class='ocrx_word' id='word_1_321' title='bbox 1025 2524 1158 2577; x_wconf 77' lang='grc' dir='ltr'>μου,</span> <span class='ocrx_word' id='word_1_322' title='bbox 1203 2508 1306 2571; x_wconf 75' lang='grc' dir='ltr'>ἕως</span> <span class='ocrx_word' id='word_1_323' title='bbox 1346 2506 1411 2561; x_wconf 81' lang='grc' dir='ltr'>ἂν</span> <span class='ocrx_word' id='word_1_324' title='bbox 1460 2507 1537 2561; x_wconf 89' lang='grc' dir='ltr'><strong>θῶ</strong></span> <span class='ocrx_word' id='word_1_325' title='bbox 1582 2508 1707 2570; x_wconf 79' lang='grc' dir='ltr'>τοὺς</span> 
     </span>
    </p>
   </div>
   <div class='ocr_carea' id='block_1_43' title="bbox 165 2597 1707 2670">
    <p class='ocr_par' dir='ltr' id='par_1_43' title="bbox 165 2597 1707 2670">
     <span class='ocr_line' id='line_1_43' title="bbox 165 2597 1707 2670; baseline 0.001 -19"><span class='ocrx_word' id='word_1_326' title='bbox 165 2598 367 2670; x_wconf 78' lang='grc' dir='ltr'>ἐχθρούς</span> <span class='ocrx_word' id='word_1_327' title='bbox 394 2616 489 2651; x_wconf 79' lang='grc' dir='ltr'><strong>σου</strong></span> <span class='ocrx_word' id='word_1_328' title='bbox 516 2599 804 2652; x_wconf 78' lang='grc' dir='ltr'>ὑποπόδιον</span> <span class='ocrx_word' id='word_1_329' title='bbox 836 2600 942 2653; x_wconf 87' lang='grc' dir='ltr'><strong>τῶν</strong></span> <span class='ocrx_word' id='word_1_330' title='bbox 973 2599 1148 2652; x_wconf 84' lang='grc' dir='ltr'>ποδῶν</span> <span class='ocrx_word' id='word_1_331' title='bbox 1179 2617 1294 2664; x_wconf 91' lang='grc' dir='ltr'>σου,</span> <span class='ocrx_word' id='word_1_332' title='bbox 1323 2618 1340 2651; x_wconf 80' lang='grc' dir='ltr'><strong>ι</strong></span> <span class='ocrx_word' id='word_1_333' title='bbox 1369 2598 1455 2652; x_wconf 82' lang='grc' dir='ltr'>διὰ</span> <span class='ocrx_word' id='word_1_334' title='bbox 1478 2599 1569 2652; x_wconf 86' lang='grc' dir='ltr'><strong>τοῦ</strong></span> <span class='ocrx_word' id='word_1_335' title='bbox 1601 2597 1707 2670; x_wconf 89' lang='grc' dir='ltr'><strong>πρὸ</strong></span> 
     </span>
    </p>
   </div>
   <div class='ocr_carea' id='block_1_44' title="bbox 161 2687 1707 2761">
    <p class='ocr_par' dir='ltr' id='par_1_44' title="bbox 161 2687 1707 2761">
     <span class='ocr_line' id='line_1_44' title="bbox 161 2687 1707 2761; baseline 0.002 -22"><span class='ocrx_word' id='word_1_336' title='bbox 161 2687 327 2740; x_wconf 75' lang='grc' dir='ltr'>τούτου</span> <span class='ocrx_word' id='word_1_337' title='bbox 364 2688 792 2759; x_wconf 81' lang='grc' dir='ltr'>συγγράμματος</span> <span class='ocrx_word' id='word_1_338' title='bbox 820 2690 1256 2760; x_wconf 83' lang='grc' dir='ltr'>παρεστήσαμεν.</span> <span class='ocrx_word' id='word_1_339' title='bbox 1291 2687 1363 2741; x_wconf 92' lang='grc' dir='ltr'>Τὸ</span> <span class='ocrx_word' id='word_1_340' title='bbox 1388 2688 1445 2742; x_wconf 79' lang='grc' dir='ltr'>δὲ</span> <span class='ocrx_word' id='word_1_341' title='bbox 1464 2731 1478 2753; x_wconf 94' lang='grc'><strong>,</strong></span> <span class='ocrx_word' id='word_1_342' title='bbox 1529 2708 1547 2739; x_wconf 74' lang='grc' dir='ltr'><strong>ι</strong></span> <span class='ocrx_word' id='word_1_343' title='bbox 1576 2690 1707 2761; x_wconf 76' lang='grc' dir='ltr'><strong>Ἀρ-</strong></span> 
     </span>
    </p>
   </div>
   <div class='ocr_carea' id='block_1_45' title="bbox 161 2778 1698 2853">
    <p class='ocr_par' dir='ltr' id='par_1_45' title="bbox 161 2778 1698 2853">
     <span class='ocr_line' id='line_1_45' title="bbox 161 2778 1698 2853; baseline 0.001 -23"><span class='ocrx_word' id='word_1_344' title='bbox 161 2796 322 2845; x_wconf 81' lang='grc' dir='ltr'>χοντες</span> <span class='ocrx_word' id='word_1_345' title='bbox 346 2779 490 2831; x_wconf 90' lang='grc' dir='ltr'>λαῶν</span> <span class='ocrx_word' id='word_1_346' title='bbox 519 2778 860 2850; x_wconf 75' lang='grc' dir='ltr'>συνήχθησαν</span> <span class='ocrx_word' id='word_1_347' title='bbox 897 2779 1034 2849; x_wconf 81' lang='grc' dir='ltr'>μετὰ</span> <span class='ocrx_word' id='word_1_348' title='bbox 1062 2778 1154 2832; x_wconf 90' lang='grc' dir='ltr'><strong>τοῦ</strong></span> <span class='ocrx_word' id='word_1_349' title='bbox 1195 2778 1328 2832; x_wconf 86' lang='grc' dir='ltr'>Θεοῦ</span> <span class='ocrx_word' id='word_1_350' title='bbox 1365 2780 1646 2853; x_wconf 71' lang='grc' dir='ltr'>Ἀβραὰμ,</span> <span class='ocrx_word' id='word_1_351' title='bbox 1680 2800 1698 2832; x_wconf 71' lang='grc' dir='ltr'><strong>ι</strong></span> 
     </span>
    </p>
   </div>
   <div class='ocr_carea' id='block_1_46' title="bbox 159 2870 1703 2943">
    <p class='ocr_par' dir='ltr' id='par_1_46' title="bbox 159 2870 1703 2943">
     <span class='ocr_line' id='line_1_46' title="bbox 159 2870 1703 2943; baseline 0.004 -24"><span class='ocrx_word' id='word_1_352' title='bbox 159 2871 225 2920; x_wconf 81' lang='grc' dir='ltr'>ἔτι</span> <span class='ocrx_word' id='word_1_353' title='bbox 266 2870 591 2941; x_wconf 71' lang='grc' dir='ltr'>σαφέστερον</span> <span class='ocrx_word' id='word_1_354' title='bbox 621 2870 770 2940; x_wconf 86' lang='grc' dir='ltr'>δηλοῖ</span> <span class='ocrx_word' id='word_1_355' title='bbox 816 2871 1221 2943; x_wconf 79' lang='grc' dir='ltr'>μετατεθεῖσθαι</span> <span class='ocrx_word' id='word_1_356' title='bbox 1268 2873 1347 2935; x_wconf 87' lang='grc' dir='ltr'><strong>εἰς</strong></span> <span class='ocrx_word' id='word_1_357' title='bbox 1380 2871 1470 2924; x_wconf 89' lang='grc' dir='ltr'><strong>τὸν</strong></span> <span class='ocrx_word' id='word_1_358' title='bbox 1507 2871 1703 2943; x_wconf 79' lang='grc' dir='ltr'>κλῆρον</span> 
     </span>
    </p>
   </div>
   <div class='ocr_carea' id='block_1_47' title="bbox 156 2961 1704 3035">
    <p class='ocr_par' dir='ltr' id='par_1_47' title="bbox 156 2961 1704 3035">
     <span class='ocr_line' id='line_1_47' title="bbox 156 2961 1704 3035; baseline 0.002 -22"><span class='ocrx_word' id='word_1_359' title='bbox 156 2962 247 3013; x_wconf 77' lang='grc' dir='ltr'><strong>τῶν</strong></span> <span class='ocrx_word' id='word_1_360' title='bbox 284 2962 448 3014; x_wconf 73' lang='grc' dir='ltr'>παλαι</span> <span class='ocrx_word' id='word_1_361' title='bbox 504 2961 763 3032; x_wconf 67' lang='grc' dir='ltr'>θεοφιλῶν</span> <span class='ocrx_word' id='word_1_362' title='bbox 811 2962 905 3015; x_wconf 89' lang='grc' dir='ltr'><strong>τοῦ</strong></span> <span class='ocrx_word' id='word_1_363' title='bbox 956 2963 1088 3015; x_wconf 88' lang='grc' dir='ltr'>Θεοῦ</span> <span class='ocrx_word' id='word_1_364' title='bbox 1136 2963 1426 3035; x_wconf 58' lang='grc' dir='ltr'>προφητῶν</span> <span class='ocrx_word' id='word_1_365' title='bbox 1468 2964 1593 3027; x_wconf 84' lang='grc' dir='ltr'>τοὺς</span> <span class='ocrx_word' id='word_1_366' title='bbox 1644 2964 1704 3030; x_wconf 76' lang='grc' dir='ltr'>ἐξ</span> 
     </span>
    </p>
   </div>
   <div class='ocr_carea' id='block_1_48' title="bbox 155 3053 1698 3126">
    <p class='ocr_par' dir='ltr' id='par_1_48' title="bbox 155 3053 1698 3126">
     <span class='ocr_line' id='line_1_48' title="bbox 155 3053 1698 3126; baseline 0.003 -22"><span class='ocrx_word' id='word_1_367' title='bbox 155 3053 303 3107; x_wconf 76' lang='grc' dir='ltr'>ἐθνῶν</span> <span class='ocrx_word' id='word_1_368' title='bbox 332 3053 598 3124; x_wconf 76' lang='grc' dir='ltr'>ἄρχοντας</span> <span class='ocrx_word' id='word_1_369' title='bbox 624 3055 723 3125; x_wconf 79' lang='grc' dir='ltr'>τῆς</span> <span class='ocrx_word' id='word_1_370' title='bbox 754 3053 983 3125; x_wconf 83' lang='grc' dir='ltr'>Χριστοῦ</span> <span class='ocrx_word' id='word_1_371' title='bbox 1026 3053 1370 3125; x_wconf 82' lang='grc' dir='ltr'>Ἐκκλησίας,</span> <span class='ocrx_word' id='word_1_372' title='bbox 1406 3054 1477 3119; x_wconf 79' lang='grc' dir='ltr'>οἳ,</span> <span class='ocrx_word' id='word_1_373' title='bbox 1509 3056 1601 3108; x_wconf 77' lang='grc' dir='ltr'>καὶ</span> <span class='ocrx_word' id='word_1_374' title='bbox 1632 3059 1698 3126; x_wconf 81' lang='grc' dir='ltr'>τῇ</span> 
     </span>
    </p>
   </div>
   <div class='ocr_carea' id='block_1_49' title="bbox 152 3145 1701 3218">
    <p class='ocr_par' dir='ltr' id='par_1_49' title="bbox 152 3145 1701 3218">
     <span class='ocr_line' id='line_1_49' title="bbox 152 3145 1701 3218; baseline 0.004 -21"><span class='ocrx_word' id='word_1_375' title='bbox 152 3146 356 3215; x_wconf 77' lang='grc' dir='ltr'>δυνάμει</span> <span class='ocrx_word' id='word_1_376' title='bbox 388 3145 485 3198; x_wconf 87' lang='grc' dir='ltr'><strong>τοῦ</strong></span> <span class='ocrx_word' id='word_1_377' title='bbox 516 3146 771 3218; x_wconf 82' lang='grc' dir='ltr'>Σωτῆρος</span> <span class='ocrx_word' id='word_1_378' title='bbox 799 3146 954 3217; x_wconf 80' lang='grc' dir='ltr'>ἡμῶν</span> <span class='ocrx_word' id='word_1_379' title='bbox 983 3145 1415 3216; x_wconf 83' lang='grc' dir='ltr'>κραταιωθέντες</span> <span class='ocrx_word' id='word_1_380' title='bbox 1436 3186 1450 3211; x_wconf 91' lang='grc'><strong>,</strong></span> <span class='ocrx_word' id='word_1_381' title='bbox 1496 3146 1701 3218; x_wconf 73' lang='grc' dir='ltr'>σφόδρα</span> 
     </span>
    </p>
   </div>
   <div class='ocr_carea' id='block_1_50' title="bbox 154 3236 1700 3309">
    <p class='ocr_par' dir='ltr' id='par_1_50' title="bbox 154 3236 1700 3309">
     <span class='ocr_line' id='line_1_50' title="bbox 154 3236 1700 3309; baseline 0.003 -21"><span class='ocrx_word' id='word_1_382' title='bbox 154 3236 450 3308; x_wconf 69' lang='grc' dir='ltr'>ἐπήρθησαν</span> <span class='ocrx_word' id='word_1_383' title='bbox 497 3237 709 3301; x_wconf 77' lang='grc' dir='ltr'>οὐδενὸς</span> <span class='ocrx_word' id='word_1_384' title='bbox 766 3236 1065 3309; x_wconf 84' lang='grc' dir='ltr'>ἀνθρώπων</span> <span class='ocrx_word' id='word_1_385' title='bbox 1119 3238 1440 3291; x_wconf 77' lang='grc' dir='ltr'>καταϐαλεῖν</span> <span class='ocrx_word' id='word_1_386' title='bbox 1506 3237 1700 3303; x_wconf 83' lang='grc' dir='ltr'>αὐτοὺς</span> 
     </span>
    </p>
   </div>
   <div class='ocr_carea' id='block_1_51' title="bbox 157 3327 1703 3401">
    <p class='ocr_par' dir='ltr' id='par_1_51' title="bbox 157 3327 1703 3401">
     <span class='ocr_line' id='line_1_51' title="bbox 157 3327 1703 3401; baseline 0.001 -21"><span class='ocrx_word' id='word_1_387' title='bbox 157 3330 235 3381; x_wconf 70' lang='grc' dir='ltr'>καὶ</span> <span class='ocrx_word' id='word_1_388' title='bbox 268 3328 594 3381; x_wconf 82' lang='grc' dir='ltr'>ταπεινῶσαι</span> <span class='ocrx_word' id='word_1_389' title='bbox 627 3328 1005 3399; x_wconf 80' lang='grc' dir='ltr'>δεδυνημένου,</span> <span class='ocrx_word' id='word_1_390' title='bbox 1039 3329 1125 3382; x_wconf 85' lang='grc' dir='ltr'>διὰ</span> <span class='ocrx_word' id='word_1_391' title='bbox 1148 3330 1247 3401; x_wconf 79' lang='grc' dir='ltr'>τὴν</span> <span class='ocrx_word' id='word_1_392' title='bbox 1275 3327 1579 3398; x_wconf 80' lang='grc' dir='ltr'>ἀνυψοῦσαν</span> <span class='ocrx_word' id='word_1_393' title='bbox 1606 3330 1703 3385; x_wconf 84' lang='grc' dir='ltr'>αύ-</span> 
     </span>
    </p>
   </div>
   <div class='ocr_carea' id='block_1_52' title="bbox 156 3419 1699 3491">
    <p class='ocr_par' dir='ltr' id='par_1_52' title="bbox 156 3419 1699 3491">
     <span class='ocr_line' id='line_1_52' title="bbox 156 3419 1699 3491; baseline 0.003 -19"><span class='ocrx_word' id='word_1_394' title='bbox 156 3423 261 3483; x_wconf 71' lang='grc' dir='ltr'>τους</span> <span class='ocrx_word' id='word_1_395' title='bbox 292 3422 383 3473; x_wconf 74' lang='grc' dir='ltr'><strong>καὶ</strong></span> <span class='ocrx_word' id='word_1_396' title='bbox 407 3420 747 3491; x_wconf 89' lang='grc' dir='ltr'>δυναμοῦσαν</span> <span class='ocrx_word' id='word_1_397' title='bbox 773 3419 863 3474; x_wconf 85' lang='grc' dir='ltr'><strong>τοῦ</strong></span> <span class='ocrx_word' id='word_1_398' title='bbox 889 3419 1023 3473; x_wconf 86' lang='grc' dir='ltr'>Θεοῦ</span> <span class='ocrx_word' id='word_1_399' title='bbox 1054 3420 1256 3485; x_wconf 83' lang='grc' dir='ltr'>δεξιάν.</span> <span class='ocrx_word' id='word_1_400' title='bbox 1296 3422 1406 3475; x_wconf 77' lang='grc' dir='ltr'><strong>Καὶ</strong></span> <span class='ocrx_word' id='word_1_401' title='bbox 1440 3420 1610 3476; x_wconf 90' lang='grc' dir='ltr'>ταῦτα</span> <span class='ocrx_word' id='word_1_402' title='bbox 1643 3422 1699 3476; x_wconf 84' lang='grc' dir='ltr'>δὲ</span> 
     </span>
    </p>
   </div>
   <div class='ocr_carea' id='block_1_53' title="bbox 158 3512 1353 3583">
    <p class='ocr_par' dir='ltr' id='par_1_53' title="bbox 158 3512 1353 3583">
     <span class='ocr_line' id='line_1_53' title="bbox 158 3512 1353 3583; baseline 0.003 -20"><span class='ocrx_word' id='word_1_403' title='bbox 158 3512 232 3563; x_wconf 75' lang='grc' dir='ltr'><strong>ἐπὶ</strong></span> <span class='ocrx_word' id='word_1_404' title='bbox 262 3512 452 3583; x_wconf 71' lang='grc' dir='ltr'>σχολῆς</span> <span class='ocrx_word' id='word_1_405' title='bbox 478 3512 723 3575; x_wconf 76' lang='grc' dir='ltr'>ἐντελοῦς</span> <span class='ocrx_word' id='word_1_406' title='bbox 756 3512 999 3576; x_wconf 80' lang='grc' dir='ltr'>τεύξεται</span> <span class='ocrx_word' id='word_1_407' title='bbox 1031 3512 1353 3583; x_wconf 84' lang='grc' dir='ltr'>διηγήσεως.</span> 
     </span>
    </p>
   </div>
   <div class='ocr_carea' id='block_1_54' title="bbox 1812 1956 3373 2028">
    <p class='ocr_par' dir='ltr' id='par_1_54' title="bbox 1812 1956 3373 2028">
     <span class='ocr_line' id='line_1_54' title="bbox 1812 1956 3373 2028; baseline 0.003 -20"><span class='ocrx_word' id='word_1_408' title='bbox 1812 1970 1917 2024; x_wconf 88' lang='lat' dir='ltr'><strong>que</strong></span> <span class='ocrx_word' id='word_1_409' title='bbox 1946 1956 2080 2010; x_wconf 90' lang='lat' dir='ltr'><strong>adeo</strong></span> <span class='ocrx_word' id='word_1_410' title='bbox 2115 1964 2339 2011; x_wconf 83' lang='lat' dir='ltr'><strong>sanctus</strong></span> <span class='ocrx_word' id='word_1_411' title='bbox 2382 1958 2600 2021; x_wconf 90' lang='lat' dir='ltr'><strong>clamat,</strong></span> <span class='ocrx_word' id='word_1_412' title='bbox 2632 1964 2685 2009; x_wconf 88' lang='lat' dir='ltr'><strong>et</strong></span> <span class='ocrx_word' id='word_1_413' title='bbox 2719 1956 3051 2012; x_wconf 80' lang='lat' dir='ltr'><strong>vociferatur</strong></span> <span class='ocrx_word' id='word_1_414' title='bbox 3112 1956 3373 2028; x_wconf 88' lang='lat' dir='ltr'><strong>Spiritus,</strong></span> 
     </span>
    </p>
   </div>
   <div class='ocr_carea' id='block_1_55' title="bbox 1811 2044 3377 2117">
    <p class='ocr_par' dir='ltr' id='par_1_55' title="bbox 1811 2044 3377 2117">
     <span class='ocr_line' id='line_1_55' title="bbox 1811 2044 3377 2117; baseline 0.001 -18"><span class='ocrx_word' id='word_1_415' title='bbox 1811 2052 1870 2099; x_wconf 91' lang='lat' dir='ltr'><strong>ut</strong></span> <span class='ocrx_word' id='word_1_416' title='bbox 1904 2044 1971 2099; x_wconf 91' lang='lat' dir='ltr'><strong>ab</strong></span> <span class='ocrx_word' id='word_1_417' title='bbox 2004 2046 2258 2101; x_wconf 88' lang='lat' dir='ltr'><strong>omnibus</strong></span> <span class='ocrx_word' id='word_1_418' title='bbox 2280 2047 2529 2101; x_wconf 78' lang='lat' dir='ltr'><strong>exaudiri</strong></span> <span class='ocrx_word' id='word_1_419' title='bbox 2562 2048 2736 2117; x_wconf 87' lang='lat' dir='ltr'><strong>possit</strong></span> <span class='ocrx_word' id='word_1_420' title='bbox 2794 2048 3125 2111; x_wconf 89' lang='lat' dir='ltr'><strong>hominibus,</strong></span> <span class='ocrx_word' id='word_1_421' title='bbox 3177 2049 3377 2102; x_wconf 90' lang='lat' dir='ltr'><strong>clamat</strong></span> 
     </span>
    </p>
   </div>
   <div class='ocr_carea' id='block_1_56' title="bbox 1808 2138 3375 2210">
    <p class='ocr_par' dir='ltr' id='par_1_56' title="bbox 1808 2138 3375 2210">
     <span class='ocr_line' id='line_1_56' title="bbox 1808 2138 3375 2210; baseline 0.002 -19"><span class='ocrx_word' id='word_1_422' title='bbox 1808 2151 1939 2191; x_wconf 85' lang='lat' dir='ltr'><strong>vero</strong></span> <span class='ocrx_word' id='word_1_423' title='bbox 1966 2152 2029 2191; x_wconf 90' lang='lat' dir='ltr'><strong>ea</strong></span> <span class='ocrx_word' id='word_1_424' title='bbox 2057 2152 2177 2207; x_wconf 68' lang='lat' dir='ltr'><strong>quae</strong></span> <span class='ocrx_word' id='word_1_425' title='bbox 2209 2138 2260 2191; x_wconf 92' lang='lat' dir='ltr'><strong>in</strong></span> <span class='ocrx_word' id='word_1_426' title='bbox 2283 2138 2476 2193; x_wconf 91' lang='lat' dir='ltr'><strong>eodem</strong></span> <span class='ocrx_word' id='word_1_427' title='bbox 2500 2141 2709 2209; x_wconf 82' lang='lat' dir='ltr'><strong>psalmo</strong></span> <span class='ocrx_word' id='word_1_428' title='bbox 2727 2148 3046 2210; x_wconf 90' lang='lat' dir='ltr'><strong>sequuntur,</strong></span> <span class='ocrx_word' id='word_1_429' title='bbox 3101 2140 3155 2193; x_wconf 94' lang='lat' dir='ltr'><strong>in</strong></span> <span class='ocrx_word' id='word_1_430' title='bbox 3177 2139 3375 2209; x_wconf 81' lang='lat' dir='ltr'><strong>quibus</strong></span> 
     </span>
    </p>
   </div>
   <div class='ocr_carea' id='block_1_57' title="bbox 1809 2227 3371 2301">
    <p class='ocr_par' dir='ltr' id='par_1_57' title="bbox 1809 2227 3371 2301">
     <span class='ocr_line' id='line_1_57' title="bbox 1809 2227 3371 2301; baseline 0.002 -20"><span class='ocrx_word' id='word_1_431' title='bbox 1809 2227 2011 2282; x_wconf 91' lang='lat' dir='ltr'><strong>dicitur</strong></span> <span class='ocrx_word' id='word_1_432' title='bbox 2037 2248 2049 2283; x_wconf 85' lang='lat'><strong>:</strong></span> <span class='ocrx_word' id='word_1_433' title='bbox 2087 2247 2107 2281; x_wconf 75' lang='grc' dir='ltr'><strong>ι</strong></span> <span class='ocrx_word' id='word_1_434' title='bbox 2147 2228 2366 2284; x_wconf 85' lang='lat' dir='ltr'><strong>Psallite</strong></span> <span class='ocrx_word' id='word_1_435' title='bbox 2388 2228 2497 2284; x_wconf 78' lang='lat' dir='ltr'><strong>Deo</strong></span> <span class='ocrx_word' id='word_1_436' title='bbox 2521 2239 2728 2295; x_wconf 91' lang='lat' dir='ltr'><strong>nostro,</strong></span> <span class='ocrx_word' id='word_1_437' title='bbox 2756 2231 2987 2301; x_wconf 82' lang='lat' dir='ltr'><strong>psallite,</strong></span> <span class='ocrx_word' id='word_1_438' title='bbox 3010 2232 3224 2301; x_wconf 90' lang='lat' dir='ltr'><strong>psallite</strong></span> <span class='ocrx_word' id='word_1_439' title='bbox 3260 2230 3371 2301; x_wconf 86' lang='lat' dir='ltr'><strong>regi</strong></span> 
     </span>
    </p>
   </div>
   <div class='ocr_carea' id='block_1_58' title="bbox 1808 2320 3370 2391">
    <p class='ocr_par' dir='ltr' id='par_1_58' title="bbox 1808 2320 3370 2391">
     <span class='ocr_line' id='line_1_58' title="bbox 1808 2320 3370 2391; baseline 0.004 -19"><span class='ocrx_word' id='word_1_440' title='bbox 1808 2326 2015 2381; x_wconf 86' lang='lat' dir='ltr'><strong>nostro,</strong></span> <span class='ocrx_word' id='word_1_441' title='bbox 2036 2320 2269 2389; x_wconf 89' lang='lat' dir='ltr'><strong>psallite,</strong></span> <span class='ocrx_word' id='word_1_442' title='bbox 2302 2321 2559 2390; x_wconf 89' lang='lat' dir='ltr'><strong>quoniam</strong></span> <span class='ocrx_word' id='word_1_443' title='bbox 2584 2338 2677 2376; x_wconf 83' lang='lat' dir='ltr'><strong>rex</strong></span> <span class='ocrx_word' id='word_1_444' title='bbox 2721 2342 2738 2372; x_wconf 78' lang='grc' dir='ltr'><strong>ι</strong></span> <span class='ocrx_word' id='word_1_445' title='bbox 2789 2338 2897 2375; x_wconf 90' lang='lat' dir='ltr'><strong>non</strong></span> <span class='ocrx_word' id='word_1_446' title='bbox 2942 2324 3175 2391; x_wconf 87' lang='lat' dir='ltr'><strong>amplius</strong></span> <span class='ocrx_word' id='word_1_447' title='bbox 3206 2323 3370 2378; x_wconf 89' lang='lat' dir='ltr'><strong>unius</strong></span> 
     </span>
    </p>
   </div>
   <div class='ocr_carea' id='block_1_59' title="bbox 1814 2410 3371 2483">
    <p class='ocr_par' dir='ltr' id='par_1_59' title="bbox 1814 2410 3371 2483">
     <span class='ocr_line' id='line_1_59' title="bbox 1814 2410 3371 2483; baseline 0.001 -17"><span class='ocrx_word' id='word_1_448' title='bbox 1814 2410 2045 2466; x_wconf 76' lang='lat' dir='ltr'><strong>Iudaica:</strong></span> <span class='ocrx_word' id='word_1_449' title='bbox 2074 2413 2272 2483; x_wconf 90' lang='lat' dir='ltr'><strong>gentis,</strong></span> <span class='ocrx_word' id='word_1_450' title='bbox 2325 2414 2418 2468; x_wconf 87' lang='lat' dir='ltr'><strong>sed</strong></span> <span class='ocrx_word' id='word_1_451' title='bbox 2452 2432 2469 2463; x_wconf 78' lang='grc' dir='ltr'><strong>ι</strong></span> <span class='ocrx_word' id='word_1_452' title='bbox 2505 2415 2703 2479; x_wconf 92' lang='lat' dir='ltr'><strong>omnis,</strong></span> <span class='ocrx_word' id='word_1_453' title='bbox 2734 2415 2932 2483; x_wconf 89' lang='lat' dir='ltr'><strong>inquit,</strong></span> <span class='ocrx_word' id='word_1_454' title='bbox 2992 2425 3151 2469; x_wconf 75' lang='lat' dir='ltr'><strong>teme</strong></span> <span class='ocrx_word' id='word_1_455' title='bbox 3202 2415 3371 2479; x_wconf 80' lang='lat' dir='ltr'><strong>Deus,</strong></span> 
     </span>
    </p>
   </div>
   <div class='ocr_carea' id='block_1_60' title="bbox 1806 2502 3371 2575">
    <p class='ocr_par' dir='ltr' id='par_1_60' title="bbox 1806 2502 3371 2575">
     <span class='ocr_line' id='line_1_60' title="bbox 1806 2502 3371 2575; baseline 0.001 -17"><span class='ocrx_word' id='word_1_456' title='bbox 1806 2504 2021 2574; x_wconf 88' lang='lat' dir='ltr'><strong>psallite</strong></span> <span class='ocrx_word' id='word_1_457' title='bbox 2041 2504 2336 2573; x_wconf 80' lang='lat' dir='ltr'><strong>sapienter.</strong></span> <span class='ocrx_word' id='word_1_458' title='bbox 2390 2523 2408 2557; x_wconf 72' lang='grc' dir='ltr'><strong>ι</strong></span> <span class='ocrx_word' id='word_1_459' title='bbox 2434 2502 2553 2557; x_wconf 84' lang='grc' dir='ltr'>Νυη</span> <span class='ocrx_word' id='word_1_460' title='bbox 2576 2506 2721 2558; x_wconf 87' lang='lat' dir='ltr'><strong>enim</strong></span> <span class='ocrx_word' id='word_1_461' title='bbox 2758 2506 3015 2574; x_wconf 89' lang='lat' dir='ltr'><strong>amplius,</strong></span> <span class='ocrx_word' id='word_1_462' title='bbox 3065 2506 3263 2575; x_wconf 86' lang='lat' dir='ltr'><strong>inquit,</strong></span> <span class='ocrx_word' id='word_1_463' title='bbox 3294 2505 3371 2559; x_wconf 90' lang='lat' dir='ltr'><strong>illi</strong></span> 
     </span>
    </p>
   </div>
   <div class='ocr_carea' id='block_1_61' title="bbox 1805 2595 3374 2666">
    <p class='ocr_par' dir='ltr' id='par_1_61' title="bbox 1805 2595 3374 2666">
     <span class='ocr_line' id='line_1_61' title="bbox 1805 2595 3374 2666; baseline 0.003 -17"><span class='ocrx_word' id='word_1_464' title='bbox 1805 2595 1899 2665; x_wconf 90' lang='lat' dir='ltr'><strong>qui</strong></span> <span class='ocrx_word' id='word_1_465' title='bbox 1930 2596 2081 2665; x_wconf 91' lang='lat' dir='ltr'><strong>prius</strong></span> <span class='ocrx_word' id='word_1_466' title='bbox 2107 2595 2401 2659; x_wconf 69' lang='lat' dir='ltr'><strong>daemones,</strong></span> <span class='ocrx_word' id='word_1_467' title='bbox 2435 2612 2612 2666; x_wconf 90' lang='lat' dir='ltr'><strong>neque</strong></span> <span class='ocrx_word' id='word_1_468' title='bbox 2641 2597 2847 2652; x_wconf 88' lang='lat' dir='ltr'><strong>circum</strong></span> <span class='ocrx_word' id='word_1_469' title='bbox 2877 2607 3076 2652; x_wconf 91' lang='lat' dir='ltr'><strong>terram</strong></span> <span class='ocrx_word' id='word_1_470' title='bbox 3092 2610 3374 2654; x_wconf 82' lang='lat' dir='ltr'><strong>versantes</strong></span> 
     </span>
    </p>
   </div>
   <div class='ocr_carea' id='block_1_62' title="bbox 1806 2687 3372 2761">
    <p class='ocr_par' dir='ltr' id='par_1_62' title="bbox 1806 2687 3372 2761">
     <span class='ocr_line' id='line_1_62' title="bbox 1806 2687 3372 2761; baseline 0.004 -22"><span class='ocrx_word' id='word_1_471' title='bbox 1806 2687 2137 2756; x_wconf 77' lang='lat' dir='ltr'><strong>fallacesque</strong></span> <span class='ocrx_word' id='word_1_472' title='bbox 2167 2687 2415 2756; x_wconf 89' lang='lat' dir='ltr'><strong>spiritus,</strong></span> <span class='ocrx_word' id='word_1_473' title='bbox 2449 2688 2545 2742; x_wconf 90' lang='lat' dir='ltr'><strong>sed</strong></span> <span class='ocrx_word' id='word_1_474' title='bbox 2578 2687 2695 2758; x_wconf 90' lang='lat' dir='ltr'><strong>ipse</strong></span> <span class='ocrx_word' id='word_1_475' title='bbox 2718 2706 2735 2739; x_wconf 77' lang='grc' dir='ltr'><strong>ι</strong></span> <span class='ocrx_word' id='word_1_476' title='bbox 2767 2688 2909 2744; x_wconf 90' lang='lat' dir='ltr'><strong>Deus</strong></span> <span class='ocrx_word' id='word_1_477' title='bbox 2936 2691 3183 2761; x_wconf 79' lang='lat' dir='ltr'><strong>regnavit</strong></span> <span class='ocrx_word' id='word_1_478' title='bbox 3209 2706 3372 2759; x_wconf 91' lang='lat' dir='ltr'><strong>super</strong></span> 
     </span>
    </p>
   </div>
   <div class='ocr_carea' id='block_1_63' title="bbox 1804 2780 3373 2853">
    <p class='ocr_par' dir='ltr' id='par_1_63' title="bbox 1804 2780 3373 2853">
     <span class='ocr_line' id='line_1_63' title="bbox 1804 2780 3373 2853; baseline 0.001 -19"><span class='ocrx_word' id='word_1_479' title='bbox 1804 2795 1994 2835; x_wconf 76' lang='lat' dir='ltr'><strong>omnes</strong></span> <span class='ocrx_word' id='word_1_480' title='bbox 2023 2789 2233 2851; x_wconf 84' lang='lat' dir='ltr'><strong>gentes,</strong></span> <span class='ocrx_word' id='word_1_481' title='bbox 2266 2800 2283 2831; x_wconf 73' lang='grc' dir='ltr'><strong>ι</strong></span> <span class='ocrx_word' id='word_1_482' title='bbox 2326 2780 2463 2852; x_wconf 79' lang='lat' dir='ltr'><strong>ipse,</strong></span> <span class='ocrx_word' id='word_1_483' title='bbox 2500 2782 2747 2851; x_wconf 89' lang='lat' dir='ltr'><strong>inquam,</strong></span> <span class='ocrx_word' id='word_1_484' title='bbox 2799 2781 2964 2846; x_wconf 90' lang='lat' dir='ltr'><strong>Deus,</strong></span> <span class='ocrx_word' id='word_1_485' title='bbox 3013 2802 3030 2834; x_wconf 76' lang='grc' dir='ltr'><strong>ι</strong></span> <span class='ocrx_word' id='word_1_486' title='bbox 3068 2784 3160 2853; x_wconf 89' lang='lat' dir='ltr'><strong>qui</strong></span> <span class='ocrx_word' id='word_1_487' title='bbox 3221 2782 3373 2838; x_wconf 86' lang='lat' dir='ltr'><strong>sedet</strong></span> 
     </span>
    </p>
   </div>
   <div class='ocr_carea' id='block_1_64' title="bbox 1806 2870 3369 2942">
    <p class='ocr_par' dir='ltr' id='par_1_64' title="bbox 1806 2870 3369 2942">
     <span class='ocr_line' id='line_1_64' title="bbox 1806 2870 3369 2942; baseline -0.001 -17"><span class='ocrx_word' id='word_1_488' title='bbox 1806 2887 1971 2941; x_wconf 82' lang='lat' dir='ltr'><strong>super</strong></span> <span class='ocrx_word' id='word_1_489' title='bbox 2018 2872 2145 2926; x_wconf 85' lang='lat' dir='ltr'><strong>sede</strong></span> <span class='ocrx_word' id='word_1_490' title='bbox 2199 2880 2387 2926; x_wconf 85' lang='lat' dir='ltr'><strong>sancta</strong></span> <span class='ocrx_word' id='word_1_491' title='bbox 2422 2887 2543 2926; x_wconf 91' lang='lat' dir='ltr'><strong>sua.</strong></span> <span class='ocrx_word' id='word_1_492' title='bbox 2576 2891 2595 2922; x_wconf 73' lang='grc' dir='ltr'><strong>ι</strong></span> <span class='ocrx_word' id='word_1_493' title='bbox 2630 2871 2894 2926; x_wconf 69' lang='lat' dir='ltr'><strong>Caeterum</strong></span> <span class='ocrx_word' id='word_1_494' title='bbox 2921 2872 3032 2942; x_wconf 87' lang='lat' dir='ltr'><strong>jam</strong></span> <span class='ocrx_word' id='word_1_495' title='bbox 3087 2880 3243 2925; x_wconf 81' lang='lat' dir='ltr'><strong>antea</strong></span> <span class='ocrx_word' id='word_1_496' title='bbox 3276 2870 3369 2926; x_wconf 90' lang='lat' dir='ltr'><strong>Dei</strong></span> 
     </span>
    </p>
   </div>
   <div class='ocr_carea' id='block_1_65' title="bbox 1804 2957 3373 3031">
    <p class='ocr_par' dir='ltr' id='par_1_65' title="bbox 1804 2957 3373 3031">
     <span class='ocr_line' id='line_1_65' title="bbox 1804 2957 3373 3031; baseline 0.003 -19"><span class='ocrx_word' id='word_1_497' title='bbox 1804 2957 1965 3013; x_wconf 79' lang='lat' dir='ltr'><strong>Verbi</strong></span> <span class='ocrx_word' id='word_1_498' title='bbox 1992 2961 2170 3015; x_wconf 84' lang='lat' dir='ltr'><strong>sedem</strong></span> <span class='ocrx_word' id='word_1_499' title='bbox 2202 2976 2364 3030; x_wconf 89' lang='lat' dir='ltr'><strong>super</strong></span> <span class='ocrx_word' id='word_1_500' title='bbox 2392 2977 2498 3029; x_wconf 89' lang='lat' dir='ltr'><strong>qua</strong></span> <span class='ocrx_word' id='word_1_501' title='bbox 2530 2961 2690 3015; x_wconf 90' lang='lat' dir='ltr'><strong>Pater</strong></span> <span class='ocrx_word' id='word_1_502' title='bbox 2735 2962 2911 3031; x_wconf 91' lang='lat' dir='ltr'><strong>ipsum</strong></span> <span class='ocrx_word' id='word_1_503' title='bbox 2961 2962 3150 3017; x_wconf 89' lang='lat' dir='ltr'><strong>sedere</strong></span> <span class='ocrx_word' id='word_1_504' title='bbox 3190 2961 3373 3031; x_wconf 85' lang='lat' dir='ltr'><strong>jusse-</strong></span> 
     </span>
    </p>
   </div>
   <div class='ocr_carea' id='block_1_66' title="bbox 1803 3052 3371 3123">
    <p class='ocr_par' dir='ltr' id='par_1_66' title="bbox 1803 3052 3371 3123">
     <span class='ocr_line' id='line_1_66' title="bbox 1803 3052 3371 3123; baseline 0 -18"><span class='ocrx_word' id='word_1_505' title='bbox 1803 3059 1908 3119; x_wconf 89' lang='lat' dir='ltr'><strong>rat,</strong></span> <span class='ocrx_word' id='word_1_506' title='bbox 1940 3052 2048 3107; x_wconf 90' lang='lat' dir='ltr'><strong>illis</strong></span> <span class='ocrx_word' id='word_1_507' title='bbox 2079 3053 2260 3107; x_wconf 89' lang='lat' dir='ltr'><strong>verbis</strong></span> <span class='ocrx_word' id='word_1_508' title='bbox 2286 3070 2298 3103; x_wconf 90' lang='lat'><strong>:</strong></span> <span class='ocrx_word' id='word_1_509' title='bbox 2336 3072 2353 3103; x_wconf 74' lang='grc' dir='ltr'><strong>ι</strong></span> <span class='ocrx_word' id='word_1_510' title='bbox 2394 3052 2533 3109; x_wconf 89' lang='lat' dir='ltr'><strong>Sede</strong></span> <span class='ocrx_word' id='word_1_511' title='bbox 2566 3070 2594 3107; x_wconf 91' lang='lat' dir='ltr'><strong>a</strong></span> <span class='ocrx_word' id='word_1_512' title='bbox 2626 3054 2836 3109; x_wconf 79' lang='lat' dir='ltr'><strong>dextris</strong></span> <span class='ocrx_word' id='word_1_513' title='bbox 2865 3054 3003 3109; x_wconf 90' lang='lat' dir='ltr'><strong>meis</strong></span> <span class='ocrx_word' id='word_1_514' title='bbox 3024 3095 3037 3119; x_wconf 86' lang='lat'><strong><em>.</em></strong></span> <span class='ocrx_word' id='word_1_515' title='bbox 3069 3055 3242 3109; x_wconf 87' lang='lat' dir='ltr'><strong>donec</strong></span> <span class='ocrx_word' id='word_1_516' title='bbox 3273 3070 3371 3123; x_wconf 80' lang='lat' dir='ltr'><strong>po-</strong></span> 
     </span>
    </p>
   </div>
   <div class='ocr_carea' id='block_1_67' title="bbox 1805 3144 3371 3215">
    <p class='ocr_par' dir='ltr' id='par_1_67' title="bbox 1805 3144 3371 3215">
     <span class='ocr_line' id='line_1_67' title="bbox 1805 3144 3371 3215; baseline 0.001 -18"><span class='ocrx_word' id='word_1_517' title='bbox 1805 3160 1927 3197; x_wconf 89' lang='lat' dir='ltr'><strong>nam</strong></span> <span class='ocrx_word' id='word_1_518' title='bbox 1948 3144 2195 3199; x_wconf 90' lang='lat' dir='ltr'><strong>inimicos</strong></span> <span class='ocrx_word' id='word_1_519' title='bbox 2226 3152 2348 3199; x_wconf 90' lang='lat' dir='ltr'><strong>tuos</strong></span> <span class='ocrx_word' id='word_1_520' title='bbox 2366 3145 2658 3199; x_wconf 86' lang='lat' dir='ltr'><strong>scabellum</strong></span> <span class='ocrx_word' id='word_1_521' title='bbox 2692 3144 2888 3215; x_wconf 88' lang='lat' dir='ltr'><strong>pedum</strong></span> <span class='ocrx_word' id='word_1_522' title='bbox 2924 3154 3139 3200; x_wconf 90' lang='lat' dir='ltr'><strong>tuorum</strong></span> <span class='ocrx_word' id='word_1_523' title='bbox 3175 3144 3271 3209; x_wconf 75' lang='lat' dir='ltr'><strong>&quot;,i</strong></span> <span class='ocrx_word' id='word_1_524' title='bbox 3305 3160 3371 3199; x_wconf 86' lang='lat' dir='ltr'><strong>eo</strong></span> 
     </span>
    </p>
   </div>
   <div class='ocr_carea' id='block_1_68' title="bbox 1805 3236 3365 3308">
    <p class='ocr_par' dir='ltr' id='par_1_68' title="bbox 1805 3236 3365 3308">
     <span class='ocr_line' id='line_1_68' title="bbox 1805 3236 3365 3308; baseline 0.003 -20"><span class='ocrx_word' id='word_1_525' title='bbox 1805 3238 1896 3307; x_wconf 91' lang='lat' dir='ltr'><strong>qui</strong></span> <span class='ocrx_word' id='word_1_526' title='bbox 1922 3236 2067 3291; x_wconf 91' lang='lat' dir='ltr'><strong>hunc</strong></span> <span class='ocrx_word' id='word_1_527' title='bbox 2096 3239 2370 3292; x_wconf 86' lang='lat' dir='ltr'><strong>antecedit</strong></span> <span class='ocrx_word' id='word_1_528' title='bbox 2396 3239 2555 3303; x_wconf 86' lang='lat' dir='ltr'><strong>libro,</strong></span> <span class='ocrx_word' id='word_1_529' title='bbox 2591 3253 2690 3308; x_wconf 90' lang='lat' dir='ltr'><strong>pro</strong></span> <span class='ocrx_word' id='word_1_530' title='bbox 2706 3238 2914 3294; x_wconf 87' lang='lat' dir='ltr'><strong>viribus</strong></span> <span class='ocrx_word' id='word_1_531' title='bbox 2945 3237 3365 3292; x_wconf 88' lang='lat' dir='ltr'><strong>declaravimus.</strong></span> 
     </span>
    </p>
   </div>
   <div class='ocr_carea' id='block_1_69' title="bbox 1806 3328 3371 3399">
    <p class='ocr_par' dir='ltr' id='par_1_69' title="bbox 1806 3328 3371 3399">
     <span class='ocr_line' id='line_1_69' title="bbox 1806 3328 3371 3399; baseline 0.001 -18"><span class='ocrx_word' id='word_1_532' title='bbox 1806 3328 1943 3382; x_wconf 85' lang='lat' dir='ltr'><strong>Illud</strong></span> <span class='ocrx_word' id='word_1_533' title='bbox 1990 3336 2169 3382; x_wconf 89' lang='lat' dir='ltr'><strong>autem</strong></span> <span class='ocrx_word' id='word_1_534' title='bbox 2215 3346 2283 3381; x_wconf 75' lang='grc' dir='ltr'><strong>ς(</strong></span> <span class='ocrx_word' id='word_1_535' title='bbox 2333 3328 2616 3399; x_wconf 87' lang='lat' dir='ltr'><strong>Principes</strong></span> <span class='ocrx_word' id='word_1_536' title='bbox 2675 3330 2995 3399; x_wconf 84' lang='lat' dir='ltr'><strong>populorum</strong></span> <span class='ocrx_word' id='word_1_537' title='bbox 3057 3328 3371 3399; x_wconf 74' lang='lat' dir='ltr'><strong>congregati</strong></span> 
     </span>
    </p>
   </div>
   <div class='ocr_carea' id='block_1_70' title="bbox 1806 3417 3370 3486">
    <p class='ocr_par' dir='ltr' id='par_1_70' title="bbox 1806 3417 3370 3486">
     <span class='ocr_line' id='line_1_70' title="bbox 1806 3417 3370 3486; baseline -0.003 -13"><span class='ocrx_word' id='word_1_538' title='bbox 1806 3426 1935 3473; x_wconf 84' lang='lat' dir='ltr'><strong>Sunt</strong></span> <span class='ocrx_word' id='word_1_539' title='bbox 1964 3432 2086 3471; x_wconf 92' lang='lat' dir='ltr'><strong>cum</strong></span> <span class='ocrx_word' id='word_1_540' title='bbox 2134 3417 2244 3472; x_wconf 88' lang='lat' dir='ltr'><strong>Deo</strong></span> <span class='ocrx_word' id='word_1_541' title='bbox 2293 3419 2589 3482; x_wconf 80' lang='lat' dir='ltr'><strong>Abraham,</strong></span> <span class='ocrx_word' id='word_1_542' title='bbox 2624 3436 2642 3469; x_wconf 76' lang='grc' dir='ltr'><strong>ι</strong></span> <span class='ocrx_word' id='word_1_543' title='bbox 2669 3418 2845 3471; x_wconf 89' lang='lat' dir='ltr'><strong>adhuc</strong></span> <span class='ocrx_word' id='word_1_544' title='bbox 2869 3417 3110 3486; x_wconf 88' lang='lat' dir='ltr'><strong>apertius</strong></span> <span class='ocrx_word' id='word_1_545' title='bbox 3144 3417 3370 3470; x_wconf 88' lang='lat' dir='ltr'><strong>demon-</strong></span> 
     </span>
    </p>
   </div>
   <div class='ocr_carea' id='block_1_71' title="bbox 1808 3506 3371 3575">
    <p class='ocr_par' dir='ltr' id='par_1_71' title="bbox 1808 3506 3371 3575">
     <span class='ocr_line' id='line_1_71' title="bbox 1808 3506 3371 3575; baseline -0.004 -12"><span class='ocrx_word' id='word_1_546' title='bbox 1808 3517 1966 3573; x_wconf 91' lang='lat' dir='ltr'><strong>strat,</strong></span> <span class='ocrx_word' id='word_1_547' title='bbox 2023 3516 2388 3563; x_wconf 88' lang='lat' dir='ltr'><strong>commutatos</strong></span> <span class='ocrx_word' id='word_1_548' title='bbox 2417 3523 2540 3563; x_wconf 86' lang='lat' dir='ltr'><strong>esse</strong></span> <span class='ocrx_word' id='word_1_549' title='bbox 2573 3509 2627 3561; x_wconf 91' lang='lat' dir='ltr'><strong>in</strong></span> <span class='ocrx_word' id='word_1_550' title='bbox 2655 3506 2850 3561; x_wconf 81' lang='lat' dir='ltr'><strong>fortem</strong></span> <span class='ocrx_word' id='word_1_551' title='bbox 2906 3514 3118 3561; x_wconf 85' lang='lat' dir='ltr'><strong>uterum</strong></span> <span class='ocrx_word' id='word_1_552' title='bbox 3155 3506 3371 3575; x_wconf 84' lang='lat' dir='ltr'><strong>religio-</strong></span> 
     </span>
    </p>
   </div>
   <div class='ocr_carea' id='block_1_72' title="bbox 160 3597 3367 3674">
    <p class='ocr_par' dir='ltr' id='par_1_72' title="bbox 160 3597 3367 3674">
     <span class='ocr_line' id='line_1_72' title="bbox 160 3597 3367 3674; baseline -0.003 -16"><span class='ocrx_word' id='word_1_553' title='bbox 160 3619 319 3658; x_wconf 84' lang='lat' dir='ltr'><strong>sorum</strong></span> <span class='ocrx_word' id='word_1_554' title='bbox 368 3603 461 3659; x_wconf 89' lang='lat' dir='ltr'><strong>Dei</strong></span> <span class='ocrx_word' id='word_1_555' title='bbox 525 3605 931 3674; x_wconf 84' lang='lat' dir='ltr'><strong>prophetarum,</strong></span> <span class='ocrx_word' id='word_1_556' title='bbox 968 3614 1279 3673; x_wconf 89' lang='lat' dir='ltr'><strong>assumptos</strong></span> <span class='ocrx_word' id='word_1_557' title='bbox 1323 3603 1389 3658; x_wconf 89' lang='lat' dir='ltr'><strong>de</strong></span> <span class='ocrx_word' id='word_1_558' title='bbox 1437 3602 1692 3672; x_wconf 89' lang='lat' dir='ltr'><strong>gentibus</strong></span> <span class='ocrx_word' id='word_1_559' title='bbox 1729 3599 1987 3656; x_wconf 71' lang='lat' dir='ltr'><strong>Ecclesiae</strong></span> <span class='ocrx_word' id='word_1_560' title='bbox 2031 3598 2235 3653; x_wconf 84' lang='lat' dir='ltr'><strong>Christi</strong></span> <span class='ocrx_word' id='word_1_561' title='bbox 2289 3599 2591 3669; x_wconf 88' lang='lat' dir='ltr'><strong>principes,</strong></span> <span class='ocrx_word' id='word_1_562' title='bbox 2617 3602 2710 3668; x_wconf 91' lang='lat' dir='ltr'><strong>qui</strong></span> <span class='ocrx_word' id='word_1_563' title='bbox 2760 3598 2931 3653; x_wconf 91' lang='lat' dir='ltr'><strong>etiam</strong></span> <span class='ocrx_word' id='word_1_564' title='bbox 2998 3598 3201 3652; x_wconf 86' lang='lat' dir='ltr'><strong>virtute</strong></span> <span class='ocrx_word' id='word_1_565' title='bbox 3246 3597 3367 3650; x_wconf 80' lang='lat' dir='ltr'><strong>Sal-</strong></span> 
     </span>
    </p>
   </div>
   <div class='ocr_carea' id='block_1_73' title="bbox 161 3684 3369 3761">
    <p class='ocr_par' dir='ltr' id='par_1_73' title="bbox 161 3684 3369 3761">
     <span class='ocr_line' id='line_1_73' title="bbox 161 3684 3369 3761; baseline -0.003 -15"><span class='ocrx_word' id='word_1_566' title='bbox 161 3698 334 3751; x_wconf 80' lang='lat' dir='ltr'><strong>ratoris</strong></span> <span class='ocrx_word' id='word_1_567' title='bbox 383 3695 560 3750; x_wconf 90' lang='lat' dir='ltr'><strong>nostri</strong></span> <span class='ocrx_word' id='word_1_568' title='bbox 616 3696 973 3761; x_wconf 89' lang='lat' dir='ltr'><strong>corroborati,</strong></span> <span class='ocrx_word' id='word_1_569' title='bbox 1018 3696 1073 3750; x_wconf 92' lang='lat' dir='ltr'><strong>in</strong></span> <span class='ocrx_word' id='word_1_570' title='bbox 1117 3696 1350 3751; x_wconf 83' lang='lat' dir='ltr'><strong>sublime</strong></span> <span class='ocrx_word' id='word_1_571' title='bbox 1397 3694 1689 3748; x_wconf 84' lang='lat' dir='ltr'><strong>admodum</strong></span> <span class='ocrx_word' id='word_1_572' title='bbox 1721 3691 1893 3747; x_wconf 91' lang='lat' dir='ltr'><strong>evecti</strong></span> <span class='ocrx_word' id='word_1_573' title='bbox 1917 3698 2065 3753; x_wconf 89' lang='lat' dir='ltr'><strong>sunt,</strong></span> <span class='ocrx_word' id='word_1_574' title='bbox 2093 3689 2293 3759; x_wconf 86' lang='lat' dir='ltr'><strong>quippe</strong></span> <span class='ocrx_word' id='word_1_575' title='bbox 2344 3704 2482 3759; x_wconf 89' lang='lat' dir='ltr'><strong>quos</strong></span> <span class='ocrx_word' id='word_1_576' title='bbox 2537 3703 2698 3743; x_wconf 90' lang='lat' dir='ltr'><strong>nemo</strong></span> <span class='ocrx_word' id='word_1_577' title='bbox 2752 3703 2819 3743; x_wconf 81' lang='lat' dir='ltr'><strong>ex</strong></span> <span class='ocrx_word' id='word_1_578' title='bbox 2852 3686 3105 3741; x_wconf 91' lang='lat' dir='ltr'><strong>omnibus</strong></span> <span class='ocrx_word' id='word_1_579' title='bbox 3136 3684 3369 3738; x_wconf 87' lang='lat' dir='ltr'><strong>homini-</strong></span> 
     </span>
    </p>
   </div>
   <div class='ocr_carea' id='block_1_74' title="bbox 162 3776 3363 3859">
    <p class='ocr_par' dir='ltr' id='par_1_74' title="bbox 162 3776 3363 3859">
     <span class='ocr_line' id='line_1_74' title="bbox 162 3776 3363 3859; baseline -0.003 -19"><span class='ocrx_word' id='word_1_580' title='bbox 162 3789 243 3842; x_wconf 82' lang='lat' dir='ltr'><strong>bus</strong></span> <span class='ocrx_word' id='word_1_581' title='bbox 266 3790 497 3859; x_wconf 85' lang='lat' dir='ltr'><strong>dejicere</strong></span> <span class='ocrx_word' id='word_1_582' title='bbox 527 3797 620 3843; x_wconf 89' lang='lat' dir='ltr'><strong>aut</strong></span> <span class='ocrx_word' id='word_1_583' title='bbox 662 3796 1004 3858; x_wconf 88' lang='lat' dir='ltr'><strong>prosternere</strong></span> <span class='ocrx_word' id='word_1_584' title='bbox 1052 3789 1308 3859; x_wconf 86' lang='lat' dir='ltr'><strong>potuerit,</strong></span> <span class='ocrx_word' id='word_1_585' title='bbox 1332 3789 1563 3852; x_wconf 83' lang='lat' dir='ltr'><strong>obeam,</strong></span> <span class='ocrx_word' id='word_1_586' title='bbox 1594 3789 1686 3858; x_wconf 90' lang='lat' dir='ltr'><strong>qui</strong></span> <span class='ocrx_word' id='word_1_587' title='bbox 1723 3787 1870 3856; x_wconf 91' lang='lat' dir='ltr'><strong>ipsos</strong></span> <span class='ocrx_word' id='word_1_588' title='bbox 1925 3783 2156 3839; x_wconf 66' lang='lat' dir='ltr'><strong>extollit.</strong></span> <span class='ocrx_word' id='word_1_589' title='bbox 2187 3783 2464 3853; x_wconf 80' lang='lat' dir='ltr'><strong>fortesque</strong></span> <span class='ocrx_word' id='word_1_590' title='bbox 2517 3782 2669 3847; x_wconf 84' lang='lat' dir='ltr'><strong>facit,</strong></span> <span class='ocrx_word' id='word_1_591' title='bbox 2722 3779 2919 3837; x_wconf 88' lang='lat' dir='ltr'><strong>summi</strong></span> <span class='ocrx_word' id='word_1_592' title='bbox 2951 3777 3044 3833; x_wconf 91' lang='lat' dir='ltr'><strong>Dei</strong></span> <span class='ocrx_word' id='word_1_593' title='bbox 3097 3776 3363 3833; x_wconf 79' lang='lat' dir='ltr'><strong>dextram.</strong></span> 
     </span>
    </p>
   </div>
   <div class='ocr_carea' id='block_1_75' title="bbox 162 3874 2444 3953">
    <p class='ocr_par' dir='ltr' id='par_1_75' title="bbox 162 3874 2444 3953">
     <span class='ocr_line' id='line_1_75' title="bbox 162 3874 2444 3953; baseline -0.005 -16"><span class='ocrx_word' id='word_1_594' title='bbox 162 3882 291 3953; x_wconf 71' lang='lat'><strong>261</strong></span> <span class='ocrx_word' id='word_1_595' title='bbox 319 3882 583 3936; x_wconf 61' lang='lat' dir='ltr'><strong>ueterum</strong></span> <span class='ocrx_word' id='word_1_596' title='bbox 624 3881 740 3936; x_wconf 63' lang='lat' dir='ltr'><strong>haec</strong></span> <span class='ocrx_word' id='word_1_597' title='bbox 779 3882 954 3951; x_wconf 86' lang='lat' dir='ltr'><strong>majus</strong></span> <span class='ocrx_word' id='word_1_598' title='bbox 989 3882 1156 3935; x_wconf 91' lang='lat' dir='ltr'><strong>otium</strong></span> <span class='ocrx_word' id='word_1_599' title='bbox 1196 3882 1361 3947; x_wconf 86' lang='lat' dir='ltr'><strong>nacti,</strong></span> <span class='ocrx_word' id='word_1_600' title='bbox 1389 3881 1690 3936; x_wconf 88' lang='lat' dir='ltr'><strong>absolutius</strong></span> <span class='ocrx_word' id='word_1_601' title='bbox 1722 3874 2017 3948; x_wconf 87' lang='lat' dir='ltr'><strong>aliquando</strong></span> <span class='ocrx_word' id='word_1_602' title='bbox 2046 3874 2444 3930; x_wconf 85' lang='lat' dir='ltr'><strong>enarrabimus.</strong></span> 
     </span>
    </p>
   </div>
   <div class='ocr_carea' id='block_1_76' title="bbox 655 3994 1169 4050">
    <p class='ocr_par' dir='ltr' id='par_1_76' title="bbox 655 3994 1169 4050">
     <span class='ocr_line' id='line_1_76' title="bbox 655 3994 1169 4050; baseline -0.004 0"><span class='ocrx_word' id='word_1_603' title='bbox 655 3994 1047 4050; x_wconf 79' lang='grc' dir='ltr'><strong>ΚΕΦΛΛΑΙΟΝ</strong></span> <span class='ocrx_word' id='word_1_604' title='bbox 1095 3995 1169 4048; x_wconf 86' lang='grc' dir='ltr'><strong>Γ’.</strong></span> 
     </span>
    </p>
   </div>
   <div class='ocr_carea' id='block_1_77' title="bbox 174 4102 1695 4178">
    <p class='ocr_par' dir='ltr' id='par_1_77' title="bbox 174 4102 1695 4178">
     <span class='ocr_line' id='line_1_77' title="bbox 174 4102 1695 4178; baseline -0.003 -17"><span class='ocrx_word' id='word_1_605' title='bbox 174 4106 278 4161; x_wconf 68' lang='grc' dir='ltr'>Ἀπὸ</span> <span class='ocrx_word' id='word_1_606' title='bbox 309 4108 552 4178; x_wconf 67' lang='grc' dir='ltr'>ψαλμοῦ</span> <span class='ocrx_word' id='word_1_607' title='bbox 585 4114 698 4177; x_wconf 71' lang='grc' dir='ltr'>μθί.</span> <span class='ocrx_word' id='word_1_608' title='bbox 737 4139 806 4148; x_wconf 90' lang='lat'><strong>-—</strong></span> <span class='ocrx_word' id='word_1_609' title='bbox 839 4107 931 4173; x_wconf 85' lang='grc' dir='ltr'>Ὦς</span> <span class='ocrx_word' id='word_1_610' title='bbox 966 4104 1241 4178; x_wconf 72' lang='grc' dir='ltr'>ἐμφανῶς</span> <span class='ocrx_word' id='word_1_611' title='bbox 1279 4104 1453 4178; x_wconf 75' lang='grc' dir='ltr'>ἥξειν</span> <span class='ocrx_word' id='word_1_612' title='bbox 1488 4107 1519 4178; x_wconf 69' lang='grc' dir='ltr'><strong>ό</strong></span> <span class='ocrx_word' id='word_1_613' title='bbox 1551 4102 1695 4178; x_wconf 61' lang='lat' dir='ltr'><strong>Geor;</strong></span> 
     </span>
    </p>
   </div>
   <div class='ocr_carea' id='block_1_78' title="bbox 218 4171 1696 4247">
    <p class='ocr_par' dir='ltr' id='par_1_78' title="bbox 218 4171 1696 4247">
     <span class='ocr_line' id='line_1_78' title="bbox 218 4171 1696 4247; baseline -0.005 -14"><span class='ocrx_word' id='word_1_614' title='bbox 218 4183 291 4246; x_wconf 77' lang='grc' dir='ltr'>εἰς</span> <span class='ocrx_word' id='word_1_615' title='bbox 310 4171 656 4247; x_wconf 66' lang='grc' dir='ltr'><strong>ἆνθρὠποὺς</strong></span> <span class='ocrx_word' id='word_1_616' title='bbox 698 4171 950 4245; x_wconf 69' lang='grc' dir='ltr'>λέγεται,</span> <span class='ocrx_word' id='word_1_617' title='bbox 977 4171 1073 4229; x_wconf 66' lang='lat' dir='ltr'><strong>nidi</strong></span> <span class='ocrx_word' id='word_1_618' title='bbox 1114 4175 1236 4229; x_wconf 75' lang='grc' dir='ltr'><strong>πᾶν</strong></span> <span class='ocrx_word' id='word_1_619' title='bbox 1271 4174 1444 4244; x_wconf 73' lang='grc' dir='ltr'>γένος</span> <span class='ocrx_word' id='word_1_620' title='bbox 1476 4171 1696 4241; x_wconf 77' lang='grc' dir='ltr'><strong>ἀνθρὼ-</strong></span> 
     </span>
    </p>
   </div>
   <div class='ocr_carea' id='block_1_79' title="bbox 219 4247 1289 4318">
    <p class='ocr_par' dir='ltr' id='par_1_79' title="bbox 219 4247 1289 4318">
     <span class='ocr_line' id='line_1_79' title="bbox 219 4247 1289 4318; baseline -0.007 -15"><span class='ocrx_word' id='word_1_621' title='bbox 219 4266 330 4303; x_wconf 71' lang='grc' dir='ltr'>πων</span> <span class='ocrx_word' id='word_1_622' title='bbox 360 4252 510 4318; x_wconf 64' lang='grc' dir='ltr'>πρὸς</span> <span class='ocrx_word' id='word_1_623' title='bbox 539 4249 754 4301; x_wconf 76' lang='grc' dir='ltr'>ἑαυτὸν</span> <span class='ocrx_word' id='word_1_624' title='bbox 783 4247 1289 4301; x_wconf 77' lang='grc' dir='ltr'>ἀνακαλέσασθαι.</span> 
     </span>
    </p>
   </div>
   <div class='ocr_carea' id='block_1_80' title="bbox 222 4355 1696 4432">
    <p class='ocr_par' dir='ltr' id='par_1_80' title="bbox 222 4355 1696 4432">
     <span class='ocr_line' id='line_1_80' title="bbox 222 4355 1696 4432; baseline -0.007 -15"><span class='ocrx_word' id='word_1_625' title='bbox 222 4383 237 4417; x_wconf 78' lang='grc' dir='ltr'><strong>ι</strong></span> <span class='ocrx_word' id='word_1_626' title='bbox 266 4365 387 4427; x_wconf 82' lang='grc' dir='ltr'>Θεὸς</span> <span class='ocrx_word' id='word_1_627' title='bbox 416 4362 553 4416; x_wconf 88' lang='grc' dir='ltr'>θεῶν</span> <span class='ocrx_word' id='word_1_628' title='bbox 584 4364 786 4432; x_wconf 85' lang='grc' dir='ltr'>Κύριος</span> <span class='ocrx_word' id='word_1_629' title='bbox 814 4361 1061 4429; x_wconf 86' lang='grc' dir='ltr'>ὲλάλησε,</span> <span class='ocrx_word' id='word_1_630' title='bbox 1101 4359 1193 4412; x_wconf 75' lang='grc' dir='ltr'>καὶ</span> <span class='ocrx_word' id='word_1_631' title='bbox 1226 4356 1446 4410; x_wconf 76' lang='grc' dir='ltr'>ἐκάλεσε</span> <span class='ocrx_word' id='word_1_632' title='bbox 1476 4355 1571 4427; x_wconf 82' lang='grc' dir='ltr'>τὴν</span> <span class='ocrx_word' id='word_1_633' title='bbox 1594 4355 1696 4425; x_wconf 83' lang='grc' dir='ltr'>γῆν</span> 
     </span>
    </p>
   </div>
   <div class='ocr_carea' id='block_1_81' title="bbox 163 4445 1691 4525">
    <p class='ocr_par' dir='ltr' id='par_1_81' title="bbox 163 4445 1691 4525">
     <span class='ocr_line' id='line_1_81' title="bbox 163 4445 1691 4525; baseline -0.008 -15"><span class='ocrx_word' id='word_1_634' title='bbox 163 4457 247 4509; x_wconf 82' lang='grc' dir='ltr'>ἀπὸ</span> <span class='ocrx_word' id='word_1_635' title='bbox 272 4454 537 4509; x_wconf 83' lang='grc' dir='ltr'>ἀνατολῶν</span> <span class='ocrx_word' id='word_1_636' title='bbox 571 4452 721 4525; x_wconf 74' lang='grc' dir='ltr'>ἡλίου</span> <span class='ocrx_word' id='word_1_637' title='bbox 764 4452 856 4505; x_wconf 66' lang='grc' dir='ltr'>καὶ</span> <span class='ocrx_word' id='word_1_638' title='bbox 889 4452 1048 4523; x_wconf 81' lang='grc' dir='ltr'>μέχρι</span> <span class='ocrx_word' id='word_1_639' title='bbox 1087 4448 1323 4519; x_wconf 84' lang='grc' dir='ltr'>δυσμῶν.</span> <span class='ocrx_word' id='word_1_640' title='bbox 1368 4447 1462 4500; x_wconf 82' lang='grc' dir='ltr'>Ἐκ</span> <span class='ocrx_word' id='word_1_641' title='bbox 1491 4445 1626 4499; x_wconf 84' lang='grc' dir='ltr'>Σιὼν</span> <span class='ocrx_word' id='word_1_642' title='bbox 1659 4448 1691 4516; x_wconf 86' lang='grc' dir='ltr'>ἡ</span> 
     </span>
    </p>
   </div>
   <div class='ocr_carea' id='block_1_82' title="bbox 2398 3980 2764 4039">
    <p class='ocr_par' dir='ltr' id='par_1_82' title="bbox 2398 3980 2764 4039">
     <span class='ocr_line' id='line_1_82' title="bbox 2398 3980 2764 4039; baseline -0.008 -1"><span class='ocrx_word' id='word_1_643' title='bbox 2398 3981 2625 4039; x_wconf 88' lang='lat' dir='ltr'><strong>CAPUT</strong></span> <span class='ocrx_word' id='word_1_644' title='bbox 2680 3980 2764 4035; x_wconf 90' lang='grc'><strong>111.</strong></span> 
     </span>
    </p>
   </div>
   <div class='ocr_carea' id='block_1_83' title="bbox 1801 4093 3365 4168">
    <p class='ocr_par' dir='ltr' id='par_1_83' title="bbox 1801 4093 3365 4168">
     <span class='ocr_line' id='line_1_83' title="bbox 1801 4093 3365 4168; baseline -0.008 -13"><span class='ocrx_word' id='word_1_645' title='bbox 1801 4101 1843 4155; x_wconf 82' lang='grc' dir='ltr'><em>Α</em></span> <span class='ocrx_word' id='word_1_646' title='bbox 1878 4100 2081 4168; x_wconf 72' lang='lat' dir='ltr'><strong>psalmo</strong></span> <span class='ocrx_word' id='word_1_647' title='bbox 2105 4114 2250 4153; x_wconf 76' lang='lat' dir='ltr'><strong>xm.</strong></span> <span class='ocrx_word' id='word_1_648' title='bbox 2285 4128 2355 4138; x_wconf 91' lang='lat'><strong>—-—</strong></span> <span class='ocrx_word' id='word_1_649' title='bbox 2393 4096 2544 4163; x_wconf 84' lang='lat' dir='ltr'><strong>Quod</strong></span> <span class='ocrx_word' id='word_1_650' title='bbox 2568 4095 2845 4163; x_wconf 76' lang='lat' dir='ltr'><strong>manifeste</strong></span> <span class='ocrx_word' id='word_1_651' title='bbox 2878 4094 2947 4147; x_wconf 89' lang='lat' dir='ltr'><strong>ad</strong></span> <span class='ocrx_word' id='word_1_652' title='bbox 2972 4093 3204 4168; x_wconf 56' lang='lat' dir='ltr'><strong>homines</strong></span> <span class='ocrx_word' id='word_1_653' title='bbox 3242 4106 3365 4168; x_wconf 46' lang='lat' dir='ltr'><strong>ven-1</strong></span> 
     </span>
    </p>
   </div>
   <div class='ocr_carea' id='block_1_84' title="bbox 1874 4159 3365 4234">
    <p class='ocr_par' dir='ltr' id='par_1_84' title="bbox 1874 4159 3365 4234">
     <span class='ocr_line' id='line_1_84' title="bbox 1874 4159 3365 4234; baseline -0.007 -11"><span class='ocrx_word' id='word_1_654' title='bbox 1874 4159 2019 4223; x_wconf 68' lang='lat' dir='ltr'><strong>turus</strong></span> <span class='ocrx_word' id='word_1_655' title='bbox 2054 4169 2251 4221; x_wconf 85' lang='lat' dir='ltr'><strong>dicitur</strong></span> <span class='ocrx_word' id='word_1_656' title='bbox 2285 4159 2455 4231; x_wconf 65' lang='lat' dir='ltr'><strong>Deus,</strong></span> <span class='ocrx_word' id='word_1_657' title='bbox 2486 4176 2533 4219; x_wconf 85' lang='lat' dir='ltr'><strong>et</strong></span> <span class='ocrx_word' id='word_1_658' title='bbox 2572 4159 2723 4218; x_wconf 69' lang='lat' dir='ltr'><strong>omne</strong></span> <span class='ocrx_word' id='word_1_659' title='bbox 2773 4181 2933 4234; x_wconf 74' lang='lat' dir='ltr'><strong>genus</strong></span> <span class='ocrx_word' id='word_1_660' title='bbox 2980 4164 3246 4216; x_wconf 80' lang='lat' dir='ltr'><strong>hominum</strong></span> <span class='ocrx_word' id='word_1_661' title='bbox 3296 4159 3365 4213; x_wconf 79' lang='lat' dir='ltr'><strong>ad</strong></span> 
     </span>
    </p>
   </div>
   <div class='ocr_carea' id='block_1_85' title="bbox 1872 4243 2495 4309">
    <p class='ocr_par' dir='ltr' id='par_1_85' title="bbox 1872 4243 2495 4309">
     <span class='ocr_line' id='line_1_85' title="bbox 1872 4243 2495 4309; baseline -0.006 -15"><span class='ocrx_word' id='word_1_662' title='bbox 1872 4243 2101 4309; x_wconf 78' lang='lat' dir='ltr'><strong>seipsum</strong></span> <span class='ocrx_word' id='word_1_663' title='bbox 2141 4248 2495 4291; x_wconf 80' lang='lat' dir='ltr'><strong>revocaturus.</strong></span> 
     </span>
    </p>
   </div>
   <div class='ocr_carea' id='block_1_86' title="bbox 1875 4341 3366 4404">
    <p class='ocr_par' dir='ltr' id='par_1_86' title="bbox 1875 4341 3366 4404">
     <span class='ocr_line' id='line_1_86' title="bbox 1875 4341 3366 4404; baseline -0.005 -4"><span class='ocrx_word' id='word_1_664' title='bbox 1875 4368 1894 4400; x_wconf 78' lang='grc' dir='ltr'><strong>ι</strong></span> <span class='ocrx_word' id='word_1_665' title='bbox 1938 4348 2080 4404; x_wconf 92' lang='lat' dir='ltr'><strong>Deus</strong></span> <span class='ocrx_word' id='word_1_666' title='bbox 2108 4348 2331 4402; x_wconf 86' lang='lat' dir='ltr'><strong>deorum</strong></span> <span class='ocrx_word' id='word_1_667' title='bbox 2363 4346 2621 4401; x_wconf 86' lang='lat' dir='ltr'><strong>Dominus</strong></span> <span class='ocrx_word' id='word_1_668' title='bbox 2668 4346 2884 4401; x_wconf 89' lang='lat' dir='ltr'><strong>locutus</strong></span> <span class='ocrx_word' id='word_1_669' title='bbox 2928 4350 3032 4403; x_wconf 88' lang='lat' dir='ltr'><strong>est.</strong></span> <span class='ocrx_word' id='word_1_670' title='bbox 3066 4350 3119 4396; x_wconf 88' lang='lat' dir='ltr'><strong>et</strong></span> <span class='ocrx_word' id='word_1_671' title='bbox 3153 4341 3366 4395; x_wconf 78' lang='lat' dir='ltr'><strong>vocavit</strong></span> 
     </span>
    </p>
   </div>
   <div class='ocr_carea' id='block_1_87' title="bbox 1799 4430 3362 4505">
    <p class='ocr_par' dir='ltr' id='par_1_87' title="bbox 1799 4430 3362 4505">
     <span class='ocr_line' id='line_1_87' title="bbox 1799 4430 3362 4505; baseline -0.006 -11"><span class='ocrx_word' id='word_1_672' title='bbox 1799 4448 2001 4496; x_wconf 90' lang='lat' dir='ltr'><strong>terram</strong></span> <span class='ocrx_word' id='word_1_673' title='bbox 2037 4455 2066 4493; x_wconf 91' lang='lat' dir='ltr'><strong>a</strong></span> <span class='ocrx_word' id='word_1_674' title='bbox 2099 4440 2230 4494; x_wconf 92' lang='lat' dir='ltr'><strong>solis</strong></span> <span class='ocrx_word' id='word_1_675' title='bbox 2277 4447 2399 4492; x_wconf 90' lang='lat' dir='ltr'><strong>ortu</strong></span> <span class='ocrx_word' id='word_1_676' title='bbox 2453 4451 2623 4505; x_wconf 89' lang='lat' dir='ltr'><strong>usque</strong></span> <span class='ocrx_word' id='word_1_677' title='bbox 2653 4440 2719 4488; x_wconf 91' lang='lat' dir='ltr'><strong>ad</strong></span> <span class='ocrx_word' id='word_1_678' title='bbox 2763 4449 3039 4489; x_wconf 87' lang='lat' dir='ltr'><strong>occasum.</strong></span> <span class='ocrx_word' id='word_1_679' title='bbox 3100 4431 3177 4485; x_wconf 87' lang='lat' dir='ltr'><strong>Ex</strong></span> <span class='ocrx_word' id='word_1_680' title='bbox 3234 4430 3362 4485; x_wconf 90' lang='lat' dir='ltr'><strong>Sion</strong></span> 
     </span>
    </p>
   </div>
   <div class='ocr_carea' id='block_1_88' title="bbox 160 4523 1703 4619">
    <p class='ocr_par' dir='ltr' id='par_1_88' title="bbox 160 4523 1695 4619">
     <span class='ocr_line' id='line_1_88' title="bbox 160 4523 1695 4619; baseline -0.007 -19"><span class='ocrx_word' id='word_1_681' title='bbox 160 4548 426 4619; x_wconf 69' lang='grc' dir='ltr'>εὐπρέπεια</span> <span class='ocrx_word' id='word_1_682' title='bbox 457 4546 557 4616; x_wconf 82' lang='grc' dir='ltr'>τῆς</span> <span class='ocrx_word' id='word_1_683' title='bbox 592 4523 914 4615; x_wconf 76' lang='grc' dir='ltr'>ὧραιότητος</span> <span class='ocrx_word' id='word_1_684' title='bbox 953 4540 1135 4595; x_wconf 85' lang='grc' dir='ltr'>αὑτοῦ.</span> <span class='ocrx_word' id='word_1_685' title='bbox 1182 4541 1241 4592; x_wconf 89' lang='lat'><strong>&#39;0</strong></span> <span class='ocrx_word' id='word_1_686' title='bbox 1272 4539 1403 4602; x_wconf 90' lang='grc' dir='ltr'>Θεὸς</span> <span class='ocrx_word' id='word_1_687' title='bbox 1440 4538 1695 4609; x_wconf 78' lang='grc' dir='ltr'>ἐμφανῶς</span> 
     </span>
    </p>
   </div>
   <div class='ocr_carea' id='block_1_89' title="bbox 1810 4523 3365 4619">
    <p class='ocr_par' dir='ltr' id='par_1_89' title="bbox 1810 4523 3365 4601">
     <span class='ocr_line' id='line_1_89' title="bbox 1810 4523 3365 4601; baseline -0.006 -14"><span class='ocrx_word' id='word_1_688' title='bbox 1810 4531 2011 4601; x_wconf 75' lang='lat' dir='ltr'><strong>species</strong></span> <span class='ocrx_word' id='word_1_689' title='bbox 2043 4531 2259 4585; x_wconf 88' lang='lat' dir='ltr'><strong>decoris</strong></span> <span class='ocrx_word' id='word_1_690' title='bbox 2292 4530 2411 4597; x_wconf 81' lang='lat' dir='ltr'><strong>ejus</strong></span> <span class='ocrx_word' id='word_1_691' title='bbox 2443 4548 2454 4583; x_wconf 95' lang='lat'>:</span> <span class='ocrx_word' id='word_1_692' title='bbox 2500 4528 2641 4582; x_wconf 88' lang='lat' dir='ltr'><strong>Deus</strong></span> <span class='ocrx_word' id='word_1_693' title='bbox 2673 4525 2961 4579; x_wconf 79' lang='lat' dir='ltr'><strong>manifeste</strong></span> <span class='ocrx_word' id='word_1_694' title='bbox 2988 4524 3188 4586; x_wconf 85' lang='lat' dir='ltr'><strong>veniet,</strong></span> <span class='ocrx_word' id='word_1_695' title='bbox 3224 4523 3365 4577; x_wconf 87' lang='lat' dir='ltr'><strong>Deus</strong></span> 
     </span>
    </p>
   </div>
   <div class='ocr_carea' id='block_1_90' title="bbox 162 4631 1693 4709">
    <p class='ocr_par' dir='ltr' id='par_1_90' title="bbox 162 4631 1693 4709">
     <span class='ocr_line' id='line_1_90' title="bbox 162 4631 1693 4709; baseline -0.006 -17"><span class='ocrx_word' id='word_1_696' title='bbox 162 4639 272 4709; x_wconf 64' lang='grc' dir='ltr'>ἥξει,</span> <span class='ocrx_word' id='word_1_697' title='bbox 299 4640 326 4691; x_wconf 85' lang='grc' dir='ltr'>ὁ</span> <span class='ocrx_word' id='word_1_698' title='bbox 366 4638 498 4701; x_wconf 83' lang='grc' dir='ltr'>Θεὸς</span> <span class='ocrx_word' id='word_1_699' title='bbox 543 4636 718 4708; x_wconf 79' lang='grc' dir='ltr'>ἡμῶν,</span> <span class='ocrx_word' id='word_1_700' title='bbox 755 4635 849 4687; x_wconf 71' lang='grc' dir='ltr'>καὶ</span> <span class='ocrx_word' id='word_1_701' title='bbox 881 4635 941 4687; x_wconf 75' lang='grc' dir='ltr'><strong>ού</strong></span> <span class='ocrx_word' id='word_1_702' title='bbox 983 4632 1484 4704; x_wconf 82' lang='grc' dir='ltr'>παρασιωπήσεται.</span> <span class='ocrx_word' id='word_1_703' title='bbox 1524 4650 1541 4681; x_wconf 73' lang='grc' dir='ltr'><strong>ι</strong></span> <span class='ocrx_word' id='word_1_704' title='bbox 1585 4631 1693 4683; x_wconf 77' lang='grc' dir='ltr'><strong>Καὶ</strong></span> 
     </span>
    </p>
   </div>
   <div class='ocr_carea' id='block_1_91' title="bbox 160 4721 1691 4802">
    <p class='ocr_par' dir='ltr' id='par_1_91' title="bbox 160 4721 1691 4802">
     <span class='ocr_line' id='line_1_91' title="bbox 160 4721 1691 4802; baseline -0.008 -17"><span class='ocrx_word' id='word_1_705' title='bbox 160 4732 254 4798; x_wconf 86' lang='grc' dir='ltr'>μεθ’</span> <span class='ocrx_word' id='word_1_706' title='bbox 305 4732 496 4802; x_wconf 70' lang='grc' dir='ltr'><strong>ἕτερα⁸</strong></span> <span class='ocrx_word' id='word_1_707' title='bbox 533 4747 552 4781; x_wconf 80' lang='grc' dir='ltr'><strong>ι</strong></span> <span class='ocrx_word' id='word_1_708' title='bbox 590 4729 868 4789; x_wconf 69' lang='grc' dir='ltr'>Ἄκουσον,</span> <span class='ocrx_word' id='word_1_709' title='bbox 917 4724 1068 4795; x_wconf 73' lang='grc' dir='ltr'>φησὶ,</span> <span class='ocrx_word' id='word_1_710' title='bbox 1107 4723 1232 4786; x_wconf 83' lang='grc' dir='ltr'>λαός</span> <span class='ocrx_word' id='word_1_711' title='bbox 1276 4739 1398 4792; x_wconf 82' lang='grc' dir='ltr'>μου,</span> <span class='ocrx_word' id='word_1_712' title='bbox 1453 4722 1546 4775; x_wconf 80' lang='grc' dir='ltr'>καὶ</span> <span class='ocrx_word' id='word_1_713' title='bbox 1596 4721 1691 4773; x_wconf 88' lang='grc' dir='ltr'>λα-</span> 
     </span>
    </p>
   </div>
   <div class='ocr_carea' id='block_1_92' title="bbox 162 4810 1694 4894">
    <p class='ocr_par' dir='ltr' id='par_1_92' title="bbox 162 4810 1694 4894">
     <span class='ocr_line' id='line_1_92' title="bbox 162 4810 1694 4894; baseline -0.01 -15"><span class='ocrx_word' id='word_1_714' title='bbox 162 4822 277 4894; x_wconf 78' lang='grc' dir='ltr'>λήσω</span> <span class='ocrx_word' id='word_1_715' title='bbox 307 4841 409 4888; x_wconf 85' lang='grc' dir='ltr'>σοι,</span> <span class='ocrx_word' id='word_1_716' title='bbox 450 4819 684 4892; x_wconf 85' lang='grc' dir='ltr'>Ἰσραὴλ,</span> <span class='ocrx_word' id='word_1_717' title='bbox 716 4818 810 4872; x_wconf 74' lang='grc' dir='ltr'><strong>καὶ</strong></span> <span class='ocrx_word' id='word_1_718' title='bbox 854 4813 1295 4888; x_wconf 82' lang='grc' dir='ltr'>διαμαρτύρομαι</span> <span class='ocrx_word' id='word_1_719' title='bbox 1328 4830 1430 4865; x_wconf 90' lang='grc' dir='ltr'>σοι.</span> <span class='ocrx_word' id='word_1_720' title='bbox 1478 4810 1538 4866; x_wconf 89' lang='grc' dir='ltr'><strong>Ὀ</strong></span> <span class='ocrx_word' id='word_1_721' title='bbox 1563 4812 1694 4876; x_wconf 89' lang='grc' dir='ltr'>Θεὸς</span> 
     </span>
    </p>
   </div>
   <div class='ocr_carea' id='block_1_93' title="bbox 161 4904 1691 4981">
    <p class='ocr_par' dir='ltr' id='par_1_93' title="bbox 161 4904 1691 4981">
     <span class='ocr_line' id='line_1_93' title="bbox 161 4904 1691 4981; baseline -0.007 -15"><span class='ocrx_word' id='word_1_722' title='bbox 161 4916 327 4979; x_wconf 84' lang='grc' dir='ltr'>ὸΘεός</span> <span class='ocrx_word' id='word_1_723' title='bbox 376 4932 469 4968; x_wconf 88' lang='grc' dir='ltr'><strong>σου</strong></span> <span class='ocrx_word' id='word_1_724' title='bbox 522 4913 638 4981; x_wconf 72' lang='grc' dir='ltr'>εἰμὶ</span> <span class='ocrx_word' id='word_1_725' title='bbox 692 4910 820 4979; x_wconf 75' lang='grc' dir='ltr'><strong>ἐγώ.</strong></span> <span class='ocrx_word' id='word_1_726' title='bbox 882 4911 997 4963; x_wconf 81' lang='grc' dir='ltr'><strong>Ούκ</strong></span> <span class='ocrx_word' id='word_1_727' title='bbox 1046 4908 1137 4959; x_wconf 76' lang='grc' dir='ltr'><strong>ὲπὶ</strong></span> <span class='ocrx_word' id='word_1_728' title='bbox 1188 4909 1306 4969; x_wconf 85' lang='grc' dir='ltr'>ταῖς</span> <span class='ocrx_word' id='word_1_729' title='bbox 1337 4904 1549 4967; x_wconf 86' lang='grc' dir='ltr'>θυσίαις</span> <span class='ocrx_word' id='word_1_730' title='bbox 1597 4921 1691 4956; x_wconf 89' lang='grc' dir='ltr'><strong>σου</strong></span> 
     </span>
    </p>
   </div>
   <div class='ocr_carea' id='block_1_94' title="bbox 159 4993 1694 5075">
    <p class='ocr_par' dir='ltr' id='par_1_94' title="bbox 159 4993 1694 5075">
     <span class='ocr_line' id='line_1_94' title="bbox 159 4993 1694 5075; baseline -0.009 -16"><span class='ocrx_word' id='word_1_731' title='bbox 159 5007 327 5075; x_wconf 77' lang='grc' dir='ltr'>ἐλέγξω</span> <span class='ocrx_word' id='word_1_732' title='bbox 350 5024 428 5060; x_wconf 93' lang='grc' dir='ltr'>σε.</span> <span class='ocrx_word' id='word_1_733' title='bbox 455 5005 538 5058; x_wconf 78' lang='grc' dir='ltr'>Τὰ</span> <span class='ocrx_word' id='word_1_734' title='bbox 564 5005 620 5058; x_wconf 82' lang='grc' dir='ltr'>δὲ</span> <span class='ocrx_word' id='word_1_735' title='bbox 645 4998 1063 5071; x_wconf 73' lang='grc' dir='ltr'>ὁλοκαυτώματα</span> <span class='ocrx_word' id='word_1_736' title='bbox 1085 5015 1175 5050; x_wconf 90' lang='grc' dir='ltr'><strong>σου</strong></span> <span class='ocrx_word' id='word_1_737' title='bbox 1208 4995 1433 5049; x_wconf 78' lang='grc' dir='ltr'>ἐνώπιόν</span> <span class='ocrx_word' id='word_1_738' title='bbox 1465 5012 1563 5066; x_wconf 90' lang='grc' dir='ltr'><strong>μου</strong></span> <span class='ocrx_word' id='word_1_739' title='bbox 1589 4993 1694 5046; x_wconf 82' lang='grc' dir='ltr'>εἰσὶ</span> 
     </span>
    </p>
   </div>
   <div class='ocr_carea' id='block_1_95' title="bbox 158 5087 1691 5164">
    <p class='ocr_par' dir='ltr' id='par_1_95' title="bbox 158 5087 1691 5164">
     <span class='ocr_line' id='line_1_95' title="bbox 158 5087 1691 5164; baseline -0.01 -13"><span class='ocrx_word' id='word_1_740' title='bbox 158 5099 223 5151; x_wconf 76' lang='grc' dir='ltr'>διὰ</span> <span class='ocrx_word' id='word_1_741' title='bbox 249 5098 463 5161; x_wconf 83' lang='grc' dir='ltr'>παντός.</span> <span class='ocrx_word' id='word_1_742' title='bbox 517 5097 591 5151; x_wconf 84' lang='grc' dir='ltr'><strong>Οὐ</strong></span> <span class='ocrx_word' id='word_1_743' title='bbox 631 5094 848 5164; x_wconf 80' lang='grc' dir='ltr'>δέξομαι</span> <span class='ocrx_word' id='word_1_744' title='bbox 879 5094 943 5144; x_wconf 82' lang='grc' dir='ltr'>ὲκ</span> <span class='ocrx_word' id='word_1_745' title='bbox 985 5090 1078 5144; x_wconf 87' lang='grc' dir='ltr'><strong>τοῦ</strong></span> <span class='ocrx_word' id='word_1_746' title='bbox 1113 5089 1261 5142; x_wconf 80' lang='grc' dir='ltr'>οἴκου</span> <span class='ocrx_word' id='word_1_747' title='bbox 1311 5104 1403 5141; x_wconf 90' lang='grc' dir='ltr'><strong>σου</strong></span> <span class='ocrx_word' id='word_1_748' title='bbox 1438 5087 1691 5157; x_wconf 82' lang='grc' dir='ltr'>μόσχους,</span> 
     </span>
    </p>
   </div>
   <div class='ocr_carea' id='block_1_96' title="bbox 157 5178 1691 5257">
    <p class='ocr_par' dir='ltr' id='par_1_96' title="bbox 157 5178 1691 5257">
     <span class='ocr_line' id='line_1_96' title="bbox 157 5178 1691 5257; baseline -0.007 -18"><span class='ocrx_word' id='word_1_749' title='bbox 157 5189 248 5243; x_wconf 62' lang='grc' dir='ltr'>οὐδὲ</span> <span class='ocrx_word' id='word_1_750' title='bbox 283 5191 346 5243; x_wconf 67' lang='grc' dir='ltr'>ἐκ</span> <span class='ocrx_word' id='word_1_751' title='bbox 381 5189 491 5241; x_wconf 86' lang='grc' dir='ltr'><strong>τῶν</strong></span> <span class='ocrx_word' id='word_1_752' title='bbox 536 5186 800 5257; x_wconf 86' lang='grc' dir='ltr'>ποιμνίων</span> <span class='ocrx_word' id='word_1_753' title='bbox 852 5200 942 5235; x_wconf 86' lang='grc' dir='ltr'><strong>σου</strong></span> <span class='ocrx_word' id='word_1_754' title='bbox 984 5182 1271 5252; x_wconf 80' lang='grc' dir='ltr'>χιμάρους,</span> <span class='ocrx_word' id='word_1_755' title='bbox 1308 5180 1390 5232; x_wconf 82' lang='grc' dir='ltr'>ὅτι</span> <span class='ocrx_word' id='word_1_756' title='bbox 1426 5178 1534 5247; x_wconf 83' lang='grc' dir='ltr'><strong>ὲμὰ</strong></span> <span class='ocrx_word' id='word_1_757' title='bbox 1576 5180 1691 5230; x_wconf 80' lang='grc' dir='ltr'>ἐστι</span> 
     </span>
    </p>
   </div>
   <div class='ocr_carea' id='block_1_97' title="bbox 157 5270 1688 5352">
    <p class='ocr_par' dir='ltr' id='par_1_97' title="bbox 157 5270 1688 5352">
     <span class='ocr_line' id='line_1_97' title="bbox 157 5270 1688 5352; baseline -0.007 -21"><span class='ocrx_word' id='word_1_758' title='bbox 157 5284 298 5335; x_wconf 57' lang='lat' dir='ltr'><strong>ruina</strong></span> <span class='ocrx_word' id='word_1_759' title='bbox 330 5281 395 5335; x_wconf 69' lang='grc' dir='ltr'><strong>τὰ</strong></span> <span class='ocrx_word' id='word_1_760' title='bbox 427 5279 591 5352; x_wconf 86' lang='grc' dir='ltr'>θηρία</span> <span class='ocrx_word' id='word_1_761' title='bbox 636 5277 729 5331; x_wconf 85' lang='grc' dir='ltr'><strong>τοῦ</strong></span> <span class='ocrx_word' id='word_1_762' title='bbox 777 5274 1002 5347; x_wconf 84' lang='grc' dir='ltr'>δρυμοῦ,</span> <span class='ocrx_word' id='word_1_763' title='bbox 1055 5275 1223 5343; x_wconf 81' lang='grc' dir='ltr'>κτήνη</span> <span class='ocrx_word' id='word_1_764' title='bbox 1275 5275 1331 5323; x_wconf 81' lang='grc' dir='ltr'>ἐν</span> <span class='ocrx_word' id='word_1_765' title='bbox 1377 5274 1487 5333; x_wconf 85' lang='grc' dir='ltr'>τοῖς</span> <span class='ocrx_word' id='word_1_766' title='bbox 1519 5270 1688 5341; x_wconf 76' lang='grc' dir='ltr'>ὄρεσι,</span> 
     </span>
    </p>
   </div>
   <div class='ocr_carea' id='block_1_98' title="bbox 155 5361 1689 5443">
    <p class='ocr_par' dir='ltr' id='par_1_98' title="bbox 155 5361 1689 5443">
     <span class='ocr_line' id='line_1_98' title="bbox 155 5361 1689 5443; baseline -0.01 -16"><span class='ocrx_word' id='word_1_767' title='bbox 155 5373 226 5427; x_wconf 75' lang='grc' dir='ltr'><strong>καὶ</strong></span> <span class='ocrx_word' id='word_1_768' title='bbox 264 5373 407 5443; x_wconf 86' lang='grc' dir='ltr'>βόες·</span> <span class='ocrx_word' id='word_1_769' title='bbox 444 5372 659 5440; x_wconf 76' lang='grc' dir='ltr'>ἔγνωκα</span> <span class='ocrx_word' id='word_1_770' title='bbox 708 5370 882 5423; x_wconf 79' lang='grc' dir='ltr'>πάντα</span> <span class='ocrx_word' id='word_1_771' title='bbox 926 5366 992 5419; x_wconf 72' lang='grc' dir='ltr'>τὰ</span> <span class='ocrx_word' id='word_1_772' title='bbox 1043 5365 1259 5419; x_wconf 83' lang='grc' dir='ltr'>πετεινὰ</span> <span class='ocrx_word' id='word_1_773' title='bbox 1303 5363 1395 5416; x_wconf 83' lang='grc' dir='ltr'><strong>τοῦ</strong></span> <span class='ocrx_word' id='word_1_774' title='bbox 1437 5361 1689 5432; x_wconf 82' lang='grc' dir='ltr'>ούρανοῦ,</span> 
     </span>
    </p>
   </div>
   <div class='ocr_carea' id='block_1_99' title="bbox 158 5453 1685 5533">
    <p class='ocr_par' dir='ltr' id='par_1_99' title="bbox 158 5453 1685 5533">
     <span class='ocr_line' id='line_1_99' title="bbox 158 5453 1685 5533; baseline -0.005 -21"><span class='ocrx_word' id='word_1_775' title='bbox 158 5464 227 5514; x_wconf 73' lang='grc' dir='ltr'><strong>καὶ</strong></span> <span class='ocrx_word' id='word_1_776' title='bbox 248 5463 508 5533; x_wconf 79' lang='grc' dir='ltr'>ὡραιότης</span> <span class='ocrx_word' id='word_1_777' title='bbox 538 5458 709 5531; x_wconf 85' lang='grc' dir='ltr'>ἀγροῦ</span> <span class='ocrx_word' id='word_1_778' title='bbox 744 5457 855 5529; x_wconf 81' lang='grc' dir='ltr'>μετ’</span> <span class='ocrx_word' id='word_1_779' title='bbox 885 5454 1018 5527; x_wconf 78' lang='grc' dir='ltr'>ἐμοῦ</span> <span class='ocrx_word' id='word_1_780' title='bbox 1049 5458 1215 5509; x_wconf 79' lang='grc' dir='ltr'>ἐστιν.</span> <span class='ocrx_word' id='word_1_781' title='bbox 1265 5454 1391 5506; x_wconf 80' lang='grc' dir='ltr'><strong>Ἐὰν</strong></span> <span class='ocrx_word' id='word_1_782' title='bbox 1426 5453 1685 5513; x_wconf 85' lang='grc' dir='ltr'>πεινάσω,</span> 
     </span>
    </p>
   </div>
   <div class='ocr_carea' id='block_1_100' title="bbox 157 5544 1687 5625">
    <p class='ocr_par' dir='ltr' id='par_1_100' title="bbox 157 5544 1687 5625">
     <span class='ocr_line' id='line_1_100' title="bbox 157 5544 1687 5625; baseline -0.005 -22"><span class='ocrx_word' id='word_1_783' title='bbox 157 5554 199 5603; x_wconf 74' lang='lat'><strong>03</strong></span> <span class='ocrx_word' id='word_1_784' title='bbox 226 5557 289 5625; x_wconf 78' lang='grc' dir='ltr'>μή</span> <span class='ocrx_word' id='word_1_785' title='bbox 317 5572 393 5607; x_wconf 88' lang='grc' dir='ltr'><strong>σοι</strong></span> <span class='ocrx_word' id='word_1_786' title='bbox 426 5555 566 5606; x_wconf 81' lang='grc' dir='ltr'>εἴπω</span> <span class='ocrx_word' id='word_1_787' title='bbox 587 5569 600 5582; x_wconf 74' lang='grc'><strong><em>⁸</em></strong></span> <span class='ocrx_word' id='word_1_788' title='bbox 632 5550 739 5622; x_wconf 73' lang='grc' dir='ltr'><strong>ἐμὴ</strong></span> <span class='ocrx_word' id='word_1_789' title='bbox 767 5550 874 5621; x_wconf 81' lang='grc' dir='ltr'>γάρ</span> <span class='ocrx_word' id='word_1_790' title='bbox 903 5550 1047 5601; x_wconf 80' lang='grc' dir='ltr'>ἐστιν</span> <span class='ocrx_word' id='word_1_791' title='bbox 1085 5549 1117 5617; x_wconf 79' lang='grc' dir='ltr'>ἡ</span> <span class='ocrx_word' id='word_1_792' title='bbox 1145 5546 1455 5616; x_wconf 78' lang='grc' dir='ltr'>οἰκουμένη,</span> <span class='ocrx_word' id='word_1_793' title='bbox 1498 5544 1589 5597; x_wconf 73' lang='grc' dir='ltr'>καὶ</span> <span class='ocrx_word' id='word_1_794' title='bbox 1627 5544 1687 5596; x_wconf 91' lang='grc' dir='ltr'><strong>τὸ</strong></span> 
     </span>
    </p>
   </div>
   <div class='ocr_carea' id='block_1_101' title="bbox 160 5630 1686 5717">
    <p class='ocr_par' dir='ltr' id='par_1_101' title="bbox 160 5630 1686 5717">
     <span class='ocr_line' id='line_1_101' title="bbox 160 5630 1686 5717; baseline -0.004 -22"><span class='ocrx_word' id='word_1_795' title='bbox 160 5645 388 5717; x_wconf 69' lang='grc' dir='ltr'>πλήρωμα</span> <span class='ocrx_word' id='word_1_796' title='bbox 424 5643 611 5715; x_wconf 72' lang='grc' dir='ltr'>αὐτῆς.</span> <span class='ocrx_word' id='word_1_797' title='bbox 647 5643 738 5713; x_wconf 83' lang='grc' dir='ltr'><strong>Μὴ</strong></span> <span class='ocrx_word' id='word_1_798' title='bbox 763 5642 1003 5712; x_wconf 80' lang='grc' dir='ltr'>φάγομαι</span> <span class='ocrx_word' id='word_1_799' title='bbox 1035 5640 1174 5712; x_wconf 80' lang='grc' dir='ltr'>κρέα</span> <span class='ocrx_word' id='word_1_800' title='bbox 1206 5638 1441 5709; x_wconf 81' lang='grc' dir='ltr'>ταύρων,</span> <span class='ocrx_word' id='word_1_801' title='bbox 1473 5637 1505 5706; x_wconf 86' lang='grc' dir='ltr'>ἢ</span> <span class='ocrx_word' id='word_1_802' title='bbox 1548 5630 1686 5705; x_wconf 77' lang='grc' dir='ltr'>αἷμα</span> 
     </span>
    </p>
   </div>
   <div class='ocr_carea' id='block_1_102' title="bbox 215 5790 1973 5865">
    <p class='ocr_par' dir='ltr' id='par_1_102' title="bbox 215 5790 1973 5865">
     <span class='ocr_line' id='line_1_102' title="bbox 215 5790 1973 5865; baseline -0.007 -9"><span class='ocrx_word' id='word_1_803' title='bbox 215 5800 247 5832; x_wconf 83' lang='lat'>&quot;</span> <span class='ocrx_word' id='word_1_804' title='bbox 279 5801 465 5865; x_wconf 83' lang='lat' dir='ltr'><strong>Ephes.</strong></span> <span class='ocrx_word' id='word_1_805' title='bbox 519 5818 606 5864; x_wconf 82' lang='lat' dir='ltr'><strong>iv,</strong></span> <span class='ocrx_word' id='word_1_806' title='bbox 640 5798 726 5855; x_wconf 77' lang='lat' dir='ltr'><strong>i0.</strong></span> <span class='ocrx_word' id='word_1_807' title='bbox 804 5796 848 5830; x_wconf 82' lang='lat'>&quot;</span> <span class='ocrx_word' id='word_1_808' title='bbox 875 5795 1019 5852; x_wconf 84' lang='lat' dir='ltr'><strong>Psal.</strong></span> <span class='ocrx_word' id='word_1_809' title='bbox 1052 5812 1208 5858; x_wconf 78' lang='lat' dir='ltr'><strong>um,</strong></span> <span class='ocrx_word' id='word_1_810' title='bbox 1250 5796 1365 5851; x_wconf 87' lang='lat'><strong>7-9.</strong></span> <span class='ocrx_word' id='word_1_811' title='bbox 1449 5796 1488 5827; x_wconf 86' lang='grc'><strong>¹⁹</strong></span> <span class='ocrx_word' id='word_1_812' title='bbox 1523 5793 1667 5849; x_wconf 84' lang='lat' dir='ltr'><strong>Psal.</strong></span> <span class='ocrx_word' id='word_1_813' title='bbox 1693 5806 1803 5857; x_wconf 70' lang='lat' dir='ltr'><strong>CIX,</strong></span> <span class='ocrx_word' id='word_1_814' title='bbox 1832 5791 1889 5855; x_wconf 74' lang='lat'><strong>‘2,</strong></span> <span class='ocrx_word' id='word_1_815' title='bbox 1920 5790 1973 5843; x_wconf 79' lang='lat'><strong>5.</strong></span> 
     </span>
    </p>
   </div>
   <div class='ocr_carea' id='block_1_103' title="bbox 1801 4616 3359 4687">
    <p class='ocr_par' dir='ltr' id='par_1_103' title="bbox 1801 4616 3359 4687">
     <span class='ocr_line' id='line_1_103' title="bbox 1801 4616 3359 4687; baseline -0.004 -11"><span class='ocrx_word' id='word_1_816' title='bbox 1801 4631 2006 4686; x_wconf 90' lang='lat' dir='ltr'><strong>noster,</strong></span> <span class='ocrx_word' id='word_1_817' title='bbox 2036 4630 2091 4674; x_wconf 92' lang='lat' dir='ltr'><strong>et</strong></span> <span class='ocrx_word' id='word_1_818' title='bbox 2121 4636 2226 4675; x_wconf 92' lang='lat' dir='ltr'><strong>non</strong></span> <span class='ocrx_word' id='word_1_819' title='bbox 2257 4621 2437 4676; x_wconf 88' lang='lat' dir='ltr'><strong>silebit</strong></span> <span class='ocrx_word' id='word_1_820' title='bbox 2470 4620 2537 4671; x_wconf 76' lang='grc' dir='ltr'><strong>³ο.</strong></span> <span class='ocrx_word' id='word_1_821' title='bbox 2578 4639 2595 4670; x_wconf 78' lang='grc' dir='ltr'><strong>ι</strong></span> <span class='ocrx_word' id='word_1_822' title='bbox 2635 4618 2697 4671; x_wconf 85' lang='grc' dir='ltr'><strong>Ει</strong></span> <span class='ocrx_word' id='word_1_823' title='bbox 2728 4625 2848 4687; x_wconf 89' lang='lat' dir='ltr'><strong>post</strong></span> <span class='ocrx_word' id='word_1_824' title='bbox 2902 4616 3162 4670; x_wconf 89' lang='lat' dir='ltr'><strong>nonnulla</strong></span> <span class='ocrx_word' id='word_1_825' title='bbox 3203 4616 3307 4669; x_wconf 88' lang='lat' dir='ltr'><strong>alia</strong></span> <span class='ocrx_word' id='word_1_826' title='bbox 3346 4634 3359 4669; x_wconf 91' lang='lat'><strong>:</strong></span> 
     </span>
    </p>
   </div>
   <div class='ocr_carea' id='block_1_104' title="bbox 1805 4706 3361 4783">
    <p class='ocr_par' dir='ltr' id='par_1_104' title="bbox 1805 4706 3361 4783">
     <span class='ocr_line' id='line_1_104' title="bbox 1805 4706 3361 4783; baseline -0.006 -16"><span class='ocrx_word' id='word_1_827' title='bbox 1805 4734 1823 4767; x_wconf 77' lang='grc' dir='ltr'><strong>ι</strong></span> <span class='ocrx_word' id='word_1_828' title='bbox 1853 4714 2012 4775; x_wconf 83' lang='lat' dir='ltr'><strong>Audi,</strong></span> <span class='ocrx_word' id='word_1_829' title='bbox 2045 4714 2239 4783; x_wconf 86' lang='lat' dir='ltr'><strong>inquit,</strong></span> <span class='ocrx_word' id='word_1_830' title='bbox 2262 4713 2492 4782; x_wconf 85' lang='lat' dir='ltr'><strong>populus</strong></span> <span class='ocrx_word' id='word_1_831' title='bbox 2517 4727 2689 4773; x_wconf 89' lang='lat' dir='ltr'><strong>meus,</strong></span> <span class='ocrx_word' id='word_1_832' title='bbox 2722 4720 2777 4764; x_wconf 93' lang='lat' dir='ltr'><strong>et</strong></span> <span class='ocrx_word' id='word_1_833' title='bbox 2807 4711 2999 4779; x_wconf 88' lang='lat' dir='ltr'><strong>loquar</strong></span> <span class='ocrx_word' id='word_1_834' title='bbox 3035 4708 3152 4771; x_wconf 89' lang='lat' dir='ltr'><strong>tibi,</strong></span> <span class='ocrx_word' id='word_1_835' title='bbox 3173 4706 3361 4769; x_wconf 84' lang='lat' dir='ltr'><strong>Israel,</strong></span> 
     </span>
    </p>
   </div>
   <div class='ocr_carea' id='block_1_105' title="bbox 1799 4796 3359 4868">
    <p class='ocr_par' dir='ltr' id='par_1_105' title="bbox 1799 4796 3359 4868">
     <span class='ocr_line' id='line_1_105' title="bbox 1799 4796 3359 4868; baseline -0.007 -6"><span class='ocrx_word' id='word_1_836' title='bbox 1799 4814 1853 4862; x_wconf 91' lang='lat' dir='ltr'><strong>et</strong></span> <span class='ocrx_word' id='word_1_837' title='bbox 1890 4806 2224 4861; x_wconf 85' lang='lat' dir='ltr'><strong>testiﬁcabor</strong></span> <span class='ocrx_word' id='word_1_838' title='bbox 2256 4804 2373 4866; x_wconf 91' lang='lat' dir='ltr'><strong>tibi,</strong></span> <span class='ocrx_word' id='word_1_839' title='bbox 2408 4803 2549 4858; x_wconf 90' lang='lat' dir='ltr'><strong>Deus</strong></span> <span class='ocrx_word' id='word_1_840' title='bbox 2583 4802 2723 4857; x_wconf 89' lang='lat' dir='ltr'><strong>Deus</strong></span> <span class='ocrx_word' id='word_1_841' title='bbox 2756 4811 2880 4856; x_wconf 91' lang='lat' dir='ltr'><strong>tuus</strong></span> <span class='ocrx_word' id='word_1_842' title='bbox 2912 4816 3032 4855; x_wconf 90' lang='lat' dir='ltr'><strong>sum</strong></span> <span class='ocrx_word' id='word_1_843' title='bbox 3087 4815 3207 4868; x_wconf 87' lang='lat' dir='ltr'><strong>ego.</strong></span> <span class='ocrx_word' id='word_1_844' title='bbox 3243 4796 3359 4852; x_wconf 86' lang='lat' dir='ltr'><strong>Non</strong></span> 
     </span>
    </p>
   </div>
   <div class='ocr_carea' id='block_1_106' title="bbox 1800 4893 3361 4965">
    <p class='ocr_par' dir='ltr' id='par_1_106' title="bbox 1800 4893 3361 4965">
     <span class='ocr_line' id='line_1_106' title="bbox 1800 4893 3361 4965; baseline -0.008 -12"><span class='ocrx_word' id='word_1_845' title='bbox 1800 4898 1855 4953; x_wconf 93' lang='lat' dir='ltr'><strong>in</strong></span> <span class='ocrx_word' id='word_1_846' title='bbox 1890 4897 2174 4952; x_wconf 87' lang='lat' dir='ltr'><strong>sacriﬁciis</strong></span> <span class='ocrx_word' id='word_1_847' title='bbox 2206 4896 2312 4949; x_wconf 89' lang='lat' dir='ltr'><strong>tuis</strong></span> <span class='ocrx_word' id='word_1_848' title='bbox 2339 4910 2563 4965; x_wconf 79' lang='lat' dir='ltr'><strong>arguam</strong></span> <span class='ocrx_word' id='word_1_849' title='bbox 2592 4902 2645 4948; x_wconf 92' lang='lat' dir='ltr'><strong>te</strong></span> <span class='ocrx_word' id='word_1_850' title='bbox 2677 4911 2689 4947; x_wconf 90' lang='lat'><strong>:</strong></span> <span class='ocrx_word' id='word_1_851' title='bbox 2728 4893 3046 4945; x_wconf 88' lang='lat' dir='ltr'><strong>holocausta</strong></span> <span class='ocrx_word' id='word_1_852' title='bbox 3076 4898 3361 4943; x_wconf 84' lang='lat' dir='ltr'><strong>autemtua</strong></span> 
     </span>
    </p>
   </div>
   <div class='ocr_carea' id='block_1_107' title="bbox 1800 4980 3363 5060">
    <p class='ocr_par' dir='ltr' id='par_1_107' title="bbox 1800 4980 3363 5060">
     <span class='ocr_line' id='line_1_107' title="bbox 1800 4980 3363 5060; baseline -0.008 -16"><span class='ocrx_word' id='word_1_853' title='bbox 1800 4992 1857 5045; x_wconf 89' lang='lat' dir='ltr'><strong>in</strong></span> <span class='ocrx_word' id='word_1_854' title='bbox 1886 4997 2181 5060; x_wconf 87' lang='lat' dir='ltr'><strong>conspectu</strong></span> <span class='ocrx_word' id='word_1_855' title='bbox 2213 5002 2332 5042; x_wconf 89' lang='lat' dir='ltr'><strong>meo</strong></span> <span class='ocrx_word' id='word_1_856' title='bbox 2383 4998 2509 5041; x_wconf 82' lang='lat' dir='ltr'><strong>sunt</strong></span> <span class='ocrx_word' id='word_1_857' title='bbox 2544 5002 2774 5056; x_wconf 89' lang='lat' dir='ltr'><strong>semper.</strong></span> <span class='ocrx_word' id='word_1_858' title='bbox 2832 4982 2952 5038; x_wconf 87' lang='lat' dir='ltr'><strong>Non</strong></span> <span class='ocrx_word' id='word_1_859' title='bbox 3004 4981 3269 5051; x_wconf 85' lang='lat' dir='ltr'><strong>accipiam</strong></span> <span class='ocrx_word' id='word_1_860' title='bbox 3294 4980 3363 5033; x_wconf 86' lang='lat' dir='ltr'><strong>de</strong></span> 
     </span>
    </p>
   </div>
   <div class='ocr_carea' id='block_1_108' title="bbox 1798 5070 3360 5147">
    <p class='ocr_par' dir='ltr' id='par_1_108' title="bbox 1798 5070 3360 5147">
     <span class='ocr_line' id='line_1_108' title="bbox 1798 5070 3360 5147; baseline -0.008 -12"><span class='ocrx_word' id='word_1_861' title='bbox 1798 5081 1959 5137; x_wconf 90' lang='lat' dir='ltr'><strong>domo</strong></span> <span class='ocrx_word' id='word_1_862' title='bbox 1986 5091 2077 5135; x_wconf 90' lang='lat' dir='ltr'><strong>tua</strong></span> <span class='ocrx_word' id='word_1_863' title='bbox 2110 5080 2308 5135; x_wconf 85' lang='lat' dir='ltr'><strong>vitulos</strong></span> <span class='ocrx_word' id='word_1_864' title='bbox 2344 5119 2359 5143; x_wconf 96' lang='lat'><strong>,</strong></span> <span class='ocrx_word' id='word_1_865' title='bbox 2410 5093 2587 5147; x_wconf 88' lang='lat' dir='ltr'><strong>neque</strong></span> <span class='ocrx_word' id='word_1_866' title='bbox 2622 5078 2673 5129; x_wconf 90' lang='lat' dir='ltr'><strong>in</strong></span> <span class='ocrx_word' id='word_1_867' title='bbox 2704 5076 2957 5146; x_wconf 83' lang='lat' dir='ltr'><strong>gregibus</strong></span> <span class='ocrx_word' id='word_1_868' title='bbox 2998 5071 3109 5125; x_wconf 89' lang='lat' dir='ltr'><strong>tuis</strong></span> <span class='ocrx_word' id='word_1_869' title='bbox 3156 5070 3360 5132; x_wconf 89' lang='lat' dir='ltr'><strong>hircos,</strong></span> 
     </span>
    </p>
   </div>
   <div class='ocr_carea' id='block_1_109' title="bbox 1796 5161 3361 5243">
    <p class='ocr_par' dir='ltr' id='par_1_109' title="bbox 1796 5161 3361 5243">
     <span class='ocr_line' id='line_1_109' title="bbox 1796 5161 3361 5243; baseline -0.01 -15"><span class='ocrx_word' id='word_1_870' title='bbox 1796 5173 2051 5243; x_wconf 88' lang='lat' dir='ltr'><strong>quoniam</strong></span> <span class='ocrx_word' id='word_1_871' title='bbox 2088 5188 2219 5227; x_wconf 63' lang='lat' dir='ltr'><strong>mea:</strong></span> <span class='ocrx_word' id='word_1_872' title='bbox 2250 5179 2377 5226; x_wconf 91' lang='lat' dir='ltr'><strong>sunt</strong></span> <span class='ocrx_word' id='word_1_873' title='bbox 2405 5185 2594 5224; x_wconf 89' lang='lat' dir='ltr'><strong>omnes</strong></span> <span class='ocrx_word' id='word_1_874' title='bbox 2626 5167 2750 5221; x_wconf 65' lang='lat' dir='ltr'><strong>ferae</strong></span> <span class='ocrx_word' id='word_1_875' title='bbox 2790 5167 3085 5236; x_wconf 80' lang='lat' dir='ltr'><strong>sylvarum,</strong></span> <span class='ocrx_word' id='word_1_876' title='bbox 3112 5161 3361 5229; x_wconf 85' lang='lat' dir='ltr'><strong>jumenta</strong></span> 
     </span>
    </p>
   </div>
   <div class='ocr_carea' id='block_1_110' title="bbox 1796 5251 3360 5327">
    <p class='ocr_par' dir='ltr' id='par_1_110' title="bbox 1796 5251 3360 5327">
     <span class='ocr_line' id='line_1_110' title="bbox 1796 5251 3360 5327; baseline -0.009 -9"><span class='ocrx_word' id='word_1_877' title='bbox 1796 5264 1851 5318; x_wconf 90' lang='lat' dir='ltr'><strong>in</strong></span> <span class='ocrx_word' id='word_1_878' title='bbox 1902 5264 2209 5327; x_wconf 88' lang='lat' dir='ltr'><strong>montibus,</strong></span> <span class='ocrx_word' id='word_1_879' title='bbox 2242 5276 2295 5317; x_wconf 91' lang='lat' dir='ltr'><strong>et</strong></span> <span class='ocrx_word' id='word_1_880' title='bbox 2330 5263 2548 5316; x_wconf 81' lang='lat' dir='ltr'><strong>boves:</strong></span> <span class='ocrx_word' id='word_1_881' title='bbox 2612 5259 2842 5327; x_wconf 87' lang='lat' dir='ltr'><strong>cognovi</strong></span> <span class='ocrx_word' id='word_1_882' title='bbox 2890 5254 3071 5309; x_wconf 88' lang='lat' dir='ltr'><strong>omnia</strong></span> <span class='ocrx_word' id='word_1_883' title='bbox 3120 5251 3360 5305; x_wconf 84' lang='lat' dir='ltr'><strong>volatilia</strong></span> 
     </span>
    </p>
   </div>
   <div class='ocr_carea' id='block_1_111' title="bbox 1797 5343 3360 5426">
    <p class='ocr_par' dir='ltr' id='par_1_111' title="bbox 1797 5343 3360 5426">
     <span class='ocr_line' id='line_1_111' title="bbox 1797 5343 3360 5426; baseline -0.011 -15"><span class='ocrx_word' id='word_1_884' title='bbox 1797 5357 1945 5420; x_wconf 75' lang='lat' dir='ltr'><strong>cmli,</strong></span> <span class='ocrx_word' id='word_1_885' title='bbox 1976 5365 2029 5411; x_wconf 91' lang='lat' dir='ltr'><strong>et</strong></span> <span class='ocrx_word' id='word_1_886' title='bbox 2062 5355 2410 5426; x_wconf 88' lang='lat' dir='ltr'><strong>pulchritudo</strong></span> <span class='ocrx_word' id='word_1_887' title='bbox 2443 5354 2559 5424; x_wconf 87' lang='lat' dir='ltr'><strong>agri</strong></span> <span class='ocrx_word' id='word_1_888' title='bbox 2590 5366 2799 5406; x_wconf 90' lang='lat' dir='ltr'><strong>mecum</strong></span> <span class='ocrx_word' id='word_1_889' title='bbox 2841 5354 2943 5402; x_wconf 90' lang='lat' dir='ltr'><strong>cst.</strong></span> <span class='ocrx_word' id='word_1_890' title='bbox 2983 5343 3037 5397; x_wconf 91' lang='lat' dir='ltr'><strong>Si</strong></span> <span class='ocrx_word' id='word_1_891' title='bbox 3091 5343 3360 5407; x_wconf 86' lang='lat' dir='ltr'><strong>esuriero,</strong></span> 
     </span>
    </p>
   </div>
   <div class='ocr_carea' id='block_1_112' title="bbox 1798 5435 3364 5512">
    <p class='ocr_par' dir='ltr' id='par_1_112' title="bbox 1798 5435 3364 5512">
     <span class='ocr_line' id='line_1_112' title="bbox 1798 5435 3364 5512; baseline -0.01 -8"><span class='ocrx_word' id='word_1_892' title='bbox 1798 5465 1907 5504; x_wconf 90' lang='lat' dir='ltr'><strong>non</strong></span> <span class='ocrx_word' id='word_1_893' title='bbox 1930 5449 2108 5503; x_wconf 86' lang='lat' dir='ltr'><strong>dicam</strong></span> <span class='ocrx_word' id='word_1_894' title='bbox 2140 5448 2269 5512; x_wconf 85' lang='lat' dir='ltr'><strong>tibi;</strong></span> <span class='ocrx_word' id='word_1_895' title='bbox 2302 5462 2457 5501; x_wconf 90' lang='lat' dir='ltr'><strong>meus</strong></span> <span class='ocrx_word' id='word_1_896' title='bbox 2477 5456 2559 5500; x_wconf 85' lang='lat' dir='ltr'><strong>est</strong></span> <span class='ocrx_word' id='word_1_897' title='bbox 2590 5443 2733 5499; x_wconf 89' lang='lat' dir='ltr'><strong>enim</strong></span> <span class='ocrx_word' id='word_1_898' title='bbox 2769 5439 2919 5495; x_wconf 81' lang='lat' dir='ltr'><strong>orbis</strong></span> <span class='ocrx_word' id='word_1_899' title='bbox 2950 5446 3130 5500; x_wconf 77' lang='lat' dir='ltr'><strong>teme,</strong></span> <span class='ocrx_word' id='word_1_900' title='bbox 3164 5444 3216 5490; x_wconf 90' lang='lat' dir='ltr'><strong>et</strong></span> <span class='ocrx_word' id='word_1_901' title='bbox 3250 5435 3364 5504; x_wconf 82' lang='lat' dir='ltr'><strong>plc-</strong></span> 
     </span>
    </p>
   </div>
   <div class='ocr_carea' id='block_1_113' title="bbox 1795 5523 3365 5609">
    <p class='ocr_par' dir='ltr' id='par_1_113' title="bbox 1795 5523 3365 5609">
     <span class='ocr_line' id='line_1_113' title="bbox 1795 5523 3365 5609; baseline -0.011 -16"><span class='ocrx_word' id='word_1_902' title='bbox 1795 5538 1987 5593; x_wconf 86' lang='lat' dir='ltr'><strong>nitudo</strong></span> <span class='ocrx_word' id='word_1_903' title='bbox 2008 5540 2147 5609; x_wconf 89' lang='lat' dir='ltr'><strong>ejus.</strong></span> <span class='ocrx_word' id='word_1_904' title='bbox 2179 5534 2451 5604; x_wconf 81' lang='lat' dir='ltr'><strong>Numquid</strong></span> <span class='ocrx_word' id='word_1_905' title='bbox 2468 5529 2806 5587; x_wconf 85' lang='lat' dir='ltr'><strong>manducabo</strong></span> <span class='ocrx_word' id='word_1_906' title='bbox 2835 5542 3028 5582; x_wconf 87' lang='lat' dir='ltr'><strong>carnes</strong></span> <span class='ocrx_word' id='word_1_907' title='bbox 3044 5533 3322 5578; x_wconf 91' lang='lat' dir='ltr'><strong>taurorum</strong></span> <span class='ocrx_word' id='word_1_908' title='bbox 3340 5523 3365 5575; x_wconf 76' lang='lat' dir='ltr'><strong>‘I</strong></span> 
     </span>
    </p>
   </div>
   <div class='ocr_carea' id='block_1_114' title="bbox 1793 5615 3362 5701">
    <p class='ocr_par' dir='ltr' id='par_1_114' title="bbox 1793 5615 3362 5701">
     <span class='ocr_line' id='line_1_114' title="bbox 1793 5615 3362 5701; baseline -0.011 -15"><span class='ocrx_word' id='word_1_909' title='bbox 1793 5640 1889 5687; x_wconf 92' lang='lat' dir='ltr'><strong>aut</strong></span> <span class='ocrx_word' id='word_1_910' title='bbox 1918 5631 2236 5701; x_wconf 87' lang='lat' dir='ltr'><strong>sanguinem</strong></span> <span class='ocrx_word' id='word_1_911' title='bbox 2274 5628 2549 5682; x_wconf 88' lang='lat' dir='ltr'><strong>hircorum</strong></span> <span class='ocrx_word' id='word_1_912' title='bbox 2580 5620 2782 5693; x_wconf 87' lang='lat' dir='ltr'><strong>potabo</strong></span> <span class='ocrx_word' id='word_1_913' title='bbox 2814 5619 2839 5676; x_wconf 75' lang='grc'><strong>1</strong></span> <span class='ocrx_word' id='word_1_914' title='bbox 2877 5618 3095 5673; x_wconf 90' lang='lat' dir='ltr'><strong>immola</strong></span> <span class='ocrx_word' id='word_1_915' title='bbox 3124 5615 3233 5671; x_wconf 80' lang='lat' dir='ltr'><strong>Deo</strong></span> <span class='ocrx_word' id='word_1_916' title='bbox 3273 5631 3362 5670; x_wconf 80' lang='lat' dir='ltr'><strong>sa-</strong></span> 
     </span>
    </p>
   </div>
   <div class='ocr_carea' id='block_1_115' title="bbox 2049 5781 2592 5847">
    <p class='ocr_par' dir='ltr' id='par_1_115' title="bbox 2049 5781 2592 5847">
     <span class='ocr_line' id='line_1_115' title="bbox 2049 5781 2592 5847; baseline -0.009 -8"><span class='ocrx_word' id='word_1_917' title='bbox 2049 5787 2093 5819; x_wconf 84' lang='grc'><strong>²⁰</strong></span> <span class='ocrx_word' id='word_1_918' title='bbox 2118 5784 2263 5839; x_wconf 62' lang='lat' dir='ltr'><strong>Psal.</strong></span> <span class='ocrx_word' id='word_1_919' title='bbox 2290 5797 2436 5847; x_wconf 68' lang='lat' dir='ltr'><strong>XLII,</strong></span> <span class='ocrx_word' id='word_1_920' title='bbox 2481 5781 2592 5836; x_wconf 80' lang='grc'><strong>1-5.</strong></span> 
     </span>
    </p>
   </div>
  </div>
