3894 6508
479 393 584 452 M9

1121 383 1404 444 'EUSEBII
1432 381 1912 442 CESARIENSIS
1953 381 2101 442 OPP.
2135 381 2313 440 PARS
2349 380 2414 438 11.
2447 413 2518 426 —-
2551 383 3045 441 'APOLOGETICA.

3605 385 3736 442 499

479 485 744 542 oriﬁcium
769 481 972 546 laudis,
1005 485 1060 535 et
1087 481 1254 534 redde
1274 477 1560 534 Altissimo
1587 486 1712 532 vota
1749 487 1862 542 tua,
1885 487 1938 532 et
1969 479 2038 532 in-

2147 474 2362 547 τράγων
2387 475 2578 546 πίομαι
2602 492 2616 540 ;
2645 475 2817 529 Θῦσον
2841 475 2919 546 τῷ
2947 473 3064 546 Θεῷ
3092 474 3280 530 θυσίαν
3309 475 3588 542 αἰνέσεως,
3619 479 3730 533 καὶ

478 593 612 634 voca
649 592 736 631 me
770 577 824 629 in
867 573 954 628 die
980 569 1352 626 tribulationis
1380 569 1446 623 “.
1479 587 1500 621 ι
1535 567 1713 623 Etiam
1765 569 1868 624 hoc
1922 570 2041 624 loco

477 667 660 722 divina
711 665 990 736 praedictio
1019 662 1176 732 plane
1208 661 1375 716 Deum
1405 659 1694 716 manifeste
1749 669 2042 716 venturum

476 763 645 826 canit,
677 775 798 829 quae
844 755 1064 826 quidem
1095 769 1206 808 non
1239 754 1407 808 alium
1437 791 1454 816 ,
1507 767 1670 822 quam
1726 752 1904 822 ipsum
1947 751 2044 808 Dei

479 847 715 904 Verbum
749 847 1038 916 significat.
1064 843 1212 898 illius
1243 857 1372 898 vero
1403 841 1668 897 adventus
1684 857 1904 896 causam
1923 857 2042 896 ma-

477 937 828 992 nifestissime
855 933 1079 996 indicat,
1108 947 1172 985 ac
1202 931 1444 1002 gentium
1469 946 1682 990 rursus,
1707 945 1826 1002 qua:
1846 930 1902 984 in
1931 937 2042 984 tota

477 1041 620 1084 terra
657 1029 1034 1088 continentur,
1087 1024 1428 1078 vocationem
1473 1022 1710 1077 futuram
1738 1023 2043 1077 denuntiat.

475 1124 666 1192 Itaque
703 1139 722 1171 ι
767 1118 1013 1180 Vocavit,
1047 1116 1244 1184 inquit,
1277 1125 1499 1182 terram,
1538 1115 1606 1168 ab
1640 1123 1760 1169 ortu
1791 1116 1920 1170 solis
1949 1131 2044 1170 us-

476 1230 580 1284 que
605 1213 672 1266 ad
694 1225 970 1265 occasum.
999 1228 1016 1260 »
1047 1208 1181 1262 Miro
1208 1215 1388 1260 autem
1423 1206 1657 1276 quodam
1689 1205 1898 1269 ordine,
1921 1213 2044 1275 post

475 1307 762 1360 adventum
795 1303 942 1356 illius
965 1341 978 1364 ,
1011 1308 1064 1354 et
1097 1309 1216 1369 post
1257 1299 1500 1368 gentium
1527 1297 1886 1360 vocationem,
1923 1297 2047 1365 reji-

474 1397 725 1452 ciendam
765 1410 888 1450 esse
917 1401 1155 1448 veterem
1203 1391 1350 1444 illam
1395 1389 1614 1459 corpori
1645 1388 1818 1458 magis
1866 1389 2046 1443 inser-

474 1489 734 1550 vientem,
756 1501 918 1555 quam
946 1483 1181 1553 spiritui,
1204 1497 1268 1535 ex
1305 1481 1420 1550 lege
1450 1480 1647 1551 Moysis
1673 1480 2043 1534 adorationem

474 1581 655 1639 docet,
681 1593 802 1646 qua:
847 1577 963 1645 ipsa
993 1571 1210 1643 quoque
1259 1587 1418 1626 suum
1449 1572 1675 1641 contigit
1707 1570 1888 1634 finem,
1921 1577 2046 1640 post

474 1668 571 1724 Dei
595 1667 758 1722 Verbi
799 1666 864 1720 ad
897 1665 1145 1720 homines
1205 1662 1520 1716 adventum.
1567 1663 1644 1716 Ex
1682 1663 1774 1716 illo
1805 1663 1948 1717 enim
1975 1661 2042 1716 ad

475 1757 622 1812 hunc
653 1771 826 1825 usque
881 1755 1024 1808 diem
1083 1751 1260 1806 vocati
1281 1751 1394 1821 jam
1429 1761 1556 1806 sunt
1601 1767 1790 1808 omnes
1835 1751 1902 1807 de
1930 1761 2044 1808 toto

473 1851 606 1906 orbe
639 1858 906 1904 terrarum
959 1846 1206 1900 homines
1233 1887 1249 1910 ,
1295 1859 1595 1914 omnesque
1629 1844 1697 1898 ab
1738 1851 1862 1898 ortu
1912 1845 2042 1900 solis

473 1959 650 2012 usque
679 1943 746 1996 ad
772 1955 1028 1996 occasum
1058 1949 1263 2008 gentes.
1324 1937 1574 1992 Cessavit
1607 1944 1810 2004 autem,
1859 1937 2044 1992 subla-

475 2049 671 2107 tusque
723 2041 808 2089 est
861 2031 1170 2086 Judaaorum
1203 2031 1340 2084 ritus
1369 2069 1385 2094 ,
1434 2029 1528 2082 ubi
1577 2044 1642 2083 ex
1673 2027 1822 2082 Novo
1879 2029 2040 2100 262

472 2125 798 2196 evangelica:
842 2121 1247 2192 praedicationis
1297 2119 1682 2182 Testamento,
1721 2134 1830 2172 non
1860 2129 2040 2174 autem

471 2233 538 2273 ex
554 2219 670 2287 lege
687 2217 905 2286 Moysis,
929 2230 1119 2269 omnes
1149 2213 1398 2268 homines
1423 2211 1592 2267 Deum
1621 2211 1822 2276 colere,
1847 2220 2040 2266 etcum

471 2311 672 2379 pietate
711 2309 892 2364 vivere
925 2307 1190 2361 admoniti
1238 2305 1530 2375 edoctique
1601 2311 1749 2358 sunt.
1787 2305 2042 2358 Attamen

470 2401 660 2459 eadem
691 2401 806 2455 haec
833 2399 901 2454 ad
934 2399 1236 2454 secundum
1257 2447 1260 2450 .
1279 2398 1696 2468 gloriosumque
1747 2395 2042 2451 Salvatoris

470 2496 786 2558 adventum,
808 2493 998 2550 referri
1029 2493 1158 2547 item
1189 2505 1440 2562 possunt.

1078 2603 1308 2661 CAPUT
1345 2603 1432 2659 IV.

471 2721 513 2777 A
561 2721 766 2790 psalmo
793 2735 1115 2790 Lunai—7
1139 2717 1575 2790 Quadvidendus
1603 2719 1655 2790 in
1676 2727 1815 2771 terra
1845 2716 2044 2770 dicere-

542 2787 628 2846 tur
655 2790 815 2856 Deus,
850 2805 941 2858 per
969 2787 1169 2842 Christi
1195 2788 1264 2840 ad
1294 2787 1528 2841 homines
1563 2787 1862 2842 adventum.

545 2987 568 3022 ι
617 2967 902 3023 Videbitur
925 2967 1066 3022 Deus
1101 2967 1328 3023 deorum
1361 2969 1414 3023 in
1441 2965 1594 3022 Sion.
1625 2967 1854 3022 Domine
1897 2966 2040 3023 Deus

467 3062 756 3124 virtutum,
783 3059 978 3114 exaudi
999 3059 1302 3114 orationem
1323 3074 1522 3123 meam,
1542 3059 1767 3114 auribus
1801 3059 2038 3128 percipe,

472 3152 615 3207 Deus
638 3150 823 3206 Jacob.
853 3149 1136 3205 Protector
1166 3159 1354 3206 noster
1381 3149 1582 3219 aspice,
1623 3147 1786 3214 Deus,
1827 3149 2038 3218 respice

2147 567 2344 630 ἀπόδος
2378 565 2456 637 τῷ
2497 566 2731 637 Ὑψίστῳ
2771 565 2870 629 τὰς
2917 566 3082 637 εὐχάς
3131 584 3244 632 σου,
3271 569 3364 622 καὶ
3395 570 3738 624 ὲπικόιλεσαί

2145 677 2214 731 με
2237 662 2294 714 ὲν
2337 659 2516 732 ἡμέρᾳ
2541 659 2784 728 θλίψεως.
2820 677 2840 710 ι
2875 657 3168 712 Κάνταῦθα
3198 661 3231 730 ή
3259 657 3378 714 θεία
3409 663 3734 734 πρόρρησις

2145 751 2331 821 σαφῶς
2375 751 2506 806 Θεὸν
2550 749 2804 821 ἐμφανῶς
2844 749 2994 822 ἥξειν
3037 748 3300 815 θεσπίζει,
3343 753 3444 806 οὐκ
3490 753 3650 809 ἄλλον
3687 755 3734 826 ἢ

2141 845 2232 898 τὸν
2259 844 2352 898 τοῦ
2393 844 2529 898 Θεοῦ
2561 844 2731 912 Λόγον
2773 844 3026 913 δηλοῦσα.
3071 845 3180 898 Καὶ
3219 845 3278 897 τὸ
3315 845 3485 900 αἴτιον
3527 845 3586 900 δὲ
3617 845 3732 916 τῆς

2144 933 2442 1006 παρουσίας
2475 931 2650 987 αὑτοῦ·
2681 931 2992 1001 σαφέστατα
3035 931 3380 1002 παρίστησιν,
3423 927 3582 995 αὖθις
3615 931 3732 1002 τὴν

2143 1026 2332 1096 κλῆσιν
2383 1024 2716 1096 σημαίνουσα
2759 1023 2867 1075 τῶν
2917 1021 3038 1076 καθ’
3087 1021 3213 1094 ὅλης
3256 1022 3355 1092 τῆς
3391 1022 3730 1092 οἰκουμένης

2143 1119 2334 1174 ἐθνῶν*
2377 1137 2395 1170 ι
2455 1117 2710 1172 Ἐκὰλεσε
2762 1115 2914 1186 γοῦν,
2971 1117 3126 1186 φησὶ,
3160 1115 3258 1187 τὴν
3297 1116 3398 1185 γῆν
3453 1115 3564 1168 ἀπὸ
3591 1115 3734 1166 ἀνα.-

2142 1207 2310 1261 τολῶν
2336 1207 2487 1279 ἡλίου
2516 1207 2610 1259 καὶ
2645 1206 2804 1276 μέχρι
2834 1204 3071 1276 δυσμῶν.
3103 1223 3120 1255 ι
3159 1204 3369 1275 Σφόδρα
3408 1203 3464 1256 δὲ
3495 1203 3732 1257 ἀκολού-

2145 1298 2250 1362 θως
2281 1298 2421 1368 μετὰ
2447 1299 2543 1368 τὴν
2587 1297 2908 1366 ἐπιφάνειαν
2943 1294 3128 1360 αὑτοῦ,
3155 1297 3248 1349 καὶ
3287 1295 3426 1366 μετὰ
3459 1295 3558 1366 τὴν
3585 1295 3726 1366 κλῆ-

2146 1407 2229 1443 σιν
2265 1389 2373 1444 τῶν
2403 1389 2570 1443 ἐθνῶν
2594 1429 2610 1454 ,
2643 1390 2744 1460 τὴν
2785 1390 3112 1461 παραίτησιν
3149 1390 3248 1460 τῆς
3289 1390 3430 1443 κατὰ
3463 1389 3558 1442 τὸν
3583 1391 3734 1444 Μω-

2147 1483 2282 1546 σέως
2307 1483 2468 1554 νόμον
2511 1483 2969 1554 σωματικωτέρας
2997 1481 3247 1554 λατρείας
3276 1481 3537 1546 διδάσκει,
3559 1484 3595 1554 ἦ
3629 1483 3736 1536 καὶ

2143 1575 2278 1645 αὺτὴ
2303 1573 2488 1637 τέλους
2514 1573 2670 1643 ἔτυχε
2701 1573 2836 1644 μετὰ
2876 1571 2970 1644 τὴν
2991 1571 3083 1624 τοῦ
3111 1571 3244 1624 Θεοῦ
3269 1572 3439 1640 Λόγου
3471 1574 3553 1635 είς
3585 1572 3738 1626 πάν-

2142 1683 2244 1729 τας
2271 1663 2589 1736 ἀνθρώπους
2616 1665 2954 1734 ἐπιφάνειαν.
3003 1665 3090 1730 Ἐξ
3121 1665 3326 1718 ἐκείνου
3362 1665 3466 1736 γάρ
3501 1681 3584 1718 τοι
3629 1665 3734 1718 καὶ

2144 1760 2223 1822 είς
2253 1757 2410 1830 δεῦρο
2458 1757 2748 1829 κέκληνται
2784 1757 2884 1830 μὲν
2923 1757 3121 1820 πάντες
3165 1759 3212 1810 οἱ
3255 1757 3348 1810 ἐπὶ
3397 1757 3579 1827 πάσης
3625 1756 3728 1826 τῆς

2143 1853 2466 1922 οἰκουμένης
2509 1851 2806 1921 ἄνθρωποι,
2845 1851 2940 1904 καὶ
2981 1849 3158 1903 πάντα
3199 1849 3268 1904 τὰ
3305 1850 3412 1904 ἀπὸ
3445 1848 3730 1902 ἀνατολῶν

2145 1945 2240 1998 καὶ
2273 1945 2432 2016 μέχρι
2455 1945 2673 2015 δυσμῶν
2707 1944 2856 2016 ἔθνη.
2889 1945 3172 2001 Πέπαυται
3201 1945 3258 1998 δὲ
3287 1944 3380 1997 καὶ
3413 1941 3730 2012 καθῄρηται

2145 2038 2178 2107 ἡ
2209 2034 2352 2088 κατὰ
2389 2034 2669 2100 Ἰουδαίους
2701 2035 2984 2107 θρησκεία,
3011 2037 3152 2091 κατὰ
3179 2036 3277 2106 τὴν
3307 2034 3498 2104 καινὴν
3525 2033 3738 2104 Amoq-

2143 2147 2246 2200 κην
2276 2128 2368 2182 τοῦ
2400 2128 2750 2197 εὐαγγελικοῦ
2781 2129 3153 2201 κηρύγματος,
3195 2128 3307 2182 ἀλλ’
3347 2128 3405 2180 οὑ
3441 2125 3600 2180 Κατὰ
3629 2125 3728 2178 τὸν

2142 2221 2384 2285 Μωσέως
2419 2222 2602 2292 νόμον,
2661 2221 2876 2275 πάντων
2900 2221 3198 2293 ἀνθρώπων
3227 2218 3468 2274 εὐσεϐεῖν
3491 2235 3728 2292 παρηγ-

2142 2311 2438 2382 γελμένων.
2474 2310 2658 2362 Ταῦτα
2689 2311 2746 2364 δὲ
2791 2313 2886 2364 καὶ⁹
2934 2311 3026 2363 ἐπὶ
3067 2309 3166 2382 τὴν
3206 2309 3460 2378 δευτέραν
3491 2309 3590 2362 καὶ
3635 2308 3731 2361 ἐν·

2141 2403 2289 2468 δοξον
2321 2403 2640 2474 ἐπιφάνειαν
2668 2402 2762 2456 τοῦ
2793 2403 3043 2475 Σωτῆρος
3073 2401 3398 2473 ἀναφέροιτο
3419 2401 3500 2456 ἄν.

2685 2601 3076 2654 ΚΕΦΑΛΑΙΟΝ
3101 2603 3174 2657 Δ’.

2153 2711 2311 2786 Ἁπὸί
2333 2717 2580 2786 ψαλμοῦ
2611 2721 2724 2785 πγν.
2767 2748 2849 2786 —7
2869 2716 2960 2782 Ὡς
2997 2717 3093 2768 ἐπὶ
3140 2715 3254 2786 γῆς
3283 2716 3662 2786 ὀφθήσεσθαι
3691 2719 3726 2772 ὁ

2212 2785 2356 2849 Θεὸς
2393 2785 2627 2858 λέγεται
2668 2786 2765 2840 διὰ
2791 2785 2896 2855 τῆς
2934 2787 3042 2841 τοῦ
3082 2785 3341 2856 Χριστοῦ
3379 2790 3466 2854 είς
3492 2789 3726 2858 ἀνθρὼ-

2211 2871 2364 2919 πους
2395 2856 2762 2924 ἐπιφανείας.

2216 2985 2234 3017 ι
2283 2967 2606 3039 Ὀφθήσεται
2643 2972 2672 3023 6
2716 2971 2846 3035 Θεὸς
2881 2971 2989 3024 τῶν
3029 2971 3166 3026 θεῶν
3194 2975 3251 3026 ἐν
3293 2973 3450 3028 Σιών.
3483 2975 3662 3048 Κύριε
3693 2978 3724 3030 6

2139 3054 2272 3118 Θεὸς
2314 3057 2420 3109 τῶν
2455 3057 2756 3128 δυνάμεων,
2786 3062 3095 3116 εἰσάκουσον
3125 3063 3223 3133 τῆς
3254 3067 3556 3136 προσευχῆς
3589 3085 3722 3138 μου,

2141 3145 2412 3212 ὲνώτισαι,
2448 3151 2476 3201 6
2501 3149 2632 3213 Θεὸς
2667 3150 2858 3204 Ἰακώὸ
2876 3169 2888 3181 ·
2933 3153 3310 3224 ὑπερασπιστὰ
3355 3159 3386 3226 ἡ
3397 3157 3531 3226 μῶν,
3563 3158 3662 3220 ἴδε,
3691 3159 3726 3212 6

471 3244 528 3298 in
561 3243 752 3297 faciem
781 3242 984 3298 Christi
1014 3243 1094 3296 tui
1119 3245 1186 3297 ²¹.
1217 3262 1236 3294 ι
1275 3241 1572 3312 Postquam
1607 3241 1774 3296 Deum
1809 3242 2035 3295 deorum

2147 3237 2293 3302 Θεὸς,
2325 3241 2419 3292 καὶ
2467 3240 2756 3310 ὲπίὸλεψον
2787 3245 2877 3296 ἐπὶ
2909 3243 2968 3297 τὸ
3017 3247 3308 3316 πρόσωπον
3337 3247 3427 3301 τοῦ
3473 3250 3724 3320 Χριστοῦ

469 3335 763 3390 videndum
795 3335 1064 3405 praedixit,
1093 3345 1208 3390 tum
1257 3343 1378 3389 orat
1409 3335 1700 3390 adventum
1731 3335 1848 3405 ejus
1871 3349 2036 3404 quam

469 3427 753 3483 celerrime
782 3429 1008 3493 adesse,
1073 3427 1293 3482 modum
1328 3443 1438 3498 quo
1467 3427 1734 3482 videndus
1777 3427 1850 3482 sit
1893 3427 2038 3482 inte-

471 3520 576 3574 rim
605 3519 810 3574 docens
851 3521 960 3575 illis
994 3520 1174 3576 verbis
1206 3539 1220 3574 :
1255 3541 1273 3572 ‹
1310 3519 1539 3591 Respice
1571 3519 1626 3574 in
1660 3519 1852 3574 faciem
1878 3518 2040 3574 Chri-

469 3611 540 3666 sti
565 3612 664 3676 tui,
707 3631 726 3664 ι
755 3627 864 3666 non
908 3613 1064 3668 aliter
1095 3629 1258 3683 quam
1309 3614 1550 3684 planius,
1582 3613 1848 3668 dixisset:
1910 3609 2042 3666 Post

468 3704 660 3758 faciem
709 3702 914 3766 Christi
963 3705 1042 3758 tui
1093 3706 1272 3774 praebe
1303 3706 1534 3774 teipsum
1558 3705 1868 3759 videndum.
1903 3701 2038 3757 Pro-

467 3804 652 3866 pterea
673 3795 840 3860 enim,
871 3787 1020 3866 quod
1052 3815 1070 3848 ‹
1111 3797 1204 3867 qui
1237 3796 1370 3850 vidit
1401 3795 1618 3862 Filium,
1655 3795 1790 3850 vidit
1823 3795 2037 3850 Patrem

467 3889 562 3958 qui
591 3887 740 3942 misit
767 3887 918 3941 illum
948 3888 994 3918 ’³
1028 3908 1042 3941 :
1108 3908 1128 3940 ι
1158 3888 1352 3942 merito
1402 3903 1502 3958 per
1553 3887 1748 3944 faciem
1809 3888 2036 3954 Christi,

469 3995 592 4034 eum
624 3980 719 4050 qui
747 3979 802 4034 in
825 3978 1048 4036 Christo
1061 3980 1287 4044 habitat,
1317 3979 1486 4034 Deum
1505 3979 1728 4034 deorum
1749 3979 2037 4035 videndum

469 4073 772 4128 denuntiat.

1086 4269 1317 4326 CAPUT
1357 4265 1422 4323 ν.

469 4385 513 4440 Α
554 4383 760 4454 psalmo
790 4399 912 4439 xcv.
944 4412 1016 4426 ——
1057 4383 1322 4438 Adventus
1373 4384 1586 4440 Domini
1632 4383 1685 4438 in
1718 4393 1912 4454 terram
1957 4399 2038 4435 re-

539 4453 797 4525 gnumque
848 4455 960 4524 ejus
1011 4455 1147 4508 inter
1187 4465 1398 4524 gentes,
1443 4467 1492 4510 et
1527 4471 1714 4509 novum
1755 4453 2037 4508 Canticum

537 4541 640 4579 non
662 4527 762 4594 ipsi
791 4525 982 4588 Israel,
1017 4528 1105 4579 sed
1131 4525 1368 4595 gentibus
1399 4525 1765 4582 exhibendum.

543 4725 564 4757 ς
585 4704 814 4760 Cantate
827 4703 1054 4759 Domino
1069 4705 1344 4759 canticum
1362 4719 1584 4768 novum,
1607 4711 1822 4760 cantate
1853 4705 2036 4760 Domi~

469 4813 563 4862 no,
588 4798 956 4866 omnis,terra,
977 4805 1195 4852 cantate
1225 4797 1480 4860 Domino,
1501 4797 1805 4851 benedicite
1823 4799 2030 4852 nomini

465 4892 609 4962 ejus,
639 4891 956 4945 annuntiate
1016 4891 1084 4945 de
1141 4893 1230 4946 die
1283 4892 1336 4945 in
1392 4890 1535 4946 diem
1585 4891 1826 4946 salutare
1875 4891 2029 4961 ejus,

467 4983 790 5038 annuntiate
837 4983 982 5038 inter
1032 4992 1222 5054 gentes
1276 4983 1500 5054 gloriam
1533 4983 1686 5052 ejus,
1741 4985 1797 5037 in
1854 4983 2032 5038 omni-

465 5076 568 5130 bus
629 5075 843 5146 populis
904 5075 1174 5129 mirabilia
1238 5075 1416 5143 ejus:
1478 5074 1736 5144 quoniam
1795 5087 2032 5143 magnus.

464 5171 624 5242 263
683 5170 946 5225 Dominus
993 5179 1047 5224 et
1089 5167 1377 5222 laudabilis
1407 5167 1593 5232 nimis,
1625 5167 1884 5222 terribilis
1943 5175 2028 5223 est

460 5279 624 5333 super
659 5278 849 5318 omnes
872 5261 1012 5317 Deus
1051 5261 1116 5316 “.
1150 5281 1168 5312 ι
1191 5259 1256 5314 Et
1286 5275 1515 5315 rursus:
1565 5277 1586 5312 ι
1619 5259 1817 5315 Atl‘erte
1843 5259 2028 5316 Domi-

464 5369 534 5409 no
557 5357 742 5424 patriae
771 5357 1010 5426 gentium
1035 5355 1104 5409 ".
1143 5373 1161 5405 ι
1198 5352 1263 5406 Et
1284 5369 1476 5409 rursus
1509 5373 1524 5409 :
1558 5372 1578 5406 ι
1609 5353 1780 5408 Dicite
1810 5353 1864 5407 in
1897 5369 2030 5422 gen-

461 5447 608 5500 tibus
639 5447 781 5516 quod
836 5447 1100 5502 Dominus
1159 5447 1402 5516 regnavit
1439 5449 1507 5501 ".
1545 5466 1563 5499 ι
1596 5445 1678 5500 Ad
1723 5453 2026 5501 extremum

463 5555 590 5592 vero
615 5539 862 5610 adjungit
895 5559 906 5594 :
944 5559 963 5592 ι
1005 5542 1159 5596 Tunc
1191 5543 1540 5597 cxsultabunt
1563 5542 1747 5596 omnia
1771 5541 1914 5611 ligna
1938 5541 2028 5595 sil-

461 5636 646 5685 Varu'm
665 5645 695 5682 a
713 5629 848 5686 facie
869 5633 1103 5698 Domini,
1121 5634 1376 5704 quoniam
1398 5633 1578 5688 venit:
1603 5633 1859 5704 quoniam
1881 5633 2028 5688 venit

2140 3348 2253 3384 σου.
2279 3349 2300 3384 ι
2321 3333 2423 3386 Τὸν
2438 3332 2569 3386 Θεὸν
2591 3333 2698 3386 τῶν
2725 3334 2862 3388 θεῶν
2885 3337 3215 3408 ὀφθήσεσθαι
3237 3341 3528 3410 προειπὼν,
3559 3341 3723 3412 εὔχε-

2136 3441 2226 3479 ται
2255 3424 2354 3497 τὴν
2382 3427 2703 3495 ἐπιφάνειαν
2744 3428 2907 3482 αὐτοῦ
3035 3431 3198 3502 τάχος
3243 3434 3544 3506 ἐπιστῆναι,
3589 3435 3726 3491 καθ⁴

2135 3517 2195 3571 ὃν
2236 3518 2530 3590 ὀφθήσεται
2557 3520 2756 3590 τρόπον
2798 3521 3064 3576 διδάσκων
3103 3523 3188 3576 διὰ
3235 3525 3361 3578 τοῦο
3399 3545 3418 3578 ι
3463 3528 3722 3582 Ἐπίὸλε-

2135 3610 2235 3679 ψον
2264 3611 2357 3663 ἐπὶ
2397 3611 2456 3664 τὸ
2486 3613 2774 3684 πρόσωπον
2815 3614 2909 3667 τοῦ
2941 3615 3176 3685 Χριστοῦ
3219 3633 3311 3671 σου
3337 3635 3348 3644 ·
3392 3638 3408 3670 ι
3443 3618 3576 3671 ὡσεὶ
3611 3637 3718 3674 σα.-

2139 3703 2396 3774 φέστερον
2451 3705 2689 3775 εἰρήκει·
2743 3705 2840 3758 Διὰ
2887 3705 2976 3758 τοῦ
3021 3705 3310 3778 προσώπου
3353 3709 3446 3763 τοῦ
3473 3711 3716 3783 Χριστοῦ

2140 3812 2234 3848 σου
2282 3797 2594 3868 ἐπιφάνηθι.
2651 3799 2802 3851 Ἐπεὶ
2875 3798 2971 3871 γὰρ
3045 3802 3073 3854 6
3145 3803 3406 3874 ἑωρακὼς
3447 3805 3538 3858 τὸν
3579 3805 3720 3860 Υίὸν

2139 3887 2350 3959 ἑώρακε
2393 3888 2484 3940 τὸν
2533 3889 2751 3960 Πατέρα
2790 3890 2881 3945 τὸν
2927 3893 3217 3964 πέμψαντα
3265 3895 3447 3958 αὐτὸν,
3485 3899 3716 3964 εἰκότως

2137 3978 2225 4032 διὰ
2268 3979 2361 4031 τοῦ
2409 3979 2694 4051 προσώπου
2723 3981 2818 4034 τοῦ
2863 3985 3099 4054 Χριστοῦ
3137 3989 3564 4060 ὲπιφανήσεσθαι
3618 3991 3716 4046 τὸν

2139 4071 2196 4121 έν
2241 4070 2318 4141 τῷ
2358 4069 2578 4141 Χριστῷ
2621 4073 2978 4128 κατοικοῦντα
3020 4077 3152 4132 Θεὸν
3200 4080 3308 4134 τῶν
3360 4079 3498 4136 θεῶν
3536 4084 3714 4152 ἐπαγ-

2137 4163 2334 4232 γέλλει.

2667 4279 3060 4336 ΚΕΦΑΛΑῙΟΝ
3101 4285 3178 4339 E'.

2149 4387 2282 4472 Ὰπξὸ
2310 4389 2554 4472 ψαλμοῦ
2593 4395 2703 4472 ιιεν.
2733 4423 2820 4472 —_
2841 4397 3388 4472 Hagovgla‘lfvglov
3433 4399 3531 4454 ἐπὶ
3569 4400 3708 4472 γῆς,

2201 4458 2490 4532 garrulam
2529 4478 2592 4532 te
2619 4458 2822 4518 αὐτοῦ
2859 4458 2956 4518 ἐαὶὶ
2996 4466 3112 4518 τῶν
3143 4458 3350 4532 ἐθνῶν,
3385 4458 3599 4524 aratra:-
3631 4458 3712 4527 ’1ίὲ

2209 4523 2372 4610 ᾆιζμα
2413 4534 2483 4585 οὺ
2515 4529 2594 4596 τῷ
2648 4534 2916 4602 Ἰσραὴλ,
2955 4536 3117 4590 ἀλλὰ
3143 4537 3266 4604 τοῖς
3296 4523 3498 4595 ἔθνεσι
3531 4523 3712 4610 deos);

2063 4585 2111 4643 D
2206 4585 2483 4667 ὸόλιενον.

2211 4731 2230 4762 ι
2273 4715 2471 4784 ’ᾼσατε
2493 4715 2570 4786 τῷ
2593 4718 2781 4789 Κυρίῳ
2803 4715 2956 4790 ᾆσμα
2985 4722 3188 4788 καινὸν,
3219 4722 3382 4795 ᾅσατε
3399 4724 3476 4796 τῷ
3491 4727 3704 4800 Κυρίῳ,

2136 4807 2285 4858 πᾶσα
2305 4809 2338 4876 ἡ
2370 4809 2461 4877 γῆ.
2499 4809 2696 4878 ’ᾼσατε
2727 4811 2804 4881 τῷ
2835 4813 3046 4884 Κυρίῳ,
3073 4814 3400 4886 εὐλογήσατε
3427 4818 3488 4870 τὸ
3533 4819 3706 4891 ὄνομα

2133 4896 2320 4950 αὐτοῦ.
2343 4899 2779 4968 Εὐαγγελίσασθε
2809 4903 3014 4976 ἡμέραν
3035 4907 3096 4970 ἐξ
3120 4907 3224 4978 ἡμέ
3235 4925 3331 4980 ρας
3356 4909 3416 4962 τὸ
3439 4912 3708 4983 σωτήριον

2135 4989 2296 5042 αὑτοῦ
2324 5007 2337 5021 ·
2377 4992 2730 5060 ἀναγγείλατε
2760 4995 2818 5046 ὲν
2849 4999 2963 5060 τοῖς
2986 4997 3160 5051 ἔθνεσι
3187 5001 3287 5070 τὴν
3323 4998 3477 5064 δόξαν
3512 5003 3700 5068 αὑτοῦ,

2135 5081 2192 5134 έν
2233 5084 2364 5136 πᾶσι
2401 5088 2510 5147 τοῖς
2551 5085 2698 5149 λαοῖς
2727 5086 2797 5139 τὰ
2841 5087 3117 5159 θαυμάσια
3163 5092 3326 5146 αὑτοῦ
3352 5111 3366 5123 ·
3411 5095 3490 5147 ὃτι
3526 5096 3704 5166 μέγας

2135 5173 2338 5245 Κύριος
2365 5175 2457 5228 καὶ
2491 5177 2698 5240 αἰνετὸς
2721 5179 2942 5252 σφόδρα,
2974 5181 3198 5254 φοϐερός
3235 5188 3380 5239 ἐστιν
3410 5187 3550 5257 ὑπὲρ
3571 5189 3704 5242 πάν-

2133 5282 2232 5328 τας
2271 5268 2398 5330 τοὺς
2438 5267 2607 5332 θεούς.
2653 5289 2670 5321 ν
2715 5271 2826 5324 Καὶ
2863 5273 3022 5326 πάλιν
3047 5291 3062 5305 ³
3101 5295 3118 5326 ι
3169 5277 3450 5346 Ἐνέγκατε
3479 5279 3560 5350 τῷ
3591 5281 3704 5332 Κυ-

2137 5357 2236 5429 ρίῳ
2259 5359 2314 5410 αί
2345 5364 2569 5430 πατριαὶ
2591 5363 2696 5416 τῶν
2719 5363 2907 5419 ἐθνῶν.
2947 5385 2966 5416 ι
2998 5367 3107 5420 Καὶ
3131 5370 3290 5424 πάλιν
3309 5387 3322 5400 ·
3359 5389 3378 5421 ι
3409 5371 3612 5425 Εἴπατε
3645 5375 3702 5425 ὲν

2131 5451 2245 5514 τοῖς
2273 5451 2500 5516 ἔθνεσιν,
2540 5455 2620 5507 ὅτι
2653 5455 2854 5527 Κύριος
2893 5457 3228 5515 ἐϐασίλευσε.
3259 5481 3278 5513 ›
3323 5463 3430 5516 Καὶ
3476 5463 3568 5516 ἐπὶ
3595 5467 3706 5517 πᾶ-

2134 5559 2218 5595 σιν
2251 5542 2490 5611 ἐπιλέγει
2517 5561 2530 5575 ·
2577 5565 2596 5596 ι
2633 5545 2766 5600 Τότε
2805 5550 3219 5618 ἁγαλλιὰσονται
3254 5555 3426 5609 πάντα
3461 5557 3528 5609 τὰ
3571 5557 3706 5620 ξύλα

2130 5633 2224 5688 τοῦ
2257 5635 2482 5708 δρυμοῦ,
2519 5637 2626 5691 ἀπὸ
2659 5640 2950 5710 προσώπου
2977 5645 3198 5716 Κυρίου,
3241 5647 3318 5700 ὅτι
3342 5648 3557 5718 ἔρχεται
3579 5666 3592 5680 ⁸
3621 5653 3706 5704 ὅτι

527 5785 576 5818 δι
608 5785 750 5846 Psal.
779 5801 926 5850 nix,
949 5787 1096 5843 7-15.
1175 5789 1376 5844 “Psal.
1402 5805 1607 5856 tum,
1641 5785 1791 5843 8-40.
1868 5790 1915 5820 "
1942 5789 2098 5846 Joan.
2131 5807 2230 5856 xu,
2257 5793 2345 5848 45.
2423 5794 2468 5826 ³⁸⁵
2508 5793 2648 5851 Psal.
2689 5813 2807 5865 xcv,
2834 5801 2946 5855 14.
3023 5803 3214 5858 "ibid.
3249 5803 3298 5858 7.
3375 5805 3420 5837 ⁸⁸
3439 5805 3572 5862 ibid.
3615 5807 3700 5864 io.
