3894 6506
136 375 237 428 621

1023 374 1674 434 DEMONSTRATIONIS
1714 379 2169 438 EVANGELICE
2211 382 2340 440 LIB.
2378 384 2464 439 Vl.

3285 392 3387 447 422

136 496 261 563 ἥκει
289 497 455 563 κρίναι
482 494 581 565 τὴν
605 493 729 564 γῆν.
758 495 946 566 Κρινεῖ
967 496 1065 568 τὴν
1087 497 1405 567 οἰκουμένην
1433 498 1490 548 ὲν
1510 496 1680 551 δικαιο

1809 499 2060 568 judicare
2082 510 2303 555 terram.
2335 500 2610 555 .ludicabit
2637 502 2824 556 orbem
2879 509 3040 558 terrae
3063 503 3116 558 in
3144 504 3384 575 justitia,

140 584 296 655 σύνῃ,
325 586 411 637 καὶ
452 583 615 647 λαοὺς
656 587 712 637 ὲν
752 588 817 656 τῇ
853 586 1080 657 ἀληθεία
1114 586 1298 641 αὐτοῦ.
1341 606 1360 637 ι
1417 587 1707 641 Κάνταῦθα

138 670 298 731 πάλιῦ
331 679 619 747 ἐρχόμενος
658 680 737 742 είς
778 678 1097 749 ἀνθρώπους
1134 679 1337 750 Κύριος
1396 679 1705 751 προφητεύ-

140 788 279 833 εται,
308 770 484 822 καινόν
508 788 567 822 τε
597 766 748 841 ᾆσμα
768 771 861 823 ἐπὶ
889 774 955 841 τῇ
978 773 1248 843 παρουσίᾳ
1275 771 1435 823 αὑτοῦ
1455 771 1701 842 ᾁσεσθαι,

140 863 236 931 τὴν
266 862 460 930 Καινὴν
502 862 797 934 Διαθήκην,
837 863 899 915 οὐ
945 864 1006 915 τὸ
1049 863 1318 916 Ἰουδαίων
1368 863 1537 928 ἔθνος,
1572 863 1705 918 ἀλλά

141 955 311 1003 πᾶσαν
350 951 445 1021 τὴν
487 953 622 1021 γῆψ
676 952 1229 1023 εύαγγελισθήσεσθαί
1276 971 1335 1005 τε
1380 955 1565 1007 οὐκέτι
1611 955 1704 1007 τὸν

152 1042 370 1112 Ἰσραὴλ,
419 1042 555 1096 ἀλλά
607 1044 785 1097 πάντα
831 1043 900 1096 τά
953 1044 1114 1114 ἔθνη·
1179 1045 1476 1117 ἐπειδήπερ
1525 1046 1702 1099 αὐτῶν

141 1136 343 1188 ἔσεσθαί
380 1154 514 1206 φησι
552 1136 775 1206 βασιλέα
812 1137 905 1190 τὸν
935 1139 1225 1209 ἐρχόμενον
1256 1139 1478 1210 Κύριον.
1515 1140 1609 1203 Τίς
1655 1140 1701 1192 δ’

141 1228 206 1280 ἂν
234 1228 302 1297 εἴη
335 1221 488 1289 οὗτος
516 1228 551 1298 ἢ
586 1230 615 1281 ὁ
656 1227 789 1291 Θεὸς
812 1230 1020 1296 Λόγος;
1062 1229 1120 1291 ὃς
1151 1229 1357 1299 μέλλων
1388 1232 1698 1303 δικαιοσύνῃ

140 1319 235 1389 τὴν
258 1319 594 1390 οἰκουμένην,
626 1320 720 1373 καὶ
758 1320 983 1391 ἀληθείᾳ.
1015 1321 1114 1391 τὴν
1153 1320 1543 1391 ἀνθρωπότητα
1583 1323 1702 1392 κρί-

141 1427 245 1461 νειν
266 1410 439 1479 ὲξίσης
468 1410 717 1473 ἅπαντας
738 1412 865 1473 τοὺς
894 1411 985 1462 ἐπὶ
1016 1412 1117 1480 τῆς
1144 1412 1470 1481 οἰκουμένης
1499 1410 1701 1481 ἀνθρώ-

142 1519 282 1563 πους,
317 1502 410 1571 τῆς
444 1500 609 1554 αὑτοῦ
647 1502 909 1572 κλήσεως,
951 1501 1044 1554 καὶ
1082 1500 1181 1571 τῆς
1213 1501 1303 1554 ἐπὶ
1346 1501 1517 1573 ταύτῃ
1552 1502 1700 1571 ποιρά

141 1594 217 1663 τῷ
245 1593 351 1662 Θεῴ
377 1593 651 1664 σωτηρίας
670 1590 1023 1662 κατηξίωσεν.

632 1790 1031 1843 ΚΕΦΑΛΑΙΟΝ
1072 1792 1160 1857 cr.

1808 598 1861 646 et
1882 593 2111 661 populos
2135 593 2189 646 in
2224 593 2453 647 veritate
2474 609 2570 648 sua
2598 595 2663 648 ’⁷.
2704 613 2723 645 ι
2751 591 2865 647 Hoc
2887 595 3013 649 item
3039 596 3158 651 loco
3192 607 3387 651 ventu-

1807 699 1899 737 rus
1936 684 2000 737 ad
2036 684 2282 740 homines
2316 686 2659 753 promittitur
2710 685 3008 750 Dominus,
3072 704 3383 759 novumque

1805 772 1861 827 in
1891 773 2180 827 adventum
2209 774 2330 842 ejus
2347 776 2651 829 canendum
2682 790 2804 829 esse
2833 776 3137 840 canticum,
3168 775 3378 831 Novum

1804 866 2058 921 videlicet
2087 864 2522 928 Testamentum,
2549 882 2655 920 non
2689 868 2756 920 ab
2784 883 2889 922 una
2920 867 3145 921 Judaica
3198 878 3377 939 gente,

1803 958 1897 1012 sed
1928 957 1996 1010 ab
2044 958 2192 1010 omni
2227 964 2391 1018 terra,
2413 956 2815 1026 Evangelioque
2845 957 3226 1012 illustrandum
3269 974 3378 1013 non

1802 1050 2035 1119 amplius
2064 1049 2240 1117 ipsum
2289 1047 2475 1112 Israel,
2510 1048 2601 1102 sed
2646 1064 2835 1102 omnes
2861 1058 3052 1118 gentes
3082 1068 3094 1103 :
3130 1051 3377 1118 quando-

1802 1140 2017 1210 quidem
2052 1138 2168 1194 l‘ore
2198 1140 2441 1208 ipsorum
2475 1155 2652 1208 regem
2694 1140 2769 1192 ait
2801 1155 2922 1193 eum
2947 1179 2961 1200 ,
2997 1140 3089 1209 qui
3114 1150 3375 1194 venturus

1802 1233 1872 1285 sit
1909 1232 2196 1287 Dominus.
2230 1231 2365 1297 Quis
2392 1246 2555 1301 porro
2587 1232 2674 1285 hic
2708 1233 2777 1286 sit
2819 1232 2981 1295 alius,
3016 1248 3178 1302 quam
3232 1231 3375 1287 Deus

1800 1321 2087 1377 Verbum?
2150 1322 2241 1391 qui
2296 1322 2513 1391 justitia
2565 1322 2751 1375 orbem
2804 1330 2983 1388 terrae,
3031 1330 3086 1375 et
3143 1324 3373 1376 veritate

1800 1416 2186 1469 humanitatem
2214 1414 2559 1483 judicaturus
2579 1454 2593 1477 ,
2622 1430 2684 1468 ex
2722 1430 2879 1484 aequo
2911 1415 3169 1468 omnibus
3194 1416 3286 1484 qui
3316 1416 3369 1469 in

1797 1508 1983 1562 orbem
2013 1514 2171 1561 terrae
2198 1514 2383 1560 essent
2413 1505 2744 1565 hominibus,
2782 1506 3124 1559 vocationem
3185 1522 3364 1568 suam,

1798 1608 1849 1655 et
1874 1606 1996 1669 post
2029 1598 2367 1652 vocationem
2387 1637 2405 1665 ,
2452 1598 2681 1653 salutem
2713 1612 2743 1651 a
2775 1596 2886 1652 Deo
2950 1597 3368 1668 impertiendam

1796 1704 1919 1744 esse
1948 1687 2177 1757 putavit.

2400 1797 2629 1854 CAPUT
2667 1798 2757 1854 Vl.

151 1903 268 1983 Ἀξιδ
307 1904 552 1983 ψαλμοῦ
585 1899 1023 1983 ιιςνκ--ιᾊσμα
1078 1907 1306 1983 καινόν,
1358 1902 1581 1983 γςνῶο-[ς
1631 1921 1680 1983 τε

1795 1912 1836 1966 Α
1893 1912 2097 1982 psalmo
2144 1926 2312 1965 xcvn.
2371 1940 2444 1983 -έ-
2494 1910 2771 1965 Canticum
2831 1927 3051 1977 novum,
3107 1913 3368 1983 gentium-

204 1974 374 2027 ἐθνῶν
407 1974 515 2041 τῆς
544 1974 652 2045 τοῦ
685 1977 907 2045 Κυρίου
929 1975 1335 2044 δικαιοσύνης,
1369 1974 1693 2045 ἐρχόμενός

204 2062 259 2097 τε
285 2045 462 2111 αὐτὸς
500 2044 707 2112 κριτὴς
738 2044 855 2097 τῶν
882 2044 1058 2098 ὅλων.

207 2178 224 2210 ι
250 2161 440 2231 ’ᾼσατε
484 2160 561 2231 τῷ
594 2159 784 2229 Κυρίῳ
841 2153 992 2227 ᾆσμα
1042 2159 1245 2221 καινὸν,
1282 2160 1362 2211 ὃτι
1407 2158 1690 2230 θαυμαστὰ

142 2254 362 2323 ἐποίησε,
384 2272 401 2304 ι
423 2252 601 2305 καὶτὰ
616 2251 762 2321 ἑξῆς·
791 2268 809 2301 ι
832 2249 1123 2321 Ἐγνώρισε
1140 2247 1410 2321 Κύριοςτὸ
1429 2253 1689 2321 σωτήριον

139 2346 301 2407 αὑτοῦ,
334 2345 574 2397 ἐναντίον
621 2344 838 2395 πάντων
886 2342 992 2394 τῶν
1041 2341 1208 2395 ἐθνῶν
1248 2342 1559 2411 ἀπεκάλυψε
1592 2343 1688 2414 τὴν

138 2436 454 2506 δικαιοσύνην
512 2434 696 2488 αὐτοῦ.
730 2454 746 2485 ι
783 2434 893 2486 Καὶ
943 2433 1101 2487 πάλιν
1123 2449 1136 2463 ⁸
1184 2449 1206 2485 t
1237 2433 1461 2486 Εῖδοσαν
1512 2433 1687 2486 πάντα

139 2528 195 2581 τὰ
214 2528 410 2598 πέρατα
429 2528 527 2596 τῆς
560 2527 661 2597 γῆς
686 2525 744 2577 τὸ
773 2525 1035 2595 σωτήριον
1060 2523 1153 2577 τοῦ
1182 2523 1315 2576 Θεοῦ
1342 2523 1519 2594 ἡμῶν.
1538 2523 1689 2577 Ἀλα-

138 2620 306 2686 λάξατε
349 2619 427 2690 τῷ
474 2618 665 2689 Κυρίῳ
696 2618 842 2669 πᾶσα
874 2618 906 2686 ἡ
935 2615 1027 2685 γῆ.
1054 2635 1072 2666 ι
1104 2617 1211 2669 Καὶ
1238 2617 1329 2668 ἐπὶ
1362 2617 1493 2668 πᾶσι
1513 2634 1525 2646 ο
1557 2634 1579 2668 ι
1606 2617 1686 2669 Τὰ

136 2712 219 2781 ἧρη
250 2710 658 2779 ἀγαλλιάσονται
700 2707 807 2762 ἀπὸ
836 2707 1123 2780 προσώπου
1160 2707 1382 2777 Κυρίου,
1413 2708 1493 2759 ὅτι
1531 2708 1685 2778 ἔρχε-

137 2820 228 2863 ται,
253 2804 327 2855 δτι
357 2803 484 2870 ⁴ἳξκει
515 2804 699 2872 κρῖναι
741 2799 837 2871 τὴν
864 2800 988 2869 γῆν.
1017 2800 1207 2869 Κρινεῖ
1231 2797 1329 2868 τὴν
1364 2798 1683 2868 οἰκουμένην

138 2896 185 2945 ὲν
214 2892 542 2966 δικαιοσύνῃ,
573 2892 667 2944 καὶ
696 2891 857 2954 λαοὺς
879 2892 935 2944 ὲν
961 2889 1233 2959 εύθύτητι.
1262 2908 1280 2940 ι
1310 2889 1528 2941 Πολλῶν
1548 2891 1682 2958 ἀγα-

138 2988 225 3041 θῶν
250 2988 394 3041 αἰτία
422 2989 515 3041 καὶ
546 2986 632 3039 διὰ
657 2985 859 3039 τούτων
880 2986 911 3056 ἡ
934 2983 1027 3036 τοῦ
1056 2982 1256 3053 Κυρίου
1282 2982 1549 3054 παρουσία
1571 2986 1681 3047 τοῖς

137 3082 285 3133 ἔθνεσι
318 3079 642 3149 γεγενῆσθαι
672 3076 1070 3150 προφητεύεται
1090 3094 1102 3106 ·
1130 3076 1165 3130 ἂ
1190 3076 1282 3129 καὶ
1315 3076 1400 3128 διὰ
1430 3077 1528 3146 τῆς
1560 3078 1680 3129 ὲπι-

1863 1981 1959 2052 que
1989 1982 2224 2064 .cogm'tio
2243 1982 2489 2051 justitiae,
2530 1992 2872 2051 venturasque
2910 1984 3017 2050 ipse
3038 1981 3206 2051 judex
3246 1986 3367 2037 uni-

1864 2070 2020 2107 υενδι.

1868 2184 1886 2215 ι
1920 2169 2145 2222 Cantate
2175 2162 2402 2219 Domino
2434 2163 2703 2217 canticum
2728 2178 2947 2228 novum,
2976 2164 3230 2233 quoniam
3259 2165 3364 2217 mi-

1791 2256 1983 2309 rabilia
2022 2255 2170 2317 fecit,
2211 2274 2229 2306 ι
2266 2262 2319 2308 et
2356 2264 2545 2307 cretera
2581 2272 2593 2307 :
2633 2272 2651 2304 ι
2691 2252 2885 2307 Νοιυιη
2920 2254 3046 2309 fecit
3101 2255 3361 2311 Dominus

1791 2347 2030 2402 salutare
2076 2360 2257 2407 suum,
2291 2344 2345 2397 in
2379 2355 2672 2413 conspecm
2708 2345 2945 2413 gentium
2994 2346 3249 2399 revelavit
3271 2346 3362 2414 ju-

1790 2437 1992 2492 sﬁtiam
2053 2437 2288 2491 suam“.
2333 2455 2350 2486 ι
2400 2434 2465 2488 Ει
2522 2451 2756 2490 rursus:
2798 2455 2815 2486 ι
2856 2434 3118 2490 Viderunt
3170 2451 3360 2493 omnes

1791 2529 2006 2583 termini
2054 2536 2210 2582 terra:
2248 2528 2484 2582 salutare
2510 2526 2602 2581 Dei
2628 2527 2817 2590 nostri,
2843 2527 3071 2597 jubilate
3104 2527 3356 2593 Domino,

1788 2619 1965 2673 omnis
1991 2620 2212 2672 terra”.
2253 2635 2271 2668 ι
2303 2616 2368 2669 Et
2396 2615 2463 2670 ad
2495 2624 2794 2671 extremum
2828 2634 2840 2668 :
2876 2634 2894 2667 ι
2932 2615 3140 2671 Montes
3168 2618 3357 2672 exsul-

1788 2711 1980 2765 tabunt
2000 2726 2030 2762 a
2053 2716 2345 2780 conspectu
2368 2707 2600 2770 Domini,
2630 2707 2883 2777 quoniam
2913 2708 3077 2769 venit,
3100 2708 3353 2779 quoniam

1785 2801 1934 2856 venit
1953 2800 2201 2870 judicare
2233 2806 2456 2853 terram.
2478 2796 2751 2850 Judicahit
2781 2797 2967 2850 orbem
3000 2804 3157 2851 terra:
3186 2796 3241 2850 in
3267 2796 3357 2866 ju-

1786 2894 1955 2956 stitia,
1992 2902 2047 2946 ct
2089 2891 2316 2961 populos
2365 2891 2420 2942 in
2464 2887 2775 2957 aequitate"
2818 2905 2831 2941 :
2874 2907 2894 2937 ι
2933 2887 3225 2940 multorum
3257 2886 3355 2940 bo-

1784 3002 1982 3042 norum
2029 2984 2336 3039 effectorem
2383 2981 2594 3035 Domini
2625 2980 2914 3035 adventum
2949 2979 3200 3049 gentibus
3222 2993 3354 3032 con-

1788 3079 1997 3149 tigisse,
2027 3077 2142 3130 hazc
2185 3074 2348 3130 verba
2393 3070 2696 3142 praedicunt
2726 3108 2742 3133 ,
2776 3084 2895 3138 qua}
2939 3070 3154 3138 quidem
3186 3068 3351 3131 bona,

138 3174 331 3243 φανείας
348 3173 443 3225 τοῦ
460 3173 711 3241 Σωτῆρος
733 3170 888 3241 ἡμῶν
918 3170 1009 3223 ἐπὶ
1031 3168 1203 3239 πέρας
1222 3169 1452 3238 ἀχθέντα
1477 3169 1677 3224 δείκνυ-

1788 3187 1876 3243 per
1918 3169 2167 3225 eumdem
2219 3163 2516 3219 Salvatoris
2563 3161 2731 3216 nostri
2780 3160 3092 3223 adventum,
3145 3159 3351 3213 exitum

136 3265 325 3328 ται.Ὲξ
351 3264 562 3316 ἐκείνου
592 3263 701 3333 γάρ
741 3279 823 3314 τοι
859 3261 951 3314 καὶ
988 3261 1048 3313 οὐ
1082 3260 1364 3331 πρότερον,
1396 3262 1456 3313 τὸ
1499 3263 1680 3315 καινὸν

1788 3262 2061 3333 accepisse
2098 3265 2496 3313 monstrantur.
2550 3255 2668 3309 Non
2717 3254 2867 3324 prius
2932 3253 3098 3317 enim,
3136 3251 3229 3305 sed
3282 3267 3349 3305 ex

138 3352 265 3425 ᾆσμα
312 3356 407 3425 τῆς
439 3354 653 3423 Καινῆς
694 3352 967 3423 Διαθήκης
1007 3352 1088 3413 εἰς
1131 3350 1339 3414 πάντας
1367 3351 1681 3422 ἀνθρώπους

136 3446 311 3515 ᾅδεται,
340 3446 431 3498 καὶ
453 3445 522 3498 τὰ
554 3444 832 3515 θαυμάσια
864 3441 1027 3495 αὐτοῦ
1062 3442 1149 3495 διὰ
1179 3444 1277 3513 τῆς
1307 3444 1415 3497 τῶν
1442 3444 1681 3512 Εὐαγγε-

137 3534 245 3587 λίων
267 3537 475 3606 γραφῆς
504 3532 755 3604 γνώριμα
787 3532 880 3586 καὶ
913 3531 1211 3596 ὲξάκουστα
1234 3537 1341 3597 τοῖς
1373 3536 1505 3587 πᾶσι
1537 3536 1680 3603 γίνε-

141 3645 229 3681 ται,
255 3631 320 3682 Οὐ
364 3629 469 3701 μὴν
510 3627 646 3680 ἀλλά
675 3626 771 3680 καὶ
808 3626 868 3678 τὸ
906 3626 1189 3697 σωτήριον,
1222 3627 1282 3679 τὸ
1321 3626 1461 3679 κατά
1488 3626 1581 3697 τὴν
1616 3631 1677 3679 ἐκ

141 3722 316 3791 νεκρῶν
357 3721 653 3773 ἀνάστασιν
704 3716 889 3781 αὑτοῦ,
946 3719 1111 3771 πᾶσιν
1158 3717 1513 3789 ἀπεκαλύφθη
1566 3721 1676 3781 τοῖς

144 3811 309 3875 ἔθνεσι,
354 3814 447 3866 καὶ
500 3814 535 3883 ἡ
586 3809 793 3881 ἀληθὴς
842 3809 1177 3880 δικαιοσύνη,
1222 3809 1290 3861 δι’
1319 3804 1387 3879 ἦς
1434 3809 1675 3881 ἐναργῶς

147 3905 425 3977 ἀπεδείχθη,
459 3908 542 3959 ὅτι
579 3905 653 3977 μὴ
697 3904 961 3957 Ἰουδαίων
985 3906 1013 3957 ὁ
1038 3903 1171 3966 Θεὸς
1224 3904 1400 3973 μόνον,
1428 3903 1559 3956 ἀλλὰ
1584 3905 1673 3956 καὶ⁵

148 3996 303 4050 ἐθνῶν·
339 4018 356 4048 ι
379 3999 639 4069 Ἐπείπερ
667 3992 746 4059 εἷς
773 3999 801 4050 ὁ
824 3996 1007 4060 Θεὸς,›
1040 3996 1181 4049 κατὰ
1217 3997 1306 4050 τὸν
1341 3996 1481 4065 ἱερὸν
1514 3995 1672 4047 Ἀπό-

146 4091 313 4152 στολον,
354 4111 370 4142 ι
397 4091 456 4154 ὃς
500 4088 780 4144 δικαιώσει
822 4087 1120 4159 περιτομὴν
1161 4089 1225 4140 ὲκ
1265 4088 1513 4151 πίστεως.
1548 4107 1565 4137 ι
1600 4088 1673 4140 Τὸ

142 4180 203 4241 δὲ,
238 4185 376 4236 «Ὅτι
407 4183 621 4253 ἔρχεται
647 4185 826 4252 κρῖναι
856 4180 953 4250 τὴν
986 4180 1110 4250 γῆν,
1147 4200 1164 4232 ι
1196 4180 1388 4249 γένοιτ’
1413 4180 1478 4235 ἂν
1501 4179 1670 4251 δηλω-

140 4274 263 4326 τικδν
287 4277 373 4328 καὶ
400 4273 499 4346 τῆς
526 4274 781 4346 δευτέρας
804 4272 966 4326 αὑτοῦ
1001 4272 1319 4342 παρουσίας.

636 4564 1028 4619 ΚΕΦΑΛΑῘΟΝ
1067 4563 1138 4618 Z'.

145 4676 251 4733 Ἀπὸ
279 4682 517 4752 ψαλμοῦ
540 4688 649 4749 pg’.
687 4712 758 4752 -έ-
797 4680 989 4752 ,Λόγος
1023 4677 1170 4752 Θεοῦ
1201 4680 1285 4752 είς
1318 4676 1664 4752 ἀνθρώπους

188 4748 691 4820 ἀποστελλόμενος
714 4749 811 4801 ἐπὶ
840 4750 1118 4815 θεραπείᾳ
1149 4749 1244 4799 καὶ
1269 4748 1527 4820 σωτηρίᾳ
1554 4752 1662 4817 ψυ-

187 4819 309 4887 χῶν,
341 4823 457 4875 τῶν
488 4817 671 4875 πάλαι
695 4822 765 4873 ἐν
793 4819 1025 4883 κακίαις
1054 4817 1526 4885 τετρυχωμένων.

190 4932 829 5002 «Ἐξομολογησὰσθωσαν
869 4930 947 5001 τῷ
990 4930 1179 5001 Κυρίῳ
1226 4930 1293 4983 τὰ
1319 4929 1439 5001 ὲλέη
1474 4930 1656 4995 αὑτοῦ,

128 5022 199 5074 καὶ
219 5024 277 5077 τὰ
302 5024 584 5095 θαυμάσια
604 5022 767 5076 αὑτοῦ
790 5026 900 5086 τοῖς
929 5024 1062 5083 υἱοῖς
1084 5021 1190 5073 τῶν
1222 5020 1318 5073 ἀνθ
1328 5019 1522 5092 ρώπων
1543 5038 1556 5050 ’
1581 5021 1662 5074 ὅτι

127 5116 377 5187 συνέτριψε
408 5116 585 5178 πύλας
614 5114 837 5185 χαλκᾶς,
868 5114 961 5166 καὶ
999 5112 1226 5182 μοχλοὺς
1261 5111 1509 5181 σιδηροῦς
1541 5127 1664 5163 συν-

126 5206 331 5265 έθλασεν.
350 5209 696 5264 Ἀντελάϐετο
738 5206 912 5259 αὐτῶν
952 5204 1010 5269 ἐξ
1040 5203 1159 5257 ὁδοῦ
1194 5205 1419 5272 ἀνομίας
1445 5202 1619 5256 αὐτῶν
1642 5219 1655 5233 ·

125 5296 192 5349 διὰ
233 5302 332 5373 γὰρ
381 5302 483 5363 τὰς
530 5298 758 5369 ἀνομίας
808 5298 985 5350 αὐτῶν
1034 5294 1501 5364 ἐταπεινώθησαν·
1552 5296 1657 5346 πᾶν

126 5389 285 5464 βρῶμα
316 5392 632 5456 ὲὸδελύξατο
675 5393 707 5462 ἡ
751 5390 894 5460 ψυχὴ
940 5389 1136 5449 αὐτῶν,
1165 5388 1256 5440 καὶ
1292 5388 1523 5458 ἤγγισαν
1553 5386 1658 5447 ἓως

123 5478 207 5530 τῶν
238 5482 411 5534 πυλῶν
443 5481 538 5534 τοῦ
570 5480 819 5541 θανάτου,
854 5480 947 5531 καὶ
972 5477 1271 5549 ὲκέκραξαν
1302 5476 1435 5547 πρὸς
1456 5476 1656 5546 Κύριον

124 5570 169 5622 ἐτι
194 5573 258 5641 τῷ
285 5574 558 5627 θλίϐεσθαι
592 5573 805 5635 αὐτοὺς,
840 5572 933 5624 καὶ
964 5572 1025 5623 ὲκ
1054 5572 1159 5623 τῶν
1190 5568 1439 5637 ἀναγκῶν
1478 5567 1656 5621 αὐτῶν

124 5662 288 5718 ἔσωσεν
300 5667 513 5729 αὐτούς.
534 5663 841 5717 Ἀπέστειλε
867 5663 958 5716 τὸν
972 5662 1127 5730 λόγον
1144 5660 1328 5724 αὑτοῦ,
1348 5662 1441 5715 καὶ
1468 5660 1654 5713 ἰάσατο

1779 3356 1873 3410 illo
1923 3354 2207 3415 duntaxat,
2263 3363 2460 3403 novum
2510 3346 2644 3400 Novi
2694 3343 3027 3400 Testamenti
3077 3343 3348 3397 canticum

1780 3442 1923 3513 apud
1952 3455 2142 3495 omnes
2169 3439 2418 3493 homines
2448 3436 2682 3497 canitur,
2710 3442 2762 3487 et
2794 3434 3065 3487 mirabilia
3105 3433 3223 3502 ejus
3254 3447 3351 3501 per

1778 3537 2105 3604 scripturam
2134 3530 2546 3600 Evangeliorum
2577 3524 2739 3595 264
2761 3531 2887 3577 nota
2919 3523 3075 3587 ﬁunt,
3100 3530 3154 3576 et
3176 3538 3344 3575 exau-
3385 3528 3388 3531 ’

1776 3630 2002 3684 diuntur
2040 3626 2108 3679 ab
2141 3622 2415 3678 omnibus.
2447 3619 2758 3685 Quinetiam
2794 3616 3050 3680 salutare,
3086 3614 3228 3683 quod
3260 3629 3348 3667 se-

1775 3720 2015 3776 cundum
2046 3716 2279 3771 reditum
2304 3714 2449 3767 illius
2473 3714 2525 3765 in
2557 3712 2719 3764 vitam
2744 3707 3064 3778 percipitur,
3089 3700 3343 3759 Omnibus

1776 3810 2107 3881 patefactum
2149 3814 2233 3861 est
2270 3803 2542 3875 gentibus,
2578 3812 2629 3855 et
2668 3815 2791 3854 cum
2830 3813 2896 3852 eo
2929 3812 3057 3852 vera
3105 3796 3340 3865 justitia,

1774 3918 1869 3972 per
1900 3915 2063 3971 quam
2095 3897 2375 3953 evidenter
2395 3902 2673 3949 ostensum
2697 3901 2800 3955 est,
2819 3890 2963 3959 quod
2986 3904 3093 3943 non
3127 3887 3343 3943 Iudaeo-

1772 4009 1892 4048 rum
1922 3992 2097 4046 solum
2131 3990 2201 4044 sit
2235 3987 2397 4051 Deus,
2433 3984 2524 4040 sed
2557 3983 2785 4036 aliarum
2813 3994 3028 4052 quoque
3059 3978 3337 4050 gentium:

1777 4101 1796 4135 ι
1834 4078 2305 4150 Quandoquidem,
2342 4090 2485 4129 unus
2531 4073 2695 4135 Deus,
2736 4091 2755 4123 ι
2805 4079 3028 4126 sanctus
3082 4070 3157 4124 ait
3195 4068 3340 4137 Apo-

1771 4176 1965 4237 stolus,
2020 4190 2038 4224 ι
2076 4171 2169 4240 qui
2218 4166 2538 4240 justiﬁcabit
2580 4164 3053 4219 circumcisionem
3098 4178 3164 4215 ex
3208 4161 3334 4224 ﬁde,

1768 4274 1823 4322 et
1844 4264 2164 4336 praeputium
2183 4277 2277 4330 per
2289 4261 2448 4314 ﬁdem
2466 4259 2527 4312 ³¹.
2545 4278 2562 4309 ι
2585 4255 2717 4310 Illud
2737 4264 2914 4309 autem
2933 4273 2945 4307 :
2969 4272 2985 4304 ι
3014 4252 3166 4318 Quod
3191 4252 3337 4306 venit

1763 4358 2011 4428 judicare
2065 4363 2288 4417 terram,
2322 4371 2340 4404 ι
2379 4352 2541 4406 etiam
2592 4350 2821 4403 alterum
2859 4347 3004 4402 illius
3045 4344 3335 4401 adventum

1769 4448 2075 4520 signiﬁcare
2096 4445 2314 4515 poterit.

2357 4554 2585 4611 CAPUT
2630 4552 2738 4609 γη.

1768 4674 1810 4726 Α
1834 4672 2038 4741 psalmo
2082 4687 2189 4725 ενι.
2215 4702 2283 4711 --
2340 4671 2563 4725 Verbum
2600 4670 2695 4723 Dei
2740 4670 2809 4719 ad
2843 4667 3076 4721 homines
3114 4667 3335 4741 missum

1836 4736 1903 4795 ad
1938 4742 2191 4795 medelam
2223 4753 2271 4795 et
2307 4743 2529 4796 salutem
2559 4742 2875 4800 animarum,
2912 4755 3027 4807 qua:
3066 4736 3333 4808 quondam

1837 4824 2033 4867 rexatw
2060 4828 2415 4881 oppresswque
2440 4821 2589 4865 erant
2614 4812 2666 4862 in
2696 4809 2871 4863 malis.

1842 4947 1859 4978 ι
1881 4927 2254 4983 Conﬁteantur
2276 4926 2504 4981 Domino
2525 4922 2913 4980 misericordia:
2934 4922 3075 4991 ejus,
3096 4930 3148 4976 et
3166 4924 3333 4975 mira-

1766 5018 1895 5071 bilia
1942 5018 2060 5087 ejus
2110 5018 2234 5074 ﬁliis
2285 5018 2614 5071 hominum:
2661 5016 2788 5085 quia
2837 5014 3092 5068 contrivit
3144 5022 3334 5082 portas

1763 5125 1953 5171 areas,
1989 5117 2041 5164 et
2074 5117 2255 5165 vectes
2287 5110 2492 5164 ferreos
2524 5107 2811 5176 confregit.
2859 5104 3108 5173 Suscepit
3135 5120 3230 5157 eos
3265 5103 3332 5157 de

1762 5202 1847 5254 via
1877 5201 2179 5271 iniquitatis
2208 5216 2417 5262 eorum,
2456 5216 2579 5254 nam
2607 5209 2825 5269 propter
2854 5196 3153 5265 injustitias
3203 5209 3331 5249 suas

1761 5289 2028 5344 bnmiliati
2052 5300 2177 5346 sunt
2207 5310 2219 5344 :
2249 5306 2464 5344 omnem
2485 5305 2664 5345 escam
2699 5290 2999 5344 abominata
3028 5293 3113 5341 est
3148 5286 3328 5340 anima

1760 5399 1970 5447 eorum,
1994 5391 2048 5437 et
2082 5384 2653 5455 appropinquaverunt
2676 5397 2848 5450 usque
2878 5381 2941 5434 ad
2971 5388 3156 5449 portas
3180 5394 3329 5432 mor—

1760 5477 1852 5542 tis,
1893 5484 1949 5531 et
1999 5477 2368 5531 clamaverunt
2401 5476 2466 5529 ad
2511 5473 2795 5527 Dominum
2830 5487 2952 5525 cum
2998 5470 3329 5525 tribularen-

1759 5576 1870 5631 tur,
1889 5576 1943 5623 et
1968 5566 2036 5623 de
2061 5567 2481 5623 necessitatibus
2507 5581 2695 5621 eorum
2727 5564 2974 5619 liberavit
3001 5579 3094 5619 eos
3130 5583 3142 5618 :
3178 5563 3329 5617 misi-

1759 5661 1984 5716 verbum
2016 5676 2172 5716 suum
2200 5668 2253 5715 et
2285 5659 2498 5715 sanavit
2542 5674 2659 5723 eos,
2688 5664 2741 5711 et
2776 5656 2977 5728 eripuit
3008 5672 3104 5714 eos
3138 5657 3204 5712 de
3235 5656 3327 5711 in-

178 5820 211 5850 "
248 5821 381 5878 Psal.
423 5838 545 5888 xcv,
584 5821 664 5886 12,
706 5822 786 5875 l5.
863 5820 907 5851 ’⁸
942 5818 1083 5891 Psal.
1123 5832 1288 5881 xcv",
1326 5818 1454 5882 1,2.
1530 5817 1575 5848 “
1605 5814 1737 5872 ibid.
1775 5816 1828 5872 5.
1908 5818 1952 5849 ’°
1984 5816 2113 5871 ibid.
2156 5817 2209 5881 8,
2244 5816 2296 5871 9.
2376 5818 2416 5849 ³¹
2458 5819 2614 5872 Rom.
2648 5831 2731 5878 ιιι,
2766 5816 2855 5872 50.
