3894 6542
522 363 626 416 4‘25

1157 356 1423 416 EUSEBII
1453 352 1929 412 CAESARlENSiS
1967 353 2118 410 OPP.
2163 352 2341 408 PARS
2379 351 2442 408 ll.
2483 385 2552 396 --
2580 353 3077 413 APOLOGETICA.

3675 361 3783 417 λιιι

520 480 871 535 teritionihiis
927 489 1113 532 eorum
1132 477 1196 530 ³⁸.
1237 495 1254 528 ι
1296 475 1360 530 Et
1413 483 1536 546 post
1584 476 1689 529 alia
1723 493 1735 529 :
1772 494 1791 526 ι
1844 473 2069 530 Exalten

2191 471 2406 534 αὐτοὺς,
2453 473 2546 525 καὶ
2590 471 2858 544 ἐρρύσατο
2887 474 3084 537 αὐτοὺς
3113 473 3177 527 ἐκ
3209 475 3316 529 τῶν
3337 475 3644 546 διαφθορῶν
3680 480 3780 529 αὖ-

523 589 648 628 eum
680 592 692 626 :
718 571 798 644 [in
823 570 1064 627 Ecclesia
1093 567 1296 638 populi,
1333 575 1387 621 et
1430 568 1487 620 in
1517 565 1792 621 cathedris
1817 566 2095 620 seniorum

523 662 747 717 laudent
777 659 1140 728 eum,lpusuit
1161 657 1384 710 ﬂumina
1416 657 1470 710 in
1502 657 1803 722 desertum,
1835 665 1889 711 et
1915 656 2096 712 exitus

523 766 788 822 aquarum
842 750 900 802 in
939 750 1105 810 sitim,
1148 755 1350 800 terram
1387 745 1725 800 fructiferam
1772 747 1827 800 in
1855 746 2096 817 salsugi-

522 861 671 909 nem,
707 860 737 896 a
771 841 973 896 malitia
1007 840 1424 894 inhabitantium
1456 842 1510 895 in
1544 855 1607 895 ea
1639 858 1652 894 :
1691 840 1873 909 posuit
1908 839 2096 894 deser-

517 942 632 988 tum
695 935 750 987 in
795 940 986 1001 stagna
1021 947 1308 1003 aquarum,
1347 941 1401 986 et
1446 940 1650 985 terram
1695 930 1814 986 sine
1855 944 1995 999 aqua
2039 929 2094 984 in

515 1025 694 1080 exitus
750 1038 1038 1094 aquarum,
1084 1031 1137 1077 et
1170 1023 1459 1077 collocavit
1511 1023 1622 1076 illic
1671 1023 1997 1088 esurientes,
2039 1027 2095 1076 et

514 1115 917 1170 constituerunt
959 1115 1234 1169 civitatem
1268 1115 1619 1170 habitationis
1636 1116 1701 1170 ³⁸.
1731 1135 1748 1167 ι
1780 1114 1948 1171 Plane
1979 1115 2094 1171 haec

513 1222 731 1278 quoque
779 1206 1101 1260 nominatim
1151 1206 1244 1262 Dei
1280 1206 1442 1262 Verbi
1473 1207 1541 1263 de
1583 1209 1725 1262 c0310
1763 1207 2090 1263 descensum

512 1299 862 1364 annuntiant,
912 1315 1317 1370 prosperusque
1367 1300 1612 1369 ejusdem
1656 1301 1924 1356 adventus
1964 1316 2091 1356 suc-

510 1408 701 1448 cessus
739 1410 751 1447 :
795 1410 815 1443 ι
854 1391 1020 1456 Misit,
1071 1393 1267 1462 inquit,
1300 1391 1536 1448 Verbum
1574 1410 1756 1458 suum,
1781 1401 1836 1447 et
1876 1395 2091 1449 sanavit

508 1499 625 1538 eos.
669 1503 687 1536 ι
729 1482 963 1538 Verbum
1011 1493 1191 1539 autem
1223 1483 1318 1539 Dei
1355 1500 1455 1540 nos
1493 1487 1653 1556 plane
1685 1486 1789 1541 hoc
1827 1485 2086 1550 dicimus,

508 1573 655 1644 quod
701 1575 894 1630 salutis
925 1591 1090 1630 causa
1128 1576 1193 1630 ad
1215 1592 1402 1633 omnes
1435 1577 1683 1633 homines
1707 1593 1737 1631 a
1763 1577 1924 1634 Patre
1951 1579 2088 1634 mis-

509 1683 630 1725 sum
664 1677 747 1725 est
779 1687 792 1724 :
825 1670 1076 1740 quodque
1116 1686 1181 1725 ex
1225 1671 1398 1726 sacris
1455 1669 1760 1743 Evangeliis
1811 1675 2088 1730 celebrare

509 1767 568 1814 ut
620 1759 810 1824 Deum,
841 1762 1018 1816 edocti
1070 1778 1283 1817 sumus.
1313 1761 1474 1835 265
1515 1761 1796 1834 Signiﬁcat
1826 1779 2084 1835 praeterea

2198 560 2326 614 τῶν.
2359 579 2378 611 ι
2416 561 2526 614 Καὶ
2551 562 2666 632 μεθ’
2699 561 2862 634 ἐτερα
2880 579 2892 592 ·
2932 580 2950 613 ι
2973 562 3379 633 ’Υψωσὰτωσαν
3402 565 3564 618 αὐτόν
3583 581 3600 596 ο
3629 565 3784 619 ἔθετο

2197 655 2475 724 ποταμοὺς
2497 656 2579 717 είς
2605 653 2830 726 ἔρημον,
2860 656 2954 708 καὶ
2979 656 3242 721 διεξόδους
3270 657 3477 710 ὑδάτων
3499 661 3578 722 εἰς
3601 658 3779 727 didm,

2195 744 2300 816 γῆν
2349 745 2694 818 καρποφόρον
2739 749 2818 810 εἰς
2864 748 3040 820 ἅλμην
3083 749 3190 802 ἀπὸ
3224 749 3424 813 κακίας
3449 750 3558 804 τῶν
3588 769 3781 804 κατοι-

2197 836 2431 889 κούντων
2477 838 2534 889 ἐν
2575 837 2935 909 αὐτῇ.Ἐθετο
2964 839 3063 911 τὴν
3088 840 3292 912 ἔρημον
3317 843 3396 905 εἰς
3417 841 3619 913 λίμνας
3650 845 3781 896 06i-

2194 946 2321 991 των,
2348 930 2440 982 καὶ
2471 930 2573 1001 γῆν
2601 929 2826 1002 ἄνυδρον
2852 933 2931 995 εἰς
2961 930 3225 998 διεξόδους
3254 933 3459 986 ὑδάτων
3479 951 3493 963 ·
3527 935 3624 987 καὶ
3652 950 3781 988 κατ-

2193 1017 2390 1089 ῴκισεν
2418 1022 2532 1072 ἐκεῖ
2558 1020 2872 1084 πεινῶντας,
2890 1022 2984 1074 καὶ
3011 1029 3405 1094 συνεστήσαντο
3430 1023 3615 1086 πόλεις
3646 1042 3778 1076 sca-:-

2193 1113 2455 1176 οικεσίας.
2490 1133 2506 1165 ο
2559 1115 2668 1167 Καὶ
2709 1114 2881 1168 ταῦτα
2957 1114 3142 1183 σαφῶς
3188 1115 3446 1186 ὀνομαστί
3489 1115 3590 1186 τὴν
3641 1115 3778 1168 Θεοῦ

2192 1205 2365 1274 Λόγου
2390 1205 2448 1271 ἐξ
2476 1206 2721 1278 οὐρανῶν
2765 1206 2988 1260 κάθοδον
3025 1206 3448 1276 εὐαγγελίζεται,
3477 1209 3548 1261 τά
3580 1225 3646 1260 τε
3683 1210 3779 1278 τῆς

2194 1297 2496 1368 παρουσίας
2547 1298 2712 1352 αὐτοῦ
2747 1298 3163 1370 κατορθώματα.
3202 1318 3219 1350 ι
3265 1300 3576 1352 Ἀπέστειλε
3622 1299 3776 1367 γοῦν,

2192 1391 2348 1458 φησὶ,
2392 1390 2484 1444 τὸν
2511 1389 2682 1461 Λόγον
2713 1391 2902 1455 αὐτοῦ,
2940 1392 3034 1445 καὶ
3089 1390 3274 1445 ἰάσατο
3299 1391 3514 1454 αὐτούς.
3545 1411 3564 1442 ι
3599 1392 3776 1460 Λόγον

2189 1484 2246 1536 δὲ
2277 1483 2410 1537 θεοῦ
2438 1487 2600 1556 ἡμεῖς
2631 1485 2816 1554 σαφῶς
2841 1483 3028 1536 τοῦτόν
3059 1501 3240 1554 φαμεν
3270 1484 3358 1537 τὸν
3390 1483 3528 1555 πρὸς
3549 1484 3651 1536 τοῦ
3675 1485 3779 1536 Πα-

2188 1576 2316 1647 τρὸς
2351 1577 2722 1630 ἀποσταλέντα
2757 1579 2920 1630 πᾶσιν
2949 1574 3257 1646 ἀνθρώποις
3287 1575 3514 1648 Σωτῆρα
3534 1594 3548 1607 °
3581 1576 3650 1630 ὃν
3686 1576 3777 1629 καὶ

2187 1667 2275 1721 διὰ
2306 1667 2414 1720 τῶν
2441 1668 2599 1740 ἱερῶν
2634 1669 2982 1738 Εὐαγγελίων
3031 1668 3298 1737 θεολογεῖν
3332 1669 3772 1741 πεπαιδεύμεθα.

2187 1759 2491 1812 Αἰνίττεται
2520 1759 2574 1812 δὲ
2620 1761 2712 1813 καὶ
2743 1760 2840 1831 τὴν
2887 1761 3048 1832 μέχρι
3078 1760 3307 1815 Θανάτου
3344 1761 3569 1816 κάθοδον
3601 1762 3773 1816 αὐτοῦ

508 1851 657 1908 illius
705 1868 876 1922 usque
910 1852 978 1906 ad
1029 1861 1259 1908 mortem
1311 1856 1658 1921 descensum,
1703 1872 1814 1928 quo
1867 1868 2073 1928 propter

2183 1848 2270 1902 διὰ
2311 1850 2438 1914 τούς
2511 1849 2815 1919 ἐφθακότας
2876 1852 2955 1913 εἰς
3002 1849 3188 1903 τοῦτον
3230 1852 3634 1924 γεγενημένην·
3683 1851 3773 1903 καὶ

506 1959 622 2008 eos,
657 1948 749 2017 qui
785 1947 851 2000 ad
904 1945 1042 2000 hanc
1073 1955 1199 2001 ante
1243 1948 1422 2020 ipsum
1461 1959 1746 2014 venerant,
1783 1967 1915 2006 usus
1951 1961 2034 2007 est
2067 1971 2080 2006 :

505 2038 668 2092 etiam
707 2038 971 2093 adventus
1005 2039 1178 2109 ipsius
1213 2055 1435 2096 causam
1468 2043 1648 2106 docet,
1681 2044 1870 2114 utique
1904 2053 1962 2098 ut
1988 2060 2084 2100 cos

505 2127 783 2192 liberaret,
808 2129 900 2199 qui
953 2145 1047 2198 per
1095 2130 1272 2200 ipsum
1321 2132 1574 2187 servandi
1612 2143 1788 2188 erant.
1825 2134 1958 2189 Nam
1988 2151 2082 2192 eos

503 2221 597 2290 qui
648 2228 776 2275 ante
822 2221 1021 2291 ipsum,
1059 2237 1236 2293 usque
1275 2223 1343 2277 ad
1379 2231 1567 2293 portas
1602 2225 1793 2281 mortis
1823 2242 2083 2297 pervene-

503 2320 648 2376 rant,
697 2313 812 2383 ipse
863 2313 1014 2369 solus
1062 2315 1321 2377 servavit,
1374 2323 1538 2386 atque
1586 2316 1808 2373 eosdem
1857 2320 2080 2376 sanitati

500 2404 818 2467 restituens,
844 2404 912 2461 de
964 2406 1372 2462 interitionibus
1427 2408 1674 2478 ipsorum
1729 2410 1948 2479 eripuit,
1985 2427 2080 2468 ne-

499 2511 607 2567 que
656 2497 757 2552 hoc
803 2497 963 2552 aliter
1013 2498 1259 2568 perfecit,
1295 2515 1458 2570 quam
1511 2515 1606 2556 eas
1661 2503 1855 2556 mortis
1892 2512 2081 2574 portas

501 2598 812 2656 conterens,
854 2605 974 2661 quae
1026 2607 1182 2646 :ereae
1210 2591 1490 2657 dicuntur,
1527 2601 1582 2647 et
1609 2602 1795 2650 vectes
1833 2595 2082 2650 confrin-

499 2698 656 2755 gens,
711 2684 804 2754 qui
849 2683 1008 2739 ferrei
1041 2703 1053 2738 :
1081 2699 1144 2738 ac
1177 2685 1435 2755 deinceps
1483 2694 1604 2754 post
1648 2687 1759 2742 haec
1799 2696 1948 2743 certo
1988 2704 2080 2743 or-

499 2777 628 2832 dine
674 2776 902 2840 divinat,
941 2791 1035 2830 eos
1078 2792 1202 2831 esse
1235 2778 1290 2830 in
1331 2777 1680 2833 solitudinem
1729 2781 2074 2851 redigendos,

501 2863 595 2934 qui
642 2863 819 2934 ipsum
870 2866 1176 2920 venientem
1224 2881 1332 2920 non
1400 2870 1760 2939 susceperint.
1813 2890 1832 2923 ι
1887 2873 2078 2929 Posuit

498 2957 668 3019 enim,
699 2957 895 3027 inquit,
921 2956 1142 3014 ﬂumina
1172 2959 1226 3014 in
1255 2959 1553 3024 desertum,
1585 2969 1639 3016 et
1688 2963 1867 3018 exitus
1909 2979 2078 3036 aqua-

500 3064 622 3104 rum
670 3051 723 3103 in
775 3051 944 3114 sitim,
977 3057 1181 3106 terrain
1219 3052 1558 3109 fructiferam
1595 3057 1652 3110 in
1680 3056 2010 3128 salsuginem
2043 3073 2075 3114 ε

499 3141 704 3195 malitia
764 3140 1182 3196 inhabitantium
1232 3144 1286 3197 in
1333 3159 1417 3200 ea.
1455 3165 1474 3197 ι
1508 3144 1641 3212 Quae
1665 3149 1886 3218 quidem
1915 3149 2074 3219 plane

498 3232 713 3302 COgnita
745 3233 992 3297 habebis,
1012 3235 1058 3289 si
1083 3237 1420 3305 percurreris
1448 3239 1597 3294 illam
1625 3238 1867 3296 Iudaica:
1895 3243 2074 3312 gentis

497 3324 798 3394 antiquitus
829 3325 1158 3380 celebratam
1187 3325 1489 3384 Jerusalem
1509 3373 1524 3397 ,
1553 3330 1784 3402 ejusque
1818 3333 2070 3402 gloriam,

496 3427 562 3466 ac
595 3413 794 3468 divinae
847 3413 1020 3486 frugis
1081 3429 1427 3486 proventum.
1459 3436 1649 3475 eorum
1702 3422 1891 3493 utique
1943 3439 2072 3480 san-

494 3511 707 3558 ctorum
767 3505 1050 3562 hominum
1106 3508 1308 3579 Deique
1367 3513 1705 3578 amicorum,
1749 3516 1843 3585 qui
1903 3516 1958 3570 in
2006 3533 2070 3572 ea

492 3594 749 3658 vixerint,
796 3613 960 3668 quam
1012 3600 1201 3672 utique
1252 3604 1308 3657 in
1361 3606 1615 3674 praesenti
1671 3608 1928 3664 omnibus
1988 3610 2072 3667 bis

493 3687 657 3741 rebus
709 3689 974 3757 privatam
1024 3693 1419 3766 spoliatamque
1461 3697 1725 3754 invenies.
1778 3699 1913 3754 Nam
1945 3711 2069 3771 post

494 3778 698 3836 Christi
728 3781 1200 3847 adventum,facta
1228 3795 1312 3844 est
1341 3805 1466 3844 vere
1496 3789 1838 3847 infructuosa
1869 3802 1924 3848 et
1951 3798 2070 3850 sine

497 3884 658 3941 aqua,
692 3879 746 3926 et
773 3874 996 3929 omnino
1019 3875 1257 3942 deserta,
1291 3886 1366 3944 et,
1404 3888 1463 3935 ut
1507 3882 1582 3936 ait
1624 3883 1906 3954 prophetia
1950 3903 1969 3936 ι
2012 3886 2066 3938 in

496 3961 826 4032 salsuginem
873 3979 904 4019 a
955 3967 1162 4022 malitia
1212 3969 1628 4026 inhabitantium
1669 3973 1724 4027 in
1770 3988 1853 4028 ea.
1893 3993 1913 4026 ι
1967 3973 2065 4030 His

495 4053 734 4108 adnectit
756 4054 1033 4128 deinceps,
1069 4066 1231 4130 atque
1264 4061 1552 4116 admodum
1594 4073 1745 4119 certo
1771 4064 1964 4122 ordine
2010 4076 2064 4123 et

493 4147 811 4218 prophetico
835 4164 985 4205 more
1011 4153 1285 4222 proponit,
1311 4154 1431 4224 ejus
1455 4171 1576 4225 quae
1607 4157 1735 4210 olim
1764 4158 1982 4214 deserta
2008 4169 2063 4215 et

490 4239 771 4296 siticulosa
823 4254 961 4309 erat,
1009 4245 1123 4300 sive
1165 4247 1307 4301 hanc
1355 4247 1790 4322 uniuscujusque
1823 4251 2060 4308 hominis

489 4333 749 4398 animam,
815 4333 930 4390 sive
981 4337 1050 4392 de
1103 4337 1356 4408 gentibus
1407 4340 1692 4396 collectam
1755 4341 2058 4400 Ecclesiam

486 4423 714 4491 dixeris,
759 4426 900 4496 ejus,
947 4427 1191 4499 inquam,
1240 4433 1723 4488 commutationem
1753 4433 1807 4488 in
1837 4447 2057 4494 sanctos

484 4530 686 4580 mores,
727 4534 936 4574 necnon
983 4520 1036 4574 in
1076 4521 1278 4578 divinis
1311 4526 1652 4581 sermonibus
1703 4539 2050 4596 proventum,

2185 1943 2283 2012 τήν
2316 1957 2378 2010 γε
2428 1942 2606 1994 αἰτίαν
2647 1942 2749 2012 τῆς
2791 1941 3030 2011 ἀφίξεως
3082 1943 3244 1995 αὐτοῦ
3296 1943 3592 2014 παρίστησι
3621 1982 3639 2006 ,
3679 1945 3773 2013 τὴν

2185 2031 2561 2106 ἀπολύτρωσιν
2593 2035 2868 2105 ἐμφαίνων
2895 2035 3002 2089 τῶν
3028 2036 3093 2088 δι’
3118 2035 3282 2089 αὐτοῦ
3347 2035 3768 2107 σωθησομένων.

2185 2127 2324 2190 Τοὺς
2368 2126 2476 2198 γὰρ
2520 2125 2823 2196 ἐφθακότας
2865 2127 2969 2191 ἕως
3011 2127 3121 2181 τῶν
3172 2127 3356 2181 πυλῶν
3388 2127 3482 2181 τοῦ
3533 2128 3769 2182 θανάτου

2184 2219 2353 2272 ἔσωσε
2383 2219 2539 2291 μόνος
2569 2218 2783 2284 αὐτούς.
2819 2219 3053 2284 Τούτους
3083 2220 3139 2273 δὲ
3171 2221 3263 2274 καὶ
3302 2220 3574 2292 ἐρρύσατο
3608 2223 3770 2275 ἰασά-

2187 2329 2346 2383 μενος
2375 2313 2438 2364 ἐκ
2471 2311 2580 2365 τῶν
2621 2310 2928 2382 διαφθορῶν
2968 2312 3174 2366 αὐτῶν·
3208 2313 3300 2365 καὶ
3343 2311 3682 2384 διεπράξατό
3710 2329 3766 2380 γε

2180 2403 2355 2458 ταῦτα
2379 2405 2478 2458 οὐκ
2499 2404 2670 2468 ἄλλως
2702 2404 2734 2476 ἢ
2760 2404 2853 2458 τοῦ
2882 2403 3110 2459 θανάτου
3141 2405 3241 2470 τὰς
3264 2405 3565 2477 λεγομένας
3591 2406 3769 2468 πύλας

2181 2498 2386 2568 χαλκᾶς
2432 2499 2744 2571 συντρίψας,
2776 2501 2870 2554 καί⁵
2903 2503 3030 2565 τοὺς
3069 2500 3316 2573 σιδηροῦς
3357 2501 3589 2572 μοχλοὺς
3635 2519 3766 2568 σογ-

2181 2591 2406 2657 κλάσας.
2437 2594 2547 2647 Καὶ
2587 2593 2650 2664 δὴ
2688 2593 2825 2665 μετά
2869 2594 3040 2649 ταῦτα
3081 2594 3387 2658 ἀκολούθως
3425 2595 3766 2666 προφητεύει

2179 2684 2276 2756 τὴν
2303 2687 2383 2749 εἰς
2413 2686 2618 2759 ἔρημον
2664 2688 2995 2743 κατάστασιν
3030 2689 3140 2742 τῶν
3189 2692 3263 2761 μὴ
3312 2691 3534 2744 ἐλθόντα
3581 2708 3766 2764 παραυ

2178 2775 2486 2849 δεξαμένων
2523 2779 2705 2832 αὐτόν’
2737 2800 2755 2831 ι
2800 2780 2992 2834 Ἔθετο
3020 2783 3147 2852 γὰρ,
3180 2783 3334 2851 φησι,
3371 2786 3659 2854 ποταμοὺς
3687 2785 3765 2846 εἰς

2179 2867 2402 2940 ἔρημον,
2436 2871 2530 2924 καὶ
2549 2871 2811 2938 διεξόδους
2844 2873 3050 2927 ὑδάτων
3081 2876 3161 2936 εἰς
3205 2875 3384 2944 δίψος,
3411 2876 3513 2946 γῆν
3546 2895 3762 2950 καρπο-

2179 2961 2341 3033 φόρον
2362 2964 2442 3023 εἰς
2459 2963 2634 3034 ἅλμην
2657 2965 2763 3017 ἀπὸ
2781 2966 2980 3028 κακίας
3005 2965 3112 3019 τῶν
3139 2965 3536 3021 κατοικούντων
3575 2971 3638 3021 ἐν
3671 2971 3763 3024 αύ-

2177 3056 2264 3126 τῇ.
2291 3074 2308 3105 ι
2345 3056 2411 3107 Ἀ
2427 3053 2520 3108 καὶ
2543 3057 2755 3125 νοήσεις
2787 3057 3114 3130 ἀναδραμὼν
3143 3057 3238 3112 τοῦ
3274 3059 3540 3114 Ἰουδαίων
3569 3062 3761 3129 ἔθνους

2179 3146 2270 3200 ἐπὶ
2301 3147 2400 3218 τὴν
2423 3147 2589 3201 πάλαι
2623 3148 2901 3220 βοωμένην
2931 3151 3302 3222 Ἰερουσαλὴμ,
3328 3152 3423 3206 καὶ
3463 3152 3564 3221 τὴν
3595 3155 3760 3220 δόξαι

2178 3239 2366 3310 αὐτῆς,
2394 3241 2489 3293 καὶ
2515 3240 2612 3312 τὴν
2633 3239 2801 3294 ἐθνῶν
2819 3243 3215 3314 καρποφορίαν,
3237 3244 3344 3297 τῶν
3362 3247 3418 3298 ἐν
3439 3246 3578 3316 αὐτῇ
3597 3248 3757 3300 πολι-

2173 3331 2479 3403 τευομένων
2537 3334 2708 3402 ἁγίων
2767 3336 2861 3389 καὶ
2911 3335 3174 3406 θεοφιλῶν
3233 3338 3441 3410 ἀνδρῶν
3493 3341 3588 3394 ἐπὶ
3660 3342 3756 3395 τοῦ

2175 3424 2440 3497 παρόντος
2474 3426 2868 3500 ύστερημένην.
2903 3429 3057 3483 Μετὰ
3101 3429 3210 3502 γὰρ
3253 3430 3354 3502 τὴν
3382 3431 3476 3485 τοῦ
3507 3435 3755 3505 Χριστοῦ

2173 3519 2472 3592 παρουσίαν
2509 3520 2729 3590 γέγονεν
2769 3520 2984 3593 ἀληθῶς
3024 3521 3300 3595 ἄκαρπος,
3355 3524 3448 3577 καὶ
3497 3523 3752 3595 ἄνυδρος,

2173 3611 2268 3663 καὶ
2282 3609 2559 3671 παντελῶς
2575 3610 2801 3682 ἔρημος,
2819 3614 2935 3676 καὶ,
2957 3612 3032 3676 ὣς
3045 3630 3206 3684 φησιν
3223 3616 3254 3684 ή
3275 3616 3601 3686 προφητεία,
3620 3635 3644 3668 ‹
3673 3621 3752 3681 είς

2171 3700 2348 3773 ἅλμην
2371 3702 2478 3756 ἀπὸ
2498 3705 2694 3768 κακίας
2728 3705 2835 3759 τῶν
2869 3705 3262 3760 κατοικούντων
3278 3707 3338 3761 ἐν
3364 3710 3521 3778 αὐτῇ.
3564 3730 3581 3760 ι
3605 3708 3751 3764 Τού-

2168 3810 2284 3858 τοις
2311 3794 2665 3848 ἐπισυνάπτει
2701 3795 2904 3868 σφόδρα
2925 3797 3232 3863 ἀκολούθως
3262 3800 3586 3871 προφητικῷ
3618 3805 3751 3873 τρό-

2170 3903 2255 3957 πῳ
2277 3887 2644 3957 αἰνιττόμενος
2667 3891 2766 3959 τῆς
2807 3889 2973 3942 πάλαι
3005 3891 3212 3962 ἐρήμου
3245 3892 3338 3945 καὶ
3362 3892 3596 3963 διψάδος,
3621 3896 3747 3966 ἤτοι

2167 3977 2348 4048 πάσης
2381 3977 2666 4048 ἀνθρώπου
2688 3979 2886 4051 ψυχῆς,
2922 3981 2955 4052 ἢ
2995 3985 3093 4053 τῆς
3119 3983 3180 4047 ἐξ
3207 3983 3375 4038 ἐθνῶν
3412 3985 3745 4057 Ἐκκλησίας

2163 4069 2262 4141 τὴν
2291 4071 2369 4133 εις
2398 4071 2679 4125 εὐσέϐειαν
2709 4073 3027 4145 μεταϐολὴν,
3053 4077 3150 4148 τήν
3177 4093 3237 4129 τε
3259 4078 3316 4130 ἐν
3352 4077 3515 4142 θείοις
3557 4079 3743 4150 λόγοις

2163 4166 2571 4237 καρποφορίαν·
2619 4167 2654 4222 ἃ
2697 4168 2792 4222 καὶ
2839 4169 3117 4242 προδήλως
3148 4170 3463 4235 αἰνίττεται,
3517 4172 3698 4242 λέγων
3722 4191 3736 4206 ·

2168 4275 2186 4309 ι
2217 4256 2407 4311 Ἐθετο
2447 4258 2652 4331 ἔρημον
2692 4262 2772 4324 εἰς
2811 4260 3005 4332 λίμνας
3041 4262 3268 4321 ὑδάτων,
3291 4283 3309 4314 ι
3339 4263 3434 4316 καὶ
3469 4262 3538 4318 τά
3570 4265 3735 4336 ἐξῆςο

2161 4347 2302 4420 άπερ
2333 4352 2521 4421 νοῆσαι
2552 4351 2713 4421 μόνου
2754 4351 2847 4406 τού
2881 4353 3033 4424 παρά
3059 4353 3176 4425 Θεῷ
3202 4354 3398 4423 γένοιτ’
3432 4354 3498 4409 ἂν
3533 4357 3734 4426 σοφοῦ,

2159 4442 2300 4495 κατά
2333 4443 2432 4514 τὴν
2455 4443 2546 4496 ἐπὶ
2580 4443 2722 4496 τέλει
2751 4442 2845 4498 τοῦ
2878 4444 3093 4516 ψαλμοῦ
3135 4448 3381 4518 φήσασαν
3413 4451 3730 4522 ἐπαγωγὴν·

2165 4552 2182 4584 ι
2213 4533 2309 4598 Τίς
2340 4537 2519 4605 σοφὸς,
2542 4537 2636 4590 καὶ
2668 4537 2888 4608 φυλάξει
2913 4537 3111 4604 ταῦτα;
3144 4559 3161 4588 ι
3183 4542 3276 4595 καὶ
3310 4541 3379 4595 τά
3405 4541 3551 4614 ἑξῆς.

483 4623 603 4677 qua:
653 4610 818 4664 etiam
866 4611 1079 4680 planius
1111 4613 1312 4678 innuit,
1364 4614 1550 4672 dicens
1592 4635 1605 4672 :
1646 4636 1664 4668 ι
1700 4617 1888 4673 Posuit
1922 4621 2197 4678 desertum
2233 4625 2286 4678 in
2343 4634 2534 4697 stagna
2593 4642 2883 4698 aquarum,
2916 4647 2935 4680 ι
2980 4638 3111 4692 etc.,
3147 4646 3268 4698 qua:
3299 4610 3497 4702 utique
3528 4635 3732 4689 intelli-

482 4701 661 4771 gentia
718 4703 978 4772 consequi
1028 4705 1148 4774 ejus
1197 4706 1358 4761 unius
1389 4722 1510 4762 esse
1549 4717 1743 4778 potest,
1785 4713 1876 4780 qui
1919 4714 2060 4782 apud
2114 4713 2279 4769 Deum
2322 4718 2394 4771 sit
2449 4720 2688 4789 sapiens,
2727 4721 2866 4776 sicut
2903 4736 2966 4776 ea
2996 4721 3239 4776 inductio
3283 4701 3467 4790 habet,
3519 4743 3638 4797 quae
3672 4728 3729 4784 in

483 4795 587 4849 line
636 4794 829 4865 psalmi
877 4796 951 4848 ait
1008 4816 1020 4850 :

1055 4906 1285 4962 CAPUT
1327 4907 1461 4967 Vlll.

475 4998 518 5052 Α
589 5000 792 5066 psalmo
847 5012 972 5053 cxvr
1035 5009 1084 5052 et
1141 5015 1310 5054 cxvii.
1365 5033 1436 5042 —
1517 5000 1760 5058 Gentium
1823 5005 2047 5069 vacatio,

550 5071 787 5145 Densqne
841 5069 1117 5145 manifeste
1177 5087 1457 5145 apparens,
1511 5082 1560 5129 et
1613 5074 1913 5129 benedictus
1960 5078 2050 5145 qui

545 5143 677 5196 venit
716 5143 769 5194 in
805 5142 1012 5194 nomine
1043 5140 1276 5197 Domini.

549 5273 567 5306 ι
599 5254 842 5310 Laudate
898 5253 1211 5322 Dominum,
1243 5273 1433 5315 omnes
1471 5267 1681 5331 gentes,
1731 5268 1786 5316 et
1841 5262 2048 5316 collau-

471 5345 596 5402 date
620 5363 766 5412 eum,
789 5363 980 5404 omnes
1011 5349 1220 5421 populi,
1249 5352 1506 5420 quoniam
1529 5353 1694 5424 266
1723 5354 2043 5409 conﬁrmata

470 5445 554 5492 est
604 5454 770 5508 super
821 5456 922 5495 nos
972 5443 1348 5498 misericordia
1371 5444 1572 5514 ejus",
1610 5463 1629 5496 ι
1687 5456 1740 5500 et
1789 5455 1984 5502 ca:tera
2025 5465 2038 5501 :

476 5545 497 5580 ι
531 5527 577 5584 0
632 5528 878 5595 Domine,
929 5536 1139 5588 salvum
1192 5535 1277 5590 fac
1326 5536 1433 5604 iam
1478 5553 1646 5604 nunc,
1687 5555 1721 5592 ο
1788 5537 2036 5602 Domine,

471 5621 540 5676 da
591 5621 890 5691 profectum
928 5625 1039 5694 jam
1084 5643 1251 5682 nunc.
1293 5627 1622 5685 Benedictus
1653 5630 1743 5700 qui
1788 5631 1935 5685 venit
1982 5633 2036 5686 in

1082 4815 1100 4846 ι
1166 4796 1299 4862 Quis
1350 4799 1587 4867 sapiens,
1631 4806 1686 4854 et
1746 4802 2018 4858 custodiet
2049 4804 2266 4860 hac“?
2300 4827 2318 4858 ι
2352 4818 2458 4863 etc.

2682 4919 3074 4973 ΚΕΦΑΛΑΙΟΝ
3115 4922 3195 4974 ﬂ'.

2168 5005 2574 5086 Ἀπὸψαλμοῇ
2593 5009 2707 5077 ρις⁹
2731 5011 2828 5086 καὶ
2843 5012 2972 5086 ριζτ.
2991 5043 3058 5052 —-
3077 5011 3293 5086 Ἐθνῶν
3313 5013 3554 5086 κλῆσις,
3583 5020 3729 5086 Θεός

2223 5093 2288 5156 τε
2306 5077 2640 5156 (impar-nc,
2680 5082 2778 5134 καὶ
2817 5077 3223 5154 εὐλογημένος
3245 5088 3277 5139 ό
3303 5077 3628 5156 ἐρχόμέκος
3658 5077 3725 5143 ἐιῖ

2225 5149 2465 5218 ὀνόματι
2492 5152 2734 5220 Κυρίου.

2225 5282 2244 5314 ι
2275 5264 2480 5317 Αἰνεῖτε
2510 5265 2602 5318 τὸν
2642 5265 2865 5336 Κύριον,
2898 5267 3074 5322 πάντα
3105 5269 3174 5323 τά
3205 5271 3352 5341 ἔθνη,
3384 5273 3479 5327 καὶ
3513 5276 3724 5328 ἐπαινε-

2151 5353 2398 5408 σάτωσαν
2434 5357 2595 5409 αὐτὸν
2635 5357 2833 5422 πάντες
2865 5361 2913 5411 οἰ
2957 5359 3100 5413 λαοί·
3144 5363 3227 5416 ὃτι
3260 5365 3605 5437 ἐκραταιώθη
3640 5369 3718 5438 ἐνθ’

2146 5448 2294 5516 ἡμᾶς
2311 5447 2371 5499 τὸ
2396 5447 2541 5510 ἐλεος
2567 5449 2786 5512 αὐτού,›
2814 5453 2908 5504 καὶ
2932 5452 2999 5505 τά
3024 5453 3149 5524 ἐξῆς
3174 5474 3186 5509 :
3207 5451 3306 5508 «Ὦ
3327 5456 3523 5528 Κύριε,
3552 5461 3721 5512 σῶσον

2144 5535 2227 5606 δὴ,
2255 5530 2300 5588 ὧ
2334 5535 2527 5608 Κύριε,
2563 5537 2824 5594 εὐόδωσον
2846 5541 2930 5614 δή.
2965 5543 3338 5614 Εὐλογημένος
3366 5546 3394 5597 ὁ
3427 5547 3718 5618 ἐρχόμενος

2144 5633 2202 5685 ἐν
2246 5632 2470 5701 ὀνόματι
2533 5634 2758 5704 Κυρίου.
2815 5636 2947 5700 θεὸς
2993 5636 3216 5708 Κύριος,
3286 5640 3379 5693 καὶ
3449 5639 3719 5712 ἐπέφανεν

538 5779 582 5812 ³⁸
611 5777 754 5835 Psal.
775 5795 884 5846 ενι,
924 5780 1105 5836 i530.
1179 5783 1223 5814 ⁸³
1254 5783 1386 5840 ibid.
1420 5783 1610 5839 32-37.
1687 5782 1730 5815 “
1763 5781 1894 5838 ibid.
1923 5783 2013 5840 45.

2179 5784 2308 5842 ΡΒἎΙ»
2338 5799 2483 5851 cxvr,
2507 5786 2628 5852 1,2.
