3894 6522
190 334 282 394 ‘35

1061 335 1715 395 DEMONSTRATIONIS
1754 336 2218 394 EVANGELICAE
2253 338 2384 395 ιιιΒ.
2428 338 2525 398 VI.

3297 346 3402 404 626

186 458 316 530 ἡμῖν.
336 475 355 507 ι
382 456 488 510 Καὶ
509 455 702 510 τούτου
732 456 1001 529 μέμνηται
1029 460 1061 530 ὴ
1098 460 1217 532 ἱερὰ
1252 460 1346 514 τοῦ
1384 461 1716 531 Εὐαγγελίου

1824 459 2046 516 nomine
2074 458 2315 516 Domini.
2345 459 2489 518 Deus
2520 459 2785 519 Dominus
2811 470 2865 519 et
2891 462 3072 520 illuxit
3098 465 3260 524 nobis
3278 467 3343 523 ³⁸.
3379 490 3399 523 ι

184 547 366 623 Γραφη,
389 548 576 612 τέλους
602 548 1226 623 τετυχηκότος,ὁπηνίκα
1243 553 1271 604 ὁ
1292 553 1482 625 Σωτὴρ
1498 554 1592 607 καὶ
1616 553 1729 606 Κύ-

185 656 283 715 ριος
306 638 453 711 ἡμῶν
478 638 645 703 αὐτὸς
671 640 702 691 6
731 640 963 711 Χριστὸς
989 643 1160 715 εἰσῄει
1190 646 1269 708 είς
1286 643 1354 696 τὰ
1368 642 1741 715 Ἱεροσόλυμα,·

183 730 296 786 πολύ
324 747 381 783 τε
414 730 619 802 πλῆθος
656 732 864 805 ἀνδρῶν
904 735 999 788 καὶ
1043 734 1246 788 παίδων
1288 739 1532 808 προῆγεν
1564 736 1730 790 αὐτὸν

187 826 285 897 μετ’
325 824 662 896 εὐφροσύνης
691 826 1031 881 ἐπιϐοώντων
1051 848 1063 859 ~
1100 846 1120 873 σ
1157 826 1386 883 Ὡσαννὰ
1416 828 1495 899 τῷ
1522 827 1623 899 υἱῷ
1652 827 1732 899 τῷ

183 911 354 976 Δαϐὶδ,
396 912 759 986 εὐλογημένος
780 917 808 969 6
838 917 1134 988 ἐρχόμενος
1162 918 1219 970 ἐν
1245 918 1466 990 ὀνόματι
1491 920 1727 991 Κυρίου,

192 1003 391 1058 Ὠςαννὰ
414 1005 474 1058 ὲν
501 1008 615 1071 τοῖς
649 1007 908 1077 ὑψίστοις.
937 1028 955 1059 ι
996 1009 1139 1061 Ἀντὶ
1168 1008 1276 1080 γὰρ
1301 1008 1417 1078 τοῦ,
1437 1031 1455 1063 ι
1479 1005 1733 1083 ὧΚύριε,

185 1097 330 1150 σῶσον
368 1096 451 1167 δὴ,
478 1118 498 1149 ι
526 1098 778 1169 κειμένου
823 1101 882 1152 ὲν
926 1099 1005 1170 τῷ
1027 1098 1246 1171 ψαλμῷ,
1287 1100 1349 1154 τὸ
1385 1119 1405 1152 ι
1444 1100 1671 1156 Ὡσαννὰ
1703 1122 1722 1155 ι

194 1184 598 1259 Ἑϐραῐκώτερον
630 1189 930 1257 φάσκοντες
968 1188 1239 1243 ἐπεϐόων·
1279 1192 1637 1263 ἑρμηνεύεται
1671 1193 1729 1247 δὲ

182 1278 332 1339 τοῦτο,
354 1277 561 1333 «Σῶσον
586 1279 668 1351 δή.
684 1299 703 1331 ι
724 1280 835 1333 Kal.
862 1281 943 1343 τὸ,
967 1279 1367 1353 «Εὐλογημένος
1390 1284 1418 1335 6
1439 1284 1727 1355 ἐρχόμενος

182 1371 232 1426 ὲν
248 1370 451 1442 ὀνόματι
466 1370 695 1443 Κυρίου,
722 1391 740 1423 ι
773 1372 1026 1442 διασαφεῖ
1043 1371 1104 1425 τὸ
1128 1372 1306 1443 λόγιον
1327 1374 1452 1446 ἑξῆς
1484 1375 1690 1444 φάσκον
1708 1394 1722 1407 ο

188 1481 206 1515 ι
223 1463 336 1525 Θεὸς
355 1460 577 1533 Κύριος,
608 1464 699 1515 xal.
721 1463 991 1535 ὲπέφηνεν
1014 1464 1166 1535 ἡμῖν.
1192 1483 1211 1517 ι
1233 1463 1447 1533 ,Οὐκοῦν
1473 1460 1553 1529 εἷς
1580 1466 1674 1520 καὶ
1697 1468 1726 1519 6

181 1555 317 1617 αὐτὸς
340 1550 403 1626 ἦν
427 1555 457 1606 6
489 1555 773 1623 ἐπιφανεὶς
817 1556 947 1626 ἡμῖν
981 1554 1113 1620 Θεὸς
1149 1555 1372 1627 Κύριος,
1398 1558 1427 1610 6
1452 1556 1545 1610 τοῦ
1591 1556 1724 1611 Θεοῦ

1838 551 2129 609 Enimvero
2149 553 2217 610 de
2235 553 2336 609 hac
2365 555 2480 625 ipsa
2498 571 2577 619 re,
2592 557 3046 626 quemadmodum
3069 574 3227 614 suum
3247 562 3407 617 linem

1838 644 2147 716 contigerit,
2180 646 2344 701 etiam
2385 662 2541 702 sacra
2568 647 2841 720 Evangelii
2860 647 3144 720 Scriptura
3174 656 3410 709 mentio-

1838 752 1961 792 nem
1986 735 2137 802 facit,
2152 752 2261 807 quo
2284 744 2527 810 tempore
2543 737 2791 795 Salvator
2819 756 2884 797 ac
2904 741 3165 803 Dominus
3197 755 3406 812 noster,

1836 828 1953 900 ipse
1977 828 2229 885 Christus
2261 828 2634 903 Hierosolyma
2669 833 2949 904 ingressus
2980 844 3083 903 est,
3117 846 3281 909 atque
3321 839 3408 894 in-

1834 933 1968 991 gens
2003 917 2293 972 multitudo
2322 918 2566 973 virorum
2595 926 2650 974 et
2679 936 2998 991 puerorum,
3028 924 3207 994 ipsum
3251 936 3409 984 ante-

1835 1010 2082 1075 cedebat,
2122 1024 2245 1064 cum
2300 1009 2480 1065 laetitia
2508 1006 2856 1068 clamantium
2892 1033 2908 1068 :
2948 1033 2966 1067 ι
3005 1015 3265 1073 Hosanna
3294 1019 3407 1074 ﬁlio

1835 1097 2027 1162 David,
2092 1098 2410 1154 benedictus
2454 1098 2549 1169 qui
2600 1101 2745 1155 venit
2790 1101 2845 1155 in
2888 1102 3108 1158 nomine
3166 1103 3403 1172 Domini,

1834 1192 2080 1248 hosanna
2118 1190 2172 1244 in
2202 1191 2436 1248 excelsis
2455 1192 2521 1244 ³⁷.
2554 1210 2573 1244 ι
2600 1190 2706 1246 Pro
2736 1207 2801 1248 eo
2829 1194 2973 1248 enim
3006 1196 3151 1265 quod
3171 1197 3225 1250 in
3257 1196 3406 1267 psal-

1833 1295 1923 1336 mo
1946 1282 2184 1352 positum
2207 1290 2292 1339 est
2317 1302 2331 1339 :
2362 1282 2437 1338 «Ο
2457 1283 2931 1350 Domine,.salvum
2957 1286 3042 1341 fac
3060 1288 3171 1357 jam
3191 1304 3357 1355 nunc,
3379 1308 3398 1342 ι

1834 1371 2000 1429 illud:
2024 1393 2042 1426 ι
2074 1373 2356 1439 Ilosanna,
2393 1394 2418 1427 θ
2453 1374 2722 1430 Hebraico
2749 1391 2903 1432 more
2921 1379 3317 1445 acclamabant,
3345 1379 3403 1434 id

1833 1473 2013 1522 autem
2061 1467 2115 1522 in
2153 1474 2342 1523 nostra
2390 1468 2600 1539 lingua,
2656 1466 2872 1522 Salvum
2921 1469 3009 1537 [ac
3056 1469 3204 1537 dum,
3248 1470 3403 1528 reddi

1833 1558 1992 1613 solet.
2017 1556 2156 1613 Illud
2191 1573 2318 1613 vero
2351 1576 2367 1613 :
2406 1577 2426 1610 ι
2459 1557 2786 1616 Benedictus
2811 1561 2903 1630 qui
2933 1561 3080 1616 venit
3103 1562 3156 1615 in
3178 1563 3403 1617 nomine

180 1645 348 1717 δηλαδὴ
375 1644 569 1713 Λόγος,
600 1647 628 1698 6
648 1646 740 1698 καὶ
761 1645 849 1699 διὰ
879 1646 1037 1699 τοῦτο
1061 1645 1441 1718 εὐλογημένος,
1468 1649 1550 1702 ὅτι
1575 1648 1639 1720 δὴ
1667 1650 1724 1702 ὲν

1831 1648 2047 1704 Domini
2082 1667 2096 1704 :
2127 1668 2145 1702 ι
2171 1650 2351 1721 ipsum
2382 1648 2627 1706 declarat
2651 1652 2952 1716 oraculum,
2984 1652 3127 1723 quod
3144 1654 3404 1725 deinceps

178 1738 369 1809 ὀνόματι
395 1738 603 1809 Κυρίου
630 1737 724 1791 τοῦ
751 1737 1064 1808 πέμψαντος
1092 1738 1253 1792 αὐτὸν
1283 1740 1496 1812 Πατρὸς
1526 1739 1623 1813 τὴν
1645 1741 1724 1805 εἰς

1830 1741 1907 1796 ita
1941 1741 2017 1796 ait
2054 1761 2066 1796 :
2113 1760 2132 1793 ι
2182 1740 2327 1798 Deus
2355 1740 2639 1810 Dominus,
2660 1752 2714 1800 et
2740 1745 2919 1799 illuxit
2974 1745 3154 1803 nobis.
3194 1766 3213 1799 ι
3247 1746 3403 1806 Unus

178 1831 466 1903 ἀνθρώπους
517 1832 683 1885 αὐτοῦ
730 1831 1033 1904 παρουσίαν
1088 1833 1403 1904 ἐποιήσατο.
1461 1832 1725 1905 Ἐλέγχων

1829 1833 2016 1904 igitur,
2050 1834 2304 1905 idemque
2354 1833 2478 1901 fuit,
2513 1835 2608 1906 qui
2661 1837 2904 1907 seipsum
2958 1837 3119 1892 nobis
3160 1841 3404 1896 ostendit

1827 1924 1969 1981 Deus
1998 1940 2061 1980 ac
2085 1924 2368 1990 Dominus,
2398 1926 2491 1981 Dei
2519 1927 3040 1985 videlicetVerbum.
3057 1929 3212 1996 Quod
3234 1932 3400 1985 etiam

1825 2016 2035 2073 idcirco
2058 2027 2143 2074 est
2164 2018 2805 2090 benedictum,quoniam
2831 2023 2885 2076 in
2918 2023 3136 2077 nomine
3159 2021 3400 2087 Domini,

1823 2110 1918 2180 qui
1952 2110 2130 2179 ipsum
2162 2110 2331 2173 misit,
2368 2109 2565 2174 Patris,
2595 2126 2752 2166 suum
2793 2112 2860 2167 ad
2895 2112 3144 2170 homines
3197 2113 3401 2168 adven-

1825 2208 1937 2254 tum
1970 2201 2237 2257 exhibuit.
2273 2202 2458 2273 ltaque
2503 2217 2599 2258 eos
2644 2219 2900 2275 arguens,
2931 2205 3024 2276 qui
3059 2207 3161 2276 ipsi
3192 2206 3261 2261 de
3290 2206 3401 2261 cir-

178 1921 285 1993 γοῦν
310 1924 431 1986 τούς
460 1923 823 1987 ἀπιστοῦντας
841 1924 990 1995 αὐτῷ
1017 1922 1124 1977 τῶν
1146 1925 1211 1978 ὲκ
1232 1926 1551 1997 περιτομῆς,
1569 1924 1719 1995 ἔλεγε

177 2014 291 2086 πρὸς
314 2013 535 2077 αὐτούς’
561 2033 580 2066 ι
604 2012 744 2083 Ἐγὼ
765 2010 927 2086 ἦλθον
950 2015 1007 2066 ὲν
1036 2013 1112 2085 τῷ
1133 2014 1354 2085 ὀνόματι
1386 2013 1480 2068 τοῦ
1508 2016 1721 2087 Πατρός

180 2124 280 2177 μου,
306 2108 393 2161 καὶ
438 2107 500 2160 οὐ
545 2106 850 2178 λαμϐάνετέ
897 2124 984 2178 με.
1016 2106 1207 2171 Ἀλλος
1248 2107 1342 2162 ὲὰν
1370 2107 1499 2183 ἔλθῃ
1542 2110 1600 2163 ὲν
1640 2108 1719 2180 τῷ

173 2197 363 2269 ὀνόματι
395 2199 476 2271 τῷ
520 2199 654 2270 ἰδίῳ,
691 2200 896 2252 ἐκεῖνον
924 2198 1177 2271 λήψεσθε.
1212 2217 1230 2250 ι
1258 2200 1496 2264 Είκότως
1537 2195 1629 2254 οῦν
1657 2201 1719 2254 τὸ

173 2288 365 2361 Πνεῦμα
404 2289 466 2342 τὸ
511 2288 665 2358 ἆγιον
717 2288 901 2342 οὐκέτι
943 2289 1021 2361 τῷ
1073 2288 1338 2342 Ἰουδαίων
1386 2289 1530 2362 λαῷ,
1584 2290 1719 2344 ἀλλὰ

1828 2292 2166 2348 cumcisione
2209 2308 2316 2347 non
2349 2293 2664 2358 credebant,
2697 2294 2911 2351 dicebat
2940 2296 3008 2350 ad
3045 2311 3141 2352 eos
3175 2314 3189 2350 :
3228 2313 3249 2349 ι
3286 2295 3398 2367 Ege

171 2383 281 2433 πᾶσι
319 2383 427 2445 τοῖς
466 2380 665 2444 ἔθνεσι,
688 2380 757 2434 τὰ
790 2382 848 2434 ὲν
883 2383 949 2453 τῇ
981 2381 1123 2453 ἀρχῇ
1153 2380 1247 2433 τοῦ
1296 2381 1511 2453 ψαλμοῦ
1552 2399 1721 2453 προσ-

1824 2383 1945 2439 veni
1980 2383 2035 2438 in
2086 2384 2307 2440 nomine
2369 2384 2548 2441 Patris
2605 2385 2731 2448 mei,
2766 2394 2819 2441 et
2852 2402 2961 2441 non
2999 2387 3246 2459 accipitis
3287 2402 3397 2444 me.

171 2476 331 2542 φωνεῖ.
1822 2476 1977 2533 Alius
2026 2478 2072 2533 si
2106 2479 2284 2534 veniet
2334 2478 2390 2532 in
2437 2480 2653 2534 nomine
2682 2479 2926 2549 proprio,
2968 2481 3118 2535 illum
3162 2480 3398 2551 accipie-

167 2565 291 2619 tis".
318 2584 336 2618 ι
369 2563 568 2619 Merito
612 2579 743 2636 ergo
790 2563 1027 2635 Spiritus
1072 2572 1323 2630 sanctus,
1375 2580 1484 2621 non
1521 2568 1757 2638 amplius
1817 2570 1883 2625 ad
1921 2570 2208 2627 Judaicum
2263 2572 2544 2643 papulum,
2597 2572 2693 2628 sed
2737 2573 2806 2627 ad
2851 2588 3043 2631 omnes
3087 2581 3297 2645 gentes,
3331 2589 3397 2629 ea

164 2674 264 2730 que
290 2658 341 2713 in
372 2658 646 2731 principio
673 2659 870 2731 psalmi
897 2660 1170 2731 leguntur,
1203 2660 1472 2716 enuntiat.

662 2779 1058 2834 ΚΕΦΑΛΔΙΟΝ
1103 2779 1180 2834 Θ’.

170 2889 295 2946 Ἀπὸ
329 2893 578 2964 ψαλμοῦ
600 2899 756 2963 pay.
782 2924 856 2934 -
891 2894 1107 2963 Κύριος
1132 2895 1460 2964 οὐρανόθεν
1489 2895 1709 2950 κατιὼν

214 2963 530 3033 ἀνθρώπων
554 2964 853 3032 σωτηρίας
876 2964 1101 3028 ἕνεκεν,
1137 2963 1259 3033 ᾠδή
1282 2982 1345 3019 τε
1380 2965 1481 3020 ἐπὶ
1514 2967 1704 3030 τούτῳ

211 3032 485 3105 ᾀδομένη,
516 3032 743 3103 Καινῆς
763 3033 1057 3104 Διαθήκης
1087 3032 1340 3104 δηλαδή.

216 3166 234 3199 ι
254 3148 442 3222 Κύριε,
475 3149 529 3202 τί
562 3150 709 3202 ἐστιν
730 3147 1033 3222 ἄνθρωπος,
1064 3150 1143 3203 ὅτι
1176 3149 1455 3221 ὲγνὼσθης
1487 3147 1713 3222 αὐτῷ,ἢ

157 3239 251 3305 υίὸς
277 3240 586 3312 ἀνθρώπου,
609 3242 691 3294 ὅτι
720 3240 904 3313 λογίζῃ
921 3242 1110 3308 αὐτόν;
1144 3242 1339 3314 Κύριε,
1357 3243 1532 3297 κλῖνον
1546 3243 1714 3315 οὐρα-

158 3334 276 3399 δοὺς,
306 3336 398 3388 καὶ
412 3334 683 3406 κατάϐηθι
710 3350 724 3364 ⁸
742 3335 891 3403 aea;
919 3334 1026 3387 τῶν
1054 3335 1244 3406 ὀρέων,
1269 3336 1361 3390 καὶ⁵
1411 3336 1713 3408 καπνισθήσ-

159 3441 334 3481 οονται.
358 3447 375 3479 ι
392 3428 503 3481 Kal
525 3426 733 3491 ὑποϐὰς
756 3426 999 3496 ἐπιλέγει
1018 3444 1031 3456 ·
1060 3447 1077 3478 ι
1103 3429 1160 3481 '0
1185 3428 1334 3492 Θεὸς,
1359 3428 1501 3500 ᾠδὴν
1517 3429 1712 3503 καινὴν

160 3512 333 3585 ᾄσομαί
364 3533 469 3569 σοι.
496 3536 516 3568 ι
545 3515 804 3586 Ἔχεσθαι
846 3516 939 3569 καὶ
966 3516 1139 3571 ταῦτα
1174 3518 1275 3589 τῆς
1312 3517 1711 3590 προσκειμένης

162 3608 439 3671 ὑποθέσεως
467 3608 730 3680 ἡγοῦμαι.
760 3606 871 3678 Τὴν
908 3606 1017 3680 γὰρ
1056 3609 1136 3671 εἰς
1168 3606 1486 3679 ἀνθρώπους
1504 3606 1707 3678 γνῶσιν

160 3692 237 3745 τοῦ
250 3693 371 3748 Θεοῦ
391 3695 563 3764 Λόγου
576 3696 886 3767 θαυμάζων,
902 3698 1003 3749 ὑπε
1011 3695 1399 3768 ρεκπλήττε-,ται
1414 3696 1514 3767 τῆς
1526 3697 1710 3766 φιλαν-

164 3784 403 3856 θρωπίας,
432 3787 499 3842 δι’
523 3784 591 3860 ἦς
628 3789 725 3861 τῆς
758 3788 1006 3860 θεότητος
1029 3788 1235 3852 ὑποϐὰς
1285 3788 1399 3853 καὶ,
1436 3788 1530 3841 τοῦ
1570 3806 1709 3860 συμ-

166 3877 302 3944 φυοῦς
328 3879 585 3949 μεγέθους
619 3879 808 3933 ἑαυτὸν
835 3878 1135 3953 σμικρύνας
1155 3919 1170 3944 ,
1202 3879 1401 3950 ἠξίωσε
1446 3881 1546 3951 τῆς
1568 3881 1705 3946 ίδίας

167 3970 381 4036 γνώσεως
419 3971 480 4025 τὸ
530 3971 865 4044 ἀνθρώπειον
915 3971 1090 4040 γένος.
1164 3971 1426 4027 Ἐνταῦθα
1473 3974 1571 4045 μὲν
1608 3969 1704 4028 οῦν

2413 2752 2642 2809 CAPUT
2698 2753 2792 2809 IX.

1813 2867 1858 2921 A
1908 2867 2114 2937 psalmo
2169 2882 2455 2924 cxun.—
2496 2864 2755 2920 Dominus
2803 2867 2866 2923 de
2912 2860 3040 2925 uelo
3076 2872 3391 2929 descendens

1884 2938 2073 3013 salutis
2105 2939 2374 3013 hominum
2405 2938 2602 3013 gratia,
2635 2939 3003 3013 cantuumque
3025 2959 3214 2996 novum
3236 2960 3393 3013 super

1882 3010 1982 3062 hac
2014 3026 2071 3063 re
2096 3006 2417 3072 canendum,
2440 3006 2579 3062 Novi
2603 3007 2838 3063 videlicet
2873 3006 3211 3068 Testamenti.

1740 3098 1784 3156 (ἶ
1891 3139 1910 3172 ι
1957 3119 2185 3175 Domine
2237 3119 2368 3189 quid
2427 3126 2512 3174 est
2544 3118 2728 3183 homo,
2787 3119 2933 3189 quod
2989 3121 3272 3177 innotuisti
3306 3122 3393 3177 ei?

1814 3221 1910 3269 aut
1942 3212 2085 3268 illius
2118 3211 2374 3276 hominis,
2421 3209 2567 3281 quod
2605 3217 2829 3281 reputas
2854 3212 3013 3267 eum?
3041 3211 3286 3279 Domine,
3315 3214 3392 3268 in-

1815 3303 1960 3359 clina
1990 3303 2179 3371 caelos,
2212 3311 2267 3357 et
2296 3302 2564 3358 descende
2592 3320 2606 3358 :
2631 3310 2792 3374 tange
2821 3311 3052 3371 montes,
3073 3311 3128 3358 et
3155 3303 3389 3376 fumiga-

1813 3397 1972 3453 bunt.
2002 3396 2049 3429 ”
2102 3414 2121 3448 ι
2170 3394 2236 3449 Ει
2262 3408 2612 3466 progressus,
2645 3394 2933 3465 adiungit:
2965 3412 2984 3446 ι
3017 3394 3182 3462 Deus,
3206 3397 3389 3452 canti-

1812 3504 1939 3544 cum
1962 3503 2162 3544 novum
2182 3486 2415 3541 cantabo
2434 3486 2532 3541 tibi
2545 3486 2611 3540 “.
2635 3505 2654 3539 ι
2676 3485 2801 3541 Haec
2816 3499 3034 3557 quoque
3049 3501 3172 3542 cum
3187 3502 3388 3559 propo-

1813 3577 1922 3634 sito
1945 3583 2268 3649 argumento
2296 3589 2418 3631 esse
2445 3573 2906 3643 conjuncta,sane
2930 3591 3031 3646 ego
3053 3579 3384 3647 putaverim.

1810 3670 1973 3742 267
2001 3667 2380 3740 Cognitionem
2427 3667 2571 3745 enim
2614 3666 2930 3724 hominibus
2982 3666 3239 3723 traditam
3281 3667 3381 3724 Dei

1810 3763 1977 3820 Verbi
2036 3763 2337 3828 admirans,
2387 3763 2562 3835 ipsam
2610 3763 2960 3820 clementiam
3011 3765 3373 3836 obstupescit,

1809 3865 2032 3929 propter
2064 3871 2226 3928 quam
2260 3854 2401 3911 infra
2420 3856 2659 3911 divinam
2691 3872 2846 3912 suam
2875 3866 3127 3913 naturam
3148 3858 3366 3914 descen-

1808 3952 1967 4016 dens,
2002 3966 2170 4022 seque
2203 3950 2384 4021 ipsum
2427 3952 2665 4006 naturali
2706 3967 2805 4006 sua
2853 3950 3235 4023 magnitudine
3277 3952 3381 4006 mi-

166 4058 345 4131 εὐχεται
370 4064 574 4133 λέγων·
612 4042 835 4136 (Κύριε
855 4103 871 4129 ,
907 4063 1085 4118 κλῖνον
1112 4064 1371 4136 οὐρανοὺς
1402 4042 1497 4119 καί.
1538 4067 1705 4120 κατά-

1820 4042 2272 4112 ioremelliciens,
2289 4043 2511 4114 propria
2540 4042 2714 4113 ipsius
2731 4043 3042 4114 cognitione
3075 4043 3374 4099 humanum

166 4150 296 4223 ϐηθι.
327 4174 344 4205 ι
391 4155 479 4207 Ἐν
520 4154 577 4208 δὲ
622 4154 700 4226 τῷ
730 4134 1188 4226 ἑπτακαιδεκάτῳ⁷
1213 4154 1411 4227 ψαλμῷ
1454 4155 1698 4228 εἴρηται·

1820 4153 1976 4210 genus
2014 4136 2234 4207 dignum
2284 4135 2637 4191 existimavit.
2683 4134 2869 4205 Itaque
2915 4134 3017 4190 hoc
3059 4135 3179 4190 loco
3232 4144 3376 4199 orat,

168 4261 184 4294 ι
214 4247 306 4300 Καὶ
328 4246 530 4301 ἔκλινεν
550 4247 831 4319 οὐρανοὺς,
867 4250 962 4301 καὶ
991 4246 1219 4319 κατέϐη,
1249 4226 1343 4301 καί
1374 4226 1571 4317 γνόφος
1595 4247 1700 4300 ὐπὸ

1820 4232 2023 4286 licens:
2062 4247 2080 4279 ι
2123 4227 2373 4291 Domine,
2404 4228 2609 4283 inclina
2635 4228 2805 4283 caelos
2838 4234 2892 4282 et
2914 4226 3204 4282 descende.
3235 4245 3255 4279 ι
3305 4229 3379 4281 At

161 4336 261 4399 τούς
287 4337 442 4400 πόδας
475 4317 676 4391 αὐτοῦ·
704 4338 800 4390 καὶ
825 4336 995 4408 ἐπέϐη
1018 4337 1109 4390 ἐπὶ
1130 4317 1414 4409 χεήρουϐὶμ,
1449 4337 1544 4389 καὶ
1568 4338 1696 4389 ἐπε-

1820 4323 1946 4379 :nim
1978 4322 2033 4375 in
2065 4320 2278 4375 decimo
2306 4321 2537 4390 septimo
2566 4320 2778 4390 psalmo
2806 4320 2848 4350 “
2873 4317 3079 4372 dictum
3114 4325 3231 4373 est:
3264 4335 3283 4368 ι
3308 4317 3378 4371 Et

162 4428 299 4501 τάσθη
323 4430 410 4483 ἐπὶ
429 4428 719 4501 πτερύγων
751 4429 987 4501 ἀνέμων.
1015 4447 1033 4480 ι
1063 4407 1141 4481 Δις
1165 4407 1243 4483 ὧν
1271 4428 1338 4482 τὰ
1364 4428 1464 4499 τῆς
1484 4427 1692 4493 ἀνόδου,
1729 4462 1733 4510 λ

1824 4411 2092 4467 nclinavit
2116 4411 2289 4466 oculos
2311 4418 2364 4466 et
2390 4409 2695 4473 descendit,
2723 4416 2777 4463 et
2802 4408 2979 4476 caligo
3009 4407 3112 4461 sub
3142 4407 3376 4477 pedibus

1799 4504 1958 4576 ejus:
1995 4511 2050 4560 et
2073 4501 2322 4559 ascendit
2352 4516 2519 4571 super
2551 4499 2852 4561 cherubim,
2877 4508 2931 4553 et
2957 4498 3193 4554 volavit:
3228 4500 3377 4556 vola-

1798 4601 1876 4656 vit
1904 4598 2094 4669 “super
2133 4612 2343 4669 pennas
2372 4605 2681 4651 ventorum.
2745 4592 2846 4648 »1η
2906 4593 3115 4675 quibus
3166 4594 3371 4660 verbis,

1798 4708 1866 4748 ea
1908 4707 2028 4762 quae
2066 4690 2135 4745 ad
2177 4703 2470 4744 ascensum
2506 4693 2776 4759 spectant,
2828 4700 2939 4757 quo
2980 4686 3049 4741 de
3093 4694 3242 4741 terra
3301 4687 3372 4741 ad
3462 4756 3465 4759 _

1800 4786 1999 4843 coelum
2035 4800 2094 4841 se
2117 4783 2358 4845 sustulit,
2390 4781 2630 4836 divinat:
2661 4781 2805 4850 quod
2835 4786 3016 4835 autem
3040 4778 3368 4836 descensum

1802 4886 1966 4950 atque
1998 4891 2287 4931 ascensum
2321 4873 2415 4929 Dei
2448 4871 2635 4937 Verbi,
2664 4886 2776 4926 non
2818 4871 3083 4941 quosdam
3117 4871 3240 4941 ejus
3272 4887 3372 4941 per

1798 4970 1981 5023 locum
2016 4967 2281 5022 transitus
2321 4964 2572 5035 accipere
2620 4969 2891 5033 oporteat,
2924 4961 3371 5032 quandoquidem

1795 5061 1850 5116 in
1871 5060 2020 5115 hunc
2044 5057 2268 5114 modum
2301 5055 2587 5126 Scriptura
2612 5055 2818 5119 divina,
2840 5054 2977 5110 tales
3002 5054 3124 5124 ejus
3152 5053 3371 5122 dispen-

1795 5152 2039 5207 sationes
2068 5138 2343 5220 appellare
2381 5145 2701 5217 consuevit,
2721 5158 2822 5199 suo
2859 5143 2981 5197 loco
3019 5142 3254 5196 otiosius
3272 5139 3370 5195 de-

1794 5238 2245 5295 monstrabimus.
2290 5234 2514 5306 Oportet
2560 5238 2744 5287 autem
2792 5231 2848 5285 in
2895 5229 2981 5286 his
3023 5229 3189 5285 etiam
3229 5227 3367 5284 Novi

157 5318 228 5400 Διό
240 5367 357 5421 φησι
373 5350 434 5404 τὸ
458 5348 599 5422 μετὰ
618 5318 803 5422 χεῖρας
829 5347 1054 5418 λέγων’(
1077 5347 1134 5400 '0
1150 5345 1301 5409 Θεὸς,
1329 5343 1471 5415 ᾠδὴν
1495 5318 1688 5413 καινὴν

1820 5327 2131 5386 [‘estamenti
2157 5326 2486 5381 mentionem
2522 5322 2722 5388 facere,
2741 5320 2890 5392 quod
2914 5318 3229 5374 hominibus
3248 5328 3369 5374 erat

355 5409 471 5494 aut:
498 5460 516 5493 ι
555 5409 738 5505 Τὸὶδέ,
778 5409 988 5509 ι”Αίίμαι
1018 5438 1126 5492 τῶν
1143 5409 1463 5508 ὀρέωνίκαὶ
1496 5409 1693 5483 καπνιο

1820 5422 1996 5479 Ihristi
2049 5419 2321 5476 adventus
2363 5416 2797 5472 conciliaturus:
2838 5412 2945 5466 hoc
2989 5426 3122 5467 sane
3154 5409 3366 5466 Novum

158 5505 425 5603 ἀθήσονται,
439 5552 458 5586 ι
486 5532 817 5588 αἰνίττεσθαι
832 5505 1066 5605 ἡγοῦμαι
1079 5505 1404 5600 ἐμπρησμὸν
1430 5525 1523 5579 καὶ
1543 5524 1687 5592 ἀφα-

1820 5518 2203 5574 Γθειιιωεηῑυιη
2237 5510 2372 5566 illud
2411 5516 2519 5573 est,
2550 5507 2697 5578 quod
2727 5522 2758 5559 a
2788 5505 3012 5561 Christo
3043 5514 3168 5576 post
3194 5505 3369 5563 Vetus

158 5597 312 5695 νισμὸν
334 5597 506 5701 πάσης
521 5597 985 5697 εἰδωλολατρείας,
1003 5597 1122 5693 ἥτις
1140 5597 1289 5691 παρᾶ
1300 5621 1412 5682 τοῖς
1440 5615 1688 5677 παλαιοῖς

1826 5612 2021 5667 lterum
2057 5606 2312 5663 omnibus
2353 5602 2610 5675 gentibus
2657 5598 2919 5654 traditum
2967 5607 3073 5656 est.
3121 5597 3365 5655 Proinde

2012 5706 2055 5738 ³⁹
2093 5703 2241 5759 Psal.
2269 5716 2452 5768 chm,
2490 5702 2545 5764 '5,
2581 5697 2634 5752 5.
2735 5694 2780 5728 ⁸⁰
2808 5695 2941 5752 ibid.
2984 5695 3039 5753 9.
3133 5696 3177 5728 “
3220 5710 3367 5754 vers.

161 4518 211 4587 ἦν
225 4520 319 4573 ἀπὸ
341 4521 441 4592 γῆς
464 4522 545 4585 εἰς
572 4521 835 4594 οὐρανοὺς
867 4520 1180 4592 ἐποιήσατο,
1218 4517 1479 4583 θεσπίζει.
1512 4519 1696 4582 Ὅπως

158 4611 201 4664 δὲ
224 4613 427 4668 κάθοδον
452 4615 559 4687 χρὴ
585 4617 729 4668 νοεῖν
765 4614 858 4668 καὶ
888 4613 1072 4668 ἄνοδον
1096 4611 1202 4666 -τοῦ
1243 4611 1377 4665 Θεοῦ
1407 4611 1602 4681 Λόγου,
1633 4612 1694 4664 οὐ

158 4702 361 4770 τοπικῶς
415 4704 744 4777 μεταϐάσεις
783 4702 1103 4773 ποιουμένου
1128 4741 1142 4765 ,
1181 4700 1452 4773 τροπικῶς
1497 4700 1554 4753 δὲ
1597 4698 1696 4761 τὰς

158 4794 332 4849 τοιάσδε
356 4796 664 4867 οἰκονομίας
697 4793 860 4848 αὐτοῦ
884 4792 1071 4847 τοῦτον
1098 4793 1197 4863 τῆς
1224 4792 1445 4864 Γραφῆς
1482 4792 1692 4845 ἀποκα-

158 4884 321 4958 λούσης
352 4889 441 4942 τὸν
476 4888 677 4960 τρόπον
698 4928 712 4951 ,
754 4888 841 4940 ἐπ’
871 4885 1076 4949 οἰκείας
1111 4883 1462 4954 ἀποδώσομεν
1476 4880 1690 4952 σχολῆς.

160 4978 280 5034 Ἔδει
302 4982 354 5035 δὲ
385 4978 754 5053 μνημονεῦσαι
779 4980 835 5032 ὲν
861 4978 1065 5042 τούτοις
1096 4978 1191 5031 καὶ
1215 4977 1312 5049 τῆς
1338 4974 1547 5045 Καινῆς
1570 4975 1694 5026 Δια-

160 5069 317 5145 θήκης,
347 5076 412 5146 ἣν
434 5072 656 5144 ἔμελλεν
680 5074 714 5143 ὴ
742 5070 835 5124 τοῦ
860 5069 1094 5143 Χριστοῦ
1130 5067 1398 5140 παρουσία
1430 5063 1695 5138 προξενή-

158 5179 249 5220 σειν
266 5166 583 5239 ἀνθρώποις·
608 5164 746 5235 αὐτη
773 5163 829 5217 δέ
854 5166 998 5217 ὲστιν
1023 5164 1056 5234 ἡ
1081 5160 1258 5232 Καινὴ
1281 5158 1519 5231 Διαθήκη
1555 5156 1690 5229 μετὰ

158 5253 235 5327 τὴν
260 5257 489 5317 Παλαιὰν
516 5255 622 5309 ὐπὸ
647 5253 884 5327 Χριστοῦ
909 5254 1043 5306 πᾶσι
1067 5253 1176 5316 τοῖς
1208 5251 1383 5305 ἔθνεσι
1406 5246 1688 5319 δεδομένη.

243 5719 283 5755 ³⁸
307 5720 445 5778 Psal.
476 5736 647 5785 cxvn,
677 5719 767 5776 26.
879 5718 921 5749 ³⁷
955 5716 1143 5770 Matth.
1179 5730 1295 5781 nl,
1326 5713 1382 5770 9.
1458 5712 1503 5743 ³⁸
1532 5708 1691 5765 Joan.
1728 5725 1782 5776 ν,
1815 5707 1904 5763 45.

163 5787 231 5853 10’
264 5790 337 5851 Η.
395 5886 661 5947 Parnm.
707 5881 824 5942 Gtt.
873 5876 1077 5939 XXII.

2971 5856 3111 5933 ιι,
