3894 6518
478 367 581 424 827
1125 363 1390 422 EUSEBII
1429 361 1906 418 CJESARIENSIS
1943 361 2094 418 OPP.
2139 359 2316 415 PARS
2351 363 2423 415 ll.
2465 389 2534 400 —--
2571 357 3068 414 AI‘OLOCETICA.
3595 355 3710 412 428

476 484 758 539 oraculum
831 483 976 555 quod
1036 498 1183 536 nunc
1232 483 1286 535 in
1341 479 1595 536 manibus
1642 487 1745 542 est,
1799 479 1877 534 sic
1920 479 2026 532 ait:

2162 497 2189 532 ν
2224 479 2332 540 τοῖς
2373 477 2524 548 δρεσι
2575 475 2805 546 μάλιστα
2844 471 3204 536 ἐσπουδάζετο
3227 487 3241 501 ·
3289 469 3428 522 ὥστε
3465 468 3567 538 ἠδη
3609 469 3710 525 καὶ

481 577 690 642 «Deus,
734 578 1007 630 canticum
1057 589 1256 628 novum
1310 572 1542 626 cantabo
1569 571 1682 624 "tibi
1731 571 1797 624 ³⁵⁸.
1827 590 1843 622 ι
1899 569 2035 622 Illud

2157 569 2332 632 ιύτοῦς
2375 567 2658 629 Ἰουδαίους
2705 561 3131 632 ἀπελέγχεσθαι,
3173 561 3249 624 ὡς
3304 560 3396 612 ἐπὶ
3439 561 3548 611 πᾶν
3583 557 3714 629 ὅρος

475 677 692 724 autem:
737 669 960 739 «Tange
1004 674 1216 721 montes
1260 673 1313 720 et
1359 663 1770 734 fumigabunti,
1804 661 2040 715 arbitror

2157 661 2357 733 ίψηλὺν,
2392 659 2530 714 κατά
2567 659 2795 730 μίμησιν
2813 659 2919 710 τῶν
2945 655 3253 726 ἀλλοφύλων
3285 653 3471 716 ὲθνῶν,
3495 651 3714 706 εἰδωλο-

477 761 808 832 signiﬁcare,
843 757 987 829 quod
1010 754 1703 811 omnium-simulacrorum
1737 753 1919 806 cultus
1965 752 2037 807 sit

2157 751 2486 824 ιατροῦντας.

480 851 856 908 incendendus
895 863 968 903 ac
1018 848 1306 910 delendus,
1357 847 1450 917 qui
1492 844 1633 915 apud
1686 845 1942 914 antiquos
1985 845 2040 898 in
2088 845 2364 899 montibus
2431 845 2663 897 maxime
2729 840 3218 911 frequentabatur;
3263 839 3500 910 denique
3539 838 3712 892 etiam

479 946 582 1016 ipsi
609 941 778 998 Judaei
808 940 1374 1012 reprehendebantur,
1431 939 1574 1011 quod
1633 941 1690 993 in
1724 937 1872 994 omni
1914 946 2094 992 monte
2145 937 2380 1000 excelso,
2427 934 2494 988 ad
2531 933 2884 988 imitationem
2927 941 3273 988 externarum
3317 932 3584 1003 gentium,
3625 931 3714 990 si-

479 1039 722 1092 mulacra
747 1037 1012 1090 colerent.

1091 1169 1317 1227 CAPUT
1353 1171 1396 1225 Χ

477 1311 518 1366 Α
550 1311 752 1378 psalmo
779 1324 979 1364 cxcvn.
1015 1338 1085 1348 —
1114 1307 1205 1360 Dei
1245 1301 1471 1378 Verbum
1496 1307 1549 1359 in
1573 1315 1764 1360 terram
1789 1306 2034 1378 missum,

535 1377 588 1435 et
617 1380 758 1436 brevi
788 1391 1013 1447 tempore
1044 1393 1351 1446 percurrens
1381 1377 1654 1431 universos
1688 1377 1942 1430 homines.

549 1577 794 1644 (Lauda,
813 1577 1133 1638 Jerusalem,
1157 1577 1466 1646 Dominum,
1488 1578 1648 1634 lauda
1667 1579 1832 1635 Deum
1855 1587 2032 1644 tuum,

476 1669 606 1726 Sion
636 1671 702 1726 “.
729 1690 747 1722 ι
787 1669 1004 1726 'Deinde
1049 1672 1324 1740 paululum
1375 1687 1698 1744 progressus
1723 1673 1828 1727 ait:
1872 1691 1892 1724 ι
1931 1671 2034 1738 Qui

475 1765 675 1818 emittit
703 1763 979 1833 eloquium
1023 1779 1184 1818 suum
1221 1773 1403 1828 terrae,
1439 1764 1699 1819 velociter
1726 1765 1896 1818 currit
1921 1781 2040 1819 ser-

475 1871 566 1908 mo
595 1855 716 1923 ejus
739 1853 813 1907 ’δε
853 1872 872 1906 ι
897 1861 1111 1908 constat
1145 1863 1324 1908 autem
1355 1869 1480 1908 eum
1523 1855 1614 1924 qui
1649 1855 1834 1917 mittit,
1866 1855 1933 1909 ab
1972 1870 2038 1909 eo

2655 1177 3070 1231 -ΚΕΦΑΛΑΙΟΝ
3107 1176 3162 1232 l'.

2125 1323 2128 1326 ’
2152 1314 2561 1384 Ἀπὸ-ψαλμοῦ
2579 1312 2726 1383 putt".
2748 1341 2820 1352 -—
2849 1314 3038 1384 Λόγος
3071 1311 3166 1384 ἐπὶ
3200 1311 3309 1384 γῆς
3336 1313 3714 1369 ἀποστελλό-

2209 1381 2668 1457 μενοςίκαὶςέν
2721 1381 2942 1452 ,ϐραχεῖ
2989 1382 3187 1450 χρόνῳ
3225 1381 3452 1448 πάντας
3483 1384 3714 1454 ἀνθρώ-

2211 1454 2366 1522 ξπους
2387 1454 2728 1524 διατρέχων.

2216 1613 2232 1643 ι
2280 1591 2517 1646 Ἐπαίνει
2543 1631 2557 1654 ,
2603 1588 2992 1662 Ἰερουσαλὴμ,
3031 1587 3122 1640 τὸν
3166 1588 3400 1660 Κύριον,
3439 1588 3580 1642 αἴνει
3617 1587 3714 1642 τὸν

2139 1683 2271 1735 Θεόν
2303 1699 2415 1748 σου,
2439 1680 2631 1735 Σιών.»
2661 1677 2776 1733 Εἶθ’
2799 1679 3004 1743 ὑποϐάς
3035 1697 3216 1750 φησιν’
3245 1699 3262 1730 ι
3288 1681 3342 1732 ’0
3367 1679 3713 1733 ἀποστέλλου

2141 1775 2229 1827 τὸν
2257 1773 2409 1842 λόγον
2435 1773 2599 1827 αὑτοῦ
2619 1775 2684 1843 τῇ
2711 1773 2811 1842 γῇ·
2841 1772 2950 1836 ἓως
2975 1773 3171 1842 τάχους
3196 1771 3474 1842 δραμεῖται
3499 1775 3528 1825 6
3552 1771 3714 1839 λόγος

2145 1865 2332 1920 αὐτοῦ.
2377 1885 2394 1917 ι
2435 1866 2612 1933 Σαφὲς
2643 1863 2698 1917 δὲ
2719 1906 2732 1928 ,
2759 1865 2841 1917 ὅτι
2867 1865 2961 1917 τοῦ
2994 1863 3448 1932 ἀποστελλομένου
3495 1865 3524 1916 6
3565 1865 3711 1916 ἀπο-

475 1947 569 2016 qui
595 1947 828 2001 mittitur
848 1961 971 2002 esse
997 1946 1292 2002 diversum.
1341 1946 1516 2002 llabes
1543 1948 1706 2018 igitur
1727 1948 1888 2002 etiam
1931 1947 2032 2002 hoc

2157 1957 2367 2010 ττέλλων
2398 1955 2580 2028 ἔτερος
2605 1956 2680 2008 ὢν
2701 1956 2976 2025 τυγχάνει.
3033 1956 3212 2024 Ἔχεις
3257 1952 3540 2026 τοιγαροῦν
3573 1955 3712 2006 κᾶν·

477 2042 620 2104 loco,
667 2055 789 2096 eum
844 2039 1060 2110 quidem
1107 2039 1200 2108 qui
1241 2039 1429 2106 mittit,
1479 2055 1794 2110 supremum
1843 2039 2033 2102 Deum,

479 2132 644 2204 268
671 2149 797 2188 eum
831 2147 962 2187 vero
1003 2131 1096 2202 qui
1149 2133 1383 2187 mittitur
1421 2149 1759 2188 sermonem:
1791 2133 1884 2204 qui
1913 2149 2036 2187 cum

477 2227 646 2279 multa
669 2225 862 2280 habeat
889 2225 1132 2288 nomina,
1163 2240 1308 2280 nunc
1335 2223 1632 2295 Sapientia,
1655 2243 1800 2280 nunc
1825 2227 2034 2288 Sermo,

475 2329 530 2372 et
560 2317 830 2373 interdum
865 2317 1027 2382 Deus,
1056 2326 1108 2372 et
1141 2319 1276 2374 alias
1311 2317 1572 2374 Dominus
1601 2321 1654 2374 in
1677 2319 1876 2374 divinis
1915 2333 2039 2373 ora-

475 2411 617 2466 culis
658 2421 1034 2481 nuncupatur;
1078 2411 1222 2482 quod
1269 2411 1316 2466 si
1362 2411 1656 2468 attenderis
1685 2411 2039 2482 quemadmo-

476 2505 606 2558 dum
641 2505 962 2560 brevissimo
989 2512 1256 2575 tempore,
1297 2521 1510 2559 omnem
1557 2517 1825 2560 terrarum
1853 2505 2037 2560 orbem

480 2595 672 2650 Sermo
699 2594 963 2651 doctrina:
991 2595 1137 2650 illius
1164 2596 1488 2664 impleverit,
1525 2596 1768 2665 profecto
1789 2597 2034 2652 vaticinii

477 2687 832 2756 obstupesces
893 2693 1148 2741 eventum
1192 2685 1466 2742 dicentis:
1503 2705 1522 2737 ι
1549 2685 1818 2742 Velociter
1865 2687 2039 2742 currit

479 2792 660 2832 sermo
689 2777 826 2846 ejus.
863 2795 880 2828 ι

1081 2907 1310 2964 CAPUT
1345 2909 1435 2965 XI.

481 3043 526 3100 Α
563 3044 790 3100 secundo
821 3043 1134 3112 Regnorum.
1170 3074 1238 3083 —
1271 3043 1527 3098 Dominus
1570 3045 1632 3098 de
1669 3045 1796 3098 cmlo
1829 3045 2042 3099 descen—

533 3117 684 3180 dens,
715 3115 804 3186 qui
829 3115 1081 3186 gentium,
1111 3130 1227 3183 qua:
1267 3115 1416 3186 prius
1437 3115 1588 3168 illum
1626 3133 1726 3168 non
1768 3131 2043 3186 cognosce-

547 3187 696 3250 bant,
726 3185 838 3240 dua:
855 3185 1088 3250 exsistit,
1111 3195 1159 3237 et
1192 3201 1224 3238 a
1248 3185 1480 3241 Iudaica
1508 3199 1654 3256 gente
1697 3185 1923 3255 seipsnm
1966 3195 2042 3240 est

539 3273 841 3312 auersurus.

554 3409 572 3443 ι
607 3390 673 3444 Ει
705 3393 921 3447 locutus
970 3399 1055 3448 est
1089 3391 1259 3446 David
1311 3389 1540 3444 Domino
1573 3391 1739 3446 verba
1781 3389 2041 3446 carminis

481 3485 645 3554 hujus
697 3485 764 3541 ⁵⁸.
811 3483 1014 3540 Deinde
1047 3500 1392 3556 progressus,
1425 3485 1498 3538 ita
1521 3484 1597 3537 ait
1633 3499 1646 3534 :
1686 3501 1704 3534 ι
1725 3481 1792 3536 Ει
1819 3482 2046 3537 inclina-

483 3577 560 3630 vit
593 3577 761 3632 ccelos
785 3583 838 3631 et
877 3577 1180 3641 descendit,
1211 3585 1265 3632 et
1298 3577 1472 3647 caligo
1500 3577 1604 3631 sub
1639 3575 1869 3646 pedibus
1892 3574 2042 3642 ejus;

481 3675 536 3720 et
563 3667 806 3722 ascendit
819 3683 982 3736 super
1005 3667 1314 3728 cherubim,
1333 3675 1387 3722 et
1409 3667 1628 3729 volavit,
1657 3667 1860 3722 volavit
1881 3679 2045 3736 super

483 3773 688 3826 pennas
743 3763 1052 3822 ventorum,
1105 3767 1161 3814 et
1209 3759 1392 3830 posuit
1441 3761 1697 3815 tenebras
1754 3759 2042 3812 latibulum

485 3864 644 3904 suum
677 3869 690 3904 :
723 3869 740 3900 ›
773 3857 886 3902 tum
923 3851 977 3903 in
1013 3850 1116 3904 ﬁne
1131 3851 1372 3916 ejusdem
1401 3852 1658 3906 carminis
1687 3851 1764 3904 “:
1803 3869 1821 3900 ι
1851 3849 2046 3904 Libera

484 3953 592 4003 me,
624 3940 814 4008 inquit,
848 3940 914 3994 de
936 3941 1457 3996 contradictionibus
1489 3942 1695 4012 populi,
1747 3940 2046 3995 constitues

488 4047 572 4086 me
607 4031 660 4084 in
701 4042 862 4101 caput
889 4034 1165 4102 gentium;
1201 4034 1430 4102 populus
1461 4049 1621 4102 quem
1657 4047 1762 4086 non
1793 4031 2042 4101 cognovi,

487 4117 709 4170 servivit
749 4119 919 4182 mibi;
951 4119 1010 4173 (in
1057 4121 1244 4175 auditu
1295 4121 1443 4176 auris
1469 4121 1709 4176 obedivit
1743 4121 1914 4186 mihi;
1952 4119 2046 4172 filii

487 4209 650 4262 alieni
683 4208 999 4276 rejicicntur
1026 4213 1092 4266 ιτ.
1133 4232 1153 4264 ι
1181 4211 1284 4278 Qui
1321 4213 1602 4268 inclinavit
1629 4213 1821 4276 cmlos,
1867 4221 1920 4267 et
1953 4211 2048 4267 de-

486 4303 698 4357 scendit
725 4301 890 4364 Deus,
909 4303 1002 4371 qui
1025 4311 1362 4373 assumptum
1393 4303 1497 4358 sibi
1527 4303 1800 4358 hominem
1832 4303 2050 4358 inscen-

485 4393 566 4448 dit
601 4391 781 4464 (quem
813 4411 946 4450 sane
993 4395 1290 4460 hominem,
1333 4411 1478 4449 nunc
1527 4397 1808 4450 oraculum
1853 4395 2049 4450 cheru-

487 4485 595 4538 bim
619 4483 907 4554 nominat),
935 4483 1134 4536 volavit
1159 4499 1282 4536 cum
1304 4499 1368 4538 eo
1393 4499 1634 4546 sursum,
1659 4483 2050 4538 comitantibus

487 4576 930 4646 stipantibusque
965 4577 1140 4645 ipsum
1191 4576 1390 4630 divinis
1437 4577 1742 4646 spiritibus,
1777 4575 1870 4644 qui
1905 4590 2050 4629 nunc

2138 2049 2310 2102 ταῦθα
2347 2049 2436 2100 τὸν
2481 2049 2576 2118 μὲν
2604 2047 2998 2100 ἀποστέλλοντα
3023 2047 3135 2112 τὸν,
3164 2048 3254 2099 ἐπὶ
3293 2046 3506 2098 πάντων
3537 2045 3708 2098 Θεόνο

2137 2141 2227 2194 τὸν
2253 2141 2308 2193 δὲ
2332 2138 2802 2210 ἀποστελλόμενον,
2829 2139 2920 2191 τὸν
2945 2139 3120 2207 λόγον·
3152 2138 3210 2201 ὃς
3235 2136 3582 2206 πολυώνυμος
3611 2136 3712 2202 ὣν,

2136 2233 2256 2286 τοτὲ
2290 2232 2387 2304 μὲν
2423 2231 2621 2300 Σοφία,
2647 2230 2766 2283 τοτὲ
2793 2230 2848 2283 δὲ
2865 2230 3063 2298 Λόγος,
3094 2229 3278 2282 ἀλλοτε
3317 2229 3374 2282 δὲ
3405 2228 3538 2292 Θεὸς
3563 2267 3578 2291 ,
3617 2229 3714 2281 καὶ

2140 2325 2298 2380 πάλιν
2337 2323 2534 2396 Κύριος
2579 2323 2664 2377 διὰ
2702 2323 2811 2376 τῶν
2846 2323 3002 2376 θείων
3032 2321 3291 2394 χρησμῶν
3324 2321 3710 2392 ἀνηγόρευται.

2153 2417 2476 2487 Ἐπιστήσας
2510 2417 2586 2480 δὲ,
2619 2415 2742 2468 τίνα
2769 2417 2968 2486 τρόπον
2994 2417 3050 2466 ὲν
3095 2413 3294 2484 σφόδρα
3323 2413 3494 2484 χρόνῳ
3519 2411 3716 2484 βραχεῖ

2139 2508 2237 2580 τὴν
2280 2509 2458 2560 πᾶσαν
2509 2506 2832 2576 οἰκουμένην
2883 2505 3115 2574 ἔπλησεν
3158 2506 3187 2556 6
3233 2503 3330 2572 τῆς
3369 2503 3714 2566 διδασκαλίας

2139 2599 2302 2654 αὑτοῦ
2325 2601 2498 2668 λόγος,
2527 2595 2584 2653 εὖ
2611 2594 2704 2653 οἷδ’
2732 2600 2812 2651 ὅτι
2839 2599 2898 2650 τὸ
2929 2596 3269 2666 ἀποτέλεσμα
3294 2595 3592 2665 Θαυμάσεις
3611 2597 3714 2666 τῆς

2139 2693 2494 2764 προρρήσεως
2527 2689 2838 2760 φασκούσης
2859 2707 2870 2720 ·
2919 2708 2938 2738 ‹
2975 2689 3116 2752 Ἕως
3142 2689 3334 2759 τάχους
3365 2687 3652 2758 δραμεῖται
3679 2687 3716 2740 '6

2140 2783 2294 2852 λόγος
2333 2779 2516 2834 αὐτοῦ.
2549 2799 2568 2834 ι

2663 2913 3064 2968 ΚΕΦΑΛΑῘΟΝ
3095 2913 3196 2965 IA'.

2155 3049 2300 3106 Ἀπὸ
2335 3049 2444 3118 τῆς
2479 3050 2760 3118 δευτέρας
2797 3047 2914 3102 τῶν
2939 3045 3290 3118 Βασιλειῶν.
3313 3077 3383 3118 -_-—
3405 3047 3619 3118 Κύριρς
3643 3047 3714 3110 ἐξ

2216 3115 2475 3199 ούρανοῦ
2495 3115 2742 3199 κατ’ιῶκὶ
2753 3115 3378 3199 ἡγούμετςοςλζῶηνπρζιν
3403 3118 3511 3199 ρύκ
3535 3116 3715 3199 ἐξενω-

2208 3185 2397 3245 κότων
2443 3192 2627 3244 αὑτὸν
2679 3185 2911 3254 ἐθνῶν,
2957 3187 3024 3242 τὸ
3065 3187 3133 3240 δὲ
3197 3185 3496 3240 Ἰουδαίων
3537 3185 3714 3252 ἔθνος

2212 3262 2847 3315 ἀποστοαωησόιιενος.

2253 3273 2847 3330 ποστραφησόμενος.

2224 3417 2240 3448 ι
2275 3396 2386 3449 Καὶ
2421 3395 2650 3466 ὲλάλησε
2691 3392 2858 3448 Δαϐὶδ
2893 3391 2971 3462 τῷ
3001 3390 3188 3462 Κυρίῳ
3219 3389 3344 3454 τοὺς
3385 3387 3573 3456 λόγους
3613 3387 3714 3456 τῆς

2149 3485 2290 3556 ᾠδῆς
2316 3485 2536 3554 ταύτης.
2577 3505 2594 3534 ι
2627 3479 2738 3535 Εἶθ’
2773 3481 2897 3552 ἑξῆς
2921 3497 3050 3551 φησι
3079 3497 3090 3508 ·
3133 3497 3150 3528 ι
3179 3479 3288 3531 Καὶ
3319 3477 3522 3529 ἔκλινεν
3547 3477 3714 3546 ούρα-

2150 3579 2273 3642 νοὺς
2313 3579 2404 3632 καὶ
2445 3575 2648 3646 κατέϐη
2669 3615 2684 3640 ,
2726 3574 2820 3628 καὶ
2856 3573 3051 3642 γνόφος
3091 3571 3344 3624 ὑποκάτω
3387 3569 3495 3622 τῶν
3537 3567 3714 3620 ποδῶν

2151 3669 2312 3724 αὑτοῦ
2337 3687 2350 3700 ’
2390 3670 2483 3722 ml.
2515 3667 2684 3737 ἐπέϐη
2722 3665 2815 3717 ἐπὶ
2843 3661 3104 3736 χερουϐὶμ
3125 3701 3138 3724 ,
3173 3659 3443 3730 ὲπετάσθη
3467 3659 3559 3712 ἐπὶ
3587 3673 3716 3710 πτε-

2153 3761 2330 3834 ρύγων
2355 3760 2588 3830 ἀνέμων,
2619 3759 2711 3810 καὶ
2735 3755 2883 3809 ἔθετο
2915 3753 3098 3816 σκότος
3123 3753 3442 3822 ἀποκρυφὴν
3473 3748 3656 3802 αὐτοῦ.
3687 3765 3712 3801 ι

2153 3851 2258 3902 Καὶ
2293 3849 2382 3901 ἐπὶ
2409 3849 2548 3902 τέλει
2573 3848 2672 3916 τῆς
2707 3845 2873 3914 αὐτῆς
2905 3843 3078 3914 ᾠδῆς·
3120 3861 3138 3894 ι
3183 3839 3348 3914 Ῥύσῃ
3383 3857 3478 3910 με,
3511 3839 3716 3910 φησὶν,

2153 3941 2212 4006 ἐξ
2259 3939 2571 4008 ἀντιλογιῶν
2623 3937 2771 3990 λαοῦ.
2821 3936 3194 4005 Καταστήσεις
3246 3949 3310 4004 με
3355 3933 3434 3994 είς
3479 3929 3717 4002 κεφαλὴν

2153 4033 2340 4086 ἐθνῶν.
2377 4033 2513 4093 Aab;
2547 4029 2604 4082 ὃν
2637 4029 2736 4082 οὐκ
2768 4027 2957 4095 ἔγνων,
2989 4025 3266 4080 ἐδούλευσε
3293 4041 3400 4096 μοι,
3437 4025 3516 4086 εἰς
3547 4024 3716 4094 ἀκοὴν

2153 4123 2312 4178 ὠτίου
2371 4119 2642 4190 ὑπήκουσέ
2701 4135 2822 4189 μου.
2875 4118 2994 4170 Υἱοὶ
3059 4116 3323 4187 ἀλλότριοι
3373 4113 3714 4186 suosmet-

2157 4232 2356 4268 σονται.
2405 4231 2426 4265 ι
2489 4211 2547 4264 'U
2599 4211 2785 4274 κλίνας
2829 4209 3090 4281 οὐρανοὺς
3135 4209 3228 4260 καὶ⁹
3271 4205 3510 4269 καταϐὰς
3551 4205 3714 4268 Θεὸς,

2153 4311 2182 4363 6
2210 4307 2403 4372 ὲπιϐἀς
2435 4299 2478 4374 ᾧ
2509 4303 2792 4374 ἀνείληφεν
2811 4300 3098 4373 ἀνθρώπῳ,
3124 4300 3304 4352 ὅντινα
3329 4297 3422 4350 νῦν
3455 4295 3716 4368 χερουϐὶμ

2155 4401 2184 4452 6
2219 4398 2372 4466 λόγος
2398 4393 2650 4467 ὀνομάζει
2671 4434 2685 4458 ,
2719 4393 2924 4463 ἀνέπτη
2959 4393 3054 4444 σὺν
3083 4389 3230 4460 αύτῷ
3263 4389 3357 4460 τὴν
3398 4388 3578 4442 ἀνοδον
3617 4405 3714 4440 πε-

2157 4488 2450 4558 ποιημένος
2505 4485 2643 4558 μετά
2695 4483 2802 4538 τῶν
2861 4481 3296 4554 δορυφορούντων
3347 4479 3508 4532 αὐτὸν
3559 4477 3716 4532 θείων

2157 4584 2478 4656 πνευμάτων
2498 4623 2513 4648 ,
2548 4581 2832 4652 πτερύγων
2871 4577 3084 4650 ἀνέμων
3125 4578 3218 4632 καὶ
3247 4575 3423 4628 αὐτῶν
3457 4589 3716 4646 χρηματι-

489 4667 592 4734 ipsi
623 4681 839 4736 quoque
869 4675 1156 4721 ventorum
1185 4681 1373 4736 penna:
1401 4667 1765 4736 appellantur.
1799 4665 2043 4721 Obscure

2157 4675 2364 4740 ἰόντων.
2391 4673 2688 4734 Σκοτεινῶς
2715 4671 2772 4722 δὲ
2803 4668 2972 4722 ταῦτα
2995 4667 3088 4720 καὶ
3111 4669 3166 4720 ὲν
3199 4663 3532 4736 παραϐύστῳ
3556 4679 3714 4730 γεγε-

487 4773 618 4812 vero
653 4757 764 4812 haec
785 4765 839 4812 et
891 4759 944 4812 in
977 4757 1300 4812 abscondito
1335 4755 1474 4810 facta
1506 4773 1648 4820 esse,
1679 4773 1774 4826 per
1804 4757 2050 4828 quaedam

490 4865 687 4906 arcana
727 4857 781 4904 et
829 4851 1052 4904 latentia
1097 4849 1262 4904 verba
1306 4847 1598 4916 significat,
1653 4851 1744 4903 ubi
1775 4850 1880 4902 ait:
1925 4866 1944 4898 ι
1983 4848 2050 4902 Et

493 4945 673 5016 posuit
710 4943 964 4998 tenebras
1015 4941 1304 4996 latibulum
1359 4957 1538 4997 suum.
1565 4961 1583 4992 ι
1621 4941 1752 5007 Qua:
1791 4957 1921 4996 vero
1963 4957 2050 4996 se-

489 5043 734 5106 quuntur
780 5034 1059 5104 deinceps,
1107 5042 1401 5102 assumptae
1461 5049 1490 5086 a
1537 5032 1756 5088 Christo
1810 5032 2048 5088 hominis

495 5136 702 5182 natura:
741 5135 1106 5181 consentanea
1149 5133 1298 5188 sunt,
1329 5133 1381 5180 et
1418 5125 1901 5180 contradictionem
1929 5138 2050 5195 quae

492 5219 756 5274 adversus
797 5220 946 5274 illum
987 5217 1126 5272 facta
1155 5225 1240 5272 est
1265 5215 1478 5272 Judaici
1503 5219 1684 5287 populi
1727 5219 2047 5288 praecinunt,

493 5327 704 5366 necnon
739 5311 1000 5366 doctrina:
1021 5309 1224 5365 Christi
1263 5317 1452 5380 gentes
1474 5325 1594 5364 esse
1621 5311 2046 5364 auscultaturas:

493 5403 685 5458 iisdem
721 5417 884 5472 porro
911 5403 1092 5458 verbis
1115 5402 1313 5456 similia
1341 5403 1586 5458 invenies
1615 5403 1668 5456 in
1711 5403 1920 5472 psalmo
1957 5401 2052 5456 de-

489 5495 636 5548 cimo
676 5495 938 5562 septimo:
977 5495 1030 5549 in
1077 5511 1197 5564 qua:
1229 5493 1376 5566 quod
1407 5493 1564 5550 nobis
1597 5494 1773 5548 visum
1797 5505 1900 5558 est,
1926 5499 2052 5545 ante

489 5586 599 5656 iam
635 5585 892 5640 diximus.

2155 4763 2370 4835 νῆσθαι,
2403 4762 2546 4816 κατά
2603 4777 2750 4822 τινας
2821 4760 3162 4830 ἀπορρήτους
3215 4757 3308 4810 καὶ
3360 4753 3715 4814 λανθάνοντας

2154 4857 2444 4912 αἰνίττεται
2465 4855 2677 4924 λόγους,
2716 4855 2936 4923 φάσκων
2959 4869 2972 4882 ·
3015 4871 3032 4903 ι
3059 4853 3168 4905 Καὶ
3193 4849 3342 4903 ἔθετο
3375 4849 3562 4910 σκότος
3585 4848 3716 4899 ἀπο-

2153 4945 2363 5017 κρυφὴν
2424 4943 2609 4998 αὑτοῦ.
2655 4964 2673 4996 ι
2735 4942 2816 4995 Τὰ
2865 4942 2921 4994 δὲ
2973 4939 3100 5012 ἑξῆς
3146 4938 3450 5002 ἀκολούθως
3501 4939 3568 5008 τῇ
3625 4935 3716 4990 τοῦ

2151 5036 2384 5109 Χριστοῦ
2431 5037 2839 5106 ὲνανθρωπήσει
2897 5033 2994 5104 τὴν
3052 5031 3169 5086 κατ’
3200 5029 3362 5082 αὑτοῦ
3423 5025 3717 5097 γενομένην

2151 5129 2454 5198 ἀντιλογίαν
2479 5129 2572 5182 τοῦ
2607 5126 2870 5180 Ἰουδαίων
2899 5123 3027 5178 λαοῦ
3057 5123 3337 5195 σημαίνει,
3361 5121 3454 5174 καὶ
3489 5119 3588 5190 τὴν
3613 5117 3718 5170 τῶν

2156 5222 2325 5276 ὲθνῶν
2361 5223 2599 5294 ὲπακοὴν
2624 5222 2721 5292 τῆς
2745 5217 2834 5273 τοῦ
2859 5219 3090 5291 Χριστοῦ
3123 5211 3488 5276 διδασκαλίας.
3521 5211 3717 5272 Αύτοῖς

2155 5313 2212 5366 δὲ
2244 5315 2446 5385 ῥήμασι
2470 5313 2538 5368 τά
2565 5311 2914 5382 παραπλήσια
2937 5309 3111 5381 εὕροις
3137 5307 3202 5361 ἂν
3225 5305 3318 5360 καὶ
3333 5307 3389 5358 ὲν
3407 5299 3720 5357 ὲπτακαιδε·

2159 5405 2308 5476 κάτῳ
2329 5405 2546 5478 ψαλμῷ,
2577 5407 2656 5468 είς
2687 5403 2722 5457 ἃ
2757 5403 2824 5456 τά
2859 5400 3092 5470 φανέντα
3122 5398 3460 5470 προείρηται.

551 5783 612 5814 ’δ’
639 5781 778 5838 Psal.
803 5796 990 5846 tzxuu,
1015 5787 1064 5840 9.
1127 5783 1172 5815 ⁸³
1207 5782 1348 5838 Psal.
1379 5798 1584 5852 chvtt,
1624 5783 1706 5838 l2.
1783 5783 1827 5815 “
1859 5780 1990 5838 ibid.
2021 5781 2106 5837 l5.
2183 5781 2228 5813 "
2261 5777 2404 5835 Psal.
2431 5793 2562 5842 xvu,
2593 5779 2642 5831 Ι.
2719 5777 2764 5809 ⁸⁸
2793 5775 2924 5832 ibid.
2961 5771 3146 5831 10.12.
3223 5771 3268 5806 δ’
3299 5769 3430 5824 ibid.
3462 5764 3652 5826 “46.
