3894 6510
159 363 262 421 629

699 491 1087 544 ΚΕΦΑΛΑΙΟΝ
1125 492 1224 545 IB'.

169 598 307 679 Ἀξτὸ
339 598 458 667 τῆς
494 603 706 679 τρίτης
729 605 848 679 τῶν
871 605 1217 679 Βασιλεζῶν.
1240 639 1306 649 --
1330 608 1470 675 Θεὸς
1497 613 1738 679 οὐρανόν

221 677 325 748 δι’-ΞΥ
350 672 618 738 κατιὼν,
651 677 743 727 καὶ
772 679 899 744 μετ’
932 677 1256 744 ἀνθρώπων
1277 678 1374 731 ἐπὶ
1407 672 1518 750 γῆς
1543 672 1738 736 aiatai—

219 757 363 794 κων.

227 913 244 944 ι
271 895 385 948 Καὶ
417 896 548 961 νῦν,
596 898 763 970 Κύριε
804 902 833 952 6
863 901 993 966 Θεὸς
1027 904 1260 976 Ἰσραὴλ,
1308 909 1630 982 πιστωθήτω
1674 913 1735 986 δὴ

156 985 211 1040 τὸ
237 987 388 1058 ῥῆμά
420 1006 552 1052 σου,
594 991 620 1043 6
651 991 918 1063 ὲλάλησας
948 993 1024 1065 τῷ
1056 995 1201 1048 παιδί
1231 1015 1322 1050 σου
1366 999 1443 1070 τῷ
1480 1002 1640 1055 Δαόὶδ
1662 985 1737 1076 τῷ

157 1080 311 1149 πατρί
343 1097 452 1148 μου
473 1098 490 1111 ·
530 1082 621 1135 ὃτι
657 1085 704 1136 εί
737 1083 947 1155 ἀληθῶς
976 1088 1286 1159 κατοικήσει
1318 1090 1448 1154 Θεὸς
1482 1093 1618 1162 μετὰ
1640 1096 1734 1148 ἀν-

157 1168 379 1240 θρώπων
424 1172 533 1225 ἐπὶ
563 1173 688 1244 γῆς,
716 1176 762 1228 εἰ
794 1177 822 1228 6
848 1177 1076 1249 οὐρανὸς
1102 1180 1194 1232 καὶ
1219 1183 1246 1232 6
1275 1182 1499 1252 οὐρανὸς
1529 1184 1620 1237 τοῦ
1648 1187 1736 1238 ού-

161 1261 307 1331 ρανοῦ
351 1263 461 1315 ούκ
513 1266 813 1334 ἀρκέσουσὶ
845 1285 944 1321 σοι.
972 1289 990 1319 ›
1025 1271 1213 1323 Κεῖται
1243 1272 1413 1326 ταῦτα
1442 1277 1626 1340 αὐταῖς
1653 1277 1736 1330 λέ-

157 1349 291 1416 {saw
322 1354 422 1405 καὶ
469 1356 536 1408 ἐν
571 1357 1101 1430 Παραλειπομέναις·
1143 1381 1161 1414 ‹
1197 1363 1286 1434 Τῷ
1318 1366 1414 1434 μὲν
1451 1362 1546 1420 οὖν
1574 1370 1734 1423 Δαϐὶδ

157 1445 524 1532 ἐπηγγείλατο
557 1451 589 1502 6
615 1449 747 1513 Θεὸς
786 1453 1106 1524 ἀναστήσειν
1134 1458 1197 1509 ὲκ
1223 1457 1427 1523 κοιλίας
1448 1461 1608 1514 αὑτοῦ
1640 1463 1736 1532 βα-

157 1535 312 1598 σιλέα,
347 1530 410 1590 οῦ
447 1541 646 1612 πατὴρ
674 1543 833 1606 αὐτὸς
878 1547 905 1598 6
953 1545 1083 1610 Θεὸς
1130 1546 1346 1602 ἔσεσθαί
1381 1569 1560 1621 φησιν,
1595 1530 1732 1608 ὥστε

156 1627 235 1678 τὸν
257 1629 569 1698 γενόμενον
590 1635 650 1686 ὲκ
681 1635 987 1705 σπέρματος
1013 1638 1192 1704 Δαϐὶδ,
1225 1640 1351 1696 Υίὸν
1377 1644 1731 1716 ὀνομασθῆναι

156 1718 298 1785 Θεοῦ,
317 1720 522 1792 θρόνον
556 1742 618 1777 τε
640 1725 911 1796 βασιλείας
929 1729 1067 1792 ἕξειν
1092 1730 1326 1787 αίὼνιον.
1355 1753 1373 1785 ι
1394 1735 1577 1788 Ταῦτα
1600 1737 1732 1790 δὲέν

163 1823 247 1882 μεν
271 1817 338 1885 τῇ
359 1814 608 1887 δευτέρα
639 1819 747 1872 τῶν
776 1820 1065 1876 Βασιλειῶν
1095 1823 1179 1876 διὰ
1207 1825 1390 1879 Νάθαν
1419 1827 1510 1880 τοῦ
1527 1830 1735 1900 προφή-

1063 373 1707 435 DEMONSTBATIONIS
1747 380 2200 440 EVANGELICE
2234 385 2361 443 LIB.
2401 385 2489 442 Vl.

1772 516 1819 574 Α

3296 387 3399 447 ιδο

2333 501 2496 572 239
2533 499 2760 556 CAPUT
2798 499 2914 556 xu.

1919 613 1961 666 Α
1994 615 2147 668 tertio
2181 613 2492 683 Regnorum.
2517 644 2586 655 —-
2615 612 2750 666 Deus
2778 613 2841 667 de
2872 613 2999 668 caelo
3027 613 3363 681 descendens,

2076 692 2126 738 et
2160 701 2277 737 cum
2311 683 2605 738 hominibus
2637 685 2689 737 in
2721 694 2861 738 terra
2895 684 3161 740 habitans.

1925 918 1941 951 ι
1973 899 2039 951 Et
2085 914 2228 953 nunc
2255 937 2271 963 ,
2326 897 2551 953 Domine
2599 899 2742 955 Deus
2794 899 2998 969 Israel,
3043 902 3395 959 confirmetur

1838 991 1951 1060 jam
2008 990 2233 1045 verbum
2283 998 2463 1052 tuum,
2520 991 2662 1061 quod
2714 992 2928 1048 locutus
2974 1009 3033 1048 es
3080 1009 3247 1064 puero
3300 1003 3396 1049 tuo

1843 1081 2009 1137 David
2047 1082 2186 1152 patri
2226 1097 2346 1136 meo
2382 1085 2674 1152 :quoniam
2716 1083 2762 1139 si
2795 1101 2919 1140 vere
2951 1085 3216 1142 habitabit
3249 1085 3396 1142 Deus

1841 1190 1965 1228 cum
1993 1174 2306 1230 bominibus
2335 1175 2388 1230 in
2415 1187 2590 1240 terra,
2623 1177 2668 1232 si
2697 1178 2893 1231 omium
2915 1217 2928 1240 ,
2956 1187 3011 1232 et
3044 1177 3240 1232 cmlum
3269 1176 3392 1231 caeli

1841 1279 1949 1318 non
2001 1264 2216 1334 capient
2257 1273 2308 1320 te
2342 1265 2408 1318 ⁸⁸.
2440 1287 2457 1318 i
2493 1266 2676 1322 Posita
2733 1275 2862 1322 sunt
2916 1268 3105 1322 eadem
3162 1268 3276 1322 haec
3326 1268 3391 1321 ad

1837 1358 2061 1412 verbum
2117 1359 2246 1412 item
2323 1359 2378 1413 in
2434 1357 2908 1429 Paralipomenis:
2967 1358 3232 1429 siquidem
3289 1358 3391 1428 ipsi

1839 1449 2008 1503 David
2063 1450 2337 1519 pollicitus
2395 1451 2570 1506 fuerat
2609 1450 2787 1514 Deus,
2833 1452 3192 1505 excitaturum
3231 1467 3289 1507 se
3326 1450 3393 1505 dc

1837 1549 2026 1598 ventre
2063 1543 2234 1612 ipsius
2265 1559 2477 1614 regem,
2523 1543 2682 1612 cujus
2725 1553 2932 1613 patrem
2981 1543 3096 1597 fore
3140 1559 3231 1608 se,
3277 1545 3393 1613 ipse

1838 1631 1982 1686 Deus
2021 1631 2256 1698 dixerat,
2278 1648 2452 1702 usque
2491 1633 2626 1688 adeo
2665 1641 2725 1687 ut
2764 1636 2811 1688 is
2849 1632 2942 1702 qui
2975 1640 3292 1688 nasceretur
3327 1632 3393 1687 de

1839 1729 2044 1780 semine
2097 1723 2302 1790 David,
2357 1734 2503 1781 esset
2535 1725 2706 1781 Filius
2754 1725 2847 1782 Dei
2896 1726 3291 1792 nominandus,
3337 1733 3393 1779 et

1837 1818 2033 1871 solium
2074 1818 2229 1887 regni
2267 1826 2528 1872 aeternum
2569 1818 2875 1872 habiturus.
2929 1817 3140 1873 Etenim
3183 1818 3296 1872 haec
3333 1816 3391 1872 in

158 1919 238 1954 του
262 1903 518 1976 ἐχρήσθη
551 1907 632 1976 τῷ
659 1909 817 1962 Δαὸὶδ
835 1908 1017 1963 τοῦτον
1040 1911 1128 1964 τὸν
1154 1913 1368 1984 τρόπον·
1392 1935 1409 1966 ι
1430 1917 1540 1970 Καὶ
1565 1917 1723 1983 ἔσται,

1839 1908 2082 1964 secundo
2134 1907 2478 1979 Regnorum,
2535 1924 2632 1978 per
2674 1907 2885 1963 Nathan
2935 1908 3250 1978 pr0plietam
3297 1923 3389 1962 re-

162 1993 242 2046 ἐὰν
268 1995 652 2067 πληρωθῶσιν
676 2002 730 2052 αί
764 2001 961 2072 ἡμέραι
995 2020 1108 2066 σου,
1141 2006 1232 2057 καὶ
1261 2006 1569 2080 κοιμηθήσῃ
1600 2009 1736 2078 μετὰ

160 2085 253 2138 τῶν
279 2089 551 2160 πατέρων
589 2109 703 2155 σου,
739 2094 830 2145 καὶ
855 2095 1138 2166 ἀναστήσω
1158 2096 1216 2150 τὸ
1239 2099 1458 2170 σπέρμα
1482 2116 1574 2152 σου
1599 2103 1735 2171 μετὰ

164 2177 238 2230 σέ·
265 2179 320 2243 ὃς
352 2180 516 2234 ἔσται
549 2184 616 2236 ἐκ
658 2185 754 2254 τῆς
803 2185 1006 2249 κοιλίας
1059 2203 1170 2249 σου,
1201 2188 1293 2240 καὶ
1340 2189 1612 2260 ἑτοιμάσω
1636 2192 1734 2262 τὴν

163 2268 421 2336 βασιλείαν
448 2273 648 2326 αὑτοῦ.
669 2275 838 2338 Αὐτὸς
857 2277 1196 2350 οἰκοδομήσει
1230 2297 1318 2349 μοι
1347 2276 1492 2334 οἷκον
1519 2281 1597 2352 τῷ
1617 2284 1732 2336 ὀνό-

166 2361 279 2429 ματί
303 2381 430 2432 μου,
468 2367 574 2418 καὶ
588 2365 880 2438 ἀνορθώσω
902 2369 991 2421 τὸν
1013 2369 1198 2440 θρόνον
1223 2371 1382 2424 αὐτοῦ
1411 2372 1515 2435 ἕως
1544 2376 1620 2437 είς
1641 2374 1732 2427 τὸν

163 2458 333 2511 αἰῶνα.
351 2458 503 2525 Ἐγὼ
527 2458 724 2529 ἔσομαι
745 2459 894 2530 αύτῷ
917 2463 995 2524 είς
1019 2462 1256 2532 Πατέρα,
1283 2465 1378 2517 καὶ
1401 2465 1560 2528 αὐτὸς
1583 2458 1730 2520 ἔσται

167 2567 243 2616 μοι
274 2553 350 2613 εἰς
377 2550 542 2604 Υἰόν.
577 2569 594 2600 ›
633 2551 713 2604 Τὰ
759 2551 804 2604 δ’
836 2552 974 2605 αὐτὰ
1016 2552 1106 2605 καὶ
1135 2555 1190 2604 ὲν
1228 2555 1730 2626 Παραλειπομέναις

162 2641 343 2709 ὁμοίως
382 2644 631 2713 εἴρηται.
653 2642 739 2694 Ἐν
767 2642 823 2695 δὲ
851 2642 1047 2713 ψαλμῴ
1073 2644 1411 2716 ὀγδοηκοστῷ
1449 2647 1616 2716 ὀγδόῳ
1646 2647 1732 2700 λέ-

162 2730 359 2784 λεκταιο
394 2751 411 2782 ι
442 2733 622 2797 Αὐτὸς
657 2734 1038 2791 ὲπικαλέςσεταί
1069 2753 1133 2805 με
1158 2753 1170 2766 ·
1205 2737 1396 2808 Πατήρ
1427 2756 1526 2809 μου
1557 2735 1608 2791 εἴ
1641 2740 1726 2802 σὺ,

165 2821 278 2885 Θεὸς
307 2841 430 2892 μου,
461 2824 566 2876 καὶ
599 2824 944 2896 ἀντιλήπτωρ
975 2826 1074 2895 τῆς
1106 2829 1376 2898 σωτηρίας
1408 2846 1530 2899 μου.
1560 2830 1730 2898 Κάγὼ

165 2916 497 2984 πρωτότοκον
532 2915 769 2986 θήσομαι
802 2918 982 2980 αὐτὸν,
1018 2917 1216 2988 ὑψηλὸν
1250 2901 1399 2990 παρὰ
1435 2921 1547 2983 τοῖς
1578 2923 1729 2991 βασι-

165 3004 297 3058 λεῦσι
327 3007 425 3076 τῆς
465 3008 607 3078 γῆς’
636 3009 716 3071 εἰς
757 3008 846 3062 τὸν
871 3009 1038 3063 αίῶνα
1070 3011 1288 3079 φυλάξω
1319 3011 1463 3082 αὐτῷ
1495 3013 1556 3065 τὸ
1583 3012 1728 3077 ἔλεός

170 3115 277 3166 μου,
305 3101 397 3152 καὶ
436 3102 470 3171 ὴ
497 3101 732 3171 διαθήκη
759 3119 860 3172 μου
887 3101 1049 3173 πιστὴ
1074 3103 1250 3173 αύτῷ·
1279 3105 1370 3157 καὶ
1395 3104 1628 3176 θήσομαι
1649 3108 1727 3168 είς

169 3187 244 3238 τὸν
272 3188 439 3243 αἰῶνα
471 3190 573 3242 τοῦ
601 3191 792 3253 αἰῶνος
814 3191 874 3245 τὸ
903 3192 1121 3264 σπέρμα
1149 3194 1331 3257 αὐτοῦ,
1361 3196 1454 3249 καὶ
1481 3197 1571 3250 τὸν
1600 3196 1725 3268 θρός-

168 3294 240 3330 νον
265 3281 424 3334 αὑτοῦ
452 3283 538 3344 ὡς
561 3282 659 3346 τὰς
694 3283 904 3354 ἡμέρας
925 3283 1018 3336 τοῦ
1057 3286 1115 3339 ού
1127 3286 1305 3357 ρανοῦ.
1332 3307 1350 3339 ι
1387 3289 1496 3341 Καὶ
1525 3287 1683 3342 πάλιν
1703 3307 1715 3319 ·

175 3369 391 3440 (Ὤμοσα
416 3372 588 3426 Δαόὶδ
621 3373 698 3442 τῷ
719 3373 888 3444 δούλῳ
917 3392 1016 3444 μου
1035 3393 1048 3406 °
1086 3378 1225 3441 Ἕως
1248 3379 1340 3431 τοῦ
1370 3379 1562 3444 αἰῶνος
1587 3382 1723 3435 ἑτοι-

172 3459 306 3526 μάσω
331 3463 389 3515 τὸ
422 3464 652 3536 σπέρμα
680 3481 794 3529 σου,
825 3467 916 3518 καὶ
939 3467 1274 3539 οἰκοδομήσω
1305 3473 1384 3534 είς
1415 3473 1605 3537 γενεὰν
1631 3474 1721 3528 τὸν

172 3548 333 3621 θρόνον
363 3573 478 3608 σου.
519 3576 537 3608 ι
577 3558 684 3610 Καὶ
708 3555 862 3623 αὖθις
881 3576 894 3590 ο
936 3560 1148 3625 «Ἂπαξ
1175 3561 1366 3632 ὤμοσα.
1388 3565 1443 3616 ὲν
1474 3565 1550 3635 τῷ
1585 3567 1722 3637 ἁγίῳ

176 3659 278 3711 μου,
305 3647 351 3698 εἰ
381 3649 460 3718 τῷ
490 3647 656 3700 Δαεῖιδ
679 3648 983 3720 ψεύσομαι·
1007 3652 1067 3704 τὸ
1091 3653 1307 3724 σπέρμα
1341 3655 1502 3707 αὐτοῦ
1533 3658 1610 3720 είς
1631 3657 1720 3711 τὸν

177 3734 322 3788 αἰῶνα
357 3742 534 3809 μενεῖ,
572 3741 664 3792 καὶ
693 3743 721 3793 6
745 3741 932 3813 θρόνος
961 3744 1121 3796 αὑτοῦ
1149 3744 1223 3808 ὡς
1249 3747 1277 3798 6
1308 3747 1456 3816 ἥλιος
1485 3748 1720 3802 ἐναντίον

176 3841 278 3893 μου,
305 3833 394 3883 καὶ
437 3830 520 3893 ὡς
569 3833 600 3902 ἡ
654 3833 846 3905 σελήνη
893 3837 1295 3908 κατηρτισμένη
1330 3840 1408 3901 είς
1450 3839 1539 3892 τὸν
1587 3841 1719 3893 αἰῶ-

173 3933 246 3972 να.
276 3939 292 3970 ι
321 3922 540 3976 Τούτων
567 3923 629 3995 δὴ
665 3927 757 3978 καὶ
802 3926 830 3977 6
879 3927 1166 3991 ὲκατοστὸς
1210 3931 1522 4001 τριακοστὸς
1575 3933 1722 4003 πρῶ-

175 4026 249 4073 τος
274 4012 482 4085 ψαλμὸς
519 4018 912 4088 μνημονεύσας,
949 4021 1040 4073 ἐπὶ
1085 4021 1174 4074 τὸν
1205 4023 1437 4093 Χριστὸν
1465 4024 1719 4095 ἀναφέρει

176 4102 231 4155 τὰ
251 4105 773 4180 δηλούμενα.”Ακουε
800 4111 844 4164 δ’
879 4109 971 4165 οὖν
1000 4115 1090 4166 καὶ
1118 4115 1305 4168 τούτου
1325 4133 1339 4146 ’
1375 4136 1392 4167 ι
1420 4116 1715 4188 Μνήσθητι,

179 4191 342 4264 1ίιδριε,
373 4200 470 4254 τοῦ
515 4201 695 4264 Δαϐιδ,
739 4202 828 4254 καὶ
865 4202 1044 4274 πάσης
1064 4205 1161 4275 τῆς
1187 4207 1490 4278 πραότητος
1521 4209 1714 4262 αὐτοῦ’

177 4279 238 4344 ὥς
269 4284 440 4357 ὤμοσε
477 4292 556 4361 τῷ
592 4293 796 4362 Κυρίῳ,
824 4294 1025 4364 ηύξατο
1060 4297 1137 4367 τῷ
1180 4297 1296 4368 Θεῷ
1331 4300 1538 4354 Ἰακώ6.
1567 4321 1584 4353 i
1623 4297 1718 4366 Οἷς

181 4373 278 4463 μεθ’
301 4378 458 4452 ἕτερα
499 4382 766 4450 ἐπιλέγει·
802 4385 1037 4454 «Ὧμοσε
1067 4386 1267 4456 Κύριος
1299 4387 1376 4458 τῷ
1409 4390 1569 4442 Δαΰὶδ
1596 4391 1720 4463 ἁλή-

176 4462 426 4532 θειαν,καὶ
451 4473 514 4525 ού
545 4474 617 4545 μὴ
652 4474 888 4547 ἀθετήσῃ
918 4477 1105 4546 αὑτήν.
1138 4479 1228 4530 Ἐκ
1262 4479 1471 4550 καρποῦ
1493 4482 1590 4551 τῆς
1608 4462 1718 4537 κοι-

177 4553 276 4622 λίας
302 4579 386 4616 σου
419 4565 656 4635 θήσομαι
686 4567 776 4618 ἐπὶ
800 4567 888 4620 τὸν
919 4567 1104 4639 θρόνον
1128 4587 1239 4622 σου.
1266 4590 1284 4623 ι
1315 4572 1423 4625 Καὶ
1452 4573 1716 4630 ὑποκατα-

179 4645 260 4712 6ὰς
281 4653 418 4727 ἑξῆς,
449 4657 541 4710 τὸν
573 4659 638 4711 ὲκ
664 4658 876 4729 καρποῦ
910 4661 1114 4724 κοιλίας
1144 4663 1307 4718 Δαόὶδ
1339 4665 1708 4738 ἀναστησόμε-

180 4753 250 4790 νον
276 4739 585 4817 λευκότερον
631 4747 903 4817 ὀνομάζει,
951 4749 1123 4819 λέγων
1143 4768 1155 4780 ⁸
1191 4769 1209 4802 ε
1234 4753 1380 4807 Ἑκεί
1412 4755 1712 4822 ὲξανατελῶ

180 4829 318 4899 κέρας
352 4837 429 4908 τῷ
459 4838 642 4902 Δαόὶδ,
676 4840 944 4910 ήτοίμασα
987 4841 1174 4913 λύχνον
1205 4843 1281 4914 τῷ
1308 4847 1524 4918 Χριστῷ
1570 4864 1670 4918 μου
1693 4864 1708 4877 ο

180 4922 280 4986 τοὺς
311 4927 533 5001 ἐχθροὺς
580 4929 742 4983 αὑτοῦ
783 4931 984 4986 ἐνδύσω
1021 4934 1308 5006 αἰσχύνην*
1347 4937 1438 4990 ἐπὶ
1466 4938 1522 4991 δὲ
1552 4939 1711 4992 αὐτὸν

181 5009 431 5089 ὲξιινθήσει
459 5021 519 5074 τὸ
546 5022 794 5092 άγίασμά
826 5041 947 5094 μου.
987 5043 1004 5075 ι
1033 5025 1213 5079 Ταῦτα
1245 5029 1529 5099 τοιγαροῦν
1551 5029 1709 5082 Σολο-

187 5102 280 5168 μῶν
299 5111 324 5162 6
357 5111 666 5180 σοφώτατος
695 5112 772 5183 τῷ
810 5113 1002 5168 ἑαυτοῦ
1062 5117 1228 5188 πατρὶ
1258 5118 1560 5189 χρησθέντα
1589 5136 1712 5172 συν-

183 5196 366 5264 νοήσας,
400 5202 475 5273 μὴ
494 5202 684 5273 μικρὰ,
719 5201 936 5274 μείζονα
947 5203 1002 5255 δὲ
1018 5205 1116 5274 τῆς
1139 5205 1278 5258 κατὰ
1299 5204 1581 5277 ἄνθρωπον
1611 5207 1710 5276 φύ-

184 5297 294 5350 σεως
332 5294 661 5364 τυγχάνοντα
712 5294 952 5360 συνιδὼν,
1007 5297 1097 5349 καὶ⁸
1155 5296 1351 5368 μᾶλλον
1404 5299 1707 5370 ἁρμόζοντα

185 5373 278 5448 θεῷ
316 5386 452 5457 ήπερ
500 5386 668 5456 αύτῷ,
703 5387 901 5459 καίπερ
924 5387 1034 5440 ὄντι
1073 5388 1174 5460 υἱῷ
1205 5389 1386 5452 Δαϐὶδ,
1424 5391 1621 5454 συνιείς
1651 5409 1709 5444 τε

183 5463 254 5516 τὸν
282 5475 402 5543 πρὸς
426 5473 518 5528 τοῦ
548 5473 679 5528 Θεοῦ
703 5477 1046 5546 Πρωτότοκον
1077 5478 1476 5549 ὠνομασμένον,
1504 5481 1594 5532 καὶ
1623 5479 1710 5532 τὸν

189 5559 338 5624 σαφῶς
363 5567 830 5636 προφητευόμενον
856 5568 982 5622 Υίὸν
1021 5568 1176 5630 Θεοῦ,
1210 5569 1548 5640 ύπεργέγηθε
1593 5572 1711 5633 ταῖς

1836 2015 2037 2070 sponsa
2085 2011 2216 2056 sunt
2267 2000 2372 2070 ipsi
2426 1999 2630 2064 David,
2677 2001 2732 2054 in
2782 2001 2926 2055 hunc
2970 2002 3234 2054 modum:
3269 2018 3288 2050 ‹
3325 1997 3390 2053 Et

1833 2090 1958 2154 erit,
1983 2104 2105 2143 cum
2156 2091 2409 2160 completi
2447 2089 2652 2144 fuerint
2690 2090 2808 2146 dies
2851 2091 2963 2154 tui,
3003 2097 3058 2145 et
3100 2090 3389 2145 dormieris

1833 2195 1958 2234 cum
1998 2181 2244 2250 patribus
2283 2182 2422 2244 tuis,
2455 2190 2509 2237 et
2539 2182 2816 2236 suscitabo
2850 2197 3036 2237 semen
3076 2193 3227 2236 tuum
3267 2190 3390 2252 post

1835 2281 1887 2327 te
1909 2312 1924 2336 ,
1955 2280 2011 2327 et
2041 2272 2185 2342 quod
2220 2272 2322 2326 erit
2349 2288 2414 2326 ex
2444 2281 2632 2328 ventre
2663 2281 2788 2337 tuo,
2823 2282 2875 2328 et
2920 2273 3124 2343 parabo
3163 2289 3386 2344 regnum

1832 2364 1971 2433 ejus.
2021 2361 2140 2434 Ipse
2171 2363 2457 2417 arditicabit
2485 2363 2614 2417 mihi
2649 2364 2866 2418 domum
2897 2365 2951 2418 in
2983 2365 3200 2419 nomine
3229 2381 3385 2427 meo,

1831 2465 1885 2510 et
1914 2456 2114 2525 erigam
2149 2456 2330 2510 sedem
2361 2456 2484 2524 ejus
2533 2471 2704 2525 usque
2751 2456 2818 2509 ad
2863 2456 3274 2525 sempiternum.
3323 2455 3389 2510 Et

1831 2564 1926 2603 ero
1958 2549 2034 2603 illi
2063 2549 2120 2602 in
2150 2547 2364 2604 Patrem
2387 2588 2402 2611 ,
2434 2557 2487 2603 et
2516 2549 2633 2618 ipse
2663 2549 2765 2602 erit
2797 2549 2928 2602 mihi
2961 2548 3016 2602 in
3049 2546 3246 2602 Filium
3274 2549 3337 2601 δ’.
3363 2568 3381 2601 δ

1833 2638 2032 2693 Eadem
2066 2653 2193 2693 vero
2223 2639 2382 2692 etiam
2418 2638 2472 2692 in
2515 2636 2976 2706 Paralipomenis,
3022 2635 3187 2692 simili
3227 2638 3386 2692 modo

1829 2731 1974 2786 dicta
2002 2739 2129 2784 sunt
2157 2731 2223 2784 ".
2255 2728 2311 2782 ln
2340 2731 2550 2799 psalmo
2593 2738 2771 2784 autem
2818 2730 3147 2801 octogesimo
3193 2743 3387 2790 octavo

1830 2825 2034 2878 dictum
2061 2833 2145 2880 est
2169 2844 2181 2878 :
2214 2843 2234 2875 ‹
2263 2825 2381 2895 Ipse
2407 2825 2680 2880 invocabit
2705 2841 2810 2890 me,
2835 2825 2998 2880 Pater
3022 2841 3176 2880 meus
3201 2841 3261 2881 es
3285 2833 3345 2881 tu
3362 2865 3383 2894 ,

1827 2916 1971 2972 Deus
2001 2933 2180 2981 meus,
2213 2926 2266 2972 et
2299 2924 2582 2988 susceptor
2610 2919 2802 2974 salutis
2829 2935 2982 2975 meae.
3021 2919 3086 2973 Et
3140 2935 3238 2990 ego
3270 2919 3384 2988 pri-

1828 3009 2158 3079 mogenitum
2204 3023 2403 3078 ponam
2453 3008 2639 3072 illum,
2687 3011 2962 3064 excelsum
3009 3023 3120 3078 prae
3163 3007 3385 3078 regibus

1826 3108 2028 3155 terrae:
2092 3099 2148 3153 in
2208 3107 2472 3154 aeternum
2533 3101 2762 3155 servabo
2819 3101 2897 3155 illi
2951 3100 3382 3156 misericordiam

1825 3202 2038 3251 meam,
2094 3194 2147 3242 et
2200 3195 2586 3242 testamentum
2642 3205 2856 3253 meum,
2917 3190 3074 3246 ﬁdele
3125 3191 3272 3261 ipsi:
3327 3197 3384 3245 et

1827 3292 2024 3347 ponam
2061 3279 2114 3330 in
2147 3276 2406 3332 saeculum
2442 3278 2626 3332 seculi
2671 3294 2856 3334 semen
2900 3279 3053 3349 ejus,
3098 3288 3154 3334 et
3199 3279 3381 3335 sedem

1825 3369 1946 3438 ejus
1981 3369 2126 3423 sicut
2169 3368 2286 3423 dies
2332 3369 2456 3423 cceli
2494 3369 2558 3422 ".
2592 3388 2610 3418 ι
2639 3369 2704 3422 Ει
2737 3386 2927 3426 rursus
2959 3390 2972 3424 :
3005 3391 3023 3422 ‹
3052 3369 3236 3425 Juravi
3278 3369 3384 3422 Da—

1822 3459 1915 3515 vid
1949 3475 2106 3515 servo
2145 3475 2265 3515 meo
2292 3478 2304 3513 :
2331 3459 2513 3529 Usque
2552 3461 2604 3514 in
2645 3462 2900 3517 saeculum
2941 3461 3254 3530 praeparabo
3297 3476 3384 3516 se-

1826 3560 1948 3599 men
1977 3555 2128 3599 tuum
2152 3585 2167 3609 ,
2198 3554 2251 3600 et
2281 3547 2562 3602 aediﬁcabo
2596 3549 2652 3602 in
2684 3550 3088 3620 generationem
3117 3559 3171 3604 et
3217 3565 3380 3619 gene-

1827 3637 2090 3692 rationem
2153 3637 2336 3694 sedem
2393 3647 2542 3694 tuam
2579 3643 2646 3697 ⁸³.
2688 3661 2705 3692 ι
2740 3642 2806 3696 Et
2859 3659 3052 3697 rursus
3089 3663 3102 3696 :
3142 3662 3161 3695 ι
3201 3641 3379 3698 Semel

1821 3731 1999 3800 juravi
2043 3731 2097 3786 in
2143 3740 2330 3788 sancto
2375 3749 2532 3799 meo,
2579 3734 2627 3789 si
2672 3733 2839 3789 David
2878 3737 3151 3802 mentiar;
3196 3750 3383 3791 semen

1825 3825 1944 3893 ejus
1975 3826 2027 3880 in
2059 3825 2317 3881 saeculum
2359 3835 2575 3891 manet,
2609 3837 2664 3882 et
2697 3827 2854 3883 sedes
2882 3828 3003 3898 ejus
3034 3828 3178 3883 sicut
3210 3827 3292 3883 sol
3323 3828 3380 3886 in

1825 3927 2120 3990 conspectu
2169 3933 2320 3982 meo,
2372 3927 2425 3972 et
2467 3917 2612 3974 sicut
2657 3920 2785 3974 luna
2829 3920 3064 3992 perfecta
3108 3925 3162 3977 in
3205 3937 3381 3978 sacu—

1825 4012 1934 4065 lum
1967 4011 2033 4066 ⁸³.
2071 4031 2088 4063 ι
2125 4010 2286 4081 270
2314 4009 2484 4066 Porro
2513 4028 2635 4067 cum
2662 4012 2846 4068 eadem
2895 4014 3007 4069 haec
3045 4016 3207 4070 etiam
3251 4031 3382 4072 cen-

1827 4104 2054 4159 tesimus
2086 4105 2402 4160 tricesimus
2436 4105 2644 4176 primus
2677 4106 2920 4176 psalmus
2949 4115 3378 4174 commemoret,

1825 4197 1893 4250 ad
1946 4196 2219 4253 Christum
2274 4196 2440 4253 refert
2485 4212 2548 4253 ea
2607 4214 2729 4268 quae
2777 4197 2965 4252 dictat.
3023 4197 3162 4254 Audi
3216 4200 3382 4271 igitur

1824 4288 1967 4342 hunc
2019 4304 2278 4360 quoque:
2315 4309 2334 4340 ‹
2373 4289 2677 4356 Memento,
2737 4290 2998 4354 Domine,
3057 4290 3224 4346 David
3254 4333 3270 4358 ,
3325 4300 3380 4348 et

1824 4380 2001 4436 omnis
2032 4382 2468 4438 mansuetudinis
2517 4384 2634 4452 ejus
2676 4402 2688 4437 :
2749 4383 2890 4440 sicut
2941 4384 3146 4453 juravit
3196 4383 3382 4439 Domi-

1823 4488 1928 4537 no,
1965 4481 2149 4529 votum
2183 4476 2326 4530 vovit
2353 4474 2464 4530 Deo
2495 4475 2664 4530 Jacob
2696 4475 2762 4528 ⁸⁸.
2805 4495 2823 4527 ι
2863 4477 3071 4542 Quibus
3113 4483 3234 4546 post
3273 4477 3378 4530 alia

1825 4563 2082 4635 deinceps
2129 4566 2416 4637 adiungit:
2454 4584 2472 4617 ι
2505 4565 2717 4620 Juravit
2763 4565 3024 4620 Dominus
3072 4565 3242 4620 David
3286 4581 3378 4621 ve-

1819 4654 2068 4722 ritatem,
2098 4665 2151 4711 et
2180 4673 2287 4712 non
2330 4657 2686 4712 frustrabitur
2727 4673 2870 4713 eum.
2904 4656 2979 4713 De
3021 4656 3200 4712 fructu
3247 4673 3376 4712 ven-

1819 4744 1921 4800 tris
1968 4746 2046 4800 tui
2091 4762 2283 4816 ponam
2331 4765 2497 4819 super
2548 4748 2729 4804 sedem
2790 4758 2937 4802 tuam
2985 4750 3052 4805 ".
3087 4769 3105 4801 ι
3139 4749 3202 4803 Ει
3243 4763 3378 4819 pau-

1819 4837 1929 4890 lum
1962 4853 2285 4909 progressus
2327 4840 2618 4911 deinceps,
2665 4857 2788 4896 eum
2833 4842 2925 4912 qui
2971 4842 3043 4896 sit
3087 4842 3154 4897 de
3194 4841 3376 4897 fructu

1818 4930 2025 4985 ventris
2075 4928 2242 4984 David
2293 4931 2676 4997 suscitandus,
2727 4933 2947 5003 planius
2995 4931 3241 4987 nominat
3291 4932 3378 4986 di-

1818 5035 1948 5078 cens
1978 5042 1989 5075 :
2016 5041 2034 5071 ι
2057 5023 2171 5076 lllic
2199 5024 2494 5093 producam
2532 5040 2704 5079 cornu
2739 5023 2903 5079 David
2925 5064 2941 5089 ,
2977 5023 3161 5094 paravi
3195 5024 3374 5078 lucer-

1818 5128 1942 5166 nam
1989 5112 2210 5169 Cbristo
2255 5131 2407 5179 meo,
2454 5115 2703 5170 inimicos
2743 5115 2862 5184 ejus
2904 5114 3124 5170 induam
3165 5113 3374 5185 confu-

1818 5205 1989 5259 sione.
2044 5205 2218 5276 Super
2271 5208 2448 5277 ipsum
2502 5215 2679 5261 autem
2721 5205 2985 5261 elllorebit
3016 5205 3374 5261 sanctiﬁcatio

1815 5311 1933 5349 mea
1965 5297 2030 5350 ⁵⁸.
2063 5316 2082 5348 ι
2110 5297 2297 5367 Itaque
2328 5299 2441 5352 hinc
2470 5297 2726 5353 Salomon
2757 5297 3226 5368 sapientissimus,
3255 5313 3375 5368 quae

1814 5389 1954 5457 patri
1991 5406 2092 5445 suo
2122 5405 2384 5461 responsa
2419 5390 2663 5454 fuerant,
2697 5405 2821 5444 cum
2857 5390 3216 5445 intellexisset
3259 5405 3374 5446 non

1816 5475 1889 5529 ita
1923 5493 2086 5546 parva
2116 5494 2268 5542 esse,
2306 5479 2401 5534 sed
2434 5479 2643 5549 majora
2675 5495 2834 5550 quam
2865 5488 2924 5535 ut
2955 5488 3164 5540 natura!
3196 5481 3379 5537 homi-

1817 5568 1905 5624 nis
1947 5573 2235 5627 convenire
2275 5580 2529 5642 possent,
2578 5571 2793 5642 Deoque
2837 5573 3017 5644 potius
3067 5588 3377 5630 accomm0~

189 5734 352 5832 "illi
377 5742 876 5832 Beg;xllt.26:‘27..
948 5748 992 5782 δ’
1025 5748 1066 5802 ll
1090 5747 1558 5832 Reg.AVll,-39_:ié.
1599 5819 1612 5832 _
1635 5747 1716 5832 _'°l
1742 5748 2084 5832 lZ:_ar.al.._itxi_i1
2108 5753 2205 5832 lt);
2266 5754 2308 5785 “
2351 5753 2493 5810 Psal.
2520 5769 2780 5819 Lxxxvm,
2812 5754 3006 5811 27-30.
3081 5755 3126 5787 "
3159 5752 3289 5814 ibid.
3317 5751 3376 5815 «ἃ.

246 5805 356 5868 ibid.
387 5805 584 5881 διεῖδε.
659 5817 705 5848 ιδ
741 5805 882 5874 Psal.
935 5832 1115 5883 cmi,
1146 5805 1198 5889 t‘j
1219 5820 1273 5874 ε.
1334 5805 1394 5853 ’σε
1425 5819 1554 5875 ibid.
1595 5819 1680 5873 ll.

1841 5821 1970 5876 ibid.
2003 5805 2106 5889 li,
2144 5805 2227 5877 is.
