  <div class='ocr_page' id='page_1' title='image "/cluster/home/n/w/nwhite01/storage/ocr_20150623/22/hvd.32044020605168/223.png"; bbox 0 0 3894 6520; ppageno 0'>
   <div class='ocr_carea' id='block_1_1' title="bbox 471 377 2038 456">
    <p class='ocr_par' dir='ltr' id='par_1_1' title="bbox 471 377 2038 456">
     <span class='ocr_line' id='line_1_1' title="bbox 471 377 2038 456; baseline -0.013 0"><span class='ocrx_word' id='word_1_1' title='bbox 471 381 584 456; x_wconf 66' lang='grc' dir='ltr'>ἰει</span> <span class='ocrx_word' id='word_1_2' title='bbox 1127 390 1394 450; x_wconf 68' lang='lat' dir='ltr'><strong>susse&quot;</strong></span> <span class='ocrx_word' id='word_1_3' title='bbox 1422 377 1894 446; x_wconf 59' lang='lat' dir='ltr'><strong>cmsitﬁmnsus</strong></span> <span class='ocrx_word' id='word_1_4' title='bbox 1931 380 2038 442; x_wconf 77' lang='lat' dir='ltr'><strong>om</strong></span> 
     </span>
    </p>
   </div>
   <div class='ocr_carea' id='block_1_2' title="bbox 2147 377 3723 456">
    <p class='ocr_par' dir='ltr' id='par_1_2' title="bbox 2147 377 3723 438">
     <span class='ocr_line' id='line_1_2' title="bbox 2147 377 3723 438; baseline -0.005 0"><span class='ocrx_word' id='word_1_5' title='bbox 2147 381 2301 438; x_wconf 71' lang='lat' dir='ltr'><strong>’ARS</strong></span> <span class='ocrx_word' id='word_1_6' title='bbox 2337 381 2401 438; x_wconf 84' lang='lat' dir='ltr'><strong>ll.</strong></span> <span class='ocrx_word' id='word_1_7' title='bbox 2439 412 2504 422; x_wconf 90' lang='lat'><strong>—-</strong></span> <span class='ocrx_word' id='word_1_8' title='bbox 2546 377 3049 435; x_wconf 68' lang='lat' dir='ltr'><strong>APOLOGETICA.’</strong></span> <span class='ocrx_word' id='word_1_9' title='bbox 3612 377 3723 431; x_wconf 59' lang='grc' dir='ltr'>δεῖ.</span> 
     </span>
    </p>
   </div>
   <div class='ocr_carea' id='block_1_3' title="bbox 489 495 2038 584">
    <p class='ocr_par' dir='ltr' id='par_1_3' title="bbox 489 501 2035 584">
     <span class='ocr_line' id='line_1_3' title="bbox 489 501 2035 584; baseline -0.012 -10"><span class='ocrx_word' id='word_1_10' title='bbox 489 514 666 574; x_wconf 82' lang='lat' dir='ltr'><strong>danda</strong></span> <span class='ocrx_word' id='word_1_11' title='bbox 695 529 857 584; x_wconf 88' lang='lat' dir='ltr'><strong>quam</strong></span> <span class='ocrx_word' id='word_1_12' title='bbox 889 513 1026 578; x_wconf 88' lang='lat' dir='ltr'><strong>sibi,</strong></span> <span class='ocrx_word' id='word_1_13' title='bbox 1059 525 1182 564; x_wconf 90' lang='lat' dir='ltr'><strong>cum</strong></span> <span class='ocrx_word' id='word_1_14' title='bbox 1215 515 1360 563; x_wconf 90' lang='lat' dir='ltr'><strong>esset</strong></span> <span class='ocrx_word' id='word_1_15' title='bbox 1411 521 1626 576; x_wconf 88' lang='lat' dir='ltr'><strong>quoque</strong></span> <span class='ocrx_word' id='word_1_16' title='bbox 1677 505 1817 560; x_wconf 91' lang='lat' dir='ltr'><strong>ﬁlius</strong></span> <span class='ocrx_word' id='word_1_17' title='bbox 1869 501 2035 557; x_wconf 84' lang='lat' dir='ltr'>David</span> 
     </span>
    </p>
   </div>
   <div class='ocr_carea' id='block_1_4' title="bbox 2147 495 3728 584">
    <p class='ocr_par' dir='ltr' id='par_1_4' title="bbox 2167 495 3728 570">
     <span class='ocr_line' id='line_1_4' title="bbox 2167 495 3728 570; baseline -0.003 -17"><span class='ocrx_word' id='word_1_18' title='bbox 2167 499 2536 570; x_wconf 75' lang='grc' dir='ltr'>ἐπαγγελίαις,</span> <span class='ocrx_word' id='word_1_19' title='bbox 2596 497 2689 552; x_wconf 73' lang='grc' dir='ltr'><strong>καὶ</strong></span> <span class='ocrx_word' id='word_1_20' title='bbox 2751 498 3063 568; x_wconf 77' lang='grc' dir='ltr'><strong>συνεύχεται</strong></span> <span class='ocrx_word' id='word_1_21' title='bbox 3105 495 3449 566; x_wconf 74' lang='grc' dir='ltr'><strong>πιστωθῆναι</strong></span> <span class='ocrx_word' id='word_1_22' title='bbox 3505 495 3570 550; x_wconf 69' lang='grc' dir='ltr'><strong>τά</strong></span> <span class='ocrx_word' id='word_1_23' title='bbox 3623 497 3728 567; x_wconf 72' lang='grc' dir='ltr'>τῆς</span> 
     </span>
    </p>
   </div>
   <div class='ocr_carea' id='block_1_5' title="bbox 409 589 2038 678">
    <p class='ocr_par' dir='ltr' id='par_1_5' title="bbox 409 596 2038 678">
     <span class='ocr_line' id='line_1_5' title="bbox 409 596 2038 678; baseline -0.009 -15"><span class='ocrx_word' id='word_1_24' title='bbox 409 621 420 632; x_wconf 78' lang='grc'><strong><em>⁸</em></strong></span> <span class='ocrx_word' id='word_1_25' title='bbox 487 609 820 678; x_wconf 86' lang='lat' dir='ltr'><strong>vidissetque</strong></span> <span class='ocrx_word' id='word_1_26' title='bbox 871 620 1028 667; x_wconf 89' lang='lat' dir='ltr'><strong>eum,</strong></span> <span class='ocrx_word' id='word_1_27' title='bbox 1085 603 1178 672; x_wconf 87' lang='lat' dir='ltr'><strong>qui</strong></span> <span class='ocrx_word' id='word_1_28' title='bbox 1228 615 1257 653; x_wconf 91' lang='lat' dir='ltr'><strong>a</strong></span> <span class='ocrx_word' id='word_1_29' title='bbox 1299 601 1408 656; x_wconf 93' lang='lat' dir='ltr'><strong>Deo</strong></span> <span class='ocrx_word' id='word_1_30' title='bbox 1445 597 1843 670; x_wconf 85' lang='lat' dir='ltr'><strong>Primogenitus</strong></span> <span class='ocrx_word' id='word_1_31' title='bbox 1889 596 2038 650; x_wconf 88' lang='lat' dir='ltr'><strong>nomi</strong></span> 
     </span>
    </p>
   </div>
   <div class='ocr_carea' id='block_1_6' title="bbox 2147 589 3726 678">
    <p class='ocr_par' dir='ltr' id='par_1_6' title="bbox 2165 589 3726 665">
     <span class='ocr_line' id='line_1_6' title="bbox 2165 589 3726 665; baseline -0.004 -19"><span class='ocrx_word' id='word_1_32' title='bbox 2165 594 2552 665; x_wconf 75' lang='grc' dir='ltr'>προρρήσεως,</span> <span class='ocrx_word' id='word_1_33' title='bbox 2597 591 2948 662; x_wconf 75' lang='grc' dir='ltr'><strong>ἐπιδημήσειν</strong></span> <span class='ocrx_word' id='word_1_34' title='bbox 2993 607 3052 642; x_wconf 91' lang='grc' dir='ltr'><strong>τε</strong></span> <span class='ocrx_word' id='word_1_35' title='bbox 3094 590 3185 642; x_wconf 82' lang='grc' dir='ltr'><strong>τὸν</strong></span> <span class='ocrx_word' id='word_1_36' title='bbox 3251 589 3726 662; x_wconf 75' lang='grc' dir='ltr'>προφητευόμενον</span> 
     </span>
    </p>
   </div>
   <div class='ocr_carea' id='block_1_7' title="bbox 488 680 2038 767">
    <p class='ocr_par' dir='ltr' id='par_1_7' title="bbox 488 687 2026 767">
     <span class='ocr_line' id='line_1_7' title="bbox 488 687 2026 767; baseline -0.008 -12"><span class='ocrx_word' id='word_1_37' title='bbox 488 710 729 764; x_wconf 88' lang='lat' dir='ltr'><strong>naretur,</strong></span> <span class='ocrx_word' id='word_1_38' title='bbox 760 697 954 767; x_wconf 90' lang='lat' dir='ltr'><strong>quippe</strong></span> <span class='ocrx_word' id='word_1_39' title='bbox 987 693 1144 764; x_wconf 85' lang='lat' dir='ltr'><strong>plane</strong></span> <span class='ocrx_word' id='word_1_40' title='bbox 1175 692 1315 746; x_wconf 92' lang='lat' dir='ltr'><strong>ﬁlius</strong></span> <span class='ocrx_word' id='word_1_41' title='bbox 1369 689 1469 743; x_wconf 82' lang='lat' dir='ltr'><strong>Dei&#39;</strong></span> <span class='ocrx_word' id='word_1_42' title='bbox 1511 688 1780 743; x_wconf 81' lang='lat' dir='ltr'><strong>diceretur</strong></span> <span class='ocrx_word' id='word_1_43' title='bbox 1811 687 2026 743; x_wconf 82' lang='lat' dir='ltr'><strong>futurus</strong></span> 
     </span>
    </p>
   </div>
   <div class='ocr_carea' id='block_1_8' title="bbox 2147 680 3722 767">
    <p class='ocr_par' dir='ltr' id='par_1_8' title="bbox 2163 680 3722 754">
     <span class='ocr_line' id='line_1_8' title="bbox 2163 680 3722 754; baseline -0.003 -19"><span class='ocrx_word' id='word_1_44' title='bbox 2163 683 2505 754; x_wconf 89' lang='grc' dir='ltr'>Πρωτότοκον</span> <span class='ocrx_word' id='word_1_45' title='bbox 2534 683 2627 734; x_wconf 73' lang='grc' dir='ltr'><strong>καὶ</strong></span> <span class='ocrx_word' id='word_1_46' title='bbox 2666 681 2800 734; x_wconf 87' lang='grc' dir='ltr'>Θεοῦ</span> <span class='ocrx_word' id='word_1_47' title='bbox 2846 681 2972 734; x_wconf 81' lang='grc' dir='ltr'>Υἱὺν</span> <span class='ocrx_word' id='word_1_48' title='bbox 3010 680 3370 751; x_wconf 72' lang='grc' dir='ltr'><strong>ἀναγορεύων.</strong></span> <span class='ocrx_word' id='word_1_49' title='bbox 3411 680 3500 731; x_wconf 83' lang='grc' dir='ltr'>Διό</span> <span class='ocrx_word' id='word_1_50' title='bbox 3545 696 3682 750; x_wconf 76' lang='grc' dir='ltr'>φησι</span> <span class='ocrx_word' id='word_1_51' title='bbox 3707 697 3722 709; x_wconf 73' lang='grc' dir='ltr'><strong><em>ο</em></strong></span> 
     </span>
    </p>
   </div>
   <div class='ocr_carea' id='block_1_9' title="bbox 488 771 2038 853">
    <p class='ocr_par' dir='ltr' id='par_1_9' title="bbox 488 778 2038 853">
     <span class='ocr_line' id='line_1_9' title="bbox 488 778 2038 853; baseline -0.01 -7"><span class='ocrx_word' id='word_1_52' title='bbox 488 791 644 846; x_wconf 79' lang='lat' dir='ltr'><strong>valde</strong></span> <span class='ocrx_word' id='word_1_53' title='bbox 698 787 896 842; x_wconf 80' lang='lat' dir='ltr'><strong>talibus</strong></span> <span class='ocrx_word' id='word_1_54' title='bbox 945 782 1230 853; x_wconf 86' lang='lat' dir='ltr'><strong>promissis</strong></span> <span class='ocrx_word' id='word_1_55' title='bbox 1296 780 1515 852; x_wconf 74' lang='lat' dir='ltr'><strong>gavisus</strong></span> <span class='ocrx_word' id='word_1_56' title='bbox 1567 788 1651 834; x_wconf 90' lang='lat' dir='ltr'><strong>est</strong></span> <span class='ocrx_word' id='word_1_57' title='bbox 1707 798 1720 834; x_wconf 90' lang='lat'>:</span> <span class='ocrx_word' id='word_1_58' title='bbox 1777 785 1832 833; x_wconf 87' lang='lat' dir='ltr'><strong>et</strong></span> <span class='ocrx_word' id='word_1_59' title='bbox 1886 778 2038 832; x_wconf 85' lang='lat' dir='ltr'><strong>simul</strong></span> 
     </span>
    </p>
   </div>
   <div class='ocr_carea' id='block_1_10' title="bbox 2147 771 3730 853">
    <p class='ocr_par' dir='ltr' id='par_1_10' title="bbox 2159 771 3730 844">
     <span class='ocr_line' id='line_1_10' title="bbox 2159 771 3730 844; baseline -0.002 -18"><span class='ocrx_word' id='word_1_60' title='bbox 2159 793 2177 826; x_wconf 78' lang='grc' dir='ltr'><strong>ι</strong></span> <span class='ocrx_word' id='word_1_61' title='bbox 2208 776 2317 828; x_wconf 77' lang='lat' dir='ltr'><strong>Kal</strong></span> <span class='ocrx_word' id='word_1_62' title='bbox 2347 774 2459 838; x_wconf 87' lang='grc' dir='ltr'>νῦν,</span> <span class='ocrx_word' id='word_1_63' title='bbox 2497 776 2524 826; x_wconf 85' lang='lat'><strong>6</strong></span> <span class='ocrx_word' id='word_1_64' title='bbox 2557 773 2690 836; x_wconf 82' lang='grc' dir='ltr'>Θεὸς</span> <span class='ocrx_word' id='word_1_65' title='bbox 2727 773 2961 844; x_wconf 86' lang='grc' dir='ltr'>Ἰσραὴλ,</span> <span class='ocrx_word' id='word_1_66' title='bbox 2995 772 3315 842; x_wconf 75' lang='grc' dir='ltr'>πιστωθήτω</span> <span class='ocrx_word' id='word_1_67' title='bbox 3358 772 3420 842; x_wconf 80' lang='grc' dir='ltr'>δὴ</span> <span class='ocrx_word' id='word_1_68' title='bbox 3462 771 3523 824; x_wconf 82' lang='grc' dir='ltr'><strong>τὸ</strong></span> 
     </span>
    </p>
   </div>
   <div class='ocr_carea' id='block_1_11' title="bbox 489 863 2038 950">
    <p class='ocr_par' dir='ltr' id='par_1_11' title="bbox 489 869 2038 950">
     <span class='ocr_line' id='line_1_11' title="bbox 489 869 2038 950; baseline -0.008 -14"><span class='ocrx_word' id='word_1_69' title='bbox 489 881 763 950; x_wconf 81' lang='lat' dir='ltr'><strong>emptavit</strong></span> <span class='ocrx_word' id='word_1_70' title='bbox 803 874 1115 932; x_wconf 90' lang='lat' dir='ltr'><strong>conﬁrmari</strong></span> <span class='ocrx_word' id='word_1_71' title='bbox 1161 888 1256 940; x_wconf 88' lang='lat' dir='ltr'><strong>ea,</strong></span> <span class='ocrx_word' id='word_1_72' title='bbox 1305 887 1426 942; x_wconf 66' lang='lat' dir='ltr'><strong>quae</strong></span> <span class='ocrx_word' id='word_1_73' title='bbox 1459 871 1526 926; x_wconf 88' lang='lat' dir='ltr'><strong>ad</strong></span> <span class='ocrx_word' id='word_1_74' title='bbox 1569 871 1673 926; x_wconf 91' lang='lat' dir='ltr'><strong>hoc</strong></span> <span class='ocrx_word' id='word_1_75' title='bbox 1725 869 2038 925; x_wconf 87' lang='lat' dir='ltr'><strong>vaticinium</strong></span> 
     </span>
    </p>
   </div>
   <div class='ocr_carea' id='block_1_12' title="bbox 2147 863 3722 950">
    <p class='ocr_par' dir='ltr' id='par_1_12' title="bbox 2154 863 3722 935">
     <span class='ocr_line' id='line_1_12' title="bbox 2154 863 3722 935; baseline -0.003 -16"><span class='ocrx_word' id='word_1_76' title='bbox 2154 884 2266 932; x_wconf 86' lang='grc' dir='ltr'>σου,</span> <span class='ocrx_word' id='word_1_77' title='bbox 2301 865 2328 918; x_wconf 82' lang='grc' dir='ltr'><strong>ὃ</strong></span> <span class='ocrx_word' id='word_1_78' title='bbox 2359 865 2623 935; x_wconf 85' lang='grc' dir='ltr'>ὲλάλησας</span> <span class='ocrx_word' id='word_1_79' title='bbox 2660 864 2738 935; x_wconf 79' lang='grc' dir='ltr'>τῷ</span> <span class='ocrx_word' id='word_1_80' title='bbox 2781 865 2927 917; x_wconf 82' lang='grc' dir='ltr'>παιδί</span> <span class='ocrx_word' id='word_1_81' title='bbox 2963 881 3052 917; x_wconf 81' lang='grc' dir='ltr'><strong>σου</strong></span> <span class='ocrx_word' id='word_1_82' title='bbox 3085 863 3250 916; x_wconf 70' lang='grc' dir='ltr'>Δαϐὶδ</span> <span class='ocrx_word' id='word_1_83' title='bbox 3279 863 3356 932; x_wconf 78' lang='grc' dir='ltr'>τῷ</span> <span class='ocrx_word' id='word_1_84' title='bbox 3383 863 3545 934; x_wconf 81' lang='grc' dir='ltr'>πατρί</span> <span class='ocrx_word' id='word_1_85' title='bbox 3575 879 3684 931; x_wconf 83' lang='grc' dir='ltr'><strong>μου</strong></span> <span class='ocrx_word' id='word_1_86' title='bbox 3705 877 3722 894; x_wconf 87' lang='grc'>⁶</span> 
     </span>
    </p>
   </div>
   <div class='ocr_carea' id='block_1_13' title="bbox 491 953 2038 1044">
    <p class='ocr_par' dir='ltr' id='par_1_13' title="bbox 491 963 2038 1044">
     <span class='ocr_line' id='line_1_13' title="bbox 491 963 2038 1044; baseline -0.007 -17"><span class='ocrx_word' id='word_1_87' title='bbox 491 975 857 1044; x_wconf 73' lang='lat' dir='ltr'><strong>pertinerent,</strong></span> <span class='ocrx_word' id='word_1_88' title='bbox 909 981 1124 1022; x_wconf 86' lang='lat' dir='ltr'><strong>necnon</strong></span> <span class='ocrx_word' id='word_1_89' title='bbox 1182 973 1470 1021; x_wconf 87' lang='lat' dir='ltr'><strong>venturum</strong></span> <span class='ocrx_word' id='word_1_90' title='bbox 1503 965 1653 1018; x_wconf 91' lang='lat' dir='ltr'><strong>illum</strong></span> <span class='ocrx_word' id='word_1_91' title='bbox 1685 963 1752 1018; x_wconf 89' lang='lat' dir='ltr'><strong>de</strong></span> <span class='ocrx_word' id='word_1_92' title='bbox 1780 977 1888 1032; x_wconf 92' lang='lat' dir='ltr'><strong>quo</strong></span> <span class='ocrx_word' id='word_1_93' title='bbox 1921 978 2038 1032; x_wconf 88' lang='lat' dir='ltr'><strong>pro-</strong></span> 
     </span>
    </p>
   </div>
   <div class='ocr_carea' id='block_1_14' title="bbox 2147 953 3728 1044">
    <p class='ocr_par' dir='ltr' id='par_1_14' title="bbox 2147 953 3728 1028">
     <span class='ocr_line' id='line_1_14' title="bbox 2147 953 3728 1028; baseline -0.004 -17"><span class='ocrx_word' id='word_1_94' title='bbox 2147 958 2228 1012; x_wconf 85' lang='grc' dir='ltr'><strong>ὃτι</strong></span> <span class='ocrx_word' id='word_1_95' title='bbox 2267 959 2313 1010; x_wconf 76' lang='grc' dir='ltr'>εἰ</span> <span class='ocrx_word' id='word_1_96' title='bbox 2341 956 2556 1026; x_wconf 82' lang='grc' dir='ltr'>άληθῶς</span> <span class='ocrx_word' id='word_1_97' title='bbox 2584 957 2900 1028; x_wconf 83' lang='grc' dir='ltr'>κατοικήσει</span> <span class='ocrx_word' id='word_1_98' title='bbox 2945 956 3075 1018; x_wconf 84' lang='grc' dir='ltr'>Θεὸς</span> <span class='ocrx_word' id='word_1_99' title='bbox 3108 953 3243 1026; x_wconf 81' lang='grc' dir='ltr'>μετὰ</span> <span class='ocrx_word' id='word_1_100' title='bbox 3283 953 3582 1025; x_wconf 84' lang='grc' dir='ltr'>ἀνθρώπων</span> <span class='ocrx_word' id='word_1_101' title='bbox 3633 955 3728 1005; x_wconf 71' lang='grc' dir='ltr'>ἐπὶ</span> 
     </span>
    </p>
   </div>
   <div class='ocr_carea' id='block_1_15' title="bbox 490 1045 2038 1132">
    <p class='ocr_par' dir='ltr' id='par_1_15' title="bbox 490 1050 2038 1132">
     <span class='ocr_line' id='line_1_15' title="bbox 490 1050 2038 1132; baseline -0.006 -18"><span class='ocrx_word' id='word_1_102' title='bbox 490 1063 671 1132; x_wconf 89' lang='lat' dir='ltr'><strong>phetia</strong></span> <span class='ocrx_word' id='word_1_103' title='bbox 727 1060 1058 1128; x_wconf 78' lang='lat' dir='ltr'><strong>loqueretur,</strong></span> <span class='ocrx_word' id='word_1_104' title='bbox 1112 1054 1544 1126; x_wconf 80' lang='lat' dir='ltr'><strong>Primogenitum</strong></span> <span class='ocrx_word' id='word_1_105' title='bbox 1601 1066 1665 1106; x_wconf 91' lang='lat' dir='ltr'><strong>ac</strong></span> <span class='ocrx_word' id='word_1_106' title='bbox 1719 1051 1814 1106; x_wconf 88' lang='lat' dir='ltr'><strong>Dei</strong></span> <span class='ocrx_word' id='word_1_107' title='bbox 1846 1050 2038 1106; x_wconf 90' lang='lat' dir='ltr'><strong>Filium</strong></span> 
     </span>
    </p>
   </div>
   <div class='ocr_carea' id='block_1_16' title="bbox 2147 1045 3727 1132">
    <p class='ocr_par' dir='ltr' id='par_1_16' title="bbox 2149 1045 3727 1122">
     <span class='ocr_line' id='line_1_16' title="bbox 2149 1045 3727 1122; baseline -0.003 -19"><span class='ocrx_word' id='word_1_108' title='bbox 2149 1052 2245 1122; x_wconf 84' lang='grc' dir='ltr'>τῆς</span> <span class='ocrx_word' id='word_1_109' title='bbox 2271 1051 2392 1121; x_wconf 81' lang='grc' dir='ltr'>γῆς,</span> <span class='ocrx_word' id='word_1_110' title='bbox 2423 1053 2469 1102; x_wconf 77' lang='grc' dir='ltr'>εἰ</span> <span class='ocrx_word' id='word_1_111' title='bbox 2495 1053 2522 1102; x_wconf 89' lang='lat'><strong>6</strong></span> <span class='ocrx_word' id='word_1_112' title='bbox 2545 1049 2768 1120; x_wconf 80' lang='grc' dir='ltr'>οὐρανὸς</span> <span class='ocrx_word' id='word_1_113' title='bbox 2795 1050 2887 1102; x_wconf 75' lang='grc' dir='ltr'><strong>καὶ</strong></span> <span class='ocrx_word' id='word_1_114' title='bbox 2914 1051 2941 1102; x_wconf 97' lang='lat'><strong>6</strong></span> <span class='ocrx_word' id='word_1_115' title='bbox 2973 1047 3197 1120; x_wconf 78' lang='grc' dir='ltr'>οὐρανὸς</span> <span class='ocrx_word' id='word_1_116' title='bbox 3232 1047 3324 1100; x_wconf 89' lang='grc' dir='ltr'><strong>τοῦ</strong></span> <span class='ocrx_word' id='word_1_117' title='bbox 3351 1045 3578 1118; x_wconf 80' lang='grc' dir='ltr'>ούρανοῦ</span> <span class='ocrx_word' id='word_1_118' title='bbox 3621 1046 3727 1099; x_wconf 74' lang='grc' dir='ltr'>οὐκ</span> 
     </span>
    </p>
   </div>
   <div class='ocr_carea' id='block_1_17' title="bbox 491 1143 2038 1222">
    <p class='ocr_par' dir='ltr' id='par_1_17' title="bbox 491 1143 2038 1222">
     <span class='ocr_line' id='line_1_17' title="bbox 491 1143 2038 1222; baseline -0.01 -10"><span class='ocrx_word' id='word_1_119' title='bbox 491 1155 706 1212; x_wconf 88' lang='lat' dir='ltr'><strong>interim</strong></span> <span class='ocrx_word' id='word_1_120' title='bbox 759 1154 910 1208; x_wconf 90' lang='lat' dir='ltr'><strong>illum</strong></span> <span class='ocrx_word' id='word_1_121' title='bbox 963 1151 1262 1222; x_wconf 83' lang='lat' dir='ltr'><strong>appellans.</strong></span> <span class='ocrx_word' id='word_1_122' title='bbox 1303 1146 1570 1213; x_wconf 78' lang='lat' dir='ltr'><strong>Quocirca</strong></span> <span class='ocrx_word' id='word_1_123' title='bbox 1621 1145 1700 1202; x_wconf 89' lang='lat' dir='ltr'><strong>sic</strong></span> <span class='ocrx_word' id='word_1_124' title='bbox 1745 1145 1870 1200; x_wconf 87' lang='lat' dir='ltr'><strong>ait:</strong></span> <span class='ocrx_word' id='word_1_125' title='bbox 1927 1163 1945 1195; x_wconf 75' lang='grc' dir='ltr'><strong>ι</strong></span> <span class='ocrx_word' id='word_1_126' title='bbox 1981 1143 2038 1197; x_wconf 91' lang='grc' dir='ltr'><strong>ΕΙ</strong></span> 
     </span>
    </p>
   </div>
   <div class='ocr_carea' id='block_1_18' title="bbox 2147 1143 2626 1222">
    <p class='ocr_par' dir='ltr' id='par_1_18' title="bbox 2152 1143 2626 1214">
     <span class='ocr_line' id='line_1_18' title="bbox 2152 1143 2626 1214; baseline -0.004 -19"><span class='ocrx_word' id='word_1_127' title='bbox 2152 1143 2441 1214; x_wconf 79' lang='grc' dir='ltr'>ὰρκέσουσί</span> <span class='ocrx_word' id='word_1_128' title='bbox 2473 1160 2573 1194; x_wconf 88' lang='grc' dir='ltr'>σοι.</span> <span class='ocrx_word' id='word_1_129' title='bbox 2609 1161 2626 1192; x_wconf 72' lang='grc' dir='ltr'><strong>ι</strong></span> 
     </span>
    </p>
   </div>
   <div class='ocr_carea' id='block_1_19' title="bbox 489 1231 3720 1312">
    <p class='ocr_par' dir='ltr' id='par_1_19' title="bbox 489 1231 3720 1312">
     <span class='ocr_line' id='line_1_19' title="bbox 489 1231 3720 1312; baseline -0.005 -11"><span class='ocrx_word' id='word_1_130' title='bbox 489 1263 666 1312; x_wconf 90' lang='lat' dir='ltr'><strong>nunc,</strong></span> <span class='ocrx_word' id='word_1_131' title='bbox 715 1243 940 1300; x_wconf 89' lang='lat' dir='ltr'><strong>Domine</strong></span> <span class='ocrx_word' id='word_1_132' title='bbox 987 1243 1130 1298; x_wconf 89' lang='lat' dir='ltr'><strong>Deus</strong></span> <span class='ocrx_word' id='word_1_133' title='bbox 1189 1241 1389 1306; x_wconf 87' lang='lat' dir='ltr'><strong>Israel,</strong></span> <span class='ocrx_word' id='word_1_134' title='bbox 1439 1238 1790 1294; x_wconf 90' lang='lat' dir='ltr'><strong>conﬁrmetur</strong></span> <span class='ocrx_word' id='word_1_135' title='bbox 1821 1237 2040 1292; x_wconf 84' lang='lat' dir='ltr'><strong>verbum</strong></span> <span class='ocrx_word' id='word_1_136' title='bbox 2073 1243 2260 1296; x_wconf 89' lang='lat' dir='ltr'><strong>tuum,</strong></span> <span class='ocrx_word' id='word_1_137' title='bbox 2293 1234 2436 1304; x_wconf 90' lang='lat' dir='ltr'><strong>quod</strong></span> <span class='ocrx_word' id='word_1_138' title='bbox 2468 1235 2676 1289; x_wconf 91' lang='lat' dir='ltr'><strong>locutus</strong></span> <span class='ocrx_word' id='word_1_139' title='bbox 2725 1248 2784 1288; x_wconf 89' lang='lat' dir='ltr'><strong>es</strong></span> <span class='ocrx_word' id='word_1_140' title='bbox 2831 1248 3001 1303; x_wconf 88' lang='lat' dir='ltr'><strong>puero</strong></span> <span class='ocrx_word' id='word_1_141' title='bbox 3047 1241 3140 1288; x_wconf 91' lang='lat' dir='ltr'><strong>tuo</strong></span> <span class='ocrx_word' id='word_1_142' title='bbox 3169 1231 3335 1288; x_wconf 84' lang='lat' dir='ltr'><strong>David</strong></span> <span class='ocrx_word' id='word_1_143' title='bbox 3391 1233 3530 1302; x_wconf 88' lang='lat' dir='ltr'><strong>patri</strong></span> <span class='ocrx_word' id='word_1_144' title='bbox 3557 1247 3720 1287; x_wconf 90' lang='lat' dir='ltr'><strong>meo:</strong></span> 
     </span>
    </p>
   </div>
   <div class='ocr_carea' id='block_1_20' title="bbox 491 1328 3718 1413">
    <p class='ocr_par' dir='ltr' id='par_1_20' title="bbox 491 1328 3718 1413">
     <span class='ocr_line' id='line_1_20' title="bbox 491 1328 3718 1413; baseline -0.005 -17"><span class='ocrx_word' id='word_1_145' title='bbox 491 1343 747 1413; x_wconf 88' lang='lat' dir='ltr'><strong>quoniam</strong></span> <span class='ocrx_word' id='word_1_146' title='bbox 775 1339 820 1394; x_wconf 88' lang='lat' dir='ltr'><strong>si</strong></span> <span class='ocrx_word' id='word_1_147' title='bbox 851 1355 976 1395; x_wconf 89' lang='lat' dir='ltr'><strong>vere</strong></span> <span class='ocrx_word' id='word_1_148' title='bbox 1004 1337 1266 1393; x_wconf 83' lang='lat' dir='ltr'><strong>habitabit</strong></span> <span class='ocrx_word' id='word_1_149' title='bbox 1281 1335 1422 1392; x_wconf 87' lang='lat' dir='ltr'><strong>Deus</strong></span> <span class='ocrx_word' id='word_1_150' title='bbox 1457 1349 1584 1391; x_wconf 91' lang='lat' dir='ltr'><strong>cum</strong></span> <span class='ocrx_word' id='word_1_151' title='bbox 1623 1333 1934 1390; x_wconf 87' lang='lat' dir='ltr'><strong>hominibus</strong></span> <span class='ocrx_word' id='word_1_152' title='bbox 1963 1347 2125 1402; x_wconf 88' lang='lat' dir='ltr'><strong>super</strong></span> <span class='ocrx_word' id='word_1_153' title='bbox 2153 1339 2350 1386; x_wconf 88' lang='lat' dir='ltr'><strong>terram</strong></span> <span class='ocrx_word' id='word_1_154' title='bbox 2373 1370 2386 1394; x_wconf 99' lang='lat'><strong>,</strong></span> <span class='ocrx_word' id='word_1_155' title='bbox 2419 1331 2464 1384; x_wconf 92' lang='lat' dir='ltr'><strong>si</strong></span> <span class='ocrx_word' id='word_1_156' title='bbox 2497 1331 2692 1384; x_wconf 88' lang='lat' dir='ltr'><strong>coelum</strong></span> <span class='ocrx_word' id='word_1_157' title='bbox 2724 1338 2778 1383; x_wconf 86' lang='lat' dir='ltr'><strong>et</strong></span> <span class='ocrx_word' id='word_1_158' title='bbox 2811 1330 3006 1384; x_wconf 73' lang='lat' dir='ltr'><strong>cwlum</strong></span> <span class='ocrx_word' id='word_1_159' title='bbox 3046 1328 3171 1382; x_wconf 86' lang='lat' dir='ltr'><strong>coeli</strong></span> <span class='ocrx_word' id='word_1_160' title='bbox 3207 1344 3313 1383; x_wconf 89' lang='lat' dir='ltr'><strong>non</strong></span> <span class='ocrx_word' id='word_1_161' title='bbox 3347 1329 3558 1399; x_wconf 87' lang='lat' dir='ltr'><strong>capient</strong></span> <span class='ocrx_word' id='word_1_162' title='bbox 3589 1337 3665 1383; x_wconf 90' lang='lat' dir='ltr'><strong>te.</strong></span> <span class='ocrx_word' id='word_1_163' title='bbox 3697 1347 3718 1379; x_wconf 78' lang='grc' dir='ltr'><strong>ι</strong></span> 
     </span>
    </p>
   </div>
   <div class='ocr_carea' id='block_1_21' title="bbox 1063 1429 1470 1488">
    <p class='ocr_par' dir='ltr' id='par_1_21' title="bbox 1063 1429 1470 1488">
     <span class='ocr_line' id='line_1_21' title="bbox 1063 1429 1470 1488; baseline 0.005 -2"><span class='ocrx_word' id='word_1_164' title='bbox 1063 1429 1292 1488; x_wconf 83' lang='lat' dir='ltr'><strong>CAPUT</strong></span> <span class='ocrx_word' id='word_1_165' title='bbox 1331 1429 1470 1488; x_wconf 81' lang='lat' dir='ltr'><strong>XIII.</strong></span> 
     </span>
    </p>
   </div>
   <div class='ocr_carea' id='block_1_22' title="bbox 489 1519 2036 1583">
    <p class='ocr_par' dir='ltr' id='par_1_22' title="bbox 489 1519 2036 1583">
     <span class='ocr_line' id='line_1_22' title="bbox 489 1519 2036 1583; baseline -0.004 -5"><span class='ocrx_word' id='word_1_166' title='bbox 489 1523 534 1578; x_wconf 78' lang='grc' dir='ltr'><em>Α</em></span> <span class='ocrx_word' id='word_1_167' title='bbox 565 1523 810 1578; x_wconf 74' lang='grc' dir='ltr'>Μίεὴωα.</span> <span class='ocrx_word' id='word_1_168' title='bbox 831 1551 899 1561; x_wconf 92' lang='grc'><strong>-</strong></span> <span class='ocrx_word' id='word_1_169' title='bbox 924 1522 996 1576; x_wconf 89' lang='lat' dir='ltr'><strong>De</strong></span> <span class='ocrx_word' id='word_1_170' title='bbox 1027 1522 1276 1576; x_wconf 75' lang='lat' dir='ltr'><strong>descensu</strong></span> <span class='ocrx_word' id='word_1_171' title='bbox 1309 1523 1373 1576; x_wconf 85' lang='lat' dir='ltr'><strong>de</strong></span> <span class='ocrx_word' id='word_1_172' title='bbox 1403 1521 1527 1575; x_wconf 76' lang='grc' dir='ltr'>οωίο</span> <span class='ocrx_word' id='word_1_173' title='bbox 1567 1519 1637 1573; x_wconf 85' lang='lat' dir='ltr'><strong>ad</strong></span> <span class='ocrx_word' id='word_1_174' title='bbox 1675 1520 1907 1574; x_wconf 81' lang='lat' dir='ltr'><strong>homines</strong></span> <span class='ocrx_word' id='word_1_175' title='bbox 1927 1559 1942 1583; x_wconf 96' lang='lat'><strong>,</strong></span> <span class='ocrx_word' id='word_1_176' title='bbox 1975 1535 2036 1572; x_wconf 86' lang='lat' dir='ltr'><strong>ac</strong></span> 
     </span>
    </p>
   </div>
   <div class='ocr_carea' id='block_1_23' title="bbox 559 1591 2040 1662">
    <p class='ocr_par' dir='ltr' id='par_1_23' title="bbox 559 1591 2040 1662">
     <span class='ocr_line' id='line_1_23' title="bbox 559 1591 2040 1662; baseline -0.003 -16"><span class='ocrx_word' id='word_1_177' title='bbox 559 1594 620 1648; x_wconf 82' lang='lat' dir='ltr'><strong>de</strong></span> <span class='ocrx_word' id='word_1_178' title='bbox 666 1594 846 1662; x_wconf 74' lang='lat' dir='ltr'><strong>futura</strong></span> <span class='ocrx_word' id='word_1_179' title='bbox 899 1595 952 1645; x_wconf 81' lang='lat' dir='ltr'><strong>in</strong></span> <span class='ocrx_word' id='word_1_180' title='bbox 999 1592 1220 1645; x_wconf 79' lang='lat' dir='ltr'><strong>adventu</strong></span> <span class='ocrx_word' id='word_1_181' title='bbox 1269 1595 1382 1661; x_wconf 82' lang='lat' dir='ltr'><strong>ejus</strong></span> <span class='ocrx_word' id='word_1_182' title='bbox 1421 1591 1660 1644; x_wconf 73' lang='lat' dir='ltr'><strong>Judnicm</strong></span> <span class='ocrx_word' id='word_1_183' title='bbox 1704 1592 1868 1661; x_wconf 82' lang='lat' dir='ltr'><strong>gentis</strong></span> <span class='ocrx_word' id='word_1_184' title='bbox 1909 1591 2040 1658; x_wconf 82' lang='lat' dir='ltr'><strong>reje-</strong></span> 
     </span>
    </p>
   </div>
   <div class='ocr_carea' id='block_1_24' title="bbox 559 1662 2035 1732">
    <p class='ocr_par' dir='ltr' id='par_1_24' title="bbox 559 1662 2035 1732">
     <span class='ocr_line' id='line_1_24' title="bbox 559 1662 2035 1732; baseline -0.003 -14"><span class='ocrx_word' id='word_1_185' title='bbox 559 1675 725 1718; x_wconf 80' lang='lat' dir='ltr'><strong>ctmne</strong></span> <span class='ocrx_word' id='word_1_186' title='bbox 744 1704 756 1728; x_wconf 91' lang='lat'><strong>,</strong></span> <span class='ocrx_word' id='word_1_187' title='bbox 787 1673 836 1716; x_wconf 83' lang='lat' dir='ltr'><strong>et</strong></span> <span class='ocrx_word' id='word_1_188' title='bbox 859 1663 1177 1732; x_wconf 82' lang='lat' dir='ltr'><strong>reliquarum</strong></span> <span class='ocrx_word' id='word_1_189' title='bbox 1207 1665 1436 1716; x_wconf 79' lang='lat' dir='ltr'><strong>omnium</strong></span> <span class='ocrx_word' id='word_1_190' title='bbox 1467 1663 1696 1732; x_wconf 82' lang='lat' dir='ltr'><strong>gentium</strong></span> <span class='ocrx_word' id='word_1_191' title='bbox 1742 1662 2035 1730; x_wconf 78' lang='lat' dir='ltr'><strong>adoptione.</strong></span> 
     </span>
    </p>
   </div>
   <div class='ocr_carea' id='block_1_25' title="bbox 565 1881 2040 1953">
    <p class='ocr_par' dir='ltr' id='par_1_25' title="bbox 565 1881 2040 1953">
     <span class='ocr_line' id='line_1_25' title="bbox 565 1881 2040 1953; baseline 0.007 -20"><span class='ocrx_word' id='word_1_192' title='bbox 565 1900 582 1932; x_wconf 73' lang='grc' dir='ltr'><strong>ι</strong></span> <span class='ocrx_word' id='word_1_193' title='bbox 614 1881 828 1948; x_wconf 84' lang='lat' dir='ltr'><strong>Audite,</strong></span> <span class='ocrx_word' id='word_1_194' title='bbox 860 1884 1042 1953; x_wconf 86' lang='lat' dir='ltr'><strong>populi</strong></span> <span class='ocrx_word' id='word_1_195' title='bbox 1106 1899 1330 1950; x_wconf 77' lang='lat' dir='ltr'><strong>omnes,</strong></span> <span class='ocrx_word' id='word_1_196' title='bbox 1376 1895 1429 1942; x_wconf 88' lang='lat' dir='ltr'><strong>et</strong></span> <span class='ocrx_word' id='word_1_197' title='bbox 1470 1887 1711 1942; x_wconf 89' lang='lat' dir='ltr'><strong>attendat</strong></span> <span class='ocrx_word' id='word_1_198' title='bbox 1755 1897 1936 1953; x_wconf 88' lang='lat' dir='ltr'><strong>terra,</strong></span> <span class='ocrx_word' id='word_1_199' title='bbox 1987 1897 2040 1944; x_wconf 91' lang='lat' dir='ltr'><strong>et</strong></span> 
     </span>
    </p>
   </div>
   <div class='ocr_carea' id='block_1_26' title="bbox 489 1973 2040 2045">
    <p class='ocr_par' dir='ltr' id='par_1_26' title="bbox 489 1973 2040 2045">
     <span class='ocr_line' id='line_1_26' title="bbox 489 1973 2040 2045; baseline 0.005 -16"><span class='ocrx_word' id='word_1_200' title='bbox 489 1990 680 2031; x_wconf 86' lang='lat' dir='ltr'><strong>omnes</strong></span> <span class='ocrx_word' id='word_1_201' title='bbox 711 1975 804 2045; x_wconf 91' lang='lat' dir='ltr'><strong>qui</strong></span> <span class='ocrx_word' id='word_1_202' title='bbox 835 1973 888 2028; x_wconf 91' lang='lat' dir='ltr'><strong>in</strong></span> <span class='ocrx_word' id='word_1_203' title='bbox 920 1989 983 2030; x_wconf 87' lang='lat' dir='ltr'><strong>ea</strong></span> <span class='ocrx_word' id='word_1_204' title='bbox 1016 1986 1158 2030; x_wconf 85' lang='lat' dir='ltr'><strong>sunt.</strong></span> <span class='ocrx_word' id='word_1_205' title='bbox 1199 1975 1265 2030; x_wconf 88' lang='lat' dir='ltr'><strong>Et</strong></span> <span class='ocrx_word' id='word_1_206' title='bbox 1297 1977 1401 2032; x_wconf 89' lang='lat' dir='ltr'><strong>erit</strong></span> <span class='ocrx_word' id='word_1_207' title='bbox 1451 1978 1714 2036; x_wconf 88' lang='lat' dir='ltr'><strong>Dominus</strong></span> <span class='ocrx_word' id='word_1_208' title='bbox 1753 1979 1894 2037; x_wconf 89' lang='lat' dir='ltr'><strong>Deus</strong></span> <span class='ocrx_word' id='word_1_209' title='bbox 1945 1997 2040 2036; x_wconf 88' lang='lat' dir='ltr'><strong>ve-</strong></span> 
     </span>
    </p>
   </div>
   <div class='ocr_carea' id='block_1_27' title="bbox 489 2067 2038 2131">
    <p class='ocr_par' dir='ltr' id='par_1_27' title="bbox 489 2067 2038 2131">
     <span class='ocr_line' id='line_1_27' title="bbox 489 2067 2038 2131; baseline 0.003 -8"><span class='ocrx_word' id='word_1_210' title='bbox 489 2075 604 2123; x_wconf 81' lang='lat' dir='ltr'><strong>ster</strong></span> <span class='ocrx_word' id='word_1_211' title='bbox 631 2067 688 2120; x_wconf 91' lang='lat' dir='ltr'><strong>in</strong></span> <span class='ocrx_word' id='word_1_212' title='bbox 706 2067 1097 2131; x_wconf 89' lang='lat' dir='ltr'><strong>testimonium,</strong></span> <span class='ocrx_word' id='word_1_213' title='bbox 1129 2067 1388 2126; x_wconf 88' lang='lat' dir='ltr'><strong>Dominus</strong></span> <span class='ocrx_word' id='word_1_214' title='bbox 1413 2070 1480 2126; x_wconf 91' lang='lat' dir='ltr'><strong>de</strong></span> <span class='ocrx_word' id='word_1_215' title='bbox 1505 2070 1664 2128; x_wconf 92' lang='lat' dir='ltr'><strong>domo</strong></span> <span class='ocrx_word' id='word_1_216' title='bbox 1693 2083 1879 2128; x_wconf 89' lang='lat' dir='ltr'><strong>sancta</strong></span> <span class='ocrx_word' id='word_1_217' title='bbox 1908 2089 2038 2130; x_wconf 89' lang='lat' dir='ltr'><strong>sua:</strong></span> 
     </span>
    </p>
   </div>
   <div class='ocr_carea' id='block_1_28' title="bbox 487 2157 2040 2232">
    <p class='ocr_par' dir='ltr' id='par_1_28' title="bbox 487 2157 2040 2232">
     <span class='ocr_line' id='line_1_28' title="bbox 487 2157 2040 2232; baseline 0.006 -21"><span class='ocrx_word' id='word_1_218' title='bbox 487 2159 644 2228; x_wconf 76' lang='lat'><strong>271</strong></span> <span class='ocrx_word' id='word_1_219' title='bbox 681 2157 936 2228; x_wconf 83' lang='lat' dir='ltr'><strong>quoniam</strong></span> <span class='ocrx_word' id='word_1_220' title='bbox 965 2173 1090 2214; x_wconf 86' lang='lat' dir='ltr'><strong>ecce</strong></span> <span class='ocrx_word' id='word_1_221' title='bbox 1116 2158 1377 2214; x_wconf 86' lang='lat' dir='ltr'><strong>Dominus</strong></span> <span class='ocrx_word' id='word_1_222' title='bbox 1394 2164 1668 2232; x_wconf 82' lang='lat' dir='ltr'><strong>egreditur</strong></span> <span class='ocrx_word' id='word_1_223' title='bbox 1684 2179 1748 2219; x_wconf 82' lang='lat' dir='ltr'><strong>ex</strong></span> <span class='ocrx_word' id='word_1_224' title='bbox 1771 2166 1891 2219; x_wconf 90' lang='lat' dir='ltr'><strong>loco</strong></span> <span class='ocrx_word' id='word_1_225' title='bbox 1921 2181 2040 2230; x_wconf 91' lang='lat' dir='ltr'><strong>suo,</strong></span> 
     </span>
    </p>
   </div>
   <div class='ocr_carea' id='block_1_29' title="bbox 486 2251 2041 2321">
    <p class='ocr_par' dir='ltr' id='par_1_29' title="bbox 486 2251 2041 2321">
     <span class='ocr_line' id='line_1_29' title="bbox 486 2251 2041 2321; baseline 0.005 -17"><span class='ocrx_word' id='word_1_226' title='bbox 486 2257 540 2304; x_wconf 88' lang='lat' dir='ltr'><strong>et</strong></span> <span class='ocrx_word' id='word_1_227' title='bbox 573 2251 864 2306; x_wconf 81' lang='lat' dir='ltr'><strong>descendet</strong></span> <span class='ocrx_word' id='word_1_228' title='bbox 895 2265 1058 2321; x_wconf 88' lang='lat' dir='ltr'><strong>super</strong></span> <span class='ocrx_word' id='word_1_229' title='bbox 1086 2251 1400 2308; x_wconf 82' lang='lat' dir='ltr'><strong>altitudines</strong></span> <span class='ocrx_word' id='word_1_230' title='bbox 1429 2263 1607 2318; x_wconf 73' lang='lat' dir='ltr'><strong>terrae,</strong></span> <span class='ocrx_word' id='word_1_231' title='bbox 1639 2263 1693 2309; x_wconf 92' lang='lat' dir='ltr'><strong>et</strong></span> <span class='ocrx_word' id='word_1_232' title='bbox 1731 2271 2041 2312; x_wconf 83' lang='lat' dir='ltr'><strong>commove-</strong></span> 
     </span>
    </p>
   </div>
   <div class='ocr_carea' id='block_1_30' title="bbox 483 2343 2045 2418">
    <p class='ocr_par' dir='ltr' id='par_1_30' title="bbox 483 2343 2045 2418">
     <span class='ocr_line' id='line_1_30' title="bbox 483 2343 2045 2418; baseline 0.003 -20"><span class='ocrx_word' id='word_1_233' title='bbox 483 2343 686 2399; x_wconf 89' lang='lat' dir='ltr'><strong>buntur</strong></span> <span class='ocrx_word' id='word_1_234' title='bbox 713 2351 924 2400; x_wconf 86' lang='lat' dir='ltr'><strong>montes</strong></span> <span class='ocrx_word' id='word_1_235' title='bbox 975 2345 1163 2400; x_wconf 87' lang='lat' dir='ltr'><strong>subter</strong></span> <span class='ocrx_word' id='word_1_236' title='bbox 1207 2361 1270 2400; x_wconf 91' lang='lat' dir='ltr'><strong>eo</strong></span> <span class='ocrx_word' id='word_1_237' title='bbox 1297 2386 1312 2412; x_wconf 93' lang='lat'><strong>,</strong></span> <span class='ocrx_word' id='word_1_238' title='bbox 1353 2356 1406 2400; x_wconf 91' lang='lat' dir='ltr'><strong>et</strong></span> <span class='ocrx_word' id='word_1_239' title='bbox 1442 2347 1610 2404; x_wconf 87' lang='lat' dir='ltr'><strong>valles</strong></span> <span class='ocrx_word' id='word_1_240' title='bbox 1659 2348 1957 2418; x_wconf 89' lang='lat' dir='ltr'><strong>liquescent</strong></span> <span class='ocrx_word' id='word_1_241' title='bbox 1983 2356 2045 2402; x_wconf 89' lang='lat' dir='ltr'><strong>ut</strong></span> 
     </span>
    </p>
   </div>
   <div class='ocr_carea' id='block_1_31' title="bbox 483 2437 2042 2510">
    <p class='ocr_par' dir='ltr' id='par_1_31' title="bbox 483 2437 2042 2510">
     <span class='ocr_line' id='line_1_31' title="bbox 483 2437 2042 2510; baseline 0.005 -20"><span class='ocrx_word' id='word_1_242' title='bbox 483 2451 608 2492; x_wconf 85' lang='lat' dir='ltr'><strong>cera</strong></span> <span class='ocrx_word' id='word_1_243' title='bbox 637 2451 666 2489; x_wconf 88' lang='lat' dir='ltr'><strong>a</strong></span> <span class='ocrx_word' id='word_1_244' title='bbox 700 2437 838 2492; x_wconf 80' lang='lat' dir='ltr'><strong>lacie</strong></span> <span class='ocrx_word' id='word_1_245' title='bbox 860 2437 1021 2508; x_wconf 82' lang='lat' dir='ltr'><strong>ignis,</strong></span> <span class='ocrx_word' id='word_1_246' title='bbox 1044 2445 1098 2492; x_wconf 90' lang='lat' dir='ltr'><strong>et</strong></span> <span class='ocrx_word' id='word_1_247' title='bbox 1117 2439 1258 2492; x_wconf 86' lang='lat' dir='ltr'><strong>sicut</strong></span> <span class='ocrx_word' id='word_1_248' title='bbox 1284 2454 1420 2510; x_wconf 85' lang='lat' dir='ltr'><strong>aqua</strong></span> <span class='ocrx_word' id='word_1_249' title='bbox 1445 2457 1564 2510; x_wconf 80' lang='lat' dir='ltr'><strong>quae</strong></span> <span class='ocrx_word' id='word_1_250' title='bbox 1606 2441 1845 2496; x_wconf 81' lang='lat' dir='ltr'><strong>defertur</strong></span> <span class='ocrx_word' id='word_1_251' title='bbox 1869 2443 1922 2496; x_wconf 86' lang='lat' dir='ltr'><strong>in</strong></span> <span class='ocrx_word' id='word_1_252' title='bbox 1945 2446 2042 2498; x_wconf 88' lang='lat' dir='ltr'><strong>de-</strong></span> 
     </span>
    </p>
   </div>
   <div class='ocr_carea' id='block_1_32' title="bbox 483 2528 2039 2599">
    <p class='ocr_par' dir='ltr' id='par_1_32' title="bbox 483 2528 2039 2599">
     <span class='ocr_line' id='line_1_32' title="bbox 483 2528 2039 2599; baseline 0.006 -16"><span class='ocrx_word' id='word_1_253' title='bbox 483 2539 1016 2599; x_wconf 77' lang='lat' dir='ltr'><strong>scensumzpropter</strong></span> <span class='ocrx_word' id='word_1_254' title='bbox 1051 2528 1378 2598; x_wconf 86' lang='lat' dir='ltr'><strong>impietatem</strong></span> <span class='ocrx_word' id='word_1_255' title='bbox 1423 2528 1592 2586; x_wconf 84' lang='lat' dir='ltr'><strong>Jacoh</strong></span> <span class='ocrx_word' id='word_1_256' title='bbox 1634 2533 1818 2588; x_wconf 88' lang='lat' dir='ltr'><strong>omnia</strong></span> <span class='ocrx_word' id='word_1_257' title='bbox 1885 2535 2039 2593; x_wconf 62' lang='lat' dir='ltr'><strong>hac.</strong></span> 
     </span>
    </p>
   </div>
   <div class='ocr_carea' id='block_1_33' title="bbox 481 2616 2044 2692">
    <p class='ocr_par' dir='ltr' id='par_1_33' title="bbox 481 2616 2044 2692">
     <span class='ocr_line' id='line_1_33' title="bbox 481 2616 2044 2692; baseline 0.004 -21"><span class='ocrx_word' id='word_1_258' title='bbox 481 2623 536 2671; x_wconf 87' lang='lat' dir='ltr'><strong>et</strong></span> <span class='ocrx_word' id='word_1_259' title='bbox 569 2625 790 2686; x_wconf 84' lang='lat' dir='ltr'><strong>propter</strong></span> <span class='ocrx_word' id='word_1_260' title='bbox 823 2625 1103 2686; x_wconf 88' lang='lat' dir='ltr'><strong>peccatum</strong></span> <span class='ocrx_word' id='word_1_261' title='bbox 1134 2616 1328 2673; x_wconf 89' lang='lat' dir='ltr'><strong>domus</strong></span> <span class='ocrx_word' id='word_1_262' title='bbox 1345 2617 1512 2675; x_wconf 87' lang='lat' dir='ltr'><strong>Israel</strong></span> <span class='ocrx_word' id='word_1_263' title='bbox 1525 2621 1591 2675; x_wconf 83' lang='grc'><strong>⁵⁷.</strong></span> <span class='ocrx_word' id='word_1_264' title='bbox 1613 2641 1630 2674; x_wconf 73' lang='grc' dir='ltr'><strong>ι</strong></span> <span class='ocrx_word' id='word_1_265' title='bbox 1651 2621 1807 2678; x_wconf 87' lang='lat' dir='ltr'><strong>Nunc</strong></span> <span class='ocrx_word' id='word_1_266' title='bbox 1829 2637 2044 2692; x_wconf 88' lang='lat' dir='ltr'><strong>quoque</strong></span> 
     </span>
    </p>
   </div>
   <div class='ocr_carea' id='block_1_34' title="bbox 484 2707 2044 2786">
    <p class='ocr_par' dir='ltr' id='par_1_34' title="bbox 484 2707 2044 2786">
     <span class='ocr_line' id='line_1_34' title="bbox 484 2707 2044 2786; baseline 0.006 -24"><span class='ocrx_word' id='word_1_267' title='bbox 484 2717 667 2778; x_wconf 88' lang='lat' dir='ltr'><strong>aperte</strong></span> <span class='ocrx_word' id='word_1_268' title='bbox 701 2707 961 2765; x_wconf 87' lang='lat' dir='ltr'><strong>Dominus</strong></span> <span class='ocrx_word' id='word_1_269' title='bbox 997 2709 1139 2765; x_wconf 91' lang='lat' dir='ltr'><strong>Deus</strong></span> <span class='ocrx_word' id='word_1_270' title='bbox 1198 2711 1264 2766; x_wconf 92' lang='lat' dir='ltr'><strong>de</strong></span> <span class='ocrx_word' id='word_1_271' title='bbox 1319 2713 1456 2766; x_wconf 85' lang='lat' dir='ltr'><strong>coelo</strong></span> <span class='ocrx_word' id='word_1_272' title='bbox 1479 2713 1836 2780; x_wconf 88' lang='lat' dir='ltr'><strong>descendens,</strong></span> <span class='ocrx_word' id='word_1_273' title='bbox 1869 2715 2044 2786; x_wconf 90' lang='lat' dir='ltr'><strong>deque</strong></span> 
     </span>
    </p>
   </div>
   <div class='ocr_carea' id='block_1_35' title="bbox 481 2802 2045 2874">
    <p class='ocr_par' dir='ltr' id='par_1_35' title="bbox 481 2802 2045 2874">
     <span class='ocr_line' id='line_1_35' title="bbox 481 2802 2045 2874; baseline 0.003 -18"><span class='ocrx_word' id='word_1_274' title='bbox 481 2802 602 2856; x_wconf 92' lang='lat' dir='ltr'><strong>loco</strong></span> <span class='ocrx_word' id='word_1_275' title='bbox 625 2816 724 2857; x_wconf 89' lang='lat' dir='ltr'><strong>suo</strong></span> <span class='ocrx_word' id='word_1_276' title='bbox 749 2802 1052 2872; x_wconf 74' lang='lat' dir='ltr'><strong>egrediens.</strong></span> <span class='ocrx_word' id='word_1_277' title='bbox 1073 2803 1126 2857; x_wconf 91' lang='lat' dir='ltr'><strong>in</strong></span> <span class='ocrx_word' id='word_1_278' title='bbox 1155 2803 1220 2858; x_wconf 92' lang='lat' dir='ltr'><strong>iis</strong></span> <span class='ocrx_word' id='word_1_279' title='bbox 1237 2819 1357 2872; x_wconf 71' lang='lat' dir='ltr'><strong>qua:</strong></span> <span class='ocrx_word' id='word_1_280' title='bbox 1383 2805 1658 2874; x_wconf 89' lang='lat' dir='ltr'><strong>proposita</strong></span> <span class='ocrx_word' id='word_1_281' title='bbox 1682 2813 1807 2860; x_wconf 89' lang='lat' dir='ltr'><strong>sunt</strong></span> <span class='ocrx_word' id='word_1_282' title='bbox 1829 2807 2045 2860; x_wconf 87' lang='lat' dir='ltr'><strong>nuntia-</strong></span> 
     </span>
    </p>
   </div>
   <div class='ocr_carea' id='block_1_36' title="bbox 484 2891 2046 2966">
    <p class='ocr_par' dir='ltr' id='par_1_36' title="bbox 484 2891 2046 2966">
     <span class='ocr_line' id='line_1_36' title="bbox 484 2891 2046 2966; baseline 0.004 -20"><span class='ocrx_word' id='word_1_283' title='bbox 484 2901 611 2946; x_wconf 91' lang='lat' dir='ltr'><strong>tur:</strong></span> <span class='ocrx_word' id='word_1_284' title='bbox 643 2893 750 2946; x_wconf 88' lang='lat' dir='ltr'><strong>erit</strong></span> <span class='ocrx_word' id='word_1_285' title='bbox 785 2899 961 2948; x_wconf 88' lang='lat' dir='ltr'><strong>autem</strong></span> <span class='ocrx_word' id='word_1_286' title='bbox 995 2893 1097 2948; x_wconf 91' lang='lat' dir='ltr'><strong>hoc</strong></span> <span class='ocrx_word' id='word_1_287' title='bbox 1123 2891 1214 2947; x_wconf 84' lang='lat' dir='ltr'><strong>Del</strong></span> <span class='ocrx_word' id='word_1_288' title='bbox 1244 2893 1500 2960; x_wconf 81' lang='lat' dir='ltr'><strong>Verbum,</strong></span> <span class='ocrx_word' id='word_1_289' title='bbox 1533 2895 1678 2966; x_wconf 89' lang='lat' dir='ltr'><strong>quod</strong></span> <span class='ocrx_word' id='word_1_290' title='bbox 1710 2896 1766 2950; x_wconf 89' lang='lat' dir='ltr'><strong>in</strong></span> <span class='ocrx_word' id='word_1_291' title='bbox 1805 2896 1890 2960; x_wconf 85' lang='lat' dir='ltr'><strong>iis.</strong></span> <span class='ocrx_word' id='word_1_292' title='bbox 1926 2911 2046 2966; x_wconf 72' lang='lat' dir='ltr'><strong>quae</strong></span> 
     </span>
    </p>
   </div>
   <div class='ocr_carea' id='block_1_37' title="bbox 481 2984 2045 3057">
    <p class='ocr_par' dir='ltr' id='par_1_37' title="bbox 481 2984 2045 3057">
     <span class='ocr_line' id='line_1_37' title="bbox 481 2984 2045 3057; baseline 0.004 -19"><span class='ocrx_word' id='word_1_293' title='bbox 481 2985 632 3054; x_wconf 87' lang='lat' dir='ltr'><strong>prius</strong></span> <span class='ocrx_word' id='word_1_294' title='bbox 660 2984 802 3039; x_wconf 92' lang='lat' dir='ltr'><strong>dicta</strong></span> <span class='ocrx_word' id='word_1_295' title='bbox 829 2991 979 3048; x_wconf 86' lang='lat' dir='ltr'><strong>sunt,</strong></span> <span class='ocrx_word' id='word_1_296' title='bbox 1002 3000 1126 3040; x_wconf 88' lang='lat' dir='ltr'><strong>cum</strong></span> <span class='ocrx_word' id='word_1_297' title='bbox 1151 2987 1388 3057; x_wconf 79' lang='lat' dir='ltr'><strong>genitum</strong></span> <span class='ocrx_word' id='word_1_298' title='bbox 1419 2988 1508 3048; x_wconf 87' lang='lat' dir='ltr'><strong>sit,</strong></span> <span class='ocrx_word' id='word_1_299' title='bbox 1539 3003 1663 3042; x_wconf 91' lang='lat' dir='ltr'><strong>eum</strong></span> <span class='ocrx_word' id='word_1_300' title='bbox 1713 3003 1834 3044; x_wconf 90' lang='lat' dir='ltr'><strong>esse</strong></span> <span class='ocrx_word' id='word_1_301' title='bbox 1877 2988 2045 3044; x_wconf 84' lang='lat' dir='ltr'><strong>Deum</strong></span> 
     </span>
    </p>
   </div>
   <div class='ocr_carea' id='block_1_38' title="bbox 2547 1425 3182 1477">
    <p class='ocr_par' dir='ltr' id='par_1_38' title="bbox 2547 1425 3182 1477">
     <span class='ocr_line' id='line_1_38' title="bbox 2547 1425 3182 1477; baseline 0 -1"><span class='ocrx_word' id='word_1_302' title='bbox 2547 1465 2552 1468; x_wconf 86' lang='lat'>.</span> <span class='ocrx_word' id='word_1_303' title='bbox 2654 1425 3046 1477; x_wconf 77' lang='grc' dir='ltr'><strong>ΚΕΦΑΛΑΙΟΝ</strong></span> <span class='ocrx_word' id='word_1_304' title='bbox 3085 1425 3182 1476; x_wconf 86' lang='grc' dir='ltr'><strong>ΙΓ’.</strong></span> 
     </span>
    </p>
   </div>
   <div class='ocr_carea' id='block_1_39' title="bbox 2147 1515 3723 1585">
    <p class='ocr_par' dir='ltr' id='par_1_39' title="bbox 2147 1515 3723 1585">
     <span class='ocr_line' id='line_1_39' title="bbox 2147 1515 3723 1585; baseline 0 -14"><span class='ocrx_word' id='word_1_305' title='bbox 2147 1518 2293 1573; x_wconf 80' lang='grc' dir='ltr'><strong>Ἀπὸ</strong></span> <span class='ocrx_word' id='word_1_306' title='bbox 2339 1516 2444 1570; x_wconf 81' lang='grc' dir='ltr'><strong>τοῦ</strong></span> <span class='ocrx_word' id='word_1_307' title='bbox 2496 1516 2735 1585; x_wconf 79' lang='grc' dir='ltr'><strong>Μιχαία.</strong></span> <span class='ocrx_word' id='word_1_308' title='bbox 2767 1546 2836 1554; x_wconf 91' lang='grc'><strong>-</strong></span> <span class='ocrx_word' id='word_1_309' title='bbox 2864 1515 3000 1582; x_wconf 79' lang='grc' dir='ltr'>Περὶ</span> <span class='ocrx_word' id='word_1_310' title='bbox 3056 1515 3164 1582; x_wconf 80' lang='grc' dir='ltr'>τῆς</span> <span class='ocrx_word' id='word_1_311' title='bbox 3213 1515 3280 1579; x_wconf 78' lang='grc' dir='ltr'><strong>ἐξ</strong></span> <span class='ocrx_word' id='word_1_312' title='bbox 3325 1517 3594 1583; x_wconf 65' lang='grc' dir='ltr'><strong>οἰψανῶν</strong></span> <span class='ocrx_word' id='word_1_313' title='bbox 3635 1519 3723 1584; x_wconf 78' lang='grc' dir='ltr'><strong>είς</strong></span> 
     </span>
    </p>
   </div>
   <div class='ocr_carea' id='block_1_40' title="bbox 2208 1585 3724 1654">
    <p class='ocr_par' dir='ltr' id='par_1_40' title="bbox 2208 1585 3724 1654">
     <span class='ocr_line' id='line_1_40' title="bbox 2208 1585 3724 1654; baseline -0.002 -13"><span class='ocrx_word' id='word_1_314' title='bbox 2208 1587 2554 1654; x_wconf 76' lang='grc' dir='ltr'><strong>ἀνθρώπους</strong></span> <span class='ocrx_word' id='word_1_315' title='bbox 2603 1585 2878 1646; x_wconf 80' lang='grc' dir='ltr'><strong>καθόδου,</strong></span> <span class='ocrx_word' id='word_1_316' title='bbox 2917 1585 3168 1652; x_wconf 73' lang='grc' dir='ltr'>καὶπερὶ</span> <span class='ocrx_word' id='word_1_317' title='bbox 3199 1585 3306 1652; x_wconf 83' lang='grc' dir='ltr'>τῆς</span> <span class='ocrx_word' id='word_1_318' title='bbox 3331 1587 3425 1639; x_wconf 76' lang='grc' dir='ltr'><strong>ἐπὶ</strong></span> <span class='ocrx_word' id='word_1_319' title='bbox 3465 1585 3574 1654; x_wconf 82' lang='grc' dir='ltr'>τῆς</span> <span class='ocrx_word' id='word_1_320' title='bbox 3609 1601 3724 1638; x_wconf 75' lang='grc' dir='ltr'>πα-</span> 
     </span>
    </p>
   </div>
   <div class='ocr_carea' id='block_1_41' title="bbox 2201 1654 3722 1726">
    <p class='ocr_par' dir='ltr' id='par_1_41' title="bbox 2201 1654 3722 1726">
     <span class='ocr_line' id='line_1_41' title="bbox 2201 1654 3722 1726; baseline -0.001 -15"><span class='ocrx_word' id='word_1_321' title='bbox 2201 1659 2453 1726; x_wconf 79' lang='grc' dir='ltr'>ρουσίας</span> <span class='ocrx_word' id='word_1_322' title='bbox 2474 1656 2655 1710; x_wconf 83' lang='grc' dir='ltr'>αὑτοῦ</span> <span class='ocrx_word' id='word_1_323' title='bbox 2688 1654 3008 1724; x_wconf 77' lang='grc' dir='ltr'>γενομένης</span> <span class='ocrx_word' id='word_1_324' title='bbox 3075 1656 3372 1726; x_wconf 70' lang='grc' dir='ltr'>ἀποϐολῆς</span> <span class='ocrx_word' id='word_1_325' title='bbox 3431 1657 3548 1725; x_wconf 83' lang='grc' dir='ltr'><strong>μὲν</strong></span> <span class='ocrx_word' id='word_1_326' title='bbox 3613 1657 3722 1710; x_wconf 82' lang='grc' dir='ltr'><strong>τοῦ</strong></span> 
     </span>
    </p>
   </div>
   <div class='ocr_carea' id='block_1_42' title="bbox 2221 1725 3721 1792">
    <p class='ocr_par' dir='ltr' id='par_1_42' title="bbox 2221 1725 3721 1792">
     <span class='ocr_line' id='line_1_42' title="bbox 2221 1725 3721 1792; baseline 0.001 -13"><span class='ocrx_word' id='word_1_327' title='bbox 2221 1727 2511 1780; x_wconf 78' lang='grc' dir='ltr'><strong>Ἰουδαίων</strong></span> <span class='ocrx_word' id='word_1_328' title='bbox 2567 1726 2779 1789; x_wconf 77' lang='grc' dir='ltr'>ἔθνους</span> <span class='ocrx_word' id='word_1_329' title='bbox 2803 1763 2818 1786; x_wconf 89' lang='grc'><strong>,</strong></span> <span class='ocrx_word' id='word_1_330' title='bbox 2863 1725 3252 1792; x_wconf 73' lang='grc' dir='ltr'>εἰσποιήσεως</span> <span class='ocrx_word' id='word_1_331' title='bbox 3311 1725 3378 1779; x_wconf 79' lang='grc' dir='ltr'>δὲ</span> <span class='ocrx_word' id='word_1_332' title='bbox 3415 1727 3533 1780; x_wconf 81' lang='grc' dir='ltr'>τῶν</span> <span class='ocrx_word' id='word_1_333' title='bbox 3589 1732 3721 1780; x_wconf 70' lang='grc' dir='ltr'>λοι-</span> 
     </span>
    </p>
   </div>
   <div class='ocr_carea' id='block_1_43' title="bbox 2209 1795 2878 1850">
    <p class='ocr_par' dir='ltr' id='par_1_43' title="bbox 2209 1795 2878 1850">
     <span class='ocr_line' id='line_1_43' title="bbox 2209 1795 2878 1850; baseline -0.004 0"><span class='ocrx_word' id='word_1_334' title='bbox 2209 1796 2336 1850; x_wconf 79' lang='grc' dir='ltr'>πῶν</span> <span class='ocrx_word' id='word_1_335' title='bbox 2371 1795 2646 1850; x_wconf 75' lang='grc' dir='ltr'>ἁπάντων</span> <span class='ocrx_word' id='word_1_336' title='bbox 2671 1795 2878 1848; x_wconf 73' lang='grc' dir='ltr'>ἐθνῶν.</span> 
     </span>
    </p>
   </div>
   <div class='ocr_carea' id='block_1_44' title="bbox 2218 1889 3718 1960">
    <p class='ocr_par' dir='ltr' id='par_1_44' title="bbox 2218 1889 3718 1960">
     <span class='ocr_line' id='line_1_44' title="bbox 2218 1889 3718 1960; baseline 0 -18"><span class='ocrx_word' id='word_1_337' title='bbox 2218 1911 2236 1942; x_wconf 70' lang='grc' dir='ltr'><strong>ι</strong></span> <span class='ocrx_word' id='word_1_338' title='bbox 2259 1889 2570 1954; x_wconf 86' lang='grc' dir='ltr'>Ἀκούσατε,</span> <span class='ocrx_word' id='word_1_339' title='bbox 2592 1889 2710 1942; x_wconf 69' lang='grc' dir='ltr'>λαοὶ</span> <span class='ocrx_word' id='word_1_340' title='bbox 2739 1889 2957 1952; x_wconf 88' lang='grc' dir='ltr'>πάντες,</span> <span class='ocrx_word' id='word_1_341' title='bbox 2989 1891 3082 1943; x_wconf 74' lang='grc' dir='ltr'><strong>καὶ</strong></span> <span class='ocrx_word' id='word_1_342' title='bbox 3105 1889 3416 1960; x_wconf 75' lang='grc' dir='ltr'>προσεχέτω</span> <span class='ocrx_word' id='word_1_343' title='bbox 3443 1891 3476 1960; x_wconf 85' lang='grc' dir='ltr'><strong>ἡ</strong></span> <span class='ocrx_word' id='word_1_344' title='bbox 3501 1890 3598 1960; x_wconf 74' lang='grc' dir='ltr'>γῆ,</span> <span class='ocrx_word' id='word_1_345' title='bbox 3627 1891 3718 1943; x_wconf 71' lang='grc' dir='ltr'><strong>καὶ</strong></span> 
     </span>
    </p>
   </div>
   <div class='ocr_carea' id='block_1_45' title="bbox 2143 1979 3718 2052">
    <p class='ocr_par' dir='ltr' id='par_1_45' title="bbox 2143 1979 3718 2052">
     <span class='ocr_line' id='line_1_45' title="bbox 2143 1979 3718 2052; baseline -0.001 -17"><span class='ocrx_word' id='word_1_346' title='bbox 2143 1984 2340 2044; x_wconf 86' lang='grc' dir='ltr'>πάντες</span> <span class='ocrx_word' id='word_1_347' title='bbox 2388 1983 2434 2034; x_wconf 82' lang='grc' dir='ltr'>οἱ</span> <span class='ocrx_word' id='word_1_348' title='bbox 2481 1981 2536 2034; x_wconf 80' lang='grc' dir='ltr'><strong>ἐν</strong></span> <span class='ocrx_word' id='word_1_349' title='bbox 2583 1981 2738 2052; x_wconf 81' lang='grc' dir='ltr'>αὐτῇ.</span> <span class='ocrx_word' id='word_1_350' title='bbox 2771 1981 2880 2034; x_wconf 78' lang='grc' dir='ltr'>Καὶ</span> <span class='ocrx_word' id='word_1_351' title='bbox 2927 1979 3078 2032; x_wconf 77' lang='grc' dir='ltr'>ἔσται</span> <span class='ocrx_word' id='word_1_352' title='bbox 3101 1981 3302 2051; x_wconf 81' lang='grc' dir='ltr'>Κύριος</span> <span class='ocrx_word' id='word_1_353' title='bbox 3333 1983 3362 2034; x_wconf 88' lang='lat'><strong>6</strong></span> <span class='ocrx_word' id='word_1_354' title='bbox 3387 1982 3518 2045; x_wconf 84' lang='grc' dir='ltr'>Θεὸς</span> <span class='ocrx_word' id='word_1_355' title='bbox 3555 1982 3718 2052; x_wconf 65' lang='grc' dir='ltr'>ἡμῶν</span> 
     </span>
    </p>
   </div>
   <div class='ocr_carea' id='block_1_46' title="bbox 2143 2072 3716 2146">
    <p class='ocr_par' dir='ltr' id='par_1_46' title="bbox 2143 2072 3716 2146">
     <span class='ocr_line' id='line_1_46' title="bbox 2143 2072 3716 2146; baseline -0.002 -17"><span class='ocrx_word' id='word_1_356' title='bbox 2143 2079 2221 2140; x_wconf 84' lang='grc' dir='ltr'><strong>είς</strong></span> <span class='ocrx_word' id='word_1_357' title='bbox 2257 2073 2570 2146; x_wconf 84' lang='grc' dir='ltr'>μαρτύριον,</span> <span class='ocrx_word' id='word_1_358' title='bbox 2607 2073 2807 2145; x_wconf 86' lang='grc' dir='ltr'>Κύριος</span> <span class='ocrx_word' id='word_1_359' title='bbox 2859 2072 2916 2138; x_wconf 81' lang='grc' dir='ltr'>ἐξ</span> <span class='ocrx_word' id='word_1_360' title='bbox 2962 2075 3110 2126; x_wconf 82' lang='grc' dir='ltr'>οἴκου</span> <span class='ocrx_word' id='word_1_361' title='bbox 3153 2074 3303 2142; x_wconf 83' lang='grc' dir='ltr'>ἁγίου</span> <span class='ocrx_word' id='word_1_362' title='bbox 3338 2075 3524 2128; x_wconf 85' lang='grc' dir='ltr'>αὑτοῦ.</span> <span class='ocrx_word' id='word_1_363' title='bbox 3563 2075 3716 2128; x_wconf 79' lang='grc' dir='ltr'>Διότι</span> 
     </span>
    </p>
   </div>
   <div class='ocr_carea' id='block_1_47' title="bbox 2145 2165 3714 2237">
    <p class='ocr_par' dir='ltr' id='par_1_47' title="bbox 2145 2165 3714 2237">
     <span class='ocr_line' id='line_1_47' title="bbox 2145 2165 3714 2237; baseline -0.001 -16"><span class='ocrx_word' id='word_1_364' title='bbox 2145 2167 2252 2221; x_wconf 75' lang='grc' dir='ltr'>ἰδοὺ</span> <span class='ocrx_word' id='word_1_365' title='bbox 2297 2165 2497 2237; x_wconf 80' lang='grc' dir='ltr'>Κύριος</span> <span class='ocrx_word' id='word_1_366' title='bbox 2535 2165 2882 2236; x_wconf 74' lang='grc' dir='ltr'>ἐκπορεύεται</span> <span class='ocrx_word' id='word_1_367' title='bbox 2928 2166 2992 2218; x_wconf 84' lang='grc' dir='ltr'>ὲκ</span> <span class='ocrx_word' id='word_1_368' title='bbox 3032 2165 3124 2217; x_wconf 86' lang='grc' dir='ltr'><strong>τοῦ</strong></span> <span class='ocrx_word' id='word_1_369' title='bbox 3163 2165 3323 2218; x_wconf 86' lang='grc' dir='ltr'>τόπου</span> <span class='ocrx_word' id='word_1_370' title='bbox 3371 2165 3564 2229; x_wconf 84' lang='grc' dir='ltr'>αὐτοῦ,</span> <span class='ocrx_word' id='word_1_371' title='bbox 3615 2167 3714 2219; x_wconf 71' lang='grc' dir='ltr'><strong>καὶ</strong></span> 
     </span>
    </p>
   </div>
   <div class='ocr_carea' id='block_1_48' title="bbox 2142 2254 3710 2326">
    <p class='ocr_par' dir='ltr' id='par_1_48' title="bbox 2142 2254 3710 2326">
     <span class='ocr_line' id='line_1_48' title="bbox 2142 2254 3710 2326; baseline -0.001 -16"><span class='ocrx_word' id='word_1_372' title='bbox 2142 2255 2505 2326; x_wconf 84' lang='grc' dir='ltr'>καταϐήσεται</span> <span class='ocrx_word' id='word_1_373' title='bbox 2533 2255 2624 2308; x_wconf 71' lang='grc' dir='ltr'>ἐπὶ</span> <span class='ocrx_word' id='word_1_374' title='bbox 2665 2257 2731 2307; x_wconf 79' lang='grc' dir='ltr'>τὰ</span> <span class='ocrx_word' id='word_1_375' title='bbox 2773 2255 2882 2326; x_wconf 70' lang='grc' dir='ltr'>ὕψη</span> <span class='ocrx_word' id='word_1_376' title='bbox 2906 2254 3003 2324; x_wconf 80' lang='grc' dir='ltr'>τῆς</span> <span class='ocrx_word' id='word_1_377' title='bbox 3037 2255 3160 2326; x_wconf 80' lang='grc' dir='ltr'>γῆς,</span> <span class='ocrx_word' id='word_1_378' title='bbox 3194 2256 3286 2308; x_wconf 85' lang='grc' dir='ltr'><strong>καί</strong></span> <span class='ocrx_word' id='word_1_379' title='bbox 3318 2256 3710 2325; x_wconf 80' lang='grc' dir='ltr'>σαλευθήσεται</span> 
     </span>
    </p>
   </div>
   <div class='ocr_carea' id='block_1_49' title="bbox 2142 2343 3709 2418">
    <p class='ocr_par' dir='ltr' id='par_1_49' title="bbox 2142 2343 3709 2418">
     <span class='ocr_line' id='line_1_49' title="bbox 2142 2343 3709 2418; baseline 0.003 -20"><span class='ocrx_word' id='word_1_380' title='bbox 2142 2343 2211 2398; x_wconf 82' lang='grc' dir='ltr'>τὰ</span> <span class='ocrx_word' id='word_1_381' title='bbox 2237 2345 2336 2418; x_wconf 77' lang='grc' dir='ltr'><strong>ὅρη</strong></span> <span class='ocrx_word' id='word_1_382' title='bbox 2369 2343 2710 2398; x_wconf 81' lang='grc' dir='ltr'>ὑποκάτωθεν</span> <span class='ocrx_word' id='word_1_383' title='bbox 2737 2344 2922 2409; x_wconf 75' lang='grc' dir='ltr'>αὐτοῦ,</span> <span class='ocrx_word' id='word_1_384' title='bbox 2957 2345 3050 2398; x_wconf 78' lang='grc' dir='ltr'><strong>καὶ</strong></span> <span class='ocrx_word' id='word_1_385' title='bbox 3082 2346 3136 2398; x_wconf 80' lang='grc' dir='ltr'>αἱ</span> <span class='ocrx_word' id='word_1_386' title='bbox 3169 2345 3410 2408; x_wconf 74' lang='grc' dir='ltr'>κοιλάδες</span> <span class='ocrx_word' id='word_1_387' title='bbox 3437 2349 3709 2418; x_wconf 80' lang='grc' dir='ltr'>τακήσον-</span> 
     </span>
    </p>
   </div>
   <div class='ocr_carea' id='block_1_50' title="bbox 2141 2434 3712 2508">
    <p class='ocr_par' dir='ltr' id='par_1_50' title="bbox 2141 2434 3712 2508">
     <span class='ocr_line' id='line_1_50' title="bbox 2141 2434 3712 2508; baseline 0.002 -20"><span class='ocrx_word' id='word_1_388' title='bbox 2141 2453 2230 2488; x_wconf 91' lang='grc' dir='ltr'><strong>ται</strong></span> <span class='ocrx_word' id='word_1_389' title='bbox 2251 2435 2326 2499; x_wconf 86' lang='grc' dir='ltr'>ὼς</span> <span class='ocrx_word' id='word_1_390' title='bbox 2359 2435 2525 2507; x_wconf 83' lang='grc' dir='ltr'>κηρὸς</span> <span class='ocrx_word' id='word_1_391' title='bbox 2557 2435 2662 2488; x_wconf 80' lang='grc' dir='ltr'>ἀπὸ</span> <span class='ocrx_word' id='word_1_392' title='bbox 2687 2434 2974 2506; x_wconf 82' lang='grc' dir='ltr'>προσώπου</span> <span class='ocrx_word' id='word_1_393' title='bbox 2999 2437 3186 2508; x_wconf 75' lang='grc' dir='ltr'>πυρὸς,</span> <span class='ocrx_word' id='word_1_394' title='bbox 3219 2438 3312 2492; x_wconf 73' lang='grc' dir='ltr'>καὶ</span> <span class='ocrx_word' id='word_1_395' title='bbox 3335 2439 3408 2500; x_wconf 62' lang='grc' dir='ltr'>ὡς</span> <span class='ocrx_word' id='word_1_396' title='bbox 3437 2437 3584 2507; x_wconf 70' lang='grc' dir='ltr'>ὕδωρ</span> <span class='ocrx_word' id='word_1_397' title='bbox 3608 2457 3712 2491; x_wconf 82' lang='grc' dir='ltr'>κα-</span> 
     </span>
    </p>
   </div>
   <div class='ocr_carea' id='block_1_51' title="bbox 2141 2528 3710 2601">
    <p class='ocr_par' dir='ltr' id='par_1_51' title="bbox 2141 2528 3710 2601">
     <span class='ocr_line' id='line_1_51' title="bbox 2141 2528 3710 2601; baseline -0.001 -18"><span class='ocrx_word' id='word_1_398' title='bbox 2141 2529 2504 2601; x_wconf 79' lang='grc' dir='ltr'>ταφερόμενον</span> <span class='ocrx_word' id='word_1_399' title='bbox 2563 2531 2620 2581; x_wconf 81' lang='grc' dir='ltr'>ὲν</span> <span class='ocrx_word' id='word_1_400' title='bbox 2681 2528 3015 2582; x_wconf 86' lang='grc' dir='ltr'>καταϐάσει·</span> <span class='ocrx_word' id='word_1_401' title='bbox 3075 2528 3140 2581; x_wconf 87' lang='grc' dir='ltr'>δι’</span> <span class='ocrx_word' id='word_1_402' title='bbox 3201 2529 3450 2583; x_wconf 84' lang='grc' dir='ltr'>ἀσέϐειαν</span> <span class='ocrx_word' id='word_1_403' title='bbox 3511 2529 3710 2584; x_wconf 72' lang='grc' dir='ltr'>Ἰακὼϐ</span> 
     </span>
    </p>
   </div>
   <div class='ocr_carea' id='block_1_52' title="bbox 2144 2619 3712 2694">
    <p class='ocr_par' dir='ltr' id='par_1_52' title="bbox 2144 2619 3712 2694">
     <span class='ocr_line' id='line_1_52' title="bbox 2144 2619 3712 2694; baseline 0 -18"><span class='ocrx_word' id='word_1_404' title='bbox 2144 2622 2318 2676; x_wconf 85' lang='grc' dir='ltr'>πάντα</span> <span class='ocrx_word' id='word_1_405' title='bbox 2343 2621 2532 2684; x_wconf 85' lang='grc' dir='ltr'>ταῦτα,</span> <span class='ocrx_word' id='word_1_406' title='bbox 2559 2621 2651 2672; x_wconf 70' lang='grc' dir='ltr'><strong>καὶ</strong></span> <span class='ocrx_word' id='word_1_407' title='bbox 2697 2621 2762 2672; x_wconf 84' lang='grc' dir='ltr'>δι’</span> <span class='ocrx_word' id='word_1_408' title='bbox 2792 2621 3062 2692; x_wconf 83' lang='grc' dir='ltr'>ἁμαρτίαν</span> <span class='ocrx_word' id='word_1_409' title='bbox 3092 2619 3239 2674; x_wconf 81' lang='grc' dir='ltr'>οἴκου</span> <span class='ocrx_word' id='word_1_410' title='bbox 3283 2621 3513 2694; x_wconf 86' lang='grc' dir='ltr'>Ἰσραήλ.</span> <span class='ocrx_word' id='word_1_411' title='bbox 3551 2641 3568 2673; x_wconf 75' lang='grc' dir='ltr'><strong>ι</strong></span> <span class='ocrx_word' id='word_1_412' title='bbox 3597 2625 3712 2676; x_wconf 79' lang='grc' dir='ltr'>Καὶ</span> 
     </span>
    </p>
   </div>
   <div class='ocr_carea' id='block_1_53' title="bbox 2144 2711 3708 2785">
    <p class='ocr_par' dir='ltr' id='par_1_53' title="bbox 2144 2711 3708 2785">
     <span class='ocr_line' id='line_1_53' title="bbox 2144 2711 3708 2785; baseline 0 -19"><span class='ocrx_word' id='word_1_413' title='bbox 2144 2711 2238 2766; x_wconf 85' lang='grc' dir='ltr'><strong>νῦν</strong></span> <span class='ocrx_word' id='word_1_414' title='bbox 2269 2711 2590 2777; x_wconf 88' lang='grc' dir='ltr'>άκαλύπτως</span> <span class='ocrx_word' id='word_1_415' title='bbox 2633 2713 2690 2779; x_wconf 80' lang='grc' dir='ltr'>ἐξ</span> <span class='ocrx_word' id='word_1_416' title='bbox 2743 2713 2970 2784; x_wconf 82' lang='grc' dir='ltr'>οὐρανοῦ</span> <span class='ocrx_word' id='word_1_417' title='bbox 3016 2711 3217 2766; x_wconf 86' lang='grc' dir='ltr'>κατιὼν</span> <span class='ocrx_word' id='word_1_418' title='bbox 3255 2712 3456 2785; x_wconf 83' lang='grc' dir='ltr'>Κύριος</span> <span class='ocrx_word' id='word_1_419' title='bbox 3487 2716 3516 2766; x_wconf 91' lang='lat'><strong>6</strong></span> <span class='ocrx_word' id='word_1_420' title='bbox 3549 2714 3708 2782; x_wconf 71' lang='lat'><strong>656;,</strong></span> 
     </span>
    </p>
   </div>
   <div class='ocr_carea' id='block_1_54' title="bbox 2145 2801 3713 2876">
    <p class='ocr_par' dir='ltr' id='par_1_54' title="bbox 2145 2801 3713 2876">
     <span class='ocr_line' id='line_1_54' title="bbox 2145 2801 3713 2876; baseline -0.001 -19"><span class='ocrx_word' id='word_1_421' title='bbox 2145 2804 2569 2876; x_wconf 82' lang='grc' dir='ltr'>ὲκπορευόμενὸς</span> <span class='ocrx_word' id='word_1_422' title='bbox 2593 2821 2652 2856; x_wconf 91' lang='grc' dir='ltr'><strong>τε</strong></span> <span class='ocrx_word' id='word_1_423' title='bbox 2692 2807 2755 2856; x_wconf 80' lang='grc' dir='ltr'>ὲκ</span> <span class='ocrx_word' id='word_1_424' title='bbox 2779 2803 2870 2856; x_wconf 90' lang='grc' dir='ltr'><strong>τοῦ</strong></span> <span class='ocrx_word' id='word_1_425' title='bbox 2903 2803 3067 2857; x_wconf 86' lang='grc' dir='ltr'>τόπου</span> <span class='ocrx_word' id='word_1_426' title='bbox 3099 2801 3280 2866; x_wconf 86' lang='grc' dir='ltr'>αὐτοῦ,</span> <span class='ocrx_word' id='word_1_427' title='bbox 3313 2803 3399 2860; x_wconf 80' lang='grc' dir='ltr'>διὰ</span> <span class='ocrx_word' id='word_1_428' title='bbox 3433 2803 3539 2856; x_wconf 84' lang='grc' dir='ltr'><strong>τῶν</strong></span> <span class='ocrx_word' id='word_1_429' title='bbox 3573 2821 3713 2876; x_wconf 85' lang='grc' dir='ltr'>προ-</span> 
     </span>
    </p>
   </div>
   <div class='ocr_carea' id='block_1_55' title="bbox 2145 2893 3706 2969">
    <p class='ocr_par' dir='ltr' id='par_1_55' title="bbox 2145 2893 3706 2969">
     <span class='ocr_line' id='line_1_55' title="bbox 2145 2893 3706 2969; baseline -0.003 -17"><span class='ocrx_word' id='word_1_430' title='bbox 2145 2899 2410 2969; x_wconf 82' lang='grc' dir='ltr'>κειμένων</span> <span class='ocrx_word' id='word_1_431' title='bbox 2440 2895 2795 2968; x_wconf 66' lang='grc' dir='ltr'>κηρύττεται·</span> <span class='ocrx_word' id='word_1_432' title='bbox 2840 2893 2924 2966; x_wconf 69' lang='grc' dir='ltr'>εἴη</span> <span class='ocrx_word' id='word_1_433' title='bbox 2953 2895 2996 2947; x_wconf 86' lang='grc' dir='ltr'>δ’</span> <span class='ocrx_word' id='word_1_434' title='bbox 3047 2894 3111 2948; x_wconf 85' lang='grc' dir='ltr'>ἂν</span> <span class='ocrx_word' id='word_1_435' title='bbox 3146 2897 3174 2948; x_wconf 95' lang='lat'><strong>6</strong></span> <span class='ocrx_word' id='word_1_436' title='bbox 3207 2895 3299 2948; x_wconf 89' lang='grc' dir='ltr'><strong>τοῦ</strong></span> <span class='ocrx_word' id='word_1_437' title='bbox 3341 2894 3472 2948; x_wconf 81' lang='grc' dir='ltr'>Θεοῦ</span> <span class='ocrx_word' id='word_1_438' title='bbox 3507 2896 3706 2964; x_wconf 83' lang='grc' dir='ltr'>Λόγος,</span> 
     </span>
    </p>
   </div>
   <div class='ocr_carea' id='block_1_56' title="bbox 2143 2985 3708 3062">
    <p class='ocr_par' dir='ltr' id='par_1_56' title="bbox 2143 2985 3708 3062">
     <span class='ocr_line' id='line_1_56' title="bbox 2143 2985 3708 3062; baseline -0.002 -18"><span class='ocrx_word' id='word_1_439' title='bbox 2143 2991 2202 3044; x_wconf 87' lang='grc' dir='ltr'>ὃν</span> <span class='ocrx_word' id='word_1_440' title='bbox 2240 2990 2396 3062; x_wconf 85' lang='grc' dir='ltr'>μόνον</span> <span class='ocrx_word' id='word_1_441' title='bbox 2430 2989 2518 3043; x_wconf 78' lang='grc' dir='ltr'><strong>διὰ</strong></span> <span class='ocrx_word' id='word_1_442' title='bbox 2547 2987 2652 3041; x_wconf 90' lang='grc' dir='ltr'><strong>τῶν</strong></span> <span class='ocrx_word' id='word_1_443' title='bbox 2677 2985 2981 3058; x_wconf 76' lang='grc' dir='ltr'>ἔμπροσθεν</span> <span class='ocrx_word' id='word_1_444' title='bbox 3004 2987 3256 3057; x_wconf 85' lang='grc' dir='ltr'>γεννητὸν</span> <span class='ocrx_word' id='word_1_445' title='bbox 3290 2987 3550 3058; x_wconf 84' lang='grc' dir='ltr'>ὑπάρχειν</span> <span class='ocrx_word' id='word_1_446' title='bbox 3569 2987 3708 3041; x_wconf 72' lang='grc' dir='ltr'>Θεὸν</span> 
     </span>
    </p>
   </div>
   <div class='ocr_carea' id='block_1_57' title="bbox 479 3075 2038 3154">
    <p class='ocr_par' dir='ltr' id='par_1_57' title="bbox 479 3075 2038 3141">
     <span class='ocr_line' id='line_1_57' title="bbox 479 3075 2038 3141; baseline 0.003 -11"><span class='ocrx_word' id='word_1_447' title='bbox 479 3091 545 3131; x_wconf 83' lang='lat' dir='ltr'><strong>ac</strong></span> <span class='ocrx_word' id='word_1_448' title='bbox 593 3075 877 3131; x_wconf 90' lang='lat' dir='ltr'><strong>Dominum</strong></span> <span class='ocrx_word' id='word_1_449' title='bbox 903 3115 918 3141; x_wconf 93' lang='lat'><strong>,</strong></span> <span class='ocrx_word' id='word_1_450' title='bbox 947 3084 1001 3132; x_wconf 86' lang='lat' dir='ltr'><strong>et</strong></span> <span class='ocrx_word' id='word_1_451' title='bbox 1027 3079 1208 3132; x_wconf 88' lang='lat' dir='ltr'><strong>omnia</strong></span> <span class='ocrx_word' id='word_1_452' title='bbox 1249 3079 1351 3134; x_wconf 87' lang='lat' dir='ltr'><strong>sub</strong></span> <span class='ocrx_word' id='word_1_453' title='bbox 1381 3095 1440 3134; x_wconf 92' lang='lat' dir='ltr'><strong>se</strong></span> <span class='ocrx_word' id='word_1_454' title='bbox 1483 3079 1766 3136; x_wconf 85' lang='lat' dir='ltr'><strong>habentem</strong></span> <span class='ocrx_word' id='word_1_455' title='bbox 1821 3080 2038 3136; x_wconf 84' lang='lat' dir='ltr'><strong>demon-</strong></span> 
     </span>
    </p>
   </div>
   <div class='ocr_carea' id='block_1_58' title="bbox 2147 3075 3708 3154">
    <p class='ocr_par' dir='ltr' id='par_1_58' title="bbox 2147 3077 3708 3154">
     <span class='ocr_line' id='line_1_58' title="bbox 2147 3077 3708 3154; baseline -0.004 -18"><span class='ocrx_word' id='word_1_456' title='bbox 2147 3083 2240 3136; x_wconf 76' lang='grc' dir='ltr'><strong>καὶ</strong></span> <span class='ocrx_word' id='word_1_457' title='bbox 2267 3080 2468 3154; x_wconf 82' lang='grc' dir='ltr'>Κύριον</span> <span class='ocrx_word' id='word_1_458' title='bbox 2501 3079 2637 3150; x_wconf 79' lang='grc' dir='ltr'>μετὰ</span> <span class='ocrx_word' id='word_1_459' title='bbox 2668 3079 2756 3130; x_wconf 75' lang='grc' dir='ltr'><strong>τὸν</strong></span> <span class='ocrx_word' id='word_1_460' title='bbox 2790 3077 3048 3131; x_wconf 80' lang='grc' dir='ltr'>ἀνωτάτω</span> <span class='ocrx_word' id='word_1_461' title='bbox 3075 3079 3168 3131; x_wconf 72' lang='grc' dir='ltr'>καὶ</span> <span class='ocrx_word' id='word_1_462' title='bbox 3227 3077 3320 3130; x_wconf 75' lang='grc' dir='ltr'><strong>ἐπὶ</strong></span> <span class='ocrx_word' id='word_1_463' title='bbox 3359 3077 3572 3132; x_wconf 66' lang='grc' dir='ltr'><strong>⁸ιαὶῑντων</strong></span> <span class='ocrx_word' id='word_1_464' title='bbox 3609 3081 3708 3131; x_wconf 78' lang='grc' dir='ltr'><strong>ἐπ-</strong></span> 
     </span>
    </p>
   </div>
   <div class='ocr_carea' id='block_1_59' title="bbox 477 3165 2038 3244">
    <p class='ocr_par' dir='ltr' id='par_1_59' title="bbox 477 3167 2038 3240">
     <span class='ocr_line' id='line_1_59' title="bbox 477 3167 2038 3240; baseline 0.001 -14"><span class='ocrx_word' id='word_1_465' title='bbox 477 3168 790 3226; x_wconf 78' lang='lat' dir='ltr'><strong>stravimus.</strong></span> <span class='ocrx_word' id='word_1_466' title='bbox 837 3167 1040 3224; x_wconf 91' lang='lat' dir='ltr'><strong>Locum</strong></span> <span class='ocrx_word' id='word_1_467' title='bbox 1069 3178 1246 3224; x_wconf 89' lang='lat' dir='ltr'><strong>autem</strong></span> <span class='ocrx_word' id='word_1_468' title='bbox 1282 3169 1400 3240; x_wconf 85' lang='lat' dir='ltr'><strong>ejus</strong></span> <span class='ocrx_word' id='word_1_469' title='bbox 1432 3185 1542 3226; x_wconf 90' lang='lat' dir='ltr'><strong>non</strong></span> <span class='ocrx_word' id='word_1_470' title='bbox 1585 3171 1824 3234; x_wconf 85' lang='lat' dir='ltr'><strong>aberres,</strong></span> <span class='ocrx_word' id='word_1_471' title='bbox 1851 3172 1897 3228; x_wconf 88' lang='lat' dir='ltr'><strong>si</strong></span> <span class='ocrx_word' id='word_1_472' title='bbox 1926 3187 2038 3228; x_wconf 71' lang='lat' dir='ltr'><strong>cm-</strong></span> 
     </span>
    </p>
   </div>
   <div class='ocr_carea' id='block_1_60' title="bbox 2147 3165 3710 3244">
    <p class='ocr_par' dir='ltr' id='par_1_60' title="bbox 2147 3165 3710 3244">
     <span class='ocr_line' id='line_1_60' title="bbox 2147 3165 3710 3244; baseline -0.003 -17"><span class='ocrx_word' id='word_1_473' title='bbox 2147 3173 2436 3244; x_wconf 83' lang='grc' dir='ltr'>εδείξαμεν.</span> <span class='ocrx_word' id='word_1_474' title='bbox 2472 3173 2644 3226; x_wconf 83' lang='grc' dir='ltr'>Τόπον</span> <span class='ocrx_word' id='word_1_475' title='bbox 2661 3169 2704 3223; x_wconf 81' lang='grc' dir='ltr'>δ’</span> <span class='ocrx_word' id='word_1_476' title='bbox 2729 3169 2892 3223; x_wconf 82' lang='grc' dir='ltr'>αὑτοῦ</span> <span class='ocrx_word' id='word_1_477' title='bbox 2915 3170 3014 3223; x_wconf 81' lang='grc' dir='ltr'><strong>οὐκ</strong></span> <span class='ocrx_word' id='word_1_478' title='bbox 3041 3170 3106 3223; x_wconf 78' lang='grc' dir='ltr'><strong>ἂν</strong></span> <span class='ocrx_word' id='word_1_479' title='bbox 3136 3171 3395 3242; x_wconf 83' lang='grc' dir='ltr'>ἁμάρτοις</span> <span class='ocrx_word' id='word_1_480' title='bbox 3422 3169 3592 3238; x_wconf 84' lang='grc' dir='ltr'>λέγων</span> <span class='ocrx_word' id='word_1_481' title='bbox 3625 3165 3710 3223; x_wconf 73' lang='grc' dir='ltr'><strong>εἷο·</strong></span> 
     </span>
    </p>
   </div>
   <div class='ocr_carea' id='block_1_61' title="bbox 477 3259 2038 3338">
    <p class='ocr_par' dir='ltr' id='par_1_61' title="bbox 477 3260 2034 3334">
     <span class='ocr_line' id='line_1_61' title="bbox 477 3260 2034 3334; baseline 0.004 -20"><span class='ocrx_word' id='word_1_482' title='bbox 477 3260 613 3318; x_wconf 80' lang='lat' dir='ltr'><strong>leste</strong></span> <span class='ocrx_word' id='word_1_483' title='bbox 637 3275 870 3330; x_wconf 81' lang='lat' dir='ltr'><strong>regnum</strong></span> <span class='ocrx_word' id='word_1_484' title='bbox 921 3275 1044 3317; x_wconf 88' lang='lat' dir='ltr'><strong>esse</strong></span> <span class='ocrx_word' id='word_1_485' title='bbox 1090 3261 1242 3316; x_wconf 87' lang='lat' dir='ltr'><strong>dicas</strong></span> <span class='ocrx_word' id='word_1_486' title='bbox 1267 3301 1282 3326; x_wconf 90' lang='lat'><strong>,</strong></span> <span class='ocrx_word' id='word_1_487' title='bbox 1312 3261 1708 3334; x_wconf 79' lang='lat' dir='ltr'><strong>gloriosamque</strong></span> <span class='ocrx_word' id='word_1_488' title='bbox 1735 3265 2034 3321; x_wconf 81' lang='lat' dir='ltr'><strong>divinitatis</strong></span> 
     </span>
    </p>
   </div>
   <div class='ocr_carea' id='block_1_62' title="bbox 2147 3259 3709 3338">
    <p class='ocr_par' dir='ltr' id='par_1_62' title="bbox 2148 3259 3709 3338">
     <span class='ocr_line' id='line_1_62' title="bbox 2148 3259 3709 3338; baseline -0.005 -17"><span class='ocrx_word' id='word_1_489' title='bbox 2148 3285 2234 3321; x_wconf 80' lang='lat' dir='ltr'><strong>vat</strong></span> <span class='ocrx_word' id='word_1_490' title='bbox 2267 3265 2362 3338; x_wconf 78' lang='grc' dir='ltr'><strong>τὴν</strong></span> <span class='ocrx_word' id='word_1_491' title='bbox 2388 3267 2444 3320; x_wconf 82' lang='grc' dir='ltr'><strong>ὲν</strong></span> <span class='ocrx_word' id='word_1_492' title='bbox 2467 3265 2712 3335; x_wconf 83' lang='grc' dir='ltr'>οὐρανοῖς</span> <span class='ocrx_word' id='word_1_493' title='bbox 2736 3262 3027 3334; x_wconf 89' lang='grc' dir='ltr'>βασιλείαν,</span> <span class='ocrx_word' id='word_1_494' title='bbox 3053 3261 3142 3314; x_wconf 85' lang='grc' dir='ltr'><strong>τόν</strong></span> <span class='ocrx_word' id='word_1_495' title='bbox 3165 3279 3223 3314; x_wconf 88' lang='grc' dir='ltr'><strong>τε</strong></span> <span class='ocrx_word' id='word_1_496' title='bbox 3243 3259 3446 3326; x_wconf 79' lang='grc' dir='ltr'>ἔνδοξον</span> <span class='ocrx_word' id='word_1_497' title='bbox 3467 3261 3566 3330; x_wconf 82' lang='grc' dir='ltr'>τῆς</span> <span class='ocrx_word' id='word_1_498' title='bbox 3595 3261 3709 3314; x_wconf 83' lang='grc' dir='ltr'>θεό-</span> 
     </span>
    </p>
   </div>
   <div class='ocr_carea' id='block_1_63' title="bbox 476 3353 2038 3430">
    <p class='ocr_par' dir='ltr' id='par_1_63' title="bbox 476 3353 2038 3427">
     <span class='ocr_line' id='line_1_63' title="bbox 476 3353 2038 3427; baseline 0.003 -18"><span class='ocrx_word' id='word_1_499' title='bbox 476 3355 596 3422; x_wconf 82' lang='lat' dir='ltr'><strong>ejus</strong></span> <span class='ocrx_word' id='word_1_500' title='bbox 628 3354 832 3418; x_wconf 87' lang='lat' dir='ltr'><strong>sedem,</strong></span> <span class='ocrx_word' id='word_1_501' title='bbox 865 3367 1030 3423; x_wconf 87' lang='lat' dir='ltr'><strong>quam</strong></span> <span class='ocrx_word' id='word_1_502' title='bbox 1085 3353 1386 3425; x_wconf 79' lang='lat' dir='ltr'><strong>theologice</strong></span> <span class='ocrx_word' id='word_1_503' title='bbox 1446 3357 1714 3412; x_wconf 79' lang='lat' dir='ltr'><strong>extollens</strong></span> <span class='ocrx_word' id='word_1_504' title='bbox 1768 3356 2038 3427; x_wconf 86' lang='lat' dir='ltr'><strong>Propheta</strong></span> 
     </span>
    </p>
   </div>
   <div class='ocr_carea' id='block_1_64' title="bbox 2147 3353 3708 3430">
    <p class='ocr_par' dir='ltr' id='par_1_64' title="bbox 2147 3353 3708 3430">
     <span class='ocr_line' id='line_1_64' title="bbox 2147 3353 3708 3430; baseline -0.004 -18"><span class='ocrx_word' id='word_1_505' title='bbox 2147 3376 2301 3430; x_wconf 89' lang='grc' dir='ltr'>τητος</span> <span class='ocrx_word' id='word_1_506' title='bbox 2335 3356 2498 3412; x_wconf 84' lang='grc' dir='ltr'>αὑτοῦ</span> <span class='ocrx_word' id='word_1_507' title='bbox 2543 3355 2750 3428; x_wconf 85' lang='grc' dir='ltr'>θρόνον,</span> <span class='ocrx_word' id='word_1_508' title='bbox 2777 3354 2835 3408; x_wconf 83' lang='grc' dir='ltr'>ὃν</span> <span class='ocrx_word' id='word_1_509' title='bbox 2870 3353 3131 3422; x_wconf 88' lang='grc' dir='ltr'>θεολογῶν</span> <span class='ocrx_word' id='word_1_510' title='bbox 3163 3354 3191 3406; x_wconf 91' lang='lat'><strong>6</strong></span> <span class='ocrx_word' id='word_1_511' title='bbox 3225 3353 3511 3424; x_wconf 75' lang='grc' dir='ltr'>Προφήτης</span> <span class='ocrx_word' id='word_1_512' title='bbox 3542 3353 3708 3424; x_wconf 75' lang='grc' dir='ltr'>ἔψαλ-</span> 
     </span>
    </p>
   </div>
   <div class='ocr_carea' id='block_1_65' title="bbox 479 3439 2038 3522">
    <p class='ocr_par' dir='ltr' id='par_1_65' title="bbox 479 3439 2038 3514">
     <span class='ocr_line' id='line_1_65' title="bbox 479 3439 2038 3514; baseline 0.001 -17"><span class='ocrx_word' id='word_1_513' title='bbox 479 3442 782 3514; x_wconf 84' lang='lat' dir='ltr'><strong>psallebat,</strong></span> <span class='ocrx_word' id='word_1_514' title='bbox 843 3456 906 3498; x_wconf 87' lang='lat' dir='ltr'><strong>ac</strong></span> <span class='ocrx_word' id='word_1_515' title='bbox 957 3441 1208 3497; x_wconf 85' lang='lat' dir='ltr'><strong>dicebat:</strong></span> <span class='ocrx_word' id='word_1_516' title='bbox 1236 3459 1255 3492; x_wconf 71' lang='grc' dir='ltr'><strong>ι</strong></span> <span class='ocrx_word' id='word_1_517' title='bbox 1293 3439 1460 3498; x_wconf 88' lang='lat' dir='ltr'><strong>Sedes</strong></span> <span class='ocrx_word' id='word_1_518' title='bbox 1506 3451 1620 3506; x_wconf 90' lang='lat' dir='ltr'><strong>tua,</strong></span> <span class='ocrx_word' id='word_1_519' title='bbox 1653 3441 1814 3507; x_wconf 88' lang='lat' dir='ltr'><strong>Deus,</strong></span> <span class='ocrx_word' id='word_1_520' title='bbox 1857 3444 1910 3498; x_wconf 93' lang='lat' dir='ltr'><strong>in</strong></span> <span class='ocrx_word' id='word_1_521' title='bbox 1943 3459 2038 3499; x_wconf 77' lang='lat' dir='ltr'><strong>sa:-</strong></span> 
     </span>
    </p>
   </div>
   <div class='ocr_carea' id='block_1_66' title="bbox 2147 3439 3708 3522">
    <p class='ocr_par' dir='ltr' id='par_1_66' title="bbox 2147 3445 3708 3522">
     <span class='ocr_line' id='line_1_66' title="bbox 2147 3445 3708 3522; baseline -0.005 -17"><span class='ocrx_word' id='word_1_522' title='bbox 2147 3452 2250 3516; x_wconf 85' lang='grc' dir='ltr'>λεν,</span> <span class='ocrx_word' id='word_1_523' title='bbox 2285 3470 2303 3502; x_wconf 84' lang='grc'>‹</span> <span class='ocrx_word' id='word_1_524' title='bbox 2343 3451 2403 3504; x_wconf 85' lang='lat'><strong>&#39;0</strong></span> <span class='ocrx_word' id='word_1_525' title='bbox 2452 3449 2636 3522; x_wconf 85' lang='grc' dir='ltr'>θρόνος</span> <span class='ocrx_word' id='word_1_526' title='bbox 2679 3465 2792 3512; x_wconf 90' lang='grc' dir='ltr'>σου,</span> <span class='ocrx_word' id='word_1_527' title='bbox 2839 3467 2856 3499; x_wconf 78' lang='grc' dir='ltr'><strong>ι</strong></span> <span class='ocrx_word' id='word_1_528' title='bbox 2895 3447 3136 3516; x_wconf 79' lang='grc' dir='ltr'>φάσκων,</span> <span class='ocrx_word' id='word_1_529' title='bbox 3178 3463 3197 3496; x_wconf 73' lang='grc' dir='ltr'><strong>ι</strong></span> <span class='ocrx_word' id='word_1_530' title='bbox 3241 3447 3269 3498; x_wconf 93' lang='lat'><strong>6</strong></span> <span class='ocrx_word' id='word_1_531' title='bbox 3301 3445 3450 3511; x_wconf 78' lang='grc' dir='ltr'>Θεὸς,</span> <span class='ocrx_word' id='word_1_532' title='bbox 3487 3448 3566 3510; x_wconf 78' lang='grc' dir='ltr'>εἰς</span> <span class='ocrx_word' id='word_1_533' title='bbox 3609 3445 3708 3498; x_wconf 73' lang='grc' dir='ltr'><strong>τὸν</strong></span> 
     </span>
    </p>
   </div>
   <div class='ocr_carea' id='block_1_67' title="bbox 476 3533 2038 3606">
    <p class='ocr_par' dir='ltr' id='par_1_67' title="bbox 476 3535 2038 3606">
     <span class='ocr_line' id='line_1_67' title="bbox 476 3535 2038 3606; baseline 0.001 -15"><span class='ocrx_word' id='word_1_534' title='bbox 476 3536 656 3591; x_wconf 90' lang='lat' dir='ltr'><strong>culum</strong></span> <span class='ocrx_word' id='word_1_535' title='bbox 705 3535 884 3590; x_wconf 67' lang='lat' dir='ltr'><strong>saeculi</strong></span> <span class='ocrx_word' id='word_1_536' title='bbox 919 3535 1005 3589; x_wconf 65' lang='grc' dir='ltr'><strong>εει</strong></span> <span class='ocrx_word' id='word_1_537' title='bbox 1052 3553 1071 3586; x_wconf 70' lang='grc' dir='ltr'><strong>ι</strong></span> <span class='ocrx_word' id='word_1_538' title='bbox 1109 3549 1274 3606; x_wconf 87' lang='lat' dir='ltr'><strong>super</strong></span> <span class='ocrx_word' id='word_1_539' title='bbox 1304 3549 1411 3605; x_wconf 83' lang='lat' dir='ltr'><strong>qua</strong></span> <span class='ocrx_word' id='word_1_540' title='bbox 1444 3535 1619 3606; x_wconf 90' lang='lat' dir='ltr'><strong>ipsum</strong></span> <span class='ocrx_word' id='word_1_541' title='bbox 1679 3537 1865 3593; x_wconf 90' lang='lat' dir='ltr'><strong>sedere</strong></span> <span class='ocrx_word' id='word_1_542' title='bbox 1915 3547 2038 3592; x_wconf 89' lang='lat' dir='ltr'><strong>tan-</strong></span> 
     </span>
    </p>
   </div>
   <div class='ocr_carea' id='block_1_68' title="bbox 2147 3533 3708 3606">
    <p class='ocr_par' dir='ltr' id='par_1_68' title="bbox 2147 3533 3708 3606">
     <span class='ocr_line' id='line_1_68' title="bbox 2147 3533 3708 3606; baseline -0.006 -12"><span class='ocrx_word' id='word_1_543' title='bbox 2147 3541 2309 3595; x_wconf 77' lang='grc' dir='ltr'>αἰῶνα</span> <span class='ocrx_word' id='word_1_544' title='bbox 2327 3538 2419 3593; x_wconf 87' lang='grc' dir='ltr'><strong>τοῦ</strong></span> <span class='ocrx_word' id='word_1_545' title='bbox 2443 3538 2662 3602; x_wconf 81' lang='grc' dir='ltr'>αἰῶνος·</span> <span class='ocrx_word' id='word_1_546' title='bbox 2681 3557 2698 3588; x_wconf 74' lang='grc' dir='ltr'><strong>ι</strong></span> <span class='ocrx_word' id='word_1_547' title='bbox 2721 3537 2805 3606; x_wconf 75' lang='grc' dir='ltr'><strong>ἐφ’</strong></span> <span class='ocrx_word' id='word_1_548' title='bbox 2833 3535 2890 3588; x_wconf 85' lang='grc' dir='ltr'><strong>ὃν</strong></span> <span class='ocrx_word' id='word_1_549' title='bbox 2921 3533 3064 3604; x_wconf 75' lang='grc' dir='ltr'>αὐτῷ</span> <span class='ocrx_word' id='word_1_550' title='bbox 3093 3536 3122 3588; x_wconf 95' lang='lat'><strong>6</strong></span> <span class='ocrx_word' id='word_1_551' title='bbox 3153 3534 3360 3606; x_wconf 80' lang='grc' dir='ltr'>Πατὴρ,</span> <span class='ocrx_word' id='word_1_552' title='bbox 3407 3534 3553 3588; x_wconf 78' lang='grc' dir='ltr'>ὡσὰν</span> <span class='ocrx_word' id='word_1_553' title='bbox 3587 3533 3708 3604; x_wconf 56' lang='lat' dir='ltr'><strong>Tit}:</strong></span> 
     </span>
    </p>
   </div>
   <div class='ocr_carea' id='block_1_69' title="bbox 477 3626 2040 3698">
    <p class='ocr_par' dir='ltr' id='par_1_69' title="bbox 477 3626 2040 3698">
     <span class='ocr_line' id='line_1_69' title="bbox 477 3626 2040 3698; baseline 0.003 -17"><span class='ocrx_word' id='word_1_554' title='bbox 477 3643 638 3698; x_wconf 88' lang='lat' dir='ltr'><strong>quam</strong></span> <span class='ocrx_word' id='word_1_555' title='bbox 674 3627 891 3682; x_wconf 80' lang='lat' dir='ltr'><strong>unicum</strong></span> <span class='ocrx_word' id='word_1_556' title='bbox 921 3626 1118 3682; x_wconf 82' lang='lat' dir='ltr'><strong>Filium</strong></span> <span class='ocrx_word' id='word_1_557' title='bbox 1143 3627 1310 3697; x_wconf 87' lang='lat' dir='ltr'><strong>jussit</strong></span> <span class='ocrx_word' id='word_1_558' title='bbox 1333 3627 1494 3683; x_wconf 90' lang='lat' dir='ltr'><strong>Pater</strong></span> <span class='ocrx_word' id='word_1_559' title='bbox 1519 3629 1624 3683; x_wconf 90' lang='lat' dir='ltr'><strong>illis</strong></span> <span class='ocrx_word' id='word_1_560' title='bbox 1653 3631 1830 3686; x_wconf 86' lang='lat' dir='ltr'><strong>verbis</strong></span> <span class='ocrx_word' id='word_1_561' title='bbox 1861 3648 1874 3684; x_wconf 91' lang='lat'>:</span> <span class='ocrx_word' id='word_1_562' title='bbox 1906 3648 1924 3681; x_wconf 73' lang='grc' dir='ltr'><strong>ι</strong></span> <span class='ocrx_word' id='word_1_563' title='bbox 1953 3629 2040 3686; x_wconf 80' lang='lat' dir='ltr'><strong>Se-</strong></span> 
     </span>
    </p>
   </div>
   <div class='ocr_carea' id='block_1_70' title="bbox 479 3718 2035 3790">
    <p class='ocr_par' dir='ltr' id='par_1_70' title="bbox 479 3718 2035 3790">
     <span class='ocr_line' id='line_1_70' title="bbox 479 3718 2035 3790; baseline 0.001 -16"><span class='ocrx_word' id='word_1_564' title='bbox 479 3719 548 3776; x_wconf 91' lang='lat' dir='ltr'><strong>de</strong></span> <span class='ocrx_word' id='word_1_565' title='bbox 575 3735 605 3774; x_wconf 86' lang='lat' dir='ltr'><strong>a</strong></span> <span class='ocrx_word' id='word_1_566' title='bbox 625 3720 830 3775; x_wconf 78' lang='lat' dir='ltr'><strong>dextris</strong></span> <span class='ocrx_word' id='word_1_567' title='bbox 860 3721 996 3775; x_wconf 90' lang='lat' dir='ltr'><strong>meis</strong></span> <span class='ocrx_word' id='word_1_568' title='bbox 1026 3721 1091 3772; x_wconf 79' lang='grc'><strong>⁸⁹.</strong></span> <span class='ocrx_word' id='word_1_569' title='bbox 1139 3739 1158 3772; x_wconf 72' lang='grc' dir='ltr'><strong>ι</strong></span> <span class='ocrx_word' id='word_1_570' title='bbox 1191 3718 1326 3773; x_wconf 83' lang='lat' dir='ltr'><strong>Nam</strong></span> <span class='ocrx_word' id='word_1_571' title='bbox 1355 3720 1469 3775; x_wconf 65' lang='lat' dir='ltr'><strong>haec</strong></span> <span class='ocrx_word' id='word_1_572' title='bbox 1498 3721 1654 3790; x_wconf 87' lang='lat' dir='ltr'><strong>plane</strong></span> <span class='ocrx_word' id='word_1_573' title='bbox 1697 3721 1810 3790; x_wconf 88' lang='lat' dir='ltr'><strong>jam</strong></span> <span class='ocrx_word' id='word_1_574' title='bbox 1861 3731 2035 3786; x_wconf 86' lang='lat' dir='ltr'><strong>antea,</strong></span> 
     </span>
    </p>
   </div>
   <div class='ocr_carea' id='block_1_71' title="bbox 477 3811 2039 3869">
    <p class='ocr_par' dir='ltr' id='par_1_71' title="bbox 477 3811 2039 3869">
     <span class='ocr_line' id='line_1_71' title="bbox 477 3811 2039 3869; baseline 0.001 -2"><span class='ocrx_word' id='word_1_575' title='bbox 477 3812 546 3868; x_wconf 88' lang='lat' dir='ltr'><strong>ad</strong></span> <span class='ocrx_word' id='word_1_576' title='bbox 587 3828 752 3866; x_wconf 89' lang='lat' dir='ltr'><strong>unum</strong></span> <span class='ocrx_word' id='word_1_577' title='bbox 790 3811 1122 3867; x_wconf 81' lang='lat' dir='ltr'><strong>Salvatorem</strong></span> <span class='ocrx_word' id='word_1_578' title='bbox 1177 3820 1424 3867; x_wconf 90' lang='lat' dir='ltr'><strong>nostrum</strong></span> <span class='ocrx_word' id='word_1_579' title='bbox 1482 3811 1650 3868; x_wconf 92' lang='lat' dir='ltr'><strong>Deum</strong></span> <span class='ocrx_word' id='word_1_580' title='bbox 1689 3811 1920 3867; x_wconf 88' lang='lat' dir='ltr'><strong>Verbum</strong></span> <span class='ocrx_word' id='word_1_581' title='bbox 1955 3829 2039 3869; x_wconf 90' lang='lat' dir='ltr'><strong>re-</strong></span> 
     </span>
    </p>
   </div>
   <div class='ocr_carea' id='block_1_72' title="bbox 477 3902 2036 3975">
    <p class='ocr_par' dir='ltr' id='par_1_72' title="bbox 477 3902 2036 3975">
     <span class='ocr_line' id='line_1_72' title="bbox 477 3902 2036 3975; baseline 0 -15"><span class='ocrx_word' id='word_1_582' title='bbox 477 3902 700 3960; x_wconf 85' lang='lat' dir='ltr'><strong>ferenda</strong></span> <span class='ocrx_word' id='word_1_583' title='bbox 737 3918 858 3958; x_wconf 90' lang='lat' dir='ltr'><strong>esse</strong></span> <span class='ocrx_word' id='word_1_584' title='bbox 911 3903 1130 3973; x_wconf 90' lang='lat' dir='ltr'><strong>planum</strong></span> <span class='ocrx_word' id='word_1_585' title='bbox 1183 3903 1432 3958; x_wconf 77' lang='lat' dir='ltr'><strong>fecimus.</strong></span> <span class='ocrx_word' id='word_1_586' title='bbox 1465 3902 1620 3958; x_wconf 80' lang='lat' dir='ltr'><strong>l-lunc</strong></span> <span class='ocrx_word' id='word_1_587' title='bbox 1649 3904 1812 3974; x_wconf 84' lang='lat' dir='ltr'><strong>igitur</strong></span> <span class='ocrx_word' id='word_1_588' title='bbox 1859 3905 2036 3975; x_wconf 90' lang='lat' dir='ltr'><strong>ipsum</strong></span> 
     </span>
    </p>
   </div>
   <div class='ocr_carea' id='block_1_73' title="bbox 481 3993 2035 4066">
    <p class='ocr_par' dir='ltr' id='par_1_73' title="bbox 481 3993 2035 4066">
     <span class='ocr_line' id='line_1_73' title="bbox 481 3993 2035 4066; baseline 0.002 -17"><span class='ocrx_word' id='word_1_589' title='bbox 481 4009 720 4066; x_wconf 73' lang='lat' dir='ltr'><strong>praesens</strong></span> <span class='ocrx_word' id='word_1_590' title='bbox 751 3993 1030 4048; x_wconf 88' lang='lat' dir='ltr'><strong>oraculum</strong></span> <span class='ocrx_word' id='word_1_591' title='bbox 1091 3994 1240 4048; x_wconf 90' lang='lat' dir='ltr'><strong>canit</strong></span> <span class='ocrx_word' id='word_1_592' title='bbox 1270 3994 1630 4065; x_wconf 80' lang='lat' dir='ltr'><strong>egredientem</strong></span> <span class='ocrx_word' id='word_1_593' title='bbox 1661 3995 1728 4052; x_wconf 91' lang='lat' dir='ltr'><strong>de</strong></span> <span class='ocrx_word' id='word_1_594' title='bbox 1767 3997 1886 4052; x_wconf 91' lang='lat' dir='ltr'><strong>loco</strong></span> <span class='ocrx_word' id='word_1_595' title='bbox 1915 4013 2035 4062; x_wconf 92' lang='lat' dir='ltr'><strong>suo,</strong></span> 
     </span>
    </p>
   </div>
   <div class='ocr_carea' id='block_1_74' title="bbox 479 4086 2038 4156">
    <p class='ocr_par' dir='ltr' id='par_1_74' title="bbox 479 4086 2038 4156">
     <span class='ocr_line' id='line_1_74' title="bbox 479 4086 2038 4156; baseline 0.001 -14"><span class='ocrx_word' id='word_1_596' title='bbox 479 4090 868 4144; x_wconf 87' lang='lat' dir='ltr'><strong>descensurum</strong></span> <span class='ocrx_word' id='word_1_597' title='bbox 887 4101 990 4156; x_wconf 90' lang='lat' dir='ltr'><strong>que</strong></span> <span class='ocrx_word' id='word_1_598' title='bbox 1007 4101 1169 4156; x_wconf 88' lang='lat' dir='ltr'><strong>super</strong></span> <span class='ocrx_word' id='word_1_599' title='bbox 1185 4086 1498 4144; x_wconf 87' lang='lat' dir='ltr'><strong>altitudines</strong></span> <span class='ocrx_word' id='word_1_600' title='bbox 1527 4095 1702 4142; x_wconf 66' lang='lat' dir='ltr'><strong>terrae.</strong></span> <span class='ocrx_word' id='word_1_601' title='bbox 1753 4087 1920 4144; x_wconf 89' lang='lat' dir='ltr'><strong>Porro</strong></span> <span class='ocrx_word' id='word_1_602' title='bbox 1943 4105 2038 4144; x_wconf 89' lang='lat' dir='ltr'><strong>au-</strong></span> 
     </span>
    </p>
   </div>
   <div class='ocr_carea' id='block_1_75' title="bbox 481 4179 2034 4252">
    <p class='ocr_par' dir='ltr' id='par_1_75' title="bbox 481 4179 2034 4252">
     <span class='ocr_line' id='line_1_75' title="bbox 481 4179 2034 4252; baseline 0 -17"><span class='ocrx_word' id='word_1_603' title='bbox 481 4191 588 4237; x_wconf 90' lang='lat' dir='ltr'><strong>tem</strong></span> <span class='ocrx_word' id='word_1_604' title='bbox 606 4195 850 4252; x_wconf 66' lang='lat' dir='ltr'><strong>quaenam</strong></span> <span class='ocrx_word' id='word_1_605' title='bbox 865 4181 947 4234; x_wconf 71' lang='lat' dir='ltr'><strong>hae</strong></span> <span class='ocrx_word' id='word_1_606' title='bbox 966 4179 1097 4244; x_wconf 90' lang='lat' dir='ltr'><strong>sint,</strong></span> <span class='ocrx_word' id='word_1_607' title='bbox 1121 4179 1249 4246; x_wconf 87' lang='lat' dir='ltr'><strong>nisi,</strong></span> <span class='ocrx_word' id='word_1_608' title='bbox 1263 4180 1318 4234; x_wconf 88' lang='lat' dir='ltr'><strong>id</strong></span> <span class='ocrx_word' id='word_1_609' title='bbox 1342 4181 1485 4252; x_wconf 90' lang='lat' dir='ltr'><strong>quod</strong></span> <span class='ocrx_word' id='word_1_610' title='bbox 1509 4182 1625 4251; x_wconf 89' lang='lat' dir='ltr'><strong>ipsa</strong></span> <span class='ocrx_word' id='word_1_611' title='bbox 1638 4181 1798 4236; x_wconf 86' lang='lat' dir='ltr'><strong>verba</strong></span> <span class='ocrx_word' id='word_1_612' title='bbox 1819 4190 2034 4248; x_wconf 87' lang='lat' dir='ltr'><strong>sonant,</strong></span> 
     </span>
    </p>
   </div>
   <div class='ocr_carea' id='block_1_76' title="bbox 481 4269 2037 4342">
    <p class='ocr_par' dir='ltr' id='par_1_76' title="bbox 481 4269 2037 4342">
     <span class='ocr_line' id='line_1_76' title="bbox 481 4269 2037 4342; baseline 0.003 -16"><span class='ocrx_word' id='word_1_613' title='bbox 481 4280 693 4328; x_wconf 81' lang='lat' dir='ltr'><strong>montes</strong></span> <span class='ocrx_word' id='word_1_614' title='bbox 719 4269 884 4328; x_wconf 89' lang='lat' dir='ltr'><strong>Israel</strong></span> <span class='ocrx_word' id='word_1_615' title='bbox 909 4279 964 4327; x_wconf 92' lang='lat' dir='ltr'><strong>et</strong></span> <span class='ocrx_word' id='word_1_616' title='bbox 1000 4271 1202 4338; x_wconf 86' lang='lat' dir='ltr'><strong>colles,</strong></span> <span class='ocrx_word' id='word_1_617' title='bbox 1255 4271 1324 4326; x_wconf 90' lang='lat' dir='ltr'><strong>de</strong></span> <span class='ocrx_word' id='word_1_618' title='bbox 1363 4273 1562 4342; x_wconf 90' lang='lat' dir='ltr'><strong>quibus</strong></span> <span class='ocrx_word' id='word_1_619' title='bbox 1616 4273 2037 4330; x_wconf 87' lang='lat' dir='ltr'><strong>innumerabiles</strong></span> 
     </span>
    </p>
   </div>
   <div class='ocr_carea' id='block_1_77' title="bbox 479 4363 2036 4435">
    <p class='ocr_par' dir='ltr' id='par_1_77' title="bbox 479 4363 2036 4435">
     <span class='ocr_line' id='line_1_77' title="bbox 479 4363 2036 4435; baseline 0.002 -18"><span class='ocrx_word' id='word_1_620' title='bbox 479 4363 774 4435; x_wconf 73' lang='lat' dir='ltr'><strong>prophetiae</strong></span> <span class='ocrx_word' id='word_1_621' title='bbox 803 4363 1201 4419; x_wconf 83' lang='lat' dir='ltr'><strong>vaticinantur?</strong></span> <span class='ocrx_word' id='word_1_622' title='bbox 1228 4363 1453 4434; x_wconf 84' lang='lat' dir='ltr'><strong>ipsaque</strong></span> <span class='ocrx_word' id='word_1_623' title='bbox 1473 4363 1794 4430; x_wconf 81' lang='lat' dir='ltr'><strong>Jerusalem,</strong></span> <span class='ocrx_word' id='word_1_624' title='bbox 1819 4373 1873 4421; x_wconf 87' lang='lat' dir='ltr'><strong>et</strong></span> <span class='ocrx_word' id='word_1_625' title='bbox 1913 4381 2036 4422; x_wconf 76' lang='lat' dir='ltr'><strong>cum</strong></span> 
     </span>
    </p>
   </div>
   <div class='ocr_carea' id='block_1_78' title="bbox 477 4455 2038 4527">
    <p class='ocr_par' dir='ltr' id='par_1_78' title="bbox 477 4455 2038 4527">
     <span class='ocr_line' id='line_1_78' title="bbox 477 4455 2038 4527; baseline -0.001 -13"><span class='ocrx_word' id='word_1_626' title='bbox 477 4473 541 4514; x_wconf 87' lang='lat' dir='ltr'><strong>ea</strong></span> <span class='ocrx_word' id='word_1_627' title='bbox 565 4471 719 4512; x_wconf 89' lang='lat' dir='ltr'><strong>mons</strong></span> <span class='ocrx_word' id='word_1_628' title='bbox 744 4455 876 4512; x_wconf 92' lang='lat' dir='ltr'><strong>Sion</strong></span> <span class='ocrx_word' id='word_1_629' title='bbox 895 4495 911 4520; x_wconf 95' lang='lat'><strong>,</strong></span> <span class='ocrx_word' id='word_1_630' title='bbox 935 4455 992 4510; x_wconf 92' lang='lat' dir='ltr'><strong>in</strong></span> <span class='ocrx_word' id='word_1_631' title='bbox 1016 4471 1125 4527; x_wconf 90' lang='lat' dir='ltr'><strong>quo</strong></span> <span class='ocrx_word' id='word_1_632' title='bbox 1152 4455 1442 4526; x_wconf 88' lang='lat' dir='ltr'><strong>plurimum</strong></span> <span class='ocrx_word' id='word_1_633' title='bbox 1475 4455 1778 4512; x_wconf 83' lang='lat' dir='ltr'><strong>diversatus</strong></span> <span class='ocrx_word' id='word_1_634' title='bbox 1807 4465 1889 4513; x_wconf 87' lang='lat' dir='ltr'><strong>est</strong></span> <span class='ocrx_word' id='word_1_635' title='bbox 1923 4458 2038 4512; x_wconf 83' lang='lat' dir='ltr'><strong>Sal-</strong></span> 
     </span>
    </p>
   </div>
   <div class='ocr_carea' id='block_1_79' title="bbox 475 4545 2038 4606">
    <p class='ocr_par' dir='ltr' id='par_1_79' title="bbox 475 4545 2038 4606">
     <span class='ocr_line' id='line_1_79' title="bbox 475 4545 2038 4606; baseline -0.002 0"><span class='ocrx_word' id='word_1_636' title='bbox 475 4557 634 4606; x_wconf 78' lang='lat' dir='ltr'><strong>vator</strong></span> <span class='ocrx_word' id='word_1_637' title='bbox 661 4563 726 4602; x_wconf 86' lang='lat' dir='ltr'><strong>ac</strong></span> <span class='ocrx_word' id='word_1_638' title='bbox 745 4547 1005 4604; x_wconf 90' lang='lat' dir='ltr'><strong>Dominus</strong></span> <span class='ocrx_word' id='word_1_639' title='bbox 1041 4547 1256 4602; x_wconf 82' lang='lat' dir='ltr'><strong>noster?</strong></span> <span class='ocrx_word' id='word_1_640' title='bbox 1279 4545 1411 4600; x_wconf 84' lang='lat' dir='ltr'><strong>Nam</strong></span> <span class='ocrx_word' id='word_1_641' title='bbox 1433 4545 1546 4602; x_wconf 81' lang='lat' dir='ltr'><strong>fore</strong></span> <span class='ocrx_word' id='word_1_642' title='bbox 1577 4548 1764 4602; x_wconf 87' lang='lat' dir='ltr'><strong>talium</strong></span> <span class='ocrx_word' id='word_1_643' title='bbox 1796 4548 2038 4603; x_wconf 86' lang='lat' dir='ltr'><strong>altitudi-</strong></span> 
     </span>
    </p>
   </div>
   <div class='ocr_carea' id='block_1_80' title="bbox 2143 3624 3704 3703">
    <p class='ocr_par' dir='ltr' id='par_1_80' title="bbox 2143 3624 3704 3703">
     <span class='ocr_line' id='line_1_80' title="bbox 2143 3624 3704 3703; baseline -0.005 -17"><span class='ocrx_word' id='word_1_644' title='bbox 2143 3635 2435 3703; x_wconf 73' lang='grc' dir='ltr'>μονογενεῇ</span> <span class='ocrx_word' id='word_1_645' title='bbox 2488 3629 2807 3694; x_wconf 73' lang='grc' dir='ltr'>καθέζεσθαι</span> <span class='ocrx_word' id='word_1_646' title='bbox 2833 3626 3266 3699; x_wconf 86' lang='grc' dir='ltr'>παρεκελεύσατο</span> <span class='ocrx_word' id='word_1_647' title='bbox 3299 3624 3484 3678; x_wconf 80' lang='grc' dir='ltr'>εἰπών·</span> <span class='ocrx_word' id='word_1_648' title='bbox 3531 3644 3550 3676; x_wconf 76' lang='grc' dir='ltr'><strong>ι</strong></span> <span class='ocrx_word' id='word_1_649' title='bbox 3579 3627 3704 3678; x_wconf 78' lang='grc' dir='ltr'><strong>Κα-</strong></span> 
     </span>
    </p>
   </div>
   <div class='ocr_carea' id='block_1_81' title="bbox 2139 3717 3708 3792">
    <p class='ocr_par' dir='ltr' id='par_1_81' title="bbox 2139 3717 3708 3792">
     <span class='ocr_line' id='line_1_81' title="bbox 2139 3717 3708 3792; baseline -0.004 -17"><span class='ocrx_word' id='word_1_650' title='bbox 2139 3721 2230 3775; x_wconf 91' lang='grc' dir='ltr'><strong>θου</strong></span> <span class='ocrx_word' id='word_1_651' title='bbox 2268 3725 2332 3775; x_wconf 76' lang='grc' dir='ltr'>ὲκ</span> <span class='ocrx_word' id='word_1_652' title='bbox 2362 3721 2548 3787; x_wconf 84' lang='grc' dir='ltr'>δεξιῶν</span> <span class='ocrx_word' id='word_1_653' title='bbox 2581 3739 2702 3792; x_wconf 89' lang='grc' dir='ltr'>μου.</span> <span class='ocrx_word' id='word_1_654' title='bbox 2743 3740 2760 3770; x_wconf 74' lang='grc' dir='ltr'><strong>ι</strong></span> <span class='ocrx_word' id='word_1_655' title='bbox 2798 3719 2979 3772; x_wconf 86' lang='grc' dir='ltr'>Ταῦτα</span> <span class='ocrx_word' id='word_1_656' title='bbox 3011 3718 3118 3790; x_wconf 81' lang='grc' dir='ltr'><strong>γάρ</strong></span> <span class='ocrx_word' id='word_1_657' title='bbox 3165 3717 3348 3784; x_wconf 71' lang='grc' dir='ltr'>σαφῶς</span> <span class='ocrx_word' id='word_1_658' title='bbox 3381 3717 3478 3788; x_wconf 76' lang='grc' dir='ltr'>ήδη</span> <span class='ocrx_word' id='word_1_659' title='bbox 3511 3717 3708 3787; x_wconf 84' lang='grc' dir='ltr'>πρότε-</span> 
     </span>
    </p>
   </div>
   <div class='ocr_carea' id='block_1_82' title="bbox 2139 3809 3704 3886">
    <p class='ocr_par' dir='ltr' id='par_1_82' title="bbox 2139 3809 3704 3886">
     <span class='ocr_line' id='line_1_82' title="bbox 2139 3809 3704 3886; baseline -0.005 -18"><span class='ocrx_word' id='word_1_660' title='bbox 2139 3831 2231 3886; x_wconf 91' lang='grc' dir='ltr'><strong>ρον</strong></span> <span class='ocrx_word' id='word_1_661' title='bbox 2255 3815 2346 3868; x_wconf 75' lang='grc' dir='ltr'><strong>ἐπὶ</strong></span> <span class='ocrx_word' id='word_1_662' title='bbox 2371 3815 2527 3885; x_wconf 89' lang='grc' dir='ltr'>μόνον</span> <span class='ocrx_word' id='word_1_663' title='bbox 2558 3812 2919 3884; x_wconf 80' lang='grc' dir='ltr'>ἀναφέρεσθαι</span> <span class='ocrx_word' id='word_1_664' title='bbox 2943 3811 3031 3866; x_wconf 83' lang='grc' dir='ltr'><strong>τὸν</strong></span> <span class='ocrx_word' id='word_1_665' title='bbox 3060 3811 3326 3882; x_wconf 78' lang='grc' dir='ltr'>ἡμέτερον</span> <span class='ocrx_word' id='word_1_666' title='bbox 3359 3809 3584 3879; x_wconf 81' lang='grc' dir='ltr'>Σωτῆρα</span> <span class='ocrx_word' id='word_1_667' title='bbox 3609 3809 3704 3861; x_wconf 72' lang='grc' dir='ltr'>τὸν</span> 
     </span>
    </p>
   </div>
   <div class='ocr_carea' id='block_1_83' title="bbox 2137 3895 3793 3975">
    <p class='ocr_par' dir='ltr' id='par_1_83' title="bbox 2137 3895 3793 3975">
     <span class='ocr_line' id='line_1_83' title="bbox 2137 3895 3793 3975; baseline -0.002 -17"><span class='ocrx_word' id='word_1_668' title='bbox 2137 3905 2268 3958; x_wconf 85' lang='grc' dir='ltr'>Θεὸν</span> <span class='ocrx_word' id='word_1_669' title='bbox 2307 3906 2475 3972; x_wconf 89' lang='grc' dir='ltr'>Λόγον</span> <span class='ocrx_word' id='word_1_670' title='bbox 2515 3905 2952 3975; x_wconf 86' lang='grc' dir='ltr'>παρεστήσαμεν.</span> <span class='ocrx_word' id='word_1_671' title='bbox 2996 3903 3164 3954; x_wconf 80' lang='grc' dir='ltr'>Αὑτὸν</span> <span class='ocrx_word' id='word_1_672' title='bbox 3209 3900 3273 3972; x_wconf 84' lang='grc' dir='ltr'>δὴ</span> <span class='ocrx_word' id='word_1_673' title='bbox 3309 3897 3402 3954; x_wconf 78' lang='grc' dir='ltr'><strong>οὖν</strong></span> <span class='ocrx_word' id='word_1_674' title='bbox 3444 3900 3630 3953; x_wconf 86' lang='grc' dir='ltr'>τοῦτον</span> <span class='ocrx_word' id='word_1_675' title='bbox 3671 3903 3702 3954; x_wconf 93' lang='lat'><strong>6</strong></span> <span class='ocrx_word' id='word_1_676' title='bbox 3789 3895 3793 3898; x_wconf 60' lang='grc'><strong>’</strong></span> 
     </span>
    </p>
   </div>
   <div class='ocr_carea' id='block_1_84' title="bbox 2139 3992 3698 4066">
    <p class='ocr_par' dir='ltr' id='par_1_84' title="bbox 2139 3992 3698 4066">
     <span class='ocr_line' id='line_1_84' title="bbox 2139 3992 3698 4066; baseline -0.003 -17"><span class='ocrx_word' id='word_1_677' title='bbox 2139 3995 2325 4066; x_wconf 78' lang='grc' dir='ltr'>παρὼν</span> <span class='ocrx_word' id='word_1_678' title='bbox 2367 3996 2608 4059; x_wconf 77' lang='grc' dir='ltr'>θεσπίζει</span> <span class='ocrx_word' id='word_1_679' title='bbox 2653 3996 2809 4064; x_wconf 80' lang='grc' dir='ltr'>λόγος</span> <span class='ocrx_word' id='word_1_680' title='bbox 2855 3992 3242 4066; x_wconf 76' lang='grc' dir='ltr'>ἐκπορεύεσθαι</span> <span class='ocrx_word' id='word_1_681' title='bbox 3286 3995 3348 4045; x_wconf 82' lang='grc' dir='ltr'>ὲκ</span> <span class='ocrx_word' id='word_1_682' title='bbox 3395 3992 3488 4045; x_wconf 87' lang='grc' dir='ltr'><strong>τοῦ</strong></span> <span class='ocrx_word' id='word_1_683' title='bbox 3532 3993 3698 4045; x_wconf 79' lang='grc' dir='ltr'>τόπου</span> 
     </span>
    </p>
   </div>
   <div class='ocr_carea' id='block_1_85' title="bbox 2137 4085 3702 4157">
    <p class='ocr_par' dir='ltr' id='par_1_85' title="bbox 2137 4085 3702 4157">
     <span class='ocr_line' id='line_1_85' title="bbox 2137 4085 3702 4157; baseline -0.002 -16"><span class='ocrx_word' id='word_1_684' title='bbox 2137 4087 2324 4152; x_wconf 80' lang='grc' dir='ltr'>αὑτοῦ,</span> <span class='ocrx_word' id='word_1_685' title='bbox 2350 4086 2750 4157; x_wconf 79' lang='grc' dir='ltr'>καταϐήσεσθαί</span> <span class='ocrx_word' id='word_1_686' title='bbox 2790 4103 2846 4140; x_wconf 86' lang='grc' dir='ltr'><strong>τε</strong></span> <span class='ocrx_word' id='word_1_687' title='bbox 2894 4087 2987 4139; x_wconf 74' lang='grc' dir='ltr'><strong>ἐπὶ</strong></span> <span class='ocrx_word' id='word_1_688' title='bbox 3015 4088 3084 4139; x_wconf 82' lang='grc' dir='ltr'>τὰ</span> <span class='ocrx_word' id='word_1_689' title='bbox 3113 4085 3221 4156; x_wconf 69' lang='grc' dir='ltr'>ὕψη</span> <span class='ocrx_word' id='word_1_690' title='bbox 3262 4085 3358 4156; x_wconf 82' lang='grc' dir='ltr'>τῆς</span> <span class='ocrx_word' id='word_1_691' title='bbox 3397 4085 3516 4155; x_wconf 80' lang='grc' dir='ltr'>γῆς.</span> <span class='ocrx_word' id='word_1_692' title='bbox 3562 4085 3702 4138; x_wconf 79' lang='grc' dir='ltr'>Ποῖα</span> 
     </span>
    </p>
   </div>
   <div class='ocr_carea' id='block_1_86' title="bbox 2136 4175 3702 4248">
    <p class='ocr_par' dir='ltr' id='par_1_86' title="bbox 2136 4175 3702 4248">
     <span class='ocr_line' id='line_1_86' title="bbox 2136 4175 3702 4248; baseline -0.003 -16"><span class='ocrx_word' id='word_1_693' title='bbox 2136 4179 2180 4232; x_wconf 80' lang='grc' dir='ltr'>δ’</span> <span class='ocrx_word' id='word_1_694' title='bbox 2218 4179 2283 4231; x_wconf 84' lang='grc' dir='ltr'>ἂν</span> <span class='ocrx_word' id='word_1_695' title='bbox 2316 4177 2404 4244; x_wconf 72' lang='grc' dir='ltr'>εἴη</span> <span class='ocrx_word' id='word_1_696' title='bbox 2441 4177 2614 4232; x_wconf 85' lang='grc' dir='ltr'>ταῦτα</span> <span class='ocrx_word' id='word_1_697' title='bbox 2638 4217 2650 4241; x_wconf 89' lang='grc'><strong>,</strong></span> <span class='ocrx_word' id='word_1_698' title='bbox 2695 4177 2728 4247; x_wconf 85' lang='grc' dir='ltr'><strong>ἢ</strong></span> <span class='ocrx_word' id='word_1_699' title='bbox 2774 4177 2948 4248; x_wconf 77' lang='grc' dir='ltr'>ῥητῶς</span> <span class='ocrx_word' id='word_1_700' title='bbox 2980 4177 3078 4248; x_wconf 79' lang='grc' dir='ltr'><strong>μὲν</strong></span> <span class='ocrx_word' id='word_1_701' title='bbox 3116 4177 3184 4230; x_wconf 77' lang='grc' dir='ltr'>τὰ</span> <span class='ocrx_word' id='word_1_702' title='bbox 3211 4177 3310 4248; x_wconf 77' lang='grc' dir='ltr'>ὅρη</span> <span class='ocrx_word' id='word_1_703' title='bbox 3356 4175 3448 4229; x_wconf 85' lang='grc' dir='ltr'><strong>τοῦ</strong></span> <span class='ocrx_word' id='word_1_704' title='bbox 3490 4175 3702 4247; x_wconf 77' lang='grc' dir='ltr'>Ἰσραὴλ</span> 
     </span>
    </p>
   </div>
   <div class='ocr_carea' id='block_1_87' title="bbox 2137 4266 3700 4341">
    <p class='ocr_par' dir='ltr' id='par_1_87' title="bbox 2137 4266 3700 4341">
     <span class='ocr_line' id='line_1_87' title="bbox 2137 4266 3700 4341; baseline -0.003 -17"><span class='ocrx_word' id='word_1_705' title='bbox 2137 4271 2230 4324; x_wconf 77' lang='grc' dir='ltr'>καὶ</span> <span class='ocrx_word' id='word_1_706' title='bbox 2261 4271 2309 4322; x_wconf 89' lang='grc' dir='ltr'>οἱ</span> <span class='ocrx_word' id='word_1_707' title='bbox 2344 4269 2538 4340; x_wconf 79' lang='grc' dir='ltr'>βουνοὶ,</span> <span class='ocrx_word' id='word_1_708' title='bbox 2584 4271 2710 4341; x_wconf 73' lang='grc' dir='ltr'>περὶ</span> <span class='ocrx_word' id='word_1_709' title='bbox 2737 4266 2810 4324; x_wconf 85' lang='grc' dir='ltr'>ὧν</span> <span class='ocrx_word' id='word_1_710' title='bbox 2845 4270 3032 4340; x_wconf 84' lang='grc' dir='ltr'>μυρίαι</span> <span class='ocrx_word' id='word_1_711' title='bbox 3067 4271 3389 4341; x_wconf 80' lang='grc' dir='ltr'>προφητεῖαι</span> <span class='ocrx_word' id='word_1_712' title='bbox 3415 4266 3700 4332; x_wconf 74' lang='grc' dir='ltr'>θεσπίζου-</span> 
     </span>
    </p>
   </div>
   <div class='ocr_carea' id='block_1_88' title="bbox 2141 4365 3700 4452">
    <p class='ocr_par' dir='ltr' id='par_1_88' title="bbox 2141 4365 3700 4452">
     <span class='ocr_line' id='line_1_88' title="bbox 2141 4365 3700 4452; baseline -0.004 -23"><span class='ocrx_word' id='word_1_713' title='bbox 2141 4395 2244 4442; x_wconf 89' lang='grc' dir='ltr'>σιν,</span> <span class='ocrx_word' id='word_1_714' title='bbox 2279 4377 2414 4448; x_wconf 79' lang='grc' dir='ltr'>αὐτή</span> <span class='ocrx_word' id='word_1_715' title='bbox 2440 4394 2497 4430; x_wconf 91' lang='grc' dir='ltr'><strong>τε</strong></span> <span class='ocrx_word' id='word_1_716' title='bbox 2526 4376 2995 4452; x_wconf 12' lang='grc' dir='ltr'>Ἱερουσαλὴμίκαὶ</span> <span class='ocrx_word' id='word_1_717' title='bbox 3024 4375 3085 4427; x_wconf 82' lang='grc' dir='ltr'><strong>τὸ</strong></span> <span class='ocrx_word' id='word_1_718' title='bbox 3107 4373 3243 4426; x_wconf 89' lang='grc' dir='ltr'>Σιὼν</span> <span class='ocrx_word' id='word_1_719' title='bbox 3269 4375 3414 4446; x_wconf 77' lang='grc' dir='ltr'>ὅρος,</span> <span class='ocrx_word' id='word_1_720' title='bbox 3438 4375 3496 4426; x_wconf 84' lang='grc' dir='ltr'>ὲν</span> <span class='ocrx_word' id='word_1_721' title='bbox 3599 4371 3700 4436; x_wconf 84' lang='grc' dir='ltr'>τὰς</span> 
     </span>
    </p>
   </div>
   <div class='ocr_carea' id='block_1_89' title="bbox 2140 4464 3700 4540">
    <p class='ocr_par' dir='ltr' id='par_1_89' title="bbox 2140 4464 3700 4540">
     <span class='ocr_line' id='line_1_89' title="bbox 2140 4464 3700 4540; baseline -0.004 -17"><span class='ocrx_word' id='word_1_722' title='bbox 2140 4469 2396 4532; x_wconf 82' lang='grc' dir='ltr'>πλείστας</span> <span class='ocrx_word' id='word_1_723' title='bbox 2439 4471 2670 4520; x_wconf 74' lang='grc' dir='ltr'>ἐποιεῖτο</span> <span class='ocrx_word' id='word_1_724' title='bbox 2713 4466 2993 4540; x_wconf 84' lang='grc' dir='ltr'>διατριϐὰς</span> <span class='ocrx_word' id='word_1_725' title='bbox 3035 4469 3063 4520; x_wconf 83' lang='lat'><strong>6</strong></span> <span class='ocrx_word' id='word_1_726' title='bbox 3110 4465 3302 4538; x_wconf 84' lang='grc' dir='ltr'>Σωτὴρ</span> <span class='ocrx_word' id='word_1_727' title='bbox 3347 4467 3440 4519; x_wconf 72' lang='grc' dir='ltr'><strong>καὶ</strong></span> <span class='ocrx_word' id='word_1_728' title='bbox 3495 4464 3700 4536; x_wconf 80' lang='grc' dir='ltr'>Κύριος</span> 
     </span>
    </p>
   </div>
   <div class='ocr_carea' id='block_1_90' title="bbox 2142 4556 3698 4634">
    <p class='ocr_par' dir='ltr' id='par_1_90' title="bbox 2142 4556 3698 4634">
     <span class='ocr_line' id='line_1_90' title="bbox 2142 4556 3698 4634; baseline -0.004 -18"><span class='ocrx_word' id='word_1_729' title='bbox 2142 4563 2338 4634; x_wconf 83' lang='grc' dir='ltr'>ἡμῶν;</span> <span class='ocrx_word' id='word_1_730' title='bbox 2373 4561 2587 4616; x_wconf 87' lang='grc' dir='ltr'>Τούτων</span> <span class='ocrx_word' id='word_1_731' title='bbox 2615 4561 2672 4614; x_wconf 83' lang='grc' dir='ltr'>δὲ</span> <span class='ocrx_word' id='word_1_732' title='bbox 2717 4560 3008 4631; x_wconf 74' lang='grc' dir='ltr'>διαφθοράν</span> <span class='ocrx_word' id='word_1_733' title='bbox 3043 4559 3256 4612; x_wconf 77' lang='grc' dir='ltr'>ἔσεσθαι</span> <span class='ocrx_word' id='word_1_734' title='bbox 3289 4559 3381 4612; x_wconf 79' lang='grc' dir='ltr'>καὶ</span> <span class='ocrx_word' id='word_1_735' title='bbox 3423 4556 3698 4612; x_wconf 76' lang='grc' dir='ltr'>ἀπώλειαν</span> 
     </span>
    </p>
   </div>
   <div class='ocr_carea' id='block_1_91' title="bbox 480 4637 2038 4727">
    <p class='ocr_par' dir='ltr' id='par_1_91' title="bbox 480 4637 2037 4709">
     <span class='ocr_line' id='line_1_91' title="bbox 480 4637 2037 4709; baseline 0 -15"><span class='ocrx_word' id='word_1_736' title='bbox 480 4653 608 4694; x_wconf 88' lang='lat' dir='ltr'><strong>num</strong></span> <span class='ocrx_word' id='word_1_737' title='bbox 652 4639 1006 4708; x_wconf 85' lang='lat' dir='ltr'><strong>perditionem</strong></span> <span class='ocrx_word' id='word_1_738' title='bbox 1051 4646 1216 4709; x_wconf 89' lang='lat' dir='ltr'><strong>atque</strong></span> <span class='ocrx_word' id='word_1_739' title='bbox 1255 4637 1568 4702; x_wconf 88' lang='lat' dir='ltr'><strong>interitum,</strong></span> <span class='ocrx_word' id='word_1_740' title='bbox 1619 4639 1764 4692; x_wconf 87' lang='lat' dir='ltr'><strong>canit</strong></span> <span class='ocrx_word' id='word_1_741' title='bbox 1811 4638 1868 4692; x_wconf 92' lang='lat' dir='ltr'><strong>in</strong></span> <span class='ocrx_word' id='word_1_742' title='bbox 1917 4639 2037 4709; x_wconf 86' lang='lat' dir='ltr'><strong>ipso</strong></span> 
     </span>
    </p>
   </div>
   <div class='ocr_carea' id='block_1_92' title="bbox 2147 4637 3696 4727">
    <p class='ocr_par' dir='ltr' id='par_1_92' title="bbox 2147 4651 3696 4727">
     <span class='ocr_line' id='line_1_92' title="bbox 2147 4651 3696 4727; baseline -0.004 -19"><span class='ocrx_word' id='word_1_743' title='bbox 2147 4657 2230 4710; x_wconf 65' lang='grc' dir='ltr'><strong>ἐπὶ</strong></span> <span class='ocrx_word' id='word_1_744' title='bbox 2259 4659 2325 4727; x_wconf 82' lang='grc' dir='ltr'>τῇ</span> <span class='ocrx_word' id='word_1_745' title='bbox 2357 4655 2446 4709; x_wconf 89' lang='grc' dir='ltr'><strong>τοῦ</strong></span> <span class='ocrx_word' id='word_1_746' title='bbox 2477 4654 2708 4727; x_wconf 81' lang='grc' dir='ltr'>Χριστοῦ</span> <span class='ocrx_word' id='word_1_747' title='bbox 2743 4655 2948 4724; x_wconf 86' lang='grc' dir='ltr'>καθόδῳ</span> <span class='ocrx_word' id='word_1_748' title='bbox 2982 4653 3240 4717; x_wconf 81' lang='grc' dir='ltr'>θεσπίζει.</span> <span class='ocrx_word' id='word_1_749' title='bbox 3271 4653 3379 4706; x_wconf 80' lang='grc' dir='ltr'><strong>Καὶ</strong></span> <span class='ocrx_word' id='word_1_750' title='bbox 3413 4651 3696 4724; x_wconf 71' lang='grc' dir='ltr'>πρόδηλον,</span> 
     </span>
    </p>
   </div>
   <div class='ocr_carea' id='block_1_93' title="bbox 477 4727 2035 4798">
    <p class='ocr_par' dir='ltr' id='par_1_93' title="bbox 477 4727 2035 4798">
     <span class='ocr_line' id='line_1_93' title="bbox 477 4727 2035 4798; baseline 0 -12"><span class='ocrx_word' id='word_1_751' title='bbox 477 4731 682 4786; x_wconf 84' lang='lat' dir='ltr'><strong>Christi</strong></span> <span class='ocrx_word' id='word_1_752' title='bbox 713 4731 980 4786; x_wconf 90' lang='lat' dir='ltr'><strong>descensu</strong></span> <span class='ocrx_word' id='word_1_753' title='bbox 1009 4749 1024 4785; x_wconf 87' lang='lat'><strong>:</strong></span> <span class='ocrx_word' id='word_1_754' title='bbox 1060 4737 1115 4784; x_wconf 88' lang='lat' dir='ltr'><strong>et</strong></span> <span class='ocrx_word' id='word_1_755' title='bbox 1146 4745 1276 4786; x_wconf 87' lang='lat' dir='ltr'><strong>sane</strong></span> <span class='ocrx_word' id='word_1_756' title='bbox 1303 4735 1538 4792; x_wconf 90' lang='lat' dir='ltr'><strong>constat,</strong></span> <span class='ocrx_word' id='word_1_757' title='bbox 1572 4739 1694 4798; x_wconf 89' lang='lat' dir='ltr'><strong>post</strong></span> <span class='ocrx_word' id='word_1_758' title='bbox 1737 4727 2035 4787; x_wconf 86' lang='lat' dir='ltr'><strong>Salvatoris</strong></span> 
     </span>
    </p>
   </div>
   <div class='ocr_carea' id='block_1_94' title="bbox 481 4820 2036 4892">
    <p class='ocr_par' dir='ltr' id='par_1_94' title="bbox 481 4820 2036 4892">
     <span class='ocr_line' id='line_1_94' title="bbox 481 4820 2036 4892; baseline -0.001 -14"><span class='ocrx_word' id='word_1_759' title='bbox 481 4823 654 4879; x_wconf 87' lang='lat' dir='ltr'><strong>nostri</strong></span> <span class='ocrx_word' id='word_1_760' title='bbox 684 4823 974 4878; x_wconf 85' lang='lat' dir='ltr'><strong>adventum</strong></span> <span class='ocrx_word' id='word_1_761' title='bbox 1007 4831 1236 4892; x_wconf 85' lang='lat' dir='ltr'><strong>postque</strong></span> <span class='ocrx_word' id='word_1_762' title='bbox 1292 4835 1356 4875; x_wconf 90' lang='lat' dir='ltr'><strong>ea</strong></span> <span class='ocrx_word' id='word_1_763' title='bbox 1402 4835 1523 4891; x_wconf 85' lang='lat' dir='ltr'><strong>quae</strong></span> <span class='ocrx_word' id='word_1_764' title='bbox 1571 4820 1832 4877; x_wconf 85' lang='lat' dir='ltr'><strong>adversus</strong></span> <span class='ocrx_word' id='word_1_765' title='bbox 1885 4823 2036 4878; x_wconf 91' lang='lat' dir='ltr'><strong>illum</strong></span> 
     </span>
    </p>
   </div>
   <div class='ocr_carea' id='block_1_95' title="bbox 481 4911 2036 4983">
    <p class='ocr_par' dir='ltr' id='par_1_95' title="bbox 481 4911 2036 4983">
     <span class='ocr_line' id='line_1_95' title="bbox 481 4911 2036 4983; baseline -0.001 -12"><span class='ocrx_word' id='word_1_766' title='bbox 481 4921 608 4971; x_wconf 88' lang='lat' dir='ltr'><strong>sunt</strong></span> <span class='ocrx_word' id='word_1_767' title='bbox 639 4916 778 4980; x_wconf 77' lang='lat' dir='ltr'><strong>ausi,</strong></span> <span class='ocrx_word' id='word_1_768' title='bbox 799 4915 1054 4970; x_wconf 88' lang='lat' dir='ltr'><strong>universa</strong></span> <span class='ocrx_word' id='word_1_769' title='bbox 1099 4914 1211 4976; x_wconf 86' lang='lat' dir='ltr'><strong>illa,</strong></span> <span class='ocrx_word' id='word_1_770' title='bbox 1248 4927 1368 4983; x_wconf 68' lang='lat' dir='ltr'><strong>quae</strong></span> <span class='ocrx_word' id='word_1_771' title='bbox 1389 4927 1562 4982; x_wconf 89' lang='lat' dir='ltr'><strong>nuper</strong></span> <span class='ocrx_word' id='word_1_772' title='bbox 1583 4911 1726 4966; x_wconf 90' lang='lat' dir='ltr'><strong>dicta</strong></span> <span class='ocrx_word' id='word_1_773' title='bbox 1758 4922 1906 4976; x_wconf 90' lang='lat' dir='ltr'><strong>sunt,</strong></span> <span class='ocrx_word' id='word_1_774' title='bbox 1937 4914 2036 4971; x_wconf 91' lang='lat' dir='ltr'><strong>de-</strong></span> 
     </span>
    </p>
   </div>
   <div class='ocr_carea' id='block_1_96' title="bbox 476 5003 2038 5079">
    <p class='ocr_par' dir='ltr' id='par_1_96' title="bbox 476 5003 2038 5079">
     <span class='ocr_line' id='line_1_96' title="bbox 476 5003 2038 5079; baseline -0.001 -17"><span class='ocrx_word' id='word_1_775' title='bbox 476 5007 730 5079; x_wconf 87' lang='lat' dir='ltr'><strong>populata</strong></span> <span class='ocrx_word' id='word_1_776' title='bbox 764 5006 954 5070; x_wconf 84' lang='lat' dir='ltr'><strong>fuisse,</strong></span> <span class='ocrx_word' id='word_1_777' title='bbox 993 5015 1046 5062; x_wconf 88' lang='lat' dir='ltr'><strong>et</strong></span> <span class='ocrx_word' id='word_1_778' title='bbox 1071 5005 1138 5060; x_wconf 89' lang='lat' dir='ltr'><strong>ad</strong></span> <span class='ocrx_word' id='word_1_779' title='bbox 1159 5012 1454 5060; x_wconf 75' lang='lat' dir='ltr'><strong>extremam</strong></span> <span class='ocrx_word' id='word_1_780' title='bbox 1505 5003 1848 5060; x_wconf 87' lang='lat' dir='ltr'><strong>solitudinem</strong></span> <span class='ocrx_word' id='word_1_781' title='bbox 1881 5006 2038 5061; x_wconf 87' lang='lat' dir='ltr'><strong>reda-</strong></span> 
     </span>
    </p>
   </div>
   <div class='ocr_carea' id='block_1_97' title="bbox 474 5095 2040 5171">
    <p class='ocr_par' dir='ltr' id='par_1_97' title="bbox 474 5095 2040 5171">
     <span class='ocr_line' id='line_1_97' title="bbox 474 5095 2040 5171; baseline -0.003 -15"><span class='ocrx_word' id='word_1_782' title='bbox 474 5109 562 5156; x_wconf 88' lang='lat' dir='ltr'><strong>cta</strong></span> <span class='ocrx_word' id='word_1_783' title='bbox 591 5117 712 5158; x_wconf 86' lang='lat' dir='ltr'><strong>esse</strong></span> <span class='ocrx_word' id='word_1_784' title='bbox 737 5119 752 5156; x_wconf 81' lang='lat' dir='ltr'><strong><em>z</em></strong></span> <span class='ocrx_word' id='word_1_785' title='bbox 784 5107 1157 5156; x_wconf 86' lang='lat' dir='ltr'><strong>verumtamen</strong></span> <span class='ocrx_word' id='word_1_786' title='bbox 1179 5095 1421 5151; x_wconf 65' lang='lat' dir='ltr'><strong>Iudaicae</strong></span> <span class='ocrx_word' id='word_1_787' title='bbox 1447 5112 1660 5167; x_wconf 89' lang='lat' dir='ltr'><strong>quoque</strong></span> <span class='ocrx_word' id='word_1_788' title='bbox 1691 5099 1865 5168; x_wconf 78' lang='lat' dir='ltr'><strong>gentis</strong></span> <span class='ocrx_word' id='word_1_789' title='bbox 1889 5099 2040 5171; x_wconf 84' lang='lat' dir='ltr'><strong>prin-</strong></span> 
     </span>
    </p>
   </div>
   <div class='ocr_carea' id='block_1_98' title="bbox 472 5191 2035 5266">
    <p class='ocr_par' dir='ltr' id='par_1_98' title="bbox 472 5191 2035 5266">
     <span class='ocr_line' id='line_1_98' title="bbox 472 5191 2035 5266; baseline -0.002 -15"><span class='ocrx_word' id='word_1_790' title='bbox 472 5195 642 5265; x_wconf 85' lang='lat' dir='ltr'><strong>cipes,</strong></span> <span class='ocrx_word' id='word_1_791' title='bbox 659 5203 714 5250; x_wconf 91' lang='lat' dir='ltr'><strong>et</strong></span> <span class='ocrx_word' id='word_1_792' title='bbox 739 5193 880 5266; x_wconf 92' lang='lat' dir='ltr'><strong>quod</strong></span> <span class='ocrx_word' id='word_1_793' title='bbox 907 5199 1055 5264; x_wconf 89' lang='lat' dir='ltr'><strong>prius</strong></span> <span class='ocrx_word' id='word_1_794' title='bbox 1079 5207 1246 5264; x_wconf 90' lang='lat' dir='ltr'><strong>penes</strong></span> <span class='ocrx_word' id='word_1_795' title='bbox 1274 5191 1419 5259; x_wconf 89' lang='lat' dir='ltr'><strong>ipsos</strong></span> <span class='ocrx_word' id='word_1_796' title='bbox 1451 5205 1674 5260; x_wconf 75' lang='lat' dir='ltr'><strong>regnum</strong></span> <span class='ocrx_word' id='word_1_797' title='bbox 1694 5193 1890 5258; x_wconf 78' lang='lat' dir='ltr'><strong>stabat,</strong></span> <span class='ocrx_word' id='word_1_798' title='bbox 1907 5209 2035 5250; x_wconf 81' lang='lat' dir='ltr'><strong>nec-</strong></span> 
     </span>
    </p>
   </div>
   <div class='ocr_carea' id='block_1_99' title="bbox 473 5283 2032 5355">
    <p class='ocr_par' dir='ltr' id='par_1_99' title="bbox 473 5283 2032 5355">
     <span class='ocr_line' id='line_1_99' title="bbox 473 5283 2032 5355; baseline -0.001 -15"><span class='ocrx_word' id='word_1_799' title='bbox 473 5300 584 5340; x_wconf 91' lang='lat' dir='ltr'><strong>non</strong></span> <span class='ocrx_word' id='word_1_800' title='bbox 631 5285 1018 5350; x_wconf 88' lang='lat' dir='ltr'><strong>sacerdotium,</strong></span> <span class='ocrx_word' id='word_1_801' title='bbox 1046 5293 1102 5340; x_wconf 88' lang='lat' dir='ltr'><strong>et</strong></span> <span class='ocrx_word' id='word_1_802' title='bbox 1135 5284 1308 5354; x_wconf 90' lang='lat' dir='ltr'><strong>prima</strong></span> <span class='ocrx_word' id='word_1_803' title='bbox 1349 5283 1660 5339; x_wconf 89' lang='lat' dir='ltr'><strong>docentium</strong></span> <span class='ocrx_word' id='word_1_804' title='bbox 1691 5283 1879 5350; x_wconf 88' lang='lat' dir='ltr'><strong>sedes,</strong></span> <span class='ocrx_word' id='word_1_805' title='bbox 1939 5285 2032 5355; x_wconf 90' lang='lat' dir='ltr'><strong>qui</strong></span> 
     </span>
    </p>
   </div>
   <div class='ocr_carea' id='block_1_100' title="bbox 473 5378 2029 5450">
    <p class='ocr_par' dir='ltr' id='par_1_100' title="bbox 473 5378 2029 5450">
     <span class='ocr_line' id='line_1_100' title="bbox 473 5378 2029 5450; baseline 0 -18"><span class='ocrx_word' id='word_1_806' title='bbox 473 5393 618 5434; x_wconf 89' lang='lat' dir='ltr'><strong>nunc</strong></span> <span class='ocrx_word' id='word_1_807' title='bbox 661 5385 874 5434; x_wconf 90' lang='lat' dir='ltr'><strong>montes</strong></span> <span class='ocrx_word' id='word_1_808' title='bbox 923 5381 1150 5450; x_wconf 78' lang='lat' dir='ltr'><strong>ﬁgurate</strong></span> <span class='ocrx_word' id='word_1_809' title='bbox 1203 5379 1588 5443; x_wconf 88' lang='lat' dir='ltr'><strong>nominantur,</strong></span> <span class='ocrx_word' id='word_1_810' title='bbox 1643 5378 2029 5434; x_wconf 86' lang='lat' dir='ltr'><strong>commovenda</strong></span> 
     </span>
    </p>
   </div>
   <div class='ocr_carea' id='block_1_101' title="bbox 471 5471 2024 5543">
    <p class='ocr_par' dir='ltr' id='par_1_101' title="bbox 471 5471 2024 5543">
     <span class='ocr_line' id='line_1_101' title="bbox 471 5471 2024 5543; baseline 0 -19"><span class='ocrx_word' id='word_1_811' title='bbox 471 5485 594 5525; x_wconf 83' lang='lat' dir='ltr'><strong>esse</strong></span> <span class='ocrx_word' id='word_1_812' title='bbox 623 5471 729 5526; x_wconf 89' lang='lat' dir='ltr'><strong>dici</strong></span> <span class='ocrx_word' id='word_1_813' title='bbox 761 5481 988 5543; x_wconf 89' lang='lat' dir='ltr'><strong>possunt</strong></span> <span class='ocrx_word' id='word_1_814' title='bbox 1020 5473 1074 5527; x_wconf 92' lang='lat' dir='ltr'><strong>in</strong></span> <span class='ocrx_word' id='word_1_815' title='bbox 1103 5472 1225 5542; x_wconf 90' lang='lat' dir='ltr'><strong>ipso</strong></span> <span class='ocrx_word' id='word_1_816' title='bbox 1251 5471 1466 5527; x_wconf 92' lang='lat' dir='ltr'><strong>Domini</strong></span> <span class='ocrx_word' id='word_1_817' title='bbox 1493 5473 1560 5528; x_wconf 90' lang='lat' dir='ltr'><strong>de</strong></span> <span class='ocrx_word' id='word_1_818' title='bbox 1591 5473 1730 5528; x_wconf 76' lang='lat' dir='ltr'><strong>caelo</strong></span> <span class='ocrx_word' id='word_1_819' title='bbox 1759 5471 2024 5526; x_wconf 87' lang='lat' dir='ltr'><strong>adventu:</strong></span> 
     </span>
    </p>
   </div>
   <div class='ocr_carea' id='block_1_102' title="bbox 469 5561 2030 5635">
    <p class='ocr_par' dir='ltr' id='par_1_102' title="bbox 469 5561 2030 5635">
     <span class='ocr_line' id='line_1_102' title="bbox 469 5561 2030 5635; baseline 0.001 -19"><span class='ocrx_word' id='word_1_820' title='bbox 469 5569 526 5616; x_wconf 90' lang='lat' dir='ltr'><strong>et</strong></span> <span class='ocrx_word' id='word_1_821' title='bbox 551 5561 653 5616; x_wconf 91' lang='lat' dir='ltr'><strong>hoc</strong></span> <span class='ocrx_word' id='word_1_822' title='bbox 677 5563 850 5633; x_wconf 91' lang='lat' dir='ltr'><strong>ipsum</strong></span> <span class='ocrx_word' id='word_1_823' title='bbox 879 5565 1096 5634; x_wconf 85' lang='lat' dir='ltr'><strong>quidem</strong></span> <span class='ocrx_word' id='word_1_824' title='bbox 1129 5563 1286 5618; x_wconf 91' lang='lat' dir='ltr'><strong>ﬁnem</strong></span> <span class='ocrx_word' id='word_1_825' title='bbox 1321 5579 1480 5618; x_wconf 91' lang='lat' dir='ltr'><strong>suum</strong></span> <span class='ocrx_word' id='word_1_826' title='bbox 1535 5564 1858 5635; x_wconf 77' lang='lat' dir='ltr'><strong>contigisse,</strong></span> <span class='ocrx_word' id='word_1_827' title='bbox 1908 5563 2030 5632; x_wconf 91' lang='lat' dir='ltr'><strong>quis</strong></span> 
     </span>
    </p>
   </div>
   <div class='ocr_carea' id='block_1_103' title="bbox 473 5650 2030 5726">
    <p class='ocr_par' dir='ltr' id='par_1_103' title="bbox 473 5650 2030 5726">
     <span class='ocr_line' id='line_1_103' title="bbox 473 5650 2030 5726; baseline -0.001 -20"><span class='ocrx_word' id='word_1_828' title='bbox 473 5667 580 5706; x_wconf 84' lang='lat' dir='ltr'><strong>non</strong></span> <span class='ocrx_word' id='word_1_829' title='bbox 612 5653 824 5708; x_wconf 90' lang='lat' dir='ltr'><strong>tandem</strong></span> <span class='ocrx_word' id='word_1_830' title='bbox 855 5653 1116 5722; x_wconf 87' lang='lat' dir='ltr'><strong>fateatur,</strong></span> <span class='ocrx_word' id='word_1_831' title='bbox 1159 5665 1280 5726; x_wconf 89' lang='lat' dir='ltr'><strong>post</strong></span> <span class='ocrx_word' id='word_1_832' title='bbox 1335 5655 1634 5711; x_wconf 88' lang='lat' dir='ltr'><strong>Salvatoris</strong></span> <span class='ocrx_word' id='word_1_833' title='bbox 1672 5652 1843 5708; x_wconf 88' lang='lat' dir='ltr'><strong>nostri</strong></span> <span class='ocrx_word' id='word_1_834' title='bbox 1901 5650 2030 5706; x_wconf 83' lang='lat' dir='ltr'><strong>Jesu</strong></span> 
     </span>
    </p>
   </div>
   <div class='ocr_carea' id='block_1_104' title="bbox 469 5742 2026 5816">
    <p class='ocr_par' dir='ltr' id='par_1_104' title="bbox 469 5742 2026 5816">
     <span class='ocr_line' id='line_1_104' title="bbox 469 5742 2026 5816; baseline -0.001 -16"><span class='ocrx_word' id='word_1_835' title='bbox 469 5742 672 5800; x_wconf 88' lang='lat' dir='ltr'><strong>Christi</strong></span> <span class='ocrx_word' id='word_1_836' title='bbox 703 5753 964 5816; x_wconf 86' lang='lat' dir='ltr'><strong>tempora,</strong></span> <span class='ocrx_word' id='word_1_837' title='bbox 995 5763 1118 5802; x_wconf 90' lang='lat' dir='ltr'><strong>cum</strong></span> <span class='ocrx_word' id='word_1_838' title='bbox 1145 5749 1326 5802; x_wconf 88' lang='lat' dir='ltr'><strong>omnia</strong></span> <span class='ocrx_word' id='word_1_839' title='bbox 1357 5749 1446 5802; x_wconf 91' lang='lat' dir='ltr'><strong>illa</strong></span> <span class='ocrx_word' id='word_1_840' title='bbox 1477 5747 1660 5802; x_wconf 87' lang='lat' dir='ltr'><strong>videre</strong></span> <span class='ocrx_word' id='word_1_841' title='bbox 1691 5745 1880 5812; x_wconf 86' lang='lat' dir='ltr'><strong>possit,</strong></span> <span class='ocrx_word' id='word_1_842' title='bbox 1916 5760 2026 5798; x_wconf 90' lang='lat' dir='ltr'><strong>non</strong></span> 
     </span>
    </p>
   </div>
   <div class='ocr_carea' id='block_1_105' title="bbox 539 5859 2077 5930">
    <p class='ocr_par' dir='ltr' id='par_1_105' title="bbox 539 5859 2077 5930">
     <span class='ocr_line' id='line_1_105' title="bbox 539 5859 2077 5930; baseline 0.001 -16"><span class='ocrx_word' id='word_1_843' title='bbox 539 5860 584 5892; x_wconf 83' lang='grc'><strong>⁸⁷</strong></span> <span class='ocrx_word' id='word_1_844' title='bbox 612 5859 770 5916; x_wconf 80' lang='lat' dir='ltr'><strong>Mich.</strong></span> <span class='ocrx_word' id='word_1_845' title='bbox 807 5878 846 5926; x_wconf 86' lang='grc' dir='ltr'><strong>ι,</strong></span> <span class='ocrx_word' id='word_1_846' title='bbox 883 5861 1000 5918; x_wconf 75' lang='grc'><strong>2-5.</strong></span> <span class='ocrx_word' id='word_1_847' title='bbox 1076 5865 1121 5896; x_wconf 81' lang='grc'><strong>⁵⁸</strong></span> <span class='ocrx_word' id='word_1_848' title='bbox 1147 5863 1289 5919; x_wconf 88' lang='lat' dir='ltr'><strong>Psal.</strong></span> <span class='ocrx_word' id='word_1_849' title='bbox 1319 5879 1464 5930; x_wconf 77' lang='lat' dir='ltr'><strong>xmv,</strong></span> <span class='ocrx_word' id='word_1_850' title='bbox 1497 5863 1550 5916; x_wconf 89' lang='lat'><strong>7.</strong></span> <span class='ocrx_word' id='word_1_851' title='bbox 1629 5861 1674 5894; x_wconf 80' lang='lat'>&quot;</span> <span class='ocrx_word' id='word_1_852' title='bbox 1711 5861 1856 5916; x_wconf 84' lang='lat' dir='ltr'><strong>Psal.</strong></span> <span class='ocrx_word' id='word_1_853' title='bbox 1883 5875 1992 5926; x_wconf 68' lang='lat' dir='ltr'><strong>cxx,</strong></span> <span class='ocrx_word' id='word_1_854' title='bbox 2029 5861 2077 5916; x_wconf 84' lang='grc'><strong>1.</strong></span> 
     </span>
    </p>
   </div>
   <div class='ocr_carea' id='block_1_106' title="bbox 2134 4738 3696 4818">
    <p class='ocr_par' dir='ltr' id='par_1_106' title="bbox 2134 4738 3696 4818">
     <span class='ocr_line' id='line_1_106' title="bbox 2134 4738 3696 4818; baseline -0.007 -16"><span class='ocrx_word' id='word_1_855' title='bbox 2134 4747 2207 4812; x_wconf 87' lang='grc' dir='ltr'>ὡς</span> <span class='ocrx_word' id='word_1_856' title='bbox 2239 4747 2375 4818; x_wconf 85' lang='grc' dir='ltr'>μετὰ</span> <span class='ocrx_word' id='word_1_857' title='bbox 2403 4745 2499 4818; x_wconf 81' lang='grc' dir='ltr'><strong>τὴν</strong></span> <span class='ocrx_word' id='word_1_858' title='bbox 2541 4745 2634 4799; x_wconf 90' lang='grc' dir='ltr'><strong>τοῦ</strong></span> <span class='ocrx_word' id='word_1_859' title='bbox 2674 4745 2921 4816; x_wconf 82' lang='grc' dir='ltr'>Σωτῆρος</span> <span class='ocrx_word' id='word_1_860' title='bbox 2947 4743 3100 4814; x_wconf 83' lang='grc' dir='ltr'>ἡμῶν</span> <span class='ocrx_word' id='word_1_861' title='bbox 3145 4741 3460 4816; x_wconf 87' lang='grc' dir='ltr'>παρουσίαν,</span> <span class='ocrx_word' id='word_1_862' title='bbox 3509 4738 3696 4794; x_wconf 76' lang='grc' dir='ltr'>καὶτὰ</span> 
     </span>
    </p>
   </div>
   <div class='ocr_carea' id='block_1_107' title="bbox 2136 4831 3695 4909">
    <p class='ocr_par' dir='ltr' id='par_1_107' title="bbox 2136 4831 3695 4909">
     <span class='ocr_line' id='line_1_107' title="bbox 2136 4831 3695 4909; baseline -0.009 -13"><span class='ocrx_word' id='word_1_863' title='bbox 2136 4843 2255 4896; x_wconf 81' lang='grc' dir='ltr'>κατ’</span> <span class='ocrx_word' id='word_1_864' title='bbox 2287 4839 2448 4894; x_wconf 82' lang='grc' dir='ltr'>αὐτοῦ</span> <span class='ocrx_word' id='word_1_865' title='bbox 2479 4837 2872 4909; x_wconf 81' lang='grc' dir='ltr'>τετολμημένα,</span> <span class='ocrx_word' id='word_1_866' title='bbox 2901 4835 2968 4890; x_wconf 83' lang='grc' dir='ltr'>τὰ</span> <span class='ocrx_word' id='word_1_867' title='bbox 3003 4834 3369 4908; x_wconf 82' lang='grc' dir='ltr'>προειρημένα</span> <span class='ocrx_word' id='word_1_868' title='bbox 3398 4831 3570 4886; x_wconf 88' lang='grc' dir='ltr'>πάντα</span> <span class='ocrx_word' id='word_1_869' title='bbox 3597 4847 3695 4884; x_wconf 87' lang='grc' dir='ltr'>πε-</span> 
     </span>
    </p>
   </div>
   <div class='ocr_carea' id='block_1_108' title="bbox 2138 4924 3692 5004">
    <p class='ocr_par' dir='ltr' id='par_1_108' title="bbox 2138 4924 3692 5004">
     <span class='ocr_line' id='line_1_108' title="bbox 2138 4924 3692 5004; baseline -0.006 -17"><span class='ocrx_word' id='word_1_870' title='bbox 2138 4933 2506 5004; x_wconf 83' lang='grc' dir='ltr'>πολιόρκηται,</span> <span class='ocrx_word' id='word_1_871' title='bbox 2546 4933 2640 4985; x_wconf 78' lang='grc' dir='ltr'>καὶ</span> <span class='ocrx_word' id='word_1_872' title='bbox 2673 4933 2750 4994; x_wconf 84' lang='grc' dir='ltr'><strong>είς</strong></span> <span class='ocrx_word' id='word_1_873' title='bbox 2785 4930 3016 5000; x_wconf 74' lang='grc' dir='ltr'>ἐσχάτην</span> <span class='ocrx_word' id='word_1_874' title='bbox 3045 4928 3278 5000; x_wconf 78' lang='grc' dir='ltr'>ἐρημίαν</span> <span class='ocrx_word' id='word_1_875' title='bbox 3315 4924 3588 4998; x_wconf 79' lang='grc' dir='ltr'>ἐλήλυθεν.</span> <span class='ocrx_word' id='word_1_876' title='bbox 3619 4925 3692 4978; x_wconf 76' lang='grc' dir='ltr'><strong>Οὐ</strong></span> 
     </span>
    </p>
   </div>
   <div class='ocr_carea' id='block_1_109' title="bbox 2139 5019 3692 5096">
    <p class='ocr_par' dir='ltr' id='par_1_109' title="bbox 2139 5019 3692 5096">
     <span class='ocr_line' id='line_1_109' title="bbox 2139 5019 3692 5096; baseline -0.005 -18"><span class='ocrx_word' id='word_1_877' title='bbox 2139 5025 2244 5096; x_wconf 80' lang='grc' dir='ltr'><strong>μὴν</strong></span> <span class='ocrx_word' id='word_1_878' title='bbox 2276 5025 2410 5079; x_wconf 83' lang='grc' dir='ltr'>ἀλλὰ</span> <span class='ocrx_word' id='word_1_879' title='bbox 2439 5026 2532 5078; x_wconf 75' lang='grc' dir='ltr'><strong>καὶ</strong></span> <span class='ocrx_word' id='word_1_880' title='bbox 2557 5025 2606 5077; x_wconf 82' lang='grc' dir='ltr'>οἱ</span> <span class='ocrx_word' id='word_1_881' title='bbox 2627 5025 2882 5093; x_wconf 80' lang='grc' dir='ltr'>ἄρχοντες</span> <span class='ocrx_word' id='word_1_882' title='bbox 2905 5021 2996 5075; x_wconf 93' lang='grc' dir='ltr'><strong>τοῦ</strong></span> <span class='ocrx_word' id='word_1_883' title='bbox 3039 5020 3299 5074; x_wconf 86' lang='grc' dir='ltr'>Ἰουδαίων</span> <span class='ocrx_word' id='word_1_884' title='bbox 3332 5019 3533 5083; x_wconf 78' lang='grc' dir='ltr'>ἔθνους,</span> <span class='ocrx_word' id='word_1_885' title='bbox 3567 5019 3602 5088; x_wconf 87' lang='grc' dir='ltr'>ἦ</span> <span class='ocrx_word' id='word_1_886' title='bbox 3633 5035 3692 5071; x_wconf 86' lang='grc' dir='ltr'><strong>τε</strong></span> 
     </span>
    </p>
   </div>
   <div class='ocr_carea' id='block_1_110' title="bbox 2139 5109 3690 5188">
    <p class='ocr_par' dir='ltr' id='par_1_110' title="bbox 2139 5109 3690 5188">
     <span class='ocr_line' id='line_1_110' title="bbox 2139 5109 3690 5188; baseline -0.006 -18"><span class='ocrx_word' id='word_1_887' title='bbox 2139 5118 2268 5188; x_wconf 80' lang='grc' dir='ltr'>παρ’</span> <span class='ocrx_word' id='word_1_888' title='bbox 2297 5119 2478 5182; x_wconf 85' lang='grc' dir='ltr'>αὐτοῖς</span> <span class='ocrx_word' id='word_1_889' title='bbox 2525 5118 2584 5170; x_wconf 85' lang='grc' dir='ltr'>τὸ</span> <span class='ocrx_word' id='word_1_890' title='bbox 2631 5117 2760 5188; x_wconf 77' lang='grc' dir='ltr'>πρὶν</span> <span class='ocrx_word' id='word_1_891' title='bbox 2793 5115 3096 5168; x_wconf 81' lang='grc' dir='ltr'>συνεστῶσα</span> <span class='ocrx_word' id='word_1_892' title='bbox 3125 5111 3384 5184; x_wconf 79' lang='grc' dir='ltr'>βασιλεία,</span> <span class='ocrx_word' id='word_1_893' title='bbox 3423 5109 3690 5180; x_wconf 82' lang='grc' dir='ltr'>ἱερωσύνη</span> 
     </span>
    </p>
   </div>
   <div class='ocr_carea' id='block_1_111' title="bbox 2132 5213 3690 5287">
    <p class='ocr_par' dir='ltr' id='par_1_111' title="bbox 2132 5213 3690 5287">
     <span class='ocr_line' id='line_1_111' title="bbox 2132 5213 3690 5287; baseline -0.003 -19"><span class='ocrx_word' id='word_1_894' title='bbox 2132 5233 2192 5269; x_wconf 90' lang='grc' dir='ltr'><strong>τε</strong></span> <span class='ocrx_word' id='word_1_895' title='bbox 2220 5217 2315 5270; x_wconf 72' lang='grc' dir='ltr'><strong>καὶ</strong></span> <span class='ocrx_word' id='word_1_896' title='bbox 2335 5215 2664 5270; x_wconf 85' lang='grc' dir='ltr'>διδασκάλων</span> <span class='ocrx_word' id='word_1_897' title='bbox 2697 5215 3001 5287; x_wconf 83' lang='grc' dir='ltr'>προεδρεία,</span> <span class='ocrx_word' id='word_1_898' title='bbox 3033 5215 3132 5286; x_wconf 75' lang='grc' dir='ltr'>ὅρη</span> <span class='ocrx_word' id='word_1_899' title='bbox 3162 5214 3256 5268; x_wconf 88' lang='grc' dir='ltr'><strong>νῦν</strong></span> <span class='ocrx_word' id='word_1_900' title='bbox 3283 5213 3554 5284; x_wconf 81' lang='grc' dir='ltr'>τροπικῶς</span> <span class='ocrx_word' id='word_1_901' title='bbox 3575 5215 3690 5265; x_wconf 81' lang='grc' dir='ltr'>ὀνο-</span> 
     </span>
    </p>
   </div>
   <div class='ocr_carea' id='block_1_112' title="bbox 2135 5319 3692 5394">
    <p class='ocr_par' dir='ltr' id='par_1_112' title="bbox 2135 5319 3692 5394">
     <span class='ocr_line' id='line_1_112' title="bbox 2135 5319 3692 5394; baseline -0.004 -18"><span class='ocrx_word' id='word_1_902' title='bbox 2135 5321 2435 5394; x_wconf 78' lang='grc' dir='ltr'>μαζόμενα,</span> <span class='ocrx_word' id='word_1_903' title='bbox 2481 5320 2902 5393; x_wconf 86' lang='grc' dir='ltr'>σαλευθήσεσθαι</span> <span class='ocrx_word' id='word_1_904' title='bbox 2929 5321 3174 5386; x_wconf 83' lang='grc' dir='ltr'>λέγονται</span> <span class='ocrx_word' id='word_1_905' title='bbox 3217 5320 3309 5372; x_wconf 77' lang='grc' dir='ltr'>ἐπὶ</span> <span class='ocrx_word' id='word_1_906' title='bbox 3345 5321 3410 5390; x_wconf 84' lang='grc' dir='ltr'>τῇ</span> <span class='ocrx_word' id='word_1_907' title='bbox 3447 5319 3539 5372; x_wconf 88' lang='grc' dir='ltr'><strong>τοῦ</strong></span> <span class='ocrx_word' id='word_1_908' title='bbox 3583 5319 3692 5371; x_wconf 79' lang='grc' dir='ltr'><strong>Κυ-</strong></span> 
     </span>
    </p>
   </div>
   <div class='ocr_carea' id='block_1_113' title="bbox 2133 5423 3689 5502">
    <p class='ocr_par' dir='ltr' id='par_1_113' title="bbox 2133 5423 3689 5502">
     <span class='ocr_line' id='line_1_113' title="bbox 2133 5423 3689 5502; baseline -0.003 -22"><span class='ocrx_word' id='word_1_909' title='bbox 2133 5428 2246 5500; x_wconf 79' lang='grc' dir='ltr'>ρίου</span> <span class='ocrx_word' id='word_1_910' title='bbox 2281 5429 2339 5494; x_wconf 77' lang='grc' dir='ltr'>ἐξ</span> <span class='ocrx_word' id='word_1_911' title='bbox 2359 5429 2598 5502; x_wconf 82' lang='grc' dir='ltr'>οὐρανῶν</span> <span class='ocrx_word' id='word_1_912' title='bbox 2623 5429 2906 5500; x_wconf 72' lang='grc' dir='ltr'>παρουσία.</span> <span class='ocrx_word' id='word_1_913' title='bbox 2932 5428 3040 5482; x_wconf 78' lang='grc' dir='ltr'>Καὶ</span> <span class='ocrx_word' id='word_1_914' title='bbox 3069 5427 3221 5480; x_wconf 89' lang='grc' dir='ltr'>τοῦτο</span> <span class='ocrx_word' id='word_1_915' title='bbox 3249 5427 3305 5479; x_wconf 81' lang='grc' dir='ltr'>δὲ</span> <span class='ocrx_word' id='word_1_916' title='bbox 3332 5427 3478 5488; x_wconf 86' lang='grc' dir='ltr'>ὅπως</span> <span class='ocrx_word' id='word_1_917' title='bbox 3503 5423 3689 5487; x_wconf 84' lang='grc' dir='ltr'>τέλους</span> 
     </span>
    </p>
   </div>
   <div class='ocr_carea' id='block_1_114' title="bbox 2132 5529 3690 5607">
    <p class='ocr_par' dir='ltr' id='par_1_114' title="bbox 2132 5529 3690 5607">
     <span class='ocr_line' id='line_1_114' title="bbox 2132 5529 3690 5607; baseline -0.004 -19"><span class='ocrx_word' id='word_1_918' title='bbox 2132 5536 2306 5607; x_wconf 78' lang='grc' dir='ltr'>ἔτυχε,</span> <span class='ocrx_word' id='word_1_919' title='bbox 2337 5537 2421 5600; x_wconf 82' lang='grc' dir='ltr'><strong>τίς</strong></span> <span class='ocrx_word' id='word_1_920' title='bbox 2447 5537 2544 5590; x_wconf 79' lang='grc' dir='ltr'><strong>οὐκ</strong></span> <span class='ocrx_word' id='word_1_921' title='bbox 2577 5535 2642 5589; x_wconf 81' lang='grc' dir='ltr'>ἂν</span> <span class='ocrx_word' id='word_1_922' title='bbox 2671 5535 3036 5606; x_wconf 78' lang='grc' dir='ltr'>ὁμολογήσειε,</span> <span class='ocrx_word' id='word_1_923' title='bbox 3071 5533 3206 5605; x_wconf 76' lang='grc' dir='ltr'>μετὰ</span> <span class='ocrx_word' id='word_1_924' title='bbox 3235 5533 3359 5594; x_wconf 83' lang='grc' dir='ltr'>τοὺς</span> <span class='ocrx_word' id='word_1_925' title='bbox 3383 5529 3472 5583; x_wconf 84' lang='grc' dir='ltr'><strong>τοῦ</strong></span> <span class='ocrx_word' id='word_1_926' title='bbox 3509 5530 3690 5600; x_wconf 81' lang='grc' dir='ltr'>Σωτῆ-</span> 
     </span>
    </p>
   </div>
   <div class='ocr_carea' id='block_1_115' title="bbox 2133 5633 3688 5713">
    <p class='ocr_par' dir='ltr' id='par_1_115' title="bbox 2133 5633 3688 5713">
     <span class='ocr_line' id='line_1_115' title="bbox 2133 5633 3688 5713; baseline -0.003 -19"><span class='ocrx_word' id='word_1_927' title='bbox 2133 5659 2223 5710; x_wconf 83' lang='grc' dir='ltr'><strong>ρος</strong></span> <span class='ocrx_word' id='word_1_928' title='bbox 2251 5643 2404 5713; x_wconf 81' lang='grc' dir='ltr'>ήμῶν</span> <span class='ocrx_word' id='word_1_929' title='bbox 2442 5641 2614 5712; x_wconf 83' lang='grc' dir='ltr'>Ἰησοῦ</span> <span class='ocrx_word' id='word_1_930' title='bbox 2641 5639 2873 5712; x_wconf 84' lang='grc' dir='ltr'>Χριστοῦ</span> <span class='ocrx_word' id='word_1_931' title='bbox 2901 5639 3140 5710; x_wconf 86' lang='grc' dir='ltr'>χρόνους,</span> <span class='ocrx_word' id='word_1_932' title='bbox 3176 5639 3327 5692; x_wconf 86' lang='grc' dir='ltr'>πάντ’</span> <span class='ocrx_word' id='word_1_933' title='bbox 3351 5637 3531 5690; x_wconf 80' lang='grc' dir='ltr'>ἐκεῖνα</span> <span class='ocrx_word' id='word_1_934' title='bbox 3563 5633 3688 5689; x_wconf 82' lang='grc' dir='ltr'>θεω-</span> 
     </span>
    </p>
   </div>
   <div class='ocr_carea' id='block_1_116' title="bbox 2137 5741 3686 5818">
    <p class='ocr_par' dir='ltr' id='par_1_116' title="bbox 2137 5741 3686 5818">
     <span class='ocr_line' id='line_1_116' title="bbox 2137 5741 3686 5818; baseline -0.006 -17"><span class='ocrx_word' id='word_1_935' title='bbox 2137 5747 2244 5818; x_wconf 86' lang='grc' dir='ltr'><strong>ρῶν</strong></span> <span class='ocrx_word' id='word_1_936' title='bbox 2269 5749 2330 5800; x_wconf 83' lang='grc' dir='ltr'>οὺ</span> <span class='ocrx_word' id='word_1_937' title='bbox 2366 5747 2522 5818; x_wconf 83' lang='grc' dir='ltr'>μόνον</span> <span class='ocrx_word' id='word_1_938' title='bbox 2555 5745 2897 5814; x_wconf 85' lang='grc' dir='ltr'>σαλευθέντα,</span> <span class='ocrx_word' id='word_1_939' title='bbox 2941 5743 3075 5799; x_wconf 80' lang='grc' dir='ltr'>ἀλλὰ</span> <span class='ocrx_word' id='word_1_940' title='bbox 3103 5744 3197 5798; x_wconf 71' lang='grc' dir='ltr'><strong>καὶ</strong></span> <span class='ocrx_word' id='word_1_941' title='bbox 3249 5741 3490 5797; x_wconf 77' lang='grc' dir='ltr'>ἐκποδὼν</span> <span class='ocrx_word' id='word_1_942' title='bbox 3529 5756 3686 5810; x_wconf 80' lang='grc' dir='ltr'>γεγε-</span> 
     </span>
    </p>
   </div>
  </div>
