3894 6520
166 446 256 502 ιεὸ

1037 437 1683 497 DEMONSTRATIONIS
1714 435 2170 494 EVANGELICIE
2211 437 2338 494 LIB.
2380 437 2469 492 Vl.

3270 436 3392 492 ιδι-

165 557 386 627 νημένα;
421 558 685 623 Κοιλάδες
723 560 780 612 δὲ
815 559 978 612 εἰσέτι
1023 560 1116 613 νῦν
1157 561 1458 630 τηκόμεναι
1500 555 1608 611 εἷεν
1655 559 1718 611 ἂν

1824 559 1996 613 solum
2026 569 2312 623 commota,
2343 559 2434 613 sed
2477 557 2636 613 etiam
2667 557 2878 612 sublata
2911 558 2978 613 de
3006 556 3220 611 medio?
3251 554 3370 610 Val-

164 649 208 699 ειί
245 647 358 698 ἀντὶ
392 647 494 716 τῆς
533 647 884 718 Ἰερουσαλὴμ
929 648 1022 701 καὶ
1066 647 1160 700 τοῦ
1205 647 1342 700 Σιὼν
1383 647 1539 717 ὅρους
1582 645 1720 698 κατά

165 741 323 790 πᾶσαν
353 739 516 792 πῦλιν
557 740 884 792 συνεστῶσαι
915 739 1090 792 αὐτῶν
1124 741 1452 808 συναγωγαὶ,
1485 739 1723 810 ἀποθρη-

165 830 328 882 νοῦσαι
367 831 465 883 καὶ
494 831 940 902 ἀποκλαιόμεναι.
974 832 1066 884 καὶ
1107 831 1182 895 ὡς
1217 832 1382 902 κηρὸς
1412 831 1518 884 ἀπὸ
1557 848 1722 901 προσ-

165 923 294 975 ώπου
322 925 496 995 πυρὸς
522 924 839 994 τηκόμεναι,
864 923 951 976 διὰ
982 921 1156 994 λύπην
1179 925 1272 976 καὶ
1299 922 1526 984 πένθους
1556 923 1722 993 ὑπερ-

167 1016 322 1086 ϐολὴν,
366 1017 467 1086 τῆς
504 1035 566 1070 τε
595 1016 703 1070 τῶν
744 1017 957 1089 οἰκείων
983 1017 1216 1088 ἐρημίας
1254 1016 1348 1069 καὶ
1378 1015 1477 1084 τῆς
1510 1016 1722 1085 μακρᾶς

168 1109 242 1160 καὶ
275 1106 574 1169 πολυετοῦς
608 1105 845 1170 δουλείας
877 1107 1077 1159 ἕνεκεν.
1130 1107 1236 1159 Καὶ
1273 1106 1446 1169 ἄλλως
1482 1105 1539 1159 δὲ
1584 1105 1721 1158 κατά

166 1197 379 1250 διάνοιαν
428 1200 462 1267 ἠ
517 1198 614 1250 τοῦ
657 1199 828 1268 Λόγου
879 1199 972 1252 τοῦ
1012 1199 1153 1252 θείου
1207 1199 1476 1262 ὲπίϐασις,
1522 1199 1621 1251 ούκ
1664 1199 1720 1250 ὲν

169 1291 384 1359 χάσμασι
421 1291 522 1342 καὶ
573 1289 921 1361 κοιλώμασιν,
957 1291 1063 1349 οὐδ’
1095 1294 1152 1345 ὲν
1181 1295 1457 1355 ταπειναῖς
1491 1291 1584 1344 καὶ
1625 1308 1722 1360 χα-

171 1381 436 1451 μαιπετέςι
465 1382 750 1446 διανοίαις,
787 1382 898 1435 ἀλλ’
933 1385 989 1436 ἐν
1015 1385 1347 1456 ἐπῃρμέναις
1381 1384 1438 1436 τὸ
1471 1380 1719 1455 φρόνημα

169 1472 472 1540 κατεγίνετο.
529 1473 716 1546 Ταύτῃ
754 1474 882 1542 γοῦν
912 1474 1309 1546 τροπικὼτερον
1341 1476 1501 1538 αὐτὸς
1547 1477 1574 1528 ὁ
1607 1474 1719 1527 Κύ-

168 1582 261 1635 ριος
292 1563 702 1634 καταϐήσεσθαι
730 1566 821 1617 ἐπὶ
847 1567 914 1619 τὰ
1083 1566 1181 1635 τῆς
1213 1566 1316 1634 γῆς
1347 1565 1548 1636 εἴρητο.
1582 1567 1719 1635 Ὄρη

167 1658 210 1709 δὲ
245 1657 494 1726 σειόμενα
533 1657 884 1710 ὑποκάτωθεν
928 1657 1109 1722 αὐτοῦ,
1141 1658 1276 1711 αύτά
1299 1657 1361 1727 δὴ
1411 1660 1589 1710 ἐκεῖνα
1627 1653 1717 1727 ῆν,

168 1748 274 1800 ἔνθα
311 1748 523 1818 ἀνήχθη
575 1749 677 1802 ὑπὸ
709 1749 801 1803 τοῦ
828 1751 1159 1821 Πνεύματος,
1211 1750 1568 1823 πειρασθῆναι
1617 1749 1720 1802 ὑπὸ

170 1839 246 1891 τοῦ
268 1838 513 1892 διαϐόλου
540 1858 552 1870 ο
597 1857 616 1891 ι
661 1840 780 1893 ’Ὁτι
806 1841 900 1893 καὶ
932 1841 1342 1912 παραλαμϐάνει
1375 1842 1534 1894 αὑτὸν
1555 1845 1583 1896 ὁ
1603 1844 1715 1897 διά-

1821 651 1900 705 les
1930 661 2106 704 autem
2139 651 2316 706 adhuc
2349 651 2730 721 liquescentes.
2765 657 2924 706 erunt
2946 650 3040 719 qui
3078 663 3177 719 pro
3220 647 3357 704 Jeru-

1821 742 1985 798 salem
2016 756 2219 811 proque
2260 750 2446 798 monte
2491 741 2642 806 Sion,
2666 759 2761 812 per
2787 757 3000 796 omnem
3032 741 3215 795 urbem
3245 742 3347 793 ceu

1821 833 1995 888 stituti
2027 843 2349 888 sunteorum
2379 844 2697 897 conventus,
2723 834 2884 904 272
2911 834 3182 903 plorantes
3209 847 3273 886 ac
3293 831 3374 885 lu-

1819 933 2024 996 gentes,
2055 936 2110 980 et
2157 926 2312 995 quasi
2357 941 2480 980 cera
2526 942 2556 978 a
2607 925 2742 980 facie
2786 926 2926 996 ignis
2976 926 3372 994 liquescentes,

1820 1024 2038 1086 propter
2082 1017 2331 1071 maeroris
2361 1032 2424 1070 ac
2459 1018 2636 1072 luctus
2667 1032 2950 1072 excessum
2979 1056 2994 1074 .
3055 1025 3110 1071 et
3153 1020 3375 1085 prapter

1819 1107 1924 1160 loci
1958 1108 2116 1177 patrii
2147 1107 2489 1163 solitudinem
2512 1147 2527 1171 ,
2568 1118 2621 1162 et
2660 1108 2873 1177 longam
2903 1115 3064 1177 atque
3112 1121 3375 1160 annosam

1821 1200 2152 1253 servitutem.
2198 1199 2317 1254 Alio
2360 1210 2614 1269 praeterea
2658 1199 2934 1253 intellectu
2987 1197 3157 1252 divini
3211 1196 3374 1250 Verbi

1821 1304 1984 1358 super
2038 1289 2347 1345 altitudines
2402 1291 2696 1346 descensus
2751 1289 2922 1358 accipi
2979 1295 3156 1358 potest
3185 1307 3197 1342 :
3230 1288 3376 1358 quod

1822 1383 2005 1451 utique
2038 1398 2143 1436 non
2173 1381 2225 1435 in
2258 1383 2495 1438 hiatibus
2523 1391 2575 1437 et
2600 1383 2960 1445 convallibus,
2985 1383 3243 1452 nequem
3282 1382 3378 1436 ab-

1815 1474 1973 1543 jcctis
2002 1480 2163 1542 atque
2192 1474 2244 1528 in
2280 1474 2500 1528 humum
2547 1475 2917 1544 spectantibus
2958 1473 3151 1528 animis
3182 1480 3236 1527 et
3287 1487 3379 1527 co-

1821 1565 2192 1636 gitationibus,
2242 1565 2336 1620 sed
2374 1565 2430 1620 in
2460 1567 2620 1620 altius
2655 1565 2884 1621 sublatis
2915 1572 2968 1620 et
3001 1579 3218 1620 sursum
3260 1579 3380 1619 ere-

1819 1657 1926 1712 ctis
1966 1658 2171 1712 versari
2225 1658 2404 1713 vellet.
2462 1656 2578 1711 Tali
2624 1657 2787 1727 igitur
2819 1657 2990 1728 ﬁgura
3019 1656 3225 1711 dictum
3253 1665 3374 1722 est,

1822 1750 1996 1816 ipsum
2021 1747 2304 1802 Dominum
2335 1762 2500 1818 super
2539 1747 2850 1803 altitudines
2883 1756 3040 1802 terra:
3087 1747 3380 1802 descensu-

1826 1853 1968 1893 rum.
1993 1839 2093 1906 Qui
2121 1856 2250 1895 vero
2282 1839 2664 1894 concutiantur
2695 1839 2880 1896 subter
2904 1853 2968 1894 eo
2997 1847 3232 1900 montes,
3271 1835 3378 1906 ipsi

172 1932 298 1993 ϐολος
328 1935 405 1996 εἰς
444 1932 579 2004 ὅρος
615 1932 812 2003 ύῂλὸν
861 1932 979 1987 λίαν
999 1909 1025 1963 ο-
1057 1909 1164 1987 καὶὴ
1190 1929 1258 2005 ἦν
1293 1934 1429 2005 μετά
1476 1935 1581 1988 τῶν
1627 1935 1721 2006 θη-

1824 1933 1897 1986 illi
1925 1936 2110 2003 utique
2131 1939 2309 1998 erunt,
2339 1932 2406 1986 ad
2431 1949 2565 2003 quos
2599 1932 2865 1988 adductus
2892 1941 2976 1986 est
3003 1944 3033 1984 a
3070 1913 3286 2001 spiritu,
3322 1936 3381 1982 ut

176 2025 301 2095 ρίων.
341 2044 357 2074 ι
401 2024 550 2094 Ὀρτι
586 2025 630 2077 δ’
654 2024 717 2078 ἀν
741 2026 823 2096 εἴη
849 2020 1001 2088 αὖθις
1033 2025 1429 2097 τροπικώτερον
1459 2028 1490 2097 ἡ
1530 2028 1586 2079 ὲν
1609 2031 1716 2091 τοῖς

171 2125 296 2184 ορεσι
320 2115 377 2166 τὸ
408 2118 544 2185 πρὶν
579 2116 962 2187 ἐπιτελουμένη
993 2117 1416 2189 εἰδωλολατρεία,
1447 2121 1541 2171 καὶ
1575 2120 1630 2170 αἱ
1662 2120 1719 2172 ὲν

174 2206 354 2269 τούτοις
398 2209 774 2280 ἒνεργήσασαι
816 2209 1034 2281 ἀόρατοι
1079 2211 1172 2263 καὶ
1206 2210 1518 2282 ἀρχοντικαὶ
1560 2211 1719 2264 δυνά-

175 2316 292 2367 μεις,
324 2299 388 2363 ἃς
417 2301 478 2352 ού
521 2300 738 2371 μικρῶς
767 2303 798 2370 ἡ
832 2301 923 2354 τοῦ
954 2303 1202 2374 Σωτῆρος
1236 2303 1390 2373 ἡμῶν
1424 2304 1630 2356 ἀνέσειέ
1661 2321 1719 2356 τε

174 2390 250 2443 καὶ
288 2391 522 2444 ἀνεκίνει
563 2391 894 2445 διδασκαλία.
941 2391 1154 2445 Τούτων
1185 2393 1292 2463 γὰρ
1325 2394 1356 2463 ἡ
1387 2392 1582 2455 ἔνθεος,
1613 2393 1720 2445 εἴτε

175 2481 571 2552 θανματουργὺς
609 2482 701 2534 καὶ
748 2481 1164 2552 παραδοξοποιὺς
1203 2483 1376 2552 ἰσχὺς,
1426 2480 1722 2551 λεληθότως

176 2572 254 2642 τὴν
281 2573 414 2626 κατά
444 2572 562 2625 τῶν
594 2572 891 2644 ἀνθρώπων
924 2571 1139 2645 μακρὰν
1165 2574 1258 2626 καὶ
1292 2571 1523 2627 παλαιὰν
1563 2572 1719 2625 δυνα-

177 2662 332 2716 στείαν
357 2664 614 2735 καθῄρει.
654 2664 923 2728 Ὡσαύτως
955 2666 1012 2718 δὲ
1039 2666 1132 2718 καὶ
1163 2663 1406 2728 κοιλάδες
1429 2665 1720 2734 τηκόμεναι

175 2755 234 2819 ὡς
258 2757 417 2827 κηρὸς
447 2757 566 2810 ἀπὸ
585 2755 872 2827 προσώπου
891 2758 1080 2828 πυρὸς,
1106 2756 1357 2827 δαίμονες
1382 2757 1447 2810 ἂν
1465 2753 1571 2810 εἶεν
1601 2756 1722 2826 χθό-

177 2863 258 2898 νιοι
289 2847 377 2899 καὶ
409 2847 708 2918 περίγειοι,
741 2847 862 2900 καθ’
888 2840 960 2899 ὧν
993 2847 1053 2899 τὸ
1081 2847 1370 2900 καυστικδν
1397 2847 1498 2914 τῆς
1530 2845 1720 2916 μοχθη⁹

178 2935 276 3004 ρίας
315 2935 493 2990 αὐτῶν
531 2935 644 3007 πῦρ
684 2937 854 3006 ἠφίει,
891 2938 1096 3005 λέγων·
1135 2956 1151 2988 ι
1194 2936 1311 3006 Πῦρ
1343 2932 1504 3006 ἦλθον
1542 2935 1720 3004 βαλεῖν

179 3031 253 3081 ἐπὶ
283 3031 371 3101 τὴν
393 3031 522 3102 γῆν,
563 3032 656 3083 καὶ
687 3029 738 3082 τί
767 3029 922 3094 θέλω,
956 3033 1002 3082 εἰ
1034 3030 1130 3100 ἤδη
1164 3029 1406 3100 ἀνήφθη;
1445 3049 1463 3079 ι
1514 3027 1630 3095 Ὑφ’
1661 3021 1720 3081 οὗ

178 3121 322 3190 πυρὸς
367 3121 431 3191 δὴ
485 3121 790 3190 καιόμενοι,
828 3121 920 3172 καὶ
961 3119 1033 3191 μὴ
1074 3115 1175 3173 οἷοί
1207 3137 1264 3173 τε
1306 3120 1456 3183 ὄντες
1486 3118 1583 3183 τάς
1615 3118 1722 3172 ἀπὸ

178 3211 257 3281 τῆς
286 3215 518 3285 ἀοράτου
563 3213 756 3282 φλογὸς
794 3213 978 3284 φέρειν
1025 3213 1306 3283 βασάνους,
1341 3211 1720 3284 ὑπανεχώρουν

177 3302 266 3354 τῶν
304 3303 662 3374 ἀνθρωπείων
699 3303 980 3373 σωμάτων.
1023 3304 1130 3356 Καὶ
1176 3302 1238 3354 τὸ
1279 3302 1500 3371 συνέχον
1531 3319 1594 3370 γε
1628 3302 1720 3354 καὶ

179 3395 369 3449 ἐλαύνον
391 3398 594 3460 αὐτοὺς
620 3395 1012 3466 ἀνωμολόγουν,
1050 3395 1275 3466 βοῶντες
1295 3413 1306 3424 ·
1336 3415 1352 3445 ι
1370 3396 1490 3456 Ἔα,
1515 3393 1567 3446 τί
1592 3394 1722 3464 ἡμῖν

181 3487 257 3540 καὶ
287 3490 382 3552 σοὶ,
413 3489 515 3541 Υἱὲ
549 3487 640 3540 τοῦ
671 3487 835 3552 Θεοῦ;
869 3484 1028 3557 ἦλθες
1070 3487 1176 3558 πρὸ
1203 3486 1394 3557 καιροῦ
1438 3486 1722 3556 βασανίσαι

181 3579 340 3648 ἡμᾶς
376 3580 618 3650 υίδαμέν
655 3597 713 3632 σε
739 3579 820 3641 τίς
851 3574 932 3630 εἴ·
963 3581 992 3631 ὁ
1021 3579 1173 3647 ἅγιος
1206 3578 1300 3630 τοῦ
1331 3576 1484 3630 Θεοῦ.
1525 3596 1544 3627 ι
1583 3575 1722 3628 Τού-

181 3685 284 3732 τους
308 3671 361 3724 δὲ
397 3671 636 3742 μάλιστα
679 3669 914 3741 ᾐκίζετο,
959 3670 1051 3722 καὶ
1091 3669 1217 3731 τοὺς
1249 3669 1342 3722 ἐπὶ
1384 3667 1586 3720 τούτων
1627 3667 1724 3737 ἄρ-

184 3777 347 3831 χοντας
379 3763 634 3834 καθῄρει,
665 3763 766 3827 ὅτι,
807 3762 878 3833 μὴ
907 3761 1264 3832 ἀρκεσθέντες
1299 3763 1363 3832 τῇ
1397 3761 1502 3813 τῶν
1525 3759 1722 3813 λοιπῶν

184 3853 325 3908 ἐθνῶν
350 3855 640 3926 διαφθορᾷ,
679 3855 744 3908 δι’
773 3849 839 3926 ἦς
865 3856 989 3917 τοὺς
1012 3852 1215 3917 πάντας
1241 3854 1318 3915 εἰς
1348 3852 1446 3924 τὴν
1468 3851 1723 3906 πολύθεον

184 3943 361 4016 πλάνην
389 3945 892 4016 καταϐεϐλήκεσαν,
915 3946 1007 3997 καὶ
1027 3943 1104 4014 τῷ
1126 3943 1290 3996 πάλαι
1310 3942 1402 3996 τοῦ
1431 3941 1564 3996 Θεοῦ
1589 3941 1722 4010 λαῷ,

187 4036 308 4106 αὐτῷ
348 4039 413 4109 δὴ
461 4037 538 4107 τῷ
572 4039 636 4090 ὲκ
679 4037 996 4108 περιτομῆς,
1045 4034 1580 4098 ἐπιϐεϐουλεύκεσαν,
1630 4033 1726 4087 καὶ

190 4127 566 4201 ἀωστήσαντές
591 4146 653 4197 γε
690 4129 782 4182 τοῦ
815 4128 946 4182 Θεοῦ
972 4129 1065 4182 καὶ
1092 4127 1278 4182 τοῦτον
1319 4130 1596 4193 παντοίαις
1628 4146 1724 4181 πε-

192 4220 409 4287 ριέϐαλον
437 4219 797 4283 δυσσεϐείαις.
836 4220 925 4273 Διὸ
949 4221 1040 4274 καὶ
1069 4221 1300 4291 μάλιστα
1334 4222 1432 4293 τὴν
1463 4222 1521 4288 ἐξ
1559 4223 1726 4293 ούρα-

192 4309 278 4363 νῶν
308 4313 570 4382 πεποίητο
601 4311 630 4363 ὁ
662 4311 862 4383 Κύριος
905 4311 1145 4367 κάθοδον.
1182 4313 1342 4368 Ὅθεν
1385 4313 1510 4384 ἑξῆς
1554 4331 1686 4384 φησι
1709 4332 1722 4344 ’

194 4418 208 4450 ι
247 4404 334 4455 Διά
381 4403 483 4474 τὴν
530 4403 780 4456 ἀσέϐειαν
836 4404 1026 4457 Ἰακὼϐ
1056 4405 1230 4458 πάντα
1276 4405 1466 4470 ταῦτα,
1522 4407 1615 4459 καὶ
1659 4406 1726 4458 δι’

189 4492 434 4564 ἁμαρτίαν
463 4495 612 4549 οἴκου
651 4496 891 4567 Ἰσραήλ·
932 4516 950 4547 ›
984 4499 1092 4550 Καὶ
1121 4496 1198 4549 ἔτι
1233 4497 1366 4567 πρὸς
1396 4496 1603 4561 τούτοις
1629 4498 1729 4568 τῆς

1819 2033 2114 2080 tentaretur
2141 2041 2170 2079 a
2197 2025 2412 2080 diabolo
2446 2045 2460 2080 :
2511 2040 2621 2097 quo
2665 2033 2905 2094 tempore
2933 2043 2952 2076 ι
2989 2023 3283 2093 assumpsit
3314 2022 3381 2076 ilo

1817 2114 1930 2169 lum
1962 2117 2210 2173 diabolus
2255 2117 2309 2171 in
2343 2128 2578 2172 montem
2606 2117 2882 2172 excelsum
2927 2115 3122 2181 valde,
3171 2122 3226 2170 et
3264 2120 3381 2168 erat

1819 2223 1943 2262 cum
1971 2206 2101 2264 feris
2129 2209 2196 2262 ⁸ο.
2233 2228 2252 2261 ι
2287 2208 2501 2265 Rursus
2549 2211 2708 2264 etiam
2742 2208 3024 2278 ﬁguratius
3050 2212 3265 2262 montes
3288 2219 3380 2260 ac-

1817 2300 2102 2370 cipiemus,
2131 2300 2283 2353 illum
2306 2300 2723 2356 simulacrorum
2751 2300 2978 2362 cultum,
3012 2298 3106 2368 qui
3135 2297 3289 2368 prius
3323 2297 3379 2350 in

1820 2391 2095 2446 montibus
2128 2389 2590 2461 frequentabatur,
2613 2399 2666 2446 et
2693 2392 2750 2444 in
2792 2391 2861 2446 iis
2901 2389 3192 2445 efﬁcaciam
3224 2402 3379 2445 suam

1821 2481 2189 2546 ostendentes,
2231 2481 2530 2536 invisibiles
2561 2481 2897 2551 principatus
2949 2494 3013 2534 ac
3042 2486 3336 2550 potestates
3360 2516 3376 2540 ,

1821 2587 1956 2641 quas
1997 2587 2105 2625 non
2163 2572 2351 2626 leviter
2378 2570 2675 2627 Salvatoris
2724 2571 2898 2626 nostri
2924 2570 3204 2626 concussit
3229 2583 3380 2624 com-

1818 2663 2095 2732 movitque
2135 2662 2401 2718 doctrina.
2448 2660 2658 2716 Talium
2709 2662 2854 2717 enim
2884 2662 3097 2733 longam
3147 2669 3202 2716 et
3233 2671 3380 2716 vete-

1821 2769 1934 2808 rem
1959 2763 2150 2808 contra
2173 2752 2421 2807 homines
2450 2753 2746 2823 potentiam
2766 2793 2784 2819 ,
2813 2752 3039 2806 latenter
3072 2750 3270 2806 delevit
3291 2750 3377 2805 di-

1819 2846 2002 2900 vinum
2035 2845 2180 2901 illius
2201 2845 2450 2910 verbum,
2490 2853 2544 2900 et
2573 2844 2798 2899 miriﬁca
2825 2850 2878 2898 et
2927 2858 3139 2898 omnem
3183 2843 3236 2897 in
3267 2842 3381 2898 etii-

1821 2937 2016 2992 ciendo
2062 2935 2222 2991 ﬁdem
2265 2951 2535 3006 superans
2591 2936 2693 2992 vis.
2751 2933 2950 2989 Eadem
2994 2948 3121 2989 vero
3170 2933 3386 2989 ratione

1819 3031 1979 3085 etiam
1996 3031 2377 3100 liquescentes,
2393 3039 2449 3084 ut
2464 3045 2587 3086 cera
2604 3043 2634 3082 a
2647 3028 2782 3084 facie
2797 3029 2957 3100 ignis,
2976 3029 3164 3092 valles,
3179 3026 3380 3082 daemo-

1819 3139 1917 3179 nes
1942 3131 2102 3179 erunt
2129 3122 2326 3178 inferni
2341 3131 2394 3178 et
2410 3123 2612 3178 circum
2630 3129 2830 3177 terram
2853 3128 3162 3176 versantes:
3190 3119 3382 3174 adv-er-

1748 3250 1790 3306 c
1822 3232 1943 3273 sum
1972 3233 2109 3287 quos
2128 3218 2323 3288 ignem,
2352 3217 2446 3287 qui
2490 3215 2786 3286 nequitiam
2815 3215 3054 3284 ipsorum
3094 3213 3380 3268 cumbure-

1829 3317 1934 3374 ret,
1968 3309 2172 3364 dimisit
2200 3309 2424 3364 dicens:
2459 3328 2476 3360 ι
2512 3309 2692 3378 Ignem
2713 3306 3061 3361 venimittere
3079 3305 3130 3359 in
3160 3313 3378 3366 terram,

1821 3409 1875 3456 et
1896 3401 2024 3472 quid
2049 3401 2194 3465 volo,
2214 3401 2256 3456 si
2273 3402 2384 3471 jam
2410 3415 2670 3455 accensus
2691 3398 2866 3452 est“?
2901 3417 2918 3448 ι
2940 3395 3193 3466 Quoigue
3211 3409 3384 3450 corre-

1823 3495 1899 3564 pti
1913 3495 2138 3557 illi,cum
2159 3493 2446 3548 invisibilis
2462 3492 2687 3546 ﬂammae
2705 3497 2971 3545 tormenta
2985 3488 3123 3543 ferre
3140 3501 3246 3540 non
3258 3501 3383 3557 pos-

1824 3590 1966 3647 sent,
1985 3583 2052 3639 de
2065 3583 2316 3638 humanis
2341 3581 2660 3652 corporibus
2673 3578 3015 3642 recedebant,
3035 3576 3274 3644 illudque
3301 3577 3385 3644 ip-

1824 3689 1942 3730 sum
1970 3689 2078 3744 quo
2100 3674 2313 3728 interim
2346 3673 2731 3728 cohibebantur
2759 3679 2920 3741 atque
2951 3668 3380 3738 impellebantur,

1825 3779 1934 3836 pra:
1950 3780 2008 3819 se
2026 3764 2270 3819 ferebant
2283 3778 2475 3835 magna
2489 3777 2620 3818 voce
2635 3763 2931 3816 clamantes
2949 3779 2963 3815 :
2984 3779 3002 3811 ι
3018 3759 3133 3822 Eia,
3153 3757 3282 3828 quid
3294 3770 3386 3812 no-

1824 3857 1909 3912 bis
1925 3864 1978 3911 et
1996 3857 2112 3918 tibi,
2135 3855 2234 3910 Fili
2249 3854 2367 3910 Dei?
2381 3855 2572 3910 venisti
2593 3863 2716 3909 ante
2739 3861 2951 3921 tempus
2967 3860 3219 3920 torquere
3244 3865 3345 3906 nos
3361 3848 3388 3904 ?

1824 3949 2088 4005 Novimus
2115 3957 2187 4012 te,
2213 3948 2336 4019 quis
2368 3948 2444 4003 sis
2468 3989 2484 4014 ,
2533 3955 2754 4002 sanctus
2789 3944 2884 4000 Dei
2913 3945 2977 3999 θ’.
3023 3963 3044 3995 ι
3081 3942 3190 3998 Hos
3222 3943 3385 4013 igitur

1826 4042 2061 4096 maxime
2085 4039 2420 4105 verberabat,
2442 4039 2744 4107 horumque
2770 4036 3042 4107 principes
3063 4035 3381 4090 auferebat:

1826 4135 2082 4205 quoniam
2113 4149 2222 4188 non
2251 4135 2384 4188 satis
2416 4131 2678 4186 habentes
2705 4130 2849 4200 quod
2888 4129 3121 4199 reliquas
3138 4127 3386 4184 nationes

1828 4228 2228 4297 corrupissent,
2260 4231 2650 4294 corruptaeque
2701 4224 2756 4276 in
2803 4237 3044 4276 errorem
3091 4220 3386 4290 compulis-

1829 4329 1968 4381 sent,
2001 4333 2110 4389 quo
2160 4317 2292 4371 deos
2327 4316 2509 4385 plures
2545 4314 2806 4376 colerent,
2833 4313 3057 4382 antiquo
3098 4311 3262 4366 etiam
3307 4311 3384 4365 illi

1827 4411 1921 4467 Dei
1955 4411 2170 4480 p0pulo,
2219 4408 2309 4478 qui
2343 4405 2780 4461 circumcisionis
2813 4419 2969 4459 usum
3005 4403 3274 4467 servabat,
3302 4403 3386 4456 iu-

1831 4507 2017 4563 sidiari
2045 4509 2341 4576 cmperant,
2371 4501 2623 4570 huncque
2652 4508 2955 4555 avertentes
2985 4513 3014 4552 a
3045 4497 3176 4562 Deo,
3207 4497 3384 4552 omnis

192 4585 240 4650 ἐξ
266 4588 487 4659 ούρανοῦ
527 4587 753 4641 καθόδου
792 4586 882 4640 τοῦ
918 4589 1090 4657 Λόγου
1121 4590 1218 4660 τὴν
1244 4589 1421 4642 αἰτίαν
1456 4588 1579 4659 ἑξῆς
1617 4590 1722 4643 δια-

1831 4599 2044 4671 generis
2095 4598 2460 4667 impietatibus
2509 4594 2933 4664 implicaverant.
2986 4591 3165 4658 Quare
3220 4591 3382 4644 etiam

193 4682 347 4746 σαφεῖ,
388 4680 482 4733 τοῦ
529 4680 627 4750 μὲν
661 4681 725 4732 ὲκ
772 4680 1067 4751 περιτομῆς
1105 4679 1233 4733 λαοῦ
1277 4679 1376 4743 τὰς
1416 4681 1728 4744 δυσσεϐείας

194 4766 674 4842 ἀπαριθμούμενος,
715 4772 808 4823 καὶ
854 4771 944 4824 τὸν
994 4773 1085 4825 ἐπὶ
1131 4772 1352 4835 ταύταις
1407 4772 1728 4844 μετελθόντα

192 4859 361 4925 αὐτοὺς
399 4861 637 4933 ὄλεθρον,
672 4861 778 4914 τῶν
823 4861 877 4914 δὲ
912 4861 1015 4915 ἀνά
1043 4866 1221 4917 πᾶσαν
1263 4864 1361 4935 τὴν
1406 4866 1726 4936 οἰκουμένην

194 4949 333 5004 ἐθνῶν
383 4954 788 5025 προαναφωνῶν
840 4954 937 5025 τὴν
986 4955 1191 5026 κλῆσιν.
1255 4955 1355 5008 Διά
1395 4956 1569 5009 ταῦτα
1621 4956 1730 5028 γὰρ

194 5039 422 5116 ἐπεδήμει
452 5049 481 5100 ὁ
511 5046 605 5098 τοῦ
633 5046 768 5098 Θεοῦ
796 5046 964 5114 Λόγος
995 5047 1055 5112 ἐξ
1076 5049 1318 5120 οὐρανῶν
1346 5050 1438 5103 ἐπὶ
1469 5052 1600 5120 γῆς·
1631 5051 1730 5103 καὶ

193 5133 281 5186 τῶν
306 5154 364 5205 γε
405 5139 604 5204 λέξεων
653 5140 847 5193 ἀκουεο
895 5159 913 5190 ι
937 5141 1014 5192 Δι’
1052 5139 1302 5194 ἀσέϐειαν
1342 5141 1489 5193 οίκου
1537 5139 1728 5194 Ἰακὼϐ

196 5225 344 5281 πάντα
365 5231 555 5292 ταῦτα,
594 5230 686 5284 καὶ
717 5230 783 5283 δι’
811 5231 1079 5302 ἁμαρτίαν
1109 5232 1258 5285 οἴκου
1297 5233 1530 5304 Ἰσραήλ.
1565 5232 1661 5297 Τίς
1695 5234 1728 5302 ἡ

198 5318 388 5375 ἀσέϐεια
453 5322 604 5376 οἴκου
661 5322 884 5388 Ἰακώ6;
941 5324 1000 5376 ού
1045 5326 1362 5396 Σαμάρεια;
1415 5325 1508 5379 καὶ
1551 5325 1635 5388 τίς
1692 5327 1724 5395 ή

197 5412 409 5486 ἁμαρτία
444 5418 595 5471 οἴκου
632 5417 827 5481 Ἰούδας
858 5419 978 5488 οὐχὶ
1018 5419 1399 5491 Ἰερουσαλήμ;
1430 5419 1536 5471 Καὶ
1567 5417 1728 5488 θήσο-

202 5524 282 5577 μαι
315 5512 618 5584 Σαμάρειαν
669 5513 748 5576 είς
808 5513 1246 5585 ὀπωροφυλάκιον
1286 5511 1453 5586 ἀγροῦ
1512 5511 1604 5564 καί
1648 5514 1727 5575 είς

201 5602 388 5664 φυτείαν
427 5603 780 5675 ἀμπελῶνος,
811 5605 903 5657 καὶ
931 5607 1264 5659 κατασπάσω
1304 5607 1383 5668 εἰς
1428 5604 1556 5675 χάος
1602 5604 1726 5666 τοὺς

199 5687 350 5758 λίθους
391 5697 579 5767 αὐτῆς,
617 5697 709 5749 καὶ
752 5697 819 5750 τὰ
847 5697 1067 5768 θεμέλια
1111 5699 1276 5769 αὐτῆς
1319 5695 1667 5766 ἀποκαλύψω.
1702 5715 1719 5746 ι

262 5849 300 5880 ⁶⁰
330 5851 508 5916 Matth.
535 5870 607 5919 tv,
641 5856 710 5922 8;
749 5853 911 5910 Marc.
952 5871 989 5920 ι,
1025 5856 1110 5910 13.

1832 4692 2066 4745 maxime
2097 4689 2165 4746 de
2191 4690 2331 4743 coelo
2357 4685 2637 4743 descendit
2686 4684 2982 4750 Dominus,
3026 4699 3093 4740 ex
3147 4697 3257 4754 quo
3311 4681 3416 4735 ait-

1833 4781 2122 4849 deinceps:
2161 4797 2179 4830 ¢
2221 4778 2446 4849 Propter
2482 4777 2810 4847 impietatem
2842 4773 3008 4830 Jacob
3039 4775 3220 4831 omnia
3248 4774 3380 4834 hac,

1833 4879 1885 4926 et
1915 4878 2132 4940 propter
2163 4878 2440 4937 peccatum
2460 4867 2655 4921 domus
2682 4865 2864 4921 Israel.
2903 4884 2928 4917 ι,
2953 4864 3035 4919 Ad
3066 4863 3199 4927 haec,
3222 4861 3385 4916 Verbi

1829 4964 1993 5018 etiam
2024 4962 2089 5016 de
2117 4961 2254 5016 cmlo
2283 4961 2580 5015 descensus
2605 4973 2826 5014 causam
2857 4957 3112 5027 deinceps
3140 4955 3380 5025 exponit,

1832 5055 1922 5110 ubi
1961 5055 2132 5124 ipsius
2161 5052 2374 5108 Iudaici
2411 5052 2594 5124 populi
2630 5051 2929 5122 impietates
2967 5049 3125 5119 273
3171 5063 3382 5104 connu-

1831 5157 2022 5209 merat,
2039 5153 2091 5200 et
2126 5146 2213 5200 ubi
2241 5153 2361 5215 post
2390 5144 2694 5214 impietates
2718 5158 2864 5207 eum,
2887 5142 2978 5212 qui
3003 5142 3152 5210 ipsos
3178 5140 3386 5194 invase-

1829 5245 1932 5301 rat,
1961 5239 2258 5311 interitum,
2290 5252 2354 5291 ac
2385 5237 2624 5305 gentium
2674 5250 2771 5304 per
2808 5241 2980 5288 totum
3008 5231 3194 5286 orbem
3223 5245 3385 5286 voca-

1831 5328 2032 5382 tionem
2067 5326 2332 5381 enuntiat.
2373 5324 2661 5395 Propterea
2685 5326 2827 5379 enim
2849 5324 2914 5378 de
2941 5322 3079 5377 caelo
3107 5321 3162 5375 in
3186 5330 3384 5376 terram

1836 5417 1928 5472 Dei
1953 5415 2184 5472 Verbum
2218 5415 2517 5486 profectum
2546 5422 2661 5481 est;
2693 5414 2786 5470 sed
2811 5415 2970 5468 verba
2998 5413 3120 5468 audi
3148 5435 3161 5467 :
3203 5431 3221 5464 ι
3252 5411 3386 5467 Pro-

1833 5521 1948 5581 pter
1979 5509 2306 5578 impietatem
2340 5506 2510 5562 Jacob
2538 5506 2719 5559 omnia
2772 5505 2905 5568 haec,
2929 5513 2982 5559 et
3015 5512 3234 5576 propter
3262 5520 3385 5574 pec-

1833 5613 2010 5658 catum
2039 5602 2231 5656 domus
2269 5599 2456 5656 Israel.
2487 5599 2615 5665 Quae
2657 5597 2902 5667 impietas
2946 5596 3154 5653 Jacob?
3197 5596 3385 5652 Nonne

1837 5694 2122 5750 Samaria?
2154 5693 2217 5747 Et
2250 5692 2392 5764 quod
2429 5699 2710 5762 peccatum
2741 5690 2917 5746 Juda?
2943 5690 3131 5747 Nonne
3163 5689 3386 5746 Jerusa-

1188 5856 1228 5885 °‘
1258 5853 1389 5909 Luc.
1419 5869 1518 5922 xu,
1555 5853 1640 5908 49.
1721 5853 1764 5884 ⁶¹
1797 5849 1982 5906 Matth.
2013 5867 2131 5914 vui,
2159 5851 2249 5905 ‘29.
