3894 6648
450 446 554 503 455

1078 447 1344 506 EUSEBII
1383 443 1854 503 CIESARIENSIS
1889 441 2039 498 ΟΡΡ.
2079 440 2256 496 PARS
2289 440 2353 496 ll.
2385 472 2453 482 --
2488 442 2979 499 APOLOGETICA.

3551 437 3674 496 436

450 561 590 615 lem?
616 559 681 615 Et
713 577 907 632 ponam
941 561 1241 616 Samariam
1287 561 1341 614 in
1375 575 1656 631 pomorum
1704 556 1995 614 custodiam

2109 557 2217 608 Kal
2248 555 2514 625 ἐπιλέγειε
2543 575 2562 608 ι
2597 555 2812 628 Κατέϐη
2835 554 2980 609 κακά
3011 555 3160 626 παρά
3199 556 3399 627 Κυρίου
3431 555 3522 608 ἐπὶ
3552 561 3675 608 πυ-

451 653 510 707 ln
546 669 694 725 agro,
729 664 782 708 et
816 656 869 708 in
903 655 1282 724 plantationem
1315 654 1501 717 vineae,
1533 659 1586 707 et
1633 650 1912 706 detraham
1951 647 1995 700 in

2106 646 2204 710 λας
2241 647 2615 718 Ἰερουσαλὴμ,
2642 647 2809 716 ψόφος
2832 646 3090 716 ἁρμάτων
3137 647 3227 698 καὶ
3253 645 3606 699 ἱππευόντων.
3642 663 3668 697 r

450 744 774 814 profundum
809 745 1010 814 lapides
1041 745 1158 812 ejus
1181 785 1196 809 ,
1240 754 1294 799 et
1343 743 1693 797 fundamenta
1727 742 1846 811 ejus
1877 755 2007 810 ape-

448 838 584 891 riam
624 838 686 890 '3.
739 857 757 889 ι
794 835 859 889 Et
907 835 1149 906 adjungit
1187 853 1200 889 :
1259 853 1278 886 ι
1346 834 1747 890 Descenderunt
1799 835 1937 888 mala
1974 850 2005 888 a

449 926 676 980 Domino
705 941 868 995 super
908 938 1092 995 portas
1117 925 1412 981 Jerusalem
1438 966 1454 989 ,
1507 925 1717 981 sonitus
1746 941 2002 981 curruum

447 1024 501 1070 et
530 1017 890 1085 equitantium
926 1017 992 1071 “.
1046 1035 1064 1067 ι
1109 1015 1175 1070 Et
1204 1032 1438 1072 rursus:
1475 1035 1493 1068 ‹
1549 1017 1731 1071 Gloria
1764 1018 1885 1073 ﬁlia:
1914 1016 2005 1074 Je-

446 1111 702 1172 rusalem,
728 1109 857 1164 rade
889 1119 943 1164 et
969 1110 1130 1164 tonde
1158 1125 1322 1180 super
1363 1109 1502 1165 ﬁlios
1530 1109 1792 1165 delicatos
1840 1119 1964 1165 tuos
1984 1151 2000 1175 ,

444 1201 607 1256 dilata
647 1200 964 1255 viduitatem
1003 1210 1149 1255 tuam
1192 1202 1332 1256 sicut
1373 1201 1552 1270 aquila
1577 1242 1591 1264 ,
1619 1201 1874 1272 quoniam
1910 1215 2003 1255 ca-

447 1292 578 1363 ptivi
613 1291 761 1345 ducti
812 1299 939 1346 sunt
967 1307 1030 1346 ex
1073 1299 1124 1346 te
1154 1292 1218 1347 ⁶⁸.
1262 1311 1280 1342 ι
1313 1291 1394 1345 Ad
1425 1294 1576 1347 haec:
1622 1310 1641 1344 ‹
1685 1291 1815 1346 Sion
1845 1291 2001 1361 quasi

451 1396 582 1452 ager
610 1382 871 1442 arabitur,
903 1388 956 1436 et
982 1379 1303 1444 Jerusalem,
1325 1381 1478 1449 quasi
1498 1395 1784 1450 pomorum
1819 1387 2005 1436 custo~

443 1473 532 1530 dia
557 1473 678 1536 erit,
709 1482 760 1528 et
785 1489 941 1528 mons
970 1473 1163 1528 domus
1188 1473 1243 1527 in
1291 1473 1467 1527 lucum
1503 1472 1669 1526 silvae.
1704 1472 1750 1502 “
1781 1491 1800 1524 ι
1834 1470 2003 1526 Porro

446 1565 596 1632 haec,
647 1566 776 1619 Sion
826 1573 881 1618 et
939 1563 1238 1620 Jerusalem
1291 1573 1344 1619 et
1394 1565 1538 1634 quod
1591 1571 1816 1619 vocatur
1845 1581 2002 1620 mons

441 1657 658 1719 domus,
680 1655 771 1709 illa
793 1655 906 1724 ipsa
934 1662 1078 1716 sunt,
1103 1668 1222 1722 quae
1246 1653 1397 1722 prius
1417 1651 1717 1722 signiﬁcata
1745 1660 1872 1706 sunt
1893 1652 2001 1706 illis

440 1745 662 1800 verbis:
701 1763 720 1796 ι
763 1745 827 1798 Et
855 1744 1338 1799 commovebuntur
1362 1753 1571 1799 montes
1606 1743 1791 1799 subter
1815 1759 1879 1797 eo
1899 1786 1914 1808 ,
1947 1750 2002 1797 et

443 1837 611 1892 valles
653 1837 951 1907 liquescent
986 1838 1126 1892 sicut
1155 1850 1279 1891 cera
1326 1851 1354 1889 a
1390 1835 1526 1890 facie
1558 1835 1699 1906 ignis
1722 1875 1737 1900 ,
1780 1842 2000 1905 propter

2106 740 2212 792 Kal
2254 736 2441 803 αὖθιςο
2480 756 2500 789 ι
2546 738 2609 790 Ἦ
2652 737 2776 800 δόξα
2823 740 2922 807 τῆς
2971 736 3233 808 θυγατρὸς
3269 737 3626 810 Ἰερουσαλὴμ
3651 776 3672 800 ,

2105 827 2334 899 ξύρησαι
2367 829 2460 881 καὶ
2508 830 2684 897 κεῖραι
2725 827 2818 878 ἐπὶ
2858 826 2927 878 τὰ
2949 827 3112 880 τέκνα
3142 827 3211 880 τά
3254 827 3496 899 τρυφερά
3525 842 3625 880 σου
3649 842 3668 856 ο

2103 920 2437 990 ἐμπλάτυνον
2464 919 2560 989 τὴν
2594 917 2814 989 χηρείαν
2842 935 2956 983 σου,
2985 919 3058 981 ὡς
3079 918 3252 982 ἀετὸς,
3290 920 3371 971 ὃτι
3397 917 3671 989 ᾐχμαλωο

2101 1011 2366 1082 τεύθησαν
2405 1012 2512 1064 ἀπὸ
2541 1011 2654 1064 σοῦ.
2687 1032 2704 1064 ι
2743 1012 2867 1065 Ἐπὶ
2895 1013 3133 1075 τούτοις·
3175 1032 3192 1062 ι
3219 1011 3353 1065 Σιὼν
3385 1013 3460 1076 ὼς
3487 1013 3672 1084 ἀγρὸς

2103 1101 2568 1174 ἀροτριαθήσεται,
2605 1105 2698 1157 καὶ
2736 1104 3084 1175 Ἰερουσαλὴμ
3111 1103 3185 1168 ὡς
3214 1104 3669 1175 όπωροφυλάκιον

2103 1195 2270 1258 ἔσται,
2294 1197 2387 1247 καὶ
2411 1195 2471 1248 τὸ
2497 1197 2617 1268 ὅρος
2647 1197 2740 1250 τοῦ
2763 1196 2910 1250 οἴκου
2939 1199 3017 1260 εἰς
3039 1197 3198 1260 ἄλσος
3217 1196 3436 1268 δρυμοῦ.
3472 1217 3493 1248 ι
3519 1196 3668 1250 Σιὼν

2101 1287 2156 1340 δὲ
2203 1287 2296 1341 καὶ
2341 1288 2688 1360 Ἰερουσαλὴμ
2753 1290 2846 1342 καὶ
2891 1290 2952 1342 τὸ
3002 1290 3330 1361 καλούμενον
3375 1291 3499 1362 ὅρος
3560 1289 3666 1342 τοῦ

2101 1376 2268 1441 οἴκου,
2309 1377 2462 1432 ταῦτ’
2500 1374 2567 1449 ἦν
2606 1381 2785 1432 ἐκεῖνα
2813 1380 2880 1433 τά
2912 1381 3141 1452 πρόσθεν
3183 1380 3516 1452 δεδηλωμένα
3570 1379 3667 1431 διὰ

2099 1470 2192 1523 τοῦ
2209 1487 2221 1500 ο
2253 1489 2272 1521 ι
2298 1473 2408 1525 Kal
2436 1472 2850 1542 σαλευθήσονται
2874 1473 2942 1526 τὰ
2969 1473 3068 1545 όρη
3099 1473 3437 1527 ὑποκάτωθεν
3464 1473 3662 1536 αὑτοῦ,

2101 1561 2193 1613 καὶ
2211 1562 2266 1614 αἱ
2299 1562 2538 1626 κοιλάδες
2561 1568 2885 1634 τακησονται
2912 1565 2986 1628 ὡς
3027 1564 3194 1635 κηρὸς
3224 1562 3330 1616 ἀπὸ
3361 1563 3664 1635 προσώπου

2101 1651 2287 1723 πυρὸς,
2323 1651 2389 1704 δι’
2428 1653 2680 1708 ἀσέϐειαν
2710 1655 2918 1709 Ἰακώϐ.
2948 1675 2965 1706 ι
3001 1653 3100 1707 Διά
3128 1654 3234 1726 γὰρ
3266 1653 3364 1716 τάς
3402 1653 3664 1724 δρασθεί-

2102 1759 2197 1806 σας
2229 1743 2347 1796 κατ’
2378 1743 2540 1796 αὑτοῦ
2577 1744 2889 1807 δυσσεϐείας
2923 1745 3114 1808 εὐθὺς,
3156 1745 3249 1797 καὶ
3292 1744 3390 1797 οὑκ
3430 1746 3510 1806 εἰς
3551 1760 3665 1813 μα-

2101 1834 2250 1905 κρὸν,
2274 1835 2366 1887 xal
2392 1834 2458 1887 τὰ
2487 1834 2608 1906 ὄρη,
2637 1835 2730 1887 καὶ
2756 1837 2803 1886 οί
2840 1836 2897 1886 ἐν
2926 1834 3133 1897 τούτοις
3158 1832 3425 1896 οἰκοῦντες
3448 1835 3660 1886 ἐπεπο-

442 1897 771 1998 impietatem
803 1925 991 1992 Iacob,
1030 1947 1050 1980 ι
1076 1936 1128 1982 et
1160 1935 1374 1982 caetera.
1397 1926 1530 1980 Nam
1567 1935 1784 1996 propter
1814 1925 1995 1994 impie-

2100 1897 2415 1997 λίόρκηντο,
2453 1897 2772 1998 ἐμπρησμόν
2808 1945 2866 1980 τε
2917 1928 3010 1980 καὶ
3051 1926 3281 1996 ἐσχάτην
3321 1927 3553 1997 ἐρημίαν
3592 1925 3661 1978 τὸ

441 2025 579 2072 tates
607 2033 742 2087 quas
773 2028 958 2072 contra
984 2019 1158 2087 ipsum
1186 2026 1488 2088 gesserunt,
1513 2017 1658 2071 illico
1679 2032 1851 2086 neque
1867 2031 1994 2072 sane

441 2110 610 2163 multo
639 2117 780 2179 post,
821 2117 874 2163 et
904 2117 1138 2173 montes,
1170 2118 1224 2163 et
1261 2109 1354 2179 qui
1407 2109 1463 2162 in
1492 2109 1599 2164 illis
1641 2109 1993 2174 habitabant,

439 2201 749 2271 depopulati
779 2209 924 2265 sunt,
953 2201 1372 2271 incendiumque
1400 2209 1560 2271 atque
1588 2209 1881 2256 extremam
1907 2217 1997 2257 so-

439 2291 722 2346 litudinem
769 2307 926 2346 mons
957 2290 1086 2345 Sion
1132 2293 1350 2360 pertulit
1376 2310 1390 2346 :
1422 2301 1476 2346 et
1524 2291 1701 2347 factus
1727 2299 1809 2345 est
1838 2306 1996 2347 mons

436 2383 630 2439 domus
653 2383 744 2438 Dei
770 2385 824 2437 in
857 2384 1034 2437 lucum
1066 2383 1233 2438 silvae.
1268 2381 1393 2438 Hac
1425 2384 1567 2437 enim
1602 2382 1656 2437 in
1692 2381 1901 2438 Domini
1929 2381 1997 2437 de

436 2473 576 2528 caelo
601 2474 867 2530 descensu
915 2473 982 2527 ad
1027 2473 1146 2528 illos
1193 2481 1454 2537 ventura,
1498 2488 1737 2542 praesens
1781 2488 1998 2544 quoque

436 2565 722 2635 prophetia
757 2563 1056 2634 signiﬁcat,
1103 2579 1222 2633 quae
1259 2564 1420 2619 etiam
1454 2563 1754 2618 evidentem
1789 2564 1993 2618 exitum

434 2667 726 2714 consecuta
761 2665 888 2712 sunt
919 2664 1038 2726 post
1088 2655 1384 2712 Salvator-is
1418 2656 1589 2712 nostri
1619 2655 1747 2711 Jesu
1789 2655 1994 2712 Christi

436 2751 749 2806 adventum.
780 2747 934 2814 Quod
959 2749 1004 2803 si
1028 2748 1323 2818 quidquam
1364 2758 1551 2803 nostra
1580 2763 1794 2817 quoque
1825 2747 1995 2802 histo-

437 2841 516 2892 ria
547 2841 706 2902 valet,
737 2840 940 2894 nostris
967 2839 1210 2908 ipsorum
1245 2839 1578 2908 temporibus
1601 2879 1616 2902 ,
1674 2839 1817 2892 illam
1849 2839 1992 2891 auti-

436 2931 621 3000 quitus
656 2931 984 2985 celebratam
1025 2929 1152 2985 Sion
1185 2929 1391 2998 junctis
1437 2931 1611 2986 bobus
1652 2946 1682 2983 a
1733 2929 1993 2986 Romanis

436 3023 568 3078 viris
601 3023 766 3087 arari,
793 3024 968 3078 oculis
999 3021 1203 3078 nostris
1233 3023 1592 3092 inspeximus,
1615 3031 1667 3078 et
1704 3023 1873 3092 ipsam
1904 3021 1994 3078 Je-

437 3115 694 3175 rusalem,
725 3114 1178 3184 quemadmodum
1211 3115 1386 3184 ipsum
1429 3114 1529 3168 hoc
1559 3115 1635 3167 ait
1675 3115 1952 3168 oraculum
1973 3155 1988 3178 ,

437 3208 608 3262 instar
635 3222 912 3276 pomorum
938 3205 1198 3260 custodiae
1219 3206 1470 3272 desertae,
1496 3206 1561 3260 ad
1591 3214 1884 3261 extremam
1906 3222 1992 3262 re-

2100 2017 2236 2072 Σιὼν
2272 2019 2396 2089 ὅρος
2438 2019 2715 2090 ὑπέμεινε,
2751 2020 2844 2073 καὶ
2875 2019 3062 2088 γέγονε
3099 2020 3160 2072 τὸ
3210 2018 3332 2091 ὅρος
3375 2017 3469 2071 τοῦ
3500 2019 3657 2070 οῖκου

2095 2107 2186 2160 τοῦ
2214 2107 2346 2160 Θεοῦ
2379 2109 2458 2171 εἰς
2494 2109 2652 2172 ἄλσος
2690 2110 2912 2180 δρυμοῦ.
2955 2109 3137 2164 Ταῦτα
3177 2111 3271 2180 μὲν
3304 2105 3396 2162 οὖν
3443 2107 3538 2160 ἐπὶ
3585 2111 3654 2178 τῇ

2094 2198 2185 2250 τοῦ
2202 2198 2403 2271 Κυρίου
2432 2199 2489 2262 ἐξ
2509 2199 2751 2270 οὐρανῶν
2777 2201 2982 2272 καθόδῳ
3005 2219 3070 2253 πε
3081 2201 3132 2272 ρ).
3148 2200 3384 2262 ἐκείνους
3406 2197 3654 2260 ἔσεσθαι,

2095 2289 2189 2342 καὶ
2229 2292 2261 2359 ἠ
2315 2289 2562 2360 παροῦσα
2601 2292 2900 2361 προφητεία
2941 2293 3224 2361 σημαίνει,
3255 2292 3290 2345 ἃ.
3324 2292 3415 2344 καὶ
3445 2293 3653 2360 ἐναργῆ

2093 2381 2188 2452 τὴν
2239 2380 2458 2433 ἔκϐασιν
2483 2448 2485 2450 η
2513 2380 2696 2452 εἴληφε
2746 2380 2881 2452 μετά
2931 2382 3028 2453 τὴν
3069 2383 3162 2435 τοῦ
3207 2383 3453 2453 Σωτῆρος
3493 2381 3656 2452 ἡμῶν

2109 2469 2280 2541 Ἰησοῦ
2310 2469 2550 2542 Χριστοῦ
2583 2471 2900 2542 παρουσίαν.
2919 2473 2980 2525 El
3007 2471 3133 2536 γοῦν
3158 2490 3209 2524 τι
3235 2471 3452 2524 δύναται
3492 2470 3588 2523 καὶ
3615 2472 3655 2540 ἡ

2093 2562 2332 2634 ἡμετέρα
2364 2562 2590 2633 ἱστορία,
2619 2562 2739 2615 καθ’
2772 2563 2916 2633 ἡμᾶς
2940 2563 3132 2626 αὑτοὺς
3167 2563 3262 2632 τὴν
3305 2561 3469 2614 πάλαι
3510 2560 3656 2630 βοω-

2098 2653 2261 2724 μὲνην
2321 2653 2458 2706 Σιὼν
2507 2653 2722 2723 ζεύγεσι
2771 2653 2904 2724 βοῶν
2952 2654 3054 2706 ὑπὸ
3114 2653 3396 2723 Ῥωμαίων
3437 2650 3652 2722 ἀνδρῶν

2094 2745 2397 2816 ἀρουμένην
2463 2745 2753 2816 ὀφθαλμοῖς
2805 2743 3245 2816 παρειλήφαμεν,
3305 2745 3397 2797 καὶ
3437 2745 3534 2812 τήν
3580 2759 3651 2810 γε

2107 2837 2472 2908 Ἰερουσαλὴμ,
2494 2837 2568 2900 ὡς
2591 2838 2717 2890 αὑτό
2744 2839 2807 2906 γέ
2837 2855 2964 2908 φησι
2994 2837 3053 2890 τὸ
3073 2837 3268 2905 λόγιον,
3295 2835 3650 2906 όπωροφυλα-

2092 2932 2210 2986 κίου
2253 2931 2406 3003 δίκην
2439 2931 2880 2998 ἀπολειφθέντος,
2918 2933 2974 2984 ἐν
3010 2931 3258 2985 παντελεῖ
3296 2930 3649 2982 καταστᾶσαν

2093 3024 2320 3094 ἐρημία·
2355 3023 2389 3076 ἃ
2422 3024 2515 3076 καὶ⁹
2540 3023 2605 3076 δι’
2629 3023 2778 3076 οὐδὲν
2799 3023 2981 3096 ἕτερον
3009 3025 3186 3085 αὐτοῖς
3219 3022 3250 3091 ἧ
3276 3021 3361 3073 διὰ
3382 3020 3478 3083 τὰς
3517 3022 3650 3074 δυσ-

2095 3115 2306 3177 σεϐείας
2332 3115 2509 3168 αὐτῶν
2543 3116 2868 3187 συμϐέϐηκε,
2893 3118 2983 3170 καὶ
3013 3119 3041 3169 ὁ
3065 3116 3232 3184 Λόγος
3259 3119 3286 3168 ό
3307 3115 3556 3187 οὑράνιος
3582 3118 3652 3167 ἐκ

2091 3208 2182 3260 τοῦ
2200 3207 2399 3259 οἰκείου
2422 3208 2584 3261 τόπου
2608 3209 2954 3280 προελήλυθε.
2971 3209 3076 3260 Kal
3092 3209 3156 3260 δι’
3184 3208 3373 3278 ἐτέρας
3392 3207 3448 3259 δὲ
3468 3207 3651 3270 αἰτίας

436 3296 647 3350 dactam
685 3297 1054 3360 solitudinem,
1079 3312 1197 3367 qua:
1229 3297 1444 3367 quidem
1476 3297 1546 3352 ob
1567 3298 1700 3351 nihil
1723 3296 1867 3352 aliud
1891 3297 1990 3361 eis,

2097 3300 2121 3351 ό
2156 3298 2249 3351 τοῦ
2284 3299 2417 3352 Θεοῦ
2466 3301 2634 3369 Λόγος
2683 3300 2967 3371 οὐρανόθεν
3006 3298 3418 3370 κατεληλυθέναι
3449 3315 3507 3350 τε
3555 3296 3655 3350 καὶ

435 3403 596 3459 quam
628 3399 848 3460 propter
883 3390 1185 3459 impietates
1217 3391 1458 3459 ipsorum
1495 3404 1750 3454 evenere,
1778 3399 1995 3460 propter

435 3495 572 3548 quas
599 3479 761 3534 etiam
789 3481 1009 3536 creleste
1057 3481 1286 3536 Verbum
1333 3482 1400 3535 de
1439 3497 1539 3537 suo
1569 3483 1688 3536 loco
1741 3497 1995 3552 progres-

437 3585 555 3624 sum
579 3580 679 3624 est.
703 3563 784 3624 Ob
818 3571 952 3624 alias
981 3586 1108 3625 vero
1141 3587 1334 3625 causas
1365 3569 1456 3624 Dei
1495 3569 1728 3624 Verbum
1759 3570 1826 3626 de
1853 3571 1993 3625 caelo

435 3671 490 3719 ct
519 3663 865 3719 descendisse
887 3671 940 3718 et
955 3680 1116 3734 super
1136 3665 1448 3718 altitudines
1473 3673 1630 3719 terra:
1659 3666 1990 3734 pervenisse,

437 3755 588 3824 prius
615 3755 725 3823 jam
754 3755 956 3808 dictum
987 3764 1090 3818 est,
1115 3756 1299 3826 utique
1323 3757 1486 3825 utqui
1512 3756 1638 3809 olim
1661 3757 1994 3811 extolleban-

434 3858 546 3912 tur,
580 3857 632 3903 et
666 3848 828 3920 275
856 3848 909 3902 in
949 3849 1180 3903 sublime
1219 3849 1564 3917 erigebantur
1605 3849 1863 3904 adversus
1901 3866 1994 3903 co-

435 3939 731 4010 guitiuuem
762 3939 855 3993 Dei
887 3948 1126 4001 montes,
1180 3949 1652 3994 commoverentur
1706 3941 1891 3996 subter
1927 3958 1992 3997 eo

435 4031 720 4085 contrariae
747 4031 994 4086 videlicet
1047 4040 1372 4101 potestates,
1425 4047 1544 4100 quae
1581 4041 1706 4086 ante
1742 4032 1860 4101 ejus
1899 4034 1995 4086 ad-

432 4131 652 4177 ventum
690 4137 797 4176 una
825 4138 947 4176 cum
979 4124 1201 4192 reliquis
1235 4123 1563 4190 hominibus,
1586 4125 1747 4178 etiam
1780 4132 1992 4194 gentem

436 4215 788 4278 Hebraicam,
841 4224 893 4272 et
928 4216 1216 4285 impietatis
1257 4224 1312 4271 et
1356 4217 1771 4271 simulacrorum
1815 4218 1993 4271 cultus

436 4310 841 4380 operationibus
873 4310 1221 4376 addixeram;
1275 4317 1441 4379 utque
1491 4309 1643 4378 pravi
1683 4307 1989 4371 dzemones,

434 4403 529 4472 qui
560 4402 725 4457 valles
749 4401 1106 4472 appellantur,
1144 4408 1427 4471 propterea
1457 4400 1600 4470 quod
1649 4399 1703 4454 in
1756 4400 1994 4455 hiatibus

435 4493 792 4548 tenebricosis
816 4501 868 4548 et
899 4509 1186 4564 corporum
1219 4493 1367 4548 cavis
1395 4493 1741 4547 diversantur
1761 4531 1777 4553 ,
1835 4491 1991 4560 quasi

435 4601 558 4640 cera
577 4601 613 4638 at
634 4585 768 4639 facie
793 4585 931 4654 iguis
962 4587 1345 4654 liquescentes,
1371 4585 1441 4638 ob
1469 4583 1630 4638 Verbi
1659 4584 1827 4638 divini
1858 4585 1986 4648 vim,

435 4678 503 4732 de
558 4676 867 4730 hominibus
904 4677 1168 4746 fugerent.
1230 4675 1295 4728 Et
1336 4676 1442 4728 alia
1491 4691 1620 4730 vero
1659 4685 1852 4744 praeter
1898 4691 1992 4730 eas

433 4781 555 4822 esse
605 4775 781 4835 potest
819 4781 982 4820 causa
1004 4809 1019 4830 ,
1073 4767 1159 4820 illa
1194 4767 1408 4834 quidem
1443 4781 1552 4818 non
1575 4766 1809 4834 vulgaris
1831 4805 1843 4827 ,
1894 4779 1992 4818 cur

433 4857 694 4913 Dominus
724 4859 790 4913 de
817 4857 955 4912 coelo
977 4858 1337 4918 descenderit,
1357 4871 1518 4927 quam
1532 4857 1809 4910 oraculum
1837 4857 1991 4923 juxta

434 4951 720 5022 signiﬁcat,
748 4960 806 5006 ut
844 4966 1033 5007 omnes
1061 4951 1114 5005 in
1145 4951 1274 5005 orbe
1311 4957 1578 5005 terrarum
1631 4957 1816 5019 gentes
1839 4988 1855 5012 ,
1885 4949 1993 5004 die—

439 5043 688 5099 monibus
735 5043 902 5114 pulsis
923 5082 938 5105 ,
985 5052 1039 5098 et
1068 5042 1351 5113 spiritibus
1373 5041 1464 5114 qui
1497 5042 1856 5111 princnpatum
1898 5040 1995 5094 ha-

434 5136 634 5192 bebant
664 5139 946 5192 concussis
968 5177 981 5200 ,
1035 5139 1102 5193 ab
1127 5137 1346 5208 antiqua
1374 5139 1474 5193 sub
1508 5135 1615 5192 illis
1645 5143 1698 5191 et
1725 5149 1911 5206 aspera
1940 5141 1994 5188 et

435 5230 696 5284 immobili
751 5231 1032 5302 tyrannide
1062 5232 1412 5301 respirantes,
1445 5231 1767 5301 agnitionem
1802 5243 1990 5299 supre-

435 5322 507 5376 mi
543 5321 638 5378 Dei
665 5325 983 5394 reciperent.
1019 5323 1158 5390 Quin
1187 5323 1346 5378 etiam
1403 5323 1519 5393 ipsa
1567 5323 1682 5378 hmc
1732 5324 1788 5378 in
1844 5323 1991 5377 hunc

438 5414 653 5467 modum
697 5415 940 5483 ejusdem
977 5415 1269 5486 prOphetia‘.
1311 5431 1471 5470 voces
1500 5415 1758 5486 deinceps
1802 5417 1989 5471 eadem

462 5504 646 5559 atione
679 5507 780 5559 sub
814 5522 977 5560 unam
1014 5523 1210 5564 sensus
1239 5508 1636 5577 copulationem
1667 5508 1988 5562 enuntiarit:

438 5614 443 5619 ι
497 5592 563 5646 Et
585 5594 689 5647 erit
724 5595 775 5648 in
811 5597 1122 5654 novissimis
1151 5598 1340 5653 diebus
1359 5597 1677 5652 manifestus
1702 5611 1855 5649 mons
1884 5594 1992 5647 Do-

450 5685 590 5751 nini,
625 5694 846 5755 paratus
880 5687 933 5740 in
959 5689 1366 5744 summitatibus
1395 5689 1658 5746 montium
1687 5706 1702 5747 ;
1735 5694 1788 5740 et
1815 5687 1991 5739 extol-

2027 4635 2066 4689 D

2095 3391 2473 3464 ἐπιϐεϐηκέναι
2513 3393 2604 3446 ἐπὶ
2649 3391 2716 3444 τὰ
2765 3392 2870 3461 ῦῲη
2916 3395 3012 3461 τῆς
3062 3394 3190 3461 γῆς,
3243 3390 3342 3462 ἤδη
3386 3391 3652 3461 πρότερον

2093 3485 2328 3553 ἐλέγετο,
2357 3485 2501 3548 ὅπως
2532 3483 2600 3536 τὰ
2635 3485 2729 3554 μὲν
2764 3483 2925 3536 πάλαι
2959 3482 3290 3552 ἐπαιρόμενα
3341 3483 3434 3535 καὶ
3479 3483 3653 3554 ὑπερ-

2097 3574 2370 3646 υψούμενα
2399 3575 2537 3628 κατά
2568 3579 2666 3645 τῆς
2696 3573 2944 3642 γνώσεως
2976 3573 3067 3626 τοῦ
3093 3573 3226 3625 Θεοῦ
3258 3573 3356 3642 ὅρη
3415 3571 3642 3641 σαλευθῇ

2095 3668 2439 3721 ὑποκάτωθεν
2473 3665 2634 3720 αὑτοῦ
2654 3705 2667 3729 ,
2705 3667 2759 3718 ai
2779 3666 3030 3735 δυνάμεις
3055 3664 3291 3735 δηλονότι
3318 3666 3372 3717 αἱ
3407 3663 3648 3717 ἀντικεί-

2097 3776 2274 3830 μεναι,
2303 3759 2358 3813 αἳ
2382 3759 2488 3828 πρὸ
2516 3759 2612 3828 τῆς
2637 3756 2796 3810 αὑτοῦ
2828 3755 3123 3826 παρουσίας
3149 3754 3284 3825 μετά
3314 3754 3422 3805 τῶν
3449 3753 3651 3805 λοιπῶν

2093 3851 2389 3924 ἀνθρώπων
2414 3891 2428 3914 ,
2462 3851 2555 3904 καὶ
2584 3849 2643 3901 τὸ
2679 3848 2940 3919 Ἐϐραίων
2979 3846 3146 3913 ἔθνος,
3185 3849 3295 3908 τοῖς
3327 3846 3424 3915 τῆς
3459 3845 3650 3897 δυσσε-

2093 3945 2242 4008 ϐείας
2270 3945 2362 3998 καὶ
2387 3941 2819 4012 είδωλολατρείας
2843 3940 3126 4011 πράγμασι
3154 3936 3612 3992 καταδεδούλωντο
3629 3953 3643 3966 ·

2092 4041 2140 4092 οἱ
2167 4038 2222 4090 δὲ
2257 4037 2480 4107 πονηροὶ
2504 4035 2770 4104 δαίμονες,
2799 4033 3037 4096 κοιλάδες
3083 4030 3490 4102 ἐπικαλούμενοι
3515 4069 3529 4093 ,
3560 4028 3650 4082 era

2091 4130 2152 4182 τὸ
2174 4131 2230 4181 ἐν
2259 4129 2496 4198 χάσμασι
2528 4125 2775 4189 σκοτίοις,
2795 4127 2885 4178 καὶ
2909 4129 3016 4188 τοῖς
3042 4123 3148 4177 τῶν
3173 4125 3432 4194 σωμάτων
3457 4121 3650 4175 κοιλώ-

2096 4237 2256 4291 μασιν
2285 4216 2657 4287 ἐνδιατρίϐειν,
2686 4217 2761 4279 ὡς
2801 4215 2967 4285 κηρὸς
3013 4214 3119 4268 ἀπὸ
3157 4211 3442 4283 προσώπου
3480 4211 3650 4281 πυρὸς

2092 4311 2399 4380 τηκόμενοι,
2427 4312 2491 4379 τῇ
2526 4307 2616 4360 τοῦ
2646 4307 2786 4359 θείου
2819 4307 2989 4373 Λόγου
3021 4305 3242 4375 δυνάμει
3271 4301 3328 4367 ἐξ
3350 4302 3649 4371 ἀνθρώπων

2093 4401 2390 4470 ἀπέφυγον.
2425 4401 2532 4454 Kal
2562 4400 2723 4470 ἐτέρα
2755 4398 2797 4451 δ’
2831 4397 2894 4451 ἂν
2936 4397 3019 4469 εἴη
3058 4395 3203 4467 παρά
3241 4396 3438 4456 ταύτας
3469 4394 3645 4457 αἰτία,

2093 4492 2211 4561 οὐχὶ
2234 4493 2488 4562 τυχοῦσα,
2513 4495 2610 4563 τῆς
2636 4491 2694 4556 ἐξ
2715 4489 2953 4561 οὐρανῶν
2978 4488 3196 4543 καθόδου
3212 4489 3304 4541 τοῦ
3335 4487 3558 4559 Κυρίου,
3583 4486 3651 4556 ἢν

2095 4585 2123 4635 ὁ
2170 4583 2322 4652 λόγος
2371 4585 2815 4654 ἐπισημαίνεται,
2873 4583 3019 4645 ὅπως
3061 4582 3235 4635 πάντα
3271 4580 3340 4633 τὰ
3394 4581 3484 4632 ἐπὶ
3546 4581 3652 4649 γῆς

2096 4670 2244 4740 ἔθνη,
2279 4670 2383 4723 τῶν
2415 4671 2679 4742 δαιμόνων
2703 4670 3125 4734 ἀπελασθέντων,
3158 4670 3377 4724 καὶτῶν
3401 4671 3649 4740 ἀρχοντι-

2096 4761 2206 4814 κῶν
2238 4762 2559 4832 πνευμάτων
2594 4761 2928 4825 σεισθέντων,
2963 4765 3058 4833 τῆς
3091 4762 3255 4815 πάλαι
3281 4760 3456 4814 αὑτῶν
3486 4760 3650 4832 σκλη-

2103 4857 2198 4926 ρᾶς
2225 4854 2317 4907 καὶ
2358 4854 2611 4924 ἀκινήτου
2641 4855 2946 4925 τυραννίδος
2993 4854 3473 4907 ὑπαναπνεύσαντα
3500 4892 3514 4915 ,
3553 4853 3651 4922 τὴν

2099 4946 2390 5014 ἐπίγνωσιν
2422 4945 2515 4998 τοῦ
2547 4945 2637 4998 ἐπὶ
2667 4946 2878 4999 πάντων
2905 4944 3148 5018 ἀναλάϐῃ
3179 4943 3335 4998 Θεοῦ.
3383 4945 3489 4997 Kal
3515 4943 3652 4996 αὑτά

2094 5030 2194 5088 ὧδέ
2232 5053 2348 5098 πως
2386 5037 2441 5088 αἱ
2469 5035 2566 5105 τῆς
2601 5035 2766 5104 αὑτῆς
2807 5035 3134 5106 προφητείας
3178 5035 3351 5104 φωναὶ
3384 5033 3509 5104 ἑξῆς
3561 5033 3653 5086 καὶ

2103 5128 2242 5182 κατά
2269 5129 2327 5181 τὸ
2360 5129 2490 5182 αὐτὸ
2526 5129 2630 5182 ὑπὸ
2664 5130 2790 5198 μίαν
2841 5129 3127 5196 συνάφειαν
3172 5127 3407 5190 διανοίας
3452 5126 3653 5196 κηρύτ-

2100 5238 2249 5274 τουσι
2271 5238 2283 5250 °
2314 5240 2331 5273 ι
2363 5221 2471 5274 Καὶ
2494 5221 2642 5274 ἔσται
2668 5221 2754 5273 ἐπ’
2779 5221 3016 5290 ἐσχάτων
3041 5219 3149 5272 τῶν
3173 5219 3390 5291 ἡμερῶν
3415 5219 3653 5288 ἐμφανὲς

2095 5315 2156 5368 τὸ
2187 5314 2309 5384 ὅρος
2329 5313 2553 5384 Κυρίου,
2577 5312 2788 5381 ἕτοιμον
2823 5311 2914 5363 ἐπὶ
2945 5311 3041 5374 τὰς
3063 5309 3300 5381 κορυφὰς
3325 5308 3434 5361 τῶν
3460 5308 3649 5380 ὀρέωνο

2099 5410 2192 5463 καὶ
2253 5405 2740 5479 μετεωρισθήσεται
2803 5404 3054 5475 ὑπεράνω
3119 5404 3224 5456 τῶν
3275 5401 3506 5472 βουνῶνο
3559 5399 3653 5453 καὶ

2101 5499 2418 5553 σπεύσουσιν
2473 5496 2558 5548 ἐπ’
2604 5495 2736 5548 αὑτὸ
2785 5494 2936 5556 λαοὶ,
2983 5495 3075 5547 καὶ
3123 5493 3471 5564 πορεύσονται
3526 5489 3653 5558 ἔθνη

2099 5591 2304 5653 πολλὰ,
2341 5590 2434 5643 καὶ
2489 5586 2710 5660 ἐροῦσι*
2759 5586 2940 5651 Δεῦτε,
2977 5586 3261 5657 ἀναϐῶμεν
3301 5586 3378 5646 είς
3421 5581 3483 5635 τὸ
3530 5581 3655 5653 ὅρος

2099 5683 2199 5736 τοῦ
2226 5682 2447 5753 Κυρίου,
2483 5681 2575 5736 καὶ
2611 5682 2689 5744 εἰς
2715 5680 2804 5733 τὸν
2835 5677 2978 5733 οἶκον
3008 5677 3100 5732 τοῦ
3140 5676 3272 5730 Θεοῦ
3314 5673 3526 5737 Ἰακὼϐ,
3561 5672 3660 5726 καὶ

503 5841 548 5870 ⁸³
582 5841 740 5896 \licb.
773 5857 810 5906 ι,
843 5841 895 5906 5,
924 5841 976 5896 6.
1022 5843 1064 5873 ’δ
1089 5843 1218 5898 ibid.
1251 5843 1334 5906 12,
1383 5844 1463 5897 15.
1543 5844 1584 5875 ⁸⁸
1613 5841 1741 5897 ibid.
1781 5840 1971 5905 15,16.

2105 5829 2278 5893 ’Μῑωι
2307 5853 2386 5904 μιν,
2421 5836 2502 5890 12.
