3894 6514
156 447 264 509 437

1084 442 1734 502 DEMONSTRATIONIS
1772 443 2232 500 EVANGELICAZ
2272 443 2400 500 LIB.
2442 443 2530 500 Vl.

3315 447 3421 502 ιδε

155 567 433 634 δείξουσιν
469 571 606 640 ἡμῖν
642 569 737 639 τὴν
781 567 899 622 ὁδὸν
926 567 1118 631 αὐτοῦ,
1154 571 1246 621 καὶ
1291 567 1666 640 πορευσόμεθα
1698 569 1737 620 ἐκ

1857 567 2000 622 letur
2031 582 2194 636 super
2215 567 2419 633 colles,
2469 572 2523 622 et
2568 565 2902 620 festiuabunt
2931 565 3010 620 ad
3052 583 3173 622 eum
3218 569 3421 638 populi.

153 666 273 724 ταῖς
303 661 538 733 τρίὸοις
562 662 743 715 αὐτοῦ.
781 663 878 715 Ἐκ
905 663 1014 734 γὰρ
1047 662 1182 715 Σιὼν
1207 662 1542 726 ἐξελεύσεται
1567 661 1746 731 νόμος,

154 753 247 804 καὶ
277 751 448 818 λόγος
509 752 711 823 Κυρίου
745 749 804 814 ἐξ
858 751 1244 822 Ἰερουσαλὴμ,
1289 751 1380 804 καὶ
1427 752 1602 823 κρινεῖ
1648 749 1750 802 ἀνὰ

159 843 320 913 μέσον
343 841 472 894 τῶν
504 841 696 895 ἐθνῶν.
727 862 745 894 ι
785 841 1021 894 Τοιαῦτα
1044 843 1138 896 καὶ
1175 842 1417 913 περὶτῆς
1448 841 1556 894 τῶν
1582 841 1749 894 ἐθνῶν

156 933 431 1002 κλήσεως,
474 931 515 984 ἃ
544 933 638 984 καὶ
663 932 852 996 ὁποίας
889 932 1067 1002 ἔχεται
1092 932 1350 995 διανοίας,
1383 933 1530 995 ὅπως
1569 947 1625 983 τε
1657 932 1750 983 καὶ

155 1025 289 1078 αύτὰ
326 1023 484 1092 μετὰ
511 1024 611 1095 τὴν
647 1024 740 1077 τοῦ
778 1025 1024 1096 Σωτῆρος
1070 1025 1224 1097 ἡμῶν
1266 1025 1565 1096 παρουσίαν
1599 1023 1750 1087 τέλος

156 1116 398 1184 εἴληφεν,
443 1116 543 1167 ἐπὶ
577 1115 773 1186 σχολῆς
802 1115 867 1168 ἄν
915 1132 998 1178 τις
1043 1115 1364 1186 καταμάθοι.
1420 1113 1749 1177 Ἀκολούθως

154 1226 214 1276 γε
241 1209 350 1279 μὴν
369 1207 599 1270 τούτοις
615 1209 910 1279 ἀρχόμενος
937 1209 964 1260 ὁ
982 1207 1081 1278 τῆς
1107 1207 1436 1278 προφητείας
1456 1205 1628 1275 λόγος,
1651 1206 1752 1259 ὠσ-

156 1299 216 1352 ὰν
249 1298 344 1349 ἐπὶ
382 1297 645 1368 σωτηρία
677 1299 738 1350 οὑ
776 1297 932 1367 μόνον
959 1295 1052 1350 τοῦ
1088 1296 1352 1350 Ἰουδαίων
1381 1297 1584 1360 ἔθνους,
1617 1296 1749 1350 ἀλλὰ

157 1389 241 1442 καὶ
273 1389 388 1440 τῶν
427 1389 606 1441 ἐθνῶν
637 1391 913 1454 ἁπάντων,
947 1390 1046 1459 τῆς
1085 1388 1178 1442 τοῦ
1200 1389 1400 1460 Κυρίου
1425 1391 1503 1452 είς
1545 1388 1750 1461 ἀνθρώ-

157 1497 283 1543 πους
311 1479 560 1532 καθόδου
583 1481 970 1551 γενησομένης,
985 1485 1094 1544 τοῖς
1125 1481 1271 1544 λαοῖς
1297 1483 1514 1544 καὶτοῖς
1543 1482 1634 1534 ἐπὶ
1648 1482 1748 1553 γῆς

155 1571 356 1625 ἅπασιν
373 1572 673 1641 ἐπιφωνεῖ,
698 1571 920 1640 λέγων’(
945 1571 1257 1636 Ἀκούσατε,
1275 1572 1394 1626 λαοὶ
1420 1573 1639 1636 πάντες,
1657 1573 1749 1626 καὶ

159 1661 487 1732 προσεχέτω
511 1665 544 1733 ὴ
569 1663 660 1732 γῆ,
678 1662 770 1715 καὶ
799 1663 997 1726 πάντες
1019 1665 1066 1715 οί
1103 1666 1159 1715 ἐν
1180 1664 1338 1733 αὐτῇ.
1361 1683 1378 1714 ι
1401 1664 1512 1717 Καὶ
1532 1665 1591 1716 τὸ
1613 1683 1750 1735 μαρ-

155 1750 332 1820 τύριον
359 1751 423 1804 δὲ
448 1751 550 1804 τοῦ
579 1751 782 1814 πάθους
808 1751 1048 1822 ᾐνίττετο
1092 1753 1185 1805 τοῦ
1223 1754 1427 1824 Κυρίου
1451 1755 1744 1826 ἐπιφέρων·

164 1842 294 1894 «Καὶ
307 1840 475 1894 ἔσται
492 1842 730 1912 Κύριοςό
744 1842 872 1904 Θεὸς
889 1841 1038 1913 ὑμῶν
1052 1844 1129 1906 είς
1149 1844 1457 1915 μαρτύριον.
1472 1839 1609 1898 »Εἶθ’
1627 1845 1750 1915 ἑξῆς

1857 657 1926 711 Et
1954 658 2106 714 ibunt
2130 668 2316 729 gentes
2350 658 2552 720 multa},
2584 664 2639 712 et
2663 657 2883 713 dicent:
2921 655 3132 721 Venite,
3164 659 3408 714 ascende

1857 766 1980 806 mus
2010 752 2064 805 in
2094 762 2331 806 montem
2372 749 2606 814 Domini,
2634 758 2688 804 et
2731 749 2786 803 in
2840 749 3058 806 domum
3090 750 3183 806 Dei
3212 750 3380 808 Jacob
3404 792 3421 818 ,

1855 849 1907 897 ct
1945 841 2233 897 ostendent
2274 843 2433 898 nobis
2462 843 2606 895 viam
2637 843 2787 912 ejus,
2837 849 2898 897 et-
2933 843 3338 898 ambulabimus
3367 843 3423 898 in

1857 934 2066 989 semitis
2089 934 2228 1003 ejus.
2270 933 2346 988 De
2378 935 2506 989 Sion
2538 935 2681 988 enim
2713 933 2881 988 exibit
2921 935 3004 988 lex
3025 973 3040 998 ,
3100 943 3154 989 et
3198 936 3421 990 verbum

1856 1027 2074 1083 Domini
2109 1028 2176 1083 de
2203 1025 2524 1091 Jerusalem,
2553 1035 2607 1084 et
2642 1028 2907 1098 judicahit
2937 1027 3076 1082 inter
3097 1035 3288 1098 gentes
3304 1028 3418 1081 ⁸⁷..)

1855 1121 2004 1176 Talia
2037 1137 2168 1178 sane
2206 1120 2274 1176 de
2303 1121 2589 1175 vocatione
2643 1121 2881 1191 gentium
2913 1119 3058 1174 dicta
3088 1127 3216 1175 sunt
3246 1139 3260 1174 :
3303 1134 3423 1189 qua:

1854 1214 2072 1284 quidem
2110 1229 2220 1284 quo
2251 1229 2412 1268 sensu
2457 1213 2770 1282 accipienda
2825 1213 2970 1275 sint,
3023 1220 3077 1267 et
3123 1227 3230 1281 quo
3263 1219 3423 1282 pacto

1856 1304 1973 1374 ipsa
2003 1319 2219 1374 quoque
2251 1314 2372 1374 post
2391 1302 2688 1357 Salvatoris
2713 1302 2883 1357 nostri
2923 1302 3232 1365 adventum,
3261 1299 3420 1354 linem

1855 1397 2179 1465 acceperint,
2212 1411 2307 1466 per
2335 1397 2504 1450 otium
2537 1395 2660 1464 quis
2695 1392 2918 1448 liberius
2950 1391 3158 1446 discere
3181 1391 3416 1461 poterit:

1855 1504 1976 1542 cum
2009 1488 2076 1543 iis
2110 1497 2290 1542 tamen
2313 1486 2652 1542 concordans
2687 1500 2806 1555 qua:
2830 1485 2941 1554 jam
2983 1484 3226 1554 exposita
3273 1490 3419 1550 sunt,

1858 1579 1911 1630 in
1945 1578 2064 1647 ipso
2104 1577 2400 1647 prophetia:
2430 1576 2651 1631 exordio
2691 1575 2831 1629 idem
2860 1573 3163 1635 oraculum,
3195 1587 3302 1625 non
3335 1586 3420 1625 se-

1855 1685 1953 1725 cus
1991 1685 2055 1724 ac
2085 1671 2130 1724 si
2161 1669 2227 1723 ad
2287 1670 2514 1725 salutem
2556 1685 2665 1723 non
2711 1667 2951 1722 Iudaica:
2983 1665 3157 1736 gentis
3207 1664 3414 1729 solum,

1855 1761 1949 1817 sed
1982 1761 2357 1816 universarum
2389 1760 2651 1830 gentium,
2683 1757 2897 1812 Domini
2932 1756 2999 1810 ad
3042 1755 3290 1810 homines
3325 1753 3420 1809 de;

1856 1867 2082 1907 scensus
2105 1850 2319 1906 futurus
2350 1859 2516 1917 esset,
2551 1851 2619 1905 ad
2644 1864 2832 1904 omnes
2855 1847 3084 1920 populos
3103 1887 3118 1910 ,
3147 1846 3214 1899 ad
3236 1844 3418 1899 omnia

159 1933 360 1996 ὀαύτος
383 1932 602 2004 προῖὼν
634 1933 933 2004 προφήτης,
975 1934 1120 1986 ὠσὰν
1145 1935 1244 2005 ἤδη
1266 1935 1661 2006 προπαιδεύσας
1676 1936 1737 1989 τὰ

1843 1957 1964 2012 quae
1997 1951 2124 1998 sunt
2152 1944 2206 1997 in
2239 1951 2385 1997 terra
2414 1941 2613 1996 clamat
2649 1940 2836 1996 dicens
2865 1957 2878 1993 :
2915 1956 2934 1988 ι
2974 1937 3190 2000 Audite,
3231 1935 3417 2006 populi

166 2028 280 2098 περὶ
307 2027 412 2097 τῆς
452 2027 743 2098 ὑπάρξεως
763 2027 854 2079 τοῦ
871 2027 1004 2080 Θεοῦ
1023 2029 1216 2096 Λόγου,
1232 2031 1328 2099 τῆς
1341 2047 1398 2082 τε
1422 2029 1479 2096 ἐξ
1499 2029 1742 2100 οὐρανῶν

161 2118 318 2170 αὐτοῦ
349 2118 742 2181 καταϐάσεως,
789 2119 881 2172 καὶ
905 2119 980 2181 ὡς
1013 2119 1081 2171 τὰ
1114 2121 1260 2173 αἴτια
1295 2122 1391 2191 τῆς
1424 2123 1502 2184 είς
1533 2121 1742 2193 ἀνθρώ-

165 2227 288 2273 πους
308 2210 492 2264 αὑτοῦ
512 2211 811 2281 παρουσίας
828 2211 1124 2281 προειπὼν,
1142 2213 1420 2283 ἑπομένως
1435 2215 1532 2284 τὴν
1555 2217 1634 2278 είς
1651 2217 1714 2268 ἀν

163 2299 408 2369 θρώπους
427 2301 602 2354 αὑτοῦ
617 2302 878 2370 ἐσομένην
893 2303 1122 2369 γένεσιν,
1138 2306 1366 2358 καὶαύτὸ
1375 2306 1438 2376 δὴ
1455 2307 1529 2377 (l)
1548 2309 1741 2379 χωρίον

164 2391 278 2445 ἱνθα
306 2393 682 2464 τεχθήσεσθαι
713 2393 952 2464 ἔμελλεν,
971 2388 1070 2448 ὧδέ
1098 2413 1212 2459 πως
1240 2397 1498 2462 διδάσκει,
1534 2398 1703 2468 λέγων
1723 2419 1737 2431 ·

169 2487 298 2539 «Καὶ
325 2488 392 2540 σὺ
445 2487 696 2558 Βηθλεέμ
719 2483 866 2551 οἶκος
887 2487 978 2541 τοῦ
1011 2489 1270 2558 Ἐφραθὰ,
1285 2491 1554 2560 ὀλιγοστὸς
1579 2490 1630 2545 εἷ
1648 2494 1739 2547 τοῦ

165 2573 293 2632 εἶναι
342 2582 402 2633 ἐν
461 2580 694 2650 χιλιάσιν
755 2580 958 2633 Ἰούδα·
1011 2582 1074 2635 ἐκ
1124 2583 1217 2634 σοῦ
1262 2601 1352 2652 μοι
1406 2583 1739 2648 ἐξελεύσεται

164 2668 491 2738 ἡγούμενος,
515 2667 610 2721 τοῦ
643 2664 779 2721 εἶναι
815 2671 892 2733 είς
919 2670 1152 2743 ἄρχοντα
1179 2673 1235 2723 ἐν
1259 2671 1334 2742 τῷ
1373 2673 1586 2744 Ἰσραὴλ
1604 2715 1616 2736 ,
1647 2677 1740 2728 καὶ

165 2758 215 2809 al
237 2757 407 2821 ἔξοδοι
446 2758 614 2811 αὑτοῦ
640 2758 733 2811 ἀπ’
764 2758 940 2828 ἀρχῆς
969 2759 1027 2824 ἐξ
1061 2760 1282 2833 ἡμερῶν
1313 2761 1524 2825 αἰῶνος.
1559 2782 1576 2814 ι
1598 2763 1742 2817 Ἐπι-

168 2847 333 2917 μιλῶς
359 2849 424 2902 δὲ
466 2849 721 2920 πρόσχες,
752 2849 873 2902 τίνα
895 2850 1093 2921 τρόπον
1117 2849 1212 2902 τοῦ
1245 2851 1336 2904 ἐπὶ
1366 2850 1465 2922 τὴν
1495 2851 1740 2924 Βηθλεὲμ

167 2936 379 3008 (χωρίον
438 2938 498 2991 δέ
531 2941 650 2991 ἐστι
683 2940 838 2993 τοῦτο
875 2941 973 3011 τῆς
1018 2941 1318 3010 Ἰουδαίας)
1366 2943 1736 3014 φανησομένου

166 3029 255 3092 τὰς
285 3031 509 3095 ἐξόδους
552 3031 758 3086 ἀνωθεν
791 3035 883 3086 καὶ
917 3033 974 3099 ἐξ
1007 3033 1200 3097 αίῶνος
1244 3034 1536 3102 ὑφεστάναι
1553 3036 1733 3106 φησι,

167 3119 256 3190 τὴν
299 3121 491 3174 ἔνθεον
531 3121 706 3194 δηλῶν
741 3122 1082 3194 προῦπαρξίν
1116 3139 1175 3175 τε
1221 3124 1315 3176 καὶ
1347 3124 1600 3178 οὐσίωσιν
1636 3125 1732 3178 τοῦ

169 3210 225 3262 ὲκ
277 3211 528 3282 Βηθλεέμ
575 3213 1032 3284 προελευσομένου
1066 3213 1343 3285 ἄρχοντος.
1389 3216 1451 3268 El
1499 3215 1596 3286 μὲν
1643 3212 1736 3270 οῦν

1844 2049 2055 2096 omnes,
2082 2040 2136 2088 et
2163 2033 2406 2088 attendat
2438 2037 2672 2096 terra,et
2692 2044 2880 2085 omnes
2900 2028 2992 2098 qui
3024 2027 3077 2080 in
3111 2042 3172 2080 ea
3205 2035 3348 2080 sunt.
3392 2042 3412 2076 ι

1843 2123 2238 2180 Testimonium
2267 2140 2394 2181 vero
2423 2123 2569 2194 quod
2597 2129 2788 2176 contra
2812 2121 2990 2191 ipsum
3013 2119 3300 2173 Dominum
3331 2115 3416 2170 di-

1842 2228 1987 2271 ctum
2018 2223 2123 2278 est,
2156 2231 2279 2269 cum
2319 2227 2465 2270 esset
2507 2229 2805 2284 passurus,
2857 2213 2930 2265 ita
2969 2209 3258 2280 signiﬁcat,
3295 2226 3315 2259 ι
3348 2206 3416 2260 Et

1841 2307 1945 2362 erit
1987 2305 2247 2361 Dominus
2279 2306 2439 2361 Deus.
2477 2313 2656 2360 vester
2682 2305 2737 2358 in
2777 2302 3172 2358 testimonium.
3213 2319 3232 2352 ι
3267 2298 3409 2353 Tum

1841 2396 2097 2466 deinceps
2139 2397 2278 2452 idem
2315 2397 2574 2467 propheta
2599 2396 2844 2449 oratione
2881 2407 3200 2462 progressus
3226 2431 3242 2455 ,
3291 2400 3411 2445 tan-

1840 2503 2000 2559 quam
2028 2490 2075 2543 is
2103 2489 2195 2558 qui
2223 2497 2347 2543 aute
2382 2489 2493 2557 jam
2526 2487 2804 2541 docuisset
2824 2499 2886 2539 ea
2913 2499 3033 2554 quae
3061 2483 3127 2536 ad
3159 2483 3406 2537 substan-

1841 2582 1969 2636 tiam
1994 2580 2086 2635 Dei
2121 2578 2282 2634 Verbi
2316 2579 2543 2648 ejusque
2570 2578 2636 2631 de
2660 2577 2800 2631 ctelo
2821 2576 3144 2630 descensum
3176 2573 3414 2641 pertine-

1839 2679 1980 2737 rent,
1999 2680 2052 2726 et
2074 2679 2333 2740 tanquam
2356 2671 2401 2724 si
2425 2669 2542 2738 ejus
2560 2667 2631 2722 ad
2655 2668 2902 2723 homines
2926 2666 3414 2734 adVentusyausas

1837 2763 2196 2833 praedixisset,
2221 2761 2410 2816 ordine
2442 2760 2698 2830 deinceps
2731 2759 2973 2815 futurum
2998 2758 3242 2828 ejusdem
3270 2758 3413 2813 inter

1837 2855 1999 2926 275
2033 2855 2283 2910 homines
2321 2861 2522 2916 ortum.
2546 2855 2813 2924 planeque
2833 2854 2995 2908 etiam
3029 2853 3206 2922 ipsum
3231 2853 3432 2906 locuma.

1839 2948 1894 3002 in
1925 2963 2036 3017 quo
2061 2947 2303 3001 futurum
2326 2954 2444 3002 erat
2473 2955 2532 2999 ut
2560 2955 2895 3010 nasceretur,
2933 2943 3138 2999 indicat
3172 2944 3406 2998 dicens“:

1843 3059 1862 3091 ι
1905 3039 1970 3092 Et
1999 3047 2055 3093 tu
2084 3037 2394 3093 Bethlehem
2438 3037 2633 3093 domus
2677 3035 2936 3106 Ephrata,
2971 3035 3194 3089 minima
3238 3049 3317 3097 es,
3351 3040 3412 3087 ut

1837 3134 1913 3189 sis
1936 3133 1989 3186 in
2016 3131 2253 3186 millibus
2272 3128 2410 3184 Juda
2443 3148 2456 3184 :
2489 3144 2554 3184 ex
2583 3135 2636 3184 te
2663 3128 2796 3181 mihi
2825 3127 3133 3198 egredietur
3159 3127 3249 3196 qui
3270 3140 3411 3195 prato

1839 3225 1930 3289 sit,
1959 3234 2015 3278 ut
2041 3224 2112 3280 sit
2135 3224 2188 3278 in
2222 3223 2520 3293 principem
2555 3221 2610 3274 in
2645 3219 2811 3275 lsrael
2866 3229 2919 3275 et
2977 3221 3158 3275 exitus
3195 3217 3316 3288 ejus
3339 3218 3408 3272 ab

169 3302 267 3372 ἔχοι
295 3322 377 3370 τις
417 3307 506 3376 ἐφ’
551 3306 738 3378 ἕτερον
773 3307 1061 3378 ἀναφέρειν
1101 3309 1190 3359 τὸν
1223 3308 1468 3378 χρησμὸν
1491 3349 1504 3371 ,
1533 3309 1616 3373 τίς
1648 3303 1736 3363 οῦ-

1841 3317 2017 3381 initio,
2035 3331 2102 3372 ex
2119 3315 2312 3372 diebus
2337 3315 2523 3370 saeculi
2553 3315 2616 3368 ⁸³³.
2651 3333 2670 3365 ι
2697 3313 2928 3367 Attende
2951 3329 3079 3368 vero
3098 3313 3407 3383 diligenter,

170 3410 251 3458 τος
271 3437 284 3460 ,
316 3398 696 3452 ἀποδεικνύτω
720 3416 734 3429 ⁸
766 3401 814 3452 εἰ
839 3399 884 3451 δ’
913 3398 1012 3452 οὑκ
1041 3398 1185 3452 ἔστιν
1227 3400 1405 3471 εὑρεῖν
1431 3400 1612 3471 ἓτερον
1640 3401 1734 3454 τοῦ

171 3489 411 3563 Σωτῆρος
446 3495 478 3562 ἡ
489 3491 606 3562 μῶν
641 3491 815 3561 Ἰησοῦ
851 3492 1084 3563 Χριστοῦ
1105 3533 1120 3557 ,
1155 3493 1214 3557 ὃς
1263 3495 1420 3564 μόνος
1475 3494 1608 3564 μετὰ
1638 3497 1735 3566 τὴν

175 3583 502 3655 προσητείαν
544 3583 753 3636 ἐνθένδε
803 3583 1129 3655 ὡρμημένος
1174 3585 1394 3654 βοᾶται,
1449 3587 1501 3638 τί
1552 3587 1735 3640 λοιπὸν

173 3672 409 3741 ἐμποδὼν
445 3675 519 3745 μὴ
553 3675 674 3744 οὐχὶ
706 3674 1080 3744 συνομολογεῖν
1121 3675 1374 3747 ἀλήθειαν
1420 3681 1486 3748 τῇ
1528 3696 1738 3750 προφη-

175 3765 300 3836 τείᾳ,
327 3768 427 3819 ἐπὶ
457 3767 603 3836 μόνῳ
632 3767 778 3837 αὐτῷ
804 3767 1104 3840 σαλευούσῃ
1131 3767 1227 3838 τὴν
1256 3769 1594 3841 πρόρῤησιν;
1628 3773 1738 3826 Μό-

178 3876 254 3923 νος
281 3862 415 3930 γοῦν
454 3857 609 3925 οὗτος
649 3862 916 3933 ἐπιφανὴς
964 3862 1069 3916 τῶν
1098 3862 1316 3915 πώποτε
1365 3863 1634 3932 γεγονὼς,
1673 3868 1737 3920 ἐκ

177 3951 257 4005 τοῦ
296 3954 701 4026 προειρημένου
747 3955 947 4026 χωρίου
995 3955 1092 4025 τῆς
1138 3953 1384 4026 Βηθλεέμ
1433 3956 1570 4026 μετὰ
1611 3959 1738 4021 τοὺς

179 4043 262 4113 τῆς
327 4046 672 4119 προφητείας
728 4046 952 4118 χρόνους
1010 4047 1071 4100 τὸ
1135 4045 1472 4118 ἀνθρώπειον
1537 4049 1736 4113 ὑποδὺς

182 4137 344 4207 σχῆμα
403 4138 802 4211 προελήλυθενο
858 4139 972 4210 ἅμα
1031 4155 1092 4191 τε
1134 4141 1199 4210 τῇ
1250 4141 1414 4194 αὑτοῦ
1468 4140 1737 4213 παρουσίᾳ

181 4228 464 4301 ἐπληροῦτο
497 4233 565 4286 τὰ
600 4232 1068 4304 προηγορευμένα.
1091 4233 1298 4286 Αὐτίκα
1330 4233 1481 4302 γοῦν,
1512 4235 1605 4287 καὶ
1636 4233 1736 4288 οὐκ

181 4319 246 4383 είς
275 4323 510 4395 μικρὸν,
532 4323 608 4394 τῷ
636 4325 732 4395 μὲν
767 4324 1038 4378 Ἰουδαίων
1068 4324 1210 4378 ἔθνει
1237 4326 1442 4380 ’ἐκαστα
1472 4326 1579 4380 τῶν
1606 4344 1736 4398 προ-

181 4415 588 4488 πεφητευμένων
636 4415 972 4491 σκυθρωπῶν
1017 4419 1266 4489 ἀπήντα’
1311 4421 1424 4482 τοῖς
1458 4418 1514 4471 δὲ
1560 4418 1734 4472 ἔθνεσι

179 4505 317 4561 πάλιν
341 4507 412 4561 τὰ
442 4508 710 4562 ἀκόλουθα
743 4513 855 4572 τοῖς
889 4509 1271 4580 θεσπίσμασιν,
1304 4511 1464 4574 αὐτός
1496 4528 1553 4564 τε
1581 4505 1735 4576 οὗτος

179 4597 204 4648 ὁ
239 4599 421 4673 Σωτὴρ
467 4603 562 4655 καὶ
606 4602 807 4674 Κύριος
852 4603 1009 4672 ήμῶν
1057 4604 1120 4656 ἐκ
1181 4602 1424 4675 Βηθλεέμ
1452 4604 1731 4676 ὁρμηθεὶς,

178 4688 458 4764 ἡγούμενος
509 4694 789 4766 ἀνεδείχθη
832 4695 925 4747 τοῦ
980 4694 1118 4749 κατὰ
1179 4695 1415 4749 διάνοιαν
1474 4696 1728 4769 Ἰσραὴλ,

180 4779 300 4836 οὕτω
325 4784 527 4848 παντὸς
557 4783 654 4837 τοῦ
686 4784 991 4855 διορατικοῦ
1018 4787 1109 4838 καὶ
1134 4784 1418 4848 θεοσεϐοῦς
1445 4785 1575 4838 λαοῦ
1599 4802 1731 4857 χρη-

183 4871 492 4936 ματίζοντος.
528 4872 636 4924 Καὶ
663 4872 760 4924 θέα
791 4891 877 4941 γε,
907 4875 1054 4937 ὅπως
1087 4873 1184 4937 τὰς
1209 4872 1418 4938 ἐξόδους
1443 4874 1605 4930 αὑτοῦ
1630 4877 1729 4946 τῆς

182 4958 338 5018 ἐνθέου
369 4963 768 5035 προῢπάρξεως
800 4967 894 5018 ἀπ’
925 4967 1098 5038 ἀρχῆς
1124 4966 1216 5019 καὶ
1255 4966 1314 5031 ἐξ
1344 4970 1376 5038 η
1387 4967 1566 5040 μερῶν
1597 4969 1728 5021 αίῶ-

179 5069 253 5117 vo;
273 5059 408 5128 ἔχειν
449 5058 666 5126 λέγεται
685 5077 698 5088 ·
727 5060 863 5130 ὅπερ
893 5061 992 5112 οὐκ
1022 5059 1086 5113 ἂν
1121 5061 1408 5132 άρμόσειεν
1441 5061 1728 5133 ἀνθρώπου

183 5144 335 5212 φύσει.
383 5151 607 5215 Τούτοις
657 5152 782 5220 ἐξῆς
829 5155 858 5205 ὁ
911 5153 1242 5224 προφητικὰς
1285 5152 1470 5221 λόγος,
1524 5153 1729 5217 ὑποϐὰς

183 5241 374 5309 μικρὸν,
407 5241 501 5294 καὶ
533 5241 630 5295 νῦν
654 5241 815 5296 πάλιν
853 5242 952 5313 τῆς
984 5243 1148 5298 πάλαι
1177 5244 1403 5316 νομικῆς
1433 5244 1728 5316 θρησκείας

183 5329 259 5398 τὴν
298 5334 646 5406 περιγραφὴν
712 5337 804 5388 καὶ
853 5335 1166 5407 καθαίρεσιν
1219 5337 1614 5406 ὑποσημαίνει,
1662 5339 1726 5390 ἐκ

183 5425 448 5491 προσώπου
479 5427 574 5481 τοῦ
607 5427 738 5481 λαοῦ
769 5428 941 5498 λέγων
965 5447 977 5459 ·
1011 5449 1029 5481 ί
1067 5429 1154 5483 Ἐν
1183 5431 1288 5482 τίνι
1314 5429 1604 5483 καταλάϐω
1631 5429 1722 5483 τὸν

182 5510 386 5586 Κύριονς
435 5519 768 5591 ἐπιλήψομαι
812 5519 948 5573 Θεοῦ
986 5537 1082 5591 μου
1115 5519 1366 5590 balineo;
1398 5521 1445 5572 εί
1484 5519 1720 5592 καταλή-

180 5601 322 5675 ψομαι
341 5610 504 5665 αὑτὸν
533 5613 591 5664 ὲν
610 5611 1069 5682 ὁλοκαυτώμασιν,
1088 5613 1145 5664 ἐν
1173 5612 1391 5683 μόσχοις
1412 5611 1718 5676 ἐνιαυσίοις·

180 5695 216 5746 εί
247 5699 312 5753 δῶ
352 5704 668 5775 πρωτότοκα
700 5702 905 5765 κοιλίας
945 5720 1044 5773 μου
1076 5702 1214 5773 ὑπὲρ
1247 5702 1519 5773 ἁμαρτίας
1543 5701 1723 5774 ψυχῆς

235 5791 272 5823 ⁵⁷
305 5793 463 5848 Mich.
489 5811 560 5857 tv,
593 5795 646 5849 2.
723 5795 769 5826 ⁸³
793 5794 954 5848 Mich.
985 5811 1032 5861 ν,
1060 5794 1113 5850 2.

236 5883 304 5953 (Ι)
343 5884 697 5942 Βεεὶάιϊοιιιι·
725 5885 804 5941 τό.
847 5885 1001 5941 Eon.

1839 3405 2297 3476 quemadmodum
2333 3405 2453 3474 ejus
2497 3403 2591 3474 qui
2627 3405 2679 3457 in
2713 3403 3024 3458 Bethlehem
3061 3396 3161 3458 sit‘
3188 3401 3408 3472 conspi-

1838 3497 2066 3551 ciendus
2101 3505 2206 3562 (est
2234 3504 2412 3550 autem
2437 3495 2746 3550 Bethlehem
2774 3493 2974 3550 Iudaeae
3003 3495 3199 3565 locus),
3226 3495 3410 3549 exitus

1837 3588 1983 3642 dicat
2033 3587 2268 3656 desuper
2313 3595 2368 3641 et
2411 3602 2440 3639 a
2499 3587 2700 3641 saeculo
2747 3588 3018 3642 existere:
3056 3593 3260 3654 utpote,
3313 3582 3412 3654 qti

1840 3680 2105 3750 principis
2139 3680 2204 3734 de
2235 3680 2547 3736 Dethlehem
2598 3681 2960 3751 progressuri,
2997 3679 3235 3734 divinam
3263 3676 3408 3730 indi-

1837 3788 1962 3828 care
2013 3774 2142 3828 velit
2191 3773 2510 3830 substantiae
2560 3773 3013 3837 antecessionem,
3065 3769 3410 3840 propagatio-

1838 3881 2070 3936 nemque
2111 3882 2376 3936 personis.
2413 3867 2469 3920 Si
2511 3867 2637 3937 quis
2670 3869 2832 3938 igitur
2857 3872 2940 3920 est
2984 3867 3084 3935 qui
3121 3863 3406 3916 oraculum

1838 3957 2040 4012 referre
2090 3959 2265 4028 possit
2291 3957 2359 4011 ad
2406 3957 2569 4011 alium
2602 3957 2935 4027 quempiam,
2967 3968 3035 4008 ne
3081 3956 3404 4015 cunctetur;

1837 4054 2031 4120 prodat
2063 4066 2195 4106 sane
2225 4051 2391 4114 hunc,
2426 4050 2674 4120 quisnam
2711 4050 2816 4114 sit;
2850 4047 2943 4102 sed
2971 4047 3016 4102 si
3050 4044 3190 4098 alius
3213 4051 3407 4112 praeter

1839 4141 2174 4197 Salvatorem
2199 4151 2444 4198 nostrum
2475 4140 2659 4196 Jesum
2705 4140 2982 4194 Christum
3029 4135 3263 4191 inveniri
3297 4147 3406 4186 non

1837 4243 2040 4305 potest,
2075 4236 2167 4305 qui
2214 4236 2365 4290 solus
2409 4242 2528 4304 post
2559 4234 2718 4287 talem
2749 4230 3089 4302 prOphetiam
3129 4226 3254 4281 inde
3279 4238 3406 4295 pro-

1837 4327 2014 4380 fectus
2044 4327 2373 4389 celebratur,
2400 4325 2530 4395 quid
2559 4324 2774 4378 tandem
2808 4319 3176 4392 impedimenti
3212 4332 3406 4387 super-

1835 4428 1939 4483 est,
1993 4436 2061 4476 ne
2108 4437 2230 4474 una-
2260 4436 2384 4475 cum
2431 4422 2546 4491 ipsa
2589 4417 2871 4489 prophetia
2923 4417 3202 4470 veritatem
3234 4413 3405 4467 fatea-

1835 4528 1980 4574 mur,
2010 4527 2129 4581 qua:
2185 4513 2238 4565 in
2276 4528 2439 4565 uotun
2477 4511 2627 4564 illum
2681 4523 2834 4564 suam
2891 4505 3074 4576 dirigit
3102 4503 3406 4574 praedictio-

1768 4629 1810 4682 υ
1840 4604 1996 4657 nem?
2029 4602 2160 4656 Nam
2193 4603 2341 4658 solus
2373 4603 2462 4657 ille
2497 4603 2760 4666 omnium,
2788 4599 2878 4670 qui
2920 4612 3156 4668 unquam
3181 4596 3408 4650 exstite-

1837 4695 1966 4761 rint,
1990 4711 2056 4749 ex
2089 4712 2154 4750 eo
2183 4694 2492 4749 Bethlehem
2523 4695 2663 4758 loco,
2699 4692 2766 4748 de
2794 4707 2902 4762 quo
2921 4691 3033 4760 jam
3060 4688 3264 4743 dictum
3296 4694 3400 4751 est,

1838 4787 2125 4843 manifeste
2174 4797 2296 4856 post
2325 4787 2444 4856 ejus
2480 4785 2774 4858 prophetia:
2817 4795 3081 4854 tempora,
3110 4783 3404 4835 humanam

1836 4878 2058 4933 subiens
2087 4878 2339 4941 formam,
2390 4893 2710 4949 progressus
2747 4884 2833 4932 est
2859 4892 2874 4940 ;
2905 4882 3069 4944 atque
3119 4873 3265 4926 illico
3294 4885 3403 4925 una

1833 4986 1957 5026 cum
1988 4971 2105 5040 ejus
2132 4971 2386 5037 adventu,
2419 4988 2479 5026 ea
2523 4987 2644 5040 quae
2693 4971 2806 5039 jam
2855 4969 3110 5039 przedicta
3163 4966 3400 5028 fuerant,

1831 5064 2095 5133 completa
2115 5072 2261 5119 sunt.
2283 5065 2467 5134 Itaque
2493 5078 2523 5118 e
2542 5063 2771 5132 vestigio
2792 5061 2911 5115 sine
2932 5074 3102 5119 mora,
3126 5069 3405 5127 quaecum-

1831 5169 1936 5224 que
1963 5155 2135 5208 tristia
2168 5164 2220 5210 et
2250 5155 2447 5210 infesta
2494 5154 2733 5209 Iudaica:
2791 5153 2932 5224 genti
2983 5149 3238 5221 praedicta
3283 5146 3398 5202 fue-

1830 5255 1976 5309 rant,
2013 5256 2311 5302 evenerunt
2345 5267 2358 5302 :
2394 5263 2457 5302 ac
2489 5262 2682 5302 rursus
2727 5245 2937 5299 caeteris
2973 5240 3246 5312 gentibus,
3275 5251 3402 5292 ora-

1829 5341 1971 5395 culis
2007 5347 2397 5407 consentanea,
2429 5347 2591 5409 atque
2638 5339 2754 5407 ipse
2789 5337 2875 5390 hic
2929 5333 3179 5388 Salvator
3200 5338 3254 5385 et
3292 5328 3400 5383 Do-

1832 5434 2019 5489 minus
2047 5437 2236 5490 noste’r
2260 5435 2314 5488 in
2342 5434 2652 5488 Bethlehem
2702 5443 3048 5501 progressus,
3079 5424 3200 5495 ejus
3235 5422 3399 5478 Israel

1832 5527 2109 5598 Princeps,
2141 5528 2234 5597 qui
2271 5528 2337 5582 ad
2387 5526 2800 5596 intelligentiam
2853 5519 3106 5580 refertur,
3154 5516 3400 5572 declara-

1829 5627 1918 5675 tus
1947 5630 2031 5676 est
2059 5641 2072 5676 :
2104 5622 2305 5691 quippe
2329 5635 2451 5674 cum
2481 5634 2547 5674 eo
2574 5618 2793 5672 non'iine
2819 5613 3051 5686 populus
3072 5608 3398 5679 omnis.qui-

1829 5723 2062 5780 cumque
2104 5709 2283 5766 Deum
2306 5721 2359 5766 et
2393 5709 2572 5766 videre
2603 5717 2656 5765 et
2683 5707 2774 5778 pie
2801 5705 2978 5762 colere
3009 5706 3262 5760 assuetus
3300 5697 3395 5761 sit.
