  <div class='ocr_page' id='page_1' title='image "/cluster/home/n/w/nwhite01/storage/ocr_20150623/22/hvd.32044020605168/227.png"; bbox 0 0 3894 6518; ppageno 0'>
   <div class='ocr_carea' id='block_1_1' title="bbox 469 459 577 514">
    <p class='ocr_par' dir='ltr' id='par_1_1' title="bbox 469 459 577 514">
     <span class='ocr_line' id='line_1_1' title="bbox 469 459 577 514; baseline -0.019 -2"><span class='ocrx_word' id='word_1_1' title='bbox 469 459 577 514; x_wconf 78' lang='grc'><strong>459</strong></span> 
     </span>
    </p>
   </div>
   <div class='ocr_carea' id='block_1_2' title="bbox 1139 462 3082 529">
    <p class='ocr_par' dir='ltr' id='par_1_2' title="bbox 1139 462 3082 529">
     <span class='ocr_line' id='line_1_2' title="bbox 1139 462 3082 529; baseline 0.005 -11"><span class='ocrx_word' id='word_1_2' title='bbox 1139 462 1408 518; x_wconf 85' lang='lat' dir='ltr'><strong>EUSEBIl</strong></span> <span class='ocrx_word' id='word_1_3' title='bbox 1448 463 1932 521; x_wconf 66' lang='lat' dir='ltr'><strong>CAESARIENSIS</strong></span> <span class='ocrx_word' id='word_1_4' title='bbox 1969 467 2121 522; x_wconf 88' lang='lat' dir='ltr'><strong>OPP.</strong></span> <span class='ocrx_word' id='word_1_5' title='bbox 2164 468 2344 525; x_wconf 80' lang='lat' dir='ltr'><strong>PARS</strong></span> <span class='ocrx_word' id='word_1_6' title='bbox 2381 469 2446 525; x_wconf 92' lang='grc'><strong>11.</strong></span> <span class='ocrx_word' id='word_1_7' title='bbox 2478 501 2533 512; x_wconf 91' lang='grc'><strong>-</strong></span> <span class='ocrx_word' id='word_1_8' title='bbox 2589 469 3082 529; x_wconf 75' lang='lat' dir='ltr'><strong>APOLOGETICA.</strong></span> 
     </span>
    </p>
   </div>
   <div class='ocr_carea' id='block_1_3' title="bbox 3611 475 3742 532">
    <p class='ocr_par' dir='ltr' id='par_1_3' title="bbox 3611 475 3742 532">
     <span class='ocr_line' id='line_1_3' title="bbox 3611 475 3742 532; baseline 0.015 -2"><span class='ocrx_word' id='word_1_9' title='bbox 3611 475 3742 532; x_wconf 68' lang='grc'><strong>440</strong></span> 
     </span>
    </p>
   </div>
   <div class='ocr_carea' id='block_1_4' title="bbox 471 575 2050 656">
    <p class='ocr_par' dir='ltr' id='par_1_4' title="bbox 471 575 2046 648">
     <span class='ocr_line' id='line_1_4' title="bbox 471 575 2046 648; baseline 0.006 -20"><span class='ocrx_word' id='word_1_10' title='bbox 471 576 793 646; x_wconf 77' lang='lat' dir='ltr'><strong>appelletur.</strong></span> <span class='ocrx_word' id='word_1_11' title='bbox 821 575 886 628; x_wconf 87' lang='lat' dir='ltr'><strong>Et</strong></span> <span class='ocrx_word' id='word_1_12' title='bbox 926 591 1057 631; x_wconf 87' lang='lat' dir='ltr'><strong>sane</strong></span> <span class='ocrx_word' id='word_1_13' title='bbox 1081 577 1288 647; x_wconf 92' lang='lat' dir='ltr'><strong>inspice</strong></span> <span class='ocrx_word' id='word_1_14' title='bbox 1319 579 1776 648; x_wconf 86' lang='lat' dir='ltr'><strong>quemadmodum</strong></span> <span class='ocrx_word' id='word_1_15' title='bbox 1807 597 1920 638; x_wconf 73' lang='lat' dir='ltr'><strong>sure</strong></span> <span class='ocrx_word' id='word_1_16' title='bbox 1959 582 2046 637; x_wconf 86' lang='lat' dir='ltr'><strong>di-</strong></span> 
     </span>
    </p>
   </div>
   <div class='ocr_carea' id='block_1_5' title="bbox 2156 575 3740 656">
    <p class='ocr_par' dir='ltr' id='par_1_5' title="bbox 2156 584 3740 656">
     <span class='ocr_line' id='line_1_5' title="bbox 2156 584 3740 656; baseline 0.002 -19"><span class='ocrx_word' id='word_1_17' title='bbox 2156 602 2290 656; x_wconf 80' lang='grc' dir='ltr'>μους</span> <span class='ocrx_word' id='word_1_18' title='bbox 2329 605 2347 637; x_wconf 74' lang='grc' dir='ltr'><strong>ι</strong></span> <span class='ocrx_word' id='word_1_19' title='bbox 2385 587 2447 639; x_wconf 88' lang='grc' dir='ltr'><strong>ἐκ</strong></span> <span class='ocrx_word' id='word_1_20' title='bbox 2488 586 2545 639; x_wconf 86' lang='grc' dir='ltr'><strong>δέ</strong></span> <span class='ocrx_word' id='word_1_21' title='bbox 2609 584 2901 656; x_wconf 81' lang='grc' dir='ltr'>προσώπου</span> <span class='ocrx_word' id='word_1_22' title='bbox 2953 587 3045 639; x_wconf 77' lang='grc' dir='ltr'><strong>τοῦ</strong></span> <span class='ocrx_word' id='word_1_23' title='bbox 3106 587 3240 640; x_wconf 86' lang='grc' dir='ltr'>Θεοῦ</span> <span class='ocrx_word' id='word_1_24' title='bbox 3283 587 3488 641; x_wconf 84' lang='grc' dir='ltr'>τοιάνδε</span> <span class='ocrx_word' id='word_1_25' title='bbox 3539 589 3740 650; x_wconf 74' lang='grc' dir='ltr'>αὐτοῖς</span> 
     </span>
    </p>
   </div>
   <div class='ocr_carea' id='block_1_6' title="bbox 469 669 2043 740">
    <p class='ocr_par' dir='ltr' id='par_1_6' title="bbox 469 669 2043 740">
     <span class='ocr_line' id='line_1_6' title="bbox 469 669 2043 740; baseline 0.009 -21"><span class='ocrx_word' id='word_1_26' title='bbox 469 669 612 722; x_wconf 70' lang='lat' dir='ltr'><strong>vina:</strong></span> <span class='ocrx_word' id='word_1_27' title='bbox 657 669 1136 740; x_wconf 88' lang='lat' dir='ltr'><strong>antecedentisque</strong></span> <span class='ocrx_word' id='word_1_28' title='bbox 1177 670 1498 727; x_wconf 73' lang='lat' dir='ltr'><strong>substantiae</strong></span> <span class='ocrx_word' id='word_1_29' title='bbox 1549 675 1753 740; x_wconf 79' lang='lat' dir='ltr'><strong>exitus,</strong></span> <span class='ocrx_word' id='word_1_30' title='bbox 1786 676 1856 732; x_wconf 91' lang='lat' dir='ltr'><strong>ab</strong></span> <span class='ocrx_word' id='word_1_31' title='bbox 1887 676 2043 733; x_wconf 89' lang='lat' dir='ltr'><strong>initio</strong></span> 
     </span>
    </p>
   </div>
   <div class='ocr_carea' id='block_1_7' title="bbox 469 759 2039 838">
    <p class='ocr_par' dir='ltr' id='par_1_7' title="bbox 469 759 2039 838">
     <span class='ocr_line' id='line_1_7' title="bbox 469 759 2039 838; baseline 0.005 -22"><span class='ocrx_word' id='word_1_32' title='bbox 469 767 524 816; x_wconf 90' lang='lat' dir='ltr'><strong>et</strong></span> <span class='ocrx_word' id='word_1_33' title='bbox 550 775 618 815; x_wconf 85' lang='lat' dir='ltr'><strong>ex</strong></span> <span class='ocrx_word' id='word_1_34' title='bbox 651 759 844 816; x_wconf 90' lang='lat' dir='ltr'><strong>diebus</strong></span> <span class='ocrx_word' id='word_1_35' title='bbox 881 762 1063 817; x_wconf 65' lang='lat' dir='ltr'><strong>saeculi</strong></span> <span class='ocrx_word' id='word_1_36' title='bbox 1107 762 1308 818; x_wconf 88' lang='lat' dir='ltr'><strong>habere</strong></span> <span class='ocrx_word' id='word_1_37' title='bbox 1346 762 1584 830; x_wconf 84' lang='lat' dir='ltr'><strong>dicatur,</strong></span> <span class='ocrx_word' id='word_1_38' title='bbox 1627 768 1770 837; x_wconf 91' lang='lat' dir='ltr'><strong>quod</strong></span> <span class='ocrx_word' id='word_1_39' title='bbox 1820 769 2039 838; x_wconf 89' lang='lat' dir='ltr'><strong>quidem</strong></span> 
     </span>
    </p>
   </div>
   <div class='ocr_carea' id='block_1_8' title="bbox 473 852 2041 922">
    <p class='ocr_par' dir='ltr' id='par_1_8' title="bbox 473 852 2041 922">
     <span class='ocr_line' id='line_1_8' title="bbox 473 852 2041 922; baseline 0.007 -17"><span class='ocrx_word' id='word_1_40' title='bbox 473 852 790 922; x_wconf 84' lang='lat' dir='ltr'><strong>neutiquam</strong></span> <span class='ocrx_word' id='word_1_41' title='bbox 840 853 1080 909; x_wconf 86' lang='lat' dir='ltr'><strong>hominis</strong></span> <span class='ocrx_word' id='word_1_42' title='bbox 1135 862 1346 910; x_wconf 63' lang='lat' dir='ltr'><strong>natura:</strong></span> <span class='ocrx_word' id='word_1_43' title='bbox 1399 859 1703 912; x_wconf 81' lang='lat' dir='ltr'><strong>conveniat.</strong></span> <span class='ocrx_word' id='word_1_44' title='bbox 1752 859 1880 915; x_wconf 89' lang='lat' dir='ltr'><strong>Post</strong></span> <span class='ocrx_word' id='word_1_45' title='bbox 1926 861 2041 916; x_wconf 83' lang='lat' dir='ltr'><strong>haec</strong></span> 
     </span>
    </p>
   </div>
   <div class='ocr_carea' id='block_1_9' title="bbox 471 943 2041 1016">
    <p class='ocr_par' dir='ltr' id='par_1_9' title="bbox 471 943 2041 1016">
     <span class='ocr_line' id='line_1_9' title="bbox 471 943 2041 1016; baseline 0.008 -21"><span class='ocrx_word' id='word_1_46' title='bbox 471 943 750 1013; x_wconf 83' lang='lat' dir='ltr'><strong>paululum</strong></span> <span class='ocrx_word' id='word_1_47' title='bbox 784 960 1074 1016; x_wconf 87' lang='lat' dir='ltr'><strong>progressa</strong></span> <span class='ocrx_word' id='word_1_48' title='bbox 1103 947 1423 1016; x_wconf 87' lang='lat' dir='ltr'><strong>prephetica</strong></span> <span class='ocrx_word' id='word_1_49' title='bbox 1475 951 1669 1014; x_wconf 84' lang='lat' dir='ltr'><strong>oratio,</strong></span> <span class='ocrx_word' id='word_1_50' title='bbox 1697 952 1862 1006; x_wconf 90' lang='lat' dir='ltr'><strong>etiam</strong></span> <span class='ocrx_word' id='word_1_51' title='bbox 1895 969 2041 1008; x_wconf 90' lang='lat' dir='ltr'><strong>nunc</strong></span> 
     </span>
    </p>
   </div>
   <div class='ocr_carea' id='block_1_10' title="bbox 469 1039 2044 1116">
    <p class='ocr_par' dir='ltr' id='par_1_10' title="bbox 469 1039 2044 1116">
     <span class='ocr_line' id='line_1_10' title="bbox 469 1039 2044 1116; baseline 0.007 -26"><span class='ocrx_word' id='word_1_52' title='bbox 469 1051 667 1092; x_wconf 85' lang='lat' dir='ltr'><strong>rursus</strong></span> <span class='ocrx_word' id='word_1_53' title='bbox 693 1039 893 1092; x_wconf 87' lang='lat' dir='ltr'><strong>veteris</strong></span> <span class='ocrx_word' id='word_1_54' title='bbox 918 1039 1109 1110; x_wconf 84' lang='lat' dir='ltr'><strong>legalis</strong></span> <span class='ocrx_word' id='word_1_55' title='bbox 1131 1040 1270 1095; x_wconf 84' lang='lat' dir='ltr'><strong>ritus</strong></span> <span class='ocrx_word' id='word_1_56' title='bbox 1290 1040 1854 1113; x_wconf 87' lang='lat' dir='ltr'><strong>circumscriptionem</strong></span> <span class='ocrx_word' id='word_1_57' title='bbox 1883 1054 2044 1116; x_wconf 87' lang='lat' dir='ltr'><strong>atque</strong></span> 
     </span>
    </p>
   </div>
   <div class='ocr_carea' id='block_1_11' title="bbox 471 1129 2040 1205">
    <p class='ocr_par' dir='ltr' id='par_1_11' title="bbox 471 1129 2040 1205">
     <span class='ocr_line' id='line_1_11' title="bbox 471 1129 2040 1205; baseline 0.007 -22"><span class='ocrx_word' id='word_1_58' title='bbox 471 1129 821 1185; x_wconf 77' lang='lat' dir='ltr'><strong>abolitionem</strong></span> <span class='ocrx_word' id='word_1_59' title='bbox 851 1131 1194 1187; x_wconf 87' lang='lat' dir='ltr'><strong>subostcndit</strong></span> <span class='ocrx_word' id='word_1_60' title='bbox 1221 1150 1287 1189; x_wconf 78' lang='lat' dir='ltr'><strong>ex</strong></span> <span class='ocrx_word' id='word_1_61' title='bbox 1308 1150 1540 1205; x_wconf 85' lang='lat' dir='ltr'><strong>persona</strong></span> <span class='ocrx_word' id='word_1_62' title='bbox 1564 1137 1768 1205; x_wconf 90' lang='lat' dir='ltr'><strong>populi,</strong></span> <span class='ocrx_word' id='word_1_63' title='bbox 1803 1137 1992 1194; x_wconf 88' lang='lat' dir='ltr'><strong>dicens</strong></span> <span class='ocrx_word' id='word_1_64' title='bbox 2027 1159 2040 1194; x_wconf 88' lang='lat'><strong>:</strong></span> 
     </span>
    </p>
   </div>
   <div class='ocr_carea' id='block_1_12' title="bbox 477 1221 2044 1293">
    <p class='ocr_par' dir='ltr' id='par_1_12' title="bbox 477 1221 2044 1293">
     <span class='ocr_line' id='line_1_12' title="bbox 477 1221 2044 1293; baseline 0.008 -21"><span class='ocrx_word' id='word_1_65' title='bbox 477 1238 498 1271; x_wconf 78' lang='grc' dir='ltr'><strong>ι</strong></span> <span class='ocrx_word' id='word_1_66' title='bbox 548 1221 604 1274; x_wconf 91' lang='lat' dir='ltr'><strong>In</strong></span> <span class='ocrx_word' id='word_1_67' title='bbox 659 1237 770 1292; x_wconf 91' lang='lat' dir='ltr'><strong>quo</strong></span> <span class='ocrx_word' id='word_1_68' title='bbox 810 1224 1197 1293; x_wconf 84' lang='lat' dir='ltr'><strong>comprehendi</strong></span> <span class='ocrx_word' id='word_1_69' title='bbox 1253 1223 1581 1280; x_wconf 89' lang='lat' dir='ltr'><strong>Dominum?</strong></span> <span class='ocrx_word' id='word_1_70' title='bbox 1624 1229 1821 1283; x_wconf 87' lang='lat' dir='ltr'><strong>tenebo</strong></span> <span class='ocrx_word' id='word_1_71' title='bbox 1875 1228 2044 1285; x_wconf 91' lang='lat' dir='ltr'><strong>Deum</strong></span> 
     </span>
    </p>
   </div>
   <div class='ocr_carea' id='block_1_13' title="bbox 374 1314 2046 1388">
    <p class='ocr_par' dir='ltr' id='par_1_13' title="bbox 374 1314 2046 1388">
     <span class='ocr_line' id='line_1_13' title="bbox 374 1314 2046 1388; baseline 0.008 -24"><span class='ocrx_word' id='word_1_72' title='bbox 374 1342 384 1357; x_wconf 72' lang='grc' dir='ltr'><em>υ</em></span> <span class='ocrx_word' id='word_1_73' title='bbox 471 1327 650 1367; x_wconf 87' lang='lat' dir='ltr'><strong>meum</strong></span> <span class='ocrx_word' id='word_1_74' title='bbox 681 1314 1049 1369; x_wconf 86' lang='lat' dir='ltr'><strong>altissimum?</strong></span> <span class='ocrx_word' id='word_1_75' title='bbox 1075 1331 1204 1371; x_wconf 92' lang='lat' dir='ltr'><strong>num</strong></span> <span class='ocrx_word' id='word_1_76' title='bbox 1240 1319 1695 1388; x_wconf 84' lang='lat' dir='ltr'><strong>comprehendam</strong></span> <span class='ocrx_word' id='word_1_77' title='bbox 1721 1335 1843 1375; x_wconf 91' lang='lat' dir='ltr'><strong>eum</strong></span> <span class='ocrx_word' id='word_1_78' title='bbox 1875 1321 1930 1376; x_wconf 91' lang='lat' dir='ltr'><strong>in</strong></span> <span class='ocrx_word' id='word_1_79' title='bbox 1959 1324 2046 1376; x_wconf 91' lang='lat' dir='ltr'><strong>in-</strong></span> 
     </span>
    </p>
   </div>
   <div class='ocr_carea' id='block_1_14' title="bbox 469 1407 2045 1476">
    <p class='ocr_par' dir='ltr' id='par_1_14' title="bbox 469 1407 2045 1476">
     <span class='ocr_line' id='line_1_14' title="bbox 469 1407 2045 1476; baseline 0.007 -17"><span class='ocrx_word' id='word_1_80' title='bbox 469 1407 640 1476; x_wconf 80' lang='lat' dir='ltr'><strong>tegris</strong></span> <span class='ocrx_word' id='word_1_81' title='bbox 679 1407 1002 1472; x_wconf 88' lang='lat' dir='ltr'><strong>sacriﬁciis,</strong></span> <span class='ocrx_word' id='word_1_82' title='bbox 1050 1409 1104 1464; x_wconf 92' lang='lat' dir='ltr'><strong>in</strong></span> <span class='ocrx_word' id='word_1_83' title='bbox 1152 1410 1340 1466; x_wconf 91' lang='lat' dir='ltr'><strong>vitulis</strong></span> <span class='ocrx_word' id='word_1_84' title='bbox 1389 1411 1697 1466; x_wconf 88' lang='lat' dir='ltr'><strong>anniculis?</strong></span> <span class='ocrx_word' id='word_1_85' title='bbox 1741 1429 1869 1467; x_wconf 91' lang='lat' dir='ltr'><strong>num</strong></span> <span class='ocrx_word' id='word_1_86' title='bbox 1905 1414 2045 1470; x_wconf 89' lang='lat' dir='ltr'><strong>dabo</strong></span> 
     </span>
    </p>
   </div>
   <div class='ocr_carea' id='block_1_15' title="bbox 470 1499 2048 1574">
    <p class='ocr_par' dir='ltr' id='par_1_15' title="bbox 470 1499 2048 1574">
     <span class='ocr_line' id='line_1_15' title="bbox 470 1499 2048 1574; baseline 0.006 -23"><span class='ocrx_word' id='word_1_87' title='bbox 470 1499 835 1569; x_wconf 80' lang='lat' dir='ltr'><strong>primogenita</strong></span> <span class='ocrx_word' id='word_1_88' title='bbox 874 1501 1084 1555; x_wconf 81' lang='lat' dir='ltr'><strong>ventris</strong></span> <span class='ocrx_word' id='word_1_89' title='bbox 1107 1502 1234 1568; x_wconf 89' lang='lat' dir='ltr'><strong>mei,</strong></span> <span class='ocrx_word' id='word_1_90' title='bbox 1268 1518 1366 1573; x_wconf 90' lang='lat' dir='ltr'><strong>pro</strong></span> <span class='ocrx_word' id='word_1_91' title='bbox 1393 1511 1619 1574; x_wconf 90' lang='lat' dir='ltr'><strong>peccato</strong></span> <span class='ocrx_word' id='word_1_92' title='bbox 1642 1503 1837 1558; x_wconf 81' lang='lat' dir='ltr'><strong>animae</strong></span> <span class='ocrx_word' id='word_1_93' title='bbox 1873 1507 2048 1560; x_wconf 74' lang='lat' dir='ltr'><strong>meae?</strong></span> 
     </span>
    </p>
   </div>
   <div class='ocr_carea' id='block_1_16' title="bbox 470 1589 2046 1667">
    <p class='ocr_par' dir='ltr' id='par_1_16' title="bbox 470 1589 2046 1667">
     <span class='ocr_line' id='line_1_16' title="bbox 470 1589 2046 1667; baseline 0.006 -23"><span class='ocrx_word' id='word_1_94' title='bbox 470 1589 550 1645; x_wconf 83' lang='lat' dir='ltr'><strong>Ex</strong></span> <span class='ocrx_word' id='word_1_95' title='bbox 577 1608 812 1662; x_wconf 87' lang='lat' dir='ltr'><strong>persona</strong></span> <span class='ocrx_word' id='word_1_96' title='bbox 841 1604 1018 1650; x_wconf 88' lang='lat' dir='ltr'><strong>autem</strong></span> <span class='ocrx_word' id='word_1_97' title='bbox 1049 1593 1141 1650; x_wconf 88' lang='lat' dir='ltr'><strong>Dei</strong></span> <span class='ocrx_word' id='word_1_98' title='bbox 1178 1597 1258 1650; x_wconf 92' lang='lat' dir='ltr'><strong>sic</strong></span> <span class='ocrx_word' id='word_1_99' title='bbox 1288 1596 1368 1652; x_wconf 86' lang='lat' dir='ltr'><strong>eis</strong></span> <span class='ocrx_word' id='word_1_100' title='bbox 1390 1597 1749 1667; x_wconf 89' lang='lat' dir='ltr'><strong>respondens,</strong></span> <span class='ocrx_word' id='word_1_101' title='bbox 1786 1599 1860 1652; x_wconf 89' lang='lat' dir='ltr'><strong>ait</strong></span> <span class='ocrx_word' id='word_1_102' title='bbox 1893 1617 1906 1652; x_wconf 93' lang='lat'>:</span> <span class='ocrx_word' id='word_1_103' title='bbox 1943 1617 1960 1649; x_wconf 82' lang='grc' dir='ltr'><strong>ι</strong></span> <span class='ocrx_word' id='word_1_104' title='bbox 1989 1597 2046 1654; x_wconf 91' lang='lat' dir='ltr'><strong>Si</strong></span> 
     </span>
    </p>
   </div>
   <div class='ocr_carea' id='block_1_17' title="bbox 471 1684 2046 1761">
    <p class='ocr_par' dir='ltr' id='par_1_17' title="bbox 471 1684 2046 1761">
     <span class='ocr_line' id='line_1_17' title="bbox 471 1684 2046 1761; baseline 0.005 -25"><span class='ocrx_word' id='word_1_105' title='bbox 471 1684 794 1738; x_wconf 82' lang='lat' dir='ltr'><strong>indicaverit</strong></span> <span class='ocrx_word' id='word_1_106' title='bbox 821 1685 941 1750; x_wconf 84' lang='lat' dir='ltr'><strong>tibi,</strong></span> <span class='ocrx_word' id='word_1_107' title='bbox 983 1701 1016 1740; x_wconf 95' lang='grc' dir='ltr'><strong>ο</strong></span> <span class='ocrx_word' id='word_1_108' title='bbox 1046 1688 1228 1754; x_wconf 92' lang='lat' dir='ltr'><strong>homo,</strong></span> <span class='ocrx_word' id='word_1_109' title='bbox 1264 1687 1394 1758; x_wconf 89' lang='lat' dir='ltr'><strong>quid</strong></span> <span class='ocrx_word' id='word_1_110' title='bbox 1442 1690 1512 1744; x_wconf 87' lang='lat' dir='ltr'><strong>sit</strong></span> <span class='ocrx_word' id='word_1_111' title='bbox 1559 1690 1782 1754; x_wconf 85' lang='lat' dir='ltr'><strong>bonum,</strong></span> <span class='ocrx_word' id='word_1_112' title='bbox 1831 1699 1885 1744; x_wconf 92' lang='lat' dir='ltr'><strong>et</strong></span> <span class='ocrx_word' id='word_1_113' title='bbox 1917 1690 2046 1761; x_wconf 90' lang='lat' dir='ltr'><strong>quid</strong></span> 
     </span>
    </p>
   </div>
   <div class='ocr_carea' id='block_1_18' title="bbox 471 1775 2046 1852">
    <p class='ocr_par' dir='ltr' id='par_1_18' title="bbox 471 1775 2046 1852">
     <span class='ocr_line' id='line_1_18' title="bbox 471 1775 2046 1852; baseline 0.006 -25"><span class='ocrx_word' id='word_1_114' title='bbox 471 1775 737 1833; x_wconf 85' lang='lat' dir='ltr'><strong>Dominus</strong></span> <span class='ocrx_word' id='word_1_115' title='bbox 781 1780 1025 1849; x_wconf 86' lang='lat' dir='ltr'><strong>requirat</strong></span> <span class='ocrx_word' id='word_1_116' title='bbox 1050 1796 1079 1834; x_wconf 92' lang='lat' dir='ltr'><strong>a</strong></span> <span class='ocrx_word' id='word_1_117' title='bbox 1111 1788 1184 1845; x_wconf 88' lang='lat' dir='ltr'><strong>te,</strong></span> <span class='ocrx_word' id='word_1_118' title='bbox 1223 1796 1405 1836; x_wconf 90' lang='lat' dir='ltr'><strong>nonne</strong></span> <span class='ocrx_word' id='word_1_119' title='bbox 1441 1791 1497 1836; x_wconf 90' lang='lat' dir='ltr'><strong>ut</strong></span> <span class='ocrx_word' id='word_1_120' title='bbox 1546 1781 1719 1838; x_wconf 81' lang='lat' dir='ltr'><strong>facias</strong></span> <span class='ocrx_word' id='word_1_121' title='bbox 1755 1782 2046 1852; x_wconf 88' lang='lat' dir='ltr'><strong>judicium,</strong></span> 
     </span>
    </p>
   </div>
   <div class='ocr_carea' id='block_1_19' title="bbox 2141 677 3735 750">
    <p class='ocr_par' dir='ltr' id='par_1_19' title="bbox 2141 677 3735 750">
     <span class='ocr_line' id='line_1_19' title="bbox 2141 677 3735 750; baseline 0.003 -20"><span class='ocrx_word' id='word_1_122' title='bbox 2141 677 2238 748; x_wconf 81' lang='grc' dir='ltr'>τὴν</span> <span class='ocrx_word' id='word_1_123' title='bbox 2299 679 2586 750; x_wconf 87' lang='grc' dir='ltr'>ἀπόκρισιν</span> <span class='ocrx_word' id='word_1_124' title='bbox 2644 679 2963 749; x_wconf 86' lang='grc' dir='ltr'>ποιούμενος</span> <span class='ocrx_word' id='word_1_125' title='bbox 2997 696 3012 710; x_wconf 76' lang='grc' dir='ltr'><strong>ο</strong></span> <span class='ocrx_word' id='word_1_126' title='bbox 3069 699 3087 730; x_wconf 76' lang='grc' dir='ltr'><strong>ι</strong></span> <span class='ocrx_word' id='word_1_127' title='bbox 3127 681 3191 732; x_wconf 73' lang='lat' dir='ltr'><strong>Et</strong></span> <span class='ocrx_word' id='word_1_128' title='bbox 3243 679 3538 750; x_wconf 82' lang='grc' dir='ltr'>ἀναγγείλῃ</span> <span class='ocrx_word' id='word_1_129' title='bbox 3601 699 3735 744; x_wconf 82' lang='grc' dir='ltr'>σοι,</span> 
     </span>
    </p>
   </div>
   <div class='ocr_carea' id='block_1_20' title="bbox 2139 770 3738 846">
    <p class='ocr_par' dir='ltr' id='par_1_20' title="bbox 2139 770 3738 846">
     <span class='ocr_line' id='line_1_20' title="bbox 2139 770 3738 846; baseline 0.001 -22"><span class='ocrx_word' id='word_1_130' title='bbox 2139 770 2410 843; x_wconf 81' lang='grc' dir='ltr'><strong>ἄνθρωπε,</strong></span> <span class='ocrx_word' id='word_1_131' title='bbox 2441 773 2496 825; x_wconf 86' lang='grc' dir='ltr'><strong>τί</strong></span> <span class='ocrx_word' id='word_1_132' title='bbox 2527 772 2710 837; x_wconf 70' lang='grc' dir='ltr'>καλὸν,</span> <span class='ocrx_word' id='word_1_133' title='bbox 2741 772 2835 826; x_wconf 67' lang='grc' dir='ltr'><strong>καὶ</strong></span> <span class='ocrx_word' id='word_1_134' title='bbox 2868 772 2919 825; x_wconf 88' lang='grc' dir='ltr'><strong>τί</strong></span> <span class='ocrx_word' id='word_1_135' title='bbox 2940 772 3143 845; x_wconf 83' lang='grc' dir='ltr'>Κύριος</span> <span class='ocrx_word' id='word_1_136' title='bbox 3169 772 3390 845; x_wconf 79' lang='grc' dir='ltr'>ἐκζητεῖ</span> <span class='ocrx_word' id='word_1_137' title='bbox 3420 775 3572 846; x_wconf 72' lang='grc' dir='ltr'>παρὰ</span> <span class='ocrx_word' id='word_1_138' title='bbox 3601 773 3738 837; x_wconf 80' lang='grc' dir='ltr'>σοῦ,</span> 
     </span>
    </p>
   </div>
   <div class='ocr_carea' id='block_1_21' title="bbox 2141 863 3737 937">
    <p class='ocr_par' dir='ltr' id='par_1_21' title="bbox 2141 863 3737 937">
     <span class='ocr_line' id='line_1_21' title="bbox 2141 863 3737 937; baseline 0.001 -20"><span class='ocrx_word' id='word_1_139' title='bbox 2141 863 2256 917; x_wconf 80' lang='grc' dir='ltr'>ἀλλ’</span> <span class='ocrx_word' id='word_1_140' title='bbox 2302 865 2334 936; x_wconf 79' lang='grc' dir='ltr'>ἢ</span> <span class='ocrx_word' id='word_1_141' title='bbox 2379 864 2472 918; x_wconf 86' lang='grc' dir='ltr'><strong>τοῦ</strong></span> <span class='ocrx_word' id='word_1_142' title='bbox 2517 867 2689 918; x_wconf 78' lang='grc' dir='ltr'>ποιεῖν</span> <span class='ocrx_word' id='word_1_143' title='bbox 2726 865 2925 937; x_wconf 84' lang='grc' dir='ltr'>κρίμα,</span> <span class='ocrx_word' id='word_1_144' title='bbox 2979 867 3073 918; x_wconf 78' lang='grc' dir='ltr'>καὶ</span> <span class='ocrx_word' id='word_1_145' title='bbox 3125 866 3344 936; x_wconf 80' lang='grc' dir='ltr'>ἀγαπᾷν</span> <span class='ocrx_word' id='word_1_146' title='bbox 3392 867 3577 931; x_wconf 83' lang='grc' dir='ltr'>ἕλεος,</span> <span class='ocrx_word' id='word_1_147' title='bbox 3626 871 3737 919; x_wconf 74' lang='grc' dir='ltr'><strong>καὶ</strong></span> 
     </span>
    </p>
   </div>
   <div class='ocr_carea' id='block_1_22' title="bbox 2141 951 3736 1026">
    <p class='ocr_par' dir='ltr' id='par_1_22' title="bbox 2141 951 3736 1026">
     <span class='ocr_line' id='line_1_22' title="bbox 2141 951 3736 1026; baseline -0.001 -18"><span class='ocrx_word' id='word_1_148' title='bbox 2141 955 2355 1026; x_wconf 75' lang='grc' dir='ltr'>ἕτοιμον</span> <span class='ocrx_word' id='word_1_149' title='bbox 2402 951 2538 1007; x_wconf 73' lang='grc' dir='ltr'>εἶναι</span> <span class='ocrx_word' id='word_1_150' title='bbox 2586 953 2918 1024; x_wconf 81' lang='grc' dir='ltr'>πορεύεσθαι</span> <span class='ocrx_word' id='word_1_151' title='bbox 2963 953 3142 1006; x_wconf 90' lang='grc' dir='ltr'>όπίσω</span> <span class='ocrx_word' id='word_1_152' title='bbox 3184 954 3391 1025; x_wconf 90' lang='grc' dir='ltr'>Κυρίου</span> <span class='ocrx_word' id='word_1_153' title='bbox 3439 953 3536 1007; x_wconf 85' lang='grc' dir='ltr'><strong>τοῦ</strong></span> <span class='ocrx_word' id='word_1_154' title='bbox 3584 953 3736 1006; x_wconf 76' lang='grc' dir='ltr'>Θεοῦ</span> 
     </span>
    </p>
   </div>
   <div class='ocr_carea' id='block_1_23' title="bbox 2144 1046 3737 1119">
    <p class='ocr_par' dir='ltr' id='par_1_23' title="bbox 2144 1046 3737 1119">
     <span class='ocr_line' id='line_1_23' title="bbox 2144 1046 3737 1119; baseline -0.001 -18"><span class='ocrx_word' id='word_1_155' title='bbox 2144 1064 2271 1112; x_wconf 92' lang='grc' dir='ltr'>σου;</span> <span class='ocrx_word' id='word_1_156' title='bbox 2315 1067 2332 1098; x_wconf 72' lang='grc' dir='ltr'><strong>ι</strong></span> <span class='ocrx_word' id='word_1_157' title='bbox 2375 1048 2557 1118; x_wconf 82' lang='grc' dir='ltr'>Ἔχεις</span> <span class='ocrx_word' id='word_1_158' title='bbox 2604 1047 2890 1117; x_wconf 75' lang='grc' dir='ltr'>τοιγαροῦν</span> <span class='ocrx_word' id='word_1_159' title='bbox 2929 1046 3204 1099; x_wconf 87' lang='grc' dir='ltr'>κάνταῦθα</span> <span class='ocrx_word' id='word_1_160' title='bbox 3257 1048 3349 1101; x_wconf 77' lang='grc' dir='ltr'><strong>ἐπὶ</strong></span> <span class='ocrx_word' id='word_1_161' title='bbox 3392 1050 3458 1119; x_wconf 84' lang='grc' dir='ltr'>τῇ</span> <span class='ocrx_word' id='word_1_162' title='bbox 3507 1064 3737 1118; x_wconf 61' lang='lat' dir='ltr'><strong>atpqu-</strong></span> 
     </span>
    </p>
   </div>
   <div class='ocr_carea' id='block_1_24' title="bbox 2142 1138 3738 1212">
    <p class='ocr_par' dir='ltr' id='par_1_24' title="bbox 2142 1138 3738 1212">
     <span class='ocr_line' id='line_1_24' title="bbox 2142 1138 3738 1212; baseline 0 -19"><span class='ocrx_word' id='word_1_163' title='bbox 2142 1139 2404 1211; x_wconf 83' lang='grc' dir='ltr'>τευομένῃ</span> <span class='ocrx_word' id='word_1_164' title='bbox 2432 1140 2524 1192; x_wconf 85' lang='grc' dir='ltr'><strong>τοῦ</strong></span> <span class='ocrx_word' id='word_1_165' title='bbox 2557 1139 2764 1211; x_wconf 79' lang='grc' dir='ltr'>Κυρίου</span> <span class='ocrx_word' id='word_1_166' title='bbox 2801 1138 2859 1204; x_wconf 76' lang='grc' dir='ltr'>ἐξ</span> <span class='ocrx_word' id='word_1_167' title='bbox 2885 1139 3130 1208; x_wconf 81' lang='grc' dir='ltr'>οὐρανῶν</span> <span class='ocrx_word' id='word_1_168' title='bbox 3163 1141 3240 1202; x_wconf 85' lang='grc' dir='ltr'><strong>είς</strong></span> <span class='ocrx_word' id='word_1_169' title='bbox 3272 1138 3594 1212; x_wconf 81' lang='grc' dir='ltr'>ἀνθρώπους</span> <span class='ocrx_word' id='word_1_170' title='bbox 3625 1156 3738 1193; x_wconf 76' lang='grc' dir='ltr'>κα-</span> 
     </span>
    </p>
   </div>
   <div class='ocr_carea' id='block_1_25' title="bbox 2144 1228 3737 1302">
    <p class='ocr_par' dir='ltr' id='par_1_25' title="bbox 2144 1228 3737 1302">
     <span class='ocr_line' id='line_1_25' title="bbox 2144 1228 3737 1302; baseline 0 -18"><span class='ocrx_word' id='word_1_171' title='bbox 2144 1231 2298 1302; x_wconf 84' lang='grc' dir='ltr'>θόδῳ,</span> <span class='ocrx_word' id='word_1_172' title='bbox 2324 1230 2459 1301; x_wconf 84' lang='grc' dir='ltr'>ὁμοῦ</span> <span class='ocrx_word' id='word_1_173' title='bbox 2500 1231 2591 1284; x_wconf 75' lang='grc' dir='ltr'><strong>καὶ</strong></span> <span class='ocrx_word' id='word_1_174' title='bbox 2634 1229 2774 1284; x_wconf 86' lang='grc' dir='ltr'><strong>κατά</strong></span> <span class='ocrx_word' id='word_1_175' title='bbox 2803 1228 2862 1282; x_wconf 90' lang='grc' dir='ltr'>τὸ</span> <span class='ocrx_word' id='word_1_176' title='bbox 2905 1230 3036 1283; x_wconf 82' lang='grc' dir='ltr'>αὑτὸ</span> <span class='ocrx_word' id='word_1_177' title='bbox 3075 1229 3298 1283; x_wconf 83' lang='grc' dir='ltr'>πλεῖστα</span> <span class='ocrx_word' id='word_1_178' title='bbox 3328 1232 3428 1284; x_wconf 81' lang='grc' dir='ltr'>ὅσα</span> <span class='ocrx_word' id='word_1_179' title='bbox 3463 1233 3737 1302; x_wconf 78' lang='grc' dir='ltr'>σημαινό-</span> 
     </span>
    </p>
   </div>
   <div class='ocr_carea' id='block_1_26' title="bbox 2147 1321 3734 1395">
    <p class='ocr_par' dir='ltr' id='par_1_26' title="bbox 2147 1321 3734 1395">
     <span class='ocr_line' id='line_1_26' title="bbox 2147 1321 3734 1395; baseline -0.001 -19"><span class='ocrx_word' id='word_1_180' title='bbox 2147 1339 2301 1395; x_wconf 85' lang='grc' dir='ltr'>μενα·</span> <span class='ocrx_word' id='word_1_181' title='bbox 2340 1323 2609 1375; x_wconf 82' lang='grc' dir='ltr'>Ἰουδαίων</span> <span class='ocrx_word' id='word_1_182' title='bbox 2637 1321 2929 1392; x_wconf 80' lang='grc' dir='ltr'>ἀποϐολὴν,</span> <span class='ocrx_word' id='word_1_183' title='bbox 2957 1321 3212 1391; x_wconf 78' lang='grc' dir='ltr'><strong>ἐλέγχους</strong></span> <span class='ocrx_word' id='word_1_184' title='bbox 3235 1322 3344 1375; x_wconf 82' lang='grc' dir='ltr'><strong>τῶν</strong></span> <span class='ocrx_word' id='word_1_185' title='bbox 3379 1323 3592 1376; x_wconf 76' lang='grc' dir='ltr'>ἀσεϐῶν</span> <span class='ocrx_word' id='word_1_186' title='bbox 3622 1323 3734 1375; x_wconf 70' lang='grc' dir='ltr'><strong>αι’)⁸</strong></span> 
     </span>
    </p>
   </div>
   <div class='ocr_carea' id='block_1_27' title="bbox 2144 1413 3731 1486">
    <p class='ocr_par' dir='ltr' id='par_1_27' title="bbox 2144 1413 3731 1486">
     <span class='ocr_line' id='line_1_27' title="bbox 2144 1413 3731 1486; baseline 0.001 -19"><span class='ocrx_word' id='word_1_187' title='bbox 2144 1415 2270 1479; x_wconf 82' lang='grc' dir='ltr'>τῶν,</span> <span class='ocrx_word' id='word_1_188' title='bbox 2304 1414 2616 1485; x_wconf 82' lang='grc' dir='ltr'>καθαίρεσιν</span> <span class='ocrx_word' id='word_1_189' title='bbox 2650 1414 2748 1483; x_wconf 81' lang='grc' dir='ltr'>τῆς</span> <span class='ocrx_word' id='word_1_190' title='bbox 2778 1414 3060 1484; x_wconf 77' lang='grc' dir='ltr'>βασιλικῆς</span> <span class='ocrx_word' id='word_1_191' title='bbox 3095 1413 3272 1467; x_wconf 80' lang='grc' dir='ltr'>αὐτῶν</span> <span class='ocrx_word' id='word_1_192' title='bbox 3305 1415 3731 1486; x_wconf 82' lang='grc' dir='ltr'>μητροπόλεως.</span> 
     </span>
    </p>
   </div>
   <div class='ocr_carea' id='block_1_28' title="bbox 2146 1505 3733 1578">
    <p class='ocr_par' dir='ltr' id='par_1_28' title="bbox 2146 1505 3733 1578">
     <span class='ocr_line' id='line_1_28' title="bbox 2146 1505 3733 1578; baseline 0 -18"><span class='ocrx_word' id='word_1_193' title='bbox 2146 1506 2245 1577; x_wconf 76' lang='grc' dir='ltr'>τῆς</span> <span class='ocrx_word' id='word_1_194' title='bbox 2289 1523 2347 1558; x_wconf 92' lang='grc' dir='ltr'><strong>τε</strong></span> <span class='ocrx_word' id='word_1_195' title='bbox 2396 1505 2561 1559; x_wconf 87' lang='grc' dir='ltr'>πάλαι</span> <span class='ocrx_word' id='word_1_196' title='bbox 2605 1505 2868 1577; x_wconf 85' lang='grc' dir='ltr'>πρότερον</span> <span class='ocrx_word' id='word_1_197' title='bbox 2905 1505 3035 1576; x_wconf 74' lang='grc' dir='ltr'>παρ’</span> <span class='ocrx_word' id='word_1_198' title='bbox 3073 1507 3254 1569; x_wconf 68' lang='grc' dir='ltr'>αὐτοῖς</span> <span class='ocrx_word' id='word_1_199' title='bbox 3300 1507 3733 1578; x_wconf 73' lang='grc' dir='ltr'>ἐπιτελουμένης</span> 
     </span>
    </p>
   </div>
   <div class='ocr_carea' id='block_1_29' title="bbox 2148 1597 3732 1671">
    <p class='ocr_par' dir='ltr' id='par_1_29' title="bbox 2148 1597 3732 1671">
     <span class='ocr_line' id='line_1_29' title="bbox 2148 1597 3732 1671; baseline 0.001 -19"><span class='ocrx_word' id='word_1_200' title='bbox 2148 1599 2288 1652; x_wconf 89' lang='grc' dir='ltr'><strong>κατά</strong></span> <span class='ocrx_word' id='word_1_201' title='bbox 2317 1598 2518 1652; x_wconf 82' lang='grc' dir='ltr'>Μωσέα</span> <span class='ocrx_word' id='word_1_202' title='bbox 2557 1597 2811 1670; x_wconf 79' lang='grc' dir='ltr'>λατρείας</span> <span class='ocrx_word' id='word_1_203' title='bbox 2846 1598 3208 1670; x_wconf 61' lang='grc' dir='ltr'><strong>παραίτησιν⁹</strong></span> <span class='ocrx_word' id='word_1_204' title='bbox 3246 1599 3478 1670; x_wconf 82' lang='grc' dir='ltr'>ἔμπαλιν</span> <span class='ocrx_word' id='word_1_205' title='bbox 3504 1601 3560 1653; x_wconf 80' lang='grc' dir='ltr'>δὲ</span> <span class='ocrx_word' id='word_1_206' title='bbox 3595 1603 3732 1671; x_wconf 73' lang='grc' dir='ltr'>περὶ</span> 
     </span>
    </p>
   </div>
   <div class='ocr_carea' id='block_1_30' title="bbox 2147 1689 3738 1758">
    <p class='ocr_par' dir='ltr' id='par_1_30' title="bbox 2147 1689 3738 1758">
     <span class='ocr_line' id='line_1_30' title="bbox 2147 1689 3738 1758; baseline 0 -14"><span class='ocrx_word' id='word_1_207' title='bbox 2147 1691 2254 1745; x_wconf 89' lang='grc' dir='ltr'><strong>τῶν</strong></span> <span class='ocrx_word' id='word_1_208' title='bbox 2283 1689 2469 1754; x_wconf 86' lang='grc' dir='ltr'>ἐθνῶν,</span> <span class='ocrx_word' id='word_1_209' title='bbox 2489 1689 2694 1758; x_wconf 78' lang='grc' dir='ltr'>ἀγαθὰς</span> <span class='ocrx_word' id='word_1_210' title='bbox 2725 1689 3072 1758; x_wconf 79' lang='grc' dir='ltr'>ἐπαγγελίας,</span> <span class='ocrx_word' id='word_1_211' title='bbox 3096 1689 3388 1757; x_wconf 81' lang='grc' dir='ltr'>ἐπίγνωσιν</span> <span class='ocrx_word' id='word_1_212' title='bbox 3413 1689 3570 1754; x_wconf 81' lang='grc' dir='ltr'>Θεοῦ,</span> <span class='ocrx_word' id='word_1_213' title='bbox 3606 1709 3738 1744; x_wconf 78' lang='grc' dir='ltr'>και-</span> 
     </span>
    </p>
   </div>
   <div class='ocr_carea' id='block_1_31' title="bbox 2149 1777 3738 1854">
    <p class='ocr_par' dir='ltr' id='par_1_31' title="bbox 2149 1777 3738 1854">
     <span class='ocr_line' id='line_1_31' title="bbox 2149 1777 3738 1854; baseline -0.001 -18"><span class='ocrx_word' id='word_1_214' title='bbox 2149 1784 2235 1836; x_wconf 74' lang='grc' dir='ltr'><strong>νον</strong></span> <span class='ocrx_word' id='word_1_215' title='bbox 2263 1783 2460 1854; x_wconf 81' lang='grc' dir='ltr'>τρόπον</span> <span class='ocrx_word' id='word_1_216' title='bbox 2489 1777 2787 1845; x_wconf 69' lang='grc' dir='ltr'>εὐσεϐείας,</span> <span class='ocrx_word' id='word_1_217' title='bbox 2804 1782 2964 1853; x_wconf 87' lang='grc' dir='ltr'>νόμον</span> <span class='ocrx_word' id='word_1_218' title='bbox 2989 1783 3194 1847; x_wconf 85' lang='grc' dir='ltr'>καινὸν,</span> <span class='ocrx_word' id='word_1_219' title='bbox 3214 1784 3307 1837; x_wconf 70' lang='grc' dir='ltr'><strong>καὶ</strong></span> <span class='ocrx_word' id='word_1_220' title='bbox 3340 1783 3511 1852; x_wconf 80' lang='grc' dir='ltr'>Λόγον</span> <span class='ocrx_word' id='word_1_221' title='bbox 3532 1785 3595 1836; x_wconf 88' lang='grc' dir='ltr'><strong>ἐκ</strong></span> <span class='ocrx_word' id='word_1_222' title='bbox 3630 1783 3738 1854; x_wconf 81' lang='grc' dir='ltr'><strong>μὲν</strong></span> 
     </span>
    </p>
   </div>
   <div class='ocr_carea' id='block_1_32' title="bbox 470 1871 2050 1946">
    <p class='ocr_par' dir='ltr' id='par_1_32' title="bbox 470 1871 2050 1944">
     <span class='ocr_line' id='line_1_32' title="bbox 470 1871 2050 1944; baseline 0.003 -19"><span class='ocrx_word' id='word_1_223' title='bbox 470 1879 524 1925; x_wconf 90' lang='lat' dir='ltr'><strong>et</strong></span> <span class='ocrx_word' id='word_1_224' title='bbox 552 1871 748 1942; x_wconf 82' lang='lat' dir='ltr'><strong>diligas</strong></span> <span class='ocrx_word' id='word_1_225' title='bbox 796 1873 1250 1938; x_wconf 88' lang='lat' dir='ltr'><strong>misericordiam,</strong></span> <span class='ocrx_word' id='word_1_226' title='bbox 1299 1883 1352 1928; x_wconf 88' lang='lat' dir='ltr'><strong>et</strong></span> <span class='ocrx_word' id='word_1_227' title='bbox 1393 1881 1615 1944; x_wconf 87' lang='lat' dir='ltr'><strong>paratus</strong></span> <span class='ocrx_word' id='word_1_228' title='bbox 1649 1875 1724 1929; x_wconf 90' lang='lat' dir='ltr'><strong>sis</strong></span> <span class='ocrx_word' id='word_1_229' title='bbox 1770 1875 2050 1929; x_wconf 86' lang='lat' dir='ltr'><strong>ambulare</strong></span> 
     </span>
    </p>
   </div>
   <div class='ocr_carea' id='block_1_33' title="bbox 2156 1871 3736 1946">
    <p class='ocr_par' dir='ltr' id='par_1_33' title="bbox 2156 1873 3736 1946">
     <span class='ocr_line' id='line_1_33' title="bbox 2156 1873 3736 1946; baseline 0 -18"><span class='ocrx_word' id='word_1_230' title='bbox 2156 1876 2249 1946; x_wconf 76' lang='grc' dir='ltr'><strong>τῆς</strong></span> <span class='ocrx_word' id='word_1_231' title='bbox 2303 1874 2569 1928; x_wconf 82' lang='grc' dir='ltr'>Ἰουδαίων</span> <span class='ocrx_word' id='word_1_232' title='bbox 2609 1873 2790 1945; x_wconf 87' lang='grc' dir='ltr'>χώρας</span> <span class='ocrx_word' id='word_1_233' title='bbox 2829 1874 3318 1945; x_wconf 85' lang='grc' dir='ltr'>προελευσόμενον,</span> <span class='ocrx_word' id='word_1_234' title='bbox 3348 1877 3426 1939; x_wconf 83' lang='grc' dir='ltr'><strong>είς</strong></span> <span class='ocrx_word' id='word_1_235' title='bbox 3460 1875 3644 1928; x_wconf 85' lang='grc' dir='ltr'>πάντα</span> <span class='ocrx_word' id='word_1_236' title='bbox 3674 1875 3736 1928; x_wconf 84' lang='grc' dir='ltr'>δὲ</span> 
     </span>
    </p>
   </div>
   <div class='ocr_carea' id='block_1_34' title="bbox 469 1964 2050 2049">
    <p class='ocr_par' dir='ltr' id='par_1_34' title="bbox 469 1964 2050 2038">
     <span class='ocr_line' id='line_1_34' title="bbox 469 1964 2050 2038; baseline 0.004 -22"><span class='ocrx_word' id='word_1_237' title='bbox 469 1973 596 2035; x_wconf 92' lang='lat' dir='ltr'><strong>post</strong></span> <span class='ocrx_word' id='word_1_238' title='bbox 624 1964 915 2020; x_wconf 90' lang='lat' dir='ltr'><strong>Dominum</strong></span> <span class='ocrx_word' id='word_1_239' title='bbox 957 1965 1126 2021; x_wconf 91' lang='lat' dir='ltr'><strong>Deum</strong></span> <span class='ocrx_word' id='word_1_240' title='bbox 1181 1977 1332 2021; x_wconf 90' lang='lat' dir='ltr'><strong>tuum</strong></span> <span class='ocrx_word' id='word_1_241' title='bbox 1351 1967 1480 2020; x_wconf 64' lang='lat'><strong>“1’:</strong></span> <span class='ocrx_word' id='word_1_242' title='bbox 1521 1967 1702 2023; x_wconf 86' lang='lat' dir='ltr'><strong>Habes</strong></span> <span class='ocrx_word' id='word_1_243' title='bbox 1753 1968 1919 2038; x_wconf 84' lang='lat' dir='ltr'><strong>igitur</strong></span> <span class='ocrx_word' id='word_1_244' title='bbox 1959 1967 2050 2022; x_wconf 90' lang='lat' dir='ltr'><strong>hic</strong></span> 
     </span>
    </p>
   </div>
   <div class='ocr_carea' id='block_1_35' title="bbox 2156 1964 3737 2049">
    <p class='ocr_par' dir='ltr' id='par_1_35' title="bbox 2156 1966 3737 2038">
     <span class='ocr_line' id='line_1_35' title="bbox 2156 1966 3737 2038; baseline -0.003 -16"><span class='ocrx_word' id='word_1_245' title='bbox 2156 1970 2217 2022; x_wconf 74' lang='grc' dir='ltr'><strong>τὰ</strong></span> <span class='ocrx_word' id='word_1_246' title='bbox 2267 1967 2389 2037; x_wconf 73' lang='grc' dir='ltr'>ἔθνη</span> <span class='ocrx_word' id='word_1_247' title='bbox 2447 1966 2924 2037; x_wconf 84' lang='grc' dir='ltr'>διαδοθησόμενον·</span> <span class='ocrx_word' id='word_1_248' title='bbox 2982 1967 3124 2038; x_wconf 81' lang='grc' dir='ltr'>ἆπερ</span> <span class='ocrx_word' id='word_1_249' title='bbox 3181 1969 3363 2019; x_wconf 80' lang='grc' dir='ltr'>ὁποῖον</span> <span class='ocrx_word' id='word_1_250' title='bbox 3412 1967 3565 2030; x_wconf 80' lang='grc' dir='ltr'>τέλος</span> <span class='ocrx_word' id='word_1_251' title='bbox 3636 1967 3737 2020; x_wconf 81' lang='grc' dir='ltr'><strong>καὶ</strong></span> 
     </span>
    </p>
   </div>
   <div class='ocr_carea' id='block_1_36' title="bbox 471 2052 2050 2130">
    <p class='ocr_par' dir='ltr' id='par_1_36' title="bbox 471 2058 2050 2130">
     <span class='ocr_line' id='line_1_36' title="bbox 471 2058 2050 2130; baseline 0.004 -20"><span class='ocrx_word' id='word_1_252' title='bbox 471 2073 690 2128; x_wconf 88' lang='lat' dir='ltr'><strong>quoque</strong></span> <span class='ocrx_word' id='word_1_253' title='bbox 734 2059 790 2112; x_wconf 91' lang='lat' dir='ltr'><strong>in</strong></span> <span class='ocrx_word' id='word_1_254' title='bbox 833 2073 918 2127; x_wconf 87' lang='lat' dir='ltr'><strong>eo,</strong></span> <span class='ocrx_word' id='word_1_255' title='bbox 950 2059 1016 2114; x_wconf 89' lang='lat' dir='ltr'><strong>de</strong></span> <span class='ocrx_word' id='word_1_256' title='bbox 1061 2074 1170 2129; x_wconf 92' lang='lat' dir='ltr'><strong>quo</strong></span> <span class='ocrx_word' id='word_1_257' title='bbox 1219 2059 1494 2129; x_wconf 71' lang='lat' dir='ltr'><strong>propheta:</strong></span> <span class='ocrx_word' id='word_1_258' title='bbox 1534 2061 1852 2130; x_wconf 89' lang='lat' dir='ltr'><strong>loquuntur,</strong></span> <span class='ocrx_word' id='word_1_259' title='bbox 1888 2058 2050 2130; x_wconf 75' lang='lat'><strong>276</strong></span> 
     </span>
    </p>
   </div>
   <div class='ocr_carea' id='block_1_37' title="bbox 2156 2052 3735 2130">
    <p class='ocr_par' dir='ltr' id='par_1_37' title="bbox 2156 2052 3735 2125">
     <span class='ocr_line' id='line_1_37' title="bbox 2156 2052 3735 2125; baseline -0.004 -15"><span class='ocrx_word' id='word_1_260' title='bbox 2156 2057 2342 2110; x_wconf 78' lang='grc' dir='ltr'>ὁποίαν</span> <span class='ocrx_word' id='word_1_261' title='bbox 2376 2055 2596 2108; x_wconf 76' lang='grc' dir='ltr'>ἔκϐασιν</span> <span class='ocrx_word' id='word_1_262' title='bbox 2643 2054 2752 2106; x_wconf 89' lang='grc' dir='ltr'><strong>τῶν</strong></span> <span class='ocrx_word' id='word_1_263' title='bbox 2798 2054 2971 2122; x_wconf 91' lang='grc' dir='ltr'>λόγων</span> <span class='ocrx_word' id='word_1_264' title='bbox 3018 2053 3154 2125; x_wconf 84' lang='grc' dir='ltr'><strong>μετά</strong></span> <span class='ocrx_word' id='word_1_265' title='bbox 3195 2054 3293 2124; x_wconf 80' lang='grc' dir='ltr'>τὴν</span> <span class='ocrx_word' id='word_1_266' title='bbox 3335 2052 3429 2106; x_wconf 86' lang='grc' dir='ltr'><strong>τοῦ</strong></span> <span class='ocrx_word' id='word_1_267' title='bbox 3471 2053 3735 2124; x_wconf 77' lang='grc' dir='ltr'>Σωτῆρος</span> 
     </span>
    </p>
   </div>
   <div class='ocr_carea' id='block_1_38' title="bbox 474 2143 2050 2222">
    <p class='ocr_par' dir='ltr' id='par_1_38' title="bbox 474 2147 2050 2222">
     <span class='ocr_line' id='line_1_38' title="bbox 474 2147 2050 2222; baseline 0.003 -22"><span class='ocrx_word' id='word_1_268' title='bbox 474 2147 686 2203; x_wconf 90' lang='lat' dir='ltr'><strong>Domini</strong></span> <span class='ocrx_word' id='word_1_269' title='bbox 719 2149 785 2204; x_wconf 92' lang='lat' dir='ltr'><strong>de</strong></span> <span class='ocrx_word' id='word_1_270' title='bbox 807 2150 946 2204; x_wconf 80' lang='lat' dir='ltr'><strong>ccelo</strong></span> <span class='ocrx_word' id='word_1_271' title='bbox 975 2149 1042 2203; x_wconf 91' lang='lat' dir='ltr'><strong>ad</strong></span> <span class='ocrx_word' id='word_1_272' title='bbox 1076 2151 1325 2206; x_wconf 89' lang='lat' dir='ltr'><strong>homines</strong></span> <span class='ocrx_word' id='word_1_273' title='bbox 1354 2151 1642 2216; x_wconf 89' lang='lat' dir='ltr'><strong>descensu,</strong></span> <span class='ocrx_word' id='word_1_274' title='bbox 1669 2152 1902 2222; x_wconf 87' lang='lat' dir='ltr'><strong>plurima</strong></span> <span class='ocrx_word' id='word_1_275' title='bbox 1931 2167 2050 2221; x_wconf 73' lang='lat' dir='ltr'><strong>qua:</strong></span> 
     </span>
    </p>
   </div>
   <div class='ocr_carea' id='block_1_39' title="bbox 2156 2143 3737 2222">
    <p class='ocr_par' dir='ltr' id='par_1_39' title="bbox 2157 2143 3737 2220">
     <span class='ocr_line' id='line_1_39' title="bbox 2157 2143 3737 2220; baseline -0.004 -20"><span class='ocrx_word' id='word_1_276' title='bbox 2157 2148 2311 2220; x_wconf 77' lang='grc' dir='ltr'>ἡμῶν</span> <span class='ocrx_word' id='word_1_277' title='bbox 2361 2147 2534 2218; x_wconf 81' lang='grc' dir='ltr'>Ἰησοῦ</span> <span class='ocrx_word' id='word_1_278' title='bbox 2587 2145 2820 2216; x_wconf 80' lang='grc' dir='ltr'>Χριστοῦ</span> <span class='ocrx_word' id='word_1_279' title='bbox 2871 2146 3170 2216; x_wconf 86' lang='grc' dir='ltr'>παρουσίαν</span> <span class='ocrx_word' id='word_1_280' title='bbox 3223 2145 3595 2206; x_wconf 80' lang='grc' dir='ltr'>ἐπιδέδεκται,</span> <span class='ocrx_word' id='word_1_281' title='bbox 3649 2143 3737 2195; x_wconf 74' lang='grc' dir='ltr'><strong>σοὶ</strong></span> 
     </span>
    </p>
   </div>
   <div class='ocr_carea' id='block_1_40' title="bbox 474 2239 2050 2314">
    <p class='ocr_par' dir='ltr' id='par_1_40' title="bbox 474 2239 2050 2314">
     <span class='ocr_line' id='line_1_40' title="bbox 474 2239 2050 2314; baseline 0.001 -20"><span class='ocrx_word' id='word_1_282' title='bbox 474 2241 634 2296; x_wconf 89' lang='lat' dir='ltr'><strong>simul</strong></span> <span class='ocrx_word' id='word_1_283' title='bbox 652 2241 704 2295; x_wconf 90' lang='lat' dir='ltr'><strong>in</strong></span> <span class='ocrx_word' id='word_1_284' title='bbox 721 2242 908 2297; x_wconf 84' lang='lat' dir='ltr'><strong>eodem</strong></span> <span class='ocrx_word' id='word_1_285' title='bbox 927 2241 1303 2314; x_wconf 90' lang='lat' dir='ltr'><strong>signiﬁcantur</strong></span> <span class='ocrx_word' id='word_1_286' title='bbox 1315 2239 1621 2299; x_wconf 72' lang='lat' dir='ltr'><strong>Judzeorum</strong></span> <span class='ocrx_word' id='word_1_287' title='bbox 1646 2263 1656 2298; x_wconf 94' lang='lat'>:</span> <span class='ocrx_word' id='word_1_288' title='bbox 1681 2243 2050 2312; x_wconf 88' lang='lat' dir='ltr'><strong>rejectionem,</strong></span> 
     </span>
    </p>
   </div>
   <div class='ocr_carea' id='block_1_41' title="bbox 2156 2239 2735 2314">
    <p class='ocr_par' dir='ltr' id='par_1_41' title="bbox 2159 2240 2735 2295">
     <span class='ocr_line' id='line_1_41' title="bbox 2159 2240 2735 2295; baseline -0.007 0"><span class='ocrx_word' id='word_1_289' title='bbox 2159 2240 2469 2295; x_wconf 86' lang='grc' dir='ltr'>καταλείπω</span> <span class='ocrx_word' id='word_1_290' title='bbox 2499 2241 2735 2292; x_wconf 84' lang='grc' dir='ltr'>σκοπεῖν.</span> 
     </span>
    </p>
   </div>
   <div class='ocr_carea' id='block_1_42' title="bbox 471 2333 3736 2408">
    <p class='ocr_par' dir='ltr' id='par_1_42' title="bbox 471 2333 3736 2408">
     <span class='ocr_line' id='line_1_42' title="bbox 471 2333 3736 2408; baseline -0.001 -18"><span class='ocrx_word' id='word_1_291' title='bbox 471 2336 921 2405; x_wconf 82' lang='lat' dir='ltr'><strong>exprobrationes</strong></span> <span class='ocrx_word' id='word_1_292' title='bbox 968 2339 1233 2394; x_wconf 89' lang='lat' dir='ltr'><strong>scelerum</strong></span> <span class='ocrx_word' id='word_1_293' title='bbox 1277 2355 1500 2402; x_wconf 89' lang='lat' dir='ltr'><strong>eorum,</strong></span> <span class='ocrx_word' id='word_1_294' title='bbox 1547 2339 1827 2394; x_wconf 90' lang='lat' dir='ltr'><strong>interitum</strong></span> <span class='ocrx_word' id='word_1_295' title='bbox 1877 2339 2038 2408; x_wconf 76' lang='lat' dir='ltr'><strong>regia:</strong></span> <span class='ocrx_word' id='word_1_296' title='bbox 2079 2338 2320 2407; x_wconf 87' lang='lat' dir='ltr'><strong>ipsorum</strong></span> <span class='ocrx_word' id='word_1_297' title='bbox 2378 2335 2642 2399; x_wconf 82' lang='lat' dir='ltr'><strong>civitatis,</strong></span> <span class='ocrx_word' id='word_1_298' title='bbox 2720 2334 2966 2405; x_wconf 87' lang='lat' dir='ltr'><strong>ritusque</strong></span> <span class='ocrx_word' id='word_1_299' title='bbox 3011 2333 3253 2400; x_wconf 82' lang='lat' dir='ltr'><strong>Mosaici,</strong></span> <span class='ocrx_word' id='word_1_300' title='bbox 3297 2335 3388 2405; x_wconf 90' lang='lat' dir='ltr'><strong>qui</strong></span> <span class='ocrx_word' id='word_1_301' title='bbox 3429 2333 3573 2404; x_wconf 88' lang='lat' dir='ltr'><strong>apud</strong></span> <span class='ocrx_word' id='word_1_302' title='bbox 3636 2348 3736 2388; x_wconf 84' lang='lat' dir='ltr'><strong>eos</strong></span> 
     </span>
    </p>
   </div>
   <div class='ocr_carea' id='block_1_43' title="bbox 473 2427 3730 2510">
    <p class='ocr_par' dir='ltr' id='par_1_43' title="bbox 473 2427 3730 2510">
     <span class='ocr_line' id='line_1_43' title="bbox 473 2427 3730 2510; baseline -0.002 -24"><span class='ocrx_word' id='word_1_303' title='bbox 473 2432 600 2486; x_wconf 93' lang='lat' dir='ltr'><strong>olim</strong></span> <span class='ocrx_word' id='word_1_304' title='bbox 633 2434 786 2503; x_wconf 87' lang='lat' dir='ltr'><strong>prius</strong></span> <span class='ocrx_word' id='word_1_305' title='bbox 818 2435 1157 2503; x_wconf 82' lang='lat' dir='ltr'><strong>servabatur,</strong></span> <span class='ocrx_word' id='word_1_306' title='bbox 1194 2437 1597 2510; x_wconf 81' lang='lat' dir='ltr'><strong>abrogationem</strong></span> <span class='ocrx_word' id='word_1_307' title='bbox 1627 2456 1639 2492; x_wconf 93' lang='lat'>:</span> <span class='ocrx_word' id='word_1_308' title='bbox 1664 2443 1717 2491; x_wconf 90' lang='lat' dir='ltr'><strong>et</strong></span> <span class='ocrx_word' id='word_1_309' title='bbox 1755 2451 1784 2491; x_wconf 92' lang='lat' dir='ltr'><strong>e</strong></span> <span class='ocrx_word' id='word_1_310' title='bbox 1817 2435 2095 2489; x_wconf 88' lang='lat' dir='ltr'><strong>contrario</strong></span> <span class='ocrx_word' id='word_1_311' title='bbox 2127 2433 2191 2487; x_wconf 89' lang='lat' dir='ltr'><strong>ad</strong></span> <span class='ocrx_word' id='word_1_312' title='bbox 2235 2442 2441 2504; x_wconf 83' lang='lat' dir='ltr'><strong>gentes,</strong></span> <span class='ocrx_word' id='word_1_313' title='bbox 2492 2430 2917 2501; x_wconf 87' lang='lat' dir='ltr'><strong>pollicitationes</strong></span> <span class='ocrx_word' id='word_1_314' title='bbox 2967 2430 3159 2493; x_wconf 90' lang='lat' dir='ltr'><strong>bonas,</strong></span> <span class='ocrx_word' id='word_1_315' title='bbox 3229 2431 3560 2502; x_wconf 84' lang='lat' dir='ltr'><strong>agnitionem</strong></span> <span class='ocrx_word' id='word_1_316' title='bbox 3608 2427 3730 2493; x_wconf 86' lang='lat' dir='ltr'><strong>Dei,</strong></span> 
     </span>
    </p>
   </div>
   <div class='ocr_carea' id='block_1_44' title="bbox 473 2521 3736 2597">
    <p class='ocr_par' dir='ltr' id='par_1_44' title="bbox 473 2521 3736 2597">
     <span class='ocr_line' id='line_1_44' title="bbox 473 2521 3736 2597; baseline -0.001 -20"><span class='ocrx_word' id='word_1_317' title='bbox 473 2539 672 2577; x_wconf 91' lang='lat' dir='ltr'><strong>novum</strong></span> <span class='ocrx_word' id='word_1_318' title='bbox 718 2525 899 2581; x_wconf 89' lang='lat' dir='ltr'><strong>cultus</strong></span> <span class='ocrx_word' id='word_1_319' title='bbox 943 2527 1112 2581; x_wconf 84' lang='lat' dir='ltr'><strong>divini</strong></span> <span class='ocrx_word' id='word_1_320' title='bbox 1158 2527 1344 2592; x_wconf 73' lang='lat' dir='ltr'><strong>ritum,</strong></span> <span class='ocrx_word' id='word_1_321' title='bbox 1394 2542 1701 2597; x_wconf 89' lang='lat' dir='ltr'><strong>novamque</strong></span> <span class='ocrx_word' id='word_1_322' title='bbox 1755 2526 1945 2596; x_wconf 82' lang='lat' dir='ltr'><strong>legem,</strong></span> <span class='ocrx_word' id='word_1_323' title='bbox 1988 2540 2052 2580; x_wconf 92' lang='lat' dir='ltr'><strong>ac</strong></span> <span class='ocrx_word' id='word_1_324' title='bbox 2090 2524 2326 2580; x_wconf 85' lang='lat' dir='ltr'><strong>Verbum</strong></span> <span class='ocrx_word' id='word_1_325' title='bbox 2369 2522 2512 2594; x_wconf 92' lang='lat' dir='ltr'><strong>quod</strong></span> <span class='ocrx_word' id='word_1_326' title='bbox 2544 2522 2612 2577; x_wconf 90' lang='lat' dir='ltr'><strong>de</strong></span> <span class='ocrx_word' id='word_1_327' title='bbox 2646 2523 2871 2594; x_wconf 85' lang='lat' dir='ltr'><strong>regione</strong></span> <span class='ocrx_word' id='word_1_328' title='bbox 2918 2521 3228 2576; x_wconf 66' lang='lat' dir='ltr'><strong>Iudaeorum</strong></span> <span class='ocrx_word' id='word_1_329' title='bbox 3275 2524 3347 2578; x_wconf 89' lang='lat' dir='ltr'><strong>sit</strong></span> <span class='ocrx_word' id='word_1_330' title='bbox 3404 2537 3736 2594; x_wconf 84' lang='lat' dir='ltr'><strong>progressu-</strong></span> 
     </span>
    </p>
   </div>
   <div class='ocr_carea' id='block_1_45' title="bbox 472 2614 3737 2690">
    <p class='ocr_par' dir='ltr' id='par_1_45' title="bbox 472 2614 3737 2690">
     <span class='ocr_line' id='line_1_45' title="bbox 472 2614 3737 2690; baseline -0.001 -19"><span class='ocrx_word' id='word_1_331' title='bbox 472 2632 616 2681; x_wconf 86' lang='lat' dir='ltr'><strong>rum,</strong></span> <span class='ocrx_word' id='word_1_332' title='bbox 642 2625 695 2672; x_wconf 92' lang='lat' dir='ltr'><strong>et</strong></span> <span class='ocrx_word' id='word_1_333' title='bbox 724 2618 780 2673; x_wconf 93' lang='lat' dir='ltr'><strong>in</strong></span> <span class='ocrx_word' id='word_1_334' title='bbox 810 2634 1000 2674; x_wconf 91' lang='lat' dir='ltr'><strong>omnes</strong></span> <span class='ocrx_word' id='word_1_335' title='bbox 1029 2627 1218 2690; x_wconf 80' lang='lat' dir='ltr'><strong>gentes</strong></span> <span class='ocrx_word' id='word_1_336' title='bbox 1252 2619 1746 2682; x_wconf 84' lang='lat' dir='ltr'><strong>disseminandum,</strong></span> <span class='ocrx_word' id='word_1_337' title='bbox 1804 2634 1927 2688; x_wconf 71' lang='lat' dir='ltr'><strong>qua:</strong></span> <span class='ocrx_word' id='word_1_338' title='bbox 1970 2619 2188 2688; x_wconf 90' lang='lat' dir='ltr'><strong>quidem</strong></span> <span class='ocrx_word' id='word_1_339' title='bbox 2219 2615 2525 2687; x_wconf 86' lang='lat' dir='ltr'><strong>cujusmodi</strong></span> <span class='ocrx_word' id='word_1_340' title='bbox 2570 2614 2753 2679; x_wconf 90' lang='lat' dir='ltr'><strong>ﬁnem,</strong></span> <span class='ocrx_word' id='word_1_341' title='bbox 2813 2623 2866 2670; x_wconf 87' lang='lat' dir='ltr'><strong>et</strong></span> <span class='ocrx_word' id='word_1_342' title='bbox 2927 2615 3239 2684; x_wconf 89' lang='lat' dir='ltr'><strong>cujusmodi</strong></span> <span class='ocrx_word' id='word_1_343' title='bbox 3284 2615 3554 2671; x_wconf 88' lang='lat' dir='ltr'><strong>orationis</strong></span> <span class='ocrx_word' id='word_1_344' title='bbox 3612 2614 3737 2671; x_wconf 79' lang='lat' dir='ltr'><strong>exi-</strong></span> 
     </span>
    </p>
   </div>
   <div class='ocr_carea' id='block_1_46' title="bbox 471 2706 3374 2783">
    <p class='ocr_par' dir='ltr' id='par_1_46' title="bbox 471 2706 3374 2783">
     <span class='ocr_line' id='line_1_46' title="bbox 471 2706 3374 2783; baseline -0.002 -18"><span class='ocrx_word' id='word_1_345' title='bbox 471 2717 610 2778; x_wconf 87' lang='lat' dir='ltr'><strong>tum,</strong></span> <span class='ocrx_word' id='word_1_346' title='bbox 641 2722 766 2783; x_wconf 91' lang='lat' dir='ltr'><strong>post</strong></span> <span class='ocrx_word' id='word_1_347' title='bbox 798 2710 1100 2770; x_wconf 89' lang='lat' dir='ltr'><strong>Salvatoris</strong></span> <span class='ocrx_word' id='word_1_348' title='bbox 1141 2713 1315 2769; x_wconf 85' lang='lat' dir='ltr'><strong>nostri</strong></span> <span class='ocrx_word' id='word_1_349' title='bbox 1348 2711 1475 2769; x_wconf 85' lang='lat' dir='ltr'><strong>Jesu</strong></span> <span class='ocrx_word' id='word_1_350' title='bbox 1505 2711 1710 2771; x_wconf 86' lang='lat' dir='ltr'><strong>Christi</strong></span> <span class='ocrx_word' id='word_1_351' title='bbox 1751 2711 2041 2768; x_wconf 89' lang='lat' dir='ltr'><strong>adventum</strong></span> <span class='ocrx_word' id='word_1_352' title='bbox 2079 2709 2437 2772; x_wconf 86' lang='lat' dir='ltr'><strong>ostenderint,</strong></span> <span class='ocrx_word' id='word_1_353' title='bbox 2466 2708 2561 2762; x_wconf 89' lang='lat' dir='ltr'><strong>tibi</strong></span> <span class='ocrx_word' id='word_1_354' title='bbox 2595 2706 3074 2778; x_wconf 89' lang='lat' dir='ltr'><strong>contemplandum</strong></span> <span class='ocrx_word' id='word_1_355' title='bbox 3109 2707 3374 2776; x_wconf 88' lang='lat' dir='ltr'><strong>relinquo.</strong></span> 
     </span>
    </p>
   </div>
   <div class='ocr_carea' id='block_1_47' title="bbox 1061 2836 1460 2893">
    <p class='ocr_par' dir='ltr' id='par_1_47' title="bbox 1061 2836 1460 2893">
     <span class='ocr_line' id='line_1_47' title="bbox 1061 2836 1460 2893; baseline 0.005 -2"><span class='ocrx_word' id='word_1_356' title='bbox 1061 2836 1292 2892; x_wconf 83' lang='lat' dir='ltr'><strong>CAPUT</strong></span> <span class='ocrx_word' id='word_1_357' title='bbox 1322 2836 1460 2893; x_wconf 78' lang='lat' dir='ltr'><strong>XIV.</strong></span> 
     </span>
    </p>
   </div>
   <div class='ocr_carea' id='block_1_48' title="bbox 473 2923 2050 2994">
    <p class='ocr_par' dir='ltr' id='par_1_48' title="bbox 473 2923 2050 2994">
     <span class='ocr_line' id='line_1_48' title="bbox 473 2923 2050 2994; baseline 0.002 -16"><span class='ocrx_word' id='word_1_358' title='bbox 473 2923 552 2979; x_wconf 80' lang='lat' dir='ltr'><strong>Ab</strong></span> <span class='ocrx_word' id='word_1_359' title='bbox 573 2925 884 2981; x_wconf 83' lang='lat' dir='ltr'><strong>Ambacum.</strong></span> <span class='ocrx_word' id='word_1_360' title='bbox 919 2959 991 2969; x_wconf 91' lang='lat'><strong><em>—</em></strong></span> <span class='ocrx_word' id='word_1_361' title='bbox 1015 2929 1168 2994; x_wconf 83' lang='lat' dir='ltr'><strong>Quod</strong></span> <span class='ocrx_word' id='word_1_362' title='bbox 1202 2932 1406 2984; x_wconf 79' lang='lat' dir='ltr'><strong>veniens</strong></span> <span class='ocrx_word' id='word_1_363' title='bbox 1437 2930 1535 2984; x_wconf 79' lang='lat' dir='ltr'><strong>Dei</strong></span> <span class='ocrx_word' id='word_1_364' title='bbox 1581 2930 1828 2994; x_wconf 76' lang='lat' dir='ltr'><strong>Verbum,</strong></span> <span class='ocrx_word' id='word_1_365' title='bbox 1867 2939 2050 2983; x_wconf 77' lang='lat' dir='ltr'><strong>ventu-</strong></span> 
     </span>
    </p>
   </div>
   <div class='ocr_carea' id='block_1_49' title="bbox 583 3001 1946 3070">
    <p class='ocr_par' dir='ltr' id='par_1_49' title="bbox 583 3001 1946 3070">
     <span class='ocr_line' id='line_1_49' title="bbox 583 3001 1946 3070; baseline 0.004 -21"><span class='ocrx_word' id='word_1_366' title='bbox 583 3013 702 3050; x_wconf 72' lang='lat' dir='ltr'><strong>rum</strong></span> <span class='ocrx_word' id='word_1_367' title='bbox 741 3015 901 3068; x_wconf 84' lang='lat' dir='ltr'><strong>neque</strong></span> <span class='ocrx_word' id='word_1_368' title='bbox 931 3010 1257 3054; x_wconf 82' lang='lat' dir='ltr'><strong>moraturum</strong></span> <span class='ocrx_word' id='word_1_369' title='bbox 1286 3012 1560 3055; x_wconf 86' lang='lat' dir='ltr'><strong>caneretur</strong></span> <span class='ocrx_word' id='word_1_370' title='bbox 1587 3018 1620 3055; x_wconf 91' lang='lat' dir='ltr'><strong>a</strong></span> <span class='ocrx_word' id='word_1_371' title='bbox 1659 3001 1946 3070; x_wconf 78' lang='lat' dir='ltr'><strong>prophetis.</strong></span> 
     </span>
    </p>
   </div>
   <div class='ocr_carea' id='block_1_50' title="bbox 551 3109 2048 3182">
    <p class='ocr_par' dir='ltr' id='par_1_50' title="bbox 551 3109 2048 3182">
     <span class='ocr_line' id='line_1_50' title="bbox 551 3109 2048 3182; baseline 0.003 -18"><span class='ocrx_word' id='word_1_372' title='bbox 551 3129 571 3164; x_wconf 83' lang='grc' dir='ltr'><strong>ι</strong></span> <span class='ocrx_word' id='word_1_373' title='bbox 600 3109 664 3165; x_wconf 86' lang='lat' dir='ltr'><strong>Et</strong></span> <span class='ocrx_word' id='word_1_374' title='bbox 696 3113 977 3182; x_wconf 88' lang='lat' dir='ltr'><strong>respondit</strong></span> <span class='ocrx_word' id='word_1_375' title='bbox 997 3114 1128 3168; x_wconf 87' lang='lat' dir='ltr'><strong>mihi</strong></span> <span class='ocrx_word' id='word_1_376' title='bbox 1143 3113 1426 3182; x_wconf 89' lang='lat' dir='ltr'><strong>Dominus,</strong></span> <span class='ocrx_word' id='word_1_377' title='bbox 1457 3126 1512 3170; x_wconf 90' lang='lat' dir='ltr'><strong>et</strong></span> <span class='ocrx_word' id='word_1_378' title='bbox 1542 3115 1718 3169; x_wconf 80' lang='lat' dir='ltr'><strong>dixit:</strong></span> <span class='ocrx_word' id='word_1_379' title='bbox 1752 3114 1941 3171; x_wconf 90' lang='lat' dir='ltr'><strong>Scribe</strong></span> <span class='ocrx_word' id='word_1_380' title='bbox 1968 3117 2048 3170; x_wconf 90' lang='lat' dir='ltr'><strong>vi-</strong></span> 
     </span>
    </p>
   </div>
   <div class='ocr_carea' id='block_1_51' title="bbox 473 3203 2047 3279">
    <p class='ocr_par' dir='ltr' id='par_1_51' title="bbox 473 3203 2047 3279">
     <span class='ocr_line' id='line_1_51' title="bbox 473 3203 2047 3279; baseline 0.003 -21"><span class='ocrx_word' id='word_1_381' title='bbox 473 3203 690 3259; x_wconf 81' lang='lat' dir='ltr'><strong>sionem</strong></span> <span class='ocrx_word' id='word_1_382' title='bbox 741 3205 1034 3261; x_wconf 83' lang='lat' dir='ltr'><strong>manifeste</strong></span> <span class='ocrx_word' id='word_1_383' title='bbox 1061 3207 1117 3260; x_wconf 89' lang='lat' dir='ltr'><strong>in</strong></span> <span class='ocrx_word' id='word_1_384' title='bbox 1164 3208 1385 3274; x_wconf 86' lang='lat' dir='ltr'><strong>tabella,</strong></span> <span class='ocrx_word' id='word_1_385' title='bbox 1439 3215 1497 3262; x_wconf 94' lang='lat' dir='ltr'><strong>ut</strong></span> <span class='ocrx_word' id='word_1_386' title='bbox 1548 3215 1912 3279; x_wconf 88' lang='lat' dir='ltr'><strong>persequatur</strong></span> <span class='ocrx_word' id='word_1_387' title='bbox 1953 3209 2047 3279; x_wconf 90' lang='lat' dir='ltr'><strong>qui</strong></span> 
     </span>
    </p>
   </div>
   <div class='ocr_carea' id='block_1_52' title="bbox 476 3293 2051 3369">
    <p class='ocr_par' dir='ltr' id='par_1_52' title="bbox 476 3293 2051 3369">
     <span class='ocr_line' id='line_1_52' title="bbox 476 3293 2051 3369; baseline 0.006 -23"><span class='ocrx_word' id='word_1_388' title='bbox 476 3293 607 3363; x_wconf 78' lang='lat' dir='ltr'><strong>legit</strong></span> <span class='ocrx_word' id='word_1_389' title='bbox 652 3309 717 3349; x_wconf 87' lang='lat' dir='ltr'><strong>ea</strong></span> <span class='ocrx_word' id='word_1_390' title='bbox 744 3312 759 3350; x_wconf 88' lang='lat'><strong>:</strong></span> <span class='ocrx_word' id='word_1_391' title='bbox 792 3299 1048 3365; x_wconf 87' lang='lat' dir='ltr'><strong>quoniam</strong></span> <span class='ocrx_word' id='word_1_392' title='bbox 1075 3298 1258 3352; x_wconf 89' lang='lat' dir='ltr'><strong>adhuc</strong></span> <span class='ocrx_word' id='word_1_393' title='bbox 1303 3299 1444 3355; x_wconf 81' lang='lat' dir='ltr'><strong>visio</strong></span> <span class='ocrx_word' id='word_1_394' title='bbox 1469 3299 1537 3354; x_wconf 88' lang='lat' dir='ltr'><strong>ad</strong></span> <span class='ocrx_word' id='word_1_395' title='bbox 1569 3307 1804 3369; x_wconf 90' lang='lat' dir='ltr'><strong>tempus,</strong></span> <span class='ocrx_word' id='word_1_396' title='bbox 1835 3307 1888 3355; x_wconf 91' lang='lat' dir='ltr'><strong>et</strong></span> <span class='ocrx_word' id='word_1_397' title='bbox 1915 3301 2051 3355; x_wconf 83' lang='lat' dir='ltr'><strong>orie-</strong></span> 
     </span>
    </p>
   </div>
   <div class='ocr_carea' id='block_1_53' title="bbox 477 3388 2054 3458">
    <p class='ocr_par' dir='ltr' id='par_1_53' title="bbox 477 3388 2054 3458">
     <span class='ocr_line' id='line_1_53' title="bbox 477 3388 2054 3458; baseline 0.006 -19"><span class='ocrx_word' id='word_1_398' title='bbox 477 3398 569 3440; x_wconf 87' lang='lat' dir='ltr'><strong>tur</strong></span> <span class='ocrx_word' id='word_1_399' title='bbox 599 3388 666 3442; x_wconf 90' lang='lat' dir='ltr'><strong>ad</strong></span> <span class='ocrx_word' id='word_1_400' title='bbox 710 3403 1014 3458; x_wconf 88' lang='lat' dir='ltr'><strong>vesperam,</strong></span> <span class='ocrx_word' id='word_1_401' title='bbox 1050 3398 1105 3446; x_wconf 92' lang='lat' dir='ltr'><strong>et</strong></span> <span class='ocrx_word' id='word_1_402' title='bbox 1135 3407 1243 3447; x_wconf 94' lang='lat' dir='ltr'><strong>non</strong></span> <span class='ocrx_word' id='word_1_403' title='bbox 1278 3394 1335 3448; x_wconf 91' lang='lat' dir='ltr'><strong>in</strong></span> <span class='ocrx_word' id='word_1_404' title='bbox 1374 3409 1598 3450; x_wconf 89' lang='lat' dir='ltr'><strong>vanum.</strong></span> <span class='ocrx_word' id='word_1_405' title='bbox 1627 3392 1691 3448; x_wconf 16' lang='lat' dir='ltr'><strong>Si;</strong></span> <span class='ocrx_word' id='word_1_406' title='bbox 1716 3393 1926 3450; x_wconf 90' lang='lat' dir='ltr'><strong>tardius</strong></span> <span class='ocrx_word' id='word_1_407' title='bbox 1961 3409 2054 3449; x_wconf 87' lang='lat' dir='ltr'><strong>ve-</strong></span> 
     </span>
    </p>
   </div>
   <div class='ocr_carea' id='block_1_54' title="bbox 477 3478 2054 3552">
    <p class='ocr_par' dir='ltr' id='par_1_54' title="bbox 477 3478 2054 3552">
     <span class='ocr_line' id='line_1_54' title="bbox 477 3478 2054 3552; baseline 0.005 -22"><span class='ocrx_word' id='word_1_408' title='bbox 477 3478 610 3542; x_wconf 88' lang='lat' dir='ltr'><strong>niet,</strong></span> <span class='ocrx_word' id='word_1_409' title='bbox 633 3489 890 3548; x_wconf 82' lang='lat' dir='ltr'><strong>exspecta</strong></span> <span class='ocrx_word' id='word_1_410' title='bbox 916 3480 1098 3548; x_wconf 89' lang='lat' dir='ltr'><strong>illum;</strong></span> <span class='ocrx_word' id='word_1_411' title='bbox 1123 3484 1381 3552; x_wconf 88' lang='lat' dir='ltr'><strong>quoniam</strong></span> <span class='ocrx_word' id='word_1_412' title='bbox 1401 3485 1628 3541; x_wconf 88' lang='lat' dir='ltr'><strong>veniens</strong></span> <span class='ocrx_word' id='word_1_413' title='bbox 1644 3485 1844 3550; x_wconf 86' lang='lat' dir='ltr'><strong>veniet,</strong></span> <span class='ocrx_word' id='word_1_414' title='bbox 1869 3492 1922 3540; x_wconf 89' lang='lat' dir='ltr'><strong>et</strong></span> <span class='ocrx_word' id='word_1_415' title='bbox 1946 3499 2054 3539; x_wconf 90' lang='lat' dir='ltr'><strong>non</strong></span> 
     </span>
    </p>
   </div>
   <div class='ocr_carea' id='block_1_55' title="bbox 476 3569 2055 3646">
    <p class='ocr_par' dir='ltr' id='par_1_55' title="bbox 476 3569 2055 3646">
     <span class='ocr_line' id='line_1_55' title="bbox 476 3569 2055 3646; baseline 0.006 -24"><span class='ocrx_word' id='word_1_416' title='bbox 476 3570 800 3625; x_wconf 86' lang='lat' dir='ltr'><strong>morabitur.</strong></span> <span class='ocrx_word' id='word_1_417' title='bbox 846 3569 904 3625; x_wconf 91' lang='lat' dir='ltr'><strong>Si</strong></span> <span class='ocrx_word' id='word_1_418' title='bbox 935 3574 1269 3630; x_wconf 83' lang='lat' dir='ltr'><strong>subtraxerit</strong></span> <span class='ocrx_word' id='word_1_419' title='bbox 1305 3593 1384 3640; x_wconf 90' lang='lat' dir='ltr'><strong>se,</strong></span> <span class='ocrx_word' id='word_1_420' title='bbox 1423 3591 1532 3631; x_wconf 85' lang='lat' dir='ltr'><strong>non</strong></span> <span class='ocrx_word' id='word_1_421' title='bbox 1583 3577 1721 3632; x_wconf 91' lang='lat' dir='ltr'><strong>bene</strong></span> <span class='ocrx_word' id='word_1_422' title='bbox 1753 3577 1854 3632; x_wconf 88' lang='lat' dir='ltr'><strong>sibi</strong></span> <span class='ocrx_word' id='word_1_423' title='bbox 1881 3577 2055 3646; x_wconf 86' lang='lat' dir='ltr'><strong>placet</strong></span> 
     </span>
    </p>
   </div>
   <div class='ocr_carea' id='block_1_56' title="bbox 475 3658 2048 3722">
    <p class='ocr_par' dir='ltr' id='par_1_56' title="bbox 475 3658 2048 3722">
     <span class='ocr_line' id='line_1_56' title="bbox 475 3658 2048 3722; baseline 0.004 -11"><span class='ocrx_word' id='word_1_424' title='bbox 475 3658 656 3713; x_wconf 83' lang='lat' dir='ltr'><strong>anima</strong></span> <span class='ocrx_word' id='word_1_425' title='bbox 680 3675 798 3716; x_wconf 89' lang='lat' dir='ltr'><strong>mea</strong></span> <span class='ocrx_word' id='word_1_426' title='bbox 828 3664 884 3715; x_wconf 92' lang='lat' dir='ltr'><strong>in</strong></span> <span class='ocrx_word' id='word_1_427' title='bbox 909 3678 996 3718; x_wconf 92' lang='lat' dir='ltr'><strong>eo.</strong></span> <span class='ocrx_word' id='word_1_428' title='bbox 1017 3663 1206 3720; x_wconf 86' lang='lat' dir='ltr'><strong>Justus</strong></span> <span class='ocrx_word' id='word_1_429' title='bbox 1229 3677 1408 3721; x_wconf 89' lang='lat' dir='ltr'><strong>autem</strong></span> <span class='ocrx_word' id='word_1_430' title='bbox 1429 3683 1494 3721; x_wconf 81' lang='lat' dir='ltr'><strong>ex</strong></span> <span class='ocrx_word' id='word_1_431' title='bbox 1510 3666 1612 3721; x_wconf 91' lang='lat' dir='ltr'><strong>ﬁde</strong></span> <span class='ocrx_word' id='word_1_432' title='bbox 1642 3681 1758 3722; x_wconf 89' lang='lat' dir='ltr'><strong>mea</strong></span> <span class='ocrx_word' id='word_1_433' title='bbox 1785 3665 1928 3720; x_wconf 92' lang='lat' dir='ltr'><strong>vivet</strong></span> <span class='ocrx_word' id='word_1_434' title='bbox 1949 3667 2048 3722; x_wconf 79' lang='grc' dir='ltr'><strong>⁷ο.»</strong></span> 
     </span>
    </p>
   </div>
   <div class='ocr_carea' id='block_1_57' title="bbox 477 3751 2053 3828">
    <p class='ocr_par' dir='ltr' id='par_1_57' title="bbox 477 3751 2053 3828">
     <span class='ocr_line' id='line_1_57' title="bbox 477 3751 2053 3828; baseline 0.005 -24"><span class='ocrx_word' id='word_1_435' title='bbox 477 3751 654 3806; x_wconf 83' lang='lat' dir='ltr'><strong>Etiam</strong></span> <span class='ocrx_word' id='word_1_436' title='bbox 684 3753 790 3809; x_wconf 89' lang='lat' dir='ltr'><strong>hoc</strong></span> <span class='ocrx_word' id='word_1_437' title='bbox 831 3755 952 3810; x_wconf 92' lang='lat' dir='ltr'><strong>loco</strong></span> <span class='ocrx_word' id='word_1_438' title='bbox 989 3757 1166 3826; x_wconf 89' lang='lat' dir='ltr'><strong>palam</strong></span> <span class='ocrx_word' id='word_1_439' title='bbox 1198 3773 1322 3812; x_wconf 89' lang='lat' dir='ltr'><strong>eum</strong></span> <span class='ocrx_word' id='word_1_440' title='bbox 1354 3759 1447 3827; x_wconf 92' lang='lat' dir='ltr'><strong>qui</strong></span> <span class='ocrx_word' id='word_1_441' title='bbox 1477 3759 1645 3823; x_wconf 87' lang='lat' dir='ltr'><strong>venit,</strong></span> <span class='ocrx_word' id='word_1_442' title='bbox 1680 3758 1748 3814; x_wconf 89' lang='lat' dir='ltr'><strong>de</strong></span> <span class='ocrx_word' id='word_1_443' title='bbox 1777 3774 1885 3828; x_wconf 92' lang='lat' dir='ltr'><strong>quo</strong></span> <span class='ocrx_word' id='word_1_444' title='bbox 1922 3773 2053 3828; x_wconf 89' lang='lat' dir='ltr'><strong>pro-</strong></span> 
     </span>
    </p>
   </div>
   <div class='ocr_carea' id='block_1_58' title="bbox 479 3842 2054 3919">
    <p class='ocr_par' dir='ltr' id='par_1_58' title="bbox 479 3842 2054 3919">
     <span class='ocr_line' id='line_1_58' title="bbox 479 3842 2054 3919; baseline 0.005 -23"><span class='ocrx_word' id='word_1_445' title='bbox 479 3842 656 3913; x_wconf 68' lang='lat' dir='ltr'><strong>phetaa</strong></span> <span class='ocrx_word' id='word_1_446' title='bbox 691 3845 1011 3916; x_wconf 88' lang='lat' dir='ltr'><strong>loquuntur,</strong></span> <span class='ocrx_word' id='word_1_447' title='bbox 1041 3857 1329 3902; x_wconf 88' lang='lat' dir='ltr'><strong>venturum</strong></span> <span class='ocrx_word' id='word_1_448' title='bbox 1353 3850 1518 3905; x_wconf 91' lang='lat' dir='ltr'><strong>canit.</strong></span> <span class='ocrx_word' id='word_1_449' title='bbox 1547 3848 1660 3904; x_wconf 75' lang='lat' dir='ltr'><strong>Sed.</strong></span> <span class='ocrx_word' id='word_1_450' title='bbox 1689 3850 1814 3919; x_wconf 91' lang='lat' dir='ltr'><strong>quis</strong></span> <span class='ocrx_word' id='word_1_451' title='bbox 1836 3852 2054 3906; x_wconf 82' lang='lat' dir='ltr'><strong>tandem</strong></span> 
     </span>
    </p>
   </div>
   <div class='ocr_carea' id='block_1_59' title="bbox 479 3935 2050 4009">
    <p class='ocr_par' dir='ltr' id='par_1_59' title="bbox 479 3935 2050 4009">
     <span class='ocr_line' id='line_1_59' title="bbox 479 3935 2050 4009; baseline 0.005 -20"><span class='ocrx_word' id='word_1_452' title='bbox 479 3935 570 3989; x_wconf 89' lang='lat' dir='ltr'><strong>hic</strong></span> <span class='ocrx_word' id='word_1_453' title='bbox 617 3935 708 4000; x_wconf 89' lang='lat' dir='ltr'><strong>sit,</strong></span> <span class='ocrx_word' id='word_1_454' title='bbox 756 3938 862 3992; x_wconf 90' lang='lat' dir='ltr'><strong>nisi</strong></span> <span class='ocrx_word' id='word_1_455' title='bbox 907 3939 1002 4009; x_wconf 91' lang='lat' dir='ltr'><strong>qui</strong></span> <span class='ocrx_word' id='word_1_456' title='bbox 1066 3954 1230 4009; x_wconf 89' lang='lat' dir='ltr'><strong>supra</strong></span> <span class='ocrx_word' id='word_1_457' title='bbox 1277 3940 1510 3995; x_wconf 88' lang='lat' dir='ltr'><strong>innotuit</strong></span> <span class='ocrx_word' id='word_1_458' title='bbox 1572 3942 1629 3995; x_wconf 90' lang='lat' dir='ltr'><strong>in</strong></span> <span class='ocrx_word' id='word_1_459' title='bbox 1674 3942 1783 3996; x_wconf 87' lang='lat' dir='ltr'><strong>illis</strong></span> <span class='ocrx_word' id='word_1_460' title='bbox 1829 3941 2050 3998; x_wconf 86' lang='lat' dir='ltr'><strong>verbis:</strong></span> 
     </span>
    </p>
   </div>
   <div class='ocr_carea' id='block_1_60' title="bbox 487 4027 2056 4101">
    <p class='ocr_par' dir='ltr' id='par_1_60' title="bbox 487 4027 2056 4101">
     <span class='ocr_line' id='line_1_60' title="bbox 487 4027 2056 4101; baseline 0.005 -19"><span class='ocrx_word' id='word_1_461' title='bbox 487 4046 508 4081; x_wconf 74' lang='grc' dir='ltr'><strong>ι</strong></span> <span class='ocrx_word' id='word_1_462' title='bbox 546 4027 876 4087; x_wconf 88' lang='lat' dir='ltr'><strong>Benedictus</strong></span> <span class='ocrx_word' id='word_1_463' title='bbox 923 4031 1018 4101; x_wconf 88' lang='lat' dir='ltr'><strong>qui</strong></span> <span class='ocrx_word' id='word_1_464' title='bbox 1069 4036 1215 4088; x_wconf 90' lang='lat' dir='ltr'><strong>venit</strong></span> <span class='ocrx_word' id='word_1_465' title='bbox 1255 4033 1310 4088; x_wconf 87' lang='lat' dir='ltr'><strong>in</strong></span> <span class='ocrx_word' id='word_1_466' title='bbox 1362 4035 1580 4089; x_wconf 89' lang='lat' dir='ltr'><strong>nomine</strong></span> <span class='ocrx_word' id='word_1_467' title='bbox 1625 4033 1860 4098; x_wconf 90' lang='lat' dir='ltr'><strong>Domini,</strong></span> <span class='ocrx_word' id='word_1_468' title='bbox 1911 4033 2056 4090; x_wconf 87' lang='lat' dir='ltr'><strong>Deus</strong></span> 
     </span>
    </p>
   </div>
   <div class='ocr_carea' id='block_1_61' title="bbox 483 4118 2055 4197">
    <p class='ocr_par' dir='ltr' id='par_1_61' title="bbox 483 4118 2055 4197">
     <span class='ocr_line' id='line_1_61' title="bbox 483 4118 2055 4197; baseline 0.004 -23"><span class='ocrx_word' id='word_1_469' title='bbox 483 4118 748 4178; x_wconf 88' lang='lat' dir='ltr'><strong>Dominus</strong></span> <span class='ocrx_word' id='word_1_470' title='bbox 777 4133 831 4178; x_wconf 90' lang='lat' dir='ltr'><strong>et</strong></span> <span class='ocrx_word' id='word_1_471' title='bbox 865 4124 1044 4178; x_wconf 75' lang='lat' dir='ltr'><strong>illuxit</strong></span> <span class='ocrx_word' id='word_1_472' title='bbox 1077 4125 1295 4180; x_wconf 80' lang='lat' dir='ltr'><strong>nobis“</strong></span> <span class='ocrx_word' id='word_1_473' title='bbox 1322 4126 1344 4180; x_wconf 87' lang='lat'><strong>?</strong></span> <span class='ocrx_word' id='word_1_474' title='bbox 1384 4146 1404 4179; x_wconf 72' lang='grc' dir='ltr'><strong>ι</strong></span> <span class='ocrx_word' id='word_1_475' title='bbox 1437 4126 1594 4181; x_wconf 86' lang='lat' dir='ltr'><strong>Hunc</strong></span> <span class='ocrx_word' id='word_1_476' title='bbox 1624 4142 1754 4183; x_wconf 91' lang='lat' dir='ltr'><strong>vero</strong></span> <span class='ocrx_word' id='word_1_477' title='bbox 1797 4137 2055 4197; x_wconf 74' lang='lat' dir='ltr'><strong>tanquam</strong></span> 
     </span>
    </p>
   </div>
   <div class='ocr_carea' id='block_1_62' title="bbox 479 4213 2054 4287">
    <p class='ocr_par' dir='ltr' id='par_1_62' title="bbox 479 4213 2054 4287">
     <span class='ocr_line' id='line_1_62' title="bbox 479 4213 2054 4287; baseline 0.002 -20"><span class='ocrx_word' id='word_1_478' title='bbox 479 4225 630 4276; x_wconf 88' lang='lat' dir='ltr'><strong>eum,</strong></span> <span class='ocrx_word' id='word_1_479' title='bbox 661 4213 755 4283; x_wconf 93' lang='lat' dir='ltr'><strong>qui</strong></span> <span class='ocrx_word' id='word_1_480' title='bbox 801 4213 981 4284; x_wconf 90' lang='lat' dir='ltr'><strong>ipsum</strong></span> <span class='ocrx_word' id='word_1_481' title='bbox 1020 4214 1204 4270; x_wconf 90' lang='lat' dir='ltr'><strong>lumen</strong></span> <span class='ocrx_word' id='word_1_482' title='bbox 1235 4217 1328 4280; x_wconf 91' lang='lat' dir='ltr'><strong>sit,</strong></span> <span class='ocrx_word' id='word_1_483' title='bbox 1359 4217 1427 4271; x_wconf 89' lang='lat' dir='ltr'><strong>ad</strong></span> <span class='ocrx_word' id='word_1_484' title='bbox 1459 4233 1740 4287; x_wconf 90' lang='lat' dir='ltr'><strong>vesperam</strong></span> <span class='ocrx_word' id='word_1_485' title='bbox 1783 4219 2054 4272; x_wconf 87' lang='lat' dir='ltr'><strong>oriturum</strong></span> 
     </span>
    </p>
   </div>
   <div class='ocr_carea' id='block_1_63' title="bbox 482 4305 2054 4369">
    <p class='ocr_par' dir='ltr' id='par_1_63' title="bbox 482 4305 2054 4369">
     <span class='ocr_line' id='line_1_63' title="bbox 482 4305 2054 4369; baseline 0.003 -12"><span class='ocrx_word' id='word_1_486' title='bbox 482 4305 579 4369; x_wconf 89' lang='lat' dir='ltr'><strong>ait,</strong></span> <span class='ocrx_word' id='word_1_487' title='bbox 631 4305 686 4360; x_wconf 92' lang='lat' dir='ltr'><strong>in</strong></span> <span class='ocrx_word' id='word_1_488' title='bbox 737 4308 1208 4364; x_wconf 82' lang='lat' dir='ltr'><strong>consummatione</strong></span> <span class='ocrx_word' id='word_1_489' title='bbox 1253 4307 1505 4364; x_wconf 88' lang='lat' dir='ltr'><strong>videlicet</strong></span> <span class='ocrx_word' id='word_1_490' title='bbox 1556 4310 1901 4365; x_wconf 58' lang='lat' dir='ltr'><strong>seculorum.</strong></span> <span class='ocrx_word' id='word_1_491' title='bbox 1954 4308 2054 4364; x_wconf 89' lang='lat' dir='ltr'><strong>Cui</strong></span> 
     </span>
    </p>
   </div>
   <div class='ocr_carea' id='block_1_64' title="bbox 481 4397 2052 4466">
    <p class='ocr_par' dir='ltr' id='par_1_64' title="bbox 481 4397 2052 4466">
     <span class='ocr_line' id='line_1_64' title="bbox 481 4397 2052 4466; baseline 0.001 -13"><span class='ocrx_word' id='word_1_492' title='bbox 481 4397 782 4453; x_wconf 88' lang='lat' dir='ltr'><strong>concordat</strong></span> <span class='ocrx_word' id='word_1_493' title='bbox 827 4399 993 4456; x_wconf 91' lang='lat' dir='ltr'><strong>etiam</strong></span> <span class='ocrx_word' id='word_1_494' title='bbox 1036 4399 1351 4466; x_wconf 87' lang='lat' dir='ltr'><strong>Zacharias,</strong></span> <span class='ocrx_word' id='word_1_495' title='bbox 1401 4400 1592 4456; x_wconf 87' lang='lat' dir='ltr'><strong>dicens</strong></span> <span class='ocrx_word' id='word_1_496' title='bbox 1638 4421 1652 4455; x_wconf 88' lang='lat'>:</span> <span class='ocrx_word' id='word_1_497' title='bbox 1701 4420 1719 4451; x_wconf 79' lang='grc' dir='ltr'><strong>ι</strong></span> <span class='ocrx_word' id='word_1_498' title='bbox 1762 4399 1902 4454; x_wconf 84' lang='lat' dir='ltr'><strong>Ecce</strong></span> <span class='ocrx_word' id='word_1_499' title='bbox 1946 4400 2052 4466; x_wconf 89' lang='lat' dir='ltr'><strong>vir,</strong></span> 
     </span>
    </p>
   </div>
   <div class='ocr_carea' id='block_1_65' title="bbox 481 4490 2054 4557">
    <p class='ocr_par' dir='ltr' id='par_1_65' title="bbox 481 4490 2054 4557">
     <span class='ocr_line' id='line_1_65' title="bbox 481 4490 2054 4557; baseline 0 -11"><span class='ocrx_word' id='word_1_500' title='bbox 481 4490 678 4548; x_wconf 90' lang='lat' dir='ltr'><strong>Oriens</strong></span> <span class='ocrx_word' id='word_1_501' title='bbox 724 4508 921 4548; x_wconf 88' lang='lat' dir='ltr'><strong>nomen</strong></span> <span class='ocrx_word' id='word_1_502' title='bbox 945 4492 1017 4557; x_wconf 93' lang='lat' dir='ltr'><strong>ei,</strong></span> <span class='ocrx_word' id='word_1_503' title='bbox 1053 4502 1105 4548; x_wconf 90' lang='lat' dir='ltr'><strong>et</strong></span> <span class='ocrx_word' id='word_1_504' title='bbox 1138 4493 1328 4549; x_wconf 86' lang='lat' dir='ltr'><strong>subter</strong></span> <span class='ocrx_word' id='word_1_505' title='bbox 1366 4509 1490 4549; x_wconf 86' lang='lat' dir='ltr'><strong>eum</strong></span> <span class='ocrx_word' id='word_1_506' title='bbox 1531 4494 1818 4549; x_wconf 79' lang='lat' dir='ltr'><strong>orietur&quot;.</strong></span> <span class='ocrx_word' id='word_1_507' title='bbox 1859 4513 1878 4545; x_wconf 83' lang='grc'><strong><em>›</em></strong></span> <span class='ocrx_word' id='word_1_508' title='bbox 1910 4491 2054 4547; x_wconf 91' lang='lat' dir='ltr'><strong>ldem</strong></span> 
     </span>
    </p>
   </div>
   <div class='ocr_carea' id='block_1_66' title="bbox 479 4584 2056 4658">
    <p class='ocr_par' dir='ltr' id='par_1_66' title="bbox 479 4584 2056 4658">
     <span class='ocr_line' id='line_1_66' title="bbox 479 4584 2056 4658; baseline -0.001 -18"><span class='ocrx_word' id='word_1_509' title='bbox 479 4599 613 4640; x_wconf 78' lang='lat' dir='ltr'><strong>vero</strong></span> <span class='ocrx_word' id='word_1_510' title='bbox 646 4587 910 4656; x_wconf 87' lang='lat' dir='ltr'><strong>propheta</strong></span> <span class='ocrx_word' id='word_1_511' title='bbox 939 4589 1102 4641; x_wconf 90' lang='lat' dir='ltr'><strong>etiam</strong></span> <span class='ocrx_word' id='word_1_512' title='bbox 1135 4593 1348 4656; x_wconf 88' lang='lat' dir='ltr'><strong>tempus</strong></span> <span class='ocrx_word' id='word_1_513' title='bbox 1382 4585 1675 4658; x_wconf 87' lang='lat' dir='ltr'><strong>signiﬁcat,</strong></span> <span class='ocrx_word' id='word_1_514' title='bbox 1697 4585 1826 4640; x_wconf 92' lang='lat' dir='ltr'><strong>dum</strong></span> <span class='ocrx_word' id='word_1_515' title='bbox 1862 4584 2056 4656; x_wconf 79' lang='lat' dir='ltr'><strong>adjun-</strong></span> 
     </span>
    </p>
   </div>
   <div class='ocr_carea' id='block_1_67' title="bbox 2681 2829 3208 2883">
    <p class='ocr_par' dir='ltr' id='par_1_67' title="bbox 2681 2829 3208 2883">
     <span class='ocr_line' id='line_1_67' title="bbox 2681 2829 3208 2883; baseline -0.004 0"><span class='ocrx_word' id='word_1_516' title='bbox 2681 2829 3073 2883; x_wconf 82' lang='grc' dir='ltr'><strong>ΚΕΦΔΛΑΙΟΝ</strong></span> <span class='ocrx_word' id='word_1_517' title='bbox 3112 2829 3208 2881; x_wconf 70' lang='lat' dir='ltr'><strong>lA’.</strong></span> 
     </span>
    </p>
   </div>
   <div class='ocr_carea' id='block_1_68' title="bbox 2169 2913 3735 2993">
    <p class='ocr_par' dir='ltr' id='par_1_68' title="bbox 2169 2913 3735 2993">
     <span class='ocr_line' id='line_1_68' title="bbox 2169 2913 3735 2993; baseline -0.008 -13"><span class='ocrx_word' id='word_1_518' title='bbox 2169 2927 2308 2980; x_wconf 78' lang='grc' dir='ltr'><strong>Ἀπὸ</strong></span> <span class='ocrx_word' id='word_1_519' title='bbox 2358 2923 2890 2993; x_wconf 58' lang='grc' dir='ltr'>Ἀμϐακούμρέ-Ὠς</span> <span class='ocrx_word' id='word_1_520' title='bbox 2913 2991 2920 2993; x_wconf 20' lang='grc' dir='ltr'><strong>Α</strong></span> <span class='ocrx_word' id='word_1_521' title='bbox 2941 2922 3262 2990; x_wconf 79' lang='grc' dir='ltr'><strong>ἐρχόμενος</strong></span> <span class='ocrx_word' id='word_1_522' title='bbox 3291 2918 3460 2984; x_wconf 78' lang='grc' dir='ltr'>ἥξειν</span> <span class='ocrx_word' id='word_1_523' title='bbox 3474 2959 3502 2993; x_wconf 82' lang='lat'><strong>,_</strong></span> <span class='ocrx_word' id='word_1_524' title='bbox 3525 2913 3628 2974; x_wconf 76' lang='grc' dir='ltr'>καὶ</span> <span class='ocrx_word' id='word_1_525' title='bbox 3661 2915 3735 2968; x_wconf 85' lang='grc' dir='ltr'>οὐ</span> 
     </span>
    </p>
   </div>
   <div class='ocr_carea' id='block_1_69' title="bbox 2249 2988 3634 3067">
    <p class='ocr_par' dir='ltr' id='par_1_69' title="bbox 2249 2988 3634 3067">
     <span class='ocr_line' id='line_1_69' title="bbox 2249 2988 3634 3067; baseline -0.009 -16"><span class='ocrx_word' id='word_1_526' title='bbox 2249 2988 2561 3067; x_wconf 75' lang='grc' dir='ltr'>χρονίσειν</span> <span class='ocrx_word' id='word_1_527' title='bbox 2589 2999 2621 3049; x_wconf 82' lang='grc' dir='ltr'><strong>ό</strong></span> <span class='ocrx_word' id='word_1_528' title='bbox 2643 2988 2760 3047; x_wconf 62' lang='grc' dir='ltr'><strong>τοῦ</strong></span> <span class='ocrx_word' id='word_1_529' title='bbox 2789 2991 2936 3046; x_wconf 82' lang='grc' dir='ltr'>θεοῦ</span> <span class='ocrx_word' id='word_1_530' title='bbox 2963 2988 3152 3060; x_wconf 45' lang='lat' dir='ltr'><strong>Adhuc</strong></span> <span class='ocrx_word' id='word_1_531' title='bbox 3175 2988 3634 3059; x_wconf 67' lang='grc' dir='ltr'>προεφητεύετο.</span> 
     </span>
    </p>
   </div>
   <div class='ocr_carea' id='block_1_70' title="bbox 2231 3098 3732 3181">
    <p class='ocr_par' dir='ltr' id='par_1_70' title="bbox 2231 3098 3732 3181">
     <span class='ocr_line' id='line_1_70' title="bbox 2231 3098 3732 3181; baseline -0.006 -19"><span class='ocrx_word' id='word_1_532' title='bbox 2231 3131 2249 3162; x_wconf 75' lang='grc' dir='ltr'><strong>ι</strong></span> <span class='ocrx_word' id='word_1_533' title='bbox 2281 3113 2386 3165; x_wconf 75' lang='grc' dir='ltr'><strong>Καὶ</strong></span> <span class='ocrx_word' id='word_1_534' title='bbox 2409 3109 2677 3181; x_wconf 86' lang='grc' dir='ltr'>ἀπεκρίθη</span> <span class='ocrx_word' id='word_1_535' title='bbox 2710 3109 2915 3179; x_wconf 81' lang='grc' dir='ltr'>Κύριος</span> <span class='ocrx_word' id='word_1_536' title='bbox 2945 3107 3081 3178; x_wconf 89' lang='grc' dir='ltr'>πρός</span> <span class='ocrx_word' id='word_1_537' title='bbox 3124 3122 3218 3176; x_wconf 85' lang='grc' dir='ltr'><strong>με,</strong></span> <span class='ocrx_word' id='word_1_538' title='bbox 3250 3104 3345 3156; x_wconf 73' lang='grc' dir='ltr'><strong>καὶ</strong></span> <span class='ocrx_word' id='word_1_539' title='bbox 3388 3098 3538 3156; x_wconf 80' lang='grc' dir='ltr'>εἷπε·</span> <span class='ocrx_word' id='word_1_540' title='bbox 3584 3101 3732 3172; x_wconf 83' lang='grc' dir='ltr'>Γρά-</span> 
     </span>
    </p>
   </div>
   <div class='ocr_carea' id='block_1_71' title="bbox 2154 3191 3736 3276">
    <p class='ocr_par' dir='ltr' id='par_1_71' title="bbox 2154 3191 3736 3276">
     <span class='ocr_line' id='line_1_71' title="bbox 2154 3191 3736 3276; baseline -0.008 -19"><span class='ocrx_word' id='word_1_541' title='bbox 2154 3205 2253 3275; x_wconf 76' lang='grc' dir='ltr'><strong>ψον</strong></span> <span class='ocrx_word' id='word_1_542' title='bbox 2283 3205 2473 3276; x_wconf 84' lang='grc' dir='ltr'>ὅρασιν</span> <span class='ocrx_word' id='word_1_543' title='bbox 2504 3202 2688 3272; x_wconf 76' lang='grc' dir='ltr'>σαφῶς</span> <span class='ocrx_word' id='word_1_544' title='bbox 2719 3206 2778 3256; x_wconf 89' lang='grc' dir='ltr'><strong>ἐν</strong></span> <span class='ocrx_word' id='word_1_545' title='bbox 2811 3200 3006 3272; x_wconf 82' lang='grc' dir='ltr'>πυξίῳ,</span> <span class='ocrx_word' id='word_1_546' title='bbox 3037 3201 3184 3263; x_wconf 80' lang='grc' dir='ltr'>ὅπως</span> <span class='ocrx_word' id='word_1_547' title='bbox 3215 3195 3387 3268; x_wconf 85' lang='grc' dir='ltr'>διώκῃ</span> <span class='ocrx_word' id='word_1_548' title='bbox 3415 3197 3442 3248; x_wconf 89' lang='lat'><strong>6</strong></span> <span class='ocrx_word' id='word_1_549' title='bbox 3470 3191 3736 3262; x_wconf 84' lang='grc' dir='ltr'>ἀναγινώ-</span> 
     </span>
    </p>
   </div>
   <div class='ocr_carea' id='block_1_72' title="bbox 2160 3281 3738 3364">
    <p class='ocr_par' dir='ltr' id='par_1_72' title="bbox 2160 3281 3738 3364">
     <span class='ocr_line' id='line_1_72' title="bbox 2160 3281 3738 3364; baseline -0.009 -17"><span class='ocrx_word' id='word_1_550' title='bbox 2160 3312 2302 3347; x_wconf 88' lang='grc' dir='ltr'>σκων</span> <span class='ocrx_word' id='word_1_551' title='bbox 2330 3292 2470 3347; x_wconf 74' lang='grc' dir='ltr'>αὑτά</span> <span class='ocrx_word' id='word_1_552' title='bbox 2488 3310 2501 3322; x_wconf 87' lang='grc'><strong>·</strong></span> <span class='ocrx_word' id='word_1_553' title='bbox 2527 3293 2658 3346; x_wconf 84' lang='grc' dir='ltr'>διότι</span> <span class='ocrx_word' id='word_1_554' title='bbox 2691 3292 2771 3345; x_wconf 78' lang='grc' dir='ltr'><strong>ἐτι</strong></span> <span class='ocrx_word' id='word_1_555' title='bbox 2800 3294 2986 3364; x_wconf 80' lang='grc' dir='ltr'>ὅρασις</span> <span class='ocrx_word' id='word_1_556' title='bbox 3013 3291 3092 3353; x_wconf 80' lang='grc' dir='ltr'><strong>εἰς</strong></span> <span class='ocrx_word' id='word_1_557' title='bbox 3118 3288 3328 3359; x_wconf 73' lang='grc' dir='ltr'>καιρὸν,</span> <span class='ocrx_word' id='word_1_558' title='bbox 3362 3285 3456 3338; x_wconf 80' lang='grc' dir='ltr'><strong>καὶ</strong></span> <span class='ocrx_word' id='word_1_559' title='bbox 3481 3281 3738 3336; x_wconf 87' lang='grc' dir='ltr'>ἀνατελεῖ</span> 
     </span>
    </p>
   </div>
   <div class='ocr_carea' id='block_1_73' title="bbox 2156 3375 3733 3456">
    <p class='ocr_par' dir='ltr' id='par_1_73' title="bbox 2156 3375 3733 3456">
     <span class='ocr_line' id='line_1_73' title="bbox 2156 3375 3733 3456; baseline -0.008 -17"><span class='ocrx_word' id='word_1_560' title='bbox 2156 3388 2236 3450; x_wconf 82' lang='grc' dir='ltr'>εἰς</span> <span class='ocrx_word' id='word_1_561' title='bbox 2267 3385 2461 3456; x_wconf 86' lang='grc' dir='ltr'>πέρας,</span> <span class='ocrx_word' id='word_1_562' title='bbox 2497 3385 2587 3439; x_wconf 77' lang='grc' dir='ltr'><strong>καὶ</strong></span> <span class='ocrx_word' id='word_1_563' title='bbox 2619 3385 2719 3438; x_wconf 80' lang='grc' dir='ltr'><strong>οὐκ</strong></span> <span class='ocrx_word' id='word_1_564' title='bbox 2771 3386 2850 3447; x_wconf 82' lang='grc' dir='ltr'><strong>είς</strong></span> <span class='ocrx_word' id='word_1_565' title='bbox 2881 3383 3054 3437; x_wconf 86' lang='grc' dir='ltr'>κενόν.</span> <span class='ocrx_word' id='word_1_566' title='bbox 3097 3380 3218 3433; x_wconf 84' lang='grc' dir='ltr'>Ἐὰν</span> <span class='ocrx_word' id='word_1_567' title='bbox 3255 3378 3526 3448; x_wconf 82' lang='grc' dir='ltr'>ὑστερήσῃ</span> <span class='ocrx_word' id='word_1_568' title='bbox 3549 3417 3564 3441; x_wconf 93' lang='grc'><strong>,</strong></span> <span class='ocrx_word' id='word_1_569' title='bbox 3596 3375 3733 3428; x_wconf 77' lang='grc' dir='ltr'>ὑπόο</span> 
     </span>
    </p>
   </div>
   <div class='ocr_carea' id='block_1_74' title="bbox 2163 3469 3734 3550">
    <p class='ocr_par' dir='ltr' id='par_1_74' title="bbox 2163 3469 3734 3550">
     <span class='ocr_line' id='line_1_74' title="bbox 2163 3469 3734 3550; baseline -0.008 -18"><span class='ocrx_word' id='word_1_570' title='bbox 2163 3496 2344 3550; x_wconf 90' lang='grc' dir='ltr'>μεινον</span> <span class='ocrx_word' id='word_1_571' title='bbox 2373 3479 2536 3531; x_wconf 83' lang='grc' dir='ltr'>αὑτόν</span> <span class='ocrx_word' id='word_1_572' title='bbox 2555 3495 2567 3508; x_wconf 87' lang='grc'><strong>·</strong></span> <span class='ocrx_word' id='word_1_573' title='bbox 2594 3479 2676 3531; x_wconf 81' lang='grc' dir='ltr'><strong>ὅτι</strong></span> <span class='ocrx_word' id='word_1_574' title='bbox 2702 3479 2731 3531; x_wconf 97' lang='lat'><strong>6</strong></span> <span class='ocrx_word' id='word_1_575' title='bbox 2763 3477 3052 3548; x_wconf 82' lang='grc' dir='ltr'>ἐρχόμενος</span> <span class='ocrx_word' id='word_1_576' title='bbox 3085 3471 3203 3544; x_wconf 72' lang='grc' dir='ltr'>ἥξει</span> <span class='ocrx_word' id='word_1_577' title='bbox 3225 3513 3238 3535; x_wconf 92' lang='grc'><strong>,</strong></span> <span class='ocrx_word' id='word_1_578' title='bbox 3274 3471 3368 3524; x_wconf 72' lang='grc' dir='ltr'><strong>καὶ</strong></span> <span class='ocrx_word' id='word_1_579' title='bbox 3395 3471 3454 3524; x_wconf 79' lang='grc' dir='ltr'><strong>οὐ</strong></span> <span class='ocrx_word' id='word_1_580' title='bbox 3493 3469 3568 3540; x_wconf 85' lang='grc' dir='ltr'>μὴ</span> <span class='ocrx_word' id='word_1_581' title='bbox 3612 3484 3734 3538; x_wconf 91' lang='grc' dir='ltr'>χρο-</span> 
     </span>
    </p>
   </div>
   <div class='ocr_carea' id='block_1_75' title="bbox 2155 3561 3734 3642">
    <p class='ocr_par' dir='ltr' id='par_1_75' title="bbox 2155 3561 3734 3642">
     <span class='ocr_line' id='line_1_75' title="bbox 2155 3561 3734 3642; baseline -0.008 -19"><span class='ocrx_word' id='word_1_582' title='bbox 2155 3569 2297 3642; x_wconf 79' lang='grc' dir='ltr'>νίσῃ.</span> <span class='ocrx_word' id='word_1_583' title='bbox 2336 3570 2458 3623; x_wconf 78' lang='grc' dir='ltr'><strong>Ἐὰν</strong></span> <span class='ocrx_word' id='word_1_584' title='bbox 2487 3568 2868 3639; x_wconf 79' lang='grc' dir='ltr'>ὑποστείληται</span> <span class='ocrx_word' id='word_1_585' title='bbox 2892 3607 2906 3631; x_wconf 91' lang='grc'><strong>,</strong></span> <span class='ocrx_word' id='word_1_586' title='bbox 2937 3567 3037 3619; x_wconf 80' lang='grc' dir='ltr'><strong>οὑκ</strong></span> <span class='ocrx_word' id='word_1_587' title='bbox 3061 3565 3270 3618; x_wconf 82' lang='grc' dir='ltr'>εὐδοκεῖ</span> <span class='ocrx_word' id='word_1_588' title='bbox 3297 3565 3329 3634; x_wconf 80' lang='grc' dir='ltr'>ἡ</span> <span class='ocrx_word' id='word_1_589' title='bbox 3355 3561 3497 3632; x_wconf 72' lang='grc' dir='ltr'>ψυχή</span> <span class='ocrx_word' id='word_1_590' title='bbox 3542 3577 3644 3630; x_wconf 89' lang='grc' dir='ltr'><strong>μου</strong></span> <span class='ocrx_word' id='word_1_591' title='bbox 3674 3561 3734 3611; x_wconf 88' lang='grc' dir='ltr'>ὲν</span> 
     </span>
    </p>
   </div>
   <div class='ocr_carea' id='block_1_76' title="bbox 2156 3649 3732 3734">
    <p class='ocr_par' dir='ltr' id='par_1_76' title="bbox 2156 3649 3732 3734">
     <span class='ocr_line' id='line_1_76' title="bbox 2156 3649 3732 3734; baseline -0.01 -18"><span class='ocrx_word' id='word_1_592' title='bbox 2156 3662 2324 3734; x_wconf 78' lang='grc' dir='ltr'>αὐτῷ.</span> <span class='ocrx_word' id='word_1_593' title='bbox 2358 3664 2413 3716; x_wconf 84' lang='lat'><strong>&#39;0</strong></span> <span class='ocrx_word' id='word_1_594' title='bbox 2436 3662 2492 3715; x_wconf 84' lang='grc' dir='ltr'><strong>δέ</strong></span> <span class='ocrx_word' id='word_1_595' title='bbox 2525 3661 2729 3724; x_wconf 86' lang='grc' dir='ltr'>δίκαιος</span> <span class='ocrx_word' id='word_1_596' title='bbox 2770 3663 2834 3714; x_wconf 87' lang='grc' dir='ltr'><strong>ἐκ</strong></span> <span class='ocrx_word' id='word_1_597' title='bbox 2865 3656 3097 3721; x_wconf 88' lang='grc' dir='ltr'>πίστεώς</span> <span class='ocrx_word' id='word_1_598' title='bbox 3141 3673 3243 3728; x_wconf 83' lang='grc' dir='ltr'><strong>μου</strong></span> <span class='ocrx_word' id='word_1_599' title='bbox 3291 3655 3530 3724; x_wconf 76' lang='grc' dir='ltr'>ζήσεται.</span> <span class='ocrx_word' id='word_1_600' title='bbox 3560 3672 3579 3702; x_wconf 71' lang='grc' dir='ltr'><strong><em>ι</em></strong></span> <span class='ocrx_word' id='word_1_601' title='bbox 3618 3649 3732 3702; x_wconf 74' lang='grc' dir='ltr'>Καὶ</span> 
     </span>
    </p>
   </div>
   <div class='ocr_carea' id='block_1_77' title="bbox 2156 3741 3731 3824">
    <p class='ocr_par' dir='ltr' id='par_1_77' title="bbox 2156 3741 3731 3824">
     <span class='ocr_line' id='line_1_77' title="bbox 2156 3741 3731 3824; baseline -0.01 -16"><span class='ocrx_word' id='word_1_602' title='bbox 2156 3753 2386 3808; x_wconf 85' lang='grc' dir='ltr'>ἐνταῦθα</span> <span class='ocrx_word' id='word_1_603' title='bbox 2418 3753 2709 3824; x_wconf 69' lang='grc' dir='ltr'>διαρρήδην</span> <span class='ocrx_word' id='word_1_604' title='bbox 2739 3751 3032 3823; x_wconf 84' lang='grc' dir='ltr'>ἐρχόμενον</span> <span class='ocrx_word' id='word_1_605' title='bbox 3071 3748 3221 3819; x_wconf 74' lang='grc' dir='ltr'>ἥξειν</span> <span class='ocrx_word' id='word_1_606' title='bbox 3260 3746 3349 3799; x_wconf 80' lang='grc' dir='ltr'><strong>τὸν</strong></span> <span class='ocrx_word' id='word_1_607' title='bbox 3388 3741 3731 3816; x_wconf 78' lang='grc' dir='ltr'>προφητευό-</span> 
     </span>
    </p>
   </div>
   <div class='ocr_carea' id='block_1_78' title="bbox 2159 3834 3733 3918">
    <p class='ocr_par' dir='ltr' id='par_1_78' title="bbox 2159 3834 3733 3918">
     <span class='ocr_line' id='line_1_78' title="bbox 2159 3834 3733 3918; baseline -0.008 -18"><span class='ocrx_word' id='word_1_608' title='bbox 2159 3864 2316 3918; x_wconf 88' lang='grc' dir='ltr'>μενον</span> <span class='ocrx_word' id='word_1_609' title='bbox 2346 3846 2608 3910; x_wconf 74' lang='grc' dir='ltr'>θεσπίζει.</span> <span class='ocrx_word' id='word_1_610' title='bbox 2639 3845 2736 3907; x_wconf 88' lang='grc' dir='ltr'><strong>Τίς</strong></span> <span class='ocrx_word' id='word_1_611' title='bbox 2758 3844 2800 3896; x_wconf 89' lang='grc' dir='ltr'>δ’</span> <span class='ocrx_word' id='word_1_612' title='bbox 2825 3839 2892 3914; x_wconf 78' lang='grc' dir='ltr'>ἦν</span> <span class='ocrx_word' id='word_1_613' title='bbox 2925 3835 3079 3905; x_wconf 74' lang='grc' dir='ltr'>οὗτος</span> <span class='ocrx_word' id='word_1_614' title='bbox 3103 3880 3120 3906; x_wconf 89' lang='grc'><strong>,</strong></span> <span class='ocrx_word' id='word_1_615' title='bbox 3156 3840 3188 3909; x_wconf 85' lang='grc' dir='ltr'>ἢ</span> <span class='ocrx_word' id='word_1_616' title='bbox 3222 3841 3250 3892; x_wconf 93' lang='lat'><strong>6</strong></span> <span class='ocrx_word' id='word_1_617' title='bbox 3276 3839 3528 3910; x_wconf 85' lang='grc' dir='ltr'>ἀνωτέρω</span> <span class='ocrx_word' id='word_1_618' title='bbox 3560 3834 3733 3904; x_wconf 82' lang='grc' dir='ltr'>δηλω-</span> 
     </span>
    </p>
   </div>
   <div class='ocr_carea' id='block_1_79' title="bbox 2157 3925 3733 4004">
    <p class='ocr_par' dir='ltr' id='par_1_79' title="bbox 2157 3925 3733 4004">
     <span class='ocr_line' id='line_1_79' title="bbox 2157 3925 3733 4004; baseline -0.008 -14"><span class='ocrx_word' id='word_1_619' title='bbox 2157 3938 2286 4000; x_wconf 81' lang='grc' dir='ltr'>θεὶς.</span> <span class='ocrx_word' id='word_1_620' title='bbox 2316 3936 2458 3990; x_wconf 72' lang='grc' dir='ltr'>κατὰ</span> <span class='ocrx_word' id='word_1_621' title='bbox 2488 3936 2570 4000; x_wconf 86' lang='grc' dir='ltr'><strong>τὺ,</strong></span> <span class='ocrx_word' id='word_1_622' title='bbox 2607 3955 2626 3986; x_wconf 76' lang='grc' dir='ltr'><strong>ι</strong></span> <span class='ocrx_word' id='word_1_623' title='bbox 2655 3934 3029 4004; x_wconf 77' lang='grc' dir='ltr'>Εὐλογημένος</span> <span class='ocrx_word' id='word_1_624' title='bbox 3053 3934 3080 3986; x_wconf 93' lang='lat'><strong>6</strong></span> <span class='ocrx_word' id='word_1_625' title='bbox 3110 3930 3400 4002; x_wconf 81' lang='grc' dir='ltr'>ἐρχόμενος</span> <span class='ocrx_word' id='word_1_626' title='bbox 3421 3929 3478 3980; x_wconf 86' lang='grc' dir='ltr'><strong>ἐν</strong></span> <span class='ocrx_word' id='word_1_627' title='bbox 3507 3925 3733 3996; x_wconf 83' lang='grc' dir='ltr'>ὀνόματι</span> 
     </span>
    </p>
   </div>
   <div class='ocr_carea' id='block_1_80' title="bbox 2157 4016 3731 4098">
    <p class='ocr_par' dir='ltr' id='par_1_80' title="bbox 2157 4016 3731 4098">
     <span class='ocr_line' id='line_1_80' title="bbox 2157 4016 3731 4098; baseline -0.009 -17"><span class='ocrx_word' id='word_1_628' title='bbox 2157 4028 2361 4098; x_wconf 84' lang='grc' dir='ltr'>Κυρίου</span> <span class='ocrx_word' id='word_1_629' title='bbox 2381 4066 2395 4090; x_wconf 93' lang='grc'><strong>,</strong></span> <span class='ocrx_word' id='word_1_630' title='bbox 2426 4028 2556 4090; x_wconf 86' lang='grc' dir='ltr'>Θεὸς</span> <span class='ocrx_word' id='word_1_631' title='bbox 2584 4027 2789 4098; x_wconf 78' lang='grc' dir='ltr'>Κύριος</span> <span class='ocrx_word' id='word_1_632' title='bbox 2832 4025 2926 4078; x_wconf 74' lang='grc' dir='ltr'><strong>καὶ</strong></span> <span class='ocrx_word' id='word_1_633' title='bbox 2972 4024 3242 4092; x_wconf 80' lang='grc' dir='ltr'>ἐπέφηνεν</span> <span class='ocrx_word' id='word_1_634' title='bbox 3276 4022 3439 4092; x_wconf 86' lang='grc' dir='ltr'>ήμῖν;</span> <span class='ocrx_word' id='word_1_635' title='bbox 3478 4037 3497 4068; x_wconf 77' lang='grc' dir='ltr'><strong>ι</strong></span> <span class='ocrx_word' id='word_1_636' title='bbox 3528 4016 3731 4069; x_wconf 86' lang='grc' dir='ltr'>Τοῦτον</span> 
     </span>
    </p>
   </div>
   <div class='ocr_carea' id='block_1_81' title="bbox 2155 4111 3728 4187">
    <p class='ocr_par' dir='ltr' id='par_1_81' title="bbox 2155 4111 3728 4187">
     <span class='ocr_line' id='line_1_81' title="bbox 2155 4111 3728 4187; baseline -0.008 -17"><span class='ocrx_word' id='word_1_637' title='bbox 2155 4117 2234 4180; x_wconf 87' lang='grc' dir='ltr'><strong>δὲ,</strong></span> <span class='ocrx_word' id='word_1_638' title='bbox 2265 4112 2351 4170; x_wconf 80' lang='grc' dir='ltr'><strong>οἷα</strong></span> <span class='ocrx_word' id='word_1_639' title='bbox 2384 4117 2500 4186; x_wconf 83' lang='grc' dir='ltr'>φῶς</span> <span class='ocrx_word' id='word_1_640' title='bbox 2528 4117 2862 4187; x_wconf 84' lang='grc' dir='ltr'>τυγχάνοντα</span> <span class='ocrx_word' id='word_1_641' title='bbox 2881 4155 2896 4179; x_wconf 95' lang='grc'><strong>,</strong></span> <span class='ocrx_word' id='word_1_642' title='bbox 2921 4117 3002 4179; x_wconf 83' lang='grc' dir='ltr'><strong>είς</strong></span> <span class='ocrx_word' id='word_1_643' title='bbox 3026 4115 3199 4185; x_wconf 83' lang='grc' dir='ltr'>πέρας</span> <span class='ocrx_word' id='word_1_644' title='bbox 3230 4111 3507 4167; x_wconf 90' lang='grc' dir='ltr'>ἀνατελεῖν</span> <span class='ocrx_word' id='word_1_645' title='bbox 3541 4125 3728 4179; x_wconf 72' lang='grc' dir='ltr'>φησιν,</span> 
     </span>
    </p>
   </div>
   <div class='ocr_carea' id='block_1_82' title="bbox 2156 4199 3730 4279">
    <p class='ocr_par' dir='ltr' id='par_1_82' title="bbox 2156 4199 3730 4279">
     <span class='ocr_line' id='line_1_82' title="bbox 2156 4199 3730 4279; baseline -0.005 -20"><span class='ocrx_word' id='word_1_646' title='bbox 2156 4208 2247 4260; x_wconf 79' lang='grc' dir='ltr'><strong>ἐπὶ</strong></span> <span class='ocrx_word' id='word_1_647' title='bbox 2291 4208 2570 4279; x_wconf 70' lang='grc' dir='ltr'>συντελείᾳ</span> <span class='ocrx_word' id='word_1_648' title='bbox 2597 4207 2706 4262; x_wconf 88' lang='grc' dir='ltr'><strong>τῶν</strong></span> <span class='ocrx_word' id='word_1_649' title='bbox 2739 4205 2968 4260; x_wconf 74' lang='grc' dir='ltr'>αἰώνων.</span> <span class='ocrx_word' id='word_1_650' title='bbox 3001 4199 3072 4277; x_wconf 74' lang='grc' dir='ltr'><strong>⁷ῼ</strong></span> <span class='ocrx_word' id='word_1_651' title='bbox 3118 4204 3330 4273; x_wconf 82' lang='grc' dir='ltr'>συνᾴδει</span> <span class='ocrx_word' id='word_1_652' title='bbox 3373 4203 3468 4255; x_wconf 74' lang='grc' dir='ltr'>καὶ</span> <span class='ocrx_word' id='word_1_653' title='bbox 3494 4203 3522 4254; x_wconf 88' lang='grc' dir='ltr'>ὁ</span> <span class='ocrx_word' id='word_1_654' title='bbox 3553 4202 3730 4270; x_wconf 85' lang='grc' dir='ltr'>Ζαχα-</span> 
     </span>
    </p>
   </div>
   <div class='ocr_carea' id='block_1_83' title="bbox 2161 4289 3729 4369">
    <p class='ocr_par' dir='ltr' id='par_1_83' title="bbox 2161 4289 3729 4369">
     <span class='ocr_line' id='line_1_83' title="bbox 2161 4289 3729 4369; baseline -0.004 -19"><span class='ocrx_word' id='word_1_655' title='bbox 2161 4299 2300 4369; x_wconf 84' lang='grc' dir='ltr'>ρίας,</span> <span class='ocrx_word' id='word_1_656' title='bbox 2323 4298 2493 4366; x_wconf 84' lang='grc' dir='ltr'>λέγων</span> <span class='ocrx_word' id='word_1_657' title='bbox 2515 4316 2527 4327; x_wconf 64' lang='grc' dir='ltr'><strong>ν</strong></span> <span class='ocrx_word' id='word_1_658' title='bbox 2554 4318 2571 4348; x_wconf 79' lang='grc' dir='ltr'><strong>ι</strong></span> <span class='ocrx_word' id='word_1_659' title='bbox 2615 4298 2744 4351; x_wconf 85' lang='grc' dir='ltr'>Ἰδοὺ</span> <span class='ocrx_word' id='word_1_660' title='bbox 2775 4296 2936 4367; x_wconf 80' lang='grc' dir='ltr'>ἀνὴρ,</span> <span class='ocrx_word' id='word_1_661' title='bbox 2973 4294 3227 4366; x_wconf 79' lang='grc' dir='ltr'>Ἀνατολὴ</span> <span class='ocrx_word' id='word_1_662' title='bbox 3242 4295 3411 4364; x_wconf 73' lang='grc' dir='ltr'>ὄνομα</span> <span class='ocrx_word' id='word_1_663' title='bbox 3437 4289 3606 4361; x_wconf 76' lang='grc' dir='ltr'>αὐτῷ,</span> <span class='ocrx_word' id='word_1_664' title='bbox 3634 4289 3729 4343; x_wconf 73' lang='grc' dir='ltr'><strong>καὶ</strong></span> 
     </span>
    </p>
   </div>
   <div class='ocr_carea' id='block_1_84' title="bbox 2158 4379 3730 4460">
    <p class='ocr_par' dir='ltr' id='par_1_84' title="bbox 2158 4379 3730 4460">
     <span class='ocr_line' id='line_1_84' title="bbox 2158 4379 3730 4460; baseline -0.006 -14"><span class='ocrx_word' id='word_1_665' title='bbox 2158 4391 2510 4446; x_wconf 84' lang='grc' dir='ltr'>ὑποκάτωθεν</span> <span class='ocrx_word' id='word_1_666' title='bbox 2545 4389 2710 4444; x_wconf 80' lang='grc' dir='ltr'>αὐτοῦ</span> <span class='ocrx_word' id='word_1_667' title='bbox 2749 4390 3003 4460; x_wconf 66' lang='grc' dir='ltr'>ἀνατολὴ.</span> <span class='ocrx_word' id='word_1_668' title='bbox 3038 4409 3056 4439; x_wconf 67' lang='grc' dir='ltr'><strong>ι</strong></span> <span class='ocrx_word' id='word_1_669' title='bbox 3091 4389 3201 4441; x_wconf 70' lang='grc' dir='ltr'><strong>Καὶ</strong></span> <span class='ocrx_word' id='word_1_670' title='bbox 3241 4388 3333 4439; x_wconf 86' lang='grc' dir='ltr'><strong>τὸν</strong></span> <span class='ocrx_word' id='word_1_671' title='bbox 3377 4384 3564 4457; x_wconf 88' lang='grc' dir='ltr'>χρόνον</span> <span class='ocrx_word' id='word_1_672' title='bbox 3598 4379 3730 4436; x_wconf 69' lang='grc' dir='ltr'>ὑπο-</span> 
     </span>
    </p>
   </div>
   <div class='ocr_carea' id='block_1_85' title="bbox 2159 4475 3730 4556">
    <p class='ocr_par' dir='ltr' id='par_1_85' title="bbox 2159 4475 3730 4556">
     <span class='ocr_line' id='line_1_85' title="bbox 2159 4475 3730 4556; baseline -0.008 -17"><span class='ocrx_word' id='word_1_673' title='bbox 2159 4483 2435 4556; x_wconf 83' lang='grc' dir='ltr'>σημαίνων</span> <span class='ocrx_word' id='word_1_674' title='bbox 2464 4485 2492 4536; x_wconf 89' lang='grc' dir='ltr'><strong>ό</strong></span> <span class='ocrx_word' id='word_1_675' title='bbox 2524 4483 2683 4546; x_wconf 81' lang='grc' dir='ltr'>αὐτὸς</span> <span class='ocrx_word' id='word_1_676' title='bbox 2706 4481 2972 4550; x_wconf 64' lang='grc' dir='ltr'>ἐπιλέγεγ</span> <span class='ocrx_word' id='word_1_677' title='bbox 3006 4500 3022 4531; x_wconf 79' lang='grc' dir='ltr'><strong>ι</strong></span> <span class='ocrx_word' id='word_1_678' title='bbox 3053 4479 3128 4532; x_wconf 81' lang='grc' dir='ltr'><strong>Τὸ</strong></span> <span class='ocrx_word' id='word_1_679' title='bbox 3161 4479 3295 4550; x_wconf 78' lang='grc' dir='ltr'>πρὸς</span> <span class='ocrx_word' id='word_1_680' title='bbox 3319 4475 3552 4549; x_wconf 77' lang='grc' dir='ltr'>ἑσπέραν</span> <span class='ocrx_word' id='word_1_681' title='bbox 3577 4475 3730 4528; x_wconf 78' lang='grc' dir='ltr'>ἐσται</span> 
     </span>
    </p>
   </div>
   <div class='ocr_carea' id='block_1_86' title="bbox 2159 4561 3730 4648">
    <p class='ocr_par' dir='ltr' id='par_1_86' title="bbox 2159 4561 3730 4648">
     <span class='ocr_line' id='line_1_86' title="bbox 2159 4561 3730 4648; baseline -0.009 -16"><span class='ocrx_word' id='word_1_682' title='bbox 2159 4578 2294 4648; x_wconf 74' lang='grc' dir='ltr'>φῶς.</span> <span class='ocrx_word' id='word_1_683' title='bbox 2340 4577 2462 4630; x_wconf 81' lang='grc' dir='ltr'>Ἐἀν</span> <span class='ocrx_word' id='word_1_684' title='bbox 2523 4575 2826 4647; x_wconf 80' lang='grc' dir='ltr'>ὑστερήσῃ,</span> <span class='ocrx_word' id='word_1_685' title='bbox 2868 4573 3158 4643; x_wconf 86' lang='grc' dir='ltr'>ὑπόμεινον</span> <span class='ocrx_word' id='word_1_686' title='bbox 3189 4570 3376 4623; x_wconf 82' lang='grc' dir='ltr'>αὐτόν·</span> <span class='ocrx_word' id='word_1_687' title='bbox 3411 4588 3428 4621; x_wconf 75' lang='grc' dir='ltr'><strong>ι</strong></span> <span class='ocrx_word' id='word_1_688' title='bbox 3464 4567 3580 4621; x_wconf 80' lang='grc' dir='ltr'>ἀνθ’</span> <span class='ocrx_word' id='word_1_689' title='bbox 3612 4561 3671 4619; x_wconf 71' lang='grc' dir='ltr'>οὗ</span> <span class='ocrx_word' id='word_1_690' title='bbox 3702 4567 3730 4617; x_wconf 89' lang='lat'><strong>6</strong></span> 
     </span>
    </p>
   </div>
   <div class='ocr_carea' id='block_1_87' title="bbox 479 4659 2050 4746">
    <p class='ocr_par' dir='ltr' id='par_1_87' title="bbox 479 4675 2049 4746">
     <span class='ocr_line' id='line_1_87' title="bbox 479 4675 2049 4746; baseline 0.001 -17"><span class='ocrx_word' id='word_1_691' title='bbox 479 4675 655 4746; x_wconf 76' lang='lat' dir='ltr'><strong>git&quot;:</strong></span> <span class='ocrx_word' id='word_1_692' title='bbox 693 4694 712 4727; x_wconf 80' lang='grc' dir='ltr'><strong>ι</strong></span> <span class='ocrx_word' id='word_1_693' title='bbox 752 4677 832 4730; x_wconf 84' lang='lat' dir='ltr'><strong>Ad</strong></span> <span class='ocrx_word' id='word_1_694' title='bbox 861 4692 1144 4746; x_wconf 83' lang='lat' dir='ltr'><strong>vesperam</strong></span> <span class='ocrx_word' id='word_1_695' title='bbox 1175 4679 1280 4731; x_wconf 88' lang='lat' dir='ltr'><strong>erit</strong></span> <span class='ocrx_word' id='word_1_696' title='bbox 1303 4677 1507 4742; x_wconf 90' lang='lat' dir='ltr'><strong>lumen,</strong></span> <span class='ocrx_word' id='word_1_697' title='bbox 1533 4677 1579 4732; x_wconf 89' lang='lat' dir='ltr'><strong>si</strong></span> <span class='ocrx_word' id='word_1_698' title='bbox 1613 4677 1822 4732; x_wconf 90' lang='lat' dir='ltr'><strong>tardius</strong></span> <span class='ocrx_word' id='word_1_699' title='bbox 1847 4679 2049 4740; x_wconf 88' lang='lat' dir='ltr'><strong>veniet,</strong></span> 
     </span>
    </p>
   </div>
   <div class='ocr_carea' id='block_1_88' title="bbox 2156 4659 3729 4746">
    <p class='ocr_par' dir='ltr' id='par_1_88' title="bbox 2171 4659 3729 4739">
     <span class='ocr_line' id='line_1_88' title="bbox 2171 4659 3729 4739; baseline -0.008 -15"><span class='ocrx_word' id='word_1_700' title='bbox 2171 4671 2404 4733; x_wconf 79' lang='grc' dir='ltr'>Ἀκύλας</span> <span class='ocrx_word' id='word_1_701' title='bbox 2451 4669 2778 4739; x_wconf 85' lang='grc' dir='ltr'>πεποίηκεν·</span> <span class='ocrx_word' id='word_1_702' title='bbox 2820 4685 2838 4718; x_wconf 81' lang='grc' dir='ltr'><strong>ι</strong></span> <span class='ocrx_word' id='word_1_703' title='bbox 2880 4666 3005 4720; x_wconf 81' lang='grc' dir='ltr'><strong>Ἐὰν</strong></span> <span class='ocrx_word' id='word_1_704' title='bbox 3047 4664 3103 4718; x_wconf 88' lang='grc' dir='ltr'><strong>δέ</strong></span> <span class='ocrx_word' id='word_1_705' title='bbox 3138 4661 3398 4734; x_wconf 82' lang='grc' dir='ltr'>μελλήσῃ,</span> <span class='ocrx_word' id='word_1_706' title='bbox 3434 4659 3729 4732; x_wconf 80' lang='grc' dir='ltr'>προσδέχου</span> 
     </span>
    </p>
   </div>
   <div class='ocr_carea' id='block_1_89' title="bbox 481 4767 2055 4839">
    <p class='ocr_par' dir='ltr' id='par_1_89' title="bbox 481 4767 2055 4839">
     <span class='ocr_line' id='line_1_89' title="bbox 481 4767 2055 4839; baseline 0.001 -17"><span class='ocrx_word' id='word_1_707' title='bbox 481 4775 741 4838; x_wconf 81' lang='lat' dir='ltr'><strong>exspecta</strong></span> <span class='ocrx_word' id='word_1_708' title='bbox 776 4768 949 4821; x_wconf 90' lang='lat' dir='ltr'><strong>illum.</strong></span> <span class='ocrx_word' id='word_1_709' title='bbox 985 4789 1004 4820; x_wconf 72' lang='grc' dir='ltr'><strong>ι</strong></span> <span class='ocrx_word' id='word_1_710' title='bbox 1029 4767 1137 4823; x_wconf 87' lang='lat' dir='ltr'><strong>Pro</strong></span> <span class='ocrx_word' id='word_1_711' title='bbox 1167 4784 1278 4838; x_wconf 94' lang='lat' dir='ltr'><strong>quo</strong></span> <span class='ocrx_word' id='word_1_712' title='bbox 1306 4769 1502 4839; x_wconf 81' lang='lat' dir='ltr'><strong>Aquila</strong></span> <span class='ocrx_word' id='word_1_713' title='bbox 1538 4768 1619 4824; x_wconf 93' lang='lat' dir='ltr'><strong>sic</strong></span> <span class='ocrx_word' id='word_1_714' title='bbox 1646 4768 1883 4824; x_wconf 88' lang='lat' dir='ltr'><strong>reddidit</strong></span> <span class='ocrx_word' id='word_1_715' title='bbox 1908 4784 1918 4817; x_wconf 92' lang='lat'>:</span> <span class='ocrx_word' id='word_1_716' title='bbox 1947 4787 1965 4820; x_wconf 79' lang='grc' dir='ltr'><strong>ι</strong></span> <span class='ocrx_word' id='word_1_717' title='bbox 1997 4767 2055 4823; x_wconf 88' lang='lat' dir='ltr'><strong>Si</strong></span> 
     </span>
    </p>
   </div>
   <div class='ocr_carea' id='block_1_90' title="bbox 482 4857 2057 4930">
    <p class='ocr_par' dir='ltr' id='par_1_90' title="bbox 482 4857 2057 4930">
     <span class='ocr_line' id='line_1_90' title="bbox 482 4857 2057 4930; baseline 0.003 -18"><span class='ocrx_word' id='word_1_718' title='bbox 482 4873 612 4912; x_wconf 87' lang='lat' dir='ltr'><strong>vero</strong></span> <span class='ocrx_word' id='word_1_719' title='bbox 664 4857 1034 4923; x_wconf 75' lang='lat' dir='ltr'><strong>cunctabitur,</strong></span> <span class='ocrx_word' id='word_1_720' title='bbox 1074 4860 1260 4929; x_wconf 87' lang='lat' dir='ltr'><strong>accipe</strong></span> <span class='ocrx_word' id='word_1_721' title='bbox 1302 4860 1476 4928; x_wconf 90' lang='lat' dir='ltr'><strong>illum,</strong></span> <span class='ocrx_word' id='word_1_722' title='bbox 1521 4859 1782 4930; x_wconf 90' lang='lat' dir='ltr'><strong>quoniam</strong></span> <span class='ocrx_word' id='word_1_723' title='bbox 1833 4860 2057 4916; x_wconf 89' lang='lat' dir='ltr'><strong>veniens</strong></span> 
     </span>
    </p>
   </div>
   <div class='ocr_carea' id='block_1_91' title="bbox 483 4947 2057 5013">
    <p class='ocr_par' dir='ltr' id='par_1_91' title="bbox 483 4947 2057 5013">
     <span class='ocr_line' id='line_1_91' title="bbox 483 4947 2057 5013; baseline 0.001 -8"><span class='ocrx_word' id='word_1_724' title='bbox 483 4951 684 5013; x_wconf 75' lang='lat' dir='ltr'><strong>veniet,</strong></span> <span class='ocrx_word' id='word_1_725' title='bbox 713 4956 768 5004; x_wconf 93' lang='lat' dir='ltr'><strong>et</strong></span> <span class='ocrx_word' id='word_1_726' title='bbox 805 4947 916 5003; x_wconf 83' lang='lat' dir='ltr'><strong>n&#39;on</strong></span> <span class='ocrx_word' id='word_1_727' title='bbox 967 4949 1223 5005; x_wconf 89' lang='lat' dir='ltr'><strong>tardabit.</strong></span> <span class='ocrx_word' id='word_1_728' title='bbox 1268 4971 1286 5002; x_wconf 77' lang='grc' dir='ltr'><strong>ι</strong></span> <span class='ocrx_word' id='word_1_729' title='bbox 1326 4950 1400 5007; x_wconf 88' lang='lat' dir='ltr'><strong>De</strong></span> <span class='ocrx_word' id='word_1_730' title='bbox 1443 4951 1546 5006; x_wconf 89' lang='lat' dir='ltr'><strong>hoc</strong></span> <span class='ocrx_word' id='word_1_731' title='bbox 1581 4960 1763 5006; x_wconf 90' lang='lat' dir='ltr'><strong>autem</strong></span> <span class='ocrx_word' id='word_1_732' title='bbox 1811 4952 2057 5006; x_wconf 89' lang='lat' dir='ltr'><strong>meminit</strong></span> 
     </span>
    </p>
   </div>
   <div class='ocr_carea' id='block_1_92' title="bbox 482 5041 2054 5115">
    <p class='ocr_par' dir='ltr' id='par_1_92' title="bbox 482 5041 2054 5115">
     <span class='ocr_line' id='line_1_92' title="bbox 482 5041 2054 5115; baseline 0 -17"><span class='ocrx_word' id='word_1_733' title='bbox 482 5043 649 5098; x_wconf 88' lang='lat' dir='ltr'><strong>etiam</strong></span> <span class='ocrx_word' id='word_1_734' title='bbox 680 5043 748 5098; x_wconf 90' lang='lat' dir='ltr'><strong>ad</strong></span> <span class='ocrx_word' id='word_1_735' title='bbox 779 5041 1038 5098; x_wconf 69' lang='lat' dir='ltr'><strong>Hebraeos</strong></span> <span class='ocrx_word' id='word_1_736' title='bbox 1071 5042 1335 5114; x_wconf 80' lang='lat' dir='ltr'><strong>Epistula,</strong></span> <span class='ocrx_word' id='word_1_737' title='bbox 1365 5044 1456 5099; x_wconf 88' lang='lat' dir='ltr'><strong>ubi</strong></span> <span class='ocrx_word' id='word_1_738' title='bbox 1487 5045 1562 5098; x_wconf 84' lang='lat' dir='ltr'><strong>ait</strong></span> <span class='ocrx_word' id='word_1_739' title='bbox 1591 5064 1604 5100; x_wconf 94' lang='lat'><strong>:</strong></span> <span class='ocrx_word' id='word_1_740' title='bbox 1643 5062 1661 5095; x_wconf 75' lang='grc' dir='ltr'><strong>ι</strong></span> <span class='ocrx_word' id='word_1_741' title='bbox 1684 5043 1861 5099; x_wconf 87' lang='lat' dir='ltr'><strong>Nolite</strong></span> <span class='ocrx_word' id='word_1_742' title='bbox 1891 5044 2054 5115; x_wconf 89' lang='lat' dir='ltr'><strong>igitur</strong></span> 
     </span>
    </p>
   </div>
   <div class='ocr_carea' id='block_1_93' title="bbox 481 5135 2059 5208">
    <p class='ocr_par' dir='ltr' id='par_1_93' title="bbox 481 5135 2059 5208">
     <span class='ocr_line' id='line_1_93' title="bbox 481 5135 2059 5208; baseline 0 -16"><span class='ocrx_word' id='word_1_743' title='bbox 481 5136 724 5206; x_wconf 78' lang='lat' dir='ltr'><strong>adjicere</strong></span> <span class='ocrx_word' id='word_1_744' title='bbox 756 5135 1144 5192; x_wconf 89' lang='lat' dir='ltr'><strong>conﬁdentiam</strong></span> <span class='ocrx_word' id='word_1_745' title='bbox 1184 5145 1443 5200; x_wconf 89' lang='lat' dir='ltr'><strong>vestram,</strong></span> <span class='ocrx_word' id='word_1_746' title='bbox 1477 5152 1596 5207; x_wconf 59' lang='lat' dir='ltr'><strong>qua!</strong></span> <span class='ocrx_word' id='word_1_747' title='bbox 1614 5152 1862 5208; x_wconf 77' lang='lat' dir='ltr'><strong>magnam</strong></span> <span class='ocrx_word' id='word_1_748' title='bbox 1895 5136 2059 5192; x_wconf 86' lang='lat' dir='ltr'><strong>habet</strong></span> 
     </span>
    </p>
   </div>
   <div class='ocr_carea' id='block_1_94' title="bbox 483 5225 2055 5284">
    <p class='ocr_par' dir='ltr' id='par_1_94' title="bbox 483 5225 2055 5284">
     <span class='ocr_line' id='line_1_94' title="bbox 483 5225 2055 5284; baseline -0.002 0"><span class='ocrx_word' id='word_1_749' title='bbox 483 5228 1002 5284; x_wconf 86' lang='lat' dir='ltr'><strong>remunerationem.</strong></span> <span class='ocrx_word' id='word_1_750' title='bbox 1060 5225 1330 5282; x_wconf 86' lang='lat' dir='ltr'><strong>Patientia</strong></span> <span class='ocrx_word' id='word_1_751' title='bbox 1378 5229 1520 5282; x_wconf 90' lang='lat' dir='ltr'><strong>enim</strong></span> <span class='ocrx_word' id='word_1_752' title='bbox 1578 5228 1736 5284; x_wconf 86' lang='lat' dir='ltr'><strong>vobis</strong></span> <span class='ocrx_word' id='word_1_753' title='bbox 1798 5242 2055 5283; x_wconf 82' lang='lat' dir='ltr'><strong>necessa-</strong></span> 
     </span>
    </p>
   </div>
   <div class='ocr_carea' id='block_1_95' title="bbox 484 5319 2060 5390">
    <p class='ocr_par' dir='ltr' id='par_1_95' title="bbox 484 5319 2060 5390">
     <span class='ocr_line' id='line_1_95' title="bbox 484 5319 2060 5390; baseline 0 -16"><span class='ocrx_word' id='word_1_754' title='bbox 484 5322 566 5374; x_wconf 86' lang='lat' dir='ltr'><strong>ria</strong></span> <span class='ocrx_word' id='word_1_755' title='bbox 617 5330 721 5386; x_wconf 88' lang='lat' dir='ltr'><strong>est,</strong></span> <span class='ocrx_word' id='word_1_756' title='bbox 785 5329 844 5376; x_wconf 95' lang='lat' dir='ltr'><strong>ut</strong></span> <span class='ocrx_word' id='word_1_757' title='bbox 900 5321 1237 5376; x_wconf 83' lang='lat' dir='ltr'><strong>voluntatem</strong></span> <span class='ocrx_word' id='word_1_758' title='bbox 1274 5319 1368 5376; x_wconf 89' lang='lat' dir='ltr'><strong>Dei</strong></span> <span class='ocrx_word' id='word_1_759' title='bbox 1417 5320 1715 5385; x_wconf 82' lang='lat' dir='ltr'><strong>facientes,</strong></span> <span class='ocrx_word' id='word_1_760' title='bbox 1772 5319 2060 5390; x_wconf 80' lang='lat' dir='ltr'><strong>reponetis</strong></span> 
     </span>
    </p>
   </div>
   <div class='ocr_carea' id='block_1_96' title="bbox 484 5412 2057 5484">
    <p class='ocr_par' dir='ltr' id='par_1_96' title="bbox 484 5412 2057 5484">
     <span class='ocr_line' id='line_1_96' title="bbox 484 5412 2057 5484; baseline -0.004 -12"><span class='ocrx_word' id='word_1_761' title='bbox 484 5413 648 5482; x_wconf 82' lang='grc'><strong>277</strong></span> <span class='ocrx_word' id='word_1_762' title='bbox 689 5414 1136 5484; x_wconf 87' lang='lat' dir='ltr'><strong>promissionem.</strong></span> <span class='ocrx_word' id='word_1_763' title='bbox 1179 5412 1374 5468; x_wconf 79' lang='lat' dir='ltr'><strong>Adhuc</strong></span> <span class='ocrx_word' id='word_1_764' title='bbox 1412 5414 1558 5468; x_wconf 86' lang='lat' dir='ltr'><strong>enim</strong></span> <span class='ocrx_word' id='word_1_765' title='bbox 1598 5413 1871 5468; x_wconf 91' lang='lat' dir='ltr'><strong>modicum</strong></span> <span class='ocrx_word' id='word_1_766' title='bbox 1896 5453 1912 5476; x_wconf 92' lang='lat'><strong>,</strong></span> <span class='ocrx_word' id='word_1_767' title='bbox 1955 5413 2057 5467; x_wconf 90' lang='lat' dir='ltr'><strong>ali-</strong></span> 
     </span>
    </p>
   </div>
   <div class='ocr_carea' id='block_1_97' title="bbox 483 5507 2054 5578">
    <p class='ocr_par' dir='ltr' id='par_1_97' title="bbox 483 5507 2054 5578">
     <span class='ocr_line' id='line_1_97' title="bbox 483 5507 2054 5578; baseline 0 -19"><span class='ocrx_word' id='word_1_768' title='bbox 483 5507 961 5577; x_wconf 89' lang='lat' dir='ltr'><strong>quantulumque,</strong></span> <span class='ocrx_word' id='word_1_769' title='bbox 1005 5509 1100 5578; x_wconf 91' lang='lat' dir='ltr'><strong>qui</strong></span> <span class='ocrx_word' id='word_1_770' title='bbox 1147 5519 1410 5563; x_wconf 86' lang='lat' dir='ltr'><strong>venturus</strong></span> <span class='ocrx_word' id='word_1_771' title='bbox 1457 5515 1542 5564; x_wconf 91' lang='lat' dir='ltr'><strong>est</strong></span> <span class='ocrx_word' id='word_1_772' title='bbox 1586 5509 1802 5571; x_wconf 87' lang='lat' dir='ltr'><strong>veniet,</strong></span> <span class='ocrx_word' id='word_1_773' title='bbox 1847 5513 1902 5560; x_wconf 89' lang='lat' dir='ltr'><strong>et</strong></span> <span class='ocrx_word' id='word_1_774' title='bbox 1945 5521 2054 5560; x_wconf 91' lang='lat' dir='ltr'><strong>non</strong></span> 
     </span>
    </p>
   </div>
   <div class='ocr_carea' id='block_1_98' title="bbox 485 5596 2056 5667">
    <p class='ocr_par' dir='ltr' id='par_1_98' title="bbox 485 5596 2056 5667">
     <span class='ocr_line' id='line_1_98' title="bbox 485 5596 2056 5667; baseline 0 -17"><span class='ocrx_word' id='word_1_775' title='bbox 485 5597 743 5652; x_wconf 83' lang='lat' dir='ltr'><strong>tardabit.</strong></span> <span class='ocrx_word' id='word_1_776' title='bbox 788 5596 980 5654; x_wconf 81' lang='lat' dir='ltr'><strong>Justus</strong></span> <span class='ocrx_word' id='word_1_777' title='bbox 1009 5610 1188 5655; x_wconf 88' lang='lat' dir='ltr'><strong>autem</strong></span> <span class='ocrx_word' id='word_1_778' title='bbox 1223 5615 1287 5654; x_wconf 83' lang='lat' dir='ltr'><strong>ex</strong></span> <span class='ocrx_word' id='word_1_779' title='bbox 1321 5598 1424 5654; x_wconf 93' lang='lat' dir='ltr'><strong>ﬁde</strong></span> <span class='ocrx_word' id='word_1_780' title='bbox 1455 5614 1574 5655; x_wconf 86' lang='lat' dir='ltr'><strong>mea</strong></span> <span class='ocrx_word' id='word_1_781' title='bbox 1609 5599 1793 5664; x_wconf 83' lang='lat' dir='ltr'><strong>vivet;</strong></span> <span class='ocrx_word' id='word_1_782' title='bbox 1828 5596 1974 5667; x_wconf 92' lang='lat' dir='ltr'><strong>quod</strong></span> <span class='ocrx_word' id='word_1_783' title='bbox 2009 5596 2056 5650; x_wconf 89' lang='lat' dir='ltr'><strong>si</strong></span> 
     </span>
    </p>
   </div>
   <div class='ocr_carea' id='block_1_99' title="bbox 484 5686 2055 5760">
    <p class='ocr_par' dir='ltr' id='par_1_99' title="bbox 484 5686 2055 5760">
     <span class='ocr_line' id='line_1_99' title="bbox 484 5686 2055 5760; baseline -0.003 -16"><span class='ocrx_word' id='word_1_784' title='bbox 484 5689 820 5744; x_wconf 81' lang='lat' dir='ltr'><strong>subtraxerit</strong></span> <span class='ocrx_word' id='word_1_785' title='bbox 853 5705 914 5745; x_wconf 89' lang='lat' dir='ltr'><strong>se</strong></span> <span class='ocrx_word' id='word_1_786' title='bbox 934 5728 948 5747; x_wconf 89' lang='lat'><strong>.</strong></span> <span class='ocrx_word' id='word_1_787' title='bbox 982 5705 1090 5744; x_wconf 93' lang='lat' dir='ltr'><strong>non</strong></span> <span class='ocrx_word' id='word_1_788' title='bbox 1125 5691 1264 5746; x_wconf 74' lang='lat' dir='ltr'><strong>bene</strong></span> <span class='ocrx_word' id='word_1_789' title='bbox 1293 5690 1399 5745; x_wconf 90' lang='lat' dir='ltr'><strong>sibi</strong></span> <span class='ocrx_word' id='word_1_790' title='bbox 1431 5691 1606 5760; x_wconf 90' lang='lat' dir='ltr'><strong>placet</strong></span> <span class='ocrx_word' id='word_1_791' title='bbox 1638 5690 1817 5742; x_wconf 85' lang='lat' dir='ltr'><strong>anima</strong></span> <span class='ocrx_word' id='word_1_792' title='bbox 1849 5702 1967 5742; x_wconf 91' lang='lat' dir='ltr'><strong>mea</strong></span> <span class='ocrx_word' id='word_1_793' title='bbox 1998 5686 2055 5740; x_wconf 90' lang='lat' dir='ltr'><strong>in</strong></span> 
     </span>
    </p>
   </div>
   <div class='ocr_carea' id='block_1_100' title="bbox 2159 4750 3731 4832">
    <p class='ocr_par' dir='ltr' id='par_1_100' title="bbox 2159 4750 3731 4832">
     <span class='ocr_line' id='line_1_100' title="bbox 2159 4750 3731 4832; baseline -0.01 -14"><span class='ocrx_word' id='word_1_794' title='bbox 2159 4764 2353 4829; x_wconf 79' lang='grc' dir='ltr'>αὑτὸν,</span> <span class='ocrx_word' id='word_1_795' title='bbox 2381 4763 2462 4815; x_wconf 78' lang='grc' dir='ltr'>ὅτι</span> <span class='ocrx_word' id='word_1_796' title='bbox 2496 4761 2788 4832; x_wconf 79' lang='grc' dir='ltr'>ἐρχόμενος</span> <span class='ocrx_word' id='word_1_797' title='bbox 2831 4758 3114 4829; x_wconf 69' lang='grc' dir='ltr'>ἦξει,.καὶ</span> <span class='ocrx_word' id='word_1_798' title='bbox 3145 4757 3205 4808; x_wconf 83' lang='grc' dir='ltr'><strong>οὐ</strong></span> <span class='ocrx_word' id='word_1_799' title='bbox 3242 4755 3510 4827; x_wconf 87' lang='grc' dir='ltr'>βραδυνεῖ.</span> <span class='ocrx_word' id='word_1_800' title='bbox 3546 4772 3563 4804; x_wconf 78' lang='grc' dir='ltr'><strong>ι</strong></span> <span class='ocrx_word' id='word_1_801' title='bbox 3598 4750 3731 4804; x_wconf 69' lang='lat' dir='ltr'><strong>Tod-</strong></span> 
     </span>
    </p>
   </div>
   <div class='ocr_carea' id='block_1_101' title="bbox 2159 4844 3731 4925">
    <p class='ocr_par' dir='ltr' id='par_1_101' title="bbox 2159 4844 3731 4925">
     <span class='ocr_line' id='line_1_101' title="bbox 2159 4844 3731 4925; baseline -0.007 -16"><span class='ocrx_word' id='word_1_802' title='bbox 2159 4874 2251 4910; x_wconf 90' lang='grc' dir='ltr'><strong>του</strong></span> <span class='ocrx_word' id='word_1_803' title='bbox 2289 4855 2346 4908; x_wconf 83' lang='grc' dir='ltr'>δὲ</span> <span class='ocrx_word' id='word_1_804' title='bbox 2381 4855 2652 4925; x_wconf 84' lang='grc' dir='ltr'>μέμνηται</span> <span class='ocrx_word' id='word_1_805' title='bbox 2681 4851 2774 4905; x_wconf 76' lang='grc' dir='ltr'><strong>καὶ</strong></span> <span class='ocrx_word' id='word_1_806' title='bbox 2809 4853 2842 4922; x_wconf 83' lang='grc' dir='ltr'>ἡ</span> <span class='ocrx_word' id='word_1_807' title='bbox 2868 4851 3004 4922; x_wconf 86' lang='grc' dir='ltr'>πρὸς</span> <span class='ocrx_word' id='word_1_808' title='bbox 3036 4847 3319 4919; x_wconf 80' lang='grc' dir='ltr'>Ἐϐραίους</span> <span class='ocrx_word' id='word_1_809' title='bbox 3353 4844 3638 4915; x_wconf 84' lang='grc' dir='ltr'>Ἐπιστολὴ</span> <span class='ocrx_word' id='word_1_810' title='bbox 3663 4845 3731 4898; x_wconf 88' lang='grc' dir='ltr'>δι’</span> 
     </span>
    </p>
   </div>
   <div class='ocr_carea' id='block_1_102' title="bbox 2160 4935 3727 5017">
    <p class='ocr_par' dir='ltr' id='par_1_102' title="bbox 2160 4935 3727 5017">
     <span class='ocr_line' id='line_1_102' title="bbox 2160 4935 3727 5017; baseline -0.007 -16"><span class='ocrx_word' id='word_1_811' title='bbox 2160 4941 2235 5002; x_wconf 81' lang='grc' dir='ltr'>ὧν</span> <span class='ocrx_word' id='word_1_812' title='bbox 2265 4962 2428 5017; x_wconf 73' lang='grc' dir='ltr'>φησι*</span> <span class='ocrx_word' id='word_1_813' title='bbox 2468 4963 2485 4994; x_wconf 83' lang='grc' dir='ltr'><strong>ι</strong></span> <span class='ocrx_word' id='word_1_814' title='bbox 2523 4943 2614 5014; x_wconf 84' lang='grc' dir='ltr'><strong>Μὴ</strong></span> <span class='ocrx_word' id='word_1_815' title='bbox 2648 4940 2956 5011; x_wconf 81' lang='grc' dir='ltr'>ἀποϐάλητε</span> <span class='ocrx_word' id='word_1_816' title='bbox 2980 4935 3070 4994; x_wconf 81' lang='grc' dir='ltr'>οὖν</span> <span class='ocrx_word' id='word_1_817' title='bbox 3094 4938 3192 5010; x_wconf 85' lang='grc' dir='ltr'>τὴν</span> <span class='ocrx_word' id='word_1_818' title='bbox 3217 4938 3524 5010; x_wconf 76' lang='grc' dir='ltr'>παρρησίαν</span> <span class='ocrx_word' id='word_1_819' title='bbox 3554 4935 3727 5007; x_wconf 85' lang='grc' dir='ltr'>ὑμῶν,</span> 
     </span>
    </p>
   </div>
   <div class='ocr_carea' id='block_1_103' title="bbox 2159 5029 3728 5110">
    <p class='ocr_par' dir='ltr' id='par_1_103' title="bbox 2159 5029 3728 5110">
     <span class='ocr_line' id='line_1_103' title="bbox 2159 5029 3728 5110; baseline -0.007 -18"><span class='ocrx_word' id='word_1_820' title='bbox 2159 5041 2281 5110; x_wconf 78' lang='grc' dir='ltr'>ἥτις</span> <span class='ocrx_word' id='word_1_821' title='bbox 2325 5037 2437 5108; x_wconf 79' lang='grc' dir='ltr'>ἔχει</span> <span class='ocrx_word' id='word_1_822' title='bbox 2487 5034 2728 5108; x_wconf 87' lang='grc' dir='ltr'>μεγάλην</span> <span class='ocrx_word' id='word_1_823' title='bbox 2782 5031 3219 5104; x_wconf 85' lang='grc' dir='ltr'>μισθαποδοσίαν.</span> <span class='ocrx_word' id='word_1_824' title='bbox 3269 5029 3578 5100; x_wconf 81' lang='grc' dir='ltr'>’Υπομονῆς</span> <span class='ocrx_word' id='word_1_825' title='bbox 3625 5029 3728 5099; x_wconf 77' lang='grc' dir='ltr'>γὰρ</span> 
     </span>
    </p>
   </div>
   <div class='ocr_carea' id='block_1_104' title="bbox 2163 5121 3726 5204">
    <p class='ocr_par' dir='ltr' id='par_1_104' title="bbox 2163 5121 3726 5204">
     <span class='ocr_line' id='line_1_104' title="bbox 2163 5121 3726 5204; baseline -0.009 -18"><span class='ocrx_word' id='word_1_826' title='bbox 2163 5133 2314 5204; x_wconf 76' lang='grc' dir='ltr'>ἔχετε</span> <span class='ocrx_word' id='word_1_827' title='bbox 2343 5130 2531 5202; x_wconf 89' lang='grc' dir='ltr'>χρείαν</span> <span class='ocrx_word' id='word_1_828' title='bbox 2553 5169 2567 5194; x_wconf 97' lang='grc'><strong>,</strong></span> <span class='ocrx_word' id='word_1_829' title='bbox 2603 5129 2687 5181; x_wconf 80' lang='grc' dir='ltr'><strong>ἵνα</strong></span> <span class='ocrx_word' id='word_1_830' title='bbox 2708 5166 2722 5190; x_wconf 94' lang='grc'><strong>,</strong></span> <span class='ocrx_word' id='word_1_831' title='bbox 2753 5126 2811 5178; x_wconf 85' lang='grc' dir='ltr'><strong>τὸ</strong></span> <span class='ocrx_word' id='word_1_832' title='bbox 2841 5124 3050 5195; x_wconf 88' lang='grc' dir='ltr'>θέλημα</span> <span class='ocrx_word' id='word_1_833' title='bbox 3090 5122 3183 5176; x_wconf 86' lang='grc' dir='ltr'><strong>τοῦ</strong></span> <span class='ocrx_word' id='word_1_834' title='bbox 3207 5121 3342 5175; x_wconf 82' lang='grc' dir='ltr'>θεοῦ</span> <span class='ocrx_word' id='word_1_835' title='bbox 3372 5123 3726 5193; x_wconf 81' lang='grc' dir='ltr'>ποιήσαντες,</span> 
     </span>
    </p>
   </div>
   <div class='ocr_carea' id='block_1_105' title="bbox 2163 5215 3732 5297">
    <p class='ocr_par' dir='ltr' id='par_1_105' title="bbox 2163 5215 3732 5297">
     <span class='ocr_line' id='line_1_105' title="bbox 2163 5215 3732 5297; baseline -0.006 -18"><span class='ocrx_word' id='word_1_836' title='bbox 2163 5223 2459 5297; x_wconf 84' lang='grc' dir='ltr'>κομίσησθε</span> <span class='ocrx_word' id='word_1_837' title='bbox 2489 5221 2586 5292; x_wconf 78' lang='grc' dir='ltr'><strong>τὴν</strong></span> <span class='ocrx_word' id='word_1_838' title='bbox 2619 5218 2970 5288; x_wconf 86' lang='grc' dir='ltr'>ἐπαγγελίαν.</span> <span class='ocrx_word' id='word_1_839' title='bbox 3005 5218 3124 5269; x_wconf 89' lang='grc' dir='ltr'><strong>Ἔτι</strong></span> <span class='ocrx_word' id='word_1_840' title='bbox 3162 5215 3270 5285; x_wconf 89' lang='grc' dir='ltr'><strong>γάρ</strong></span> <span class='ocrx_word' id='word_1_841' title='bbox 3307 5216 3499 5287; x_wconf 81' lang='grc' dir='ltr'>μικρὸν</span> <span class='ocrx_word' id='word_1_842' title='bbox 3532 5216 3676 5278; x_wconf 87' lang='grc' dir='ltr'>ὅσον,</span> <span class='ocrx_word' id='word_1_843' title='bbox 3703 5216 3732 5270; x_wconf 85' lang='lat'><strong>6</strong></span> 
     </span>
    </p>
   </div>
   <div class='ocr_carea' id='block_1_106' title="bbox 2161 5304 3730 5388">
    <p class='ocr_par' dir='ltr' id='par_1_106' title="bbox 2161 5304 3730 5388">
     <span class='ocr_line' id='line_1_106' title="bbox 2161 5304 3730 5388; baseline -0.008 -17"><span class='ocrx_word' id='word_1_844' title='bbox 2161 5315 2454 5388; x_wconf 83' lang='grc' dir='ltr'>ἐρχόμενος</span> <span class='ocrx_word' id='word_1_845' title='bbox 2481 5311 2633 5382; x_wconf 72' lang='grc' dir='ltr'>ἥξει,</span> <span class='ocrx_word' id='word_1_846' title='bbox 2659 5310 2752 5363; x_wconf 74' lang='grc' dir='ltr'><strong>καὶ</strong></span> <span class='ocrx_word' id='word_1_847' title='bbox 2782 5309 2842 5361; x_wconf 83' lang='grc' dir='ltr'><strong>οὑ</strong></span> <span class='ocrx_word' id='word_1_848' title='bbox 2874 5309 3096 5379; x_wconf 81' lang='grc' dir='ltr'>χρονιεῖ.</span> <span class='ocrx_word' id='word_1_849' title='bbox 3142 5307 3199 5360; x_wconf 83' lang='grc' dir='ltr'><strong>Ὀ</strong></span> <span class='ocrx_word' id='word_1_850' title='bbox 3222 5307 3278 5360; x_wconf 82' lang='grc' dir='ltr'><strong>δὲ</strong></span> <span class='ocrx_word' id='word_1_851' title='bbox 3310 5306 3515 5369; x_wconf 84' lang='grc' dir='ltr'>δίκαιος</span> <span class='ocrx_word' id='word_1_852' title='bbox 3545 5307 3610 5359; x_wconf 88' lang='grc' dir='ltr'><strong>ἐκ</strong></span> <span class='ocrx_word' id='word_1_853' title='bbox 3644 5304 3730 5358; x_wconf 84' lang='grc' dir='ltr'>πί-</span> 
     </span>
    </p>
   </div>
   <div class='ocr_carea' id='block_1_107' title="bbox 2167 5397 3730 5476">
    <p class='ocr_par' dir='ltr' id='par_1_107' title="bbox 2167 5397 3730 5476">
     <span class='ocr_line' id='line_1_107' title="bbox 2167 5397 3730 5476; baseline -0.008 -14"><span class='ocrx_word' id='word_1_854' title='bbox 2167 5407 2335 5471; x_wconf 89' lang='grc' dir='ltr'>στεώς</span> <span class='ocrx_word' id='word_1_855' title='bbox 2381 5423 2482 5476; x_wconf 91' lang='grc' dir='ltr'><strong>μου</strong></span> <span class='ocrx_word' id='word_1_856' title='bbox 2519 5404 2740 5475; x_wconf 79' lang='grc' dir='ltr'>ζήσεται</span> <span class='ocrx_word' id='word_1_857' title='bbox 2760 5418 2773 5430; x_wconf 89' lang='grc'><strong>·</strong></span> <span class='ocrx_word' id='word_1_858' title='bbox 2804 5401 2897 5454; x_wconf 74' lang='grc' dir='ltr'>καὶ</span> <span class='ocrx_word' id='word_1_859' title='bbox 2937 5399 3032 5452; x_wconf 79' lang='grc' dir='ltr'><strong>ἐὰν</strong></span> <span class='ocrx_word' id='word_1_860' title='bbox 3066 5399 3479 5471; x_wconf 86' lang='grc' dir='ltr'>ὑποστείληται,</span> <span class='ocrx_word' id='word_1_861' title='bbox 3509 5399 3611 5452; x_wconf 80' lang='grc' dir='ltr'><strong>οὐκ</strong></span> <span class='ocrx_word' id='word_1_862' title='bbox 3643 5397 3730 5450; x_wconf 82' lang='grc' dir='ltr'><strong>εὐ-</strong></span> 
     </span>
    </p>
   </div>
   <div class='ocr_carea' id='block_1_108' title="bbox 2161 5490 3731 5568">
    <p class='ocr_par' dir='ltr' id='par_1_108' title="bbox 2161 5490 3731 5568">
     <span class='ocr_line' id='line_1_108' title="bbox 2161 5490 3731 5568; baseline -0.005 -16"><span class='ocrx_word' id='word_1_863' title='bbox 2161 5499 2307 5552; x_wconf 87' lang='grc' dir='ltr'>δοκεῖ</span> <span class='ocrx_word' id='word_1_864' title='bbox 2344 5499 2378 5568; x_wconf 82' lang='grc' dir='ltr'>ὴ</span> <span class='ocrx_word' id='word_1_865' title='bbox 2414 5496 2556 5566; x_wconf 78' lang='grc' dir='ltr'>ψυχή</span> <span class='ocrx_word' id='word_1_866' title='bbox 2596 5512 2696 5564; x_wconf 88' lang='grc' dir='ltr'><strong>μου</strong></span> <span class='ocrx_word' id='word_1_867' title='bbox 2736 5495 2794 5545; x_wconf 88' lang='grc' dir='ltr'><strong>ἐν</strong></span> <span class='ocrx_word' id='word_1_868' title='bbox 2825 5491 2988 5562; x_wconf 81' lang='grc' dir='ltr'>αὐτῷ.</span> <span class='ocrx_word' id='word_1_869' title='bbox 3024 5512 3042 5543; x_wconf 71' lang='grc' dir='ltr'><strong>ι</strong></span> <span class='ocrx_word' id='word_1_870' title='bbox 3082 5491 3191 5543; x_wconf 79' lang='grc' dir='ltr'><strong>Καὶ</strong></span> <span class='ocrx_word' id='word_1_871' title='bbox 3223 5492 3324 5561; x_wconf 83' lang='grc' dir='ltr'><strong>ὅρα</strong></span> <span class='ocrx_word' id='word_1_872' title='bbox 3354 5509 3440 5560; x_wconf 88' lang='grc' dir='ltr'><strong>γε,</strong></span> <span class='ocrx_word' id='word_1_873' title='bbox 3467 5492 3617 5554; x_wconf 79' lang='grc' dir='ltr'>ὅπως</span> <span class='ocrx_word' id='word_1_874' title='bbox 3648 5490 3731 5544; x_wconf 82' lang='grc' dir='ltr'>διὰ</span> 
     </span>
    </p>
   </div>
   <div class='ocr_carea' id='block_1_109' title="bbox 2159 5586 3729 5658">
    <p class='ocr_par' dir='ltr' id='par_1_109' title="bbox 2159 5586 3729 5658">
     <span class='ocr_line' id='line_1_109' title="bbox 2159 5586 3729 5658; baseline -0.004 -12"><span class='ocrx_word' id='word_1_875' title='bbox 2159 5593 2364 5647; x_wconf 80' lang='grc' dir='ltr'>τούτων</span> <span class='ocrx_word' id='word_1_876' title='bbox 2396 5589 2621 5658; x_wconf 76' lang='grc' dir='ltr'>ἀσαφῶς</span> <span class='ocrx_word' id='word_1_877' title='bbox 2650 5587 2901 5658; x_wconf 87' lang='grc' dir='ltr'>κείμενον</span> <span class='ocrx_word' id='word_1_878' title='bbox 2929 5586 2989 5639; x_wconf 75' lang='grc' dir='ltr'>τὸ</span> <span class='ocrx_word' id='word_1_879' title='bbox 3021 5587 3377 5658; x_wconf 79' lang='grc' dir='ltr'>προφητικὸν,</span> <span class='ocrx_word' id='word_1_880' title='bbox 3406 5587 3494 5640; x_wconf 82' lang='grc' dir='ltr'>διὰ</span> <span class='ocrx_word' id='word_1_881' title='bbox 3521 5587 3584 5640; x_wconf 84' lang='grc' dir='ltr'><strong>τὸ</strong></span> <span class='ocrx_word' id='word_1_882' title='bbox 3612 5586 3729 5641; x_wconf 77' lang='grc' dir='ltr'>καθ’</span> 
     </span>
    </p>
   </div>
   <div class='ocr_carea' id='block_1_110' title="bbox 2162 5678 3729 5756">
    <p class='ocr_par' dir='ltr' id='par_1_110' title="bbox 2162 5678 3729 5756">
     <span class='ocr_line' id='line_1_110' title="bbox 2162 5678 3729 5756; baseline -0.004 -16"><span class='ocrx_word' id='word_1_883' title='bbox 2162 5683 2467 5756; x_wconf 77' lang='grc' dir='ltr'>ὑπερϐατὸν</span> <span class='ocrx_word' id='word_1_884' title='bbox 2515 5680 2762 5754; x_wconf 77' lang='grc' dir='ltr'>εἰρῆσθαι</span> <span class='ocrx_word' id='word_1_885' title='bbox 2782 5717 2796 5742; x_wconf 88' lang='grc'><strong>,</strong></span> <span class='ocrx_word' id='word_1_886' title='bbox 2846 5679 2938 5731; x_wconf 80' lang='grc' dir='ltr'>ἐπὶ</span> <span class='ocrx_word' id='word_1_887' title='bbox 2962 5679 3022 5731; x_wconf 86' lang='grc' dir='ltr'><strong>τὸ</strong></span> <span class='ocrx_word' id='word_1_888' title='bbox 3053 5678 3440 5751; x_wconf 76' lang='grc' dir='ltr'>σαφέστερονή</span> <span class='ocrx_word' id='word_1_889' title='bbox 3478 5679 3729 5749; x_wconf 79' lang='grc' dir='ltr'>ἐπιστολὴ</span> 
     </span>
    </p>
   </div>
   <div class='ocr_carea' id='block_1_111' title="bbox 548 5897 3314 5979">
    <p class='ocr_par' dir='ltr' id='par_1_111' title="bbox 548 5897 3314 5979">
     <span class='ocr_line' id='line_1_111' title="bbox 548 5897 3314 5979; baseline -0.001 -13"><span class='ocrx_word' id='word_1_890' title='bbox 548 5897 592 5928; x_wconf 80' lang='grc'><strong>⁸⁸</strong></span> <span class='ocrx_word' id='word_1_891' title='bbox 643 5910 806 5968; x_wconf 74' lang='lat' dir='ltr'><strong>nich.</strong></span> <span class='ocrx_word' id='word_1_892' title='bbox 837 5929 909 5979; x_wconf 77' lang='lat' dir='ltr'><strong>Vl,</strong></span> <span class='ocrx_word' id='word_1_893' title='bbox 945 5910 1060 5967; x_wconf 83' lang='lat'><strong>6-8.</strong></span> <span class='ocrx_word' id='word_1_894' title='bbox 1140 5909 1647 5979; x_wconf 71' lang='lat' dir='ltr'><strong>’°Habac.u,2-4.</strong></span> <span class='ocrx_word' id='word_1_895' title='bbox 1724 5912 1765 5944; x_wconf 74' lang='grc' dir='ltr'><strong>τε</strong></span> <span class='ocrx_word' id='word_1_896' title='bbox 1796 5909 1939 5966; x_wconf 86' lang='lat' dir='ltr'><strong>Psal.</strong></span> <span class='ocrx_word' id='word_1_897' title='bbox 1968 5909 2223 5978; x_wconf 61' lang='lat'><strong>(“11,96</strong></span> <span class='ocrx_word' id='word_1_898' title='bbox 2320 5909 2780 5976; x_wconf 73' lang='lat' dir='ltr'><strong>&quot;Zach.vi,12.</strong></span> <span class='ocrx_word' id='word_1_899' title='bbox 2857 5907 3314 5976; x_wconf 75' lang='lat' dir='ltr'><strong>&quot;llabac.n,3.</strong></span> 
     </span>
    </p>
   </div>
  </div>
