3894 6536
136 468 229 521 ιιι

1040 467 1687 524 DEMONSTRATIONIS
1723 470 2179 526 EVANGELICAE
2219 471 2347 525 LIB.
2385 472 2475 528 Vl.

3261 478 3367 532 “2

129 591 414 662 διείληφεν.
457 587 521 639 Ἥ
556 589 654 658 μέν
685 589 791 658 γὰρ
819 590 916 659 τῆς
936 590 1265 659 προφητείας
1289 590 1452 655 λέξις,
1484 612 1500 643 ι
1523 593 1582 644 '0
1612 595 1674 663 ἐρ

1803 609 1868 648 eo
1897 593 1965 648 ".
2003 611 2022 644 ι
2055 592 2118 646 Ει
2172 608 2304 648 sane
2360 600 2582 663 specta,
2635 594 3090 664 quemadmodum
3141 599 3286 665 quod
3335 613 3366 650 a

130 684 376 751 χόμενος,
409 698 426 729 ι
461 680 648 748 φησὶν,
686 698 702 728 ι
734 679 850 749 ἥξει
871 720 885 743 ,
908 680 1003 732 καὶ
1030 681 1088 732 οὑ
1121 681 1374 750 χρονίσει.
1411 701 1429 733 ›
1458 683 1566 736 Καὶ
1589 684 1706 737 ἐπι-

132 775 317 844 ςέρει·
352 792 368 823 ι
409 771 537 823 Ἐὰν
559 771 1093 841 ὑποστείληται,οὑκ
1126 773 1393 846 εὑδοκείἠ
1425 775 1568 845 ψυχή
1601 793 1702 846 μου

131 871 188 920 ἐν
217 867 376 937 αύτῷ,
407 887 424 918 ι
456 868 593 937 ὅπερ
631 867 1052 936 συναπτόμενον,
1078 868 1370 936 ἀνάγεσθαι
1404 868 1604 934 δόξειεν
1637 868 1702 922 ἂν

132 962 226 1012 ἐπὶ
275 960 356 1013 τὸν
393 959 724 1030 ἐρχόμενον,
760 960 853 1012 καὶ
903 961 963 1012 οὑ
999 961 1345 1032 χρονίζοντα,
1379 963 1512 1032 ὅπερ
1556 962 1700 1015 ἐστὶν

131 1055 343 1107 ἄτοπον.
377 1052 503 1114 Πῶς
532 1051 641 1123 γὰρ
688 1054 774 1104 ἐπ’
817 1054 1022 1106 ἐκεῖνον
1068 1055 1293 1126 ἁρμόσει
1345 1056 1405 1108 τὸ
1447 1055 1698 1125 λέγεσθαι

135 1144 209 1214 μὴ
239 1144 466 1197 εὑδοκεῖν
495 1147 554 1198 ἐν
587 1144 736 1216 αὑτῷ
759 1145 849 1198 τὸν
884 1146 1013 1198 Θεόν
1035 1164 1048 1210 ;
1068 1148 1206 1200 Ἀλλ’
1231 1150 1262 1220 ἡ
1289 1150 1386 1219 τῆς
1414 1149 1698 1219 διαστολῆς

136 1236 422 1308 παράθεσις
450 1237 792 1302 ἐναλλάξασα.
825 1237 920 1309 τὴν
950 1238 1044 1292 τοῦ
1086 1240 1241 1308 λόγου
1290 1241 1559 1307 σύνταξιν,
1600 1242 1696 1314 τὴν

132 1331 355 1382 διάνοιαν
389 1328 653 1383 ἐσώσατο.
689 1330 843 1383 Μετὰ
869 1331 976 1403 γὰρ
999 1333 1079 1395 τὸ,
1118 1351 1136 1384 ι
1169 1334 1288 1386 Ἔτι
1325 1333 1518 1405 μικρὸν
1550 1335 1692 1400 ὅσον,

131 1422 157 1470 ὁ
185 1420 466 1490 ἐρχόμενος
492 1420 635 1490 ἥξει,
672 1422 764 1473 καὶ
787 1421 846 1473 οὑ
883 1422 1148 1493 χρονίσει,
1183 1442 1200 1474 ι
1228 1422 1352 1493 ἑξῆς
1379 1423 1580 1493 συνῆψε
1610 1423 1690 1486 τὸ,

138 1531 154 1560 ι
194 1511 325 1563 Ὀδέ
348 1510 555 1574 δίκαιος
589 1513 652 1563 ἐκ
691 1511 924 1574 πίστεως
953 1512 1197 1582 ζήσεται.
1227 1533 1243 1563 ι
1283 1509 1414 1566 Εἶτα
1441 1513 1502 1566 τὸ
1536 1515 1592 1566 ἐν
1624 1517 1689 1584 τῇ

133 1600 424 1672 προφητείᾳ
446 1601 664 1673 πρῶτον
686 1602 954 1672 κείμενον,
985 1601 1215 1668 ὑπέταξε
1243 1603 1491 1676 δεύτερον
1516 1606 1572 1657 ἐν
1591 1604 1687 1675 τῷ,

136 1714 152 1742 ι
182 1693 287 1745 Καὶ
316 1690 406 1744 ἐὰν
442 1692 855 1763 ὑποστείληται,
889 1695 987 1746 οὑκ
1036 1695 1242 1748 εὐδοκεῖ
1274 1697 1306 1766 ἡ
1339 1695 1480 1767 ψυχή
1509 1714 1607 1766 μου
1633 1699 1689 1750 ἐν

132 1784 290 1853 αὑτῷ.
328 1804 344 1834 ι
385 1784 568 1848 Ἀπαξ
599 1785 704 1856 γὰρ
737 1784 999 1849 θεσπίσας
1039 1787 1067 1838 ό
1106 1785 1260 1854 λόγος
1289 1787 1375 1839 διὰ
1410 1789 1507 1858 τῆς
1559 1806 1689 1859 προ-

131 1878 372 1948 φητείας,
406 1877 488 1930 ὅτι
517 1877 580 1950 δὴ
611 1876 669 1930 τὸ
696 1877 811 1946 φῶς
844 1878 903 1930 τὸ
937 1880 1070 1932 πᾶσι
1113 1882 1224 1944 τοῖς
1263 1879 1467 1932 ἔθνεσιν
1511 1883 1684 1951 ἐπηγ-

1806 685 2072 754 propheta
2121 685 2410 739 obscurius
2451 687 2688 755 positum
2729 693 2842 749 est,
2893 694 3180 757 propterea
3217 688 3360 758 quod

1803 791 1899 845 per
1933 777 2305 847 traiectionem
2342 779 2609 846 prolatum
2645 778 2738 840 sit,
2779 777 3022 846 Epistola
3054 779 3110 832 in
3139 795 3360 834 sensum

1803 868 2101 937 planiorem
2132 868 2512 933 transtulerit;
2549 869 2713 924 verba
2756 870 2901 924 enim
2943 871 3242 941 prophetiae
3279 872 3360 927 sic

1799 957 2002 1013 habent
2036 975 2050 1012 :
2085 976 2104 1009 ι
2138 957 2378 1014 Veniens
2406 960 2616 1024 veniet,
2649 971 2701 1014 et
2735 976 2846 1014 non
2880 962 3222 1029 morabitur;
3255 981 3274 1014 ι
3307 971 3360 1017 et

1800 1048 2045 1120 adjungit
2073 1069 2086 1105 :
2121 1068 2140 1101 ‹
2174 1048 2229 1104 Si
2264 1050 2599 1105 subtraxerit
2627 1067 2715 1114 se,
2748 1067 2855 1107 non
2887 1053 3024 1108 bene
3052 1054 3157 1109 sibi
3185 1054 3361 1124 placet

1801 1143 1984 1197 anima
2015 1158 2132 1197 mea
2166 1143 2220 1196 in
2252 1157 2338 1198 eo.
2373 1163 2391 1195 ι
2417 1142 2571 1208 Quod
2602 1143 2819 1209 quidem
2861 1145 2988 1199 dum
3025 1147 3096 1200 ita
3132 1147 3358 1216 conjun-

1794 1235 1958 1304 gitur,
1995 1234 2152 1290 facile
2187 1234 2533 1290 referendum
2568 1251 2690 1290 esse
2724 1237 2975 1291 videatur
3006 1238 3073 1292 ad
3106 1255 3228 1293 eum
3261 1241 3354 1310 qui

1793 1336 2057 1382 venturus
2082 1335 2164 1382 est
2183 1367 2197 1391 ,
2227 1335 2282 1382 et
2311 1343 2418 1382 non
2449 1328 2789 1395 morabitur;
2825 1336 2880 1382 at
2907 1329 2958 1383 id
2987 1331 3204 1400 quidem
3236 1347 3358 1401 per-

1792 1437 1955 1492 quam
1999 1420 2318 1476 absurdum.
2357 1421 2461 1487 Qui
2501 1423 2644 1477 enim
2688 1422 2805 1476 ﬁeri
2845 1432 3020 1492 potest
3059 1432 3118 1476 ut
3154 1425 3231 1479 illi
3265 1441 3357 1479 ac-

1791 1511 2168 1566 commodetur
2204 1512 2350 1582 quod
2390 1513 2611 1576 dicitur,
2654 1528 2764 1566 non
2803 1513 3019 1581 placere
3056 1514 3157 1567 sibi
3199 1515 3251 1566 in
3290 1530 3356 1570 eo

1789 1603 2026 1656 animam
2058 1619 2211 1658 suam
2231 1644 2244 1668 ,
2274 1603 2320 1659 si
2349 1603 2414 1659 de
2441 1602 2550 1659 Deo
2583 1603 2653 1658 sit
2689 1605 2912 1658 sermo?
2942 1602 3048 1658 Sed
3078 1604 3355 1659 distinctio

1787 1711 1908 1765 qua:
1937 1697 2182 1766 apposita
2213 1705 2332 1760 est,
2365 1711 2490 1751 cum
2533 1695 2824 1750 verborum
2871 1704 3204 1752 structuram
3235 1713 3358 1751 mu-

1788 1787 1984 1842 taverit
2003 1826 2017 1850 ,
2047 1802 2268 1843 sensum
2299 1790 2661 1845 conservavit.
2694 1788 2826 1842 Nam
2861 1797 2984 1858 post
3012 1789 3142 1843 illud
3168 1807 3180 1842 :
3208 1807 3226 1840 ι
3253 1789 3357 1843 Ad-

1787 1877 1893 1931 huc
1932 1877 2204 1933 modicum
2247 1879 2786 1949 aliquantulumque,
2826 1878 2922 1948 qui
2967 1885 3228 1933 venturus
3271 1887 3354 1933 est

133 1968 396 2038 γελμὲνον,
437 1968 526 2021 διὰ
559 1968 659 2038 τῆς
693 1969 930 2040 Χριστοῦ
976 1971 1277 2041 παρουσίας
1317 1971 1413 2040 ὸψὲ
1441 1973 1677 2026 ποτεεκαῖ

1785 1970 1990 2034 veniet,
2027 1978 2218 2026 etnon
2251 1943 2523 2038 tardabit,
2557 1990 2576 2024 ι
2604 1943 2861 2025 continuo
2895 1969 3140 2038 adiunxit
3175 1969 3349 2027 illud:

135 2061 352 2131 ἑσπέρας
393 2060 646 2114 ἀνατελεί
671 2101 685 2125 ,
739 2061 833 2114 καὶ
874 2062 935 2114 οὑ
972 2061 1314 2132 διαψεύσεται
1369 2063 1542 2133 (οὑτω
1579 2063 1685 2136 γὰρ

133 2152 243 2202 ἀντὶ
271 2151 376 2216 τοῦ,
412 2170 430 2202 ι
463 2151 560 2204 καὶ
594 2151 691 2204 οὑκ
728 2153 806 2214 εἰς
832 2153 1008 2214 κενὸν,
1045 2172 1063 2202 ι
1102 2154 1130 2205 ὁ
1163 2153 1390 2216 Ἀκύλας
1417 2155 1687 2224 ἡρμήνευ-

135 2247 234 2312 σεν)
255 2263 266 2273 ·
304 2245 490 2297 ἔπειτα
517 2244 606 2298 διὰ
636 2244 696 2297 τὸ
728 2243 940 2315 μέλλειν
968 2244 1064 2314 ὀψὲ
1085 2245 1177 2298 καὶ
1205 2244 1440 2315 ἑσπέρας
1469 2243 1684 2296 ἔσεσθαι

131 2336 219 2406 τὴν
235 2335 319 2388 τοῦ
341 2335 814 2407 προφητευομένου
841 2335 1160 2404 παρουσίαν,
1177 2337 1255 2398 είς
1281 2334 1556 2405 ὑπομονὴν
1582 2351 1685 2387 πα-

132 2429 414 2501 ρακαλέσας
430 2427 518 2480 διὰ
533 2427 679 2492 τοῦ,‹
705 2427 829 2481 Ἐὰν
849 2429 1142 2498 ὑστερήσῃ,
1161 2427 1450 2496 ὑπόμεινον
1467 2425 1645 2487 αὑτὸν,
1660 2445 1678 2476 ι

131 2522 159 2590 ἦ
191 2541 204 2570 ι
234 2522 318 2573 ἐὰν
361 2521 606 2592 μελλήσῃ
657 2520 953 2592 προσδέχου
992 2519 1188 2572 οιὺτόν⁸
1234 2520 1314 2572 ὃτι
1345 2519 1372 2569 ό
1395 2519 1683 2588 ἐρχόμενος

129 2613 234 2682 ἣξει
270 2615 359 2667 καὶ
401 2615 461 2666 οὑ
524 2613 603 2685 μὴ
654 2613 918 2685 χρονίσῃ,
961 2632 979 2664 ›
1044 2612 1136 2664 ἐπὶ
1197 2609 1294 2682 τὴν
1360 2610 1539 2663 πίστιν
1585 2610 1682 2680 τῆς

133 2708 460 2777 πφρρήσεως
503 2705 596 2758 τὸν
640 2704 912 2776 ἀκροατὴν
957 2705 1215 2775 παρορμᾷ
1253 2703 1463 2771 λέγων’
1525 2704 1583 2755 '0
1617 2703 1680 2774 δὴ

131 2799 315 2861 τούτοις
341 2797 648 2859 πιστεύων,
696 2797 754 2864 ἐξ
784 2797 953 2867 αὑτῆς
999 2796 1096 2866 τῆς
1133 2796 1366 2858 πίστεως
1405 2793 1566 2848 αὑτοῦ
1604 2793 1682 2846 δί-

131 2908 268 2953 aute;
293 2890 626 2961 ἀναδειχθεὶς
647 2929 662 2953 ,
693 2890 789 2961 τὴν
823 2888 963 2942 κατὰ
992 2889 1124 2941 Θεὸν
1156 2890 1378 2960 ζήσεται
1408 2888 1551 2959 ζωήν
1571 2906 1584 2917 ο
1605 2887 1680 2951 ὠς

131 2982 337 3051 ἔμπαλιν
359 2985 386 3035 ὸ
410 2981 676 3045 ἀπιστῶν,
700 2985 758 3035 ἐν
778 2976 858 3044 οἷς
881 2980 1255 3052 ὑποστείληται
1281 2979 1354 3051 μὴ
1379 2978 1674 3051 θαρσήσας,

132 3074 248 3146 μηδὲ
266 3074 629 3144 ἐμπιστεύσας
649 3077 759 3137 τοῖς
781 3076 826 3126 εί
834 3093 900 3146 ρη
911 3073 1111 3145 μένοις,
1125 3075 1224 3126 οὑκ
1251 3073 1460 3126 εὑδοκεῖ
1479 3074 1511 3142 ἡ
1532 3072 1674 3143 ψυχή

133 3183 218 3235 μου
248 3168 300 3218 ἐν
329 3166 496 3237 αύτῷ.
537 3166 746 3219 Οὑκοῦν
795 3167 885 3219 καὶ
919 3166 1070 3218 αὑτοὶ⁵
1098 3165 1306 3228 τούτοις
1337 3163 1670 3226 ἀκολούθως,

131 3258 487 3325 ἐναλλάξαντες
514 3259 575 3310 τὸ
604 3257 816 3329 πρῶτον
848 3257 1070 3329 ὓστερον
1091 3299 1105 3323 ,
1144 3258 1234 3311 καὶ
1271 3257 1590 3329 μεταθέντες
1615 3255 1674 3308 τὸ

1791 2078 1809 2111 ι
1843 2059 2034 2117 Justus
2075 2070 2255 2117 autem
2295 2078 2361 2118 ex
2402 2060 2509 2116 ﬁde"
2545 2062 2710 2125 vivet,
2744 2081 2761 2112 ι
2796 2060 3001 2116 Deinde
3036 2061 3167 2116 illud
3205 2059 3351 2131 quod

1785 2151 1840 2206 in
1881 2153 2168 2223 prophetia
2216 2155 2452 2225 primum
2491 2156 2724 2224 positum
2774 2163 2890 2218 est,
2942 2154 3183 2210 secundo
3231 2155 3351 2210 loco

1783 2245 2048 2313 subjecit,
2098 2246 2188 2299 ubi
2242 2246 2356 2299 ait:
2389 2265 2408 2296 ‹
2438 2245 2593 2312 Quod
2637 2247 2683 2299 si
2729 2247 3060 2301 subtraxerit
3105 2261 3191 2312 se,
3239 2261 3350 2301 non

1782 2335 1920 2391 bene
1971 2336 2074 2392 sibi
2111 2337 2286 2406 placet
2317 2337 2496 2391 anima
2526 2353 2644 2392 mea
2679 2337 2732 2391 in
2761 2353 2846 2390 eo.
2877 2357 2895 2389 ι
2919 2337 3054 2391 Cum
3087 2338 3231 2392 enim
3263 2353 3350 2393 se-

1780 2428 1886 2483 mel
1921 2428 2201 2482 oraculum
2235 2443 2330 2498 per
2361 2429 2533 2499 ipsam
2565 2429 2904 2498 prophetiam
2938 2429 3237 2493 cecinerit,
3272 2429 3350 2482 lu-

1781 2536 1897 2576 cem
1930 2520 2184 2575 omnibus
2221 2521 2547 2589 promissam
2589 2521 2842 2589 gentibus
2881 2536 2977 2589 per
3009 2519 3210 2575 Christi
3249 2520 3347 2574 ad-

1781 2620 1998 2668 ventum
2022 2612 2313 2682 aliquando
2337 2614 2552 2669 tandem
2579 2623 2632 2669 et
2655 2614 2718 2668 ad
2744 2627 3028 2683 vesperum
3057 2612 3344 2678 orituram,

1777 2712 1832 2758 et
1862 2720 1970 2758 non
2012 2704 2397 2760 frustraturam
2457 2707 2560 2775 (sic
2607 2707 2751 2760 enim
2804 2719 2904 2775 pro
2945 2720 3010 2760 eo
3061 2703 3206 2774 quod
3227 2712 3341 2768 est.

1785 2813 1804 2846 ι
1836 2803 1890 2849 et
1940 2811 2049 2850 non
2097 2797 2153 2850 in
2201 2812 2441 2861 vanum,
2475 2816 2492 2848 ι
2522 2797 2717 2866 Aquila
2763 2804 2848 2860 est
2894 2797 3342 2866 interpretatus);

1777 2886 1974 2942 deinde
2022 2886 2167 2956 quod
2220 2901 2344 2942 sero
2388 2894 2442 2942 et
2494 2887 2560 2940 ad
2613 2902 2896 2956 vesperum
2944 2885 3162 2941 futurus
3200 2894 3345 2942 esset

1777 2975 1928 3044 ejus,
1975 2976 2042 3030 de
2089 2992 2198 3046 quo
2240 2976 2526 3046 prophetia
2567 2977 2829 3045 loquitur,
2880 2975 3176 3040 adventus,
3222 2976 3344 3031 ideo

1776 3068 1883 3122 illis
1930 3067 2114 3122 verbis
2140 3109 2154 3132 ,
2189 3087 2206 3119 ι
2241 3065 2297 3122 Si
2329 3069 2540 3124 tardius
2572 3069 2784 3135 veniet,
2820 3075 3074 3138 exspecta
3104 3068 3287 3132 illum,
3317 3087 3337 3120 ι

1775 3159 1877 3221 vel,
1907 3177 1926 3209 ι
1951 3159 1997 3214 si
2018 3159 2390 3222 cunctabitur,
2419 3160 2604 3230 accipe
2628 3160 2776 3216 illum
2801 3177 2816 3225 ;
2842 3161 3098 3229 quoniam
3117 3159 3342 3214 veniens

1775 3251 1953 3306 veniet
1973 3290 1987 3316 ,
2013 3261 2198 3305 etnon
2226 3251 2502 3316 tardabit,
2534 3270 2552 3303 ›
2580 3251 2647 3305 ad
2671 3251 2984 3322 patientiam
3012 3265 3212 3306 vocans
3245 3266 3344 3305 au»

132 3349 327 3422 ὕστερον
357 3352 448 3404 ἐπὶ
470 3351 530 3403 τὸ
553 3349 787 3421 πρῶτον,
815 3350 1060 3421 σώσομεν
1081 3351 1168 3402 τὸν
1191 3349 1313 3402 von
1335 3349 1434 3418 τῆς
1455 3347 1670 3414 λέξεως,

1785 3313 2002 3398 iitorem
2024 3384 2038 3408 ,
2071 3350 2132 3398 ut
2156 3343 2414 3398 vaticinio
2443 3313 2598 3398 ﬁdem
2633 3313 2917 3411 adhibeat,
2950 3344 3222 3408 hortatur,
3256 3343 3343 3398 di-

133 3443 251 3510 μετὰ
273 3443 360 3506 τὸ,
397 3463 414 3494 ι
447 3445 566 3496 Ὅτι
592 3445 620 3495 ὁ
653 3443 942 3514 ἐρχόμενος
975 3442 1112 3513 ἥξει,
1149 3443 1240 3496 καὶ
1271 3443 1329 3494 οὑ
1353 3441 1619 3513 χρονίσει,
1651 3459 1669 3490 ι

131 3534 234 3586 καθ’
260 3535 556 3606 ὑτερδατὸν
585 3535 946 3596 συνάπτοντες
973 3535 1032 3588 τὸ
1054 3576 1068 3590 .
1109 3554 1126 3586 ‹
1168 3537 1225 3587 ὐ
1254 3534 1310 3586 δέ
1339 3533 1542 3598 δίκαιός
1573 3550 1672 3603 μου

132 3624 184 3674 ἐκ
228 3625 445 3688 πίστεως
493 3625 754 3695 ζήσεται,
795 3642 812 3674 ι
842 3623 935 3675 καὶ
969 3622 1142 3692 τούτῳ
1189 3621 1528 3689 ἐπιλέγοντες
1571 3619 1669 3681 τὸ,

136 3736 150 3765 ι
189 3717 300 3769 Ἐὰν
337 3717 752 3788 ὑποστείληται,
799 3717 902 3768 οὑκ
943 3714 1154 3788 εὑδοκεί
1195 3715 1228 3784 ἡ
1271 3711 1414 3783 ψυχή
1454 3729 1553 3782 μου
1613 3713 1670 3764 ἐν

133 3808 274 3878 αύτῷ.
295 3829 310 3859 ι
335 3809 515 3880 Ταύτῃ
541 3809 598 3862 δὲ
627 3811 722 3861 καὶ
743 3811 771 3861 ὁ
807 3785 1036 3869 Ἀκύλας
1067 3807 1132 3876 τῇ
1163 3804 1368 3874 διανοίᾳ
1392 3802 1670 3872 συντρέχει

135 3898 312 3966 λέγων·
341 3921 357 3951 ι
399 3901 524 3953 Ἐὰν
562 3900 800 3970 μελλήσῃ
829 3941 842 3962 ς
876 3897 1170 3969 προσδέχου
1202 3894 1383 3957 αὺτδνν
1413 3897 1494 3948 δτι
1519 3893 1674 3966 ἐφ’

142 4006 271 4057 μενος
297 3990 601 4054 ἐλεύσεται,
629 3991 722 4044 καὶ
753 3991 812 4042 οὑ
843 3988 1093 4059 βραδυνεῖ
1112 4006 1125 4018 ·
1170 3986 1276 4039 ίδοὺ
1304 3985 1670 4056 νωχελευομέ-

139 4098 230 4143 νου,
258 4085 347 4134 οὑκ
377 4081 561 4135 εύθεῖα
592 4080 792 4152 ήψυχή
831 4097 931 4152 μου
967 4082 1026 4132 ἐν
1056 4077 1223 4148 αὐτῷ,
1251 4077 1345 4129 καὶ
1375 4077 1580 4139 δίκαιος
1613 4077 1669 4127 ἐν

139 4173 285 4226 πίστει
317 4174 475 4227 αὑτοῦ
504 4174 744 4246 ζήσεται.
784 4193 802 4224 ›

1770 3450 1900 3490 cens
1920 3473 1934 3498 ,
1967 3451 2092 3490 eum
2120 3435 2213 3505 qui
2242 3435 2328 3489 bis
2358 3435 2522 3490 rebus
2551 3435 2878 3498 crediderit,
2908 3435 3000 3488 ubi
3031 3450 3097 3489 ex
3129 3449 3227 3489 sua
3257 3433 3340 3505 ip-

1770 3531 1885 3585 sius
1930 3529 2032 3582 ﬁde
2072 3529 2257 3601 justus
2299 3527 2611 3582 declaratus
2645 3526 2844 3584 fuerit.
2878 3525 3046 3578 vitam
3074 3540 3195 3594 quae
3229 3524 3338 3579 Deo

1768 3621 1998 3690 placeat,
2031 3617 2323 3680 victurum,
2360 3617 2501 3672 sicut
2532 3632 2562 3672 e
2619 3616 2916 3679 contrario,
2949 3615 3041 3684 qui
3082 3629 3190 3668 non
3218 3630 3340 3668 cre—

1767 3711 1994 3775 diderit,
2042 3709 2136 3764 ubi
2171 3708 2502 3764 subtraxerit
2543 3723 2640 3770 se,
2687 3720 2795 3760 non
2837 3704 3121 3759 conﬁdens
3160 3720 3336 3774 neque

1768 3801 1997 3855 credens
2027 3799 2114 3854 his
2145 3813 2266 3869 quae
2293 3797 2437 3852 dicta
2474 3803 2634 3862 sunt,
2672 3795 2912 3849 futurum
2958 3801 3018 3848 ut
3059 3809 3167 3848 non
3200 3793 3336 3848 bene

1769 3890 1871 3946 sibi
1899 3891 2110 3960 placeat
2133 3889 2312 3943 anima
2343 3889 2397 3942 in
2418 3903 2504 3944 eo.
2533 3883 2674 3958 Ergo
2695 3902 2796 3942 nos
2827 3901 3048 3955 quoque
3071 3888 3189 3954 ipsa
3221 3883 3334 3939 btec

1765 3993 2091 4053 sequentes,
2138 3982 2184 4037 si
2226 3981 2742 4036 commutaverimus
2785 3979 2861 4032 ita
2910 3988 2968 4032 ut
3002 3978 3147 4049 quod
3183 3977 3333 4048 prius

1765 4081 1882 4138 est,
1917 4072 2224 4142 posterius,
2255 4070 2402 4142 quod
2440 4086 2570 4126 vero
2615 4070 2889 4140 posterius
2925 4079 3042 4134 est,
3092 4070 3332 4124 transla-

1766 4173 1882 4219 tum
1930 4166 2084 4235 prius
2127 4163 2428 4228 faciamus,
2464 4179 2686 4218 sensum
2730 4164 3019 4218 verborum
3063 4163 3332 4232 integrum

136 4271 544 4326 conservabimus
571 4288 583 4323 :
621 4270 700 4325 sic
732 4270 876 4324 enim
912 4275 1035 4340 post
1079 4265 1231 4333 illud,
1267 4285 1284 4316 ι
1316 4264 1585 4330 Quoniam
1631 4263 1854 4318 veniens
1880 4261 2059 4315 veniet
2087 4267 2140 4314 et
2171 4274 2280 4313 non
2309 4259 2629 4322 morabitur,
2652 4276 2669 4310 ι
2709 4258 2892 4313 statim
2943 4255 3332 4327 subjungemus

133 4362 258 4430 illud,
285 4362 518 4421 «Justus
551 4373 730 4421 autem
755 4380 908 4420 meus
931 4381 996 4420 ex
1039 4363 1142 4418 ﬁde
1177 4363 1351 4426 vivet,
1385 4380 1402 4413 ›
1431 4370 1485 4414 et
1525 4359 1652 4413 huic
1689 4358 1792 4428 ipsi
1817 4365 2201 4412 connectemus
2224 4355 2356 4408 illud
2377 4373 2430 4418 ,ι
2457 4353 2512 4409 Si
2536 4354 2866 4408 subtraxerit
2915 4368 2994 4416 se,
3042 4367 3151 4406 non
3197 4351 3332 4405 bene

130 4459 214 4512 sibi
236 4461 403 4529 placet
431 4461 614 4514 anima
644 4475 765 4516 mea
792 4476 844 4514 ιη
877 4475 962 4516 eo.
998 4479 1016 4512 ι
1050 4459 1214 4528 278
1239 4456 1373 4512 Cum
1405 4457 1507 4510 hoc
1534 4469 1663 4510 vero
1702 4469 1866 4508 sensu
1902 4453 2065 4507 etiam
2091 4451 2286 4522 Aquila
2316 4450 2612 4506 concordat
2650 4449 2840 4505 dicens
2870 4467 2884 4503 :
2914 4467 2932 4500 ι
2999 4448 3054 4501 Si
3106 4453 3331 4500 cuncta-

126 4553 250 4609 bitur
276 4557 458 4628 accipe
492 4557 645 4611 illum
666 4597 681 4620 ,
710 4556 968 4627 quoniam
998 4555 1222 4610 veniens
1250 4553 1430 4608 veniet
1460 4561 1513 4607 et
1543 4566 1652 4605 non
1692 4549 1926 4604 tardabit
1951 4566 1964 4615 ;
1999 4563 2128 4604 ecce
2158 4548 2203 4602 si
2242 4547 2432 4602 tardus
2462 4546 2568 4609 sit,
2627 4559 2736 4599 non
2795 4550 2943 4599 recta
2977 4541 3156 4594 anima
3210 4550 3330 4592 mea

128 4651 170 4704 in
197 4667 288 4717 eo,
319 4661 372 4708 et
399 4653 591 4722 justus
623 4668 690 4708 ex
726 4652 830 4706 ﬁde
864 4652 1039 4721 ipsius
1073 4651 1235 4704 vivet.
1270 4669 1288 4702 ι

609 4767 1002 4821 κεφΑΑΑιοΝ
1044 4768 1143 4821 IE'.
1695 4783 1738 4837 ι)

133 4876 237 4932 Ἀπὸ
272 4881 377 4935 τοῦ
407 4879 617 4934 αὐτοῦ.
645 4908 714 4918 -
747 4879 839 4945 Ὠς
876 4879 1160 4947 ἐπίφοϐος
1200 4879 1238 4945 ἡ
1282 4878 1413 4944 περὶ
1453 4877 1561 4944 τῆς
1593 4877 1664 4943 ἐξ

172 4951 427 5016 οὐρανῶν
463 4949 724 5004 καθόδου
771 4951 875 5005 τοῦ
906 4949 1126 5016 Κυρίου
1169 4948 1319 5014 ἀκοὴ
1365 4948 1656 5016 τυγχάνει,

171 5021 256 5072 καὶ
289 5022 442 5089 μετὰ
488 5019 837 5088 ἐκπλήξεως
865 5020 936 5073 τὰ
963 5020 1104 5089 ἔργα
1135 5019 1341 5089 αὐτοῦ,
1383 5019 1659 5086 ἐλθόντος

170 5105 224 5142 τε
251 5087 436 5145 αὑτοῦ
492 5093 531 5159 ἡ
565 5087 856 5160 σύμπασα
891 5089 964 5159 τῆ
1005 5087 1113 5160 τῆς
1149 5087 1434 5160 αἰνέσεως
1479 5090 1664 5160 αὑτοῦ

172 5157 611 5227 πλησθήσεται,
645 5157 701 5214 ’ὅ
743 5160 806 5214 τέ
955 5157 1064 5226 τῆς
1101 5159 1324 5227 Καινῆς
1366 5157 1656 5230 Διαθήκης

170 5231 342 5310 αὐταῦ
394 5231 573 5300 λόγος
621 5234 710 5298 εἰς
751 5229 981 5296 πάντας
1033 5230 1383 5298 ἀνθρώπους
1429 5229 1656 5298 διαδρα-

167 5317 364 5366 μειται.

177 5431 194 5464 ι
219 5415 402 5486 Κύριε,
439 5414 738 5485 είσακήκοα
767 5413 865 5485 τὴν
892 5413 1059 5486 ἀκοήν
1091 5431 1204 5480 σου,
1239 5416 1333 5468 καὶ
1365 5414 1652 5486 ἐφοϐήθην.

119 5505 282 5576 Κύριε,
333 5505 635 5577 κατενόησα
685 5503 754 5558 τὰ
801 5504 936 5576 ἔργα
991 5523 1106 5570 σου,
1154 5507 1246 5558 καὶ
1301 5505 1557 5576 ἐξέστηνο
1601 5507 1658 5558 ἐν

122 5595 245 5667 μέσῳ
267 5597 357 5651 δύο
391 5595 548 5662 ζωῶν
591 5596 898 5670 γνωσθήοῃο
946 5597 1005 5649 ἐν
1040 5596 1119 5668 τῷ
1157 5597 1394 5666 ἐγγίζειν
1432 5596 1500 5650 τὰ
1539 5596 1654 5668 ἔτη,

118 5688 498 5760 ἐπιγνωσθήσῃο
543 5690 600 5741 ἐν
638 5688 716 5760 τῷ
747 5691 995 5760 παρεῖναι
1041 5689 1130 5742 τὸν
1164 5689 1374 5761 καιρὸν,
1435 5682 1648 5736 ἀναδει-

121 5778 368 5857 χθήςηοὲν
385 5783 463 5856 τῷ
499 5779 835 5852 ταραχθῆναι
883 5780 979 5852 τὴν
1022 5780 1201 5852 ψυχήν
1243 5799 1343 5853 μου
1388 5784 1447 5835 ἐν
1496 5782 1652 5854 ὀργῇ,

177 5937 214 5968 ⁷⁸
244 5936 400 5996 Hebr.
427 5952 480 6006 ι,
499 5935 689 5994 55ο38.

2361 4750 2586 4808 CAPUT
2626 4749 2738 4802 XV.

1771 4871 1849 4925 Ab
1884 4869 2080 4924 eodem.
2103 4897 2172 4908 —-
2197 4865 2348 4930 Quod
2407 4863 2653 4918 terribilis
2705 4863 2772 4916 sit
2803 4861 3016 4915 auditus
3052 4860 3326 4916 descensus

1843 4941 2053 4994 Domini
2086 4939 2148 4992 de
2179 4937 2335 4996 ca'lo,
2372 4945 2421 4988 et
2451 4935 2593 5003 facta
2628 4934 2775 4985 illius
2807 4949 2921 4985 cum
2953 4932 3324 4993 admiratione,

1840 5012 2076 5082 quodque
2124 5024 2246 5082 cuin
2270 5008 2394 5082 ipse
2438 5005 2951 5082 ueneritaunivegsa
2989 5014 3129 5056 terra
3163 5004 3324 5082 ipsius

1842 5073 2001 5134 [aude
2028 5073 2389 5146 complebitur,
2426 5085 2474 5128 et
2506 5073 2643 5126 Novi
2673 5073 2834 5146 ipsius
2867 5073 3183 5127 Teatamenti
3217 5089 3325 5126 uer-

1841 5153 1960 5204 bum
1993 5151 2060 5204 ad
2091 5143 2266 5201 omnes
2295 5147 2528 5201 homines
2557 5143 2868 5213 penetrabit.

1836 5432 1853 5464 ι
1886 5412 2130 5484 Domine,
2166 5407 2349 5465 audivi
2381 5406 2710 5461 auditionem
2745 5409 2916 5465 tuam,
2949 5408 3000 5454 et
3031 5397 3206 5454 timui.
3238 5397 3323 5452 ln-

1758 5499 1938 5562 tellexi
1973 5519 2139 5576 opera
2172 5512 2300 5567 tua,
2342 5508 2397 5554 et
2439 5495 2691 5566 obstupui
2728 5513 2740 5548 :
2784 5495 2837 5548 in
2882 5492 3058 5547 medio
3092 5493 3320 5547 duarum

1757 5599 1997 5654 vitarum
2037 5592 2419 5667 cognosceris,
2450 5591 2580 5644 dum
2609 5587 2739 5642 anni
2781 5585 3316 5657 apprcpinquabunt,

1759 5697 1924 5746 notus
1963 5689 2092 5757 ﬁes,
2127 5686 2256 5741 dum
2296 5683 2470 5739 aderit
2508 5689 2722 5750 tempus
2760 5677 3142 5735 declaraberis.
3183 5676 3318 5729 Dum

1765 5782 2086 5854 perturbata
2125 5778 2287 5836 fuerit
2326 5776 2507 5832 anima
2546 5789 2663 5829 mea
2694 5770 2748 5828 in
2782 5789 2861 5827 tra
2882 5813 2896 5838 ,
2929 5769 3318 5827 misericordia
