3894 6524
958 315 988 337 δ

615 439 724 498 445

1284 440 1554 498 EUSEBII
1591 439 2073 500 CJESARIENSIS
2111 441 2263 500 OPP.
2304 441 2484 497 PARS
2516 443 2581 498 ll.
2617 472 2686 482 —
2721 438 3214 496 APOLOGETICA.

3746 441 3839 503 ιιι

614 571 825 612 memor
856 555 987 610 eris.
1022 553 1165 609 Deus
1194 552 1262 608 de
1290 552 1499 607 Thama
1532 553 1745 618 veniet,
1773 560 1828 609 et
1858 562 2083 613 sanctus
2115 554 2156 609 di

2284 553 2466 617 ἐλέους
2514 551 2816 625 μνησθήσῃ.
2873 551 2929 605 '0
2970 551 3100 615 Θεὸς
3146 553 3212 605 ὲκ
3250 549 3462 622 Θαιμὰν
3503 551 3650 622 ἥξει,
3697 554 3785 605 καὶ
3813 558 3839 607 6

616 655 801 701 monte
825 646 1087 701 umbroso
1111 644 1315 700 denso:
1341 644 1624 715 cooperuit
1647 644 1825 699 οωιοσ
1841 646 2015 700 virtus
2037 645 2177 715 ejus,

614 749 669 795 et
696 739 851 794 iaude
870 738 988 808 ejus
1010 738 1168 808 plena
1187 743 1271 792 est
1292 743 1438 790 terra
1454 775 1469 801 ,
1495 745 1549 791 et
1578 736 1837 806 splendor
1861 736 1992 806 ejus.
2010 745 2067 791 ut
2097 737 2181 791 lu-

612 835 739 885 men
771 829 896 884 erit.
931 828 1149 883 Cornua
1180 826 1237 881 in
1266 827 1521 882 manibus
1551 826 1672 896 ejus
1692 870 1706 894 ,
1742 833 1797 881 et
1830 829 2012 897 posuit
2044 827 2179 883 dile-

614 924 847 977 ctionem
901 920 1095 976 fortem
1132 922 1345 991 roboris
1383 920 1469 976 sui
1497 940 1510 974 :
1543 929 1670 975 ante
1703 920 1895 975 faciem
1926 921 2046 991 ejus
2078 920 2177 974 ibit

612 1014 849 1071 Verbum
870 1055 887 1081 ,
930 1022 985 1069 et
1024 1014 1335 1085 egredietur
1378 1014 1433 1068 in
1476 1027 1699 1083 campos
1731 1013 1800 1068 ".
1834 1032 1852 1064 ι
1878 1028 2002 1068 cum
2029 1013 2175 1067 enim

612 1104 728 1176 ipse
763 1105 1002 1174 seipsum
1038 1105 1281 1160 audisset
1310 1105 1573 1175 propheta
1606 1114 1830 1161 sanctus
1850 1146 1866 1171 ,
1900 1121 1963 1160 ac
1993 1107 2175 1176 potius

609 1195 855 1252 divinum
880 1198 973 1267 qui
1001 1197 1179 1266 ipsum
1210 1196 1423 1251 alllabat
1445 1240 1459 1265 ,
1490 1198 1691 1268 quique
1718 1200 1773 1253 in
1802 1199 1923 1270 ipso
1946 1201 2176 1256 canebat

611 1286 875 1359 Spiritum
896 1328 912 1352 ,
938 1287 1007 1343 de
1030 1304 1096 1343 eo
1118 1287 1184 1343 de
1210 1304 1319 1360 quo
1350 1290 1466 1359 ipsa
1493 1291 1774 1361 prophetia
1800 1292 2062 1362 loquitur,
2089 1292 2174 1347 di-

606 1394 818 1437 centem
850 1401 863 1437 :
896 1400 914 1433 ‹
945 1378 1101 1447 Quod
1132 1376 1570 1439 veniens'veniet
1599 1392 1654 1438 et
1700 1400 1810 1439 non
1846 1385 2170 1450 morabitur,

600 1472 788 1544 justus
822 1482 1004 1528 autem
1033 1488 1097 1527 ex
1128 1473 1234 1528 ﬁde
1266 1489 1384 1529 mea
1413 1473 1557 1530 vivet
1585 1474 1653 1538 ⁷⁸,
1687 1494 1705 1525 ι
1735 1490 1970 1545 cumque
1996 1476 2174 1531 credi-

603 1567 776 1623 disset
805 1568 956 1622 illum
980 1583 1101 1623 esse
1127 1568 1337 1638 justum
1368 1568 1614 1631 oraculo,
1643 1566 1698 1621 in
1728 1568 1814 1623 his
1840 1568 2023 1624 verbis
2052 1583 2174 1639 qua:

606 1675 754 1715 nunc
798 1660 855 1715 in
897 1660 1154 1715 manibus
1194 1668 1357 1725 sunt,
1400 1660 1474 1714 ita
1503 1660 1616 1715 ait:
1647 1678 1666 1712 ι
1701 1659 1956 1727 Domine,
1988 1660 2171 1716 audivi

602 1751 936 1806 auditionem
969 1759 1117 1805 tuam
1145 1758 1199 1806 et
1230 1752 1424 1819 timui,
1454 1772 1473 1805 ι
1498 1760 1553 1808 et
1580 1768 1703 1823 qua:
1743 1762 2083 1824 sequuntur;
2115 1754 2168 1807 in

599 1843 803 1914 quibus
828 1841 1275 1899 manifestissime
1304 1842 1474 1897 Deum
1505 1844 1574 1898 ad
1603 1845 1852 1900 homines
1878 1852 2167 1901 venturum

2282 644 2435 713 ἅγιος
2460 644 2520 711 ἐξ
2558 642 2714 716 ὅρους
2749 644 3067 706 κατασκίου,
3103 643 3310 708 δασέος.
3351 643 3657 714 Ἐκάλυψεν
3687 645 3836 715 οὐρα-

2279 736 2401 799 νοὺς
2435 737 2468 806 ή
2498 734 2665 808 ἀρετὴ
2696 733 2881 800 αὑτοῦ,
2911 736 3005 788 καὶ
3035 734 3135 805 τῆς
3154 735 3415 799 αἰνέσεως
3439 733 3607 788 αὐτοῦ
3638 735 3836 807 πλήρης

2279 826 2410 897 ὴγῆ
2433 844 2447 857 ’
2491 827 2584 880 καὶ
2620 827 2820 895 φέγγος
2857 825 3018 879 αὐτοῦ
3058 825 3131 890 ὼς
3166 826 3279 895 φῶς
3313 825 3483 883 ἔσται.
3533 826 3759 898 Κέρατα
3786 830 3836 881 ἐν

2277 918 2462 991 χερσὶν
2504 918 2687 983 αὐτοῦ,
2728 918 2821 972 καὶ
2865 917 3015 972 ἔθετο
3056 918 3327 989 ἀγάπησιν
3358 918 3626 989 κραταιὰν
3670 920 3835 989 ἰσχύος

2277 1012 2462 1066 αὑτοῦ.
2505 1010 2619 1083 Πρὸ
2641 1010 2929 1083 προσώπου
2969 1010 3132 1064 αὐτοῦ
3182 1008 3620 1082 προπορεύσεται
3664 1009 3832 1078 λόγος,

2277 1110 2370 1160 καὶ
2409 1102 2747 1170 ἐξελεύσεται
2800 1105 2878 1167 εἰς
2927 1102 3102 1158 πεδία.
3146 1122 3165 1155 ι
3215 1102 3556 1168 Ἐπακούσας
3588 1103 3649 1156 δὲ
3690 1105 3833 1167 αὐτὸς

2274 1194 2491 1258 ἑαυτοῦ,
2522 1194 2716 1266 μᾶλλον
2743 1194 2800 1247 δὲ
2823 1193 2916 1247 τοῦ
2950 1194 3275 1265 ἐμπνέοντος
3307 1196 3399 1248 καὶ
3440 1194 3834 1261 ὲνθεσπίζοντος

2274 1288 2332 1341 ἐν
2354 1287 2501 1359 αὐτῷ
2524 1287 2668 1341 θείου
2696 1286 3032 1359 Πνεύματος,
3051 1289 3079 1341 6
3110 1286 3250 1358 ἱερὸς
3278 1288 3567 1358 προφήτης
3598 1289 3723 1360 περὶ
3751 1291 3829 1341 τοῦ

2276 1379 2752 1450 προφητευομένου
2805 1379 3098 1449 φήσαντος,
3140 1379 3242 1441 ὅτι,
3290 1396 3309 1429 ι
3331 1378 3661 1449 Ἐρχόμενος
3704 1377 3828 1447 ἣξει,

2274 1469 2367 1523 καὶ
2416 1470 2474 1522 οὐ
2518 1468 2592 1540 μὴ
2635 1468 2890 1541 χρονίσῃο
2935 1471 2964 1522 6
3005 1467 3060 1521 δὲ
3101 1467 3304 1531 δίκαιος
3347 1468 3412 1520 ὲκ
3459 1466 3700 1529 πίστεώς
3741 1485 3825 1538 μου

2272 1561 2448 1633 ζήσει,
2478 1581 2495 1613 ι
2523 1561 2817 1625 πιστεύσας
2862 1578 2922 1615 τε
2964 1560 3040 1625 ώς
3080 1560 3286 1623 δίκαιος
3325 1559 3404 1631 τῷ
3458 1557 3717 1631 χρησμῷ,
3754 1558 3827 1610 διὰ

2271 1654 2378 1707 τῶν
2425 1652 2565 1725 μετὰ
2619 1654 2807 1726 χεῖράς
2861 1670 3029 1724 φησι·
3084 1672 3103 1704 ι
3133 1652 3334 1724 Κύριε,
3388 1653 3694 1723 εἰσακήκοα
3744 1653 3825 1722 τὴν

2271 1747 2440 1818 ἀκοήν
2491 1763 2608 1811 σου,
2660 1747 2754 1801 καὶ
2805 1745 3097 1818 ἐφοϐήθην,
3128 1763 3147 1796 ι
3196 1744 3291 1798 καὶ
3337 1743 3406 1798 τὰ
3459 1741 3628 1813 ἑξῆς·
3673 1744 3736 1796 δι’
3762 1736 3826 1795 ὧν

2273 1838 2457 1907 σαφῶς
2499 1838 2631 1892 Θεὸν
2676 1841 2755 1902 εἰς
2782 1837 3103 1910 ἀνθρώπους
3133 1835 3284 1908 ἥξειν
3319 1834 3704 1904 καταγγέλλει.
3744 1834 3822 1897 Τίς

597 1909 903 1992 denuntiat.
937 1936 1072 2001 Quis
1102 1952 1230 1993 vero
1261 1939 1403 1993 alius
1438 1938 1528 1992 hic
1563 1937 1637 1993 sit
1666 1938 1759 2008 qui
1792 1938 1922 1992 olim
1957 1953 2156 2008 cogno-

2265 1927 2323 1980 δὲ
2368 1927 2434 1981 ἂν
2477 1922 2629 1991 οὗτος
2670 1929 2755 1998 εἴη
2795 1931 2824 1982 6
2859 1909 3025 1981 πάλαι
3066 1926 3491 1999 γνωριζόμενος,
3527 1924 3751 1996 ὕστερον
3775 1925 3821 1977 δέ

597 2037 861 2096 sceretur,
891 2038 945 2084 et
972 2038 1097 2101 post
1121 2030 1572 2101 aliquaudo'dum
1599 2031 1728 2086 anni
1764 2032 2167 2102 appropinqua-

595 2121 767 2188 bunt,
797 2129 943 2179 esset
974 2124 1357 2194 agnoscendus
1377 2167 1392 2189 ,
1422 2130 1477 2178 et
1506 2138 1604 2193 per
1632 2122 1688 2177 id
1716 2129 1931 2193 tempus
1957 2123 2026 2178 de
2056 2139 2166 2193 quo

592 2213 876 2283 prophetia
899 2213 1159 2284 loquitur,
1184 2215 1546 2270 declarandus
1572 2233 1584 2268 :
1612 2214 1736 2285 quis
1755 2253 1768 2279 ,
1791 2214 2012 2284 inquam
2030 2254 2043 2280 ,
2075 2215 2165 2291 hic

591 2304 664 2358 sit
690 2304 854 2374 279
897 2305 1004 2361 nisi
1027 2306 1116 2361 ille
1158 2307 1274 2376 ipse
1300 2306 1392 2376 qui
1433 2313 1588 2361 antea
1603 2306 1781 2362 dictus
1815 2315 1899 2363 est
1927 2306 2163 2363 universi

590 2392 893 2450 Dominus?
924 2399 1017 2466 qui
1060 2397 1223 2452 etiam
1256 2397 1358 2451 hoc
1390 2397 1745 2467 comprobato
1788 2397 2068 2461 vaticinio,
2107 2397 2161 2452 in

589 2490 1063 2546 consummatione
1084 2490 1406 2546 saeculorum
1436 2490 1509 2545 ita
1534 2491 1817 2546 nuntiatus
1844 2498 1929 2545 est
1948 2506 2010 2545 ac
2034 2506 2164 2561 pne-

584 2579 821 2645 dicatus,
875 2587 936 2635 ut
979 2597 1169 2638 omnes
1214 2582 1465 2637 homines
1507 2581 1867 2637 exaudierint.
1923 2580 2163 2651 Hujusce

584 2669 752 2739 igitur
778 2686 863 2733 ea,
893 2688 1013 2741 quae
1054 2674 1227 2741 palam
1262 2672 1316 2726 in
1349 2674 1523 2726 sacris
1554 2671 1859 2742 Evangeliis
1885 2672 2159 2742 descripta

583 2766 735 2821 sunt,
769 2758 932 2826 facta,
980 2761 1227 2829 corporis
1258 2760 1527 2825 videlicet,
1577 2762 1725 2831 quod
1763 2762 2061 2833 assumpsit
2093 2762 2161 2818 de

583 2846 807 2919 Virgine
850 2852 1276 2919 generationem,
1329 2852 1453 2906 item
1485 2851 1939 2921 quemadmodum
1974 2868 1994 2904 ι
2034 2867 2159 2908 cum

583 2947 730 2994 esset
760 2939 815 2992 in
846 2938 1019 2994 forma
1048 2940 1163 3004 Dei,
1198 2956 1306 2995 non
1336 2941 1582 3010 rapinam
1609 2940 1909 2996 arbitratus
1935 2950 2160 2997 estesse

583 3047 646 3087 se
678 3033 939 3101 aequalem
989 3032 1119 3097 Deo,
1153 3033 1248 3089 sed
1299 3033 1539 3103 seipsum
1587 3033 1887 3088 exinanivit
1926 3032 2157 3088 formam

581 3124 727 3179 servi
748 3124 1020 3193 accipiens
1041 3126 1086 3157 ⁷⁷
1107 3143 1161 3192 ις
1213 3135 1468 3195 praeterea
1486 3140 1605 3196 qua:
1621 3126 1881 3180 miracula
1899 3126 1952 3179 in
1982 3126 2157 3182 homi-

2268 2036 2394 2073 ποτε
2440 2021 2499 2074 ἐν
2537 2019 2615 2092 τῷ
2657 2018 2894 2089 ἐγγίζειν
2952 2019 3021 2073 τά
3065 2019 3158 2091 ἔτη
3214 2016 3697 2088 γνωσθησόμενος,
3745 2017 3818 2069 καὶ

2265 2113 2404 2167 κατὰ
2437 2113 2529 2167 τὸν
2562 2112 3033 2186 προφητευόμενον
3061 2112 3247 2183 χρόνον
3286 2109 3817 2180 ἀναδειχθησόμενος,

2262 2206 2295 2278 ἢ
2320 2208 2348 2259 6
2381 2205 2543 2269 αὐτὸς
2569 2207 2772 2269 ἐκεῖνος
2794 2208 2823 2259 6
2850 2204 3215 2277 προδηλωθείς
3255 2203 3505 2276 δεύτερος
3550 2203 3663 2256 τῶν
3704 2202 3818 2255 ὅλων

2263 2297 2484 2369 Κύριος,
2518 2298 2546 2350 6
2576 2297 2672 2350 ml.
2714 2298 2780 2368 τῇ
2817 2295 3117 2369 προρρήσει
3163 2294 3487 2359 ἀκολούθως,
3522 2295 3623 2348 ἐπὶ
3652 2308 3815 2346 συντε-

2261 2388 2379 2461 λείᾳ
2427 2387 2533 2443 τῶν
2576 2386 2805 2452 αἰώνων,
2837 2389 2917 2452 εἰς
2958 2387 3280 2453 ἐξάκουστον
3318 2389 3483 2441 πᾶσιν
3530 2384 3816 2458 ἀνθρώποις

2261 2480 2595 2553 κηρυχθείς;
2624 2479 2826 2534 Τούτου
2860 2479 2924 2551 δὴ
2957 2475 3048 2533 οὖν
3076 2478 3145 2533 τὰ
3168 2480 3489 2551 ἀνάγραπτα
3512 2479 3573 2531 ὲν
3608 2480 3714 2539 τοῖς
3751 2478 3812 2527 ἱε-

2262 2577 2375 2646 ροῖς
2402 2572 2752 2643 Εὐαγγελίοις
2783 2572 2937 2645 ἔργα,
2959 2572 3058 2644 τήν
3086 2573 3149 2625 ἐκ
3177 2569 3451 2644 Παρθένου
3483 2570 3739 2641 δηλονότι,
3762 2561 3811 2621 οὗ

2259 2667 2511 2738 ἀνείληφε
2537 2666 2784 2737 σκήνους,
2829 2664 3059 2734 γένεσιν.
3096 2665 3189 2718 καὶ
3218 2684 3235 2715 ι
3265 2663 3340 2729 ὡς
3366 2664 3424 2716 ὲν
3471 2665 3655 2734 μορφῇ
3696 2659 3808 2714 Θεοῦ

2260 2758 2537 2829 ὑπάρχων,
2571 2759 2668 2828 οὐχ
2699 2756 2989 2830 ἁρπαγμὸν
3014 2758 3257 2829 ἡγήσατο
3296 2757 3357 2809 τὸ
3397 2751 3534 2809 εἶναι
3568 2751 3661 2809 ῐσα
3686 2753 3803 2823 Θεῷ,

2258 2849 2391 2904 ἀλλὰ
2420 2849 2608 2906 ἑαυτὸν
2644 2851 2875 2905 ὲκένωσε
2912 2850 3122 2922 μορφὴν
3144 2849 3329 2902 δούλου
3361 2848 3561 2914 λαϐών,
3595 2867 3614 2900 ι
3649 2848 3736 2910 τάς
3756 2862 3805 2899 τε

2258 2943 2693 3008 ἐπιτελεσθείσας
2719 2944 2867 3015 αὐτῷ
2900 2947 2980 3008 εἰς
3012 2942 3327 3016 ἀνθρώπους
3355 2939 3802 3015 παραδοξοποιῖας,

2257 3036 2351 3090 καὶ
2402 3036 2470 3089 τὰ
2520 3040 2640 3089 κατ’
2672 3036 2835 3091 αὐτοῦ
2895 3054 2959 3105 γε
3020 3036 3397 3108 τετολμημένα
3447 3035 3525 3107 τῷ
3562 3034 3803 3089 Ἰουδαίων

2256 3125 2417 3189 ἔθνει,
2453 3130 2565 3191 τοῖς
2612 3128 2710 3198 τῆς
2756 3128 2930 3199 ψυχῆς
2978 3126 3270 3198 ὀφθαλμοῖς
3315 3127 3624 3200 προλαϐὼν,
3659 3126 3721 3180 τά
3755 3140 3802 3176 τε

581 3215 745 3271 nibus
787 3216 988 3287 degens
1011 3217 1261 3279 ediderit,
1292 3233 1395 3272 nec
1418 3233 1528 3272 non
1566 3232 1922 3287 quaecumque
1963 3225 2152 3274 contra

2259 3218 2519 3290 μέλλοντα
2551 3219 2920 3290 συμϐήσεσθαι
2947 3219 3384 3291 κεκαθαρμέναις
3421 3222 3543 3282 ταῖς
3574 3217 3801 3279 διανοίαις

581 3306 759 3376 ipsum
790 3322 923 3361 ausa
956 3316 1040 3363 est
1063 3306 1290 3362 Judaica
1327 3324 1483 3380 gens,
1513 3310 1718 3371 omnia,
1748 3309 1994 3379 inquam,
2037 3310 2153 3365 haec

2258 3312 2407 3384 παρὰ
2437 3312 2529 3366 τοῦ
2556 3312 2893 3375 διδάσκοντος
2915 3313 3074 3367 αὐτὸν
3104 3313 3249 3367 θείου
3272 3313 3587 3384 Πνεύματος
3618 3310 3800 3385 μαθὼν,

577 3406 633 3454 et
672 3398 779 3453 alia
811 3400 1009 3455 similia
1032 3402 1121 3457 his
1146 3417 1271 3456 cum
1325 3401 1521 3456 animae
1568 3401 1747 3457 oculis
1795 3401 2151 3472 providisset,

576 3505 807 3562 quaaque
864 3502 1124 3547 eventura
1149 3494 1203 3548 in
1233 3501 1510 3563 posterum
1554 3493 2040 3563 exspectabantur,
2067 3491 2153 3547 di-

576 3584 705 3637 vino
730 3582 938 3653 Spiritu
966 3583 1218 3648 docente,
1243 3584 1631 3655 purgatissima
1654 3584 2008 3654 intelligentia
2033 3599 2154 3653 per-

577 3676 835 3745 cepisset,
867 3693 934 3732 ex
967 3677 1036 3733 iis
1066 3692 1188 3747 quin
1238 3677 1341 3732 hoc
1388 3677 1550 3732 modo
1579 3676 1855 3740 audierat,
1872 3692 1931 3732 se
1960 3677 2152 3731 obstu-

574 3766 763 3837 puissc
797 3781 861 3821 ac
893 3767 1146 3822 timuisse
1177 3766 1378 3821 fatetur
1412 3765 1700 3836 propheta,
1731 3765 1921 3820 dicens
1956 3784 1969 3818 :
2002 3784 2020 3816 ι
2053 3764 2153 3820 Do-

577 3862 743 3926 mine,
778 3860 960 3915 audivi
982 3860 1315 3915 auditionem
1344 3869 1513 3927 tuam,
1559 3868 1613 3915 et
1649 3860 1805 3914 timui
1840 3879 1852 3915 :
1901 3859 2149 3927 Domine,

576 3951 819 4008 intellexi
871 3969 1034 4023 opera
1067 3962 1182 4019 tua,
1228 3962 1283 4009 et
1307 3954 1586 4025 obstupui.
1622 3974 1640 4006 ι
1676 3952 1924 4008 Salvator
1969 3963 2149 4009 autem

574 4059 641 4100 ac
678 4044 943 4102 Dominus
976 4058 1183 4110 noster,
1216 4047 1392 4117 ipsum
1410 4049 1597 4117 utique
1628 4047 1731 4102 hoc
1763 4045 1858 4100 Dei
1882 4043 2144 4109 Verbum,

573 4138 631 4193 in
654 4138 833 4193 medio
863 4139 1094 4194 duarum
1132 4138 1367 4193 vitarum
1405 4140 1656 4210 cognitus
1704 4146 1809 4194 est.
1842 4137 1959 4192 Non
2000 4139 2146 4193 enim

573 4229 800 4284 duorum
825 4231 1137 4285 animalium
1165 4240 1250 4286 est
1278 4232 1586 4301 legendum,
1621 4229 1717 4286 sed
1759 4230 1986 4284 duarum
2009 4232 2146 4285 vita-

572 4338 711 4377 rum.
774 4321 1013 4377 Duarum
1050 4337 1180 4393 ergo
1211 4324 1470 4387 vitarum,
1505 4323 1702 4392 inquit,
1764 4323 2001 4379 medium
2048 4339 2147 4379 co-

573 4415 881 4486 gnosceris.
915 4414 1051 4470 Cum
1072 4415 1218 4471 enim
1251 4430 1358 4469 una
1390 4415 1688 4470 secundum
1721 4415 1891 4470 Deum
1917 4416 1989 4471 sit
2013 4414 2142 4481 vita,

570 4516 625 4561 et
647 4508 817 4563 altera
845 4510 1146 4563 secundum
1179 4508 1475 4570 hominem,
1502 4514 1556 4560 et
1574 4508 1664 4561 illa
1689 4508 1912 4579 quidem
1941 4515 2146 4564 morta—

2255 3405 2515 3476 ἐκστῆναι
2552 3407 2579 3458 6
2617 3406 2896 3477 προφήτης
2924 3405 3015 3456 ἐπὶ
3051 3408 3164 3468 τοῖς
3192 3405 3506 3460 ἀκουσθεῖσι
3535 3406 3634 3459 καὶ
3658 3418 3800 3470 πεφο-

2255 3496 2451 3567 6ἧσθαι
2482 3497 2752 3567 ὁμολογεῖ,
2797 3496 3052 3566 φάσκων·
3100 3517 3117 3546 α
3147 3496 3340 3568 Κύριε,
3388 3498 3687 3568 εἱσακήκοα
3722 3494 3800 3564 τὴν

2252 3588 2423 3659 ἀκοήν
2452 3605 2566 3649 σου,
2600 3589 2693 3642 καὶ
2721 3588 3014 3659 ὲφοὸήθην·
3051 3587 3244 3660 Κύριε,
3271 3588 3573 3660 κατενόησα
3592 3590 3661 3643 τὰ
3688 3586 3798 3658 ἔργα

2253 3699 2367 3746 σου,
2401 3681 2495 3735 καί
2539 3680 2777 3752 ἐξέστην.
2811 3702 2830 3733 ι
2851 3683 2909 3735 Ὀ
2934 3683 3124 3755 Σωτὴρ
3148 3683 3204 3737 δὲ
3247 3685 3340 3738 καὶ
3386 3683 3592 3754 Κύριος
3647 3681 3795 3755 ἡμῶν,

2250 3773 2412 3836 αὐτὸς
2439 3768 2591 3837 οὗτος
2632 3774 2661 3825 6
2706 3772 2799 3827 τοῦ
2847 3772 2981 3826 Θεοῦ
3034 3774 3223 3842 Λόγος,
3254 3777 3309 3826 ὲν
3346 3773 3494 3846 μέσῳ
3534 3774 3630 3828 δύο
3670 3771 3797 3839 ζωῶν

2248 3863 2529 3935 ἐγνώσθη·
2565 3864 2941 3935 πληθυντικῶς
2980 3865 3212 3920 ἐνταῦθα
3254 3868 3347 3920 καὶ⁸
3390 3866 3797 3939 περισπωμένως

2249 3953 2358 4007 τῶν
2391 3952 2566 4019 ζωῶν,
2601 3955 2709 4007 ἀπὸ
2744 3954 2923 4009 ἑνικοῦ
2967 3954 3060 4008 τοῦ
3104 3954 3214 4024 τῆς
3243 3955 3390 4024 ζωῆς
3429 3956 3689 4026 ὀνόματος
3727 3951 3797 4017 ἐξ·

2249 4044 2611 4115 ακουομένων.
2635 4044 2710 4095 Οὐ
2730 4044 2838 4116 γὰρ
2859 4043 3234 4117 παροξυτόνως
3268 4045 3373 4100 τῶν
3403 4043 3579 4111 ζώων,
3601 4047 3703 4100 ἀπὸ
3719 4043 3791 4095 ού-

2247 4134 2464 4207 δετέρου
2496 4134 2589 4189 τοῦ
2614 4133 2752 4199 ζώου
2776 4134 3015 4204 λέγεται,
3040 4137 3175 4191 ἀλλὰ
3204 4137 3359 4203 ζωῶν
3385 4137 3793 4210 περισπωμένως

2249 4227 2356 4282 ἀπὸ
2378 4226 2742 4299 πληθυντικῆς
2775 4227 2991 4293 εὐθείας
3026 4230 3143 4299 τῆς,
3173 4230 3237 4282 al
3267 4228 3417 4289 ζωαί.
3446 4231 3549 4284 Δύο
3582 4227 3693 4295 οὖν,
3718 4244 3792 4296 φη·

2248 4320 2323 4379 σὶ,
2350 4318 2503 4384 ζωῶν
2532 4320 2694 4391 μέσον
2718 4320 3029 4392 γνωσθήσῃ.
3053 4321 3197 4383 Μιᾶς
3224 4320 3333 4393 γὰρ
3359 4319 3524 4393 οὔσης
3546 4322 3647 4393 τῆς
3677 4318 3791 4375 κατὰ

2244 4412 2376 4465 Θεὸν
2403 4412 2567 4483 ζωῆς,
2593 4415 2686 4468 καὶ
2712 4414 2945 4486 θατέρας
2968 4415 3067 4486 τῆς
3091 4413 3230 4467 κατὰ
3256 4413 3539 4486 ἄνθρωπον
3557 4432 3571 4446 ⁸
3599 4412 3789 4480 καὶτῆς

2248 4507 2345 4577 μὲν
2372 4506 2590 4578 θνητῆς,
2613 4507 2711 4578 τῆς
2735 4507 2791 4560 δὲ
2820 4507 2990 4561 ἀϊδίου
3009 4522 3022 4539 ο
3054 4506 3381 4580 ἀμφοτέρων
3407 4508 3632 4573 εἰκότως
3654 4510 3682 4561 6
3708 4506 3790 4561 Κύ·

571 4596 663 4661 lis,
700 4599 814 4653 haec
849 4615 977 4654 vero
1020 4601 1372 4670 sempiterna,
1424 4602 1619 4656 merito
1675 4616 1801 4657 cum
1858 4610 2142 4672 utramque

2258 4614 2361 4661 οιος
2384 4596 2470 4652 διὰ
2502 4598 2697 4670 πείρας
2725 4598 2911 4663 ἐλθὼν,
2942 4598 3000 4652 ὲν
3032 4598 3181 4669 μέσῳ
3206 4598 3297 4652 δύο
3330 4597 3484 4664 ζωῶν
3513 4601 3787 4671 γνωσθῆναι

570 4699 830 4758 expertus
862 4698 1007 4745 esset
1034 4689 1317 4752 Dominus,
1350 4697 1513 4760 atque
1565 4706 1632 4745 eo
1687 4692 1850 4746 modo
1876 4691 2139 4756 venisset,

569 4781 626 4835 in
653 4781 832 4835 medio
858 4781 1088 4835 duarum
1119 4782 1352 4835 vitarum
1383 4797 1505 4836 esse
1534 4783 1787 4851 cognitus
1819 4781 2042 4846 dicitur,
2074 4797 2142 4837 ex

569 4871 1026 4940 interpretatione
1075 4886 1235 4942 quam
1272 4869 1628 4943 Septuaginta
1666 4872 1972 4927 ediderunt.
2004 4870 2142 4926 Nam

567 4978 635 5018 ex
659 4979 722 5019 ea
745 4978 904 5034 quam
932 4964 1126 5033 Aquila
1154 4965 1340 5029 edidit,
1375 4981 1482 5020 non
1512 4966 1662 5029 item,
1688 4964 1783 5020 sed
1816 4964 1897 5020 sic
1920 4984 1932 5019 :
1954 4983 1972 5014 ι
2003 4963 2140 5019 Dum

569 5055 1008 5125 appropinquant
1037 5056 1186 5120 anni,
1217 5056 1429 5111 viviﬁca
1486 5055 1641 5110 illud.
1675 5075 1694 5106 ι
1740 5053 1846 5110 Sed
1879 5054 2142 5125 quidnam

567 5152 654 5202 est
676 5146 829 5215 illud,
856 5148 961 5203 nisi
992 5148 1133 5217 quod
1163 5147 1238 5201 ait
1270 5167 1283 5202 :
1311 5166 1329 5198 ι
1353 5164 1489 5217 opus
1526 5156 1680 5201 tuum
1704 5147 1727 5200 ἰ
1751 5166 1769 5199 ι
1797 5146 2137 5203 Theodotion

567 5253 699 5293 vero
728 5240 800 5294 ita
832 5240 908 5295 ait
938 5259 951 5295 :
984 5258 1002 5291 ‹
1039 5238 1096 5294 In
1123 5239 1303 5295 medio
1340 5255 1607 5295 annorum
1638 5239 1852 5295 viviﬁca
1882 5240 2084 5310 ipsum.
2115 5259 2134 5294 ι

568 5329 636 5384 Ει
666 5329 1025 5403 Symmachus
1057 5352 1071 5386 :
1106 5351 1125 5384 ι
1166 5332 1312 5388 Intra
1368 5348 1543 5388 annos
1585 5332 1909 5389 reviviscere
1945 5332 2030 5387 fac
2065 5332 2143 5403 ip-

566 5438 713 5486 sum,
757 5444 776 5477 ι
804 5425 1188 5496 interpretatus
1210 5437 1311 5483 est.
1335 5424 1471 5481 Cum
1505 5426 1672 5497 igitur
1696 5440 1908 5489 omnes,
1950 5444 1968 5476 ι
2000 5426 2140 5481 vivi-

567 5512 670 5569 ﬂca
718 5514 894 5585 ipsum
919 5558 935 5584 ,
972 5537 990 5569 ι
1023 5518 1297 5583 dixerint,
1338 5520 1497 5590 plane
1538 5535 1646 5575 non
1694 5519 1763 5575 de
1807 5520 2137 5590 quibusdam

567 5607 732 5662 veluti
763 5607 958 5672 brutis,
990 5618 1084 5664 aut
1107 5611 1266 5665 etiam
1299 5613 1507 5668 ratione
1523 5612 1764 5683 praeditis
1784 5613 2134 5677 animalibus,

556 5708 875 5752 sermonem
903 5711 1026 5752 esse
1070 5698 1437 5755 declararunt.
1458 5700 1803 5773 Quapropter
1827 5717 1953 5756 cum
1992 5703 2134 5773 apud

2246 4691 2481 4759 λέγεται,
2504 4692 2647 4745 κατὰ
2671 4693 2767 4763 τὴν
2790 4691 2896 4746 τῶν
2911 4691 3311 4763 Ἐὁδομήκοντα
3327 4695 3640 4767 ἑρμηνείαν.
3657 4690 3787 4749 Κατὶ

2247 4782 2357 4855 γὰρ
2386 4783 2477 4837 τὸν
2523 4783 2751 4837 Ἀκύλαν
2791 4785 2889 4856 οὐχ
2916 4785 3106 4853 οὕτως,
3137 4786 3272 4850 ἀλλ’.
3304 4807 3322 4838 ι
3346 4788 3433 4841 Ἑν
3474 4787 3551 4860 τῷ
3579 4787 3784 4857 ἐγγίζειν

2248 4872 2316 4926 τὰ
2340 4872 2454 4943 ἔτη,
2493 4872 2712 4938 ζώωσον
2752 4875 2904 4939 αὐτὸ,
2942 4894 2961 4927 ι
3002 4875 3234 4949 εἴρηται.
3261 4877 3326 4931 Τί
3353 4877 3409 4931 δὲ
3432 4879 3583 4943 αὐτὸ,
3618 4880 3649 4950 ἢ
3684 4897 3700 4930 ι
3727 4872 3783 4927 Τδ

2248 4964 2515 5036 κάτεργόν
2550 4982 2671 5031 σου;
2703 4967 2894 5038 »,φησί
2924 4968 3069 5022 ’Καὶ
3107 4971 3135 5022 ὁ
3179 4969 3469 5024 Θεοδοτίων
3517 4971 3572 5024 δέ
3610 4982 3779 5043 φησιν·

2256 5074 2273 5107 ι
2298 5057 2385 5109 Ἐν
2413 5057 2560 5128 μέσῳ
2597 5058 2731 5111 ὲτῶν
2776 5057 2989 5123 ζώωσον
3034 5061 3213 5114 αὐτόν.
3241 5082 3258 5114 ι
3294 5062 3403 5115 Καὶ
3440 5063 3469 5114 ὀ
3498 5062 3779 5136 Σύμμαχος.

2252 5164 2279 5197 ι
2295 5148 2476 5211 Ἐντὸς
2513 5148 2621 5202 τῶν
2656 5150 2915 5202 ἐνιαυτῶν
2933 5149 3253 5214 ἀναζώωσον
3275 5151 3455 5214 αὑτὸν,
3485 5171 3505 5204 ι
3526 5153 3777 5207 ἐκδέδωκε·

2246 5238 2452 5303 Πάντες
2482 5235 2576 5293 οὖν
2601 5258 2619 5291 ι
2643 5239 2858 5305 ζώωσον
2876 5241 3035 5294 αὑτὸν
3057 5261 3076 5295 υ
3107 5242 3368 5309 εἰπόντες,
3403 5244 3608 5316 σαφῶς,
3627 5246 3700 5299 ὅτι
3720 5238 3778 5312 μὴ

2247 5332 2374 5402 περὶ
2412 5326 2522 5385 οἷον
2568 5331 2774 5401 ἀλόγων
2817 5334 2977 5387 τινῶν
3022 5333 3055 5405 ἢ
3100 5335 3332 5405 λογικῶν
3384 5337 3537 5401 ζώων
3584 5341 3614 5393 6
3650 5336 3779 5403 λάτοι

2243 5422 2499 5493 τυγχάνει
2516 5423 2880 5495 παρέστησαν.
2904 5425 2992 5479 Διὸ
3014 5427 3161 5499 παρὰ
3188 5430 3299 5492 τοῖς
3314 5428 3694 5502 Ἐδδομήκοντα
3710 5426 3779 5478 λε’

2245 5515 2477 5587 γομένου
2507 5516 2623 5581 τοῦ,
2656 5536 2675 5569 ι
2697 5518 2785 5571 Ἐν
2835 5518 2984 5590 μέσῳ
3030 5520 3123 5574 δύο
3160 5520 3312 5586 ζωῶν
3340 5523 3646 5598 γνωσθήσῃ,
3678 5543 3694 5574 ι
3725 5515 3774 5568 οὐ

2244 5610 2384 5665 κατά
2407 5611 2531 5675 τοὺς
2557 5610 2663 5683 πρὸ
2687 5611 2841 5682 ήμῶν
2863 5610 3241 5685 ὲξειλήφαμεν,
3267 5614 3403 5669 ἀλλά
3422 5615 3516 5669 δύο
3542 5615 3677 5681 ζωὰς
3699 5607 3773 5664 τοῦ

2244 5704 2718 5777 προφητευομένου
2747 5703 3035 5777 δηλοῦσθαι
3063 5705 3268 5778 ἔφαμεν
3287 5724 3300 5739 ο
3333 5708 3459 5780 μίαν
3489 5707 3585 5781 μὲν
3609 5704 3698 5779 τήν
3714 5699 3776 5752 ἐν·

640 5869 662 5889 ”
708 5868 909 5931 Ha'aac.
931 5889 1013 5941 ιιι,
1057 5874 1173 5933 1-6.
1248 5879 1293 5912 ⁷⁸
1328 5878 1530 5935 llabac.
1563 5895 1625 5947 ιι,
1649 5881 1701 5936 5.
1782 5883 1827 5915 "
1865 5880 2096 5954 Philipp.
2138 5898 2196 5949 ιι,
2222 5880 2276 5949 6,
2310 5880 2359 5936 7.
