3894 6508
659 425 764 480 447
1084 428 1111 460 ⁸
1320 424 1591 484 EUSEBll
1626 424 2101 482 CESARIENSIS
2136 425 2283 482 OPP.
2321 425 2501 483 PARS
2535 428 2601 484 ll.
2639 460 2710 471 ——
2745 431 3261 491 APOLOGETICA.
3820 441 3869 498 ιι

655 544 814 616 28],
848 544 1111 616 Deinceps
1141 542 1387 614 adjungit
1412 562 1424 597 :
1464 561 1483 595 ι
1514 542 1811 615 Coopemit
1843 544 2012 599 canos
2042 543 2158 598 vim

2268 554 2286 611 ι
2318 548 2581 619 ἀοράτους
2613 549 2706 602 καὶ
2737 550 3114 620 ἀντικειμένας
3169 551 3462 621 δυνάμεις
3494 550 3870 624 ὡθούμενοξχι

652 639 793 708 ejus,
817 648 870 693 et
892 637 1069 694 laudis
1097 638 1216 708 ejus
1246 637 1403 706 plena
1436 643 1521 691 est
1547 645 1714 699 terra,
1737 643 1791 691 et
1816 634 2074 707 splendor
2092 636 2158 706 eji

2314 638 2632 709 κερατίζων,
2667 639 2978 694 ἀπελαύνει.
3026 641 3389 705 Ἀκολούθως
3423 640 3640 709 τούτοις
3668 645 3870 715 ἑπιλέγει

650 735 711 782 ιιι
745 729 924 783 lumen
951 729 1075 784 erit.
1108 747 1129 780 ι
1164 726 1374 805 Quibus
1395 727 1582 798 utique
1608 727 1811 790 verbis.
1835 728 1996 782 simul
2021 733 2074 783 et
2093 727 2158 798 gli

2316 752 2334 782 ι
2376 733 2485 786 Καὶ
2535 733 2684 786 ἔθετο
2739 735 3014 807 ἀγάπησιν
3079 735 3375 807 κραταιὰν
3436 736 3629 807 ἰσχύος
3683 739 3839 793 αὐτοῦ.

647 823 851 878 riosum
895 822 1016 892 ejus
1072 822 1128 877 in
1178 824 1320 879 caelo
1353 839 1582 895 regnum
1629 823 1959 889 ostenditur,
2004 831 2059 878 et
2089 839 2158 894 qu

2310 823 2419 876 Καὶ
2470 824 2570 894 τῆς
2623 840 2686 892 γε
2748 826 2829 888 είς
2882 824 3213 898 ἀνθρώπους
3276 829 3571 899 κραταιᾶς
3636 826 3870 883 διαθέσεωε

646 915 877 986 posthac
909 914 1091 970 futura
1121 926 1225 981 est,
1260 917 1585 988 longiusque
1613 917 1895 979 duratura.
1946 925 2108 987 atque
2150 917 2158 971 i

2308 915 2473 968 αὑτοῦ
2499 957 2514 980 ,
2566 917 2660 970 καὶ
2723 917 2941 989 ἀγάπης
2995 918 3200 990 δεῖγμα
3269 918 3550 989 μέγιστον
3591 914 3661 990 ἦν
3707 921 3762 973 τὸ
3805 926 3870 994 πρέ

641 1023 857 1062 onmem
885 1014 1086 1063 terram
1132 1016 1504 1078 penetratura,
1538 1008 1821 1074 doctrinae,
1855 1024 1976 1079 quae
2013 1008 2080 1063 de
2111 1008 2158 1061 ill

2306 1005 2595 1078 προσώπου
2659 1007 2823 1060 αὐτοῦ
2881 1008 3220 1080 πορευθῆναι
3266 1008 3482 1077 λόγον,
3552 1008 3779 1080 δηλονότι
3814 1013 3869 1064 τὸς

640 1097 834 1162 fertur,
868 1099 1125 1153 laudatio.
1148 1097 1285 1154 Illud
1316 1108 1534 1156 autem:
1577 1119 1595 1151 ι
1633 1099 1850 1156 Cornua
1877 1101 1929 1153 in
1950 1099 2158 1154 manibt

2305 1099 2567 1172 σωτήριον
2599 1100 2692 1152 καὶ
2721 1100 3102 1170 εύαγγελικδν,
3134 1101 3456 1166 ἐξελθόντα
3491 1119 3557 1154 τε
3583 1101 3763 1155 τοῦτον
3788 1103 3870 1156 δια-

638 1190 779 1259 ejus,
824 1209 842 1242 ι
879 1192 1033 1262 regni
1065 1191 1185 1262 ejus
1219 1192 1449 1263 insignia
1479 1202 1531 1247 et
1564 1200 1724 1246 notas
1756 1191 2046 1262 significat,
2077 1190 2202 1261 qui-

636 1282 740 1337 bus
787 1283 1068 1348 cornibus,
1120 1284 1422 1339 invisibiles
1453 1297 1614 1355 atque
1644 1284 1999 1339 adversantes
2041 1290 2199 1352 pote-

634 1380 805 1430 states
836 1376 1127 1445 repellens,
1157 1385 1211 1431 et
1240 1377 1413 1432 victas
1455 1377 1710 1433 obtinens
1770 1375 1961 1447 abigit.
1995 1374 2201 1429 Ordine

634 1466 719 1521 his
744 1468 1003 1538 deinceps
1032 1469 1315 1540 adjungit:
1352 1489 1370 1520 ι
1406 1468 1471 1523 Et
1492 1468 1676 1540 posuit
1702 1467 2049 1523 dilectionem
2088 1466 2197 1521 for-

630 1564 739 1611 tem
770 1558 988 1613 roboris
1036 1560 1142 1615 sui.
1198 1580 1216 1612 ι
1263 1562 1329 1614 Et
1376 1575 1507 1615 sane
1536 1560 1871 1615 vehementis
1893 1558 2196 1614 ail‘ectionis

628 1649 750 1722 ejus
781 1666 845 1704 ac
877 1649 1185 1707 dilectionis
1213 1667 1339 1721 erga
1391 1652 1640 1707 homines
1698 1651 1959 1706 indicium
2022 1651 2195 1704 maxi-

628 1759 775 1796 mum
810 1742 997 1809 fuerit,
1020 1744 1162 1814 quod
1209 1753 1333 1799 ante
1384 1742 1576 1799 faciem
1606 1744 1725 1815 ejus
1756 1743 2041 1799 incesserit
2065 1757 2191 1797 ver-

626 1832 755 1888 bum
807 1834 961 1901 illud,
1017 1835 1270 1891 videlicet
1302 1837 1541 1892 salutare
1590 1845 1753 1907 atque
1794 1835 2187 1905 evangelicum,

2300 1191 2523 1263 δραμεῖν
2565 1192 2645 1255 εἰς
2676 1191 2833 1246 πεδία
2855 1233 2869 1257 ,
2901 1192 3040 1246 ὥστε
3075 1197 3130 1247 ἐν
3164 1194 3358 1264 ὀλίγῳ
3395 1195 3591 1248 πᾶσαν
3637 1194 3870 1267 πληρῶσαι

2298 1282 2394 1354 τὴν
2420 1283 2739 1353 οἰκουμένην
2763 1283 2863 1354 τῆς
2889 1283 2979 1337 ὕπ’
3013 1284 3179 1337 αὐτοῦ
3235 1284 3688 1356 προξενηθείσης
3713 1286 3870 1339 ἅπασιν

2298 1369 2601 1442 ἀνθρώποις
2637 1372 2905 1444 σωτηρίας
2930 1413 2945 1439 ,
2989 1373 3316 1438 ἀκολούθως
3359 1378 3434 1444 τῇ
3473 1366 3768 1446 προφητείᾳ
3795 1394 3870 1447 φη-

2297 1465 2438 1537 σάσῃ
2457 1481 2471 1495 ο
2507 1483 2525 1515 ι
2566 1464 2679 1536 Πρὸ
2707 1464 2995 1536 προσώπου
3023 1465 3192 1520 αὑτοῦ
3222 1467 3690 1539 προπορεύσεται
3718 1468 3866 1537 λόγος,

2293 1555 2386 1609 καὶ
2417 1554 2753 1622 ἐξελεύσεται
2797 1560 2877 1622 είς
2916 1558 3088 1614 πεδία.
3133 1577 3152 1610 ι
3206 1558 3386 1612 Κατά
3419 1560 3529 1630 τὴν
3560 1558 3797 1632 δευτέραν
3825 1560 3865 1613 δὲ

2292 1645 2457 1700 αὐτοῦ
2525 1647 2861 1717 παρουσίαν,
2917 1649 2997 1702 ἔτι
3044 1648 3255 1720 μᾶλλον
3328 1650 3429 1704 καὶ
3489 1651 3797 1722 κυριώτερον
3839 1651 3860 1702 ὁ

2290 1740 2461 1807 Λόγος
2480 1738 2645 1793 αὐτοῦ
2687 1740 2859 1811 πέρας
2906 1742 3155 1812 ἐπιθήσει
3195 1744 3324 1806 τοῖς
3365 1759 3433 1795 τε
3477 1741 3776 1813 εἰρημένοις
3794 1740 3861 1794 καὶ

2291 1833 2399 1895 τοῖς
2432 1830 2556 1903 ἑξῆς
2587 1833 3019 1904 ἐπιφερομένοις,
3045 1832 3081 1887 ἀ
3113 1835 3215 1887 καὶ
3242 1834 3311 1888 οὐ
3337 1833 3441 1888 νῦν
3476 1832 3739 1901 ἐξετάζειν
3765 1850 3855 1886 και-

625 1925 770 1995 quod
799 1928 961 1982 etiam
991 1943 1273 1998 egressum
1318 1928 1650 1999 percurrerit
1678 1943 1922 1998 campos,
1959 1926 2093 1982 adeo
2127 1934 2184 1980 ut
2219 1908 2260 1965 Β
2291 1924 2400 1995 ρός.

621 2018 769 2075 brevi
802 2028 1042 2091 tempore
1080 2029 1251 2077 totum
1279 2024 1467 2078 orbem
1510 2032 1777 2078 terrarum
1822 2039 1906 2089 ea,
1938 2038 2058 2093 qua:
2086 2037 2182 2093 per
2220 2020 2396 2091 ipsum
2424 2023 2679 2075 omnibus
2702 2018 3015 2075 hominibus
3036 2021 3347 2076 conciliata
3408 2021 3507 2086 sit,
3570 2021 3734 2078 salute
3775 2021 3850 2073 im-

621 2113 869 2185 pleverit,
899 2118 1253 2188 comprobata
1282 2119 1401 2186 ejus
1435 2119 1733 2190 prophetia:
1771 2120 2024 2182 veritate,
2056 2133 2178 2189 qua:
2212 2117 2325 2172 ait:
2386 2135 2405 2167 ‹
2448 2117 2589 2172 Ante
2620 2115 2811 2171 faciem
2842 2116 2964 2183 ejus
3012 2116 3109 2170 ibit
3139 2117 3417 2181 verbum,
3474 2125 3531 2172 et
3590 2116 3849 2182 egredietur

619 2205 673 2259 in
710 2221 952 2279 campos.
989 2228 1007 2261 ι
1047 2209 1104 2263 1η
1142 2210 1385 2264 secundo
1420 2220 1601 2265 autem
1643 2210 1888 2280 ejusdem
1918 2210 2179 2273 adventu,
2223 2208 2460 2278 amplius
2512 2222 2729 2277 quoque
2762 2221 2826 2262 ac
2877 2207 3049 2278 magis
3082 2210 3319 2279 proprie
3368 2208 3615 2265 Verbum
3656 2206 3761 2276 ejus
3805 2208 3844 2258 el

619 2300 703 2355 his
733 2316 853 2371 qua:
893 2302 1038 2357 dicta
1090 2310 1219 2358 sunt
1260 2311 1314 2357 et
1348 2305 1414 2359 iis
1443 2320 1563 2374 qua:
1589 2306 1847 2375 deinceps
1876 2309 2201 2376 sequuntur,
2241 2298 2401 2356 finem
2438 2301 2696 2370 imponet.
2746 2298 2949 2369 quibus
2977 2314 3123 2353 nunc
3180 2299 3561 2369 explorandis
3605 2308 3751 2369 atque
3778 2296 3842 2350 in-

614 2391 878 2463 dagandis
902 2399 1117 2463 tempus
1146 2409 1253 2447 non
1278 2393 1452 2448 adest.

1180 2546 1409 2602 CAPUT
1447 2548 1588 2603 XVI.

609 2658 649 2712 Α
686 2657 1058 2712 Zacharia.——
1078 2658 1534 2724 Quemadmodum
1568 2660 1819 2714 Dominus
1851 2661 2174 2728 omnipotens

681 2731 962 2801 conﬁtetur
991 2745 1045 2783 se
1075 2730 1315 2791 missum,
1361 2738 1418 2783 ut
1471 2731 1680 2799 auferat
1707 2747 1791 2794 ea,
1832 2748 1950 2801 qua:
1983 2733 2171 2785 uitiosa

675 2800 802 2855 sint.

682 2953 702 2986 ι
743 2933 864 2989 Haec
894 2934 1026 2989 dicit
1057 2935 1319 2991 Dominus
1349 2936 1729 3006 omnipotens:
1761 2935 1893 2991 Post
1938 2936 2165 3008 gloriam

604 3027 755 3082 misit
786 3042 872 3081 me
903 3027 970 3081 ad
1002 3036 1212 3099 gentes,
1261 3044 1383 3099 qua:
1430 3027 1802 3099 spoliaverunt
1840 3043 1935 3083 vos
1977 3046 1991 3081 :
2025 3044 2164 3099 quo-

2780 2495 3177 2548 ΚΕΦΑΛΑΙΟΝ
3226 2497 3357 2591 ις’.

2288 2608 2431 2665 Ἀπὸ
2472 2609 2577 2664 τοῦ
2624 2610 2941 2679 Ζαχαρίου.
2987 2640 3054 2648 —
3113 2610 3215 2676 Ὠς
3247 2612 3284 2663 ὁ
3320 2612 3545 2679 Κύριος
3581 2613 3616 2665 ό
3656 2628 3827 2666 παντο-

2346 2680 2569 2747 κράτωρ
2596 2681 2873 2748 ὁμολογεῖ
2892 2681 2990 2749 ὑφ’
3030 2680 3243 2749 ἑτέρου
3273 2682 3511 2748 Κυρίου
3543 2682 3826 2748 παντοκρά-

2344 2767 2518 2819 τορος
2544 2751 2641 2804 ἐπὶ
2672 2751 3005 2819 καθαιρέσει
3038 2749 3157 2804 τῶν
3184 2752 3455 2819 φαύλων
3479 2752 3821 2805 ἀπεστάλθαι.

2352 2883 2371 2916 ι
2407 2865 2545 2919 Τάδε
2576 2866 2722 2935 λέγει
2754 2866 2957 2938 Κύριος
2982 2865 3393 2939 παντοκράτωρ
3414 2884 3429 2897 ο
3481 2867 3678 2919 Ὀπίσω
3701 2865 3821 2931 δόξης

2273 2957 2580 3011 ἀπέσταλκέ
2624 2975 2690 3029 με
2723 2959 2815 3011 ἐπὶ
2859 2959 2928 3013 τὰ
2965 2957 3088 3030 ἔθνη
3113 2999 3129 3025 ,
3164 2958 3241 3011 τὰ
3273 2958 3649 3013 σκυλεύσαντα
3674 2958 3816 3027 ὑμεῖς’

2270 3048 2401 3102 διότι
2427 3051 2456 3102 ὁ
2481 3050 2781 3121 ἁπτόμενος
2812 3050 2963 3120 ὑμῶν
2984 3090 2998 3113 ,
3026 3050 3101 3115 ὼς
3129 3052 3160 3104 ὁ
3195 3052 3518 3123 ἁπτόμενος
3557 3051 3649 3121 τῆς
3683 3050 3813 3119 κόρης

604 3120 748 3173 niam
784 3120 875 3189 qui
907 3120 1079 3191 tangit
1114 3136 1228 3186 vos,
1272 3121 1429 3192 quasi
1464 3121 1512 3178 is
1542 3123 1636 3192 qui
1686 3122 1859 3193 tangit
1905 3123 2158 3194 pupillam

2271 3136 2361 3189 τοῦ
2409 3120 2686 3209 ὀφθαλμοῦ
2726 3137 2908 3194 αὐτοῦ.
2953 3138 3097 3191 Διότι
3140 3139 3255 3195 ἰδοὺ
3302 3120 3421 3210 by?»
3466 3120 3700 3207 ἐπιφέροι
3741 3137 3812 3206 τὴν

601 3211 744 3265 oculi
776 3211 896 3281 ejus
934 3231 946 3267 :
990 3213 1118 3283 quia
1168 3229 1297 3270 ecce
1347 3214 1514 3270 affero
1544 3229 1762 3269 manum
1793 3231 1969 3272 meam
2003 3232 2158 3288 super

2270 3231 2427 3301 χεῖρά
2456 3247 2556 3300 μου
2583 3232 2668 3284 ἐπ’
2692 3233 2894 3295 αὐτοῖς,
2921 3233 3013 3285 καὶ
3046 3231 3265 3285 ἔσονται
3302 3233 3481 3287 σκῦλα
3512 3236 3620 3295 τοῖς
3646 3228 3811 3284 δουλεύ-

601 3299 752 3370 ipsos
784 3320 796 3356 :
831 3310 883 3355 et
903 3313 1063 3357 erunt
1090 3303 1261 3373 spolia
1294 3303 1362 3359 iis
1407 3305 1499 3374 qui
1530 3305 1821 3360 servierint
1844 3307 1946 3372 eis,
1985 3313 2038 3363 et
2072 3323 2164 3362 co-

597 3394 871 3463 gnoscetis
906 3395 1049 3466 quod
1086 3394 1348 3451 Dominus
1370 3398 1715 3469 omnipotens
1747 3399 1897 3453 misit
1929 3402 2102 3455 me".
2139 3419 2159 3453 ι

597 3481 718 3551 ipse
750 3481 1010 3541 Dominus
1062 3488 1411 3557 omnipotens
1448 3488 1502 3542 in
1545 3490 1631 3545 his
1659 3490 1899 3560 seipsum
1934 3492 2161 3547 missum

594 3589 719 3630 esse
761 3576 857 3639 ait,
901 3585 954 3632 et
984 3578 1237 3648 quisnam
1262 3579 1309 3636 is
1342 3580 1430 3643 sit,
1464 3581 1559 3651 qui
1590 3583 1822 3649 miserit,
1854 3585 2033 3653 docet,
2070 3587 2160 3641 ubi

592 3668 710 3721 ait:
754 3687 773 3719 ι
826 3667 891 3723 Et
935 3672 1279 3741 cognoscetis
1319 3675 1463 3743 quod
1522 3674 1785 3732 Dominus
1817 3679 2162 3749 omnipotens

594 3759 747 3814 misit
772 3776 876 3816 me.
916 3781 935 3813 ι
976 3761 1142 3834 Igitur
1177 3763 1345 3820 etiam
1386 3767 1491 3821 hoc
1535 3768 1654 3822 loco
1696 3768 1835 3825 duos
1875 3771 2160 3841 perspicue

594 3851 785 3915 habes,
809 3855 901 3922 qui
922 3860 1109 3910 eadem
1140 3866 1364 3912 utantur
1387 3860 1771 3930 appellatione,
1802 3878 1971 3917 unum
2009 3880 2155 3931 eum,

590 3943 681 4012 qui
702 3944 847 3998 misit
870 3943 1155 4001 Dominum
1178 3952 1619 4020 omnipotentem,
1645 3953 1873 4008 alterum
1891 3970 2036 4016 eum,
2064 3956 2154 4025 qui

590 4036 845 4102 mittitur,
877 4038 1120 4108 ejusdem
1152 4056 1277 4096 cum
1310 4057 1375 4097 eo
1404 4044 1497 4113 qui
1528 4045 1677 4101 misit
1704 4048 1962 4103 nominis.
1992 4048 2155 4118 282

588 4129 759 4196 Quem
795 4147 960 4202 porro
1003 4133 1168 4187 alium
1220 4134 1425 4191 dixeris
1458 4152 1581 4191 eum
1624 4139 1714 4207 qui
1760 4138 2012 4201 mittitur,
2045 4141 2153 4195 nisi

586 4238 709 4277 eum
739 4239 898 4293 quem
930 4233 1055 4279 ante
1100 4241 1200 4281 nos
1246 4228 1493 4298 pluribus
1544 4230 1934 4301 appellavimus
1984 4229 2150 4287 Deum

585 4312 847 4381 Verbum,
880 4318 971 4388 qui
1017 4334 1046 4372 a
1077 4317 1239 4374 Patre
1273 4322 1501 4378 missum
1542 4338 1602 4379 se
1631 4324 1943 4393 confitetur,
1972 4334 2026 4381 et
2055 4327 2149 4399 qui

583 4406 870 4463 manifeste
895 4408 1071 4464 dixit:
1112 4430 1130 4461 r
1169 4408 1298 4466 Post
1341 4413 1566 4483 gloriam
1604 4417 1754 4472 misit
1783 4433 1891 4483 me,
1938 4439 1957 4471 ι
2014 4419 2148 4474 illud

2269 3339 2429 3376 σασιν
2491 3323 2703 3388 αὐτοῖς,
2754 3324 2849 3377 καὶ⁹
2904 3322 3216 3393 γνώσεσθε,
3264 3326 3352 3378 ὅτι
3405 3325 3607 3398 Κύριος
3656 3337 3807 3376 παντο-

2264 3412 2483 3484 κράτωρ
2519 3412 2883 3479 ἐξαπέσταλκέ
2930 3432 3017 3486 με.
3059 3434 3078 3466 ι
3123 3415 3340 3487 Κύριος
3389 3417 3551 3479 αὐτὸς
3589 3416 3617 3467 ό
3648 3427 3801 3467 παντο·

2262 3504 2477 3577 κράτωρ
2507 3506 2565 3559 ἐν
2592 3505 2799 3569 τούτοις
2834 3506 3021 3559 ἑαυτὸν
3057 3507 3404 3561 ἀπεστάλθαι
3439 3506 3602 3579 φησὶ,
3632 3500 3802 3557 καὶτὸν

2260 3598 2679 3661 ἀποστείλαντα,
2740 3598 2886 3662 ὅστις
2929 3598 3036 3670 εἴη,
3089 3599 3341 3654 διδάσκει
3414 3598 3619 3667 λέγων’
3663 3613 3680 3646 ι
3714 3591 3795 3646 Καὶ

2259 3689 2529 3759 γνώσεσθε
2556 3728 2570 3752 ,
2623 3691 2705 3744 ὃτι
2754 3689 2957 3760 Κύριος
3009 3692 3417 3764 παντοκράτωρ
3478 3680 3795 3757 ἐξαπέσταλιὲ

2261 3800 2348 3853 με.
2384 3802 2402 3834 ι
2448 3782 2655 3836 Οὐκοῦν
2707 3783 2797 3837 καὶ
2836 3782 3066 3837 ἐνταῦθα
3103 3783 3200 3839 δύο
3251 3783 3448 3854 σαφῶς
3492 3783 3664 3852 ἔχεις.
3718 3776 3789 3846 μιᾷ

2257 3874 2566 3945 χρωμένους
2595 3875 2955 3947 προσηγορίᾳ,
2982 3874 3071 3929 τόν
3103 3893 3163 3928 τε
3203 3877 3603 3931 ἀποστείλαντα
3628 3870 3789 3941 Κύριον

2258 3965 2692 4037 παντοκράτορα,
2720 3967 2816 4020 καὶ
2842 3966 2930 4020 τὸν
2954 3957 3783 4039 ἀποστελλόμενον,ὀμώνυμοντῷ

2254 4057 2653 4111 ἀποστείλαντι.
2690 4058 2821 4111 Τίνα
2846 4059 2890 4112 δ’
2922 4059 2988 4112 ἂν
3019 4060 3206 4131 ἓτερον
3234 4060 3414 4123 εἴποις
3448 4058 3538 4112 τὸν
3567 4051 3780 4110 ἀποστελ·

2252 4147 2500 4219 λόμενον,
2546 4148 2578 4219 ἢ
2624 4149 2716 4202 τὸν
2766 4150 2853 4204 διά
2900 4151 3163 4204 πλειόνων
3208 4155 3342 4223 ἡμῖν
3362 4143 3779 4223 προηγορευμένον

2250 4241 2381 4295 Θεὸν
2430 4242 2633 4311 Λόγον,
2679 4243 2812 4315 πρὸς
2857 4242 2950 4297 τοῦ
2990 4245 3206 4317 Πατρὸς
3253 4242 3587 4299 ἀπεστάλθαι
3629 4234 3777 4307 ὁμολο-

2249 4334 2446 4404 γοῦντα
2468 4377 2482 4397 ,
2520 4334 2703 4405 σαφῶς
2735 4335 2792 4388 δὲ
2859 4336 3149 4408 εἰρηκότα,
3205 4356 3225 4389 ι
3279 4336 3483 4391 Ὀπίσω
3520 4332 3661 4400 δόξης
3695 4326 3774 4378 ἀπ’

2247 4426 2474 4480 έσταλκέ
2510 4444 2597 4497 με,
2632 4447 2650 4480 ι
2688 4426 2965 4498 δηλοῦντα,
3000 4429 3081 4483 ὅτι
3107 4429 3479 4502 προῦπάρχων
3514 4428 3569 4479 ὲν
3597 4416 3769 4489 δόξῃτῇ

581 4498 798 4553 interim
827 4500 1160 4571 significans,
1190 4504 1334 4574 quod
1365 4506 1458 4575 qui
1490 4513 1648 4562 antea
1679 4508 1843 4564 fuerit
1876 4510 1930 4564 in
1970 4511 2141 4582 gloria

2268 4518 2398 4589 ταρὰ
2426 4518 2504 4589 τῷ
2531 4520 2725 4592 Πατρὶ,
2766 4520 2903 4592 μετά
2928 4521 3096 4575 ταῦτα
3123 4498 3437 4577 ἀπέσταλτο
3467 4518 3553 4573 ἐπὶ
3578 4516 3637 4569 τὰ
3675 4510 3768 4604 ἔθνη

579 4591 722 4660 apud
781 4592 1047 4659 Patrem,
1116 4604 1303 4664 postea
1370 4599 1572 4654 missus
1645 4601 1716 4655 sit
1780 4601 1849 4656 ad
1912 4611 2139 4674 gentes,

579 4697 699 4751 qua:
735 4684 1087 4753 spoliaverint
1112 4703 1207 4742 vos
1223 4689 1246 4741 ?
1264 4689 1399 4743 Cum
1421 4691 1563 4745 enim
1589 4691 1654 4745 ad
1690 4709 1783 4748 eas
1808 4704 1999 4763 gentes
2020 4714 2143 4767 qua:

576 4771 732 4842 prius
764 4775 962 4843 pepulo
998 4775 1091 4831 Dei
1135 4776 1376 4833 adversa:
1428 4780 1770 4851 inimicusque
1799 4793 1976 4849 erant,
2008 4787 2142 4842 mis-

576 4880 695 4921 sum
729 4865 800 4919 sit
830 4864 922 4920 Dei
958 4865 1212 4932 Verbum,
1243 4870 1342 4925 bas
1375 4872 1521 4941 ipsas
1568 4873 1671 4928 sibi
1721 4875 1827 4945 ipsi
1882 4878 2136 4948 subjecit,

573 4957 791 5012 easdem
829 4973 925 5028 per
951 4974 1081 5014 suos
1118 4959 1417 5031 discipulos
1439 4963 1804 5033 depraedatus.
1826 4969 1920 5039 qui
1956 4973 2137 5041 portio

570 5050 817 5118 quaedam
856 5060 1011 5105 erant
1042 5052 1188 5109 illius
1217 5055 1403 5126 populi
1435 5058 1526 5127 qui
1560 5060 1625 5123 ad
1659 5060 2136 5123 circumcisionem

572 5141 823 5210 pertinet,
853 5158 1011 5211 quem
1058 5145 1329 5213 quondam
1381 5146 1438 5201 in
1469 5150 1783 5207 servitutem
1810 5152 2136 5225 redegerunt

570 5237 777 5299 gentes.
814 5248 934 5301 qua:
966 5234 1143 5301 ipsum
1190 5235 1338 5290 illum
1374 5253 1475 5293 suo
1521 5240 1937 5300 simulacrorum
1981 5247 2132 5302 cultu

2270 5234 2583 5308 ιατέθεικεν.
2614 5254 2701 5317 Ὠς
2721 5255 2830 5326 γὰρ
2842 5234 2934 5308 τὸν
2952 5234 3083 5310 λαὸν
3115 5257 3207 5311 τοῦ
3236 5256 3392 5320 Θεοῦ,
3419 5254 3512 5325 τῆς
3537 5239 3747 5314 πατρῴας

2235 5345 2516 5410 εὐσεϐείας
2547 5348 3003 5418 μεταστησάμενα
3022 5389 3036 5413 ,
3067 5350 3235 5404 σκῦλα
3266 5350 3378 5411 τοῖς
3404 5345 3545 5404 ίδίοις
3568 5334 3740 5418 δαίμθξπ

568 5322 890 5393 depraedata:
916 5325 1154 5383 fuerunt.
1190 5326 1314 5383 Haec
1348 5329 1515 5401 igitur
1549 5348 1809 5403 passurus
1836 5336 1971 5391 dicit
1996 5354 2131 5409 gen-

568 5423 651 5469 tes
682 5432 819 5487 quas
845 5418 1135 5485 disposuit.
1172 5421 1327 5475 Sicut
1368 5425 1513 5479 enim
1568 5426 1673 5481 illa:
1723 5430 1986 5499 populum
2037 5429 2131 5485 Dei

568 5518 597 5556 a
622 5508 791 5574 patria
818 5509 1014 5577 pietate
1042 5527 1105 5565 ac
1136 5513 1394 5583 religione
1422 5524 1749 5583 avertentes,
1780 5522 1953 5590 spolia
2002 5536 2129 5592 pro.

568 5597 704 5665 priis
733 5598 1067 5659 daemonibus
1117 5603 1272 5660 facta
1300 5615 1449 5673 sunt,
1504 5610 1577 5664 ita
1606 5613 1934 5683 quandoque
1962 5616 2125 5670 etiam

565 5687 697 5757 ipsa:
719 5690 897 5760 patrio
924 5692 1341 5752 simulacrorum
1374 5701 1522 5756 cultu
1557 5702 1717 5759 abiis
1745 5706 1838 5775 qui
1860 5706 1997 5777 ipsis
2025 5723 2124 5764 an-

634 5844 677 5877 "
703 5844 864 5902 Zach.
887 5861 947 5914 ιι,
976 5849 1027 5917 8,
1059 5850 1090 5906 9

2230 5686 2509 5776 εὐσεϐείας
2557 5715 2972 5785 μεταστήσεται.
3008 5686 3174 5770 Τοῦτο
3212 5714 3267 5770 δὲ
3301 5686 3508 5767 ἔσεσθαί
3543 5699 3681 5773 φησιν
3703 5686 3729 5739 δ

2244 4611 2314 4663 τά
2377 4609 2743 4665 σκυλεύσαντα
2807 4613 2986 4682 ύμᾶς;
3033 4613 3155 4665 Ἐπὶ
3198 4615 3307 4687 γὰρ
3337 4612 3407 4666 τά
3438 4610 3676 4682 πρότερον
3698 4603 3766 4668 έΓ

2245 4703 2346 4775 θρά
2388 4705 2481 4757 καὶ
2524 4703 2756 4774 πολέμια
2807 4705 2901 4757 τοῦ
2935 4704 3063 4759 λαοῦ
3101 4705 3194 4759 τοῦ
3237 4705 3375 4760 Θεοῦ
3409 4704 3528 4771 ἔθνη
3573 4700 3764 4752 ἀποστα·
3844 4710 3845 4713 ‘

2243 4794 2355 4858 λεὶς
2390 4797 2418 4848 ὁ
2456 4794 2549 4848 τοῦ
2596 4795 2730 4849 Θεοῦ
2774 4796 2942 4865 Λόγος
2964 4835 2977 4859 ,
3015 4796 3168 4851 ταῦθ’
3203 4800 3294 4868 ὑφ’
3324 4796 3510 4851 ἑαυτὸν
3547 4786 3758 4860 ἠγάγετο,
3842 4816 3843 4833 ι

2243 4887 2541 4952 σκυλεύσας
2560 4889 2699 4941 αὐτὰ
2718 4888 2804 4942 διὰ
2830 4890 2936 4943 τῶν
2959 4891 3122 4944 αὐτοῦ
3154 4891 3431 4963 μαθητῶν,
3457 4887 3636 4944 οἵτινες
3652 4872 3758 4946 ἦσαν

2246 4981 2410 5051 μέρος
2438 4981 2532 5035 τοῦ
2558 4982 2623 5035 ἐκ
2657 4984 2957 5055 περιτομῆς
2986 4984 3139 5048 λαοῦ,
3169 4986 3349 5039 ὅντινα
3383 4981 3539 5036 πάλαι
3568 4966 3751 5027 κατιδε-

2240 5071 2499 5125 δούλωντο
2523 5072 2590 5125 τά
2611 5072 2759 5143 ἔθνη,
2788 5073 3155 5129 σκυλεύσαντα
3177 5076 3339 5129 αὑτὸν
3368 5075 3431 5143 τῇ
3459 5064 3621 5135 οἰκείᾳ
3632 5057 3750 5113 εῑδω⁴

2241 5162 2541 5236 λολατρείᾳ.
2581 5163 2737 5218 Τοῦτ’
2766 5161 2857 5219 οὖν
2888 5183 3021 5236 φησι
3054 5167 3335 5221 πείσεσθαι
3367 5165 3432 5219 τὰ
3462 5162 3608 5227 ἔθνη,
3637 5152 3748 5214 ἅπερ

2239 5437 2637 5508 κατεστήσατο,
2697 5436 2839 5492 οὕτω
2889 5439 3016 5492 ποτὲ
3079 5442 3173 5495 καὶ
3205 5439 3342 5494 αύτά
3384 5436 3480 5506 τῆς
3520 5416 3740 5495 πατρικῆς

2236 5527 2672 5601 εἰδωλολατρείας
2699 5531 2833 5601 πρὸς
2864 5530 2969 5601 τῶν
3000 5532 3165 5587 πάλαι
3186 5527 3577 5587 δεδουλευκότων
3591 5509 3733 5569 αὐτοῖς
3828 5570 3829 5585 λ

2236 5618 2675 5691 σκυλευθήσεται,
2698 5622 2793 5674 καὶ
2812 5622 2915 5674 ὑπὸ
2939 5623 3029 5676 τὸν
3060 5622 3224 5691 ζυγὸν
3246 5623 3343 5693 τῆς
3361 5616 3477 5674 καθ’
3507 5602 3734 5693 Ἐδραίθυξ
