3894 6506
84 376 175 431 “9
1000 374 1646 431 DEMONSTRATIONIS
1685 374 2136 432 EVANGELICJE
2175 377 2302 435 LIB.
2345 378 2432 434 Vl.
3196 387 3303 444 450

84 492 271 564 Κύριος
308 493 382 547 δι’
416 494 633 557 ἑαυτοῦ,
660 493 751 548 ἐπὶ
780 492 859 563 τῷ
899 492 1080 565 τοιῷδε
1109 493 1488 566 κατορθώματι
1516 494 1622 567 πρὸ

1751 503 1834 549 tea
1866 496 2172 560 servierint,
2209 497 2609 567 spoliabuntur,
2641 504 2695 551 et
2724 498 2827 554 sub
2854 499 3038 570 iugum
3075 498 3304 558 Hebrai-

82 583 163 639 τοῦ
206 586 436 657 Πατρὸς
474 587 999 658 ἁποσταλησομένου.
1047 586 1204 640 Είποι
1247 588 1291 641 δ’
1324 588 1387 642 ἄν
1442 605 1523 652 τις
1556 605 1622 641 κα

1753 600 1830 641 ca:
1856 586 2131 657 religionis
2162 587 2536 644 traducentur.
2570 587 2685 643 Hoc
2715 597 2894 644 autem
2942 591 3185 646 futurum
3224 594 3304 647 ait

81 677 260 748 νοητάς
289 695 457 743 τινας
479 679 573 731 καὶ
598 679 861 750 ἀοράτους
880 679 1158 749 δυνάμεις,
1188 678 1315 749 ἔθνη
1331 679 1424 733 νῦν
1447 681 1622 751 ὀνομὰι

1752 677 2014 734 Dominus
2043 694 2138 749 per
2171 680 2434 751 seipsum,
2466 680 2558 751 qui
2584 682 2651 736 ad
2675 683 2783 738 tale
2808 698 3006 738 munus
3035 692 3301 753 praestan-

84 767 275 833 ζεοθαι,
316 769 392 823 τά
430 771 817 833 σκυλεύσαντα,
860 772 952 825 καὶ
996 772 1507 843 αἰχμαλωτεύσαντα
1550 772 1622 825 τὰ

1752 770 1879 824 dum
1905 786 1935 823 a
1956 769 2117 825 Patre
2149 772 2446 826 mittendus
2497 773 2587 828 sit.
2644 771 2931 837 Caeterum,
2975 774 3174 833 dixerit
3201 776 3303 830 ali-

83 861 173 913 τῶν
196 861 514 932 ἀνθρώπων
538 862 735 933 ψυχάς,
756 858 831 918 ὧν
852 864 1035 934 ψυχῶν
1061 863 1202 917 οὕτω
1233 866 1365 935 φησὶ
1392 864 1622 936 κήδεσθα

1751 862 1894 931 quis,
1927 863 2088 917 etiam
2116 864 2483 934 intelligibiles
2514 865 2774 935 quasdam
2805 873 2859 921 et
2889 867 3302 939 invisibilespo-

82 952 508 1024 ὀφιλάνθρωπος
540 954 633 1007 τοῦ
665 955 800 1009 Θεοῦ
827 956 1019 1025 Λόγος,
1040 957 1168 1011 ὡσεί
1185 976 1266 1022 τις
1290 957 1425 1022 ἰδίας
1445 957 1622 1026 ὀφθαλι

1750 962 1996 1020 testates,
2049 964 2236 1027 gentes
2266 972 2413 1011 nunc
2463 958 2752 1023 nominari,
2780 974 2899 1029 quae
2946 960 3299 1029 spoliaverint

85 1045 170 1115 μσῦ
213 1046 415 1117 κόρης.
458 1050 570 1101 Καὶ
603 1048 802 1119 δεῖγμα
829 1049 926 1119 τῆς
958 1049 1170 1102 τοιᾶσδε
1216 1048 1380 1103 αὐτοῦ
1426 1050 1551 1121 περὶ
1578 1048 1622 1102 τί

1747 1048 2095 1117 captivasque
2128 1047 2405 1101 hominum
2436 1048 2648 1103 animas
2667 1049 2896 1118 egerint,
2921 1065 3152 1120 quarum
3182 1051 3273 1105 ani
3298 1084 3303 1089 ι

80 1136 171 1188 τῶν
215 1136 535 1207 ἀνθρώπων
576 1138 729 1206 γένος
760 1138 1105 1210 κηδεμονίας,
1152 1139 1213 1193 τὸ
1248 1140 1367 1212 μηδ’
1399 1140 1622 1194 ὑποστείι

1746 1155 1955 1193 marum
1985 1140 2147 1193 talem
2180 1153 2237 1193 se
2261 1153 2447 1192 curam
2493 1154 2680 1209 gerere
2709 1140 2785 1194 ait
2815 1141 3298 1197 clementissimum

81 1226 254 1280 λισθαι
288 1229 490 1292 αὐτὸν,
522 1228 656 1283 Θεοῦ
684 1231 854 1301 Λόγον
882 1232 1008 1284 ὄντα
1035 1232 1129 1285 καὶ
1159 1232 1216 1283 ὲν
1240 1230 1364 1302 δόξῃ
1398 1235 1465 1303 τῇ
1496 1231 1622 1302 παρέ

1748 1230 1842 1286 Dei
1868 1229 2124 1294 Verbum,
2157 1230 2372 1300 qualem
2396 1231 2771 1301 unusquisque
2789 1232 2931 1287 oculi
2966 1233 3050 1287 sui
3086 1234 3302 1304 pupilla}

80 1319 143 1389 τῷ
164 1319 336 1387 Πατρὶ
370 1321 741 1392 τυγχάνοντα,
769 1323 866 1395 τὴν
902 1325 981 1388 είς
1016 1324 1328 1397 ἀνθρώπους
1354 1324 1622 1397 ἐπιδημίας

1745 1323 1905 1393 gerit,
1931 1322 2089 1391 cujus
2120 1322 2426 1377 sedulitatis
2457 1332 2619 1392 atque
2644 1323 2846 1379 amoris
2869 1340 2995 1394 erga
3015 1325 3299 1380 hominum

80 1430 128 1465 τε
156 1412 246 1466 καὶ.
270 1415 597 1484 οἰκονομίαν
627 1416 1001 1481 ἀναδέξασθαι.

1748 1430 1937 1483 genus,
1975 1413 2190 1483 signum
2233 1413 2364 1467 illud
2412 1414 2536 1477 erit,
2587 1412 2732 1483 quod
2769 1398 2903 1469 cum.
2940 1413 3034 1469 Dei
3064 1414 3300 1471 Verbum

80 1513 222 1566 esset,
255 1513 314 1559 ct
367 1520 479 1560 sua
521 1507 692 1578 gloria
726 1511 865 1578 apud
918 1509 1132 1565 Patrem
1192 1509 1482 1573 frueretur,
1534 1525 1641 1565 non
1694 1508 1926 1582 piguerit
1982 1507 2156 1576 ipsum
2214 1505 2467 1562 veniendi
2516 1504 2581 1558 ad
2632 1504 2901 1571 homines,
2953 1515 3114 1576 atque
3157 1509 3302 1561 inter

82 1615 159 1655 eos
183 1600 453 1655 versandi
482 1618 691 1667 curam,
720 1604 1290 1677 dispensationemque
1317 1606 1612 1677 suscipere.

574 1742 968 1794 ΚΕΦΑΛΑΙΟΝ
1001 1744 1097 1796 IZ'.

93 1873 217 1926 Ἀπὸ
252 1873 363 1962 τ’ρῦ
400 1873 606 1962 αὑτοῦ;
634 1874 812 1962 ήϊρς
836 1874 1017 1960 ᾳὺτός
1041 1878 1073 1928 ὁ
1098 1876 1310 1944 Κύριος
1335 1875 1508 1961 ἥξειν
1535 1879 1637 1962 οὺς

2301 1734 2529 1792 CAPUT
2568 1736 2733 1792 XVII.

1743 1895 1819 1949 Ab
1848 1893 2045 1948 eodem.
2073 1922 2142 1931 —
2174 1891 2325 1959 Quod
2369 1892 2477 1960 ipse
2518 1891 2773 1947 Dominus
2819 1905 3089 1950 venturum
3133 1914 3188 1952 se
3231 1898 3297 1953 de

131 1944 386 2039 pagos»-
403 1990 443 2039 ,τ
454 1944 652 2039 καλὼς
667 1943 1507 2039 ἀνθρώποιςὲκιιῖασξηνώᾳειν
1525 1987 1540 2011 ,
1570 1965 1622 2030 τι

2078 1943 2474 2039 internuntium
2506 1943 3193 2039 ῃαιυίιᾶὶᾶἓαῆἱξ”’ᾇιὶηἳὲὲᾳῖιὲ

134 2032 190 2067 τε
209 2013 355 2081 ἔθνη
386 2018 479 2080 εὶς
509 2012 695 2067 αὐτὸν
726 2015 1199 2082 καταφεύξεσθαι
1224 2017 1503 2082 θεσπίζει,
1535 2018 1635 2071 καὶ

134 2085 205 2149 ὡς
257 2083 640 2158 ἀπεστάλθαι
663 2084 796 2158 Ῠύπό
832 2101 994 2158 tit-oc
1052 2087 1391 2154 κρείττονος
1414 2088 1634 2158 Κυρίου

140 2154 616 2222 παντοκράτορος
640 2152 934 2223 ὁμολογεῖ.

147 2307 162 2336 ι
186 2288 408 2359 Τέρπου
438 2288 533 2341 καὶ
556 2287 866 2360 εὐφραίνου,
912 2286 1146 2360 θύγατερ
1174 2288 1330 2353 Σιὼν,
1369 2289 1500 2343 διότι
1524 2290 1632 2344 ίδοὺ

88 2381 180 2448 ἐγὼ
205 2380 461 2452 ἐρχομαι,
497 2380 591 2435 καὶ
633 2380 1036 2451 κατασκηνώσω
1076 2383 1135 2433 ἐν
1160 2381 1308 2452 μέσῳ
1342 2399 1458 2445 σου,
1488 2381 1633 2450 λέγει

89 2472 284 2543 ιὶὕριος,
318 2472 422 2524 καὶ
454 2471 879 2541 καταφεύξονται
926 2472 1052 2543 ἔθνη
1085 2472 1252 2526 πολλὰ
1280 2473 1371 2525 ἐπὶ
1394 2474 1484 2526 τὸν
1518 2473 1631 2526 Κύ-

92 2578 184 2632 ριον
206 2565 262 2616 ἐν
283 2566 354 2634 τῇ
390 2563 575 2634 ἡμέρᾳ
604 2563 805 2634 ἐκείνῃ,
850 2564 942 2617 καὶ
980 2563 1189 2617 ἔσονται
1217 2564 1362 2635 αὐτῷ
1388 2567 1465 2627 είς
1483 2564 1630 2631 λαὸν,

91 2653 165 2705 καὶ
194 2652 604 2725 κατασκηνώσω
633 2656 691 2707 ἐν
741 2653 887 2725 μέσῳ
916 2671 1030 2718 σου,
1062 2655 1157 2708 καὶ
1181 2653 1384 2726 γνώσῃ,
1413 2656 1493 2709 ὅτι
1519 2655 1631 2708 Κύ-

92 2765 184 2818 ριος
208 2752 606 2822 παντοκράτωρ
633 2749 999 2817 ὲξαπέσταλκέ
1030 2767 1097 2821 με
1139 2750 1273 2820 πρὸς
1301 2749 1380 2804 σέ.
1420 2768 1440 2801 ι
1483 2750 1633 2803 Ἐπεὶ

91 2841 349 2911 πρόκειται
379 2841 476 2895 νῦν
511 2840 571 2894 τὸ
610 2841 860 2912 δεύτερον
890 2840 1061 2893 αἴτιον
1099 2840 1164 2893 ἐκ
1192 2839 1301 2895 τῶν
1341 2841 1630 2913 προφητῶν

91 2933 362 3000 ἀποδεῖξαι,
399 2931 705 3004 ἀνθρώποις
763 2931 952 3003 μέλλον
986 2931 1079 2984 ἐπὶ
1108 2930 1213 3001 γῆς
1241 2930 1631 3002 συμπολιτεύε-

98 3024 215 3087 σθαι,
264 3023 419 3098 οἶμαι
472 3023 662 3078 τούτου
720 3020 1120 3096 παραστατικὸν
1178 3020 1316 3077 εἶναι
1374 3022 1468 3077 καὶ
1533 3024 1629 3094 τὴν

94 3114 349 3185 παροῦσαν
406 3114 760 3187 προφητείαν,
814 3113 891 3176 ώς
946 3112 1035 3166 διὰ
1077 3112 1138 3166 τὸ
1181 3112 1447 3185 πρόδηλον
1495 3114 1630 3185 μηδὲ

97 3206 306 3272 πλείονος
359 3207 682 3278 ἐξεργασίας
734 3205 959 3259 δεῖσθαι.
991 3205 1260 3275 Τηρήσεις
1296 3204 1374 3269 δὲ,
1407 3206 1488 3258 ὅτι
1534 3205 1629 3259 καὶ

1809 2037 1979 2102 ipsum
2010 2033 2393 2102 confugituras,
2420 2034 2560 2085 canit
2587 2050 2604 2087 :
2633 2044 2682 2087 et
2705 2035 2841 2104 quod
2878 2033 3164 2092 niissumke
3186 2056 3296 2095 esse

1810 2122 1843 2159 a
1864 2105 2085 2158 Domino
2116 2105 2459 2171 omnipotente
2487 2104 2783 2173 conﬁtetur.

1825 2299 1987 2371 283
2025 2317 2043 2350 ι
2081 2297 2266 2353 Gaude
2309 2306 2363 2352 et
2411 2297 2619 2361 lauare,
2666 2298 2774 2352 ﬁlia
2827 2289 2992 2366 Sion,
3039 2301 3295 2371 quoniam

1738 2406 1864 2447 ecce
1907 2405 2006 2461 ego
2053 2390 2246 2452 venio,
2288 2396 2343 2443 et
2387 2387 2643 2443 habitabo
2686 2390 2743 2444 in
2787 2389 2964 2445 medio
3003 2392 3113 2457 tui,
3162 2392 3294 2447 dicit

1740 2480 2034 2544 Dominus,
2068 2487 2123 2534 et
2167 2478 2485 2550 confugient
2528 2487 2713 2549 gentes
2762 2480 2945 2534 multae
2991 2481 3058 2535 ad
3105 2479 3291 2536 Domi-

1738 2587 1869 2627 num
1908 2573 1964 2626 in
2001 2570 2090 2626 die
2125 2570 2251 2635 illa,
2286 2578 2339 2625 et
2373 2578 2534 2625 erunt
2565 2571 2614 2624 ei
2645 2572 2699 2625 in
2732 2572 2987 2641 populum
3008 2612 3022 2636 ,
3054 2580 3108 2628 et
3138 2572 3294 2627 habi-

1737 2662 1865 2717 tabo
1904 2661 1961 2715 in
2004 2659 2185 2716 medio
2226 2661 2342 2724 tui,
2387 2669 2441 2715 et
2487 2675 2785 2730 cognosces
2830 2662 2976 2732 quod
3028 2661 3293 2719 Dominus

1734 2754 2080 2823 omnipotens
2118 2752 2269 2808 misit
2307 2767 2393 2807 me
2431 2751 2500 2806 ad
2528 2761 2580 2806 te
2607 2752 2674 2807 ⁸ο.
2711 2773 2730 2805 ι
2759 2754 2894 2820 Quia
2922 2770 3065 2809 nunc
3094 2752 3295 2826 propo-

1736 2845 1905 2899 situm
1937 2853 2021 2899 est
2052 2841 2251 2897 Filium
2272 2883 2287 2907 ,
2320 2849 2597 2898 auctorem
2627 2858 2808 2898 rerum
2829 2883 2844 2909 ,
2877 2845 3015 2914 apud
3048 2846 3291 2904 homines

1736 2936 1792 2991 in
1827 2944 1974 2990 terra
2003 2942 2347 2990 versaturum
2373 2974 2389 2999 ,
2422 2949 2490 2989 ex
2524 2934 2806 3004 pr0phetis
2844 2935 3133 2992 ostendere
3153 2977 3169 3003 ,
3201 2952 3293 2992 ar-

1734 3027 1907 3082 bitror
1938 3025 2169 3094 hujusce
2195 3026 2273 3081 rei
2305 3024 2744 3080 demonstrandae
2771 3026 3063 3082 etiicaciam
3093 3028 3294 3085 habere

1734 3127 2055 3190 praesentem
2084 3117 2458 3188 prophetiam,
2490 3117 2625 3173 adeo
2658 3118 2876 3188 quidem
2911 3126 2970 3174 ut
3003 3120 3074 3175 ob
3119 3120 3293 3184 ipsius

1734 3208 1813 3263 rei
1858 3207 2340 3278 perspicuitatem,
2392 3206 2544 3261 nulla
2597 3209 2861 3278 ampliore
2911 3210 3293 3279 explanatione

94 3297 174 3368 τὴν
213 3299 387 3353 αἰτίαν
439 3294 595 3361 αὖθις
650 3298 747 3369 τῆς
787 3297 1023 3367 ἀφίξεως
1055 3296 1218 3351 αὐτοῦ
1270 3297 1417 3369 δηλοί
1460 3298 1517 3351 ὲν
1548 3292 1622 3362 οἷς

1735 3299 1807 3355 sit
1861 3314 2043 3370 opus:
2092 3298 2257 3354 etiam
2316 3297 2451 3352 illud
2502 3299 2815 3355 observabis
2866 3300 3009 3370 quod
3064 3316 3290 3356 causam

99 3407 222 3462 φησί’
262 3412 279 3445 ι
316 3392 428 3446 Καὶ
462 3390 886 3459 καταφεύξονται
919 3389 1043 3463 ἔθνη
1088 3389 1256 3445 πολλὰ
1285 3390 1377 3444 ἐπὶ
1403 3391 1493 3444 τὸν
1516 3389 1630 3443 Κύ-

100 3499 190 3550 ριον
217 3486 269 3539 ὲν
296 3487 364 3556 τῇ
396 3484 578 3555 ἡμέρᾳ
595 3483 800 3556 ἐκείνῃ,
824 3483 918 3536 καὶ
934 3481 1142 3536 ἔσονται
1171 3481 1319 3553 αὐτῷ
1345 3483 1423 3546 εἰς
1441 3482 1585 3537 λαόν.
1602 3501 1620 3533 ι

98 3574 253 3630 ταῦτα
276 3577 333 3629 δὲ
352 3580 381 3630 ὁ
407 3575 584 3643 λόγος,
615 3574 713 3644 τὴν
739 3574 1011 3647 θυγατέρα
1026 3573 1163 3629 Σιὼν
1186 3574 1622 3644 εὐαγγελίζεται,

99 3664 213 3719 οὕτω
250 3668 346 3737 τὴν
394 3666 722 3738 Ἐκκλησίαν
762 3664 856 3718 τοῦ
889 3664 1023 3719 Θεοῦ
1074 3665 1510 3737 προσαγορεύων,
1537 3664 1625 3718 διὰ

100 3755 146 3807 τὸ
160 3757 243 3829 τῆς
255 3758 575 3829 ἐπουρανίου
607 3756 954 3831 Ἰερουσαλὴμ
974 3756 1245 3829 θυγατέρα
1270 3754 1404 3810 εἶναι
1429 3756 1621 3821 δοκεῖν,

104 3850 270 3917 μητρὸς
311 3847 479 3919 οὔσης
539 3847 752 3917 ἐκείνης
791 3847 897 3900 τῶν
931 3846 1119 3915 ἁγίων,
1175 3845 1317 3900 κατὰ
1347 3846 1438 3900 τὸν
1482 3846 1624 3917 ἱερὸν

111 3934 408 3995 Ἀπύστολον.
444 3940 515 3992 Ἢ
531 3940 624 3993 καὶ
651 3938 822 4004 ἄλλως
844 3938 1085 4010 θυγάτηρ
1111 3937 1292 4009 Σιὼνή
1336 3937 1623 4009 Ἐκκλησία

103 4027 296 4099 Χριστοῦ
349 4033 568 4104 λεχθείη
616 4031 702 4094 ἂν,
744 4030 890 4086 ώσὰν
935 4033 999 4085 ὲκ
1041 4031 1139 4101 τῆς
1199 4031 1467 4102 προτέρας
1496 4049 1621 4086 συν-

101 4126 285 4196 αγωγῆς
340 4126 449 4179 τῶν
471 4126 537 4177 ὲκ
568 4124 887 4198 περιτομῆς,
940 4123 1026 4178 διά
1061 4141 1118 4177 τε
1164 4124 1492 4189 ἀποστόλων,
1529 4124 1622 4178 καί⁹

103 4215 460 4285 ain-{altatth
479 4219 779 4281 ύποστᾶσα,
809 4216 857 4269 οἳ
890 4218 984 4270 καὶ
1003 4218 1311 4287 γεννήματα
1330 4217 1622 4288 ἐτύγχανον

105 4311 270 4381 μητρὸς
306 4312 406 4383 τῆς
456 4309 851 4383 ἁπορῤιφείσης
912 4308 1001 4362 διὰ
1029 4309 1127 4371 τὰς
1188 4309 1395 4371 οἰκείας
1433 4308 1621 4360 δυσσε-

103 4397 237 4466 ϐείας,
265 4403 354 4456 καὶ
397 4404 573 4474 χήρας
596 4401 962 4473 γεγενημένης
985 4439 1000 4465 ,
1033 4400 1123 4454 διὰ
1153 4401 1214 4454 τὺ
1240 4400 1505 4455 ἀπελάσαι
1529 4399 1620 4453 τὸν

102 4490 247 4565 ἄνδρα,
276 4496 360 4550 διὰ
395 4495 505 4549 τῶν
551 4494 842 4567 προφητῶν
864 4492 1310 4565 ἐπιμεμψάμενον
1360 4494 1495 4563 αὐτῇ
1525 4490 1620 4545 καὶ

105 4586 333 4654 φήσανταο
369 4608 388 4639 ι
426 4588 540 4657 Οὐχ
566 4587 640 4652 ὡς
659 4586 823 4658 ἄνδρα
852 4603 918 4655 με
950 4585 1231 4647 ἐκάλεσας,
1267 4583 1359 4637 καὶ
1388 4583 1616 4654 πατέρα,

1732 3405 1927 3445 rursus
1965 3388 2051 3444 sui
2090 3386 2354 3443 adventus
2384 3387 2657 3457 significat
2679 3428 2694 3451 ,
2728 3387 2819 3442 ubi
2851 3389 2928 3443 ait
2956 3407 2970 3443 :
3002 3408 3021 3441 ι
3060 3388 3124 3442 Et
3156 3404 3293 3444 con-

1734 3480 1941 3551 fugient
1974 3485 2161 3549 gentes
2200 3478 2385 3532 multae
2420 3477 2486 3532 ad
2528 3477 2815 3533 Dominum
2859 3479 2914 3533 in
2952 3479 3041 3534 die
3078 3480 3199 3553 illa,
3235 3487 3291 3536 et

1732 3581 1893 3630 erant
1923 3572 2026 3642 ipsi
2053 3570 2110 3626 in
2138 3572 2417 3641 populum.
2459 3590 2478 3622 ι
2508 3569 2634 3626 Haec
2663 3580 2842 3627 autem
2872 3572 2975 3643 ipsi
3004 3570 3126 3627 (ilia:
3157 3572 3288 3629 Sion

1731 3666 1946 3722 nuntiat
1979 3664 2259 3720 oraculum
2284 3703 2299 3728 ,
2344 3663 2424 3718 sic
2462 3663 2676 3718 interim
2717 3662 2811 3718 Dei
2850 3663 3151 3719 Ecclesiam
3190 3680 3289 3735 ap-

1729 3758 1977 3831 pellans,
2042 3768 2327 3828 propterea
2375 3756 2517 3827 quod
2573 3757 2782 3813 caelesti
2827 3755 3129 3813 Jerusalem
3177 3757 3283 3813 lilia

1728 3874 1851 3916 esse
1901 3858 2172 3921 videatur,
2232 3871 2379 3927 qum,
2439 3860 2500 3908 ut
2552 3860 2778 3909 sanctus
2835 3851 2911 3906 ait
2964 3850 3282 3920 Apostolus,

1709 3960 1903 4007 mater
1947 3958 2261 4007 sanctorum
2307 3957 2410 4005 est.
2461 3947 2569 4000 Aut
2609 3946 2772 4001 etiam
2817 3944 2973 3999 aliter
3010 3942 3118 3998 lilia
3154 3941 3285 3998 Sion

1727 4042 1933 4099 Christi
1981 4041 2223 4097 Ecclesia
2254 4040 2361 4096 dici
2393 4047 2604 4111 potest,
2649 4046 2906 4108 tanquam
2948 4053 3011 4091 ea
3052 4051 3173 4108 qua:
3217 4051 3284 4091 ex

1725 4136 1908 4206 priore
1962 4149 2150 4191 eorum
2204 4133 2298 4205 qui
2361 4132 2426 4187 ad
2484 4131 2954 4187 circumcisionem
3013 4128 3284 4198 pertinent

1726 4236 1991 4283 conventu
2021 4266 2036 4291 ,
2088 4242 2183 4296 per
2227 4224 2501 4295 apostolos
2525 4262 2539 4287 ,
2592 4229 2752 4292 atque
2795 4220 3153 4290 evangelistas
3178 4260 3192 4286 ,
3228 4218 3283 4273 id

1726 4317 1869 4389 quod
1901 4327 2016 4381 est,
2053 4317 2360 4386 acceperit,
2391 4316 2482 4386 qui
2510 4314 2673 4369 etiam
2708 4313 2800 4367 filii
2829 4320 2984 4368 erant
3016 4311 3134 4381 ejus
3165 4327 3282 4365 ma-

1727 4409 1825 4465 tris
1845 4448 1860 4474 ,
1891 4424 2010 4479 qua:
2044 4409 2116 4464 ob
2145 4409 2352 4463 scelera
2382 4422 2482 4462 sua
2511 4406 2721 4475 abjecta
2764 4412 2889 4470 est,
2931 4419 3157 4474 quaeque
3198 4404 3280 4460 τίη

1725 4502 1830 4556 dua
1864 4499 2008 4554 facta
2039 4508 2122 4555 est
2144 4540 2158 4564 ,
2188 4516 2253 4554 eo
2287 4500 2434 4570 quod
2477 4490 2748 4569 expulerit
2777 4498 2952 4552 virum
2982 4537 2996 4561 ,
3039 4496 3131 4566 qui
3182 4513 3281 4567 per

1725 4593 2017 4664 prophetas
2039 4593 2107 4648 de
2132 4593 2249 4663 ipsa
2279 4599 2611 4663 conquestus
2632 4598 2717 4646 est
2739 4629 2754 4654 ,
2781 4597 2942 4661 atque
2972 4589 3085 4643 ait:
3115 4607 3134 4640 ι
3162 4588 3282 4644 Non

104 4679 174 4731 ni
196 4683 421 4754 ἀρχηγὸν
453 4681 554 4751 τῆς
569 4681 861 4753 παρθενίας
894 4696 985 4732 σου
1006 4695 1018 4708 ·
1060 4698 1079 4728 ι
1104 4677 1162 4741 ὃς
1195 4677 1287 4731 καὶ
1317 4679 1427 4739 τοῖς
1452 4676 1508 4743 ἐξ
1530 4677 1621 4729 αύ-

1733 4694 1981 4756 lanquam
2013 4685 2192 4742 virum
2223 4701 2309 4741 me
2341 4684 2547 4741 vocasti
2570 4723 2586 4749 ,
2631 4691 2685 4738 et
2729 4681 2945 4738 Patrem
2993 4690 3047 4739 et
3084 4681 3278 4739 ducem

104 4766 176 4835 τῆς
217 4773 519 4843 γενομένοις
574 4771 663 4826 τὸν
688 4770 883 4842 τρόπον
923 4770 1021 4841 τῆς
1051 4768 1252 4839 μητρὸς
1293 4766 1611 4834 διαϐάλλων,

104 4867 232 4933 φησί·
259 4888 276 4921 ι
310 4871 470 4922 Ποῖον
512 4867 669 4922 τοῦτο
699 4868 761 4921 τὸ
803 4865 1003 4937 βιϐλίον
1029 4863 1122 4917 τοῦ
1161 4862 1487 4917 ἀποστασίου
1520 4862 1617 4932 τῆς

107 4961 266 5028 μητμδς
309 4962 485 5033 ὑμῶν,
517 4953 560 5028 ᾧ
595 4957 947 5026 ἐξαπέστειλα
989 4958 1192 5028 αὑτήν;
1234 4975 1252 5006 ι
1281 4955 1392 5010 Καὶ
1421 4953 1613 5008 πάλιν·

104 5062 118 5093 ⁸
149 5047 356 5123 Ι(ριθῆτε
423 5052 561 5125 πρὸς
617 5052 713 5123 τὴν
767 5050 976 5123 μητέρα
1028 5049 1201 5122 ὑμῶν,
1257 5047 1500 5120 κριθῆτε,
1535 5047 1617 5099 ὅτι

103 5140 199 5217 αὕτη
230 5149 286 5200 οὐ
318 5149 454 5219 γυνή
485 5164 584 5218 μου
609 5188 623 5212 ,
652 5146 803 5216 κάγὼ
836 5147 935 5200 οὐκ
958 5146 1097 5217 ἀνὴρ
1124 5145 1311 5212 αὐτῆς.
1339 5163 1356 5195 ι
1384 5142 1619 5204 Εἰκότως

103 5227 196 5302 δῆτα
223 5240 363 5293 ώσὰν
396 5241 496 5311 τὴν
531 5239 741 5311 μητέρα
781 5238 1237 5310 ἀπαρνησαμένω
1269 5236 1361 5290 τοῦ
1384 5234 1613 5306 Κυρίου,

104 5327 199 5392 πρὸς
227 5332 321 5401 τὴν
337 5331 611 5402 θυγατέρα
640 5333 673 5403 ἡ
716 5329 964 5401 παροῦσα
999 5328 1299 5401 προφητεία
1330 5326 1605 5396 εὐαγγελί-

106 5408 210 5473 ζεται
235 5420 328 5493 τὴν
357 5419 521 5474 αὐτοῦ
573 5417 665 5473 τοῦ
708 5418 911 5491 Κυρίου
958 5418 1277 5490 παρουσίαν.
1325 5418 1424 5488 Είη
1466 5417 1511 5470 δ’
1548 5415 1613 5469 ἂν

107 5503 201 5580 ιῦτη
229 5513 259 5582 ἡ
291 5512 348 5577 ὲξ
388 5509 558 5565 ὲθνῶν
600 5510 911 5582 Ἐκκλησία,
943 5513 1000 5565 ὲν
1042 5510 1193 5583 χώρᾳ
1226 5508 1488 5582 θυγατρὸς
1514 5509 1613 5579 τῆς

106 5603 346 5675 προτέρας,
368 5604 456 5658 διὰ
484 5606 612 5668 τοὺς
655 5604 981 5668 ἀποστόλους
1021 5604 1112 5657 τοῦ
1152 5604 1400 5676 Σωτῆρος
1430 5605 1608 5677 ἡμῶν,

103 5682 429 5766 ὶελαιισμένη-

1725 4779 2046 4850 virginitatis
2093 4785 2199 4833 tuae
2229 4777 2296 4844 ⁸¹,
2331 4797 2350 4830 ι
2375 4778 2466 4848 qui
2506 4777 2669 4832 etiam
2701 4777 2767 4831 iis
2797 4776 2892 4847 qui
2915 4776 2983 4831 de
3006 4776 3122 4847 ipsa
3166 4776 3281 4833 nati

1722 4880 1879 4935 sunt,
1907 4885 2087 4926 mores
2119 4871 2305 4925 matris
2327 4869 2665 4939 exprobrans
2698 4883 2763 4923 ac
2791 4871 3129 4939 vituperans,
3160 4869 3235 4924 ait
3261 4888 3274 4924 :

1728 4982 1746 5015 ι
1778 4962 1913 5027 Quis
1943 4970 2028 5018 est
2061 4962 2150 5016 hic
2180 4962 2317 5017 liber
2347 4961 2560 5032 repudii
2594 4960 2786 5017 matris
2819 4969 3048 5025 vestrae,
3084 4961 3140 5015 in
3167 4977 3278 5031 quo

1722 5054 1879 5109 emisi
1913 5069 2030 5109 eam
2056 5054 2101 5085 θ’
2123 5054 2146 5107 ?
2168 5073 2186 5106 ι
2217 5054 2282 5108 Et
2316 5069 2508 5109 rursus
2536 5072 2550 5108 :
2587 5072 2606 5105 ι
2632 5051 2958 5108 Judicamiui
2986 5052 3277 5123 :quoniam

1720 5143 1836 5199 haec
1878 5160 1987 5199 non
2031 5161 2170 5200 uxor
2204 5136 2320 5201 mea
2342 5186 2357 5211 ,
2405 5154 2458 5201 et
2495 5160 2593 5216 ego
2627 5161 2735 5200 non
2770 5146 2852 5199 vir
2878 5145 2997 5214 ejus
3027 5145 3093 5200 ⁸⁸.
3119 5163 3139 5195 ι
3167 5143 3276 5198 Me-

1720 5236 1828 5290 rito
1881 5251 2012 5291 sane
2058 5245 2315 5306 tanquam
2360 5237 2427 5292 iis
2472 5237 2565 5307 qui
2618 5246 2847 5291 matrem
2891 5235 3279 5306 abnegaverint

1724 5327 1888 5383 tiliam
1943 5325 2188 5388 Domini.
2232 5328 2403 5397 ipsius
2447 5327 2657 5383 Domini
2701 5328 2987 5383 adventum
3035 5342 3275 5398 praesens

1721 5418 2006 5490 prophetia
2054 5420 2289 5474 nuntiat.
2339 5418 2457 5472 Erit
2504 5425 2685 5473 autem
2742 5419 2856 5474 haec
2904 5409 3153 5476 Ecclesia
3204 5417 3273 5474 de

1724 5511 2006 5582 gentibus,
2041 5527 2162 5582 qua:
2192 5513 2311 5567 loco
2345 5512 2545 5582 prioris
2578 5511 2701 5567 (ilia:
2732 5526 2828 5582 per
2869 5512 3038 5568 nostri
3084 5512 3271 5569 Salva-

1723 5604 1857 5659 toris
1884 5605 2161 5674 apostolos
2186 5645 2200 5670 ,
2232 5605 2413 5662 habita
2441 5612 2544 5662 est.

152 5806 184 5839 ³⁸
209 5810 360 5867 Zach.
390 5830 449 5880 ιιι,
480 5816 565 5881 10,
602 5816 686 5870 ll.
764 5819 804 5851 ⁸¹
827 5817 937 5873 Jer.
964 5835 1042 5884 ιιι,
1073 5817 1125 5874 4.
1200 5820 1244 5854 ⁸⁸
1266 5818 1370 5878 Isa.
1404 5840 1531 5891 xu,
1564 5842 1604 5881 ι.

1756 5828 1880 5889 Ose.
1914 5847 1974 5902 ιι,
2001 5833 2056 5890 2.
