3894 6520
634 358 730 415 451

1057 485 1220 557 284
1259 484 1487 541 CAPUT
1525 483 1710 541 xvrn.

716 642 797 700 Ab
828 643 1028 725 eodem.
1058 673 1126 683 —
1154 643 1231 725 De
1263 643 1474 725 Domini
1510 643 1733 725 adventu
1759 682 1776 707 ,
1808 653 1856 696 et
1892 641 1958 725 σε
1990 644 2057 697 iis

836 730 952 783 qure
982 714 1037 773 in
1066 716 1305 782 passione
1333 714 1448 781 ejus
1475 724 1719 768 eventura
1750 723 1924 768 erant.

674 900 691 932 ι
730 882 869 937 Ecce
893 881 1009 937 dies
1033 890 1260 939 veniunt
1291 883 1504 938 Domini
1527 923 1541 947 ,
1570 890 1624 938 et
1648 882 1963 938 dividentur
1989 883 2161 953 spolia

602 986 692 1032 tua
726 975 778 1029 in
812 983 866 1030 te
890 1015 905 1036 ,
953 984 1007 1030 et
1051 977 1392 1047 congregabo
1421 991 1610 1032 omnes
1637 985 1824 1047 gentes
1856 976 1910 1031 in
1942 974 2163 1032 Jerusao

600 1066 703 1120 lem
739 1065 804 1120 ad
834 1065 1077 1131 bellum;
1111 1073 1164 1119 et
1192 1066 1444 1136 capietur
1473 1065 1669 1119 civitas
1693 1103 1707 1126 ,
1744 1073 1796 1119 et
1835 1065 2163 1133 diripientur

599 1157 828 1221 domus,
863 1164 915 1211 et
956 1158 1214 1212 mulieres
1247 1155 1619 1220 fmdabuntur,
1650 1166 1704 1211 et
1739 1156 2046 1226 egredietur
2078 1156 2163 1210 di—

597 1248 825 1303 midium
858 1249 1095 1304 civitatis
1120 1249 1172 1302 in
1203 1247 1552 1320 captivitate,
1592 1248 1785 1318 reliqui
1817 1263 1943 1302 vero
1968 1248 2034 1303 de
2063 1263 2162 1319 po-

597 1338 726 1409 pulo
758 1353 881 1393 meo
913 1354 1021 1392 non
1054 1339 1340 1408 peribunt,
1376 1344 1430 1393 et
1461 1337 1768 1408 egredietur
1796 1337 2076 1403 Dominus,
2107 1346 2161 1394 et

596 1429 878 1500 parabitur
911 1429 978 1483 ad
1007 1431 1249 1500 praelium
1285 1429 1341 1483 in
1392 1429 1645 1499 gentibus
1683 1429 1827 1493 illis,
1865 1430 2009 1485 sicut
2041 1429 2157 1487 dies

597 1520 763 1589 pnelii
793 1520 911 1589 ejus
938 1521 991 1574 in
1024 1520 1111 1575 die
1139 1520 1266 1575 belli
1294 1538 1306 1574 :
1334 1528 1388 1575 et
1414 1520 1637 1574 stabunt
1660 1520 1825 1592 pedes
1848 1523 1967 1591 ejus
1990 1521 2045 1576 in
2070 1522 2159 1577 die

595 1612 685 1664 illa
711 1627 875 1681 super
906 1622 1087 1667 monte
1115 1610 1425 1677 Olivarum,
1456 1612 1549 1682 qui
1580 1620 1665 1669 est
1703 1623 1893 1669 contra
1943 1613 2159 1671 Jerusa-

595 1701 698 1756 lem
727 1703 797 1757 ab
822 1703 1058 1765 Oriente.
1088 1710 1141 1757 et
1169 1702 1447 1757 scindetur
1477 1718 1632 1759 mons
1661 1701 1937 1760 Olivarum
1957 1746 1973 1768 ,
2001 1705 2162 1760 dimi-

593 1791 744 1846 dium
774 1794 894 1864 ejus
923 1794 991 1849 ad
1020 1795 1314 1860 Orientem,
1341 1803 1395 1850 et
1416 1794 1699 1850 dimidium
1732 1796 1852 1867 ejus
1878 1796 1946 1851 ad
1972 1812 2153 1866 mare;

592 1854 943 1956 profunditas
975 1899 1171 1956 magna
1200 1885 1568 1951 vehementer,
1602 1896 1656 1942 et
1683 1854 1965 1943 inclinabit
1991 1854 2154 1944 dimi:
2187 1854 2227 1909 Β

591 1977 741 2031 dium
775 1980 975 2034 montis
1004 1980 1071 2035 ad
1102 1979 1330 2037 Boream
1353 2024 1367 2050 ,
1393 1990 1446 2037 et
1469 1980 1751 2036 dimidium
1779 1982 1899 2052 ejus
1927 1983 1994 2037 ad
2017 1983 2155 2040 Aus-

592 2076 779 2125 trum:
814 2078 866 2124 ct
896 2071 1243 2126 obturabitur
1273 2074 1430 2129 vallis
1472 2072 1737 2127 montium
1783 2088 2063 2139 meorum,
2101 2081 2156 2129 et

592 2161 1054 2231 conglutinabitur
1078 2164 1341 2220 convallis
1373 2165 1639 2218 montium
1670 2181 1841 2235 usque
1867 2166 2026 2221 Asael
2054 2184 2067 2220 :
2101 2173 2155 2221 et

590 2251 954 2316 obturabitur,
978 2253 1433 2332 quemadrgpdum
1457 2254 1707 2308 obturata
1728 2260 1811 2307 est
1832 2267 1863 2305 a
1885 2252 2022 2308 facie
2042 2260 2155 2308 ter-

586 2359 665 2400 ra!
707 2353 911 2410 motus,
945 2345 999 2399 in
1030 2345 1222 2401 diebus
1250 2345 1392 2401 Ozia:
1425 2346 1570 2417 regis
1596 2344 1754 2401 Juda.
1792 2345 1877 2418 [Et
1906 2347 2154 2401 adveniet

588 2437 854 2493 Dominus
896 2436 1035 2493 Deus
1077 2454 1269 2503 meus,
1298 2448 1353 2494 et
1384 2454 1575 2494 omnes
1621 2440 1796 2494 sancti
1840 2454 1963 2494 cum
2005 2438 2148 2511 eo:]

587 2537 641 2585 et
681 2529 784 2585 erit
832 2530 887 2584 in
928 2529 1018 2585 die
1060 2530 1185 2596 illa,
1231 2546 1343 2586 non
1388 2532 1493 2586 erit
1521 2531 1742 2595 lumen,
1774 2530 1871 2587 sed
1901 2531 2074 2601 frigus
2098 2540 2152 2586 et

588 2620 789 2691 glacies
814 2622 920 2677 erit
951 2621 1039 2676 die
1071 2636 1180 2676 uno
1205 2640 1218 2677 :
1254 2632 1308 2678 et
1336 2622 1453 2678 dies
1482 2622 1573 2677 ille
1607 2630 1771 2676 nutus
1802 2621 2031 2677 Domino
2050 2662 2066 2687 ,
2096 2630 2152 2677 et

587 2729 695 2768 non
730 2713 881 2778 dies,
926 2730 1103 2785 neque
1145 2731 1288 2779 nox,
1335 2715 1403 2769 ad
1444 2731 1729 2785 vesperam
1779 2716 1882 2770 erit
1923 2716 2038 2770 lux.
2084 2713 2150 2769 Et

585 2808 690 2860 erit
727 2806 782 2860 in
820 2805 909 2860 die
946 2807 1037 2860 illa
1060 2846 1074 2868 ,
1112 2807 1424 2877 egredietur
1460 2822 1601 2875 aqua
1637 2806 1758 2861 viva
1808 2807 1875 2861 de
1924 2805 2148 2862 Jerusa-

586 2897 694 2952 lem
718 2915 734 2953 :
764 2897 1047 2952 dimidium
1075 2898 1197 2967 ejus
1220 2898 1284 2952 ad
1312 2912 1460 2953 mare
1487 2899 1723 2968 primum
1745 2939 1761 2963 ,
1785 2906 1839 2952 et
1863 2896 2147 2951 dimidium

584 2987 707 3056 ejus
746 2988 812 3041 ad
852 3003 1002 3042 mare
1042 2988 1294 3042 ultimum
1326 3007 1339 3043 :
1380 2989 1436 3043 in
1473 2996 1661 3044 aestate
1698 2995 1753 3043 et
1790 2990 1847 3042 in
1887 3004 2009 3044 vere
2046 2988 2149 3043 erit

588 3081 669 3137 sic
702 3099 716 3135 :
752 3087 806 3136 et
834 3081 939 3135 erit
969 3080 1229 3137 Dominus
1260 3083 1316 3136 in
1347 3096 1529 3153 regem
1576 3081 1631 3135 in
1677 3095 1890 3136 omnem
1922 3087 2145 3135 terram.

1386 366 1656 424 EUSEBII
1694 365 2174 423 CESARIENSIS
2205 366 2354 425 OPP.
2392 367 2575 423 PARS
2611 367 2677 424 Il.
2723 398 2791 411 -
2822 369 3318 432 APOLOGETICA.

2186 492 2233 548 Α

3734 376 3851 431 452

2772 487 3165 543 ΚΕΦΑΛΑΙΟΝ
3187 491 3296 544 lH'.

2277 624 2418 679 Ἀπὸ
2452 624 2555 679 τοῦ
2596 624 3043 697 aurei—Ihm
3083 626 3194 694 τῆς
3215 628 3320 682 τοῦ
3350 628 3570 697 Κυρίου
3611 645 3849 697 παρευ-

2325 696 2493 833 ﬁge,
2522 696 2618 749 καί
2664 694 2781 748 τῶν
2810 696 2958 749 κατὰ
2987 698 3052 750 τὸ
3084 697 3272 764 πάθος
3310 694 3497 753 αὐτοῦ

2443 783 2543 818 ων.

2443 783 2543 818 ων.

2338 897 2357 930 ι
2405 878 2534 933 Ἰδοὺ
2595 879 2794 951 ἡμέραι
2843 880 3086 951 ἔρχονται
3112 879 3206 934 τοῦ
3252 882 3478 953 Κυρίου,
3506 882 3602 937 καὶ
3634 883 3840 952 διαμε-

2266 968 2607 1040 ρισθήσονται
2652 972 2721 1024 τὰ
2771 971 2943 1025 σκῦλά
2996 989 3087 1024 σου
3142 974 3199 1025 ὲν
3256 973 3358 1037 σοὶ,
3403 976 3497 1027 καὶ
3517 974 3842 1038 ἐπισυνάξαι

2262 1062 2438 1117 πάντα
2480 1063 2546 1116 τὰ
2605 1062 2730 1135 ἔθνη
2756 1065 2847 1118 ἐπὶ
2908 1065 3258 1137 Ἰερουσαλὴμ
3314 1068 3395 1129 εἰς
3427 1067 3670 1136 πόλεμον
3696 1084 3713 1097 ·
3743 1068 3840 1119 καὶ

2262 1154 2526 1207 ἁλώσεται
2554 1157 2588 1224 ή
2618 1154 2789 1219 πόλις,
2818 1155 2913 1209 καί⁸
2952 1156 3482 1227 διαρπαγήσονταιαί
3503 1156 3705 1220 οἰκίαι,
3742 1158 3840 1210 καὶ

2260 1245 2315 1295 αί
2387 1246 2645 1312 γυναῖκες
2712 1243 3163 1316 μολυνθήσονται,
3226 1246 3319 1298 καὶ
3376 1244 3756 1317 ἐξελεύσεται⁸
3775 1246 3839 1299 τὸ

2258 1333 2429 1404 ῆμισυ
2461 1334 2561 1403 τῆς
2593 1333 2797 1398 πόλεως
2825 1336 2881 1388 ὲν
2915 1334 3279 1408 αἰχμαλωσίᾳ.
3315 1336 3376 1389 Ol
3411 1335 3469 1389 δὲ
3497 1336 3836 1390 κατάλοιποι

2258 1422 2352 1475 τοῦ
2378 1422 2506 1476 λαοῦ
2540 1441 2639 1494 μου
2665 1424 2724 1476 ού
2755 1425 2828 1496 μὴ
2870 1423 3305 1495 ὲξολοθρευθῶσι,
3347 1427 3440 1480 καὶ
3481 1425 3832 1494 ἐξελεύσεται

2258 1513 2478 1583 Κύριος,
2531 1516 2625 1570 καὶ
2670 1515 3037 1589 παρατάξεται
3081 1517 3138 1568 ὲν
3171 1519 3282 1581 τοῖς
3312 1516 3519 1571 ἔθνεσιν
3572 1517 3831 1581 ἐκείνοις,

2259 1608 2443 1673 καθὼς
2467 1610 2649 1682 ήμέρα
2679 1612 3035 1683 παρατάξεως
3068 1611 3232 1666 αὑτοῦ
3266 1615 3324 1666 ὲν
3352 1613 3534 1686 ἡμέρᾳ⁵
3561 1613 3826 1685 πολέμου.

2258 1703 2366 1757 Καὶ
2394 1704 2677 1774 στήσονται
2718 1706 2767 1757 οἰ
2822 1706 2979 1769 πόδες
3010 1705 3174 1760 αὐτοῦ
3206 1707 3263 1757 ὲν
3295 1709 3361 1776 τῇ
3402 1706 3587 1777 ἡμέρα
3614 1705 3827 1776 ἐκείνῃ,

2260 1795 2351 1848 ἐπὶ
2377 1794 2436 1848 τὸ
2486 1795 2608 1867 ὅρος
2634 1795 2741 1849 τῶν
2783 1797 3006 1852 Ἐλαιῶν
3034 1799 3113 1862 τὸ,
3147 1780 3425 1852 κατέναντι
3467 1797 3829 1868 Ἰερουσαλὴμ

2256 1885 2314 1951 ἐξ
2356 1888 2648 1952 ἀνατολῶν,
2701 1890 2791 1942 καὶ
2837 1890 3182 1962 σχισθήσεται
3215 1890 3275 1942 τὸ
3311 1888 3435 1959 ὅρος
3484 1888 3746 1952 Ἐλαιῶν,
3770 1889 3826 1941 τὸ

2253 1980 2422 2051 ἥμισυ
2479 1980 2641 2034 αὑτοῦ
2692 1981 2830 2052 πρὸς
2888 1982 3177 2036 θάλασσαν.
3217 1981 3361 2045 Χάος
3405 1980 3549 2052 μέγα
3594 1979 3824 2050 σφόδρα,

2254 2071 2347 2124 καί
2377 2071 2547 2123 κλινεῖ
2569 2072 2628 2125 τὸ
2652 2073 2820 2144 ῆμισυ
2848 2072 2939 2125 τοῦ
2986 2074 3145 2146 ὅρους
3172 2074 3304 2144 πρὸς
3334 2073 3425 2127 τὸν
3454 2072 3698 2144 Βορρᾶν,
3734 2075 3823 2125 καὶ

2252 2163 2313 2216 τὸ
2341 2164 2511 2233 ἥμισυ
2567 2162 2731 2217 αὐτοῦ
2765 2165 2899 2235 πρὸς
2931 2165 3121 2218 Νότον.
3162 2166 3274 2219 Καὶ
3308 2164 3823 2236 ὲμφραχθήσεταιή

2252 2254 2435 2318 κοιλὰς
2465 2254 2572 2307 τῶν
2599 2255 2768 2327 ὀρέων
2797 2274 2918 2326 μου,
2953 2257 3042 2310 καὶ
3062 2255 3513 2327 ὲγκολληθήσεται
3539 2257 3573 2327 ἡ
3602 2256 3823 2327 φάραγξ

2252 2347 2418 2418 ὁρέων
2469 2348 2573 2412 ἕως
2637 2348 2835 2421 Ἀσαήλ
2860 2367 2873 2379 ο
2907 2350 3000 2403 καὶ
3051 2349 3491 2420 ὲμφραχθήσεται
3533 2349 3594 2402 ὃν
3618 2350 3823 2421 τρόπον

2252 2437 2520 2508 ὲνεφράγη
2567 2437 2673 2491 ἀπὸ
2721 2438 3010 2510 προσώπου
3050 2438 3142 2491 τοῦ
3192 2437 3435 2508 σεισμοῦ.
3471 2441 3526 2492 ὲν
3582 2440 3821 2513 ἡμέραις

2265 2526 2437 2592 Ὀζίου
2488 2528 2749 2599 βασιλέως
2827 2531 3012 2586 Ἰούδα.
3067 2531 3178 2585 Καὶ
3235 2530 3384 2584 ἔσται
3436 2535 3493 2584 ὲν
3520 2531 3720 2606 ἐκείνῃ
3757 2535 3819 2603 τῇ

2252 2622 2451 2693 ἡμέρᾳ,
2480 2622 2581 2675 οὐκ
2602 2621 2752 2676 ἔσται
2806 2622 2942 2693 φῶς,
2975 2622 3107 2677 ἀλλὰ
3125 2623 3313 2694 ψῦχος,
3332 2623 3423 2676 καί
3460 2625 3634 2693 πάγος
3666 2625 3817 2677 ἔσται

2253 2714 2381 2784 μίαν
2411 2714 2639 2785 ἡμέραν.
2661 2716 2769 2768 Καὶ
2790 2717 2825 2785 ἠ
2854 2715 3035 2787 ἡμέρα
3050 2716 3229 2788 ἐκείνη
3254 2716 3467 2787 γνωστὴ
3498 2716 3577 2788 τῷ
3606 2718 3815 2789 Κυρίῳ,

2250 2806 2344 2860 καὶ
2374 2808 2470 2878 ούχ
2499 2806 2704 2879 ἡμέρα,
2731 2807 2826 2862 καὶ
2853 2808 2972 2879 ούχὶ
3003 2807 3116 2872 νὺξ,
3150 2808 3211 2861 τὴ
3244 2808 3379 2879 πρὸς
3401 2809 3639 2881 ἑσπέραν
3666 2810 3815 2864 ἔσται

2250 2898 2383 2968 φῶς.
2417 2900 2527 2952 Καὶ
2545 2899 2694 2953 ἔσται
2720 2902 2777 2953 ὲν
2809 2902 2874 2970 τῇ
2895 2899 3070 2971 ἡμέρᾳ
3095 2899 3293 2972 ὲκείνῃ,
3318 2898 3657 2964 ἐξελεύσεται
3675 2902 3816 2972 ὕδωρ

2249 2988 2356 3054 ζῶν
2390 2987 2449 3054 ἐξ
2481 2990 2833 3063 Ἰερουσαλήμ
2858 3008 2870 3021 ·
2899 2990 2959 3044 τὸ
2986 2991 3154 3062 ἥμισυ
3184 2990 3347 3045 αὑτοῦ
3379 2995 3457 3056 εἰς
3493 2993 3590 3064 τὴν
3621 2993 3814 3048 θάλασ-

2251 3095 2348 3134 σαν
2377 3080 2473 3153 τὴν
2507 3080 2748 3153 πρώτην,
2781 3082 2873 3136 καὶ
2896 3083 3064 3153 ἥμισυ
3093 3082 3256 3136 αὑτοῦ
3306 3086 3386 3147 εἰς
3412 3083 3508 3154 τὴν
3539 3084 3814 3138 θάλασσαν

584 3165 645 3221 In
694 3165 783 3221 die
831 3167 921 3221 illa
970 3168 1077 3223 erit
1129 3168 1390 3225 Dominus
1447 3185 1627 3235 unus,
1676 3175 1729 3224 et
1778 3184 1976 3224 nomen
2026 3170 2146 3239 ejus

2252 3172 2348 3247 τὴν
2371 3175 2624 3247 ἐσχάτην.
2669 3175 2755 3227 Ἐν
2779 3174 2923 3245 θέρει
2945 3176 3037 3230 καί
3062 3177 3119 3229 ὲν
3160 3174 3278 3247 ἔαρι
3310 3175 3461 3229 ἔσται
3486 3175 3685 3241 οὕτως,
3713 3178 3815 3231 Καὶ

582 3274 753 3313 unum
775 3299 790 3322 ,
818 3260 1163 3316 circumdans
1187 3276 1402 3317 omnem
1433 3270 1629 3317 terram
1653 3299 1669 3326 ,
1700 3268 1755 3316 et
1778 3275 1994 3315 omnem
2020 3260 2153 3316 soli-

582 3348 824 3405 tudinem
856 3350 922 3406 “.
948 3369 968 3402 ι
993 3349 1121 3407 Post
1150 3352 1381 3422 primam
1431 3352 1770 3408 obsidionem
1809 3350 2110 3409 Jerusalem
2129 3393 2148 3422 ,

581 3448 990 3512 extremamque
1013 3442 1160 3499 illius
1184 3444 1398 3499 ruinam
1424 3451 1477 3501 et
1500 3445 1881 3511 solitudinem,
1905 3462 2027 3517 quae
2047 3448 2150 3504 sub

582 3529 892 3603 Babyloniis
921 3533 1147 3599 accidit,
1177 3543 1406 3606 postque
1436 3535 1667 3592 reditum
1698 3537 1766 3593 ab
1787 3538 1969 3594 hostili
2004 3551 2149 3595 terra

579 3624 649 3679 ad
681 3624 913 3695 patriam
935 3664 951 3690 ,
983 3626 1076 3697 qui
1111 3626 1215 3681 sub
1237 3625 1379 3699 Cyro
1406 3627 1698 3684 Persarum
1728 3645 1855 3701 rege
1882 3632 2145 3704 contigit,

579 3731 704 3772 cum
741 3717 901 3787 paulo
960 3727 1085 3772 ante
1125 3716 1424 3776 Jerusalem
1468 3720 1767 3776 instaurata
1834 3731 2013 3789 esset,
2059 3740 2145 3780 re-

579 3816 946 3883 novatumgque
974 3812 1351 3864 sanctuarium
1372 3852 1388 3876 ,
1419 3820 1473 3867 et
1510 3814 1654 3883 quod
1686 3814 1829 3884 apud
1864 3814 1996 3870 illud
2028 3826 2147 3871 erat

579 3901 784 3964 altare,
833 3903 933 3957 sub
972 3901 1137 3956 Dario
1169 3902 1334 3958 Persa
1384 3920 1625 3975 praesens
1659 3907 1809 3961 canit
1841 3908 2105 3978 propheta
2128 3948 2150 3985 ,.

580 3988 744 4061 285
772 3998 824 4046 et
852 3990 1080 4061 posthac
1113 3991 1339 4046 alteram
1368 3993 1707 4049 obsidionem
1730 3991 2031 4051 Jerusalem
2057 3996 2144 4050 fu-

578 4090 757 4136 turam
802 4082 1097 4153 signiﬁcat,
1144 4099 1306 4155 quam
1352 4099 1514 4155 passa
1540 4095 1627 4143 est
1662 4100 1693 4139 a
1736 4085 2000 4144 Romanis
2032 4105 2144 4145 non

578 4174 736 4238 alias,
765 4191 927 4246 quam
955 4185 1077 4246 post
1110 4177 1338 4241 scelera,
1367 4193 1488 4249 quae
1510 4178 1630 4248 ejus
1656 4179 1991 4239 habitatores
2012 4197 2145 4237 con-

577 4276 663 4323 tra
695 4267 1028 4325 Salvatorem
1057 4276 1304 4325 nostrum
1329 4268 1511 4326 Jesum
1538 4270 1816 4329 Christum
1845 4277 1960 4330 ausi
1991 4285 2137 4332 sunt.

2255 3264 2404 3320 ἔσται
2437 3266 2638 3339 Κύριος
2685 3267 2763 3330 εἰς
2795 3266 3016 3338 βασιλέα
3057 3267 3148 3321 ἐπὶ
3177 3270 3353 3322 πᾶσαν
3377 3269 3473 3340 τὴν
3505 3269 3629 3339 γῆν,
3660 3271 3728 3324 ὲν
3751 3273 3812 3341 τῇ

2253 3359 2434 3431 ἡμέρᾳ
2464 3360 2643 3431 ἐκείνῃ
2695 3358 2846 3411 ἔσται
2872 3359 3075 3430 Κύριος
3096 3353 3194 3426 εἷς,
3230 3360 3324 3413 καὶ
3348 3360 3409 3414 τὸ
3436 3359 3607 3432 ϐνομα
3646 3360 3812 3415 αὐτοῦ

2251 3450 2329 3515 ἓν,
2363 3449 2592 3504 κυκλοῦν
2616 3450 2795 3503 πᾶσαν
2823 3449 2917 3521 τὴν
2949 3450 3051 3520 γῆν
3081 3450 3173 3504 καὶ
3209 3450 3307 3521 τὴν
3338 3449 3559 3523 ἔρημον.
3606 3469 3624 3500 ι
3657 3450 3812 3504 Μετὰ

2249 3537 2345 3610 τὴν
2375 3538 2594 3611 πρώτην
2655 3539 2967 3610 πολιορκίαν
3021 3540 3116 3610 τῆς
3181 3539 3549 3611 Ἰερουσαλὴμ,
3591 3541 3687 3594 καί⁵
3722 3540 3812 3611 τὴν

2249 3628 2480 3699 παντελῆ
2528 3627 2841 3699 καθαίρεσιν
2901 3626 3090 3696 αὐτῆς,
3149 3626 3241 3679 καὶ
3274 3626 3548 3696 ἐρήμωσιν
3575 3626 3675 3696 τὴν
3712 3624 3809 3679 ὑπὸ

2247 3719 2619 3784 Βαϐυλωνίων,
2682 3722 2773 3773 καὶ
2807 3718 2943 3791 μετὰ
2988 3717 3085 3789 τήν
3137 3717 3245 3770 ἀπὸ
3286 3717 3383 3786 τῆς
3414 3717 3677 3788 πολεμίας
3713 3717 3807 3787 γῆς

2246 3811 2337 3864 ἐπὶ
2367 3810 2464 3884 τὴν
2491 3812 2695 3866 οἰκείαν
2746 3809 3025 3876 ἐπάνοδον,
3045 3808 3142 3880 τήν
3171 3808 3262 3861 ἐπὶ
3303 3807 3484 3880 Κύρου
3536 3806 3631 3860 τοῦ
3670 3808 3808 3878 Περ-

2246 3902 2356 3957 σῶν
2377 3902 2639 3973 βασιλέως
2691 3901 3008 3972 γενομένην,
3039 3904 3161 3973 ἄρτι
3193 3899 3291 3969 τῆς
3329 3899 3676 3972 Ἰερουσαλὴμ
3716 3901 3807 3953 ἁν-

2245 3994 2646 4066 εγηγερμένης,
2686 3992 3079 4055 ἁνανεωθέντος
3107 3991 3162 4044 δὲ
3202 3991 3294 4046 τοῦ
3329 3992 3679 4060 ἁγιάσματος,
3716 3988 3803 4044 καὶ

2242 4082 2333 4137 τοῦ
2352 4083 2485 4155 πρὸς
2501 4082 2652 4153 αύτῴ
2682 4082 3063 4153 θυσιαστηρίου
3097 4082 3189 4135 ἐπὶ
3213 4079 3436 4152 Δαρείου
3459 4078 3550 4132 τοῦ
3575 4079 3800 4151 Πέρσου,

2240 4176 2269 4228 ό
2296 4172 2482 4247 παρὼν
2503 4175 2787 4246 προφήτης
2816 4171 3081 4238 θεσπίζει,
3117 4172 3214 4245 τὴν
3238 4171 3374 4243 μετὰ
3401 4170 3572 4226 ταῦτα
3622 4169 3801 4223 δευτέ-

2244 4285 2340 4339 ραν
2372 4266 2686 4339 πολιορκίαν
2727 4267 2825 4337 τῆς
2865 4265 3214 4337 Ἰερουσαλὴμ
3248 4263 3545 4337 σημαίνων,
3596 4263 3661 4336 ῆν
3704 4262 3797 4316 πέο

577 4360 1021 4417 Manil‘estissime
1044 4361 1212 4433 igitur
1242 4361 1409 4417 etiam
1453 4363 1626 4417 hocin
1659 4364 1800 4430 loco,
1839 4364 2139 4422 Salvatoris

2252 4359 2434 4413 πονθεν
2468 4360 2572 4413 ὑπὸ
2616 4358 2895 4431 Ῥωμαίων
2933 4358 3032 4411 οὐκ
3074 4357 3259 4412 ἄλλοτε
3305 4356 3337 4427 ἢ
3373 4354 3510 4427 μετὰ
3555 4353 3624 4408 τὰ
3664 4352 3798 4407 κατὰ

576 4453 770 4517 nostri,
797 4453 891 4523 qui
922 4452 1015 4508 Dei
1045 4452 1281 4509 Verbum
1307 4460 1411 4517 est,
1453 4453 1738 4519 adventus,
1764 4462 1818 4511 et
1843 4473 1962 4527 qua:
1991 4458 2138 4513 illius

2252 4451 2332 4505 τοῦ
2375 4452 2624 4524 Σωτῆρος
2660 4451 2817 4524 ήμῶν
2859 4450 3028 4523 Ἰησοῦ
3074 4448 3308 4523 Χριστοῦ
3347 4451 3455 4512 τοῖς
3499 4447 3797 4518 οἰκήτορσιν

576 4552 819 4616 tempore
869 4547 1194 4609 acciderint,
1244 4544 1650 4615 signiﬁcantur:
1686 4555 1813 4602 sunt
1841 4564 1970 4604 vero
1999 4550 2134 4615 haec,

2252 4545 2410 4616 αὐτῆς
2468 4544 2859 4616 τετολμημένα.
2908 4542 3308 4615 Ἐναργέστατα
3367 4539 3650 4611 τοιγαροῦν
3708 4538 3796 4591 καὶ

575 4642 771 4710 partim
803 4657 921 4711 qua:
944 4656 1051 4711 quo
1079 4649 1320 4710 tempore
1350 4638 1439 4692 ille
1463 4652 1659 4707 passus
1680 4648 1785 4703 est,
1807 4649 1959 4712 gesta
1984 4651 2133 4709 sunt,

573 4731 773 4803 partim
816 4746 938 4800 qua:
984 4731 1129 4783 illico
1175 4729 1498 4784 llehraicam
1543 4732 1820 4786 nationem
1860 4734 2133 4803 oppressit

556 4821 807 4899 ‘obsidio,
854 4828 909 4876 et
956 4822 1129 4891 ipsius
1170 4820 1470 4876 Jerusalem
1525 4823 1878 4893 expugnatio,
1912 4833 1965 4878 ct
2011 4831 2134 4894 post

573 4914 690 4985 ipsa
726 4913 862 4987 haec,
891 4912 1104 4967 vocatio
1146 4911 1409 4981 gentium,
1444 4913 1717 4982 uniusque
1749 4927 1813 4966 ac
1834 4913 2005 4968 solius
2037 4913 2131 4969 Dei

573 5006 715 5077 apud
749 5020 908 5061 omne
941 5019 1109 5075 genus
1141 5002 1420 5058 hominum
1451 5005 1710 5075 cognitio.
1745 5004 2015 5059 Czeterum
2047 5005 2133 5060 di-

571 5098 698 5153 vino
725 5096 929 5168 Spiritu
978 5095 1189 5151 adlatus
1218 5097 1503 5167 propheta,
1535 5113 1658 5153 cum
1699 5097 1934 5168 quadam
1977 5113 2129 5152 com-

570 5191 938 5255 miseratione,
956 5198 1212 5260 tanquam
1231 5189 1277 5245 is
1304 5189 1396 5261 qui
1422 5206 1552 5245 suos
1573 5191 1637 5244 ad
1655 5190 2128 5246 circumcisionem

570 5281 900 5351 pertinentes
932 5281 1195 5349 deploret,
1243 5280 1311 5333 ab
1353 5281 1746 5335 exclamatione
1776 5290 1967 5334 contra
2006 5280 2130 5336 illos

569 5386 681 5426 sua:
725 5370 1023 5441 prophetiae
1060 5370 1273 5424 initium
1320 5367 1483 5424 facit:
1519 5369 1636 5425 dies
1677 5370 1842 5441 igitur
1885 5368 2126 5437 Domini,

569 5461 712 5518 sicut
756 5462 811 5515 in
859 5462 981 5517 aliis
1022 5461 1178 5529 locis,
1209 5462 1311 5515 hoc
1344 5477 1559 5532 quoque
1590 5463 1644 5517 in
1694 5464 1813 5516 loco
1861 5463 2126 5527 nominat,

567 5560 627 5607 ut
653 5553 732 5608 sic
768 5561 979 5624 tempus
1003 5553 1228 5620 Christi,
1271 5554 1335 5609 ad
1377 5555 1623 5610 homines
1654 5554 1920 5612 adventus
1954 5555 2124 5625 signi-

567 5643 715 5701 ticet:
764 5646 1027 5717 planeque
1060 5648 1114 5701 in
1147 5646 1337 5704 eodem
1365 5648 1625 5715 ostendit,
1662 5648 2121 5719 quemadmodum

673 5824 718 5856 ”
741 5821 907 5880 Zach.
941 5840 1052 5891 xiv,
1076 5826 1184 5884 1-9.

2244 4634 2472 4689 ἐνταῦθα
2523 4636 2614 4689 τοῦ
2658 4636 2906 4705 Σωτῆρος
2938 4634 3093 4705 ήμῶν
3125 4633 3217 4686 τοῦ
3259 4632 3390 4687 Θεοῦ
3428 4632 3599 4700 Λόγου
3637 4633 3669 4702 ἡ
3700 4649 3797 4685 πα-

2245 4727 2452 4798 ρουσία,
2481 4726 2668 4781 καὶτὰ
2718 4727 2808 4779 ἐπὶ
2857 4725 3023 4797 ταύτῃ
3070 4724 3449 4796 συμϐεϐηκότα
3497 4722 3791 4795 δηλοῦνται.

2241 4818 2423 4872 Ταῦτα
2452 4817 2509 4871 δὲ
2546 4813 2612 4889 ἦν
2651 4816 2784 4889 ὁμοῦ
2832 4817 2899 4870 τὰ
2940 4816 3064 4890 περὶ
3106 4816 3196 4869 τὸν
3237 4814 3423 4886 καιρὸν
3462 4813 3553 4868 τοῦ
3595 4814 3792 4878 πάθους

2239 4911 2401 4965 αὑτοῦ
2448 4911 2825 4982 πεπραγμένα,
2865 4911 2958 4964 καὶ
3003 4911 3034 4981 ή
3081 4908 3388 4981 παραυτίκα
3422 4907 3498 4980 τῷ
3536 4907 3791 4981 Ἐϐραίων

2239 5004 2378 5058 ἔθνει
2428 5004 2727 5059 ἐπελθοῦσα
2768 5002 3066 5074 πολιορκία,
3101 5003 3195 5055 καὶ
3239 5001 3339 5071 τῆς
3382 5000 3791 5073 Ἰερουσαλὴμή

2238 5098 2456 5163 ἅλωσις,
2508 5098 2658 5168 καὶὴ
2692 5097 2827 5167 πρὸς
2868 5094 3074 5157 τούτοις
3120 5092 3305 5164 κλῆσις
3346 5092 3453 5146 τῶν
3484 5091 3675 5157 ἐθνῶν,
3702 5090 3789 5145 τοῦ

2235 5211 2295 5247 τε
2342 5192 2458 5256 ἑνὸς
2502 5193 2595 5246 καί
2638 5191 2799 5259 μόνου
2850 5190 2982 5245 Θεοῦ
3034 5191 3111 5253 εἰς
3162 5191 3270 5243 πᾶν
3309 5188 3461 5258 γένος
3499 5186 3790 5258 ἀνθρώπων

2236 5284 2545 5353 ἐπίγνωσις.
2579 5284 2646 5336 ’Ὀ
2668 5300 2730 5352 γε
2754 5281 2857 5354 μὴν
2882 5280 3321 5354 πνευματοφόρος
3346 5280 3626 5353 προφήτης
3650 5292 3789 5348 περι-

2236 5376 2589 5447 παθέστερον,
2619 5374 2769 5428 ὡσὰν
2798 5376 2882 5427 ἐπ’
2923 5373 3141 5437 οἰκείοις
3174 5371 3564 5444 ὀλοφυρόμενος
3592 5372 3703 5431 τοίς
3728 5369 3786 5421 ἐκ

2234 5470 2548 5541 περιτομῆς,
2578 5469 2642 5521 ἐκ
2672 5468 2771 5538 τῆς
2803 5468 2922 5521 κατ’
2957 5467 3131 5522 αὐτῶν
3164 5466 3516 5536 ἐκφωνήσεως
3547 5459 3645 5531 τήν
3660 5475 3783 5513 κατ-

2231 5562 2403 5635 αρχὴν
2443 5560 2733 5631 πεποίηται
2774 5560 2872 5630 τῆς
2924 5558 3271 5631 προφητείας.
3307 5555 3545 5626 Ἡμέρας
3604 5552 3670 5622 δὴ
3700 5546 3783 5603 σῦν

2230 5654 2323 5708 τοῦ
2357 5652 2583 5724 Κυρίου,
2605 5651 2883 5724 ὡσπεροῦν
2913 5652 3004 5705 καὶ
3030 5652 3085 5704 ὲν
3117 5648 3342 5721 ἑτέροις,
3374 5642 3647 5700 κάνταῦθα
3678 5643 3783 5697 ὀνο-
