3894 6516
99 376 202 433 εδδ
982 370 1626 431 DEMONSTRATIONIS

1750 369 2109 426 ANGELICAS
2146 370 2276 427 LIB.
2317 371 2406 427 Vl.
3220 378 3324 434 454

105 489 280 560 inﬂet,
310 489 455 544 οὕτω
497 490 589 544 τὸν
631 491 817 562 χρόνον
840 489 937 558 τῆς
966 491 1045 553 εἰς
1073 488 1385 560 ἀνθρώπους
1422 486 1515 539 τοῦ
1543 487 1650 556 Χριη

1777 483 1892 554 ipse
1920 483 2205 551 Dominus,
2235 495 2489 558 tanquam
2530 488 2709 544 lumen
2735 506 2944 558 verum,
2985 495 3325 565 proprimum

109 583 231 636 ποῦ
277 584 586 654 παρουσίας
631 583 936 653 σημαίνων³
979 583 1072 634 καὶ
1122 579 1305 648 σαφῶς
1352 578 1544 648 δηλῶν,
1596 578 1650 629 ὡς

1770 577 2062 645 aliquando
2113 589 2306 635 auctor
2351 581 2444 636 ﬁet
2491 581 2724 648 dierum,
2757 592 2812 639 et
2855 587 3106 643 omnibus
3145 590 3235 659 qui
3270 592 3326 646 in

104 674 207 745 ἄρα
236 675 265 726 ὁ
309 673 517 744 Κύριος
569 675 750 736 αὐτὸς,
786 669 872 726 οἷα
920 671 1033 741 φῶς
1071 671 1318 740 ἀληθινὸν
1365 669 1644 739 τυγχάνων

1769 675 1914 723 terra
1959 677 2086 725 sunt
2128 672 2438 728 hominibus
2477 674 2774 741 illucescet,
2821 692 2930 747 quo
2973 685 3220 751 tempore
3272 692 3328 739 et

106 765 242 820 ἰδίων
270 766 502 836 ποιητής
542 781 670 816 ποτε
716 765 1001 835 γενήσεται
1038 762 1278 834 ἡμερῶν.
1321 762 1444 824 Τοῖς
1481 761 1536 814 δὲ
1577 761 1650 813 ἐπ’

1770 759 1951 830 ipsum
1997 769 2050 816 et
2100 761 2323 817 luminis
2355 765 2527 834 ipsius
2574 765 2776 832 radios,
2824 768 3090 825 universa:
3137 781 3326 842 gentes

103 859 198 928 τῆς
234 858 434 910 ἅπασιν
482 855 786 927 ἀνθρώποις
827 854 1122 925 ἐπιλάμψει
1154 854 1262 907 τῶν
1295 854 1460 907 ἐθνῶν
1491 854 1650 907 ἀπάν-

1769 853 2087 922 suscipient,
2115 869 2236 924 quae
2257 855 2475 924 quidem
2511 857 2638 910 dum
2670 857 3143 931 illuminabuntur,
3171 865 3325 932 juxta

104 965 223 1011 an,
261 947 423 1000 αὐτόν
465 965 526 1000 τε
577 951 670 1000 καὶ
717 947 816 1011 τὰς
863 949 1085 1011 ἀκτῖνας
1135 947 1227 1000 τοῦ
1280 947 1458 1017 φωτὸς
1502 947 1664 1000 αὑτοῦ

106 1038 562 1109 καταδεξαμένων,
601 1041 712 1101 ὅτε,
742 1037 850 1092 τῶν
870 1039 1037 1092 ἐθνῶν
1080 1039 1331 1093 ἁπάντων
1368 1037 1667 1108 φωτιζομέ-

108 1150 202 1184 νων
233 1131 369 1184 κατὰ
402 1131 485 1196 τὸ,
518 1150 536 1182 ι
596 1131 826 1185 Τέθεικά
874 1148 932 1183 σε
982 1133 1060 1193 εἰς
1107 1130 1221 1199 φῶς
1272 1129 1532 1201 διαθήκης
1572 1131 1666 1197 γέ·-

110 1241 236 1285 mag,
275 1241 292 1272 ι
323 1223 386 1274 τὸ
432 1223 700 1275 Ἰουδαίων
746 1222 893 1285 ἔθνος
937 1222 1025 1274 διὰ
1075 1222 1172 1293 τὴν
1218 1222 1297 1282 εἰς
1335 1221 1494 1274 αὐτὸν
1541 1221 1666 1273 ἀπι-

110 1315 269 1380 στίαν,
304 1316 417 1376 τοῖς
472 1315 718 1384 ἐσχάτοις
741 1317 1111 1386 περιπεσεῖται
1157 1313 1362 1367 δεινῶν.
1414 1312 1663 1366 Τοιοῦτον

107 1406 204 1474 γάρ
233 1407 346 1457 ἐστι
377 1406 467 1457 τό·
510 1424 528 1456 t
573 1406 702 1458 Ἰδοὺ
735 1406 920 1476 ἡμέρα
953 1405 1167 1476 ἔρχεται
1194 1403 1285 1458 τοῦ
1319 1404 1543 1475 Κυρίου,
1569 1406 1662 1458 καὶ

107 1497 600 1567 διαμερισθήσονται
641 1496 709 1549 τὰ
737 1497 908 1550 σκῦλά
948 1514 1041 1549 σου
1083 1498 1140 1548 ἐν
1185 1497 1285 1562 σοὶ,
1311 1498 1404 1550 καὶ
1443 1498 1662 1550 ἐπισυν-

107 1588 205 1652 αξω
231 1589 404 1641 πάντα
427 1589 502 1640 τὰ
524 1588 651 1658 έθνη
680 1589 772 1641 ἐπὶ
805 1588 1156 1659 Ἰερουσαλὴμ
1178 1589 1256 1651 εἰς
1283 1587 1534 1658 πόλεμον,
1567 1590 1660 1642 καὶ

107 1681 351 1734 ἁλώσεται
379 1682 413 1751 ή
453 1681 630 1745 πόλις,
661 1681 754 1735 καὶ
777 1681 1236 1753 διαρπαγήσονται
1266 1685 1322 1734 αί
1351 1681 1535 1746 οἰκίαι,
1568 1684 1660 1736 καὶ⁸

106 1775 153 1824 at
203 1775 452 1840 γυναῖκες
508 1772 963 1843 μολυνθήσονται,
1028 1773 1120 1825 καὶ
1190 1773 1521 1839 ἐξελεύσεται
1597 1773 1659 1826 τὸ

1766 942 1928 999 illud:
1969 963 1986 995 ‹
2012 945 2175 1000 Posui
2206 953 2258 1002 te
2281 948 2334 1001 in
2368 949 2548 1004 lumen
2570 952 2831 1018 gentium,
2858 954 2914 1007 in
2942 963 3323 1011 testamentum

1764 1036 1977 1104 generis
1997 1036 2065 1101 ⁸⁸,
2101 1057 2120 1089 ›
2150 1037 2355 1093 interea
2395 1038 2618 1096 Judaica
2660 1059 2812 1112 gens,
2844 1055 3064 1115 propter
3093 1047 3326 1104 inﬁdeli-

1763 1134 1926 1182 tatem
1950 1129 2211 1185 adversus
2237 1131 2412 1192 illum,
2433 1132 2486 1186 in
2509 1143 2746 1189 extrema
2775 1137 2977 1192 incidet
3001 1138 3320 1196 infortunia.

1763 1216 1895 1273 Tale
1929 1219 2096 1289 igitur
2125 1228 2207 1275 est
2246 1222 2411 1277 illud:
2449 1242 2468 1274 ι
2499 1224 2636 1280 Ecce
2667 1226 2781 1281 dies
2814 1228 2960 1282 venit
2994 1228 3228 1295 Domini,
3269 1241 3321 1285 et

1761 1310 2072 1366 dividentur
2115 1314 2287 1384 spolia
2335 1322 2426 1368 tua
2471 1315 2525 1368 in
2577 1323 2651 1379 te,
2687 1324 2740 1369 et
2767 1319 3106 1388 congregabo
3132 1336 3321 1375 omnes

1761 1412 1948 1474 gentes
1994 1405 2048 1460 in
2077 1404 2375 1462 Jerusalem
2407 1407 2474 1461 ad
2500 1407 2721 1471 bellum,
2753 1415 2806 1462 et
2849 1413 3093 1478 capietur
3123 1411 3318 1466 civitas

1758 1508 1811 1552 et
1859 1498 2182 1568 diripientur
2212 1498 2408 1554 domus
2456 1509 2506 1554 et
2549 1500 2804 1554 mulieres
2854 1500 3224 1565 fmdabuntur,
3261 1512 3314 1556 et

1758 1587 2064 1656 egredietur
2106 1587 2390 1640 dimidium
2425 1588 2660 1642 civitatis
2706 1589 2758 1641 iu
2794 1589 3156 1658 captivitate.»
3189 1588 3319 1644 Post

1756 1693 1885 1733 vero
1916 1680 2092 1748 ipsius
2118 1678 2417 1735 Jerusalem
2449 1679 2812 1742 obsidionem,
2848 1687 3053 1735 eteam
3097 1698 3216 1752 qua:
3250 1683 3318 1737 il-

1757 1771 1863 1824 lico
1891 1780 2076 1827 secuta
2109 1780 2192 1825 est
2216 1771 2458 1826 Iudaica:
2487 1772 2663 1842 gentis
2686 1772 3024 1837 servitutem,
3057 1773 3316 1844 deinceps

105 1865 260 1934 ἥμισυ
277 1865 372 1934 τῆς
392 1864 600 1927 πόλεως
631 1866 688 1916 ἐν
709 1863 1067 1935 αἰχμαλωσίᾳ.
1095 1883 1112 1915 δ
1139 1864 1292 1916 Μετὰ
1322 1865 1378 1917 δέ
1402 1865 1497 1936 τὴν
1520 1864 1650 1918 κατά

1761 1860 1901 1914 bona
1969 1862 2220 1916 omnibus
2267 1861 2512 1932 adjungit
2566 1865 2894 1927 communia,
2946 1865 3027 1918 sic
3073 1879 3312 1918 canens:

107 1957 197 2025 τῆς
230 1955 574 2027 Ἰερουσαλὴμ
628 1955 958 2026 πολιορκίαν,
1012 1955 1105 2020 καὶ
1160 1955 1256 2026 τὴν
1318 1958 1434 2026 μετ’
1489 1956 1658 2028 αὐτὴν

108 2047 459 2116 αἰχμαλωσίαν
513 2043 607 2098 τοῦ
657 2046 923 2099 Ἰουδαίων
951 2046 1154 2109 ἔθνους,
1208 2047 1448 2115 ἐπιλέγει
1505 2047 1652 2116 ἑξῆς,

107 2137 266 2205 ἀγαθὰ
291 2139 399 2199 τοῖς
441 2138 576 2188 πᾶσι
611 2135 907 2199 θεσπίζων·
951 2154 970 2186 ι
1011 2137 1120 2188 Καὶ
1149 2135 1300 2189 ἔσται
1342 2135 1543 2206 Κύριος
1579 2139 1657 2201 εἰς

112 2227 306 2295 βασιλέα
344 2227 438 2278 ἐπὶ
487 2229 668 2280 πᾶσαν
701 2226 796 2298 τὴν
823 2226 926 2296 γῆν
947 2243 960 2256 ·
1003 2246 1022 2277 ι
1052 2228 1144 2280 καὶ
1177 2227 1366 2280 πάλινο
1410 2245 1431 2278 ι
1467 2229 1656 2281 Ἔσται

110 2318 285 2390 Κύριος
309 2313 409 2381 εἷς,
447 2320 542 2371 καὶ
589 2317 649 2370 τὸ
689 2317 857 2387 ὄνομα
900 2318 1061 2370 αὑτοῦ
1106 2318 1182 2384 ἒν,
1213 2319 1443 2373 κυκλοῦν
1480 2321 1657 2373 πᾶσαν

107 2413 189 2481 τὴν
215 2411 314 2480 γῆν
341 2411 438 2464 καὶ
475 2411 571 2480 τὴν
612 2411 832 2481 ἔρημον,
874 2430 892 2462 ι
933 2409 1090 2463 Ἀλλὰ
1123 2409 1230 2483 γὰρ
1276 2411 1369 2464 καὶ
1415 2411 1476 2463 τὸ
1529 2410 1658 2467 Ἰου-

109 2502 246 2555 thiam
271 2503 418 2566 ἔθνος
451 2503 674 2554 τοιαῦτα
721 2502 1000 2557 πείσεσθαι
1055 2505 1111 2556 ἐν
1152 2506 1270 2566 ταῖς
1319 2501 1412 2555 τοῦ
1450 2502 1656 2572 Κυρίου

111 2596 315 2665 ἡμέραις
345 2597 445 2666 τῆς
481 2597 834 2667 προρρήσεως
876 2595 1317 2667 ἀποφηναμένης,
1353 2596 1436 2659 τίς
1464 2596 1562 2650 οὐκ
1588 2594 1653 2648 ἂν

112 2684 375 2753 θαυμάσειε
423 2685 525 2755 τῆς
569 2688 922 2758 προρρήσεως
966 2687 1028 2740 τὸ
1069 2686 1445 2757 ἀποτέλεσμα;
1504 2687 1654 2756 Ἀμα

110 2776 200 2849 γὰρ
234 2778 436 2848 Ἰησοῦς
470 2781 498 2831 ὁ
539 2779 728 2848 Σωτὴρ
756 2778 848 2832 καὶ
873 2779 1074 2851 Κύριος
1113 2779 1266 2851 ἡμῶν
1302 2779 1498 2851 παρῆν,
1529 2779 1655 2848 ὴσέ-

109 2868 215 2921 θονν
239 2887 291 2921 τε
319 2873 396 2934 εἰς
426 2870 589 2922 αὐτὸν
617 2872 666 2922 οἱ
703 2872 764 2923 ἐκ
802 2872 1118 2942 περιτομῆς,
1145 2871 1238 2924 καὶ
1271 2872 1445 2924 πάντα
1472 2871 1655 2934 αὐτοῖς

110 2960 290 3030 ἀθρόως
313 2963 378 3014 τὰ
410 2963 882 3034 προηγορευμένα,
911 2962 1045 3033 μετὰ
1065 2963 1509 3016 πεντακοσιοστὸν
1535 2961 1653 3025 έτος

109 3052 191 3123 τῆς
218 3056 588 3125 προρρήσεως,
638 3055 822 3117 τέλους
841 3054 1151 3124 ἐτύγχανεν,
1185 3054 1245 3119 ἐξ
1283 3054 1445 3109 αὑτοῦ
1487 3055 1652 3109 Πιλά-

108 3159 204 3210 mu,
246 3147 333 3200 καὶ
390 3125 554 3218 μέχρι
607 3147 706 3216 τῆς
756 3148 895 3199 κατὰ
932 3147 1156 3218 Νέρωνα
1219 3147 1310 3200 καὶ
1346 3148 1500 3199 Τίτον
1556 3148 1652 3202 καὶ

112 3239 482 3292 θύεσπασιανὸν
531 3238 860 3310 πολιορκίας,
906 3239 964 3291 οὐ
1007 3237 1412 3292 διαλελοιπότων
1455 3239 1650 3304 αὐτοὺς

113 3328 345 3382 παντοίων
379 3328 476 3382 καὶ
503 3328 815 3400 ἐπαλλήλων
849 3327 1161 3400 συμφορῶν,
1199 3329 1274 3392 ὡς
1303 3328 1560 3400 πάρεστιν
1586 3331 1650 3382 ἐκ

112 3421 192 3491 τῆς
234 3421 452 3475 Φλαυῖου
511 3423 770 3493 Ἰωσήπου
820 3422 1122 3492 γραφείσης
1174 3421 1410 3492 ἱστορίας
1459 3420 1649 3474 ἀναλέ-

115 3511 292 3574 ξασθαι.
334 3513 468 3567 Τότε
513 3513 611 3583 μὲν
655 3509 747 3567 οὖν
792 3514 935 3577 εἰκὸς
979 3513 1039 3567 τὸ
1086 3514 1256 3585 ἥμισυ
1303 3514 1400 3584 τῆς
1444 3512 1650 3577 πόλεως

116 3604 413 3660 ἀπολωλέναι
452 3609 519 3678 τῇ
555 3605 855 3678 πολιορκίᾳ,
897 3605 971 3670 ῶς
1022 3622 1184 3678 φησιν
1226 3608 1260 3676 ἡ
1311 3605 1644 3676 προφητείαο

116 3698 208 3764 μετ’
234 3699 288 3750 οὐ
318 3699 483 3751 πολὺν
531 3699 588 3751 δὲ
631 3700 839 3770 χρόνον,
875 3699 1014 3752 κατὰ
1059 3699 1331 3770 Ἀδριανὸν
1380 3698 1646 3769 αὐτοκρά-

113 3803 238 3857 τορα,
264 3794 523 3860 κινήσεως
544 3784 696 3851 αὖθις
728 3788 1024 3854 Ἰουδαϊκῆς
1040 3788 1354 3859 γενομένης,
1377 3787 1436 3841 τὸ
1467 3787 1648 3841 λοιπὸν

112 3877 192 3946 τῆς
216 3879 408 3942 πόλεως
432 3879 596 3950 μέρος
617 3879 807 3950 ἥμισυ,
831 3878 1180 3950 πολιορκηθὲν
1201 3874 1355 3941 αὖθις
1379 3877 1668 3944 ἐξελαύνεέ

110 3983 202 4031 ται,
217 3969 284 4033 ὡς
301 3970 358 4034 ἐξ
376 3971 588 4023 ἐκείνου
611 3970 704 4022 καί
729 3971 807 4033 εἰς
825 3969 980 4041 δεῦρο
1004 3969 1233 4040 πάμπαν
1247 3969 1443 4023 ἄϐατον
1468 3969 1646 4032 αὐτοῖς

110 4061 324 4126 γενέσθαι
350 4063 442 4116 τὸν
473 4063 655 4116 τόπον.
680 4063 743 4116 Εἰ
760 4061 815 4114 δὲ
834 4061 978 4130 λέγοι
997 4079 1079 4126 τις
1101 4061 1238 4116 κατὰ
1265 4061 1529 4132 ’Δντίοχον
1555 4061 1646 4114 τὸν

122 4150 352 4224 Ἐπιφανῆ
381 4154 557 4208 ταῦτα
583 4152 998 4224 πεπληρῶσθαι,
1035 4151 1338 4222 σκεψάσθω,
1369 4155 1416 4205 εἰ
1447 4147 1555 4216 οἷός
1587 4151 1645 4205 τέ

112 4243 232 4294 ἐστιν
261 4245 562 4299 ἀποδιδόναι
597 4245 690 4298 καὶ
729 4245 797 4298 τὰ
837 4243 996 4298 λοιπὰ
1024 4245 1120 4314 τῆς
1143 4244 1474 4315 προφητείας
1505 4243 1645 4296 κατὰ

109 4335 213 4398 τοὺς
250 4337 511 4407 Ἀντιόχου
539 4336 792 4407 χρόνους’
825 4333 933 4389 οἷον
959 4335 1020 4388 τὸ
1046 4335 1417 4406 αἰχμαλωσίαν
1446 4351 1644 4387 πεπον-

113 4423 233 4478 θέναι
261 4427 346 4480 τὸν
375 4427 525 4489 λαὸν,
559 4427 648 4480 καὶ
677 4426 738 4479 τὸ
762 4427 950 4496 στῆναι
973 4427 1097 4489 τοὺς
1129 4425 1291 4488 πόδας
1321 4426 1524 4496 Κυρίου
1549 4425 1642 4478 ἐπὶ

1674 3191 1722 3255 ο

1763 1970 1781 2002 ι
1815 1950 1879 2004 Et
1906 1952 2009 2006 erit
2035 1951 2294 2007 Dominus
2321 1954 2374 2006 in
2406 1969 2582 2024 regem
2615 1954 2669 2006 in
2701 1969 2914 2008 omnem
2942 1962 3161 2009 terram.
3197 1975 3214 2006 ›
3250 1954 3317 2008 Et

1758 2062 1977 2102 rursus:
2009 2065 2026 2097 ι
2056 2047 2167 2100 Erit
2192 2047 2449 2102 Dominus
2472 2065 2633 2113 unus,
2658 2057 2712 2103 ct
2736 2065 2932 2104 nomen
2956 2051 3100 2104 illius
3120 2066 3312 2113 unum,

1758 2139 2001 2194 ambiens
2027 2155 2243 2192 omnem
2275 2147 2475 2194 terram
2498 2149 2550 2195 et
2583 2141 2952 2196 solitudinem.
2987 2161 3006 2192 ι
3047 2139 3151 2195 Sed
3166 2142 3312 2196 enim

1755 2245 1878 2282 cum
1918 2229 2234 2300 vaticinium
2283 2232 2546 2296 enuntiet,
2599 2231 2881 2285 Judaicam
2933 2238 3144 2301 gentem
3193 2246 3316 2286 esse

1756 2321 1885 2373 talia
1917 2336 2294 2390 perpessuram
2327 2321 2383 2376 in
2408 2322 2600 2377 diebus
2634 2322 2871 2385 Domini,
2895 2323 3019 2392 quis
3062 2338 3169 2376 non
3207 2323 3318 2377 exi-

1755 2417 1870 2464 tum
1913 2413 2155 2467 vaticinii
2206 2412 2542 2469 admiretur?
2611 2413 2745 2467 ‘Nam
2796 2414 2957 2468 simul
3027 2429 3092 2466 ac
3151 2413 3314 2468 Jesus

1757 2497 2006 2554 Salvator
2035 2516 2096 2554 ac
2130 2501 2392 2557 Dominus
2423 2511 2610 2557 uoster
2639 2502 2876 2565 advenit,
2897 2503 3103 2572 quique
3126 2503 3190 2556 ad
3209 2503 3314 2556 cir-

1753 2595 2143 2650 cumcisionem
2175 2596 2465 2664 pertinent,
2498 2595 2706 2650 nefaria
2740 2596 3002 2650 adversus
3039 2597 3190 2650 illum
3227 2594 3310 2648 far

1753 2686 1942 2740 cinora
1971 2694 2371 2756 perpetrarunt,
2403 2689 2584 2742 omnia
2619 2689 2726 2741 illis
2751 2704 2870 2758 quae
2900 2688 3153 2757 praedicta
3189 2685 3310 2742 fue-

1753 2785 1896 2844 rant,
1947 2778 2392 2848 quinquagesimo
2441 2779 2508 2832 ab
2560 2779 2678 2848 ipsa
2740 2779 3091 2848 praadictione
3141 2792 3309 2845 anno,

1753 2871 2046 2925 acervatim
2076 2877 2394 2934 evenerunt,
2427 2871 2592 2942 286
2625 2870 2895 2940 ﬁnemque
2927 2870 3120 2925 sortita
3150 2877 3308 2925 sunt:

1751 2978 1877 3028 cum
1909 2963 2159 3019 videlicet
2190 2964 2257 3018 ab
2300 2964 2419 3034 ipso
2449 2963 2626 3017 Pilato
2662 2979 2834 3032 usque
2865 2963 2931 3017 ad
2961 2961 3229 3017 Neronem
3258 2972 3314 3016 et

1753 3055 1931 3110 Titum
1956 3071 2033 3118 ac
2081 3055 2492 3125 Vespasianum,
2535 3057 2627 3126 qui
2656 3057 2931 3111 civitatem
2981 3055 3314 3110 obsederunt

1751 3161 2022 3216 nusquam
2057 3145 2179 3202 illos
2213 3149 2392 3202 omnis
2431 3146 2666 3217 generis,
2718 3155 2771 3200 et
2793 3146 2912 3200 alia;
2960 3161 3124 3214 super
3169 3144 3308 3200 alias

1753 3239 2067 3309 ingruentes
2099 3239 2436 3295 calamitates
2482 3238 2799 3302 defecerint,
2843 3237 3306 3307 quemadmodum

1751 3331 1910 3387 facile
1945 3341 2029 3388 est
2071 3349 2138 3387 ex
2193 3349 2257 3388 ea
2309 3333 2537 3387 historia
2587 3348 2748 3403 quam
2794 3331 3010 3386 Flavius
3039 3330 3310 3399 Josephus

1750 3423 1987 3492 scripsit,
2023 3424 2312 3494 colligere:
2343 3433 2474 3478 tunc
2519 3439 2650 3479 sane
2694 3422 2954 3477 credibile
2995 3429 3101 3485 est,
3147 3423 3310 3476 dirui-

1749 3514 1899 3568 dium
1933 3515 2171 3570 civitatis
2211 3515 2438 3584 periisse
2466 3515 2772 3575 obsidione,
2808 3521 2865 3567 ut
2895 3513 2970 3566 ait
3001 3512 3305 3583 prophetia.

1748 3606 1906 3661 Haud
1944 3623 2073 3662 vero
2113 3608 2187 3660 ita
2221 3607 2390 3661 multo
2417 3615 2560 3677 post,
2597 3622 2720 3660 cum
2760 3606 3035 3659 Adrianus
3074 3603 3310 3673 impera-

1749 3705 1853 3761 ret,
1891 3696 2121 3752 Judaico
2145 3713 2337 3752 rursus
2381 3705 2568 3751 exorto
2620 3695 2875 3762 tumultu,
2937 3708 3056 3764 quae
3098 3693 3308 3763 reliqua

1749 3788 1922 3843 fuerat
1973 3805 2099 3859 pars
2140 3787 2362 3843 dimidia
2407 3787 2666 3848 civitatis,
2721 3802 2916 3842 rursus
2942 3785 3164 3841 obsessa
3213 3800 3307 3839 ex-

1747 3882 1986 3952 pellitur,
2018 3882 2151 3936 adeo
2181 3881 2420 3950 quidem,
2455 3887 2513 3934 ut
2541 3881 2609 3934 ab
2640 3880 2734 3934 illo
2761 3889 3003 3950 tempore
3040 3893 3212 3948 usque
3247 3877 3306 3933 in

1747 3974 2068 4029 hodiernum
2107 3974 2270 4035 diem,
2306 3973 2524 4042 penitus
2559 3973 2829 4027 instabilis
2872 3971 3049 4027 omnis
3079 3972 3188 4027 illis
3228 3969 3307 4025 fa-

1759 4071 1880 4120 ctus
1907 4067 1978 4120 sit
2021 4065 2190 4119 locus.
2229 4063 2383 4129 Quod
2439 4064 2486 4118 si
2530 4062 2654 4133 quis
2687 4062 2835 4116 dicat
2885 4062 2988 4117 sub
3037 4061 3305 4117 Antiocho

1745 4156 2026 4228 Epiphane
2065 4158 2179 4212 haec
2220 4157 2486 4226 completa
2528 4155 2719 4222 fuisse,
2753 4157 2916 4210 etiam
2951 4164 3113 4226 atque
3140 4157 3304 4211 etiam

1743 4250 2052 4326 consideret
2081 4258 2262 4303 utrum
2297 4249 2470 4319 possit
2513 4249 2720 4317 reliqua
2767 4248 2896 4302 item
2926 4263 3046 4317 qua:
3083 4263 3149 4302 ex
3198 4247 3302 4301 hac

1742 4342 2024 4412 prophetia
2055 4349 2369 4411 supersunt,
2398 4340 2466 4395 ad
2505 4341 2761 4395 Antiochi
2793 4347 3036 4408 tempora
3071 4338 3298 4404 referre,

1746 4433 2054 4504 cuiusmodi
2089 4433 2220 4486 illud
2265 4441 2367 4498 est,
2413 4432 2558 4502 quod
2600 4432 2832 4502 populus
2884 4431 3197 4485 servitutem
3227 4432 3300 4486 sit

111 4514 158 4568 τὸ
182 4518 272 4570 τῶν
304 4519 526 4572 Ἐλαιῶν
557 4519 701 4590 ὅρος,
736 4520 830 4571 καὶ
855 4521 901 4571 εἰ
936 4518 1122 4586 γέγονε
1149 4517 1349 4588 Κύριος
1387 4520 1464 4580 εἰς
1491 4517 1640 4587 βασι-

1750 4540 1958 4596 passus,
2019 4524 2164 4595 quod
2208 4524 2373 4594 pedes
2427 4523 2642 4576 Domini
2687 4523 2742 4575 in
2786 4528 2968 4576 monte
3018 4519 3297 4576 Olivarum

111 4604 189 4661 λέα
211 4612 292 4663 ἐπὶ
333 4613 512 4665 πᾶσαν
545 4610 644 4680 τὴν
676 4611 777 4680 γῆν
809 4611 866 4663 ἐν
905 4612 970 4680 τῇ
1016 4610 1199 4681 ἡμέρᾳ
1232 4611 1431 4683 ἐκείνῃ,
1462 4611 1556 4665 καὶ
1593 4612 1639 4662 εἰ

109 4698 157 4750 τὸ
178 4699 330 4772 ὖνομα
364 4703 570 4773 Κυρίου
605 4700 878 4754 ἐκύκλωσε
925 4701 1022 4769 τὴν
1048 4701 1150 4770 γῆν
1191 4702 1388 4765 πᾶσαν,
1424 4703 1516 4754 καὶ
1543 4701 1640 4773 τὴν

111 4789 296 4863 ἔρημον,
323 4795 410 4848 ὅτε
451 4794 552 4863 τῆς
594 4793 790 4864 Συρίας
835 4791 1100 4862 Ἀντίοχος
1144 4793 1382 4865 ἐκράτει.
1432 4794 1541 4846 Καὶ
1571 4794 1640 4847 τὰ

108 4882 238 4939 λοιπὰ
256 4887 307 4941 δὲ
328 4887 428 4957 τῆς
451 4886 830 4958 προρρήσεως,
859 4884 1041 4938 ὁποίου
1069 4883 1252 4946 τέλους
1275 4883 1480 4954 ἔτυχεν,
1522 4885 1640 4938 Ἀν-

109 4979 255 5048 τιόχου
287 4977 674 5050 βασιλεύοντος,
711 4976 826 5038 πῶς
857 4993 942 5038 τις
987 4974 1252 5028 ἀποδώσει
1278 4991 1294 5040 ;
1326 4973 1460 5027 Καθ’
1496 4977 1642 5046 ήμᾶς

110 5068 154 5122 δέ
177 5072 348 5138 ταῦτα,
379 5072 476 5126 καὶ
523 5069 658 5140 πρὸς
698 5068 840 5134 λέξιν
883 5068 978 5139 μὲν
1015 5067 1358 5130 ἀποδέδοται,
1383 5068 1476 5121 καὶ
1518 5067 1637 5120 καθ’

113 5161 267 5234 ἑτέραν
286 5165 340 5218 δὲ
363 5164 624 5219 διάνοιαν.
647 5161 799 5216 Μετά
825 5160 933 5230 γὰρ
957 5159 1053 5230 τὴν
1079 5159 1171 5212 τοῦ
1201 5159 1448 5230 Σωτῆρος
1481 5159 1637 5229 ήμῶν

122 5248 260 5321 Ἰησοῦ
289 5252 525 5325 Χριστοῦ
571 5249 890 5322 παρουσίαν,
932 5251 964 5320 ἡ
1002 5248 1150 5311 πόλις
1181 5247 1379 5312 αὐτῶν,
1408 5246 1544 5318 αὕτη
1573 5264 1637 5316 γε

111 5339 138 5408 ὴ
168 5342 512 5415 Ἰερουσαλὴμ,
537 5343 632 5396 καί⁸
669 5342 731 5396 τὸ
776 5343 883 5395 πᾶν
917 5342 1185 5413 σύστημα,
1211 5342 1302 5394 καὶ
1340 5340 1638 5411 πολίτευμα

113 5430 189 5500 τῆς
223 5435 351 5489 κατὰ
388 5437 484 5488 τὸν
524 5435 688 5505 νόμον
726 5433 966 5496 Μωσέως
1000 5432 1291 5503 θρησκείας
1323 5431 1630 5502 καθῃρεῖτο.

113 5523 277 5580 Αὐτίκα
305 5529 358 5581 δὲ
403 5528 503 5599 τὴν
553 5527 691 5580 κατὰ
719 5526 953 5580 διάνοιαν
993 5524 1363 5596 αἰχμαλωσίαν
1395 5525 1529 5594 πρὸς
1568 5528 1632 5596 τῇ

113 5625 353 5694 αυματικῇ
419 5620 738 5685 πεπόνθασι,
785 5619 876 5675 τὸν
937 5617 1162 5690 Σωτῆρα
1205 5619 1297 5672 καί
1342 5618 1632 5689 Λυτρωτὴν

164 5797 201 5826 ⁸⁸
221 5799 314 5856 lsa.
346 5815 493 5864 xux,
525 5802 579 5857 6.

1743 4617 2015 4680 steterint,
2053 4625 2108 4670 et
2140 4626 2320 4670 utrum
2366 4614 2631 4670 Dominus
2669 4613 2727 4667 in
2773 4613 2860 4667 die
2909 4612 3002 4666 illa
3032 4612 3085 4666 in
3116 4626 3297 4680 regem

1743 4705 1907 4761 fuerit
1947 4706 2003 4760 in
2036 4721 2250 4761 omnem
2296 4713 2518 4769 terram,
2547 4718 2600 4760 et
2631 4712 2812 4757 utrum
2853 4717 3052 4756 nomen
3085 4699 3297 4754 Domini

1741 4799 1994 4854 ambierit
2033 4814 2249 4854 omnem
2279 4808 2498 4859 terram,
2535 4807 2588 4852 et
2621 4796 2993 4860 solitudinem,
3025 4809 3134 4865 quo
3159 4801 3296 4847 tem-

1739 4907 1872 4962 pore
1910 4891 2121 4963 Syriam
2170 4890 2475 4946 Antiochus
2522 4891 2793 4946 obtinuit:
2828 4897 2881 4944 et
2919 4903 3040 4958 qua:
3084 4885 3294 4954 reliqua

1741 4990 1871 5038 sunt
1897 4983 1964 5037 de
1993 4982 2182 5038 eodem
2232 4984 2474 5048 oraculo,
2509 4998 2671 5054 quem
2717 4990 2846 5035 tunc
2891 4979 3052 5033 tinem
3102 4977 3296 5031 sortita

1740 5075 1869 5139 sint,
1906 5075 2088 5145 aliquo
2132 5075 2293 5129 modo
2323 5085 2552 5129 conetur
2585 5073 2890 5128 ostendere.
2954 5068 3023 5123 At
3073 5069 3120 5122 si
3169 5068 3293 5136 quis

1737 5172 1982 5220 nostram
2033 5165 2300 5219 rationem
2343 5171 2623 5234 sequatur,
2681 5162 2758 5217 vel
2796 5161 2864 5214 ad
2913 5159 3137 5215 verbum
3178 5157 3292 5210 haec

1736 5257 1981 5312 evenisse
2005 5256 2420 5322 demonstrabit,
2445 5263 2607 5326 atque
2629 5255 2685 5309 in
2713 5255 2876 5306 alium
2910 5253 3037 5305 item
3069 5263 3289 5305 sensum

1736 5351 1922 5407 eadem
1946 5351 2193 5420 accipere
2218 5349 2417 5420 poterit
2443 5368 2455 5402 :
2486 5363 2610 5401 nam
2643 5356 2761 5416 post
2787 5341 3086 5398 Salvatoris
3116 5338 3291 5394 nostri

1733 5443 1865 5500 Jesu
1917 5441 2124 5499 Christi
2182 5441 2492 5506 adventum,
2541 5438 2734 5494 civitas
2781 5436 3019 5496 illorum,
3065 5433 3292 5502 ipsaque

1733 5535 2035 5590 Jerusalem
2087 5541 2252 5604 atque
2307 5531 2488 5588 omnis
2534 5535 2856 5592 conventus,
2912 5526 3291 5595 iustitutioque

1739 5628 1935 5694 civilis,
1961 5641 2080 5698 quae
2109 5626 2176 5682 ad
2220 5627 2385 5680 ritum
2411 5623 2836 5696 religionemque
2877 5619 3129 5677 Mosaicae
3153 5617 3288 5688 legis
