3894 6546
675 363 742 420 55
893 413 900 418 ,
1397 365 1668 424 EUSEBII
1703 365 2180 426 CAESAIHENSIS
2216 369 2364 425 ()PP.
2395 370 2576 428 PARS
2616 371 2680 428 ll.
2711 403 2784 414 —
2815 374 3320 434 APOLOGETICA.
3721 395 3792 450 455

555 536 561 545 ,
631 483 887 552 pertinet,
910 499 1100 542 eversa
1125 485 1446 554 sublataque
1477 494 1605 541 sunt
1623 505 1636 538 :
1652 503 1682 540 e
1702 488 2038 559 vestigioque
2057 505 2172 546 eam

2300 491 2408 544 τῶν
2454 491 2806 564 ἀνθρωπίνων
2837 495 3028 567 ψυχῶν
3064 497 3142 570 μὴ
3187 499 3614 572 παραδεξάμενοι,
3643 505 3714 560 τδν
3735 513 3792 564 li-

629 591 752 645 qua:
775 576 840 630 ad
871 577 1280 647 intelligentiam
1309 585 1538 646 spectat,
1563 578 1905 648 servitutem,
1939 582 2199 652 adjuncta

629 669 792 722 etiam
827 685 890 724 ea
922 685 1043 738 quae
1076 683 1367 739 corporum
1399 677 1506 732 est,
1541 671 1786 742 perpessi
1821 682 1970 739 sunt,
1996 675 2200 747 quippe

627 759 724 830 qui
765 759 1100 816 Salvatorem
1148 777 1214 814 ac
1257 761 1634 822 Liberatorem
1677 766 2038 824 humanarum
2077 772 2198 826 ani-

625 869 840 910 marum
883 870 992 909 non
1041 857 1408 926 susceperint,
1455 873 1579 914 eum
1633 861 1725 930 qui
1762 872 2004 928 venerat,
2045 871 2104 918 ut
2128 865 2197 922 iis

624 947 716 1016 qui
747 947 1017 1001 malorum
1053 947 1362 1002 daemonum
1397 951 1541 1004 servi
1583 950 1708 1006 facti
1749 961 1954 1020 essent,
1996 955 2197 1012 libera-

621 1040 824 1094 tionem
875 1039 1178 1103 nuntiaret,
1211 1040 1280 1096 iis
1314 1057 1464 1106 vero,
1493 1041 1586 1113 qui
1611 1045 1808 1100 mentis
1826 1049 2002 1104 oculis
2024 1051 2192 1120 capti,

619 1131 774 1186 visus
829 1131 1321 1200 recuperationem.
1360 1131 1488 1188 Haec
1519 1135 1705 1206 itaque
1727 1151 1851 1192 cum
1889 1139 1968 1194 illi
1999 1142 2070 1196 ob
2107 1143 2195 1198 in-

619 1225 998 1282 credulitatem
1029 1241 1186 1282 suam
1213 1229 1588 1296 pertulissent,
1610 1230 1700 1284 alii
1727 1245 1917 1289 omnes
1942 1236 2195 1306 quicum-

616 1336 724 1390 que
765 1335 925 1376 suum
975 1318 1348 1374 Liberatorem
1397 1331 1754 1391 agnoverunt,
1803 1325 2195 1400 domesticique

619 1413 771 1468 illius
802 1427 866 1466 ac
895 1411 1194 1468 familiares
1225 1411 1402 1468 ed‘ecti
1443 1421 1593 1480 sunt,
1624 1415 1880 1487 discipuli
1925 1421 2113 1492 utique
2141 1431 2194 1478 et

621 1505 883 1574 apostoli.
913 1511 969 1559 et
1004 1504 1371 1575 evangelistae,
1398 1508 1820 1578 compluresque
1845 1511 1960 1574 alii,
2000 1514 2094 1582 qui
2124 1513 2192 1570 de

613 1598 1034 1654 circumcisione
1053 1599 1280 1670 profecti
1301 1602 1356 1656 in
1385 1602 1564 1673 ipsum
1591 1603 1944 1660 crediderunt
1963 1606 2050 1676 (de
2073 1607 2194 1675 qui-

2307 581 2466 638 θόντα
2495 584 2727 656 κηρῦξαι
2753 589 2865 650 τοῖς
2894 589 2998 642 ὑπὸ
3026 589 3300 661 δαιμόνων
3333 595 3568 665 πονηρῶν
3593 599 3793 668 αἰχμαλώ-

2304 689 2418 736 τοις
2446 674 2658 744 ἄφεσιν,
2687 677 2779 729 καὶ
2803 681 2913 742 τοῖς
2940 679 3038 744 τὰς
3065 681 3308 746 διανοίας
3331 683 3538 753 τυφλοῖς
3558 687 3791 761 mansues.

2305 766 2490 820 Ταῦτα
2521 767 2579 822 δὲ
2610 769 2952 826 πεπονθότων
2983 765 3210 828 ἐκείνων
3241 773 3330 828 διὰ
3371 774 3462 846 τὴν
3495 777 3710 833 ἀπιστίαν
3729 786 3794 836 αὖε

2303 859 2430 920 τῶν,
2472 861 2521 912 οἱ
2564 861 2653 914 τὸν
2705 861 2851 931 σφῶν
2893 865 3190 937 Λυτρωτὴν
3223 867 3543 935 ἐπιγνόντες,
3583 873 3730 926 οἰκεῐοὶ
3757 894 3794 929 τε

2303 951 2465 1004 αὐτοῦ
2492 954 2770 1024 γενόμενοι
2797 955 3054 1026 μαθηταὶ,
3086 958 3184 1012 καὶ
3211 959 3509 1024 ἀπόστολοι,
3531 963 3613 1015 καὶ
3635 966 3794 1034 εὐαγγε-

2303 1044 2504 1110 λισταὶ,
2531 1047 2772 1101 πλεῖστοί
2800 1067 2860 1102 τε
2890 1049 3038 1104 ἄλλοι
3057 1051 3168 1104 τῶν
3197 1053 3263 1106 ὲκ
3292 1057 3578 1126 περιτομῆς
3601 1060 3666 1122 εἰς
3685 1061 3794 1114 αὑτὸν

2301 1139 2740 1194 πεπιστευκότων
2769 1142 2920 1212 (περὶ
2949 1137 3024 1196 ὧν
3052 1161 3218 1214 φησιν
3241 1147 3270 1198 6
3302 1147 3627 1211 Ἀπόστολος·
3653 1169 3668 1200 ι
3691 1152 3794 1206 Οὕτω

2302 1229 2396 1283 καὶ
2419 1229 2512 1284 νῦν
2532 1230 2736 1304 λεῖμμα
2755 1237 2876 1288 κατ’
2897 1235 3124 1308 ἐκλογὴν
3145 1236 3369 1307 χάριτος
3387 1237 3564 1306 γέγονε
3583 1255 3594 1268 ·
3622 1259 3636 1290 ι
3653 1243 3722 1294 καὶ
3735 1243 3790 1295 τό·

2306 1339 2326 1372 ι
2353 1323 2414 1374 Εἰ
2440 1323 2513 1394 μὴ
2537 1323 2738 1396 Κύριος
2761 1324 2984 1378 Σαϐαὼθ
3007 1326 3367 1395 ἐγκατέλιπεν
3391 1328 3515 1398 ἡμῖν
3533 1327 3726 1398 σπέρμα,

2301 1416 2507 1488 Σόδομα
2531 1417 2596 1470 ἂν
2619 1419 2974 1490 ἐγενήθημεν,
2999 1421 3094 1473 καὶ
3125 1421 3204 1484 ὡς
3229 1420 3481 1492 Γόμορρα
3506 1421 3565 1474 ἂν
3585 1421 3792 1494 ὡμοιώθη-

2303 1507 2456 1578 μεν),
2483 1529 2502 1560 ι
2519 1508 2618 1579 τῆς
2634 1527 2786 1582 νενοη
2797 1511 2962 1582 μένης
2989 1513 3119 1583 ἡμῖν
3144 1511 3290 1565 κατὰ
3314 1513 3540 1566 διάνοιαν
3559 1511 3790 1582 πολιορκίας

2300 1599 2514 1672 ἄπειροι
2543 1603 2974 1675 διεφυλάχθησαν
3019 1605 3078 1656 ού
3113 1605 3296 1675 μόνον,
3325 1604 3457 1658 ἀλλᾶ
3488 1605 3574 1659 καὶ
3601 1605 3680 1675 τῆς
3701 1607 3789 1676 πρὸς

2297 1689 2440 1756 λέξιν
2504 1693 2878 1765 ἀποδοθείσης.
2918 1696 2982 1748 Οἱ
3019 1695 3151 1763 γοῦν
3187 1696 3470 1749 ἀπόστολοι
3501 1696 3588 1749 καὶ
3623 1697 3788 1766 μαθηταὶ

611 1691 715 1746 bus
727 1691 804 1746 ait
817 1691 1134 1762 Apostolus:
1159 1712 1176 1744 ι
1195 1691 1286 1748 Sic
1299 1695 1463 1750 etiam
1479 1711 1624 1752 nunc
1639 1697 1879 1767 reliquis:
1893 1699 2192 1754 secundum

612 1783 929 1838 electionem
947 1785 1134 1855 gratia;
1155 1784 1310 1840 facta:
1327 1795 1455 1842 sunt
1468 1787 1540 1853 εθς
1572 1807 1590 1840 ι
1605 1796 1658 1843 et
1677 1787 1809 1842 illud
1829 1807 1872 1843 ιι
1885 1788 1998 1844 Nisi
2019 1789 2169 1844 Domi

2297 1781 2390 1835 τοῦ
2439 1785 2687 1856 Σωτῆρος
2723 1786 2919 1852 αὐτῶν,
2955 1788 3049 1840 καὶ
3081 1787 3284 1851 πάντες
3316 1789 3366 1841 οἱ
3399 1786 3456 1852 ἐξ
3501 1787 3717 1840 Ἰουδαίων
3737 1789 3788 1848 εἰς

611 1891 713 1929 nus
737 1863 976 1930 Sabaotb
999 1877 1314 1946 reliquisset
1333 1878 1494 1933 nobis
1523 1893 1728 1943 semen,
1765 1882 1922 1949 quasi
1959 1879 2172 1936 Sodom:

2297 1875 2458 1928 αὑτὸν
2483 1893 2550 1928 πε
2563 1878 2924 1942 πιστευκότες,
2955 1879 3174 1950 μακρὰν
3194 1879 3296 1950 τῆς
3325 1879 3570 1943 Ἰουδαίας
3589 1881 3670 1950 γῆς
3685 1881 3785 1948 γενό-

609 1964 1549 2038 factiessemus,etquasiGomorrha
1562 1970 1766 2026 similes
1779 1971 2158 2046 fuissemus”),

2303 1981 2485 2036 μενοι,
2548 1968 2642 2020 καὶ
2713 1973 2825 2032 τοῖς
2894 1971 3100 2033 λοιποῖς
3152 1969 3364 2022 ἔθνεσιν
3436 1971 3783 2048 ὲπισπαρέντες,

608 2059 772 2130 287
794 2061 941 2117 illius
984 2062 1309 2126 obsidionis,
1355 2077 1520 2133 quam
1551 2077 1652 2119 nos
1679 2063 1746 2117 ad
1789 2065 2172 2136 intelligentiau

2295 2047 2386 2108 τὸν
2419 2057 2557 2110 κατὰ
2591 2057 2697 2110 τῶν
2723 2059 3013 2112 οἰκούντων
3041 2059 3138 2131 τὴν
3165 2059 3320 2114 πόλιν
3348 2047 3552 2130 ὄλεθρον
3577 2058 3782 2129 διαδρᾶναι

607 2149 920 2216 referimus,
950 2152 1220 2210 immunes
1258 2162 1624 2225 expertosque
1653 2163 1781 2210 sunt
1829 2156 2050 2220 servati,
2097 2173 2172 2213 ne-

2293 2147 2414 2200 τότε
2441 2147 2800 2220 ἠδυνήθησαν.
2837 2151 2946 2203 Καὶ
2981 2151 3141 2205 τοῦτο
3173 2151 3231 2203 δὲ
3269 2153 3300 2222 ἡ
3329 2150 3614 2222 προφητεία
3640 2149 3782 2218 προλι-

607 2259 713 2312 que
743 2243 908 2313 hujus
945 2246 1144 2310 solum,
1179 2246 1274 2302 sed
1303 2247 1468 2302 etiam
1501 2247 1669 2310 illius,
1700 2263 1820 2318 quae
1847 2247 1913 2303 ad
1963 2250 2172 2304 verhuu

2291 2237 2460 2294 δοῦσα
2491 2240 2740 2294 ἐθέσπισε
2769 2241 2834 2294 δι’
2861 2235 2936 2294 ὧν
2962 2241 3161 2313 ἔφησεν
3179 2259 3193 2272 ·
3236 2262 3254 2293 ι
3287 2243 3348 2295 Οἱ
3371 2243 3425 2295 δὲ
3439 2241 3705 2294 κατάλοιποι
3719 2239 3779 2292 τοῦ

605 2334 1118 2406 intelligiturznam
1165 2336 1272 2407 ipsi
1321 2339 1554 2408 apostoli
1611 2355 1674 2394 ac
1719 2340 1970 2409 discipuli
2007 2340 2172 2395 Salva

2289 2329 2417 2384 λαοῦ
2452 2349 2552 2402 μου
2584 2333 2644 2385 οὐ
2683 2333 2756 2404 μὴ
2783 2333 3236 2405 ὲξολοθρευθῶσιν
3265 2350 3276 2363 ·
3311 2354 3330 2386 ›
3349 2329 3428 2398 οἷς
3456 2331 3570 2403 ἑξῆς
3589 2331 3776 2398 ἐπιλέγει·

605 2428 740 2484 toris
779 2429 975 2494 nostri,
1008 2436 1063 2483 et
1091 2444 1282 2484 omnes
1319 2429 1412 2500 qui
1448 2445 1515 2485 ex
1545 2429 1746 2485 Judmis
1775 2431 1842 2484 ad
1875 2432 2048 2501 ipsum
2079 2447 2172 2486 ere

2293 2441 2311 2474 ι
2347 2425 2455 2477 Kal
2493 2423 2830 2490 ἐξελεύσεται
2865 2425 3089 2496 Κύριος,
3125 2427 3222 2480 καὶ
3255 2425 3602 2499 παρατάξεται
3633 2425 3678 2475 ἐν
3704 2425 3778 2478 rei;

603 2519 793 2578 dentes
814 2529 1184 2585 accesserant,
1209 2536 1332 2576 cum
1353 2524 1541 2592 procul
1571 2523 1640 2578 ab
1657 2523 1843 2578 Judaea
1863 2531 2006 2578 terra
2028 2525 2172 2580 abes-

2286 2513 2492 2568 ἔθνεσιν
2518 2515 2762 2584 ἐκείνοις,
2803 2517 2984 2582 καθὼς
3021 2518 3206 2590 ἡμέρα
3242 2517 3582 2590 παρατάξεως
3599 2513 3776 2568 αὑτοῦὲν

601 2623 744 2679 sent,
783 2621 838 2668 et
871 2613 1095 2683 reliquis
1135 2622 1321 2668 essent
1363 2613 1598 2668 immixti
1639 2615 1890 2684 gentibus
1927 2629 2172 2670 :omnem

2285 2605 2468 2679 ἡμέρᾳ
2493 2608 2750 2680 πολέμου.
2794 2629 2812 2660 ι
2858 2609 2945 2662 Ἑν
2973 2611 3146 2674 ποίοις
3170 2611 3228 2664 δὲ
3257 2611 3429 2664 ἔθνεσι
3452 2609 3630 2680 Κύριος
3657 2622 3776 2676 παρα-

601 2719 814 2768 eorum,
837 2703 930 2774 qui
966 2703 1242 2759 civitatem
1271 2705 1604 2772 incolebant,
1633 2707 1990 2776 perditionem
2021 2715 2172 2777 atque

2283 2699 2500 2764 τάξεται
2537 2701 2570 2772 ἢ
2625 2703 2682 2754 ὲν
2715 2705 2827 2765 τοῖς
2868 2703 2964 2774 τὴν
3013 2703 3366 2776 Ἰερουσαλὴμ
3412 2701 3775 2772 πολιορκήσονσιὶ

601 2797 881 2852 interitum
931 2796 1189 2868 ell‘ugerc,
1219 2813 1316 2868 per
1355 2797 1488 2852 illud
1533 2807 1746 2868 tempus
1795 2797 1952 2854 facile
1984 2807 2172 2869 potue-

2281 2792 2438 2865 Δηλοῖ
2461 2793 2516 2846 δὲ
2548 2794 2576 2845 6
2610 2792 2764 2862 λόγος
2793 2795 2954 2848 αὐτὸν
2982 2795 3082 2848 τὸν¹
3107 2797 3314 2868 Κύριον
3343 2794 3680 2865 συμμαχήσειν
3699 2793 3774 2850 τοῖς

599 2895 750 2942 runt.
785 2886 940 2954 Quod
963 2889 1144 2958 ipsum
1177 2903 1312 2944 sane
1355 2887 1519 2943 etiam
1549 2890 1832 2959 prephetia
1871 2890 2172 2960 anticipans

2279 2889 2680 2962 πολιορκοῦσιν,
2712 2893 2769 2944 ὲν
2796 2891 2977 2955 αὐτοῖς
3015 2890 3146 2946 ὄντα
3165 2933 3180 2952 ,
3223 2893 3316 2947 καὶ
3349 2891 3440 2944 σὺν
3469 2891 3628 2950 αὐτοῖς
3653 2900 3774 2955 παρι-

599 2979 892 3044 cccinerat,
927 2979 1034 3036 illis
1069 2981 1249 3036 verbis
1279 3000 1293 3032 :
1333 2999 1351 3032 ι
1386 2975 1490 3047 Qui
1525 2988 1705 3036 autem
1737 2983 1934 3053 reliqui
1977 2982 2172 3038 fuerint

2277 2982 2600 3053 ταττόμενον
2619 3023 2633 3048 ,
2663 2982 2850 3055 ὥσπερ
2897 2984 3016 3038 τινὰ
3061 2985 3364 3058 στρατηγὸν
3405 2983 3492 3038 καὶ
3531 2981 3770 3051 ὑπέρμαχον

598 3069 666 3126 de
701 3073 904 3142 p0pulo
948 3087 1089 3138 meo,
1131 3087 1237 3126 non
1302 3071 1658 3142 peribunt”;
1693 3092 1712 3124 ι
1767 3073 1970 3144 quibus
2019 3073 2174 3129 dein-

597 3179 726 3235 ceps
760 3163 1008 3234 adjungit
1039 3183 1050 3218 :
1091 3181 1109 3216 ι
1146 3159 1214 3216 Et
1253 3163 1563 3234 egredietur
1611 3162 1892 3231 Dominus,
1937 3173 1991 3220 et
2021 3182 2174 3221 com-

2276 3073 2453 3128 αὑτῶν
2475 3075 2616 3129 κατὰ
2641 3075 2742 3146 τῆς
2775 3075 3135 3148 Ἰερουσαλὴμ
3159 3075 3599 3149 στρατευομένων.
3623 3071 3681 3124 Οὐ
3702 3068 3773 3136 γάρ

2275 3183 2438 3239 φησιν
2471 3169 2499 3221 6
2529 3167 2686 3236 λόγος
2731 3169 2822 3222 τὸν
2874 3168 3078 3243 Κύριον
3117 3171 3264 3224 κατὰ
3301 3170 3406 3224 τῶν
3447 3167 3602 3221 ὲθνῶν
3649 3177 3774 3234 παρα-

597 3258 880 3326 parabitur
910 3256 975 3312 ad
1002 3257 1250 3327 przelium
1279 3257 1334 3310 in
1365 3255 1618 3326 gentibus
1651 3254 1780 3321 illis,
1826 3256 2172 3327 quemadmo-

2279 3256 2553 3324 τάξεσθαι.
2594 3259 2716 3313 Τίσι
2751 3259 2806 3313 δὲ
2839 3260 2980 3314 κατὰ
3025 3260 3232 3326 τίνων;
3280 3259 3419 3314 κατὰ
3455 3259 3544 3328 τῆς
3579 3255 3776 3324 Ἰερουσα-

595 3351 722 3404 (lum
774 3350 892 3406 dies
925 3349 1096 3420 prazlii
1139 3349 1260 3418 ejus
1298 3349 1354 3402 in
1407 3348 1494 3402 die
1543 3347 1669 3403 belli
1689 3348 1755 3402 ⁸³.
1793 3367 1812 3400 ι
1844 3348 1912 3402 At
1947 3365 2075 3405 vero
2118 3350 2176 3404 in

595 3443 793 3514 quibus
839 3443 1058 3498 tandem
1105 3441 1362 3513 gentibus
1411 3439 1677 3497 Dominus
1725 3441 2081 3512 praaliabitur,
2126 3443 2174 3498 si

595 3551 704 3590 non
756 3536 808 3589 in
863 3535 948 3590 his
998 3549 1118 3605 quae
1180 3533 1479 3588 Jerusalem
1531 3533 1900 3590 obsidebunt?
1969 3537 2174 3591 indicat

594 3642 723 3682 vero
765 3628 943 3698 ipsum
979 3627 1286 3690 oraculum,
1322 3626 1781 3696 quemadmodum
1825 3626 1942 3697 ipse
1981 3626 2172 3682 Domi-

594 3735 700 3774 nus
731 3719 995 3773 auxilium
1027 3718 1164 3773 feret
1193 3717 1594 3782 obsidentibus,
1624 3719 1835 3789 eritque
1867 3719 2084 3774 interim
2116 3721 2172 3775 in

595 3810 726 3875 illis,
764 3818 966 3865 etcum
1013 3810 1120 3864 illis
1164 3809 1232 3864 ad
1263 3809 1506 3879 praalium
1549 3811 1974 3880 comparabitur,
2012 3813 2170 3882 quasi

591 3901 816 3972 quidam
854 3905 1172 3972 imperator,
1213 3908 1692 3972 propugnatorque
1739 3903 1954 3956 illorum
1983 3912 2037 3957 et
2071 3903 2168 3959 ad—

591 4007 788 4049 versus
827 3991 1126 4048 Jerusalem
1195 3994 1472 4048 militabit.
1533 3993 1652 4047 Non
1699 3995 1843 4049 enim
1887 3993 2020 4047 dicit
2053 4009 2172 4048 ora-

591 4085 689 4150 tio,
725 4085 1015 4140 Dominum
1053 4093 1248 4140 contra
1295 4095 1484 4156 gentes
1511 4086 1909 4156 prailiaturum.
1956 4085 2167 4151 Quibus

589 4195 719 4250 ergo
749 4187 802 4234 et
823 4187 1013 4233 contra
1045 4179 1226 4249 quos?
1279 4178 1484 4252 Nempe
1525 4187 1720 4236 contra
1754 4178 2078 4245 Jerusalem,
2108 4187 2162 4233 et

588 4277 781 4327 contra
810 4270 930 4340 ejus
967 4270 1326 4337 habitatores,
1371 4269 1438 4326 de
1463 4272 1661 4342 quibus
1695 4285 1873 4326 sermo
1923 4276 2060 4324 erat.
2094 4267 2165 4322 ll-

589 4363 682 4419 lud
715 4373 894 4419 autem
925 4381 940 4418 :
979 4383 997 4415 ι
1029 4363 1094 4418 Ει
1124 4366 1349 4420 stabunt
1391 4364 1559 4436 pedes
1598 4364 1717 4434 ejus
1743 4364 1798 4417 in
1825 4363 1914 4418 die
1945 4363 2036 4416 illa
2072 4377 2164 4418 su-

586 4471 686 4526 per
713 4465 897 4511 monte
939 4453 1240 4518 Olivarum,
1271 4457 1362 4526 qui
1393 4463 1479 4512 est
1510 4462 1700 4509 contra
1747 4451 2048 4510 Jerusalem
2095 4453 2163 4508 ad

586 4541 860 4600 Orientem
883 4545 952 4609 9°,
985 4563 1005 4596 ι
1043 4546 1300 4615 quidnam
1348 4543 1492 4598 aliud
1535 4543 1820 4615 significet,
1857 4558 2020 4613 quam
2051 4541 2160 4598 Do-

585 4635 720 4688 mini
757 4633 876 4699 Dei,
905 4635 1101 4705 ipsius,
1133 4637 1376 4705 inquam,
1405 4633 1496 4688 Dei
1525 4633 1708 4698 Verbi,
1739 4635 1791 4688 in
1838 4649 1938 4687 sua
1973 4632 2160 4688 Eccle-

588 4725 670 4781 sia
720 4725 1012 4780 stationem
1062 4735 1116 4780 et
1147 4725 1660 4780 confirmationem?
1701 4739 1864 4794 quam
1913 4725 1969 4779 in
2015 4739 2156 4794 prae-

587 4821 726 4875 senti
758 4828 940 4874 monte
961 4819 1234 4874 Olivarum
1269 4834 1365 4888 per
1399 4818 1644 4890 figuram,
1676 4833 1797 4888 qua:
1821 4821 2154 4888 permutatio

586 4911 809 4976 dicitur,
857 4911 1137 4965 nominat?
1179 4908 1250 4964 Ut
1281 4911 1426 4966 enim
1473 4911 1630 4964 vinea
1674 4911 1885 4966 exstitit
1927 4909 2149 4976 dilecto,

585 5011 638 5059 et
662 5001 764 5057 fuit
789 5001 948 5056 vinea
981 4999 1190 5056 Domini
1215 5000 1454 5054 Sabaoth
1485 5001 1712 5070 ﬁgurate
1743 5001 1937 5055 domus
1962 4999 2149 5067 Israel,

583 5105 636 5155 et
683 5096 811 5153 vitis
839 5094 1024 5150 Judaza
1059 5095 1266 5149 novella
1299 5094 1515 5159 dilecta,
1569 5095 1648 5149 sic
1703 5094 1892 5148 eadem
1938 5093 2151 5148 ratione

581 5191 808 5259 dixeris,
837 5189 982 5263 quod
1005 5189 1166 5244 etiam
1193 5189 1454 5244 olivetum
1487 5187 1628 5243 facta
1657 5189 1728 5243 sit
1757 5185 2010 5248 Domino,
2036 5187 2152 5242 col-

579 5283 722 5339 lecta
755 5285 822 5340 de
848 5282 1100 5356 gentibus
1131 5281 1376 5337 Ecclesia
1411 5281 1606 5350 ipsius,
1641 5295 1762 5351 qure
1795 5295 1928 5334 sane
1963 5279 2147 5335 Eccle-

469 5351 478 5362 Ι
579 5377 660 5432 sia
695 5391 820 5432 cum
859 5385 1019 5429 antea
1065 5381 1210 5430 esset
1236 5373 1382 5428 oliva
1413 5372 1659 5442 quazdam
1705 5373 1956 5443 agrestis,
1989 5371 2144 5442 plan-

577 5475 690 5522 tata
726 5467 828 5522 fuit
855 5484 883 5523 a
913 5467 1163 5530 Domino,
1199 5465 1292 5537 qui
1323 5479 1440 5520 eam
1482 5473 1604 5536 post
1636 5465 1876 5519 insuevit
1923 5465 1976 5517 in
2013 5479 2146 5534 apo-

579 5559 786 5614 stolicis
833 5561 986 5614 bona:
1027 5559 1182 5614 olivae
1232 5557 1543 5625 radicibus,
1590 5565 1714 5628 post
1749 5556 1992 5626 priorum
2050 5571 2146 5609 ra-

577 5667 792 5706 morum
841 5651 1197 5718 excisionem,
1227 5651 1686 5723 quemadmodum
1728 5649 2023 5720 Apostolus
2055 5649 2146 5704 do-

499 5873 502 5880 .
535 5847 546 5862 .
644 5803 690 5836 “
719 5802 878 5862 Rom.
913 5821 990 5876 ιι,
1014 5805 1066 5862 5.

1145 5805 1189 5838 ⁸⁷
1219 5803 1378 5864 Rom.
1405 5821 1483 5872 Ix,
1513 5804 1603 5870 29,
1681 5803 1726 5836 ⁸³
1751 5803 1914 5860 Zach.
1949 5820 2057 5870 xxv,
2089 5803 2144 5863 2.
2220 5804 2264 5837 θ’
2287 5803 2417 5858 ibid.
2452 5805 2504 5860 ὅ.

2276 3347 2386 3420 λὴμ
2414 3349 2508 3402 καὶ⁹
2535 3349 2644 3404 τῶν
2671 3351 2968 3424 οἰκητόρων
3005 3353 3173 3423 αὐτῆς
3195 3393 3210 3416 ,
3245 3354 3370 3423 περὶ
3399 3345 3470 3405 ὧν
3499 3345 3560 3420 ἦν
3587 3351 3610 3401 ὁ
3651 3344 3772 3412 λόγοςο

2277 3441 2349 3494 Τὸ
2379 3442 2436 3496 δὲ
2461 3483 2475 3506 ,
2517 3462 2536 3494 ι
2579 3444 2688 3496 Καὶ
2717 3445 3003 3515 στήσονται
3031 3446 3080 3498 οἱ
3099 3444 3262 3509 πόδες
3295 3443 3453 3498 αὐτοῦ
3480 3443 3534 3495 ὲν
3563 3442 3618 3510 τῇ
3643 3434 3772 3507 ἡμέρὲ

2275 3534 2456 3605 ἐκείνῃ
2485 3533 2577 3587 ἐπὶ
2603 3534 2660 3588 τὸ
2683 3535 2808 3607 ὅρος
2829 3533 2934 3587 τῶν
2968 3535 3220 3604 Ἐλαιῶν,
3255 3536 3318 3590 τὸ
3347 3533 3606 3590 κατέναντι
3636 3529 3772 3596 Ἰερου-

2276 3625 2472 3697 σαλὴμς
2519 3625 2578 3694 ἐξ
2611 3626 2906 3690 ἀνατολῶν,
2940 3646 2958 3678 ι
2991 3627 3045 3681 τί
3075 3627 3266 3701 ἕτερον
3311 3627 3456 3698 δηλοῖ
3479 3625 3508 3696 ἦ
3529 3620 3693 3692 Κυρίου
3707 3611 3770 3666 τοῦ

2272 3717 2404 3770 Θεοῦ
2422 3759 2436 3782 ,
2466 3717 2628 3771 αὐτοῦ
2657 3717 2720 3790 δὴ
2751 3717 2846 3771 τοῦ
2867 3717 3000 3770 Θεοῦ
3035 3718 3233 3786 Λόγου,
3257 3717 3352 3788 τὴν
3379 3716 3468 3770 ὲπὶ
3489 3713 3579 3782 τῆς
3605 3705 3770 3772 Ἐκδίλῆ

2273 3808 2393 3873 σίας
2433 3809 2597 3862 αὐτοῦ
2627 3809 2812 3863 στάσιν
2836 3827 2894 3862 τε
2922 3809 3014 3862 καὶ
3041 3809 3352 3879 βεϐαίωσιν,
3376 3809 3440 3878 ἢν
3469 3805 3581 3878 ὅρος
3605 3794 3766 3854 Ἐλαιῶν

2269 3901 2363 3953 ἐπὶ
2393 3901 2486 3954 τοῦ
2524 3901 2786 3972 παρόντος
2811 3901 2949 3955 κατὰ
2978 3901 3176 3972 τρόπον
3208 3899 3526 3972 ἀλληγορίας
3543 3889 3764 3964 ὀνομάξειὲ

2281 3990 2366 4054 Ὡς
2409 3991 2516 4061 γὰρ
2561 3990 2817 4060 ἁμπελὼν
2863 3991 3092 4063 ἐγενήθη
3128 3991 3206 4062 τῷ
3246 3988 3585 4063 ἠγαπημένῳ,
3623 3981 3694 4034 κιαιὶ
3719 3973 3764 4046 ἦν

2269 4080 2527 4152 ἀμπελὼν
2577 4082 2782 4152 Κυρίου
2827 4081 3052 4148 Σαϐαὼθ
3094 4081 3464 4155 ἁλληγορικῶς
3491 4081 3518 4132 6
3545 4073 3666 4134 olm;
3699 4065 3762 4120 τοῦ

2281 4173 2524 4246 Ἰσραὴλ,
2567 4175 2660 4227 καὶ
2697 4175 2940 4245 ἄμπελος
2987 4175 3080 4228 τοῦ
3123 4177 3292 4230 ’ἰούδα
3330 4175 3570 4241 νεόφυτος
3605 4168 3762 4236 ἠγαπη-

2271 4267 2402 4338 μένη
2429 4284 2442 4296 ·
2472 4267 2612 4320 οὕτω
2654 4267 2716 4338 δὴ
2749 4269 2889 4320 κατὰ
2923 4267 3020 4338 τὴν
3061 4269 3232 4339 αὐτὴν
3265 4267 3487 4340 θεωρίαν
3521 4261 3668 4320 εἴποις
3691 4253 3760 4310 ἀν’

2265 4359 2344 4412 ὅτι
2383 4359 2446 4430 δὴ
2487 4361 2580 4412 καὶ
2622 4359 2813 4412 ὲλαιὼν
2860 4359 3090 4431 ἐγενήθη
3123 4359 3200 4430 τῷ
3233 4359 3459 4428 δεσπότῃ
3495 4356 3526 4425 ἡ
3562 4350 3612 4414 ἐξ
3637 4341 3758 4399 ἐθνῶν

2277 4451 2570 4522 Ἐκκλησία
2596 4451 2759 4505 αὑτοῦ
2797 4493 2812 4515 ,
2838 4453 2904 4523 ἣν
2945 4453 3110 4506 πάλαι
3164 4452 3469 4526 ἀγριέλαιον
3495 4442 3636 4500 οὖσαν
3669 4449 3761 4526 καῖ-

2264 4541 2574 4612 εφύτευσεν,
2598 4543 2948 4614 ἐγκεντρίσας
2969 4543 3060 4596 ἐπὶ
3075 4541 3173 4607 τὰς
3194 4538 3542 4600 ἀποστολικὰς
3565 4533 3647 4602 τῆς
3667 4523 3759 4580 καλ⁴

2261 4631 2494 4686 λιελαίου
2521 4633 2676 4706 ῥίζας
2703 4634 2842 4705 μετὰ
2867 4634 2966 4706 τὴν
2994 4635 3102 4687 τῶν
3127 4637 3404 4708 προτέρων
3442 4627 3624 4686 κλάδων
3649 4621 3758 4670 ὲκτο⁶

2262 4725 2388 4798 μήν’
2416 4725 2697 4796 ὡσπερθῦν
2725 4730 2752 4780 ὁ
2791 4727 3107 4791 Ἀπόστολος
3165 4729 3405 4782 παιδεύει
3427 4745 3440 4756 ·
3473 4743 3490 4774 ι
3535 4717 3629 4774 Καὶ
3667 4722 3758 4798 κατέ

2257 4817 2518 4886 εφύτευσέ
2539 4835 2601 4888 γε
2639 4817 2806 4890 αὐτὴν
2837 4819 2866 4871 6
2899 4819 3099 4892 Κύριος
3132 4821 3326 4893 ἐαυτῷ,
3367 4838 3385 4872 ι
3427 4807 3669 4890 μονονουχὶ
3697 4795 3756 4854 διὰ

2255 4911 2352 4980 τῆς
2393 4912 2723 4982 προφητείας
2767 4911 2971 4981 λέγων·
3009 4933 3026 4964 ι
3075 4914 3291 4968 Ἐλαίαν
3337 4910 3550 4984 ὡραίαν,
3591 4899 3754 4954 εὔσκιον

2255 4999 2479 5053 ἐκάλεσε
2521 5000 2723 5072 Κύριος
2761 5003 2819 5056 τὸ
2853 5002 3024 5074 ὄνομα
3051 5020 3160 5058 σου.
3189 5025 3208 5057 ι
3251 5004 3398 5058 Ἐπεὶ
3419 5001 3519 5070 γὰρ
3546 4987 3752 5060 ὁπρῶτος

2257 5091 2536 5164 ἀμπελὼν,
2568 5094 2683 5148 δέον
2701 5095 2922 5165 ποιῆσαι
2953 5097 3254 5169 σταφυλὴν,
3287 5095 3528 5165 ἐποίησεν
3547 5079 3750 5169 ἀκάνθὲξν

2255 5186 2348 5239 καὶ
2401 5188 2462 5240 οὐ
2511 5187 2871 5259 δικαιοσύνην,
2929 5189 3062 5242 ἀλλὰ
3105 5167 3366 5263 κραυγὴν,
3407 5183 3607 5242 εἰκότως
3642 5167 3750 5263 ὠσὰν

2251 5279 2498 5353 ἄκαρπον
2515 5279 2677 5334 αὑτοῦ
2705 5255 2943 5334 καθελὼν
2963 5284 2990 5334 6
3007 5255 3244 5346 Θεὸς-τὸν
3259 5255 3504 5356 ιρραγμὸν
3522 5265 3660 5328 αύτοῦ
3685 5255 3750 5356 καὶ

2251 5371 2341 5426 τὸν
2387 5375 2559 5443 τοῖχον
2597 5371 2797 5438 αὐτοῦ,
2845 5375 3116 5446 παραδούς
3149 5393 3208 5429 τε
3245 5375 3401 5430 αὐτὸν
3437 5370 3540 5431 τοῖς
3583 5356 3748 5446 ἐκθΡῩίί

2251 5463 2309 5525 ὲς
2324 5461 2632 5532 διαρπαγὴν
2661 5462 2753 5514 καὶ
2786 5463 3180 5536 καταπάτησιν,
3201 5464 3336 5519 κατὰ
3355 5461 3448 5532 τὴν
3466 5453 3550 5509 τοῦ
3577 5439 3748 5500 Ἡσαΐου

2252 5556 2604 5629 προφητείαν,
2641 5556 2824 5628 ἕτερον
2852 5557 3012 5612 αὐτὸν
3031 5557 3206 5629 ἑαυτῷ
3229 5556 3391 5628 ἀγρὸν
3426 5540 3746 5624 συνεστήσατοέ

2251 5650 2340 5704 τὸν
2373 5650 2464 5702 ἐπὶ
2487 5649 2580 5702 τοῦ
2611 5649 2873 5720 παρόντος
2897 5649 3125 5706 ὲλαιῶνα
3152 5647 3548 5722 ὀνομαζόμενον,
3572 5633 3650 5688 ἆτε
3680 5635 3744 5674 τον

2579 5805 2625 5837 ’⁸
2655 5803 2782 5860 ibid.
2815 5805 2866 5860 4.
