3894 6552
152 404 247 461 ιδτ

988 398 1636 456 οΕΜοΝεΤιι.ιτιοΝιε
1674 388 2133 457 EVANGELlCzE
2173 400 2300 456 LIB.
2340 392 2429 456 VI.

3179 391 3189 402 ’
3266 404 3371 485 ,453

146 522 202 575 ἐκ
234 518 365 573 Θεοῦ
412 517 596 579 ἐλέους
637 514 990 585 τετυχηκότα,
1038 517 1132 569 καὶ
1166 515 1303 587 πρὸς
1345 514 1437 567 τοῦ
1467 516 1698 587 Χριστοῦ

1830 523 1891 571 :et
1914 517 1956 547 ⁹¹
1987 534 1999 569 :
2043 514 2107 567 Et
2133 516 2412 585 plantavit,
2445 515 2638 586 inquit,
2683 529 2801 570 eam
2833 514 3093 570 Dominus
3119 496 3373 586 sibiipsi.

147 597 605 680 καταφυτευθέντα
632 607 901 663 ἀειθαλέσι
934 610 1117 677 φυτοῖς
1146 648 1160 671 ,
1185 607 1324 661 τοῦτ’
1359 608 1473 661 ἐστι
1509 608 1708 678 ψυχαῖς

144 703 306 775 ἁγίαις
320 703 415 756 καὶ
433 702 610 770 φωτὸς
628 702 963 772 θρεπτικαῖς,
981 701 1117 763 οἵαις
1146 718 1205 753 τε
1226 701 1399 768 λέγει’
1426 719 1445 751 ‹
1480 699 1621 769 Ἐγώ
1641 718 1701 753 τε

145 796 257 850 ὡσεὶ
276 794 435 848 ἐλαία
469 795 815 865 κατάκαρπος
832 795 888 846 ὲν
903 792 979 863 τῷ
991 793 1122 863 οἴκῳ
1140 789 1234 845 τοῦ
1255 792 1409 845 Θεοῦ.
1434 813 1452 844 ›
1471 792 1640 845 Τοῦτο
1654 794 1711 845 δὲ

146 888 196 939 rb
218 885 317 939 τῶν
352 883 581 936 Ἐλαιῶν
610 882 732 955 όρος
749 882 1030 936 κατέναντι
1067 881 1163 951 τῆς
1205 880 1556 953 Ἰερουσαλὴμ
1574 877 1711 934 εἶναι

148 978 371 1034 λέλεκται
390 994 405 1009 ⁸
436 977 735 1048 ἐπειδήπερ
757 976 876 1029 ἀντὶ
891 975 988 1041 τῆς
1007 974 1236 1036 παλαιᾶς
1253 974 1492 1041 ἐπιγείου
1521 974 1713 1044 Ἰερου-

152 1071 326 1141 σαλὴμ,
343 1071 440 1123 καὶ
462 1070 563 1139 τῆς
590 1071 647 1121 ὲν
671 1069 806 1139 αὑτῇ
832 1066 1122 1138 θρησκείας
1150 1065 1378 1135 συνέστη
1395 1064 1471 1135 τῷ
1485 1065 1601 1136 Θεῷ
1628 1084 1714 1135 με·

148 1165 203 1217 τὰ
222 1163 310 1232 τὴν
323 1162 421 1231 τῆς
455 1160 810 1232 Ἰερουσαλὴμ
836 1159 1177 1229 καθαίρεσιν.
1197 1160 1378 1229 Φήσας
1418 1156 1546 1226 γοῦν
1578 1159 1715 1211 ἀνωρ

149 1252 268 1323 τέρω
293 1253 320 1302 ὁ
348 1249 514 1318 λόγος
548 1250 675 1319 περί¹
714 1244 813 1318 τῆς
852 1246 1201 1318 Ἰερουσαλὴμ
1223 1285 1236 1309 ,
1267 1245 1341 1308 ὡς
1373 1263 1392 1295 (
1429 1241 1716 1296 ’Δλώσεται

149 1343 348 1414 ἡπόλις,
369 1343 471 1395 καὶ
490 1342 558 1394 τὰ
576 1341 743 1412 ἐχθρὰ
767 1342 859 1393 καὶ
880 1339 1113 1409 πολέμια
1136 1338 1261 1409 ἔθνη
1320 1336 1716 1407 συναχθήσεται

152 1436 221 1489 ἐπ’
248 1434 410 1505 αὑτὴν
438 1474 453 1496 ,
494 1434 590 1486 καὶ
647 1433 1119 1503 διαμερισθήσεται
1155 1431 1224 1483 τὰ
1260 1431 1430 1484 σκῦλα
1465 1431 1655 1501 αὐτῆς,
1693 1450 1710 1482 ι

153 1526 351 1589 εἰκότως
402 1526 512 1577 οὑκ
557 1524 649 1577 ἐπὶ
694 1524 793 1594 τῆς
839 1521 1191 1595 Ἰερουσαλὴμ
1240 1524 1365 1585 τοὺς
1412 1521 1577 1583 πόδας
1624 1520 1716 1574 τοῦ

153 1621 331 1691 Κυρίου
387 1617 687 1689 στήσεσθαί
736 1634 887 1687 φησι.
920 1614 1043 1679 Πῶς
1085 1614 1193 1687 γὰρ
1241 1616 1334 1668 καὶ
1385 1610 1495 1668 οἷόν
1537 1632 1595 1667 τε
1628 1610 1716 1684 ἦν,

158 1711 280 1775 ᾰπαξ
315 1709 744 1782 καθῃρημένης
780 1707 1145 1761 Μεταϐἀντων
1168 1707 1224 1758 δὲ
1256 1707 1312 1772 ἐξ
1341 1706 1507 1776 αὑτῆς
1546 1706 1635 1758 ἐπὶ
1660 1704 1720 1758 τὸ

155 1799 387 1866 ἄντικρυς
460 1797 566 1866 τῆς
634 1795 982 1867 Ἰερουσαλὴμ,
1072 1794 1201 1865 ὅρος
1264 1795 1324 1846 τὸ
1392 1794 1719 1864 καλούμενον

1808 608 2198 678 propemodum
2254 623 2352 678 per
2413 608 2745 678 prophetiam
2810 609 2997 663 dicens
3043 628 3057 662 :
3102 629 3119 661 c
3160 608 3369 664 Olivam

1811 698 2113 768 speciosam
2183 700 2495 754 umbrosam
2567 701 2778 755 vocavit
2838 699 3100 755 Dominus
3174 716 3371 756 nomen

1811 800 1964 844 tuum
1984 791 2051 841 θ’.
2089 808 2108 841 ι
2142 784 2433 859 Postquam
2483 791 2625 845 enim
2655 792 2802 861 prior
2847 792 3022 854 vinea,
3056 808 3180 846 cum
3208 793 3373 849 debe-

1810 892 1893 938 ret
1927 882 2103 937 facere
2132 897 2314 944 uvam,
2347 881 2473 936 fecit
2504 884 2708 952 spinas,
2740 898 2916 955 neque
2941 884 3242 954 justitiam,
3270 884 3367 940 sed

1810 975 2122 1034 clamorem,
2177 975 2370 1027 merito
2402 981 2658 1043 tanquam
2699 976 2817 1044 ejus
2869 992 2987 1046 quae
3032 976 3375 1032 infructuosa

1812 1071 1977 1127 esset,
2025 1076 2206 1132 sepem
2240 1062 2491 1119 auferens
2536 1080 2596 1117 ac
2638 1067 2895 1134 parietem
2929 1066 3092 1131 Deus,
3126 1067 3377 1123 tradens-

1814 1171 1918 1223 que
1943 1169 2059 1208 eam
2085 1152 2323 1207 inimicis
2356 1154 2421 1208 ad
2451 1154 2812 1224 diripiendum
2835 1166 2887 1211 et
2917 1160 3373 1227 conculcandum,

1813 1244 1979 1315 288
2005 1243 2147 1298 sicut
2182 1242 2237 1296 in
2284 1242 2435 1298 Isaiae
2477 1248 2759 1315 preplietia
2802 1249 3007 1302 dictum
3055 1257 3158 1313 est,
3207 1251 3375 1304 alium

1816 1336 1932 1406 ipse
1961 1334 2065 1391 sibi
2102 1349 2291 1405 agrum
2320 1336 2605 1389 constituit
2637 1338 2690 1390 in
2716 1341 2991 1409 priesenti,
3028 1342 3171 1410 quod
3200 1342 3373 1394 olivea-

1814 1436 1929 1481 tum
1971 1432 2305 1492 nominatur,
2349 1432 2505 1499 quasi
2543 1447 2665 1485 eum
2718 1431 2811 1501 qui
2847 1432 3027 1485 oleum
3079 1438 3132 1486 et
3164 1432 3378 1487 miseri-

1816 1520 2057 1574 cordiam
2090 1536 2121 1573 a
2150 1519 2261 1573 Deo
2292 1519 2363 1573 sit
2403 1529 2747 1582 consecutus,
2778 1526 2831 1574 et
2860 1535 2890 1573 a
2928 1520 3147 1574 Christo
3176 1522 3379 1590 plantis

1819 1626 2031 1681 semper
2061 1611 2363 1666 virentibus
2398 1612 2663 1673 consitus,
2697 1612 2799 1667 hoc
2835 1618 2940 1677 est,
2972 1612 3176 1666 sanctis
3210 1613 3380 1667 lucis-

1816 1720 1923 1774 que
1962 1703 2245 1760 altricibus
2277 1704 2496 1767 animis,
2530 1705 2727 1773 quibus
2770 1704 2929 1758 liceat
2963 1704 3185 1759 dicere:
3214 1723 3233 1754 c
3267 1704 3381 1775 Ego

1818 1803 1998 1850 autem
2041 1796 2184 1851 sicut
2224 1796 2364 1850 oliva
2404 1794 2683 1849 fructifera
2715 1795 2769 1849 in
2795 1794 2957 1849 domo
2998 1794 3092 1851 Dei
3117 1796 3186 1847 ⁸³.
3224 1816 3243 1848 ι
3277 1795 3379 1850 Hic

168 1888 386 1952 Ἐλαιῶν,
419 1887 661 1941 ἐνταῦθα
688 1887 979 1958 στήσεσθαι
1010 1888 1270 1941 διδάσκει.
1303 1886 1471 1941 Τοῦτο
1493 1888 1547 1941 δὲ
1572 1889 1663 1941 καὶ
1690 1890 1718 1940 ό

1830 1902 1946 1943 vero
1978 1885 2263 1941 Olivarum
2312 1902 2470 1943 mons
2499 1896 2688 1942 contra
2728 1887 3026 1944 Jerusalem
3082 1904 3204 1944 esse
3244 1887 3383 1943 dici-

162 1980 417 2051 προφήτης
462 1977 726 2051 Ἴεζεκιὴλ
791 1977 870 2048 τῷ
925 1976 1053 2049 θείῳ
1102 1978 1379 2050 Πνεὺματι
1439 1976 1719 2050 προλαϐὼν

165 2069 345 2141 θεωρεῖ.
374 2070 626 2138 Λέγει-δὲ
655 2065 746 2124 οὖν
773 2086 786 2100 ο
820 2089 838 2121 ‹
879 2071 989 2124 Καὶ
1018 2070 1179 2141 ἐξῆρε
1226 2070 1293 2124 τὰ
1324 2071 1606 2143 χερουϐὶμ,
1630 2072 1722 2124 καὶ

162 2159 201 2211 οἱ
242 2160 414 2230 τροχοὶ
464 2158 715 2230 ἐχόμενοι
765 2159 979 2212 αὑτῶν·
1050 2160 1143 2212 καὶ
1180 2161 1216 2229 ’ἡ
1265 2156 1391 2222 δόξα
1445 2158 1579 2211 Θεοῦ
1624 2159 1723 2210 Ἰσ-

166 2250 282 2322 ραὴλ
308 2246 375 2322 ἦν
420 2252 516 2304 ἐπ’
544 2252 749 2314 αὑτοῖς,
803 2250 1056 2322 ὑπεράνω
1092 2248 1284 2302 ἀὑτῶν
1304 2288 1317 2311 ,
1349 2250 1442 2302 καὶ
1474 2248 1638 2319 ἀνέϐη
1687 2250 1721 2320 ή

164 2342 503 2415 δόξαΚυρίου
538 2343 602 2394 ὲκ
637 2342 799 2413 μέσου
824 2342 922 2413 τῆς
956 2340 1163 2404 πόλεως
1182 2381 1197 2404 ,
1226 2341 1322 2393 καὶ
1354 2339 1480 2411 ἔστη
1514 2340 1605 2393 ἐπὶ
1630 2341 1723 2394 τοῦ

165 2433 300 2504 ερονς
334 2434 362 2486 δ
404 2430 480 2505 ἧν
524 2428 782 2487 ἀπέναντι
824 2434 922 2503 τῆς
966 2434 1189 2496 πόλεως.
1225 2452 1244 2483 ›
1279 2433 1451 2502 Ὅπερ
1479 2432 1595 2486 ἔστι
1634 2435 1725 2485 καὶ

168 2524 316 2588 ἄλλως
366 2525 514 2595 πρὸς
574 2524 718 2589 λέξιν
763 2527 892 2596 όρᾷν
940 2525 1365 2595 πεπληρωμένον
1420 2523 1583 2577 εἰσέτι
1632 2524 1727 2577 καὶ⁹

171 2616 417 2687 σήμερον,
463 2616 576 2670 τῶν
619 2618 699 2680 εἰς
740 2617 973 2688 Χριστὸν
1011 2615 1444 2669 πεπιστευκότων
1478 2616 1726 2669 ἁπάντων

172 2709 484 2777 πανταχόθεν
529 2708 632 2779 γῆς
690 2709 1128 2781 συντρεχόντων,
1175 2709 1272 2777 οὑχ
1323 2707 1396 2771 ὡς
1433 2707 1598 2761 πάλαι
1631 2707 1727 2776 τῆς

174 2799 295 2851 κατὰ
338 2800 438 2870 τὴν
502 2801 856 2873 Ἰερουσαλὴμ
905 2801 1132 2869 ἀγλαΐας
1181 2802 1375 2863 ἕνεκα,
1432 2802 1539 2854 οὐδ’
1589 2800 1728 2853 ὥστε

174 2892 530 2961 προσκυνῆσαι
555 2894 611 2943 ἐν
635 2891 710 2962 τῷ
737 2892 901 2946 πάλαι
919 2891 1209 2944 συνεστῶτι
1226 2891 1317 2943 ἐπὶ
1338 2892 1435 2963 τῆς
1462 2892 1728 2962 Ἰερουσα-

172 2982 269 3053 λὴμ.
312 2984 652 3054 ἀγιάσματι,
712 2984 998 3037 καταλύειν
1040 2985 1095 3036 δὲ
1144 2984 1327 3037 ἕνεκεν
1378 2984 1612 3056 ἱστορίας
1670 2999 1731 3035 τε

175 3074 290 3144 ὁμοῦ
321 3078 418 3145 τῆς
453 3076 599 3129 κατὰ
638 3075 735 3146 τὴν
774 3076 1109 3146 προφητείαν
1158 3075 1409 3138 ἁλώσεως
1458 3076 1550 3129 καὶ
1600 3076 1730 3147 ἐρη-

179 3164 289 3234 μίας
336 3169 437 3236 τῆς
501 3166 883 3238 Ἰερουσαλὴμ,
932 3168 1023 3221 καὶ
1074 3168 1170 3238 τῆς
1223 3169 1314 3220 ἐπὶ
1355 3167 1416 3219 τὸ
1468 3168 1589 3238 ὖρος
1626 3166 1734 3222 τῶν

1819 1988 1932 2045 tur,
1966 1980 2223 2050 quoniam
2256 1980 2313 2035 in
2345 1981 2523 2035 locum
2544 1981 2744 2037 veteris
2786 1995 2849 2035 ac
2907 1989 3135 2037 terrenae
3162 1979 3383 2038 Jerusa-
3482 1982 3492 1990 '

1820 2073 1947 2135 lem,
1997 2087 2061 2125 ac
2101 2070 2379 2143 religionis
2410 2088 2531 2143 quae
2559 2072 2613 2127 in
2644 2072 2736 2127 illa
2776 2074 3117 2136 servabatur,
3163 2087 3383 2128 succes-

1822 2167 1913 2232 sit,
1943 2172 1998 2220 et
2020 2177 2059 2218 ‘a
2091 2164 2200 2220 Deo
2270 2166 2605 2221 constitutus
2628 2173 2730 2230 est,
2770 2172 2894 2235 post
2921 2166 3136 2220 ruinam
3162 2163 3384 2221 Jerusa-

1822 2258 1949 2312 lem.
1985 2255 2124 2311 Cum
2156 2271 2320 2327 supra
2379 2257 2543 2327 igitur
2574 2256 2852 2310 oraculum
2899 2256 3095 2310 dixerit
3121 2256 3189 2311 de
3220 2255 3383 2311 Jeru-

1820 2347 2015 2410 salem,
2057 2365 2078 2398 ἰ
2124 2346 2269 2417 quod
2300 2347 2492 2402 civitas
2534 2347 2796 2416 capietur,
2848 2347 3099 2416 quodque
3157 2347 3383 2415 hpstiles

1826 2446 1987 2508 atque
2029 2438 2261 2492 inimicae
2306 2447 2495 2507 gentes
2544 2439 2865 2492 convenient
2909 2436 3169 2491 adversus
3239 2452 3382 2501 eam,

1825 2538 1880 2585 et
1905 2530 2075 2600 spolia
2103 2529 2221 2598 ejus
2244 2529 2572 2592 dividentur,
2607 2548 2627 2579 ι
2652 2530 2842 2583 merito
2874 2529 3057 2583 nonin
3085 2527 3384 2584 Jerusalem

1827 2621 1993 2691 pedes
2027 2619 2243 2674 Domini
2273 2626 2515 2675 staturos
2552 2620 2716 2689 dicit;
2743 2620 2836 2691 qui
2866 2619 3009 2675 enim
3050 2619 3104 2672 id
3140 2617 3258 2673 fieri
3292 2633 3387 2688 po-

1830 2712 2045 2775 tuisset,
2073 2726 2196 2767 cum
2226 2726 2289 2767 ea
2320 2711 2487 2767 semel
2512 2712 2725 2766 sublata
2757 2712 2938 2768 esset?
2969 2709 3073 2765 Sed
3108 2710 3391 2780 migranti-

1833 2804 1935 2858 bus
1978 2803 2049 2857 ab
2083 2818 2146 2857 ea
2176 2802 2230 2856 in
2300 2810 2538 2859 montem
2579 2803 2671 2873 qui
2729 2810 2812 2860 est
2844 2811 3032 2857 contra
3066 2801 3388 2865 Jerusalem,

1832 2897 1923 2965 qui
1978 2894 2259 2950 Olivarum
2310 2903 2555 2958 vocatur,
2604 2895 2676 2950 ibi
2721 2904 2962 2950 staturos
3016 2894 3194 2957 docet,
3243 2891 3391 2963 quod

1831 2986 1993 3040 etiam
2026 2985 2289 3055 propheta
2324 2984 2592 3050 Ezechiel,
2624 2983 2808 3037 divine
2850 2991 2975 3039 ante
3020 2982 3224 3053 Spiritu
3261 2982 3393 3038 edo-

1833 3085 1977 3142 ctus,
2019 3076 2450 3147 contemplatur;
2493 3076 2626 3130 dicit
2670 3075 2815 3130 enim
2850 3095 2862 3129 :
2902 3095 2919 3125 ι
2954 3074 3018 3127 Et
3044 3075 3392 3130 elevaverunt

1834 3169 2115 3224 cherubim
2145 3169 2261 3222 alas
2294 3183 2442 3230 suas,
2475 3175 2530 3223 et
2566 3176 2717 3231 rotae,
2750 3183 2871 3237 qua:
2903 3168 2984 3222 eis
3021 3166 3389 3226 adhaarebant.

186 3254 391 3309 Ἐλαιῶν
430 3257 497 3309 τὸ
552 3257 835 3310 κατέναντι
893 3257 1247 3328 Ἰερουσαλὴμ
1290 3257 1728 3327 προσκυνήσεως,

1833 3268 1886 3314 et
1914 3259 2087 3329 gloria
2122 3257 2215 3313 Dei
2247 3256 2411 3313 Israel
2443 3266 2559 3312 erat
2590 3272 2754 3327 super
2787 3258 2888 3320 eis,
2919 3264 2973 3311 et
3008 3256 3253 3312 ascendit
3278 3256 3394 3326 glo-

175 3347 289 3401 ἔνθα
322 3350 353 3419 ἡ
381 3348 513 3412 δόξα
542 3348 747 3419 Κυρίου
791 3349 1020 3419 μετέστη
1065 3347 1429 3417 καταλείψασα
1458 3347 1556 3418 τὴν
1602 3365 1733 3420 προ-

178 3438 320 3511 τέραν
345 3442 521 3494 πόλιν.
554 3441 829 3510 Ἕστησαν
854 3440 909 3492 δὲ
940 3434 1154 3511 ἀληθῶς
1185 3439 1277 3492 καλ¹
1309 3439 1446 3492 κατὰ
1473 3438 1568 3509 τὴν
1599 3439 1733 3511 πρό-

180 3547 339 3603 χειρον
377 3533 475 3585 καὶ
507 3532 676 3603 ῥητὴν
711 3531 959 3603 διήγησιν
997 3532 1046 3583 οἱ
1074 3530 1229 3594 πόδες
1264 3529 1355 3583 τοῦ
1398 3530 1601 3601 Κυρίου
1641 3532 1733 3583 καὶ

180 3622 409 3694 ’κλιντῆρος
440 3623 621 3693 ήμῶν,
653 3622 815 3676 αὑτοῦ
847 3623 912 3693 δὴ
938 3621 1028 3675 τοῦ
1056 3621 1248 3689 Λόγου,
1269 3621 1333 3673 δι’
1359 3615 1419 3675 οὗ
1452 3621 1736 3690 ἀνείληφεν

184 3713 502 3786 ἀνθρωπείου
573 3717 800 3786 σκήνους
852 3715 944 3766 ἐπὶ
990 3712 1082 3766 τοῦ
1123 3714 1283 3784 ὅρους
1325 3712 1431 3765 τῶν
1475 3712 1734 3776 Ἐλαιῶν,

184 3805 303 3875 πρὶς
343 3807 420 3877 τῷ
452 3807 640 3860 αὑτόθι
668 3807 1004 3877 δεικνυμένῳ
1044 3806 1320 3876 σπηλαίῳ,
1351 3804 1643 3875 εὐξαμένου
1676 3823 1736 3857 τε

186 3898 265 3949 καὶ
294 3901 402 3962 τοῖς
435 3898 631 3952 ἑαυτοῦ
662 3898 926 3968 μαθηταῖς
951 3899 1041 3951 ἐπὶ
1067 3898 1165 3968 τῆς
1190 3896 1496 3968 ἀκρωρείας
1519 3896 1737 3950 τοῦιτῶν

197 3985 401 4043 Ἐλαιῶν
471 3990 631 4061 ὅρους
678 3990 747 4042 τά
794 3991 922 4062 περὶ
971 3990 1071 4059 τῆς
1115 3990 1420 4052 συντελείας
1466 3991 1738 4060 μυστήρια

189 4083 629 4152 παραδεδωκότος,
666 4081 908 4135 ἐντεῦθέν
938 4099 997 4134 τε
1026 4082 1123 4152 τὴν
1150 4083 1228 4144 εἰς
1266 4082 1524 4151 οὐρανοὺς
1556 4082 1737 4135 ἄνοδον

189 4176 557 4245 πεποιημένου,
585 4174 659 4238 ὡς
685 4175 714 4226 ὁ
736 4175 945 4235 Λουκᾶς
966 4174 1022 4225 ὲν
1045 4177 1162 4236 ταῖς
1183 4172 1439 4240 Πράξεσι
1455 4174 1569 4226 τῶν
1595 4175 1739 4227 ἀπο-

186 4269 677 4331 στόλωοεδιδάσκει,
694 4269 933 4338 φάσκων·
959 4289 975 4319 ι
989 4270 1295 4322 Βλεπὸντων
1312 4270 1485 4322 αὑτῶν
1507 4270 1736 4341 ἐπήρθη,

188 4362 272 4412 καὶ
308 4361 500 4431 νεφέλη
532 4362 799 4415 ὑπέλαϐεν
839 4362 1000 4415 αὑτὸν
1031 4362 1137 4413 ἀπὸ
1169 4362 1275 4413 τῶν
1318 4361 1608 4432 ὀφθαλμῶν
1646 4362 1740 4415 αὑ-

188 4450 303 4503 τῶν.
333 4454 440 4507 Καὶ
466 4452 549 4515 ὡς
579 4452 913 4516 ἀτενίζοντες
952 4448 1089 4523 ἦσαν
1133 4454 1212 4514 είς
1254 4453 1343 4505 τὸν
1390 4453 1614 4525 οὐρανὸν
1650 4469 1740 4506 πο-

1835 3352 1916 3406 ria
1959 3350 2171 3404 Domini
2203 3350 2269 3406 de
2310 3350 2486 3403 medio
2525 3348 2782 3409 civitatis,
2835 3356 2889 3399 et
2927 3346 3072 3400 stetit
3096 3346 3151 3399 in
3187 3352 3390 3407 monte,

1834 3447 1928 3516 qui
1965 3453 2048 3500 est
2089 3453 2275 3499 contra
2319 3439 2681 3496 civitatem“.
2714 3457 2731 3488 ι
2764 3436 2916 3502 Quod
2963 3436 3180 3505 quidem
3235 3436 3394 3489 aliter

1836 3551 2051 3608 quoque
2086 3536 2211 3588 licet
2244 3534 2440 3587 intueri
2474 3530 2795 3598 completum
2826 3527 2890 3580 ad
2928 3528 3151 3581 verbum
3174 3527 3394 3595 quando

1838 3629 1996 3683 hodie
2025 3641 2239 3697 quoque
2264 3639 2474 3686 omnes,
2504 3623 2813 3692 quicunque
2838 3620 3044 3675 Christi
3077 3618 3394 3688 religionem

1837 3736 1960 3774 cum
2005 3718 2109 3772 ﬁde
2148 3715 2507 3785 susceperint,
2538 3729 2605 3768 ex
2659 3711 2912 3765 omnibus
2961 3718 3120 3765 terra:
3152 3708 3397 3779 partibus

1838 3818 2191 3873 concurrunt,
2231 3824 2339 3861 non
2380 3814 2437 3860 ut
2466 3804 2737 3875 quondam
2771 3801 2921 3858 festa:
2948 3800 3230 3871 cujusdam
3262 3801 3397 3855 laeti-

1838 3906 1927 3958 tize
1956 3904 2148 3974 gratia,
2178 3917 2297 3971 qua:
2336 3900 2390 3953 in
2416 3896 2715 3952 Jerusalem
2778 3896 3099 3959 celebretur,
3136 3908 3310 3964 neque
3338 3903 3397 3948 ut

1840 3996 2065 4050 adorent
2094 3994 2149 4048 in
2187 4010 2273 4055 eo,
2338 3991 2483 4062 quod
2526 3989 2654 4042 olim
2688 3988 2743 4041 in
2784 3987 3083 4041 Jerusalem
3130 3986 3398 4041 constitu-

1840 4095 1953 4141 tum
1987 4086 2185 4149 fuerat,
2218 4082 2554 4146 sanctuario,
2596 4078 2688 4134 sed
2721 4088 2778 4130 ut
2807 4078 3151 4132 diversentur
3174 4090 3295 4128 cum
3330 4074 3398 4127 ad

1841 4178 2226 4235 sciscitandum
2263 4176 2329 4230 de
2359 4171 2757 4243 expugnatione
2817 4176 2871 4224 et
2909 4168 3202 4223 solitudine
3241 4165 3399 4221 Jeru-

1841 4271 2028 4335 salem,
2051 4284 2211 4338 quam
2240 4265 2525 4338 prophetia
2546 4261 2893 4332 prredixerat,
2917 4267 3032 4313 tum
3059 4265 3116 4312 ut
3142 4260 3196 4311 in
3218 4265 3398 4311 monte

1841 4361 2136 4426 Olivarum,
2172 4361 2264 4428 qui
2302 4367 2391 4413 est
2443 4363 2633 4411 contra
2667 4351 2990 4415 Jerusalem,
3025 4351 3270 4411 adorent,
3305 4348 3398 4401 ubi

1841 4452 2011 4525 gloria
2058 4450 2270 4506 Domini
2314 4454 2645 4504 commutata
2692 4452 2810 4507 est,
2857 4452 3144 4513 postquam
3202 4440 3402 4496 delevit
3440 4452 3443 4455 ‘

195 4546 463 4613 ρευομένου
493 4544 680 4608 αὑτοῦ,
702 4546 795 4597 καὶ
822 4545 929 4599 ἰδοὺ
960 4545 1148 4618 ἄνδρες
1166 4546 1257 4598 δύο
1284 4546 1728 4617 παρειστήκεισαν

1844 4542 2079 4612 priorem
2108 4539 2404 4593 civitatem.
2426 4535 2577 4609 ‘Vere
2598 4546 2777 4588 autem
2811 4541 2864 4588 et
2900 4531 3202 4589 secundum
3231 4544 3399 4601 expo-

191 4634 349 4699 αὑτοῖς
380 4639 441 4690 ἐν
468 4636 654 4708 ἐσθῆσι
686 4636 923 4701 λευκαῖς,
958 4638 1007 4689 οἳ
1036 4640 1129 4691 καλ⁹
1160 4636 1336 4690 εἷπονο
1375 4638 1597 4708 Ἀνδρες
1635 4638 1738 4689 Γα-

192 4723 396 4794 λιλαῖοι,
438 4729 493 4781 τί
550 4731 815 4799 ἑστήκατε
866 4728 1150 4798 βλέποντες
1198 4730 1277 4791 εἰς
1345 4729 1434 4780 τὸν
1478 4729 1737 4799 οὑρανόν;

192 4814 338 4884 οὗτος
378 4824 408 4875 ό
442 4821 682 4891 Ἰησοῦς,
730 4822 758 4873 ό
807 4819 1131 4890 ἀναληφθεὶς
1187 4822 1276 4889 ἀφ’
1329 4818 1478 4889 ὑμῶν
1526 4823 1603 4882 εἰς
1651 4820 1741 4873 τὸν

194 4907 419 4980 οὐρανὸν,
453 4912 626 4975 οὕτως
657 4912 955 4973 ἐλεύσεται,
990 4913 1049 4964 ὃν
1082 4913 1280 4984 τρόπον
1313 4912 1604 4964 ἐθεάσασθε
1640 4913 1739 4964 αὑο

196 5000 272 5053 τὸν
296 5005 651 5076 πορευόμενον
687 5008 766 5067 είς
790 5005 880 5056 τὸν
911 5005 1153 5075 οὐρανόν.
1188 5024 1205 5055 ι
1242 4999 1335 5067 Οἷς
1370 5005 1615 5075 ἐπιφέρει
1648 5004 1740 5056 λέ-

195 5106 292 5158 των
311 5111 322 5123 ·
342 5114 361 5147 ί
387 5096 521 5148 Τότε
554 5096 896 5166 ὑπέστρεψαν
929 5098 1009 5159 εἰς
1052 5096 1400 5167 Ἰερουσαλὴμ
1446 5096 1553 5148 ἀπὸ
1584 5097 1740 5166 ὅρους

194 5182 277 5236 τοῦ
302 5187 627 5257 καλουμένου
666 5187 948 5249 Ἐλαιῶνος
967 5226 980 5247 ,
1010 5188 1038 5240 ὃ
1070 5190 1185 5240 ἐστι
1219 5188 1504 5240 κατέναντι
1547 5188 1741 5258 Ἰερου-

199 5274 378 5348 σαλήμ.
414 5296 435 5329 ι
463 5280 621 5331 Ἔστι
678 5278 775 5349 μὲν
823 5274 914 5332 οὖν
944 5281 1036 5332 καὶ
1080 5281 1216 5349 πρὸς
1266 5280 1407 5347 λέξιν
1462 5282 1743 5335 κατέναντι

209 5362 559 5440 Ἰερουσαλὴμ,
596 5371 687 5422 καὶ
728 5371 786 5437 ἐξ
823 5371 1090 5424 ἀνατολῶν
1136 5372 1302 5443 αὑτῆς
1330 5374 1391 5425 τὸ
1416 5372 1741 5444 δηλούμενον

201 5456 295 5509 τῶν
326 5461 547 5514 Ἐλαιῶν
589 5462 732 5533 όρος.
775 5463 919 5533 Πλὴν
950 5462 1082 5516 ἀλλά
1123 5463 1261 5516 κατά
1303 5465 1401 5534 τὴν
1447 5464 1680 5519 διάνοιαν
1707 5468 1741 5537 ἡ

202 5546 315 5615 ἁγία
353 5551 590 5624 Χριστοῦ
628 5552 953 5622 Ἐκκλησία,
1004 5554 1097 5606 καὶ
1134 5555 1193 5605 τὸ
1232 5554 1354 5625 ὄρος
1398 5554 1481 5621 ἐφ’
1524 5547 1568 5620 ᾧ
1594 5554 1744 5606 τεθε-

209 5639 472 5708 μελίωται,
521 5646 651 5717 περὶ
704 5639 764 5698 οὗ
796 5644 1035 5697 διδάσκει
1088 5644 1259 5713 λέγων
1302 5646 1329 5696 ὁ
1358 5646 1578 5716 Σωτήρο
1625 5664 1642 5695 ι
1670 5646 1745 5698 Οὐ

206 5726 397 5788 δύναται
426 5736 578 5800 πόλις
613 5736 877 5808 κρυϐῆναι
900 5734 1083 5788 ἐπάνω
1108 5736 1264 5806 ὅρους
1289 5736 1512 5805 κειμένη
1534 5774 1549 5798 ,
1589 5753 1607 5786 ι
1628 5735 1748 5787 ἀντὶ

1842 4632 2002 4688 sitam
2042 4640 2207 4701 atque
2255 4630 2323 4684 ad
2375 4629 2601 4684 verbum
2641 4636 2922 4696 acceptam
2975 4622 3397 4684 enarrationem,

1843 4723 2006 4792 pedes
2056 4721 2273 4775 Domini
2330 4727 2382 4775 et
2431 4720 2733 4775 Salvatoris
2793 4716 3007 4783 nostri,
3062 4715 3234 4785 ipsius
3293 4714 3401 4767 uti-

1839 4830 1945 4883 que
1992 4813 2088 4869 Dei
2140 4812 2342 4877 Verbi,
2385 4829 2480 4883 per
2544 4813 2598 4868 id
2663 4812 2805 4882 quod
2858 4807 3153 4877 assumpsit
3204 4806 3399 4860 huma-

1842 4922 1970 4960 num
2033 4919 2272 4975 corpus,
2328 4905 2381 4958 in
2442 4914 2626 4959 monte
2685 4903 2961 4956 Olivarum
3010 4907 3276 4954 steterunt
3337 4897 3399 4947 ait

1844 4999 2154 5068 speluncam
2212 5013 2334 5067 quae
2377 4997 2451 5050 ibi
2506 4996 2721 5051 ostendi
2779 4993 2949 5056 solet,
3000 5000 3054 5045 et
3100 5005 3207 5059 quo
3267 4998 3402 5041 tem-
3483 4978 3491 4987 ’

1846 5109 1976 5163 pore
2006 5093 2202 5155 oravit,
2248 5100 2303 5147 et
2352 5105 2475 5145 cum
2518 5090 2632 5145 suis
2671 5087 2955 5159 discipulis
2998 5084 3055 5138 in
3095 5082 3214 5150 ejus
3248 5096 3401 5132 mon-

1845 5188 1915 5243 tis
1957 5187 2274 5251 cacumine,
2335 5184 2594 5255 mysteria
2656 5181 2723 5235 de
2768 5176 3239 5234 consummatione
3293 5180 3404 5223 tra-

1845 5277 1982 5331 didit
2009 5296 2023 5331 :
2047 5292 2114 5332 ex
2155 5275 2342 5331 eodem
2368 5280 2632 5345 praeterea
2659 5278 2843 5325 monte
2884 5270 2940 5323 in
2968 5266 3164 5322 cmlum
3208 5276 3402 5316 ascen-

1844 5369 1955 5431 dit,
2012 5366 2468 5438 quemadmodum
2518 5365 2695 5420 Lucas
2744 5362 2802 5417 in
2862 5360 3004 5414 Actis
3046 5355 3405 5425 apostolorum

1843 5459 2009 5530 289
2059 5458 2236 5521 docet,
2284 5471 2409 5511 eum
2454 5456 2549 5521 ait,
2590 5455 2745 5509 illum
2779 5451 2861 5526 [in
2892 5458 3076 5504 monte
3103 5442 3403 5515 Olivarum]

1842 5551 2104 5622 apostolis
2137 5550 2254 5604 suis
2295 5556 2350 5604 et
2398 5548 2760 5618 praesentibus
2814 5552 2868 5600 et
2921 5541 3277 5602 intuentibus,
3314 5552 3408 5591 suo

1843 5644 2062 5699 blimem
2094 5642 2313 5705 abiisse,
2350 5640 2601 5709 nubeque
2619 5640 2685 5693 ab
2706 5638 2881 5693 oculis
2910 5650 3099 5691 eorum
3132 5632 3407 5687 sublatum

1847 5733 2039 5799 fuisse,
2079 5734 2339 5804 ipsosque
2378 5732 2601 5786 intentis
2634 5729 2831 5805 oculis,
2866 5728 2957 5783 illo
2977 5727 3031 5780 in
3066 5725 3261 5779 cadum
3310 5716 3409 5774 ab—

259 5890 301 5959 _"
338 5890 489 5945 Rom.
525 5904 599 5951 xl,
635 5888 721 5942 17.
797 5885 975 5942 "Jer.
1012 5904 1086 5951 xu,
1119 5886 1204 5940 16.
1280 5888 1324 5918 ⁸³
1359 5884 1501 5946 Psal.
1554 5901 1626 5950 LI,
1658 5885 1728 5941 10

1830 5886 1861 5917 ἰ
1884 5884 2078 5941 Ezech.
2108 5903 2185 5953 xu,
2216 5883 2422 5955 22,725.

500 5990 773 6051 PATROL.
821 5987 934 6048 Gn.
973 5986 1183 6053 XXI).

3102 5972 3131 5989 υ

3064 5978 3141 6035 15
