3894 6520
129 425 222 482 Mil

1015 427 1667 491 DEMONSTRATIONIS
1701 430 2160 494 EVANGELICIE
2190 439 2322 496 LIB.
2357 437 2446 496 Vl.

3268 451 3374 508 ισε

130 545 599 618 ἐμφραχθήσεται.
635 565 656 599 ι
707 547 845 601 Ἀνθ’
887 541 962 602 ὧν
1009 553 1038 604 ὁ
1066 550 1360 623 Σύμμαχος
1406 552 1689 625 πεποίηκε

1807 555 1890 610 hae
1919 564 2080 610 erunt
2110 571 2229 627 quae
2249 558 2362 628 jam
2408 559 2476 614 ad
2516 559 2780 614 malitiam
2820 565 3091 632 pertinent
3125 586 3138 622 :
3175 585 3195 619 ι
3225 571 3269 624 A
3302 571 3383 626 fa-
3414 554 3423 632 Ι

136 652 154 690 ι
185 636 293 690 Καὶ
314 637 761 710 ἐμφραχθήσεται
785 641 817 710 ἡ
848 639 1065 710 φάραγξ
1092 641 1201 694 τῶν
1228 643 1396 714 ὀρέων
1419 662 1540 715 μου,
1573 663 1590 696 ι
1614 646 1708 699 καὶ¹

133 729 204 785 'stt
227 748 246 780 ι
271 732 452 798 ἐγγιεῖ
467 752 486 781 ι
515 733 548 802 ἡ
567 729 786 802 φάραγξ
799 730 906 784 τῶν
931 733 1104 804 ὀρέων
1129 733 1266 806 πρὸς
1285 736 1345 788 τὺ
1365 738 1705 810 παρακείμε-

132 837 234 886 inv,
262 841 280 872 ι
301 822 864 895 καὶὲμφραχθήσεται
879 841 892 854 ο
921 844 939 875 ι
959 825 1028 878 δι’
1050 819 1124 879 ὧν
1149 828 1444 900 παρίστησι
1459 830 1520 882 τὸ
1536 830 1708 886 αἴτιον

133 915 220 985 τῆς
246 912 659 988 ἐμφραχθείσης
699 918 1000 989 φάραγγος.
1039 921 1104 972 Τί
1139 921 1197 974 δὲ
1221 917 1290 994 ἦν
1323 924 1480 978 τοῦτο
1523 925 1636 978 ἀλλ’
1669 927 1702 999 ἢ

133 1005 188 1060 τὸ
227 1006 446 1074 ἐγγίσαι
493 1008 664 1079 αὐτὴν
715 1010 812 1062 καὶ
857 1011 1152 1082 πλησιάσαι
1197 1014 1274 1085 τῷ
1319 1019 1705 1090 παρακειμένῳ

133 1100 254 1169 αὐτῇ
276 1115 290 1163 ;
319 1097 485 1152 τοῦτο
512 1099 571 1152 δέ
595 1096 662 1171 ἦν
689 1101 752 1153 τὸ
777 1100 870 1154 τοῦ
892 1104 1098 1175 Κυρίου
1120 1106 1244 1177 ὅρος
1267 1106 1327 1159 τὸ
1344 1109 1450 1161 τῶν
1480 1110 1704 1164 Ἐλαιῶν

136 1192 619 1263 προωνομασμένον
645 1234 662 1258 ,
719 1194 852 1266 ὅπερ
916 1196 1137 1264 Ἄσαὴλ
1183 1199 1496 1270 ὠνόμασται
1553 1204 1702 1276 παρὰ

131 1286 229 1346 τοῖς
249 1284 677 1356 Ἐὁόομήκοντα.
703 1286 865 1356 Δηλοῖ
879 1286 934 1340 δὲ
957 1288 1114 1342 τοῦτο
1138 1291 1277 1343 κατὰ
1303 1292 1402 1363 τὴν
1437 1293 1701 1366 Ἐὄραίων

132 1376 297 1446 φωνὴν
339 1377 597 1444 ποίησιν
640 1377 809 1432 Θεοῦ.
851 1377 1007 1433 Οὕτω
1049 1381 1143 1447 δέ,
1193 1384 1449 1456 φησὶν,ή
1500 1386 1701 1440 παλαιὰ

133 1468 330 1538 φάραγξ
357 1469 709 1541 πλησιάσασα
734 1471 812 1542 τῷ
835 1473 972 1544 ὄρει,
1005 1475 1096 1527 καὶ
1115 1479 1179 1547 τῇ
1204 1477 1437 1547 Χριστοῦ
1477 1479 1702 1550 Ἐκκλη-

132 1561 246 1632 σία,
279 1561 359 1628 τῷ
413 1579 471 1614 τε
528 1565 790 1635 ποιήματι
855 1564 991 1618 Θεοῦ
1022 1607 1036 1630 ,
1108 1569 1555 1640 ἐμφραχθήσεται
1607 1574 1698 1626 καὶ

131 1655 631 1727 ἁποκλεισθήσεται,
662 1659 720 1710 ὃν
745 1657 946 1730 τρόπον
976 1662 1249 1733 ἐνεφράγη
1270 1663 1377 1716 ἀπὸ
1405 1664 1697 1735 προσώπου

130 1746 211 1798 τοῦ
253 1748 513 1818 σεισμοῦ,
562 1751 621 1803 ἐν
665 1749 899 1822 ἡμέραις
960 1752 1132 1818 Ὀζίου
1191 1754 1454 1824 βασιλέως
1509 1757 1693 1811 Ἰούδα.

133 1839 302 1908 Ζητῶν
331 1840 394 1892 δέ
427 1843 558 1914 παρ’
587 1842 832 1912 ἐμαυτῷ,
862 1844 955 1898 καὶ
986 1845 1086 1908 τὰς
1113 1846 1263 1910 θείας
1296 1847 1521 1918 περιϊὼν
1558 1849 1698 1921 Γρα-

134 1934 243 1998 φας,
270 1933 323 1984 εί
361 1951 499 1986 ποτε
540 1935 598 1986 ἐν
629 1939 746 1999 ταῖς
781 1937 1016 2009 ἡμέραις
1057 1936 1229 2002 Ὀζίου
1273 1942 1306 2010 ή
1345 1939 1576 1994 ἐνταῦθα
1603 1941 1696 2012 δη-

136 2026 344 2097 λουμένη
379 2026 602 2098 φάραγξ
641 2019 916 2100 ἐνεφράγη
965 2030 1072 2083 ἀπὸ
1114 2031 1402 2103 προσώπου
1445 2033 1539 2085 τοῦ
1588 2051 1697 2087 σει-

137 2118 274 2187 σμοῦ,
296 2120 354 2172 ἐν
387 2119 488 2189 μέν
511 2123 630 2182 ταῖς
646 2121 752 2174 τῶν
785 2123 1118 2175 Βασιλειῶν
1137 2125 1396 2196 ἱστορίαις
1423 2127 1572 2180 οὐδὲν
1601 2127 1698 2198 ηὖ-

137 2225 317 2280 ρισκον,
348 2210 475 2263 οὐδὲ
512 2212 836 2282 σωματικῶς
866 2231 928 2280 γε
955 2218 1073 2266 κατ’
1107 2215 1267 2268 αὑτὸν
1293 2217 1514 2287 σεισμὸς
1546 2235 1696 2286 γεγο-

136 2302 240 2366 νὼς,
269 2303 398 2356 οὕτε
429 2321 482 2358 τι
510 2304 718 2358 τοιοῦτο
747 2306 874 2376 περὶ
920 2306 1202 2378 φάραγγος
1227 2311 1284 2363 ἐν
1323 2312 1512 2375 αὐταῖς
1540 2313 1693 2383 είρη-

139 2395 272 2466 μένον
318 2398 758 2469 ἀναγέγραπται.
816 2400 1129 2469 Ἱστορεῖ-ταί
1162 2417 1227 2470 γε
1264 2401 1368 2474 μὴν
1409 2403 1589 2467 Ὀζίας
1635 2405 1692 2456 ἐν

135 2490 303 2561 ἀρχαῖς
325 2490 540 2555 δίκαιος
569 2493 873 2561 γεγονέναι,
905 2489 1022 2548 εἶτα
1048 2494 1396 2567 διαϐέϐληται
1419 2494 1494 2560 ώς
1519 2499 1690 2567 ἐπαρ-

135 2580 231 2644 θεὶς
255 2585 318 2653 τῇ
351 2583 584 2655 διανοίᾳ,
625 2586 716 2637 καὶ
740 2585 806 2636 δι’
847 2586 1012 2639 αὑτοῦ
1049 2587 1206 2640 θῦσαι
1238 2588 1315 2658 τῷ
1343 2589 1464 2659 Θεῷ
1491 2589 1691 2661 τολμή-

136 2691 235 2738 σας.
261 2677 350 2728 Διὸ
382 2677 473 2728 καὶ
495 2677 702 2747 λέπραν
731 2676 879 2746 αὐτῷ
908 2678 1049 2732 κατὰ
1075 2679 1168 2732 τοῦ
1207 2679 1497 2752 προσώπου
1528 2681 1691 2750 ἀνθῆ-

137 2783 225 2819 σαι.
256 2768 427 2821 Τοῦτο
457 2769 556 2839 μὲν
581 2765 673 2823 οὖν
697 2771 730 2840 ἡ
753 2770 928 2840 βίϐλος
946 2771 1054 2824 τῶν
1078 2771 1406 2826 Barrus/(Iw
1422 2775 1688 2846 παρίστη-

139 2879 222 2914 σιν.
260 2862 314 2914 '0
363 2861 420 2914 δέ
457 2878 521 2930 γε
568 2861 833 2934 Ἰώσηπος
874 2865 967 2916 καὶ
1007 2863 1105 2926 τὰς
1153 2863 1349 2929 ἔξωθεν
1397 2866 1690 2932 Ἰουδαῖκὰς

134 2952 463 3025 δευτερὼσεις
488 2954 913 3025 άπηκριὸωκὼς,
948 2956 1041 3009 ἂτε
1072 2955 1316 3028 Ἐϐραῖος
1339 2956 1396 3024 ἐξ
1427 2957 1690 3028 Ἐϐραίων

134 3048 413 3116 τυγχάνων,
445 3048 746 3101 ἐπάκουσον
777 3044 866 3101 οἷα
909 3049 1160 3117 γενέσθαι
1193 3049 1335 3102 κατὰ
1367 3050 1493 3113 τοὺς
1522 3050 1687 3104 αὑτοῦ

137 3138 261 3209 δηλοῖ
291 3140 542 3211 χρόνους,
572 3140 767 3209 λέγων,
811 3140 886 3204 ὡς
914 3141 1023 3210 ἄρα
1062 3161 1079 3191 ι
1121 3143 1570 3210 Κατεπειγόντων
1599 3143 1687 3196 τὸν

148 3232 303 3296 Ὁζίαν
335 3233 448 3286 τῶν
489 3233 679 3305 ἱερέων
712 3234 911 3298 ἐξιέναι
944 3234 1038 3287 τοῦ
1069 3235 1233 3308 ἱεροῦ,
1272 3238 1362 3289 καὶ
1404 3238 1478 3309 μὴ
1512 3254 1689 3308 παρα-

138 3329 294 3394 νομεῖν
337 3329 416 3389 εἰς
443 3328 533 3379 τὸν
559 3327 710 3393 Θεὸν,
744 3327 1019 3399 ὀργισθεὶς
1053 3331 1345 3399 ἠπείλησεν
1377 3332 1556 3393 αὐτοῖς
1591 3330 1686 3384 θά-

138 3433 290 3484 νατον,
321 3422 373 3474 εί
415 3420 491 3492 μὴ
531 3421 630 3492 τὴν
672 3421 900 3491 ἡσυχίαν
946 3421 1184 3486 ἄξουσιν.
1225 3423 1445 3489 Μεταξὺ
1483 3424 1540 3476 δέ
1583 3441 1690 3477 σει-

141 3509 252 3576 σμὸς
277 3509 530 3581 ἐκλόνησε
583 3509 680 3581 τὴν
715 3511 816 3580 γῆν
842 3527 854 3539 ο
904 3511 996 3563 καὶ
1041 3510 1353 3576 διαστάντος
1396 3511 1488 3565 τοῦ
1536 3513 1686 3577 ναοῦ,

142 3597 312 3666 φέγγος
337 3600 589 3671 λαμπρὸν
620 3600 912 3672 ἐξέλαμψε,
937 3602 1028 3654 καὶ
1056 3605 1120 3673 τῇ
1149 3603 1241 3656 τοῦ
1276 3603 1536 3673 βασιλέως
1569 3606 1688 3674 ὄψει

142 3693 468 3760 προσέπεσεν,
513 3695 591 3756 ὡς
621 3695 699 3766 τῷ
734 3694 832 3765 μέν
865 3695 1066 3758 εὐθέως
1095 3696 1304 3766 λέπραν
1346 3697 1686 3768 ἐπιδραμεῖν,

143 3785 229 3852 πρὸ
256 3785 308 3838 δέ
348 3787 446 3859 τῆς
487 3786 694 3852 πόλεως
729 3787 863 3860 πρὸς
889 3791 953 3860 τῇ
990 3789 1299 3861 καλουμένῃ
1343 3790 1566 3860 Ἑρωγῇ
1593 3791 1687 3844 τοῦ

140 3874 272 3943 ὅρους
305 3880 688 3951 ἀπορραγῆναι
721 3880 781 3933 τὸ
822 3881 993 3951 ἣμισυ
1042 3880 1134 3934 τοῦ
1187 3882 1326 3935 κατὰ
1375 3881 1474 3953 τὴν
1514 3883 1683 3946 δύσιν,

143 3968 218 4018 καὶ
249 3970 492 4022 κυλισθὲν
535 3970 809 4041 τέσσαρας
846 3972 1089 4035 σταδίους
1133 3973 1224 4024 ἐπὶ
1265 3973 1326 4024 τὸ
1372 3974 1686 4028 ἀνατολικὸν

139 4057 243 4128 ὅρος
279 4062 487 4133 στῆναι,
515 4062 593 4126 ὡς
629 4063 726 4126 τάς
769 4081 827 4116 τε
861 4064 1123 4135 παρόδους
1154 4063 1556 4135 ἐμφραχθῆναι,
1591 4065 1683 4119 καὶ

142 4152 243 4215 τοὺς
271 4154 629 4224 παραδείσους
654 4156 778 4218 τοὺς
806 4154 1130 4226 βασιλικούς.
1168 4176 1185 4206 ι
1228 4147 1426 4208 Ταῦτά.
1457 4174 1543 4226 μοι
1577 4158 1684 4210 ἀπὸ

140 4240 217 4293 τοῦ
255 4246 680 4318 συγγράμματος
722 4245 824 4316 τῆς
873 4244 1132 4326 Ἰωσήπου
1184 4246 1506 4314 Ἰουδαϊκῆς
1557 4248 1684 4314 Ἀρ-

140 4338 458 4406 καιολοτίας
496 4335 718 4390 κείσθω.
755 4338 866 4391 Καὶ
907 4338 963 4389 ἐν
991 4337 1070 4408 τῷ
1111 4338 1364 4410 προφήτῃ
1405 4338 1462 4390 δέ
1506 4338 1686 4407 Ἀμὼς

141 4421 272 4498 εὖρον
305 4432 422 4484 κατ’
449 4429 627 4504 ἀρχὰς
658 4431 757 4500 τῆς
790 4430 1124 4502 προφητείας
1157 4429 1340 4494 αὑτοῦ,
1373 4431 1449 4494 ὼς
1479 4431 1559 4508 ὅτι
1586 4431 1684 4501 ήρ-

142 4513 244 4579 ξατο
268 4521 626 4592 προφητεύειν
652 4521 710 4574 ἐν
731 4521 964 4593 ἡμέραις
1005 4519 1182 4583 Ὀζίου
1218 4520 1478 4591 βασιλέως
1515 4522 1685 4575 Ἰούδα

142 4610 227 4679 πρὸ
251 4612 336 4666 δύο
363 4612 502 4666 ἐτῶν
533 4611 778 4683 σεισμοῦ.
815 4612 976 4665 Ποίου
1007 4612 1063 4664 δέ
1096 4614 1341 4684 σεισμοῦ,
1367 4614 1549 4667 οὐκέτι
1581 4631 1681 4668 σα·-

143 4700 235 4766 φῶς
262 4704 518 4774 ἐπιλέγει.
562 4701 729 4774 Οἶμαι
778 4704 835 4758 δέ
877 4703 970 4758 τὸν
1013 4704 1176 4757 αὐτὸν
1219 4706 1502 4777 προφήτην
1546 4723 1679 4778 προ-

142 4791 262 4846 Ξὲντα
289 4795 375 4848 τὸν
401 4795 628 4866 σεισμὸν
655 4796 992 4868 ὑπογράφειν
1032 4797 1089 4856 ἐν
1114 4789 1197 4860 οἷς
1231 4813 1393 4867 φησιν
1412 4814 1428 4828 ’
1475 4816 1494 4850 ⁸
1526 4794 1679 4851 Εἶδον

140 4883 212 4935 τὸν
227 4887 415 4960 Κύρων
443 4887 725 4958 ἐφεστῶτα
747 4889 839 4940 ἐπὶ
859 4887 951 4941 τοῦ
973 4887 1379 4960 θυσιαστηρίου,
1408 4890 1500 4943 καὶ
1523 4886 1641 4943 εἷπε
1661 4908 1673 4920 ·

144 4971 348 5044 Πάταξον
413 4979 510 5031 ἐπὶ
560 4979 622 5031 τὸ
657 4977 1061 5051 θυσιαστήριον,
1092 4980 1186 5032 καὶ
1233 4979 1578 5052 σεισθήσεται
1609 4981 1678 5035 τὰ

142 5069 381 5136 πρόπυλα·
435 5071 531 5124 καὶ
575 5070 827 5140 διάκοψον
875 5074 954 5134 είς
1003 5071 1245 5140 κεφαλὰς
1291 5071 1532 5135 πάντων,
1585 5073 1680 5126 καὶ

141 5161 240 5223 τοὺς
269 5163 623 5227 καταλοίπους
655 5163 823 5234 αὐτῆς
857 5164 915 5216 ἐν
937 5165 1178 5236 ῥομφαίᾳ
1206 5163 1506 5216 ἀποκτενῶ.
1544 5184 1560 5214 ι
1600 5165 1679 5216 Δι’

147 5240 451 5326 ἶινήγοῦμαι
491 5251 842 5318 θεσπίζεσθαι
889 5254 980 5307 τὸν
1021 5254 1260 5324 σεισμὸν,
1309 5254 1404 5306 καὶ
1454 5252 1550 5324 τὴν
1589 5271 1682 5308 κα-

146 5335 346 5410 ]ιιίρεσιν
381 5344 493 5399 τῶν
541 5344 707 5397 πάλαι
754 5343 964 5414 σεμνῶν
1002 5342 1096 5397 τοῦ
1155 5343 1422 5396 Ἰουδαίων
1472 5343 1677 5409 ἔθνους,

147 5432 214 5483 (αἱ
239 5435 322 5505 τῆς
351 5437 772 5507 ἐπιτελουμένης
807 5437 897 5489 ὑπ’
937 5435 1114 5489 αὑτῶν
1145 5437 1200 5490 ὲν
1225 5439 1288 5506 τῇ
1329 5437 1678 5508 Ἰερουσαλὴμ

145 5519 414 5595 θρησκείας,
448 5530 550 5601 τήν
602 5546 661 5581 τε
709 5529 981 5583 ἀπώλειαν
1033 5529 1130 5599 τὴν
1185 5527 1544 5598 μετελθοῦσαν
1583 5529 1680 5580 αὑ-

147 5617 241 5681 τοὺς
283 5621 413 5690 μετὰ
441 5620 541 5692 τὴν
585 5620 680 5674 τοῦ
725 5622 974 5693 Σωτῆρος
1019 5618 1174 5690 ἡμῶν
1207 5621 1530 5690 παρουσίαν,
1563 5620 1673 5688 ὅτε,

142 5713 597 5784 παραιτησαμένων
640 5711 818 5766 αὐτῶν
861 5712 953 5765 τὸν
992 5709 1226 5781 Χριστὸν
1271 5709 1365 5764 τοῦ
1410 5709 1546 5764 Θεοῦ
1583 5711 1673 5765 τὸν

196 5803 456 5876 (l)Antiq.
492 5803 622 5858 Jud.
664 5821 740 5868 ix,
778 5805 860 5859 ll.

199 5898 237 5930 ”
274 5900 379 5960 Jer.
412 5922 452 5971 ι,
483 5905 566 5959 14.

1809 647 1911 710 cie,
1953 647 2148 716 inquit,
2190 650 2460 718 aquilonis
2486 651 2852 706 accendentur
2888 654 3027 708 mala
3067 672 3231 728 super
3273 677 3386 714 0m-

1809 754 1906 794 nes
1936 739 2246 795 habitantes
2279 745 2569 808 terram”,
2611 764 2628 795 ι
2670 752 2723 798 et
2749 745 2917 800 draco
2939 747 2993 801 in
3023 751 3160 804 mari
3195 751 3380 807 diver-

1807 830 1918 885 sari
1950 831 2172 888 dicitur.
2227 832 2572 906 Quapropter
2627 838 2824 894 merito
2872 839 2962 894 hic
3009 857 3229 913 quoque
3273 849 3382 902 duo

1806 939 1999 980 rursus
2027 941 2224 995 genera
2258 927 2636 996 intelliguntur
2659 944 2870 997 eorum,
2912 933 3005 1002 qui
3037 935 3106 991 ab
3137 937 3378 992 Ecclesia

1806 1015 2100 1078 declinant,
2133 1032 2298 1070 unum
2333 1033 2522 1072 eorum
2559 1020 2653 1089 qui
2683 1021 2735 1074 in
2769 1023 2878 1075 vita
2912 1032 2966 1078 et
2993 1027 3238 1083 moribus
3260 1044 3382 1097 pec.-

1805 1115 1965 1170 cant,
2031 1107 2263 1162 alterum
2312 1124 2501 1164 eorum
2555 1112 2646 1180 qui
2693 1128 2722 1165 a
2760 1128 2894 1168 sana
2952 1126 3005 1169 et
3052 1127 3200 1172 recta
3247 1135 3376 1173 sen-

1805 1197 1972 1252 tentia
2020 1198 2299 1264 labuntur,
2359 1209 2417 1254 ut
2446 1201 2558 1269 jam
2596 1203 2794 1258 Oliveti
2851 1205 3014 1275 hujus
3060 1211 3278 1274 montis,
3311 1211 3378 1268 de

1802 1304 1913 1359 quo
1945 1305 2124 1346 sermo
2146 1300 2254 1358 est,
2277 1293 2361 1348 hae
2388 1293 2509 1348 dua!
2531 1295 2661 1360 sint,
2692 1312 2814 1365 quae
2838 1313 2868 1352 a
2900 1301 3181 1370 prophetia
3207 1305 3378 1374 signi-

1803 1381 2052 1446 ﬁcantur,
2088 1385 2484 1454 separationes.
2538 1386 2635 1443 His
2681 1388 2878 1444 deinde
2923 1392 3171 1463 adjungit
3217 1417 3279 1450 ε(
3313 1397 3377 1452 Ει

1800 1477 2146 1531 obturabitur
2178 1479 2336 1534 vallis
2367 1481 2633 1534 montium
2661 1497 2929 1548 meorum,
2956 1496 3008 1539 et
3028 1488 3378 1557 conglutina~

1800 1566 1949 1620 bitur
1987 1568 2255 1624 convallis
2279 1561 2564 1637 montium,
2602 1569 2773 1642 u’sque
2794 1574 2860 1628 ad
2895 1575 3056 1631 Asael
3090 1596 3102 1631 :
3137 1586 3189 1631 et
3217 1583 3377 1633 obtu-

1800 1657 2011 1713 rabitur
2051 1661 2508 1729 quemadmodum
2543 1664 2798 1718 obturata
2832 1674 2917 1721 est
2967 1685 2996 1720 a
3021 1666 3157 1722 faeie
3185 1678 3373 1724 terra:-

1796 1760 2001 1818 motus,
2034 1754 2093 1809 in
2121 1753 2317 1810 diebus
2347 1755 2493 1810 Ozias
2525 1759 2669 1827 regis
2698 1757 2860 1814 Juda.
2892 1780 2909 1811 ι
2950 1761 3014 1814 Α(
3039 1763 3182 1816 enim
3210 1765 3262 1816 in
3289 1763 3373 1819 his

1798 1842 2002 1906 verbis,
2039 1859 2162 1914 quae
2212 1847 2432 1900 tandem
2477 1864 2602 1903 esse
2655 1858 2837 1918 potest
2892 1852 3049 1906 vallis
3105 1855 3372 1908 montium

1723 1922 1773 1985 Β
1798 1932 1915 1998 Dei,
1942 1936 2047 1991 nisi
2079 1952 2202 2006 quae
2224 1939 2353 1992 olim
2385 1949 2541 1993 antea
2560 1941 2945 1996 celebrabatur
2980 1960 3043 1997 ex
3081 1945 3198 2014 lege
3226 1944 3374 2017 Moy-

1799 2024 1877 2081 sis
1912 2025 1968 2080 in
1999 2026 2368 2095 Hierusalem,
2419 2033 2724 2100 corporalis
2751 2044 2804 2088 et
2830 2031 3058 2088 Iudaica
3089 2034 3370 2093 adoratio!

1796 2133 1961 2188 quam
1993 2120 2213 2189 quidem
2246 2122 2528 2176 occlusum
2558 2124 2644 2188 iri,
2680 2126 2837 2195 quasi
2863 2126 3214 2182 obturatione
3234 2147 3373 2199 qua-

1795 2205 1946 2271 dam,
1978 2223 2220 2278 praesens
2247 2213 2531 2266 oraculum
2563 2214 2731 2279 canit,
2763 2216 2952 2270 dicens
2990 2237 3002 2270 ;
3045 2237 3064 2268 ι
3115 2219 3373 2274 hit-obtu-

1796 2300 2194 2366 rabitur__vallis
2216 2306 2484 2358 montium
2522 2321 2791 2373 meorum,
2819 2320 2871 2362 et
2896 2312 3356 2381 conglutinabitn’u

1793 2393 2059 2448 convallis
2108 2395 2399 2457 montium,
2449 2411 2622 2465 usque
2665 2399 2734 2451 ad
2777 2400 2960 2463 Asael,
3003 2410 3056 2456 et
3084 2403 3367 2459 obturahi-

1795 2491 1904 2539 tur.
1942 2504 1960 2535 ι
1995 2483 2101 2541 Pro
2119 2486 2321 2557 quibus
2346 2489 2526 2542 verbis
2552 2487 2913 2560 Symmachus
2946 2493 3178 2549 reddidit
3205 2496 3351 2553 haec:

1800 2596 1820 2626 ι
1860 2576 1925 2630 Ει
1947 2577 2296 2632 obturabitur
2318 2581 2476 2635 vallis
2507 2582 2773 2634 montium
2809 2599 3074 2648 meorum,
3111 2607 3129 2638 ι
3153 2595 3205 2642 et
3225 2604 3368 2658 pra:-

1795 2675 1946 2722 terea
1980 2687 1999 2719 ι
2034 2670 2496 2742 apprOpinquabit
2532 2691 2550 2722 ι
2597 2673 2862 2737 convallis
2888 2677 3176 2741 montium,
3213 2679 3366 2734 adid

1793 2758 1939 2828 quod
1977 2761 2288 2830 appositum
2334 2770 2418 2817 est
2473 2780 2492 2811 ‹
2540 2771 2595 2817 et
2630 2763 3000 2831 obturabitur,
3045 2787 3063 2818 ι
3101 2770 3190 2823 ubi
3231 2785 3365 2826 sane

1791 2866 2017 2906 causam
2062 2851 2288 2916 indicat,
2342 2868 2443 2908 cur
2487 2855 2738 2909 obturata
2785 2855 2858 2910 sit
2901 2858 3182 2913 convallis.
3233 2857 3365 2926 Qua:

1793 2959 1957 3014 porro
1985 2945 2100 3000 haec
2128 2946 2256 3012 alia,
2305 2962 2470 3016 quam
2494 2963 2613 3004 eam
2646 2950 3083 3020 appmpinquare
3127 2961 3182 3008 et
3231 2953 3365 3008 vici-

1791 3053 1916 3090 nam
1950 3038 2066 3093 ﬁeri
2093 3038 2164 3104 ei,
2205 3041 2351 3109 quod
2391 3040 2495 3111 ipsi
2535 3044 2844 3112 appositum
2881 3047 3002 3102 est?
3038 3046 3138 3103 llic
3179 3059 3360 3104 autem

1788 3137 1873 3184 est
1907 3146 2067 3187 mons
2109 3131 2345 3198 Domini,
2378 3135 2471 3204 qui
2504 3133 2784 3192 Olivarum
2815 3148 2973 3193 antea
3005 3147 3090 3196 est
3126 3143 3364 3211 appella-

1793 3229 1902 3285 tus,
1930 3222 2133 3292 q'uique
2163 3224 2324 3277 Asacl
2355 3224 2536 3281 dictus
2579 3227 2648 3282 ab
2686 3229 2819 3299 ipsis
2860 3229 3236 3302 Septuaginta.
3279 3231 3365 3287 Si—

1793 3319 2012 3390 gniﬁcat
2042 3335 2170 3374 vero
2193 3322 2334 3390 apud
2365 3320 2622 3378 Hebraeos
2643 3340 2706 3379 ea
2731 3341 2831 3380 vox
2863 3342 2990 3387 opus
3015 3326 3132 3379 Dei.
3165 3327 3255 3380 Sic
3271 3343 3366 3381 ve-

1793 3425 1874 3474 ro,
1909 3410 2104 3480 inquit,
2131 3422 2288 3465 vetus
2319 3412 2584 3467 convallis
2629 3416 2798 3468 tuenti
2831 3417 3278 3485 appropinquans
3310 3427 3364 3472 et

1789 3499 1994 3555 Christi
2040 3499 2319 3566 Ecclesiae,
2360 3511 2523 3573 atque
2561 3506 2713 3574 operi
2749 3505 2863 3569 Dei,
2907 3509 3257 3564 obturabitur
3307 3521 3364 3565 et

1789 3593 2128 3656 occludetur,
2154 3596 2612 3663 quemadmodum
2633 3598 2889 3652 obturata
2917 3611 3000 3655 est
3026 3619 3056 3654 a
3090 3602 3229 3656 facie
3251 3612 3361 3656 ter—

1789 3692 2045 3741 rzemotus
2067 3686 2122 3740 in
2145 3686 2338 3740 diebus
2356 3685 2500 3742 Ozia:
2524 3691 2666 3759 regis
2692 3689 2851 3745 Juda.
2884 3691 3040 3761 291
3076 3691 3212 3745 Cum
3233 3709 3362 3747 vero

1788 3773 1881 3828 diu
1903 3775 2043 3844 apud
2073 3777 2339 3845 meipsum
2363 3779 2702 3846 quaesierim,
2725 3788 2780 3833 et
2808 3779 3025 3834 divinas
3047 3778 3361 3851 Scripturas

1790 3868 2172 3936 percurrerim,
2208 3876 2266 3922 ut
2298 3869 2596 3925 invenirem
2631 3872 2678 3926 si
2715 3872 2937 3941 quando
2965 3889 3028 3927 ea
3069 3876 3357 3938 convallis,

1787 3960 1853 4016 de
1878 3977 1985 4032 qua
2010 3961 2100 4017 hic
2119 3978 2299 4019 sermo
2318 3972 2422 4027 est,
2462 3965 2519 4018 in
2548 3963 2744 4020 diebus
2771 3963 2914 4020 Ozias
2941 3967 3199 4020 obturata
3229 3969 3300 4024 sit
3329 3985 3360 4024 a

1788 4055 1926 4111 faeie
1956 4065 2297 4113 terraamotus
2317 4097 2332 4122 ,
2365 4058 2420 4112 in
2451 4056 2747 4126 Regnorum
2779 4059 3022 4115 historiis
3061 4060 3194 4114 nihil
3227 4076 3360 4117 sane

1787 4149 2010 4203 inveni:
2047 4165 2170 4203 nam
2223 4166 2399 4220 neque
2447 4159 2816 4206 terraemotum
2867 4152 2974 4207 illis
3021 4154 3359 4223 temporibus

1788 4238 1956 4291 ullum
1985 4255 2050 4293 ex
2082 4239 2149 4295 iis
2183 4240 2275 4308 qui
2310 4241 2470 4295 terris
2504 4251 2557 4296 et
2581 4241 2896 4312 regionibus
2929 4243 3107 4297 solent
3138 4243 3358 4298 accide-

1786 4346 1865 4395 re,
1901 4348 2075 4402 neque
2125 4331 2271 4386 aliud
2321 4334 2596 4403 quippiam
2655 4335 2759 4388 tale
2792 4335 2859 4389 de
2896 4336 3143 4390 convalle
3174 4336 3360 4405 aliqua

1786 4424 1988 4480 factum
2017 4440 2160 4490 esse,
2193 4428 2246 4479 in
2288 4426 2395 4480 illis
2429 4426 2696 4496 scriptum
2719 4436 2808 4482 est
2847 4446 2859 4481 :
2890 4438 3150 4481 narratur
3173 4435 3356 4482 autem

1783 4517 2242 4588 quemadmodum
2289 4517 2451 4572 Ozias
2503 4519 2662 4572 initio
2710 4519 2895 4587 justus
2945 4519 3127 4586 fuerit,
3160 4520 3359 4578 deinde

1785 4607 1967 4661 animo
2001 4606 2270 4674 sublatus,
2303 4623 2400 4678 per
2429 4609 2668 4678 seipsum
2703 4608 2812 4663 Deo
2842 4609 3156 4665 sacriﬁcare
3185 4625 3357 4668 ausus

1783 4699 1853 4753 sit
1888 4717 1902 4752 :
1942 4714 2113 4769 quare
2161 4699 2228 4754 de
2277 4699 2426 4755 illius
2457 4699 2596 4755 facie
2630 4701 2834 4771 lepram
2875 4701 3201 4769 efﬂoruisse,
3251 4703 3358 4759 hoc

1785 4790 2004 4862 quidem
2041 4791 2096 4845 in
2142 4790 2441 4863 Regnorum
2489 4794 2643 4848 libris
2689 4794 3022 4849 continetur.
3075 4795 3146 4847 At
3200 4794 3359 4850 Jose-

1784 4883 1946 4951 phus,
1978 4891 2240 4953 prmterea
2265 4899 2387 4954 qua:
2434 4885 2489 4939 in
2536 4887 2710 4942 sacris
2758 4886 2914 4942 libris
2954 4889 3155 4955 scripta
3204 4895 3353 4953 sunt,

1784 4977 1947 5029 etiam
1978 4990 2042 5029 ea
2063 4991 2182 5046 qua:
2204 4978 2556 5043 intrinsecus,
2583 4979 2740 5047 quasi
2769 4979 3010 5034 secundo
3045 4974 3186 5039 loco,
3211 4980 3357 5047 apud

1779 5065 1996 5123 Iudaeos
2027 5068 2318 5134 habentur,
2356 5085 2567 5125 summa
2592 5069 2870 5140 diligentia
2904 5079 3244 5135 persecutus.
3272 5085 3359 5124 ut-

1781 5170 1906 5230 pote
1933 5162 2026 5230 qui
2065 5159 2326 5216 Hebraaus
2353 5163 2424 5216 ab
2454 5161 2697 5218 Hebraeis
2717 5164 3029 5227 exsisteret,
3059 5177 3179 5231 qua:
3210 5162 3357 5217 illius

1781 5255 1926 5325 regis
1973 5256 2312 5325 temporibus
2352 5255 2605 5310 evenisse
2637 5264 3049 5317 commemoret,
3083 5255 3196 5324 jam
3257 5270 3356 5308 au-

1781 5344 1898 5399 dire
1917 5353 2090 5414 potes.
2112 5346 2312 5401 Narrat
2337 5347 2482 5402 enim
2518 5346 2592 5417 (ί)
2628 5344 3085 5416 quemadmodum
3120 5363 3137 5394 ι
3159 5359 3359 5414 urget.-

1784 5439 1930 5494 tibus
1961 5438 2147 5493 Oziam
2179 5440 2581 5501 sacerdotibus,
2619 5447 2677 5493 ut
2705 5437 2772 5492 de
2807 5437 3009 5507 templo
3036 5438 3234 5500 exiret,
3260 5451 3358 5490 ne-

1781 5547 1888 5601 que
1918 5531 2179 5587 adversus
2210 5533 2380 5587 Deum
2409 5540 2684 5602 peccaret,
2703 5531 2793 5584 ille
2819 5530 2992 5583 iratus
3017 5528 3110 5592 sit,
3140 5528 3358 5597 illisque

1779 5635 2012 5679 mortem
2060 5626 2320 5688 minatus,
2371 5625 2477 5678 nisi
2525 5623 2870 5694 quiescerent
2919 5639 2933 5677 :
2986 5622 3196 5676 interea
3226 5634 3356 5673 vero

1781 5726 1961 5773 motus
2024 5719 2246 5789 quidam
2303 5726 2504 5773 terram
2560 5713 2942 5779 concusserit,
3011 5713 3356 5785 discissoun
