3894 6532
597 447 708 512 I63

1269 453 1539 510 EUSEBII
1569 453 2054 512 CESARIENSIS
2083 455 2234 513 OPP.
2260 449 2440 511 PARS
2473 449 2538 513 η.
2563 489 2631 498 -
2659 455 3172 515 APOLOGETICA.

3754 461 3840 522 ια

601 569 827 640 templo,
863 569 1119 641 splendor
1168 569 1356 640 ingens
1399 571 1658 636 illuxerit,
1703 571 1795 642 qui
1829 571 1992 625 etiam
2025 571 2134 641 regi

2235 635 2240 646 _
2274 570 2446 642 ἀληθῆ
2484 572 2759 644 ἀρχιερέα,
2797 572 2974 644 λέπρα
3001 573 3142 626 κατὰ
3186 571 3306 625 τῶν
3333 571 3529 643 ψυχῶν
3549 572 3834 646 ἰξήνθησενν

595 659 795 716 faciem
827 661 1105 727 invaserit,
1134 667 1186 714 et
1229 661 1310 715 sic
1350 663 1609 733 evestigio
1668 662 1820 716 illum
1878 662 1932 715 in
1962 661 2135 730 lepran

2264 661 2546 736 ὠσπεροῦν
2572 665 2666 717 καὶ
2693 664 2785 717 ἐπὶ
2825 663 2920 717 τοῦ
2965 664 3169 727 Ὀζίου,
3203 665 3302 717 ὅτε
3326 665 3428 718 καὶ
3457 666 3672 738 ἀοράτῳ
3704 667 3836 722 δυνά-

599 753 881 808 iucidisse.
911 753 1051 805 Ante
1097 751 1287 806 urbem
1323 767 1453 807 vero
1496 753 1565 807 ad
1613 753 1795 806 locum
1841 751 1933 822 qui
1966 752 2132 805 dicitu

2267 773 2359 827 μει
2394 756 2555 820 αὐτὸς
2585 757 2614 810 ό
2645 754 2848 826 Κύριος
2876 755 3104 818 ἐπιστὰς
3128 753 3215 825 τῷ
3245 754 3631 831 θυσιαστηρίῳ
3663 759 3833 826 αὐτῶν,

597 841 790 914 ‘Eroge,
823 843 1122 898 abscissam
1152 856 1276 898 esse
1304 841 1369 896 de
1410 851 1597 899 monte
1619 842 1900 898 dimidiam
1930 851 2161 912 partem,

2260 848 2361 918 τὴν
2387 846 2632 912 ἐξουσίαν
2663 845 2830 900 ἔδωκε
2859 846 2938 918 τῷ
2970 845 3343 911 πατάσσοντι,
3375 847 3590 919 φήσας·
3624 868 3642 900 ι
3677 851 3831 906 Πάτα-

595 946 716 1002 qua:
743 934 809 988 ad
838 933 1176 990 occidentem
1208 949 1364 990 versa
1388 947 1505 990 erat
1533 956 1544 990 :
1589 936 2046 1004 convolutamque
2068 950 2132 1004 pe

2262 939 2350 1004 ξον
2387 939 2447 993 τὸ
2475 939 2876 1011 θυσιαστήριον.
2912 957 2931 991 ι
2983 941 3231 1011 Δυνάμει
3281 940 3424 1008 γοῦν
3464 941 3623 995 τοῦτο
3652 945 3828 1016 ἐδήλου,

593 1033 830 1096 Quatuor
878 1026 1077 1090 stadia,
1111 1026 1176 1080 ad
1207 1035 1447 1082 montem
1481 1028 1722 1091 stetisse,
1762 1028 1854 1096 qui
1895 1027 2160 1082 orientem

593 1117 896 1188 spectabat,
931 1119 1113 1188 itaque
1155 1125 1208 1173 et
1255 1119 1436 1174 aditus
1476 1128 1530 1174 et
1560 1119 1750 1174 hortos
1789 1120 1971 1190 regios
1997 1120 2158 1175 obtu-

586 1221 764 1264 rasse.
813 1229 830 1260 ι
867 1209 991 1265 Haec
1016 1226 1146 1264 sane
1168 1191 1268 1280 ego
1304 1211 1358 1264 in
1389 1211 1544 1264 libris
1583 1209 1828 1265 ludaicw
1855 1212 2158 1281 Antiquita-

591 1305 657 1357 tis
688 1304 885 1374 posita,
939 1305 1076 1373 apud
1125 1303 1419 1374 Josephum
1467 1303 1817 1373 deprehendi.
1852 1304 2008 1374 Apud
2033 1319 2158 1375 pro-

583 1394 806 1464 phetam
845 1410 980 1449 vero
1021 1395 1206 1458 Amos,
1241 1395 1399 1448 initio
1442 1395 1586 1449 illius
1617 1395 1910 1465 prophetia:
1950 1396 2152 1459 inveni,

587 1485 1040 1553 quemadmodum
1074 1485 1188 1554 ipse
1235 1485 1519 1538 vaticinari
1574 1485 1801 1552 cmperit
1853 1484 1908 1537 in
1961 1485 2153 1540 diebus

583 1577 731 1632 Ozize
760 1577 902 1646 regis
930 1575 1088 1638 Juda,
1124 1576 1337 1630 duobus
1371 1583 1493 1630 ante
1526 1584 1892 1631 terraemotum
1946 1577 2106 1632 annis
2137 1596 2149 1632 :

583 1681 904 1739 quem‘vero
936 1676 1297 1723 terrzeniotum
1322 1668 1606 1739 intelligat,
1635 1684 1902 1738 nusquam
1941 1669 2151 1739 perspi~

582 1771 686 1815 ‘cue
737 1761 1036 1830 subjung‘it.
1088 1759 1190 1814 Sed
1230 1761 1481 1814 'arbitror
1531 1759 1779 1814 eumdem
1832 1761 2150 1830 prophetam

578 1851 798 1923 longius
836 1866 1204 1922 progressum,
1241 1854 1386 1906 hunc
1414 1859 1784 1906 terraemotum
1807 1853 2145 1918 describere,

2258 1023 2430 1092 λέγων
2453 1041 2467 1055 ·
2499 1043 2520 1076 ι
2564 1023 2804 1094 ’Δφίεται
2839 1027 2966 1096 ὑμῖν
2991 1027 3020 1078 ὁ
3040 1023 3194 1091 οἶκος
3228 1028 3396 1095 ὑμῶν
3438 1028 3662 1100 ἔρημος.
3694 1052 3711 1084 ι
3743 1038 3827 1088 Axi-

2255 1113 2382 1167 τίκα
2407 1113 2537 1183 γοῦν
2568 1115 2662 1168 ἐπὶ
2696 1115 2774 1186 τῷ
2806 1117 2966 1170 πάθει
2996 1117 3159 1171 αὐτοῦ
3211 1118 3280 1172 τὸ
3329 1120 3728 1192 καταπέτασμα
3749 1124 3823 1177 τοῦ

2256 1201 2382 1256 ναοῦ
2429 1203 2652 1275 ἐσχίσθη
2698 1204 2804 1258 ἀπὸ
2848 1204 3051 1259 ἄνωθεν
3092 1205 3208 1270 ἕως
3266 1207 3451 1274 κάτω,
3501 1207 3823 1282 ὡσπεροῦνό

2269 1294 2526 1367 Ἰώσηπος
2559 1296 2760 1367 ἱστορεῖ
2794 1297 3074 1366 γεγονέναι
3118 1297 3274 1352 κατὰ
3325 1301 3464 1364 τοὺς
3513 1301 3682 1367 ὐζίου
3721 1308 3821 1377 χρό-

2253 1403 2395 1449 νους.
2429 1383 2560 1440 Εἶτα
2587 1389 2848 1459 πρότερον
2877 1389 2976 1459 μὲν
3009 1389 3238 1462 ἐσείσθη
3290 1389 3366 1443 τὰ
3394 1392 3665 1462 πρόπυλα,
3691 1395 3764 1447 ὅτε
3792 1399 3817 1466 ἡ

2252 1479 2325 1549 γῆ
2357 1478 2572 1550 ἐσείσθη
2607 1480 2748 1534 κατὰ
2775 1479 2862 1532 τὸν
2889 1478 2988 1533 τοῦ
3018 1480 3232 1545 πάθους
3268 1481 3444 1536 αὐτοῦ
3476 1485 3659 1554 καιρόν
3679 1503 3692 1515 ·
3721 1486 3814 1554 μετ’

2251 1571 2312 1623 οὐ
2343 1570 2478 1624 πολὺ
2509 1570 2566 1623 δὲ
2616 1572 2710 1624 καὶ
2741 1572 2839 1644 τὴν
2872 1573 3104 1644 ἐσχάτην
3149 1575 3430 1646 ὑπέμεινε
3487 1579 3704 1633 πτῶσιν.
3728 1583 3815 1634 Λιι-

2251 1663 2362 1718 6ὠν
2391 1682 2450 1718 τε
2485 1665 2582 1736 τὴν
2609 1664 2856 1729 ἐξουσίαν
2884 1669 2912 1720 ό
2945 1668 3272 1730 πατάσσων,
3300 1668 3558 1739 διέκοψεν
3580 1672 3654 1733 είς
3678 1688 3811 1738 κεφα-

2249 1755 2346 1820 λὰς
2376 1757 2650 1811 ἁπάντων.
2697 1758 2856 1811 Κατὰ
2881 1757 3038 1812 τοῦτο
3087 1759 3154 1831 δὴ
3191 1757 3292 1813 οὖν
3335 1759 3435 1814 τοῦ
3471 1761 3657 1832 καιροῦ
3685 1763 3807 1832 καὶὴ

2247 1848 2434 1914 κοιλὰς
2458 1849 2566 1904 τῶν
2595 1851 2689 1904 τοῦ
2717 1850 2848 1905 Θεοῦ
2883 1851 3054 1922 όρέων
3097 1852 3418 1926 ἐνεφράγη,
3445 1853 3713 1923 ὡσπεροῦν
3734 1854 3805 1923 γέ-

579 1945 674 2000 ubi
709 1947 820 1999 ait:
857 1963 874 1994 ι
915 1943 1036 1999 Vidi
1073 1944 1358 1999 Dominum
1405 1953 1638 2000 stantem
1669 1959 1833 2015 super
1865 1945 2054 2008 altare,
2094 1955 2135 1999 el

2248 1959 2404 2010 γονεν
2439 1944 2530 1996 ἐπὶ
2576 1944 2780 2007 Ὀζίουο
2827 1944 2962 2016 πρὸς
3002 1945 3101 2015 μὲν
3151 1945 3326 2016 ῥητὸν
3372 1947 3469 1999 καὶ
3508 1945 3665 2010 λέξιν,
3691 1946 3801 2000 κατὰ

580 2038 717 2092 dixit
749 2057 762 2092 :
799 2036 1026 2092 Percute
1059 2052 1223 2107 super
1253 2038 1441 2103 altare,
1463 2044 1516 2092 et
1538 2037 2024 2091 commovebuntur
2053 2053 2144 2092 ve-

585 2132 808 2194 stibula,
861 2139 915 2186 et
938 2130 1084 2185 caede
1125 2130 1181 2184 in
1209 2131 1386 2200 capita
1435 2129 1697 2195 omnium,
1737 2137 1792 2183 et
1825 2129 1918 2198 qui
1950 2129 2143 2199 reliqui

572 2217 786 2276 ‘l'uerint
813 2233 881 2275 cx
909 2237 993 2284 ea,
1018 2222 1071 2275 in
1099 2221 1279 2291 gladio
1304 2218 1623 2274 interliciam
1651 2219 1739 2272 ¹·¹.
1783 2237 1800 2270 ι
1836 2218 2045 2284 Quibus
2077 2220 2143 2272 il-

579 2312 691 2366 lum
725 2313 904 2367 verbis
936 2327 1132 2367 censeo
1179 2326 1373 2365 canere
1404 2317 1808 2373 "terraemotum,
1851 2323 2144 2378 rerumque

573 2402 816 2458 Iudaica:
840 2403 1018 2474 gentis
1051 2402 1336 2473 ct'gloriaa,
1395 2416 1608 2457 necnon
1641 2401 1804 2465 ritus,
1830 2401 1922 2471 qui
1945 2401 2012 2455 ab
2034 2401 2141 2456 illis

574 2494 632 2549 in
673 2492 974 2549 Jerusalem
1012 2493 1412 2555 celebrabatur,
1466 2489 1830 2556 eversionem,
1879 2498 2140 2560 praeterea

572 2587 872 2648 interitum,
907 2584 999 2655 qui
1033 2585 1156 2640 illos
1183 2591 1304 2654 post
1356 2582 1657 2638 Salvatoris
1703 2582 1876 2638 nostri
1936 2582 2139 2638 adven-

568 2683 686 2730 tum
716 2675 998 2739 invaserit,
1031 2690 1142 2744 quo
1173 2673 1427 2728 videlicet
1454 2679 1720 2745 tempore,
1755 2672 2139 2728 recusantibus

571 2766 683 2822 illis
706 2766 982 2821 Christum
1017 2767 1130 2826 Dei,
1165 2766 1325 2836 292
1362 2781 1486 2820 eum
1517 2767 1613 2836 qui
1648 2781 1813 2820 verus
1835 2772 1918 2820 est
1951 2779 2136 2820 sacer-

571 2854 694 2919 dos,
726 2855 876 2926 lepra
910 2855 1106 2911 animis
1153 2857 1366 2910 illorum
1401 2855 1592 2910 oborta
1637 2863 1742 2920 est,
1792 2857 1935 2911 sicut
1974 2855 2138 2909 etiam

559 2942 718 2998 ‘Ozim
741 2944 1102 3013 temporibus,
1133 2943 1350 3013 quando
1379 2943 1430 2997 vi
1476 2942 1710 3014 quadam
1742 2942 2000 2998 invisibili
2030 2942 2138 2998 Do-

569 3035 752 3090 minus
771 3035 941 3090 altare
961 3035 1217 3092 insistens
1243 3036 1480 3101 illorum,
1507 3042 1826 3106 potestatem
1859 3035 1988 3091 fecit
2009 3051 2137 3108 per-

563 3127 818 3192 cutienti,
866 3127 1054 3184 dicens
1092 3145 1106 3182 :
1145 3147 1182 3179 -ι
1237 3123 1465 3183 Percute
1509 3128 1699 3183 altare.
1759 3147 1779 3180 ›
1828 3126 1990 3184 Certe
2035 3145 2136 3184 sua

559 3219 743 3293 ipsius
769 3225 1036 3290 potestate
1065 3219 1166 3274 hoc
1193 3219 1371 3289 ipsum
1396 3219 1710 3282 declaravit,
1731 3219 1918 3274 dicens
1946 3237 1958 3273 :
1985 3238 2002 3270 ι
2029 3217 2136 3274 Re-

2246 2035 2344 2104 τὴν
2381 2035 2665 2104 Ῥωμαίων
2708 2035 3042 2109 πολιορκίαν,
3077 2036 3204 2090 καθ’
3250 2038 3321 2108 ἣν
3363 2033 3520 2108 οἶμαι
3565 2037 3797 2108 συμϐῆναί

2245 2144 2366 2181 τινα
2392 2127 2614 2180 τοιαῦτα
2638 2143 2652 2156 ·
2686 2129 2822 2200 πρὸς
2843 2128 2900 2181 δὲ
2934 2129 3194 2193 διάνοιαν,
3237 2130 3334 2184 ὅτε
3363 2131 3398 2202 ἠ
3429 2131 3699 2201 σωματικὴ
3722 2130 3794 2183 καὶ

2245 2219 2601 2289 ταπεινοτέρα
2649 2219 2742 2273 τοῦ
2775 2222 3051 2286 Μωῦσέως
3096 2222 3272 2293 νόμου
3310 2223 3538 2295 λατρεία
3580 2222 3789 2276 ἀπεκλεί-

2247 2308 2369 2380 σθη,
2403 2312 2484 2374 είς
2513 2311 2573 2364 τὸ
2606 2310 2803 2383 μηκέτι
2831 2311 3194 2384 ἐνεργεῖσθαι,
3233 2312 3326 2366 διὰ
3353 2314 3447 2366 τὸν
3489 2313 3694 2382 σεισμὸν
3718 2313 3788 2363 τὸν

2243 2401 2538 2457 ἐπελθόντα
2561 2404 2912 2475 προφητικῶς
2939 2403 2999 2470 ἐξ
3021 2405 3235 2459 ἐκείνου
3261 2404 3346 2477 τῷ
3373 2405 3636 2459 Ἰουδαίων
3655 2403 3784 2463 ἔθνει.

2243 2491 2338 2542 καὶ
2369 2489 2456 2544 διὰ
2490 2489 2558 2544 τὰ
2603 2490 2788 2555 λοιπὰ,
2818 2491 2888 2546 τὰ
2925 2494 3426 2566 ἀναγεγραμμένα.
3464 2494 3616 2550 Μετὰ
3649 2493 3783 2546 ταῦτα

2241 2581 2598 2637 ἐπαναλαϐὼν
2621 2585 2649 2637 ὁ
2690 2582 2845 2653 λόγος
2883 2582 2982 2654 τὴν
3008 2583 3120 2638 τοῦ·
3145 2585 3364 2658 Κυρίου
3404 2585 3686 2658 παρουσίαν
3713 2600 3782 2635 σαι

2242 2675 2502 2745 φέστερον
2538 2673 2921 2747 ἁνακηρύττει,
2960 2674 3168 2744 λέγων’
3207 2695 3227 2729 ι
3261 2678 3375 2731 Καὶ
3408 2677 3662 2750 παρέσται
3689 2671 3772 2729 K6-

2237 2783 2356 2837 ριος
2387 2767 2415 2818 ό
2446 2765 2578 2830 Θεὸς
2625 2783 2748 2837 μου,
2792 2766 2884 2820 καὶ
2926 2766 3126 2832 πάντες
3170 2771 3223 2822 οἱ
3255 2768 3405 2838 ἅγιοι
3434 2770 3549 2842 μετ’
3580 2766 3772 2822 αὑτοῦ.ι

2239 2855 2366 2909 Εἴτε
2394 2857 2522 2920 τοὺς
2562 2856 2890 2920 ἀποστόλους
2913 2857 3075 2910 αὑτοῦ
3107 2859 3206 2912 καὶ
3252 2860 3505 2931 μαθητὰς
3540 2857 3772 2930 ὀνομάζων

2238 2946 2426 3016 ἁγίους
2455 2947 2642 3012 αὑτοῦ,
2665 2948 2775 3001 εἴτε
2798 2947 3055 3020 δυνάμεις
3071 2949 3231 3014 τινὰς
3259 2951 3527 3022 ἁοράτους
3550 2951 3635 3005 καὶ
3654 2946 3774 3002 πνεύ-

2235 3057 2384 3111 ματα
2426 3039 2789 3112 λειτουργικὰ,
2845 3041 2973 3112 περὶ
3011 3033 3085 3094 ὧν
3130 3041 3394 3114 εἴρηται·
3449 3062 3467 3094 ι
3513 3039 3770 3113 Προσῆλθον

2233 3131 2476 3202 ἄγγελοι,
2501 3133 2595 3186 καὶ
2621 3133 2900 3199 διηκόνουν
2930 3131 3094 3204 αὐτῷ.
3130 3153 3150 3186 ι
3188 3131 3328 3188 Εἶτα
3357 3135 3451 3187 ἐπὶ
3478 3133 3573 3203 τῆς
3604 3148 3767 3203 παρου-

2237 3221 2359 3285 σίας
2407 3220 2502 3275 τοῦ
2549 3221 2777 3292 Κυρίου,
2821 3239 2840 3272 ι
2869 3221 3080 3288 Ἔσται,
3123 3222 3318 3294 φησὶν,
3360 3221 3554 3292 ἡμέρα,
3579 3217 3660 3272 καὶ
3693 3217 3766 3267 οὐκ

567 3312 835 3385 linquitur
859 3311 1017 3368 vobis
1047 3311 1243 3367 domus
1265 3320 1444 3368 vestra
1474 3311 1691 3367 deserta
1718 3311 1760 3368 ³.
1801 3329 1819 3362 ›
1873 3309 2132 3366 Protinus

2236 3313 2389 3367 ἔσται
2421 3311 2558 3382 φῶς,
2598 3313 2692 3366 καὶ
2742 3311 2912 3382 ψῦχος
2959 3311 3054 3366 καὶ
3101 3313 3283 3382 πάγος
3325 3311 3479 3366 ἔσται
3513 3309 3631 3381 μίαν
3663 3305 3766 3376 ἡμί-

565 3423 805 3478 namque
843 3407 973 3461 dum
1005 3405 1094 3460 ille
1125 3411 1422 3475 pateretur,
1454 3403 1635 3458 velum
1665 3401 1852 3472 templi
1897 3403 2131 3458 scissum

565 3508 671 3565 est,
704 3515 734 3554 a
770 3514 983 3555 summo
1030 3513 1204 3568 usque
1245 3495 1310 3550 ad
1341 3497 1530 3559 imum,
1561 3493 2016 3565 quemadmodum
2044 3493 2128 3549 Jo-

566 3593 770 3663 sephus
804 3599 990 3646 narrat
1016 3589 1309 3660 contigisse
1365 3586 1507 3642 Ozia:
1553 3587 1697 3657 regis
1746 3585 2124 3657 temporibus:

560 3693 682 3740 tum
711 3683 946 3757 primum
976 3682 1192 3754 quidem
1229 3687 1500 3735 commota
1535 3687 1662 3734 sunt
1691 3679 1980 3746 vestibula,
2004 3695 2126 3735 cum

555 3787 712 3834 terra
759 3788 908 3833 mota
951 3785 1036 3832 est
1089 3774 1362 3846 passionis
1411 3773 1558 3827 illius
1606 3779 1870 3842 tempore.
1924 3772 2129 3828 Deinde

564 3870 710 3924 haud
734 3871 902 3924 multo
930 3875 1073 3940 post,
1096 3874 1399 3922 extremum
1423 3880 1640 3935 quoque
1662 3864 1884 3934 pertulit
1913 3877 2124 3928 casum,

566 3969 895 4031 acceptaque
945 3967 1212 4029 potesrate
1262 3957 1578 4026 percutiens
1627 3954 1824 4010 cecidit
1857 3953 1913 4007 in
1946 3953 2126 4024 capita

563 4053 806 4108 omnium
846 4070 860 4106 :
913 4051 1019 4105 hoc
1053 4050 1218 4121 igitur
1251 4058 1494 4119 tempore
1521 4047 1679 4102 vallis
1711 4046 1978 4101 montium
2030 4045 2125 4101 Dei

558 4145 815 4202 obturata
843 4151 946 4207 est,
973 4138 1429 4212 quemadmodum
1460 4138 1602 4194 Ozia:
1637 4139 1977 4209 temporibus
2001 4154 2127 4194 eve-

561 4238 663 4293 nit.
694 4236 848 4304 Quod
909 4237 954 4292 si
1001 4235 1203 4289 dictum
1236 4233 1454 4304 quidem
1510 4248 1574 4287 ac
1607 4232 1772 4287 verba
1819 4231 2121 4302 sequimur,

561 4329 763 4384 factum
798 4343 929 4384 sane
959 4327 1013 4382 id
1046 4326 1206 4381 fuerit
1240 4327 1295 4380 in
1345 4326 1460 4396 ipsa
1506 4323 1789 4379 obsidione
1849 4323 2124 4378 Romano-

561 4437 702 4488 rum,
734 4419 1030 4475 secundum
1063 4432 1223 4488 quam
1258 4425 1387 4486 puto
1420 4415 1666 4485 quaedam
1723 4413 1854 4467 talia
1899 4413 2125 4468 accidis-

559 4515 654 4578 se;
683 4515 728 4568 si
761 4527 889 4566 vero
912 4511 1259 4570 sententiam,
1294 4524 1402 4578 quo
1433 4516 1674 4574 tempore
1699 4505 1999 4576 corporalis
2031 4506 2123 4560 illa

556 4615 611 4661 et
646 4605 867 4658 humum
895 4611 1147 4672 spectans
1182 4599 1430 4654 Mosaica:
1465 4599 1601 4668 legis
1623 4597 1869 4652 adoratio
1897 4597 2119 4652 exclusa
2150 4637 2194 4692 Β

555 4706 664 4761 est,
719 4703 779 4750 ut
825 4712 934 4749 non
968 4694 1200 4764 amplius
1231 4692 1554 4754 celebretur,
1582 4697 1811 4759 propter
1840 4697 2121 4745 terrmmo-

555 4795 674 4844 tum
723 4803 786 4841 ex
841 4786 931 4839 illo
976 4783 1290 4854 prophetico
1339 4782 1681 4851 praedictum,
1711 4781 1804 4849 qui
1833 4779 2118 4836 Iudaicam

555 4889 769 4953 gentem
798 4877 1012 4941 invasit,
1069 4890 1132 4928 ac
1176 4881 1395 4944 propter
1425 4881 1620 4926 caetera
1647 4886 1771 4941 qua:
1797 4871 1974 4941 palam
2005 4885 2122 4926 nie-

553 4971 742 5026 moria:
772 4968 982 5040 prodita
1005 4975 1152 5021 sunt.
1185 4964 1314 5019 Post
1338 4965 1453 5018 haec
1481 4963 1548 5017 ad
1580 4963 1795 5017 Domini
1826 4962 2118 5016 adventum

552 5070 831 5118 revertens
861 5061 1164 5122 oraculum,
1210 5059 1265 5110 in
1319 5057 1497 5127 ipsum
1549 5056 1766 5126 planius
1811 5055 2115 5118 denuntiat,

552 5156 742 5210 dicens
777 5173 790 5208 :
823 5171 841 5204 ι
878 5152 943 5206 Ει
964 5153 1215 5207 adveniet
1245 5149 1506 5204 Dominus
1539 5148 1682 5204 Deus
1704 5164 1878 5212 meus,
1916 5155 1970 5204 et
1999 5163 2119 5203 om-

553 5263 650 5302 nes
678 5247 852 5302 sancti
887 5260 1010 5300 cum
1033 5259 1120 5308 eo,
1158 5263 1174 5294 ι
1209 5242 1300 5296 ubi
1333 5241 1463 5296 dum
1490 5249 1714 5297 sanctos
1735 5243 1998 5306 nominat,
2032 5240 2118 5294 vel

552 5339 828 5409 apostolos
856 5338 975 5406 ejus
1001 5336 1249 5406 intelligit
1279 5349 1342 5387 ac
1365 5333 1687 5405 discipulos,
1714 5335 1796 5390 vel
1819 5339 2136 5405 potestates

552 5431 815 5501 quasdam
846 5430 1146 5485 invisibiles
1168 5437 1221 5482 et
1247 5428 1472 5498 spiritus
1493 5426 1865 5488 administros,
1898 5426 1965 5480 de
1988 5423 2113 5494 qui-

551 5522 656 5575 bus
683 5521 886 5576 dictum
918 5532 1001 5577 est
1035 5541 1047 5576 :
1089 5539 1108 5574 ι
1152 5520 1218 5574 Et
1261 5523 1611 5575 accesserunt
1645 5518 1820 5588 angeli
1861 5532 1924 5580 ac
1950 5516 2116 5570 mini-

551 5612 801 5666 strabant
821 5615 891 5667 ei.
921 5613 943 5644 ⁸
986 5634 1004 5665 ι
1041 5613 1244 5668 Deinde
1292 5630 1306 5666 :
1345 5629 1363 5661 ι
1402 5610 1460 5665 1η
1493 5611 1727 5666 adventu
1756 5607 1990 5670 Domini,
2028 5608 2112 5661 in-

549 5705 688 5776 quit,
711 5705 952 5761 eritdies
984 5715 1037 5762 et
1070 5721 1180 5761 non
1203 5706 1307 5760 erit
1339 5706 1449 5767 lux,
1481 5703 1575 5758 sed
1618 5702 1788 5771 frigus
1826 5709 1879 5755 et
1909 5701 2111 5770 glacies

2235 3423 2352 3476 ραν.
2391 3424 2410 3458 ι
2451 3404 2590 3458 Ἀνθ’
2612 3397 2679 3458 οῦ
2708 3404 2736 3458 ὁ
2763 3405 3057 3476 Σύμμαχος
3081 3407 3430 3477 ἡρμήνευσε,
3465 3421 3483 3454 ι
3519 3400 3619 3456 Καὶ
3646 3399 3692 3449 ἐν
3713 3397 3759 3462 τῇ

2231 3496 2412 3569 ἡμέρᾳ
2437 3496 2620 3571 ἐκείνῃ
2658 3497 2758 3550 οὐκ
2787 3496 2938 3549 ἔσται
2976 3494 3110 3566 φῶς,
3146 3495 3291 3550 ἀλλὰ
3320 3493 3491 3565 ψῦχος
3515 3493 3602 3545 καὶ
3625 3487 3760 3553 πάγος

2230 3586 2380 3640 ἔσται
2415 3589 2544 3658 μίαν
2577 3587 2807 3660 ἡμέραν,
2851 3588 2971 3658 ἥτις
3015 3586 3289 3654 ἔγνωσται
3333 3585 3412 3656 τῷ
3459 3581 3646 3652 Κυρίῳ.
3685 3577 3758 3644 οὒκ

2229 3677 2412 3749 ⁴ἡμέρα
2448 3678 2566 3731 οὐδὲ
2596 3677 2712 3744 νὺξ,
2735 3678 2848 3731 ἀλλ’
2881 3677 3030 3730 ἔσται
3069 3676 3130 3729 τὸ
3167 3677 3310 3748 πρὸς
3336 3675 3564 3745 ἑσπέραν
3599 3667 3708 3739 φῶς.
3737 3681 3752 3713 ¹

2228 3769 2340 3822 Καὶ
2362 3769 2462 3840 ὅρα
2485 3771 2533 3823 εί
2570 3770 2646 3840 μὴ
2672 3769 2760 3823 διὰ
2787 3769 2990 3824 τούτων
3007 3771 3318 3825 λευκότατα
3343 3770 3443 3841 τὴν
3471 3765 3662 3840 ἡμέραν
3683 3756 3751 3812 τοῦ

2230 3861 2434 3926 πάθους
2479 3862 2571 3916 τοῦ
2617 3863 2865 3934 Σωτῆρος
2909 3864 3063 3935 ἡμῶν
3109 3864 3287 3936 δηλοῖ,
3335 3865 3393 3917 ἐν
3516 3855 3673 3932 ἡμέρᾳ
3707 3846 3749 3903 τὸ

2231 3956 2348 4026 μὲν,
2382 3974 2400 4006 ι
2420 3955 2532 4009 Οὐκ
2556 3955 2703 4009 ἔσται
2737 3957 2870 4025 φῶς,
2899 3976 2918 4008 ι
2953 3956 3278 4029 ἐπληροῦτο,
3312 3957 3476 4028 ἡνίκα
3499 3951 3598 4008 ἀπὸ
3624 3949 3749 4013 ἕκτης

2219 4044 2378 4116 «ὥρας
2409 4047 2596 4110 σκότος
2642 4047 2856 4116 ἐγένετο
2902 4049 2993 4101 ἐπὶ
3034 4050 3216 4103 πᾶσαν
3246 4049 3348 4120 τὴν
3379 4047 3481 4118 γῆν
3517 4045 3608 4104 ἕως
3633 4038 3745 4120 ὧραί

2227 4137 2454 4208 ἐννάτης
2472 4155 2485 4167 ·
2512 4137 2572 4190 τὸ
2600 4137 2678 4203 δέ,
2712 4156 2730 4189 ι
2766 4138 2926 4194 Ἀλλὰ
2941 4137 3109 4210 ψῦχος
3131 4139 3230 4194 καὶ
3258 4119 3453 4206 πάγος,
3472 4151 3492 4186 ι
3515 4133 3614 4192 ὅτε,
3639 4119 3743 4178 κατὰ

2224 4229 2317 4284 τὸν
2358 4231 2591 4297 Λουκᾶν,
2626 4229 3034 4303 ,παραλαϐόντες
3081 4231 3174 4284 τὸν
3221 4228 3426 4302 Ἰησοῦν
3467 4225 3650 4296 ἤγαγον
3682 4213 3739 4273 εἰς

2225 4322 2325 4394 τὴν
2359 4322 2535 4375 οίκίαν
2576 4321 2669 4376 τοῦ
2719 4323 3052 4396 ἀρχιερέωςο
3086 4322 3114 4374 ό
3154 4322 3212 4376 δὲ
3263 4321 3467 4392 Πέτρος
3509 4303 3738 4396 ὴκολούθιι

2229 4393 2499 4486 μακρόθεν
2529 4430 2544 4445 ο
2591 4393 2971 4485 περιαψάντων
2997 4414 3053 4466 δέ
3095 4412 3209 4487 πῦρ
3249 4413 3309 4466 ἐν
3363 4409 3510 4483 μέσῳ
3547 4401 3632 4494 τῆς
3664 4393 3735 4494 αξ·

2224 4505 2366 4576 λῆς,⁴
2391 4505 2644 4578 ἐκάθητο,
2681 4505 2821 4560 κατὰ
2861 4506 2952 4558 τὸν
2981 4505 3228 4577 Μάρκον,
3269 4501 3405 4576 μετὰ
3437 4496 3540 4552 τῶν
3579 4491 3734 4586 λοιξιξιν

2226 4574 2668 4668 θερμαινόμενος.
2713 4598 2773 4650 '0
2799 4597 2855 4650 δέ
2888 4574 3138 4668 Ἰωάννης
3166 4574 3424 4666 ἄντικρυς
3447 4586 3533 4642 καὶ
3551 4579 3630 4678 τοῦ
3647 4574 3732 4678 ’4Ῑῶ

2227 4711 2355 4765 χους
2383 4692 2802 4764 ἐμνημόνευσεν,
2844 4692 3009 4746 εἰπών
3030 4708 3044 4721 ·
3145 4690 3500 4760 Εἱστήκεισαν
3525 4679 3567 4731 oi
3597 4667 3730 4765 5053i“

2227 4753 2322 4840 καὶ
2336 4753 2395 4838 ⁷οί
2417 4753 2682 4858 ῦπηρέται
2705 4753 2998 4855 ἀνθρακιὰν
3022 4753 3394 4854 πεποιηκότες,
3409 4777 3484 4828 ὅτι
3503 4753 3725 4858 ψῦχοςῇνν

2227 4878 2322 4930 καὶ
2367 4847 2764 4949 ἐθερμαίνοντο.
2789 4847 2894 4926 {—
2913 4895 2930 4926 ι
2953 4875 3171 4945 Γνωστὴ
3206 4847 3284 4938 ῦὲ,
3323 4867 3499 4940 φησιν’
3533 4855 3592 4954 ᾖν

2226 4973 2260 5041 ἡ
2273 4937 2544 5041 ἡμέραιτῷ
2560 4967 2765 5040 Κυρίῳ,
2785 4967 2876 5020 καὶ
2889 4967 2986 5020 οὐκ
3000 4962 3066 5037 ἦν
3084 4937 3284 5037 ἡμέρα,
3308 4937 3399 5014 καί
3420 4956 3512 5010 οὐκ
3531 4946 3590 5020 ἦν
3607 4937 3721 5044 v.55"

2224 5062 2323 5131 οὐχ
2344 5061 2523 5131 ἡμέρα
2550 5059 2668 5128 μὲν,
2691 5057 2778 5111 διὰ
2797 5057 2855 5110 τὸ
2873 5055 3212 5129 προκεῖσθαι,
3252 5073 3270 5105 ι
3294 5045 3554 5105 Οὑκέσται
3582 5046 3673 5131 φινς
3683 5043 3716 5072 ’³

2219 5152 2249 5205 ὃ
2275 5123 2707 5222 καὶηέπληροῦτο,
2738 5150 2826 5201 ὅτε
2859 5123 2964 5203 ἀπὸ
2993 5149 3155 5220 ἕκτης
3179 5147 3326 5221 ὧρας
3354 5139 3530 5196 σκότος
3554 5123 3719 5222 ἐῖέίετο

2220 5245 2314 5296 ἐπὶ
2329 5210 2620 5314 tam?»
2647 5210 2748 5314 γῆν
2769 5241 2871 5304 ἕως
2893 5241 3040 5313 ὥρας
3069 5210 3293 5309 ἐννάτῆς
3313 5253 3326 5267 ·
3349 5252 3368 5286 ι
3396 5225 3519 5283 υῦδὲ
3531 5210 3712 5316 Vbist”

2219 5334 2306 5389 διὰ
2349 5335 2410 5388 τὸ
2454 5333 2830 5402 ἐπιλέγεσθαι,
2886 5350 2904 5383 ι
2934 5332 3076 5403 Πρὸς
3113 5329 3352 5394 ἑσπέραν
3395 5314 3711 5408 ἔσται,

2225 5428 2290 5480 Ὃ
2318 5428 2412 5480 καὶ
2441 5427 2569 5479 αὐτὸ
2600 5425 2783 5488 τέλους
2813 5423 3124 5494 ἐτύγχανεν,
3155 5423 3242 5476 ὅτε
3269 5416 3401 5490 μετὰ
3425 5411 3513 5501 “ﬁl?

2219 5515 2367 5588 ὥραν
2406 5511 2560 5578 αὖθις
2589 5515 2649 5568 τὸ
2685 5514 2910 5586 σύνηθες
2944 5493 3058 5584 ea);
3087 5508 3458 5580 ἀπελάμϐανεν

2218 5567 2743 5661 ᾇᾶιέςαξὲιίδῖάνριάιν
2769 5567 2824 5658 δὲ
2857 5567 3372 5675 ταῦτα-ἐπληροῦτο.
3401 5583 3614 5675 Καθόλου
3637 5567 3706 5675 μὲν

2218 5702 2308 5753 ἐπὶ
2343 5699 2402 5752 τὸ
2441 5695 2704 5755 Ἰουδαίων
2735 5696 2903 5763 ἔθνος,
2935 5695 3072 5769 μετὰ
3100 5670 3357 5768 την-κατὰ
3396 5679 3481 5737 τοῦ
3501 5670 3706 5743 Χριστολν

623 5863 874 5917 MAmos
904 5877 978 5929 ιι,
1009 5861 1059 5917 1.
1134 5861 1152 5892 ³
1184 5858 1370 5915 Matth.
1407 5873 1564 5922 χχιιι,
1597 5856 1684 5912 58.
1763 5857 1782 5886 ⁵
1806 5853 1994 5910 Matth.
2027 5869 2099 5920 Iv,
2130 5852 2216 5908 ll.
