  <div class='ocr_page' id='page_1' title='image "/cluster/home/n/w/nwhite01/storage/ocr_20150623/22/hvd.32044020605168/240.png"; bbox 0 0 3894 6528; ppageno 0'>
   <div class='ocr_carea' id='block_1_1' title="bbox 142 426 236 481">
    <p class='ocr_par' dir='ltr' id='par_1_1' title="bbox 142 426 236 481">
     <span class='ocr_line' id='line_1_1' title="bbox 142 426 236 481; baseline 0 0"><span class='ocrx_word' id='word_1_1' title='bbox 142 426 236 481; x_wconf 69' lang='grc' dir='ltr'>ως</span> 
     </span>
    </p>
   </div>
   <div class='ocr_carea' id='block_1_2' title="bbox 1042 418 2501 488">
    <p class='ocr_par' dir='ltr' id='par_1_2' title="bbox 1042 418 2501 488">
     <span class='ocr_line' id='line_1_2' title="bbox 1042 418 2501 488; baseline 0.003 -6"><span class='ocrx_word' id='word_1_2' title='bbox 1042 427 1691 486; x_wconf 74' lang='lat' dir='ltr'><strong>DEMONSTRATIONIS</strong></span> <span class='ocrx_word' id='word_1_3' title='bbox 1732 430 2190 488; x_wconf 60' lang='lat' dir='ltr'><strong>EVANGELICIE</strong></span> <span class='ocrx_word' id='word_1_4' title='bbox 2223 430 2351 488; x_wconf 85' lang='lat' dir='ltr'><strong>LIB.</strong></span> <span class='ocrx_word' id='word_1_5' title='bbox 2397 418 2501 487; x_wconf 64' lang='lat' dir='ltr'><strong>vi;</strong></span> 
     </span>
    </p>
   </div>
   <div class='ocr_carea' id='block_1_3' title="bbox 3262 433 3373 492">
    <p class='ocr_par' dir='ltr' id='par_1_3' title="bbox 3262 433 3373 492">
     <span class='ocr_line' id='line_1_3' title="bbox 3262 433 3373 492; baseline -0.045 0"><span class='ocrx_word' id='word_1_6' title='bbox 3262 433 3373 492; x_wconf 71' lang='grc'><strong>466</strong></span> 
     </span>
    </p>
   </div>
   <div class='ocr_carea' id='block_1_4' title="bbox 140 544 1703 624">
    <p class='ocr_par' dir='ltr' id='par_1_4' title="bbox 140 544 1703 619">
     <span class='ocr_line' id='line_1_4' title="bbox 140 544 1703 619; baseline 0.003 -20"><span class='ocrx_word' id='word_1_7' title='bbox 140 547 349 614; x_wconf 72' lang='grc' dir='ltr'>τόλμαν,</span> <span class='ocrx_word' id='word_1_8' title='bbox 380 545 611 610; x_wconf 80' lang='grc' dir='ltr'>σκότους</span> <span class='ocrx_word' id='word_1_9' title='bbox 636 544 729 600; x_wconf 75' lang='grc' dir='ltr'><strong>καὶ</strong></span> <span class='ocrx_word' id='word_1_10' title='bbox 758 546 931 617; x_wconf 80' lang='grc' dir='ltr'>πάγου</span> <span class='ocrx_word' id='word_1_11' title='bbox 966 547 1062 601; x_wconf 76' lang='grc' dir='ltr'><strong>καὶ</strong></span> <span class='ocrx_word' id='word_1_12' title='bbox 1085 547 1288 617; x_wconf 76' lang='grc' dir='ltr'>ψύχους</span> <span class='ocrx_word' id='word_1_13' title='bbox 1320 550 1703 619; x_wconf 79' lang='grc' dir='ltr'><strong>γεγενημένου,</strong></span> 
     </span>
    </p>
   </div>
   <div class='ocr_carea' id='block_1_5' title="bbox 1806 544 3368 624">
    <p class='ocr_par' dir='ltr' id='par_1_5' title="bbox 1809 549 3368 624">
     <span class='ocr_line' id='line_1_5' title="bbox 1809 549 3368 624; baseline 0.003 -19"><span class='ocrx_word' id='word_1_14' title='bbox 1809 552 1912 605; x_wconf 90' lang='lat' dir='ltr'><strong>erit</strong></span> <span class='ocrx_word' id='word_1_15' title='bbox 1938 567 2046 604; x_wconf 85' lang='lat' dir='ltr'><strong>uno</strong></span> <span class='ocrx_word' id='word_1_16' title='bbox 2087 550 2194 605; x_wconf 89' lang='lat' dir='ltr'><strong>die.</strong></span> <span class='ocrx_word' id='word_1_17' title='bbox 2245 570 2264 601; x_wconf 83' lang='grc'>›</span> <span class='ocrx_word' id='word_1_18' title='bbox 2299 549 2404 605; x_wconf 88' lang='lat' dir='ltr'><strong>Pro</strong></span> <span class='ocrx_word' id='word_1_19' title='bbox 2434 565 2544 620; x_wconf 88' lang='lat' dir='ltr'><strong>quo</strong></span> <span class='ocrx_word' id='word_1_20' title='bbox 2595 549 2953 622; x_wconf 83' lang='lat' dir='ltr'><strong>Symmachus</strong></span> <span class='ocrx_word' id='word_1_21' title='bbox 2982 553 3368 624; x_wconf 67' lang='lat' dir='ltr'><strong>interpretatus</strong></span> 
     </span>
    </p>
   </div>
   <div class='ocr_carea' id='block_1_6' title="bbox 143 634 1706 709">
    <p class='ocr_par' dir='ltr' id='par_1_6' title="bbox 143 634 1706 709">
     <span class='ocr_line' id='line_1_6' title="bbox 143 634 1706 709; baseline 0.001 -18"><span class='ocrx_word' id='word_1_22' title='bbox 143 634 513 706; x_wconf 70' lang='grc' dir='ltr'>σκστισθείσης</span> <span class='ocrx_word' id='word_1_23' title='bbox 544 636 720 690; x_wconf 82' lang='grc' dir='ltr'>αὐτῶν</span> <span class='ocrx_word' id='word_1_24' title='bbox 750 637 851 706; x_wconf 77' lang='grc' dir='ltr'>τῆς</span> <span class='ocrx_word' id='word_1_25' title='bbox 889 637 1121 700; x_wconf 81' lang='grc' dir='ltr'>διανοίας</span> <span class='ocrx_word' id='word_1_26' title='bbox 1153 640 1231 701; x_wconf 85' lang='grc' dir='ltr'>εἰς</span> <span class='ocrx_word' id='word_1_27' title='bbox 1269 638 1328 690; x_wconf 85' lang='grc' dir='ltr'><strong>τὸ</strong></span> <span class='ocrx_word' id='word_1_28' title='bbox 1364 637 1437 709; x_wconf 80' lang='grc' dir='ltr'>μὴ</span> <span class='ocrx_word' id='word_1_29' title='bbox 1470 639 1706 707; x_wconf 80' lang='grc' dir='ltr'><strong>αὐγάσαι</strong></span> 
     </span>
    </p>
   </div>
   <div class='ocr_carea' id='block_1_7' title="bbox 140 729 1705 804">
    <p class='ocr_par' dir='ltr' id='par_1_7' title="bbox 140 729 1705 804">
     <span class='ocr_line' id='line_1_7' title="bbox 140 729 1705 804; baseline 0.002 -21"><span class='ocrx_word' id='word_1_30' title='bbox 140 730 219 783; x_wconf 67' lang='grc' dir='ltr'><strong>νὺν</strong></span> <span class='ocrx_word' id='word_1_31' title='bbox 244 729 534 799; x_wconf 80' lang='grc' dir='ltr'>φωτισμὸν</span> <span class='ocrx_word' id='word_1_32' title='bbox 554 730 645 783; x_wconf 90' lang='grc' dir='ltr'><strong>τοῦ</strong></span> <span class='ocrx_word' id='word_1_33' title='bbox 663 731 990 799; x_wconf 83' lang='grc' dir='ltr'>Εύαγγελίου</span> <span class='ocrx_word' id='word_1_34' title='bbox 1009 734 1066 786; x_wconf 82' lang='grc' dir='ltr'>ὲν</span> <span class='ocrx_word' id='word_1_35' title='bbox 1088 736 1207 795; x_wconf 86' lang='grc' dir='ltr'>ταῖς</span> <span class='ocrx_word' id='word_1_36' title='bbox 1231 733 1479 804; x_wconf 81' lang='grc' dir='ltr'>καρδίαις</span> <span class='ocrx_word' id='word_1_37' title='bbox 1505 733 1705 799; x_wconf 79' lang='grc' dir='ltr'>αὐτῶν,</span> 
     </span>
    </p>
   </div>
   <div class='ocr_carea' id='block_1_8' title="bbox 140 820 1706 896">
    <p class='ocr_par' dir='ltr' id='par_1_8' title="bbox 140 820 1706 896">
     <span class='ocr_line' id='line_1_8' title="bbox 140 820 1706 896; baseline 0.003 -22"><span class='ocrx_word' id='word_1_38' title='bbox 140 820 391 892; x_wconf 73' lang='grc' dir='ltr'>ψυγείσης</span> <span class='ocrx_word' id='word_1_39' title='bbox 428 838 495 875; x_wconf 89' lang='grc' dir='ltr'><strong>τε</strong></span> <span class='ocrx_word' id='word_1_40' title='bbox 524 822 625 892; x_wconf 83' lang='grc' dir='ltr'>τῆς</span> <span class='ocrx_word' id='word_1_41' title='bbox 650 828 786 893; x_wconf 87' lang='grc' dir='ltr'>πρὸς</span> <span class='ocrx_word' id='word_1_42' title='bbox 817 825 908 877; x_wconf 85' lang='grc' dir='ltr'><strong>τὸν</strong></span> <span class='ocrx_word' id='word_1_43' title='bbox 932 824 1063 879; x_wconf 83' lang='grc' dir='ltr'>Θεὸν</span> <span class='ocrx_word' id='word_1_44' title='bbox 1088 826 1325 895; x_wconf 84' lang='grc' dir='ltr'><strong>ἀγάπης.</strong></span> <span class='ocrx_word' id='word_1_45' title='bbox 1351 826 1625 896; x_wconf 85' lang='grc' dir='ltr'>Ἐμπαλιν</span> <span class='ocrx_word' id='word_1_46' title='bbox 1651 826 1706 879; x_wconf 86' lang='grc' dir='ltr'><strong>δὲ</strong></span> 
     </span>
    </p>
   </div>
   <div class='ocr_carea' id='block_1_9' title="bbox 143 913 1705 989">
    <p class='ocr_par' dir='ltr' id='par_1_9' title="bbox 143 913 1705 989">
     <span class='ocr_line' id='line_1_9' title="bbox 143 913 1705 989; baseline 0.003 -24"><span class='ocrx_word' id='word_1_47' title='bbox 143 915 264 985; x_wconf 78' lang='grc' dir='ltr'>πρὸς</span> <span class='ocrx_word' id='word_1_48' title='bbox 294 915 361 982; x_wconf 78' lang='grc' dir='ltr'>τῇ</span> <span class='ocrx_word' id='word_1_49' title='bbox 396 913 615 986; x_wconf 73' lang='grc' dir='ltr'>ἑσπέρᾳ</span> <span class='ocrx_word' id='word_1_50' title='bbox 658 914 721 967; x_wconf 83' lang='grc' dir='ltr'><strong>τὸ</strong></span> <span class='ocrx_word' id='word_1_51' title='bbox 767 915 880 983; x_wconf 82' lang='grc' dir='ltr'>φῶς</span> <span class='ocrx_word' id='word_1_52' title='bbox 918 917 1018 985; x_wconf 85' lang='grc' dir='ltr'><strong>τῆς</strong></span> <span class='ocrx_word' id='word_1_53' title='bbox 1057 916 1307 985; x_wconf 82' lang='grc' dir='ltr'>γνώσεως</span> <span class='ocrx_word' id='word_1_54' title='bbox 1354 917 1446 970; x_wconf 90' lang='grc' dir='ltr'><strong>τοῦ</strong></span> <span class='ocrx_word' id='word_1_55' title='bbox 1471 917 1705 989; x_wconf 79' lang='grc' dir='ltr'>Χριστοῦ</span> 
     </span>
    </p>
   </div>
   <div class='ocr_carea' id='block_1_10' title="bbox 143 1002 1708 1078">
    <p class='ocr_par' dir='ltr' id='par_1_10' title="bbox 143 1002 1708 1078">
     <span class='ocr_line' id='line_1_10' title="bbox 143 1002 1708 1078; baseline 0.002 -21"><span class='ocrx_word' id='word_1_56' title='bbox 143 1002 518 1066; x_wconf 74' lang='grc' dir='ltr'>ἀνατέταλκεν,</span> <span class='ocrx_word' id='word_1_57' title='bbox 567 1005 643 1065; x_wconf 85' lang='grc' dir='ltr'>ὡς</span> <span class='ocrx_word' id='word_1_58' title='bbox 691 1005 816 1069; x_wconf 80' lang='grc' dir='ltr'>τοὺς</span> <span class='ocrx_word' id='word_1_59' title='bbox 860 1006 1023 1060; x_wconf 87' lang='grc' dir='ltr'>πάλαι</span> <span class='ocrx_word' id='word_1_60' title='bbox 1071 1006 1410 1078; x_wconf 70' lang='grc' dir='ltr'>καθημένους</span> <span class='ocrx_word' id='word_1_61' title='bbox 1446 1009 1501 1059; x_wconf 81' lang='grc' dir='ltr'><strong>έν</strong></span> <span class='ocrx_word' id='word_1_62' title='bbox 1530 1008 1708 1060; x_wconf 88' lang='grc' dir='ltr'>σκότει</span> 
     </span>
    </p>
   </div>
   <div class='ocr_carea' id='block_1_11' title="bbox 144 1094 1705 1167">
    <p class='ocr_par' dir='ltr' id='par_1_11' title="bbox 144 1094 1705 1167">
     <span class='ocr_line' id='line_1_11' title="bbox 144 1094 1705 1167; baseline 0.001 -19"><span class='ocrx_word' id='word_1_63' title='bbox 144 1096 225 1148; x_wconf 82' lang='grc' dir='ltr'>καὶ</span> <span class='ocrx_word' id='word_1_64' title='bbox 260 1096 389 1165; x_wconf 75' lang='grc' dir='ltr'>σκιᾷ</span> <span class='ocrx_word' id='word_1_65' title='bbox 444 1094 680 1150; x_wconf 79' lang='grc' dir='ltr'>Θανάτου</span> <span class='ocrx_word' id='word_1_66' title='bbox 717 1096 778 1149; x_wconf 83' lang='grc' dir='ltr'>τὸ</span> <span class='ocrx_word' id='word_1_67' title='bbox 820 1097 961 1167; x_wconf 82' lang='grc' dir='ltr'>μέγα</span> <span class='ocrx_word' id='word_1_68' title='bbox 990 1096 1104 1166; x_wconf 76' lang='grc' dir='ltr'>φῶς</span> <span class='ocrx_word' id='word_1_69' title='bbox 1139 1098 1285 1162; x_wconf 75' lang='grc' dir='ltr'>ἰδεῖν,</span> <span class='ocrx_word' id='word_1_70' title='bbox 1321 1097 1460 1151; x_wconf 80' lang='grc' dir='ltr'>κατὰ</span> <span class='ocrx_word' id='word_1_71' title='bbox 1492 1097 1589 1161; x_wconf 81' lang='grc' dir='ltr'>τὰς</span> <span class='ocrx_word' id='word_1_72' title='bbox 1615 1097 1705 1151; x_wconf 91' lang='grc' dir='ltr'><strong>τοῦ</strong></span> 
     </span>
    </p>
   </div>
   <div class='ocr_carea' id='block_1_12' title="bbox 154 1185 1707 1261">
    <p class='ocr_par' dir='ltr' id='par_1_12' title="bbox 154 1185 1707 1261">
     <span class='ocr_line' id='line_1_12' title="bbox 154 1185 1707 1261; baseline 0.003 -23"><span class='ocrx_word' id='word_1_73' title='bbox 154 1186 357 1239; x_wconf 78' lang='grc' dir='ltr'>Ἡσαΐου</span> <span class='ocrx_word' id='word_1_74' title='bbox 393 1187 589 1256; x_wconf 79' lang='grc' dir='ltr'>φωνάς</span> <span class='ocrx_word' id='word_1_75' title='bbox 613 1204 630 1219; x_wconf 89' lang='grc'><strong>·</strong></span> <span class='ocrx_word' id='word_1_76' title='bbox 660 1206 678 1239; x_wconf 72' lang='grc' dir='ltr'>ς</span> <span class='ocrx_word' id='word_1_77' title='bbox 701 1190 789 1242; x_wconf 81' lang='grc' dir='ltr'>Ἐν</span> <span class='ocrx_word' id='word_1_78' title='bbox 817 1189 952 1261; x_wconf 80' lang='grc' dir='ltr'>αὐτῇ</span> <span class='ocrx_word' id='word_1_79' title='bbox 975 1190 1039 1260; x_wconf 86' lang='grc' dir='ltr'>δὴ</span> <span class='ocrx_word' id='word_1_80' title='bbox 1063 1185 1155 1243; x_wconf 86' lang='grc' dir='ltr'><strong>οῦν</strong></span> <span class='ocrx_word' id='word_1_81' title='bbox 1184 1193 1250 1261; x_wconf 87' lang='grc' dir='ltr'>τῇ</span> <span class='ocrx_word' id='word_1_82' title='bbox 1275 1189 1494 1261; x_wconf 82' lang='grc' dir='ltr'>τοιαύτῃ</span> <span class='ocrx_word' id='word_1_83' title='bbox 1527 1191 1707 1261; x_wconf 73' lang='grc' dir='ltr'>ἡμέρᾳ</span> 
     </span>
    </p>
   </div>
   <div class='ocr_carea' id='block_1_13' title="bbox 141 1276 1709 1351">
    <p class='ocr_par' dir='ltr' id='par_1_13' title="bbox 141 1276 1709 1351">
     <span class='ocr_line' id='line_1_13' title="bbox 141 1276 1709 1351; baseline 0.003 -21"><span class='ocrx_word' id='word_1_84' title='bbox 141 1276 219 1330; x_wconf 82' lang='grc' dir='ltr'><strong>τοῦ</strong></span> <span class='ocrx_word' id='word_1_85' title='bbox 246 1276 480 1348; x_wconf 81' lang='grc' dir='ltr'><strong>Κυρίου,</strong></span> <span class='ocrx_word' id='word_1_86' title='bbox 508 1278 845 1342; x_wconf 80' lang='grc' dir='ltr'>ἐξελεύσεται</span> <span class='ocrx_word' id='word_1_87' title='bbox 865 1322 879 1345; x_wconf 88' lang='grc'><strong>,</strong></span> <span class='ocrx_word' id='word_1_88' title='bbox 904 1300 921 1332; x_wconf 75' lang='grc' dir='ltr'><strong>ι</strong></span> <span class='ocrx_word' id='word_1_89' title='bbox 948 1282 1133 1351; x_wconf 75' lang='grc' dir='ltr'>φησὶν,</span> <span class='ocrx_word' id='word_1_90' title='bbox 1168 1300 1185 1333; x_wconf 76' lang='grc' dir='ltr'><strong>ί</strong></span> <span class='ocrx_word' id='word_1_91' title='bbox 1218 1281 1360 1351; x_wconf 80' lang='grc' dir='ltr'>ὕδωρ</span> <span class='ocrx_word' id='word_1_92' title='bbox 1385 1281 1491 1347; x_wconf 76' lang='grc' dir='ltr'>ζῶν</span> <span class='ocrx_word' id='word_1_93' title='bbox 1522 1281 1583 1345; x_wconf 79' lang='grc' dir='ltr'>ἐξ</span> <span class='ocrx_word' id='word_1_94' title='bbox 1615 1284 1709 1335; x_wconf 86' lang='grc' dir='ltr'><strong>Ἱε-</strong></span> 
     </span>
    </p>
   </div>
   <div class='ocr_carea' id='block_1_14' title="bbox 142 1368 1707 1447">
    <p class='ocr_par' dir='ltr' id='par_1_14' title="bbox 142 1368 1707 1447">
     <span class='ocr_line' id='line_1_14' title="bbox 142 1368 1707 1447; baseline 0.004 -29"><span class='ocrx_word' id='word_1_95' title='bbox 142 1368 428 1439; x_wconf 80' lang='grc' dir='ltr'>ρουσαλὴμ.</span> <span class='ocrx_word' id='word_1_96' title='bbox 455 1370 658 1422; x_wconf 75' lang='grc' dir='ltr'>»Τοῦτο</span> <span class='ocrx_word' id='word_1_97' title='bbox 683 1371 737 1423; x_wconf 85' lang='grc' dir='ltr'>δὲ</span> <span class='ocrx_word' id='word_1_98' title='bbox 764 1368 830 1447; x_wconf 82' lang='grc' dir='ltr'>ἦν</span> <span class='ocrx_word' id='word_1_99' title='bbox 853 1372 913 1425; x_wconf 85' lang='grc' dir='ltr'><strong>τὸ</strong></span> <span class='ocrx_word' id='word_1_100' title='bbox 940 1372 1150 1441; x_wconf 76' lang='grc' dir='ltr'>λογικὸν</span> <span class='ocrx_word' id='word_1_101' title='bbox 1166 1374 1258 1425; x_wconf 73' lang='grc' dir='ltr'><strong>καὶ</strong></span> <span class='ocrx_word' id='word_1_102' title='bbox 1275 1373 1521 1443; x_wconf 84' lang='grc' dir='ltr'>πότιμον,</span> <span class='ocrx_word' id='word_1_103' title='bbox 1548 1372 1707 1436; x_wconf 80' lang='grc' dir='ltr'>ζωτι-</span> 
     </span>
    </p>
   </div>
   <div class='ocr_carea' id='block_1_15' title="bbox 143 1460 1709 1537">
    <p class='ocr_par' dir='ltr' id='par_1_15' title="bbox 143 1460 1709 1537">
     <span class='ocr_line' id='line_1_15' title="bbox 143 1460 1709 1537; baseline 0.004 -26"><span class='ocrx_word' id='word_1_104' title='bbox 143 1461 220 1512; x_wconf 81' lang='grc' dir='ltr'><strong>κόν</strong></span> <span class='ocrx_word' id='word_1_105' title='bbox 250 1476 304 1512; x_wconf 88' lang='grc' dir='ltr'><strong>τε</strong></span> <span class='ocrx_word' id='word_1_106' title='bbox 340 1460 440 1517; x_wconf 66' lang='grc' dir='ltr'>καὶ</span> <span class='ocrx_word' id='word_1_107' title='bbox 496 1463 763 1533; x_wconf 77' lang='grc' dir='ltr'>σωτήριον</span> <span class='ocrx_word' id='word_1_108' title='bbox 815 1464 913 1534; x_wconf 79' lang='grc' dir='ltr'>τῆς</span> <span class='ocrx_word' id='word_1_109' title='bbox 958 1463 1051 1517; x_wconf 91' lang='grc' dir='ltr'><strong>τοῦ</strong></span> <span class='ocrx_word' id='word_1_110' title='bbox 1092 1464 1325 1537; x_wconf 76' lang='grc' dir='ltr'>Χριστοῦ</span> <span class='ocrx_word' id='word_1_111' title='bbox 1364 1465 1709 1530; x_wconf 83' lang='grc' dir='ltr'>διδασκαλίας</span> 
     </span>
    </p>
   </div>
   <div class='ocr_carea' id='block_1_16' title="bbox 142 1545 1708 1627">
    <p class='ocr_par' dir='ltr' id='par_1_16' title="bbox 142 1545 1708 1627">
     <span class='ocr_line' id='line_1_16' title="bbox 142 1545 1708 1627; baseline 0.003 -23"><span class='ocrx_word' id='word_1_112' title='bbox 142 1551 300 1615; x_wconf 77' lang='grc' dir='ltr'>ποτὸν,</span> <span class='ocrx_word' id='word_1_113' title='bbox 328 1553 464 1625; x_wconf 77' lang='grc' dir='ltr'>περὶ</span> <span class='ocrx_word' id='word_1_114' title='bbox 491 1545 554 1604; x_wconf 81' lang='grc' dir='ltr'><strong>οῦ</strong></span> <span class='ocrx_word' id='word_1_115' title='bbox 582 1554 675 1605; x_wconf 73' lang='grc' dir='ltr'><strong>καὶ</strong></span> <span class='ocrx_word' id='word_1_116' title='bbox 705 1554 865 1617; x_wconf 79' lang='grc' dir='ltr'>αὐτὸς</span> <span class='ocrx_word' id='word_1_117' title='bbox 897 1555 954 1607; x_wconf 82' lang='grc' dir='ltr'>ὲν</span> <span class='ocrx_word' id='word_1_118' title='bbox 981 1554 1058 1625; x_wconf 83' lang='grc' dir='ltr'>τῷ</span> <span class='ocrx_word' id='word_1_119' title='bbox 1090 1555 1229 1609; x_wconf 84' lang='grc' dir='ltr'>κατὰ</span> <span class='ocrx_word' id='word_1_120' title='bbox 1257 1555 1708 1627; x_wconf 65' lang='grc' dir='ltr'>ἸωάννηνἙύαγδ</span> 
     </span>
    </p>
   </div>
   <div class='ocr_carea' id='block_1_17' title="bbox 145 1642 1709 1719">
    <p class='ocr_par' dir='ltr' id='par_1_17' title="bbox 145 1642 1709 1719">
     <span class='ocr_line' id='line_1_17' title="bbox 145 1642 1709 1719; baseline 0.004 -25"><span class='ocrx_word' id='word_1_121' title='bbox 145 1643 287 1712; x_wconf 80' lang='grc' dir='ltr'>γελίῳ</span> <span class='ocrx_word' id='word_1_122' title='bbox 328 1643 435 1713; x_wconf 78' lang='grc' dir='ltr'>τὴν</span> <span class='ocrx_word' id='word_1_123' title='bbox 472 1642 807 1715; x_wconf 83' lang='grc' dir='ltr'>Σαμαρεῖτιν</span> <span class='ocrx_word' id='word_1_124' title='bbox 848 1646 1114 1699; x_wconf 84' lang='grc' dir='ltr'>παιδεύων</span> <span class='ocrx_word' id='word_1_125' title='bbox 1153 1647 1366 1717; x_wconf 77' lang='grc' dir='ltr'>ἔλεγεν·</span> <span class='ocrx_word' id='word_1_126' title='bbox 1415 1666 1432 1699; x_wconf 76' lang='grc' dir='ltr'><strong>ι</strong></span> <span class='ocrx_word' id='word_1_127' title='bbox 1467 1648 1528 1700; x_wconf 69' lang='lat' dir='ltr'><strong>Et</strong></span> <span class='ocrx_word' id='word_1_128' title='bbox 1563 1647 1709 1719; x_wconf 78' lang='grc' dir='ltr'>ᾔδεις</span> 
     </span>
    </p>
   </div>
   <div class='ocr_carea' id='block_1_18' title="bbox 143 1735 1709 1811">
    <p class='ocr_par' dir='ltr' id='par_1_18' title="bbox 143 1735 1709 1811">
     <span class='ocr_line' id='line_1_18' title="bbox 143 1735 1709 1811; baseline 0.003 -23"><span class='ocrx_word' id='word_1_129' title='bbox 143 1737 211 1799; x_wconf 59' lang='lat' dir='ltr'><strong>si;</strong></span> <span class='ocrx_word' id='word_1_130' title='bbox 234 1738 377 1788; x_wconf 80' lang='grc' dir='ltr'>ἐστιν</span> <span class='ocrx_word' id='word_1_131' title='bbox 412 1736 443 1787; x_wconf 88' lang='grc' dir='ltr'>ὁ</span> <span class='ocrx_word' id='word_1_132' title='bbox 480 1735 658 1803; x_wconf 63' lang='grc' dir='ltr'>λέγων</span> <span class='ocrx_word' id='word_1_133' title='bbox 689 1753 797 1789; x_wconf 90' lang='grc' dir='ltr'>σοι·</span> <span class='ocrx_word' id='word_1_134' title='bbox 866 1737 965 1800; x_wconf 90' lang='grc' dir='ltr'>Δός</span> <span class='ocrx_word' id='word_1_135' title='bbox 996 1754 1086 1808; x_wconf 86' lang='grc' dir='ltr'><strong>μοι</strong></span> <span class='ocrx_word' id='word_1_136' title='bbox 1114 1740 1276 1801; x_wconf 86' lang='grc' dir='ltr'>πιεῖν,</span> <span class='ocrx_word' id='word_1_137' title='bbox 1310 1740 1372 1792; x_wconf 85' lang='grc' dir='ltr'><strong>σὺ</strong></span> <span class='ocrx_word' id='word_1_138' title='bbox 1402 1739 1466 1792; x_wconf 88' lang='grc' dir='ltr'>ἂν</span> <span class='ocrx_word' id='word_1_139' title='bbox 1499 1740 1709 1811; x_wconf 77' lang='grc' dir='ltr'>ᾔτησας</span> 
     </span>
    </p>
   </div>
   <div class='ocr_carea' id='block_1_19' title="bbox 146 1825 1708 1902">
    <p class='ocr_par' dir='ltr' id='par_1_19' title="bbox 146 1825 1708 1902">
     <span class='ocr_line' id='line_1_19' title="bbox 146 1825 1708 1902; baseline 0.004 -23"><span class='ocrx_word' id='word_1_140' title='bbox 146 1825 305 1890; x_wconf 70' lang='grc' dir='ltr'>αὐτὸν,</span> <span class='ocrx_word' id='word_1_141' title='bbox 330 1827 427 1879; x_wconf 66' lang='grc' dir='ltr'><strong>καὶ</strong></span> <span class='ocrx_word' id='word_1_142' title='bbox 458 1827 662 1881; x_wconf 80' lang='grc' dir='ltr'>ἔδωκεν</span> <span class='ocrx_word' id='word_1_143' title='bbox 696 1830 760 1883; x_wconf 86' lang='grc' dir='ltr'>ἄν</span> <span class='ocrx_word' id='word_1_144' title='bbox 793 1845 874 1881; x_wconf 90' lang='grc' dir='ltr'><strong>σοι</strong></span> <span class='ocrx_word' id='word_1_145' title='bbox 904 1828 1047 1902; x_wconf 77' lang='grc' dir='ltr'>ὕδωρ</span> <span class='ocrx_word' id='word_1_146' title='bbox 1078 1830 1240 1894; x_wconf 75' lang='grc' dir='ltr'><strong>ζῶν.)</strong></span> <span class='ocrx_word' id='word_1_147' title='bbox 1274 1832 1413 1886; x_wconf 81' lang='grc' dir='ltr'>Αὐτὸ</span> <span class='ocrx_word' id='word_1_148' title='bbox 1437 1828 1528 1885; x_wconf 81' lang='grc' dir='ltr'><strong>οῦν</strong></span> <span class='ocrx_word' id='word_1_149' title='bbox 1551 1832 1708 1886; x_wconf 91' lang='grc' dir='ltr'>τοῦτο</span> 
     </span>
    </p>
   </div>
   <div class='ocr_carea' id='block_1_20' title="bbox 1811 639 3369 716">
    <p class='ocr_par' dir='ltr' id='par_1_20' title="bbox 1811 639 3369 716">
     <span class='ocr_line' id='line_1_20' title="bbox 1811 639 3369 716; baseline 0 -20"><span class='ocrx_word' id='word_1_150' title='bbox 1811 648 1894 696; x_wconf 83' lang='lat' dir='ltr'><strong>est</strong></span> <span class='ocrx_word' id='word_1_151' title='bbox 1931 658 1943 695; x_wconf 92' lang='lat'><strong>:</strong></span> <span class='ocrx_word' id='word_1_152' title='bbox 1988 659 2005 691; x_wconf 71' lang='grc' dir='ltr'><strong>ε</strong></span> <span class='ocrx_word' id='word_1_153' title='bbox 2046 639 2111 694; x_wconf 88' lang='lat' dir='ltr'><strong>Et</strong></span> <span class='ocrx_word' id='word_1_154' title='bbox 2145 641 2201 694; x_wconf 91' lang='lat' dir='ltr'><strong>in</strong></span> <span class='ocrx_word' id='word_1_155' title='bbox 2230 641 2317 695; x_wconf 91' lang='lat' dir='ltr'><strong>die</strong></span> <span class='ocrx_word' id='word_1_156' title='bbox 2338 641 2426 694; x_wconf 89' lang='lat' dir='ltr'><strong>illa</strong></span> <span class='ocrx_word' id='word_1_157' title='bbox 2454 657 2560 695; x_wconf 90' lang='lat' dir='ltr'><strong>non</strong></span> <span class='ocrx_word' id='word_1_158' title='bbox 2585 643 2687 697; x_wconf 91' lang='lat' dir='ltr'><strong>erit</strong></span> <span class='ocrx_word' id='word_1_159' title='bbox 2710 643 2821 708; x_wconf 82' lang='lat' dir='ltr'><strong>lux,</strong></span> <span class='ocrx_word' id='word_1_160' title='bbox 2855 643 2949 698; x_wconf 88' lang='lat' dir='ltr'><strong>sed</strong></span> <span class='ocrx_word' id='word_1_161' title='bbox 2974 644 3145 716; x_wconf 79' lang='lat' dir='ltr'><strong>frigus</strong></span> <span class='ocrx_word' id='word_1_162' title='bbox 3173 653 3225 699; x_wconf 89' lang='lat' dir='ltr'><strong>et</strong></span> <span class='ocrx_word' id='word_1_163' title='bbox 3257 645 3369 714; x_wconf 78' lang='lat' dir='ltr'><strong>gla-</strong></span> 
     </span>
    </p>
   </div>
   <div class='ocr_carea' id='block_1_21' title="bbox 1807 732 3368 804">
    <p class='ocr_par' dir='ltr' id='par_1_21' title="bbox 1807 732 3368 804">
     <span class='ocr_line' id='line_1_21' title="bbox 1807 732 3368 804; baseline 0.002 -16"><span class='ocrx_word' id='word_1_164' title='bbox 1807 734 1918 789; x_wconf 89' lang='lat' dir='ltr'><strong>cies</strong></span> <span class='ocrx_word' id='word_1_165' title='bbox 1949 734 2052 788; x_wconf 88' lang='lat' dir='ltr'><strong>erit</strong></span> <span class='ocrx_word' id='word_1_166' title='bbox 2081 747 2188 786; x_wconf 91' lang='lat' dir='ltr'><strong>uno</strong></span> <span class='ocrx_word' id='word_1_167' title='bbox 2209 732 2314 796; x_wconf 89' lang='lat' dir='ltr'><strong>die,</strong></span> <span class='ocrx_word' id='word_1_168' title='bbox 2348 733 2440 803; x_wconf 89' lang='lat' dir='ltr'><strong>qui</strong></span> <span class='ocrx_word' id='word_1_169' title='bbox 2461 734 2710 804; x_wconf 85' lang='lat' dir='ltr'><strong>cognitus</strong></span> <span class='ocrx_word' id='word_1_170' title='bbox 2736 742 2821 790; x_wconf 89' lang='lat' dir='ltr'><strong>est</strong></span> <span class='ocrx_word' id='word_1_171' title='bbox 2845 734 3094 800; x_wconf 84' lang='lat' dir='ltr'><strong>Domino,</strong></span> <span class='ocrx_word' id='word_1_172' title='bbox 3121 753 3228 792; x_wconf 92' lang='lat' dir='ltr'><strong>non</strong></span> <span class='ocrx_word' id='word_1_173' title='bbox 3250 738 3368 792; x_wconf 84' lang='lat' dir='ltr'><strong>dies</strong></span> 
     </span>
    </p>
   </div>
   <div class='ocr_carea' id='block_1_22' title="bbox 1808 823 3370 894">
    <p class='ocr_par' dir='ltr' id='par_1_22' title="bbox 1808 823 3370 894">
     <span class='ocr_line' id='line_1_22' title="bbox 1808 823 3370 894; baseline 0.001 -17"><span class='ocrx_word' id='word_1_174' title='bbox 1808 839 1983 894; x_wconf 90' lang='lat' dir='ltr'><strong>neque</strong></span> <span class='ocrx_word' id='word_1_175' title='bbox 2018 838 2146 888; x_wconf 78' lang='lat' dir='ltr'><strong>nox,</strong></span> <span class='ocrx_word' id='word_1_176' title='bbox 2182 823 2274 879; x_wconf 87' lang='lat' dir='ltr'><strong>sed</strong></span> <span class='ocrx_word' id='word_1_177' title='bbox 2303 823 2406 877; x_wconf 90' lang='lat' dir='ltr'><strong>erit</strong></span> <span class='ocrx_word' id='word_1_178' title='bbox 2441 823 2506 877; x_wconf 89' lang='lat' dir='ltr'><strong>ad</strong></span> <span class='ocrx_word' id='word_1_179' title='bbox 2537 840 2819 894; x_wconf 87' lang='lat' dir='ltr'><strong>vesperam</strong></span> <span class='ocrx_word' id='word_1_180' title='bbox 2851 826 2962 879; x_wconf 84' lang='lat' dir='ltr'><strong>lux.</strong></span> <span class='ocrx_word' id='word_1_181' title='bbox 2993 845 3011 879; x_wconf 74' lang='grc' dir='ltr'><strong>ι</strong></span> <span class='ocrx_word' id='word_1_182' title='bbox 3041 826 3106 880; x_wconf 85' lang='lat' dir='ltr'><strong>Et</strong></span> <span class='ocrx_word' id='word_1_183' title='bbox 3144 843 3273 883; x_wconf 89' lang='lat' dir='ltr'><strong>sane</strong></span> <span class='ocrx_word' id='word_1_184' title='bbox 3296 828 3370 879; x_wconf 89' lang='lat' dir='ltr'><strong>vi-</strong></span> 
     </span>
    </p>
   </div>
   <div class='ocr_carea' id='block_1_23' title="bbox 1807 915 3366 986">
    <p class='ocr_par' dir='ltr' id='par_1_23' title="bbox 1807 915 3366 986">
     <span class='ocr_line' id='line_1_23' title="bbox 1807 915 3366 986; baseline 0.001 -18"><span class='ocrx_word' id='word_1_185' title='bbox 1807 916 1903 970; x_wconf 87' lang='lat' dir='ltr'><strong>des</strong></span> <span class='ocrx_word' id='word_1_186' title='bbox 1932 915 2383 986; x_wconf 85' lang='lat' dir='ltr'><strong>quemadmodum</strong></span> <span class='ocrx_word' id='word_1_187' title='bbox 2417 916 2471 968; x_wconf 91' lang='lat' dir='ltr'><strong>in</strong></span> <span class='ocrx_word' id='word_1_188' title='bbox 2521 916 2605 969; x_wconf 89' lang='lat' dir='ltr'><strong>his</strong></span> <span class='ocrx_word' id='word_1_189' title='bbox 2636 917 2816 970; x_wconf 79' lang='lat' dir='ltr'><strong>verbis</strong></span> <span class='ocrx_word' id='word_1_190' title='bbox 2848 917 3166 986; x_wconf 83' lang='lat' dir='ltr'><strong>planissime</strong></span> <span class='ocrx_word' id='word_1_191' title='bbox 3198 918 3366 979; x_wconf 84' lang='lat' dir='ltr'><strong>diem,</strong></span> 
     </span>
    </p>
   </div>
   <div class='ocr_carea' id='block_1_24' title="bbox 1808 1006 3370 1080">
    <p class='ocr_par' dir='ltr' id='par_1_24' title="bbox 1808 1006 3370 1080">
     <span class='ocr_line' id='line_1_24' title="bbox 1808 1006 3370 1080; baseline 0.003 -23"><span class='ocrx_word' id='word_1_192' title='bbox 1808 1023 1916 1077; x_wconf 86' lang='lat' dir='ltr'><strong>quo</strong></span> <span class='ocrx_word' id='word_1_193' title='bbox 1948 1006 2195 1062; x_wconf 76' lang='lat' dir='ltr'><strong>Salvator</strong></span> <span class='ocrx_word' id='word_1_194' title='bbox 2218 1014 2405 1061; x_wconf 89' lang='lat' dir='ltr'><strong>noster</strong></span> <span class='ocrx_word' id='word_1_195' title='bbox 2430 1008 2695 1077; x_wconf 90' lang='lat' dir='ltr'><strong>supplicio</strong></span> <span class='ocrx_word' id='word_1_196' title='bbox 2735 1016 2818 1062; x_wconf 87' lang='lat' dir='ltr'><strong>est</strong></span> <span class='ocrx_word' id='word_1_197' title='bbox 2860 1008 3106 1076; x_wconf 68' lang='lat' dir='ltr'><strong>atrectus,</strong></span> <span class='ocrx_word' id='word_1_198' title='bbox 3168 1010 3370 1080; x_wconf 77' lang='lat' dir='ltr'><strong>signiti-</strong></span> 
     </span>
    </p>
   </div>
   <div class='ocr_carea' id='block_1_25' title="bbox 1808 1086 3371 1168">
    <p class='ocr_par' dir='ltr' id='par_1_25' title="bbox 1808 1086 3371 1168">
     <span class='ocr_line' id='line_1_25' title="bbox 1808 1086 3371 1168; baseline 0.001 -17"><span class='ocrx_word' id='word_1_199' title='bbox 1808 1106 1912 1161; x_wconf 91' lang='lat' dir='ltr'><strong>cet,</strong></span> <span class='ocrx_word' id='word_1_200' title='bbox 1948 1098 2002 1151; x_wconf 90' lang='lat' dir='ltr'><strong>in</strong></span> <span class='ocrx_word' id='word_1_201' title='bbox 2029 1114 2135 1168; x_wconf 89' lang='lat' dir='ltr'><strong>quo</strong></span> <span class='ocrx_word' id='word_1_202' title='bbox 2158 1097 2245 1151; x_wconf 85' lang='lat' dir='ltr'><strong>die</strong></span> <span class='ocrx_word' id='word_1_203' title='bbox 2277 1097 2405 1151; x_wconf 91' lang='lat' dir='ltr'><strong>illud</strong></span> <span class='ocrx_word' id='word_1_204' title='bbox 2430 1097 2671 1166; x_wconf 76' lang='lat' dir='ltr'><strong>quidem,</strong></span> <span class='ocrx_word' id='word_1_205' title='bbox 2696 1117 2713 1150; x_wconf 87' lang='grc'><strong>‹</strong></span> <span class='ocrx_word' id='word_1_206' title='bbox 2742 1097 2859 1151; x_wconf 89' lang='lat' dir='ltr'><strong>Non</strong></span> <span class='ocrx_word' id='word_1_207' title='bbox 2884 1099 2985 1152; x_wconf 89' lang='lat' dir='ltr'><strong>erit</strong></span> <span class='ocrx_word' id='word_1_208' title='bbox 3016 1086 3127 1163; x_wconf 73' lang='lat' dir='ltr'><strong>lux,</strong></span> <span class='ocrx_word' id='word_1_209' title='bbox 3167 1120 3185 1151; x_wconf 77' lang='grc' dir='ltr'><strong><em>ι</em></strong></span> <span class='ocrx_word' id='word_1_210' title='bbox 3217 1115 3371 1153; x_wconf 89' lang='lat' dir='ltr'><strong>com-</strong></span> 
     </span>
    </p>
   </div>
   <div class='ocr_carea' id='block_1_26' title="bbox 1810 1190 3368 1259">
    <p class='ocr_par' dir='ltr' id='par_1_26' title="bbox 1810 1190 3368 1259">
     <span class='ocr_line' id='line_1_26' title="bbox 1810 1190 3368 1259; baseline 0.002 -17"><span class='ocrx_word' id='word_1_211' title='bbox 1810 1191 2012 1259; x_wconf 89' lang='lat' dir='ltr'><strong>pletum</strong></span> <span class='ocrx_word' id='word_1_212' title='bbox 2068 1197 2170 1253; x_wconf 90' lang='lat' dir='ltr'><strong>est,</strong></span> <span class='ocrx_word' id='word_1_213' title='bbox 2218 1190 2434 1259; x_wconf 84' lang='lat' dir='ltr'><strong>quando</strong></span> <span class='ocrx_word' id='word_1_214' title='bbox 2482 1205 2513 1242; x_wconf 89' lang='lat' dir='ltr'><strong>a</strong></span> <span class='ocrx_word' id='word_1_215' title='bbox 2565 1196 2716 1243; x_wconf 81' lang='lat' dir='ltr'><strong>sexta</strong></span> <span class='ocrx_word' id='word_1_216' title='bbox 2759 1190 2893 1243; x_wconf 90' lang='lat' dir='ltr'><strong>hora</strong></span> <span class='ocrx_word' id='word_1_217' title='bbox 2943 1190 3180 1245; x_wconf 72' lang='lat' dir='ltr'><strong>tenebrte</strong></span> <span class='ocrx_word' id='word_1_218' title='bbox 3214 1190 3368 1245; x_wconf 62' lang='lat' dir='ltr'><strong>facta:</strong></span> 
     </span>
    </p>
   </div>
   <div class='ocr_carea' id='block_1_27' title="bbox 1809 1278 3365 1348">
    <p class='ocr_par' dir='ltr' id='par_1_27' title="bbox 1809 1278 3365 1348">
     <span class='ocr_line' id='line_1_27' title="bbox 1809 1278 3365 1348; baseline 0 -14"><span class='ocrx_word' id='word_1_219' title='bbox 1809 1287 1935 1334; x_wconf 88' lang='lat' dir='ltr'><strong>sunt</strong></span> <span class='ocrx_word' id='word_1_220' title='bbox 1958 1279 2010 1333; x_wconf 86' lang='lat' dir='ltr'><strong>in</strong></span> <span class='ocrx_word' id='word_1_221' title='bbox 2038 1280 2345 1334; x_wconf 83' lang='lat' dir='ltr'><strong>universam</strong></span> <span class='ocrx_word' id='word_1_222' title='bbox 2374 1285 2592 1343; x_wconf 90' lang='lat' dir='ltr'><strong>terram,</strong></span> <span class='ocrx_word' id='word_1_223' title='bbox 2627 1293 2798 1348; x_wconf 86' lang='lat' dir='ltr'><strong>usque</strong></span> <span class='ocrx_word' id='word_1_224' title='bbox 2829 1279 2893 1332; x_wconf 89' lang='lat' dir='ltr'><strong>ad</strong></span> <span class='ocrx_word' id='word_1_225' title='bbox 2926 1278 3113 1333; x_wconf 88' lang='lat' dir='ltr'><strong>horam</strong></span> <span class='ocrx_word' id='word_1_226' title='bbox 3144 1296 3365 1335; x_wconf 88' lang='lat' dir='ltr'><strong>nouam.</strong></span> 
     </span>
    </p>
   </div>
   <div class='ocr_carea' id='block_1_28' title="bbox 1808 1364 3370 1439">
    <p class='ocr_par' dir='ltr' id='par_1_28' title="bbox 1808 1364 3370 1439">
     <span class='ocr_line' id='line_1_28' title="bbox 1808 1364 3370 1439; baseline 0.002 -19"><span class='ocrx_word' id='word_1_227' title='bbox 1808 1366 1943 1421; x_wconf 85' lang='lat' dir='ltr'><strong>Illud</strong></span> <span class='ocrx_word' id='word_1_228' title='bbox 1975 1376 2196 1423; x_wconf 88' lang='lat' dir='ltr'><strong>autem:</strong></span> <span class='ocrx_word' id='word_1_229' title='bbox 2235 1385 2253 1417; x_wconf 73' lang='grc' dir='ltr'><strong>ι</strong></span> <span class='ocrx_word' id='word_1_230' title='bbox 2296 1364 2400 1421; x_wconf 86' lang='lat' dir='ltr'><strong>Sed</strong></span> <span class='ocrx_word' id='word_1_231' title='bbox 2450 1366 2621 1437; x_wconf 81' lang='lat' dir='ltr'><strong>frigus</strong></span> <span class='ocrx_word' id='word_1_232' title='bbox 2665 1374 2717 1419; x_wconf 89' lang='lat' dir='ltr'><strong>et</strong></span> <span class='ocrx_word' id='word_1_233' title='bbox 2759 1366 2981 1436; x_wconf 84' lang='lat' dir='ltr'><strong>glacies,</strong></span> <span class='ocrx_word' id='word_1_234' title='bbox 3033 1388 3051 1421; x_wconf 73' lang='grc' dir='ltr'><strong>ι</strong></span> <span class='ocrx_word' id='word_1_235' title='bbox 3091 1385 3197 1439; x_wconf 86' lang='lat' dir='ltr'><strong>quo</strong></span> <span class='ocrx_word' id='word_1_236' title='bbox 3228 1377 3370 1423; x_wconf 90' lang='lat' dir='ltr'><strong>tem-</strong></span> 
     </span>
    </p>
   </div>
   <div class='ocr_carea' id='block_1_29' title="bbox 1808 1457 3365 1529">
    <p class='ocr_par' dir='ltr' id='par_1_29' title="bbox 1808 1457 3365 1529">
     <span class='ocr_line' id='line_1_29' title="bbox 1808 1457 3365 1529; baseline -0.001 -17"><span class='ocrx_word' id='word_1_237' title='bbox 1808 1474 1959 1529; x_wconf 89' lang='lat' dir='ltr'><strong>pore,</strong></span> <span class='ocrx_word' id='word_1_238' title='bbox 2003 1468 2061 1512; x_wconf 89' lang='lat' dir='ltr'><strong>ut</strong></span> <span class='ocrx_word' id='word_1_239' title='bbox 2096 1458 2271 1512; x_wconf 88' lang='lat' dir='ltr'><strong>Lucas</strong></span> <span class='ocrx_word' id='word_1_240' title='bbox 2302 1457 2576 1523; x_wconf 74' lang='lat' dir='ltr'><strong>scribit“,</strong></span> <span class='ocrx_word' id='word_1_241' title='bbox 2611 1458 3123 1526; x_wconf 83' lang='lat' dir='ltr'><strong>comprehendentes</strong></span> <span class='ocrx_word' id='word_1_242' title='bbox 3158 1458 3365 1524; x_wconf 82' lang='lat' dir='ltr'><strong>Jesum,</strong></span> 
     </span>
    </p>
   </div>
   <div class='ocr_carea' id='block_1_30' title="bbox 1808 1549 3368 1619">
    <p class='ocr_par' dir='ltr' id='par_1_30' title="bbox 1808 1549 3368 1619">
     <span class='ocr_line' id='line_1_30' title="bbox 1808 1549 3368 1619; baseline 0.002 -15"><span class='ocrx_word' id='word_1_243' title='bbox 1808 1549 2084 1604; x_wconf 80' lang='lat' dir='ltr'><strong>duxerunt</strong></span> <span class='ocrx_word' id='word_1_244' title='bbox 2114 1549 2179 1603; x_wconf 92' lang='lat' dir='ltr'><strong>ad</strong></span> <span class='ocrx_word' id='word_1_245' title='bbox 2212 1549 2430 1603; x_wconf 90' lang='lat' dir='ltr'><strong>domum</strong></span> <span class='ocrx_word' id='word_1_246' title='bbox 2467 1549 2728 1619; x_wconf 81' lang='lat' dir='ltr'><strong>principis</strong></span> <span class='ocrx_word' id='word_1_247' title='bbox 2773 1549 3139 1603; x_wconf 76' lang='lat' dir='ltr'><strong>sacerdotum.</strong></span> <span class='ocrx_word' id='word_1_248' title='bbox 3174 1550 3368 1607; x_wconf 84' lang='lat' dir='ltr'><strong>Petrus</strong></span> 
     </span>
    </p>
   </div>
   <div class='ocr_carea' id='block_1_31' title="bbox 1808 1641 3370 1712">
    <p class='ocr_par' dir='ltr' id='par_1_31' title="bbox 1808 1641 3370 1712">
     <span class='ocr_line' id='line_1_31' title="bbox 1808 1641 3370 1712; baseline 0.002 -18"><span class='ocrx_word' id='word_1_249' title='bbox 1808 1650 1990 1696; x_wconf 87' lang='lat' dir='ltr'><strong>autem</strong></span> <span class='ocrx_word' id='word_1_250' title='bbox 2013 1642 2338 1712; x_wconf 85' lang='lat' dir='ltr'><strong>sequebatur</strong></span> <span class='ocrx_word' id='word_1_251' title='bbox 2359 1656 2480 1695; x_wconf 88' lang='lat' dir='ltr'><strong>eum</strong></span> <span class='ocrx_word' id='word_1_252' title='bbox 2508 1656 2536 1693; x_wconf 90' lang='lat' dir='ltr'><strong>a</strong></span> <span class='ocrx_word' id='word_1_253' title='bbox 2562 1641 2719 1710; x_wconf 84' lang='lat' dir='ltr'><strong>longe</strong></span> <span class='ocrx_word' id='word_1_254' title='bbox 2748 1660 2759 1694; x_wconf 88' lang='lat'><strong>:</strong></span> <span class='ocrx_word' id='word_1_255' title='bbox 2787 1655 3018 1697; x_wconf 90' lang='lat' dir='ltr'><strong>accenso</strong></span> <span class='ocrx_word' id='word_1_256' title='bbox 3040 1649 3218 1697; x_wconf 88' lang='lat' dir='ltr'><strong>autem</strong></span> <span class='ocrx_word' id='word_1_257' title='bbox 3248 1645 3370 1712; x_wconf 84' lang='lat' dir='ltr'><strong>igne</strong></span> 
     </span>
    </p>
   </div>
   <div class='ocr_carea' id='block_1_32' title="bbox 1808 1733 3367 1805">
    <p class='ocr_par' dir='ltr' id='par_1_32' title="bbox 1808 1733 3367 1805">
     <span class='ocr_line' id='line_1_32' title="bbox 1808 1733 3367 1805; baseline 0.002 -19"><span class='ocrx_word' id='word_1_258' title='bbox 1808 1733 1862 1786; x_wconf 89' lang='lat' dir='ltr'><strong>in</strong></span> <span class='ocrx_word' id='word_1_259' title='bbox 1888 1734 2062 1787; x_wconf 89' lang='lat' dir='ltr'><strong>medio</strong></span> <span class='ocrx_word' id='word_1_260' title='bbox 2078 1734 2222 1795; x_wconf 87' lang='lat' dir='ltr'><strong>atrii,</strong></span> <span class='ocrx_word' id='word_1_261' title='bbox 2244 1733 2485 1797; x_wconf 86' lang='lat' dir='ltr'><strong>sedebat,</strong></span> <span class='ocrx_word' id='word_1_262' title='bbox 2510 1742 2567 1786; x_wconf 90' lang='lat' dir='ltr'><strong>ut</strong></span> <span class='ocrx_word' id='word_1_263' title='bbox 2590 1735 2663 1786; x_wconf 87' lang='lat' dir='ltr'><strong>ait</strong></span> <span class='ocrx_word' id='word_1_264' title='bbox 2687 1734 2945 1798; x_wconf 64' lang='lat' dir='ltr'><strong>Marcus&quot;,</strong></span> <span class='ocrx_word' id='word_1_265' title='bbox 2972 1750 3095 1788; x_wconf 90' lang='lat' dir='ltr'><strong>cum</strong></span> <span class='ocrx_word' id='word_1_266' title='bbox 3120 1735 3367 1805; x_wconf 88' lang='lat' dir='ltr'><strong>reliquis,</strong></span> 
     </span>
    </p>
   </div>
   <div class='ocr_carea' id='block_1_33' title="bbox 1813 1823 3374 1896">
    <p class='ocr_par' dir='ltr' id='par_1_33' title="bbox 1813 1823 3374 1896">
     <span class='ocr_line' id='line_1_33' title="bbox 1813 1823 3374 1896; baseline 0.001 -17"><span class='ocrx_word' id='word_1_267' title='bbox 1813 1824 1973 1896; x_wconf 82' lang='lat'><strong>293</strong></span> <span class='ocrx_word' id='word_1_268' title='bbox 2007 1824 2331 1879; x_wconf 83' lang='lat' dir='ltr'><strong>calcfacicns</strong></span> <span class='ocrx_word' id='word_1_269' title='bbox 2368 1840 2446 1880; x_wconf 91' lang='lat' dir='ltr'><strong>se.</strong></span> <span class='ocrx_word' id='word_1_270' title='bbox 2478 1823 2714 1880; x_wconf 83' lang='lat' dir='ltr'><strong>Joannes</strong></span> <span class='ocrx_word' id='word_1_271' title='bbox 2736 1841 2865 1880; x_wconf 87' lang='lat' dir='ltr'><strong>vero</strong></span> <span class='ocrx_word' id='word_1_272' title='bbox 2894 1826 3052 1895; x_wconf 85' lang='lat' dir='ltr'><strong>plane</strong></span> <span class='ocrx_word' id='word_1_273' title='bbox 3082 1826 3243 1881; x_wconf 88' lang='lat' dir='ltr'><strong>etiam</strong></span> <span class='ocrx_word' id='word_1_274' title='bbox 3276 1826 3374 1881; x_wconf 83' lang='lat' dir='ltr'><strong>fri-</strong></span> 
     </span>
    </p>
   </div>
   <div class='ocr_carea' id='block_1_34' title="bbox 147 1904 1703 1996">
    <p class='ocr_par' dir='ltr' id='par_1_34' title="bbox 147 1918 1703 1996">
     <span class='ocr_line' id='line_1_34' title="bbox 147 1918 1703 1996; baseline 0.004 -27"><span class='ocrx_word' id='word_1_275' title='bbox 147 1918 197 1969; x_wconf 72' lang='grc' dir='ltr'>τὸ</span> <span class='ocrx_word' id='word_1_276' title='bbox 225 1920 492 1989; x_wconf 86' lang='grc' dir='ltr'>σωτήριον</span> <span class='ocrx_word' id='word_1_277' title='bbox 526 1920 687 1972; x_wconf 80' lang='grc' dir='ltr'>ποτὸν</span> <span class='ocrx_word' id='word_1_278' title='bbox 721 1919 780 1984; x_wconf 81' lang='grc' dir='ltr'>ἐξ</span> <span class='ocrx_word' id='word_1_279' title='bbox 807 1921 974 1992; x_wconf 80' lang='grc' dir='ltr'>αὐτῆς</span> <span class='ocrx_word' id='word_1_280' title='bbox 998 1922 1095 1992; x_wconf 83' lang='grc' dir='ltr'>τῆς</span> <span class='ocrx_word' id='word_1_281' title='bbox 1124 1922 1476 1995; x_wconf 87' lang='grc' dir='ltr'>Ἰερουσαλὴμ</span> <span class='ocrx_word' id='word_1_282' title='bbox 1506 1923 1703 1996; x_wconf 78' lang='grc' dir='ltr'>προῆλ-</span> 
     </span>
    </p>
   </div>
   <div class='ocr_carea' id='block_1_35' title="bbox 1806 1904 3372 1996">
    <p class='ocr_par' dir='ltr' id='par_1_35' title="bbox 1811 1914 3372 1987">
     <span class='ocr_line' id='line_1_35' title="bbox 1811 1914 3372 1987; baseline -0.001 -17"><span class='ocrx_word' id='word_1_283' title='bbox 1811 1932 1910 1987; x_wconf 81' lang='lat' dir='ltr'><strong>gus</strong></span> <span class='ocrx_word' id='word_1_284' title='bbox 1940 1916 2400 1981; x_wconf 84' lang='lat' dir='ltr'><strong>commemoravit,</strong></span> <span class='ocrx_word' id='word_1_285' title='bbox 2435 1917 2525 1970; x_wconf 91' lang='lat' dir='ltr'><strong>ubi</strong></span> <span class='ocrx_word' id='word_1_286' title='bbox 2558 1917 2669 1970; x_wconf 89' lang='lat' dir='ltr'><strong>ait:</strong></span> <span class='ocrx_word' id='word_1_287' title='bbox 2703 1935 2721 1967; x_wconf 83' lang='grc'><strong>‹</strong></span> <span class='ocrx_word' id='word_1_288' title='bbox 2763 1914 2989 1971; x_wconf 87' lang='lat' dir='ltr'><strong>Stabant</strong></span> <span class='ocrx_word' id='word_1_289' title='bbox 3018 1918 3160 1971; x_wconf 82' lang='lat' dir='ltr'><strong>servi</strong></span> <span class='ocrx_word' id='word_1_290' title='bbox 3194 1926 3245 1971; x_wconf 90' lang='lat' dir='ltr'><strong>et</strong></span> <span class='ocrx_word' id='word_1_291' title='bbox 3269 1917 3372 1971; x_wconf 90' lang='lat' dir='ltr'><strong>mi-</strong></span> 
     </span>
    </p>
   </div>
   <div class='ocr_carea' id='block_1_36' title="bbox 150 2011 1703 2084">
    <p class='ocr_par' dir='ltr' id='par_1_36' title="bbox 150 2011 1703 2084">
     <span class='ocr_line' id='line_1_36' title="bbox 150 2011 1703 2084; baseline 0.003 -21"><span class='ocrx_word' id='word_1_292' title='bbox 150 2011 254 2065; x_wconf 84' lang='grc' dir='ltr'>θεν·</span> <span class='ocrx_word' id='word_1_293' title='bbox 285 2012 505 2065; x_wconf 85' lang='grc' dir='ltr'>ὲνθένδε</span> <span class='ocrx_word' id='word_1_294' title='bbox 533 2013 663 2081; x_wconf 87' lang='grc' dir='ltr'>γοῦν</span> <span class='ocrx_word' id='word_1_295' title='bbox 688 2011 912 2084; x_wconf 81' lang='grc' dir='ltr'>ὥρμητο</span> <span class='ocrx_word' id='word_1_296' title='bbox 946 2012 1109 2067; x_wconf 84' lang='grc' dir='ltr'>αὑτοῦ</span> <span class='ocrx_word' id='word_1_297' title='bbox 1142 2015 1488 2083; x_wconf 79' lang='grc' dir='ltr'>Εὑαγγέλιον,</span> <span class='ocrx_word' id='word_1_298' title='bbox 1528 2016 1624 2069; x_wconf 75' lang='grc' dir='ltr'><strong>καὶ</strong></span> <span class='ocrx_word' id='word_1_299' title='bbox 1655 2016 1703 2068; x_wconf 88' lang='grc' dir='ltr'>οἱ</span> 
     </span>
    </p>
   </div>
   <div class='ocr_carea' id='block_1_37' title="bbox 146 2100 1700 2176">
    <p class='ocr_par' dir='ltr' id='par_1_37' title="bbox 146 2100 1700 2176">
     <span class='ocr_line' id='line_1_37' title="bbox 146 2100 1700 2176; baseline 0.005 -24"><span class='ocrx_word' id='word_1_300' title='bbox 146 2100 310 2153; x_wconf 76' lang='grc' dir='ltr'>τούτου</span> <span class='ocrx_word' id='word_1_301' title='bbox 343 2102 595 2172; x_wconf 81' lang='grc' dir='ltr'>κήρυκες</span> <span class='ocrx_word' id='word_1_302' title='bbox 624 2103 799 2155; x_wconf 85' lang='grc' dir='ltr'>πᾶσαν</span> <span class='ocrx_word' id='word_1_303' title='bbox 828 2101 1177 2173; x_wconf 81' lang='grc' dir='ltr'>κατέπλησαν</span> <span class='ocrx_word' id='word_1_304' title='bbox 1216 2103 1313 2176; x_wconf 78' lang='grc' dir='ltr'>τὴν</span> <span class='ocrx_word' id='word_1_305' title='bbox 1352 2104 1700 2175; x_wconf 71' lang='grc' dir='ltr'>οἰκουμένην·</span> 
     </span>
    </p>
   </div>
   <div class='ocr_carea' id='block_1_38' title="bbox 146 2193 1705 2268">
    <p class='ocr_par' dir='ltr' id='par_1_38' title="bbox 146 2193 1705 2268">
     <span class='ocr_line' id='line_1_38' title="bbox 146 2193 1705 2268; baseline 0.003 -22"><span class='ocrx_word' id='word_1_306' title='bbox 146 2193 274 2247; x_wconf 70' lang='grc' dir='ltr'>ὁκαὶ</span> <span class='ocrx_word' id='word_1_307' title='bbox 298 2194 562 2264; x_wconf 82' lang='grc' dir='ltr'>δηλοῦται</span> <span class='ocrx_word' id='word_1_308' title='bbox 593 2194 680 2247; x_wconf 76' lang='grc' dir='ltr'>διὰ</span> <span class='ocrx_word' id='word_1_309' title='bbox 701 2195 792 2247; x_wconf 85' lang='grc' dir='ltr'><strong>τοῦ</strong></span> <span class='ocrx_word' id='word_1_310' title='bbox 817 2194 1070 2263; x_wconf 83' lang='grc' dir='ltr'>λέγεσθαι</span> <span class='ocrx_word' id='word_1_311' title='bbox 1086 2212 1099 2225; x_wconf 90' lang='grc'><strong>·</strong></span> <span class='ocrx_word' id='word_1_312' title='bbox 1133 2215 1152 2246; x_wconf 71' lang='grc' dir='ltr'><strong>ι</strong></span> <span class='ocrx_word' id='word_1_313' title='bbox 1178 2197 1271 2261; x_wconf 68' lang='lat' dir='ltr'><strong>Et;</strong></span> <span class='ocrx_word' id='word_1_314' title='bbox 1300 2197 1398 2268; x_wconf 85' lang='grc' dir='ltr'>τὴν</span> <span class='ocrx_word' id='word_1_315' title='bbox 1432 2196 1705 2251; x_wconf 82' lang='grc' dir='ltr'>θάλασσαν</span> 
     </span>
    </p>
   </div>
   <div class='ocr_carea' id='block_1_39' title="bbox 145 2283 1706 2362">
    <p class='ocr_par' dir='ltr' id='par_1_39' title="bbox 145 2283 1706 2362">
     <span class='ocr_line' id='line_1_39' title="bbox 145 2283 1706 2362; baseline 0.004 -26"><span class='ocrx_word' id='word_1_316' title='bbox 145 2283 227 2354; x_wconf 79' lang='grc' dir='ltr'>τὴν</span> <span class='ocrx_word' id='word_1_317' title='bbox 260 2283 512 2356; x_wconf 83' lang='grc' dir='ltr'>πρώτην,</span> <span class='ocrx_word' id='word_1_318' title='bbox 544 2286 638 2338; x_wconf 74' lang='grc' dir='ltr'><strong>καὶ</strong></span> <span class='ocrx_word' id='word_1_319' title='bbox 668 2289 748 2350; x_wconf 86' lang='grc' dir='ltr'><strong>είς</strong></span> <span class='ocrx_word' id='word_1_320' title='bbox 770 2288 867 2359; x_wconf 75' lang='grc' dir='ltr'><strong>τὴν</strong></span> <span class='ocrx_word' id='word_1_321' title='bbox 890 2287 1159 2343; x_wconf 86' lang='grc' dir='ltr'>θάλασσαν</span> <span class='ocrx_word' id='word_1_322' title='bbox 1203 2288 1299 2361; x_wconf 83' lang='grc' dir='ltr'>τὴν</span> <span class='ocrx_word' id='word_1_323' title='bbox 1325 2290 1558 2362; x_wconf 79' lang='grc' dir='ltr'>ἐσχάτην</span> <span class='ocrx_word' id='word_1_324' title='bbox 1585 2310 1603 2343; x_wconf 68' lang='grc' dir='ltr'><strong>ι</strong></span> <span class='ocrx_word' id='word_1_325' title='bbox 1646 2292 1706 2344; x_wconf 80' lang='grc' dir='ltr'>τὸ</span> 
     </span>
    </p>
   </div>
   <div class='ocr_carea' id='block_1_40' title="bbox 149 2372 1705 2451">
    <p class='ocr_par' dir='ltr' id='par_1_40' title="bbox 149 2372 1705 2451">
     <span class='ocr_line' id='line_1_40' title="bbox 149 2372 1705 2451; baseline 0.006 -26"><span class='ocrx_word' id='word_1_326' title='bbox 149 2372 241 2436; x_wconf 72' lang='grc' dir='ltr'><strong>ζῶν</strong></span> <span class='ocrx_word' id='word_1_327' title='bbox 297 2375 446 2446; x_wconf 73' lang='grc' dir='ltr'>ὕδωρ</span> <span class='ocrx_word' id='word_1_328' title='bbox 491 2375 885 2442; x_wconf 77' lang='grc' dir='ltr'>ἐξελεύσεσθαι.</span> <span class='ocrx_word' id='word_1_329' title='bbox 943 2372 1128 2431; x_wconf 74' lang='grc' dir='ltr'>Δι”ὦν</span> <span class='ocrx_word' id='word_1_330' title='bbox 1162 2378 1231 2432; x_wconf 84' lang='grc' dir='ltr'>τὰ</span> <span class='ocrx_word' id='word_1_331' title='bbox 1270 2380 1371 2451; x_wconf 84' lang='grc' dir='ltr'>τῆς</span> <span class='ocrx_word' id='word_1_332' title='bbox 1412 2380 1705 2451; x_wconf 85' lang='grc' dir='ltr'>συμπάσης</span> 
     </span>
    </p>
   </div>
   <div class='ocr_carea' id='block_1_41' title="bbox 144 2466 1707 2546">
    <p class='ocr_par' dir='ltr' id='par_1_41' title="bbox 144 2466 1707 2546">
     <span class='ocr_line' id='line_1_41' title="bbox 144 2466 1707 2546; baseline 0.004 -26"><span class='ocrx_word' id='word_1_333' title='bbox 144 2466 234 2535; x_wconf 81' lang='grc' dir='ltr'>γῆς</span> <span class='ocrx_word' id='word_1_334' title='bbox 278 2469 501 2540; x_wconf 84' lang='grc' dir='ltr'>πέρατα</span> <span class='ocrx_word' id='word_1_335' title='bbox 551 2468 827 2538; x_wconf 87' lang='grc' dir='ltr'>δηλοῦται,</span> <span class='ocrx_word' id='word_1_336' title='bbox 879 2471 950 2524; x_wconf 85' lang='grc' dir='ltr'><strong>τά</strong></span> <span class='ocrx_word' id='word_1_337' title='bbox 996 2488 1056 2524; x_wconf 89' lang='grc' dir='ltr'><strong>τε</strong></span> <span class='ocrx_word' id='word_1_338' title='bbox 1103 2473 1238 2543; x_wconf 85' lang='grc' dir='ltr'>πρὸς</span> <span class='ocrx_word' id='word_1_339' title='bbox 1286 2473 1364 2543; x_wconf 78' lang='grc' dir='ltr'>τῷ</span> <span class='ocrx_word' id='word_1_340' title='bbox 1407 2473 1707 2546; x_wconf 85' lang='grc' dir='ltr'>ἀνατολικῷ</span> 
     </span>
    </p>
   </div>
   <div class='ocr_carea' id='block_1_42' title="bbox 155 2557 1707 2632">
    <p class='ocr_par' dir='ltr' id='par_1_42' title="bbox 155 2557 1707 2632">
     <span class='ocr_line' id='line_1_42' title="bbox 155 2557 1707 2632; baseline 0.006 -23"><span class='ocrx_word' id='word_1_341' title='bbox 155 2557 373 2628; x_wconf 79' lang='grc' dir='ltr'>Ὠκεανῷ</span> <span class='ocrx_word' id='word_1_342' title='bbox 403 2557 603 2629; x_wconf 85' lang='grc' dir='ltr'>πρώτη</span> <span class='ocrx_word' id='word_1_343' title='bbox 656 2560 891 2615; x_wconf 75' lang='grc' dir='ltr'>θάλαττα</span> <span class='ocrx_word' id='word_1_344' title='bbox 920 2560 1311 2632; x_wconf 75' lang='grc' dir='ltr'>ὀνομαζόμενα,</span> <span class='ocrx_word' id='word_1_345' title='bbox 1345 2564 1439 2615; x_wconf 75' lang='grc' dir='ltr'><strong>καὶ</strong></span> <span class='ocrx_word' id='word_1_346' title='bbox 1469 2564 1537 2617; x_wconf 84' lang='grc' dir='ltr'>τὰ</span> <span class='ocrx_word' id='word_1_347' title='bbox 1567 2565 1707 2618; x_wconf 80' lang='grc' dir='ltr'>κατὰ</span> 
     </span>
    </p>
   </div>
   <div class='ocr_carea' id='block_1_43' title="bbox 146 2648 1707 2728">
    <p class='ocr_par' dir='ltr' id='par_1_43' title="bbox 146 2648 1707 2728">
     <span class='ocr_line' id='line_1_43' title="bbox 146 2648 1707 2728; baseline 0.007 -30"><span class='ocrx_word' id='word_1_348' title='bbox 146 2648 315 2703; x_wconf 79' lang='grc' dir='ltr'>δύοντα</span> <span class='ocrx_word' id='word_1_349' title='bbox 353 2650 513 2720; x_wconf 77' lang='grc' dir='ltr'>ἥλιον</span> <span class='ocrx_word' id='word_1_350' title='bbox 552 2650 642 2704; x_wconf 79' lang='grc' dir='ltr'>διὰ</span> <span class='ocrx_word' id='word_1_351' title='bbox 672 2652 771 2722; x_wconf 87' lang='grc' dir='ltr'><strong>τῆς</strong></span> <span class='ocrx_word' id='word_1_352' title='bbox 800 2650 1067 2724; x_wconf 85' lang='grc' dir='ltr'>Θαλάττης</span> <span class='ocrx_word' id='word_1_353' title='bbox 1097 2654 1198 2723; x_wconf 78' lang='grc' dir='ltr'>τῆς</span> <span class='ocrx_word' id='word_1_354' title='bbox 1241 2655 1473 2724; x_wconf 75' lang='grc' dir='ltr'>ἐσχάτης</span> <span class='ocrx_word' id='word_1_355' title='bbox 1508 2674 1707 2728; x_wconf 82' lang='grc' dir='ltr'>σημαι-</span> 
     </span>
    </p>
   </div>
   <div class='ocr_carea' id='block_1_44' title="bbox 145 2738 1704 2818">
    <p class='ocr_par' dir='ltr' id='par_1_44' title="bbox 145 2738 1704 2818">
     <span class='ocr_line' id='line_1_44' title="bbox 145 2738 1704 2818; baseline 0.006 -29"><span class='ocrx_word' id='word_1_356' title='bbox 145 2738 341 2808; x_wconf 69' lang='grc' dir='ltr'>γζμενα,</span> <span class='ocrx_word' id='word_1_357' title='bbox 380 2738 418 2793; x_wconf 75' lang='grc' dir='ltr'>ἃ</span> <span class='ocrx_word' id='word_1_358' title='bbox 442 2740 540 2793; x_wconf 74' lang='grc' dir='ltr'><strong>καὶ</strong></span> <span class='ocrx_word' id='word_1_359' title='bbox 571 2739 896 2812; x_wconf 84' lang='grc' dir='ltr'>πεπλήρωκε</span> <span class='ocrx_word' id='word_1_360' title='bbox 925 2742 984 2794; x_wconf 83' lang='grc' dir='ltr'><strong>τὸ</strong></span> <span class='ocrx_word' id='word_1_361' title='bbox 1006 2741 1110 2806; x_wconf 79' lang='grc' dir='ltr'><strong>ζῶν</strong></span> <span class='ocrx_word' id='word_1_362' title='bbox 1144 2742 1287 2815; x_wconf 74' lang='grc' dir='ltr'>ὕδωρ</span> <span class='ocrx_word' id='word_1_363' title='bbox 1317 2746 1414 2815; x_wconf 85' lang='grc' dir='ltr'>τῆς</span> <span class='ocrx_word' id='word_1_364' title='bbox 1442 2747 1704 2818; x_wconf 84' lang='grc' dir='ltr'>σωτηρίου</span> 
     </span>
    </p>
   </div>
   <div class='ocr_carea' id='block_1_45' title="bbox 149 2828 1704 2905">
    <p class='ocr_par' dir='ltr' id='par_1_45' title="bbox 149 2828 1704 2905">
     <span class='ocr_line' id='line_1_45' title="bbox 149 2828 1704 2905; baseline 0.005 -24"><span class='ocrx_word' id='word_1_365' title='bbox 149 2831 226 2881; x_wconf 73' lang='grc' dir='ltr'>καὶ</span> <span class='ocrx_word' id='word_1_366' title='bbox 253 2830 616 2901; x_wconf 61' lang='grc' dir='ltr'>εύαηελικῆς</span> <span class='ocrx_word' id='word_1_367' title='bbox 664 2831 1028 2897; x_wconf 84' lang='grc' dir='ltr'>διδασκαλίας,</span> <span class='ocrx_word' id='word_1_368' title='bbox 1065 2834 1192 2905; x_wconf 81' lang='grc' dir='ltr'>περὶ</span> <span class='ocrx_word' id='word_1_369' title='bbox 1237 2828 1298 2887; x_wconf 75' lang='grc' dir='ltr'>οὗ</span> <span class='ocrx_word' id='word_1_370' title='bbox 1343 2836 1503 2889; x_wconf 86' lang='grc' dir='ltr'>πάλιν</span> <span class='ocrx_word' id='word_1_371' title='bbox 1543 2840 1704 2891; x_wconf 77' lang='grc' dir='ltr'>ἐπαί-</span> 
     </span>
    </p>
   </div>
   <div class='ocr_carea' id='block_1_46' title="bbox 146 2919 1705 2996">
    <p class='ocr_par' dir='ltr' id='par_1_46' title="bbox 146 2919 1705 2996">
     <span class='ocr_line' id='line_1_46' title="bbox 146 2919 1705 2996; baseline 0.008 -25"><span class='ocrx_word' id='word_1_372' title='bbox 146 2919 267 2984; x_wconf 81' lang='grc' dir='ltr'>δευε,</span> <span class='ocrx_word' id='word_1_373' title='bbox 294 2922 503 2991; x_wconf 82' lang='grc' dir='ltr'>λέγων·</span> <span class='ocrx_word' id='word_1_374' title='bbox 546 2926 677 2987; x_wconf 76' lang='grc' dir='ltr'><strong>«Ὃς</strong></span> <span class='ocrx_word' id='word_1_375' title='bbox 707 2924 773 2977; x_wconf 82' lang='grc' dir='ltr'><strong>ἂν</strong></span> <span class='ocrx_word' id='word_1_376' title='bbox 810 2924 907 2996; x_wconf 85' lang='grc' dir='ltr'><strong>πίῃ</strong></span> <span class='ocrx_word' id='word_1_377' title='bbox 949 2925 1041 2978; x_wconf 92' lang='grc' dir='ltr'><strong>τοῦ</strong></span> <span class='ocrx_word' id='word_1_378' title='bbox 1079 2925 1288 2991; x_wconf 81' lang='grc' dir='ltr'>ὓδατος,</span> <span class='ocrx_word' id='word_1_379' title='bbox 1319 2921 1379 2981; x_wconf 79' lang='grc' dir='ltr'><strong>οῦ</strong></span> <span class='ocrx_word' id='word_1_380' title='bbox 1413 2928 1521 2996; x_wconf 76' lang='grc' dir='ltr'>ἐγὼ</span> <span class='ocrx_word' id='word_1_381' title='bbox 1551 2930 1705 2983; x_wconf 81' lang='grc' dir='ltr'>δώσω</span> 
     </span>
    </p>
   </div>
   <div class='ocr_carea' id='block_1_47' title="bbox 150 3012 1699 3087">
    <p class='ocr_par' dir='ltr' id='par_1_47' title="bbox 150 3012 1699 3087">
     <span class='ocr_line' id='line_1_47' title="bbox 150 3012 1699 3087; baseline 0.006 -21"><span class='ocrx_word' id='word_1_382' title='bbox 150 3012 294 3082; x_wconf 70' lang='grc' dir='ltr'>αὐτῷ,</span> <span class='ocrx_word' id='word_1_383' title='bbox 345 3016 407 3068; x_wconf 81' lang='grc' dir='ltr'><strong>ού</strong></span> <span class='ocrx_word' id='word_1_384' title='bbox 454 3015 529 3087; x_wconf 82' lang='grc' dir='ltr'>μὴ</span> <span class='ocrx_word' id='word_1_385' title='bbox 575 3014 787 3087; x_wconf 71' lang='grc' dir='ltr'>διψήσει</span> <span class='ocrx_word' id='word_1_386' title='bbox 814 3018 892 3080; x_wconf 82' lang='grc' dir='ltr'><strong>είς</strong></span> <span class='ocrx_word' id='word_1_387' title='bbox 936 3017 1026 3070; x_wconf 83' lang='grc' dir='ltr'><strong>τὸν</strong></span> <span class='ocrx_word' id='word_1_388' title='bbox 1067 3018 1258 3072; x_wconf 83' lang='grc' dir='ltr'>αἰῶνα.</span> <span class='ocrx_word' id='word_1_389' title='bbox 1294 3040 1313 3071; x_wconf 84' lang='grc'><strong>›</strong></span> <span class='ocrx_word' id='word_1_390' title='bbox 1372 3022 1480 3073; x_wconf 76' lang='grc' dir='ltr'><strong>Καὶ</strong></span> <span class='ocrx_word' id='word_1_391' title='bbox 1521 3022 1699 3075; x_wconf 88' lang='grc' dir='ltr'>πάλιν·</span> 
     </span>
    </p>
   </div>
   <div class='ocr_carea' id='block_1_48' title="bbox 152 3099 1703 3181">
    <p class='ocr_par' dir='ltr' id='par_1_48' title="bbox 152 3099 1703 3181">
     <span class='ocr_line' id='line_1_48' title="bbox 152 3099 1703 3181; baseline 0.01 -32"><span class='ocrx_word' id='word_1_392' title='bbox 152 3099 437 3171; x_wconf 74' lang='grc' dir='ltr'>ιΠοταμοὶ,</span> <span class='ocrx_word' id='word_1_393' title='bbox 483 3105 667 3173; x_wconf 77' lang='grc' dir='ltr'>φησὶν,</span> <span class='ocrx_word' id='word_1_394' title='bbox 709 3106 773 3157; x_wconf 80' lang='grc' dir='ltr'>ὲκ</span> <span class='ocrx_word' id='word_1_395' title='bbox 829 3105 927 3175; x_wconf 84' lang='grc' dir='ltr'>τῆς</span> <span class='ocrx_word' id='word_1_396' title='bbox 985 3106 1191 3170; x_wconf 85' lang='grc' dir='ltr'>κοιλίας</span> <span class='ocrx_word' id='word_1_397' title='bbox 1231 3108 1395 3162; x_wconf 79' lang='grc' dir='ltr'>αὑτοῦ</span> <span class='ocrx_word' id='word_1_398' title='bbox 1427 3109 1703 3181; x_wconf 75' lang='grc' dir='ltr'>ῥεύσουσιν</span> 
     </span>
    </p>
   </div>
   <div class='ocr_carea' id='block_1_49' title="bbox 150 3187 1697 3272">
    <p class='ocr_par' dir='ltr' id='par_1_49' title="bbox 150 3187 1697 3272">
     <span class='ocr_line' id='line_1_49' title="bbox 150 3187 1697 3272; baseline 0.006 -27"><span class='ocrx_word' id='word_1_399' title='bbox 150 3187 317 3254; x_wconf 75' lang='grc' dir='ltr'>ὓδατος</span> <span class='ocrx_word' id='word_1_400' title='bbox 368 3193 604 3258; x_wconf 80' lang='grc' dir='ltr'>ζῶντος,</span> <span class='ocrx_word' id='word_1_401' title='bbox 668 3196 961 3266; x_wconf 81' lang='grc' dir='ltr'>ἁλλομένου</span> <span class='ocrx_word' id='word_1_402' title='bbox 1040 3200 1120 3261; x_wconf 85' lang='grc' dir='ltr'><strong>είς</strong></span> <span class='ocrx_word' id='word_1_403' title='bbox 1170 3199 1313 3272; x_wconf 81' lang='grc' dir='ltr'>ζωὴν</span> <span class='ocrx_word' id='word_1_404' title='bbox 1375 3200 1589 3255; x_wconf 84' lang='grc' dir='ltr'>αἰώνιον</span> <span class='ocrx_word' id='word_1_405' title='bbox 1621 3243 1633 3255; x_wconf 94' lang='grc'><strong>.</strong></span> <span class='ocrx_word' id='word_1_406' title='bbox 1679 3223 1697 3254; x_wconf 73' lang='grc' dir='ltr'><strong>ι</strong></span> 
     </span>
    </p>
   </div>
   <div class='ocr_carea' id='block_1_50' title="bbox 1812 2007 3373 2078">
    <p class='ocr_par' dir='ltr' id='par_1_50' title="bbox 1812 2007 3373 2078">
     <span class='ocr_line' id='line_1_50' title="bbox 1812 2007 3373 2078; baseline 0 -17"><span class='ocrx_word' id='word_1_407' title='bbox 1812 2007 1970 2062; x_wconf 89' lang='lat' dir='ltr'><strong>nistri</strong></span> <span class='ocrx_word' id='word_1_408' title='bbox 2003 2008 2067 2061; x_wconf 87' lang='lat' dir='ltr'><strong>ad</strong></span> <span class='ocrx_word' id='word_1_409' title='bbox 2100 2023 2323 2078; x_wconf 86' lang='lat' dir='ltr'><strong>prunas,</strong></span> <span class='ocrx_word' id='word_1_410' title='bbox 2360 2010 2485 2077; x_wconf 84' lang='lat' dir='ltr'><strong>quia</strong></span> <span class='ocrx_word' id='word_1_411' title='bbox 2526 2008 2693 2078; x_wconf 83' lang='lat' dir='ltr'><strong>frigus</strong></span> <span class='ocrx_word' id='word_1_412' title='bbox 2726 2018 2871 2071; x_wconf 88' lang='lat' dir='ltr'><strong>erat,</strong></span> <span class='ocrx_word' id='word_1_413' title='bbox 2899 2015 2951 2062; x_wconf 92' lang='lat' dir='ltr'><strong>et</strong></span> <span class='ocrx_word' id='word_1_414' title='bbox 2983 2007 3373 2063; x_wconf 81' lang='lat' dir='ltr'><strong>calefaciebant</strong></span> 
     </span>
    </p>
   </div>
   <div class='ocr_carea' id='block_1_51' title="bbox 1808 2099 3371 2170">
    <p class='ocr_par' dir='ltr' id='par_1_51' title="bbox 1808 2099 3371 2170">
     <span class='ocr_line' id='line_1_51' title="bbox 1808 2099 3371 2170; baseline 0.001 -16"><span class='ocrx_word' id='word_1_415' title='bbox 1808 2115 1867 2154; x_wconf 84' lang='lat' dir='ltr'><strong>se</strong></span> <span class='ocrx_word' id='word_1_416' title='bbox 1895 2099 1936 2154; x_wconf 82' lang='lat'><strong>°.</strong></span> <span class='ocrx_word' id='word_1_417' title='bbox 1977 2119 1994 2151; x_wconf 76' lang='grc' dir='ltr'><strong>ι</strong></span> <span class='ocrx_word' id='word_1_418' title='bbox 2029 2129 2097 2139; x_wconf 92' lang='grc'><strong><em>-</em></strong></span> <span class='ocrx_word' id='word_1_419' title='bbox 2127 2099 2427 2170; x_wconf 68' lang='lat' dir='ltr'><strong>«Cognitus</strong></span> <span class='ocrx_word' id='word_1_420' title='bbox 2481 2109 2681 2164; x_wconf 85' lang='lat' dir='ltr'><strong>autem,</strong></span> <span class='ocrx_word' id='word_1_421' title='bbox 2724 2100 2918 2169; x_wconf 90' lang='lat' dir='ltr'><strong>inquit,</strong></span> <span class='ocrx_word' id='word_1_422' title='bbox 2956 2107 3040 2154; x_wconf 90' lang='lat' dir='ltr'><strong>est</strong></span> <span class='ocrx_word' id='word_1_423' title='bbox 3112 2100 3200 2154; x_wconf 90' lang='lat' dir='ltr'><strong>hic</strong></span> <span class='ocrx_word' id='word_1_424' title='bbox 3254 2099 3371 2155; x_wconf 74' lang='lat' dir='ltr'><strong>dies</strong></span> 
     </span>
    </p>
   </div>
   <div class='ocr_carea' id='block_1_52' title="bbox 1806 2189 3369 2262">
    <p class='ocr_par' dir='ltr' id='par_1_52' title="bbox 1806 2189 3369 2262">
     <span class='ocr_line' id='line_1_52' title="bbox 1806 2189 3369 2262; baseline 0.001 -18"><span class='ocrx_word' id='word_1_425' title='bbox 1806 2189 2057 2255; x_wconf 85' lang='lat' dir='ltr'><strong>Domino,</strong></span> <span class='ocrx_word' id='word_1_426' title='bbox 2088 2200 2141 2247; x_wconf 88' lang='lat' dir='ltr'><strong>et</strong></span> <span class='ocrx_word' id='word_1_427' title='bbox 2168 2207 2279 2246; x_wconf 90' lang='lat' dir='ltr'><strong>non</strong></span> <span class='ocrx_word' id='word_1_428' title='bbox 2316 2193 2419 2247; x_wconf 89' lang='lat' dir='ltr'><strong>erit</strong></span> <span class='ocrx_word' id='word_1_429' title='bbox 2450 2192 2587 2255; x_wconf 82' lang='lat' dir='ltr'><strong>dies,</strong></span> <span class='ocrx_word' id='word_1_430' title='bbox 2623 2208 2798 2261; x_wconf 87' lang='lat' dir='ltr'><strong>neque</strong></span> <span class='ocrx_word' id='word_1_431' title='bbox 2827 2192 2930 2247; x_wconf 89' lang='lat' dir='ltr'><strong>erit</strong></span> <span class='ocrx_word' id='word_1_432' title='bbox 2956 2207 3086 2255; x_wconf 83' lang='lat' dir='ltr'><strong>nox,</strong></span> <span class='ocrx_word' id='word_1_433' title='bbox 3118 2207 3226 2245; x_wconf 85' lang='lat' dir='ltr'><strong>non</strong></span> <span class='ocrx_word' id='word_1_434' title='bbox 3247 2194 3369 2262; x_wconf 89' lang='lat' dir='ltr'><strong>qui-</strong></span> 
     </span>
    </p>
   </div>
   <div class='ocr_carea' id='block_1_53' title="bbox 1807 2281 3368 2352">
    <p class='ocr_par' dir='ltr' id='par_1_53' title="bbox 1807 2281 3368 2352">
     <span class='ocr_line' id='line_1_53' title="bbox 1807 2281 3368 2352; baseline -0.002 -17"><span class='ocrx_word' id='word_1_435' title='bbox 1807 2281 1927 2337; x_wconf 90' lang='lat' dir='ltr'><strong>dem</strong></span> <span class='ocrx_word' id='word_1_436' title='bbox 1974 2283 2091 2337; x_wconf 86' lang='lat' dir='ltr'><strong>dies</strong></span> <span class='ocrx_word' id='word_1_437' title='bbox 2136 2301 2149 2335; x_wconf 90' lang='lat'>:</span> <span class='ocrx_word' id='word_1_438' title='bbox 2200 2301 2218 2334; x_wconf 78' lang='grc' dir='ltr'><strong>ι</strong></span> <span class='ocrx_word' id='word_1_439' title='bbox 2274 2290 2558 2352; x_wconf 88' lang='lat' dir='ltr'><strong>propterea</strong></span> <span class='ocrx_word' id='word_1_440' title='bbox 2620 2281 2764 2351; x_wconf 90' lang='lat' dir='ltr'><strong>quod</strong></span> <span class='ocrx_word' id='word_1_441' title='bbox 2820 2281 3026 2336; x_wconf 90' lang='lat' dir='ltr'><strong>dictum</strong></span> <span class='ocrx_word' id='word_1_442' title='bbox 3080 2290 3162 2335; x_wconf 88' lang='lat' dir='ltr'><strong>est</strong></span> <span class='ocrx_word' id='word_1_443' title='bbox 3221 2286 3368 2343; x_wconf 83' lang='lat' dir='ltr'><strong>ante,</strong></span> 
     </span>
    </p>
   </div>
   <div class='ocr_carea' id='block_1_54' title="bbox 1812 2370 3367 2443">
    <p class='ocr_par' dir='ltr' id='par_1_54' title="bbox 1812 2370 3367 2443">
     <span class='ocr_line' id='line_1_54' title="bbox 1812 2370 3367 2443; baseline -0.005 -14"><span class='ocrx_word' id='word_1_444' title='bbox 1812 2397 1831 2429; x_wconf 74' lang='grc' dir='ltr'><strong>ι</strong></span> <span class='ocrx_word' id='word_1_445' title='bbox 1862 2377 1980 2431; x_wconf 86' lang='lat' dir='ltr'><strong>Non</strong></span> <span class='ocrx_word' id='word_1_446' title='bbox 2017 2378 2118 2431; x_wconf 88' lang='lat' dir='ltr'><strong>erit</strong></span> <span class='ocrx_word' id='word_1_447' title='bbox 2162 2375 2271 2438; x_wconf 87' lang='lat' dir='ltr'><strong>lux,</strong></span> <span class='ocrx_word' id='word_1_448' title='bbox 2316 2394 2333 2424; x_wconf 75' lang='grc' dir='ltr'><strong>ι</strong></span> <span class='ocrx_word' id='word_1_449' title='bbox 2362 2373 2505 2443; x_wconf 90' lang='lat' dir='ltr'><strong>quod</strong></span> <span class='ocrx_word' id='word_1_450' title='bbox 2537 2388 2667 2426; x_wconf 89' lang='lat' dir='ltr'><strong>sane</strong></span> <span class='ocrx_word' id='word_1_451' title='bbox 2692 2372 2854 2425; x_wconf 89' lang='lat' dir='ltr'><strong>etiam</strong></span> <span class='ocrx_word' id='word_1_452' title='bbox 2904 2370 3223 2439; x_wconf 91' lang='lat' dir='ltr'><strong>completum</strong></span> <span class='ocrx_word' id='word_1_453' title='bbox 3264 2379 3367 2433; x_wconf 87' lang='lat' dir='ltr'><strong>est,</strong></span> 
     </span>
    </p>
   </div>
   <div class='ocr_carea' id='block_1_55' title="bbox 1807 2460 3370 2539">
    <p class='ocr_par' dir='ltr' id='par_1_55' title="bbox 1807 2460 3370 2539">
     <span class='ocr_line' id='line_1_55' title="bbox 1807 2460 3370 2539; baseline -0.008 -16"><span class='ocrx_word' id='word_1_454' title='bbox 1807 2468 2025 2539; x_wconf 83' lang='lat' dir='ltr'><strong>quando</strong></span> <span class='ocrx_word' id='word_1_455' title='bbox 2050 2482 2079 2519; x_wconf 88' lang='lat' dir='ltr'><strong>a</strong></span> <span class='ocrx_word' id='word_1_456' title='bbox 2115 2472 2267 2520; x_wconf 81' lang='lat' dir='ltr'><strong>sexta</strong></span> <span class='ocrx_word' id='word_1_457' title='bbox 2295 2464 2429 2517; x_wconf 92' lang='lat' dir='ltr'><strong>hora</strong></span> <span class='ocrx_word' id='word_1_458' title='bbox 2463 2462 2696 2516; x_wconf 66' lang='lat' dir='ltr'><strong>tenebrae</strong></span> <span class='ocrx_word' id='word_1_459' title='bbox 2719 2461 2873 2515; x_wconf 63' lang='lat' dir='ltr'><strong>factae</strong></span> <span class='ocrx_word' id='word_1_460' title='bbox 2903 2469 3029 2514; x_wconf 88' lang='lat' dir='ltr'><strong>sunt</strong></span> <span class='ocrx_word' id='word_1_461' title='bbox 3050 2476 3214 2529; x_wconf 89' lang='lat' dir='ltr'><strong>super</strong></span> <span class='ocrx_word' id='word_1_462' title='bbox 3243 2460 3370 2511; x_wconf 86' lang='lat' dir='ltr'><strong>uni-</strong></span> 
     </span>
    </p>
   </div>
   <div class='ocr_carea' id='block_1_56' title="bbox 1806 2548 3371 2623">
    <p class='ocr_par' dir='ltr' id='par_1_56' title="bbox 1806 2548 3371 2623">
     <span class='ocr_line' id='line_1_56' title="bbox 1806 2548 3371 2623; baseline -0.008 -9"><span class='ocrx_word' id='word_1_463' title='bbox 1806 2574 2016 2614; x_wconf 83' lang='lat' dir='ltr'><strong>versam</strong></span> <span class='ocrx_word' id='word_1_464' title='bbox 2050 2566 2274 2621; x_wconf 89' lang='lat' dir='ltr'><strong>terram,</strong></span> <span class='ocrx_word' id='word_1_465' title='bbox 2320 2569 2493 2623; x_wconf 90' lang='lat' dir='ltr'><strong>usque</strong></span> <span class='ocrx_word' id='word_1_466' title='bbox 2532 2554 2596 2607; x_wconf 86' lang='lat' dir='ltr'><strong>ad</strong></span> <span class='ocrx_word' id='word_1_467' title='bbox 2642 2554 2831 2606; x_wconf 88' lang='lat' dir='ltr'><strong>horam</strong></span> <span class='ocrx_word' id='word_1_468' title='bbox 2866 2566 3065 2605; x_wconf 89' lang='lat' dir='ltr'><strong>nonam</strong></span> <span class='ocrx_word' id='word_1_469' title='bbox 3099 2570 3110 2603; x_wconf 88' lang='lat'>:</span> <span class='ocrx_word' id='word_1_470' title='bbox 3142 2569 3159 2601; x_wconf 77' lang='grc' dir='ltr'><strong>ι</strong></span> <span class='ocrx_word' id='word_1_471' title='bbox 3186 2548 3371 2619; x_wconf 85' lang='lat' dir='ltr'><strong>Neque</strong></span> 
     </span>
    </p>
   </div>
   <div class='ocr_carea' id='block_1_57' title="bbox 1806 2642 3366 2722">
    <p class='ocr_par' dir='ltr' id='par_1_57' title="bbox 1806 2642 3366 2722">
     <span class='ocr_line' id='line_1_57' title="bbox 1806 2642 3366 2722; baseline -0.007 -16"><span class='ocrx_word' id='word_1_472' title='bbox 1806 2653 1935 2706; x_wconf 89' lang='lat' dir='ltr'><strong>item</strong></span> <span class='ocrx_word' id='word_1_473' title='bbox 1995 2666 2145 2704; x_wconf 81' lang='lat' dir='ltr'><strong>nox:</strong></span> <span class='ocrx_word' id='word_1_474' title='bbox 2200 2667 2216 2698; x_wconf 75' lang='grc' dir='ltr'><strong>ι</strong></span> <span class='ocrx_word' id='word_1_475' title='bbox 2274 2645 2739 2722; x_wconf 73' lang='lat' dir='ltr'><strong>proptereaquod</strong></span> <span class='ocrx_word' id='word_1_476' title='bbox 2795 2644 3036 2698; x_wconf 89' lang='lat' dir='ltr'><strong>additum</strong></span> <span class='ocrx_word' id='word_1_477' title='bbox 3091 2652 3195 2708; x_wconf 91' lang='lat' dir='ltr'><strong>est,</strong></span> <span class='ocrx_word' id='word_1_478' title='bbox 3234 2663 3251 2693; x_wconf 76' lang='grc' dir='ltr'><strong>ι</strong></span> <span class='ocrx_word' id='word_1_479' title='bbox 3286 2642 3366 2695; x_wconf 85' lang='lat' dir='ltr'><strong>Ad</strong></span> 
     </span>
    </p>
   </div>
   <div class='ocr_carea' id='block_1_58' title="bbox 1805 2737 3373 2815">
    <p class='ocr_par' dir='ltr' id='par_1_58' title="bbox 1805 2737 3373 2815">
     <span class='ocr_line' id='line_1_58' title="bbox 1805 2737 3373 2815; baseline -0.007 -15"><span class='ocrx_word' id='word_1_480' title='bbox 1805 2758 2088 2815; x_wconf 85' lang='lat' dir='ltr'><strong>vesperam</strong></span> <span class='ocrx_word' id='word_1_481' title='bbox 2123 2743 2227 2795; x_wconf 90' lang='lat' dir='ltr'><strong>erit</strong></span> <span class='ocrx_word' id='word_1_482' title='bbox 2250 2742 2361 2803; x_wconf 85' lang='lat' dir='ltr'><strong>lux,</strong></span> <span class='ocrx_word' id='word_1_483' title='bbox 2413 2760 2432 2791; x_wconf 74' lang='grc' dir='ltr'><strong>ι</strong></span> <span class='ocrx_word' id='word_1_484' title='bbox 2472 2738 2615 2810; x_wconf 89' lang='lat' dir='ltr'><strong>quod</strong></span> <span class='ocrx_word' id='word_1_485' title='bbox 2644 2741 2807 2792; x_wconf 87' lang='lat' dir='ltr'><strong>etiam</strong></span> <span class='ocrx_word' id='word_1_486' title='bbox 2837 2737 3013 2807; x_wconf 87' lang='lat' dir='ltr'><strong>ipsum</strong></span> <span class='ocrx_word' id='word_1_487' title='bbox 3048 2737 3253 2790; x_wconf 78' lang='lat' dir='ltr'><strong>exitum</strong></span> <span class='ocrx_word' id='word_1_488' title='bbox 3286 2737 3373 2789; x_wconf 88' lang='lat' dir='ltr'><strong>in-</strong></span> 
     </span>
    </p>
   </div>
   <div class='ocr_carea' id='block_1_59' title="bbox 1804 2830 3370 2905">
    <p class='ocr_par' dir='ltr' id='par_1_59' title="bbox 1804 2830 3370 2905">
     <span class='ocr_line' id='line_1_59' title="bbox 1804 2830 3370 2905; baseline -0.006 -15"><span class='ocrx_word' id='word_1_489' title='bbox 1804 2837 1973 2901; x_wconf 88' lang='lat' dir='ltr'><strong>venit,</strong></span> <span class='ocrx_word' id='word_1_490' title='bbox 1997 2834 2216 2905; x_wconf 86' lang='lat' dir='ltr'><strong>quando</strong></span> <span class='ocrx_word' id='word_1_491' title='bbox 2254 2840 2378 2903; x_wconf 89' lang='lat' dir='ltr'><strong>post</strong></span> <span class='ocrx_word' id='word_1_492' title='bbox 2412 2846 2611 2887; x_wconf 90' lang='lat' dir='ltr'><strong>nonam</strong></span> <span class='ocrx_word' id='word_1_493' title='bbox 2663 2830 2873 2893; x_wconf 84' lang='lat' dir='ltr'><strong>horam,</strong></span> <span class='ocrx_word' id='word_1_494' title='bbox 2902 2844 3094 2883; x_wconf 86' lang='lat' dir='ltr'><strong>rursus</strong></span> <span class='ocrx_word' id='word_1_495' title='bbox 3134 2841 3370 2881; x_wconf 88' lang='lat' dir='ltr'><strong>consue-</strong></span> 
     </span>
    </p>
   </div>
   <div class='ocr_carea' id='block_1_60' title="bbox 1806 2915 3373 2991">
    <p class='ocr_par' dir='ltr' id='par_1_60' title="bbox 1806 2915 3373 2991">
     <span class='ocr_line' id='line_1_60' title="bbox 1806 2915 3373 2991; baseline -0.004 -14"><span class='ocrx_word' id='word_1_496' title='bbox 1806 2932 1919 2977; x_wconf 91' lang='lat' dir='ltr'><strong>tum</strong></span> <span class='ocrx_word' id='word_1_497' title='bbox 1954 2924 2137 2977; x_wconf 91' lang='lat' dir='ltr'><strong>lumen</strong></span> <span class='ocrx_word' id='word_1_498' title='bbox 2166 2922 2370 2991; x_wconf 86' lang='lat' dir='ltr'><strong>recepit</strong></span> <span class='ocrx_word' id='word_1_499' title='bbox 2404 2919 2539 2975; x_wconf 90' lang='lat' dir='ltr'><strong>dies.</strong></span> <span class='ocrx_word' id='word_1_500' title='bbox 2585 2917 2849 2973; x_wconf 72' lang='lat' dir='ltr'><strong>Praeterea</strong></span> <span class='ocrx_word' id='word_1_501' title='bbox 2886 2917 3206 2973; x_wconf 85' lang='lat' dir='ltr'><strong>sententiam</strong></span> <span class='ocrx_word' id='word_1_502' title='bbox 3236 2915 3373 2986; x_wconf 74' lang='lat' dir='ltr'><strong>quo~</strong></span> 
     </span>
    </p>
   </div>
   <div class='ocr_carea' id='block_1_61' title="bbox 1805 3009 3369 3086">
    <p class='ocr_par' dir='ltr' id='par_1_61' title="bbox 1805 3009 3369 3086">
     <span class='ocr_line' id='line_1_61' title="bbox 1805 3009 3369 3086; baseline -0.004 -17"><span class='ocrx_word' id='word_1_503' title='bbox 1805 3031 1911 3086; x_wconf 87' lang='lat' dir='ltr'><strong>quo</strong></span> <span class='ocrx_word' id='word_1_504' title='bbox 1979 3014 2024 3069; x_wconf 88' lang='lat' dir='ltr'><strong>si</strong></span> <span class='ocrx_word' id='word_1_505' title='bbox 2098 3014 2408 3083; x_wconf 89' lang='lat' dir='ltr'><strong>sequimur,</strong></span> <span class='ocrx_word' id='word_1_506' title='bbox 2469 3012 2583 3067; x_wconf 58' lang='lat' dir='ltr'><strong>haec</strong></span> <span class='ocrx_word' id='word_1_507' title='bbox 2651 3012 2916 3082; x_wconf 87' lang='lat' dir='ltr'><strong>completa</strong></span> <span class='ocrx_word' id='word_1_508' title='bbox 2960 3016 3120 3065; x_wconf 89' lang='lat' dir='ltr'><strong>erunt</strong></span> <span class='ocrx_word' id='word_1_509' title='bbox 3160 3009 3214 3062; x_wconf 90' lang='lat' dir='ltr'><strong>in</strong></span> <span class='ocrx_word' id='word_1_510' title='bbox 3246 3011 3369 3063; x_wconf 80' lang='lat' dir='ltr'><strong>uni-</strong></span> 
     </span>
    </p>
   </div>
   <div class='ocr_carea' id='block_1_62' title="bbox 1804 3102 3364 3177">
    <p class='ocr_par' dir='ltr' id='par_1_62' title="bbox 1804 3102 3364 3177">
     <span class='ocr_line' id='line_1_62' title="bbox 1804 3102 3364 3177; baseline -0.005 -14"><span class='ocrx_word' id='word_1_511' title='bbox 1804 3124 1963 3165; x_wconf 90' lang='lat' dir='ltr'><strong>verso</strong></span> <span class='ocrx_word' id='word_1_512' title='bbox 1983 3107 2201 3177; x_wconf 85' lang='lat' dir='ltr'><strong>quidem</strong></span> <span class='ocrx_word' id='word_1_513' title='bbox 2235 3121 2398 3177; x_wconf 90' lang='lat' dir='ltr'><strong>super</strong></span> <span class='ocrx_word' id='word_1_514' title='bbox 2416 3104 2641 3159; x_wconf 72' lang='lat' dir='ltr'><strong>Iudaica</strong></span> <span class='ocrx_word' id='word_1_515' title='bbox 2671 3113 2845 3175; x_wconf 87' lang='lat' dir='ltr'><strong>gente,</strong></span> <span class='ocrx_word' id='word_1_516' title='bbox 2865 3113 3149 3175; x_wconf 87' lang='lat' dir='ltr'><strong>postquam</strong></span> <span class='ocrx_word' id='word_1_517' title='bbox 3178 3102 3364 3157; x_wconf 88' lang='lat' dir='ltr'><strong>adver-</strong></span> 
     </span>
    </p>
   </div>
   <div class='ocr_carea' id='block_1_63' title="bbox 1810 3195 3369 3259">
    <p class='ocr_par' dir='ltr' id='par_1_63' title="bbox 1810 3195 3369 3259">
     <span class='ocr_line' id='line_1_63' title="bbox 1810 3195 3369 3259; baseline -0.004 -5"><span class='ocrx_word' id='word_1_518' title='bbox 1810 3216 1904 3255; x_wconf 87' lang='lat' dir='ltr'><strong>sus</strong></span> <span class='ocrx_word' id='word_1_519' title='bbox 1937 3199 2215 3254; x_wconf 85' lang='lat' dir='ltr'><strong>Christum</strong></span> <span class='ocrx_word' id='word_1_520' title='bbox 2243 3197 2375 3253; x_wconf 92' lang='lat' dir='ltr'><strong>illud</strong></span> <span class='ocrx_word' id='word_1_521' title='bbox 2400 3198 2635 3252; x_wconf 90' lang='lat' dir='ltr'><strong>immane</strong></span> <span class='ocrx_word' id='word_1_522' title='bbox 2665 3195 2889 3250; x_wconf 79' lang='lat' dir='ltr'><strong>t‘aCinus“</strong></span> <span class='ocrx_word' id='word_1_523' title='bbox 2910 3210 3041 3249; x_wconf 85' lang='lat' dir='ltr'><strong>ausa</strong></span> <span class='ocrx_word' id='word_1_524' title='bbox 3069 3202 3172 3259; x_wconf 87' lang='lat' dir='ltr'><strong>est,</strong></span> <span class='ocrx_word' id='word_1_525' title='bbox 3205 3204 3260 3248; x_wconf 90' lang='lat' dir='ltr'><strong>et</strong></span> <span class='ocrx_word' id='word_1_526' title='bbox 3285 3201 3369 3248; x_wconf 86' lang='lat' dir='ltr'><strong>te-</strong></span> 
     </span>
    </p>
   </div>
   <div class='ocr_carea' id='block_1_64' title="bbox 152 3274 1703 3363">
    <p class='ocr_par' dir='ltr' id='par_1_64' title="bbox 152 3279 1703 3363">
     <span class='ocr_line' id='line_1_64' title="bbox 152 3279 1703 3363; baseline 0.008 -30"><span class='ocrx_word' id='word_1_527' title='bbox 152 3279 245 3333; x_wconf 75' lang='lat' dir='ltr'><strong>Kal.</strong></span> <span class='ocrx_word' id='word_1_528' title='bbox 297 3280 482 3347; x_wconf 78' lang='grc' dir='ltr'>αὖθις·</span> <span class='ocrx_word' id='word_1_529' title='bbox 545 3304 563 3336; x_wconf 76' lang='grc' dir='ltr'><strong>ι</strong></span> <span class='ocrx_word' id='word_1_530' title='bbox 596 3286 664 3338; x_wconf 72' lang='grc' dir='ltr'><strong>Εἴ</strong></span> <span class='ocrx_word' id='word_1_531' title='bbox 701 3303 785 3349; x_wconf 88' lang='grc' dir='ltr'><strong>τις</strong></span> <span class='ocrx_word' id='word_1_532' title='bbox 830 3286 976 3358; x_wconf 74' lang='grc' dir='ltr'>διψᾷ,</span> <span class='ocrx_word' id='word_1_533' title='bbox 1024 3288 1263 3360; x_wconf 84' lang='grc' dir='ltr'>ἐρχέσθω</span> <span class='ocrx_word' id='word_1_534' title='bbox 1309 3291 1447 3363; x_wconf 83' lang='grc' dir='ltr'>πρὸς</span> <span class='ocrx_word' id='word_1_535' title='bbox 1482 3294 1569 3363; x_wconf 83' lang='grc' dir='ltr'><strong>μὲ,</strong></span> <span class='ocrx_word' id='word_1_536' title='bbox 1616 3294 1703 3347; x_wconf 61' lang='grc' dir='ltr'><strong>καὶ</strong></span> 
     </span>
    </p>
   </div>
   <div class='ocr_carea' id='block_1_65' title="bbox 1806 3274 3369 3363">
    <p class='ocr_par' dir='ltr' id='par_1_65' title="bbox 1810 3287 3369 3361">
     <span class='ocr_line' id='line_1_65' title="bbox 1810 3287 3369 3361; baseline -0.006 -15"><span class='ocrx_word' id='word_1_537' title='bbox 1810 3290 2011 3358; x_wconf 62' lang='grc' dir='ltr'>ηοὶπαξ,</span> <span class='ocrx_word' id='word_1_538' title='bbox 2045 3298 2097 3344; x_wconf 90' lang='lat' dir='ltr'><strong>et</strong></span> <span class='ocrx_word' id='word_1_539' title='bbox 2126 3291 2348 3361; x_wconf 83' lang='lat' dir='ltr'><strong>glacies,</strong></span> <span class='ocrx_word' id='word_1_540' title='bbox 2377 3298 2430 3344; x_wconf 91' lang='lat' dir='ltr'><strong>ct</strong></span> <span class='ocrx_word' id='word_1_541' title='bbox 2454 3288 2625 3358; x_wconf 77' lang='lat' dir='ltr'><strong>frigus</strong></span> <span class='ocrx_word' id='word_1_542' title='bbox 2660 3287 2800 3342; x_wconf 81' lang='lat' dir='ltr'><strong>facta</strong></span> <span class='ocrx_word' id='word_1_543' title='bbox 2835 3295 2982 3346; x_wconf 81' lang='lat' dir='ltr'><strong>sunt.</strong></span> <span class='ocrx_word' id='word_1_544' title='bbox 3015 3287 3214 3355; x_wconf 86' lang='lat' dir='ltr'><strong>quippe</strong></span> <span class='ocrx_word' id='word_1_545' title='bbox 3246 3300 3369 3338; x_wconf 86' lang='lat' dir='ltr'><strong>cum</strong></span> 
     </span>
    </p>
   </div>
   <div class='ocr_carea' id='block_1_66' title="bbox 152 3372 1706 3455">
    <p class='ocr_par' dir='ltr' id='par_1_66' title="bbox 152 3372 1706 3455">
     <span class='ocr_line' id='line_1_66' title="bbox 152 3372 1706 3455; baseline 0.01 -34"><span class='ocrx_word' id='word_1_546' title='bbox 152 3372 344 3427; x_wconf 78' lang='grc' dir='ltr'>πινέτω.</span> <span class='ocrx_word' id='word_1_547' title='bbox 362 3394 381 3426; x_wconf 72' lang='grc' dir='ltr'><strong>ι</strong></span> <span class='ocrx_word' id='word_1_548' title='bbox 407 3375 567 3428; x_wconf 78' lang='grc' dir='ltr'>Μετὰ</span> <span class='ocrx_word' id='word_1_549' title='bbox 598 3375 727 3445; x_wconf 89' lang='grc' dir='ltr'>γοῦν</span> <span class='ocrx_word' id='word_1_550' title='bbox 755 3376 1100 3449; x_wconf 80' lang='grc' dir='ltr'>ἀνομὸρῆσαν</span> <span class='ocrx_word' id='word_1_551' title='bbox 1132 3380 1194 3432; x_wconf 84' lang='grc' dir='ltr'>ὲκ</span> <span class='ocrx_word' id='word_1_552' title='bbox 1220 3380 1319 3450; x_wconf 83' lang='grc' dir='ltr'>τῆς</span> <span class='ocrx_word' id='word_1_553' title='bbox 1356 3382 1658 3455; x_wconf 80' lang='grc' dir='ltr'>Ἰερουσαλὴ</span> <span class='ocrx_word' id='word_1_554' title='bbox 1668 3401 1706 3454; x_wconf 89' lang='grc' dir='ltr'><strong>μ</strong></span> 
     </span>
    </p>
   </div>
   <div class='ocr_carea' id='block_1_67' title="bbox 152 3463 1706 3542">
    <p class='ocr_par' dir='ltr' id='par_1_67' title="bbox 152 3463 1706 3542">
     <span class='ocr_line' id='line_1_67' title="bbox 152 3463 1706 3542; baseline 0.008 -27"><span class='ocrx_word' id='word_1_555' title='bbox 152 3463 229 3515; x_wconf 68' lang='grc' dir='ltr'><strong>ἐπὶ</strong></span> <span class='ocrx_word' id='word_1_556' title='bbox 266 3466 369 3518; x_wconf 77' lang='grc' dir='ltr'>πᾶν</span> <span class='ocrx_word' id='word_1_557' title='bbox 427 3466 584 3534; x_wconf 85' lang='grc' dir='ltr'>γένος</span> <span class='ocrx_word' id='word_1_558' title='bbox 644 3465 945 3537; x_wconf 85' lang='grc' dir='ltr'>ἀνθρώπων</span> <span class='ocrx_word' id='word_1_559' title='bbox 1028 3471 1293 3541; x_wconf 77' lang='grc' dir='ltr'>σωτήριον</span> <span class='ocrx_word' id='word_1_560' title='bbox 1342 3474 1437 3525; x_wconf 76' lang='grc' dir='ltr'><strong>καὶ</strong></span> <span class='ocrx_word' id='word_1_561' title='bbox 1496 3472 1706 3542; x_wconf 81' lang='grc' dir='ltr'>λογικὸν</span> 
     </span>
    </p>
   </div>
   <div class='ocr_carea' id='block_1_68' title="bbox 160 3554 1700 3630">
    <p class='ocr_par' dir='ltr' id='par_1_68' title="bbox 160 3554 1700 3630">
     <span class='ocr_line' id='line_1_68' title="bbox 160 3554 1700 3630; baseline 0.008 -28"><span class='ocrx_word' id='word_1_562' title='bbox 160 3554 305 3622; x_wconf 78' lang='grc' dir='ltr'>νᾶμα,</span> <span class='ocrx_word' id='word_1_563' title='bbox 342 3555 485 3628; x_wconf 73' lang='grc' dir='ltr'>ὅπερ</span> <span class='ocrx_word' id='word_1_564' title='bbox 519 3556 847 3627; x_wconf 81' lang='grc' dir='ltr'>σαφέστερον</span> <span class='ocrx_word' id='word_1_565' title='bbox 878 3559 934 3609; x_wconf 81' lang='grc' dir='ltr'>ὲν</span> <span class='ocrx_word' id='word_1_566' title='bbox 959 3557 1128 3629; x_wconf 78' lang='grc' dir='ltr'>ἑτέρῳ</span> <span class='ocrx_word' id='word_1_567' title='bbox 1175 3559 1423 3630; x_wconf 89' lang='grc' dir='ltr'>δηλοῦται</span> <span class='ocrx_word' id='word_1_568' title='bbox 1468 3562 1557 3614; x_wconf 77' lang='grc' dir='ltr'>διὰ</span> <span class='ocrx_word' id='word_1_569' title='bbox 1588 3563 1700 3615; x_wconf 87' lang='grc' dir='ltr'>τοῦ·</span> 
     </span>
    </p>
   </div>
   <div class='ocr_carea' id='block_1_69' title="bbox 163 3646 1704 3724">
    <p class='ocr_par' dir='ltr' id='par_1_69' title="bbox 163 3646 1704 3724">
     <span class='ocr_line' id='line_1_69' title="bbox 163 3646 1704 3724; baseline 0.006 -28"><span class='ocrx_word' id='word_1_570' title='bbox 163 3663 179 3696; x_wconf 76' lang='grc' dir='ltr'><strong>ι</strong></span> <span class='ocrx_word' id='word_1_571' title='bbox 197 3646 281 3698; x_wconf 80' lang='grc' dir='ltr'>Ἐκ</span> <span class='ocrx_word' id='word_1_572' title='bbox 304 3647 411 3719; x_wconf 77' lang='grc' dir='ltr'>γὰρ</span> <span class='ocrx_word' id='word_1_573' title='bbox 440 3646 577 3700; x_wconf 85' lang='grc' dir='ltr'>Σιὼν</span> <span class='ocrx_word' id='word_1_574' title='bbox 609 3646 946 3711; x_wconf 72' lang='grc' dir='ltr'>ἐξελεύσεται</span> <span class='ocrx_word' id='word_1_575' title='bbox 980 3648 1161 3720; x_wconf 91' lang='grc' dir='ltr'>νόμος,</span> <span class='ocrx_word' id='word_1_576' title='bbox 1196 3652 1289 3704; x_wconf 77' lang='grc' dir='ltr'><strong>καὶ</strong></span> <span class='ocrx_word' id='word_1_577' title='bbox 1313 3653 1483 3720; x_wconf 85' lang='grc' dir='ltr'>Λόγος</span> <span class='ocrx_word' id='word_1_578' title='bbox 1503 3654 1704 3724; x_wconf 84' lang='grc' dir='ltr'>Κυρίου</span> 
     </span>
    </p>
   </div>
   <div class='ocr_carea' id='block_1_70' title="bbox 155 3734 1700 3811">
    <p class='ocr_par' dir='ltr' id='par_1_70' title="bbox 155 3734 1700 3811">
     <span class='ocr_line' id='line_1_70' title="bbox 155 3734 1700 3811; baseline 0.005 -24"><span class='ocrx_word' id='word_1_579' title='bbox 155 3734 203 3800; x_wconf 65' lang='grc' dir='ltr'><strong>ἐξ</strong></span> <span class='ocrx_word' id='word_1_580' title='bbox 234 3736 602 3809; x_wconf 84' lang='grc' dir='ltr'>Ἰερουσαλὴμ,</span> <span class='ocrx_word' id='word_1_581' title='bbox 639 3740 732 3792; x_wconf 77' lang='grc' dir='ltr'><strong>καὶ</strong></span> <span class='ocrx_word' id='word_1_582' title='bbox 764 3743 939 3809; x_wconf 85' lang='grc' dir='ltr'>κρινεῖ</span> <span class='ocrx_word' id='word_1_583' title='bbox 982 3741 1083 3793; x_wconf 82' lang='grc' dir='ltr'>ἀνὰ</span> <span class='ocrx_word' id='word_1_584' title='bbox 1116 3742 1275 3811; x_wconf 85' lang='grc' dir='ltr'>μέσον</span> <span class='ocrx_word' id='word_1_585' title='bbox 1303 3743 1409 3796; x_wconf 82' lang='grc' dir='ltr'><strong>τῶν</strong></span> <span class='ocrx_word' id='word_1_586' title='bbox 1442 3744 1636 3797; x_wconf 80' lang='grc' dir='ltr'>ἐθνῶν·</span> <span class='ocrx_word' id='word_1_587' title='bbox 1682 3764 1700 3795; x_wconf 75' lang='grc' dir='ltr'><strong>ι</strong></span> 
     </span>
    </p>
   </div>
   <div class='ocr_carea' id='block_1_71' title="bbox 161 3828 1706 3902">
    <p class='ocr_par' dir='ltr' id='par_1_71' title="bbox 161 3828 1706 3902">
     <span class='ocr_line' id='line_1_71' title="bbox 161 3828 1706 3902; baseline 0.009 -26"><span class='ocrx_word' id='word_1_588' title='bbox 161 3828 397 3895; x_wconf 74' lang='grc' dir='ltr'>«Ἔσται,</span> <span class='ocrx_word' id='word_1_589' title='bbox 440 3832 607 3901; x_wconf 77' lang='grc' dir='ltr'>φησὶ,</span> <span class='ocrx_word' id='word_1_590' title='bbox 648 3830 852 3902; x_wconf 88' lang='grc' dir='ltr'>Κύριος</span> <span class='ocrx_word' id='word_1_591' title='bbox 915 3833 995 3895; x_wconf 84' lang='grc' dir='ltr'>εἰς</span> <span class='ocrx_word' id='word_1_592' title='bbox 1052 3832 1291 3902; x_wconf 79' lang='grc' dir='ltr'>βασιλέα.</span> <span class='ocrx_word' id='word_1_593' title='bbox 1325 3855 1343 3887; x_wconf 76' lang='grc' dir='ltr'><strong>ι</strong></span> <span class='ocrx_word' id='word_1_594' title='bbox 1388 3838 1501 3890; x_wconf 78' lang='grc' dir='ltr'>Οὐκ</span> <span class='ocrx_word' id='word_1_595' title='bbox 1556 3837 1706 3890; x_wconf 76' lang='grc' dir='ltr'>ἔσται</span> 
     </span>
    </p>
   </div>
   <div class='ocr_carea' id='block_1_72' title="bbox 154 3917 1703 3998">
    <p class='ocr_par' dir='ltr' id='par_1_72' title="bbox 154 3917 1703 3998">
     <span class='ocr_line' id='line_1_72' title="bbox 154 3917 1703 3998; baseline 0.009 -28"><span class='ocrx_word' id='word_1_596' title='bbox 154 3917 201 3971; x_wconf 76' lang='grc' dir='ltr'>δὲ</span> <span class='ocrx_word' id='word_1_597' title='bbox 240 3922 290 3974; x_wconf 80' lang='grc' dir='ltr'>ὲν</span> <span class='ocrx_word' id='word_1_598' title='bbox 340 3921 727 3992; x_wconf 83' lang='grc' dir='ltr'>Ἰερουσαλὴμ,</span> <span class='ocrx_word' id='word_1_599' title='bbox 784 3925 903 3976; x_wconf 81' lang='grc' dir='ltr'>οὐδὲ</span> <span class='ocrx_word' id='word_1_600' title='bbox 956 3925 1048 3978; x_wconf 72' lang='grc' dir='ltr'>ἐπὶ</span> <span class='ocrx_word' id='word_1_601' title='bbox 1100 3926 1160 3978; x_wconf 85' lang='grc' dir='ltr'>τὸ</span> <span class='ocrx_word' id='word_1_602' title='bbox 1214 3928 1480 3983; x_wconf 87' lang='grc' dir='ltr'>Ἰουδαίων</span> <span class='ocrx_word' id='word_1_603' title='bbox 1534 3929 1703 3998; x_wconf 75' lang='grc' dir='ltr'>ἔθνος,</span> 
     </span>
    </p>
   </div>
   <div class='ocr_carea' id='block_1_73' title="bbox 157 4010 1707 4092">
    <p class='ocr_par' dir='ltr' id='par_1_73' title="bbox 157 4010 1707 4092">
     <span class='ocr_line' id='line_1_73' title="bbox 157 4010 1707 4092; baseline 0.008 -29"><span class='ocrx_word' id='word_1_604' title='bbox 157 4010 269 4064; x_wconf 70' lang='grc' dir='ltr'>ἀλλὰ</span> <span class='ocrx_word' id='word_1_605' title='bbox 292 4031 309 4064; x_wconf 77' lang='grc' dir='ltr'><strong>ι</strong></span> <span class='ocrx_word' id='word_1_606' title='bbox 340 4015 433 4066; x_wconf 72' lang='grc' dir='ltr'>ἐπὶ</span> <span class='ocrx_word' id='word_1_607' title='bbox 454 4015 634 4067; x_wconf 76' lang='grc' dir='ltr'>πᾶσαν</span> <span class='ocrx_word' id='word_1_608' title='bbox 656 4015 750 4085; x_wconf 82' lang='grc' dir='ltr'><strong>τὴν</strong></span> <span class='ocrx_word' id='word_1_609' title='bbox 786 4016 888 4085; x_wconf 84' lang='grc' dir='ltr'>γῆν</span> <span class='ocrx_word' id='word_1_610' title='bbox 933 4019 989 4069; x_wconf 81' lang='grc' dir='ltr'><strong>ἐν</strong></span> <span class='ocrx_word' id='word_1_611' title='bbox 1020 4020 1088 4088; x_wconf 82' lang='grc' dir='ltr'>τῇ</span> <span class='ocrx_word' id='word_1_612' title='bbox 1124 4018 1305 4089; x_wconf 75' lang='grc' dir='ltr'>ἡμέρᾳ</span> <span class='ocrx_word' id='word_1_613' title='bbox 1348 4021 1549 4092; x_wconf 75' lang='grc' dir='ltr'>ἐκείνη.</span> <span class='ocrx_word' id='word_1_614' title='bbox 1599 4023 1707 4075; x_wconf 75' lang='grc' dir='ltr'><strong>Καὶ</strong></span> 
     </span>
    </p>
   </div>
   <div class='ocr_carea' id='block_1_74' title="bbox 158 4098 1705 4177">
    <p class='ocr_par' dir='ltr' id='par_1_74' title="bbox 158 4098 1705 4177">
     <span class='ocr_line' id='line_1_74' title="bbox 158 4098 1705 4177; baseline 0.007 -24"><span class='ocrx_word' id='word_1_615' title='bbox 158 4098 284 4154; x_wconf 67' lang='grc' dir='ltr'>ἔσται</span> <span class='ocrx_word' id='word_1_616' title='bbox 310 4104 518 4175; x_wconf 85' lang='grc' dir='ltr'>Κύριος</span> <span class='ocrx_word' id='word_1_617' title='bbox 566 4099 667 4171; x_wconf 72' lang='grc' dir='ltr'>εἷς,</span> <span class='ocrx_word' id='word_1_618' title='bbox 718 4106 810 4158; x_wconf 77' lang='grc' dir='ltr'><strong>καὶ</strong></span> <span class='ocrx_word' id='word_1_619' title='bbox 854 4106 914 4159; x_wconf 86' lang='grc' dir='ltr'><strong>τὸ</strong></span> <span class='ocrx_word' id='word_1_620' title='bbox 955 4107 1123 4177; x_wconf 64' lang='grc' dir='ltr'>ὄνομα</span> <span class='ocrx_word' id='word_1_621' title='bbox 1156 4108 1318 4161; x_wconf 81' lang='grc' dir='ltr'>αὑτοῦ</span> <span class='ocrx_word' id='word_1_622' title='bbox 1360 4110 1436 4173; x_wconf 79' lang='grc' dir='ltr'>ἓν,</span> <span class='ocrx_word' id='word_1_623' title='bbox 1478 4112 1705 4166; x_wconf 80' lang='grc' dir='ltr'>κυκλοῦν</span> 
     </span>
    </p>
   </div>
   <div class='ocr_carea' id='block_1_75' title="bbox 159 4193 1705 4269">
    <p class='ocr_par' dir='ltr' id='par_1_75' title="bbox 159 4193 1705 4269">
     <span class='ocr_line' id='line_1_75' title="bbox 159 4193 1705 4269; baseline 0.009 -28"><span class='ocrx_word' id='word_1_624' title='bbox 159 4193 310 4248; x_wconf 80' lang='grc' dir='ltr'>πᾶσαν</span> <span class='ocrx_word' id='word_1_625' title='bbox 338 4196 438 4267; x_wconf 74' lang='grc' dir='ltr'>τὴν</span> <span class='ocrx_word' id='word_1_626' title='bbox 475 4196 600 4265; x_wconf 75' lang='grc' dir='ltr'>γῆν.</span> <span class='ocrx_word' id='word_1_627' title='bbox 639 4217 657 4246; x_wconf 67' lang='grc' dir='ltr'><strong>ι</strong></span> <span class='ocrx_word' id='word_1_628' title='bbox 698 4198 763 4249; x_wconf 68' lang='grc' dir='ltr'><strong>Ἀ</strong></span> <span class='ocrx_word' id='word_1_629' title='bbox 799 4199 895 4250; x_wconf 72' lang='grc' dir='ltr'><strong>καὶ</strong></span> <span class='ocrx_word' id='word_1_630' title='bbox 932 4198 1067 4250; x_wconf 77' lang='grc' dir='ltr'>αὐτὰ</span> <span class='ocrx_word' id='word_1_631' title='bbox 1097 4199 1307 4269; x_wconf 83' lang='grc' dir='ltr'>συνᾴδει</span> <span class='ocrx_word' id='word_1_632' title='bbox 1335 4203 1445 4263; x_wconf 83' lang='grc' dir='ltr'>τοῖς</span> <span class='ocrx_word' id='word_1_633' title='bbox 1470 4200 1575 4254; x_wconf 85' lang='grc' dir='ltr'>ἀπὸ</span> <span class='ocrx_word' id='word_1_634' title='bbox 1598 4201 1705 4255; x_wconf 84' lang='grc' dir='ltr'><strong>τῶν</strong></span> 
     </span>
    </p>
   </div>
   <div class='ocr_carea' id='block_1_76' title="bbox 166 4280 1704 4358">
    <p class='ocr_par' dir='ltr' id='par_1_76' title="bbox 166 4280 1704 4358">
     <span class='ocr_line' id='line_1_76' title="bbox 166 4280 1704 4358; baseline 0.008 -25"><span class='ocrx_word' id='word_1_635' title='bbox 166 4284 396 4353; x_wconf 62' lang='grc' dir='ltr'><strong>Ψαλμῶν</strong></span> <span class='ocrx_word' id='word_1_636' title='bbox 430 4286 801 4358; x_wconf 81' lang='grc' dir='ltr'>παρατεθεῐσι,</span> <span class='ocrx_word' id='word_1_637' title='bbox 828 4287 893 4340; x_wconf 82' lang='grc' dir='ltr'>δι’</span> <span class='ocrx_word' id='word_1_638' title='bbox 918 4280 990 4341; x_wconf 84' lang='grc' dir='ltr'>ὧν</span> <span class='ocrx_word' id='word_1_639' title='bbox 1023 4287 1260 4357; x_wconf 66' lang='grc' dir='ltr'>ἐλέγετο·</span> <span class='ocrx_word' id='word_1_640' title='bbox 1288 4309 1305 4341; x_wconf 73' lang='grc' dir='ltr'><strong>ι</strong></span> <span class='ocrx_word' id='word_1_641' title='bbox 1330 4290 1704 4347; x_wconf 76' lang='grc' dir='ltr'>Ἐϐασίλευσεν</span> 
     </span>
    </p>
   </div>
   <div class='ocr_carea' id='block_1_77' title="bbox 157 4374 1704 4450">
    <p class='ocr_par' dir='ltr' id='par_1_77' title="bbox 157 4374 1704 4450">
     <span class='ocr_line' id='line_1_77' title="bbox 157 4374 1704 4450; baseline 0.006 -23"><span class='ocrx_word' id='word_1_642' title='bbox 157 4374 316 4441; x_wconf 73' lang='grc' dir='ltr'>ὀΘεὺς</span> <span class='ocrx_word' id='word_1_643' title='bbox 346 4381 441 4432; x_wconf 71' lang='grc' dir='ltr'>ἐπὶ</span> <span class='ocrx_word' id='word_1_644' title='bbox 463 4380 530 4432; x_wconf 79' lang='grc' dir='ltr'>τὰ</span> <span class='ocrx_word' id='word_1_645' title='bbox 566 4379 692 4450; x_wconf 77' lang='grc' dir='ltr'>ἔθνη</span> <span class='ocrx_word' id='word_1_646' title='bbox 721 4397 734 4409; x_wconf 91' lang='grc'><strong>·</strong></span> <span class='ocrx_word' id='word_1_647' title='bbox 774 4400 792 4431; x_wconf 80' lang='grc' dir='ltr'><strong>ι</strong></span> <span class='ocrx_word' id='word_1_648' title='bbox 820 4382 913 4433; x_wconf 70' lang='grc' dir='ltr'><strong>καὶ</strong></span> <span class='ocrx_word' id='word_1_649' title='bbox 942 4381 1134 4434; x_wconf 74' lang='grc' dir='ltr'>πάλιν·</span> <span class='ocrx_word' id='word_1_650' title='bbox 1178 4400 1196 4433; x_wconf 76' lang='grc' dir='ltr'><strong>ι</strong></span> <span class='ocrx_word' id='word_1_651' title='bbox 1223 4380 1427 4435; x_wconf 70' lang='grc' dir='ltr'>Εἴπατε</span> <span class='ocrx_word' id='word_1_652' title='bbox 1483 4384 1542 4437; x_wconf 82' lang='grc' dir='ltr'>ὲν</span> <span class='ocrx_word' id='word_1_653' title='bbox 1590 4388 1704 4449; x_wconf 83' lang='grc' dir='ltr'>τοῖς</span> 
     </span>
    </p>
   </div>
   <div class='ocr_carea' id='block_1_78' title="bbox 159 4467 1701 4549">
    <p class='ocr_par' dir='ltr' id='par_1_78' title="bbox 159 4467 1701 4549">
     <span class='ocr_line' id='line_1_78' title="bbox 159 4467 1701 4549; baseline 0.008 -31"><span class='ocrx_word' id='word_1_654' title='bbox 159 4467 365 4524; x_wconf 75' lang='grc' dir='ltr'>ἔθνεσιν·</span> <span class='ocrx_word' id='word_1_655' title='bbox 435 4473 492 4525; x_wconf 92' lang='grc' dir='ltr'>Ὁ</span> <span class='ocrx_word' id='word_1_656' title='bbox 538 4472 741 4546; x_wconf 86' lang='grc' dir='ltr'>Κύριος</span> <span class='ocrx_word' id='word_1_657' title='bbox 798 4473 1131 4529; x_wconf 77' lang='grc' dir='ltr'>ἐϐασίλευσε.</span> <span class='ocrx_word' id='word_1_658' title='bbox 1170 4495 1189 4527; x_wconf 75' lang='grc' dir='ltr'><strong>ι</strong></span> <span class='ocrx_word' id='word_1_659' title='bbox 1249 4474 1431 4528; x_wconf 86' lang='grc' dir='ltr'>Ταῦτα</span> <span class='ocrx_word' id='word_1_660' title='bbox 1472 4477 1528 4529; x_wconf 87' lang='grc' dir='ltr'><strong>δὲ</strong></span> <span class='ocrx_word' id='word_1_661' title='bbox 1568 4477 1701 4549; x_wconf 85' lang='grc' dir='ltr'>ὁμοῦ</span> 
     </span>
    </p>
   </div>
   <div class='ocr_carea' id='block_1_79' title="bbox 159 4557 1703 4641">
    <p class='ocr_par' dir='ltr' id='par_1_79' title="bbox 159 4557 1703 4641">
     <span class='ocr_line' id='line_1_79' title="bbox 159 4557 1703 4641; baseline 0.01 -32"><span class='ocrx_word' id='word_1_662' title='bbox 159 4557 309 4615; x_wconf 71' lang='grc' dir='ltr'>πάντα</span> <span class='ocrx_word' id='word_1_663' title='bbox 345 4565 403 4617; x_wconf 82' lang='grc' dir='ltr'>ὲν</span> <span class='ocrx_word' id='word_1_664' title='bbox 438 4566 557 4626; x_wconf 85' lang='grc' dir='ltr'>ταῖς</span> <span class='ocrx_word' id='word_1_665' title='bbox 598 4564 689 4617; x_wconf 85' lang='grc' dir='ltr'><strong>τοῦ</strong></span> <span class='ocrx_word' id='word_1_666' title='bbox 722 4565 924 4636; x_wconf 83' lang='grc' dir='ltr'>Κυρίου</span> <span class='ocrx_word' id='word_1_667' title='bbox 957 4566 1191 4636; x_wconf 80' lang='grc' dir='ltr'>ἡμέραις</span> <span class='ocrx_word' id='word_1_668' title='bbox 1236 4565 1449 4622; x_wconf 78' lang='grc' dir='ltr'>ἔσεσθαι</span> <span class='ocrx_word' id='word_1_669' title='bbox 1492 4586 1703 4641; x_wconf 80' lang='grc' dir='ltr'>προφη-</span> 
     </span>
    </p>
   </div>
   <div class='ocr_carea' id='block_1_80' title="bbox 156 4650 1698 4729">
    <p class='ocr_par' dir='ltr' id='par_1_80' title="bbox 156 4650 1698 4729">
     <span class='ocr_line' id='line_1_80' title="bbox 156 4650 1698 4729; baseline 0.01 -32"><span class='ocrx_word' id='word_1_670' title='bbox 156 4650 360 4709; x_wconf 81' lang='grc' dir='ltr'>τεύεται.</span> <span class='ocrx_word' id='word_1_671' title='bbox 405 4655 494 4711; x_wconf 83' lang='grc' dir='ltr'>Ἐν</span> <span class='ocrx_word' id='word_1_672' title='bbox 528 4656 668 4726; x_wconf 81' lang='grc' dir='ltr'>ἀρχῇ</span> <span class='ocrx_word' id='word_1_673' title='bbox 694 4654 824 4724; x_wconf 81' lang='grc' dir='ltr'>γοῦν</span> <span class='ocrx_word' id='word_1_674' title='bbox 849 4656 946 4726; x_wconf 79' lang='grc' dir='ltr'><strong>τῆς</strong></span> <span class='ocrx_word' id='word_1_675' title='bbox 971 4656 1097 4726; x_wconf 79' lang='grc' dir='ltr'>ὅλης</span> <span class='ocrx_word' id='word_1_676' title='bbox 1132 4658 1481 4729; x_wconf 82' lang='grc' dir='ltr'>προφητείας,</span> <span class='ocrx_word' id='word_1_677' title='bbox 1530 4678 1547 4710; x_wconf 76' lang='grc' dir='ltr'><strong>ι</strong></span> <span class='ocrx_word' id='word_1_678' title='bbox 1570 4660 1698 4713; x_wconf 80' lang='grc' dir='ltr'>Ἰδοὺ</span> 
     </span>
    </p>
   </div>
   <div class='ocr_carea' id='block_1_81' title="bbox 155 4740 1693 4817">
    <p class='ocr_par' dir='ltr' id='par_1_81' title="bbox 155 4740 1693 4817">
     <span class='ocr_line' id='line_1_81' title="bbox 155 4740 1693 4817; baseline 0.003 -21"><span class='ocrx_word' id='word_1_679' title='bbox 155 4740 361 4815; x_wconf 72' lang='grc' dir='ltr'>ἡμέραι,</span> <span class='ocrx_word' id='word_1_680' title='bbox 418 4745 603 4816; x_wconf 73' lang='grc' dir='ltr'>φησὶν,</span> <span class='ocrx_word' id='word_1_681' title='bbox 661 4744 907 4816; x_wconf 77' lang='grc' dir='ltr'>ἔρχονται</span> <span class='ocrx_word' id='word_1_682' title='bbox 955 4745 1048 4798; x_wconf 90' lang='grc' dir='ltr'><strong>τοῦ</strong></span> <span class='ocrx_word' id='word_1_683' title='bbox 1102 4747 1326 4817; x_wconf 85' lang='grc' dir='ltr'>Κυρίου,</span> <span class='ocrx_word' id='word_1_684' title='bbox 1383 4748 1474 4799; x_wconf 80' lang='grc' dir='ltr'><strong>καὶ</strong></span> <span class='ocrx_word' id='word_1_685' title='bbox 1538 4747 1693 4800; x_wconf 79' lang='grc' dir='ltr'>ἔσται</span> 
     </span>
    </p>
   </div>
   <div class='ocr_carea' id='block_1_82' title="bbox 106 4831 1700 4911">
    <p class='ocr_par' dir='ltr' id='par_1_82' title="bbox 106 4831 1700 4911">
     <span class='ocr_line' id='line_1_82' title="bbox 106 4831 1700 4911; baseline -0.003 -14"><span class='ocrx_word' id='word_1_686' title='bbox 106 4896 109 4897; x_wconf 65' lang='lat'><strong>,</strong></span> <span class='ocrx_word' id='word_1_687' title='bbox 157 4831 278 4889; x_wconf 69' lang='grc' dir='ltr'>τάδε.</span> <span class='ocrx_word' id='word_1_688' title='bbox 300 4857 318 4889; x_wconf 84' lang='grc'><strong>›</strong></span> <span class='ocrx_word' id='word_1_689' title='bbox 366 4837 504 4890; x_wconf 90' lang='grc' dir='ltr'>Τίνα</span> <span class='ocrx_word' id='word_1_690' title='bbox 549 4837 611 4908; x_wconf 83' lang='grc' dir='ltr'>δὴ</span> <span class='ocrx_word' id='word_1_691' title='bbox 659 4837 831 4891; x_wconf 88' lang='grc' dir='ltr'>ταῦτα</span> <span class='ocrx_word' id='word_1_692' title='bbox 862 4837 977 4904; x_wconf 73' lang='grc' dir='ltr'>ἀλλ’</span> <span class='ocrx_word' id='word_1_693' title='bbox 1012 4837 1047 4908; x_wconf 79' lang='grc' dir='ltr'>ἢ</span> <span class='ocrx_word' id='word_1_694' title='bbox 1078 4839 1110 4908; x_wconf 90' lang='grc' dir='ltr'><strong>ἡ</strong></span> <span class='ocrx_word' id='word_1_695' title='bbox 1141 4837 1423 4911; x_wconf 86' lang='grc' dir='ltr'>πολιορκία</span> <span class='ocrx_word' id='word_1_696' title='bbox 1455 4839 1556 4910; x_wconf 79' lang='grc' dir='ltr'><strong>τῆς</strong></span> <span class='ocrx_word' id='word_1_697' title='bbox 1602 4841 1700 4892; x_wconf 75' lang='grc' dir='ltr'><strong>Ὶεο</strong></span> 
     </span>
    </p>
   </div>
   <div class='ocr_carea' id='block_1_83' title="bbox 161 4926 1700 4999">
    <p class='ocr_par' dir='ltr' id='par_1_83' title="bbox 161 4926 1700 4999">
     <span class='ocr_line' id='line_1_83' title="bbox 161 4926 1700 4999; baseline 0.005 -23"><span class='ocrx_word' id='word_1_698' title='bbox 161 4926 427 4999; x_wconf 81' lang='grc' dir='ltr'>ρουσαλὴμ,</span> <span class='ocrx_word' id='word_1_699' title='bbox 462 4928 557 4980; x_wconf 75' lang='grc' dir='ltr'><strong>καὶ</strong></span> <span class='ocrx_word' id='word_1_700' title='bbox 588 4929 620 4999; x_wconf 90' lang='grc' dir='ltr'><strong>ἡ</strong></span> <span class='ocrx_word' id='word_1_701' title='bbox 650 4926 741 4981; x_wconf 89' lang='grc' dir='ltr'><strong>τοῦ</strong></span> <span class='ocrx_word' id='word_1_702' title='bbox 770 4926 973 4997; x_wconf 89' lang='grc' dir='ltr'>Κυρίου</span> <span class='ocrx_word' id='word_1_703' title='bbox 1015 4927 1344 4998; x_wconf 79' lang='grc' dir='ltr'>μετάστασις</span> <span class='ocrx_word' id='word_1_704' title='bbox 1374 4930 1468 4982; x_wconf 68' lang='grc' dir='ltr'><strong>ἐπὶ</strong></span> <span class='ocrx_word' id='word_1_705' title='bbox 1496 4931 1557 4982; x_wconf 80' lang='grc' dir='ltr'><strong>τὸ</strong></span> <span class='ocrx_word' id='word_1_706' title='bbox 1593 4930 1700 4985; x_wconf 84' lang='grc' dir='ltr'>τῶν</span> 
     </span>
    </p>
   </div>
   <div class='ocr_carea' id='block_1_84' title="bbox 167 5011 1699 5090">
    <p class='ocr_par' dir='ltr' id='par_1_84' title="bbox 167 5011 1699 5090">
     <span class='ocr_line' id='line_1_84' title="bbox 167 5011 1699 5090; baseline 0.005 -25"><span class='ocrx_word' id='word_1_707' title='bbox 167 5011 364 5070; x_wconf 81' lang='grc' dir='ltr'>Ἐλαιῶν</span> <span class='ocrx_word' id='word_1_708' title='bbox 404 5018 551 5090; x_wconf 79' lang='grc' dir='ltr'>ὅρος,</span> <span class='ocrx_word' id='word_1_709' title='bbox 597 5018 690 5071; x_wconf 71' lang='grc' dir='ltr'><strong>καὶ</strong></span> <span class='ocrx_word' id='word_1_710' title='bbox 731 5018 812 5082; x_wconf 87' lang='grc' dir='ltr'><strong>τὸ,</strong></span> <span class='ocrx_word' id='word_1_711' title='bbox 854 5018 1158 5089; x_wconf 79' lang='grc' dir='ltr'>ιΠαρέσται</span> <span class='ocrx_word' id='word_1_712' title='bbox 1186 5019 1409 5090; x_wconf 88' lang='grc' dir='ltr'>Κύριος,</span> <span class='ocrx_word' id='word_1_713' title='bbox 1434 5039 1454 5072; x_wconf 77' lang='grc' dir='ltr'><strong>ι</strong></span> <span class='ocrx_word' id='word_1_714' title='bbox 1505 5020 1597 5073; x_wconf 80' lang='grc' dir='ltr'><strong>καὶ</strong></span> <span class='ocrx_word' id='word_1_715' title='bbox 1631 5020 1699 5073; x_wconf 85' lang='grc' dir='ltr'>τὰ</span> 
     </span>
    </p>
   </div>
   <div class='ocr_carea' id='block_1_85' title="bbox 160 5104 1696 5181">
    <p class='ocr_par' dir='ltr' id='par_1_85' title="bbox 160 5104 1696 5181">
     <span class='ocr_line' id='line_1_85' title="bbox 160 5104 1696 5181; baseline 0.008 -29"><span class='ocrx_word' id='word_1_716' title='bbox 160 5104 515 5178; x_wconf 75' lang='grc' dir='ltr'>συμϐεϐηκότα</span> <span class='ocrx_word' id='word_1_717' title='bbox 551 5109 679 5180; x_wconf 73' lang='grc' dir='ltr'>περὶ</span> <span class='ocrx_word' id='word_1_718' title='bbox 725 5110 824 5180; x_wconf 82' lang='grc' dir='ltr'>τὴν</span> <span class='ocrx_word' id='word_1_719' title='bbox 860 5111 1073 5181; x_wconf 83' lang='grc' dir='ltr'>ἡμέραν</span> <span class='ocrx_word' id='word_1_720' title='bbox 1110 5110 1203 5163; x_wconf 86' lang='grc' dir='ltr'><strong>τοῦ</strong></span> <span class='ocrx_word' id='word_1_721' title='bbox 1251 5110 1457 5176; x_wconf 87' lang='grc' dir='ltr'>πάθους</span> <span class='ocrx_word' id='word_1_722' title='bbox 1500 5111 1696 5178; x_wconf 73' lang='grc' dir='ltr'>αὐτοῦς</span> 
     </span>
    </p>
   </div>
   <div class='ocr_carea' id='block_1_86' title="bbox 160 5193 1697 5273">
    <p class='ocr_par' dir='ltr' id='par_1_86' title="bbox 160 5193 1697 5273">
     <span class='ocr_line' id='line_1_86' title="bbox 160 5193 1697 5273; baseline 0.003 -22"><span class='ocrx_word' id='word_1_723' title='bbox 160 5193 235 5243; x_wconf 74' lang='grc' dir='ltr'>καὶ</span> <span class='ocrx_word' id='word_1_724' title='bbox 266 5198 319 5251; x_wconf 82' lang='grc' dir='ltr'><strong>τὸ</strong></span> <span class='ocrx_word' id='word_1_725' title='bbox 350 5198 459 5262; x_wconf 79' lang='grc' dir='ltr'>ζῶν</span> <span class='ocrx_word' id='word_1_726' title='bbox 494 5198 658 5271; x_wconf 73' lang='grc' dir='ltr'>ὕδωρ,</span> <span class='ocrx_word' id='word_1_727' title='bbox 699 5200 759 5253; x_wconf 87' lang='grc' dir='ltr'><strong>τὸ</strong></span> <span class='ocrx_word' id='word_1_728' title='bbox 798 5201 1338 5273; x_wconf 61' lang='grc' dir='ltr'>ὲπὶπᾶσανηρεῦσαν</span> <span class='ocrx_word' id='word_1_729' title='bbox 1385 5202 1482 5273; x_wconf 81' lang='grc' dir='ltr'>τὴν</span> <span class='ocrx_word' id='word_1_730' title='bbox 1519 5206 1697 5256; x_wconf 86' lang='grc' dir='ltr'>οίκου-</span> 
     </span>
    </p>
   </div>
   <div class='ocr_carea' id='block_1_87' title="bbox 160 5283 1698 5364">
    <p class='ocr_par' dir='ltr' id='par_1_87' title="bbox 160 5283 1698 5364">
     <span class='ocr_line' id='line_1_87' title="bbox 160 5283 1698 5364; baseline 0.007 -26"><span class='ocrx_word' id='word_1_731' title='bbox 160 5283 337 5356; x_wconf 75' lang='grc' dir='ltr'>μένηνς</span> <span class='ocrx_word' id='word_1_732' title='bbox 376 5292 469 5344; x_wconf 66' lang='grc' dir='ltr'>καὶ</span> <span class='ocrx_word' id='word_1_733' title='bbox 502 5292 596 5344; x_wconf 83' lang='grc' dir='ltr'>ὲπὶ</span> <span class='ocrx_word' id='word_1_734' title='bbox 622 5294 753 5346; x_wconf 80' lang='grc' dir='ltr'>πᾶσι</span> <span class='ocrx_word' id='word_1_735' title='bbox 780 5292 990 5357; x_wconf 84' lang='grc' dir='ltr'>τούτοις</span> <span class='ocrx_word' id='word_1_736' title='bbox 1015 5296 1047 5364; x_wconf 91' lang='grc' dir='ltr'><strong>ἡ</strong></span> <span class='ocrx_word' id='word_1_737' title='bbox 1072 5294 1315 5364; x_wconf 81' lang='grc' dir='ltr'>βασιλεία</span> <span class='ocrx_word' id='word_1_738' title='bbox 1347 5295 1562 5348; x_wconf 75' lang='grc' dir='ltr'>πάντων</span> <span class='ocrx_word' id='word_1_739' title='bbox 1592 5295 1698 5349; x_wconf 84' lang='grc' dir='ltr'><strong>τῶν</strong></span> 
     </span>
    </p>
   </div>
   <div class='ocr_carea' id='block_1_88' title="bbox 160 5372 1698 5460">
    <p class='ocr_par' dir='ltr' id='par_1_88' title="bbox 160 5372 1698 5460">
     <span class='ocr_line' id='line_1_88' title="bbox 160 5372 1698 5460; baseline 0.01 -32"><span class='ocrx_word' id='word_1_740' title='bbox 160 5372 298 5431; x_wconf 73' lang='grc' dir='ltr'>ἐθνῶν</span> <span class='ocrx_word' id='word_1_741' title='bbox 347 5381 609 5453; x_wconf 80' lang='grc' dir='ltr'>ἄρχουσα,</span> <span class='ocrx_word' id='word_1_742' title='bbox 667 5385 761 5439; x_wconf 73' lang='grc' dir='ltr'><strong>καὶ</strong></span> <span class='ocrx_word' id='word_1_743' title='bbox 800 5386 861 5439; x_wconf 82' lang='grc' dir='ltr'><strong>τὸ</strong></span> <span class='ocrx_word' id='word_1_744' title='bbox 909 5386 1076 5457; x_wconf 80' lang='grc' dir='ltr'>ὄνομα</span> <span class='ocrx_word' id='word_1_745' title='bbox 1124 5387 1284 5440; x_wconf 83' lang='grc' dir='ltr'>αὐτοῦ</span> <span class='ocrx_word' id='word_1_746' title='bbox 1338 5388 1416 5453; x_wconf 86' lang='grc' dir='ltr'>ἓν,</span> <span class='ocrx_word' id='word_1_747' title='bbox 1458 5388 1698 5460; x_wconf 80' lang='grc' dir='ltr'>πληροῦν</span> 
     </span>
    </p>
   </div>
   <div class='ocr_carea' id='block_1_89' title="bbox 160 5464 1698 5550">
    <p class='ocr_par' dir='ltr' id='par_1_89' title="bbox 160 5464 1698 5550">
     <span class='ocr_line' id='line_1_89' title="bbox 160 5464 1698 5550; baseline 0.012 -35"><span class='ocrx_word' id='word_1_748' title='bbox 160 5464 309 5520; x_wconf 77' lang='grc' dir='ltr'>πᾶσαν</span> <span class='ocrx_word' id='word_1_749' title='bbox 348 5472 444 5543; x_wconf 77' lang='grc' dir='ltr'>τὴν</span> <span class='ocrx_word' id='word_1_750' title='bbox 473 5473 606 5543; x_wconf 80' lang='grc' dir='ltr'>γῆν;</span> <span class='ocrx_word' id='word_1_751' title='bbox 643 5475 782 5546; x_wconf 79' lang='grc' dir='ltr'>άπερ</span> <span class='ocrx_word' id='word_1_752' title='bbox 827 5477 1010 5532; x_wconf 86' lang='grc' dir='ltr'>ὁποίου</span> <span class='ocrx_word' id='word_1_753' title='bbox 1054 5478 1240 5542; x_wconf 83' lang='grc' dir='ltr'>τέλους</span> <span class='ocrx_word' id='word_1_754' title='bbox 1282 5478 1490 5550; x_wconf 72' lang='grc' dir='ltr'>ἔτυχεν,</span> <span class='ocrx_word' id='word_1_755' title='bbox 1523 5479 1597 5543; x_wconf 77' lang='grc' dir='ltr'>ὡς</span> <span class='ocrx_word' id='word_1_756' title='bbox 1642 5481 1698 5533; x_wconf 84' lang='grc' dir='ltr'><strong>έν</strong></span> 
     </span>
    </p>
   </div>
   <div class='ocr_carea' id='block_1_90' title="bbox 160 5550 1699 5640">
    <p class='ocr_par' dir='ltr' id='par_1_90' title="bbox 160 5550 1699 5640">
     <span class='ocr_line' id='line_1_90' title="bbox 160 5550 1699 5640; baseline 0.013 -35"><span class='ocrx_word' id='word_1_757' title='bbox 160 5550 358 5631; x_wconf 70' lang='grc' dir='ltr'>ἐπιτομῇ</span> <span class='ocrx_word' id='word_1_758' title='bbox 387 5562 757 5635; x_wconf 81' lang='grc' dir='ltr'>διειλήφαμεν.</span> <span class='ocrx_word' id='word_1_759' title='bbox 799 5568 1068 5640; x_wconf 78' lang='grc' dir='ltr'>Πρόδηλον</span> <span class='ocrx_word' id='word_1_760' title='bbox 1102 5569 1158 5621; x_wconf 82' lang='grc' dir='ltr'><strong>δὲ</strong></span> <span class='ocrx_word' id='word_1_761' title='bbox 1196 5571 1290 5622; x_wconf 74' lang='grc' dir='ltr'><strong>καὶ</strong></span> <span class='ocrx_word' id='word_1_762' title='bbox 1324 5571 1439 5633; x_wconf 82' lang='grc' dir='ltr'><strong>πῶς</strong></span> <span class='ocrx_word' id='word_1_763' title='bbox 1469 5570 1575 5624; x_wconf 77' lang='grc' dir='ltr'>άπὸ</span> <span class='ocrx_word' id='word_1_764' title='bbox 1602 5571 1699 5640; x_wconf 76' lang='grc' dir='ltr'>τῆς</span> 
     </span>
    </p>
   </div>
   <div class='ocr_carea' id='block_1_91' title="bbox 159 5642 1698 5734">
    <p class='ocr_par' dir='ltr' id='par_1_91' title="bbox 159 5642 1698 5734">
     <span class='ocr_line' id='line_1_91' title="bbox 159 5642 1698 5734; baseline 0.006 -28"><span class='ocrx_word' id='word_1_765' title='bbox 159 5642 237 5697; x_wconf 70' lang='grc' dir='ltr'>τοῦ</span> <span class='ocrx_word' id='word_1_766' title='bbox 259 5650 485 5723; x_wconf 83' lang='grc' dir='ltr'>Χριστοῦ</span> <span class='ocrx_word' id='word_1_767' title='bbox 531 5657 624 5710; x_wconf 89' lang='grc' dir='ltr'><strong>τοῦ</strong></span> <span class='ocrx_word' id='word_1_768' title='bbox 657 5658 792 5712; x_wconf 84' lang='grc' dir='ltr'>Θεοῦ</span> <span class='ocrx_word' id='word_1_769' title='bbox 838 5660 1224 5733; x_wconf 85' lang='grc' dir='ltr'>προσηγορίας,</span> <span class='ocrx_word' id='word_1_770' title='bbox 1268 5662 1327 5715; x_wconf 83' lang='grc' dir='ltr'><strong>τὸ</strong></span> <span class='ocrx_word' id='word_1_771' title='bbox 1360 5662 1698 5734; x_wconf 80' lang='grc' dir='ltr'>Χριστιανῶν</span> 
     </span>
    </p>
   </div>
   <div class='ocr_carea' id='block_1_92' title="bbox 1807 3376 3370 3445">
    <p class='ocr_par' dir='ltr' id='par_1_92' title="bbox 1807 3376 3370 3445">
     <span class='ocr_line' id='line_1_92' title="bbox 1807 3376 3370 3445; baseline -0.004 -8"><span class='ocrx_word' id='word_1_772' title='bbox 1807 3383 2023 3437; x_wconf 90' lang='lat' dir='ltr'><strong>illorum</strong></span> <span class='ocrx_word' id='word_1_773' title='bbox 2050 3396 2202 3435; x_wconf 90' lang='lat' dir='ltr'><strong>mens</strong></span> <span class='ocrx_word' id='word_1_774' title='bbox 2225 3379 2578 3434; x_wconf 89' lang='lat' dir='ltr'><strong>obtenebrata</strong></span> <span class='ocrx_word' id='word_1_775' title='bbox 2614 3379 2705 3443; x_wconf 91' lang='lat' dir='ltr'><strong>sit,</strong></span> <span class='ocrx_word' id='word_1_776' title='bbox 2741 3378 2878 3431; x_wconf 82' lang='lat' dir='ltr'><strong>adeo</strong></span> <span class='ocrx_word' id='word_1_777' title='bbox 2904 3385 2962 3430; x_wconf 91' lang='lat' dir='ltr'><strong>ut</strong></span> <span class='ocrx_word' id='word_1_778' title='bbox 2994 3376 3262 3445; x_wconf 82' lang='lat' dir='ltr'><strong>Evangelii</strong></span> <span class='ocrx_word' id='word_1_779' title='bbox 3288 3378 3370 3431; x_wconf 88' lang='lat' dir='ltr'><strong>lu-</strong></span> 
     </span>
    </p>
   </div>
   <div class='ocr_carea' id='block_1_93' title="bbox 1805 3465 3371 3534">
    <p class='ocr_par' dir='ltr' id='par_1_93' title="bbox 1805 3465 3371 3534">
     <span class='ocr_line' id='line_1_93' title="bbox 1805 3465 3371 3534; baseline -0.002 -12"><span class='ocrx_word' id='word_1_780' title='bbox 1805 3484 1930 3523; x_wconf 89' lang='lat' dir='ltr'><strong>men</strong></span> <span class='ocrx_word' id='word_1_781' title='bbox 1959 3468 2141 3522; x_wconf 87' lang='lat' dir='ltr'><strong>radios</strong></span> <span class='ocrx_word' id='word_1_782' title='bbox 2192 3468 2246 3521; x_wconf 91' lang='lat' dir='ltr'><strong>in</strong></span> <span class='ocrx_word' id='word_1_783' title='bbox 2280 3466 2444 3521; x_wconf 87' lang='lat' dir='ltr'><strong>corda</strong></span> <span class='ocrx_word' id='word_1_784' title='bbox 2496 3467 2711 3520; x_wconf 90' lang='lat' dir='ltr'><strong>illorum</strong></span> <span class='ocrx_word' id='word_1_785' title='bbox 2761 3468 3049 3521; x_wconf 87' lang='lat' dir='ltr'><strong>immittere</strong></span> <span class='ocrx_word' id='word_1_786' title='bbox 3080 3465 3371 3534; x_wconf 90' lang='lat' dir='ltr'><strong>nequierit,</strong></span> 
     </span>
    </p>
   </div>
   <div class='ocr_carea' id='block_1_94' title="bbox 1805 3557 3372 3630">
    <p class='ocr_par' dir='ltr' id='par_1_94' title="bbox 1805 3557 3372 3630">
     <span class='ocr_line' id='line_1_94' title="bbox 1805 3557 3372 3630; baseline -0.002 -16"><span class='ocrx_word' id='word_1_787' title='bbox 1805 3568 1859 3615; x_wconf 85' lang='lat' dir='ltr'><strong>et</strong></span> <span class='ocrx_word' id='word_1_788' title='bbox 1893 3560 2130 3614; x_wconf 84' lang='lat' dir='ltr'><strong>Charitas</strong></span> <span class='ocrx_word' id='word_1_789' title='bbox 2164 3574 2291 3630; x_wconf 85' lang='lat' dir='ltr'><strong>erga</strong></span> <span class='ocrx_word' id='word_1_790' title='bbox 2327 3558 2495 3613; x_wconf 90' lang='lat' dir='ltr'><strong>Deum</strong></span> <span class='ocrx_word' id='word_1_791' title='bbox 2550 3558 2621 3613; x_wconf 91' lang='lat' dir='ltr'><strong>sit</strong></span> <span class='ocrx_word' id='word_1_792' title='bbox 2658 3557 2993 3627; x_wconf 73' lang='lat' dir='ltr'><strong>refrigerata.</strong></span> <span class='ocrx_word' id='word_1_793' title='bbox 3050 3557 3372 3611; x_wconf 86' lang='lat' dir='ltr'><strong>Econtrario</strong></span> 
     </span>
    </p>
   </div>
   <div class='ocr_carea' id='block_1_95' title="bbox 1807 3647 3445 3721">
    <p class='ocr_par' dir='ltr' id='par_1_95' title="bbox 1807 3647 3445 3721">
     <span class='ocr_line' id='line_1_95' title="bbox 1807 3647 3445 3721; baseline -0.001 -16"><span class='ocrx_word' id='word_1_794' title='bbox 1807 3660 1987 3707; x_wconf 88' lang='lat' dir='ltr'><strong>autem</strong></span> <span class='ocrx_word' id='word_1_795' title='bbox 2032 3651 2100 3706; x_wconf 88' lang='lat' dir='ltr'><strong>ad</strong></span> <span class='ocrx_word' id='word_1_796' title='bbox 2142 3665 2425 3721; x_wconf 89' lang='lat' dir='ltr'><strong>vesperam</strong></span> <span class='ocrx_word' id='word_1_797' title='bbox 2459 3651 2642 3705; x_wconf 88' lang='lat' dir='ltr'><strong>lumen</strong></span> <span class='ocrx_word' id='word_1_798' title='bbox 2673 3649 3000 3721; x_wconf 81' lang='lat' dir='ltr'><strong>cognitionis</strong></span> <span class='ocrx_word' id='word_1_799' title='bbox 3043 3647 3246 3703; x_wconf 86' lang='lat' dir='ltr'><strong>Christi</strong></span> <span class='ocrx_word' id='word_1_800' title='bbox 3281 3662 3370 3703; x_wconf 57' lang='lat' dir='ltr'><strong>oro</strong></span> <span class='ocrx_word' id='word_1_801' title='bbox 3444 3670 3445 3673; x_wconf 48' lang='grc' dir='ltr'><strong>η</strong></span> 
     </span>
    </p>
   </div>
   <div class='ocr_carea' id='block_1_96' title="bbox 1806 3741 3372 3814">
    <p class='ocr_par' dir='ltr' id='par_1_96' title="bbox 1806 3741 3372 3814">
     <span class='ocr_line' id='line_1_96' title="bbox 1806 3741 3372 3814; baseline -0.001 -16"><span class='ocrx_word' id='word_1_802' title='bbox 1806 3754 1920 3799; x_wconf 92' lang='lat' dir='ltr'><strong>tum</strong></span> <span class='ocrx_word' id='word_1_803' title='bbox 1957 3754 2058 3807; x_wconf 86' lang='lat' dir='ltr'><strong>est,</strong></span> <span class='ocrx_word' id='word_1_804' title='bbox 2095 3745 2229 3801; x_wconf 91' lang='lat' dir='ltr'><strong>adeo</strong></span> <span class='ocrx_word' id='word_1_805' title='bbox 2256 3745 2372 3798; x_wconf 87' lang='lat' dir='ltr'><strong>utii</strong></span> <span class='ocrx_word' id='word_1_806' title='bbox 2403 3745 2494 3814; x_wconf 90' lang='lat' dir='ltr'><strong>qui</strong></span> <span class='ocrx_word' id='word_1_807' title='bbox 2538 3745 2664 3798; x_wconf 91' lang='lat' dir='ltr'><strong>olim</strong></span> <span class='ocrx_word' id='word_1_808' title='bbox 2702 3742 2757 3795; x_wconf 91' lang='lat' dir='ltr'><strong>in</strong></span> <span class='ocrx_word' id='word_1_809' title='bbox 2798 3741 3037 3796; x_wconf 87' lang='lat' dir='ltr'><strong>tenebris</strong></span> <span class='ocrx_word' id='word_1_810' title='bbox 3078 3750 3131 3796; x_wconf 88' lang='lat' dir='ltr'><strong>et</strong></span> <span class='ocrx_word' id='word_1_811' title='bbox 3178 3742 3372 3796; x_wconf 89' lang='lat' dir='ltr'><strong>umbra</strong></span> 
     </span>
    </p>
   </div>
   <div class='ocr_carea' id='block_1_97' title="bbox 1806 3832 3370 3902">
    <p class='ocr_par' dir='ltr' id='par_1_97' title="bbox 1806 3832 3370 3902">
     <span class='ocr_line' id='line_1_97' title="bbox 1806 3832 3370 3902; baseline 0 -15"><span class='ocrx_word' id='word_1_812' title='bbox 1806 3836 1996 3888; x_wconf 91' lang='lat' dir='ltr'><strong>mortis</strong></span> <span class='ocrx_word' id='word_1_813' title='bbox 2027 3835 2310 3900; x_wconf 86' lang='lat' dir='ltr'><strong>sedebant,</strong></span> <span class='ocrx_word' id='word_1_814' title='bbox 2338 3835 2520 3889; x_wconf 87' lang='lat' dir='ltr'><strong>lumen</strong></span> <span class='ocrx_word' id='word_1_815' title='bbox 2550 3833 2804 3895; x_wconf 89' lang='lat' dir='ltr'><strong>viderint,</strong></span> <span class='ocrx_word' id='word_1_816' title='bbox 2834 3832 2977 3886; x_wconf 86' lang='lat' dir='ltr'><strong>sicut</strong></span> <span class='ocrx_word' id='word_1_817' title='bbox 3008 3832 3149 3902; x_wconf 87' lang='lat' dir='ltr'><strong>apud</strong></span> <span class='ocrx_word' id='word_1_818' title='bbox 3177 3832 3370 3888; x_wconf 87' lang='lat' dir='ltr'><strong>Isaiam</strong></span> 
     </span>
    </p>
   </div>
   <div class='ocr_carea' id='block_1_98' title="bbox 1806 3921 3367 3993">
    <p class='ocr_par' dir='ltr' id='par_1_98' title="bbox 1806 3921 3367 3993">
     <span class='ocr_line' id='line_1_98' title="bbox 1806 3921 3367 3993; baseline 0.002 -19"><span class='ocrx_word' id='word_1_819' title='bbox 1806 3921 2125 3992; x_wconf 89' lang='lat' dir='ltr'><strong>prophetam</strong></span> <span class='ocrx_word' id='word_1_820' title='bbox 2183 3922 2445 3992; x_wconf 84' lang='lat' dir='ltr'><strong>scriptum</strong></span> <span class='ocrx_word' id='word_1_821' title='bbox 2493 3930 2577 3978; x_wconf 89' lang='lat' dir='ltr'><strong>est</strong></span> <span class='ocrx_word' id='word_1_822' title='bbox 2614 3942 2626 3976; x_wconf 90' lang='lat'><strong>:</strong></span> <span class='ocrx_word' id='word_1_823' title='bbox 2665 3941 2682 3972; x_wconf 82' lang='lat'><strong>(</strong></span> <span class='ocrx_word' id='word_1_824' title='bbox 2730 3922 2789 3975; x_wconf 89' lang='lat' dir='ltr'><strong>ln</strong></span> <span class='ocrx_word' id='word_1_825' title='bbox 2816 3922 2933 3992; x_wconf 89' lang='lat' dir='ltr'><strong>ipso</strong></span> <span class='ocrx_word' id='word_1_826' title='bbox 2962 3922 3124 3993; x_wconf 87' lang='lat' dir='ltr'><strong>igitur</strong></span> <span class='ocrx_word' id='word_1_827' title='bbox 3152 3922 3367 3977; x_wconf 89' lang='lat' dir='ltr'><strong>Domini</strong></span> 
     </span>
    </p>
   </div>
   <div class='ocr_carea' id='block_1_99' title="bbox 1806 4013 3371 4085">
    <p class='ocr_par' dir='ltr' id='par_1_99' title="bbox 1806 4013 3371 4085">
     <span class='ocr_line' id='line_1_99' title="bbox 1806 4013 3371 4085; baseline 0.003 -19"><span class='ocrx_word' id='word_1_828' title='bbox 1806 4013 2180 4081; x_wconf 85' lang='lat' dir='ltr'><strong>hujuscemodi</strong></span> <span class='ocrx_word' id='word_1_829' title='bbox 2242 4015 2347 4077; x_wconf 90' lang='lat' dir='ltr'><strong>die,</strong></span> <span class='ocrx_word' id='word_1_830' title='bbox 2382 4014 2709 4085; x_wconf 82' lang='lat' dir='ltr'><strong>egredietur,</strong></span> <span class='ocrx_word' id='word_1_831' title='bbox 2749 4015 2956 4085; x_wconf 87' lang='lat' dir='ltr'><strong>inquit,</strong></span> <span class='ocrx_word' id='word_1_832' title='bbox 3002 4030 3139 4085; x_wconf 88' lang='lat' dir='ltr'><strong>aqua</strong></span> <span class='ocrx_word' id='word_1_833' title='bbox 3184 4018 3371 4070; x_wconf 83' lang='lat' dir='ltr'><strong>vivens</strong></span> 
     </span>
    </p>
   </div>
   <div class='ocr_carea' id='block_1_100' title="bbox 1806 4102 3372 4161">
    <p class='ocr_par' dir='ltr' id='par_1_100' title="bbox 1806 4102 3372 4161">
     <span class='ocr_line' id='line_1_100' title="bbox 1806 4102 3372 4161; baseline 0.003 -5"><span class='ocrx_word' id='word_1_834' title='bbox 1806 4104 1873 4158; x_wconf 91' lang='lat' dir='ltr'><strong>de</strong></span> <span class='ocrx_word' id='word_1_835' title='bbox 1902 4102 2224 4159; x_wconf 80' lang='lat' dir='ltr'><strong>Jerusalem.</strong></span> <span class='ocrx_word' id='word_1_836' title='bbox 2266 4125 2283 4155; x_wconf 74' lang='lat' dir='ltr'><strong>i</strong></span> <span class='ocrx_word' id='word_1_837' title='bbox 2319 4104 2444 4159; x_wconf 66' lang='lat' dir='ltr'><strong>Haec</strong></span> <span class='ocrx_word' id='word_1_838' title='bbox 2475 4112 2653 4159; x_wconf 91' lang='lat' dir='ltr'><strong>autem</strong></span> <span class='ocrx_word' id='word_1_839' title='bbox 2685 4114 2768 4160; x_wconf 87' lang='lat' dir='ltr'><strong>est</strong></span> <span class='ocrx_word' id='word_1_840' title='bbox 2805 4107 3084 4161; x_wconf 89' lang='lat' dir='ltr'><strong>rationalis</strong></span> <span class='ocrx_word' id='word_1_841' title='bbox 3114 4114 3166 4161; x_wconf 91' lang='lat' dir='ltr'><strong>et</strong></span> <span class='ocrx_word' id='word_1_842' title='bbox 3191 4107 3256 4159; x_wconf 88' lang='lat' dir='ltr'><strong>ad</strong></span> <span class='ocrx_word' id='word_1_843' title='bbox 3293 4107 3372 4160; x_wconf 86' lang='lat' dir='ltr'><strong>bi—</strong></span> 
     </span>
    </p>
   </div>
   <div class='ocr_carea' id='block_1_101' title="bbox 1805 4196 3370 4268">
    <p class='ocr_par' dir='ltr' id='par_1_101' title="bbox 1805 4196 3370 4268">
     <span class='ocr_line' id='line_1_101' title="bbox 1805 4196 3370 4268; baseline 0.001 -17"><span class='ocrx_word' id='word_1_844' title='bbox 1805 4196 2041 4251; x_wconf 86' lang='lat' dir='ltr'><strong>bendum</strong></span> <span class='ocrx_word' id='word_1_845' title='bbox 2076 4198 2281 4264; x_wconf 84' lang='lat' dir='ltr'><strong>suavis,</strong></span> <span class='ocrx_word' id='word_1_846' title='bbox 2318 4206 2371 4253; x_wconf 92' lang='lat' dir='ltr'><strong>et</strong></span> <span class='ocrx_word' id='word_1_847' title='bbox 2400 4199 2565 4252; x_wconf 89' lang='lat' dir='ltr'><strong>vitam</strong></span> <span class='ocrx_word' id='word_1_848' title='bbox 2611 4197 2996 4268; x_wconf 89' lang='lat' dir='ltr'><strong>suppeditans,</strong></span> <span class='ocrx_word' id='word_1_849' title='bbox 3028 4207 3082 4253; x_wconf 89' lang='lat' dir='ltr'><strong>et</strong></span> <span class='ocrx_word' id='word_1_850' title='bbox 3116 4200 3370 4253; x_wconf 78' lang='lat' dir='ltr'><strong>salutaris</strong></span> 
     </span>
    </p>
   </div>
   <div class='ocr_carea' id='block_1_102' title="bbox 1804 4286 3371 4361">
    <p class='ocr_par' dir='ltr' id='par_1_102' title="bbox 1804 4286 3371 4361">
     <span class='ocr_line' id='line_1_102' title="bbox 1804 4286 3371 4361; baseline 0.002 -19"><span class='ocrx_word' id='word_1_851' title='bbox 1804 4286 2007 4344; x_wconf 82' lang='lat' dir='ltr'><strong>Christi</strong></span> <span class='ocrx_word' id='word_1_852' title='bbox 2034 4288 2296 4344; x_wconf 64' lang='lat' dir='ltr'><strong>doctrina:</strong></span> <span class='ocrx_word' id='word_1_853' title='bbox 2339 4292 2507 4360; x_wconf 89' lang='lat' dir='ltr'><strong>potio,</strong></span> <span class='ocrx_word' id='word_1_854' title='bbox 2549 4290 2616 4345; x_wconf 87' lang='lat' dir='ltr'><strong>de</strong></span> <span class='ocrx_word' id='word_1_855' title='bbox 2646 4307 2752 4360; x_wconf 88' lang='lat' dir='ltr'><strong>qua</strong></span> <span class='ocrx_word' id='word_1_856' title='bbox 2806 4293 2921 4360; x_wconf 90' lang='lat' dir='ltr'><strong>ipse</strong></span> <span class='ocrx_word' id='word_1_857' title='bbox 2974 4293 3029 4345; x_wconf 89' lang='lat' dir='ltr'><strong>in</strong></span> <span class='ocrx_word' id='word_1_858' title='bbox 3082 4290 3371 4361; x_wconf 87' lang='lat' dir='ltr'><strong>Evangelio</strong></span> 
     </span>
    </p>
   </div>
   <div class='ocr_carea' id='block_1_103' title="bbox 1806 4379 3372 4453">
    <p class='ocr_par' dir='ltr' id='par_1_103' title="bbox 1806 4379 3372 4453">
     <span class='ocr_line' id='line_1_103' title="bbox 1806 4379 3372 4453; baseline 0.002 -19"><span class='ocrx_word' id='word_1_859' title='bbox 1806 4379 1952 4450; x_wconf 87' lang='lat' dir='ltr'><strong>quod</strong></span> <span class='ocrx_word' id='word_1_860' title='bbox 2016 4379 2256 4437; x_wconf 86' lang='lat' dir='ltr'><strong>Joannes</strong></span> <span class='ocrx_word' id='word_1_861' title='bbox 2302 4383 2544 4453; x_wconf 82' lang='lat' dir='ltr'><strong>scripsit,</strong></span> <span class='ocrx_word' id='word_1_862' title='bbox 2601 4381 2997 4437; x_wconf 89' lang='lat' dir='ltr'><strong>Samaritanam</strong></span> <span class='ocrx_word' id='word_1_863' title='bbox 3050 4384 3196 4438; x_wconf 91' lang='lat' dir='ltr'><strong>illam</strong></span> <span class='ocrx_word' id='word_1_864' title='bbox 3249 4400 3372 4437; x_wconf 86' lang='lat' dir='ltr'><strong>mu-</strong></span> 
     </span>
    </p>
   </div>
   <div class='ocr_carea' id='block_1_104' title="bbox 1806 4470 3370 4542">
    <p class='ocr_par' dir='ltr' id='par_1_104' title="bbox 1806 4470 3370 4542">
     <span class='ocr_line' id='line_1_104' title="bbox 1806 4470 3370 4542; baseline 0.002 -18"><span class='ocrx_word' id='word_1_865' title='bbox 1806 4471 1991 4525; x_wconf 90' lang='lat' dir='ltr'><strong>lierem</strong></span> <span class='ocrx_word' id='word_1_866' title='bbox 2044 4471 2322 4526; x_wconf 91' lang='lat' dir='ltr'><strong>instruens</strong></span> <span class='ocrx_word' id='word_1_867' title='bbox 2365 4472 2709 4542; x_wconf 88' lang='lat' dir='ltr'><strong>loquebatur,</strong></span> <span class='ocrx_word' id='word_1_868' title='bbox 2746 4470 2932 4527; x_wconf 90' lang='lat' dir='ltr'><strong>dicens</strong></span> <span class='ocrx_word' id='word_1_869' title='bbox 2970 4491 2982 4527; x_wconf 90' lang='lat'>:</span> <span class='ocrx_word' id='word_1_870' title='bbox 3024 4490 3041 4522; x_wconf 80' lang='grc' dir='ltr'><strong><em>σ</em></strong></span> <span class='ocrx_word' id='word_1_871' title='bbox 3085 4472 3143 4525; x_wconf 90' lang='lat' dir='ltr'><strong>Si</strong></span> <span class='ocrx_word' id='word_1_872' title='bbox 3199 4473 3370 4527; x_wconf 76' lang='lat' dir='ltr'><strong>scires</strong></span> 
     </span>
    </p>
   </div>
   <div class='ocr_carea' id='block_1_105' title="bbox 1806 4561 3369 4633">
    <p class='ocr_par' dir='ltr' id='par_1_105' title="bbox 1806 4561 3369 4633">
     <span class='ocr_line' id='line_1_105' title="bbox 1806 4561 3369 4633; baseline 0.002 -18"><span class='ocrx_word' id='word_1_873' title='bbox 1806 4562 1930 4632; x_wconf 82' lang='lat' dir='ltr'><strong>quis</strong></span> <span class='ocrx_word' id='word_1_874' title='bbox 1955 4568 2040 4617; x_wconf 87' lang='lat' dir='ltr'><strong>est</strong></span> <span class='ocrx_word' id='word_1_875' title='bbox 2067 4561 2159 4631; x_wconf 89' lang='lat' dir='ltr'><strong>qui</strong></span> <span class='ocrx_word' id='word_1_876' title='bbox 2202 4561 2335 4616; x_wconf 88' lang='lat' dir='ltr'><strong>dicit</strong></span> <span class='ocrx_word' id='word_1_877' title='bbox 2368 4563 2466 4616; x_wconf 92' lang='lat' dir='ltr'><strong>tibi</strong></span> <span class='ocrx_word' id='word_1_878' title='bbox 2495 4578 2508 4613; x_wconf 88' lang='lat'><strong>:</strong></span> <span class='ocrx_word' id='word_1_879' title='bbox 2550 4562 2622 4615; x_wconf 89' lang='lat' dir='ltr'><strong>Da</strong></span> <span class='ocrx_word' id='word_1_880' title='bbox 2655 4562 2787 4615; x_wconf 90' lang='lat' dir='ltr'><strong>mihi</strong></span> <span class='ocrx_word' id='word_1_881' title='bbox 2819 4562 3026 4627; x_wconf 87' lang='lat' dir='ltr'><strong>bibere,</strong></span> <span class='ocrx_word' id='word_1_882' title='bbox 3051 4570 3108 4615; x_wconf 91' lang='lat' dir='ltr'><strong>tu</strong></span> <span class='ocrx_word' id='word_1_883' title='bbox 3140 4563 3369 4633; x_wconf 85' lang='lat' dir='ltr'><strong>petisses</strong></span> 
     </span>
    </p>
   </div>
   <div class='ocr_carea' id='block_1_106' title="bbox 1804 4654 3372 4727">
    <p class='ocr_par' dir='ltr' id='par_1_106' title="bbox 1804 4654 3372 4727">
     <span class='ocr_line' id='line_1_106' title="bbox 1804 4654 3372 4727; baseline 0 -17"><span class='ocrx_word' id='word_1_884' title='bbox 1804 4656 1872 4711; x_wconf 90' lang='lat' dir='ltr'><strong>ab</strong></span> <span class='ocrx_word' id='word_1_885' title='bbox 1905 4671 1990 4722; x_wconf 88' lang='lat' dir='ltr'><strong>eo,</strong></span> <span class='ocrx_word' id='word_1_886' title='bbox 2017 4655 2347 4713; x_wconf 89' lang='lat' dir='ltr'><strong>et-dedisset</strong></span> <span class='ocrx_word' id='word_1_887' title='bbox 2373 4657 2470 4711; x_wconf 91' lang='lat' dir='ltr'><strong>tibi</strong></span> <span class='ocrx_word' id='word_1_888' title='bbox 2507 4671 2701 4725; x_wconf 81' lang='lat' dir='ltr'><strong>aquam</strong></span> <span class='ocrx_word' id='word_1_889' title='bbox 2724 4656 2961 4709; x_wconf 77' lang='lat' dir='ltr'><strong>vivam&#39;.</strong></span> <span class='ocrx_word' id='word_1_890' title='bbox 2997 4675 3014 4708; x_wconf 77' lang='grc' dir='ltr'><strong>ι</strong></span> <span class='ocrx_word' id='word_1_891' title='bbox 3050 4654 3169 4727; x_wconf 88' lang='lat' dir='ltr'><strong>Ipsa</strong></span> <span class='ocrx_word' id='word_1_892' title='bbox 3204 4656 3372 4727; x_wconf 80' lang='lat' dir='ltr'><strong>igitur</strong></span> 
     </span>
    </p>
   </div>
   <div class='ocr_carea' id='block_1_107' title="bbox 1804 4747 3371 4820">
    <p class='ocr_par' dir='ltr' id='par_1_107' title="bbox 1804 4747 3371 4820">
     <span class='ocr_line' id='line_1_107' title="bbox 1804 4747 3371 4820; baseline 0.001 -18"><span class='ocrx_word' id='word_1_893' title='bbox 1804 4749 1919 4804; x_wconf 68' lang='lat' dir='ltr'><strong>haac</strong></span> <span class='ocrx_word' id='word_1_894' title='bbox 1958 4749 2217 4805; x_wconf 88' lang='lat' dir='ltr'><strong>salutaris</strong></span> <span class='ocrx_word' id='word_1_895' title='bbox 2267 4750 2417 4820; x_wconf 91' lang='lat' dir='ltr'><strong>potio</strong></span> <span class='ocrx_word' id='word_1_896' title='bbox 2458 4749 2525 4803; x_wconf 91' lang='lat' dir='ltr'><strong>de</strong></span> <span class='ocrx_word' id='word_1_897' title='bbox 2573 4748 2871 4804; x_wconf 87' lang='lat' dir='ltr'><strong>Jerusalem</strong></span> <span class='ocrx_word' id='word_1_898' title='bbox 2906 4748 3163 4819; x_wconf 80' lang='lat' dir='ltr'><strong>proﬂuxit</strong></span> <span class='ocrx_word' id='word_1_899' title='bbox 3196 4768 3208 4804; x_wconf 90' lang='lat'><strong>:</strong></span> <span class='ocrx_word' id='word_1_900' title='bbox 3246 4747 3371 4804; x_wconf 89' lang='lat' dir='ltr'><strong>inde</strong></span> 
     </span>
    </p>
   </div>
   <div class='ocr_carea' id='block_1_108' title="bbox 1802 4840 3369 4912">
    <p class='ocr_par' dir='ltr' id='par_1_108' title="bbox 1802 4840 3369 4912">
     <span class='ocr_line' id='line_1_108' title="bbox 1802 4840 3369 4912; baseline 0.002 -18"><span class='ocrx_word' id='word_1_901' title='bbox 1802 4840 1951 4896; x_wconf 90' lang='lat' dir='ltr'><strong>illius</strong></span> <span class='ocrx_word' id='word_1_902' title='bbox 1984 4841 2286 4911; x_wconf 81' lang='lat' dir='ltr'><strong>profectum</strong></span> <span class='ocrx_word' id='word_1_903' title='bbox 2316 4848 2400 4897; x_wconf 89' lang='lat' dir='ltr'><strong>est</strong></span> <span class='ocrx_word' id='word_1_904' title='bbox 2434 4840 2879 4912; x_wconf 84' lang='lat' dir='ltr'><strong>Evangelium,et</strong></span> <span class='ocrx_word' id='word_1_905' title='bbox 2922 4842 3067 4897; x_wconf 86' lang='lat' dir='ltr'><strong>illius</strong></span> <span class='ocrx_word' id='word_1_906' title='bbox 3108 4844 3282 4897; x_wconf 92' lang='lat' dir='ltr'><strong>nuntii</strong></span> <span class='ocrx_word' id='word_1_907' title='bbox 3315 4851 3369 4897; x_wconf 87' lang='lat' dir='ltr'><strong>et</strong></span> 
     </span>
    </p>
   </div>
   <div class='ocr_carea' id='block_1_109' title="bbox 1801 4932 3367 5003">
    <p class='ocr_par' dir='ltr' id='par_1_109' title="bbox 1801 4932 3367 5003">
     <span class='ocr_line' id='line_1_109' title="bbox 1801 4932 3367 5003; baseline 0.001 -17"><span class='ocrx_word' id='word_1_908' title='bbox 1801 4946 2078 5002; x_wconf 65' lang='lat' dir='ltr'><strong>praecones</strong></span> <span class='ocrx_word' id='word_1_909' title='bbox 2110 4938 2282 4985; x_wconf 89' lang='lat' dir='ltr'><strong>totum</strong></span> <span class='ocrx_word' id='word_1_910' title='bbox 2313 4940 2581 4987; x_wconf 88' lang='lat' dir='ltr'><strong>terrarum</strong></span> <span class='ocrx_word' id='word_1_911' title='bbox 2605 4932 2792 4987; x_wconf 88' lang='lat' dir='ltr'><strong>orbem</strong></span> <span class='ocrx_word' id='word_1_912' title='bbox 2816 4933 3195 5003; x_wconf 87' lang='lat' dir='ltr'><strong>impleverunt,</strong></span> <span class='ocrx_word' id='word_1_913' title='bbox 3227 4935 3367 5003; x_wconf 85' lang='lat' dir='ltr'><strong>quod</strong></span> 
     </span>
    </p>
   </div>
   <div class='ocr_carea' id='block_1_110' title="bbox 1802 5023 3372 5094">
    <p class='ocr_par' dir='ltr' id='par_1_110' title="bbox 1802 5023 3372 5094">
     <span class='ocr_line' id='line_1_110' title="bbox 1802 5023 3372 5094; baseline 0.001 -17"><span class='ocrx_word' id='word_1_914' title='bbox 1802 5024 2021 5094; x_wconf 89' lang='lat' dir='ltr'><strong>quidem</strong></span> <span class='ocrx_word' id='word_1_915' title='bbox 2062 5023 2371 5079; x_wconf 88' lang='lat' dir='ltr'><strong>declaratur</strong></span> <span class='ocrx_word' id='word_1_916' title='bbox 2395 5040 2493 5094; x_wconf 90' lang='lat' dir='ltr'><strong>per</strong></span> <span class='ocrx_word' id='word_1_917' title='bbox 2532 5023 2584 5079; x_wconf 90' lang='lat' dir='ltr'><strong>id</strong></span> <span class='ocrx_word' id='word_1_918' title='bbox 2624 5024 2770 5094; x_wconf 93' lang='lat' dir='ltr'><strong>quod</strong></span> <span class='ocrx_word' id='word_1_919' title='bbox 2817 5024 3039 5090; x_wconf 88' lang='lat' dir='ltr'><strong>dicitur,</strong></span> <span class='ocrx_word' id='word_1_920' title='bbox 3079 5044 3097 5076; x_wconf 77' lang='grc' dir='ltr'><strong>ι</strong></span> <span class='ocrx_word' id='word_1_921' title='bbox 3134 5027 3195 5079; x_wconf 86' lang='lat' dir='ltr'><strong>In</strong></span> <span class='ocrx_word' id='word_1_922' title='bbox 3224 5039 3372 5078; x_wconf 89' lang='lat' dir='ltr'><strong>mare</strong></span> 
     </span>
    </p>
   </div>
   <div class='ocr_carea' id='block_1_111' title="bbox 1805 5115 3374 5185">
    <p class='ocr_par' dir='ltr' id='par_1_111' title="bbox 1805 5115 3374 5185">
     <span class='ocr_line' id='line_1_111' title="bbox 1805 5115 3374 5185; baseline -0.001 -17"><span class='ocrx_word' id='word_1_923' title='bbox 1805 5116 2064 5185; x_wconf 89' lang='lat' dir='ltr'><strong>primum,</strong></span> <span class='ocrx_word' id='word_1_924' title='bbox 2090 5124 2143 5170; x_wconf 90' lang='lat' dir='ltr'><strong>et</strong></span> <span class='ocrx_word' id='word_1_925' title='bbox 2164 5116 2216 5169; x_wconf 90' lang='lat' dir='ltr'><strong>in</strong></span> <span class='ocrx_word' id='word_1_926' title='bbox 2236 5131 2386 5171; x_wconf 87' lang='lat' dir='ltr'><strong>mare</strong></span> <span class='ocrx_word' id='word_1_927' title='bbox 2406 5115 2677 5180; x_wconf 88' lang='lat' dir='ltr'><strong>ultimum,</strong></span> <span class='ocrx_word' id='word_1_928' title='bbox 2713 5135 2730 5168; x_wconf 71' lang='grc' dir='ltr'><strong>ι</strong></span> <span class='ocrx_word' id='word_1_929' title='bbox 2748 5116 3019 5170; x_wconf 88' lang='lat' dir='ltr'><strong>viventem</strong></span> <span class='ocrx_word' id='word_1_930' title='bbox 3039 5130 3232 5184; x_wconf 90' lang='lat' dir='ltr'><strong>aquam</strong></span> <span class='ocrx_word' id='word_1_931' title='bbox 3259 5115 3374 5169; x_wconf 76' lang='lat' dir='ltr'><strong>exi--</strong></span> 
     </span>
    </p>
   </div>
   <div class='ocr_carea' id='block_1_112' title="bbox 1805 5204 3374 5275">
    <p class='ocr_par' dir='ltr' id='par_1_112' title="bbox 1805 5204 3374 5275">
     <span class='ocr_line' id='line_1_112' title="bbox 1805 5204 3374 5275; baseline -0.003 -16"><span class='ocrx_word' id='word_1_932' title='bbox 1805 5214 2007 5270; x_wconf 89' lang='lat' dir='ltr'><strong>turam,</strong></span> <span class='ocrx_word' id='word_1_933' title='bbox 2041 5205 2243 5275; x_wconf 91' lang='lat' dir='ltr'><strong>quibus</strong></span> <span class='ocrx_word' id='word_1_934' title='bbox 2281 5206 2463 5260; x_wconf 89' lang='lat' dir='ltr'><strong>verbis</strong></span> <span class='ocrx_word' id='word_1_935' title='bbox 2494 5206 2764 5260; x_wconf 67' lang='lat' dir='ltr'><strong>universae</strong></span> <span class='ocrx_word' id='word_1_936' title='bbox 2800 5212 2960 5259; x_wconf 81' lang='lat' dir='ltr'><strong>terrae</strong></span> <span class='ocrx_word' id='word_1_937' title='bbox 2997 5204 3136 5259; x_wconf 81' lang='lat' dir='ltr'><strong>ﬁnes</strong></span> <span class='ocrx_word' id='word_1_938' title='bbox 3164 5204 3374 5273; x_wconf 81' lang='lat' dir='ltr'><strong>signiﬁ-</strong></span> 
     </span>
    </p>
   </div>
   <div class='ocr_carea' id='block_1_113' title="bbox 1806 5295 3375 5366">
    <p class='ocr_par' dir='ltr' id='par_1_113' title="bbox 1806 5295 3375 5366">
     <span class='ocr_line' id='line_1_113' title="bbox 1806 5295 3375 5366; baseline -0.002 -14"><span class='ocrx_word' id='word_1_939' title='bbox 1806 5306 2020 5361; x_wconf 81' lang='lat' dir='ltr'><strong>cantur,</strong></span> <span class='ocrx_word' id='word_1_940' title='bbox 2054 5304 2107 5352; x_wconf 88' lang='lat' dir='ltr'><strong>et</strong></span> <span class='ocrx_word' id='word_1_941' title='bbox 2159 5297 2196 5350; x_wconf 91' lang='lat' dir='ltr'><strong>ii</strong></span> <span class='ocrx_word' id='word_1_942' title='bbox 2252 5296 2504 5351; x_wconf 87' lang='lat' dir='ltr'><strong>videlicet</strong></span> <span class='ocrx_word' id='word_1_943' title='bbox 2550 5298 2641 5366; x_wconf 91' lang='lat' dir='ltr'><strong>qui</strong></span> <span class='ocrx_word' id='word_1_944' title='bbox 2690 5297 2756 5349; x_wconf 88' lang='lat' dir='ltr'><strong>ad</strong></span> <span class='ocrx_word' id='word_1_945' title='bbox 2807 5295 3080 5349; x_wconf 86' lang='lat' dir='ltr'><strong>Oceanum</strong></span> <span class='ocrx_word' id='word_1_946' title='bbox 3146 5295 3375 5349; x_wconf 84' lang='lat' dir='ltr'><strong>orientis</strong></span> 
     </span>
    </p>
   </div>
   <div class='ocr_carea' id='block_1_114' title="bbox 1806 5383 3374 5457">
    <p class='ocr_par' dir='ltr' id='par_1_114' title="bbox 1806 5383 3374 5457">
     <span class='ocr_line' id='line_1_114' title="bbox 1806 5383 3374 5457; baseline -0.002 -17"><span class='ocrx_word' id='word_1_947' title='bbox 1806 5394 2074 5457; x_wconf 86' lang='lat' dir='ltr'><strong>spectant,</strong></span> <span class='ocrx_word' id='word_1_948' title='bbox 2113 5387 2208 5457; x_wconf 88' lang='lat' dir='ltr'><strong>qui</strong></span> <span class='ocrx_word' id='word_1_949' title='bbox 2240 5386 2477 5455; x_wconf 90' lang='lat' dir='ltr'><strong>primum</strong></span> <span class='ocrx_word' id='word_1_950' title='bbox 2504 5401 2654 5440; x_wconf 89' lang='lat' dir='ltr'><strong>mare</strong></span> <span class='ocrx_word' id='word_1_951' title='bbox 2690 5384 3062 5447; x_wconf 84' lang='lat' dir='ltr'><strong>nominantur,</strong></span> <span class='ocrx_word' id='word_1_952' title='bbox 3095 5392 3147 5437; x_wconf 90' lang='lat' dir='ltr'><strong>et</strong></span> <span class='ocrx_word' id='word_1_953' title='bbox 3178 5383 3272 5453; x_wconf 89' lang='lat' dir='ltr'><strong>qui</strong></span> <span class='ocrx_word' id='word_1_954' title='bbox 3306 5384 3374 5437; x_wconf 88' lang='lat' dir='ltr'><strong>ad</strong></span> 
     </span>
    </p>
   </div>
   <div class='ocr_carea' id='block_1_115' title="bbox 1805 5475 3451 5549">
    <p class='ocr_par' dir='ltr' id='par_1_115' title="bbox 1805 5475 3451 5549">
     <span class='ocr_line' id='line_1_115' title="bbox 1805 5475 3451 5549; baseline -0.003 -15"><span class='ocrx_word' id='word_1_955' title='bbox 1805 5478 2143 5534; x_wconf 90' lang='lat' dir='ltr'><strong>occidentem</strong></span> <span class='ocrx_word' id='word_1_956' title='bbox 2177 5480 2367 5543; x_wconf 89' lang='lat' dir='ltr'><strong>solem,</strong></span> <span class='ocrx_word' id='word_1_957' title='bbox 2403 5480 2497 5548; x_wconf 91' lang='lat' dir='ltr'><strong>qui</strong></span> <span class='ocrx_word' id='word_1_958' title='bbox 2536 5495 2633 5549; x_wconf 89' lang='lat' dir='ltr'><strong>per</strong></span> <span class='ocrx_word' id='word_1_959' title='bbox 2668 5478 2916 5532; x_wconf 92' lang='lat' dir='ltr'><strong>ultimum</strong></span> <span class='ocrx_word' id='word_1_960' title='bbox 2964 5492 3113 5531; x_wconf 87' lang='lat' dir='ltr'><strong>mare</strong></span> <span class='ocrx_word' id='word_1_961' title='bbox 3165 5475 3376 5547; x_wconf 72' lang='lat' dir='ltr'><strong>signiﬁ-</strong></span> <span class='ocrx_word' id='word_1_962' title='bbox 3447 5524 3451 5529; x_wconf 89' lang='lat'><strong><em>.</em></strong></span> 
     </span>
    </p>
   </div>
   <div class='ocr_carea' id='block_1_116' title="bbox 1805 5569 3377 5641">
    <p class='ocr_par' dir='ltr' id='par_1_116' title="bbox 1805 5569 3377 5641">
     <span class='ocr_line' id='line_1_116' title="bbox 1805 5569 3377 5641; baseline -0.003 -14"><span class='ocrx_word' id='word_1_963' title='bbox 1805 5580 2021 5635; x_wconf 89' lang='lat' dir='ltr'><strong>cantur,</strong></span> <span class='ocrx_word' id='word_1_964' title='bbox 2056 5587 2194 5641; x_wconf 91' lang='lat' dir='ltr'><strong>quos</strong></span> <span class='ocrx_word' id='word_1_965' title='bbox 2223 5572 2409 5639; x_wconf 91' lang='lat' dir='ltr'><strong>utique</strong></span> <span class='ocrx_word' id='word_1_966' title='bbox 2445 5571 2599 5635; x_wconf 82' lang='lat' dir='ltr'><strong>ﬁnes,</strong></span> <span class='ocrx_word' id='word_1_967' title='bbox 2633 5571 2889 5626; x_wconf 86' lang='lat' dir='ltr'><strong>salutaris</strong></span> <span class='ocrx_word' id='word_1_968' title='bbox 2936 5569 3377 5639; x_wconf 71' lang='lat' dir='ltr'><strong>evangelica:th</strong></span> 
     </span>
    </p>
   </div>
   <div class='ocr_carea' id='block_1_117' title="bbox 1808 5661 3375 5734">
    <p class='ocr_par' dir='ltr' id='par_1_117' title="bbox 1808 5661 3375 5734">
     <span class='ocr_line' id='line_1_117' title="bbox 1808 5661 3375 5734; baseline -0.002 -17"><span class='ocrx_word' id='word_1_969' title='bbox 1808 5663 2069 5718; x_wconf 83' lang='lat' dir='ltr'><strong>doctrinae</strong></span> <span class='ocrx_word' id='word_1_970' title='bbox 2101 5678 2239 5733; x_wconf 88' lang='lat' dir='ltr'><strong>aqua</strong></span> <span class='ocrx_word' id='word_1_971' title='bbox 2285 5662 2469 5719; x_wconf 80' lang='lat' dir='ltr'><strong>vivens</strong></span> <span class='ocrx_word' id='word_1_972' title='bbox 2509 5663 2771 5734; x_wconf 82' lang='lat' dir='ltr'><strong>implevit,</strong></span> <span class='ocrx_word' id='word_1_973' title='bbox 2809 5663 2874 5717; x_wconf 85' lang='lat' dir='ltr'><strong>de</strong></span> <span class='ocrx_word' id='word_1_974' title='bbox 2905 5676 3009 5731; x_wconf 86' lang='lat' dir='ltr'><strong>qua</strong></span> <span class='ocrx_word' id='word_1_975' title='bbox 3053 5676 3244 5717; x_wconf 79' lang='lat' dir='ltr'><strong>rursus</strong></span> <span class='ocrx_word' id='word_1_976' title='bbox 3277 5661 3375 5716; x_wconf 85' lang='lat' dir='ltr'><strong>da-</strong></span> 
     </span>
    </p>
   </div>
   <div class='ocr_carea' id='block_1_118' title="bbox 218 5805 1703 5889">
    <p class='ocr_par' dir='ltr' id='par_1_118' title="bbox 218 5805 1703 5889">
     <span class='ocr_line' id='line_1_118' title="bbox 218 5805 1703 5889; baseline 0.006 -27"><span class='ocrx_word' id='word_1_977' title='bbox 218 5805 255 5838; x_wconf 75' lang='lat'>“</span> <span class='ocrx_word' id='word_1_978' title='bbox 282 5808 403 5882; x_wconf 88' lang='lat' dir='ltr'><strong>Cap.</strong></span> <span class='ocrx_word' id='word_1_979' title='bbox 426 5829 568 5881; x_wconf 73' lang='lat' dir='ltr'><strong>uti,</strong></span> <span class='ocrx_word' id='word_1_980' title='bbox 600 5813 788 5872; x_wconf 70' lang='lat'><strong>54-55.</strong></span> <span class='ocrx_word' id='word_1_981' title='bbox 867 5816 1037 5889; x_wconf 84' lang='lat' dir='ltr'><strong>&#39;Cap.</strong></span> <span class='ocrx_word' id='word_1_982' title='bbox 1065 5832 1175 5883; x_wconf 73' lang='lat' dir='ltr'><strong>xiv,</strong></span> <span class='ocrx_word' id='word_1_983' title='bbox 1219 5815 1313 5878; x_wconf 73' lang='grc'><strong>66.</strong></span> <span class='ocrx_word' id='word_1_984' title='bbox 1387 5819 1406 5849; x_wconf 79' lang='grc'>⁸</span> <span class='ocrx_word' id='word_1_985' title='bbox 1438 5817 1592 5873; x_wconf 80' lang='lat' dir='ltr'><strong>Joan.</strong></span> <span class='ocrx_word' id='word_1_986' title='bbox 1625 5834 1703 5872; x_wconf 70' lang='lat' dir='ltr'><strong>xv:</strong></span> 
     </span>
    </p>
   </div>
   <div class='ocr_carea' id='block_1_119' title="bbox 1806 5805 2383 5889">
    <p class='ocr_par' dir='ltr' id='par_1_119' title="bbox 1808 5818 2383 5875">
     <span class='ocr_line' id='line_1_119' title="bbox 1808 5818 2383 5875; baseline 0 -4"><span class='ocrx_word' id='word_1_987' title='bbox 1808 5819 1890 5875; x_wconf 79' lang='grc'><strong>18.</strong></span> <span class='ocrx_word' id='word_1_988' title='bbox 1969 5820 1987 5850; x_wconf 82' lang='grc'><strong>⁷</strong></span> <span class='ocrx_word' id='word_1_989' title='bbox 2019 5818 2173 5873; x_wconf 80' lang='lat' dir='ltr'><strong>Joan.</strong></span> <span class='ocrx_word' id='word_1_990' title='bbox 2202 5834 2273 5874; x_wconf 84' lang='lat' dir='ltr'><strong>tv.</strong></span> <span class='ocrx_word' id='word_1_991' title='bbox 2300 5818 2383 5874; x_wconf 84' lang='grc'><strong>10.</strong></span> 
     </span>
    </p>
   </div>
  </div>
