3894 6502
156 379 260 439 ιω

1076 364 1727 431 DEMDNQTRATIONIS
1766 367 2225 432 EVASGELIUE
2265 372 2393 428 LIB.
2436 372 2521 429 Vl.

3291 378 3393 432 476

158 495 494 567 ἠγηθήσεται
546 492 607 547 ἐν
643 492 847 557 αὐτοῖς,
881 491 971 547 καὶ
1016 493 1412 568 ἐπαρθήσονται
1453 494 1705 562 Αἰγύπτιε

1837 494 2226 550 excitabuntur
2271 492 2511 564 IEgyptii
2548 500 2736 548 contra
2770 492 3073 565 Egyptios,
3101 501 3155 548 et
3193 492 3392 547 bellum

154 591 243 646 ἐπὶ
286 588 646 657 Αἰγυπτίους,
692 585 788 640 καὶ
822 585 1115 657 πολεμήσει
1145 586 1425 658 ἄνθρωπος
1462 589 1550 641 τὸν
1578 588 1730 641 ἀδελ-

156 683 248 751 φὸν
278 682 472 748 αὑτοῦ,
503 681 598 735 καὶ
635 679 920 750 ἄνθρωπος
960 677 1052 731 τὸν
1093 678 1316 749 πλησίον
1350 679 1535 733 αὑτοῦ.
1572 680 1731 745 Πόλις

155 775 241 828 ἐπὶ
266 773 446 838 πόλιν,
481 772 576 827 καὶ
604 772 767 843 νόμος
790 770 884 823 ἐπὶ
909 770 1070 841 νόμον
1086 787 1098 799 '
1132 770 1224 823 καὶ
1244 771 1644 843 ταραχθησεται
1670 772 1731 825 τὸ

155 865 372 935 πνεῦμα
418 865 528 918 τῶν
571 862 897 933 Αἰγυπτίων,
929 862 986 914 ἐν
1024 860 1223 925 αὐτοῖς.
1260 861 1375 914 Καὶ·
1409 861 1505 933 τὴν
1536 861 1729 933 βουλὴν

156 956 328 1015 αὐτῶν
378 956 738 1011 διασκεδάσω.
785 955 896 1007 Καὶ
944 953 1349 1023 ἐπερωτήσουσι
1394 954 1519 1017 τοὺς
1574 953 1728 1018 θεοὺς

155 1046 351 1111 αὐτῶν,
385 1046 480 1103 καὶ
506 1046 575 1099 τὰ
608 1044 898 1115 ἀγάλματα
928 1042 1125 1108 αὐτῶν,
1152 1044 1246 1096 καὶ
1270 1044 1395 1106 τοὺς
1418 1046 1480 1096 ἐκ
1503 1044 1603 1115 τῆς
1625 1045 1727 1115 γῆς

157 1137 483 1208 φωνοῦντας,
513 1139 609 1192 καὶ
632 1140 757 1201 τοὺς
783 1134 1271 1207 ἐγγαστριμύθους,
1297 1138 1390 1191 καὶ
1423 1139 1726 1211 παραδώσω

134 1233 424 1299 ,Αἴγυπτον
473 1233 554 1295 εἰς
603 1232 791 1302 χεῖρας
837 1229 1139 1302 ἀνθρώπων
1196 1232 1419 1303 κυρίων,
1453 1230 1727 1304 σκληρῶν,

156 1322 243 1375 καὶ
271 1321 516 1392 βασιλεῖς
559 1321 784 1391 σκληροί
817 1321 1191 1393 κυριεύσουσιν
1221 1322 1419 1387 αὐτῶν,
1456 1342 1474 1376 ι
1523 1325 1616 1378 καὶ
1657 1325 1725 1379 τὰ

155 1412 359 1478 τούτοις
410 1414 558 1485 ἑξῆς.
594 1416 704 1469 Καὶ
748 1414 842 1468 νῦν
891 1415 982 1468 τὸν
1020 1415 1269 1487 δεύτερον
1312 1415 1449 1487 μετὰ
1480 1416 1571 1470 τὸν
1615 1417 1724 1471 τῶν

154 1503 282 1556 ὅλων
308 1505 443 1556 Θεὸν
473 1504 567 1558 καὶ
596 1506 819 1577 Κύριον,
840 1506 1001 1560 αὑτὸν
1028 1508 1091 1579 δὴ
1111 1508 1204 1562 τοῦ
1228 1508 1361 1562 Θεοῦ
1384 1510 1552 1578 Λόγον
1574 1510 1722 1581 ἥξειν

154 1594 228 1658 εἰς
275 1595 571 1662 Αἴγυπτον,
605 1598 638 1666 ή
683 1596 931 1668 παροῦσα
963 1600 1270 1671 προφητεία
1310 1600 1582 1671 σημαίνει,
1625 1602 1719 1655 καὶ⁴

152 1685 296 1753 ἥξειν
323 1687 418 1739 ούκ
447 1687 688 1757 ἀφανῶς,
718 1690 824 1742 οὐδ’
850 1690 1115 1762 ἀοράτως,
1146 1692 1252 1745 οὐδ’
1284 1693 1411 1747 ἄνευ
1448 1693 1592 1757 τινὸς
1618 1711 1720 1747 σω-

157 1781 384 1851 ματικῆς
426 1781 735 1852 περιϐολῆς,
786 1782 900 1835 ἀλλ’
930 1784 1021 1837 ἐπὶ
1060 1784 1289 1854 νεφέλης
1327 1782 1531 1856 κούφης
1567 1784 1720 1856 ὀχού-

1831 592 1981 656 geret
2019 585 2181 639 homo
2227 592 2415 640 contra
2448 584 2669 639 fratrem
2702 600 2883 649 suum,
2917 592 2970 640 et
3007 586 3172 640 homo
3203 592 3394 641 contra

1832 679 2138 750 proximum
2171 694 2350 733 suum.
2382 677 2588 731 Civitas
2618 677 2882 734 adversus
2908 679 3207 743 civitatem,
3230 686 3284 735 et
3306 679 3393 735 lex

1830 769 2093 825 adversus
2123 768 2317 838 legem,
2344 775 2396 822 et
2421 767 2840 822 conturbabitur
2862 770 3086 840 spiritus
3105 767 3392 843 Egyptio-

1829 876 1950 916 rum
1978 863 2031 915 in
2064 860 2164 923 eis,
2195 867 2249 915 et
2273 859 2560 915 consilium
2587 875 2777 914 eorum
2805 860 3107 933 dissipabo,
3140 872 3194 918 et
3224 866 3391 918 inter-

1828 953 2100 1023 rogabunt
2141 950 2275 1006 deos
2301 966 2452 1014 suos,
2495 957 2550 1006 et
2583 952 2871 1008 simulacra
2927 969 3046 1019 sua,
3087 964 3141 1010 et
3169 969 3264 1010 eos
3294 956 3388 1026 qui

1828 1043 1895 1098 de
1926 1051 2072 1098 terra
2108 1057 2295 1098 vocem
2343 1043 2619 1107 emittunt,
2655 1054 2709 1100 et
2762 1046 3048 1116 pythones,
3078 1054 3131 1102 et
3176 1046 3389 1101 tradam

1831 1135 2120 1207 Egyptum
2150 1136 2203 1189 in
2228 1149 2421 1188 manus
2450 1136 2727 1190 hominum
2761 1138 3127 1205 dominorum,
3167 1153 3391 1209 aspero-

1826 1234 2038 1292 rum,et
2060 1243 2216 1299 reges
2243 1228 2951 1301 asperidominabuntureis
2981 1231 3047 1297 ¹⁵,
3077 1250 3095 1284 ι
3135 1230 3300 1303 296
3335 1240 3390 1287 et

1824 1335 1946 1392 quae
1996 1327 2321 1391 sequuntur.
2373 1320 2550 1376 Etiam
2596 1337 2753 1377 nunc.
2792 1320 2959 1377 Deum
2989 1329 3043 1377 et
3072 1321 3399 1388 Dominum,

1826 1414 2004 1483 ipsum
2037 1414 2222 1485 utique
2270 1412 2365 1470 Dei
2411 1412 2671 1478 Verbum,
2727 1414 2928 1468 iturum
2984 1414 3039 1469 in
3090 1414 3387 1487 Egypttun

1826 1522 2067 1577 pra'sens
2096 1505 2379 1577 prephetia
2403 1504 2694 1577 signiﬁcat,
2725 1514 2778 1560 et
2799 1507 2998 1560 iturum
3025 1523 3133 1561 non
3156 1507 3390 1563 obscure

1823 1613 2002 1669 neque
2032 1598 2402 1663 invisibiliter,
2440 1614 2615 1669 neque
2648 1598 2764 1655 sine
2794 1600 3061 1669 corporali
3094 1600 3276 1670 aliquo
3303 1600 3389 1655 in-

1820 1689 2103 1754 dumento,
2137 1690 2232 1746 sed
2280 1690 2384 1745 levi
2426 1691 2570 1746 nube
2620 1700 2853 1759 vectum,
2888 1708 2950 1745 ac
3001 1694 3184 1762 potius
3224 1708 3389 1763 super

1821 1784 2186 1839 crassitudine
2210 1783 2332 1838 bavi.
2369 1782 2457 1838 Sic
2480 1785 2621 1839 enim
2655 1784 2855 1841 habere
2882 1786 3033 1839 aiunt
3062 1784 3386 1842 Hebraicam

160 1889 331 1942 μενον,
376 1873 575 1944 μᾶλλον
620 1874 675 1927 δὲ
724 1876 816 1928 ἐπὶ
866 1875 1070 1946 πάχους
1122 1875 1377 1948 ἐλαφροῦ.
1413 1876 1567 1930 Οῦτω
1611 1877 1705 1950 γὰρ

1821 1892 2029 1932 vocem.
2059 1875 2251 1932 Dicant
2278 1893 2405 1947 ergo
2440 1876 2647 1933 Hebrazi
2671 1878 2888 1947 quando
2914 1886 3035 1949 post
3066 1879 3217 1934 Isaia:
3249 1888 3385 1935 tem~

162 1963 293 2033 ἔχειν
341 1964 471 2034 φασὶ
523 1965 621 2037 την
663 1966 927 2038 Ἐϐραίων
973 1970 1175 2041 φωνήν.
1226 1969 1546 2038 Λεγέτωσαν
1584 1970 1718 2041 δῆτα

172 2054 421 2126 Ἐϐραίων
455 2056 664 2121 παῖδες,
703 2057 831 2112 πότε
863 2060 1000 2131 μετὰ
1023 2062 1147 2123 τοὺς
1191 2062 1409 2115 Ἡσαΐου
1440 2063 1665 2134 χρόνους
1688 2065 1717 2117 6

158 2147 348 2220 Κύριος
382 2150 700 2218 Αἰγυπτίοις
739 2151 1124 2225 ἐπιδεδήμηκε,
1160 2156 1252 2207 καὶ
1286 2159 1435 2220 ποῖος
1472 2156 1673 2229 Κύριος
1698 2173 1711 2187 ⁸

158 2235 229 2303 εἷς
260 2240 361 2312 γὰρ
384 2243 412 2295 6
438 2242 530 2296 ἐπὶ
566 2243 782 2297 πάντων
808 2243 939 2308 Θεός
955 2261 967 2274 ·
992 2247 1084 2299 καὶ
1112 2247 1227 2312 πῶς
1253 2248 1344 2307 ἐπὶ
1367 2250 1573 2320 πάχους
1595 2250 1715 2305 ἐλα-

158 2330 284 2402 φροῦ
307 2327 459 2396 οὗτος
484 2333 795 2405 ἐποχεῖσθαι
818 2335 1052 2405 λέγεται,
1074 2337 1168 2393 καὶ
1201 2339 1477 2411 τροπικῶς
1503 2340 1715 2396 ἐπιϐαί-

158 2438 261 2475 νειν
288 2424 436 2495 μέρει
474 2427 583 2479 τινὶ
632 2425 731 2497 τῆς
776 2428 899 2499 γῆς.
920 2431 1399 2502 Ἐρμηνευέτωσαν
1429 2433 1485 2487 δέ
1531 2436 1625 2488 καὶ
1652 2434 1713 2488 τὸ

158 2514 316 2582 πάχος
366 2514 633 2585 ἐλαφρὸν,
659 2520 713 2573 τί
764 2537 893 2574 ποτε
947 2521 1056 2592 ἄρα
1105 2523 1255 2587 ἐστὶ,
1288 2524 1381 2578 καὶ
1420 2523 1509 2577 διὰ
1544 2525 1597 2577 τί
1638 2524 1711 2597 μὴ

158 2603 274 2658 ἄνευ
292 2606 475 2659 τούτου
498 2608 712 2677 λέγεται
738 2613 767 2665 6
795 2610 999 2684 Κύριος
1026 2613 1312 2684 ἐπιδημεῖν
1334 2617 1398 2686 τῇ
1428 2614 1707 2687 Αἰγύπτῳ·

158 2697 274 2750 ⁴κότε
308 2697 362 2751 δὲ
387 2700 475 2752 καί
504 2702 794 2773 ἱστορεῖται
838 2704 906 2758 τὰ
934 2707 991 2758 ἐν
1020 2708 1083 2776 τῇ
1118 2707 1419 2777 προφητείᾳ
1445 2709 1711 2779 εἰρημένα

156 2790 322 2855 τέλους
339 2796 715 2865 τετυχηκέναι,
738 2796 799 2850 τὸ
826 2797 1123 2869 σεισθῆναι,
1152 2798 1312 2866 λέγω,
1340 2798 1407 2853 τὰ
1430 2800 1619 2854 είδωλα
1641 2801 1712 2855 τὰ

157 2883 478 2953 χειροποίητα
510 2885 809 2953 Αἰγύπτου,
841 2888 933 2940 καὶ
958 2886 1016 2940 τὸ
1042 2889 1369 2957 Αἰγυπτίους
1392 2892 1710 2961 Αἰγυπτίοις

158 2972 457 3046 πολεμῆσαι,
491 2976 578 3030 διὰ
602 2978 698 3048 τὴν
721 2977 813 3031 τοῦ
838 2979 1038 3051 Κυρίου
1059 2982 1137 3047 εἰς
1165 2981 1483 3055 ἀνθρώπους
1505 3001 1710 3057 παρου-

158 3064 294 3117 σίαν·
320 3068 409 3120 καὶ
447 3070 573 3133 τοὺς
615 3070 769 3134 θεοὺς
811 3072 1011 3137 αὐτῶν,
1043 3073 1243 3146 δηλαδὴ
1274 3076 1400 3139 τοὺς
1427 3076 1704 3148 δαίμονας,

158 3158 307 3212 πολλὰ
334 3161 393 3214 τὸ
424 3160 651 3216 παλαιὸν
694 3164 1044 3237 δυναμένους,
1077 3167 1273 3238 μηκέτι
1316 3168 1539 3240 ἰσχύειν,
1572 3170 1706 3242 μηδὲ

157 3252 525 3325 ἀποκρίνασθαι
573 3259 688 3322 τοῖς
735 3259 1075 3330 ἐπερωτῶσι,
1114 3260 1202 3315 διὰ
1248 3261 1308 3315 τὸ
1354 3262 1448 3316 τοῦ
1496 3264 1704 3336 Κυρίου

156 3344 288 3408 δέος·
316 3351 391 3411 εἰς
423 3352 613 3420 χεῖρας
637 3350 692 3404 δὲ
725 3352 894 3405 ποίων
924 3352 1125 3421 κυρίων
1150 3354 1421 3426 σκληρῶν,
1454 3356 1623 3411 ποίων
1646 3357 1703 3410 δὲ

158 3434 392 3502 βασιλέων
425 3440 565 3509 μετὰ
592 3440 689 3511 τὴν
724 3441 1117 3514 θεσπιζομένην
1143 3444 1236 3497 τοῦ
1264 3445 1469 3516 Κυρίου
1501 3462 1704 3517 παρου-

158 3527 262 3582 σίαν
302 3531 565 3602 παρεδόθη
604 3535 907 3603 Αίγυπηειιος⁸
957 3534 1051 3588 καὶ
1074 3534 1165 3589 διὰ
1185 3535 1237 3589 τί
1262 3536 1465 3609 Κυρίου
1500 3538 1701 3609 παρόν-

156 3635 235 3683 τος
263 3622 504 3695 σκληροῖς
532 3625 757 3696 ἄρχουσι
791 3626 1175 3698 παραδίδονται
1196 3645 1208 3657 ’
1244 3629 1334 3681 καὶ
1360 3628 1428 3682 τὰ
1458 3628 1620 3683 λοιπὰ
1646 3629 1701 3683 δέ

156 3713 338 3778 τούτοις
386 3718 781 3789 παραπλησίως
836 3721 865 3772 6
921 3720 1241 3793 βουλόμενος
1291 3724 1696 3794 ἐρμηνευσάτω.

166 3803 331 3874 Ἡμεῖς
359 3807 465 3881 γὰρ
510 3808 610 3862 οὐκ
644 3808 819 3874 ἄλλως
855 3810 1028 3864 ταῦτά
1066 3830 1243 3885 φαμεν
1291 3816 1698 3889 συνίστασθαιῆ

156 3895 229 3950 διὰ
256 3898 410 3971 μόνης
443 3901 543 3971 τῆς
576 3900 669 3955 τοῦ
705 3903 953 3975 Σωτῆρος
979 3903 1136 3975 ἡμῶν
1165 3905 1335 3977 Ἰησοῦ
1359 3908 1593 3981 Χριστοῦ
1621 3910 1699 3973 εἰς

156 3990 441 4061 ἀνθρώπους
487 3996 826 4064 ἐπιφανείας.
862 3992 1027 4061 Οὗτος
1077 3999 1186 4070 γὰρ
1226 3999 1361 4053 Θεοῦ
1391 4002 1561 4071 Λόγος
1601 4002 1694 4069 ὢν,

156 4084 232 4136 καὶ
253 4086 376 4140 Θεοῦ
404 4087 635 4159 δύναμις
665 4089 805 4142 κατὰ
840 4091 1097 4155 διάνοιαν,
1134 4093 1225 4145 καὶ
1251 4093 1388 4165 πρὸς
1412 4094 1553 4159 λέξιν
1585 4098 1700 4149 ἐπι-

153 4176 369 4249 δημήσας
412 4184 479 4252 τῇ
526 4182 838 4249 Αἰγυπτίων
880 4182 1031 4254 χώρᾳ
1059 4184 1144 4238 διὰ
1194 4187 1420 4259 νεφέλης
1466 4187 1693 4259 κούφης,

153 4268 359 4344 ἐπλήρου
396 4274 464 4328 τὰ
496 4277 973 4346 προηγορευμένα.
1005 4278 1253 4348 Νεφέλην
1281 4280 1338 4333 δὲ
1367 4280 1571 4351 κούφην
1599 4281 1695 4333 ἀλ-

153 4360 425 4434 ληγορικῶς
452 4366 709 4436 ὀνομάζει
738 4367 835 4439 τὴν
864 4369 930 4422 δι’
955 4363 1016 4423 οῦ
1049 4371 1305 4442 ἀνείληφε
1347 4373 1594 4444 σώματος
1631 4375 1695 4426 ἐκ

153 4454 393 4526 Παρθένου
450 4460 544 4512 καὶ
605 4460 758 4528 ἁγίου
816 4460 1127 4532 Πνεύματος
1172 4463 1464 4534 ἐπιδημίαν
1505 4465 1691 4531 αὐτοῦ,

1822 1984 1954 2039 pora
1990 1968 2253 2024 Dominus
2284 1970 2425 2041 apud
2459 1969 2745 2042 [Egyptios
2790 1972 2859 2026 sit
2891 1979 3143 2028 versatus
3172 1982 3225 2028 et
3260 1973 3385 2043 quis

1818 2058 2102 2123 Dominus,
2132 2076 2271 2115 unus
2302 2069 2384 2115 est
2404 2061 2546 2115 enim
2571 2076 2858 2130 supremus
2888 2060 3048 2124 Deus,
3074 2072 3127 2117 et
3145 2079 3382 2134 quonam

1818 2156 1977 2220 pacto
2004 2165 2168 2219 super
2198 2150 2563 2204 crassitudine
2595 2151 2696 2204 levi
2731 2150 2818 2205 hic
2867 2150 3113 2207 invectus
3149 2169 3272 2209 esse
3294 2154 3382 2209 di-

1815 2251 1992 2305 catur,
2023 2249 2076 2296 et
2109 2241 2491 2310 particularem
2524 2243 2759 2312 aliquem
2793 2243 2973 2297 locum
3006 2252 3163 2300 terra),
3191 2260 3383 2301 ascen-

1817 2330 1985 2386 disse.
2009 2328 2438 2401 lnterpretentur
2466 2340 2723 2403 prmterea
2745 2333 3165 2390 crassitudinem
3184 2337 3381 2401 levem,

1815 2424 1946 2495 quid
2003 2424 2222 2480 tandem
2274 2440 2338 2480 ea
2404 2426 2528 2487 sit;
2570 2434 2627 2479 et
2690 2427 3040 2495 quamobrem
3107 2444 3215 2482 non
3264 2428 3382 2483 sine

1814 2517 1937 2582 hac,
1969 2517 2185 2572 dicatur
2207 2516 2471 2572 Dominus
2492 2520 2695 2573 versari
2716 2520 2770 2574 in
2799 2517 3055 2589 Egypto.
3081 2518 3145 2572 Et
3162 2520 3383 2589 quando

1813 2607 2089 2663 memoria:
2134 2605 2412 2677 proditum
2444 2606 2536 2671 sit,
2572 2622 2655 2670 ea,
2695 2622 2817 2677 qua:
2863 2608 2918 2661 in
2962 2607 3063 2661 hac
3096 2608 3380 2677 prophetia

1814 2700 2190 2764 continentur,
2234 2701 2394 2753 ﬁnem
2430 2700 2760 2770 contigisse:
2808 2708 3080 2753 commota
3113 2715 3255 2765 esse,
3294 2700 3378 2755 in-

1812 2806 1997 2863 quam,
2025 2792 2318 2848 simulacra
2366 2792 2676 2847 manufacta
2719 2791 2959 2864 lEgypli,
3000 2801 3053 2847 et
3094 2790 3379 2865 Egyptios

1812 2900 1935 2941 cum
1976 2884 2247 2957 Egyptiis
2288 2899 2579 2956 pugnasse,
2621 2892 2842 2955 propter
2893 2883 3108 2938 Domini
3148 2884 3215 2937 ad
3276 2883 3376 2937 ho-

1810 2979 1987 3034 mines
2025 2978 2339 3043 adventum,
2383 2986 2437 3033 et
2467 2978 2597 3033 deos
2634 2978 2875 3043 illorum,
2913 2976 3189 3031 dzemones
3228 2974 3377 3029 video

1811 3072 1956 3133 licet,
2012 3071 2103 3141 qui
2164 3071 2394 3125 multum
2446 3070 2598 3140 prius
2652 3068 2925 3131 valebant,
2963 3069 3098 3122 nihil
3138 3068 3374 3137 amplius

1810 3178 1993 3232 posse,
2057 3178 2235 3233 neque
2286 3164 2615 3232 respondere
2665 3162 3095 3225 sciscitantibus,
3149 3168 3373 3232 propter

1808 3253 2024 3309 Domini
2058 3254 2335 3318 timorem,
2389 3262 2443 3309 et
2482 3254 2537 3308 in
2591 3270 2823 3325 quorum
2855 3252 3202 3307 dominorum
3256 3269 3372 3307 ma-

1816 3363 1941 3412 nus,
1977 3348 2068 3419 qui
2100 3348 2279 3418 asperi
2310 3348 2639 3409 exstiterint,
2668 3362 2969 3417 quorumve
3000 3362 3208 3417 regum,
3252 3356 3375 3417 post

1803 3456 1926 3495 eum
1959 3442 2052 3510 qui
2084 3440 2171 3494 hic
2192 3441 2407 3494 canitur
2446 3439 2657 3493 Domini
2704 3438 3018 3503 adventum,
3053 3439 3252 3491 tradita
3298 3438 3372 3493 sit

1801 3532 2088 3605 Egypttts.
2125 3532 2191 3586 Et
2219 3532 2590 3602 quamobrem,
2634 3530 2864 3583 Domino
2899 3540 3184 3601 praesente,
3219 3532 3371 3600 prin-

1802 3626 2017 3696 cipibus
2046 3624 2256 3695 asperis
2287 3623 2603 3677 tradantur:
2626 3630 2679 3676 et
2716 3622 2923 3691 reliqua
2948 3622 3133 3677 eadem
3160 3627 3369 3675 ratione

1800 3734 1923 3773 cum
1962 3720 2029 3774 iis
2076 3734 2199 3790 qua:
2244 3719 2388 3773 dicta
2417 3725 2563 3779 sunt,
2621 3717 2713 3785 qui
2763 3716 2907 3781 velit,
2955 3715 3361 3784 interpretetur.

1801 3810 1913 3865 Nos
1952 3811 2099 3866 enim
2123 3825 2231 3865 non
2262 3810 2396 3865 alias
2435 3809 2548 3863 haec
2583 3807 2816 3863 dicimus
2856 3808 3153 3869 exstitisse,
3201 3822 3363 3876 quam

1800 3904 1904 3959 sub
1933 3919 2105 3958 unum
2141 3902 2406 3957 duntaxat
2447 3900 2745 3955 Salvatoris
2772 3900 2945 3977 nostri
2984 3898 3112 3955 Jesu
3160 3899 3364 3954 Christi

1800 3997 1867 4051 ad
1902 3997 2151 4051 homines
2192 3996 2503 4050 adventum.
2544 3991 2644 4046 Hic
2666 3992 2811 4049 enim
2842 4007 2965 4065 cum
3004 3990 3098 4045 Dei
3126 3990 3363 4045 Verbum

1800 4090 1891 4155 sit,
1922 4098 1977 4145 et
2025 4088 2117 4144 Dei
2141 4088 2336 4151 virtus,
2395 4098 2503 4142 tam
2539 4087 2586 4141 si
2628 4086 2694 4138 ad
2746 4072 2967 4159 sensum
3015 4100 3177 4154 quam
3210 4086 3257 4139 si
3294 4082 3363 4139 ad

1790 4186 2015 4239 verbum
2067 4181 2325 4251 accipias,
2353 4185 2602 4235 versatus
2639 4178 2690 4231 in
2735 4178 2952 4246 regione
2983 4176 3361 4248 Egyptiorum

1797 4290 1893 4345 per
1920 4274 2118 4329 nubem
2150 4276 2344 4338 levem,
2377 4270 2671 4341 complevit
2700 4285 2763 4345 ea
2796 4285 2914 4339 qua:
2956 4269 3212 4338 praedicta
3239 4268 3360 4323 fue-

1796 4378 1938 4421 rant.
1993 4364 2201 4419 Nubem
2232 4377 2361 4417 vero
2388 4363 2558 4417 levem
2596 4360 2820 4431 ﬁgurate
2848 4360 3090 4413 nominat
3120 4375 3362 4414 commo-

1794 4460 2064 4513 rationem
2109 4457 2229 4527 ejus
2257 4457 2399 4510 inter
2428 4452 2698 4514 homines,
2730 4468 2834 4521 qua
2864 4466 2959 4520 per
2988 4466 3187 4521 corpus
3215 4452 3360 4522 quod

148 4543 399 4618 ὡσπροῦν
436 4552 468 4619 ὴ
512 4549 775 4619 Ἐϐραίων
803 4554 1008 4623 γραφή.
1048 4554 1157 4607 Καὶ
1198 4556 1226 4605 6
1271 4556 1497 4619 Ἀκύλας
1527 4557 1693 4626 σαφέ-

1808 4551 1863 4607 de
1894 4549 2115 4621 Virgine
2158 4557 2213 4604 et
2246 4547 2451 4619 Spiritu
2499 4555 2690 4603 sancto
2729 4544 3048 4613 assumpsit,
3081 4559 3215 4598 usus
3246 4550 3358 4609 est,

148 4652 310 4709 στερον
346 4642 565 4713 ᾐνίξατο
608 4642 776 4696 εἰπών
799 4662 811 4675 ·
857 4665 873 4696 ι
899 4645 1025 4699 Ἰδοὺ
1061 4648 1261 4719 Κύριος
1300 4649 1564 4703 ἐπιϐαίνει
1598 4652 1689 4703 ἐπὶ

146 4731 291 4801 πάχος
329 4735 583 4806 ἐλαφρὸν,
615 4738 709 4790 καὶ
746 4736 963 4808 ἔρχεται
997 4739 1085 4792 ἐπ’
1113 4739 1415 4808 Αἴγυπτον.
1460 4761 1478 4793 ι
1518 4743 1689 4814 πάχος

145 4822 365 4897 ἐλαφρὸν,
380 4828 443 4881 τὸ
485 4826 547 4892 ἐξ
586 4828 742 4897 ἁγίου
771 4829 1083 4901 Πνεύματος
1113 4833 1271 4903 σῶμα
1319 4837 1691 4907 προσαγορεύ-

145 4932 241 4979 σας.
266 4920 370 4972 Καὶ
413 4920 573 4973 τοῦτο
606 4920 894 4991 τοιγαροῦν
925 4922 985 4975 τὸ
1020 4922 1119 4993 τῆς
1156 4927 1488 4996 προφητείας
1525 4928 1689 5000 μέρος

143 5009 254 5078 πρὸς
294 5010 432 5075 λέξιν
479 5011 663 5075 τέλους
720 5012 1032 5083 ἐτύγχανεν,
1065 5015 1151 5068 ὅτε
1202 5016 1429 5085 ἄγγελος
1478 5019 1682 5090 Κυρίου

141 5097 251 5171 ιναρ
289 5103 565 5172 ἐπιφανεὶς
606 5101 727 5158 εἷπε
769 5105 847 5177 τῷ
887 5107 1110 5178 Ἰωσήφ·
1146 5127 1163 5159 ι
1188 5109 1459 5180 Ἐγερθεὶς
1510 5114 1686 5183 παρά-

142 5188 248 5245 λαϐε
284 5196 341 5247 τὸ
383 5196 617 5262 παιδίον,
647 5197 742 5251 καὶ
790 5198 888 5269 τὴν
919 5200 1127 5272 μητέρα
1156 5200 1343 5266 αὑτοῦ,
1377 5204 1470 5256 καὶ
1516 5203 1682 5274 φεῦγε

142 5286 205 5347 είς
252 5288 519 5357 Αἴγυπτον
545 5331 560 5353 ,
613 5291 707 5345 καί
763 5290 870 5344 ίσθι
926 5294 1044 5346 ἐκεῖ
1088 5294 1191 5358 ἓως
1231 5295 1297 5349 ἂν
1351 5296 1490 5351 εἴπω
1525 5315 1624 5353 σοι.
1657 5318 1678 5353 ι

144 5374 251 5430 Τότε
282 5380 407 5447 γοῦν
440 5382 603 5445 αὐτὸς
634 5385 663 5435 6
704 5382 905 5455 Κύριος
939 5386 968 5438 6
1012 5385 1144 5450 Θεὸς
1186 5386 1357 5458 Λόγος
1392 5390 1679 5462 ἐπιπαρὼν

143 5468 194 5536 τῇ
220 5469 303 5521 τοῦ
337 5473 523 5537 παιδὸς
562 5474 764 5545 ἡλικίᾳ,
810 5476 904 5527 καὶ
937 5476 994 5529 ἐν
1025 5479 1089 5547 τῇ
1137 5479 1390 5533 συστάσει
1423 5481 1586 5535 αὐτοῦ
1619 5482 1678 5550 ἐξ

144 5559 273 5625 ἁγίας
302 5564 593 5635 Παρθένου,
622 5569 784 5637 σαρκὶ
823 5568 1019 5639 παχείᾳ
1053 5568 1152 5638 μὲν
1196 5570 1329 5645 οὔσῃ
1360 5572 1448 5626 διὰ
1478 5573 1537 5627 τὸ
1580 5575 1677 5645 τῆς

144 5655 424 5725 σωματικῆς
485 5654 617 5725 ὅλης
660 5656 966 5709 ἀντίτυπον·
1017 5656 1222 5730 ἐλαφρᾷ
1268 5659 1324 5714 δὲ
1369 5662 1529 5717 πάλιν
1591 5662 1677 5717 διὰ

198 5807 352 5866 "lsa.
391 5827 505 5879 nx,
554 5811 665 5866 ι-ιι.
744 5812 786 5842 ¹⁶
822 5810 1029 5888 Μῖιιιίιη
1058 5828 1117 5881 ιι,
1167 5814 1250 5869 l3.

1794 4643 2051 4698 nimirum
2111 4640 2569 4712 quemadmodum
2615 4639 2965 4695 Hebrreorutn
3016 4636 3176 4703 habet
3219 4637 3359 4692 scri-

1795 4744 1975 4806 ptura,
2034 4742 2088 4789 et
2128 4733 2321 4803 Aquila
2372 4731 2587 4803 planius
2629 4728 2977 4802 signiﬁcavit,
3024 4744 3147 4783 cum
3188 4727 3355 4783 dixit:

1800 4846 1817 4879 ι
1845 4825 1983 4881 Ecce
2000 4824 2262 4880 Dominus
2281 4824 2529 4879 ascendit
2546 4838 2710 4894 super
2725 4821 3145 4877 crassitudinem
3164 4822 3354 4884 levem,

1791 4928 1844 4975 et
1871 4919 2020 4975 venit
2061 4920 2116 4975 in
2144 4918 2473 4991 Egyptum:
2502 4936 2520 4967 ι
2571 4915 2995 4971 crassitudinem
3028 4915 3218 4980 levem,
3243 4930 3359 4968 cor-

1794 5025 1896 5081 pus
1925 5010 1991 5065 de
2032 5008 2238 5079 Spiritu
2270 5018 2460 5065 sancto
2489 5014 2816 5077 conceptum
2847 5007 3149 5076 appellans.
3187 5004 3360 5075 igitur

1788 5102 1954 5160 etiam
1988 5102 2105 5173 ipsa
2129 5103 2242 5158 inec
2270 5104 2566 5175 prophetia:
2594 5101 2860 5171 particula
2891 5100 2959 5154 ad
2984 5101 3208 5155 verbum
3233 5099 3353 5154 exi-

1788 5204 1903 5253 tum
1956 5200 2150 5253 sortita
2180 5204 2284 5263 est,
2336 5213 2443 5267 quo
2476 5206 2717 5268 tempore
2752 5197 2981 5267 angelus
3030 5192 3244 5249 Domini
3298 5193 3353 5248 in

1787 5292 1997 5349 somnis
2028 5293 2181 5348 visus
2226 5291 2330 5361 ipsi
2361 5290 2563 5361 Joseph
2606 5291 2780 5345 dixit:
2840 5288 3123 5359 «Surgens
3168 5287 3355 5359 accipe

1787 5400 2038 5457 puerum,
2087 5395 2141 5441 et
2187 5396 2414 5441 matrem
2443 5387 2585 5456 ejus,
2617 5395 2671 5440 et
2715 5384 2837 5454 fuge
2868 5384 2923 5437 in
2953 5383 3271 5454 Aigyptum,
3301 5390 3354 5437 et
3434 5430 3437 5435 .

1774 5488 1894 5536 esto
1946 5478 2020 5535 ibi
2074 5520 2087 5545 ,
2130 5480 2303 5535 donec
2333 5480 2511 5534 dicam
2538 5480 2634 5533 tibi
2659 5479 2722 5531 “‘.
2757 5498 2775 5531 ι
2810 5477 2972 5547 297
3005 5475 3157 5532 Tunc
3188 5476 3355 5548 igitur

1784 5573 1901 5643 ipse
1934 5571 2195 5629 Dominus
2228 5572 2371 5628 Deus
2418 5572 2679 5639 Verbum,
2726 5572 2987 5643 puerilem
3018 5578 3230 5624 {etatem
3271 5571 3353 5624 in-

1789 5679 2033 5735 gressus,
2074 5673 2127 5722 ct
2171 5682 2272 5723 suo
2316 5669 2555 5738 corpori,
2592 5668 2736 5739 quod
2782 5684 2843 5723 ex
2896 5672 3087 5721 sancta
3134 5661 3353 5737 Virgine
