3894 6532
513 381 604 440 ιτι

1175 389 1442 448 EUSEBIl
1471 392 1948 452 CESARIENSIS
1974 397 2124 454 OPP.
2163 399 2340 455 PARS
2379 399 2442 456 ῐί.
2484 433 2551 442 -
2581 401 3074 460 APOLOGETICA.

3633 407 3738 464 ιτι

519 513 816 576 acceperat,
849 505 1173 575 coniunctus
1203 509 1370 578 (quod
1401 527 1533 566 sane
1563 528 1784 584 cerpus,
1819 532 2045 572 crassun

2171 520 2230 573 τὸ
2262 521 2544 592 κρείττονα
2577 522 2610 594 ἢ
2647 523 2767 576 καθ’
2806 525 2950 594 ἡμᾶς
2983 521 3138 578 εἶναι.
3185 526 3295 580 Καὶ
3327 528 3521 604 νεφέλῃ
3551 529 3734 609 tam

518 595 729 666 quidem
757 604 873 651 erat
900 597 970 652 oh
997 611 1270 666 corporeae
1308 603 1544 656 materiae
1595 601 1873 659 duriorem
1907 615 2070 660 natu-

516 700 664 755 ram;
711 698 769 744 at
833 703 1026 742 rursus
1070 687 1208 754 leve,
1265 707 1330 746 eo
1363 693 1508 762 quod
1539 697 1886 764 praestantius
1924 707 2069 755 esset

515 794 672 850 quam
701 794 761 834 ea
791 795 910 850 quae
938 779 1006 834 ad
1037 797 1137 836 nos
1165 784 1458 853 pertinent,
1489 802 1554 841 ex
1589 803 1698 857 quo
1727 790 1890 844 etiam
1935 791 2068 848 levis

513 873 686 930 nubes
715 873 1049 936 nominatur,
1085 885 1370 946 propterea
1401 879 1544 948 quod
1581 896 1690 934 non
1723 897 1786 935 ex
1823 883 2069 954 volupta-

511 965 590 1022 ria
616 962 986 1030 corruptione,
1026 965 1122 1026 sed,
1153 966 1220 1020 de
1261 965 1464 1038 Spiritu
1509 979 1698 1026 sancto
1731 975 2062 1046 constabat),

509 1055 565 1107 in
597 1061 742 1107 terra
773 1051 1152 1126 Egyptiorum
1183 1058 1516 1116 diversatur.
1557 1062 1734 1118 Causa
1764 1073 1941 1119 autem
1969 1083 2066 1122 cur

492 1145 634 1199 .lluc
679 1149 994 1211 accesserit,
1045 1149 1313 1204 rationem
1377 1152 1515 1206 hanc
1561 1153 1742 1211 habet.
1797 1157 2064 1224 Quoniam

507 1237 648 1292 enim
677 1236 732 1292 in
765 1237 999 1310 Egypto
1053 1241 1266 1296 initium
1308 1245 1586 1313 accepisse
1625 1262 1686 1302 ea
1720 1264 1840 1318 qua:
1881 1251 1946 1305 ad
1979 1267 2065 1306 er-

506 1345 681 1390 rorem
722 1331 936 1386 colendi
995 1333 1285 1389 simulacra
1335 1338 1625 1405 pertinent,
1669 1351 2060 1407 memorantur,

504 1427 558 1479 et
593 1420 921 1474 videbantur
948 1426 1190 1480 omnium
1223 1425 1502 1480 hominum
1534 1430 2060 1498 superstitiosissimi

503 1525 624 1570 esse
654 1509 917 1580 IEgyptii,
945 1513 1258 1584 inimicique
1298 1525 1462 1586 atque
1503 1518 1688 1574 hostes
1725 1522 1910 1594 populi
1945 1521 2060 1590 Dei,

503 1601 922 1673 longissimeque
962 1621 992 1658 a
1025 1606 1301 1676 prophetis
1332 1610 1540 1674 abesse,
1587 1613 1781 1666 merito
1824 1615 2061 1686 primum

502 1694 642 1761 apud
687 1693 808 1749 illos
856 1693 950 1749 Dei
989 1697 1161 1754 virtus
1203 1711 1536 1758 commorata
1565 1711 1685 1758 est:
1729 1717 2062 1777 quapropter

502 1785 624 1862 plus
655 1785 796 1854 apud
828 1785 1132 1859 Egyptios,
1169 1807 1332 1860 quam
1371 1794 1511 1861 apud
1555 1811 1746 1849 omnes
1788 1797 1927 1851 alios
1957 1799 2056 1852 ho-

499 1875 696 1942 mines,
720 1881 1048 1950 evangelieze
1074 1881 1219 1938 illius
1243 1883 1508 1937 doctrinae
1539 1887 1761 1940 verbum
1795 1889 2054 1944 invaluit:

497 1981 567 2020 ex
609 1982 718 2037 quo
749 1968 928 2043 ipsum
970 1968 1256 2024 Dominum
1303 1973 1372 2026 ad
1429 1975 1551 2031 illos
1598 1991 1970 2043 accessurum,
2006 1989 2059 2036 et

499 2071 625 2114 cum
664 2041 790 2112 illis~
821 2068 1156 2114 moraturum
1199 2077 1437 2130 praesens
1493 2067 1774 2135 prephetia
1827 2069 2054 2125 divinat.

495 2145 565 2208 At
589 2162 699 2200 non
757 2147 1040 2218 Egyptios
1087 2150 1142 2203 in
1176 2159 1372 2205 terram
1418 2153 1727 2212 Judzcorum
1772 2169 2054 2226 venturos,

497 2253 672 2308 neque.
733 2237 1124 2310 Hierosolyma,
1167 2253 1224 2296 ut
1278 2244 1350 2297 ibi
1394 2245 1544 2299 illum
1591 2249 1842 2316 adorent,
1883 2268 2058 2325 neque

493 2341 624 2380 vero
661 2327 856 2382 ibidem
897 2327 1040 2383 inter
1068 2329 1285 2388 Judazos
1338 2350 1403 2389 ex
1453 2336 1521 2392 iis
1559 2353 1681 2408 qua:
1716 2355 1746 2392 a
1787 2339 1933 2396 Mose
1975 2344 2058 2396 in-

494 2419 684 2471 stituta
737 2427 865 2474 sunt
913 2425 1372 2492 peregrinaturos,
1429 2443 1606 2499 neque
1657 2431 2057 2490 sacriﬁcatum:

492 2508 544 2571 in
587 2523 673 2573 eo,
705 2510 850 2584 quod
891 2521 974 2567 est
1017 2515 1073 2567 in
1121 2514 1444 2583 Jerusalem,
1491 2521 1680 2576 altari:
1719 2523 1814 2578 sed
1858 2523 2053 2580 horum

491 2601 709 2674 quidem
751 2601 886 2655 nihil
919 2619 1145 2672 prorsus
1187 2607 1261 2658 ait
1307 2607 1574 2675 futurum,
1619 2621 1674 2665 at
1719 2614 1898 2684 ipsum
1949 2617 2054 2671 Do-

491 2691 698 2746 minu-m
761 2694 1036 2750 aditurum
1088 2697 1393 2770 «Egyptios,
1443 2711 1496 2756 et
1536 2719 1635 2758 suo
1674 2707 1907 2763 adventu
1957 2711 2054 2764 ho-

487 2787 664 2842 mines
711 2789 1074 2860 dignaturum,
1124 2809 1552 2866 magnorumque
1599 2799 1866 2853 bonorum
1917 2803 2048 2871 ipsis

489 2885 767 2936 auctorem
821 2880 1090 2936 futurum.
1122 2881 1462 2940 Directuram
1491 2888 1756 2958 siquidem
1779 2891 2051 2960 perfectu-

487 2983 714 3038 ramque
759 2971 905 3025 illius
949 2973 1091 3027 inter
1133 2973 1256 3030 illos
1301 2981 1805 3046 commorationem,
1838 2997 1901 3036 ea
1929 2999 2050 3054 quae

483 3058 596 3136 jam
619 3075 677 3115 re
703 3060 818 3129 ipsa
851 3071 976 3133 post
1007 3063 1306 3122 Salvatoris
1338 3071 1508 3122 nostri
1550 3068 1678 3125 Jesu
1713 3071 1915 3128 Christi
1952 3074 2048 3128 ad-

2171 608 2563 680 ὀνομαζομένῃ,
2596 610 2681 664 διὰ
2712 611 2773 663 τὸ
2813 613 2885 683 μὴ
2917 613 2976 677 ἐξ
3007 613 3312 685 ἡδυπαθοῦς
3345 618 3568 691 φθορᾶς,
3597 608 3734 678 ἀλλά

2171 700 2228 766 ἐξ
2271 702 2424 769 ἁγίου
2463 701 2776 773 Πνεύματος
2823 706 3110 776 συστῆναι,
3153 711 3218 779 τῇ
3275 709 3380 764 τῶν
3419 712 3732 780 Αἰγυπτίων

2171 793 2424 863 ἐπιδημεῖ
2467 792 2636 864 χώρα.
2695 795 2759 846 Ἦ
2803 795 2846 848 δ’
2890 797 3035 850 αἰτία
3079 799 3177 869 τῆς
3211 800 3388 853 ἐκεῖσε
3437 803 3732 875 ἐπιδημίας

2168 884 2329 937 αὐτοῦ
2376 885 2563 940 τοῦτον
2607 887 2718 958 ἔχει
2775 889 2865 940 τὸν
2917 889 3087 958 λόγον.
3139 892 3290 945 Ἐπεὶ
3338 893 3445 964 γὰρ
3487 897 3546 948 ἐν
3591 897 3728 970 αὐτῇ

2167 976 2358 1050 πρώτῃ
2391 977 2654 1050 κατάρξαι
2694 979 2764 1034 τὰ
2795 981 2892 1052 τῆς
2925 983 3306 1055 εἰδωλολάτρου
3341 985 3546 1060 πλάνης
3593 1006 3730 1061 μνη-

2169 1067 2481 1140 μονεύεται,
2532 1072 2747 1128 ἐδόκουν
2790 1091 2848 1126 τε
2900 1075 3112 1128 πάντων
3147 1077 3446 1148 ἀνθρώπων
3495 1081 3732 1150 μάλιστα

2163 1162 2730 1234 δεισιδαιμονέστατοι-
2758 1165 3060 1236 τυγχάνειν,
3109 1167 3290 1238 ἐχθροί
3335 1185 3394 1220 τε
3441 1165 3588 1223 εἶναι
3635 1170 3731 1224 καὶ

2165 1252 2409 1324 πολέμιοι
2449 1256 2542 1309 τοῦ
2589 1249 2720 1310 λαοῦ
2769 1258 2860 1310 τοῦ
2893 1257 3048 1321 Θεοῦ,
3093 1259 3203 1312 τῶν
3243 1261 3532 1332 προφητῶν
3589 1265 3730 1317 κατὰ

2163 1343 2412 1399 πλεῖστον
2441 1349 2564 1402 ὅσον
2596 1350 2924 1418 ἀφεστῶτες·
2961 1351 3183 1414 εἰκότως
3210 1351 3391 1416 αὐτοῖς
3421 1352 3665 1422 πρώτοις
3693 1359 3726 1427 ἠ

2161 1437 2254 1491 τοῦ
2287 1439 2421 1492 Θεοῦ
2447 1442 2638 1512 ἐφίστη
2673 1441 2916 1513 δύναμις·
2946 1443 3024 1496 διὸ
3055 1443 3148 1497 καὶ
3183 1445 3398 1498 πάντων
3423 1444 3729 1518 ἀνθρώπων

2167 1531 2362 1600 μᾶλλον
2396 1535 2524 1604 παρ’
2551 1535 2862 1602 Αἰγυπτίοις
2903 1535 3118 1606 ίσχυσεν
3164 1539 3192 1589 ὁ
3233 1537 3332 1608 τῆς
3365 1539 3728 1610 εὐαγγελικῆς

2163 1625 2323 1678 αὑτοῦ
2359 1627 2701 1692 διδασκαλίας
2744 1630 2917 1698 λόγος.
2957 1631 3114 1685 Ὅθεν
3160 1633 3192 1703 ή
3227 1631 3474 1704 παροῦσα
3509 1651 3727 1705 προφη-

2161 1717 2280 1771 τεία
2308 1719 2468 1772 αὐτὸν
2500 1721 2681 1784 αὐτοῖς
2718 1721 3071 1794 ἐπιδημήσειν
3103 1723 3194 1776 τὸν
3228 1723 3430 1795 Κύριον
3455 1723 3726 1790 θεσπίζει,

2163 1807 2277 1861 ἀλλ’
2309 1810 2430 1880 οὐχὶ
2469 1811 2594 1874 τοὺς
2638 1813 2962 1882 Αίγυπτίους
2993 1814 3142 1883 ἥξειν
3190 1817 3267 1878 εἰς
3299 1817 3408 1888 ,τὴν
3451 1815 3727 1870 Ἰουδαίων

2162 1901 2371 1973 χώραν,
2406 1903 2523 1956 οὐδέ
2571 1921 2633 1972 γε
2683 1906 2761 1966 εἰς
2819 1905 2887 1957 τά
2945 1904 3284 1976 Ἰεροσόλυμα
3325 1907 3726 1979 προσκυνήσειν

2159 1993 2324 2064 αὐτῷ,
2358 1994 2464 2048 οὐδ’
2496 1995 2744 2056 ἐνταῦθα,
2770 1997 2907 2050 κατά
2939 1997 3005 2051 τὰ
3046 2001 3197 2070 παρά
3231 1999 3452 2052 Μωῦσεῖ
3493 2015 3726 2070 προστε-

2158 2087 2420 2158 ταγμένα,
2457 2087 2908 2161 προσηλυτεύσειν
2945 2090 3234 2155 Ἰουδαίοις,
3267 2091 3384 2144 οὑδέ
3417 2091 3607 2146 θύσειν
3639 2091 3726 2146 θυ-

2160 2179 2280 2244 σίας
2311 2182 2368 2234 ἐν
2399 2181 2476 2252 τῷ
2505 2181 2640 2254 πρὸς
2670 2185 2735 2254 τῇ
2779 2183 3130 2253 Ἰερουσαλὴμ
3172 2183 3556 2256 θυσιαστηρίῳ⁸
3587 2185 3723 2239 ἀλλὰ

2155 2271 2359 2326 τούτων
2394 2273 2492 2342 μὲν
2522 2272 2739 2326 ἔσεσθαί
2768 2289 2928 2344 φησιν
2958 2273 3139 2337 οὐδὲν,
3167 2273 3258 2327 τὸν
3297 2273 3353 2326 δὲ
3383 2273 3594 2345 Κύριον
3627 2275 3722 2328 αὺ-

2155 2361 2248 2417 τὸν
2303 2364 2661 2436 ἐπιδημήσειν
2711 2367 2823 2428 τοῖς
2873 2363 3208 2433 Αἰγυπτίοις,
3261 2367 3355 2419 καὶ
3397 2365 3498 2436 τῆς
3551 2365 3722 2420 αὑτοῦ

2157 2455 2456 2526 παρουσίας
2507 2455 2864 2522 καταξιώσειν
2907 2458 3034 2519 τοὺς
3073 2457 3300 2527 ἄνδρας,
3349 2457 3606 2528 μεγάλων
3662 2475 3719 2511 τε

2156 2544 2369 2614 ἀγαθῶν
2416 2547 2846 2617 καταστήσεσθαι
2889 2546 3058 2599 αἴτιον
3103 2550 3306 2610 αὐτοῖς.
3335 2547 3720 2619 Κατορθώσειν

2155 2635 2285 2704 γοῦν
2327 2635 2491 2690 αὐτοῦ
2532 2636 2628 2707 τὴν
2670 2637 2958 2709 ἐπιδημίαν
3003 2637 3206 2702 ταῦτα,
3235 2639 3374 2710 ἅπερ
3407 2638 3499 2690 καὶ
3537 2641 3720 2704 αὐτοῖς

2155 2725 2332 2796 ἔργοις
2364 2726 2498 2796 μετά
2530 2726 2627 2798 τὴν
2660 2727 2751 2780 τοῦ
2783 2728 3032 2799 Σωτῆρος
3056 2727 3212 2799 ήμῶν
3255 2728 3428 2800 Ἰησοῦ
3457 2728 3554 2782 τοῦ
3577 2731 3718 2801 Χρι-

2154 2815 2278 2867 στοῦ
2325 2815 2644 2885 ἐπιφάνειαν
2679 2818 2984 2871 συνίσταται
3025 2819 3444 2890 πεπληρωμένα.
3493 2819 3636 2874 Τίνα
3663 2819 3718 2874 δέ

2149 2901 2238 2976 ἦν,
2296 2905 2634 2978 θεασώμεθα.
2685 2909 2745 2961 Ol
2805 2911 2931 2982 πρὶν
2979 2912 3078 2982 τὴν
3125 2909 3394 2978 Αἴγυπτον
3439 2911 3716 2976 οίκοῦης

2150 2997 2341 3067 φαῦλοι
2385 2999 2478 3051 καὶ
2534 2998 2793 3070 μοχθηροὶ
2841 3001 3110 3071 δαίμονες,
3151 3001 3210 3067 ἐξ
3249 3001 3440 3064 αἰῶνος
3496 3003 3712 3073 μακροῦ

2148 3092 2257 3153 τοῖς
2292 3087 2496 3153 ξοάνοις
2527 3089 2947 3160 ἐμφωλεύοντες,
2986 3092 3080 3145 καὶ
3111 3091 3210 3156 τὰς
3245 3092 3354 3146 τῶν
3397 3094 3716 3162 Αἰγυπτίων

484 3160 726 3215 ventum,
759 3155 1023 3226 completa
1055 3170 1385 3226 cernuntur;
1419 3177 1539 3232 quae
1569 3177 1732 3234 porro
1773 3165 1886 3221 haec
1910 3167 2038 3232 sint,

485 3242 839 3266 2......_2..:-_-___
899 3245 936 3266 l3
972 3265 1008 3266 κν
1040 3251 1050 3262 ι
1096 3265 1103 3266 ,
1155 3252 1166 3262 ι
1267 3253 1280 3265 ο
1398 3255 1410 3266 ι
1451 3255 1462 3266 ι
1633 3256 1674 3266 .-
2001 3263 2012 3266 _

2147 3181 2322 3252 ψυχὰς
2351 3181 2499 3254 πάσῃ
2530 3155 2942 3252 δεισιδαιμονίας
2987 3183 3163 3256 πλάνῃ
3189 3155 3678 3255 καταδουλούμενοι
3697 3227 3710 3250 ,

485 3242 861 3314 inspiciamus.
897 3245 1052 3324 liqui
1086 3252 1238 3320 prius
1267 3253 1580 3310 incolebant
1609 3256 1921 3329 Egyptum,
1963 3263 2046 3316 vi-

484 3334 610 3396 tiosi
641 3338 902 3414 pravique
946 3339 1241 3408 daamones,
1295 3361 1392 3416 per
1439 3354 1606 3401 multa
1654 3352 1852 3404 saecula
1883 3352 1937 3407 in
1968 3353 2046 3406 si-

481 3427 744 3483 mulacris
791 3430 1086 3498 latitantes,
1148 3435 1469 3507 animasque
1491 3438 1874 3510 Egyptiorum
1893 3445 2042 3499 omni

481 3521 885 3588 superstitionis
907 3527 1078 3580 errori
1099 3527 1412 3585 addicentes
1442 3546 1504 3585 ac
1524 3533 1898 3601 subjicientes,
1917 3552 2042 3592 cum

481 3611 786 3674 sensissent.
827 3631 1021 3671 novam
1061 3619 1351 3688 quamdam
1401 3621 1746 3696 divinamque
1787 3627 2040 3684 virtutem

481 3700 547 3763 ad
582 3717 639 3756 se
665 3711 980 3770 accessisse,
1025 3709 1170 3763 illico
1226 3714 1480 3766 commoti
1525 3725 1670 3780 sunt,
1720 3727 1774 3771 et
1814 3715 2043 3773 ﬂuctua-

478 3795 681 3852 tionem
728 3811 791 3853 ac
837 3801 1292 3868 perturbationem
1341 3805 1396 3858 in
1452 3806 1647 3876 seipsis
1679 3810 2037 3878 pertulerunt,

480 3901 683 3956 corque
717 3887 958 3958 ipsorum
1020 3901 1074 3945 et
1119 3893 1201 3948 vis
1249 3895 1582 3966 intelligendi
1631 3899 1956 3957 intrinsecus
1985 3905 2039 3957 in

480 3978 614 4052 ipsis
631 3981 876 4034 convicta
914 3990 1060 4046 sunt,
1092 3993 1480 4056 cesseruntque
1507 4005 1569 4042 ac
1599 3989 1778 4060 fugata
1802 4001 1928 4046 sunt
1969 3995 2038 4048 ab

477 4085 542 4124 ea
573 4071 790 4136 virtute,
818 4089 938 4142 quae
967 4075 1142 4128 visum
1175 4077 1436 4148 eil‘ugiens
1481 4081 1601 4135 illos
1652 4085 2034 4153 compellebat,

476 4169 532 4216 et
577 4163 719 4232 ignis
747 4165 923 4219 instar
959 4165 1216 4223 ineﬂ‘abili
1250 4171 1483 4239 quadam
1513 4175 1720 4229 ratione
1750 4177 2032 4232 adurebat.

479 4251 542 4304 Et
590 4261 720 4309 tunc
753 4255 975 4325 quidem
1029 4258 1380 4314 invisibiliter
1413 4261 1688 4320 daemones
1731 4267 1854 4320 talia
1887 4271 2034 4336 passi

477 4351 624 4408 sunt,
657 4361 778 4399 cum
813 4345 1059 4402 Salvator
1097 4359 1281 4406 noster
1309 4350 1466 4408 Jesus
1499 4355 1750 4412 Christus
1784 4359 1835 4412 in
1869 4359 2034 4433 Egy-

475 4443 627 4511 ptum
659 4449 780 4489 cum
811 4437 1012 4492 visibili
1042 4455 1270 4512 corpore
1297 4445 1564 4511 pervenit.
1600 4447 1765 4517 298
1809 4447 1876 4501 At
1909 4466 2034 4506 vero

2148 3271 2552 3342 συναισθόμενοι
2583 3272 2741 3344 ξένης
2777 3274 2919 3338 τινὸς
2951 3276 3044 3328 καὶ
3073 3275 3252 3328 ἐνθέου
3279 3275 3556 3346 δυνάμεως
3585 3277 3714 3330 ἐπι-

2143 3361 2418 3436 δημούσης
2464 3363 2684 3429 αὐτοῖς,
2735 3365 2934 3419 αὐτίκα
2981 3365 3352 3420 συνεκινοῦντο
3395 3367 3566 3435 σάλονῖ
3617 3371 3714 3422 καὶ

2143 3458 2327 3512 κλόνον
2356 3461 2413 3512 ἐν
2439 3461 2652 3522 ἐαυτοϊς
2684 3459 2998 3528 πάσχοντες,
3029 3459 3064 3530 ἦ
3089 3476 3148 3512 τε
3181 3458 3375 3530 καρδία
3399 3459 3578 3514 αὐτῶν
3613 3460 3712 3515 καὶ

2141 3549 2450 3622 διανοητικὴ
2468 3550 2697 3622 δύναμις
2724 3552 2922 3622 ἡττᾶτο
2957 3550 3103 3605 ἔνδον
3141 3553 3200 3604 ἐν
3226 3551 3456 3615 ἐαυτοῖς,
3487 3551 3712 3622 ὑποχω-

2145 3641 2312 3714 ροῦσα
2351 3645 2445 3696 καί
2485 3644 2756 3715 νικωμένη
2793 3643 2897 3696 ὑπὸ
2940 3643 3041 3714 τῆς
3079 3643 3324 3716 ἀοράτως
3355 3641 3712 3698 συνελαυνού-

2145 3751 2263 3805 σης,
2293 3735 2386 3787 καὶ
2415 3734 2583 3806 πυρὸς
2629 3733 2784 3804 δίκην
2823 3735 3044 3806 ἀρρήτῳ
3091 3733 3234 3804 λόγῳ
3268 3731 3570 3804 φλεγούσης
3607 3734 3710 3787 αὐ-

2137 3828 2264 3890 τοὺς
2294 3825 2590 3898 δυνάμεως.
2634 3825 2792 3880 Ἀλλά
2819 3828 2940 3878 τότε
2970 3827 3065 3895 μὲν
3091 3827 3334 3900 ἀοράτως
3365 3827 3414 3878 οἱ
3451 3824 3708 3894 δαίμονες

2138 3918 2310 3972 ταῦτα
2358 3918 2592 3988 ἔπασχον
2637 3917 2730 3970 ἐπί
2773 3921 2836 3988 τῇ
2882 3917 2978 3970 τοῦ
3028 3919 3278 3990 Σωτῆρος
3317 3917 3474 3988 ἡμῶν
3527 3916 3706 3987 Ἰησοῦ

2138 4009 2370 4079 Χριστοῦ
2395 4011 2472 4070 εἰς
2503 4009 2600 4078 τὴν
2623 4008 2890 4075 Αἴγυπτον
2915 4011 3160 4081 ἐνσάρκῳ
3191 4009 3466 4080 ἐπιδημίᾳ..
3483 4008 3704 4078 Ἐπειδὴ

2137 4099 2194 4152 δὲ
2245 4100 2380 4170 μετὰ
2409 4100 2578 4153 ταῦτα
2627 4101 2847 4170 γυμνῶς
2899 4101 3000 4172 ἤδη
3047 4101 3228 4154 λοιπὸν
3269 4101 3328 4153 τὸ
3371 4099 3500 4171 περὶ
3533 4099 3706 4152 αὐτοῦ

2138 4191 2459 4259 Εὑαγγὲλιον
2489 4196 2600 4256 τοῖς
2633 4194 2963 4262 Αἰγυπτίοις,
3000 4191 3279 4264 ὼσπεροῦν
3311 4191 3403 4246 καὶ
3436 4195 3549 4255 τοῖς
3585 4192 3704 4245 λοι-

2137 4285 2256 4346 ποῖς
2289 4281 2512 4348 ἔθνεσιν,
2547 4287 2901 4357 ἐκηρύττετο,
2935 4286 2968 4354 ἦ
2995 4301 3054 4337 τε
3086 4285 3312 4354 ἀόρατος
3343 4282 3506 4337 αὑτοῦ
3539 4281 3704 4336 δύνα-

2139 4391 2229 4445 μις
2275 4375 2370 4428 συν
2401 4379 2510 4440 τοῖς
2553 4375 2868 4440 ἀποστόλοις
2899 4375 3060 4428 αὑτοῦ
3097 4377 3273 4447 παρῆν
3307 4377 3528 4446 ἀφανῶς
3557 4394 3700 4448 augt-

2135 4465 2446 4534 πράττουσα
2491 4466 2700 4529 αὐτοῖς,
2733 4467 2827 4519 καὶ
2861 4466 3208 4536 συνεργοῦσα,
3255 4467 3348 4519 καὶ
3395 4466 3700 4535 καταγγέλ-

473 4544 760 4602 postquam
808 4537 968 4606 plane
1016 4538 1127 4607 jam
1177 4539 1349 4609 ipsius
1383 4541 1728 4611 Evangelium
1764 4543 1830 4596 ad
1863 4543 2032 4618 Egy-

2147 4558 2296 4608 touca
2345 4555 2412 4610 δι’
2459 4557 2634 4610 αὐτῶν
2685 4559 2784 4627 τὴν
2835 4558 3030 4628 εὐσεϐῆ
3094 4558 3432 4612 διδασκαλίαν
3495 4558 3696 4624 αὐτοῦ,

477 4620 638 4688 ptios,
681 4623 822 4676 sicut
848 4625 915 4677 ad
949 4627 1187 4696 reliquas
1217 4637 1404 4697 gentes
1429 4631 1696 4698 perlatum
1729 4641 1833 4697 est,
1863 4643 1917 4690 et
1957 4639 2033 4690 in-

473 4709 705 4766 visibilis
734 4713 853 4780 ejus
883 4715 1078 4778 virtus,
1119 4735 1224 4772 una
1248 4735 1370 4774 eum
1392 4721 1510 4790 ejus
1543 4725 1809 4794 apostolis
1839 4726 2030 4794 adfuit,

471 4815 592 4878 quae
627 4803 856 4858 latenter
892 4806 1014 4861 illos
1045 4809 1350 4878 adjuvaret,
1394 4819 1447 4866 et
1475 4829 1582 4867 una
1609 4829 1734 4868 cum
1781 4817 1888 4872 illis
1916 4833 2028 4873 rem

473 4893 855 4965 negotiumque
883 4909 1112 4964 gereret,
1144 4915 1210 4956 ac
1250 4917 1346 4972 per
1375 4919 1470 4960 eos
1516 4905 1822 4976 religiosam
1855 4910 2030 4978 piam-

470 5000 574 5054 que
607 4985 777 5055 ipsius
800 4988 1102 5044 doctrinam
1137 4991 1516 5057 denuntiaret.
1547 5014 1826 5070 unumque
1851 5001 2027 5056 solum

468 5087 532 5126 ac
565 5089 752 5129 verum
792 5077 960 5133 Deum
1013 5082 1202 5138 colere,
1227 5083 1628 5154 adhortaretur,
1661 5095 1713 5143 et
1738 5103 1832 5144 eos
1863 5103 1894 5143 a
1918 5089 2028 5146 da:-

401 5223 408 5228 _
466 5164 722 5220 monibus
758 5177 1050 5235 averteret,
1089 5173 1180 5243 qui
1212 5175 1366 5244 prius
1395 5178 1602 5249 decepti
1643 5179 1896 5236 fuerant:
1937 5183 2026 5238 hic

463 5255 576 5325 jam
605 5265 716 5312 tum
747 5259 1016 5333 Egyptiis
1047 5266 1189 5321 sicut
1216 5269 1380 5322 etiam
1411 5271 1637 5341 reliquis
1660 5273 1912 5343 gentibus
1934 5290 2024 5330 se-

472 5353 603 5406 ditio
633 5355 941 5430 bellumque
972 5361 1290 5420 intestinum
1336 5375 1586 5422 exortum
1619 5377 1722 5434 est,
1765 5385 1888 5425 cum
1931 5372 2023 5426 alii

463 5443 678 5512 quidem
713 5448 782 5502 ab
824 5467 1008 5509 errore
1032 5457 1242 5511 colendi
1290 5459 1474 5527 plures
1507 5459 1640 5516 deos
1675 5463 2010 5525 recederent.

459 5541 514 5589 et
545 5537 610 5590 ad
635 5537 838 5596 Christi
873 5543 966 5599 Dei
997 5545 1230 5600 Verbum
1264 5561 1672 5618 concurrerent,
1711 5555 1800 5608 alii
1825 5571 1952 5609 vero
1990 5572 2022 5611 e

457 5629 848 5686 contrariohos
869 5633 1014 5703 ipsos
1039 5650 1606 5714 oppugnarent,atque
1626 5645 1693 5698 ad
1705 5645 2015 5714 hujusmodi

458 5714 676 5778 [acinus
723 5735 754 5772 a
803 5721 1120 5781 domesticis
1166 5729 1506 5788 daemonibus
1551 5735 1736 5788 furore
1779 5737 2013 5805 quodam

459 5809 886 5878 concitarentur,
931 5813 1066 5872 adeo
1101 5827 1156 5873 ut
1199 5816 1398 5876 fratres
1434 5839 1462 5876 a
1511 5823 1771 5882 fratribus
1802 5827 2008 5900 disjun-

2139 4646 2297 4716 μόνον
2321 4647 2412 4700 τὸν
2444 4647 2559 4713 ἕνα,
2585 4649 2675 4700 καὶ
2709 4649 2866 4718 μόνον
2895 4649 3066 4720 ἀληθῆ
3095 4649 3489 4704 Θεὺνεὺσεόεῖν
3517 4667 3700 4722 παρα-ε

2137 4739 2484 4813 κελευομένη,
2519 4741 2623 4794 τῶν
2659 4741 2715 4793 δὲ
2761 4742 3025 4812 δαιμόνων
3057 4743 3180 4806 τοὺς
3231 4741 3394 4796 πάλαι
3421 4740 3696 4812 πεπλανη-

2141 4831 2329 4899 μένους
2373 4831 2674 4901 ἀφιστῶσα·
2717 4831 2948 4886 ἐνταῦθα
2985 4831 3167 4886 λοιπὸν
3213 4833 3312 4904 ἤδη
3355 4833 3692 4900 Αἰγυπτίοις,

2133 4919 2414 4991 ὼσπεροῦν
2440 4921 2534 4974 καὶ
2562 4923 2674 4985 τοῖς
2713 4921 2916 4984 λοιποῖς
2957 4921 3132 4976 ἔθνεσι
3150 4963 3166 4988 ,
3195 4922 3378 4985 στάσις
3408 4921 3500 4976 καλ⁸
3537 4921 3694 4976 πόλεε

2139 5027 2236 5080 μος
2260 5011 2518 5081 ἐμφύλιος
2542 5013 2844 5078 συνίστατο,
2869 5012 2976 5066 τῶν
3013 5013 3112 5084 μὲν
3143 5013 3564 5086 ἀναχωρούντων
3594 5015 3694 5088 τῆς

2131 5100 2388 5156 πολυθέου
2413 5104 2640 5174 πλάνης,
2669 5105 2765 5157 καὶ
2787 5104 2865 5174 τῷ
2899 5103 3034 5158 Θεοῦ
3074 5103 3308 5175 Χριστοῦ
3353 5105 3496 5177 λόγῳ
3519 5123 3690 5179 προσ-

2129 5193 2424 5264 τρεχόντων
2443 5233 2456 5258 ,
2501 5195 2610 5248 τῶν
2653 5195 2710 5247 δὲ
2750 5195 2807 5262 ἐξ
2851 5195 3100 5262 ἐναντίας
3139 5195 3343 5261 τούτοις
3391 5197 3688 5269 πολεμούν-

2127 5301 2256 5348 των,
2292 5286 2384 5340 καὶ
2413 5287 2518 5339 ὑπὸ
2543 5286 2649 5340 τῶν
2673 5287 2882 5340 οἰκείων
2915 5289 3184 5359 δαιμόνων
3213 5289 3688 5360 ἐξοιστρουμένων,

2127 5375 2204 5440 ὡς
2234 5378 2326 5432 καὶ
2357 5378 2618 5447 ἀδελφοὺς
2645 5378 2883 5449 ἀλλήλων
2914 5381 3216 5436 διίστασθαι
3236 5422 3250 5445 ,
3291 5381 3384 5434 καὶ
3415 5383 3538 5444 τοὺς
3571 5380 3689 5449 φιλ-

2127 5467 2318 5532 τάτους
2343 5468 2428 5522 διά
2471 5469 2638 5538 ξιφῶν
2677 5475 2870 5540 χωρεῖν
2917 5473 3016 5541 τῆς
3053 5473 3146 5526 τοῦ
3179 5472 3410 5546 Χριστοῦ
3433 5471 3686 5526 διδασκα-

2125 5557 2244 5623 λίας
2271 5561 2472 5614 ἕνεκεν.
2499 5562 2665 5632 Φησίν
2691 5567 2718 5616 ό
2745 5567 2984 5636 χρησμός
3003 5585 3015 5598 ·
3055 5587 3072 5619 ι
3098 5569 3206 5622 Καὶ
3229 5565 3683 5640 ἐπεγερθήσονται

2123 5650 2406 5717 Αἰγύπτιοι
2439 5653 2524 5703 ἐπ’
2553 5653 2898 5720 Αἰγυπτίους,
2931 5657 3024 5710 καὶ
3067 5657 3358 5728 πολεμήσει
3401 5654 3682 5726 ἄνθρωπος

2123 5742 2212 5796 τὸν
2257 5743 2479 5812 ἀδελφὸν
2517 5745 2713 5810 αυτοῦ,
2757 5747 2850 5800 καὶ
2896 5748 3173 5818 ἅνθρωπος
3210 5749 3300 5801 τὸν
3334 5745 3556 5818 πλησίον
3587 5743 3678 5800 αὐ·-

2121 5829 2231 5882 τοῦ.
2271 5851 2287 5880 ι
2323 5831 2608 5886 Πιστοῦται
2655 5835 2708 5888 δὲ
2747 5836 2841 5908 τὴν
2887 5837 3220 5911 προφητικὴν
3265 5841 3562 5912 πρόρρησιν
3587 5838 3680 5894 καὶ
