3894 6510
93 406 197 464 ιτδ

1014 384 1666 461 DEMONSTRATIONIS
1700 404 2158 462 EVANGELICIE
2197 405 2324 463 LIB.
2365 407 2452 463 vr.

3226 412 3328 467 476

92 520 257 585 ὠτὸς
289 522 316 573 ό
340 519 527 590 Σωτὴρ
568 517 746 589 ἡμῶν,
779 517 1000 586 φάσκων
1051 520 1108 569 ἐν
1149 520 1263 581 τοῖς
1295 516 1661 585 Εὐαγγελίοιςο

1770 527 2044 588 gerentur,
2070 526 2124 575 et
2149 520 2409 577 doctrina:
2435 520 2638 577 Christi
2668 538 2854 588 causa,
2878 526 3037 580 etiam
3066 528 3328 587 charissi-

97 633 116 667 ι
148 610 468 681 Παραδὼσει
495 610 723 678 ἀδελφὸς
756 608 983 676 ἀδελφὸν
1016 610 1093 671 είς
1135 607 1379 670 θάνατον,
1424 608 1518 661 καὶ
1560 624 1666 662 πα-

93 706 193 776 τὴρ
244 704 461 768 τέκνον,
494 704 592 755 καὶ
633 701 1094 770 ἐπαναστήσονται
1139 699 1304 751 τέκνα
1347 698 1438 750 ἐπὶ
1466 701 1661 765 γονεῖς,

96 798 186 850 καὶ
218 794 617 848 θανατώσουσιν
659 791 871 855 αὐτούς.
920 810 938 841 ι
982 791 1090 843 Καὶ
1123 786 1303 852 αὖθις
1340 808 1357 840 ι
1396 790 1485 860 Μὴ
1516 792 1665 860 νομί-

99 902 251 955 σητε,
284 887 363 937 ὃτι
405 878 570 952 ἦλθον
608 882 829 951 εἰρήνην
868 879 1048 932 δοῦναι
1082 879 1139 929 ἐν
1160 881 1226 948 τῇ
1256 882 1346 948 γῇ,
1375 879 1495 947 οὐχὶ
1525 878 1668 947 λέγω

102 978 249 1046 ὑμῖν,
279 974 385 1029 ἀλλ’
413 974 446 1044 ἢ
486 972 879 1043 διαμερισμόν·
922 970 1131 1023 ἔσονται
1167 971 1277 1040 γὰρ
1305 970 1411 1024 ἀπὸ
1444 970 1537 1023 τοῦ
1571 969 1665 1021 νῦν

104 1070 261 1119 πέντε
287 1070 337 1119 ἐν
370 1066 504 1135 οἴκῳ
536 1064 618 1121 ἐνὶ
660 1062 1161 1134 διαμεμερισμένοι·
1196 1066 1347 1133 τρεῖς
1372 1064 1464 1115 ἐπὶ
1494 1063 1662 1125 δυσὶν,

102 1157 191 1211 καὶ
221 1156 312 1208 δύο
341 1155 429 1205 ἐπὶ
464 1153 630 1223 τρισί.
660 1151 1170 1222 Διαμερισθήσονται
1206 1152 1382 1223 πατὴρ
1419 1152 1509 1204 ἐπὶ
1542 1151 1662 1221 υίῷ,

105 1248 194 1299 καὶ
237 1247 341 1309 υίὸς
381 1245 479 1297 ἐπὶ
514 1244 702 1314 πατρὶ,
757 1245 934 1315 μήτηρ
975 1245 1067 1296 ἐπὶ
1103 1244 1204 1315 τὴν
1252 1243 1545 1315 θυγατέρα,
1574 1246 1667 1297 καὶ

105 1338 337 1408 θυγάτηρ
383 1338 480 1389 ἐπὶ
507 1335 607 1406 τὴν
652 1335 883 1406 μητέρα,
917 1333 1155 1405 πενθερὰ
1184 1336 1276 1387 ἐπὶ
1302 1335 1399 1405 τὴν
1426 1336 1663 1406 νύμφην,

108 1434 196 1485 καὶ
240 1433 415 1501 νύμφη
465 1430 560 1482 ἐπὶ
598 1430 694 1501 τὴν
738 1429 1022 1501 πενθεράν.
1071 1449 1089 1480 ι
1121 1430 1185 1482 Τί
1227 1430 1335 1502 γὰρ
1371 1429 1541 1484 ταῦτα
1569 1431 1665 1501 τῆς

110 1524 432 1595 προφητικῆς
465 1521 708 1593 διαφέροι
751 1520 816 1573 ἂν
851 1520 1068 1590 φωνῆς,
1102 1521 1195 1575 ἐπὶ
1226 1526 1292 1593 τῇ
1337 1522 1429 1575 τοῦ
1464 1523 1667 1593 Κυρίου

111 1621 186 1681 si;
225 1618 489 1685 Αἴγυπτον
535 1613 808 1685 παρουσίᾳ
850 1611 1152 1683 λεγούσης,
1202 1613 1664 1685 ἐπεγερθήσεσθαι

110 1709 419 1776 Αἰγυπτίους
455 1707 577 1762 κατ’
607 1703 945 1772 Αἰγυπτίων,
976 1703 1069 1757 καὶ
1105 1704 1431 1777 πολεμήσειν
1457 1704 1667 1773 ἄνθρω-

112 1816 205 1851 πον
249 1798 328 1851 τὸν
366 1795 593 1864 ἀδελφὺν
619 1792 820 1855 αύτοῦ;
856 1791 966 1844 Καὶ
999 1791 1162 1861 νόμος
1199 1792 1253 1845 δὲ
1283 1794 1311 1845 ό
1339 1792 1437 1861 τῆς
1457 1790 1663 1861 Καινῆς

1764 623 1885 663 mos
1940 609 2044 664 sibi
2078 611 2271 679 gladiis
2298 611 2690 680 transﬁgerent.
2723 611 2811 664 Ait
2836 613 2978 666 enim
3008 617 3322 671 oraculum:

1771 715 1787 745 ι
1821 697 1890 749 Ει
1943 700 2323 753 excitabuntur
2383 698 2623 770 Egyptii
2674 708 2863 754 contra
2915 701 3218 774 Egyptios,
3272 714 3327 760 et

1767 788 1973 841 bellum
2007 798 2154 857 geret
2195 790 2357 844 homo
2400 797 2589 843 contra
2618 790 2839 844 fratrem
2867 806 3048 859 suum,
3077 801 3130 847 et
3161 795 3328 849 homo

1770 888 1965 932 contra
2010 878 2312 947 proximum
2360 894 2541 935 suum.
2575 898 2592 931 ι
2651 879 2947 936 Conﬁrmat
2986 892 3163 937 autem
3196 901 3325 954 pro-

1768 968 2041 1038 plicticam
2078 967 2479 1036 praedictionem
2514 970 2676 1023 etiam
2718 970 2833 1039 ipse
2864 972 3114 1027 Salvator
3142 985 3326 1031 noster

1768 1063 1824 1114 in
1868 1060 2196 1129 Evangeliis,
2228 1061 2453 1115 dieens:
2503 1080 2522 1112 ι
2552 1061 2752 1116 Tradet
2806 1062 2971 1118 frater
3019 1064 3239 1121 fratrem
3268 1069 3326 1123 in

1769 1160 2021 1212 mortem,
2052 1159 2107 1205 et
2136 1160 2289 1219 pater
2321 1153 2512 1214 ﬁlium,
2543 1161 2595 1206 et
2626 1164 2955 1225 consurgent
3001 1156 3097 1211 ﬁlii
3132 1159 3327 1214 adver-

1767 1257 1863 1296 sus
1906 1249 2178 1311 parentes,
2228 1250 2283 1310 et
2343 1242 2665 1297 interﬁcient
2706 1259 2799 1299 eos
2821 1246 2883 1300 ¹⁷.
2916 1264 2934 1297 ι
2979 1245 3045 1300 Ει
3089 1264 3327 1304 rursus:

1771 1332 1993 1387 «Nolite
2041 1343 2235 1403 putare
2277 1334 2423 1403 quod
2476 1334 2720 1388 venerim
2771 1349 2959 1404 pacem
3010 1338 3223 1395 mittere
3266 1340 3324 1394 in

1768 1433 1989 1488 terram,
2042 1440 2152 1477 non
2185 1423 2310 1478 dico
2332 1424 2504 1488 vobis,
2552 1424 2649 1479 sed
2695 1427 3129 1495 separationem;
3163 1439 3323 1485 erunt

1765 1517 1909 1572 enim
1938 1532 2003 1571 ex
2032 1517 2156 1583 hoc,
2190 1517 2434 1587 quinque
2465 1518 2518 1571 in
2547 1517 2711 1572 domo
2736 1534 2867 1583 una,
2900 1529 3011 1575 tres
3039 1519 3203 1577 divisi
3234 1523 3325 1577 ad.

1762 1627 1957 1668 versus
1995 1611 2152 1676 duos,
2208 1619 2261 1667 et
2287 1610 2395 1665 duo
2428 1611 2687 1668 adversus
2716 1620 2847 1666 tres.
2891 1611 3321 1683 Separabuntur,

1765 1708 1917 1773 pater
1944 1710 2136 1756 contra
2173 1702 2362 1764 ﬁlium,
2391 1709 2447 1756 et
2476 1702 2617 1758 ﬁlius
2648 1710 2837 1756 contra
2876 1710 3106 1772 patrem,
3152 1712 3327 1760 mater

1765 1798 1957 1845 contra
1981 1791 2171 1855 ﬁliam,
2201 1800 2254 1846 et
2286 1791 2393 1846 ﬁlia
2424 1800 2614 1847 contra
2638 1803 2887 1859 matrem,
2921 1808 3116 1849 socrus
3135 1803 3330 1851 contra

112 1887 363 1958 Διαθήκης
400 1884 494 1937 τοῦ
536 1882 770 1955 Χριστοῦ
817 1882 908 1934 ἐπὶ
954 1882 1117 1952 νόμον
1149 1879 1239 1935 τὸν
1272 1883 1370 1951 τῆς
1404 1879 1663 1933 πολυθέου

1770 1897 1989 1947 nurum,
2042 1890 2097 1936 et
2141 1898 2314 1939 nurus
2348 1892 2538 1937 contra
2586 1900 2805 1940 socrum
2834 1886 2897 1941 ⁸⁸.
2931 1906 2950 1939 ι
3009 1887 3133 1943 Haec
3162 1890 3327 1957 ﬁenim

111 1976 517 2045 δεισιδαιμονίας
592 1972 874 2044 ἠγείρετο,
939 1972 1027 2024 ὅτε
1098 1970 1205 2025 τῶν
1267 1970 1666 2042 είδωλολατρῶν

116 2068 269 2121 ἐθνῶν
294 2070 451 2139 νόμος
472 2069 573 2137 τὴν
602 2066 836 2137 Χριστοῦ
883 2064 1135 2135 πολεμῶν
1173 2066 1536 2127 διδασκαλίαν,
1569 2066 1666 2117 πό-

115 2159 193 2223 λις
215 2177 268 2212 τε
302 2162 392 2214 καὶ
417 2161 662 2214 πολιτεία
700 2162 897 2231 τῆς,ἐν
923 2158 1142 2233 Χριστῷ
1200 2158 1522 2229 Ἐκκλησίας
1554 2162 1665 2222 τοῖς

117 2254 215 2305 τῶν
254 2255 488 2307 ἀπίστων
536 2254 703 2307 ἐθνῶν
752 2254 1143 2325 πολιτεύμασιν
1190 2254 1531 2308 ἐπανίστατο.
1575 2253 1665 2307 Διὸ

118 2346 359 2397 λέλεκταιο
392 2365 410 2397 ι
458 2346 617 2409 Πόλις
655 2347 750 2399 ἐπὶ
784 2347 957 2411 πόλιν,
992 2347 1087 2399 καὶ
1114 2346 1275 2416 νόμος
1301 2347 1392 2398 ἐπὶ
1424 2345 1602 2415 νόμον.
1639 2364 1657 2396 ι

124 2439 259 2490 Ἐστι
280 2438 331 2489 δὲ
354 2440 446 2491 ἐπὶ
466 2438 675 2501 τούτοις
699 2439 823 2503 τοὺς
844 2440 1173 2507 Αἰγυπτίους
1200 2437 1407 2501 πάντας
1440 2437 1563 2499 τοὺς
1588 2438 1665 2489 εί-

120 2528 452 2601 δωλολάτρας,
492 2529 553 2581 τό
600 2547 659 2582 τε
686 2530 937 2602 ἐνεργοῦν
960 2533 1017 2584 ἐν
1054 2531 1236 2593 αὐτοῖς
1257 2529 1356 2599 τῆς
1390 2528 1666 2584 εἰδωλολα-

122 2622 281 2690 τρείας
312 2621 560 2691 πνεῦμα,
596 2622 826 2676 συνιδεῖν
866 2622 1301 2694 ταραττομένους
1338 2622 1501 2674 εἰσέτι
1547 2621 1661 2687 νῦν,

120 2712 202 2763 καὶ
226 2712 382 2765 πολλὰ
417 2714 515 2783 μὲν
544 2713 959 2784 βουλευομένους
1000 2714 1141 2767 κατὰ
1172 2715 1271 2787 τῆς
1304 2713 1396 2767 τοῦ
1429 2714 1663 2786 Χριστοῦ

119 2804 454 2869 διδασκαλίας,
489 2805 564 2869 ὡς
597 2806 661 2860 ἂν
718 2806 956 2860 σϐέσοιεν
1004 2808 1193 2879 αὐτὴν,
1229 2808 1323 2861 καὶ
1368 2807 1427 2873 ἐξ
1457 2806 1663 2879 ἀνθρὼ-

123 2910 224 2949 πων
251 2896 575 2963 ἀφανίσοιεν,
608 2898 955 2951 διασκεδαννυ
964 2898 1156 2969 μένους
1180 2898 1235 2950 δέ
1255 2898 1358 2951 ὑπὸ
1383 2896 1477 2950 τοῦ
1506 2897 1661 2961 Θεοῦ,

124 2988 363 3059 φήσαντος
388 2990 443 3041 ἐν
475 2992 544 3059 τῇ
584 2990 922 3061 προφητεία·
959 3009 976 3041 ι
1016 2990 1123 3043 Καὶ
1161 2990 1559 3061 ταραχθήσεται
1606 2989 1666 3043 τδ

124 3078 314 3149 πνεῦμα
354 3079 462 3132 τῶν
512 3081 821 3150 Αίγυπτίων
862 3084 919 3134 ἐν
955 3083 1155 3147 αὐτοῖς,
1198 3083 1291 3136 καὶ
1340 3082 1437 3151 τὴν
1473 3081 1664 3151 βουλὴν

1766 1973 1821 2027 in
1867 1989 1975 2043 quo
2013 1974 2233 2030 tandem
2266 1990 2295 2028 a
2340 1991 2472 2030 voce
2520 1977 2838 2046 prophetica
2883 1978 3169 2045 diﬁ‘erunt,
3209 1997 3330 2052 qua:

1766 2080 1873 2133 quo
1905 2073 2144 2134 tempore
2189 2064 2454 2122 Dominus
2515 2069 2567 2123 in
2610 2068 2901 2140 IEgyplum
2943 2073 3212 2138 adveniet,
3255 2076 3331 2128 ait

1765 2167 2110 2213 surrecturos
2142 2156 2429 2228 Egyptios
2464 2168 2657 2213 contra
2698 2160 3023 2232 Egyptios?
3049 2172 3102 2219 et
3128 2165 3330 2219 bellum

1764 2256 2044 2319 gesturum
2106 2248 2379 2305 hominem
2434 2259 2630 2307 contra
2679 2251 2898 2308 fratrem
2938 2257 3135 2310 suum?
3177 2256 3329 2311 Tunc

1764 2357 1894 2395 vero
1928 2340 2062 2395 Novi
2113 2340 2450 2397 Testamenti
2480 2344 2588 2411 lex,
2618 2345 2776 2415 cujus
2817 2345 3070 2403 Christus
3118 2355 3331 2413 auctor,

1765 2440 1955 2487 contra
1988 2434 2159 2503 legem
2190 2435 2617 2505 superstitionis,
2649 2438 2703 2489 in
2740 2452 2846 2507 qua
2878 2438 3060 2507 plures
3086 2438 3161 2492 dii
3185 2440 3332 2494 cole-

1762 2521 1985 2586 bantur,
2030 2524 2290 2585 surrexit,
2323 2540 2446 2579 cum
2481 2524 2735 2580 videlicet
2764 2528 3004 2595 gentium
3034 2528 3327 2583 simulacra

1765 2613 2109 2668 adorantium
2160 2616 2265 2677 lex,
2306 2614 2511 2670 Christi
2552 2616 2858 2671 doctrinam
2892 2633 3233 2689 oppugnaris.
3274 2627 3329 2673 et

1765 2705 1960 2760 civitas
1990 2721 2053 2760 ac
2088 2708 2396 2777 respublica
2427 2708 2547 2776 ejus
2595 2707 2851 2763 Ecclesiae
2879 2725 2998 2779 qua:
3022 2711 3077 2764 in
3110 2710 3335 2765 Christo

1764 2797 2037 2862 consistit,
2069 2797 2331 2853 adversus
2357 2798 2496 2853 ritus
2515 2808 2676 2869 atque
2698 2800 2945 2855 instituta
2972 2816 3079 2856 non
3098 2802 3334 2858 creden-

1763 2890 1897 2943 tium
1915 2889 2191 2943 nationum
2215 2890 2474 2945 suscilata
2488 2898 2589 2946 est.
2616 2891 2692 2946 Ex
2713 2907 2820 2962 quo
2838 2893 2966 2947 illud
2984 2893 3186 2948 dictum
3209 2901 3294 2953 est
3309 2911 3330 2953 :

1771 3000 1788 3032 ι
1817 2980 2022 3036 Civitas
2037 2979 2300 3036 adversus
2320 2982 2617 3048 civitatem,
2638 2990 2691 3038 et
2712 2984 2798 3039 lex
2823 2984 3085 3040 adversus
3100 2985 3327 3056 legem.-

1764 3072 1967 3128 Deinde
1992 3074 2117 3129 licet
2146 3075 2305 3145 plane
2327 3073 2611 3145 Egyptios
2628 3082 2681 3130 et
2696 3090 2885 3131 omnes
2911 3077 3328 3132 simulacrorum

123 3170 279 3223 αὐτῶν
306 3171 656 3226 διασκεδάσω,
689 3192 707 3225 ,
742 3174 926 3245 Μυρία
944 3173 1000 3226 δὲ
1034 3174 1133 3226 ὅσα
1155 3173 1539 3244 πυνθανόμενοι
1572 3173 1666 3226 καὶ
1692 3203 1739 3265 C
1768 3163 2026 3227 cultores,
2054 3179 2286 3234 eumque
2314 3165 2407 3234 qui
2442 3164 2648 3233 inipsis
2679 3164 2788 3219 vim
2826 3181 2979 3220 suam
3002 3174 3216 3222 exercet
3240 3184 3335 3224 su-

123 3262 471 3334 ἐπερωτῶντες
490 3264 611 3317 καθ’
635 3266 668 3335 ἡ
677 3264 792 3335 μῶν
820 3263 877 3318 ἔν
893 3282 951 3317 τε
982 3267 1248 3337 χρησμοῖς
1275 3265 1367 3319 καὶ
1391 3266 1668 3336 μαντείαις

124 3358 232 3419 τοὺς
259 3356 403 3420 θεοὺς
430 3356 632 3421 αὐτῶν,
664 3358 901 3419 καὶτοὺς
926 3357 985 3409 ὲν
1012 3359 1124 3420 τοῖς
1147 3356 1453 3428 ἀγάλμασιν
1486 3357 1673 3427 ἐμφω-

125 3444 347 3513 λεύοντας
374 3448 657 3519 δαίμονας,
699 3448 826 3512 τούς
867 3466 927 3501 τε
972 3449 1138 3503 πάλαι
1180 3450 1237 3502 ἐν
1281 3449 1463 3512 αὐτοῖς
1501 3448 1671 3501 πολλὰ

125 3538 422 3610 δυναμένους
454 3541 944 3614 ἐγγαστριμύθους,
960 3542 1111 3595 οὐδέν
1142 3559 1195 3594 τι
1225 3540 1383 3595 πλέον
1414 3540 1473 3605 ἐξ
1491 3540 1670 3595 αὐτῶν

128 3629 304 3700 ἔχουσι.
330 3634 417 3688 Διό
450 3649 617 3705 φησιν
639 3633 668 3686 ὁ
688 3633 844 3702 λόγος
866 3651 879 3664 ·
921 3651 938 3683 ι
978 3633 1089 3687 Καὶ
1111 3634 1516 3705 ὲπερωτήσουσι
1548 3634 1670 3696 τοὺς

135 3722 265 3788 θεοὺς
305 3726 503 3790 αὐτῶν,
531 3727 626 3780 καὶ
652 3725 719 3779 τὰ
768 3727 1057 3797 ἀγάλματα
1092 3726 1291 3791 αὐτῶν,
1324 3728 1418 3778 καὶ
1446 3727 1570 3787 τοὺς
1590 3727 1672 3794 ἐγ-

129 3818 518 3889 γαστριμύθους.
549 3838 569 3869 ι
620 3817 757 3871 Ἀλλ’
807 3818 1063 3891 οὐδεμιᾶς
1104 3818 1231 3890 γὰρ,
1278 3819 1428 3889 φησὶ,
1462 3816 1672 3880 τεύξον-

129 3924 203 3961 ται
220 3909 455 3979 βοηθείας
488 3912 538 3963 oi
588 3911 681 3964 ἐπὶ
734 3912 861 3976 τοὺς
910 3912 1341 3982 πεπλανημένως
1384 3910 1671 3974 δοκοῦντας

130 4000 280 4053 αὐτῶν
309 3998 443 4056 εἶναι
479 4002 635 4065 θεοὺς
672 4003 1125 4072 καταφεύγοντες,
1159 4004 1279 4057 τότε
1307 4004 1541 4075 μάλιστα
1572 4005 1670 4056 αύ-

131 4094 234 4156 τοὺς
257 4093 341 4147 τοῦ
373 4094 507 4147 Θεοῦ
541 4095 751 4165 κυρίοις
780 4096 1033 4167 σκληροῖς
1066 4096 1162 4151 καὶ⁴
1189 4096 1463 4167 βασιλεῦσι
1494 4112 1671 4167 παρα-

130 4182 345 4251 διδόντος,
380 4189 467 4241 ὅτε
501 4192 613 4251 τοῖς
671 4188 919 4258 δαίμοσιν
973 4188 1150 4241 αὐτῶν
1204 4188 1529 4258 πειθόμενοι,
1579 4190 1672 4242 καὶ

133 4276 207 4329 ὑπ’
234 4282 398 4333 αὐτῶν
448 4281 851 4351 ἐνεργούμενοι,
887 4281 1011 4343 τοὺς
1040 4281 1181 4334 κατὰ
1210 4282 1308 4351 τῆς
1351 4282 1673 4350 Ἐκκλησίας

133 4370 208 4423 τοῦ
232 4373 355 4427 Θεοῦ
383 4374 656 4443 διωγμοὺς
702 4373 1095 4445 ἐπεγείρουσιν.
1127 4373 1292 4425 Ἔνθα
1326 4391 1414 4443 μοι
1432 4374 1523 4425 τὸν
1550 4373 1673 4426 νοῦν

133 4463 429 4532 ἐπιστήσεις,
463 4466 584 4519 τίνα
614 4466 813 4537 τρόπον
850 4466 1007 4537 μέχρι
1043 4466 1141 4535 μὲν
1170 4465 1269 4536 τῆς
1299 4466 1390 4518 τοῦ
1424 4466 1673 4536 Σωτῆρος

1768 3256 2103 3324 perstitionis
2120 3258 2393 3327 spiritum,
2411 3257 2612 3311 intueri
2628 3257 2788 3312 etiam
2805 3273 2951 3313 nunc
2964 3260 3331 3330 perturbatos.

1768 3345 1932 3416 299
1957 3354 2011 3402 et
2035 3354 2264 3402 multum
2288 3346 2508 3419 quidem
2536 3349 2939 3416 consultantes,
2968 3359 3023 3406 et
3048 3351 3337 3406 commini-

1770 3448 1989 3495 scentes
2016 3449 2208 3496 contra
2250 3442 2457 3499 Christi
2501 3441 2806 3499 doctrinam
2829 3482 2844 3508 ,
2875 3451 2935 3498 ut
2974 3458 3094 3499 eam
3126 3445 3336 3499 exstin-

1773 3536 1975 3597 guant,
2011 3537 2175 3599 atque
2214 3546 2279 3586 ex
2329 3532 2647 3588 hominibus
2674 3533 2928 3588 deleant:
2960 3532 3198 3605 dispergi
3231 3548 3335 3588 au-

1770 3626 1879 3673 tem
1912 3634 1975 3673 ac
2004 3620 2259 3690 dissipari
2294 3638 2326 3677 a
2358 3622 2505 3689 Deo,
2537 3623 2630 3693 qui
2664 3624 2740 3677 ait
2770 3624 2823 3678 in
2856 3624 2974 3694 ipsa
3004 3624 3287 3693 prophetia
3316 3644 3331 3679 :

1777 3728 1795 3761 ι
1829 3710 1894 3763 Et
1921 3712 2337 3766 conturbabitur
2378 3715 2609 3784 spiritus
2641 3709 3013 3783 Egyptiorum
3040 3713 3092 3767 in
3134 3715 3215 3769 eis
3234 3756 3250 3781 ,
3278 3722 3335 3770 et

1771 3802 2062 3856 consilium
2115 3818 2305 3858 eorum
2354 3804 2652 3875 dissipabo.
2684 3823 2704 3856 ι
2736 3804 2981 3873 Cumque
3026 3803 3337 3858 innumera-

1771 3899 1898 3953 bilia
1948 3896 2059 3952 sint
2106 3910 2227 3965 quae
2269 3895 2606 3965 interrogent
2634 3910 2698 3949 ac
2730 3894 3079 3949 sciscitentur
3125 3894 3181 3947 in
3218 3908 3339 3948 ora-

1773 3991 1914 4045 culis
1968 4004 2031 4043 ac
2079 3987 2539 4053 divinationibus,
2593 3987 2884 4043 adversum
2933 4000 3070 4051 nos,
3124 3986 3337 4055 quoties

1772 4084 1903 4139 deos
1948 4097 2107 4147 suos,
2151 4089 2206 4137 et
2248 4080 2529 4136 latitantes
2572 4079 2627 4133 in
2672 4078 2982 4134 simulacris
3025 4078 3335 4142 daemonas,

1773 4184 1827 4231 et
1852 4189 1947 4230 eos
1972 4175 2065 4243 qui
2098 4172 2254 4244 prius
2292 4173 2348 4227 in
2379 4172 2514 4244 ipsis
2554 4170 2787 4225 multum
2832 4178 3112 4240 poterant,
3143 4168 3337 4241 pytho-

1774 4282 1873 4321 nas
1900 4305 1915 4329 ,
1954 4267 2159 4321 adeunt
2189 4284 2203 4320 :
2235 4265 2375 4319 nihil
2405 4273 2588 4317 tamen
2619 4262 2853 4331 amplius
2882 4277 2945 4316 ex
2979 4262 3085 4315 illis
3113 4260 3337 4316 habent.

1773 4356 2121 4427 Quapropter
2151 4356 2435 4411 oraculum
2469 4355 2547 4408 ait
2576 4373 2588 4407 :
2624 4372 2641 4404 ι
2669 4353 2735 4405 Ει
2765 4353 3173 4421 interrogabunt
3207 4350 3339 4406 deos

1776 4466 1940 4516 suos,
1971 4458 2024 4505 et
2072 4449 2365 4504 simulacra
2408 4462 2544 4511 sua,
2589 4454 2642 4501 ct
2685 4444 2998 4516 pythonas.»
3018 4441 3123 4497 Sed
3161 4442 3340 4507 enim,

132 4554 262 4624 ἡμῶν
301 4557 471 4629 Ἰησοῦ
504 4531 739 4629 Χριστοῦ
762 4531 1078 4626 ἐπιφανείας
1110 4531 1327 4620 οἰκείοις
1366 4531 1669 4627 βασιλεῦσιν

1777 4540 1985 4609 inquit,
2026 4541 2235 4594 nullum
2280 4539 2439 4609 plane
2506 4536 2828 4591 obtinebunt
2884 4532 3179 4629 auxilium,
3219 4531 3343 4601 qui-

137 4646 255 4713 ίὸίως
298 4650 389 4704 καὶ
454 4652 575 4705 καθ’
611 4649 805 4720 ἑαυτὴν
837 4652 984 4703 πᾶσα
1032 4650 1305 4718 Αἴγυπτος
1337 4648 1591 4720 κέχρητο,
1619 4650 1676 4702 ἐν

134 4739 395 4813 αὑτονομίᾳ
427 4759 489 4794 τε
535 4742 629 4795 καὶ
668 4743 724 4795 ἐν
746 4740 1028 4813 ἐλευθερίᾳ
1065 4741 1248 4809 διῆγον
1284 4742 1334 4793 οί
1366 4740 1673 4809 Αἰγύπτιοι,

134 4828 383 4888 δυναστεία
416 4834 473 4886 δὲ
496 4834 673 4887 αὐτῶν
711 4833 769 4900 ἐξ
802 4832 995 4896 αἰῶνος
1028 4833 1214 4903 μακρά
1242 4850 1324 4895 τις
1365 4833 1458 4885 καὶ
1510 4831 1677 4904 πολλὴ

137 4921 345 4994 βεὸόητο,
375 4926 434 4993 ἐξ
467 4926 678 4980 ἐκείνου
701 4943 761 4979 τε
783 4929 999 4997 πρώτου
1032 4925 1315 4995 Ῥωμαίων
1342 4924 1675 4993 Αὐγούστου,

136 5016 232 5069 καθ’
249 5018 301 5072 ὃν
321 5021 350 5072 ό
374 5020 581 5093 Κύριος
610 5020 765 5091 ἡμῶν
796 5016 1131 5088 ἐγεγέννητο,
1158 5017 1557 5086 χειρωσαμένου
1580 5016 1679 5087 τὴν

134 5107 394 5179 Αιγυπτον,
420 5113 659 5183 ὑστάτης
696 5129 754 5164 τε
792 5111 900 5164 τῶν
945 5109 1293 5180 Πτολεμαίων
1325 5110 1682 5181 Κλεοπάτρας

138 5199 379 5276 ἁλούσης,
440 5206 547 5260 ὑπὸ
581 5204 679 5275 τὴν
733 5202 1016 5274 Ῥωμαίων
1064 5202 1351 5271 γεγόνασιν
1408 5202 1677 5268 ἐξουσίαν,

139 5294 223 5348 ὑπό
247 5314 301 5351 τε
324 5301 449 5363 τοὺς
479 5299 658 5353 αὐτῶν
676 5299 895 5368 νόμους,
916 5297 1009 5351 καὶ
1030 5296 1399 5367 ἐπιτάγματα,
1427 5296 1527 5366 τῆς
1550 5314 1680 5369 προ-

140 5387 277 5457 τέρας
326 5390 644 5461 αὐτονομίας
699 5392 792 5444 καὶ
838 5388 1148 5460 ἐλευθερίας
1195 5388 1569 5462 ἀφῃρημένοι·
1605 5390 1680 5452 ὡς

142 5479 217 5530 καὶ
254 5482 307 5533 ἐν
346 5482 520 5552 τούτῳ
574 5480 635 5533 τὸ
676 5480 1011 5552 προφητικὸν
1066 5477 1421 5549 ἐπαληθεύειν
1478 5478 1676 5547 λόγιον,

144 5571 246 5641 περὶ
271 5575 361 5642 μὲν
390 5573 497 5631 τῶν
527 5575 607 5637 είς
638 5574 761 5635 τοὺς
789 5572 987 5633 τόπους
1020 5570 1453 5641 ἐκπεμπομένων
1476 5571 1685 5641 ἐπιτρό-

145 5674 239 5715 πων
266 5681 321 5716 τε
342 5664 795 5736 καὶὴγουμένων,
816 5663 910 5717 καὶ
939 5662 1191 5734 περὶτῶν
1214 5662 1414 5717 λοιπῶν
1442 5664 1497 5717 ἐν
1527 5662 1682 5735 μέρει

205 5840 241 5875 "
272 5842 451 5902 Matth.
487 5862 542 5913 ι,
574 5845 664 5899 21.
745 5844 786 5875 ⁸⁸
810 5842 945 5898 Luc.
979 5858 1075 5909 ιιι,
1111 5841 1296 5899 31-53.

1776 4644 1991 4698 cunque
2039 4628 2107 4683 ad
2153 4642 2248 4683 eos
2300 4626 2390 4698 qui
2446 4627 2687 4697 ipsorum
2736 4624 2813 4679 dii
2864 4638 2982 4678 esse
3031 4620 3342 4688 videantur,

1776 4721 1976 4791 quique
2012 4721 2156 4788 ipsos
2204 4726 2362 4773 antea
2411 4716 2759 4787 deceperint,
2813 4713 3162 4785 confugient,
3210 4720 3343 4769 tunc

1777 4815 1964 4884 utique
1994 4813 2227 4867 maxime
2261 4827 2356 4867 eos
2384 4812 2536 4883 ipsos
2565 4808 2804 4865 dominis
2834 4822 2898 4861 ac
2934 4808 3153 4877 regibus
3181 4822 3344 4877 aspe—

1777 4905 1855 4959 ris
1882 4904 2134 4958 tradente
2166 4902 2430 4965 Domino,
2462 4916 2586 4955 cum
2617 4898 2957 4954 dazmonibus
2980 4896 3095 4951 suis
3124 4895 3343 4951 auscul-

1778 5005 1956 5049 tantes
1978 5036 1992 5062 ,
2020 5006 2075 5048 et
2103 4993 2172 5049 ab
2198 4993 2307 5048 illis
2338 4992 2620 5057 instincti,
2650 4988 3034 5046 insectationes
3079 4986 3342 5041 adversus

1779 5085 1874 5141 Dei
1903 5084 2206 5140 Ecclesiam
2237 5081 2607 5137 concitabunt.
2650 5078 2746 5134 Hic
2788 5077 2921 5132 mibi
2972 5076 3211 5129 animum
3251 5074 3343 5128 ad.

1778 5186 1961 5234 vertas
2000 5176 2291 5246 diligenter
2332 5174 2532 5239 velim,
2578 5186 2816 5243 quonam
2858 5176 3017 5240 pacto
3063 5182 3236 5236 usque
3276 5166 3339 5222 ad

1782 5270 2083 5326 Salvatoris
2125 5268 2301 5323 nostri
2328 5265 2458 5322 Jcsu
2490 5264 2694 5320 Christi
2739 5263 3063 5321 adventum,
3110 5258 3224 5312 suis
3258 5272 3345 5312 re—

1780 5363 1938 5434 gibus
1969 5377 2218 5417 seorsum
2249 5375 2311 5413 ac
2345 5374 2439 5428 per
2469 5374 2527 5413 se
2555 5364 2669 5409 tota
2701 5354 2968 5425 [Egyptus
2999 5358 3258 5413 uteretur,
3291 5355 3346 5403 et

1781 5454 1837 5508 in
1866 5468 1965 5510 suo
1999 5454 2241 5523 ipsorum
2266 5450 2391 5520 jure
2414 5464 2477 5502 ac
2500 5449 2749 5501 libertate
2776 5446 3033 5513 degerent
3064 5440 3302 5512 Egyptii
3322 5476 3339 5504 ,

1780 5556 2130 5618 potestasque
2178 5545 2393 5598 illorum
2420 5540 2489 5595 ah
2518 5539 2674 5594 initio
2706 5551 2867 5609 quam
2904 5537 3059 5605 longa
3085 5542 3140 5589 et
3186 5546 3345 5599 quam

1787 5640 1953 5695 multa
2006 5639 2151 5695 fama
2195 5635 2403 5694 feratur
2446 5632 2651 5698 fuisse,
2696 5637 2750 5687 et
2784 5624 3244 5702 quemadmodum
3276 5635 3349 5681 et
