3894 6558
502 393 607 454 4'75
1171 391 1440 452 EUSEBII
1475 393 1951 453 CESARIENSlS
1973 395 2124 455 OPP.
2167 385 2346 461 PARS
2375 399 2440 457 ll.
2479 375 2549 442 -—'
2584 370 3142 460 APOLOGETICA.‘
3709 408 3795 469 ηδ

503 513 632 578 illo,
693 525 819 566 cum
871 509 1086 581 primus
1133 510 1505 571 Romanorum
1555 516 1870 590 Augustus,
1917 519 2041 590 cuju

2257 522 2455 594 χόντων
2516 523 2749 594 φάσκον*
2792 545 2812 578 ι
2851 528 2991 598 Καὶ]
3015 521 3387 597 παραδώσω
3415 524 3688 594 Αἴγυπτον
3730 532 3795 596 εις

503 604 845 674 temporibus
885 603 1152 662 Dominus
1200 615 1391 663 noster
1426 616 1590 665 natus
1629 617 1742 675 est,
1781 609 2041 682 Aigyptur

2257 616 2364 684 Γρας
2412 612 2714 686 ἀνθρώπων
2766 616 2976 686 κυρίων
3028 612 3360 685 σκληρῶν.’
3398 631 3418 664 ι
3455 613 3588 687 περὶ
3627 615 3680 669 δὲ
3705 620 3795 674 τῶν

503 696 850 768 subegisset,
887 705 942 752 et
985 699 1288 755 novissima
1329 699 1745 758 Ptolemagorum
1791 702 2041 774 Cleopatr

2257 720 2276 757 ν
2324 703 2444 756 καθ’
2493 704 2612 758 ὅλου
2663 705 2956 761 διεπόντων
3015 706 3225 778 ἀρχὴν
3256 704 3326 758 τὸ
3362 702 3518 777 ἑξῆς,
3556 707 3669 760 ἀνθ’
3695 704 3795 766 οἱὸ

505 796 664 858 capta
711 800 891 856 esset,
939 789 992 843 in
1036 790 1406 847 Romanorum
1452 800 1775 864 potestatem
1847 793 2043 851 devene

2255 793 2420 858 κύλας
2446 797 2600 867 φησι,
2637 814 2656 848 ι
2692 797 2804 851 Καὶ
2820 797 3094 868 βασιλεὺς
3118 796 3639 869 κεκραταιωμένος
3670 801 3793 866 ἐξω-

502 879 646 946 rint,
677 889 732 936 et
760 881 864 937 sub
893 881 1112 937 illorum
1139 883 1287 954 leges
1321 893 1486 955 atque
1513 887 1692 941 edicta
1727 887 1884 942 missi
1926 887 2038 943 sint

2255 887 2353 940 ὶσει
2375 888 2434 940 ὲν
2465 889 2676 952 αὐτοῖς’
2717 907 2736 940 ι
2768 890 2797 942 ὁ
2839 889 2898 943 δὲ
2924 889 3266 962 Σύμμαχος
3293 905 3311 920 ’
3350 905 3372 940 ι
3418 890 3538 944 Καὶ
3573 890 3793 960 βασιλεὺς

504 987 716 1044 suoque
770 974 1016 1045 ipsorum
1065 975 1290 1047 proprio
1345 976 1470 1046 jure
1498 1017 1514 1041 ,
1569 993 1778 1049 suaque
1829 979 2042 1035 libertat

2255 978 2402 1051 ίυρδς
2435 979 2739 1044 ἐξουσιάσει
2777 981 2979 1036 αὐτῶν.
3009 1001 3032 1035 ι
3066 979 3252 1034 Οὕτω
3287 979 3360 1052 δὴ
3398 980 3506 1052 τὴν
3541 981 3793 1055 Ῥωμαίων

502 1066 734 1136 privati,
787 1074 846 1121 ut
895 1068 1274 1139 propheticum
1320 1069 1608 1124 oraculum
1659 1072 1824 1126 etiam
1869 1072 1925 1126 in
1975 1071 2040 1126 ho

2254 1072 2417 1142 οῦμαι
2451 1073 2746 1144 κεκλῆσθαι
2775 1073 3090 1144 βασιλείαν,
3129 1074 3238 1144 ὑφ’
3274 1067 3374 1146 ἦς,
3408 1072 3605 1145 ὥσπερ
3624 1077 3792 1148 χαλινῷ

502 1159 662 1230 plane
705 1161 992 1216 veritatem
1037 1175 1192 1216 suam
1239 1160 1617 1225 demonstret,
1664 1164 1808 1234 quod
1858 1163 2040 1235 quidet

2253 1165 2520 1236 ὶδεσμῷ,
2587 1166 3020 1238 πεπεδημένους,
3084 1168 3159 1222 οὐ
3231 1165 3414 1237 μόνον
3439 1167 3573 1230 τοὺς
3607 1167 3791 1223 πάντων

499 1251 568 1307 de
589 1251 677 1308 aiis
705 1255 799 1324 qui
830 1253 898 1307 ad
931 1253 1050 1308 loca
1069 1295 1086 1321 ,
1117 1255 1448 1324 procurandi
1481 1255 1658 1324 gratia
1686 1255 1936 1311 mittendi
1985 1270 2037 1311 es

2251 1256 2481 1328 θρώπων
2507 1258 3121 1331 δεισιδαιμονεστάτους
3155 1260 3548 1330 Αἰγυπτίους,
3564 1260 3692 1315 ἀλλά
3715 1265 3789 1316 καὶ

499 1352 656 1413 sent,
703 1345 882 1416 deque
921 1347 1249 1416 prtetoribus
1293 1362 1359 1403 ac
1402 1347 1636 1418 reliquis
1685 1362 1783 1418 per
1830 1348 2037 1417 singula

2249 1350 2303 1412 ὺς
2334 1348 2554 1412 λοιποὺς
2577 1349 2785 1415 πάντας
2811 1351 3158 1424 ἀνθρώπους
3198 1350 3387 1423 μηδὲν
3409 1349 3668 1405 δύνασθαι
3695 1352 3787 1406 τολ-

499 1445 687 1509 partes
732 1438 1185 1510 magistratibus,
1238 1439 1316 1496 ita
1365 1439 1653 1512 loquitur:
1702 1459 1722 1492 ι
1753 1439 1820 1494 Et
1865 1440 2037 1495 tradat

2247 1443 2289 1495 iv
2323 1441 2464 1496 κατὰ
2492 1442 2592 1514 τῆς
2624 1440 2717 1496 τοῦ
2749 1443 2999 1516 Σωτῆρος
3015 1445 3054 1514 ἡ
3064 1442 3200 1514 μῶν
3243 1441 3594 1514 Ἐκκλησίας
3613 1442 3785 1515 δυσφη-

501 1532 800 1605 Aigyptum
829 1532 885 1587 in
915 1547 1114 1589 manus
1158 1532 1442 1588 hominum
1471 1573 1486 1599 ,
1530 1532 1876 1588 dominorum
1923 1547 2039 1602 aspt

2249 1536 2322 1587 ἰν.
2355 1533 2511 1588 Μετὰ
2525 1533 2696 1588 ταῦτα
2724 1534 3146 1607 προφητεύεται
3173 1534 3413 1598 τούτοις
3449 1533 3581 1606 ἑξῆς
3613 1551 3785 1588 σκοτει-

499 1640 709 1681 rorum.
741 1645 760 1678 ι
787 1625 865 1683 De
903 1625 972 1682 iis
1012 1639 1144 1680 vero
1172 1623 1267 1696 qui
1306 1632 1481 1680 totum
1511 1624 1802 1696 imperium
1831 1624 2037 1679 obirent

2242 1625 2373 1698 τερά
2400 1643 2544 1693 τινα,
2579 1627 2672 1680 καὶ
2695 1627 2760 1680 δι’
2791 1627 3151 1699 αἰνιγμάτων
3177 1625 3556 1699 μακροτέρας
3587 1627 3676 1680 καὶ
3704 1627 3780 1697 βα-

498 1731 884 1787 ιυιιιωιιωιιυθ
909 1715 1003 1786 jus
1043 1716 1388 1784 obtinerent,
1421 1716 1474 1771 id
1505 1716 1652 1787 quod
1682 1719 1949 1788 sequitur,
1978 1732 2036 1786 pr

2241 1719 2410 1792 τέρας
2452 1719 2554 1791 τῆς
2605 1719 2747 1774 κατὰ
2784 1720 3160 1793 τροπολογίαν
3202 1719 3462 1791 δεόμενα
3496 1720 3779 1791 ἑρμηνείας,

498 1826 609 1881 quo
641 1811 835 1880 Aquila
863 1811 941 1864 ait
967 1829 982 1866 :
1013 1829 1034 1864 ι
1067 1809 1134 1864 Et
1164 1826 1258 1866 rex
1289 1810 1684 1866 corroboratus
1705 1853 1720 1877 ,
1751 1817 2036 1880 potestate:

2250 1811 2313 1884 δὴ
2367 1813 2458 1867 ἐπὶ
2509 1812 2706 1884 σχολῆς
2761 1812 2900 1866 κατὰ
2930 1813 3022 1867 τὸν
3063 1814 3458 1885 προσήκοντα
3499 1813 3683 1884 καιρὸν
3702 1814 3778 1883 τῆς

499 1903 769 1958 obtinebit
821 1903 874 1958 in
930 1903 1033 1959 eis.
1072 1923 1091 1956 ι
1122 1902 1488 1974 Symmachus
1539 1911 1761 1968 autem,
1809 1922 1828 1954 ι
1863 1903 1928 1956 Et
1981 1918 2037 1957 re

2242 1903 2558 1977 ωσηκούσης
2582 1905 2828 1970 τεύξεται
2858 1907 3213 1979 διηγήσεως,
3254 1907 3411 1961 ἐπὰν
3448 1905 3551 1961 σὺν
3573 1903 3684 1978 Θεῷ
3708 1905 3780 1958 τὸν

498 1997 656 2054 fortis
677 1998 770 2069 jus
799 1999 854 2053 in
885 1999 1009 2054 illos
1041 2000 1282 2056 habebit.
1315 2019 1333 2052 ι
1362 1999 1455 2055 Sic
1487 2007 1668 2055 autem
1698 2000 1813 2071 ipse
1842 2016 2036 2071 regnur

1920 2015 2070 2071 gnum
2178 1998 2306 2070 περὶ
2325 1996 2432 2051 τῶν
2463 1998 2802 2067 ἐπαγγελιῶν
2836 1998 3232 2071 ἅποδὼσωμεν
3263 1999 3458 2068 λόγον.

499 2093 867 2152 Romanorum
903 2095 1141 2150 arbitror
1198 2105 1452 2151 vocatum
1485 2112 1608 2153 esse
1630 2137 1644 2161 ,
1694 2112 1804 2167 quo
1837 2103 2097 2167 tanquam
2135 2094 2288 2150 freno
2341 2110 2404 2150 ac
2429 2094 2650 2149 vinculo
2680 2096 2958 2169 impediti,
2989 2113 3109 2152 non
3146 2098 3350 2152 solum
3383 2095 3631 2168 Egyptii
3681 2109 3776 2149 om-

497 2189 650 2244 nium
678 2189 960 2244 hominum
988 2191 1549 2260 superstitiosissimi.
1581 2191 1675 2247 sed
1707 2192 1902 2261 reliqui
1947 2206 2166 2261 quoque
2199 2190 2439 2246 universi
2499 2191 2784 2255 homines.
2847 2193 2982 2248 nihil
3037 2201 3303 2264 possunt
3358 2192 3480 2263 jam
3533 2190 3771 2246 audentve

498 2287 692 2334 contra
758 2279 1063 2337 Salvatoris
1100 2283 1277 2338 nostri
1329 2282 1631 2339 Ecclesiam
1665 2284 1960 2339 ohlatrare.
2003 2285 2164 2355 300
2201 2284 2329 2340 Post
2371 2285 2524 2352 haec,
2568 2286 2622 2340 in
2670 2286 2858 2342 eadem
2906 2287 3213 2357 prophetia
3252 2286 3468 2341 ordine
3498 2291 3775 2355 sequuntur

497 2374 820 2444 obscuriora
885 2377 1170 2448 quaedam,
1235 2387 1290 2434 et
1341 2380 1505 2437 nodis
1553 2394 1618 2435 ac
1677 2379 2083 2435 dimcultatibus
2114 2380 2410 2451 implicita,
2443 2397 2566 2452 qua:
2612 2381 2876 2454 longioris
2919 2391 3085 2454 atque
3129 2383 3404 2443 altioris.
3457 2382 3532 2438 ob
3575 2381 3768 2452 ﬁguram

498 2482 606 2536 qua
654 2468 940 2523 enuntiata
997 2479 1164 2534 sunt,
1223 2470 1692 2542 interpretationis
1740 2472 2053 2542 indigeant,
2091 2472 2292 2543 quibus
2367 2473 2592 2541 quidem
2656 2489 2758 2528 nos
2819 2490 2914 2544 per
2967 2477 3192 2540 otium,
3256 2491 3394 2531 cum
3445 2483 3658 2545 tempus
3695 2473 3770 2527 ad—

498 2563 633 2625 erit,
690 2570 871 2634 aptam
917 2566 1276 2636 expositionis
1313 2567 1489 2622 lucem
1531 2567 1788 2624 adhibere
1839 2583 1949 2622 non
1997 2570 2362 2639 gravabimur,
2406 2569 2496 2624 ubi
2546 2568 2657 2624 Deo
2711 2567 2924 2640 favente
2971 2570 3309 2625 divinarum
3365 2567 3764 2640 promissionum

500 2657 770 2712 rationem
799 2659 1219 2716 absolverimus.

1078 2770 1311 2827 CAPUT
1351 2771 1495 2825 XXI.

2690 2772 3087 2826 ΚΕΦΔΛΑΙΟΝ
3121 2774 3270 2828 KA'.

505 2881 585 2936 Ab
634 2882 833 2958 eodem.
863 2913 933 2923 —
966 2882 1237 2937 Bonorum
1290 2883 1572 2958 promissio
1633 2883 1701 2958 ad
1751 2901 1939 2958 eam._
1960 2901 2043 2958 qui

2227 2885 2466 2958 ladem";
2491 2888 2799 2958 αὑτοηῦηη
2844 2887 3109 2958 Ἀγαθῶν
3144 2888 3501 2958 ἐπαγγελία
3547 2887 3618 2956 τῇ
3649 2888 3765 2957 πρὶν

572 2954 725 3027 Urius
756 2953 964 3027 deserta
993 2962 1108 3027 erat
1135 2993 1150 3017 ,
1193 2969 1258 3006 ea:
1295 2953 1535 3022 gentibus
1576 2955 1852 3027 collectam
1893 2953 2078 3027 Eccle-

2247 2957 2445 3026 ἐρήμῳ
2473 2958 2541 3022 ἐξ
2588 2957 2778 3011 ἐθνῶν
2819 2953 3176 3027 Ἐκᾶιλησίᾳ,
3217 2953 3339 3014 κάϊ
3365 2959 3500 3026 ταῖς
3546 2953 3760 3014 κὲκαᾶιυ

575 3025 711 3100 {iam
731 3063 746 3087 ,
773 3034 820 3077 et
847 3022 915 3076 ad
942 3024 1162 3094 aﬂiictas
1187 3033 1504 3100 vexatasque
1526 3024 1734 3100 animas
1764 3026 2078 3100 manifestus

2247 3022 2457 3100 μέίξαις
2482 3022 3030 3100 ψυχαῖςῄὲμςςανὴῤ
3049 3022 3212 3085 esse
3246 3022 3583 3100 παρουὰία,
3611 3027 3763 3095 σωτή-

573 3094 670 3148 Dei
717 3099 1006 3156 adventus,
1045 3104 1095 3148 et
1155 3094 1419 3149 salutares
1471 3095 1850 3149 miraculorum
1899 3095 2082 3163 pradi-

1471 3095 1850 3149 miraculorum
1899 3095 2082 3163 prudi-
2243 3094 2363 3165 pro!
2392 3115 2453 3150 τε
2479 3094 2965 3166 ἐεαρὶιδοξόπήοίαι.

571 3167 878 3235 giorumque
899 3166 1295 3220 ostentationes.
2105 3197 2148 3254 ο

583 3297 601 3330 ι
633 3277 878 3344 Laetare,
921 3276 1139 3333 deserta
1185 3277 1409 3341 sitiens,
1459 3276 1696 3332 exsultet
1739 3277 1988 3343 deserta,
2022 3284 2078 3333 et

2259 3293 2278 3326 ι
2321 3273 2692 3346 Εὐφράνθητι,
2733 3274 2936 3347 ἔρημος
2975 3274 3219 3346 διψῶσα,
3273 3274 3626 3345 ἁγαλλιάσθω
3655 3272 3760 3343 ἔρη-

506 3375 695 3430 lloreat
725 3381 784 3428 ut
814 3373 985 3427 lilium
1015 3392 1028 3427 :
1061 3379 1114 3428 et
1143 3371 1495 3434 etllorebunt,
1521 3378 1575 3425 et
1597 3371 1951 3427 exsultabant
1977 3370 2044 3425 de

2216 3386 2304 3432 ,ος,
2368 3368 2464 3422 καὶ
2518 3367 2748 3422 ἀνθείτω
2779 3367 2855 3432 ὡς
2898 3367 3110 3441 κρίνον·
3182 3371 3285 3424 καὶ
3347 3367 3633 3439 ἐξανθήσει
3680 3363 3754 3416 καὶ

507 3477 652 3521 serta
702 3463 977 3520 Jordauis.
1030 3461 1097 3517 Et
1131 3463 1305 3534 gloria
1350 3461 1546 3518 Libani
1594 3462 1720 3518 data
1754 3471 1840 3518 est
1887 3463 1972 3526 ei,
2027 3478 2045 3518 ε

2219 3461 2573 3530 γαλλιάσεται
2613 3459 2680 3513 τὰ
2718 3459 2901 3532 ἔρημα
2957 3460 3052 3514 τοῦ
3100 3461 3410 3534 Ἰορδάνου.
3462 3460 3626 3528 Καὶὴ
3655 3453 3756 3517 δόξα

508 3561 682 3616 honor
714 3557 992 3624 Carmeli;
1029 3562 1084 3611 et
1127 3555 1363 3628 populus
1406 3569 1563 3611 meus
1611 3554 1816 3610 videbit
1853 3555 2046 3626 gloria:

2211 3551 2276 3605 τοῦ
2300 3552 2536 3608 Λιϐάνου
2563 3551 2720 3622 ἐδόθη
2748 3552 2910 3623 αὐτῇ,
2947 3551 3040 3605 καὶ
3069 3554 3102 3625 ἡ
3151 3553 3298 3626 τιμὴ
3333 3553 3432 3608 τοῦ
3464 3547 3749 3621 Καρμήλου.

505 3653 753 3716 Domini,
800 3659 856 3706 et
898 3649 1245 3706 altitudinem
1295 3649 1412 3705 Dei.
1465 3647 1844 3705 Convalescite
1885 3663 2043 3702 manu

2215 3644 2280 3699 :atl.
2328 3647 2357 3698 ό
2414 3643 2538 3709 λαός
2593 3662 2695 3716 μου
2736 3643 2924 3712 ὄψεται
2971 3644 3070 3718 τὴν
3117 3645 3287 3714 δόξαν
3331 3645 3564 3717 Κυρίου,
3595 3637 3753 3695 καὶτὸ

508 3746 780 3807 remissae,
824 3750 878 3799 et
927 3757 1102 3815 genua
1148 3741 1460 3798 dissoluta:
1503 3739 1865 3797 consulamini
1910 3739 2046 3809 pusil

2209 3738 2320 3808 ιψος
2371 3737 2464 3792 τοῦ
2524 3739 2682 3794 Θεοῦ.
2729 3739 3032 3810 Ἰσχύσατε,
3088 3744 3283 3814 χεῖρες
3345 3739 3640 3810 ἀνειμέναι,
3670 3731 3747 3787 καὶ

507 3838 738 3893 lanimes
777 3836 1088 3902 intellectu,
1126 3835 1522 3899 convalescite,
1569 3847 1637 3888 ne
1681 3831 1896 3886 timete.
1943 3829 2045 3886 Ecc

2210 3831 2388 3884 ’όνατα
2416 3832 2834 3906 παραλελυμένα
2888 3836 3349 3906 παρακαλέσατεο
3386 3835 3437 3888 oi
3470 3829 3748 3901 όλιγόψυχοι

508 3927 652 3982 Deus
687 3935 875 3981 noster
900 3926 1167 3996 judicium
1201 3925 1386 3980 reddit
1407 3965 1422 3987 ,
1458 3931 1514 3979 et
1549 3923 1780 3979 reddet:
1835 3921 1953 3992 ipse
1993 3936 2046 3976 vt

2209 3924 2249 3993 τῇ
2271 3922 2497 3994 διανοίᾳ,
2555 3923 2828 3993 ἰσχύσατε,
2892 3923 2966 3996 μὴ
3016 3925 3300 3994 φοϐεῖσθε.
3403 3924 3530 3978 Ἰδοὺ
3574 3923 3602 3973 ό
3639 3916 3747 3980 Θεὸς

508 4019 624 4075 niet
651 4060 666 4084 ,
712 4027 767 4075 et
816 4019 996 4074 salvos
1031 4017 1190 4073 faciet
1223 4033 1344 4072 nos.
1380 4015 1537 4071 Tunc
1583 4015 1902 4086 aperientur
1938 4016 2046 4069 ocu‘

2207 4015 2342 4085 :mv
2366 4015 2548 4086 κρίσιν
2598 4017 3010 4080 ἀνταποδίδωσι,
3045 4018 3139 4072 καὶ
3171 4015 3554 4072 ἁνταποδὼσει
3575 4031 3588 4044 ·
3611 4009 3745 4070 αὐτὸς

508 4126 782 4168 Caecorum
802 4153 817 4177 ,
849 4118 903 4167 et
933 4125 1096 4165 aures
1130 4109 1426 4164 surdorum
1463 4109 1689 4164 audient
1716 4123 1730 4159 :
1766 4113 1897 4160 tunc
1928 4105 2046 4160 salit

2204 4106 2328 4178 ιλξει,
2357 4107 2451 4160 καὶ
2489 4108 2652 4160 σώσει
2677 4111 2846 4179 ἡμᾶς.
2892 4110 3030 4163 Τότε
3065 4111 3487 4182 ἀνοιχθήσονται
3511 4101 3742 4175 ὀφθαλμοὶ

519 4212 581 4262 ιιι
633 4221 863 4269 cervus,
911 4202 1177 4266 claudus,
1227 4209 1283 4258 et
1329 4202 1488 4272 plana
1531 4199 1638 4255 erit
1676 4198 1861 4271 lingua
1903 4206 2054 4252 muto

2203 4197 2425 4268 τυφλῶν,
2480 4199 2575 4252 καὶ
2607 4192 2722 4252 ὦτα
2771 4199 3090 4256 ἀκούσονται
3109 4218 3122 4232 ·
3154 4204 3281 4256 τότε
3313 4203 3526 4256 άλεῖται
3555 4198 3626 4260 ὡς
3643 4195 3741 4247 ἐλα-

514 4310 658 4350 rum.
689 4292 960 4360 Quoniam
987 4290 1168 4362 erupit
1198 4291 1255 4344 in
1283 4289 1506 4346 deserto
1535 4303 1678 4360 aqua
1697 4329 1714 4354 ,
1741 4299 1794 4345 et
1822 4286 2052 4343 convalli

2197 4309 2289 4361 φος
2333 4292 2363 4344 ὁ
2425 4290 2618 4362 χωλὸς,
2662 4291 2756 4344 καὶ
2797 4291 2964 4363 τρανὴ
3000 4292 3150 4346 ἔσται
3183 4294 3414 4362 γλῶσσα
3448 4286 3735 4362 μογιλάλων.

514 4391 570 4448 in
601 4399 744 4445 terra
780 4386 988 4444 sitienti
1018 4404 1031 4440 :
1063 4392 1118 4441 et
1147 4384 1250 4441 erit
1276 4400 1397 4456 quae
1422 4392 1573 4440 caret
1600 4390 1744 4454 aqua
1775 4383 1831 4437 in
1861 4393 2051 4453 Stagna

2197 4381 2314 4435 Ὅτι
2346 4380 2557 4453 ὲρῤάγη
2589 4383 2647 4434 ὲν
2691 4383 2756 4452 τῇ
2786 4382 2976 4453 ἐρήμῳ
3015 4380 3178 4452 ὕδωρ,
3221 4384 3317 4437 καὶ
3361 4378 3574 4453 φάραγξ
3605 4377 3657 4428 ὲν
3681 4373 3735 4440 γῇ

510 4493 565 4539 et
616 4483 670 4536 in
702 4489 901 4536 terram
947 4479 1221 4535 sitientem
1283 4477 1406 4533 fons
1455 4491 1610 4548 aqua:
1657 4477 1764 4532 erit
1799 4476 1867 4531 l’.
1913 4495 1931 4528 ι
1974 4474 2048 4529 llo

2199 4472 2403 4546 διψώσῃ
2425 4491 2438 4504 ’
2502 4475 2595 4527 καὶ
2641 4473 2794 4527 ἔσται
2845 4475 2878 4544 ἡ
2909 4472 3133 4544 ἄνυδρος
3169 4476 3254 4538 είς
3296 4474 3416 4544 ἕλη,
3440 4471 3534 4525 καὶ
3559 4470 3632 4529 εἰς
3658 4463 3737 4532 τὴν

512 4574 675 4630 etiam
707 4574 763 4628 in
795 4574 917 4627 loco
945 4572 1122 4642 palam
1159 4569 1420 4627 salutaris
1466 4568 1562 4624 Dei
1615 4568 1830 4623 canitur
1877 4567 2050 4622 adven

2197 4565 2428 4634 διψῶσαν
2474 4566 2576 4637 γῆν
2607 4565 2756 4637 πηγὴ
2797 4565 2988 4628 ὓδατος
3021 4566 3194 4620 ἔσται.
3246 4586 3266 4620 ι
3301 4560 3590 4620 Κάνταῦθα
3613 4554 3735 4624 διαρ-

517 4675 639 4734 tus,
691 4666 782 4735 qui
829 4666 998 4719 multa
1041 4665 1184 4720 bona
1231 4665 1302 4718 sit
1347 4662 1653 4728 allaturus;
1700 4659 1886 4718 surdis
1933 4660 2055 4714 enin

2197 4658 2361 4730 ρήδην
2390 4658 2524 4712 Θεοῦ
2549 4659 2730 4729 ἄφιξις
2757 4657 3067 4722 θεσπίζεται
3102 4662 3392 4732 σωτήριος,
3429 4655 3522 4711 καὶ
3557 4645 3735 4705 πολλῶν

514 4758 802 4821 auditum,
851 4766 906 4812 et
963 4756 1122 4812 ctecis
1188 4755 1407 4819 visum,
1459 4763 1720 4824 praeterea
1767 4751 1976 4807 claudis
2035 4766 2052 4804 ε

2192 4750 2408 4820 ἀγαθῶν
2440 4752 2617 4805 αἰτία·
2651 4755 2854 4821 κωφοῖς
2893 4751 3022 4821 γοῦν
3065 4751 3227 4817 ἴασις,
3261 4753 3357 4806 καὶ
3386 4747 3597 4817 τυφλοῖς
3622 4739 3730 4795 ἀνά-

519 4855 756 4923 linguam
803 4849 1119 4920 impeditam
1163 4846 1531 4911 habentibus,
1578 4843 1844 4900 medelam
1889 4843 2057 4915 praedi

2194 4843 2400 4914 ϐλεψις,
2425 4844 2651 4917 προσέτι
2680 4862 2738 4898 τε
2766 4845 2956 4916 χωλοῖς
2990 4845 3086 4899 καὶ
3126 4844 3224 4916 τὴν
3247 4843 3494 4914 γλῶτταν
3522 4832 3732 4893 συνδεδε-

517 4947 662 5000 citur
691 4943 1002 4998 redditurus
1032 4959 1045 4994 :
1081 4954 1202 5009 qua:
1231 4939 1418 4993 omnia
1449 4951 1557 4991 non
1593 4935 1730 4990 alias
1765 4934 1973 4990 exitum
2004 4934 2055 4988 in

2195 4937 2377 5010 μένοις
2402 4937 2668 5009 θεραπεία
2688 4937 2906 4991 ἔσεσθαι
2934 4937 3332 5010 προφητεύεται
3356 4953 3371 4967 ⁶
3401 4937 3436 4991 ἃ
3463 4932 3553 4987 καὶ
3573 4926 3727 4982 τέλους

515 5041 828 5098 venerunt,
886 5031 994 5086 nisi
1044 5039 1335 5102 postquam
1389 5027 1638 5083 Salvator
1689 5037 1877 5082 noster
1924 5025 2053 5081 Jesu

2193 5030 2379 5101 ἔτυχεν
2405 5031 2505 5084 οὐκ
2528 5031 2754 5101 ἄλλωςῆ
2779 5031 2867 5084 διὰ
2885 5033 2984 5101 τῆς
3003 5030 3096 5085 τοῦ
3125 5033 3378 5105 Σωτῆρος
3398 5025 3549 5101 ἡμῶν
3585 5013 3728 5090 ’1ησοῦ

517 5127 770 5183 Christus
811 5124 1064 5188 advenit,
1112 5137 1144 5176 a
1188 5137 1297 5193 quo
1341 5129 1396 5177 et
1436 5135 1706 5176 caecorum
1742 5118 1888 5174 oculi
1918 5131 2055 5188 aperi

2193 5125 2427 5194 Χριστοῦ
2458 5123 2774 5196 παρουσίας,
2792 5126 2879 5194 ὑφ’
2896 5119 2958 5178 οὗ
2989 5125 3084 5180 καὶ
3101 5127 3314 5195 τυφλῶν
3341 5118 3665 5192 ἀνεῴχθησαν
3686 5106 3723 5158 ol

518 5227 686 5283 sunt,
719 5228 773 5274 et
805 5215 956 5274 surdi
993 5215 1238 5270 auditum
1269 5220 1628 5285 receperunt;
1663 5213 1793 5283 quid
1836 5227 1967 5268 vero
1997 5212 2053 5267 di

2194 5215 2480 5287 ὀφθαλμοὶ,
2499 5217 2592 5269 καὶ
2616 5218 2792 5286 κωφοὶ
2817 5217 2914 5288 τὴν
2936 5218 3104 5290 ἀκοὴν
3118 5219 3464 5292 ἀπειλήφασι.
3487 5209 3549 5263 Τί
3569 5205 3640 5260 δεῖ
3657 5198 3726 5292 λέξ

525 5325 648 5365 cere
675 5325 814 5382 opus
843 5317 962 5375 est,
994 5323 1158 5379 quam
1191 5307 1345 5362 multi
1376 5321 1474 5376 per
1503 5306 1650 5361 illius
1678 5306 2008 5378 discipulos,
2038 5320 2063 5360 e

2196 5325 2335 5377 γειν,
2351 5310 2575 5363 ὄσοικαὶ
2593 5311 2680 5365 διὰ
2692 5310 2800 5364 τῶν
2825 5311 2990 5364 αὑτοῦ
3018 5313 3274 5385 μαθητῶν
3297 5290 3617 5382 παρειμένοι,
3646 5290 3716 5346 καὶ

525 5403 704 5458 soluta
736 5404 982 5458 membra
1013 5402 1278 5456 habentes
1298 5439 1313 5465 ,
1341 5405 1393 5454 et
1424 5399 1561 5454 muti
1593 5409 1648 5455 et
1677 5399 1859 5453 claudi
1884 5442 1897 5464 ,
1931 5406 2062 5454 natu

2198 5403 2392 5472 κωφοὶ,
2412 5404 2506 5456 καὶ
2521 5402 2684 5474 χωλοὶ
2699 5402 2798 5466 τὰς
2820 5403 2960 5457 κατὰ
2979 5404 3138 5473 φύσιν
3153 5405 3336 5476 βάσεις
3359 5392 3717 5466 ἀπελάμᾶινονὲ

521 5496 666 5551 rales
713 5497 1026 5550 sanatioues
1073 5493 1564 5563 recuperaverint?
1613 5492 1770 5562 301
1820 5507 2058 5562 quamqu

2195 5493 2344 5548 ἄλλοι
2368 5511 2428 5546 τε
2487 5493 2666 5566 μυρίοι
2700 5493 2971 5560 ποικίλαις
3025 5497 3199 5560 νόσοις
3227 5497 3318 5550 καὶ
3347 5489 3618 5564 μαλακίαις
3643 5491 3713 5529 τί⁴

525 5586 617 5642 alii
647 5585 1076 5643 innumerabiles
1097 5628 1111 5652 ,
1136 5587 1231 5658 qui
1254 5587 1424 5640 variis
1454 5585 1841 5656 mgritudinum
1872 5584 2063 5652 langue

2195 5585 2532 5658 τρυχωμένοι
2556 5585 2657 5654 τῆς
2691 5587 2820 5658 παρ’
2845 5587 3008 5641 αὐτοῦ
3037 5589 3330 5662 θεραπείας
3363 5603 3420 5638 τε
3449 5581 3533 5636 καὶ
3574 5581 3716 5662 ΜΨ

528 5695 759 5752 rumque
788 5681 1084 5751 generibus
1109 5685 1460 5744 vexarentur,
1500 5678 1569 5733 ab
1599 5677 1693 5733 illo
1721 5674 2066 5760 ctacuration'

2198 5678 2320 5752 Ρίας
2350 5677 2616 5748 ἠξιοῦντο,
2653 5681 2794 5735 κατά
2837 5697 2894 5733 τε
2938 5681 3034 5752 τὴν
3073 5660 3250 5736 ἔνθεον
3295 5681 3388 5750 τῆς
3433 5660 3714 5745 προφητείας

603 5863 645 5895 ⁸⁸
668 5858 770 5917 lsa.
803 5875 964 5926 xxxv,
996 5858 1110 5913 1-7.
