3894 6478
158 369 259 422 ιτῖ

1119 388 1768 447 DEMONSTBATIONIS
1806 390 2258 447 EVANGELICA‘I
2297 390 2425 447 LIB.
2469 390 2559 449 Vl.

3325 397 3431 451 478

158 487 512 585 πρόρρησιν,
558 500 659 553 καὶ
700 502 837 557 κατὰ
885 504 982 576 τὴν
1018 506 1420 584 ἀψευδέστάτην
1462 514 1569 567 τῶν
1612 515 1745 585 ἱερῶε

1872 522 1924 569 ει
1952 515 2123 570 salute
2168 513 2317 585 digni
2356 513 2618 583 judicati,
2663 519 2955 585 utrumque
2998 516 3276 579 consecuti
3316 518 3429 571 sint

156 582 541 653 Εὖαγγελίων
587 598 910 670 μαρτυρίαν.
946 602 1188 673 Ἔρημον
1215 604 1271 657 δὲ
1304 606 1362 658 ἐν
1378 582 1595 671 τούτοις
1623 582 1771 662 6-16-

1872 606 2110 667 honum,
2156 606 2244 660 cui
2285 605 2361 660 rei
2402 613 2456 660 et
2488 605 2672 659 divina
2704 605 2997 675 pr0phetiae
3031 607 3338 675 praedictio,
3369 615 3425 660 ct

154 693 267 770 γυς,
308 681 653 742 αἰνίττεται
696 691 793 761 τὴν
820 690 879 755 ἐξ
927 692 1095 748 ὲθνῶν
1130 695 1470 767 Ἐκκλησίαν,
1500 699 1565 770 ἢν
1607 700 1745 754 πάλα

1871 697 1939 750 ab
1968 695 2114 749 omni
2154 694 2436 750 mendacio
2479 695 2876 751 alienissimum
2926 710 3206 751 sacrorum
3242 693 3426 751 Evan—

150 769 285 823 Θεοῦ
311 772 566 847 ἔρημον
597 776 761 836 οὖσαν
785 782 877 837 διὰ
903 784 1012 837 τῶν
1041 786 1097 839 ὲν
1129 788 1318 858 χερσὶν
1344 769 1767 859 εὐαγγελίζεται.

1870 790 2133 859 geliorum
2181 787 2588 852 testimonium,
2637 787 2997 842 indubitatam
3032 788 3214 859 ﬁdem
3271 782 3447 842 facitﬂ

150 864 259 917 Καὶ
288 866 495 922 ταῦτα
522 873 586 926 δὲ
610 874 745 947 πρὸς
771 876 883 938 τοῖς
905 875 1085 940 ἄλλοις
1125 880 1192 949 τῇ
1224 880 1414 951 ἐρήμῳ
1440 858 1602 953 φησὶν
1633 885 1660 936 6
1686 883 1745 936 λό

1870 858 2147 935 Desertam
2197 892 2326 932 vero
2370 876 2426 931 in
2477 876 2562 932 his
2606 878 2789 932 verbis
2831 858 3113 932 oraculum
3157 878 3427 948 signiﬁcat

149 972 265 1025 τος,
315 957 684 1031 δοθήσεσθαι
714 965 813 1037 τὴν
848 966 1003 1034 δόξαν
1038 967 1131 1021 τοῦ
1167 970 1418 1025 Λιϐάνου.
1458 974 1683 1028 Λίϐανον
1712 974 1768 1028 δὲ

150 1047 245 1115 τὴν
288 1047 693 1124 Ἰερουσαλήμ
720 1054 1092 1127 ἀλληγορικῶς
1123 1056 1347 1128 σύνηθές
1375 1059 1522 1115 ἐστιν
1552 1061 1764 1115 ἀποκα-

151 1137 280 1198 λεῖν.
320 1140 411 1204 ὡς
449 1144 560 1196 ἐπὶ
597 1146 787 1217 καιροῦ
830 1146 918 1201 διὰ
943 1147 1051 1201 τῶν
1080 1149 1189 1201 ἀπὸ
1227 1150 1325 1220 τῆς
1372 1150 1519 1215 θείας
1546 1152 1767 1223 Γραφῆς

149 1231 514 1298 ἀποδείξεων
554 1239 994 1309 παραστήσομεν.
1037 1241 1125 1293 Ἐν
1163 1240 1225 1314 δὴ
1262 1237 1354 1296 οὖν
1388 1245 1455 1314 τῇ
1495 1242 1586 1297 τοῦ
1633 1243 1765 1297 Θεοῦ

150 1320 229 1381 εἰς
260 1320 626 1392 ἀνθρώπους
664 1327 948 1399 παρουσίᾳ,
974 1331 1037 1399 τῇ
1072 1330 1369 1403 δηλωθείσῃ
1393 1332 1599 1404 ἐρήμῳ,
1624 1333 1765 1402 λέγω

150 1412 211 1480 δὴ
245 1416 317 1482 τῇ
368 1414 441 1480 ἐξ
498 1416 670 1470 ἐθνῶν
715 1419 1028 1491 Ἐκκλησία,
1060 1421 1156 1493 τὴν
1200 1422 1356 1487 δόξαν
1397 1424 1488 1476 τοῦ
1533 1424 1763 1478 Λιϐάνου

151 1504 504 1574 δοθήσεσθαι
538 1511 573 1579 ή
605 1511 935 1581 προκειμένη
980 1511 1218 1565 διδάσκει
1263 1515 1582 1586 πρόρρησις.
1624 1515 1764 1568 Ἀντὶ

150 1598 205 1650 δὲ
230 1598 354 1662 τοῦ,
396 1617 422 1651 ι
461 1601 563 1653 καὶ
591 1603 624 1672 ή
657 1602 790 1673 τιμὴ
819 1602 911 1655 τοῦ
933 1605 1248 1676 Καρμήλου,
1281 1625 1300 1659 ι
1337 1609 1365 1659 ὁ
1398 1607 1495 1679 μὲν
1537 1607 1762 1671 Ἀκύλας

153 1689 285 1757 φησί
310 1706 329 1719 δ
378 1709 401 1741 ι
459 1693 801 1764 Διαπρέπεια
833 1694 925 1747 τοῦ
959 1697 1256 1769 Καρμήλου
1302 1699 1394 1752 καὶ
1427 1698 1520 1751 τοῦ
1551 1698 1758 1770 Σαρὼν,

154 1781 311 1832 αὐτοὶ
343 1780 585 1851 δψονται
616 1782 773 1848 δόξαν
804 1785 1009 1857 Κυρίου
1030 1804 1044 1817 ·
1076 1806 1096 1839 ι
1135 1789 1163 1839 6
1193 1787 1248 1841 δὲ
1278 1788 1602 1860 Σύμμαχος⁶
1639 1791 1763 1844 ιΕύ-

1866 985 1985 1025 eam
2015 984 2134 1039 quae
2161 968 2228 1023 de
2257 967 2513 1036 gentibus
2543 967 2770 1022 collecta
2798 978 2911 1031 est,
2941 968 3240 1024 Ecclesiam
3260 1010 3275 1034 ,
3304 984 3429 1040 qua:

1866 1077 1989 1117 cum
2021 1072 2174 1115 antea
2205 1061 2321 1116 sine
2350 1059 2459 1114 Deo
2485 1068 2630 1115 esset
2656 1100 2670 1124 ,
2702 1076 2799 1130 per
2823 1076 2918 1116 eos
2952 1063 3019 1117 dc
3050 1064 3249 1132 quibus
3278 1077 3425 1117 nunc

1868 1154 2064 1224 agitur,
2094 1152 2441 1223 Evangelium
2485 1152 2703 1221 accipit.
2746 1152 3015 1209 Praeterea
3056 1155 3195 1210 idem
3231 1170 3426 1211 oracu-

1867 1245 1976 1299 lum
2018 1245 2127 1311 ait,
2170 1245 2296 1300 huic
2338 1244 2567 1301 deserta:
2608 1246 2842 1301 dandam
2890 1261 3019 1302 esse
3065 1248 3292 1318 gloriam
3332 1246 3424 1301 Li-

1864 1337 2010 1392 bani.
2041 1336 2305 1391 Libanum
2346 1349 2525 1392 autem
2555 1337 2782 1408 ﬁgurate
2825 1336 3127 1393 Jerusalem
3157 1337 3421 1409 appellari

1863 1436 2180 1484 consuetum
2221 1436 2306 1485 est
2325 1467 2342 1493 ,
2388 1430 2532 1484 sicut
2562 1444 2661 1485 suo
2688 1434 2931 1499 tempore
2954 1445 3048 1500 per
3074 1444 3167 1486 eas
3193 1431 3421 1485 demon-

1863 1520 2190 1583 strationes,
2244 1535 2381 1590 quas
2425 1520 2492 1575 de
2541 1519 2726 1575 divina
2775 1519 3057 1590 Scriptura
3104 1520 3423 1588 conﬁciam,

1861 1612 2187 1684 probaturus
2228 1628 2390 1668 sum:
2430 1612 2613 1682 itaque
2652 1612 2705 1667 in
2744 1612 2913 1683 ipsius
2950 1611 3041 1667 Dei
3082 1612 3149 1666 ad
3177 1612 3425 1670 homines

1862 1703 2093 1759 adventu
2118 1745 2133 1765 ,
2179 1704 2256 1759 illi
2302 1704 2564 1767 desertae,
2614 1704 2681 1760 de
2712 1720 2821 1774 qua
2850 1704 3056 1759 dictum
3089 1710 3202 1768 est,
3237 1702 3424 1758 Eccle‘

1862 1797 1988 1864 εἰπε,
2034 1799 2291 1868 inquam,
2329 1813 2449 1868 qua:
2479 1796 2546 1853 de
2574 1797 2827 1867 gentibus
2867 1797 3096 1852 collecta
3139 1805 3255 1863 est,
3306 1795 3426 1867 glo-

161 1874 423 1942 πρέπεια
451 1873 547 1927 τοῦ
572 1876 868 1948 Καρμήλου
897 1879 1105 1932 καὶτοῦ
1134 1880 1335 1942 πεδίου,
1364 1882 1515 1935 αὐτοὶ
1540 1882 1745 1953 ὄψονται

1860 1889 1993 1943 riam
2026 1890 2214 1945 Libani
2246 1889 2477 1945 dandam
2510 1904 2632 1944 esse
2656 1931 2670 1956 ,
2712 1888 3056 1959 propositum
3098 1887 3258 1942 docet
3299 1901 3423 1942 ora-

156 1963 253 2032 τὴν
282 1962 464 2029 δόξαν
496 1966 723 2037 Κυρίου.
746 1987 763 2018 ι
792 1969 902 2022 Καὶ
933 1971 961 2022 6
988 1969 1276 2024 Θεοδοτίων
1303 1973 1378 2036 δὲ,
1396 1988 1420 2026 ι
1455 1973 1753 2046 Ὡραιότης,

159 2054 317 2123 φησὶ,
350 2053 459 2107 τοῦ
501 2056 801 2128 Καρμήλου
835 2060 929 2113 καὶ
968 2060 1071 2129 τοῦ
1105 2061 1311 2132 Σαρὼν,
1340 2063 1494 2116 αὐτοὶ
1535 2064 1751 2135 ὄψονται

160 2152 255 2222 τὴν
288 2154 465 2221 δόξαν
488 2158 692 2229 Κυρίου
718 2175 733 2190 ·
763 2178 783 2211 ι
815 2160 883 2215 δι’
914 2153 988 2215 ὧν
1013 2162 1339 2216 αἰνίττεσθαι
1365 2164 1606 2235 ήγοῦμαι
1648 2164 1747 2236 τὴν

163 2246 512 2314 προφητείαν
544 2248 604 2300 ού
638 2249 734 2320 τὴν
775 2251 1144 2323 Ἰερουσαλὴμ,
1185 2254 1304 2306 οὐδὲ
1330 2254 1428 2325 τὴν
1473 2256 1746 2322 Ἰουδαίαν,

167 2334 303 2387 ἀλλὰ
325 2336 434 2407 τὴν
456 2338 563 2392 τῶν
596 2341 764 2394 ἐθνῶν
790 2343 973 2415 χώραν
1006 2346 1503 2417 καταξιωθήσεσθαι
1531 2350 1629 2420 τῆς
1665 2352 1752 2403 ὲν·-

167 2425 289 2478 θέου
315 2427 595 2496 γνώσεως.
642 2433 699 2485 '0
726 2433 856 2501 γοῦν
894 2435 1214 2507 Κάρμηλος,
1242 2438 1335 2490 καὶ
1362 2439 1390 2491 6
1420 2438 1750 2509 καλούμενος

168 2517 364 2589 Σαρὼν
407 2522 560 2574 τόποι
591 2523 699 2576 τῶν
749 2525 1056 2595 ἀλλοφύλων
1085 2529 1325 2600 ὑπῆρχον
1348 2529 1534 2584 ἐθνῶν.
1564 2531 1748 2586 Ταῦτα

178 2611 274 2678 μὲν
301 2607 397 2664 οὖν
436 2614 570 2681 πρὸς
598 2615 743 2679 λέξιν
763 2633 776 2645 ·
818 2618 913 2670 καὶ
940 2619 1079 2672 κατὰ
1109 2620 1344 2675 διάνοιαν
1367 2622 1424 2674 δὲ
1452 2622 1615 2675 εἰσέτι
1648 2625 1745 2695 σή-

175 2720 343 2773 μερον
364 2708 412 2759 οἱ
442 2708 569 2778 πρὶν
596 2708 695 2773 τὰς
726 2710 904 2780 ψυχὰς
936 2714 1342 2784 πεπηρωμένοι,
1373 2715 1449 2779 ὡς
1479 2712 1629 2780 ξύλα,
1652 2717 1747 2769 καὶ

1856 1977 2059 2031 culum.
2092 1976 2199 2033 Pro
2225 1993 2290 2034 eo
2322 1986 2501 2032 autem
2539 1978 2684 2047 quod
2716 1977 2921 2033 dictum
2957 1987 3077 2041 est,
3112 1995 3129 2027 ι
3164 1986 3218 2032 et
3248 1978 3425 2032 honor

1855 2064 2124 2129 Carmeli,
2157 2086 2175 2118 ι
2218 2065 2413 2137 Aquila
2472 2066 2691 2136 quidem
2746 2067 3053 2128 convertit,
3100 2084 3118 2116 ι
3156 2064 3422 2135 Splendor

1854 2154 2090 2210 Carmeli
2120 2163 2175 2211 et
2209 2154 2381 2209 Saron
2401 2195 2415 2220 ,
2449 2156 2550 2226 ipsi
2580 2156 2840 2211 videbunt
2871 2157 3095 2226 gloriam
3130 2155 3361 2210 Domini.
3396 2175 3415 2209 ι

1856 2248 2212 2321 Symmachus
2236 2266 2397 2314 vero,
2424 2244 2445 2301 ἰ
2479 2249 2649 2304 Decor
2687 2250 2918 2304 Carmeli
2959 2262 3013 2304 et
3066 2248 3278 2319 campi,
3314 2247 3421 2318 ipsi

1855 2341 2117 2397 videbunt
2169 2342 2398 2413 gloriam
2459 2341 2695 2396 Domini.
2737 2360 2754 2392 ι
2792 2340 3132 2394 Theodotion
3188 2346 3415 2393 autem:

1858 2452 1878 2485 ι
1910 2432 2169 2502 Species,
2202 2432 2417 2502 inquit,
2460 2431 2696 2487 Carmeli
2745 2437 2799 2484 et
2854 2429 3065 2492 Saron,
3112 2426 3215 2497 ipsi
3268 2426 3412 2481 vide-

1852 2522 1988 2576 bunt
2028 2523 2253 2594 gloriam
2302 2521 2541 2577 Domini.
2576 2540 2594 2573 ι
2625 2520 2837 2587 Quibus
2878 2519 3063 2576 verbis
3105 2519 3419 2591 signiﬁcare

1852 2614 2087 2667 arbitror
2116 2613 2457 2685 prephetiam
2482 2653 2496 2675 ,
2530 2628 2637 2668 non
2681 2614 2856 2682 ipsam
2898 2610 3199 2667 Jerusalem
3240 2627 3417 2681 neque

1849 2703 2089 2759 Judazam
2114 2746 2128 2771 ,
2160 2704 2255 2759 sed
2287 2706 2530 2774 ipsarum
2555 2704 2797 2775 gentium
2829 2712 3027 2758 terram
3053 2742 3068 2766 ,
3101 2702 3187 2756 cui
3231 2703 3415 2758 divina

175 2794 375 2860 λίθους,
422 2800 515 2851 καὶ
553 2801 651 2870 τὴν
696 2800 889 2871 λοιπὴν
937 2803 1141 2874 ἄψυχον
1190 2804 1341 2876 ὓλην,
1382 2806 1639 2877 δαίμονάς
1682 2825 1744 2860 τε

1860 2797 2085 2867 cognitio
2112 2795 2419 2851 exhibenda
2453 2796 2544 2851 sit.
2580 2795 2867 2850 Carmelus
2895 2794 3038 2849 enim
3066 2833 3080 2858 ,
3111 2801 3165 2849 et
3194 2794 3287 2863 qui
3319 2809 3415 2847 vo-

179 2889 505 2956 τεριγείους,
555 2890 649 2943 καὶ
697 2893 980 2961 πνεύματα
1035 2894 1264 2966 πονηρὰ,
1311 2896 1431 2949 ἀντὶ
1474 2897 1566 2950 τοῦ
1609 2896 1742 2950 Θεοῦ

1860 2897 2006 2944 catur
2054 2887 2261 2951 Saron,
2310 2895 2660 2942 externarum
2709 2885 2949 2956 gentium
2980 2885 3097 2938 loca
3128 2894 3306 2939 erant.
3343 2883 3409 2938 Et

178 2976 285 3029 τῶν
312 2980 442 3032 ὅλων
469 2985 812 3051 προσκυνεῖν,
841 2984 893 3036 οἶ
917 3001 975 3035 τε
1005 2984 1073 3036 τὰ
1106 2978 1219 3038 ὦτα
1244 2985 1345 3054 τῆς
1378 2985 1612 3051 διανοίας
1654 3005 1745 3040 κε-

1860 2996 1960 3035 nec
2009 2981 2229 3051 quidem
2277 2980 2342 3034 ad
2397 2979 2667 3043 verbum,
2701 2978 2769 3033 ad
2802 2993 3022 3034 sensum
3067 2993 3197 3033 vero
3245 2978 3414 3032 inter-

180 3071 514 3140 κωφωμένοι,
535 3074 629 3126 καὶ
652 3074 965 3138 σκάζοντες,
988 3077 1079 3129 καὶ
1106 3077 1421 3147 παρειμένοι
1447 3078 1537 3131 τὸν
1566 3079 1742 3132 πάντα

1860 3072 2233 3136 πειυῐιιίὺυε,
2284 3070 2577 3126 dicendum
2630 3071 2775 3132 erit,
2825 3069 2970 3141 quod
3026 3069 3060 3122 ii
3114 3069 3205 3139 qui
3259 3069 3414 3139 prius

184 3161 381 3215 ἑαυτῶν
406 3163 536 3232 βίον,
570 3164 774 3217 τούτων
807 3167 1061 3220 ἁπάντων
1091 3166 1182 3218 καὶ
1213 3166 1321 3219 τῶν
1353 3167 1526 3222 ἄλλων
1556 3169 1741 3223 παθῶν

1860 3164 2046 3219 mimis
2071 3165 2325 3219 excwcati
2357 3169 2512 3217 erant
2536 3200 2550 3225 ,
2590 3161 2725 3217 adeo
2756 3169 2815 3215 ut
2856 3162 2999 3231 ligna
3043 3168 3094 3214 et
3130 3160 3336 3230 lapides
3360 3169 3414 3214 et

184 3269 237 3303 τε
264 3255 354 3307 καὶ
378 3255 823 3326 ἀρρωστημάτων
846 3257 932 3310 διὰ
954 3258 1052 3328 τῆς
1078 3257 1171 3311 τοῦ
1198 3259 1443 3331 Σωτῆρος
1469 3260 1621 3330 ήμῶν
1646 3263 1744 3333 Ἰη-

1860 3256 2106 3326 'eliquam
2142 3256 2336 3309 anima:
2390 3264 2666 3324 expertem
2700 3255 2979 3308 materiam
3006 3292 3021 3317 ,
3055 3268 3268 3307 necnon
3303 3252 3412 3305 dre.

186 3344 279 3398 σοῦ
311 3347 531 3416 Χριστοῦ
565 3349 909 3413 διδασκαλίας
942 3350 1107 3403 εἰσέτι
1138 3350 1230 3403 καὶ
1258 3349 1350 3403 νῦν
1378 3351 1742 3406 ἀπαλλάττον-

1860 3367 2036 3407 nonas
2070 3350 2274 3405 circum
2312 3356 2512 3403 terram
2548 3354 2831 3402 versantes
2854 3386 2868 3409 ,
2904 3347 3150 3415 aliosque
3187 3346 3410 3415 spiritus

184 3451 297 3498 ται,
326 3438 447 3491 πολὺ
473 3439 779 3509 κρείττονος
809 3439 841 3508 ἢ
879 3438 1017 3491 κατά
1046 3438 1203 3509 σῶμα
1235 3440 1427 3503 ἰάσεως
1473 3441 1563 3494 καὶ
1600 3442 1742 3512 ὡφε-

1860 3443 2164 3514 lcpravatos
2186 3482 2201 3504 ,
2231 3442 2354 3496 loco
2385 3439 2582 3495 summi
2630 3438 2721 3493 Dei
2756 3439 2999 3493 colerent
3019 3477 3034 3501 ,
3066 3437 3268 3506 quique
3307 3452 3408 3490 au-

183 3526 328 3593 λείας
367 3531 689 3602 ἀξιούμενοι,
731 3532 826 3584 καὶ
860 3531 960 3601 τῆς
999 3532 1078 3594 εἰς
1115 3530 1433 3601 ἀνθρώπους
1471 3533 1563 3586 τοῦ
1603 3533 1736 3587 Θεοῦ

1860 3534 1993 3588 ribus
2039 3532 2409 3603 intelligentiae
2456 3530 2898 3594 obsurduerant;
2942 3535 2994 3583 ct
3036 3527 3409 3582 claudicantes

189 3621 347 3688 Λόγου
374 3623 666 3694 παρουσίας
695 3622 896 3692 ἐναργῆ
935 3622 1031 3692 τὴν
1066 3622 1214 3674 θείαν
1240 3623 1332 3675 καὶ
1360 3624 1499 3696 ὑπὲρ
1525 3625 1734 3695 ἄνθρω-

1860 3627 2111 3696 ιοιυιίίμιε
2135 3626 2283 3681 omni
2311 3625 2422 3678 vita
2454 3635 2642 3686 erant,
2672 3622 2758 3676 his
2791 3622 3047 3676 omnibus
3074 3620 3233 3674 malis
3265 3618 3407 3675 aliis-

188 3728 282 3765 που
303 3713 516 3785 δύναμιν
540 3714 685 3767 ὲπιδε
696 3713 810 3767 ικνύ
819 3730 989 3784 μενοι.

1860 3735 1945 3789 lue
1992 3727 2046 3772 et
2091 3716 2559 3789 perturbationum
2596 3722 2651 3769 et
2678 3711 3058 3784 argritudinum
3086 3709 3403 3782 generibus,

190 3825 279 3875 per
324 3807 619 3864 Salvatoris
648 3811 821 3865 nostri
848 3808 979 3865 Jesu
1012 3808 1217 3866 Christi
1249 3810 1552 3865 doctrinam
1595 3813 1756 3868 etiam
1794 3831 1941 3870 nunc
1972 3815 2294 3875 liberantur,
2328 3818 2382 3865 et
2421 3810 2594 3864 multo
2658 3806 3086 3879 prmstantiorem
3136 3818 3297 3874 quam
3341 3816 3405 3857 ea

191 3911 295 3966 es"
346 3919 461 3973 qua?
490 3902 559 3957 ad
609 3918 810 3973 corpus
870 3904 1137 3973 Ρθτῑίηθῑν
1202 3905 1429 3960 salutem
1484 3922 1751 3978 opemque
1784 3911 2086 3978 recipiunt,
2130 3917 2184 3964 et
2227 3907 2321 3962 Dei
2355 3904 2517 3961 Verbi
2561 3902 2629 3958 ad
2670 3902 2916 3958 homines
2960 3900 3224 3957 adventus
3264 3896 3406 3953 divi-

192 4012 299 4050 nam
325 4006 374 4053 et
389 3998 512 4069 plus
540 4014 705 4068 quam
732 3997 1024 4053 humanam
1056 3998 1310 4055 virtutem
1347 4001 1610 4073 detegunt
1641 4018 1706 4058 ac
1743 4002 2140 4059 demonstrant.

672 4109 1065 4164 ΚΕΦΑΛΑΙΟΝ
1092 4111 1222 4166 KB'.

2293 4114 2454 4185 302
2504 4107 2732 4166 CAPUT
2772 4104 2938 4161 xxn.

204 4196 332 4271 Ἀπὸ.
357 4199 461 4252 τοῦ
508 4200 715 4271 αὑτοῦ,
761 4232 830 4241 --
867 4201 955 4264 Ὡς
1001 4204 1034 4255 ὁ
1080 4200 1309 4269 πρῶτος
1348 4204 1445 4256 καὶ
1494 4207 1580 4271 εἷς
1628 4209 1735 4263 τὸν

1860 4207 1916 4262 Ib
1944 4206 2143 4261 eodem.
2171 4235 2241 4246 -—
2270 4200 2722 4269 Quemadmodum
2745 4194 3397 4271 primnm‘sempitfrnunt-

247 4266 733 4352 αὶῷνφτοῦνθεοῦ
778 4263 986 4352 Λόγος,
1028 4274 1061 4325 ό
1092 4263 1218 4352 ’ἰῶν
1254 4263 1414 4352 diem
1450 4263 1734 4352 ᾼηῂιορρ-

1903 4295 2001 4352 que
2052 4278 2148 4330 Dei
2188 4263 2446 4337 Verbum,
2481 4263 2847 4352 ipseuniversi
2881 4266 3134 4352 Opifef‘u
3174 4263 3399 4317 Domino

250 4296 409 4321 ιιιωνιι
442 4296 549 4323 ῑυυ
585 4296 733 4323 σευυ
778 4296 986 4352 Λοῖυς,
1028 4296 1060 4325 υ
1100 4296 1218 4324 των
1254 4296 1414 4326 υαιων
1451 4296 1734 4345 Δημιουρ-

250 4338 360 4405 τὸς.
394 4340 511 4393 ὑπὸ
536 4342 759 4408 Kvpt'ov
787 4358 890 4394 του
918 4342 1145 4410 Πατρός
1172 4342 1271 4397 καὶ
1290 4342 1404 4397 νῦν
1431 4346 1729 4402 ἀπεστάλ-

1940 4296 2001 4331 ue
2052 4296 2147 4330 ue:
2192 4296 2446 4337 vernum,
2481 4296 2589 4341 ιρδε
2617 4296 2847 4324 uiuum.“
2881 4296 3066 4334 uqu.
3104 4296 3134 4316 u
3174 4296 3214 4315 υ

1903 4296 2064 4402 z‘atre
2102 4348 2260 4402 etiam
2286 4361 2421 4399 nunc
2449 4360 2502 4397 se
2536 4343 2754 4395 missum
2784 4353 2895 4393 esse
2925 4336 3219 4403 conﬁtetur.

245 4411 327 4462 θαι
346 4411 563 4463 ἑαυτὸν
596 4411 891 4480 ὁμολογεῖ.

247 4540 261 4571 ι
296 4523 486 4577 ’Ᾱκουέ
520 4540 643 4594 μου,
687 4522 895 4588 Ἰακὼϐ,
927 4524 1021 4578 καὶ
1064 4524 1299 4597 Ἰσραὴλ,
1330 4524 1388 4578 ὃν
1410 4524 1519 4595 ἐγὼ
1548 4529 1722 4583 καλῶ·

1914 4542 1931 4572 ι
1960 4520 2100 4575 Audi
2142 4534 2262 4581 me,
2307 4516 2476 4571 Jacob
2517 4523 2569 4569 et
2607 4512 2773 4568 lsrael
2801 4550 2815 4573 ,
2859 4523 3021 4579 quem
3066 4520 3165 4576 ego
3211 4518 3393 4559 voco:

185 4612 275 4685 ὲχὼ
299 4617 407 4685 εἰμι
452 4615 690 4687 πρῶτος,
727 4616 819 4669 καὶ
862 4615 972 4683 ὲγὼ
996 4617 1111 4687 εἰμι
1158 4617 1237 4680 είς
1280 4618 1369 4669 τὸν
1401 4618 1599 4672 αἰῶνα·
1632 4622 1725 4674 καὶ

1860 4630 1932 4685 rgo
1972 4630 2090 4669 sum
2125 4612 2368 4681 primus,
2400 4618 2455 4664 ct
2496 4622 2596 4677 ego
2635 4619 2758 4661 sum
2788 4604 2845 4658 in
2879 4600 3304 4670 sempiternum:
3341 4606 3397 4651 ct

184 4705 207 4770 ἡ
236 4707 340 4776 χείρ
373 4725 472 4777 μου
518 4707 840 4776 ἐθεμελίωσε
888 4708 985 4777 τὴν
1034 4710 1155 4777 γῆν,
1186 4710 1217 4779 ή
1250 4709 1396 4774 δεξιά
1429 4728 1531 4779 μου
1577 4713 1725 4764 ἐστε-

186 4796 328 4862 ρέωσε
366 4797 455 4849 τῦν
501 4796 747 4866 οὐρανόν.
788 4815 806 4846 ι
839 4796 964 4848 θΚαὶ
1001 4798 1248 4867 ἐπιφέρει
1292 4798 1495 4866 λέγων·
1551 4819 1569 4851 ‹
1618 4802 1725 4853 Καί

182 4884 258 4937 νῦν
298 4889 495 4958 Κύριος
526 4887 833 4944 ἀπέσταλκε
871 4905 958 4956 με,
1000 4889 1092 4940 καὶ
1129 4889 1189 4940 τὸ
1224 4889 1443 4960 Πνεῦμα
1474 4892 1656 4945 αὑτοῦ.
1699 4912 1717 4943 ι

1836 4724 2029 4762 manus
2065 4722 2180 4759 mea
2215 4702 2461 4758 fundavit
2490 4709 2687 4755 terram
2708 4738 2723 4761 ,
2751 4696 2969 4751 dextera
3002 4706 3121 4746 mea
3151 4689 3388 4745 ﬁrmavit

1839 4803 2038 4855 cmlum
2069 4801 2135 4851 ²⁰.
2169 4816 2187 4849 ι
2212 4797 2277 4850 Ει
2304 4792 2551 4865 adiungit
2583 4790 2744 4862 paulo
2774 4798 2896 4859 post
2922 4803 2934 4838 :
2971 4804 2988 4837 ι
3017 4782 3082 4836 Ει
3112 4796 3260 4836 nunc
3288 4780 3393 4835 Do-

1839 4894 2019 4945 minus
2051 4890 2196 4945 misit
2228 4903 2312 4942 me
2350 4895 2405 4940 et
2438 4883 2672 4955 Spiritus
2716 4881 2835 4950 ejus
2863 4878 2928 4930 ¹¹.
2962 4895 2980 4927 ι
3006 4874 3184 4929 Habes
3231 4871 3397 4942 igitur

187 4979 342 5049 Ἔχεις
383 4980 664 5034 κάνταῦοα
702 4979 794 5032 καὶ
836 4979 926 5031 τὸν
972 4978 1449 5049 ἁποστελλόμενον,
1492 4982 1585 5035 καὶ
1630 4983 1722 5035 τὸν

1860 4983 1918 5034 lic
1961 4996 2176 5051 quoque
2214 4977 2497 5033 Dominum
2525 5019 2538 5041 ,
2590 4973 2683 5045 qui
2728 4971 2964 5025 mittitur
2987 4976 3041 5023 et
3072 4966 3164 5037 qui
3194 4961 3390 5061 mittit,

181 5068 575 5135 ἀποστέλλοντα,
623 5070 821 5141 δηλαδὴ
860 5069 950 5122 τὸν
1011 5069 1227 5140 Πατέρα
1282 5072 1374 5125 καὶ
1430 5071 1562 5126 Θεὸν
1614 5073 1722 5127 τῶν

1860 5076 2046 5127 'atrcm
2078 5072 2331 5127 videlicet
2367 5086 2430 5126 ac
2462 5068 2631 5124 Deum
2665 5064 2943 5127 universi,
2983 5061 3074 5131 qui
3109 5058 3393 5112 consuevit

180 5158 312 5224 ὅλων,
342 5161 587 5233 συνήθως
612 5162 691 5225 δὶς
722 5160 923 5232 Κύριον
956 5160 1367 5231 ὀνομαζόμενον.

660 5277 1051 5330 ΚΕΦΑΑΑΙΟΝ
1088 5276 1213 5331 Kl".

189 5366 299 5425 Ἀπὸ
330 5369 432 5423 τοῦ
476 5368 684 5423 αὑτοῦ.
720 5401 785 5408 -
830 5369 921 5435 Ὠς
961 5368 1140 5434 αὐτὸς
1172 5370 1203 5421 ὀ
1234 5368 1445 5435 Κύριος
1483 5370 1547 5424 τὸ
1590 5373 1721 5427 Ἰου-

235 5438 403 5491 Mla);-
428 5440 605 5503 ἔθνος
640 5438 974 5508 ἀπελέγχει.
1008 5441 1097 5492 ὅτι
1125 5438 1200 5505 δὴ
1244 5440 1493 5494 ἐλθόντα
1535 5445 1720 5497 αὐτὸν

234 5510 295 5561 οὐ
347 5508 794 5575 παραδέξωνται,
838 5508 977 5562 οὐδὲ
1021 5510 1301 5563 καλοῦντι
1340 5513 1719 5567 ὑπακούσον-

234 5594 336 5639 ται,
366 5578 545 5634 ὁποῖά
566 5596 629 5632 τε
652 5580 918 5633 πείσεται
950 5581 1098 5648 πρὸς
1124 5581 1340 5638 αὐτῶν.

238 5688 436 5743 «Οὕτω
494 5688 638 5757 λέγει
692 5689 925 5759 Κύριος⁸
992 5689 1144 5744 Ποῖον
1220 5694 1371 5749 τοῦτο
1416 5695 1473 5749 τὸ
1521 5694 1720 5765 βιϐλίον

243 5844 281 5878 ⁸⁸
313 5844 415 5901 Isa.
447 5860 634 5911 uvm,
672 5844 751 5897 13.
833 5845 869 5875 ²¹
898 5843 1025 5897 ibid.
1066 5844 1147 5901 16.

1827 5165 1913 5219 his
1943 5163 2201 5218 Dominus
2227 5160 2521 5217 nominari.

2390 5274 2619 5333 CAPUT
2658 5272 2845 5327 XXIII.

1826 5372 1904 5425 Ab
1934 5370 2133 5426 eodem.
2158 5401 2225 5409 —
2248 5367 2702 5436 Quemadmodum
2734 5366 2865 5436 ipse
2886 5360 3139 5414 Dominus
3167 5354 3385 5436 ludam-

1896 5460 2013 5495 rum
2049 5427 2554 5511 gentemwredarguit
2576 5476 2590 5500 ,
2631 5452 2690 5489 eo
2728 5427 2865 5503 quod
2908 5440 3181 5511 uenturum
3215 5427 3383 5511 ipsum

1894 5496 2186 5581 suscepturi
2220 5528 2321 5564 non
2350 5496 2492 5571 sint",
2524 5496 2683 5581 neque
2714 5496 2923 5581 uacanti
2966 5499 3065 5555 sibi
3106 5496 3384 5553 ausculta-

1897 5584 2000 5637 ιιινὶ
2021 5574 2110 5650 ,ἐι
2143 5599 2257 5652 qua:
2287 5595 2541 5649 passurus
2572 5574 2638 5630 sit
2671 5576 2735 5629 ab
2763 5574 2857 5627 eis.

1903 5713 1919 5745 ι
1953 5694 2042 5747 Sic
2074 5693 2203 5747 dicit
2235 5690 2531 5755 Dominus,
2571 5686 2756 5755 Qualis
2785 5693 2865 5742 cst
2897 5684 2984 5739 hic
3013 5682 3145 5738 liber
3176 5676 3385 5751 repudii
