3894 6506
146 412 237 471 ιει

1077 410 1733 472 nsuonsmmoms
1773 413 2226 475 mammam
2266 415 2397 474 us.
2436 400 2551 474 v1.‘

3299 422 3404 479 683

142 531 243 591 τοῖς
268 530 522 588 ἔθνεσιν.
550 551 570 585 ι
600 525 715 585 Εἶθ’
734 530 810 596 ὡς
837 529 977 602 ἔχων
1006 530 1194 602 ἕτερον
1219 535 1347 603 παρ’
1373 533 1566 595 αὐτοὺς
1586 532 1732 595 λαδν,

1836 515 2016 590 matur
2056 534 2110 589 in
2162 534 2434 605 gentibus.
2472 555 2491 588 ι
2539 534 2742 591 Deinde
2794 537 2954 608 quasi
2994 537 3201 595 habens
3233 539 3401 595 alium

131 624 393 695 ἐπιφέρει
414 643 430 655 θ
472 644 495 677 ι
525 624 623 678 Δια
649 624 808 678 τοῦτο
833 624 1100 702 γνώσεται
1129 625 1158 676 6
1185 624 1313 687 λαός
1341 641 1441 695 μου
1470 624 1531 677 τὸ
1560 624 1733 695 ὄνομά

145 730 269 799 μου·
308 733 327 765 ι
362 715 622 770 διδάσκει
652 734 747 780 τε,
780 716 861 769 ὃτι
904 715 976 787 μὴ
1016 717 1233 789 ἕτερος,
1262 716 1376 770 ἀλλ’
1402 716 1563 780 αὐτὸς
1603 719 1631 770 6
1676 719 1734 770 ὲν

141 808 243 870 τοῖς
276 809 609 879 προφήταις
639 808 879 880 λαλήσας
907 808 1110 878 Κύριος
1142 808 1469 880 ἐπιδημήσει
1497 810 1626 862 ποιτέ
1656 808 1732 879 τῷ

146 898 254 968 βίῳ,
273 898 488 968 λέγων·
509 919 528 951 ‹
551 899 693 969 Ἐγώ
724 902 859 972 είμι,
885 900 1047 963 αὐτὸς
1074 902 1102 954 6
1128 899 1323 965 λαλῶν,
1343 900 1626 972 πάρειμι.)
1658 901 1732 953 Τὸ

142 991 208 1055 δὲ,
228 1010 248 1041 ι
270 987 366 1055 Ὠς
384 991 518 1064 ῶρα
537 992 754 1046 ἐπὶτῶν
774 993 963 1065 ὀρέων,
982 994 1057 1057 ὡς
1075 994 1232 1059 πόδες
1248 995 1728 1066 εὐαγγελιζομένου

142 1083 300 1154 ἀκοὴν
331 1087 575 1157 εἰρήνης
593 1126 608 1149 ,
630 1084 706 1149 ὡς
734 1086 1216 1157 εὐαγγελιζόμενος
1236 1086 1433 1156 ἀγαθὰ,
1460 1087 1729 1159 ἀκουστὴν

142 1177 347 1247 ποιήσω
372 1176 483 1248 τὴν
520 1177 793 1248 σωτηρίαν
823 1194 937 1237 σου,
972 1177 1176 1247 λέγων·
1225 1178 1383 1241 Σιὼν,
1422 1178 1729 1249 βασιλεύσει

142 1284 228 1319 σου
267 1267 297 1318 6
327 1267 507 1333 Θεὸς,
546 1288 566 1319 ι
598 1270 928 1340 σαφέστερον
952 1270 1013 1327 ,οί
1048 1269 1225 1323 λοιποὶ
1253 1269 1613 1324 ἐκδεδώκασιν
1638 1272 1728 1343 ἐρ-

144 1360 406 1431 μηνευταί
432 1378 449 1389 ο
495 1363 524 1413 ὁ
564 1363 661 1431 μὲν
707 1361 935 1425 Ἀκύλας
971 1361 1140 1416 εἰπὼν
1161 1403 1176 1427 ,
1212 1383 1231 1414 ι
1260 1363 1326 1416 Τί
1367 1362 1726 1435 ὼραιώθησαν

142 1454 224 1505 ἐπὶ
247 1452 315 1505 τὰ
348 1452 462 1524 ὄρη
498 1454 658 1516 πόδες
689 1454 1197 1525 εὐαγγελιζομένου,
1229 1456 1608 1521 ἀκουτίζοντος
1650 1458 1727 1509 εἰ·

144 1546 324 1617 ρήνην,
354 1540 854 1617 εὐαγγελιζομένου
896 1547 1117 1616 ἀγαθὸν,
1144 1547 1521 1613 ἀκουτίζοντος
1552 1568 1724 1621 σωτη-

141 1642 254 1711 ρίαν
274 1681 290 1703 ,
322 1641 590 1709 λέγοντος
614 1643 679 1711 τῇ
702 1639 839 1694 Σιών
860 1659 873 1673 ο
910 1640 1286 1696 Ἐϐασίλευσεν
1314 1643 1343 1696 6
1372 1643 1504 1708 Θεός
1542 1662 1635 1698 σου
1658 1661 1672 1709 ;
1696 1664 1715 1697 ι

142 1734 227 1786 καὶ
246 1735 274 1786 6
298 1734 607 1804 Σύμμαχος
630 1734 808 1804 φήσας
825 1750 839 1763 ·
863 1751 881 1783 ι
905 1732 969 1785 Τί
983 1734 1280 1805 εὐπρεπεῖς
1309 1731 1399 1789 ἐπὶ
1422 1735 1528 1790 τῶν
1550 1737 1718 1808 ὀρέων

143 1824 295 1888 πόδες
320 1824 839 1895 εὐαγγελιζομένου,
873 1824 1141 1896 ἀκουστὴν
1170 1824 1449 1890 ποιοῦντος
1472 1828 1714 1898 εἰρήνην,

1835 635 2029 696 ιιι-αξιοι·
2053 626 2175 681 illos
2202 627 2481 697 populum,
2510 625 2757 697 adjungit
2781 645 2793 680 :
2826 647 2844 678 ι
2880 626 3088 685 Idcirco
3112 638 3405 701 cognoscet

1835 718 2069 787 populus
2086 732 2237 773 meus
2252 734 2447 773 nomen
2464 734 2661 773 meum.
2696 740 2714 772 ι
2736 719 2935 775 Deinde
2956 722 3112 777 docet
3133 721 3277 794 quod
3295 738 3405 779 non

1834 808 2013 876 alius,
2048 810 2143 865 sed
2182 810 2296 879 ipse
2325 811 2419 880 qui
2451 811 2505 865 in
2552 811 2833 883 prophetis
2868 812 3192 883 loquebatur
3222 814 3405 869 Domi-

1832 911 1961 962 nus,
1990 899 2297 954 versabitur
2325 901 2452 954 olim
2477 902 2531 955 in
2564 902 2665 956 hac
2694 901 2825 966 vita,
2858 902 2943 958 his
2975 904 3158 959 verbis
3190 925 3201 959 :
3235 923 3253 954 ι
3294 904 3403 975 Ego

1833 1000 1978 1051 sum,
2011 987 2129 1057 ipse
2157 989 2251 1059 qui
2287 990 2501 1059 loquor,
2528 989 2743 1047 adsum.
2784 1012 2803 1044 ο
2838 992 2976 1046 lllud
3007 1001 3186 1049 autem
3221 1013 3233 1048 :
3272 1013 3290 1045 ι
3314 992 3402 1048 ηυι

1832 1076 2143 1136 formositas
2192 1081 2249 1137 in
2303 1083 2606 1149 montibus,
2651 1095 2713 1139 ut
2762 1084 2927 1155 pedes
2979 1087 3402 1158 evangelizantis

1830 1171 2075 1227 auditum
2102 1174 2275 1245 pacis,
2300 1176 2469 1245 utqui
2494 1176 2711 1230 nuntiat
2737 1176 2878 1232 bona
2900 1218 2915 1242 ,
2943 1179 3180 1233 auditam
3205 1179 3399 1234 faciam

1828 1263 2058 1319 salutem
2091 1273 2263 1333 tuam,
2304 1267 2492 1322 dicens
2527 1288 2539 1323 :
2571 1266 2724 1333 Sion,
2759 1285 2855 1324 rex
2885 1278 3012 1324 tuus
3042 1272 3144 1326 erit
3174 1272 3338 1337 Deus,
3374 1292 3394 1325 ι

1828 1356 2176 1413 manifestius
2199 1359 2391 1430 reliqui
2416 1368 2801 1417 converterunt
2825 1362 3177 1432 interpretes:
3204 1366 3395 1435 Aquila

1826 1447 2043 1518 quidem
2076 1448 2129 1503 in
2171 1449 2314 1504 hunc
2340 1451 2595 1506 modum:
2635 1471 2653 1504 ι
2682 1451 2821 1517 Quid
2860 1454 3095 1523 speciosi
3116 1454 3240 1509 facti
3271 1463 3400 1512 sunt

1824 1554 1990 1610 super
2016 1550 2246 1610 montes,
2276 1530 2439 1612 pedes
2466 1545 2923 1615 evangelizantis?
2944 1546 3061 1614 ejus
3089 1548 3178 1617 qui
3212 1548 3401 1605 audire

1822 1630 1952 1687 facit
1973 1633 2196 1703 pacem?
2217 1634 2336 1701 ejus
2357 1636 2451 1706 qui
2482 1638 2695 1690 nuntiat
2710 1637 2929 1702 bonum,
2951 1639 3041 1709 qui
3065 1640 3252 1696 audire
3269 1640 3400 1695 facit

1821 1724 2073 1789 salutem,
2108 1724 2340 1783 dicentis
2372 1728 2475 1799 ipsi
2510 1727 2640 1783 Sion
2674 1746 2686 1782 :
2719 1727 2983 1800 Regnavit
3010 1730 3150 1786 Deus
3175 1730 3338 1786 tuus?
3372 1751 3393 1784 ο

1824 1811 2180 1886 Symmachus
2198 1833 2327 1873 vero
2353 1836 2365 1873 :
2394 1838 2412 1869 ι
2447 1819 2557 1873 Cur
2579 1819 2831 1877 decentes
2858 1823 2912 1875 in
2934 1822 3207 1877 montibus
3235 1822 3400 1893 pedes

143 1916 631 1988 εὐαγγελιζομένου
660 1915 839 1984 ἀγαθὰ
859 1956 875 1980 ,
908 1916 1180 1988 ἀκουστὴν
1217 1917 1495 1981 ποιοῦντος
1543 1935 1719 1990 σωτη-

1819 1910 2274 1980 evangelizantis?
2306 1912 2544 1968 auditam
2593 1914 2843 1970 facientis
2885 1930 3093 1985 pacem,
3125 1916 3399 1987 evangeli-

148 2007 259 2076 ρίαν
280 2048 297 2071 ,
319 2006 577 2077 λέγοντος
600 2008 668 2078 τῇ
700 2006 866 2060 Σιώνο
910 2005 1286 2061 Ἐϐασίλευσεν
1324 2006 1352 2059 6
1386 2007 1518 2071 Θεὸς
1545 2025 1637 2062 σου
1656 2025 1670 2074 ;
1692 2026 1711 2060 ι

147 2097 257 2149 ἀντὶ
284 2098 346 2151 δὲ
375 2098 505 2163 τῶν,
537 2116 556 2150 ι
580 2096 735 2169 Φωνὴ
759 2096 867 2151 τῶν
890 2098 1269 2167 φυλασσόντων
1302 2116 1364 2152 σε
1390 2099 1599 2171 ὑψώθη,
1625 2101 1719 2154 καὶ

148 2191 207 2259 τῇ
255 2193 412 2261 φωνῇ
456 2190 575 2262 ἅμα
615 2190 1113 2263 εὐφρανθήσονται·
1148 2193 1230 2246 ὅτι
1255 2192 1553 2263 ὀφθαλμοῖς
1584 2194 1720 2265 πρὸς

147 2279 453 2353 ὀφθαλμοὺς
480 2282 702 2353 ὄψονται
725 2300 741 2316 ο
769 2302 788 2335 ι
833 2285 862 2336 6
896 2284 994 2355 μὲν
1017 2283 1312 2357 Σύμμαχος
1338 2284 1508 2350 οὕτως
1535 2287 1717 2358 ἡρμή-

151 2389 319 2427 νευσε·
367 2393 385 2426 ι
415 2376 571 2445 «rth
596 2375 706 2429 τῶν
746 2375 963 2430 σκοπῶν
1004 2393 1103 2438 σου,
1134 2377 1348 2449 ἐπῆραν
1381 2377 1584 2449 φωνὴν,
1627 2378 1720 2431 ἐπὶ

152 2462 205 2515 νδ
242 2464 376 2519 αὐτὸ
420 2466 760 2520 αἱνέσουσινο
814 2465 1243 2538 ὀφθαλμοφανῶς
1276 2467 1384 2539 γὰρ
1416 2468 1656 2539 ὄψονται.
1694 2487 1713 2521 ο

154 2555 398 2624 Λέγοιντο
427 2557 471 2611 δ’
509 2558 576 2612 ἂν
605 2558 663 2611 ἐν
692 2558 898 2622 τούτοις
929 2560 1121 2612 σκοποὶ
1147 2561 1196 2613 οί
1238 2561 1371 2633 ἱεροὶ
1407 2561 1500 2614 τοῦ
1534 2562 1719 2632 Σωτῆ-

152 2663 241 2719 ρος
266 2650 423 2721 ⁴ἡμῶν
454 2650 741 2705 ἀπόστολοι
767 2692 781 2716 ,
812 2653 860 2705 οἳ
890 2653 1012 2715 καὶ,
1051 2651 1480 2724 ὀφθαλμοφανῶς
1528 2654 1720 2719 ἰδόντες

152 2738 235 2792 τὸν
284 2742 758 2814 προφητευόμενον
779 2783 793 2806 ,
829 2743 1048 2813 ὕψωσαν
1078 2744 1259 2798 αὐτῶν
1300 2746 1400 2817 τὴν
1431 2747 1612 2818 φωνὴν
1642 2748 1721 2810 είς

156 2833 326 2886 πᾶσαν
354 2833 450 2904 τὴν
475 2836 807 2907 οἰκουμένην
838 2836 1190 2907 κηρύξαντες.
1233 2837 1369 2891 Σιὼν
1401 2839 1457 2891 δέ
1491 2840 1584 2892 καὶ
1619 2840 1719 2893 Ἱε-

161 2925 426 2996 ρουσαλὴμ
458 2927 560 2997 τὴν
599 2928 658 2980 ἐν
694 2930 807 2991 τοῖς
840 2928 1018 2992 τόποις
1068 2929 1555 3003 εὐαγγελιζομένην
1583 2927 1720 2986 οἶδεν

160 3017 499 3089 ὲπουρανίους
525 3019 555 3071 6
593 3019 912 3083 ’Δπόστολος
933 3061 947 3083 ,
978 3020 1043 3073 δι’
1067 3014 1141 3074 ὧν
1165 3039 1327 3092 φησιν
1353 3040 1364 3053 ·
1400 3042 1417 3075 ι
1449 3025 1514 3077 Ἠ
1535 3024 1591 3078 δὲ
1610 3024 1721 3079 ἄνω

169 3107 508 3179 Ἰερουσαλὴμ
533 3109 794 3182 ἐλευθέρα
818 3111 986 3176 ἐστὶν,
1011 3112 1131 3182 ἥτις
1158 3114 1272 3166 ἐστὶ
1301 3116 1481 3188 μήτηρ
1504 3116 1712 3188 ἡμῶν»

162 3196 267 3261 καὶ,
297 3216 315 3249 ι
344 3197 789 3271 Προσεληλύθατε
822 3199 959 3253 Σιὼν
990 3202 1104 3274 ὄρει
1136 3204 1228 3256 καὶ
1259 3205 1409 3258 πόλει
1430 3206 1563 3260 Θεοῦ
1587 3208 1716 3272 ζῶνο

161 3267 621 3362 τος,“1ερουσαλὴμ
652 3292 956 3364 ἐπουρανίῳ
982 3333 996 3357 ,
1025 3267 1138 3347 ’καὶ
1174 3297 1427 3368 μυριάσιν
1468 3267 1713 3367 ἀγγέλων
1739 3267 1782 3325 C

166 3384 464 3456 πανηγύρει.
499 3402 518 3435 ι
548 3384 776 3452 Λέγοιτο
797 3385 842 3437 δ’
867 3385 931 3439 ἂν
962 3386 1098 3439 Σιὼν
1124 3388 1218 3441 καὶ
1251 3390 1283 3459 ἡ
1312 3391 1389 3453 εἰς
1422 3389 1596 3443 πάντα
1622 3390 1713 3445 τὸν

164 3476 247 3528 ἐπὶ
285 3478 381 3548 γῆς
422 3479 590 3530 τόπον
616 3478 706 3531 διὰ
735 3478 967 3549 Χριστὸν
1014 3481 1254 3534 συστᾶσα
1287 3480 1606 3552 Ἐκκλησία,
1639 3482 1714 3546 ὡς

164 3568 249 3621 καὶ
292 3569 649 3640 Ἰερουσαλὴμ
696 3571 805 3622 πᾶν
849 3570 908 3623 τὸ
950 3569 1199 3634 θεοσεϐὲς
1236 3571 1511 3642 τόπισμα,
1560 3573 1588 3625 6
1620 3574 1714 3626 καὶ

166 3658 297 3731 παρὰ
332 3659 513 3731 μόνοις
540 3659 807 3715 Ἰουδαίων
842 3662 953 3723 τοῖς
980 3660 1145 3714 πάλαι
1186 3661 1247 3713 τὸ
1292 3662 1419 3731 πρὶν
1465 3663 1714 3727 συνεστὸς

166 3751 234 3813 είς
296 3752 530 3823 ἐρημίαν
599 3752 689 3805 διὰ
741 3750 842 3816 τὰς
898 3752 1215 3816 δυσσεϐείας
1268 3753 1446 3809 αὐτῶν
1506 3755 1715 3824 περιτέ-

167 3860 378 3917 τραπται
397 3862 411 3875 ·
438 3841 535 3899 εἴτ’
565 3841 633 3899 αὖ
669 3846 829 3899 πάλιν
853 3846 952 3917 τῆς
987 3847 1079 3898 ἐπὶ
1113 3846 1172 3899 τὸ
1207 3851 1450 3920 κρεῖττον
1478 3848 1716 3902 ἀνανεώ-

170 3952 283 4001 σεως
310 3937 468 4008 ἔτυχε
489 3936 579 3990 διὰ
620 3936 717 4006 τῆς
766 3937 858 3989 τοῦ
894 3938 1320 4010 Σωτῆροςήμῶν
1356 3938 1672 4008 ἐπιφανείας
1695 3955 1710 3969 ⁸

168 4028 243 4083 Διὸ
270 4032 429 4103 φησὶν
456 4032 489 4102 ή
519 4028 855 4099 προφητεία·
897 4048 915 4081 ι
940 4031 1182 4101 Ῥηξάτω
1225 4032 1561 4103 εὐφροσύνην
1599 4031 1715 4103 ἅμα

166 4119 224 4174 τὰ
262 4121 436 4193 ἐρημα
479 4120 865 4191 Ἰερουσαλήμθ
916 4121 999 4174 ὅτι
1030 4121 1226 4193 ἠλέησε
1272 4122 1476 4193 Κύριος
1524 4123 1712 4195 αὐτὴν,

170 4213 247 4265 καὶ
266 4214 530 4285 ἐρρύσατο
566 4213 939 4285 Ἰερουσαλήμ.
972 4233 991 4265 ι
1021 4214 1134 4267 Οὐκ
1155 4213 1222 4267 ἂν
1244 4214 1301 4266 δὲ
1327 4215 1593 4286 ἁμάρτοις
1616 4215 1714 4287 τὴν

169 4304 344 4367 παντὸς
368 4304 525 4371 ἁγίου
549 4304 643 4357 καὶ
666 4302 945 4372 θεοφιλοῦς
966 4304 1161 4376 ψυχήν,
1186 4304 1319 4357 καθὸ
1351 4305 1451 4376 μὲν
1478 4305 1714 4377 ἐπῆρται

168 4392 235 4464 τῷ
267 4393 378 4464 βίῳ,
398 4396 458 4448 τὸ
491 4395 792 4466 πολίτευμα
816 4396 1013 4467 ἔχουσα
1056 4399 1114 4449 ἐν
1144 4398 1415 4468 οὐρανοῖς,
1440 4396 1715 4450 σκοποῦσα

166 4484 228 4537 τὰ
269 4486 623 4558 ὐπερκόσμια,
668 4485 803 4540 Σιὼν
856 4487 1133 4558 ὀνομάζων
1181 4488 1568 4561 (ἑρμηνεύεται
1605 4488 1714 4559 γὰρ

166 4578 643 4672 σκοξευτήριονγ
678 4578 810 4631 καθὸ
840 4579 895 4631 δὲ
942 4582 998 4632 ἐν
1029 4580 1317 4651 εὐσταθείᾳ
1367 4580 1462 4635 καὶ
1502 4583 1711 4672 γαλήνῃ
1744 4615 1787 4672 D

171 4667 338 4723 παθῶν
394 4670 746 4740 καθέστηκεν,
766 4670 1118 4742 Ἰερουσαλὴμ
1163 4671 1331 4742 αὐτὴν
1383 4671 1669 4725 ἀποκαλῶν
1691 4689 1708 4706 ·

172 4755 479 4832 ὅρασιν-γὰρ
508 4760 751 4827 εἰρήνης
777 4760 1115 4832 μεταληφθέν
1160 4760 1397 4831 τοῦνομα
1432 4762 1707 4831 σημαίνει.

179 4845 367 4913 Τούτοις
402 4850 710 4915 ἀκολούθως
752 4853 786 4923 ή
828 4851 936 4906 τῶν
985 4852 1154 4905 ἐθνῶν
1186 4853 1276 4905 ἐπὶ
1303 4852 1401 4923 τὴν
1432 4853 1712 4907 εὐσέϐειαν

175 4936 254 4989 τοῦ
276 4938 398 4992 Θεοῦ
427 4940 621 5011 κλῆσις
654 4942 1027 5013 ἐναργέστατα
1046 4941 1294 5013 δηλοῦται
1319 4941 1406 4995 διὰ
1418 4942 1533 5007 τοῦ,
1560 4963 1578 4994 ‹
1604 4945 1713 4997 Καὶ

175 5029 481 5106 ἀποκαλύψει
527 5034 729 5107 Κύριος
772 5038 801 5089 6
849 5036 982 5099 Θεὸς
1027 5035 1117 5089 τὸν
1150 5034 1407 5107 βραχίονα
1434 5036 1526 5089 τὸν
1560 5036 1713 5104 ἅγιον

176 5122 312 5178 αὑτοῦ
336 5126 561 5182 ἐνώπιον
592 5128 806 5182 πάντων
838 5128 945 5181 τῶν
983 5128 1151 5181 ἐθνῶν
1172 5145 1185 5157 ·
1220 5129 1315 5182 καὶ
1337 5129 1557 5199 ὄψονται
1584 5131 1718 5184 πάνυ

171 5230 228 5267 τα
262 5216 324 5269 τὰ
357 5218 501 5290 ἄκρα
542 5218 645 5289 τῆς
676 5219 780 5290 γῆς
822 5219 920 5291 τὴν
963 5221 1234 5292 σωτηρίαν
1278 5220 1375 5292 τὴν
1426 5221 1575 5293 παρὰ
1617 5221 1708 5275 τοῦ

172 5308 285 5361 Θεοῦ
311 5312 480 5383 ήμῶν.
514 5330 535 5365 ο
568 5312 835 5383 Βραχίονα
875 5313 932 5365 δὲ
962 5312 1057 5366 τοῦ
1089 5313 1223 5366 Θεοῦ
1265 5313 1339 5385 μὴ
1367 5313 1525 5368 ἄλλον
1568 5312 1709 5368 εἶναι

170 5399 245 5453 τοῦ
277 5403 463 5472 Λόγου,
496 5403 591 5457 καὶ
624 5405 719 5475 τῆς
748 5405 965 5474 Σοφίας,
997 5405 1090 5458 καὶ
1135 5405 1298 5459 αὐτοῦ
1344 5404 1438 5459 τοῦ
1479 5407 1707 5479 Κυρίου,

167 5489 214 5553 ὃς
243 5494 375 5548 ἐστιν
399 5496 428 5548 6
454 5495 691 5568 Χριστὸς
730 5496 825 5550 τοῦ
869 5497 1026 5561 Θεοῦ,
1058 5497 1262 5568 νόμιζε.
1296 5497 1466 5551 Τοῦτο
1490 5497 1619 5566 γοῦν
1646 5499 1711 5551 ἐκ

169 5584 347 5639 πολλῶν
375 5589 723 5661 παραστῆσαι
758 5589 1152 5661 ρᾴδιον.”Εχεις
1184 5590 1240 5643 δὲ
1270 5590 1363 5644 καὶ
1392 5592 1450 5645 ἐν
1491 5589 1711 5656 Ἐξόδφ

164 5678 241 5732 τὸν
278 5682 486 5757 Ἰσραὴλ
518 5682 761 5755 βραχίονι
799 5682 933 5737 Θεοῦ
980 5683 1241 5755 ρυσθέντα
1282 5686 1382 5757 τῆς
1428 5687 1520 5741 ὐπ’
1543 5688 1710 5756 Δίγυ-

220 5838 261 5871 ³⁶
288 5839 460 5896 Galat.
488 5857 563 5908 tv,
596 5840 686 5895 26.
763 5842 806 5872 ⁸⁷
841 5838 1000 5896 Ilehr.
1029 5856 1124 5905 xu,
1146 5840 1236 5896 22.

1818 2004 1993 2058 zantis
2015 2003 2179 2069 bona,
2202 2005 2442 2062 auditam
2465 2005 2717 2063 facientis
2748 2009 3011 2063 salutem?
3034 2009 3263 2065 dicentis
3293 2009 3398 2080 ipsi

1820 2088 1950 2147 Sion
1981 2110 1995 2146 :
2021 2091 2287 2165 Regnavit
2308 2095 2451 2153 Deus
2472 2100 2637 2154 tuus?
2674 2119 2692 2152 ι
2728 2114 2825 2169 pro
2852 2115 2917 2155 co
2944 2116 3074 2155 vero
3102 2101 3249 2171 quod
3274 2112 3356 2157 est
3380 2120 3394 2156 :

1822 2201 1843 2235 ε
1881 2182 1994 2239 Vox
2038 2186 2461 2244 custodientium
2512 2196 2564 2244 te
2609 2191 2841 2244 exaltata
2872 2201 2977 2258 est,
3018 2200 3073 2247 et
3112 2208 3235 2248 cum
3263 2207 3400 2249 vooe

1819 2274 1983 2330 simul
2019 2276 2378 2343 laetabuntur,
2410 2280 2668 2349 quoniam
2702 2283 2878 2339 oculis
2920 2283 2986 2338 ad
3027 2285 3216 2341 oculos
3244 2284 3397 2341 vide-

1819 2365 1976 2431 bunt,
2015 2386 2033 2419 ι
2063 2367 2431 2439 Symmachus
2461 2372 2678 2441 quidem
2730 2374 2810 2428 sic
2839 2374 3224 2444 interpretatus
3270 2386 3393 2431 est:

1824 2475 1845 2511 ι
1892 2457 2008 2513 Vox
2057 2461 2461 2529 speculatorum
2493 2471 2714 2517 tuorum
2743 2466 3055 2521 extulerunt
3081 2482 3292 2532 vocem,
3338 2470 3392 2523 in

1819 2548 1873 2604 id
1905 2549 2081 2621 ipsum
2113 2550 2432 2616 laudabunt,
2457 2554 2635 2622 palam
2671 2555 2816 2609 enim
2856 2557 3030 2611 oculis
3055 2556 3335 2612 videbunt.
3370 2578 3389 2611 ι

1820 2639 1937 2695 Dici
1966 2656 2129 2710 porro
2162 2641 2216 2695 in
2244 2642 2331 2697 his
2360 2643 2731 2712 speculatores
2753 2644 3027 2711 videntur,
3055 2649 3396 2703 sacrosancti

1822 2731 2126 2789 Salvatoris
2161 2734 2336 2790 nostri
2369 2735 2623 2805 apostoli,
2665 2737 2759 2807 qui
2790 2737 2967 2807 palam
3001 2738 3175 2794 oculis
3214 2738 3396 2793 intuiti

1818 2841 1967 2894 eum,
1998 2826 2065 2881 de
2092 2842 2199 2897 quo
2234 2828 2509 2899 propheta:
2552 2829 2933 2898 loquebantur,
2974 2830 3285 2885 extulerunt
3309 2846 3398 2886 vo-

1819 2933 1937 2975 cem
1985 2934 2141 2974 suam
2172 2920 2227 2974 in
2259 2927 2432 2974 totum
2466 2927 2736 2975 terrarum
2773 2921 2980 2986 orbem,
3018 2921 3168 2975 illum
3214 2921 3393 2991 ipsum

1818 3012 2195 3082 prredicantes.
2228 3013 2405 3082 lpsain
2437 3027 2567 3068 vero
2603 3009 2735 3067 Sion
2761 3027 2825 3067 ac
2852 3012 3156 3068 Jerusalem
3190 3027 3310 3083 quae
3336 3013 3393 3067 in

1820 3105 1957 3160 locis
1983 3104 2407 3175 evangelizatur,
2433 3105 2488 3159 in
2511 3105 2651 3160 caelo
2683 3105 2901 3176 agnovit
2929 3106 3044 3176 ipse
3073 3106 3391 3176 Apostolus,

1822 3192 1930 3247 illis
1979 3192 2160 3247 verbis
2198 3212 2211 3245 :
2266 3210 2285 3243 ι
2347 3191 2607 3262 Superior
2655 3203 2835 3249 autem
2873 3193 3175 3249 Jerusalem
3221 3194 3391 3250 libera

1814 3292 1919 3349 est,
1938 3299 2059 3354 qua:
2077 3292 2161 3339 est
2181 3293 2352 3339 mater
2365 3284 2632 3351 nostra“,
2647 3303 2666 3336 ι
2688 3296 2740 3341 ει
2762 3304 2774 3340 :
2799 3286 3152 3343 «Accessistis
3168 3287 3235 3342 ad
3260 3286 3394 3344 Sion

1814 3385 2054 3432 montem
2071 3384 2123 3432 et
2143 3377 2211 3431 ad
2232 3377 2507 3433 civitatem
2535 3376 2629 3432 Dei
2649 3379 2880 3434 viventis
2900 3378 3200 3434 Jerusalem
3229 3381 3395 3436 cmic-

1816 3477 2033 3530 stem,et
2046 3470 2336 3523 multorum
2353 3469 2582 3523 millium
2598 3470 2907 3540 angelorum
2927 3472 3352 3540 frequentiam".
3368 3490 3387 3524 ι

1815 3564 1929 3618 Dici
1951 3579 2077 3617 vero
2096 3562 2226 3617 Sion
2251 3563 2447 3633 poterit
2469 3564 2629 3618 etiam
2656 3578 2742 3628 ea,
2762 3578 2882 3633 qua:
2916 3564 2973 3617 in
3004 3578 3218 3619 omnem
3233 3575 3393 3619 terrae

1814 3658 2016 3717 locum,
2054 3670 2148 3724 per
2177 3652 2454 3709 Christum
2473 3654 2771 3710 constituta
2790 3663 2875 3709 est
2900 3653 3164 3720 Ecclesia,
3200 3672 3391 3725 quem-

1815 3747 2105 3801 admodum
2135 3745 2436 3802 Jerusalem
2468 3761 2630 3800 omne
2659 3747 2804 3815 pium
2820 3746 3209 3816 acreligiosum
3231 3748 3391 3803 civile

1816 3838 2144 3902 institutum,
2166 3838 2311 3908 quod
2328 3853 2449 3892 cum
2475 3837 2617 3909 apud
2636 3837 2783 3893 solos
2802 3847 3010 3893 veteres
3027 3836 3242 3894 Judteos
3258 3839 3389 3893 olim

1814 3932 2122 3997 exsisteret,
2139 3931 2190 3984 in
2218 3930 2567 3986 solitudinem
2589 3938 2809 4001 propter
2823 3930 3064 4001 ipsorum
3082 3931 3389 4002 impietates

1814 4039 2140 4080 conversum
2173 4033 2277 4091 est,
2310 4023 2507 4079 deinde
2535 4039 2731 4079 rursus
2760 4024 3170 4079 renovationem
3195 4024 3249 4079 in
3280 4040 3389 4081 me-

1814 4118 1922 4173 lius
1963 4126 2319 4173 consecutum
2350 4127 2472 4182 est,
2507 4132 2605 4188 per
2642 4116 2847 4173 Christi
2887 4115 3185 4174 Salvatoris
3213 4118 3389 4174 nostri

1814 4210 2126 4266 adventum.
2149 4210 2308 4281 305
2326 4210 2665 4281 QuaprOpter
2693 4210 2769 4264 ait
2788 4211 3071 4281 prophetia
3105 4229 3120 4265 :
3149 4228 3168 4263 ι
3197 4210 3390 4267 Erum-

1811 4309 1944 4373 pant
1975 4302 2210 4357 laetitiam
2235 4303 2397 4357 simul
2424 4294 2973 4369 desertaJerusalem,
3000 4302 3258 4371 quoniam
3285 4305 3387 4359 mi-

1813 4402 2026 4451 seratus
2044 4404 2128 4450 est
2149 4395 2410 4452 Dominus
2432 4396 2626 4466 ipsam,
2657 4404 2711 4451 et
2726 4395 2973 4450 liberavit
2996 4393 3295 4451 Jerusalem
3315 4435 3331 4449 .
3359 4414 3380 4449 ι

1812 4486 2100 4553 Caeterum,
2122 4502 2394 4557 nusquam
2416 4502 2549 4542 sane
2580 4488 2823 4552 aberres,
2853 4486 2902 4542 si
2954 4486 3385 4556 uniuscujusque

1813 4578 1917 4633 viri
1949 4578 2125 4632 sancti
2151 4577 2369 4647 Deoque
2396 4577 2555 4631 amici
2580 4577 2838 4640 animam,
2864 4586 3132 4647 quatenus
3164 4576 3384 4647 quidem

1814 4686 1981 4741 supra
2034 4670 2175 4725 hanc
2205 4670 2371 4723 vitam
2415 4670 2560 4724 elata
2613 4676 2717 4732 est,
2773 4672 2972 4739 quippe
3013 4683 3137 4723 cum
3169 4669 3225 4724 in
3243 4669 3384 4725 coelo

1814 4776 1972 4817 suum
1998 4760 2091 4830 jus
2122 4759 2360 4814 civitatis
2384 4760 2601 4827 habeat,
2629 4761 3129 4830 contempleturque
3163 4775 3226 4815 ea
3262 4775 3384 4831 qua:

1816 4856 1935 4926 ipso
1960 4854 2164 4908 mundo
2189 4860 2317 4909 sunt
2346 4852 2650 4924 superiora,
2688 4852 2818 4908 Sion
2870 4854 3120 4909 nomines
3141 4855 3289 4925 (nam
3316 4871 3384 4911 ex

1818 4950 2263 5022 interpretatione
2311 4950 2715 5019 speculatorium
2756 4949 3078 5020 significat);
3115 4958 3384 5019 quatenus

1816 5053 1998 5100 autem
2022 5045 2077 5098 in
2108 5045 2251 5099 bono
2279 5052 2425 5100 statu
2451 5052 2505 5099 et
2545 5040 2729 5115 quiete
2758 5043 3222 5112 perturbationum
3251 5056 3383 5095 con-

1815 5137 2005 5191 stituta
2068 5145 2194 5201 est,
2240 5134 2543 5191 Jerusalem
2605 5134 2848 5189 eamdem
2910 5133 3171 5203 appelles.
3246 5130 3381 5185 Illud

1815 5227 1960 5282 enim
2000 5242 2198 5282 nomen
2224 5242 2587 5292 iconversum,
2630 5226 2881 5279 visionem
2912 5224 3058 5291 pacis
3086 5222 3379 5294 significat.
3420 5228 3423 5231 λ

1813 5314 2013 5371 Ordine
2047 5316 2275 5386 posthac
2304 5314 2398 5371 Dei
2445 5314 2514 5369 ad
2564 5327 2747 5368 veram
2801 5312 3114 5381 religionem
3168 5310 3383 5366 vocatio

1816 5409 2077 5480 gentium,
2109 5409 2517 5465 evidentissime
2548 5405 2857 5461 declaratur
2878 5403 2988 5458 illis
3007 5401 3185 5457 verbis
3211 5417 3224 5453 :
3267 5419 3286 5453 ι
3314 5399 3381 5454 Et

1816 5503 2077 5559 revelabit
2112 5502 2374 5556 Dominus
2406 5500 2551 5555 Deus
2578 5496 2861 5553 brachium
2898 5502 3144 5551 sanctum
3194 5510 3377 5558 suum,

1816 5594 1872 5648 in
1902 5602 2194 5661 conspectu
2229 5591 2471 5645 omnium
2504 5588 2765 5659 gentium,
2799 5594 2853 5641 et
2904 5584 3163 5641 videbunt
3188 5599 3379 5640 omnes

1818 5688 1952 5745 fines
2006 5695 2163 5743 terra:
2220 5685 2453 5742 salutem
2486 5698 2515 5737 a
2550 5680 2657 5739 Deo
2713 5687 2928 5736 nostro.
2967 5698 2986 5731 ι
3040 5678 3211 5733 Porro
3254 5678 3380 5731 bra-
