3894 6516
592 411 699 468 485

1259 405 1526 465 EIISEBII
1554 405 2031 467 CESARIENSIS‘
2065 404 2220 468 OPP.
2246 407 2444 467 PARS.
2485 407 2551 464 Π.
2592 441 2663 451 -
2698 404 3224 466 APOLOGETICA.
3751 418 3834 475 is;

589 533 774 588 chium
814 526 912 588 Dei
943 531 1256 602 neutiquam
1315 530 1467 586 aliud
1518 546 1641 587 esse
1690 531 1974 587 arbitreris
1994 546 2156 602 quam

2261 530 2438 595 πτίοις
2463 531 2724 595 δουλείας.
2757 531 2926 584 Αὐτὸν
2954 533 3016 604 δὴ
3053 533 3289 585 ἐκεῖνον
3342 531 3438 585 τὸν
3491 533 3731 604 βραχίονα
3761 543 3832 595 τιλῦ

591 625 827 682 Verbum
848 635 903 682 et
937 625 1291 697 Sapientiam,
1320 631 1374 680 et
1402 625 1577 694 ipsum
1606 623 1916 691 Dominum,
1951 626 2045 695 qui
2073 633 2160 680 est

589 720 843 775 Christus
878 718 992 774 Dei.
1025 716 1142 773 Hoc
1169 717 1313 773 enim
1339 732 1403 772 ex
1441 716 1628 771 multis
1676 716 1964 772 ostendere
1997 717 2157 773 facile

586 821 693 866 est.
724 810 900 866 Habes
922 819 1179 880 praeterea
1204 809 1259 861 in
1290 805 1503 869 Exodo,
1535 805 1699 860 Israel
1732 806 1799 860 ab
1833 804 2156 876 Egyptiaca

587 904 851 961 servitute
878 903 1172 957 liberatum
1204 899 1432 955 brachio
1464 897 1578 953 Dei.
1617 896 1796 968 Ipsum
1830 899 1994 968 igitur
2021 897 2156 953 illud

585 991 871 1052 brachium
902 989 1035 1052 Dei,
1070 988 1214 1060 quod
1258 989 1429 1044 veteri
1473 988 1670 1058 populo
1701 988 1930 1042 salutem
1981 988 2156 1042 mani-

587 1083 883 1140 festissime
907 1081 1105 1147 attulit,
1135 1081 1389 1136 omnibus
1411 1080 1661 1150 gentibus
1690 1080 2040 1149 aperiendum
2092 1093 2158 1134 ac

589 1175 967 1250 detegendum,
1007 1183 1268 1245 tanquam
1300 1173 1353 1227 id
1376 1171 1520 1243 quod
1571 1174 1726 1244 prius
1755 1174 2031 1226 occultum
2064 1187 2155 1227 es-

2261 620 2396 674 Θεοῦ
2441 622 2533 674 τὸν
2575 622 2919 691 ἀναφανέντα
2942 621 3185 692 σωτῆρα
3217 620 3322 674 τοῦ
3372 621 3544 675 πάλαι
3586 622 3704 678 λαοῦ
3731 630 3831 682 πᾶα

2259 718 2372 779 τοῖς
2399 714 2608 768 ἔθνεσιν
2635 713 3230 785 ἀποκαλυφθήσεσθαι,
3247 713 3331 777 ὼς
3356 713 3426 768 ἂν
3450 713 3513 768 τὸ
3543 717 3666 786 πρὶν
3691 721 3833 773 ἐπίκεο

2261 808 2596 880 κρυμμένον,
2638 810 2672 879 ή
2708 806 2956 878 παροῦσα
2991 807 3277 878 σημαίνει
3315 807 3645 877 προφητεία.
3677 810 3766 882 Τήν
3791 812 3830 866 δὲ

2263 901 2563 972 σωτηρίαν,
2588 899 2657 970 ἦν
2703 916 2868 970 φησιν
2921 920 2938 951 ι
2970 899 3217 969 ὅψεσθαι
3272 898 3465 952 πάντα
3498 899 3566 952 τὰ
3595 902 3725 972 ἄκρα
3760 905 3830 972 τῆς

2259 992 2382 1061 γῆς,
2414 1009 2432 1041 ι
2456 991 2550 1044 καὶ
2577 990 2644 1061 ἢν
2668 990 2935 1063 ἀνώτερον
2964 991 3162 1062 ἐδήλου
3202 990 3415 1058 λέγων,
3438 991 3521 1043 ὅτι
3540 1000 3560 1033 ι
3583 991 3829 1065 Ἄκουε-τὴν

2261 1083 2475 1152 ποιήσω
2497 1081 2596 1153 τὴν
2621 1082 2894 1154 σωτηρίαν
2928 1099 3042 1147 σου,
3081 1101 3104 1135 ι
3145 1082 3266 1136 τσθι
3307 1084 3380 1152 τῇ
3427 1082 3683 1154 Ἑϐραίων
3711 1090 3826 1158 φωνῇ

2261 1168 2341 1244 τῷ
2360 1173 2452 1226 τοῦ
2485 1172 2659 1244 Ἰησοῦ
2681 1174 2906 1245 ὀνόματι
2930 1173 3490 1247 προσαγορεύεσθαι.

590 1276 715 1335 set,
781 1283 1024 1339 praesens
1054 1267 1334 1339 prophetia
1379 1263 1665 1336 signiﬁcat.
1720 1262 1959 1318 Salutem
2000 1279 2130 1320 vero
2175 1279 2338 1334 quam
2373 1268 2505 1322 dicit
2556 1267 2815 1324 «visuros
2868 1283 3058 1324 omnes
3106 1277 3288 1324 terra:
3327 1268 3538 1330 ﬁnes,»
3605 1279 3655 1325 et
3702 1285 3822 1339 quam

585 1365 840 1437 superius
878 1363 1138 1420 indicavit
1180 1377 1306 1418 cum
1351 1361 1492 1416 dixit
1525 1375 1540 1414 :
1581 1376 1601 1410 ι
1636 1359 1888 1415 Auditam
1941 1359 2137 1414 faciam
2179 1361 2408 1419 salutem
2437 1371 2610 1431 tuam,
2638 1383 2661 1416 ο
2693 1365 2800 1420 cito
2831 1364 2975 1435 apud
3001 1363 3282 1420 Hebraeos
3316 1364 3445 1434 ipso
3477 1363 3635 1420 Iesus
3655 1365 3825 1421 nomine

584 1459 866 1534 appellari.

1145 1575 1373 1632 CAPUT
1426 1573 1590 1632 XXV.

585 1690 666 1746 Ab
693 1690 890 1746 eodem.
924 1723 991 1734 -—
1028 1690 1180 1757 Quod
1223 1707 1406 1745 rursus
1457 1690 1714 1745 Dominus
1748 1727 1762 1752 ,
1789 1689 1962 1756 ipsum
2002 1686 2157 1755 plane

663 1761 761 1815 Dei
797 1760 1039 1826 Verbum,
1067 1771 1308 1816 venturus
1337 1771 1385 1817 et
1414 1771 1586 1833 gentes
1621 1768 2033 1830 congregaturus
2065 1773 2156 1810 ca-

655 1841 883 1887 neretur.

2762 1546 3184 1624 KEMAAION'
3212 1571 3355 1626 KE'.

2274 1683 2417 1740 Ἀπὸ
2445 1684 2549 1739 τοῦ
2578 1684 2783 1738 αὑτοῦ.
2817 1685 2992 1751 -Ὡς
3019 1680 3205 1752 αὖθις
3227 1687 3486 1755 Κύριος,
3516 1691 3549 1743 ὁ
3576 1691 3675 1743 τοῦ
3711 1695 3818 1749 Θεοῦ

2336 1757 2544 1830 Λόγος,
2576 1756 2918 1824 ἐρχόμενος,
2964 1755 3062 1808 καὶ
3108 1755 3190 1809 τὰ
3246 1756 3406 1826 ἔθνη
3458 1759 3730 1826 συνάξειν
3757 1770 3818 1818 θε-

2332 1825 2618 1886 σχίζεται.

659 1943 678 1976 ι
701 1923 843 1979 Ecce
865 1923 1129 1977 Dominus
1157 1933 1216 1976 ut
1249 1923 1388 1993 ignis
1403 1923 1603 1988 veniet,
1637 1931 1691 1979 et
1709 1922 1851 1979 sicut
1870 1927 2156 1990 tempestas

2340 1936 2358 1967 ι
2383 1915 2509 1970 Ἰδοὺ
2543 1915 2746 1986 Κύριος
2793 1915 2868 1980 ὡς
2904 1914 3016 1988 πῦρ
3055 1915 3212 1987 ἥξει,
3244 1918 3349 1971 καὶ⁸
3399 1917 3480 1982 ὡς
3521 1924 3748 1989 καταιγὶς
3770 1922 3816 1978 τὰ

582 2031 785 2073 currus
799 2017 916 2086 ejus
941 2017 1008 2080 ’⁸,
1037 2034 1057 2067 ι
1078 2023 1266 2086 etqua:
1290 2023 1612 2084 sequuntur.
1645 2032 1664 2066 ι
1695 2013 1838 2066 Dixit
1864 2011 2153 2065 Dominus:

589 2107 654 2162 Et
683 2122 785 2178 ego
812 2122 976 2177 opera
1009 2120 1199 2160 eorum
1249 2113 1303 2160 et
1341 2105 1724 2174 cogitationem
1784 2116 1971 2156 eorum
2020 2102 2154 2167 scio,

580 2211 635 2257 et
670 2218 769 2273 ego
799 2201 958 2256 venio
1001 2211 1333 2269 congregare
1376 2211 1569 2251 omnes
1619 2202 1806 2266 gentes
1837 2201 1892 2247 et
1919 2192 2156 2263 linguas,

581 2303 636 2349 et
659 2292 876 2348 venient
901 2298 956 2346 et
985 2290 1247 2346 videbunt
1270 2287 1498 2358 gloriam
1533 2301 1707 2340 meam
1731 2325 1745 2350 ,
1773 2292 1826 2339 et
1853 2284 2156 2354 relinquam

577 2387 662 2442 eis
685 2386 922 2456 signum,
954 2390 1008 2438 et
1036 2383 1278 2438 emittam
1298 2397 1366 2434 ex
1393 2380 1476 2435 eis
1499 2377 1591 2450 qui
1629 2377 1820 2433 salvati
1855 2375 2058 2431 fuerint
2089 2375 2156 2428 ad

575 2485 792 2549 gentes,
823 2475 986 2546 306
1023 2475 1078 2528 in
1113 2473 1361 2536 Tharsis,
1387 2479 1442 2526 et
1491 2466 1670 2532 Phud,
1706 2476 1762 2524 et
1790 2467 1928 2530 Lud,
1960 2474 2014 2522 et
2043 2465 2156 2520 Mo-

579 2567 736 2630 socli,
768 2573 822 2620 et
849 2564 1076 2628 'I‘hobel,
1130 2571 1185 2620 et
1230 2564 1286 2617 in
1318 2561 1606 2625 Graeciam,
1646 2567 1701 2614 et
1733 2557 1799 2612 ad
1829 2557 2038 2613 insulas
2069 2571 2155 2611 re-

579 2665 782 2722 motas,
816 2655 880 2709 ad
921 2670 1017 2710 eos
1063 2654 1158 2725 qui
1203 2668 1313 2708 non
1357 2651 1654 2706 audierunt
1707 2663 1907 2703 nomen
1956 2662 2154 2709 meum,

579 2763 757 2817 neque
786 2745 1038 2800 viderunt
1069 2759 1245 2799 meam
1293 2744 1548 2815 gloriam,
1581 2748 1634 2796 et
1668 2739 2013 2794 nuntiabunt
2037 2750 2157 2790 mea

579 2853 745 2908 opera
803 2838 856 2891 in
920 2836 1172 2907 gentibus
1192 2837 1308 2890 ²⁹.›
1366 2834 1693 2889 Planissime
1757 2833 1923 2887 etiam
1962 2832 2016 2885 in
2071 2830 2157 2884 his

580 2929 799 2985 Domini
859 2929 1126 2983 adventus
1160 2927 1226 2981 ad
1271 2927 1522 2982 homines
1569 2924 1881 2990 indicatur;
1928 2932 1982 2977 et
2023 2937 2162 2993 quo-

581 3023 727 3077 niam
760 3022 848 3075 hic
875 3021 1079 3075 dictum
1105 3027 1210 3084 est,
1234 3018 1387 3072 illum
1408 3024 1469 3072 ut
1490 3018 1667 3090 ignem
1706 3024 2022 3080 venturum,
2045 3029 2158 3071 me-

579 3113 687 3166 rito
717 3111 968 3165 Salvator
1021 3117 1210 3164 noster
1241 3109 1364 3162 ait:
1407 3109 1636 3178 «Ignem
1688 3108 1811 3162 veni
1857 3107 2073 3162 mittere
2100 3105 2156 3159 in

581 3211 806 3265 terram,
837 3207 891 3254 et
915 3199 1046 3271 quid
1075 3201 1199 3254 volo
1232 3201 1276 3254 si
1298 3198 1410 3269 jam
1441 3212 1706 3253 accensus
1743 3205 1828 3252 est
1853 3197 1932 3250 '°?
1965 3217 1983 3249 ι
2019 3195 2155 3251 Cur-

584 3308 680 3347 rus
710 3305 839 3346 vero
881 3267 1022 3360 ejus,
1054 3267 1320 3360 stipantes
1373 3287 1554 3358 ipsum
1607 3286 1821 3343 divinas
1860 3292 2155 3358 potestates
2183 3267 2228 3330 C

583 3384 1052 3453 inservientesque
1113 3381 1218 3454 ipsi
1269 3391 1493 3436 sanctos
1547 3378 1772 3449 angelos
1803 3417 1819 3442 ,
1874 3376 2156 3433 commode

579 3476 806 3540 dixeris,
858 3475 924 3530 de
948 3474 1149 3546 quibus
1182 3473 1316 3528 illud
1347 3473 1554 3528 dictum
1599 3481 1721 3528 est:
1767 3489 1787 3523 ι
1819 3469 1886 3524 Ει
1917 3485 2158 3526 accesse-

581 3575 710 3624 runt
758 3568 934 3639 angeli
981 3575 1036 3623 et
1088 3566 1476 3621 ministrabant
1508 3565 1558 3620 ei
1589 3565 1656 3632 ",
1689 3583 1708 3616 ι
1750 3572 1972 3620 sanctos
2026 3563 2155 3617 item

577 3660 826 3728 ejusdem
860 3659 1133 3730 apostolos
1168 3671 1233 3711 ac
1267 3657 1589 3728 discipulos,
1623 3656 1823 3727 quibus
1874 3655 2154 3710 invectum

579 3751 765 3807 divina
787 3758 949 3819 atque
978 3747 1235 3802 invisibili
1268 3748 1471 3802 virtute
1503 3746 1599 3802 Dei
1646 3745 1909 3813 Verbum,
1933 3760 2152 3801 omnem

578 3843 878 3915 permeavit
901 3850 1170 3895 terrarum
1202 3840 1411 3895 orbem.
1444 3839 1630 3894 Potest
1661 3841 1822 3894 etiam
1857 3839 2014 3892 aliter
2046 3838 2156 3891 dici

580 3934 649 3988 ad
672 3933 895 3986 verbum
921 3949 936 3985 :
965 3930 1142 4001 Ignem
1171 3938 1228 3985 et
1262 3947 1460 3986 currus
1491 3945 1594 3983 una
1625 3946 1748 3983 cum
1767 3931 1888 3999 ejus
1921 3931 2156 3983 adventu

579 4024 914 4087 denuntiari,
961 4030 1181 4094 propter
1215 4038 1372 4088 eam,
1406 4038 1528 4093 quae
1581 4021 1882 4078 Jerusalem
1934 4037 2159 4091 oppres-

579 4119 676 4183 sit,
705 4115 1044 4172 obsidionem
1076 4124 1197 4186 post
1249 4113 1550 4170 Salvatoris
1604 4116 1778 4170 nostri
1821 4113 2152 4168 adventrum:

582 4218 707 4284 post
741 4224 902 4281 quem
953 4209 1093 4264 haud
1145 4208 1341 4273 multo,
1403 4208 1664 4277 templum
1713 4207 1931 4278 quidem
1979 4207 2157 4277 ipsum

581 4304 709 4376 igne
750 4303 1034 4358 incensum
1079 4308 1184 4365 est,
1210 4307 1264 4355 et
1292 4306 1594 4356 extremam
1639 4299 1862 4370 pertulit
1892 4299 2159 4354 vastatio-

580 4410 729 4451 nem.
772 4392 916 4450 Urbs
948 4406 1078 4448 vero
1102 4391 1440 4448 circumdata
1499 4401 1586 4448 est
1625 4391 1879 4447 curribus
1917 4398 1972 4446 et
1999 4405 2158 4446 exer-

579 4484 782 4541 citibus
804 4483 1046 4551 bellicis;
1079 4491 1204 4556 post
1240 4496 1402 4554 quem
1436 4496 1630 4537 casum
1650 4482 1813 4537 etiam
1837 4495 1898 4535 ea
1933 4495 2056 4550 quae
2088 4477 2157 4534 de

579 4575 1064 4648 cunctisgentibus
1105 4575 1363 4647 praedicta
1411 4575 1643 4640 fuerant,
1694 4573 1822 4628 huic
1860 4571 2156 4643 prophetia:
2186 4613 2231 4668 Β

581 4675 1015 4723 consentaneum
1045 4667 1204 4723 linem
1257 4667 1450 4723 sortita
1512 4673 1661 4721 sunt.
1707 4665 1999 4726 Caeterum,
2030 4663 2154 4734 quis

583 4773 696 4816 non
727 4758 1026 4814 admiretur
1071 4759 1300 4813 audiens
1355 4756 1646 4813 Dominum
1707 4772 1803 4828 per
1834 4755 2154 4828 prophetam

582 4849 890 4906 dicentem:
930 4870 950 4903 ι
989 4851 1159 4907 Venio
1187 4865 1521 4923 congregare
1534 4866 1723 4906 omnes
1755 4857 1940 4920 gentes
1963 4857 2016 4904 et
2047 4850 2153 4903 Iin-

581 4958 742 5014 guas,
776 4962 796 4997 ι
829 4958 952 4998 cum
976 4944 1154 5000 videat
1198 4945 1253 4999 in
1285 4947 1433 5000 omni
1469 4984 1484 5009 ,
1517 4953 1855 5014 quascunque
1881 4941 1951 4996 ab
1980 4942 2156 4995 homi-

583 5034 748 5092 nibus
778 5034 1054 5091 habitatur
1077 5079 1092 5105 ,
1133 5044 1299 5103 terra,
1333 5053 1430 5109 per
1468 5035 1766 5091 Salvatoris
1823 5034 1995 5089 nostri
2024 5033 2155 5089 Jesu

582 5127 790 5185 Christi
808 5129 1096 5187 adventum
1118 5145 1183 5186 ac
1199 5131 1561 5196 vocationem,
1587 5136 1888 5184 conventus
1914 5129 2155 5199 gentium

587 5220 643 5274 in
667 5219 875 5276 Christi
928 5223 1148 5279 nomine
1197 5223 1486 5286 celebrari,
1538 5221 1861 5293 linguasque
1909 5220 2155 5276 omnium

585 5313 868 5368 nationum
891 5315 1039 5369 omni
1072 5331 1271 5386 genere
1334 5313 1606 5370 sermonis
1667 5328 1837 5368 unum
1881 5311 2051 5368 Deum
2090 5326 2156 5367 ac

539 5429 542 5434 -
587 5399 876 5461 Dominum
925 5407 1282 5463 invocantes?
1330 5404 1570 5477 Denique
1619 5413 1744 5476 post
1800 5405 1984 5459 omnia
2042 5404 2158 5458 haec

540 5525 542 5527 ›
585 5493 712 5562 quis
741 5496 1037 5566 inspiciens
1059 5512 1270 5561 omnes,
1302 5499 1617 5568 quicunque
1655 5497 1710 5551 in
1751 5497 1956 5552 Christi
1998 5494 2156 5551 ﬁdem

586 5593 874 5652 venerunt,
903 5587 1132 5642 salutari
1173 5589 1329 5657 signo
1362 5603 1461 5659 pro
1505 5589 1694 5642 annuli
1734 5594 1863 5642 nota
1917 5594 2157 5653 utentes,

585 5691 698 5732 non
735 5678 930 5732 merito
955 5679 1328 5752 ebstupescat,
1360 5681 1406 5735 si
1441 5680 1629 5734 audiat
1645 5687 1800 5734 tanto
1837 5687 1964 5732 ante
1980 5677 2156 5746 ipsum

2257 2007 2476 2080 ἅρματα
2514 2008 2711 2061 αὐτοῦ·
2751 2028 2768 2061 ι
2808 2009 2902 2062 καὶ
2951 2008 3114 2078 ἑξῆς·
3183 2030 3204 2062 ι
3237 2006 3386 2064 Eine
3430 2013 3657 2085 Κύριος·
3688 2013 3814 2084 Κάγὼ

2255 2099 2323 2153 τά
2353 2100 2488 2172 ἔργα
2521 2100 2700 2153 αὐτῶν
2753 2101 2842 2154 καὶ
2879 2099 2970 2154 τὸν
3017 2099 3294 2174 λογισμὸν
3327 2103 3516 2158 αὐτῶν
3545 2106 3812 2175 ἐπίσταμαι,

2256 2193 2352 2246 καὶ
2375 2191 2603 2263 ἔρχομαι
2631 2194 2949 2260 συναγαγεῖν
2972 2193 3154 2248 πάντα
3179 2193 3259 2247 τὰ
3284 2194 3420 2265 ἔθνη
3453 2196 3546 2249 καὶ
3571 2197 3662 2261 τὰς
3682 2198 3812 2265 γλώσ-

2259 2301 2375 2347 σας,
2417 2284 2512 2337 καὶ
2546 2283 2754 2353 ἥξουσι,
2798 2284 2892 2336 καὶ
2937 2283 3166 2354 ὄψονται
3222 2287 3331 2358 τὴν
3385 2287 3550 2352 δόξαν
3597 2306 3704 2356 μου.
3733 2289 3811 2340 Καὶ

2257 2375 2563 2444 καταλείψω
2618 2377 2702 2428 ἐπ’
2734 2374 2912 2428 αὐτῶν
2967 2379 3222 2446 σημεῖον,
3266 2378 3370 2430 καὶ
3411 2378 3732 2444 ἐξαποστελὼ
3768 2379 3808 2442 ἐξ

2255 2467 2434 2522 αὐτῶν
2479 2466 2852 2537 σεσωσμένους
2899 2469 2979 2533 είς
3023 2467 3092 2522 τὰ
3139 2468 3304 2539 ἔθνη,
3341 2470 3426 2534 είς
3475 2470 3700 2541 Θαρσὴς.
3740 2473 3808 2522 κεί

2254 2559 2409 2622 Ibo-‘48,
2445 2560 2538 2613 καὶ
2566 2559 2725 2621 Λοὺδ,
2753 2561 2849 2613 καὶ
2886 2560 3092 2631 Μοσὸχ,
3119 2561 3224 2614 καὶ
3251 2561 3451 2626 Θοόὲλ,
3492 2563 3572 2626 είς
3603 2563 3690 2631 τὴν
3721 2560 3802 2612 Ἐλο

2257 2651 2412 2715 λάδα,
2444 2651 2536 2704 καὶ
2565 2653 2645 2715 εἰς
2679 2651 2777 2714 τὰς
2802 2654 2999 2724 νήσους
3028 2653 3128 2716 τὰς
3156 2655 3385 2725 πὸρῤω,
3414 2655 3464 2707 οἳ
3492 2655 3589 2706 οὐκ
3616 2653 3804 2724 ήκουσάν

2260 2759 2361 2814 μου
2393 2743 2455 2795 τὸ
2492 2743 2682 2814 ὄνομα,
2712 2743 2826 2798 οῦθ*
2861 2745 3136 2815 ἐωράκασί
3174 2763 3283 2816 μου
3310 2745 3415 2816 τὴν
3439 2745 3615 2809 δόξαν,
3645 2747 3722 2798 καὶ
3741 2744 3804 2795 εὑ-

2255 2832 2548 2903 αγγελοῦσί
2585 2851 2685 2905 μου
2727 2835 2797 2888 τά
2838 2835 2975 2907 ἔργα
3025 2837 3083 2889 ἐν
3116 2839 3240 2900 τοῖς
3270 2836 3508 2891 ἔθνεσιν.
3535 2837 3800 2906 »Ἀντικρνς

2256 2928 2350 2981 καὶ
2378 2929 2434 2979 ἐν
2465 2927 2673 2990 τούτοις
2706 2929 2739 2999 ή
2765 2927 2857 2980 τοῦ
2880 2927 3078 2998 Κυρίου
3105 2930 3190 2992 είς
3224 2927 3556 3001 ἀνθρώπους
3586 2925 3800 2996 παρουσία

2253 3018 2527 3092 δηλοῦται.
2565 3019 2677 3073 Καὶ
2708 3019 3006 3091 ἐπειδήπερ
3034 3018 3285 3092 εἴρηται,
3314 3020 3394 3083 ὡς
3426 3019 3537 3091 πῦρ
3568 3017 3715 3089 ἥξειν,
3741 3018 3795 3067 si-

2256 3111 2431 3175 κότως
2461 3112 2624 3182 φησὶν
2653 3111 2682 3163 ὁ
2710 3111 2899 3182 Σωτὴρ
2931 3112 3085 3182 ήμῶν
3105 3127 3119 3143 ο
3157 3131 3178 3165 ι
3207 3113 3338 3185 Πῦρ
3361 3107 3528 3184 ἦλθον
3555 3108 3798 3182 βαλεῑνὲπὶ

2255 3202 2354 3274 τήν
2391 3203 2512 3274 γῆν,
2543 3203 2638 3256 καὶ
2667 3201 2720 3255 τί
2767 3203 2906 3256 Θέλω
2934 3205 2981 3256 εί
3005 3203 3103 3276 ήδη
3153 3205 3420 3276 ἀνήφθη;
3455 3224 3474 3257 ι
3503 3203 3729 3274 "Apparet
3753 3198 3795 3252 δὲ

2255 3293 2420 3348 αὐτοῦ
2468 3293 2568 3357 τὰς
2614 3293 3014 3366 δορυφορούσας
3059 3295 3230 3348 αὑτὸν
3259 3295 3419 3358 Θείας
3447 3294 3700 3363 δυνάμεις,
3727 3289 3798 3342 καὶ

2255 3386 2379 3448 τοὺς
2409 3385 2940 3457 ἐξυπηρετουμένους
2971 3383 3119 3457 αὐτῷ
3150 3385 3341 3458 ἱεροὺς
3363 3384 3637 3453 ἀγγέλους,
3662 3380 3794 3440 εἴποις

2255 3477 2341 3544 ἂν,
2375 3479 2504 3551 περὶ
2539 3473 2614 3532 ὧν
2647 3479 2862 3549 εἴρηται
2883 3493 2896 3506 ·
2934 3496 2953 3528 ι
2985 3477 3095 3531 Καὶ
3127 3478 3448 3551 προσῆλθον
3479 3475 3696 3544 ἄγγελοι,
3726 3469 3794 3522 καὶ

2254 3567 2533 3639 διηκόνουν
2575 3568 2751 3638 αὐτῷ’
2792 3567 2887 3620 καὶ
2928 3568 3052 3631 τοὺς
3094 3569 3282 3639 ἱεροὺς
3306 3567 3634 3628 ἀποστόλους
3659 3559 3788 3616 αύτοῦ

2257 3661 2350 3713 καὶ
2379 3659 2646 3731 μαθητὰς,
2681 3653 2762 3721 οἷς
2792 3659 3154 3730 ἐποχούμενος
3184 3660 3361 3732 ἐνθέῳ
3392 3663 3486 3716 καὶ
3511 3659 3703 3730 ἀοράτῳ
3724 3654 3790 3706 δυ-

2255 3752 2416 3822 νάμει
2439 3754 2467 3804 ὁ
2493 3751 2586 3804 τοῦ
2619 3749 2753 3804 Θεοῦ
2782 3751 2976 3819 Λόγος,
3004 3751 3103 3822 τὴν
3134 3755 3326 3808 πᾶσαν
3354 3751 3630 3826 διέδραμεν
3653 3750 3788 3800 οἰκου-

2261 3843 2448 3915 μένην.
2484 3844 2709 3912 Λέγοιτο
2733 3843 2779 3897 δ’
2801 3843 2865 3897 ἂν
2895 3845 2989 3898 καὶ
3019 3845 3194 3910 ἄλλως
3229 3846 3371 3918 πρὸς
3397 3846 3540 3912 λέξιν
3559 3861 3570 3872 ·
3597 3841 3698 3911 Πῦρ
3721 3837 3788 3891 καὶ

2225 3957 2230 3964 -
2259 3933 2479 4003 ἅρματα
2515 3931 2975 4002 καταγγέλλεσθαι
3003 3935 3098 3989 σὺν
3140 3939 3210 4010 τῇ
3257 3935 3427 3990 αὑτοῦ
3455 3931 3704 4006 παρουσίᾳ
3724 3927 3786 3978 διὶ

2255 4023 2352 4096 τὴν
2381 4024 2786 4079 καταλαϐοῦσαν
2817 4025 3132 4098 πολιορκίαν
3162 4028 3266 4102 τὴν
3312 4025 3652 4100 Ἰερουσαλήμ
3682 4019 3786 4091 μετὰ

2256 4116 2354 4182 τὴν
2385 4117 2443 4181 ές
2470 4119 2619 4187 ἡμᾶς
2657 4115 2857 4186 ἄφιξιν,
2891 4119 3010 4189 μεθ’
3040 4120 3106 4191 ἢν
3139 4121 3245 4177 οὐκ
3285 4124 3369 4186 εἰς
3415 4118 3622 4192 μακρὰν
3655 4118 3680 4168 ὁ
3709 4111 3783 4188 εὲν

2256 4206 2390 4273 νεὼς
2417 4210 2580 4274 αὐτὸς
2603 4211 2980 4282 ἐπυρπολείτο,
3017 4211 3110 4265 καὶ
3140 4212 3242 4286 τὴν
3282 4213 3518 4285 ἐσχάτην
3546 4208 3782 4277 ὑπέμεινεν

2257 4301 2562 4373 ὲρημίαν,ή
2587 4301 2644 4356 δὲ
2669 4302 2822 4367 πόλις
2843 4301 3124 4373 ὲκυκλὼθη
3147 4303 3256 4358 ὑπὸ
3277 4305 3538 4377 ἁρμάτων
3557 4300 3641 4354 καὶ
3659 4310 3783 4364 στρα-

2255 4395 2492 4449 τοπέδων
2524 4379 2850 4468 πολεμικῶν,
2873 4395 2991 4467 μεθ’
3007 4394 3044 4450 ὃ.
3064 4397 3157 4450 καὶ
3185 4398 3316 4470 περὶ
3337 4395 3446 4450 τῶν
3471 4393 3627 4448 ἐθνῶν
3645 4386 3782 4443 άπάν·

2255 4506 2364 4544 των
2407 4490 2822 4562 προηγγελμένα
2853 4489 3156 4562 συμφώνως
3203 4493 3271 4562 τῇ
3315 4486 3610 4561 προφητείᾳ
3635 4479 3777 4538 τέλους

2257 4581 2434 4652 ἔτυχεο
2466 4583 2562 4646 Τίς
2593 4582 2639 4635 δ’
2671 4583 2772 4637 οὐκ
2805 4583 2870 4637 ἂν
2904 4582 3235 4653 θαυμάσειεν
3262 4581 3474 4637 ἀκούων
3495 4577 3584 4632 τοῦ
3614 4568 3774 4642 Κυρίω

2259 4671 2347 4725 διά
2389 4669 2482 4724 τοῦ
2533 4674 2812 4744 προφήτου
2844 4671 3122 4741 λέγοντοςο
3158 4673 3467 4746 ιἘρχομαι
3507 4660 3776 4744 συναγαγεῖν

2261 4762 2436 4815 πάντα
2467 4761 2536 4814 τὰ
2582 4761 2708 4834 ἔθνη
2743 4762 2960 4827 καὶτὰς
2990 4761 3262 4831 γλώσσας,
3296 4783 3317 4817 ι
3369 4759 3506 4833 ὁρῶν
3549 4753 3653 4810 καθ’
3675 4748 3772 4815 ὅλης

2259 4855 2358 4924 τῆς
2399 4853 2506 4907 τῶν
2551 4854 2848 4925 ἀνθρώπων
2886 4855 2990 4926 γῆς
3033 4853 3120 4908 διὰ
3142 4855 3242 4924 τῆς
3269 4853 3364 4908 τοῦ
3394 4849 3628 4919 Σωτῆρος
3654 4837 3772 4910 ἡμῶν

2272 4946 2446 5018 Ἰησοῦ
2489 4947 2583 5001 τοῦ
2616 4949 2851 5020 Χριστοῦ
2885 4949 3182 5019 παρουσίας
3211 4965 3271 5000 τε
3319 4946 3414 5000 καὶ
3457 4942 3675 5011 κλήσεως
3697 4928 3770 4986 τὰς

2254 5034 2360 5087 τῶν
2385 5033 2552 5089 ἐθνῶν
2577 5037 2896 5107 συναγωγὰς
2917 5038 2999 5090 ἐπ’
3027 5037 3288 5108 ὀνόματος
3308 5035 3400 5090 τοῦ
3425 5025 3642 5104 Χριστοῦ
3669 5032 3769 5108 Μ’

2255 5125 2658 5196 κροτουμένας;
2692 5106 2792 5189 τάς
2833 5145 2889 5180 τε
2931 5106 3182 5197 γλώσσας
3217 5127 3465 5182 ἁπάντων
3506 5119 3604 5173 τῶν
3634 5106 3766 5197 ἐθνιῖῧί

2253 5217 2312 5268 ἐν
2351 5194 2629 5281 παντοίαις
2656 5194 2954 5282 διαλέκτοις
2983 5220 3281 5292 ἀνθρώπων
3308 5218 3398 5271 τὸν
3426 5214 3516 5269 ’ἐνα
3540 5207 3671 5265 Θεὸν,
3696 5194 3765 5292 ita“

2255 5308 2457 5380 Κύριον
2479 5309 2946 5380 ἐπικαλουμένας;
2978 5286 3196 5365 καὶέπὶ
3229 5313 3360 5365 πᾶσι
3388 5307 3443 5361 δὲ
3475 5300 3676 5357 τούτοις»

2253 5379 2524 5472 θεώμενος
2568 5400 2648 5470 τῷ
2690 5379 3020 5473 σωτηριώδει
3068 5400 3278 5473 σημείῳ
3319 5399 3518 5458 πάντας
3561 5386 3669 5446 τοὺς
3704 5379 3763 5473 {ii

2251 5468 2484 5564 Χριστὸν
2514 5468 2943 5558 πεπιστευκότας
2977 5468 3230 5570 σφραγῖδι
3251 5468 3572 5567 γρωμένους,
3596 5479 3678 5534 οὐκ
3702 5468 3763 5570 ,ἂν

2253 5561 2487 5655 εύλὸγως
2519 5586 2892 5659 καταπλαγείη
3486 5576 3570 5634 τοῦ
3598 5561 3758 5638 Κυρίου

2252 5677 2564 5749 εἰρηκότοςο
2615 5697 2634 5730 ι
2668 5679 2777 5733 Καὶ
2808 5680 2996 5751 ἥξουσι
3026 5685 3120 5738 καὶ
3146 5682 3360 5752 ὄψονται
3387 5677 3480 5749 τὴν
3501 5670 3638 5735 δόξαν
3658 5665 3757 5732 μων

657 5829 830 5885 “Isa.
863 5846 1006 5900 txvt,
1045 5833 1125 5886 15.
1201 5835 1246 5865 ’³
1279 5832 1411 5888 ibid.
1448 5833 1533 5899 i8,
1559 5832 1647 5890 l9.
1727 5832 1771 5865 ³ο
1804 5830 1940 5887 Luc.
1975 5846 2073 5898 xtl,
2109 5831 2199 5888 49.
2279 5832 2322 5864 ³⁸
2377 5831 2563 5888 Ilatth.
2608 5849 2683 5900 tv,
2707 5833 2795 5890 ll.
