3894 6524
101 428 191 486 ιεεε
970 424 1626 485 DEMONSTRATIONIS
1662 422 2119 484 EVANGELICIE
2160 424 2287 483 LIB.
2333 424 2447 483 Vll.

3246 430 3355 487 48ίί

100 546 181 598 καὶ
222 547 558 621 καταλείψω
597 550 684 605 ἐπ’
711 549 889 605 αὐτῶν
928 551 1191 621 σημεῖον,
1221 570 1239 601 ι
1273 551 1359 603 Ἐν
1391 552 1548 621 μέρει
1582 551 1673 621 μὲν

1783 549 2071 604 Dominum
2097 548 2303 605 dixisse
2337 565 2351 601 :
2391 569 2408 601 ι
2433 547 2498 602 Ει
2524 547 2742 603 venient
2766 555 2819 602 et
2840 547 3092 603 videbunt
3126 548 3354 620 gloriam

94 630 178 692 οὖν
203 638 471 694 ἐντεῦθεν
526 642 622 713 ἤδη
673 641 813 695 κατὰ
854 642 953 713 τὴν
984 643 1275 714 -προτέραν
1305 642 1399 695 τοῦ
1434 643 1681 714 Σωτῆρος

98 730 237 800 ἡμῶν
285 735 371 797 εις
408 734 741 808 ἀνθρώπους
788 735 1108 804 ἐπιφάνειαν
1161 735 1341 799 αὐτοῖς
1386 734 1682 806 ὀφθαλμοῖς

97 820 300 895 ὁρῶμεν
330 824 452 879 τῶν
484 826 645 882 Θείων
666 829 930 901 χρησμῶν
950 827 1019 881 τὰ
1042 827 1455 899 ἀποτελέσματα
1474 848 1486 859 ’
1510 830 1683 898 γένοι-

98 932 149 966 το
186 915 229 967 δ’
257 915 327 969 ἂν
381 919 585 991 ἐντελῆ
619 920 791 974 ταῦτα
826 921 920 974 καὶ
970 920 1112 973 κατὰ
1144 919 1242 991 τὴν
1282 920 1538 992 δευτέραν
1586 922 1683 975 καὶ

100 1008 292 1073 ἔνδοξον
324 1010 510 1065 αὐτοῦ
546 1012 868 1083 παρουσίαν,
896 1013 983 1065 ὅτε
1010 1014 1186 1066 πάντα
1212 1012 1278 1065 τὰ
1306 1012 1432 1085 ἔθνη
1463 1013 1681 1083 ὄψονται

99 1101 182 1171 τὴν
206 1101 368 1167 δόξαν
403 1104 602 1168 αὐτοῦ,
630 1106 923 1177 ἐρχόμενον
947 1122 1005 1157 τε
1037 1106 1198 1159 αὑτὸν
1231 1105 1289 1170 ἐξ
1313 1106 1553 1178 οὐρανῶν
1587 1123 1684 1175 με·

97 1195 157 1247 τὰ
189 1193 488 1264 δυνάμεως
522 1197 618 1251 καὶ
655 1196 812 1267 δόξης
863 1196 1381 1269 πολλῆς.Ἀναχθείη
1430 1199 1471 1251 δ’
1506 1197 1570 1251 ἂν
1602 1200 1682 1261 εἰς

96 1284 259 1337 ὲιιεῖνο
288 1285 505 1357 καιροῦ
544 1288 636 1341 καὶ
668 1287 739 1340 τὰ
762 1286 922 1340 λοιπὰ
954 1288 1061 1341 τῶν
1090 1290 1147 1341 ὲν
1172 1292 1236 1360 τῇ
1263 1289 1560 1361 προρρήσει
1589 1288 1682 1359 δη-

99 1377 388 1447 λουμένων,
426 1379 717 1451 ὡσπεροῦν
765 1381 1101 1452 συστήσομεν
1146 1380 1287 1433 κατὰ
1338 1380 1437 1451 τὴν
1477 1380 1680 1433 οἰκείαν

97 1467 367 1525 ὑπόθεσιν.
408 1472 699 1526 Τοσούτων
747 1475 878 1545 ἡμῖν
920 1474 1013 1526 ἐπὶ
1062 1472 1156 1526 τοῦ
1208 1474 1472 1545 παρόντος
1506 1490 1681 1527 συνει-

96 1559 371 1632 λεγμένων
442 1566 576 1637 περὶ
629 1566 728 1637 τῆς
775 1567 857 1628 εἰς
902 1565 1221 1639 ἀνθρώπους
1285 1566 1680 1637 θεσπιζομένης

97 1652 303 1708 ἔσεσθαι
354 1656 668 1726 παρουσίας
720 1654 877 1721 Θεοῦ,
926 1656 1053 1726 ἑξῆς
1107 1656 1172 1711 ἂν
1220 1658 1303 1729 εἴη
1350 1656 1677 1725 ἐπισυνάψαι

96 1744 267 1809 ὁποῖός
299 1761 393 1810 τις
436 1750 466 1801 ὁ
498 1748 699 1818 τρόπος
736 1748 834 1819 τῆς
865 1748 1136 1819 προτέρας
1167 1748 1332 1801 αὑτοῦ
1362 1750 1441 1811 εἰς
1470 1748 1561 1800 τὸν
1587 1749 1679 1801 ἁν-

99 1833 362 1907 θρώπινον
398 1838 517 1909 βίον
544 1839 779 1909 παρόδου
803 1839 1126 1910 γενήσεσθαι
1152 1843 1602 1911 προανεφωνεῖτο.

1786 656 1984 707 meam,
2026 648 2080 696 et
2130 641 2437 711 relinquam
2498 642 2553 695 in
2599 641 2680 697 eis
2740 640 3039 710 signum?»
3076 639 3193 694 Jam
3229 640 3355 696 inde

1786 732 1952 802 igitur
1980 733 2173 787 saltem
2201 732 2256 787 in
2297 739 2475 803 parte,
2526 732 2830 788 secundum
2884 733 3121 802 priorem
3166 732 3355 786 Salva-

1785 827 1920 882 toris
1947 825 2124 881 nostri
2155 825 2223 879 ad
2253 826 2504 883 homines
2538 828 2854 891 adventum,
2887 826 3019 895 ipsis
3069 828 3242 881 oculis
3271 827 3355 881 in-

1783 928 1999 973 tuemur
2040 917 2349 973 divinorum
2404 920 2753 974 oraculorum
2808 928 3023 975 eventa.
3085 919 3354 973 Caeterum

1781 1013 1969 1069 eadem
1994 1013 2107 1068 hac
2127 1014 2341 1083 plenius
2382 1014 2735 1069 absolventur
2770 1015 2825 1068 in
2879 1014 3120 1069 secundo
3166 1022 3219 1067 et
3247 1014 3359 1083 glo-

1779 1105 1927 1159 rioso
1943 1104 2187 1175 ejusdem
2218 1105 2473 1169 adventu,
2493 1105 2711 1175 quando
2756 1120 2948 1159 omnes
2980 1114 3169 1175 gentes
3215 1102 3359 1157 vide-

1781 1198 1918 1255 bunt
1970 1199 2201 1270 gloriam
2227 1198 2378 1269 ejus,
2425 1200 2842 1268 venientemque
2888 1198 3064 1269 ipsum
3097 1198 3164 1252 de
3215 1196 3355 1251 coelo

1780 1304 1904 1345 cum
1934 1291 2095 1361 307
2128 1299 2397 1362 potestate
2424 1301 2478 1347 et
2524 1291 2697 1361 gloria
2750 1293 2941 1345 multa.
2976 1288 3187 1345 Referri
3224 1302 3353 1342 vero

1781 1382 1848 1437 ad
1878 1383 2008 1438 illud
2032 1392 2246 1454 tempus
2281 1387 2442 1439 etiam
2471 1385 2679 1454 reliqua
2713 1391 2969 1453 poterunt
2996 1396 3115 1452 qua:
3147 1382 3201 1434 in
3236 1380 3355 1450 ipso

1779 1474 2001 1529 oraculo
2028 1475 2289 1545 prazdicta
2323 1486 2470 1541 sunt,
2504 1472 2965 1545 quemadmodum
2997 1469 3220 1541 quidem
3251 1484 3354 1524 nos

1778 1566 1999 1636 proprio
2025 1575 2188 1638 atque
2204 1568 2331 1622 huic
2356 1567 2433 1623 rei
2456 1568 2637 1623 dicato
2654 1582 2819 1637 opere
2836 1564 3108 1620 ostensuri
3142 1576 3353 1617 sumus.

1779 1659 1914 1714 Cum
1948 1661 2115 1731 igitur
2142 1662 2208 1716 ad
2241 1662 2385 1716 hunc
2408 1677 2583 1732 usque
2638 1663 2817 1717 locum
2873 1660 2989 1717 hac
3028 1671 3137 1713 tam
3184 1658 3355 1712 multa

1778 1753 2180 1824 collegerimus,
2223 1754 2289 1811 de
2313 1771 2377 1810 eo
2405 1795 2420 1819 ,
2452 1755 2544 1825 qui
2586 1755 2715 1810 olim
2762 1754 3059 1810 cauebatur
3110 1750 3352 1811 futurus,

1780 1843 1875 1900 Dei
1906 1846 1974 1900 ad
2011 1847 2259 1902 homines
2298 1848 2554 1912 adventu,
2585 1848 2837 1919 sequitur
2864 1855 2923 1901 ut
2976 1846 3063 1900 his
3090 1842 3355 1912 adjunga-

97 1935 493 2004 musquisnam
516 1935 988 1993 modusiniisdem
1028 1939 1266 1994 oraculis
1313 1936 1697 2009 praediceretur
1731 1939 1949 1998 futurus
2006 1944 2207 2014 prioris
2246 1943 2491 2014 ejusdem
2541 1944 2609 1999 ad
2650 1944 2946 1999 humanam
2968 1942 3135 1996 vitam
3168 1949 3356 1993 accel-

97 2042 203 2082 sus.

1173 2382 2262 2556 ΕΥΣΕΒΙΟΥ

1283 2663 1510 2750 ΤΟΥ
1545 2658 2147 2751 ΠΑΜΦΙΛΟΥ

534 2854 1706 2991 ΕΥΑΓΓΕΛΙΚΗΣ
1788 2845 2877 2988 ΑΠΟΔΕΙΞΕΩΣ

1197 3098 1635 3187 ΒΙΒΛΙΟΝ
1680 3092 2239 3185 ΕΒΔΟΜΟΝ.

822 3455 1577 3617 EUSEBII
1679 3452 2599 3609 PAMPHILI

400 3749 1901 3884 DEMONSTRATIONIS
1980 3747 3041 3883 EVANGELICAE

1184 4006 1543 4097 LIBER
1618 4004 2247 4096 SEPTIMUS.

179 4341 339 4395 MATI
418 4343 558 4395 ΤΗΣ
612 4343 793 4395 ΠΕΡΙ
863 4342 1003 4393 ΤΟΥ
1073 4343 1408 4395 ΣΩΤΗΡΟΣ
1448 4341 1662 4396 ΗΜΩΝ

183 4412 697 4466 ΕΥΑΓΓΕΑΙΚΗΣ
724 4410 1206 4465 ΑΠΟΔΕΙΞΕΩΣ.

128 4504 187 4552 Δ⁸.
224 4505 307 4570 Τίς
330 4508 361 4557 ό
379 4505 600 4572 τρόπος
625 4501 735 4570 τῆς
760 4501 866 4557 τοῦ
892 4500 1040 4555 Θεοῦ
1061 4504 1152 4572 εις
1174 4500 1512 4572 ἀνθρώπους
1537 4500 1661 4553 ἐπι-

179 4569 386 4642 δημίας,
407 4569 486 4628 ’ἐκ
518 4572 637 4628 τῶν
666 4569 1280 4642 ὺποσεσημειωμένων
1306 4569 1580 4641 Γραριῖηε.

181 4672 237 4717 α’.
284 4666 419 4720 Ἀπὸ
444 4665 551 4719 τοῦ
588 4666 846 4720 Ἡσαΐου.

183 4735 234 4802 β’.
281 4736 416 4791 Ἀπὸ
447 4736 555 4790 τοῦ
585 4735 792 4789 αὑτοῦ.

185 4812 239 4871 Υ.
288 4807 422 4861 Ἀπὸ
450 4806 557 4860 τοῦ
584 4804 790 4860 αὑτοῦ.

130 4892 186 4948 B'.
222 4899 328 4985 [ξοῦ
362 4898 466 4969 γῆς
499 4901 534 4953 δ
568 4898 822 4967 Χριστὸς
870 4893 1352 4968 γεννηθήσεσθαι
1400 4910 1655 4963 προείρη-

184 4984 372 5025 revera.

184 5059 235 5113 t7.
279 5063 412 5117 Ἀπὸ
440 5063 549 5118 τοῦ
575 5063 817 5131 Μιχαία.

187 5136 236 5185 ε’.
279 5134 412 5189 Ἀπὸ
436 5133 546 5189 τοῦ
565 5133 812 5205 ψαλμοῦ
840 5134 972 5204 ρλαν.

134 5218 187 5274 Γ.
231 5225 339 5295 Ἀφ’
359 5228 488 5281 οἵου
515 5226 728 5296 γένους
759 5225 1231 5295 προελεύσεσθαι
1252 5218 1481 5278 ὲϐοᾶτο.

186 5321 243 5389 ς.
286 5318 425 5389 ,Ἀπὸ
453 5316 564 5386 τῆς
588 5316 631 5387 β’
661 5312 1313 5389 τῶνΙΙαραλειπομένων.

186 5383 237 5457 ξ’..
283 5388 415 5441 Ἀπὸ
448 5383 697 5457 ψαλμοῦ
721 5388 818 5441 οα’.

188 5454 241 5575 ἒξ.
287 5458 421 5512 Ἀπὸ
444 5454 552 5540 im}
579 5454 848 5513 Ἦσαΐου.

227 5565 241 5575 .
285 5529 415 5575 Ἀπὸ
447 5548 554 5575 του
590 5530 848 5575 'Iansulm.

227 5565 241 5580 .
285 5529 415 5583 Ἀπὸ
447 5529 554 5584 τοῦ
590 5530 883 5597 Ἰερεμίου.

188 5594 231 5650 i'.
276 5600 410 5657 Ἀπὸ
437 5599 551 5669 τῆς
573 5594 900 5665 Γεὶρέὶγεως.

668 5712 1069 5767 ΠΡΟΟΙΜΙΟΝ.

186 5796 296 5852 Θεὸν
321 5804 395 5866 εἰς
419 5802 738 5875 ἀνθρώπους
762 5803 1067 5872 ἁῲίξεσθαι,
1099 5804 1192 5855 καὶ
1223 5803 1319 5855 σὺν
1347 5796 1657 5872 ἀνθρώποις

136 5886 205 5945 {al
228 5896 313 5970 γῆς
338 5896 761 5965 πολιτεύσεσθαι,
790 5897 882 5951 δύο
906 5914 961 5951 τε
994 5895 1167 5951 ταῦτα
1199 5896 1427 5967 μέγιστα
1447 5894 1652 5966 τεκμή-

131 4265 269 4319 ΤΑΔΕ
307 4270 629 4325 ΕΝΕΣΤΙΝ
672 4270 775 4323 ΕΝ
827 4270 910 4340 Τῼ
944 4269 1231 4340 ΕΒΔΟΜῼ
1271 4271 1657 4323 ΣΥΓΓΡΑΜ-
1689 4274 1730 4329 Β

1773 4262 2523 4393 uia/eguere;
2560 4260 3332 4388 ἐῖιὲξῖὅέέθλγϐέίίἓῧ

1846 4403 2288 4459 DEMONSTRA
2303 4401 2585 4457 TIONIS.

1758 4500 1798 4551 Ι.
1838 4501 2100 4562 Quisnam
2139 4499 2324 4548 modus
2352 4509 2593 4548 accessus
2623 4492 2718 4549 Dei
2735 4494 2804 4547 ad
2833 4491 3088 4559 homines,
3112 4507 3179 4547 ex
3203 4494 3330 4547 διώ-

1828 4568 2027 4621 notatis
2053 4564 2340 4636 Scriptum
2363 4564 2512 4619 locis.

1831 4661 1881 4713 1.
1918 4660 1998 4712 Ab
2025 4657 2195 4711 Isaia.

1827 4730 1863 4783 2
1907 4732 1985 4782 Ab
2009 4729 2210 4782 eodem.

1831 4801 1884 4855 5.
1909 4800 1984 4853 Ab
2003 4800 2204 4854 eodem.

1760 4890 1823 4945 ll.
1866 4888 1966 4943 Ubi
2011 4900 2271 4943 terrarum
2329 4888 2573 4946 Christus
2626 4892 2859 4946 oriturus
2904 4891 3275 4960 prwdiceretur
3304 4912 3338 4949 α

1827 4961 2112 5030 prophetis.

1830 5054 1883 5106 4.
1917 5054 1958 5105 Α
1990 5052 2236 5106 Hic/tam.

1831 5123 1882 5178 5.
1916 5126 1957 5177 A
1983 5125 2187 5193 psalmo
2219 5139 2408 5178 cxm.

1759 5213 1845 5269 Ill.
1878 5214 1954 5269 De
1976 5232 2077 5286 quo
2112 5233 2293 5284 genere
2315 5233 2687 5287 progressurus
2717 5228 3014 5273 caneretur.

1836 5308 1889 5362 6.
1926 5307 1999 5361 De
2030 5307 2091 5360 II
2122 5307 2597 5378 Paralipomenon.

1833 5379 1883 5434 7.
1914 5380 1956 5431 Α
1985 5380 2188 5447 psalmo
2217 5396 2366 5434 Lxxt.

1829 5449 1885 5503 8.
1917 5449 1994 5501 Ab
2022 5448 2192 5503 Isaia.

1830 5519 1885 5574 9.
1920 5518 1999 5573 Ab
2030 5518 2283 5574 Ieremia.

1831 5590 1920 5645 10.
1942 5594 1983 5643 A
2026 5588 2235 5645 Genesi.

1870 5784 1877 5789 _
2338 5670 2757 5758 PROOEMIUM.

1828 5795 1965 5853 Cum
1988 5796 2238 5870 proximo
2266 5796 2408 5852 libro
2440 5794 2607 5849 Deum
2638 5794 2704 5849 ad
2730 5794 2977 5851 homines
3011 5802 3325 5862 venturum,

1754 5898 1809 5949 et
1838 5906 1963 5948 cum
2016 5890 2330 5947 hominibus
2380 5891 2436 5945 in
2492 5898 2637 5945 terra
2692 5897 3061 5957 versaturum,
3107 5890 3328 5959 duoque
