3894 6566
623 355 726 416 £87

1295 363 1562 420 EUSEBll
1601 366 2078 428 CESARIENSIS
2118 373 2270 435 OPP.
2304 377 2505 440 PARS.
2549 377 2614 441 Π.
2653 381 3260 464 —_APOLOGETiC.\.

3737 405 3822 460 48.8

633 489 747 544 hac
765 488 998 544 maxima
1028 488 1179 558 signa
1215 487 1360 544 illius
1411 489 1678 546 adventus
1703 490 1882 548 futura
1911 512 1922 546 :
1949 501 2168 564 gentiun

2302 521 2392 575 ρια
2419 506 2517 578 τῆς
2541 508 2703 562 αὑτοῦ
2721 510 3030 582 παρουσίας
3061 510 3277 566 ἔσεσθαι
3295 529 3308 542 σ
3338 511 3530 582 κλῆσιν
3557 514 3822 592 ἐπ’ἀναλή-

627 595 728 650 per
754 589 926 636 totum
964 581 1146 634 orbem
1196 573 1262 634 ad
1289 576 1656 650 accipiendam
1697 599 1880 638 veram
1909 585 2000 642 Dei
2043 592 2190 646 noti-

628 673 781 736 tiam,
825 672 1186 732 vocationem,
1222 677 1274 725 et
1297 667 1535 725 Iudaicae
1569 673 1744 742 gentis
1769 683 1988 746 propter
2017 678 2193 734 incre-

573 767 590 838 _;
626 761 908 815 duli’tatcm
939 760 989 812 in
1023 759 1197 822 illum,
1226 759 1440 814 ruinam
1471 773 1535 815 ac
1569 763 1940 828 solitudinem,
1973 783 2037 822 ex
2063 785 2190 838 pro-

574 869 576 871 ‘
625 851 856 924 pheticis
885 851 1110 906 vocibus
1134 851 1510 920 didicerimus,
1550 854 1862 926 ibidemque
1889 857 2190 928 inspexeri-

623 953 768 1004 mus,
823 939 986 1010 309
1032 956 1193 1010 quem
1241 943 1460 998 tandem
1520 943 1727 998 exitum
1789 948 2094 1003 invenerint
2126 967 2189 1005 ea

619 1047 743 1103 quae
764 1033 1018 1100 praedicta
1052 1035 1294 1094 fuerant,
1320 1034 1435 1104 ipse
1465 1034 1722 1106 deinceps
1753 1037 1963 1102 ordine,
1999 1041 2052 1094 in
2087 1041 2188 1096 hoc

579 1103 583 1110 Ι
621 1123 853 1193 septimo
877 1122 1200 1196 Evangelica:
1239 1121 1720 1182 Demonstrationis
1755 1130 2044 1196 volumine,
2073 1145 2188 1187 mo-

619 1211 751 1270 dum
783 1219 1136 1288 contemplari
1189 1221 1532 1288 conabimur,
1584 1223 1886 1277 secundum
1931 1240 2089 1294 quem
2114 1227 2189 1279 ait

619 1322 680 1363 se
696 1308 764 1362 ad
785 1308 1033 1366 homines
1053 1314 1460 1382 commigrasse.
1507 1313 1624 1369 Jam
1659 1315 1784 1371 inde
1813 1317 1978 1388 igitur
2006 1321 2189 1374 videa—

561 1405 564 1408 ’
618 1411 764 1460 mus.
807 1401 1058 1470 quisnam
1093 1403 1283 1459 modus
1331 1404 1423 1460 Dei
1457 1407 1524 1462 ad
1567 1407 1818 1464 homines
1849 1411 2186 1480 migrationis

617 1503 906 1547 caneretur
929 1493 1166 1562 futurus,
1190 1506 1241 1550 et
1273 1497 1489 1552 ubinam
1517 1502 1758 1570 gentium
1787 1503 2028 1560 oriturus
2051 1520 2186 1574 prae-

616 1580 910 1645 diceretur,
949 1591 1002 1637 et
1030 1583 1099 1639 de
1122 1601 1230 1655 quo
1254 1601 1451 1656 genere
1493 1589 1843 1659 profecturus
1868 1604 2184 1648 sanctorum

617 1667 898 1728 hominum
928 1676 1152 1732 vocibus
1185 1677 1432 1734 ferretur.

1242 1894 1470 1952 CAPUT
1509 1887 1550 1953 Ι.

615 2001 695 2061 Ab
728 2005 897 2062 Isaia.
945 2035 1015 2047 —
1048 2005 1306 2076 Quisnam
1341 2013 1528 2066 modus
1576 2023 1816 2068 accessus
1845 2005 2058 2068 Domini
2113 2018 2182 2070 ad

1266 2080 1517 2136 homines.

685 2166 972 2224 Praedictio
1023 2167 1335 2226 Judaaorum
1389 2172 1784 2230 incredulitatis
1832 2190 1959 2247 erga
2025 2177 2183 2234 Chri-

613 2265 782 2328 stum,
812 2269 866 2316 et
899 2261 1116 2331 signum
1155 2262 1236 2318 eis
1284 2278 1314 2316 a
1349 2261 1575 2318 Domino
1604 2265 1810 2321 datum.
1843 2266 1967 2322 Fuit
1999 2281 2178 2326 autem

611 2349 747 2408 illud
773 2370 788 2406 :
817 2351 986 2425 Virgo
1010 2369 1274 2424 generans
1301 2355 1468 2410 Deum
1492 2374 1507 2423 ;
1551 2359 1656 2413 sub
1681 2359 1842 2425 cujus
1870 2365 2180 2431 generatio-

611 2459 684 2500 ne
712 2444 1036 2502 universalis
1052 2445 1362 2502 Judzeorum
1386 2447 1626 2505 nationis
1655 2453 1904 2522 purgatio
1939 2456 2178 2510 caneba-

611 2542 738 2604 tnr;
768 2543 821 2592 et
844 2536 988 2592 sicut
1031 2538 1238 2593 externi
1293 2547 1350 2593 et
1397 2539 1586 2597 hostes
1635 2543 1910 2612 regionem
1959 2545 2178 2602 illorum

609 2629 980 2699 occupabunt,
1015 2635 1070 2684 et
1099 2630 1558 2698 quemadmodum
1593 2648 1714 2702 qua:
1741 2641 1870 2688 ante
1901 2634 2176 2692 desertum

611 2720 746 2784 fuit,
798 2721 1182 2791 agriculturam
1254 2723 1444 2777 sortita
1489 2723 1750 2790 divinam,
1783 2725 2012 2782 fecunda
2046 2729 2167 2784 erit.

609 2808 852 2866 Ecclesia
878 2827 943 2866 ex
973 2813 1224 2883 gentibus
1252 2814 1478 2869 collecta
1517 2814 1663 2868 hunc
1709 2817 2029 2872 ostendente
2058 2833 2174 2872 mo-

607 2899 738 2954 dum
777 2903 1228 2970 quemadmodum
1271 2903 1486 2961 divinus
1521 2907 1854 2976 evangelista
1898 2907 2171 2976 Joannes,

607 2991 732 3061 plus
760 3007 923 3063 quam
960 2993 1195 3048 humana
1233 3009 1366 3051 voce
1404 2996 1470 3052 de
1521 2996 1801 3054 Salvatore
1841 3015 1905 3054 ac
1946 3001 2174 3059 Domino

607 3093 832 3151 nostro,
870 3085 936 3140 de
965 3085 1103 3154 ipso,
1133 3085 1378 3156 inquam,
1411 3087 1504 3144 Dei
1538 3087 1714 3144 Verbo
1755 3091 2056 3158 disserens,
2083 3109 2172 3150 sa-

605 3188 866 3246 cramque
911 3177 1056 3232 illius
1095 3174 1432 3247 Scripturam
1479 3180 1958 3252 narrationemquc
1988 3198 2172 3255 aggre.
2199 3189 2240 3246 C

605 3267 761 3322 diens
784 3307 800 3332 ,
831 3284 939 3322 una
969 3284 1092 3323 cum
1125 3269 1242 3339 ipsa
1275 3269 1342 3324 de
1373 3270 1462 3323 illa
1495 3271 1768 3342 theologia
1813 3273 2057 3342 ejusdem
2102 3275 2170 3330 ad

604 3357 852 3416 homines
879 3375 1182 3422 accessum,
1205 3377 1301 3430 per
1329 3370 1668 3432 assumptum
1695 3379 1897 3435 corpus
1925 3370 2168 3436 exponit,

601 3453 684 3508 sic
710 3451 898 3508 dicens
923 3473 936 3508 :
973 3471 992 3504 ι
1031 3455 1090 3508 In
1125 3454 1391 3524 principio
1419 3463 1536 3509 erat
1559 3453 1817 3521 Verbum,
1843 3469 1896 3513 et
1931 3457 2168 3516 Verbum

599 3551 717 3600 erat
741 3545 884 3616 apud
915 3543 1114 3608 Deum,
1164 3553 1218 3601 et
1253 3544 1394 3602 Deus
1453 3556 1570 3603 erat
1609 3547 1844 3604 Verbum
1900 3552 1964 3605 ”.
2009 3571 2026 3604 ι
2055 3551 2170 3608 Hoc

598 3643 720 3689 erat
749 3635 803 3689 in
823 3635 1090 3706 principio
1115 3637 1257 3706 apud
1287 3637 1452 3692 Deum
1475 3679 1488 3704 ,
1542 3641 1724 3695 omnia
1753 3657 1848 3712 por
1878 3643 2055 3712 ipsum
2087 3645 2168 3698 fa-

598 3737 688 3780 cta
703 3734 830 3782 sunt
868 3745 884 3783 :
934 3735 1099 3795 atque
1123 3728 1208 3782 his
1236 3729 1491 3798 deinceps
1527 3730 1866 3802 adjungens:
1906 3753 1924 3784 ι
1947 3735 2009 3788 Et
2035 3735 2171 3791 Ver-

601 3819 728 3872 bum
756 3833 888 3874 caro
920 3819 1118 3874 factum
1151 3827 1254 3884 est,
1283 3828 1337 3874 et
1356 3821 1620 3877 habitavit
1657 3823 1712 3877 in
1735 3824 1893 3880 nobis
1928 3826 1993 3881 ³³.
2035 3847 2054 3878 ι
2089 3826 2166 3882 Ita

597 3910 784 3966 divino
811 3910 1017 3980 Spiritu
1055 3911 1265 3968 aﬂlatus
1295 3913 1576 3982 propheta,
1599 3930 1724 3968 cum
1757 3914 1926 3971 Deum
1953 3918 2020 3972 de
2046 3917 2169 3971 Vir-

596 4000 721 4072 giae
769 4001 1012 4070 genitum
1075 4009 1221 4056 esset
1275 4003 1655 4067 nuntiaturus,
1689 4006 1950 4060 visionem
2005 4017 2164 4062 antea

594 4091 888 4162 quamdam
955 4092 1102 4146 illius
1166 4093 1350 4163 gloriae
1405 4095 1842 4164 contemplatur,
1893 4098 2163 4170 talemque

591 4185 920 4256 theologiam
947 4187 1243 4242 describit:
1289 4207 1306 4239 ι
1345 4185 1467 4243 Vidi
1497 4186 1784 4244 Dominum
1815 4189 2048 4247 Sabaoth
2076 4211 2163 4250 se-

589 4281 808 4336 dentem
833 4295 996 4349 super
1030 4280 1167 4336 solio
1196 4282 1412 4337 excelso
1435 4288 1488 4336 et
1517 4282 1756 4346 sublimi,
1786 4292 1838 4338 et
1861 4285 2016 4354 plena
2043 4295 2162 4341 erat

588 4371 786 4428 domus
813 4372 986 4445 gloria
1018 4373 1156 4442 ejus,
1173 4383 1226 4428 et
1249 4375 1519 4444 seraphim
1537 4375 1756 4431 stabant
1777 4377 1982 4432 circum
2012 4394 2157 4447 eum,

585 4475 688 4518 sex
715 4461 815 4516 ala:
843 4462 960 4526 uni,
986 4469 1042 4518 et
1087 4479 1184 4518 sex
1213 4463 1312 4519 alae
1347 4465 1538 4530 alteri,
1583 4472 1638 4520 et
1683 4466 1896 4523 duabus
1937 4469 2153 4538 quidem

2291 597 2379 660 ψει
2406 599 2504 669 τῆς
2531 601 2762 672 ἀληθοῦς
2791 603 3118 673 θεογνωσίάς
3149 603 3255 658 τῶν
3283 605 3384 660 ἀνά
3410 605 3509 679 τὴν
3541 609 3816 685 οἰκουμένῃ

2290 689 2477 754 ἐθνῶν,
2505 693 2818 747 ἀπόπτωσίν
2855 713 2913 748 τε
2945 691 3038 749 καλ¹
3069 697 3303 768 ἐρημίαν
3333 697 3420 751 διὰ
3445 700 3543 772 τὴν
3587 703 3662 766 εἰς
3695 707 3822 762 αὐτὸν

2289 781 2545 836 ἀπιστίαν
2590 783 2681 837 τοῦ
2723 785 2989 840 Ἰουδαίων
3040 787 3242 852 ἔθνους,
3282 791 3338 842 ἐν
3387 791 3468 862 τῷ
3521 791 3626 865 πρὸ
3669 797 3820 852 τούτου

2291 875 2677 948 συγγράμματι
2704 877 2790 936 διὰ
2815 879 2922 932 τῶν
2952 879 3300 952 προφητικῶν
3327 882 3516 952 φωνῶν
3550 887 3822 960 μεμαθηκό-

2273 973 2398 1027 -τες,
2428 965 2854 1038 ἐπισκεψάμενοί
2897 987 2956 1022 τε
3005 971 3142 1024 κατά
3177 973 3234 1024 τὸ
3271 974 3402 1027 αὐτὸ
3449 976 3633 1030 ὁποίου
3671 979 3820 1047 τέλους

2288 1053 2444 1126 ἔτυχε
2500 1057 2567 1110 τὰ
2613 1062 3079 1132 προηγορευμένα,
3129 1056 3256 1134 ἑξῆς
3301 1065 3394 1118 καὶ
3443 1067 3736 1134 ἀκολούθως
3775 1074 3820 1128 ἐν

2289 1144 2498 1216 ἑϐδόμῳ
2518 1147 2690 1218 τούτῳ
2721 1151 3108 1222 συγγράμματι
3137 1153 3237 1222 τῆς
3252 1155 3664 1225 Εὐαγγελικῆς
3697 1161 3820 1216 Ἀπο-

2287 1237 2528 1304 δείξεως
2565 1239 2654 1292 τὸν
2681 1241 2878 1312 τρόπον
2908 1243 3273 1316 ὲπιθεωρῆσαι
3305 1249 3692 1318 πειρασόμεθα,
3723 1253 3816 1308 καθ’

2287 1329 2344 1381 ὃν
2371 1341 2532 1401 φησιν
2557 1331 2716 1386 αὐτὸν
2750 1335 2846 1404 τὴν
2879 1337 2957 1397 εἰς
2981 1335 3298 1408 ἀνθρώπους
3325 1339 3654 1409 ποιήσασθαι
3685 1343 3798 1414 πάρο

2286 1421 2394 1478 δον.
2430 1422 2563 1493 Φέρε
2599 1421 2692 1478 οὖν
2735 1427 2980 1480 ἐντεῦθεν
3020 1428 3118 1500 ἥδη
3149 1432 3524 1502 σκοπήσωμεν,
3559 1434 3730 1498 ὁποῖός
3755 1453 3816 1502 τις

2285 1514 2313 1565 6
2340 1516 2535 1586 τρόπος
2563 1516 2779 1571 ἔσεσθαι
2807 1520 2904 1590 τῆς
2932 1520 3024 1573 τοῦ
3053 1521 3186 1574 Θεοῦ
3220 1524 3298 1586 εἰς
3320 1523 3639 1596 ἀνθρώπους
3669 1529 3817 1600 ἐπιδη-

2289 1603 2413 1675 μίας
2445 1605 2776 1673 ὲθεσπίζετο,
2808 1611 2901 1662 καὶ
2949 1611 3051 1663 ποῦ
3097 1612 3200 1683 γῆς
3246 1615 3674 1686 γεννηθήσεσθαι
3709 1637 3814 1691 προ-

2284 1697 2611 1768 εκηρύττετο
2638 1741 2653 1764 ,
2701 1697 2808 1754 ἀπὸ
2873 1703 3026 1756 ποίου
3071 1722 3130 1758 τε
3193 1708 3381 1774 γένους
3429 1709 3813 1780 προελεύσεσθαι

2285 1789 2495 1844 ἐϐοᾶτο.

2810 1899 3199 1967 ΚΕΦΑΑΑΙΟΝ
3237 1911 3314 1967 At.

2296 1983 2427 2049 Ἀπὸ
2453 1995 2557 2049 τοῦ
2589 1986 3035 2078 ﬁguravi—fle
3059 1997 3092 2056 ὁ
3118 1997 3335 2078 τρόπος
3357 2006 3468 2075 τῆς
3495 1999 3598 2063 τοῦ
3623 2009 3812 2078 Kvpi'ov

2642 2071 2730 2134 εἰς
2760 2071 3104 2139 ἀνθρώπους
3134 2071 3472 2145 ἐπιδημί.

2350 2157 2660 2230 Πρόῤῥησις
2681 2160 2779 2229 τῆς
2807 2162 2886 2225 είς
2907 2163 3139 2234 Χριστὸν
3171 2167 3427 2232 ἀπιστίας
3454 2169 3548 2224 τοῦ
3579 2172 3812 2226 Ἰουδαίων

2281 2241 2481 2314 ἔθνους,
2507 2251 2599 2305 καὶ
2623 2255 2844 2323 σημεῖον
2868 2249 3049 2320 αὐτοῖς
3067 2258 3174 2311 ἀπὸ
3197 2259 3398 2330 Κυρίου
3421 2259 3712 2333 διδόμενον,
3729 2260 3812 2317 Ἦν

2279 2339 2336 2393 δὲ
2362 2343 2538 2396 τοῦτο·
2593 2345 2864 2417 Παρθένος
2891 2347 3023 2402 Θεὸν
3061 2352 3321 2418 γεννῶσα,
3355 2354 3440 2423 ἐφ’
3463 2349 3522 2408 οὗ
3541 2359 3606 2427 τῇ
3631 2357 3812 2424 γενέσει

2279 2433 2592 2506 καθαίρεσις
2611 2437 2876 2508 παντελὴς
2895 2439 2988 2492 τοῦ
3028 2441 3290 2495 Ἰουδαίων
3303 2443 3489 2509 ἔθνους
3507 2447 3810 2513 ἐθεσπίζετο,

2279 2526 2372 2578 καὶ
2394 2526 2467 2590 ὡς
2496 2527 2776 2596 ἀλλόφυλοι
2793 2532 2883 2583 καὶ
2914 2532 3158 2603 πολέμιοι
3177 2535 3273 2607 τὴν
3302 2535 3485 2608 χώραν
3499 2539 3677 2593 αὐτῶν
3703 2541 3808 2594 καθ-

2278 2615 2476 2682 έξουσι,
2527 2619 2621 2672 καὶ
2657 2621 2732 2684 ὡς
2771 2623 2802 2692 ὴ
2843 2623 2968 2692 πρὶν
3014 2624 3218 2696 ἔρημος
3262 2628 3362 2698 τῆς
3391 2627 3574 2682 ἐνθέου
3599 2631 3810 2701 τυχοῦσα

2273 2711 2565 2780 γεωργίας,
2625 2713 2931 2786 εὐφορήσει·
2988 2715 3088 2786 τῆς
3142 2715 3202 2780 ἐξ
3267 2717 3436 2772 ἐθνῶν
3519 2721 3810 2792 Ἐκκλησίας

2273 2802 2462 2856 τοῦτον
2502 2803 2835 2876 δηλουμένης
2877 2805 2968 2859 τὸν
3009 2807 3226 2878 τρόπον·
3262 2809 3448 2883 ὥσπερ
3481 2815 3510 2866 ὀ
3540 2813 3810 2883 Θαυμάσιος

2274 2893 2658 2966 εὐαγγέλια-τὴς
2715 2897 2983 2969 Ἰωάννης,
3036 2899 3238 2970 μείζονι
3371 2903 3512 2958 κατὰ
3557 2905 3810 2978 ἄνθρωπον

2277 2986 2652 3058 μεγαλοφωνίᾳ
2688 2988 2780 3040 τὸν
2839 2991 3062 3061 Σωτῆρα
3115 2994 3208 3046 καὶ
3266 2987 3468 3066 Κύριον
3507 2997 3660 3068 ἡμῶν
3707 2998 3808 3050 θεο-

2272 3075 2466 3145 λογῶν,
2501 3079 2661 3131 αὑτὸν
2700 3079 2762 3152 δὴ
2801 3083 2890 3134 τὸν
2926 3083 3019 3136 τοῦ
3063 3085 3195 3137 Θεοῦ
3237 3087 3425 3154 Λόγον,
3459 3089 3558 3160 τῆς
3588 3107 3648 3158 γε
3686 3091 3810 3162 ἱερᾶς

2273 3165 2494 3238 Γραφῆς
2513 3167 2674 3221 αὐτοῦ
2697 3171 3087 3243 ἀπαρχόμενος,
3110 3175 3243 3247 ὁμοῦ
3263 3180 3327 3248 τῇ
3355 3178 3600 3252 θεολογίᾳ
3625 3183 3712 3234 καὶ

2273 3257 2532 3330 ἐνσαρκον
2553 3262 2718 3314 αὐτοῦ
2741 3265 2821 3326 εἰς
2842 3265 2936 3318 ἀνθ
2947 3265 3157 3337 ρώπους
3178 3271 3502 3342 παρίστησιν
3521 3273 3805 3344 ἐπιδημίαν⁵

2277 3369 2296 3402 ι
2330 3351 2415 3404 Ἑν
2446 3353 2586 3425 ἀρχῇ
2611 3351 2678 3426 ἦν
2697 3357 2725 3408 6
2747 3357 2933 3425 Λόγος,
2963 3358 3056 3410 καὶ
3080 3361 3108 3412 6
3127 3359 3296 3429 Λόγος
3315 3358 3382 3433 ἦν
3409 3359 3544 3433 πρὸς
3573 3364 3661 3418 τὸν
3677 3365 3808 3430 Θεὸν,

2270 3446 2365 3499 καὶ
2382 3445 2514 3510 Θεὸς
2537 3443 2606 3518 ἦν
2635 3449 2662 3501 ό
2683 3448 2872 3518 Λόγος.
2899 3447 3065 3516 Οὗτος
3085 3447 3151 3524 ἦν
3170 3456 3227 3506 ὲν
3247 3455 3384 3525 ἀρχῇ
3413 3457 3549 3527 πρὸς
3570 3458 3660 3510 τὸν
3677 3456 3806 3510 Θεόν·

2271 3539 2445 3594 πάντα
2475 3539 2544 3594 δι’
2571 3541 2734 3594 αὑτοῦ
2770 3542 3000 3610 ἐγένετο,
3041 3564 3059 3596 ι
3109 3547 3301 3616 φήσας·
3341 3547 3546 3612 τούτοις
3577 3549 3695 3620 ἑξῆς
3723 3553 3806 3602 ἐπ-

2269 3633 2436 3701 άγωψ
2462 3652 2481 3684 ι
2509 3634 2617 3687 Kal.
2651 3636 2678 3686 6
2702 3635 2870 3704 Λόγος
2903 3636 3035 3706 σὰρξ
3067 3638 3298 3706 ἐγένετο,
3328 3642 3420 3694 καὶ
3438 3643 3730 3712 ἐσκήνωσεν
3759 3644 3806 3693 έν

2267 3726 2419 3794 ἡμῖν.
2457 3745 2476 3776 ι
2503 3725 2604 3779 Τὸν
2637 3726 2798 3780 αὐτὸν
2823 3727 2886 3798 δὴ
2912 3729 3108 3798 τρόπον
3140 3727 3234 3783 καὶ
3261 3733 3288 3783 ὁ
3316 3729 3596 3796 θεσπέσιος
3622 3735 3804 3804 προφή-

2265 3834 2365 3887 της
2401 3816 2532 3870 Θεοῦ
2567 3818 2630 3870 ἐκ
2669 3817 2944 3888 Παρθένου
2975 3821 3363 3890 γεγεννημένον
3397 3817 3604 3892 μέλλων
3627 3825 3806 3892 ἀνακηο

2269 3908 2499 3978 ρύττῃν,
2523 3911 2620 3982 τὴν
2649 3911 2856 3976 ἔνδοξον
2887 3913 3049 3966 αὐτοῦ
3078 3913 3356 3968 θεοπτείαν
3383 3915 3693 3987 προθεωρεί,
3715 3909 3802 3968 ὧδε

2263 4001 2362 4072 τὴν
2391 4001 2666 4070 θεολογίαν
2709 4001 3058 4074 ὑπογράφων·
3096 4023 3114 4054 ι
3151 4001 3303 4058 Εἶδον
3343 4007 3434 4058 τὸν
3477 4005 3674 4077 Κύριον
3709 4005 3800 4058 Σα-

2265 4089 2411 4143 ϐαὼθ
2445 4091 2748 4162 καθήμενον
2780 4094 2872 4146 ἐπὶ
2907 4093 3097 4165 θρόνου
3133 4094 3336 4167 ὑψηλοῦ
3369 4097 3464 4149 καὶ
3491 4097 3796 4167 ἐπηρμένου,

2265 4183 2356 4235 καὶ
2389 4183 2600 4254 πλήρης
2639 4185 2667 4236 6
2709 4178 2858 4248 οἶκος
2897 4185 2998 4254 τῆς
3026 4185 3184 4258 δόξης
3227 4187 3414 4251 αὐτοῦ,
3451 4189 3544 4241 καὶ
3581 4188 3799 4258 σεραφὶμ

2263 4273 2605 4344 εἱστήκεισαν
2627 4273 2810 4344 κύκλῳ
2839 4275 3021 4328 αὐτοῦ·
3047 4275 3106 4338 ἓξ
3133 4277 3399 4347 πτέρυγες
3417 4278 3494 4349 τῷ
3518 4279 3615 4342 ἑνὶ,
3643 4279 3725 4332 καὶ

2261 4363 2530 4435 πτέρυγες
2559 4365 2638 4436 τῷ
2673 4365 2752 4418 ένί
2772 4382 2785 4394 ·
2828 4367 2920 4419 καὶ
2961 4369 3080 4429 ταῖς
3122 4367 3218 4440 μὲν
3252 4369 3403 4421 δυσὶν
3437 4370 3720 4423 ἐκάλυπτον
3743 4367 3797 4420 τὸ

2263 4457 2567 4527 πρόσωπον,
2613 4460 2732 4520 ταῖς
2767 4459 2824 4511 δὲ
2869 4459 2986 4510 δυσὶ
3029 4459 3431 4512 κατεκάλυπτον
3464 4463 3591 4524 τοὺς
3629 4461 3794 4523 πόδας⁹

589 4555 843 4626 tegebant
871 4554 1087 4621 faciem,
1121 4557 1332 4612 duabus
1361 4563 1538 4613 autem
1569 4559 1822 4636 vetabant
1872 4533 2034 4630 pedes
2053 4602 2069 4624 ,
2100 4570 2153 4617 et

2272 4551 2375 4612 ταῖς
2409 4549 2462 4602 δὲ
2501 4551 2650 4603 δυσὶν
2691 4552 2968 4605 ἐπέταντο.
3005 4554 3112 4605 Καὶ
3142 4553 3437 4625 ἐκέκραγον
3471 4554 3650 4626 ἔτερος
3675 4551 3794 4624 πρὸς

586 4647 802 4702 duabus
835 4647 1126 4712 volabant,
1163 4656 1217 4702 et
1243 4649 1406 4720 310
1431 4649 1738 4704 clamabant
1762 4651 1899 4707 alter
1927 4655 1994 4707 ad
2019 4655 2156 4709 alte-

589 4751 731 4796 rum.
760 4745 814 4792 et
859 4737 1146 4792 dicebant:
1181 4737 1434 4802 Sanctus,
1473 4747 1699 4795 sanctus
1722 4780 1739 4804 ,
1775 4751 1998 4798 sanctus
2045 4745 2154 4800 Do-

587 4828 768 4883 minus
827 4827 1110 4894 Sabaoth,
1173 4831 1332 4900 plena
1394 4841 1479 4887 est
1533 4833 1712 4889 onmis
1776 4842 1918 4888 terra
1983 4837 2152 4906 gloria

581 4917 706 4984 ejus
727 4918 795 4971 “.
834 4939 853 4970 ι
887 4917 950 4972 Et
979 4919 1234 4989 deinceps
1259 4921 1541 4991 adjungit:
1579 4941 1597 4972 ι
1639 4921 1704 4976 Ει
1740 4923 1918 4976 audivi
1965 4941 2149 4980 vocem

585 5006 800 5062 Domini
829 5009 1059 5064 dicentis
1085 5029 1096 5064 :
1125 5008 1296 5076 Quem
1337 5011 1568 5076 mittam,
1603 5019 1657 5068 et
1683 5014 1807 5084 quis
1837 5014 1935 5070 ibit
1963 5017 2030 5070 ad
2063 5034 2152 5087 po-

583 5101 770 5172 pulum
801 5100 967 5154 hunc.
994 5099 1059 5153 Et
1081 5101 1192 5156 dixi
1224 5120 1236 5156 :
1271 5101 1410 5157 Ecce
1437 5119 1557 5174 ego,
1591 5105 1746 5161 mitte
1776 5121 1880 5160 me.
1917 5105 1981 5159 Et
2013 5106 2150 5163 dixit

581 5194 652 5249 ad
687 5209 810 5250 me:
859 5177 1033 5261 Vade,
1068 5203 1122 5250 et
1148 5195 1234 5250 die
1278 5197 1476 5266 populo
1521 5199 1648 5254 huic
1679 5217 1692 5253 :
1729 5199 1932 5254 Auditu
1963 5203 2150 5256 audie-

578 5285 675 5351 tis,
703 5293 758 5341 et
787 5303 896 5342 non
925 5287 1276 5359 intelligetis:
1310 5299 1364 5344 et
1387 5290 1660 5346 intuentes
1695 5291 2064 5358 intuebimini,
2096 5303 2150 5349 et

579 5387 692 5426 non
716 5375 987 5431 videbitis.
1011 5374 1270 5430 Crassum
1300 5376 1444 5431 enim
1479 5377 1682 5434 factum
1715 5389 1800 5437 est
1822 5397 1919 5436 cor
1958 5384 2142 5454 populi

579 5462 746 5533 hujus
767 5505 782 5530 ,
825 5477 878 5522 et
907 5467 1132 5523 auribus
1167 5469 1282 5524 suis
1309 5471 1542 5539 graviter
1570 5470 1896 5538 audierunt,
1928 5483 1982 5529 et
2013 5491 2142 5530 ocu-

578 5556 662 5612 los
709 5573 840 5615 suos
869 5563 1184 5618 clauserunt
1209 5603 1224 5629 ,
1260 5579 1328 5619 ne
1355 5565 1574 5633 quando
1600 5565 1820 5620 videant
1841 5567 2018 5622 oculis
2041 5608 2054 5630 ,
2088 5574 2143 5622 et

577 5648 746 5706 corde
771 5649 1106 5724 intelligant,
1153 5661 1208 5710 ct
1233 5663 1646 5719 convertantur,
1687 5663 1740 5709 et
1786 5671 1972 5712 sanem
2009 5673 2136 5726 eos,

645 5844 874 5903 “Joan.
899 5863 936 5919 ι,
961 5850 1012 5906 1.
1088 5850 1132 5882 ³³
1159 5849 1290 5905 ibid.
1325 5851 1410 5905 14.
1490 5851 1534 5882 ³⁵
1571 5850 1672 5906 lsa.
1707 5865 1790 5910 γι.
1825 5849 1938 5911 1-5.

2255 4642 2345 4694 τὸν
2378 4643 2582 4714 ἕτερον,
2611 4644 2702 4695 καὶ
2729 4641 2928 4711 ἔλεγον·
2960 4643 3163 4711 ”Λγιος,
3199 4643 3367 4712 ἅγιος,
3409 4645 3580 4713 ἆγιος,
3617 4644 3794 4714 Κύριος

2257 4733 2502 4797 Σαϐαὼθ,
2537 4734 2747 4805 πλήρης
2777 4735 2924 4786 πᾶσα
2963 4737 2996 4804 ἠ
3031 4735 3103 4803 γῆ
3133 4736 3232 4806 τῆς
3257 4735 3412 4806 δόξης
3440 4737 3620 4789 αὑτοῦ.
3653 4755 3667 4786 ι
3695 4734 3792 4788 Καὶ

2255 4823 2381 4894 ἑξῆς
2425 4822 2682 4891 ἐπιλέγει·
2727 4842 2745 4874 ι
2785 4824 2892 4876 Kal.
2922 4825 3131 4894 ἥκουσα
3157 4825 3254 4893 τῆς
3285 4823 3464 4895 φωνῆς
3495 4825 3686 4897 Κυρίου
3709 4821 3789 4874 λέ-

2255 4931 2476 4983 γοντος’
2521 4913 2654 4968 Τίνα
2696 4913 2996 4979 ἀποστελῶ,
3059 4915 3151 4967 καὶ
3191 4915 3273 4978 τίς
3309 4913 3624 4984 πορεύσεται
3669 4910 3790 4981 πρὸς

2247 5007 2339 5060 τὸν
2377 5006 2500 5059 λαὸν
2529 5005 2744 5070 τοῦτον;
2781 5005 2891 5058 Kal.
2926 5000 3072 5057 εἶπα·
3116 5003 3243 5058 Ἰδοῦ
3267 5003 3376 5073 ἐγώ
3401 5006 3535 5075 εἰμι,
3563 5004 3792 5057 ἀπόστει·

2249 5099 2336 5152 λόν
2368 5117 2454 5170 με.
2483 5098 2590 5151 Kal
2616 5093 2736 5151 εἷπε
2769 5097 2906 5170 πρὸς
2930 5097 3016 5168 μέ·
3051 5095 3370 5168 Πορεύθητι,
3417 5099 3511 5149 καὶ
3555 5095 3692 5148 εἰπὸν
3715 5089 3786 5160 τῷ

2248 5193 2360 5264 λαῷ
2387 5191 2580 5263 τούτῳο
2621 5192 2778 5262 ’Λκοῇ
2825 5189 3106 5253 ἀκούσετε,
3138 5189 3232 5242 καὶ
3257 5189 3317 5240 οὐ
3354 5187 3428 5259 μὴ
3467 5189 3674 5258 συνῆτε,
3703 5184 3786 5234 καὶ

2249 5286 2532 5356 βλέποντες
2559 5282 2799 5353 βλέψετε,
2831 5283 2924 5334 καὶ¹
2955 5281 3014 5334 οῦ
3053 5281 3126 5353 μὴ
3163 5281 3325 5350 ἴδητε.
3364 5279 3664 5350 Ἐπαχύνθη
3689 5273 3786 5344 γὰρ

2248 5381 2283 5450 ὴ
2307 5377 2496 5450 καρδία
2517 5375 2610 5428 τοῦ
2630 5375 2758 5428 λαοῦ
2781 5373 2990 5438 τούτου,
3017 5377 3237 5437 καὶτοῖς
3259 5373 3390 5426 ὠσὶν
3407 5371 3582 5426 αὐτῶν
3602 5367 3784 5441 βαρέως

2248 5473 2505 5543 ἥκουσαν,
2533 5471 2625 5523 καὶ
2648 5470 2772 5532 τοὺς
2796 5468 3105 5540 ὀφθαλμοὺς
3124 5467 3301 5522 αὐτῶν
3325 5469 3660 5540 ἐκάμμυσαν,
3692 5463 3782 5532 μή·

2249 5580 2375 5616 ποτε
2419 5563 2569 5616 ἴδωσι
2601 5565 2714 5625 τοῖς
2753 5560 3067 5632 ὀφθαλμοῖς,
3096 5563 3324 5626 καὶτοῖς
3350 5563 3482 5615 ὠσὶν
3511 5555 3778 5614 ἀκούσωσιν

2246 5657 2340 5710 καὶ
2385 5657 2620 5727 ίάσωμαι
2659 5657 2870 5720 αὐτούς.
2904 5657 3011 5710 Καὶ
3053 5649 3196 5708 εἶπα·
3232 5655 3376 5719 Ἕως
3418 5655 3566 5715 πόσε,
3599 5647 3778 5716 Κύριε.
