3894 6526
140 415 244 474 ιεθ

1031 405 1681 465 DEMONSTBATIONIS
1722 401 2183 462 ΕνΑΝεΕιιειε
2220 402 2349 460 LIB.
2391 402 2502 459 Vll.

3287 405 3401 462 490·

139 537 242 587 Καὶ
266 527 452 585 εἶπενο
499 553 518 583 ‹
545 533 687 594 Ἕως
711 531 775 585 ἂν
801 531 1128 602 ὲρημωθῶσι
1153 533 1355 596 πόλεις,
1390 531 1540 601 παρὰ
1561 531 1620 583 τὸ
1648 530 1721 601 μὴ

1840 536 1879 582 3t
1919 528 2029 582 dixi
2058 547 2070 581 :
2104 525 2437 597 Quousque,
2472 524 2740 581 Domine?
2787 525 2849 579 Et
2885 527 3060 581 dixit:
3101 525 3281 583 Donec
3312 530 3415 588 l't'-_

140 622 544 686 κατοικεῖσθαι,
563 624 654 675 καὶ
670 618 807 674 οἶκοι
835 621 984 693 παρὰ
1003 621 1063 673 τὸ
1088 622 1161 693 μὴ
1183 617 1319 674 εἶναι
1350 621 1682 692 ἀνθρώπους.
1699 641 1715 671 ι

141 715 294 766 Ποῖον
337 712 399 765 δὲ
443 713 668 784 θεμιτὸν
709 713 940 782 φάσκειν
976 712 1068 764 τὸν
1102 714 1386 784 προφήτην
1423 713 1722 782 ἑωρακέναι

141 805 374 876 Κύριον;
411 805 450 875 ῆ
489 806 548 858 ὃν
596 806 707 867 τοῖς
759 804 889 875 περὶ
926 803 1016 856 τὸν
1066 804 1314 875 Ἀϐραὰμ
1355 804 1725 876 προπάτορσιν

139 895 311 966 ὦφθαι
341 915 406 950 τε
444 901 545 950 καὶ
568 895 901 966 ὡμιληκέναι
934 897 990 949 ὲν
1015 899 1130 959 τοῖς
1163 897 1264 968 πρὸ
1285 897 1487 948 τούτων
1515 897 1727 949 ἀπεδεί-

141 987 340 1057 ξαμεν;
390 987 606 1042 Τοῦτον
652 973 760 1059 γάρ
806 985 942 1058 ὁμοῦ
987 987 1120 1040 Θεὸν
1149 989 1242 1040 καὶ
1272 987 1492 1058 Κύριον,
1530 988 1624 1041 καὶ
1661 987 1726 1058 δὴ

141 1079 365 1147 ἄγγελον
406 1075 576 1142 εἶναι,
615 1080 711 1134 καὶ
746 1079 1492 1151 ἀρχιστράτηγονδυνάμεως
1520 1081 1725 1151 Κυρίου

141 1169 689 1240 προμεμαθήκαμεν.
719 1169 944 1223 Μέλλων
973 1170 1258 1241 τοιγαροῦν
1284 1170 1382 1242 τὴν
1407 1173 1485 1234 είς
1516 1169 1726 1242 ἀνθρὼ-

143 1281 268 1326 mu;
300 1262 484 1316 αὑτοῦ
519 1263 753 1334 πάροδον
785 1263 816 1314 ὁ
856 1263 1046 1334 παρὼν
1090 1262 1246 1331 λόγος
1284 1261 1594 1327 θεσπίζειν,
1630 1262 1730 1334 τὴν

144 1354 316 1407 ἔνθεον
341 1354 522 1408 αὑτοῦ
545 1353 846 1428 προθεωρεῖ
868 1354 1160 1426 βασιλείαν,
1185 1355 1250 1408 δι’
1272 1350 1340 1426 ἦς
1364 1373 1526 1426 φησιν
1553 1357 1727 1427 ἑωρα-

145 1448 288 1500 κέναι
317 1448 498 1501 αὐτὸν
523 1448 830 1519 καθήμενον
866 1449 957 1501 ἐπὶ
990 1448 1180 1520 θρόνου
1208 1447 1411 1518 ὑψηλοῦ
1439 1449 1531 1502 καὶ
1555 1451 1660 1518 ὲπη
1669 1466 1729 1520 ρ-

148 1551 324 1609 μενου.
366 1534 552 1602 Οὗτος
590 1541 634 1592 δ’
658 1539 725 1594 ἂν
751 1539 838 1611 εἴη
872 1541 901 1593 6
935 1539 1123 1612 θρόνος
1150 1540 1318 1593 αὑτοῦ
1351 1542 1556 1605 ἐκεῖνος
1581 1543 1610 1594 ὁ
1638 1542 1732 1595 καὶ

144 1633 197 1684 ἰν
219 1631 296 1702 τῷ
327 1633 471 1704 περὶ¹
501 1632 596 1685 τοῦ
635 1632 916 1703 ἀγαπητοῦ
945 1632 1143 1704 ψαλμῷ
1176 1631 1559 1704 δεδηλωμένος,
1591 1632 1734 1686 κατὰ

144 1723 216 1775 τό·
248 1741 268 1772 ι
319 1725 379 1776 '0
419 1724 617 1794 θρόνος
657 1742 774 1786 σου,
800 1728 828 1778 6
859 1724 1008 1788 Θεὸς,
1040 1727 1119 1787 εἰς
1148 1723 1245 1776 τὸν
1284 1724 1454 1778 αἰῶνα
1479 1725 1572 1778 τοῦ
1597 1723 1730 1779 αἰῶ-

146 1834 248 1879 νος,
283 1837 300 1867 ι
337 1819 431 1887 ἐφ’
463 1817 526 1870 ὃν
554 1818 647 1871 καὶ
682 1818 710 1870 ὁ
737 1819 995 1872 ἀνωτάτω
1024 1817 1130 1870 τῶν
1160 1817 1300 1871 ὅλων
1332 1818 1560 1888 ποιητὴς
1601 1816 1732 1881 Θεὸς

148 1909 333 1978 Πατήρ
365 1925 429 1961 τε
475 1909 642 1961 αὑτοῦ
672 1909 748 1971 ὡς
784 1909 850 1963 ἂν
887 1912 1166 1980 μονογενεί
1195 1909 1290 1961 καὶ
1321 1908 1591 1980 ἀγαπητῷ
1630 1925 1730 1963 κα-

149 1997 397 2061 θέζεσθαι
447 1997 864 2068 παρεκελεύετο,
911 1998 1118 2066 λέγων’
1160 2016 1178 2048 ι
1216 1997 1395 2051 Κάθου
1439 2001 1502 2051 ὲκ
1546 1997 1734 2064 δεξιῶν

154 2105 269 2158 μου,
298 2089 412 2150 ἓως
435 2088 506 2140 ἂν
537 2087 614 2139 θῶ
649 2089 772 2151 τοὺς
802 2087 1026 2159 ἐχθρούς
1056 2105 1148 2142 σου
1181 2089 1468 2142 ὑποπόδιον
1494 2088 1602 2142 τῶν
1633 2105 1732 2141 πο-

150 2178 248 2232 δῶν
273 2195 392 2232 σου.
439 2199 460 2231 ι
494 2180 780 2248 Συνίστησι
829 2180 886 2232 δὲ
918 2181 1118 2250 ταύτην
1158 2180 1314 2250 ἡμῶν
1354 2181 1454 2250 τὴν
1500 2181 1579 2244 είς
1611 2180 1735 2242 τοὺς

152 2271 342 2334 τόπους
371 2273 676 2342 ἑρμηνείαν
722 2271 971 2340 Ἰωάννης
1003 2273 1031 2323 ὁ
1065 2272 1484 2342 Εύαγγελιστὴς,
1518 2272 1596 2336 ὃς,
1631 2290 1735 2326 πα-

157 2359 453 2431 ραθέμενος
505 2361 606 2423 τὰς
650 2361 1012 2431 προκειμένας
1047 2361 1140 2415 τοῦ
1187 2364 1408 2416 Ἡσαΐου
1438 2366 1639 2433 φωνὰς,
1679 2367 1736 2418 έν

157 2445 236 2514 αἶς
267 2452 484 2520 εἴρητο·
521 2471 538 2502 ‹
585 2452 892 2523 Ἐπαχύνθη
916 2454 1024 2525 γὰρ
1055 2457 1087 2522 ἡ
1116 2454 1311 2522 καρδία
1339 2455 1432 2510 τοῦ
1457 2455 1588 2510 λαοῦ
1614 2457 1736 2510 τού-

157 2560 264 2606 του,
303 2545 402 2596 καὶ
443 2546 559 2607 τοῖς
589 2544 724 2596 ὠσὶν
751 2545 928 2598 αὐτῶν
964 2545 1174 2617 βαρέως
1203 2548 1461 2616 ἥκουσαν,
1490 2549 1583 2602 κα)⁴
1614 2551 1736 2612 τοὺς

160 2635 471 2706 ὀφθαλμοὺς
504 2635 686 2690 αὐτῶν
727 2636 1074 2708 ἐκάμμυσαν,
1117 2657 1134 2688 ι
1170 2640 1423 2712 ἐπιφέρει
1470 2642 1597 2713 περὶ
1641 2640 1735 2693 τοῦ

161 2727 392 2783 Υοιστοῦ
423 2729 622 2796 λέγων·
653 2749 670 2780 ι
709 2728 892 2782 Ταῦτα
921 2727 1073 2783 εἶπεν
1112 2731 1356 2796 Ἡσαΐας,
1386 2734 1473 2786 ὅτε
1505 2729 1612 2787 εἶδε
1639 2735 1738 2802 τὴν

161 2815 309 2885 δόξαν
335 2822 531 2886 αὑτοῦ,
569 2825 662 2876 καὶ
690 2825 1035 2897 ἐμαρτύρησε
1075 2829 1201 2898 περὶ
1222 2827 1406 2881 αὑτοῦ.
1439 2849 1457 2881 ι
1510 2829 1652 2883 Ἰδὼν
1673 2831 1737 2901 δὴ

167 2905 253 2961 οῦν
288 2913 317 2964 6
363 2921 658 2985 προφήτης
699 2917 798 2986 τὴν
841 2916 932 2969 ἐπὶ
974 2917 1067 2970 τοῦ
1115 2919 1380 2991 πατρικοῦ
1421 2920 1610 2992 θρόνου
1643 2922 1739 2992 τῆς

169 3000 338 3056 ἐνθέου
375 3005 539 3074 δόξης
569 3023 628 3059 τε
670 3009 763 3060 καὶ
800 3006 1074 3077 βασιλείας
1121 3011 1325 3082 ἵδρυσιν
1358 3012 1452 3066 τοῦ
1489 3014 1738 3086 Σωτῆρος

169 3092 334 3161 ἡμῶν,
362 3095 446 3166 τῷ
473 3114 530 3148 τε
560 3099 699 3168 ἁγίῳ
725 3099 1040 3164 ἐπιθειάσας
1071 3101 1370 3173 ΙΙνεύματι,
1405 3105 1497 3156 καὶ
1532 3103 1739 3174 μέλλων

172 3187 285 3259 ἑξῆς
321 3191 423 3261 τὴν
476 3192 558 3254 είς
614 3193 930 3264 ἀνθρώπους
986 3195 1151 3248 αὐτοῦ
1195 3196 1458 3268 πάροδον,
1514 3200 1608 3252 καὶ
1640 3198 1738 3272 τὴν

171 3278 228 3329 ἑκ
267 3279 551 3352 Παρθένου
595 3285 846 3353 γέννησιν
891 3285 1244 3358 ὑπογράφειν,
1293 3289 1737 3362 προμαρτύρεται

173 3368 262 3438 τὴν
285 3372 365 3434 εἰς
401 3373 586 3425 πᾶσαν
617 3375 716 3444 τὴν
741 3374 843 3444 γῆν
883 3375 1180 3445 μέλλουσαν
1205 3377 1420 3432 ἔσεσθαι
1452 3379 1652 3447 γνῶσίν
1679 3398 1739 3434 τε

174 3462 259 3513 καὶ
275 3461 606 3532 δοξολογὶαν,
627 3464 699 3517 τὰ
728 3468 968 3538 σεραφὶμ
995 3467 1228 3536 εἰσάγων
1249 3470 1549 3524 κυκλοῦντα
1575 3473 1738 3524 αὐτὸν

175 3553 260 3605 καὶ
289 3555 604 3621 φάσκοντα·
636 3575 656 3608 ι
685 3557 902 3625 Ἄγιος,
938 3559 1124 3626 ἅγιος,
1158 3559 1312 3628 ἅγιος
1333 3604 1348 3626 ,
1385 3562 1588 3633 Κύριος
1638 3563 1742 3615 Σα-

177 3641 330 3710 ϐαὼθ,
373 3647 593 3720 πλήρης
642 3651 791 3704 πᾶσα
823 3653 856 3722 ή
907 3651 977 3721 γῆ
1010 3651 1108 3721 τῆς
1143 3652 1300 3723 δόξης
1342 3654 1526 3708 αὐτοῦ.
1554 3675 1571 3706 ι
1610 3656 1742 3708 Τίνα

175 3735 216 3787 δ’
245 3737 308 3790 ἂν
333 3740 424 3811 εἴη
453 3740 522 3794 τὰ
554 3743 816 3812 σεραφὶμ,
837 3742 909 3796 τὰ
927 3744 1019 3796 τὸν
1048 3745 1280 3815 Χριστὸν
1310 3745 1406 3798 τοῦ
1429 3745 1563 3799 Θεοῦ
1587 3747 1743 3818 δορυ-

180 3831 456 3900 φοροῦντα,
492 3831 527 3902 ἢ
561 3833 701 3904 τάχα
735 3833 862 3898 ἴσως
883 3835 1128 3903 ἀγγέλων
1155 3837 1250 3888 καὶ
1280 3837 1438 3891 θείων
1460 3838 1742 3908 δυνάμεων

179 3923 334 3990 χοροὶ,
364 3923 400 3994 ἢ
427 3923 525 3976 καὶ
552 3924 845 3995 προφητῶν
871 3926 964 3978 καὶ
1007 3925 1354 3993 ἁποστόλων;
1383 3928 1741 4001 ἑρμηνεύεται

181 4011 276 4082 γάρ
305 4015 376 4068 τὰ
424 4017 667 4086 σεραφὶμ
698 4015 856 4086 ἀρχὴ
889 4017 1188 4086 στόματος
1236 4019 1451 4085 αὐτῶν.
1500 4019 1741 4074 Τοιοῦτοι

180 4103 230 4156 δὲ
253 4107 299 4158 οἱ
332 4107 613 4178 προφῆται
642 4108 737 4161 καὶ
775 4109 1076 4174 ἀπόστολοι,
1105 4106 1182 4163 ὧν
1223 4110 1312 4164 διὰ
1356 4111 1450 4167 τοῦ
1481 4113 1743 4183 στόματος

184 4197 212 4265 ἠ
255 4199 480 4270 ἀπαρχὴ
524 4199 716 4268 γέγονε
757 4199 854 4252 τοῦ
901 4203 1170 4273 σωτηρίου
1224 4201 1616 4276 κηρύγματος’
1661 4205 1747 4258 διὸ

181 4289 372 4361 ταύτης
400 4291 594 4362 ἔτυχον
623 4292 723 4362 τῆς
770 4293 1172 4364 προσηγορίας,
1208 4287 1281 4346 ὧν
1315 4295 1408 4347 καὶ
1445 4295 1540 4348 τοῦ
1587 4296 1742 4366 άγίου

185 4377 487 4452 Πνεύματος
517 4384 572 4434 αἱ
603 4381 880 4452 δυνάμεις,
918 4384 1186 4455 πτέρυγες
1223 4385 1602 4457 ὠνομασμέναι
1621 4425 1637 4450 ,
1675 4387 1744 4441 τὰ

186 4474 272 4537 μὲν
300 4472 498 4543 πρῶτα
521 4474 616 4527 καὶ
645 4472 714 4526 τὰ
741 4473 944 4528 ὕστατα
970 4475 1068 4546 τῆς
1099 4475 1194 4529 τοῦ
1217 4476 1352 4529 Θεοῦ
1393 4478 1564 4548 Λόγου
1600 4478 1742 4548 γνὼ-

1829 629 1989 675 sertze
2017 620 2128 674 sint
2159 618 2434 681 civitates,
2461 633 2528 672 eo
2557 619 2700 688 quod
2738 633 2842 670 non
2867 619 2938 672 sit
2962 619 3054 690 qui
3089 619 3353 674 inhabitet
3381 641 3391 673 :

1826 723 1880 767 et
1912 713 2128 773 domus,
2153 727 2222 767 eo
2251 712 2395 782 quod
2425 726 2533 766 non
2585 712 2697 765 sint
2724 710 2973 765 homines
3002 710 3067 766 ".
3105 731 3125 764 ι
3153 713 3222 766 At
3251 713 3395 768 enim

1828 818 1987 874 quem
2047 802 2266 857 tandem
2353 801 2638 855 Dominum
2709 800 2792 855 l’as
2839 808 2924 855 est
2982 801 3168 857 dicere
3218 805 3395 860 visum

1829 894 1999 948 fuisse
2031 909 2060 946 a
2100 892 2360 962 propheta
2395 905 2587 962 praeter
2609 907 2757 954 eum,
2797 907 2957 961 quem
2986 901 3040 948 et
3071 892 3320 959 Abrahae,
3344 907 3394 950 et

1828 983 2053 1054 reliquis
2092 983 2321 1036 Abrahaa
2361 981 2632 1036 similibus
2681 983 2880 1052 priscis
2930 985 3178 1053 patribus
3218 989 3394 1042 visum

1830 1075 2023 1138 fuisse,
2051 1086 2106 1131 et
2143 1090 2270 1130 cum
2312 1075 2503 1130 iisdem
2535 1077 2773 1130 locutum
2803 1090 2926 1130 esse
2949 1116 2964 1138 ,
3016 1077 3071 1132 in
3123 1080 3398 1147 prioribus

1830 1168 1982 1222 libris
2033 1167 2408 1222 ostendimus?
2440 1166 2594 1221 liunc
2624 1168 2767 1222 enim
2804 1170 3006 1236 pariter
3044 1178 3097 1224 et
3141 1168 3310 1225 Deum
3345 1181 3398 1226 et

1833 1262 2142 1326 Dominum,
2163 1271 2217 1316 et
2246 1262 2372 1317 item
2399 1264 2651 1333 angelum
2681 1278 2824 1328 esse,
2858 1274 2910 1321 et
2950 1265 3184 1335 primum
3228 1265 3400 1334 impe-

1833 1365 2069 1410 ratorem
2099 1356 2379 1424 copiarum
2419 1354 2665 1418 Domini,
2698 1363 2857 1410 antea
2894 1355 3204 1410 didicimus.
3263 1355 3400 1410 Cum

1830 1462 1962 1516 ergo
2011 1462 2251 1518 praesens
2309 1447 2592 1502 oraculum
2653 1456 2799 1502 esset
2847 1446 2994 1501 illius
3037 1446 3102 1500 ad
3156 1447 3403 1501 homines

1832 1537 2334 1608 commigratiouem
2371 1537 2795 1608 przedicturum,
2847 1537 3090 1591 divinum
3123 1544 3282 1591 antea
3337 1537 3406 1590 ilo

1834 1629 1942 1685 lius
1967 1645 2191 1701 regnum
2220 1632 2644 1702 contemplatur,
2677 1631 2764 1684 ubi
2801 1632 2878 1684 ait
2907 1647 2966 1686 se
3004 1629 3209 1686 vidisse
3251 1630 3403 1684 illum

1835 1720 2114 1775 sedentem
2145 1722 2198 1774 in
2240 1721 2379 1777 solio
2411 1721 2647 1783 excelso,
2679 1728 2734 1776 et
2763 1721 3002 1775 sublimi.
3061 1720 3177 1775 Hoc
3223 1728 3405 1776 autem

1835 1814 1983 1869 illius
2010 1814 2208 1868 solium
2247 1815 2376 1869 illud
2404 1829 2526 1870 esse
2550 1814 2971 1870 existimandum
3016 1822 3120 1879 est,
3152 1813 3298 1883 quod
3352 1813 3407 1869 in

1766 1902 1806 1956 Β
1833 1903 2051 1960 Psalmo
2101 1905 2169 1962 de
2211 1907 2412 1962 dilecto
2463 1914 2744 1961 ostensum
2787 1915 2891 1960 est.
2927 1905 2981 1959 in
3029 1906 3140 1958 illis
3183 1906 3404 1960 verbis:

1839 2011 1858 2044 ε
1897 1993 2067 2051 Sedes
2095 2005 2210 2062 tua,
2251 1996 2414 2063 Deus,
2457 1997 2513 2052 in
2564 1998 2822 2053 saeculum
2881 1996 3154 2059 saeculi",
3190 2016 3210 2048 ι
3243 2012 3410 2066 super

1833 2102 1994 2156 quam
2021 2103 2310 2158 supremus
2333 2099 2386 2145 et
2408 2089 2646 2145 universi
2681 2090 2932 2144 conditor
2964 2090 3124 2151 Deus,
3149 2097 3204 2144 et
3228 2089 3406 2158 ipsius

1834 2178 2024 2244 Pater,
2061 2180 2239 2251 ipsum
2270 2189 2528 2252 tanquam
2571 2183 2794 2237 unicum
2827 2197 2891 2236 ac
2924 2182 3184 2237 dilectum
3215 2182 3405 2237 sedere

1830 2271 2084 2340 iubebat,
2106 2272 2334 2327 dicens:
2372 2291 2390 2324 ι
2425 2271 2563 2328 Sede
2607 2289 2636 2327 a
2671 2274 2878 2328 dextris
2909 2275 3072 2337 meis,
3109 2275 3282 2329 donec
3312 2290 3411 2343 po-

1835 2377 1962 2416 nam
1996 2363 2248 2418 inimicos
2293 2373 2417 2419 tuos
2473 2365 2766 2420 scabellum
2803 2365 2997 2435 pedum
3035 2373 3250 2420 tuorum
3278 2366 3344 2422 ³⁷.
3385 2386 3404 2418 ο

1835 2451 2135 2508 Conﬁrmat
2162 2469 2290 2510 vero
2321 2456 2463 2509 hanc
2496 2464 2741 2511 nostram
2773 2457 2826 2510 in
2852 2457 2951 2511 hos
2975 2458 3120 2510 locos
3151 2459 3412 2526 interpre-

1839 2545 2120 2608 tationem,
2144 2545 2383 2603 Joaunes
2415 2548 2770 2618 evangelista,
2811 2549 2903 2618 qui
2939 2559 3227 2619 postquam
3272 2550 3412 2602 cita-

1839 2634 1915 2688 vit
1946 2636 2192 2703 proxime
2222 2636 2500 2706 expositas
2529 2637 2684 2692 Isaiae
2718 2652 2880 2693 voces
2903 2679 2919 2702 ,
2979 2640 3031 2692 in
3075 2640 3277 2709 quibus
3325 2637 3411 2693 di-

1837 2735 1986 2780 ctum
2015 2736 2138 2782 est:
2194 2746 2213 2778 ι
2253 2727 2515 2783 Crassum
2556 2731 2701 2784 enim
2746 2730 2948 2784 factum
2990 2739 3072 2786 est
3100 2745 3196 2784 cor
3226 2731 3412 2800 populi

1838 2817 2023 2886 hujus,
2059 2825 2114 2872 et
2149 2820 2373 2875 auribus
2398 2821 2513 2876 suis
2535 2821 2773 2892 graviter
2801 2823 3112 2887 audierunt,
3139 2832 3194 2878 et
3221 2824 3411 2877 oculos

1839 2925 1972 2966 suos
2021 2912 2356 2976 clauserunt,
2397 2933 2416 2964 ι
2453 2915 2700 2985 adiungit
2750 2915 2818 2970 de
2853 2915 3089 2981 Christo,
3125 2923 3179 2970 et
3228 2914 3410 2970 dicit:

1845 3019 1865 3053 ι
1900 2999 2024 3056 Haec
2052 3002 2185 3057 dicit
2240 3002 2428 3075 Isaias,
2457 3007 2677 3080 quando
2722 3005 2854 3059 vidit
2901 3007 3130 3076 gloriam
3160 3006 3281 3075 ejus
3306 3045 3321 3070 .
3357 3013 3412 3060 et

1841 3093 2166 3150 testiﬁcatus
2189 3103 2276 3150 est
2335 3095 2401 3149 de
2450 3112 2516 3148 eo
2545 3096 2609 3151 ³⁸.
2648 3114 2672 3147 ι
2699 3095 2835 3151 Cum
2866 3112 2996 3167 ergo
3023 3098 3252 3152 vidisset
3277 3112 3410 3167 pro-

1840 3185 2002 3257 pheta
2045 3185 2349 3242 Salvatoris
2379 3189 2552 3242 nostri
2603 3204 2766 3259 super
2817 3198 3039 3258 paterna
3069 3189 3268 3243 divina:
3299 3204 3412 3242 ma-

1836 3280 2056 3349 iestatis
2085 3295 2150 3335 ac
2179 3282 2330 3351 regni
2361 3281 2492 3336 sede
2521 3281 2958 3348 collocationem,
2981 3282 3274 3352 divinoque
3298 3283 3414 3352 ipse

1840 3379 1988 3429 esset
2021 3372 2228 3443 Spiritu
2283 3374 2577 3429 instinctus
2600 3416 2616 3440 ,
2673 3382 2926 3444 essetque
2963 3373 3224 3444 deinceps
3264 3376 3416 3444 ejus-

1840 3467 1962 3523 dem
1994 3472 2061 3521 ad
2104 3466 2353 3522 homines
2385 3481 2669 3522 accessum
2690 3508 2706 3533 ,
2758 3473 3048 3536 ortumque
3075 3465 3142 3521 de
3195 3466 3416 3538 Virgine

1840 3559 2239 3628 descripturus,
2275 3559 2428 3629 prius
2461 3559 2784 3614 testiﬁcatur
2815 3573 2959 3623 eam,
2991 3559 3150 3628 311
3186 3575 3308 3628 qua:
3358 3561 3414 3614 in

1843 3665 2059 3705 omnem
2125 3659 2328 3704 terram
2362 3659 2688 3720 perventura
2747 3657 2882 3714 erat,
2947 3651 3337 3722 cognitionem,
3363 3663 3417 3707 et

1843 3744 2029 3814 gloria:
2060 3744 2519 3814 praedicationem,
2545 3746 2664 3815 ipsa
2693 3744 2965 3814 seraphim
2993 3743 3278 3810 inducens,
3297 3760 3418 3815 quae

1841 3837 2049 3891 circum
2076 3837 2227 3890 illum
2255 3843 2482 3902 starent,
2510 3851 2575 3891 ac
2614 3835 2902 3890 dicerent:
2943 3854 2962 3887 ι
3006 3833 3414 3899 Sanctus,san-

1843 3939 1986 3997 ctus,
2014 3939 2262 3993 sanetus,
2293 3927 2555 3984 Dominus
2594 3927 2856 3991 Sabaoth,
2891 3928 3049 3998 plena
3097 3937 3184 3984 est
3233 3928 3417 3984 omnis

1842 4029 1990 4078 terra
2023 4023 2194 4094 gloria
2218 4022 2358 4091 ejus.
2399 4041 2417 4074 ›
2454 4020 2559 4077 Sed
2599 4037 2848 4092 quaenam
2877 4021 3241 4076 existimanda
3289 4004 3418 4076 sunt

1844 4115 1962 4170 hate
1990 4114 2286 4184 seraphim,
2312 4113 2594 4168 Christum
2625 4112 2721 4168 Dei
2740 4111 3044 4183 stipantia?
3073 4111 3211 4166 Num
3250 4113 3418 4166 ἴοι-εἰσ
3445 4139 3454 4141 -

1843 4214 1937 4260 tan
1966 4208 2282 4276 angelorum
2313 4219 2376 4260 ac
2405 4202 2714 4257 divinarum
2753 4211 3085 4270 potestatum
3117 4203 3270 4258 chori
3298 4244 3315 4268 ,
3348 4219 3418 4258 an

1844 4311 1975 4351 vero
2001 4296 2388 4366 prophetarum
2427 4304 2589 4366 atque
2633 4295 3045 4365 apostolorum?
3089 4308 3213 4348 nam
3263 4309 3422 4348 sera-

1847 4389 1993 4457 phim
2027 4389 2072 4444 si
2113 4389 2519 4458 interpreteris,
2557 4389 2766 4442 initium
2801 4389 2909 4442 oris
2941 4388 3176 4456 ipsorum
3204 4386 3417 4443 audias.

1845 4479 2007 4534 Tales
2040 4493 2172 4534 vero
2201 4488 2255 4533 et
2289 4479 2564 4548 propheta
2595 4488 2650 4533 et
2684 4477 2940 4549 apostoli,
2967 4492 3062 4546 per
3082 4490 3311 4545 quorum
3330 4489 3417 4540 os,

186 4577 306 4627 σεως
353 4562 824 4635 ἐπικρύπτουσιν,
868 4564 946 4629 ὡς
985 4567 1199 4637 ἄρρητα
1236 4567 1331 4621 καὶ
1384 4568 1744 4640 ἀκατάληπτα

1849 4570 2022 4624 instar
2046 4568 2430 4638 primitiarum,
2472 4569 2691 4624 initium
2720 4567 2978 4624 salutaris
3014 4565 3419 4636 pradicationis

183 4652 294 4709 ὄντα
322 4658 426 4728 τὴν
456 4656 642 4725 φύσιν,
677 4657 743 4710 τὰ
769 4656 827 4710 δὲ
857 4657 997 4727 μέσα
1023 4657 1123 4727 τῆς
1156 4658 1286 4730 περ)⁸
1333 4659 1498 4713 αὐτοῦ
1538 4662 1743 4714 οἰκονο-

188 4748 296 4816 μίας
320 4749 700 4818 ὲκφαίνουσιν,
721 4750 802 4803 ὅτι
835 4750 898 4822 δὴ
927 4750 1062 4820 μόνα
1083 4751 1300 4818 γνωστὰ
1334 4752 1504 4806 ταῦτα
1537 4752 1748 4822 ἀνθρώ-

187 4854 286 4893 πων
308 4843 497 4910 τρύσει,
523 4841 633 4896 τῶν
675 4842 931 4895 ἐπέκεινα
985 4843 1081 4897 καὶ
1136 4843 1244 4896 τῶν
1285 4843 1420 4914 μετὰ
1467 4844 1641 4899 ταῦτα
1689 4847 1746 4897 ὲν

187 4932 505 5004 ἀπορρήτοις
538 4931 930 5002 σεσιγημένων.
959 4931 1068 4984 Καὶ
1103 4931 1358 5002 δυνάμεις
1396 4932 1452 4986 δὲ
1479 4934 1618 4988 θεῖαι
1652 4935 1748 4988 καὶ

185 5023 408 5095 οὐράνιοι
451 5019 562 5078 εἷεν
591 5024 676 5087 ἂν,
712 5023 800 5077 διὰ
834 5024 896 5076 τὸ
939 5023 1180 5094 σεραφὶμ
1216 5023 1609 5094 ἑρμηνεύεσθαι
1649 5024 1749 5093 ἐμ-

187 5117 478 5187 πρησμοίο
512 5116 594 5170 διδ
631 5115 878 5186 εἴρηται·
923 5135 942 5170 ι
991 5118 1048 5170 ὐ
1095 5115 1264 5170 ποιῶν
1310 5117 1437 5178 τοὺς
1486 5117 1749 5185 ἀγγέλους

187 5210 332 5263 αὑτοῦ
359 5210 682 5281 πνεύματα,
718 5210 812 5263 καὶ⁵
842 5209 970 5272 τοὺς
1006 5209 1349 5279 λειτουργοὺς
1381 5208 1546 5262 αὑτοῦ
1577 5209 1749 5280 πυρὸς

187 5299 364 5368 φλόγα.
398 5319 419 5352 ι
449 5300 771 5371 Κεκράγασι
795 5299 853 5353 δὲ
891 5294 1036 5352 οὗτοι
1081 5299 1173 5353 καὶ
1206 5298 1400 5367 βοῶσιν
1440 5297 1624 5368 ἕτερος
1672 5297 1748 5368 τῷ

188 5389 344 5462 ἑτέρῳ
371 5391 516 5445 κατά
543 5392 644 5462 τὴν
685 5391 889 5446 οἰκείαν
923 5389 1171 5461 δύναμιν,
1203 5390 1304 5462 τὴν
1350 5389 1612 5459 ἀγιότητα
1653 5389 1747 5444 τοῦ

189 5479 593 5553 θεολογουμένου
617 5482 1012 5554 παριστῶντες,
1040 5483 1134 5535 καὶ
1159 5481 1223 5535 τό
1235 5499 1299 5550 γε
1328 5481 1546 5535 πάντων
1572 5498 1748 5552 παρα-

187 5570 451 5638 δοξότατον
469 5614 484 5638 ,
532 5573 926 5642 θεολογοῦντες.
973 5575 1093 5626 Ὀτι
1142 5575 1216 5646 μὴ
1259 5575 1419 5644 μόνος
1449 5574 1542 5627 καὶ
1581 5573 1650 5626 τὰ
1689 5574 1748 5626 ἐν

188 5665 385 5736 οὐρανῷ
408 5665 589 5719 πάντα
614 5663 793 5736 πλήρη
819 5664 1074 5733 τυγχάνει
1100 5664 1199 5735 τῆς
1222 5662 1527 5732 δοξολογίας
1557 5663 1745 5729 αὐτοῦ,

1855 4659 2056 4712 laetum
2079 4668 2184 4720 est,
2207 4673 2275 4713 ex
2299 4673 2410 4728 quo
2439 4659 2856 4728 appellationem
2890 4658 3030 4712 hanc
3060 4655 3241 4710 sortiti
3269 4665 3420 4718 sunt,

1853 4748 1996 4802 sicut
2035 4747 2199 4802 etiam
2235 4749 2407 4803 sancti
2432 4746 2668 4818 Spiritus
2711 4755 3031 4818 potestates,
3053 4762 3174 4817 qua:
3201 4746 3300 4801 aia:
3324 4760 3423 4800 no-

1853 4840 2073 4895 minatae
2123 4847 2280 4902 sunt,
2317 4840 2522 4909 primas
2551 4839 2768 4910 quidem
2820 4848 2986 4910 atque
3031 4849 3305 4894 extremas
3356 4839 3424 4894 de

1854 4931 1964 4987 Deo
1992 4929 2172 4986 Verbo
2221 4933 2426 4988 notitia:
2452 4940 2636 5002 partes
2675 4933 2974 4996 occultant,
3013 4942 3276 5003 tanquam
3327 4946 3422 4986 ea:

1853 5038 1976 5093 quae
1999 5029 2196 5092 suapte
2232 5030 2426 5076 natura
2473 5038 2648 5092 neque
2676 5023 2786 5077 dici
2833 5038 3012 5092 neque
3040 5019 3428 5091 comprehendi

1853 5115 2102 5182 possint;
2151 5127 2274 5181 qua:
2324 5128 2454 5167 vero
2500 5113 2675 5184 ipsius
2727 5110 2797 5168 de
2851 5112 2946 5168 illo
2994 5108 3434 5182 dispensatimtie

1855 5203 2046 5258 mediae
2082 5211 2231 5270 sunt,
2259 5218 2353 5260 eas
2385 5205 2680 5260 ostendunt
2708 5243 2724 5268 ,
2782 5212 3071 5273 propterea
3125 5199 3276 5272 quod
3308 5200 3426 5260 sola

1853 5296 1968 5352 haec
1994 5307 2204 5352 natura:
2231 5298 2513 5352 hominum
2563 5297 2974 5368 eognoscihilia,
3013 5311 3138 5351 cum
3189 5309 3255 5350 ea
3307 5309 3428 5362 quae

1854 5404 2019 5459 supra
2048 5389 2162 5444 hac
2185 5396 2240 5444 et
2271 5396 2396 5459 post
2419 5388 2533 5444 haec
2563 5389 2770 5457 reliqua
2810 5395 2960 5452 sunt,
2991 5386 3050 5440 in
3079 5383 3299 5439 arcanis
3328 5383 3430 5435 ha-

1855 5483 1964 5537 bita
1999 5483 2284 5538 sileantur.
2318 5480 2586 5537 Praeterea
2614 5481 2811 5537 divinae
2855 5496 2921 5536 ac
2966 5479 3224 5535 cmlestes
3282 5484 3430 5546 pote-

1854 5583 2046 5640 states,
2078 5583 2336 5646 poterunt
2383 5574 2512 5628 item
2561 5573 2828 5630 vocabulo
2869 5571 3143 5643 seraphim
3168 5568 3428 5638 intelligi.

1853 5672 2124 5735 quatenus
2153 5663 2261 5718 alia
2287 5662 2522 5733 quadam
2555 5662 2765 5718 ratione
2785 5703 2802 5727 ,
2836 5661 3113 5732 seraphim
3141 5674 3208 5716 ex
3257 5660 3426 5720 inter-

249 5842 289 5872 ³⁸
318 5841 417 5897 lsa.
456 5857 531 5905 τι.
567 5840 719 5894 8-H.
802 5839 846 5870 ³⁸
876 5839 1019 5895 Psal.
1055 5856 1200 5902 κων,
1233 5842 1286 5898 7.
1366 5843 1408 5875 ⁸⁷
1436 5839 1577 5897 Psal.
1608 5856 1718 5906 cu,

1840 5841 1879 5897 Β.
1957 5843 1999 5876 ³⁸
2036 5841 2192 5897 Joan.
2225 5857 2324 5908 xu,
2360 5819 2556 5910 40,“;

542 5938 818 5998 Ρηιιοι.
859 5937 976 5997 Gn.
1026 5937 1232 6002 XXII.

2995 5940 3066 5999 16
