3894 6520
512 387 610 445 491
1182 380 1451 438 EUSEBII
1488 378 1966 437 CESARIENSIS
2001 379 2151 437 OPP.
2196 380 2376 436 PARS
2412 381 2564 436 ll.—-
2588 377 3084 434 APOLOGETICA.
3663 382 3748 437 492

514 502 836 572 pretatione,
864 497 1112 554 incendia
1141 498 1470 570 significant,
1492 513 1559 553 ex
1581 513 1691 569 quo
1712 498 1848 553 illud
1875 499 2081 554 dictum

2184 499 2316 552 ἀλλά
2343 500 2436 552 καὶ
2481 500 2627 551 πᾶσα
2659 499 2692 569 ὴ
2731 497 2803 567 γῆ
2848 495 2947 566 τῆς
2979 494 3158 566 αὐτῆς
3206 490 3446 564 μετέσχε
3481 491 3746 566 δυνάμεως,

508 604 629 649 est:
667 611 685 645 ι
732 593 836 659 Qui
872 591 1002 646 facit
1046 592 1270 662 angelos
1324 605 1453 645 suos
1511 591 1770 660 Spiritus,
1821 603 1876 645 et
1919 591 2081 644 mini-

2184 592 2270 646 διά
2301 592 2398 664 τὴν
2443 591 2500 658 ἐξ
2551 589 2794 661 οὐρανῶν
2827 591 2905 653 είς
2951 586 3290 659 ἀνθρώπους
3321 585 3488 638 αὐτοῦ
3537 585 3749 652 θεσπιζο-

509 695 655 738 stros
689 698 821 738 suos
851 681 995 751 ignis
1028 680 1302 735 flammam
1327 682 1391 736 ”.
1428 700 1447 732 ι
1484 679 1735 735 Clamant
1760 695 1923 749 porro
1942 680 1998 734 hi
2029 688 2081 736 et

2187 686 2354 756 μένην
2382 684 2625 748 κάθοδον,
2656 684 2724 755 ἢν
2759 682 2962 755 προῖὼν
3002 681 3136 751 ἑξῆς
3165 681 3199 732 6
3232 680 3397 749 λόγος
3434 683 3748 753 προφητεύει,

509 773 881 829 vociferantur
929 774 1067 830 alter
1095 773 1162 828 ad
1189 773 1414 827 alterum
1451 788 1550 842 pro
1582 772 1698 827 suis
1736 772 1970 842 quisque
1997 771 2081 825 vi-

2184 777 2280 847 τὴν
2301 778 2364 829 ἐκ
2388 776 2664 847 Παρθένου
2697 776 2909 844 γένεσιν
2937 774 3030 827 καὶ
3055 774 3161 845 τὴν
3203 771 3297 825 διά
3343 772 3546 843 ταύτης
3571 776 3642 837 είς
3669 779 3747 828 πᾶ·

509 866 684 932 ribus,
719 866 1064 921 sanctitatem
1090 865 1231 934 ejus,
1259 865 1326 919 de
1353 880 1460 935 quo
1483 872 1542 918 ut
1565 865 1634 919 de
1673 862 1784 919 Deo
1843 863 2081 933 loquitur

2187 887 2284 923 σαν
2316 868 2410 939 τὴν
2447 869 2550 938 γῆν
2577 867 2988 936 ἐφαπλωθεῖσαν
3019 864 3349 934 δοξολογίαν
3386 865 3550 919 αὑτοῦ
3583 868 3750 938 κηρύτο

509 963 792 1034 propheta,
819 961 1287 1024 commendantes,
1318 969 1372 1015 et
1396 959 1542 1030 quod
1571 959 1816 1014 omnium
1845 958 2081 1014 admira-

2184 980 2307 1016 των.
2361 961 2562 1033 Κύριος
2606 961 2662 1014 δὲ
2707 959 2934 1013 Σαϐαὼθ
2987 958 3370 1031 ἑρμηνεύεται
3428 960 3632 1026 Κύριος
3657 944 3751 1012 τίῖῖν

508 1057 658 1112 tione
688 1054 1069 1125 dignissimum
1096 1063 1200 1119 est,
1225 1053 1528 1124 theologice
1550 1052 1913 1120 declarantes,
1935 1051 2081 1124 quod

2184 1053 2494 1124 δυνάμεων
2514 1069 2526 1078 ·
2572 1053 2733 1116 αὐτὸς
2763 1053 2807 1106 δ’
2843 1051 2909 1105 ἂν
2949 1052 3034 1123 εἴη
3069 1053 3097 1104 6
3131 1049 3586 1122 ἀρχιστράτηγος
3619 1051 3747 1104 δυνά-

507 1162 618 1202 non
657 1145 819 1200 modo
849 1144 1069 1209 cadum,
1099 1150 1152 1198 et
1196 1157 1316 1214 quae
1342 1142 1397 1197 in
1439 1143 1580 1197 cmlo
1618 1151 1781 1209 sunt,
1826 1143 2081 1198 universa

2189 1165 2334 1219 μεως
2357 1147 2586 1219 Κυρίου,
2610 1146 2668 1199 ὃν
2706 1146 2798 1198 καὶ
2836 1146 2893 1197 ὲν
2937 1150 3021 1213 κγ’
3052 1141 3268 1214 ψαλμῷ
3314 1141 3524 1212 Κύριον
3558 1142 3748 1196 Σαϐαὼθ

508 1237 669 1307 plena
704 1243 834 1290 sunt
869 1234 1155 1305 majestate
1185 1241 1239 1288 et
1265 1233 1438 1303 gloria
1466 1233 1608 1304 ejus,
1642 1233 1740 1288 sed
1767 1230 2081 1290 etiam'om-

2184 1241 2241 1294 αἱ
2272 1240 2413 1293 θεῖαι
2458 1238 2618 1293 πάλιν
2653 1235 2988 1292 ἀποκαλοῦσι
3039 1237 3352 1307 δυνάμεις,
3391 1234 3492 1306 τὴν
3539 1233 3639 1287 ἀπὺ
3668 1234 3747 1304 γῆς

509 1345 594 1384 nis
623 1337 765 1384 terra
797 1325 1038 1396 ejusdem
1100 1323 1376 1380 facultatis
1415 1339 1478 1378 ac
1521 1325 1740 1381 virtutis
1787 1333 1871 1380 est
1916 1329 2081 1397 parti.

2185 1332 2264 1394 είς
2290 1330 2553 1402 οὐρανοὺς
2576 1328 2761 1382 ἄνοδον
2788 1325 2952 1380 αὑτοῦ
2979 1324 3373 1390 θεσπίζουσαι,
3397 1324 3465 1378 δι’
3494 1318 3566 1377 ὧν
3591 1341 3746 1392 φασινο

506 1436 666 1490 ceps,
720 1429 941 1490 prepter
973 1419 1124 1488 ejus,
1162 1417 1256 1488 qui
1287 1417 1503 1472 canitur
1545 1417 1613 1473 de
1645 1419 1784 1473 caelo
1813 1419 1880 1473 ad
1907 1420 2081 1475 homi-

2191 1441 2210 1475 ‹
2242 1423 2440 1492 Ἀρατε
2493 1419 2686 1484 πύλας,
2723 1420 2774 1472 οἱ
2802 1419 3083 1491 ἄρχοντες,
3126 1417 3317 1489 ὑμῶν,
3353 1415 3449 1469 καὶ
3476 1415 3745 1487 ἐπάρθητε,

509 1528 628 1576 nes,
660 1512 1010 1574 descensum,
1040 1509 1107 1565 de
1141 1524 1251 1580 quo
1281 1510 1538 1580 deinceps
1576 1509 1791 1580 longius
1826 1527 2081 1583 progres-

2186 1514 2350 1569 πύλαι
2388 1512 2616 1576 αἱώνιοι,
2661 1512 2756 1566 καὶ
2796 1509 3166 1565 εἰσελεύσεται
3206 1511 3237 1561 6
3275 1507 3533 1578 βασιλεὺς
3566 1505 3654 1578 τῆς
3681 1507 3745 1559 δό-

509 1617 629 1658 sum
661 1601 943 1656 oraculum
993 1602 1357 1666 vaticinatur,
1412 1616 1515 1656 nec
1547 1616 1658 1656 non
1695 1613 1751 1658 et
1807 1613 1988 1658 ortum
2018 1606 2081 1661 de

2188 1607 2303 1678 ξης.
2359 1605 2455 1670 Τίς
2514 1608 2662 1658 ἐστιν
2690 1599 2843 1666 οὗτος
2865 1603 2894 1655 6
2925 1602 3185 1674 βασιλεὺς
3217 1601 3323 1671 τῆς
3351 1599 3545 1669 δόξης;
3581 1596 3747 1668 Κύριος

509 1695 753 1767 Virgine,
784 1703 838 1751 et
865 1711 961 1765 per
990 1695 1136 1750 hunc
1167 1696 1332 1751 latius
1375 1695 1429 1750 in
1475 1712 1691 1752 omnem
1726 1705 1927 1753 terram
1969 1699 2081 1755 dis-

2184 1698 2286 1767 τῆς
2327 1696 2607 1768 δυνάμεως
2627 1736 2641 1760 ,
2678 1695 2841 1759 αὑτός
2887 1696 3034 1747 ἐστιν
3064 1693 3092 1746 6
3119 1690 3390 1762 βασιλεὺς
3420 1690 3519 1760 τῆς
3550 1687 3700 1758 δόξης.
3727 1709 3740 1738 ι

507 1789 830 1845 seminatam
858 1787 1046 1858 gloriae
1094 1787 1213 1858 ejus
1267 1788 1686 1845 celebrationem
1712 1828 1728 1855 ,
1777 1790 2081 1847 denuntiat.

2187 1783 2261 1836 Τὸ
2296 1784 2424 1852 γοῦν
2466 1783 2749 1854 Ἐΰραϊκὸν
2790 1782 2950 1836 πάλιν
3003 1779 3252 1834 ἐνταῦθα
3295 1779 3505 1850 Κύριον
3556 1777 3743 1831 Σαϐαὼθ

505 1879 772 1936 Dominus
819 1851 1000 1936 autem
1063 1851 1306 1936 Sabaoth
1357 1897 1426 1936 ex
1470 1851 1954 1952 interpretatione,
1999 1892 2081 1940 est

2189 1851 2347 1927 αύτδν
2375 1873 2529 1927 καλεῖ
2552 1851 2576 1903 ’-
2605 1873 2700 1926 κα)⁸
2745 1872 3040 1944 ἐπειδήπερ
3070 1870 3246 1934 αὐτός
3290 1871 3443 1923 ἐστιν
3471 1870 3500 1922 6
3531 1867 3742 1938 βασιλεὺς

506 1973 763 2028 Dominus
793 1974 1116 2027 exercituum
1141 1989 1159 2027 :
1189 1975 1236 2030 is
1269 1981 1452 2029 autem
1481 1975 1584 2030 erit
1616 1975 1824 2046 primus
1855 1973 2081 2046 impera-

2188 1968 2288 2038 τῆς
2321 1967 2498 2039 δόξης,
2524 1967 2613 2021 διά
2637 1983 2699 2019 τε
2726 1965 2825 2035 τὴν
2859 1963 3158 2036 ἐπιδημίαν
3196 1962 3371 2016 αὑτοῦ
3407 1961 3592 2033 ἔμελλε
3624 1962 3742 2014 πᾶσι

507 2073 593 2118 tor
621 2064 957 2118 exercituum
989 2063 1236 2130 Domini,
1269 2081 1430 2136 quem
1467 2065 1520 2119 in
1548 2065 1710 2122 tertio
1731 2081 1796 2121 ac
1820 2067 2081 2123 vicesimo

2188 2063 2222 2132 ὴ
2249 2060 2318 2131 γῆ
2346 2057 2683 2130 πληροῦσθαι
2704 2057 2801 2128 τῆς
2829 2056 2986 2127 δόξης
3012 2055 3205 2119 αὑτοῦ,
3238 2054 3472 2116 εἰκότως
3501 2051 3559 2104 τὸ
3587 2051 3741 2122 μέλλον

508 2157 718 2225 psalmo
767 2155 1058 2210 Dominum
1096 2153 1356 2222 Sabaoth,
1391 2154 1589 2211 divina:
1622 2173 1815 2214 rursus
1841 2167 2084 2229 potesta-

508 2258 591 2304 tes
638 2249 948 2320 appellant,
1005 2248 1097 2304 ubi
1149 2248 1395 2318 ejusdem
1452 2250 1520 2305 de
1574 2261 1717 2306 terra
1765 2251 1834 2305 ad
1883 2253 2083 2308 etelum

507 2355 798 2396 :rscensum
819 2341 1086 2408 divinant,
1107 2349 1162 2395 et
1189 2349 1393 2395 canunt
1422 2342 1603 2398 verbis
1641 2343 1754 2398 illis
1780 2360 1795 2398 τ
1830 2359 1852 2394 ι
1888 2341 2086 2400 Tollite

506 2442 725 2502 portas,
778 2433 1090 2504 principes,
1146 2442 1391 2496 vestras,
1452 2440 1507 2488 et
1550 2433 1874 2501 elevamini,
1916 2444 2086 2504 portae

506 2536 741 2589 aeternae,
772 2535 827 2581 et
876 2525 1122 2580 introibit
1147 2522 1264 2579 Rex
1289 2523 1494 2594 gloria".
1555 2523 1690 2590 Quis
1717 2534 1800 2580 est
1836 2526 1940 2582 iste
1987 2542 2081 2582 rex

506 2619 726 2689 gloriae?
748 2617 1008 2674 Dominus
1027 2617 1388 2681 exercituum,
1415 2616 1530 2687 ipse
1547 2625 1632 2673 est
1648 2633 1742 2672 rex
1759 2617 1945 2688 gloriae
1964 2619 2029 2673 ⁸ο.
2057 2637 2077 2671 ι

506 2711 669 2784 312
699 2709 1000 2764 Hebraicus
1043 2709 1189 2764 enim
1233 2716 1521 2764 contextus
1562 2710 1664 2764 hoc
1717 2710 1836 2764 loco
1887 2725 2084 2768 rursus

509 2803 800 2858 Dominum
834 2799 1074 2856 Sabaoth
1123 2800 1278 2855 illum
1324 2809 1526 2856 vocat:
1561 2809 1616 2856 et
1661 2801 1921 2872 quoniam
1967 2801 2084 2873 ipse

508 2907 591 2952 est
620 2894 734 2950 Rex
757 2894 962 2964 gloriae,
1001 2902 1055 2950 et
1088 2902 1311 2964 propter
1337 2894 1460 2964 ejus
1488 2893 1803 2958 adventum,
1837 2893 2082 2950 futurum

507 2997 625 3044 erat
663 2999 722 3043 ut
747 2989 926 3044 omnis
963 2996 1107 3044 terra
1150 2988 1467 3058 impleretur
1495 2988 1667 3059 gloria
1709 2989 1851 3058 ejus,
1887 2988 2085 3046 merito

509 3082 651 3152 quod
686 3081 926 3135 futurum
959 3089 1095 3146 erat,
1118 3088 1172 3134 et
1204 3080 1260 3134 in
1291 3079 1576 3151 propheta,
1607 3087 1662 3134 et
1693 3073 1746 3134 in
1773 3080 1982 3150 psalmo
2001 3081 2086 3135 di-

509 3184 658 3229 ctum
691 3184 793 3229 est.
829 3172 886 3228 ln
919 3171 1184 3243 prOpbeta
1209 3171 1430 3241 quidem
1471 3171 1580 3227 illis
1607 3171 1790 3243 verbis
1817 3191 1830 3227 :
1867 3191 1885 3225 ι
1914 3171 2082 3229 Plena

508 3276 593 3322 est
615 3267 796 3322 omnis
828 3275 972 3320 terra
1006 3265 1180 3335 gloria
1205 3263 1364 3334 ejus;
1401 3284 1420 3317 ι
1448 3265 1504 3319 in
1533 3241 1744 3335 psalmo
1772 3273 1953 3320 autem
1978 3267 2085 3320 ini-

508 3361 584 3414 tio
616 3359 800 3413 statim
833 3357 925 3412 ubi
966 3357 1041 3411 ait
1071 3375 1084 3411 :
1122 3374 1142 3408 ι
1176 3354 1393 3412 Domini
1441 3363 1526 3412 est
1557 3349 1704 3411 terra
1733 3364 1788 3412 et
1809 3356 2086 3426 plenitudo

507 3452 665 3522 ejus,
720 3449 870 3506 orbis
921 3456 1217 3514 terrarum,
1248 3456 1303 3505 et
1356 3463 1548 3505 omnes
1585 3449 1680 3520 qui
1727 3448 1977 3504 habitant
2028 3449 2084 3504 in

506 3542 664 3598 eo“.
693 3559 712 3593 ι
755 3539 852 3595 His
872 3547 1054 3595 autem
1083 3539 1345 3594 vaticinia
1368 3539 1799 3608 comprehensis,
1828 3539 2085 3610 deinceps

511 3648 833 3704 progressus
879 3631 1147 3703 propheta
1179 3631 1512 3688 testificatur
1552 3631 1698 3702 quod
1742 3632 1868 3686 licet
1905 3633 2086 3688 omnis

508 3737 654 3780 terra
699 3725 881 3779 futura
917 3725 990 3780 sit
1030 3726 1189 3794 plena
1245 3724 1605 3795 gloria'ejus,
1640 3730 1882 3779 attamen
1931 3725 2084 3778 illum

506 3817 733 3872 Judaica
764 3832 898 3887 gens
929 3823 1222 3884 acceptura
1239 3830 1346 3870 non
1375 3815 1468 3870 sit.
1499 3813 1688 3885 itaque
1719 3814 1826 3870 ait:
1859 3813 1924 3869 Et
1947 3815 2086 3869 dixit

509 3908 776 3965 Dominus
822 3909 937 3979 (ille
985 3907 1239 3963 videlicet
1277 3908 1370 3978 qui
1419 3907 1572 3963 visus
1614 3906 1788 3962 fuerat
1820 3906 2084 3962 Dominus

511 4000 750 4056 Sabaoth
782 3999 996 4069 ),Quem
1027 3985 1236 4054 mittant
1257 4041 1271 4061 .
1295 4001 1489 4068 etquis
1517 3997 1679 4055 vadet
1728 4000 1794 4054 ad
1825 3999 2082 4069 populum

509 4095 693 4148 hunc?
731 4092 796 4147 Et
843 4093 978 4159 dixi,
1017 4091 1154 4148 Ecce
1179 4107 1279 4162 ego
1303 4107 1445 4155 sum,
1478 4093 1631 4148 mitte
1660 4107 1766 4149 me.
1809 4091 1874 4146 Et
1901 4093 2080 4148 dixit:

508 4184 678 4250 Vade,
695 4185 850 4242 etdic
873 4187 1074 4257 populo
1099 4185 1246 4248 huic,
1266 4186 1450 4240 auditu
1468 4186 1697 4241 audietis
1723 4196 1776 4242 et
1793 4200 1902 4240 non
1926 4187 2084 4242 intel-

509 4278 729 4348 ligetis,
769 4287 825 4335 et
871 4280 1148 4335 intuentes
1190 4278 1554 4344 intuebimini,
1587 4285 1775 4334 etnon
1809 4278 2080 4334 videbitis.

508 4371 767 4427 Crassum
785 4373 932 4428 enim
954 4372 1156 4428 factum
1173 4381 1257 4428 est
1272 4387 1368 4427 eor
1383 4373 1566 4444 populi
1583 4372 1766 4442 hujus,
1787 4380 1841 4426 et
1857 4371 2083 4426 auribus

508 4465 626 4520 suis
653 4465 891 4536 graviter
924 4463 1234 4531 audierunt,
1267 4475 1321 4520 et
1350 4465 1539 4521 oculos
1565 4480 1696 4520 suos
1743 4466 2080 4528 clauserunt,

2191 2151 2406 2204 ἔσεσθαι
2464 2150 2520 2203 ἐν
2563 2167 2627 2203 τε
2672 2148 2750 2220 τῷ
2803 2149 3059 2220 προφήτῃ
3107 2147 3413 2212 λέλεκται,
3463 2146 3553 2198 καὶ
3595 2146 3645 2196 ἐν
3681 2143 3742 2212 τῷ

2190 2241 2413 2314 ψαλμῷο
2445 2243 2502 2294 ἐν
2539 2242 2637 2312 μὲν
2665 2241 2743 2312 τῷ
2767 2242 3019 2314 προφήτῃ
3051 2239 3142 2294 διά
3171 2239 3298 2304 τοῦ,
3342 2260 3360 2291 ι
3391 2237 3603 2310 Πλήρης
3623 2237 3741 2290 πᾶσα

2191 2337 2225 2406 ἡ
2259 2335 2332 2406 γῆ
2380 2335 2478 2406 τῆς
2516 2334 2673 2404 δόξης
2712 2333 2910 2386 αὐτοῦ’
2942 2353 2958 2384 ι
3001 2335 3059 2385 ἐν
3091 2333 3149 2386 δὲ
3190 2331 3274 2403 τῷ
3310 2330 3512 2401 ψαλμῷ
3553 2328 3632 2381 διὰ
3664 2325 3739 2396 τῆς

2191 2428 2364 2500 ἀρχῆς
2404 2427 2746 2498 φασκούσας
2787 2447 2804 2478 ι
2835 2426 2940 2480 Τοῦ
2975 2427 3186 2498 Κυρίου
3221 2429 3257 2498 ή
3302 2425 3378 2496 γῆ
3420 2423 3596 2478 καὶτὸ
3633 2421 3738 2492 πλήν

2192 2535 2351 2592 ρωμα
2372 2519 2558 2588 αὐτῆς,
2581 2519 2614 2589 ή
2637 2518 2948 2590 οἰκουμένη,
2967 2519 3063 2572 καὶ
3095 2519 3304 2582 πάντες
3326 2521 3375 2572 οἱ
3404 2515 3737 2576 κατοικοῦντες

2190 2615 2248 2665 ἐν
2278 2612 2437 2683 αὐτῇ.
2471 2630 2490 2664 ι
2540 2611 2755 2664 Τούτων
2805 2611 3287 2682 τεθεσπισμένων,
3337 2613 3464 2684 ἑξῆς
3501 2609 3682 2672 ὑποϐὰς
3715 2611 3736 2662 6

2191 2705 2475 2775 προφήτης
2505 2703 2859 2775 μαρτύρεται,
2885 2703 2966 2757 ὅτι
2998 2703 3085 2775 δὴ,
3114 2705 3166 2756 εἰ
3213 2704 3314 2758 καὶ
3361 2703 3568 2774 πλήρης
3611 2701 3733 2753 ἔσται

2191 2797 2339 2849 πᾶσα
2374 2797 2408 2866 ἡ
2439 2796 2510 2866 γῆ
2540 2796 2636 2866 τῆς
2677 2794 2834 2866 δόξης
2881 2794 3042 2848 αὑτοῦ
3063 2837 3078 2861 ,
3118 2795 3264 2849 ἀλλά
3307 2811 3373 2864 γε
3412 2794 3475 2848 τὸ
3511 2791 3734 2847 Ἰουδαίων

2190 2888 2340 2951 ἔθνος
2376 2888 2437 2940 ού
2471 2889 2821 2958 προσήσεται·
2866 2887 2947 2941 διό
2975 2904 3139 2958 φησι·
3176 2906 3195 2939 ‹
3237 2888 3351 2941 Καὶ
3380 2882 3501 2940 εἷπε
3544 2885 3730 2955 Κύριος,

2189 2980 2349 3044 αὐτὸς
2393 2978 2589 3051 δηλαδὴ
2612 2981 2640 3032 6
2666 2979 3072 3051 τεθεωρημένος
3095 2979 3308 3051 Κύριος
3337 2976 3558 3032 Σαδαώθ
3576 2993 3588 3005 ο
3629 2974 3732 3026 Τίνα

2190 3069 2532 3136 ὰποστείλως
2569 3072 2662 3124 καὶ
2701 3071 2785 3134 τίς
2826 3071 3151 3144 πορεύσεται
3195 3072 3339 3144 πρὸς
3369 3071 3460 3123 τὸν
3488 3068 3604 3122 λαὸν
3631 3063 3706 3118 toi

2187 3181 2314 3230 τον;
2348 3165 2458 3218 Καὶ
2481 3159 2642 3217 εἶπα·
2684 3163 2812 3216 ’ἰδού
2869 3166 2985 3234 είμι
3021 3162 3154 3232 ἐγὼ,
3193 3161 3520 3218 ἀπόστειλόν
3543 3177 3620 3230 με.
3645 3157 3732 3210 Καὶ.

2185 3253 2331 3309 εἷπε’
2381 3255 2716 3328 Πορεύθητι,
2766 3257 2860 3310 καὶ
2897 3252 3052 3311 εἷπον
3099 3257 3182 3328 τῷ
3214 3257 3335 3327 λαῷ
3367 3255 3566 3326 τούτῳ·
3600 3251 3728 3318 Ἀκοῇ

2186 3353 2469 3417 ἀκούσετε,
2497 3355 2590 3407 καὶ
2622 3355 2681 3407 ού
2719 3354 2792 3426 μὴ
2819 3356 3010 3426 συνῆτε
3035 3373 3048 3386 ·
3084 3355 3180 3408 καὶ
3204 3355 3497 3426 βλέποντες
3522 3351 3726 3423 βλέψετεν

2185 3448 2280 3500 καὶ
2345 3447 2407 3500 ού
2465 3447 2538 3518 μὴ
2587 3446 2754 3518 ἴδητε.
2810 3445 3115 3518 Ἐπαχύνθη
3174 3446 3290 3518 γὰρ
3337 3448 3373 3517 ἡ
3431 3442 3615 3514 καρδία
3651 3436 3726 3491 τοῦ

2185 3537 2312 3592 λαοῦ
2345 3537 2556 3602 τούτου,
2583 3537 2677 3591 καὶ
2717 3540 2828 3600 τοῖς
2862 3537 2995 3590 ὠσὶν
3032 3536 3215 3591 αὐτῶν
3265 3535 3478 3608 βαρέως
3507 3534 3725 3604 ήκουσανο

2185 3629 2281 3684 καὶ
2326 3629 2451 3693 τοὺς
2507 3627 2815 3700 ὀφθαλμοὺς
2868 3627 3047 3681 αὐτῶν
3107 3627 3483 3699 ἐκάμμυσαν,
3550 3621 3724 3693 μήτωτι

2187 3722 2338 3776 ἴδωσι
2375 3725 2488 3786 τοῖς
2517 3721 2814 3792 ὀφθαλμοῖς
2859 3721 3070 3784 αὐτῶν,
3097 3722 3195 3775 καὶ
3239 3723 3355 3784 τοῖς
3406 3719 3534 3772 ὠσὶν
3576 3710 3724 3768 αὐτῶν

2185 3815 2477 3880 ἀκούσωσι,
2503 3815 2598 3867 καὶ
2637 3817 2702 3884 τῇ
2737 3813 2933 3886 καρδία
2975 3813 3202 3877 συνῶσι,
3237 3815 3332 3867 καὶ
3373 3805 3720 3880 ἐπιστρέψωσιν

2185 3909 2280 3962 καὶ
2317 3908 2554 3978 ίάσωμαι
2580 3909 2794 3971 αὐτούς.
2820 3925 2838 3958 ι
2878 3906 2955 3960 Δι’
2979 3899 3054 3960 ὧν
3081 3907 3347 3979 ἄντικρυς
3381 3900 3611 3966 θεσπίζει
3644 3897 3722 3965 τὴν

2185 4001 2447 4071 ἐσομένην
2492 4001 2572 4072 εἰς
2607 3999 2770 4052 αὐτὸν
2797 3998 3103 4068 ἀντιλογίαν
3144 3997 3247 4052 τοῦ
3303 3995 3563 4051 Ἰουδαίων
3594 3987 3717 4050 λαοῦ.

2184 4095 2278 4147 καί
2301 4095 2376 4155 ὼς
2413 4092 2632 4162 ὄψονται
2665 4094 2762 4164 μὲν
2799 4093 2981 4156 αὐτὸν,
3016 4093 3078 4146 οὺ
3121 4093 3231 4166 μὴν
3279 4089 3611 4163 προσέξουσι,
3653 4079 3720 4140 τίς

2184 4187 2268 4258 εἴη
2288 4203 2301 4215 ⁸
2330 4185 2576 4254 λέγοντός
2601 4202 2660 4238 τε
2699 4185 2756 4236 ἐν
2783 4185 2968 4248 αὐτοῖς
2998 4184 3091 4237 καὶ
3121 4183 3466 4245 διδάσκοντος
3499 4174 3718 4233 ἀκούσον-

2182 4299 2294 4344 ται,
2344 4281 2406 4334 ού
2459 4280 2563 4350 μὴν
2596 4279 2690 4332 καὶ⁸
2742 4279 3062 4350 συνήσουσιν
3105 4275 3219 4332 οὗθ’
3265 4279 3415 4340 ὅστις
3457 4273 3528 4326 ὢν
3565 4269 3717 4326 αὐτοῖς

2182 4372 2493 4440 διαλέξοιτο,
2521 4371 2633 4426 οὗθ’
2656 4372 2800 4444 ἅπερ
2823 4373 3006 4433 αὐτοῖς
3045 4370 3144 4441 τῆς
3177 4371 3373 4441 καινῆς
3411 4359 3716 4421 διδασκαλίας

2184 4466 2495 4539 παραδώσει
2539 4465 2852 4537 μαθήματα.
2892 4465 3178 4535 Μαρτυρεῖ
3206 4463 3264 4516 δὲ
3301 4462 3411 4523 τοῖς
3441 4456 3545 4510 τῶν
3572 4452 3714 4539 λὸτιιιιξι

506 4573 578 4611 ne
617 4558 837 4627 quando
869 4558 1086 4613 videant
1123 4559 1300 4615 oculis
1330 4560 1468 4623 suis,
1501 4567 1556 4615 et
1585 4559 1810 4615 auribus
1839 4561 1956 4616 suis
1983 4576 2080 4615 au-

2184 4536 2616 4628 ἀποτελέσμασιν
2662 4559 2690 4610 ὁ
2733 4556 3127 4626 εὐαγγελιστὴς
3180 4555 3432 4623 Ἰωάννης
3483 4545 3599 4618 περὶ
3637 4536 3712 4594 τοῦ

508 4647 682 4712 diant,
707 4658 760 4703 et
784 4647 950 4704 corde
976 4649 1298 4722 intelligant,
1331 4659 1383 4706 et
1405 4659 1798 4706 convertantur
1821 4660 1876 4707 et
1892 4668 2077 4708 sanem

505 4754 626 4794 eos.
667 4758 686 4791 ι
732 4738 944 4806 Quibus
976 4742 1159 4798 verbis
1188 4743 1632 4798 manifestissime
1664 4745 1811 4798 canit
1843 4743 2078 4800 futuram

507 4832 796 4886 adversum
823 4849 883 4887 se
919 4835 1324 4889 accusationem
1363 4834 1698 4900 Iudaeorum,
1740 4842 1796 4890 et
1824 4836 1968 4906 quod
1995 4837 2080 4891 in-

505 4928 806 4982 tuebuntur
844 4929 1064 5000 quidem
1114 4929 1315 4999 ipsum,
1348 4945 1456 4983 non
1507 4929 1689 4983 tamen
1733 4929 2076 4984 animadver-

506 5027 624 5074 tent
687 5019 813 5090 quis
855 5019 959 5084 sit,
996 5019 1252 5090 quodque
1301 5020 1612 5090 loquentem
1659 5021 1802 5075 inter
1845 5020 1994 5091 ipsos
2025 5027 2080 5076 et

505 5111 794 5166 docentem
857 5111 1112 5176 audient,
1171 5126 1283 5166 non
1328 5118 1511 5165 tamen
1555 5109 1722 5164 etiam
1777 5110 2078 5181 intelligent

503 5206 758 5273 quisnam
794 5206 841 5260 is
875 5203 947 5260 sit
980 5205 1073 5274 qui
1107 5220 1230 5258 cum
1262 5203 1398 5274 ipsis
1438 5203 1711 5273 loquatur,
1738 5219 1914 5275 neque
1948 5206 2075 5260 item

504 5313 752 5368 quaenam
799 5311 863 5353 ea
899 5299 1009 5353 sint
1038 5312 1191 5352 nova:
1221 5297 1483 5350 doctrinae
1513 5303 1780 5366 praecepta
1812 5311 1934 5366 quae
1960 5297 2076 5366 ipse

505 5389 611 5442 illis
635 5391 833 5445 tradet.
868 5390 1202 5459 Comprobat
1233 5403 1364 5444 vero
1393 5387 1558 5458 hujus
1590 5389 1798 5443 oraculi
1821 5396 2075 5443 eventum

500 5483 831 5552 evangelista
849 5480 1108 5546 Joannes,
1131 5481 1225 5552 qui
1247 5481 1313 5536 de
1336 5480 1617 5536 Salvatore
1645 5485 1834 5536 nostro
1857 5481 1937 5534 sic
1960 5480 2034 5532 ait
2058 5497 2071 5532 :

505 5597 523 5626 ε
565 5575 702 5629 Cum
751 5583 931 5630 autem
971 5583 1080 5628 tam
1114 5575 1280 5629 multa
1313 5575 1468 5646 signa
1507 5575 1726 5629 fecisset
1765 5587 1950 5627 coram
1969 5574 2071 5635 eis,

501 5683 611 5723 non
651 5666 1001 5722 crediderunt
1028 5669 1082 5721 in
1127 5682 1274 5730 eum,
1309 5674 1367 5720 ut
1403 5681 1585 5722 sermo
1618 5664 1769 5721 Isaia:
1798 5664 2073 5735 prophetae

1769 5847 1809 5879 ιι
1854 5833 1984 5902 ibid.
2020 5849 2066 5902 l.

575 5850 621 5884 ”
665 5847 831 5912 llcbr.
870 5864 910 5912 ι,
944 5847 993 5902 7.
1074 5849 1116 5880 "
1167 5848 1310 5902 Psal.
1349 5864 1503 5916 xxiii,
1543 5847 1659 5912 7,8.

2182 4649 2432 4719 Σωτῆρος
2458 4645 2613 4718 ἡμῶν
2663 4645 2866 4714 λέγων·
2902 4663 2920 4696 ι
2953 4644 3205 4699 Τοσαῦτα
3247 4643 3306 4698 δέ
3350 4637 3508 4696 αύτοῦ
3545 4630 3713 4705 σημεῖα

2180 4741 2539 4812 πεποιηκότος
2570 4739 2876 4811 ἔμπροσθεν
2921 4738 3099 4793 αὐτῶν
3123 4778 3138 4802 ,
3177 4739 3278 4792 οὐκ
3307 4735 3612 4790 ἐπίστευσαν
3648 4723 3712 4781 είς

2178 4835 2360 4897 αὑτὸν,
2389 4835 2474 4888 ἵνα
2509 4835 2538 4888 6
2562 4833 2715 4902 λόγος
2759 4831 2983 4886 Ἢσαῖου
3012 4831 3106 4885 τοῦ
3143 4832 3418 4903 προφήτου
3453 4816 3706 4890 πληρωθῇ»

2176 4929 2234 4980 ὃν
2267 4923 2418 4981 εἶπεν
2461 4927 2652 4996 Κύριε,
2691 4926 2773 4990 τίς
2803 4926 3088 4979 ἐπίστευσε
3130 4927 3197 4995 τῇ
3259 4923 3393 4991 ἀκοῇ
3425 4914 3600 4988 ήμῶν;
3635 4904 3708 4958 καὶ

2177 5025 2205 5075 6
2241 5021 2479 5093 βραχίων
2522 5020 2729 5091 Κυρίου
2759 5020 2864 5073 τίνι
2907 5016 3300 5087 ἀπεκαλύφθη;
3334 5013 3418 5068 διὰ
3456 5007 3600 5062 τοῦτο
3626 4999 3706 5054 οὐκ

2176 5114 2436 5184 ἠδύναντο
2461 5113 2757 5175 πιστεύειν,
2779 5113 2860 5164 ὅτι
2907 5111 3068 5165 πάλιν
3107 5107 3258 5164 εἶπεν
3293 5106 3538 5166 Ἡσαΐας·
3571 5093 3706 5148 Τετύ-

2178 5205 2389 5274 φλωκεν
2441 5204 2620 5258 αὐτῶν
2669 5205 2797 5269 τοὺς
2849 5203 3160 5274 ὀφθαλμοὺς
3183 5244 3198 5266 ,
3255 5202 3350 5256 καὶ
3409 5191 3702 5260 πεπώρωκεν

2178 5297 2356 5351 αὐτῶν
2387 5297 2484 5368 τὴν
2522 5297 2782 5369 καρδίαν,
2817 5296 2903 5348 ἴνα
2949 5295 3025 5366 μὴ
3068 5296 3218 5350 ἴδωσι
3259 5295 3372 5356 τοῖς
3411 5279 3700 5357 ὀφθαλμοῖς,

2177 5388 2271 5440 καὶ
2303 5390 2535 5458 νοήσωσι
2559 5390 2624 5458 τῇ
2653 5386 2868 5460 καρδίᾳ,
2893 5389 2988 5440 καὶ
3019 5387 3406 5458 ἐπιστρέψωσι,
3440 5378 3527 5432 καὶ
3562 5369 3698 5424 ἰάσω·

2181 5499 2278 5552 μαι
2310 5481 2522 5545 αὐτούς.
2556 5479 2742 5536 Ταῦτα
2774 5476 2927 5535 εἶπεν
2953 5482 3180 5545 Ἡσαΐας
3212 5483 3299 5535 ὅτε
3331 5473 3433 5532 εἶδε
3463 5471 3553 5540 τὴν
3573 5460 3702 5552 δάεν

2176 5550 2371 5637 αὑτοῦ,
2418 5577 2512 5628 καὶ
2552 5573 2900 5646 ἐμαρτύρησε
2948 5576 3077 5647 περὶ
3127 5575 3306 5628 αὑτοῦ.
3350 5591 3367 5624 ι
3420 5550 3698 5631 ’Δναμφιλθ

2175 5685 2286 5736 γως
2312 5663 2403 5723 οὖν
2443 5669 2534 5722 ἐπὶ
2559 5667 2649 5722 τὸν
2673 5668 2911 5740 Χριστὸν
2943 5670 3205 5740 ἀνήνεγκε
3230 5671 3324 5740 τήν
3352 5669 3405 5719 ἐν
3431 5659 3502 5728 τῷ
3537 5647 3697 5714 Ἡσαΐᾳ
