3894 6520
179 436 276 493 ινδ

172 551 485 619 θεοφάνειαν
569 555 597 606 6
660 553 1048 625 εὐαγγελιστὴς
1077 595 1091 616 ,

169 738 415 809 πργρήτῃ
451 739 697 811 Κύριον,
735 740 875 793 κατά
910 740 1008 811 τὴν
1056 743 1182 812 περὶ
1221 743 1383 796 αὐτοῦ
1421 744 1740 817 πρόρρησιν.

165 829 247 897 Τῷ
302 829 439 897 γοῦν
519 832 774 902 προφήτῃ
872 832 1139 903 ἑωρακότι
1207 834 1296 887 τὸν
1366 836 1568 907 Κύριον
1636 838 1741 890 Σα-

165 920 301 973 ϐαὼθ
359 939 539 992 φησιν
574 926 603 978 6
645 924 891 996 χρησμὸς
932 928 1103 979 εἰπεῖν
1135 927 1212 999 τῷ
1250 928 1514 983 Ἰουδαίων
1551 930 1693 983 ἔθνει
1723 972 1737 995 ,

162 1015 235 1067 ὅτι
283 1013 347 1085 δὴ
393 1018 497 1069 καὶ
547 1018 701 1070 αὐτοὶ
737 1019 954 1088 ϐψονταί
997 1036 1127 1072 ποτε
1180 1021 1271 1073 τὸν
1313 1022 1497 1089 αὐτόν,
1532 1023 1642 1076 ἀλλ’
1677 1025 1738 1077 ού

164 1108 483 1177 συνήσουσιν
527 1108 673 1172 ὅστις
698 1110 782 1181 εἴη
804 1152 818 1175 ,
856 1112 949 1164 καὶ
980 1110 1304 1166 ἀκούσονται
1347 1114 1511 1167 αὑτοῦ
1556 1115 1739 1183 λέγονο

160 1215 240 1261 τος
273 1200 330 1250 ἐν
360 1202 554 1266 αὐτοῖς
581 1204 675 1256 καὶ
705 1204 1076 1269 διδάσκοντος,
1104 1206 1217 1258 ἀλλ’
1243 1207 1305 1259 οὐ
1342 1209 1611 1279 νοήσουσι,
1648 1209 1735 1263 διὰ

159 1291 213 1341 τὸ
258 1293 641 1363 πεπωρῶσθαι
696 1297 874 1350 αὐτῶν
921 1297 1017 1368 τὴν
1060 1299 1308 1371 καρδίαν.
1353 1300 1516 1354 Ταῦτ’
1551 1298 1643 1355 οὖν
1704 1304 1733 1355 6

165 1378 384 1444 Ἡσαΐας
413 1383 487 1435 δι’
510 1378 585 1437 ὧν
611 1386 958 1458 παρεθέμεθα
984 1388 1178 1455 λέξεων
1205 1390 1485 1454 θεσπίσας,
1508 1392 1563 1445 ἐν
1593 1393 1731 1445 ίστο-

161 1470 265 1539 ρίας
298 1472 587 1544 ἀφηγήσει
614 1477 883 1545 πολεμίων
917 1477 1102 1546 ἔφοδον
1132 1478 1272 1532 κατὰ
1308 1481 1399 1534 τοῦ
1435 1483 1606 1551 Ἀχαζ
1624 1523 1638 1545 ,
1673 1484 1731 1547 ὃς

155 1562 326 1630 ἐπεῖχε
375 1565 505 1617 τότε
540 1567 607 1619 τά
642 1568 739 1638 τῆς
791 1569 1063 1638 βασιλείας
1099 1570 1207 1625 τῶν
1252 1572 1517 1626 Ἰουδαίων
1556 1573 1684 1629 λαοῦ
1711 1616 1726 1639 ,

156 1655 478 1725 ὑπογράφει,
514 1657 604 1710 καὶ
637 1657 736 1726 τὴν
763 1659 867 1712 τῶν
896 1660 995 1731 μὲν
1024 1662 1295 1733 αἰσθητῶν
1326 1664 1598 1735 πολεμίων
1630 1684 1728 1721 κα-

154 1746 384 1815 θαίρεσιν
408 1750 638 1810 αὐτίκα,
671 1752 762 1803 καὶ
791 1751 889 1804 ούκ
915 1753 994 1815 είς
1020 1754 1235 1825 μακρὰν
1262 1756 1585 1827 γενήσεσθαι
1626 1775 1723 1827 ση·

157 1841 352 1909 μαίνει·
396 1836 479 1895 ὧν
518 1844 574 1897 δὲ
614 1844 855 1915 σύμϐολα
897 1845 1059 1917 ἔφερε
1108 1847 1311 1919 νοητῶν
1349 1850 1443 1903 καὶ
1478 1852 1722 1921 ἀοράτων

1066 439 1718 499 DEMONSTRATIONIS
1759 443 2214 500 EVANGELICE
2256 444 2383 499 LIB.
2427 447 2542 502 VII.

3312 448 3419 503 ι94

1155 557 1248 609 καὶ
1309 558 1401 610 ἐπὶ
1465 558 1555 612 τὸν
1619 560 1720 612 Ἰου

1815 594 1822 618 ι
1856 557 2189 629 impleretur,
2233 575 2392 629 quem
2418 559 2555 613 dixit
2587 578 2597 611 :
2632 558 2876 621 Domine,
2908 558 3030 630 quis
3058 559 3288 615 credidit
3316 578 3416 615 an—

167 647 322 700 δαίων
370 645 506 699 λαὸν
564 649 621 700 οὐ
670 648 1141 719 παραδεδεγμένον
1180 651 1269 703 τὸν
1316 654 1624 723 ἑωραμένον
1668 654 1745 724 τῷ

1852 650 1985 704 ditui
2008 658 2217 713 nostro,
2237 659 2290 705 et
2314 650 2598 704 brachium
2617 649 2828 704 Domini
2860 652 2946 705 cui
2972 653 3266 707 revelatum
3294 654 3421 707 est!

1852 751 2137 811 propterea
2176 756 2285 796 non
2328 748 2580 809 poterant
2619 741 2840 796 credere
2863 784 2876 809 ,
2905 742 3027 811 quia
3055 742 3251 800 iterum
3282 743 3418 798 dixit

1851 832 2018 888 Isaias
2052 852 2063 887 :
2098 832 2402 887 Exczecavit
2425 834 2612 888 oculos
2661 849 2870 897 eorum,
2907 842 2960 889 et
3008 834 3277 891 induravit
3321 852 3419 890 eor

1847 940 2035 979 eorum
2057 964 2070 987 ,
2105 940 2173 979 ne
2207 924 2423 979 videant
2448 926 2625 980 oculis
2645 966 2660 990 ,
2686 936 2739 980 et
2784 927 2949 981 corde
2989 927 3328 999 intelligant,
3360 936 3416 983 et

1846 1023 2255 1081 convertantur,
2281 1023 2336 1070 et
2357 1031 2542 1071 sanem
2560 1032 2674 1072 eos.
2699 1016 2823 1071 ﬂare
2848 1018 2983 1071 dixit
3006 1016 3171 1073 lsaias
3193 1018 3414 1088 quando

1844 1105 1979 1160 vidit
1999 1107 2226 1176 gloriam
2252 1106 2392 1176 ejus,
2412 1117 2465 1161 et
2486 1106 2807 1162 testificatus
2834 1116 2917 1163 est
2946 1109 3013 1164 de
3033 1125 3098 1165 eo
3118 1110 3183 1162 “.
3227 1128 3246 1161 ι
3272 1108 3411 1182 Ergo

1843 1198 2050 1267 absque
2072 1199 2444 1252 controversia
2472 1198 2735 1253 visionem
2754 1200 2901 1254 illam
2923 1200 3015 1254 Dei
3039 1202 3107 1255 ad
3128 1200 3408 1257 Christum

1842 1289 2369 1359 retulitevangelista
2386 1287 2646 1352 Joannes,
2666 1298 2720 1343 et
2732 1290 2797 1342 ad
2819 1289 3106 1345 Iudaicum
3125 1294 3405 1363 populum,

1840 1381 1930 1449 qui
1995 1381 2170 1435 visum
2241 1396 2271 1433 a
2330 1381 2592 1451 propheta
2653 1379 2937 1435 Dominum
2972 1421 2988 1444 .
3052 1384 3407 1453 quemadmo-

1837 1470 1966 1525 dum
2022 1471 2090 1524 ab
2139 1471 2234 1525 illo
2284 1473 2404 1543 ipso
2455 1471 2772 1541 praedictum
2816 1480 2919 1535 est,
2970 1489 3078 1527 non
3135 1476 3399 1545 suscepit.

1833 1562 1995 1634 313
2018 1562 2150 1617 Nam
2179 1579 2304 1618 cum
2344 1564 2633 1619 Dominum
2671 1565 2909 1620 Sabaoth
2941 1566 3205 1637 propheta
3232 1567 3404 1621 vidis-

1834 1666 1937 1720 set,
1978 1656 2145 1711 refert
2168 1658 2473 1722 oraculum,
2506 1659 2963 1729 quemadmodum
3000 1660 3101 1728 ipsi
3130 1674 3403 1730 praecepe-

1831 1752 1923 1817 rit,
1962 1762 2021 1806 ut
2051 1752 2115 1806 ad
2144 1752 2362 1808 Judaaos
2388 1755 2591 1811 diceret
2626 1773 2639 1809 :
2677 1755 2821 1826 quod
2849 1756 2953 1825 ipsi
2994 1756 3145 1810 illum
3180 1757 3397 1826 quidem

1832 1843 2125 1914 aliquando
2156 1846 2438 1911 videbunt,
2474 1848 2567 1902 sed
2598 1863 2706 1903 non
2743 1848 3047 1918 intelligent
3074 1847 3200 1917 quis
3227 1848 3321 1910 sit,
3345 1856 3398 1901 et

153 1930 371 2003 ἐχθρῶν,
428 1933 702 2006 δαιμόνων
746 1936 941 2000 τινῶν,
993 1938 1084 1990 καὶ
1131 1939 1353 2008 ἀφανῶν
1412 1941 1723 2012 δυνάμεων,

1828 1934 2051 1989 audient
2100 1937 2251 1991 illum
2283 1939 2590 2008 loquentem
2643 1942 2784 1993 inter
2816 1940 2964 2009 ipsos
3008 1947 3061 1993 et
3087 1940 3397 2003 docentem,

154 2024 267 2092 περὶ
294 2016 371 2075 ὧν
400 2024 695 2097 ἀρχόμενοι
717 2028 814 2097 τῆς
842 2027 970 2097 ὅλης
1008 2029 1389 2099 πραγματείας
1411 2031 1726 2101 διεληλύθα-

155 2129 261 2179 μεν,
285 2114 360 2178 ὡς
399 2117 465 2168 οὐ
502 2117 660 2187 μόνον
690 2117 751 2169 τὸ
800 2118 1067 2169 Ἰουδαίων
1097 2118 1266 2182 ἔθνος,
1298 2119 1435 2173 ἀλλά
1477 2123 1569 2174 καὶ
1615 2124 1722 2175 πᾶν

151 2206 203 2256 τὺ
238 2205 581 2277 ἀνθρώπειον
620 2208 775 2277 γένος
813 2209 904 2261 ἐπὶ
935 2211 1041 2264 πᾶν
1074 2207 1215 2275 εἶδος
1247 2212 1444 2277 κακίας
1463 2256 1477 2278 ,
1508 2215 1601 2267 καὶ
1629 2218 1722 2270 ἐπὶ

152 2297 306 2365 αὐτήν
338 2313 402 2363 γε
430 2297 530 2367 τὴν
554 2298 710 2351 ἄθεον
736 2300 1173 2371 εἱδωλολατρείαν
1195 2302 1676 2373 καταϐεϐληκότων
1701 2348 1715 2371 ,

149 2388 235 2438 οὐκ
260 2388 439 2451 ἄλλως
474 2390 571 2460 τὴν
604 2386 769 2460 ἧτταν
806 2392 1022 2446 ἔσεσθαι
1054 2392 1205 2463 δηλοῖ
1235 2393 1267 2464 ἢ
1302 2394 1389 2446 διὰ
1417 2395 1585 2466 μόνης
1618 2398 1716 2467 τῆς

152 2478 536 2552 θεσπιζομένης
592 2486 669 2546 είς
729 2484 1045 2555 ἀνθρώπους
1098 2486 1390 2557 ἐπιδημίας
1436 2488 1530 2541 τοῦ
1576 2489 1712 2543 Θεοῦ

151 2570 335 2636 Λόγου,
383 2570 448 2635 ἐξ
508 2574 881 2645 ἀπειρογάμου
936 2574 1213 2647 Παρθένου
1262 2578 1459 2647 σκῆνος
1508 2578 1716 2651 ἀνθρώ-

152 2677 284 2712 πειον
313 2663 746 2735 ἀναληψομένου.
776 2668 871 2731 Τίς
892 2667 948 2722 δὲ
982 2668 1128 2741 αὐτῷ
1165 2672 1197 2739 ἠ
1226 2669 1412 2723 τούτου
1442 2673 1597 2744 χρεία
1625 2669 1712 2744 ἦν,

150 2750 321 2820 καιρὸς
356 2753 425 2806 ἀν
448 2755 531 2823 είη
557 2754 851 2808 διαλαϐεῖν.

1826 2026 1921 2082 sed
1950 2043 2057 2081 non
2089 2030 2411 2099 percipient,
2448 2039 2735 2101 propterea
2756 2030 2901 2101 quod
2937 2029 3253 2084 induratum
3289 2030 3397 2084 erit

1824 2133 1920 2172 cor
1946 2134 2158 2174 eorum.
2193 2119 2330 2174 Cum
2376 2122 2490 2176 lucc
2535 2122 2701 2192 igitur
2734 2120 2901 2175 Isaias
2942 2121 3026 2177 his
3066 2136 3187 2191 qua:
3230 2136 3396 2191 appo-

1823 2211 2058 2274 suimus,
2090 2212 2270 2267 verbis
2299 2222 2482 2277 canat,
2519 2214 2573 2267 in
2615 2215 2856 2269 historiae
2889 2213 3107 2268 modum
3154 2214 3393 2269 hostium

1825 2303 2091 2358 adversus
2132 2302 2313 2358 Achaz
2340 2307 2623 2375 impetum,
2656 2307 2749 2375 qui
2803 2313 2933 2360 tunc
2966 2306 3179 2361 Judaici
3210 2306 3393 2377 populi

1822 2411 2051 2467 regnum
2083 2398 2415 2461 obtinuerat,
2451 2397 2733 2460 describit,
2780 2404 2833 2452 et
2863 2413 2894 2451 a
2928 2397 3234 2459 visibilibus
3271 2398 3395 2467 qui-

1822 2486 1943 2542 dem
1976 2488 2227 2543 hostibus
2254 2489 2467 2542 ruinam
2493 2489 2666 2551 brevi,
2693 2504 2871 2558 neque
2896 2488 3036 2541 haud
3068 2488 3239 2542 multo
3269 2497 3392 2557 post

1822 2578 2059 2633 futuram
2115 2579 2405 2651 significat.
2454 2578 2699 2645 Quorum
2748 2594 2876 2634 vero
2933 2579 3089 2649 signa
3140 2579 3386 2649 quadam

1820 2671 2088 2725 duntaxat
2126 2672 2411 2742 attulit(hi
2458 2686 2621 2741 porro
2651 2680 2780 2726 sunt
2818 2671 3183 2742 intelligibiles
3224 2679 3387 2740 atque

1820 2764 2122 2819 invisibiles
2154 2764 2376 2835 quidam
2418 2764 2627 2826 hostes,
2664 2763 2937 2818 daemones
2972 2764 3159 2833 utique
3193 2776 3255 2817 ac
3284 2763 3390 2816 sub

152 2848 310 2898 visum
347 2864 458 2903 non
486 2848 745 2905 cadentes
768 2860 1089 2921 potestates,
1115 2851 1181 2908 de
1211 2853 1414 2924 qttilms
1448 2855 1606 2910 initio
1657 2859 1825 2913 totius
1885 2862 2069 2929 operis
2123 2859 2510 2919 disseruimus,
2552 2858 2698 2929 quod
2751 2874 2859 2913 non
2888 2859 3059 2914 solam
3103 2855 3387 2911 Judaieam

150 2957 369 3014 gentem,
424 2949 521 3005 sed
578 2964 739 3003 omne
783 2964 1008 3019 prorsus
1055 2950 1352 3003 humanum
1406 2966 1601 3021 genus,
1656 2952 1709 3006 in
1744 2969 1906 3009 omne
1936 2954 2158 3008 malitiae
2180 2970 2372 3025 genus,
2405 2970 2469 3009 ac
2495 2954 2730 3024 denique
2757 2960 2813 3007 in
2866 2954 3043 3024 ipsum
3102 2952 3250 3007 omni
3301 2967 3388 3004 re.

153 3039 317 3108 ligioni
372 3041 711 3096 contrarium
783 3042 1201 3097 simulacrorum
1268 3044 1478 3098 cultum
1550 3047 1977 3118 compulerint),
2045 3048 2147 3103 bos
2198 3064 2308 3102 non
2382 3048 2542 3102 aliter
2596 3049 2740 3103 vinei
2792 3063 2953 3117 posse
3010 3047 3381 3105 demonstrat,

149 3150 293 3202 quam
326 3154 423 3207 per
446 3155 640 3202 unum,
673 3138 767 3208 qui
802 3138 1020 3192 canitur
1055 3138 1144 3193 Dei
1178 3137 1340 3194 Verbi
1371 3140 1437 3195 ad
1461 3141 1711 3198 homines
1744 3158 2050 3208 accessum,
2090 3145 2234 3214 quod
2283 3144 2503 3213 quidem
2548 3141 2643 3198 Dei
2678 3142 2914 3197 Verbum
2956 3149 3105 3197 esset
3163 3157 3229 3194 ex
3296 3141 3382 3192 in-

150 3240 297 3299 nupta
365 3231 583 3304 Virgine
647 3234 946 3287 humanum
1001 3248 1202 3303 corpus
1262 3245 1694 3306 assumpturum.
1771 3238 1877 3293 Sed
1932 3239 2096 3309 hujus
2144 3239 2220 3292 illi
2262 3239 2515 3308 quisnam
2574 3253 2708 3291 usus
2752 3236 2933 3299 fuerit,
2980 3236 3093 3306 jam
3166 3241 3381 3304 tempus

149 3339 252 3379 esse
278 3326 513 3389 videtur,
548 3335 606 3380 ut
634 3327 797 3381 latius
826 3328 1189 3397 inquiramus.

229 3443 299 3497 Τὰ
324 3443 456 3512 περὶ
487 3442 597 3510 τῆς
630 3442 735 3496 τοῦ
775 3441 1046 3511 Σωτῆρος
1074 3442 1242 3513 ἡμῶν
1268 3444 1605 3514 ἐπιδημίας.

216 3556 425 3627 Ἐπειδὴ
462 3576 481 3607 ι
524 3557 591 3608 δι’
618 3556 904 3626 ἀνθρώπου
931 3555 1157 3621 θάνατος
1203 3558 1447 3629 εἰσῆλθεν
1492 3562 1570 3622 είς
1609 3557 1699 3611 τόν

149 3644 346 3715 κόσμον,
360 3665 379 3698 ι
396 3648 559 3717 φησὶν
581 3648 610 3699 6
637 3647 969 3709 Ἀπόστολος,
985 3649 1119 3720 χρῆν
1133 3649 1301 3719 δήπου
1322 3648 1407 3701 διὰ
1426 3649 1519 3702 τοῦ
1535 3650 1697 3703 αὐτοῦ

147 3738 408 3810 ἀνθρώπου
436 3740 536 3811 τὴν
564 3741 705 3793 κατά
734 3739 825 3791 τοῦ
865 3740 1093 3794 θανάτου
1122 3740 1481 3813 βραϐευθῆναι
1507 3743 1662 3812 νίκην
1681 3781 1696 3806 ,

147 3828 225 3881 καὶ
252 3829 314 3882 τό
345 3828 499 3899 σῶμα
528 3827 623 3880 τοῦ
656 3827 886 3881 θανάτου
918 3829 1076 3900 σῶμα
1112 3828 1258 3899 ζωῆς
1297 3830 1694 3901 ἀναδειχθῆναι,

148 3920 224 3972 καὶ
253 3922 350 3990 τῆς
381 3919 653 3990 ἁμαρτίας
699 3919 798 3990 τὴν
846 3920 1122 3990 βασιλείαν
1168 3921 1226 3973 ὲν
1264 3920 1342 3991 τῷ
1378 3920 1556 3991 θνητῴ
1599 3921 1696 3974 σώ-

149 4026 254 4075 ματι
282 4012 341 4063 τὸ
361 4012 488 4081 πρὶν
525 4008 848 4080 ἐνεργοῦσαν
877 4011 1261 4081 καταλυθῆναι,
1302 4010 1495 4081 μηκέτι
1527 4013 1698 4082 ἀμαρ-

145 4103 245 4167 τίας
273 4106 455 4165 αὑτοῦ,
491 4104 624 4158 ἀλλά
645 4103 987 4175 δικαιοσύνης
1019 4104 1323 4175 κρατούσης
1342 4122 1355 4133 ο
1383 4105 1475 4158 καὶ
1507 4106 1692 4177 ἐπειδὴ

145 4192 213 4247 διὰ
240 4197 345 4248 τῶν
374 4198 472 4267 τῆς
506 4197 705 4267 σαρκὸς
735 4195 1144 4267 ἁμαρτημάτων
1178 4194 1343 4249 πάλαι
1371 4196 1629 4267 πρότερον
1656 4201 1688 4267 ἡ

144 4288 326 4351 πτῶσις
375 4290 582 4356 ἐγίνετο
644 4290 808 4342 πᾶσιν
867 4287 1174 4359 ἀνθρώποις
1197 4327 1212 4351 ,
1270 4288 1496 4353 εἰκότως
1529 4290 1689 4343 πάλιν

141 4377 195 4427 δι’
242 4380 622 4451 ἀναμαρτήτου
647 4419 662 4441 ,
707 4380 802 4433 καὶ
840 4378 1021 4449 πάσης
1079 4379 1348 4449 ἀχράντου
1388 4381 1583 4444 κακίας
1621 4381 1689 4434 τὰ

142 4472 260 4522 κατά
298 4473 401 4524 τῶν
429 4471 640 4541 ἐχθρῶν
673 4471 992 4543 ἀνηγείρετο
1030 4471 1281 4541 τρόπαια.
1318 4471 1490 4523 Τίνων
1510 4471 1565 4523 δὲ
1595 4473 1688 4542 ἐχ-

141 4562 315 4635 Θρῶνῆ
347 4564 453 4618 τῶν
480 4564 645 4617 πάλαι
670 4562 758 4616 διὰ
787 4562 896 4615 τῶν
924 4563 1024 4633 τῆς
1057 4563 1256 4633 σαρκὸς
1278 4562 1478 4632 ἡδονῶν
1513 4582 1683 4618 κατα-

141 4654 446 4708 παλαιόντων
494 4653 554 4707 τὸ
604 4652 936 4721 ἀνθρώπειον
994 4652 1186 4719 γένος;
1243 4653 1336 4704 καὶ
1392 4653 1566 4716 ἄλλως
1626 4654 1682 4706 δὲ

1733 3460 1775 3517 C

1918 3443 2049 3509 Qua:
2082 3448 2317 3509 spectant
2350 3439 2419 3491 ad
2442 3438 2737 3494 Saluatoris
2774 3437 2942 3489 nostri
2971 3436 3267 3492 adventum.

1878 3554 2015 3620 Quia
2052 3572 2069 3602 ι
2102 3569 2198 3624 per
2231 3553 2505 3607 hominem
2539 3565 2690 3605 mors
2731 3549 2953 3603 intravit
2990 3549 3043 3603 in
3086 3551 3370 3612 totmdum,

1808 3646 1882 3699 ait
1919 3644 2215 3715 Apostolus
2234 3644 2322 3706 Ψ,
2355 3663 2374 3695 ι
2415 3642 2621 3695 idcirco
2652 3639 2915 3694 adversus
2945 3646 3176 3694 mortem
3208 3640 3375 3695 victo-

1806 3739 1939 3791 riam
1980 3737 2211 3792 obtineri
2255 3750 2351 3805 per
2394 3733 2645 3789 eumdem
2692 3732 2963 3785 hominem
3009 3732 3269 3801 Oportuit,
3318 3743 3374 3787 et

1802 3829 1949 3899 quod
1981 3828 2173 3882 mortis
2217 3828 2394 3881 fuerat
2439 3840 2663 3894 corpus,
2697 3824 2820 3877 vita:
2853 3836 3053 3891 corpus
3076 3824 3368 3884 declarari.

1801 3931 1855 3975 et
1896 3919 2103 3990 peccati
2141 3900 2389 3989 regnum,
2420 3916 2564 3987 quod
2601 3916 2754 3984 prius
2796 3916 2849 3968 in
2894 3929 3123 3983 corpore
3152 3916 3369 3969 mortali

1798 4016 1909 4067 vim
1958 4027 2112 4067 suam
2164 4009 2475 4072 exercebat,
2520 4007 2687 4062 deleri
2744 4021 2915 4075 usque
2948 4006 3107 4072 adeo,
3155 4013 3213 4059 ut
3256 4021 3366 4062 non

1798 4104 2033 4175 amplius
2058 4103 2135 4155 illi
2170 4108 2478 4172 peccatum,
2506 4100 2600 4155 sed
2634 4100 2850 4167 iustitia
2882 4100 3279 4168 dominaretur,
3311 4108 3369 4155 et

1796 4201 2053 4269 quoniam
2074 4214 2138 4252 ex
2166 4196 2407 4268 peccatis
2436 4196 2707 4264 corporis,
2744 4202 2902 4247 antea
2944 4195 3161 4248 cunctis
3190 4194 3367 4249 homi-

1798 4293 1959 4345 nibus
1999 4292 2157 4344 ruiua
2209 4288 2351 4342 facta
2392 4296 2497 4350 est,
2546 4287 2741 4341 merito
2784 4301 2978 4341 rursus
3033 4301 3129 4355 per
3179 4286 3362 4341 omnis

1795 4382 2001 4451 peccati
2034 4396 2230 4449 expers
2260 4396 2483 4449 corpus.
2507 4378 2765 4446 omnique
2796 4391 3022 4445 prorsus
3045 4376 3250 4430 malitia
3278 4376 3364 4430 in-

1793 4480 2023 4533 tactum,
2062 4478 2263 4539 tropaea
2303 4470 2566 4523 adversus
2596 4467 2782 4521 hostes
2826 4466 3082 4536 erigenda
3114 4464 3358 4522 fuerunt.

1794 4563 1901 4619 Sed
1935 4578 2074 4633 quos
2101 4562 2319 4616 tandem
2347 4562 2553 4622 hostes,
2585 4559 2687 4615 nisi
2712 4574 2806 4614 eos
2838 4560 2929 4627 qui
2960 4559 3089 4613 olim
3119 4574 3215 4628 per
3233 4573 3360 4614 cor—

1791 4670 1985 4726 porcas
2014 4654 2321 4723 voluptates
2357 4653 2651 4705 lmmanum
2692 4666 2866 4719 genus
2907 4650 3364 4719 prosteruehant?

142 4744 306 4814 ἐχρῆν,
334 4746 641 4818 ἀνθρώποις
672 4744 808 4797 Θεοῦ
836 4744 1007 4811 Λόγον
1046 4742 1253 4814 ὁμιλεῖν
1276 4743 1557 4813 μέλλοντα,
1588 4745 1683 4798 καὶ

1815 4754 2051 4800 ιιιεῑειειι
2100 4760 2221 4799 cum
2273 4743 2368 4797 Dei
2404 4742 2644 4798 Verbum
2694 4750 2843 4796 esset
2881 4756 3005 4794 cum
3048 4742 3361 4796 hominibus

142 4836 315 4905 σαρκὸς
338 4839 527 4900 ἀκοαῖς
565 4837 630 4889 τὰ
661 4836 760 4907 τῆς
792 4834 1068 4898 εύσεϐείας
1097 4836 1395 4906 μαθήματα
1425 4834 1679 4907 παραδῶ·
1713 4849 1725 4904 ]

1819 4840 2207 4897 ollocuturum,
2255 4844 2309 4891 et
2357 4834 2639 4906 corporeis
2687 4832 2914 4887 auribus
2967 4840 3235 4903 praecepta
3290 4833 3361 4889 de

142 4943 293 4991 τοντα,
340 4930 622 5001 τερατείας
660 4945 719 4981 τε
758 4928 852 4981 καὶ
887 4928 1339 4998 παραδοξοποιίας
1383 4928 1685 4999 ἀνθρώπων

1815 4934 1988 4987 aetate
2028 4931 2384 4991 traditurum,
2413 4928 2769 4999 prodigiaque
2801 4934 2855 4981 et
2885 4926 3151 4980 miracula
3179 4927 3357 4981 oculis

137 5018 433 5091 ὀφθαλμοῖς,
469 5020 605 5074 Θεοῦ
635 5038 693 5073 τε
728 5019 953 5089 δύναμιν
993 5020 1196 5090 ἐναργῆ
1238 5022 1677 5091 παραστήσοντα,

1815 5025 2093 5088 nominum,
2125 5021 2292 5094 314
2320 5020 2523 5091 Deique
2566 5020 2825 5074 virtutem
2869 5017 3147 5073 evidenter
3191 5026 3357 5087 atque

142 5109 201 5178 μὴ
244 5112 406 5176 ἄλλως
451 5113 484 5182 ἦ
528 5112 617 5165 διὰ
645 5111 737 5165 τοῦ
770 5111 1029 5182 συνήθους
1066 5115 1198 5181 ἡμῖν
1242 5114 1474 5183 ὀργάνου
1524 5114 1680 5167 τοῦτο

139 5203 311 5271 πρᾶξαι
330 5222 344 5235 ·
375 5207 456 5257 ὅτι
492 5204 615 5257 οὐδὲ
637 5204 796 5256 πλέον
823 5203 973 5255 οὐδὲν
1007 5202 1272 5272 σωμάτων
1300 5205 1430 5274 ὁρᾷν
1468 5204 1677 5276 ἀνθρώ-

138 5309 230 5345 πων
253 5296 472 5350 δυνατὸν
497 5292 565 5366 ἦν
593 5295 910 5365 ὀφθαλμοῖς,
940 5295 1048 5347 οὐδ’
1071 5294 1288 5347 ἀκούειν
1322 5295 1489 5366 ἀκοὴν
1517 5295 1677 5348 πλέον

135 5404 174 5439 τι
185 5390 266 5443 τοῦ
285 5391 368 5443 διὰ
385 5390 631 5459 γλώττης
654 5388 1057 5459 προφερομένου
1083 5388 1340 5457 ῆχου.⁸’ῐν’
1357 5384 1451 5439 οὖν
1476 5388 1570 5440 καὶ
1588 5388 1677 5442 διὰ

136 5483 368 5550 σωμάτων
396 5482 702 5552 αἰσθήσεως
724 5481 822 5550 τῆς
851 5478 959 5531 τῶν
988 5478 1191 5549 νοητῶν
1229 5479 1320 5531 καὶ
1369 5479 1675 5549 ἀσωμάτων

133 5574 306 5639 ἐννοίας
330 5573 735 5643 ἑπιλαϐὡμεθα,
754 5572 841 5625 τὸν
868 5575 999 5643 ἡμῖν
1027 5570 1262 5640 συγγενῆ
1291 5572 1384 5626 καὶ
1403 5574 1673 5641 γνώριμον

132 5664 257 5732 λόγον
275 5668 435 5729 αὐτὸς
464 5669 493 5719 6
530 5666 661 5727 Θεὸς
694 5664 864 5731 Λόγος
894 5663 1255 5733 ἀνελάμϐανε,
1291 5663 1382 5716 καὶ
1410 5662 1584 5714 πάντα
1608 5679 1671 5729 γε

129 5755 181 5806 δι’
216 5759 367 5811 αὑτοῦ
410 5757 480 5811 τὰ
532 5758 773 5827 σωτήρια
809 5757 917 5817 τοῖς
952 5755 1235 5825 αὑτηκόοις
1262 5756 1355 5807 καὶ
1378 5755 1670 5819 αύτὸπταις

1786 5124 1971 5187 aperte
1996 5116 2521 5175 demonstraturum,
2555 5127 2664 5166 non
2695 5110 2854 5164 aliter
2885 5123 3051 5180 quam
3086 5123 3184 5178 per
3222 5122 3357 5163 con-

1784 5216 2021 5270 suetum,
2056 5205 2324 5274 nobisque
2362 5204 2631 5258 familiare
2671 5202 3121 5260 instrumentum,
3152 5197 3257 5252 hoc
3275 5197 3359 5259 fa—p

1781 5315 1906 5356 cere
1946 5300 2127 5369 ipsum
2175 5295 2441 5365 oportuit,
2489 5294 2746 5364 quoniam
2790 5290 2923 5346 nihil
2963 5288 3182 5357 quidem
3234 5302 3355 5341 am-

1781 5390 1948 5459 plius,
1981 5403 2144 5458 quam
2189 5402 2311 5456 quae
2338 5399 2571 5455 corpora
2620 5390 2772 5441 sunt.
2824 5378 3149 5434 mortalibus
3177 5378 3357 5433 oculis

1780 5494 1838 5535 ut
1866 5495 2246 5541 cerneremus,
2282 5478 2395 5533 fieri
2426 5482 2661 5547 poterat,
2691 5487 2871 5542 neque
2893 5478 2953 5524 ut
2981 5470 3208 5523 auribus
3230 5486 3355 5538 per-

1777 5574 2104 5643 ciperemus.
2137 5586 2301 5641 quam
2353 5584 2571 5630 sonum,
2610 5568 2704 5636 qui
2737 5566 2921 5635 lingua
2946 5561 3181 5634 proferri
3220 5577 3351 5617 con-

1777 5667 1972 5721 suevit.
2008 5664 2078 5719 Ut
2111 5665 2276 5736 igitur
2306 5661 2587 5731 corporeis
2608 5673 2825 5731 quoque
2853 5657 3108 5713 sensibus
3142 5652 3345 5708 intelli-

1780 5756 2027 5826 gibilium
2060 5756 2616 5826 incorporearumque
2635 5764 2816 5805 rerum
2848 5749 3099 5803 notiones
3117 5758 3346 5815 capere-

183 5918 218 5946 "
253 5914 404 5969 Joan.
444 5929 541 5980 xu,
570 5912 753 5965 574i.
833 5911 898 5943 δ”
933 5912 1087 5966 Rom.
1127 5925 1178 5975 v,
1218 5910 1303 5964 19..
