3894 6510
166 395 254 450 ‘97
1009 378 1664 439 DEMONSTRATIONIS
1702 378 2162 438 EVANGELICAS
2205 382 2334 439 LIB.
2377 369 2514 442 VII.-

3307 392 3414 452 498

161 503 375 563 ἀπιστία
401 503 685 573 τυγχάνει,
721 499 815 554 καὶ
846 498 1005 552 τοῦτο
1041 499 1139 569 τῆς
1182 496 1536 570 προρρήσεως
1564 492 1732 562 ἀψευ-

1839 492 1974 551 l‘acie
2003 496 2234 552 duorum
2259 515 2448 571 regum
2464 501 2529 556 ³³.
2561 521 2580 554 ι
2607 500 2671 556 Et
2696 512 2816 574 qua:
2847 505 3066 576 quidem
3089 507 3157 564 ad
3181 509 3415 582 prophe-

160 600 250 662 δῶς
295 598 420 668 περὶ
469 595 651 650 αὐτῶν
709 595 802 647 καὶ
846 592 982 664 πρὸς
1037 592 1234 654 αὐτοὺς
1285 586 1732 658 ἀποφηναμένης.

166 716 181 742 ι
209 692 323 745 Ἐάν
348 691 481 762 γὰρ,
506 709 526 741 ι
563 689 714 762 φησι,
740 706 757 738 ι
773 685 849 758 μὴ
865 683 1214 754 πιστεύσητε.
1236 681 1354 736 οὐδὲ
1379 679 1454 752 μὴ
1479 679 1691 749 συνῆτε.
1709 698 1728 731 ι

171 785 294 838 Ἀλλ’
338 787 387 838 εί
420 785 585 852 φαῖεν
635 782 710 853 μὴ
761 779 1060 851 Παρθένον,
1094 776 1275 830 νεᾶνιν
1313 774 1372 828 δὲ
1416 771 1732 845 ὠνομάσθαι

161 880 210 931 ὲν
232 879 294 949 τῇ
323 877 518 948 Γραφῇ
553 874 713 948 (οὕτω
761 872 870 944 γάρ
891 889 1022 942 φασι
1051 868 1311 940 φέρεσθαι
1345 869 1474 940 παρ’
1497 867 1730 931 αὑτοῖςὶ,

164 971 242 1022 καὶ
287 971 438 1021 ποῖον
472 967 545 1021 ἂν
587 967 815 1035 γένοιτο,
846 965 1111 1035 φήσομεν,
1146 965 1369 1034 σημεῖον
1401 959 1732 1030 ἐπαγγελίας

163 1062 280 1116 Θεοῦ
310 1061 484 1127 ἄξιον,
533 1061 583 1113 εί
630 1057 874 1129 συνήθως
917 1054 1141 1117 τίκτειν,
1172 1050 1261 1110 οἷα
1293 1054 1388 1110 καὶ
1432 1057 1608 1110 πᾶσαι
1631 1070 1730 1122 γυ-

162 1160 345 1218 ναῖκες,
381 1154 444 1220 ἐξ
483 1152 707 1223 ὁμιλίας
745 1149 936 1222 ἀνδρὸς
961 1150 1017 1202 ὲν
1047 1147 1246 1219 γαστρὶ
1286 1146 1524 1202 λαϐοῦσα
1555 1146 1733 1211 νεᾶνίς

163 1265 233 1312 τις
259 1246 482 1317 ἔμελλες
514 1243 642 1307 Πῶς
668 1242 724 1295 δὲ
751 1241 844 1296 καὶ
871 1239 1004 1303 Θεὸς
1033 1234 1101 1311 ἦν
1127 1241 1155 1293 6
1182 1238 1240 1306 ἐξ
1268 1239 1437 1310 αὐτῆς
1461 1236 1732 1310 γεννώμε-

167 1361 265 1407 tog;
294 1341 387 1396 καὶ
425 1341 530 1409 οὐχ
563 1337 752 1402 ἁπλῶς
780 1336 934 1402 Θεὸς,
966 1335 1081 1390 ἀλλ’
1113 1337 1145 1390 ὁ
1173 1333 1303 1403 μεθ’
1334 1330 1536 1403 ήμῶν-ς
1574 1330 1732 1385 τοῦτο

167 1437 255 1509 γὰρ
291 1434 584 1505 σημαίνειν
624 1430 870 1501 βούλεται
907 1429 969 1482 τὸ
1007 1425 1372 1498 Ἐμμανουὴλ,
1421 1425 1556 1496 ὅπερ
1599 1422 1731 1494 φησὶ

164 1531 255 1584 δεῖν
279 1525 574 1596 ὀνομάζειν
612 1523 702 1576 τὸν
744 1520 1098 1593 γεννώμενον.
1139 1539 1158 1572 ι
1201 1519 1330 1573 Ἰδοὺ
1377 1517 1486 1589 γὰρ
1519 1518 1552 1589 ἡ
1585 1517 1732 1586 Παρ-

165 1619 316 1680 θένος,
362 1616 558 1686 φησὶν,
602 1614 659 1666 ὲν
694 1613 891 1686 γαστρὶ
928 1609 1176 1683 λήψεται,
1213 1609 1308 1662 καὶ
1349 1607 1560 1674 τέξεται
1593 1606 1727 1670 υἱὸν,

165 1711 245 1764 καὶ
283 1708 543 1770 καλέσεις
579 1706 642 1758 τὸ
685 1704 854 1772 ὄνομα
881 1701 1044 1756 αὐτοῦ
1084 1699 1460 1772 Ἐμμανουήλ’
1503 1719 1519 1750 ι
1551 1699 1577 1751 ὃ
1615 1699 1730 1750 ἐστι

167 1799 715 1874 μεθερμηνευόμενον,
763 1796 889 1866 μεθ’
922 1793 1090 1864 ἡμῶν
1120 1796 1151 1847 ό
1181 1793 1343 1858 Θεός.
1377 1791 1534 1854 Ποίος
1556 1789 1610 1842 δὲ
1638 1791 1730 1843 καὶ

1843 585 1971 642 tiam
2009 591 2301 659 pertinent,
2336 594 2390 648 in
2423 594 2568 673 hudnc
2595 596 2813 651 modum
2845 614 2904 654 se
2932 599 3153 658 habent.
3181 597 3412 673 Diligen-

1841 679 1951 736 tius
1975 698 2101 737 vero
2132 685 2413 742 attendere
2445 703 2541 758 par
2565 696 2650 744 est
2672 689 2844 760 ipsius
2868 693 3076 746 oraculi
3103 694 3411 756 exordium.

1841 772 1987 844 quod
2019 775 2257 846 legentes
2288 777 2565 845 admonet,
2596 781 2643 837 si
2692 797 2800 837 non
2848 783 3200 851 crediderint,
3229 803 3298 842 ne
3329 787 3413 842 iu-

1842 865 2157 924 tellecturos
2202 869 2420 939 quidem
2455 887 2616 941 esse;
2648 881 2699 930 et
2723 889 2855 930 sane
2896 875 3158 938 adnotare
3189 893 3414 934 necesse

1842 955 1963 1022 fuit,
1995 965 2159 1028 atque
2203 963 2511 1028 ostendere,
2558 966 2704 1035 quod
2737 982 2846 1023 non
2896 968 3070 1022 solum
3113 969 3410 1036 intellectu,

1841 1051 1935 1106 sed
1961 1051 2125 1107 etiam
2158 1053 2260 1110 lide
2294 1054 2361 1112 iis
2381 1057 2472 1128 qui
2505 1058 2700 1114 lecturi
2723 1068 2872 1126 sunt,
2897 1076 3036 1134 opus
3063 1062 3154 1126 sit.
3175 1069 3228 1117 et
3249 1063 3415 1117 vicis-

1841 1143 1966 1210 sim,
2019 1162 2125 1201 non
2179 1148 2354 1201 solum
2389 1148 2490 1204 ﬁde
2523 1149 2620 1206 sed
2650 1152 2812 1207 etiam
2863 1153 3161 1210 intellectu.
3197 1154 3269 1208 Ex
3302 1171 3413 1226 quo

1838 1232 2012 1291 ιιιόωί
2057 1237 2150 1308 qui
2192 1238 2245 1293 in
2291 1239 2569 1297 Christum
2597 1241 2688 1297 Dei
2714 1260 2820 1298 non
2864 1245 3213 1302 crediderunt
3247 1247 3407 1302 etiam

1839 1343 1988 1384 nunc
2040 1329 2154 1384 haec
2193 1331 2503 1399 audientes,
2545 1335 2788 1392 nondum
2840 1345 3020 1393 tamen
3065 1341 3188 1410 quis
3233 1340 3410 1408 sit,de

1838 1434 1948 1490 quo
1978 1421 2241 1492 propheta
2269 1423 2510 1494 loquitur
2542 1427 3022 1495 intellexerunt,ut
3051 1432 3106 1486 in
3135 1433 3270 1503 ipsis
3300 1434 3412 1504 pri-

1839 1513 1944 1568 mis
1980 1516 2273 1578 veritatem
2295 1533 2447 1572 suam
2483 1520 2790 1589 probaverit
2815 1522 3130 1577 vaticinium
3168 1543 3183 1575 :
3221 1525 3408 1579 auditu

1838 1606 1984 1660 enim
2029 1614 2143 1662 tota
2185 1609 2273 1664 die
2312 1610 2625 1680 prephetias
2649 1611 2714 1668 de
2737 1612 2955 1670 Christo
2985 1615 3290 1682 audientes,
3311 1632 3410 1670 au—

1838 1698 1993 1755 ribus
2043 1700 2412 1771 intelligeutiaa
2462 1720 2569 1759 non
2632 1705 2879 1760 audiunt.
2931 1707 3108 1778 Atque
3164 1710 3409 1778 ipsorum

1840 1791 2160 1859 ignorantiae
2203 1793 2307 1846 alia
2338 1794 2485 1848 nulla
2511 1803 2595 1850 est
2625 1811 2792 1850 causa
2826 1811 2990 1866 quam
3036 1798 3409 1866 incredulitas,

166 1864 472 1962 άγὼνΘεῷ,
606 1864 866 1952 ποῖος-ἂν
903 1887 986 1958 είη
1031 1885 1217 1948 κόπος,
1263 1883 1356 1936 καὶ
1405 1881 1601 1953 μόχθος
1643 1882 1733 1934 ἐπὶ

1839 1897 1959 1936 cum
1991 1881 2163 1952 ipsum
2194 1884 2296 1938 hoc
2320 1885 2527 1956 absque
2577 1864 2860 1944 mendacio
2889 1896 2945 1944 et
2975 1887 3042 1943 de
3071 1889 3225 1960 ipsis,
3258 1898 3312 1946 et
3342 1864 3411 1946 ad

167 1984 365 2054 συνήθει
388 1979 584 2052 τρόπῳ
613 1976 870 2047 γυναικὸς
900 1974 1218 2045 τικτούσηςς
1255 1973 1342 2025 Ἐν
1371 1972 1469 2042 μὲν
1493 1970 1600 2044 γὰρ
1624 1973 1734 2034 τοῖς

169 2076 436 2148 ἡμετέροις
492 2071 876 2142 ἀντιγράφοις,
928 2067 1018 2136 ὑφ’
1075 2065 1472 2136 Ἑϐδομήκοντα
1528 2061 1736 2134 ἀνδρῶν

167 2168 352 2224 ἄνωθεν
391 2167 493 2238 μὲν
533 2163 797 2235 Ἐϐραίων
831 2161 890 2214 τὸ
922 2160 1100 2230 γένος,
1141 2159 1226 2211 ἐπ’
1257 2155 1512 2228 ἀκριϐείᾳ
1539 2155 1595 2208 δὲ
1638 2155 1736 2223 τῆς

169 2262 382 2333 πατρίου
451 2257 706 2319 παιδείας
766 2250 1239 2325 δεδοκιμασμένων
1279 2247 1732 2322 ’ήρμηνευμένοις,

168 2348 253 2407 ὧδέ
285 2370 399 2416 πως
432 2352 664 2422 φέρεται
690 2367 703 2379 ο
751 2367 768 2399 ι
812 2346 901 2416 Μὴ
950 2344 1144 2418 μικρὸν
1177 2345 1306 2415 ὑμῖν
1340 2342 1528 2411 ἀγῶνα
1597 2357 1736 2412 παρ-

168 2447 296 2516 έχειν
336 2441 690 2515 ἁνθρώποιςς
727 2438 823 2492 καὶ
849 2437 965 2500 πῶς
997 2435 1186 2508 Κυρίῳ
1218 2434 1483 2506 παρέχετε
1516 2433 1732 2501 ἀγῶνας

169 2537 245 2590 διὰ
266 2538 420 2590 τοῦτο
451 2534 619 2589 δώσει
655 2532 857 2603 Κύριος
889 2528 1050 2592 αὐτὸς
1081 2529 1208 2599 ὑμῖν
1251 2529 1492 2598 σημεῖονο
1537 2526 1666 2579 Ἰδοὺ
1702 2527 1735 2596 ή

172 2631 426 2702 Παρθένος
459 2631 522 2682 ἐν
571 2627 770 2698 γαστρὶ
808 2623 1058 2694 λήψεται,
1103 2621 1196 2675 καὶ
1247 2620 1457 2684 τέξεται
1511 2619 1644 2682 υἱὸν,
1677 2617 1736 2682 ὃς

171 2726 483 2795 κεκλήσεται
530 2725 563 2776 ὀ
609 2722 740 2790 μεθ’
782 2716 950 2787 ἡμῶν
997 2716 1160 2780 Θεός.
1197 2732 1216 2766 ι
1271 2711 1442 2768 Τοῦτο
1482 2712 1611 2784 γὰρ,
1662 2710 1737 2773 ὡς

171 2819 310 2888 ἔφην,
347 2815 548 2888 δηλοῦν
582 2813 829 2884 βούλεται
861 2812 922 2865 τὸ
961 2806 1304 2883 Ἐμμανουὴλ
1335 2806 1522 2877 δνομα.
1561 2804 1648 2857 Ἑν
1680 2802 1736 2855 δὲ

171 2914 266 2974 τοῖς
296 2907 476 2963 αὐτῶν
519 2905 785 2960 Ἰουδαίων
827 2903 1198 2975 ἀντιγράφοις,
1251 2897 1391 2952 κατὰ
1437 2897 1534 2968 τὴν
1578 2894 1736 2948 Ἀκύ-

172 3002 251 3056 λου
281 3000 584 3072 μεταϐολὴν
625 2997 944 3068 φερομένοις
995 2993 1350 3066 (προσήλυτος
1412 2989 1469 3044 δὲ
1511 2991 1539 3042 6
1580 2987 1737 3041 Ἀκύ-

172 3093 254 3156 λας
276 3090 359 3164 ἦν,
391 3093 464 3156 οὐ
489 3092 649 3160 φύσει
688 3085 978 3159 Ἰουδαῖος),
1005 3087 1152 3156 ὅμως
1181 3084 1225 3136 δ’
1251 3078 1344 3137 οῦν
1377 3082 1472 3135 καὶ
1500 3081 1618 3133 κατ’
1647 3079 1738 3132 αὑ-

173 3188 248 3240 τὸν
296 3185 487 3240 τοῦτον
543 3183 756 3255 εἴρηται
801 3179 891 3234 τὸν
935 3179 1134 3250 τρόπον
1168 3194 1180 3206 ·
1238 3195 1256 3227 ι
1306 3172 1597 3228 Ἀκούσατε
1643 3171 1730 3244 δὴ,

172 3276 300 3342 οἶκος
324 3277 490 3332 Δαυείδ
511 3295 523 3306 .
562 3279 692 3346 μήτε,
719 3273 897 3341 ὀλίγον
931 3269 1040 3324 ἀπὸ
1069 3266 1220 3338 ὑμῶν
1253 3264 1483 3338 μοχθοῦν
1511 3265 1731 3336 ἄνδραςι

173 3372 243 3424 ὅτι
269 3368 531 3442 μοχθοῦτέ
563 3385 628 3436 γε
660 3367 754 3419 καὶ
782 3365 872 3416 τὸν
902 3362 1106 3433 Κύριον
1139 3359 1270 3424 Θεόν
1299 3375 1431 3429 μους
1458 3355 1554 3411 Διὰ
1581 3357 1737 3410 τοῦτο

175 3463 312 3516 δώσει
347 3461 515 3524 αὐτὸς
552 3460 682 3530 ὑμῖν
709 3458 963 3528 σημεῖον·
1005 3453 1136 3507 Ἰδοὺ
1167 3454 1200 3522 ἡ
1245 3452 1423 3514 νεᾶνις
1457 3452 1514 3502 ἐν
1539 3449 1736 3520 γαστρὶ

177 3554 546 3626 συλλαμϐάνει,
573 3552 666 3605 καὶ
691 3551 866 3603 τίκτει
896 3547 1030 3612 υἱὸν,
1058 3547 1152 3599 καὶ
1178 3544 1425 3605 καλέσεις
1447 3542 1618 3612 ὄνομα
1640 3541 1738 3594 αὺ-

176 3651 258 3702 τοῦ
299 3646 674 3720 Ἐμμανουήλ.
714 3665 732 3697 ι
773 3641 931 3715 Παρὰ
963 3641 1020 3694 δὲ
1056 3639 1135 3709 τῷ
1160 3636 1439 3708 Συμμάχῳ
1468 3633 1620 3688 ταῦθ’
1653 3632 1736 3686 οῦ-

175 3757 268 3804 τως
294 3741 404 3812 ἔχει
426 3758 438 3771 ·
469 3741 707 3811 (λέγεται
737 3737 795 3790 δὲ
824 3738 852 3789 ό
885 3735 1178 3805 Σύμμαχος
1224 3729 1533 3790 Ἐϐιωναῖος
1564 3721 1700 3779 εἶναι
1719 3743 1733 3756 ·

179 3835 365 3905 αἵρεσις
407 3832 464 3885 δὲ
497 3827 563 3903 ἧν
591 3830 734 3883 οὕτω
760 3825 1110 3896 καλουμένων
1148 3819 1308 3874 τινῶν
1354 3817 1620 3872 Ἰουδαίων
1658 3817 1738 3880 είς

178 3926 393 3998 Χριστὸν
406 3924 683 3980 πιστεύειν
708 3918 1037 3990 λεγομένων,
1055 3913 1114 3980 ἐξ
1146 3907 1219 3967 ὧν
1241 3914 1270 3966 ὁ
1303 3911 1596 3983 Σύμμαχος
1622 3904 1736 3980 ἦν.)

182 4013 354 4090 παρ’(ἷ)
397 4019 494 4072 καὶ
536 4013 684 4086 αὐτῷ
727 4011 901 4066 ταῦτα
947 4009 1119 4073 οὕτως
1158 4007 1301 4078 ἔχει·
1358 4023 1376 4057 ι
1420 4002 1735 4066 Ἀκούσατε,

180 4107 304 4176 οἵως
334 4109 502 4164 Δαυῖδ
524 4126 538 4140 ’
575 4109 666 4178 Μὴ
706 4107 806 4160 οὐκ
831 4103 1102 4174 αῦταρκες
1135 4101 1262 4172 ὑμῖν
1305 4095 1506 4152 κοποῦν
1535 4094 1740 4166 ἀνθρώ-

183 4221 314 4270 πους,
347 4206 431 4258 ὅτι
471 4201 704 4257 κοποῦτε
746 4200 838 4253 τὸν
875 4198 1008 4252 Θεόν
1053 4212 1193 4268 μους
1237 4193 1335 4248 Διὰ
1377 4189 1535 4246 τοῦτο
1579 4187 1738 4242 δώσει

181 4295 319 4360 αὐτὸς
347 4298 478 4366 ὑμῖν
507 4297 729 4364 σημεῖον
755 4310 767 4322 ·
806 4291 936 4345 Ἰδοὺ
958 4292 992 4361 ἡ
1026 4290 1204 4352 νεᾶνις
1235 4283 1621 4355 συλλαμϐάνει,
1646 4280 1740 4333 καὶ

180 4387 331 4442 τίκτει
359 4387 498 4454 υίὸν,
523 4386 618 4441 καὶ
645 4385 894 4447 καλέσεις
927 4382 1095 4452 δνομα
1124 4378 1288 4433 αὐτοῦ
1335 4373 1700 4448 Ἐμμανουήλ.
1717 4391 1734 4423 ι

192 4481 391 4552 Ἐπειδὴ
437 4480 548 4551 γὰρ
591 4479 686 4533 τοῦ
723 4475 995 4531 Ἰουδαίων
1039 4473 1223 4537 ἐθνους
1258 4471 1325 4525 τὸ
1369 4467 1603 4540 σκληρὸν
1645 4464 1737 4519 τοῦ

1835 1971 1984 2044 ipsos
2005 1973 2347 2040 vaticinium,
2376 1978 2533 2047 plane
2556 1980 2958 2037 euuntiaverit:
2988 1999 3006 2032 ι
3038 1980 3093 2035 Si
3124 1981 3268 2037 enim
3300 1998 3410 2038 non

1834 2064 2199 2130 credideritis,
2240 2067 2435 2136 inquit.
2471 2085 2538 2126 ne
2572 2070 2883 2139 intelligetis
2924 2071 3166 2142 quidem.
3199 2091 3218 2124 ι
3251 2071 3411 2139 Quod

1837 2156 1885 2212 si
1920 2156 2155 2213 dixerint
2197 2176 2306 2215 non
2359 2159 2658 2231 Virginem,
2691 2163 2786 2218 sed
2818 2164 3049 2234 puellam
3095 2165 3235 2235 apud
3263 2165 3411 2220 Scri-

1837 2256 2051 2318 pturam
2097 2253 2430 2306 nominatam
2458 2270 2580 2310 esse
2611 2255 2714 2325 (sic
2735 2256 2878 2312 enim
2906 2258 3059 2312 aiunt
3091 2258 3235 2329 apud
3260 2259 3410 2329 ipsos

1835 2341 2069 2414 haberi),
2121 2344 2430 2414 cujusmodi
2482 2346 2701 2401 tandem
2750 2349 2964 2418 signum
3019 2351 3122 2405 hoc
3163 2349 3405 2406 futurum

1836 2433 2102 2502 dicemus,
2136 2437 2277 2506 quod
2331 2436 2514 2490 divina
2561 2439 2922 2508 promissione
2976 2441 3046 2497 sit
3083 2440 3330 2511 dignum,
3360 2444 3407 2498 si

1837 2527 2056 2594 usitate,
2083 2530 2539 2600 quemadmodum
2560 2541 2769 2589 αξιοι-ω
2787 2549 2978 2590 omnes
3009 2535 3288 2600 mulieres,
3312 2536 3404 2591 ubi

1835 2636 1900 2674 ex
1962 2620 2065 2675 viri
2119 2623 2508 2692 conjunctione
2559 2640 2845 2696 prregnans
2903 2630 3172 2690 evaserit,
3229 2628 3405 2697 puella

1835 2711 2103 2781 quaepiam
2158 2711 2261 2768 fuit
2313 2714 2596 2784 paritura?
2645 2716 2930 2781 Quomodo
2973 2725 3232 2786 praeterea
3263 2716 3408 2772 Deus

1836 2803 1940 2858 erit
1970 2804 2062 2874 qui
2095 2821 2161 2860 ex
2193 2802 2285 2859 illa
2343 2819 2623 2869 nascatur,
2656 2822 2832 2876 neque
2885 2807 3206 2878 simpliciter
3238 2807 3402 2872 Deus.

1837 2895 1929 2950 scd
1977 2897 2247 2950 nobiscum
2289 2896 2469 2954 Deus?
2495 2900 2600 2955 hoc
2652 2902 2795 2957 enim
2847 2901 3112 2972 signiﬁcat
3146 2916 3250 2956 vox
3278 2900 3408 2955 Em-

1837 2990 2075 3053 manuel,
2106 3005 2215 3061 quo
2249 2991 2471 3047 nomine
2504 2994 2579 3048 ait
2607 3009 2729 3056 esse
2767 2993 3073 3048 vocandum
3118 2994 3268 3047 illum
3315 2994 3407 3062 qui

1837 3091 2097 3137 nascetur
2131 3103 2143 3138 :
2182 3101 2202 3135 ι
2254 3083 2392 3140 Ecce
2433 3086 2598 3149 enim,
2665 3085 2864 3156 inquit,
2916 3085 3082 3155 Virgo
3139 3086 3194 3140 in
3251 3094 3410 3141 utero

1759 3201 1805 3264 ε
1836 3175 2036 3244 capiet,
2059 3175 2222 3247 316
2241 3182 2294 3232 et
2326 3178 2500 3246 pariet
2525 3178 2718 3242 ﬁlium,
2741 3187 2796 3234 et
2827 3178 3042 3233 vocabis
3070 3194 3265 3232 nomen
3290 3178 3410 3246 ejus

1841 3266 2179 3335 Emmanuel,
2209 3287 2228 3321 ι
2260 3270 2405 3339 quod
2439 3277 2544 3336 est,
2573 3271 2619 3327 si
2640 3271 2765 3340 quis
2794 3270 3200 3338 interpretetur,
3231 3269 3412 3325 nobis--

1837 3380 1956 3417 cum
1991 3363 2148 3418 Deus.
2189 3363 2514 3434 Cujusmodi
2563 3370 2744 3419 autem
2798 3371 3073 3419 certamen
3130 3361 3262 3424 Deo,
3318 3369 3411 3415 aut

1839 3455 1966 3526 quis
1995 3454 2212 3509 tandem
2249 3455 2422 3518 labor,
2461 3469 2648 3524 quaeve
2677 3452 2968 3508 diﬁicultas
3005 3451 3242 3522 objecta.
3267 3452 3313 3508 si
3343 3451 3411 3508 de

1840 3562 1990 3601 more
2024 3547 2269 3616 paritura
2321 3545 2422 3600 fuit
2467 3545 2785 3601 muliean
2816 3545 3021 3601 nostris
3041 3544 3186 3600 enim
3225 3559 3410 3600 exem-

1839 3638 2124 3708 plaribus.)
2153 3652 2274 3707 qua:
2319 3637 2634 3708 quicunque
2687 3635 3025 3705 interpretati
3080 3643 3242 3698 sunt,
3275 3635 3310 3687 ii
3355 3641 3412 3691 et

1837 3745 2036 3802 genere
2059 3730 2127 3785 ab
2159 3728 2400 3786 Hebraeis
2431 3728 2650 3783 oriundi
2682 3727 2926 3792 fuerunt,
2953 3733 3006 3782 et
3031 3725 3220 3796 patriae
3257 3726 3407 3797 ipso-

1844 3839 1964 3878 rum
2009 3824 2207 3895 lingua:
2247 3822 2587 3893 peritissimi,
2611 3828 2664 3877 et
2699 3820 2754 3874 in
2781 3835 2845 3875 ea
2874 3819 3179 3874 eruditione
3212 3817 3408 3888 proba-

1841 3915 2062 3978 tissimi,
2087 3915 2166 3970 sic
2192 3914 2423 3969 habetur
2449 3932 2460 3966 :
2497 3930 2514 3962 ι
2547 3913 2683 3966 Num
2715 3926 2906 3980 parum
2934 3909 3092 3965 vobis
3114 3917 3216 3970 est,
3240 3915 3412 3963 certa-

1842 4023 1966 4061 men
1993 4006 2253 4062 cxbibere
2296 4004 2648 4060 hominibus?
2673 4012 2728 4060 et
2753 4019 2854 4058 cur
2883 4001 3114 4057 Domino
3143 4000 3413 4056 exbibetis

1837 4099 2158 4156 certamen?
2218 4106 2439 4170 propter
2503 4095 2607 4150 hoc
2651 4095 2802 4150 dabit
2828 4094 3091 4149 Dominus
3115 4093 3230 4163 ipse
3257 4094 3412 4149 vobis

1841 4193 2080 4263 signum.
2139 4190 2283 4247 Ecce
2343 4191 2509 4262 Virgo
2564 4190 2619 4244 in
2672 4198 2827 4244 utero
2867 4187 3065 4258 capiet,
3127 4195 3180 4241 et
3237 4185 3414 4254 pariet

1845 4285 2034 4350 ﬁlium,
2074 4285 2167 4355 qui
2197 4293 2422 4339 vocatur
2445 4282 2718 4338 nobiscum
2741 4280 2902 4335 Deus.
2935 4299 2952 4331 ›
2979 4278 3095 4333 [loc
3131 4277 3275 4333 enim
3308 4277 3414 4331 sibi

1842 4376 1978 4441 vult,
2010 4375 2468 4445 quemadmodum
2501 4374 2638 4437 dixi,
2667 4372 2784 4442 ipsa
2825 4385 2931 4424 vox
2981 4367 3319 4421 Emmanuel.
3355 4365 3410 4420 In

1843 4466 1978 4538 ipsis
2011 4475 2195 4521 autem
2224 4464 2536 4520 Iudaeorum
2589 4461 3008 4532 exemplaribus,
3042 4474 3164 4529 qua:
3218 4473 3430 4514 securim

181 4549 390 4643 τρόπου,
416 4549 674 4642 καὶπρὸς
715 4566 996 4622 εὐσέϐειαν
1033 4562 1359 4625 δυσὲνδοτον,
1404 4559 1601 4631 ἱδρῶτα
1647 4556 1735 4610 καὶ

1845 4562 1974 4614 dum
2025 4559 2234 4629 Aquila:
2290 4558 2704 4614 conversionem
2763 4553 3012 4609 feruntur
3061 4552 3416 4623 (adventilius

181 4667 346 4730 κόπον,
383 4664 584 4738 μόχθον
613 4679 672 4716 τε
696 4661 757 4715 οὐ
790 4659 881 4713 τὸν
905 4658 1154 4729 τυχόντα,
1181 4655 1275 4708 καὶ
1302 4652 1488 4720 ἀγῶνα
1516 4651 1740 4721 παρεῖχε

183 4760 274 4821 τοῖς
297 4759 463 4813 πάλαι
486 4755 755 4825 θεοφιλέσι
781 4753 1109 4825 προφήταις,
1137 4747 1326 4802 τούτου
1352 4746 1533 4816 χάριν,
1569 4763 1586 4794 ι
1627 4741 1742 4794 Οὐκ

184 4852 429 4924 αὔταρκες
474 4852 624 4921 ὑμῖν,
675 4867 692 4899 ι
747 4846 903 4918 φησὶ,
941 4865 958 4897 ι
988 4846 1112 4908 τοὺς
1153 4842 1438 4913 προφήτας
1469 4838 1561 4891 τοῦ
1603 4835 1738 4890 Θεοῦ

189 4945 418 5016 μοχθοῦν,
448 4943 546 4998 καὶ
579 4940 762 5011 ἀγῶνα
792 4938 1049 5010 παρέχειν
1089 4933 1435 5007 ἁνθρώποιςς
1479 4930 1594 4986 ἀλλ’
1639 4929 1741 5001 ήδη

181 5038 264 5092 καὶ
295 5039 382 5093 τὸν
406 5037 543 5092 Θεόν
569 5053 669 5107 μου
709 5032 960 5096 κοποῦτε,
999 5029 1092 5083 καὶ
1128 5026 1315 5097 ἀγῶνα
1348 5027 1614 5096 παρέχετε
1648 5021 1740 5075 καί

182 5149 234 5199 γε
273 5132 342 5203 τῷ
367 5130 491 5201 Θεῷ
520 5145 657 5200 μους
693 5147 711 5181 ι
746 5125 903 5180 Οὕτω
947 5124 1056 5195 γὰρ
1098 5123 1192 5178 καὶ
1231 5122 1523 5176 Θεοδοτίων
1552 5117 1742 5184 ἐξέδω-

182 5240 276 5277 κεν.
332 5227 390 5278 '0
444 5221 576 5292 γοῦν
624 5220 911 5292 προφήτης
975 5217 1120 5280 ίδίως
1165 5215 1358 5270 ἑαυτοῦ
1414 5215 1566 5278 Θεὸν,
1627 5213 1740 5266 ἀλλ’

181 5315 282 5385 οὐχὶ
315 5316 408 5370 καὶ
437 5314 549 5368 τῶν
582 5313 721 5384 πρὸς
763 5310 856 5374 οὒς
884 5311 913 5363 6
951 5310 1128 5377 λόγος,
1161 5308 1260 5363 τὸν,
1279 5306 1614 5378 κοπούμενον
1649 5306 1740 5359 καὶ

184 5405 258 5458 ἐπὶ
278 5407 364 5460 τὸν
384 5405 572 5476 ἀγῶνα
595 5403 957 5473 ἀποδυόμενον
988 5403 1303 5474 προσεῖπεν,
1325 5400 1424 5454 οὐκ
1453 5398 1518 5452 ἂν
1538 5399 1737 5470 φήσας,

183 5491 294 5548 Θεόν
324 5514 422 5567 μου
453 5497 545 5550 τὸν
569 5495 660 5548 ἐπὶ
689 5496 906 5548 πάντων
929 5495 1060 5548 Θεὸν
1091 5495 1148 5546 ἐν
1182 5491 1475 5554 Ἰουδαίοις,
1505 5491 1635 5560 παρ’
1660 5485 1741 5553 οἷς

185 5583 238 5636 ἐκ
261 5588 506 5656 πατέρων
531 5586 594 5638 τὸ
621 5587 746 5655 περ)⁵
769 5585 860 5638 τὸν
877 5586 986 5639 τῶν
1013 5585 1230 5639 πάντων
1255 5580 1582 5654 δημιουργὸν
1610 5578 1740 5633 Θεὸν

187 5675 327 5741 πέδας
365 5678 710 5747 ἐφυλάττετο.
741 5678 833 5740 Τίς
863 5678 906 5730 δ’
937 5679 999 5732 ἂν
1031 5679 1112 5747 εἴη
1155 5680 1182 5731 ό
1211 5677 1360 5746 ἀγὼν
1393 5675 1487 5730 καὶ
1523 5672 1737 5745 μόχθος,

251 5837 288 5866 ⁸³
315 5837 421 5893 Isa.-
447 5856 544 5904 vn,
577 5838 753 5893 10-16.

1844 4662 2022 4708 autem
2062 4653 2254 4722 Aquila
2293 4651 2410 4711 fuit.
2447 4666 2556 4706 non
2587 4658 2784 4704 natura
2811 4644 3076 4718 Iudaeus),
3105 4646 3200 4701 sed
3232 4653 3413 4700 tamen

1841 4746 2005 4802 etiam
2046 4745 2346 4802 secundum
2383 4745 2548 4807 hunc,
2579 4741 2683 4798 hoc
2709 4756 2842 4797 sane
2880 4739 3144 4810 scriptum
3184 4745 3267 4793 est
3297 4753 3414 4791 mo-

1843 4839 1913 4892 do
1946 4858 1958 4893 :
1995 4857 2013 4890 ι
2062 4837 2320 4908 Nunquid
2363 4851 2556 4908 parum
2589 4842 2674 4890 est
2706 4850 2735 4887 a
2767 4833 2924 4888 vobis
2971 4831 3186 4902 fatigari
3234 4829 3416 4884 viros?

1843 4933 1986 5002 quod
2041 4932 2278 4987 laborem
2335 4928 2604 4986 cxhibetis
2634 4927 2796 4982 etiam
2832 4923 2943 4980 Deo
2993 4922 3154 4978 meo?
3188 4921 3417 4991 Pr0pter

1845 5028 1947 5082 hoc
1973 5026 2124 5081 dabit
2156 5026 2271 5095 ipse
2302 5024 2457 5080 vobis
2495 5023 2711 5093 signum
2751 5039 2764 5074 :
2803 5018 2942 5074 Ecce
2965 5017 3140 5087 puella
3169 5016 3224 5069 in
3261 5023 3416 5068 utero

1844 5117 2112 5185 concipit,
2148 5122 2200 5170 et
2261 5119 2402 5184 parit
2441 5113 2634 5177 ﬁlium,
2679 5118 2732 5166 et
2779 5109 3000 5164 vocabis
3050 5120 3247 5160 nomen
3297 5103 3417 5173 ejus

1845 5205 2186 5260 Emmanuel.
2218 5223 2236 5256 ι
2271 5202 2428 5274 Apud
2468 5199 2855 5273 Symmachum
2915 5211 3045 5252 vero
3089 5195 3204 5250 haec
3239 5194 3313 5248 ita
3357 5209 3416 5249 se

1843 5298 2043 5353 habent
2069 5299 2255 5369 (porro
2283 5294 2644 5366 Symmachus
2669 5291 2872 5346 dicitur
2894 5289 3180 5344 Ebionwus
3209 5285 3412 5341 fuisse:

1843 5401 1992 5450 secta
2041 5400 2221 5448 autem
2268 5391 2383 5446 haec
2435 5389 2535 5444 fuit
2571 5386 2908 5452 Judaeorum,
2941 5384 3033 5454 qui
3082 5397 3147 5438 eo
3197 5381 3417 5436 nomine

1843 5485 2202 5552 vocabantur,
2228 5493 2284 5540 et
2321 5483 2377 5538 in
2406 5480 2684 5536 Christum
2720 5476 2944 5534 credere
2971 5475 3317 5535 dicebautur,
3349 5487 3411 5526 ex

1843 5577 2043 5650 quibus
2091 5575 2452 5649 Symmachus
2496 5574 2651 5644 fuit);
2684 5573 2825 5645 apud
2871 5574 3050 5643 ipsum
3082 5573 3226 5628 hunc
3255 5572 3418 5642 igitur

1844 5671 1957 5726 hcce
1992 5671 2064 5724 ita
2091 5684 2150 5726 se
2179 5667 2410 5724 habent:
2440 5685 2458 5720 ι
2483 5666 2700 5732 Audite,
2729 5665 2925 5721 domus
2955 5663 3145 5730 David,
3172 5660 3416 5735 nunquid
