3894 6528
519 385 628 442 699
1191 381 1459 439 EUSEBll
1501 378 1990 436 CESARIENSIS
2023 378 2172 434 ΟΡΡ.

518 519 628 558 non
662 502 797 558 satis
827 501 982 558 vobis
1012 509 1094 558 est
1135 499 1364 572 fatigare
1387 501 1659 564 homines,
1686 499 1833 569 quod
1855 497 2094 568 fatigatis
2123 503 2168 560 Α

523 596 692 651 Deum
743 597 964 650 meum?
1019 601 1238 664 pr0pter
1288 594 1392 648 hoc
1449 593 1604 648 dabit
1661 590 1925 648 Dominus
1978 592 2096 662 ipse

523 689 681 744 vobis
717 687 930 759 signum
966 705 980 740 :
1019 685 1157 742 Ecce
1189 687 1366 756 puella
1395 686 1636 757 concipit
1661 695 1715 742 et
1743 684 1882 756 parit
1904 684 2092 749 fllium,

523 789 580 833 et
625 780 845 834 vocabis
891 791 1088 832 nomen
1119 776 1241 846 ejus
1271 775 1613 832 Emmanuel.
1653 795 1672 828 ι
1709 775 1918 842 Quibus
1949 774 2095 830 enim

522 868 976 939 Judaicaa'gentis
1006 882 1188 922 mores
1215 867 1523 938 aSperrimi,
1552 875 1606 921 et
1637 881 1666 919 a
1689 867 1884 936 pietate
1909 866 2098 919 admo-

523 961 654 1015 dum
689 959 1071 1022 abhorrentes,
1119 958 1374 1012 sudorem
1419 958 1790 1026 laboremque,
1813 971 1878 1010 ac
1907 955 2098 1026 fatiga-

524 1052 726 1107 tionem
787 1067 894 1106 non
959 1050 1261 1121 vulgarem,
1295 1060 1457 1120 atque
1505 1057 1802 1114 certamen,
1857 1050 2097 1120 antiquis

520 1143 632 1199 illis
659 1144 766 1199 Deo
783 1145 974 1200 amicis
1005 1145 1281 1214 prophetis
1305 1143 1655 1209 exhibebant,
1673 1143 1901 1207 idcirco,
1930 1162 1949 1194 σ
1983 1157 2096 1198 non

523 1236 661 1290 satis
717 1245 827 1298 est,
861 1237 1058 1306 inquit,
1095 1237 1274 1303 vobis,
1323 1234 1417 1290 Dei
1479 1235 1775 1306 prophetas
1836 1235 2092 1306 afﬂigere,

523 1325 947 1396 hominibusque
999 1325 1258 1380 exhibere
1305 1333 1604 1390 certamen,
1643 1326 1750 1380 nisi
1779 1325 1891 1394 jam
1930 1327 2094 1380 etiam

525 1417 694 1473 Deum
720 1433 900 1474 meum
927 1417 1184 1488 fatigetis,
1201 1417 1364 1487 eique
1390 1417 1696 1474 exhibeatis
1723 1425 2001 1472 certamen
2019 1418 2046 1470 ?
2071 1437 2089 1470 ι

523 1527 626 1566 nec
641 1509 754 1565 Deo
777 1509 1118 1581 simpliciter,
1137 1509 1232 1564 sed
1257 1509 1368 1565 Deo
1397 1511 1556 1566 meo?
1569 1511 1660 1565 Sic
1679 1512 1824 1566 enim
1845 1509 2096 1566 Theodo-

525 1601 642 1657 tion
663 1616 880 1672 quoque
910 1601 1198 1656 convertit.
1219 1600 1486 1672 Pr0pheta
1513 1601 1680 1672 igitur
1727 1617 1886 1658 suum
1927 1619 2094 1672 pecu-

523 1695 731 1749 liariter
744 1693 933 1759 Deum,
949 1701 1002 1750 et
1025 1709 1134 1750 non
1157 1709 1345 1749 eorum
1373 1693 1442 1748 ad
1463 1711 1600 1764 quos
1627 1709 1807 1750 sermo
1831 1695 2098 1766 dirigeba-

523 1794 638 1850 tur,
660 1801 784 1841 eum
809 1785 904 1856 qui
943 1793 1254 1850 vexaretur,
1278 1794 1331 1840 et
1353 1786 1406 1840 in
1438 1793 1712 1842 certamen
1733 1786 1976 1850 daretur,
2001 1801 2096 1856 ap-

521 1879 756 1946 pellavit,
785 1853 879 1949 qui
903 1879 1122 1950 quidem
1153 1895 1432 1948 nunquam
1464 1879 1631 1935 Deum
1662 1897 1840 1934 meum
1865 1853 2094 1938 dixisset
2127 1853 2169 1908 Β

517 1983 641 2021 eum
674 1968 768 2038 qui
792 1969 932 2038 apud
953 1967 1170 2025 Judaaos
1191 1985 1484 2038 supremus
1501 1969 1747 2032 habetur,
1770 1969 1910 2038 apud
1933 1985 2090 2040 quos,

523 2043 686 2123 quem
740 2069 769 2107 a
821 2056 1065 2125 patrihus
1127 2073 1310 2112 rerum
1371 2059 1616 2114 omnium
1673 2062 1973 2118 conditoris
2001 2061 2096 2118 Dei

522 2143 685 2212 317
719 2143 926 2197 cultum
962 2143 1064 2214 ipsi
1090 2157 1431 2216 acceperant,
1463 2148 1510 2203 is
1538 2147 1952 2218 diligentissime
1985 2166 2099 2206 ser-

523 2234 774 2299 vab'atur,
818 2235 916 2290 sed
946 2236 1090 2306 quod
1145 2235 1360 2299 tandem
1409 2253 1532 2294 esse
1575 2247 1753 2310 potest
1797 2249 2094 2308 certamen,

523 2324 650 2394 qu‘is
683 2325 856 2387 labor,
887 2342 1008 2396 qua:
1041 2326 1284 2396 fatigatio
1305 2327 1426 2397 ejus
1455 2327 1572 2392 Dei,
1599 2329 1668 2385 de
1697 2346 1806 2400 quo
1833 2332 2095 2402 prapbeta

523 2417 789 2486 loquitur,
815 2417 922 2473 nisi
954 2417 1088 2472 illud
1112 2419 1176 2472 ad
1208 2420 1484 2475 hominum
1513 2421 1921 2491 generationem
1946 2440 2096 2480 acce-

521 2507 673 2570 dere,
699 2519 752 2561 et
779 2513 894 2562 tum
923 2509 1221 2563 secundum
1247 2523 1368 2574 nos,
1401 2517 1515 2562 tum
1547 2511 1844 2564 secundum
1875 2509 2097 2580 Septua-

523 2601 674 2670 ginta
705 2601 1206 2671 interpretationem
1231 2600 1298 2655 de
1335 2598 1555 2671 Virgine
1588 2603 1764 2656 nasci:
1791 2604 2094 2658 secundum

521 2711 654 2751 vero
693 2711 811 2751 eam
860 2711 981 2766 quae
1030 2699 1174 2767 apud
1226 2699 1473 2767 juniores
1528 2695 1700 2753 fertur
1745 2697 1986 2765 Iudaeos,
2028 2699 2098 2753 de

524 2787 748 2858 puella?
826 2787 1096 2843 Caeterum
1143 2789 1286 2860 apud
1339 2790 1541 2845 Mosem
1589 2807 1808 2862 quoque
1853 2790 2096 2848 invenies

523 2897 667 2944 eam,
703 2897 825 2952 quae
867 2881 1076 2951 absque
1119 2883 1491 2938 controversia
1527 2883 1599 2938 sit
1630 2883 1807 2952 virgo,
1861 2883 2093 2950 puellam

525 2972 818 3041 appellari:
865 2972 1136 3041 siquidem
1185 2987 1306 3028 eam
1354 2987 1476 3042 quae
1506 2973 1596 3026 alii
1643 2973 1970 3044 desponsata
2001 2975 2093 3034 sit,

525 3065 632 3118 alia
681 3079 810 3118 vero
863 3063 1168 3134 repudiata,
1215 3065 1318 3119 hac
1361 3066 1719 3135 appellatione
1761 3067 1995 3121 vocavit.
2047 3065 2096 3122 Is

525 3163 786 3225 praeterea
833 3157 927 3227 qui
969 3155 1038 3211 de
1081 3155 1176 3211 tali
1227 3155 1423 3211 femina
1473 3156 1546 3212 sit
1592 3155 1835 3213 edendus
1877 3158 2096 3212 nomine
2122 3193 2164 3251 ο

523 3247 870 3310 Emmanuel,
907 3247 1112 3318 majore
1145 3247 1318 3303 fertur
1361 3248 1622 3318 potentia,
1653 3264 1817 3320 quam
1852 3249 2095 3304 onmium

526 3337 758 3393 ali-orum
789 3339 1093 3404 hominum,
1139 3340 1342 3410 quippe
1381 3339 1476 3410 qui
1516 3341 1680 3410 eligat
1709 3341 1912 3396 bonum
1943 3340 2098 3410 prius

524 3449 688 3502 quam
731 3435 1048 3504 cOgnovcrit
1081 3434 1243 3499 mala,
1275 3440 1330 3489 et
1359 3434 1578 3488 malitiae
1615 3449 1726 3489 non
1758 3437 2098 3506 obtemperet

527 3526 652 3580 boni
681 3525 914 3596 eligendi
937 3526 1132 3598 gratia,
1163 3541 1229 3582 eo
1249 3527 1420 3593 magis
1443 3528 1588 3597 quod
1609 3527 1724 3582 haec
1747 3537 1966 3598 praestet
1988 3543 2096 3582 non

527 3619 580 3672 in
613 3618 754 3673 virili
792 3619 926 3688 jam,
958 3618 1054 3674 sed
1103 3619 1156 3672 in
1191 3620 1385 3689 puerili
1424 3621 1604 3675 adhuc
1633 3629 1792 3676 aetate
1829 3622 2098 3675 constitu-

526 3719 645 3774 tus;
674 3725 739 3764 ex
766 3725 878 3780 quo
903 3709 1036 3764 illud
1059 3709 1266 3764 dictum
1297 3717 1420 3765 est:
1482 3709 1643 3765 Prius
1687 3727 1850 3780 quam
1880 3712 2097 3766 noverit

523 3818 661 3873 puer
691 3804 890 3858 bonum
922 3809 1016 3858 aut
1047 3803 1271 3867 malum,
1313 3819 1420 3856 non
1452 3814 1604 3873 paret
1627 3804 1867 3867 malitiae,
1909 3811 1969 3858 ut
1997 3805 2096 3859 eli-

522 3903 614 3966 gat
671 3895 896 3950 bonum.
940 3914 958 3946 ι
985 3893 1196 3960 Quibus
1233 3894 1412 3949 verbis
1461 3910 1688 3964 prorsus
1726 3895 1873 3965 quod
1910 3895 1998 3949 ille
2031 3896 2100 3950 de

524 4003 637 4059 quo
664 3988 846 4058 agitur
871 3987 1076 4040 nullam
1095 3985 1355 4040 malitiam
1379 3987 1640 4057 attigerit,
1671 3986 2095 4042 demonstratur.

525 4079 632 4136 Sed
667 4080 1110 4136 excellentiorem
1143 4095 1360 4149 quoque
1392 4079 1910 4144 denominationem,
1933 4095 2096 4149 quam

523 4173 764 4228 hominis
795 4172 902 4225 ulla
936 4187 1059 4228 esse
1107 4172 1278 4241 possit
1305 4171 1620 4241 appellatio,
1663 4171 2004 4227 nanciscitur
2049 4173 2096 4228 is

524 4263 614 4335 qui
651 4264 938 4319 nobiseum
967 4273 1052 4319 est
1093 4263 1270 4318 Deus:
1315 4279 1487 4333 quare
1532 4263 1750 4334 signum
1789 4264 1917 4318 item
1951 4263 2096 4334 quod

528 4356 596 4411 de
627 4355 721 4410 illo
755 4352 942 4421 datur,
975 4354 1401 4425 profunditatem
1445 4353 1608 4408 simul
1645 4353 1846 4409 habere
1873 4355 2092 4423 dicitur,

532 4455 585 4504 et
615 4446 780 4503 simul
820 4446 1198 4501 altitudinem:
1229 4445 1654 4516 profunditatem
1715 4445 1932 4516 quidem
1969 4463 2098 4518 pro-

2217 377 2396 434 PARS
2437 381 2501 434 ll.
2525 411 2594 420 —
2625 377 3127 434 APOLOGETICA.
3659 383 3741 442 500

2196 499 2229 570 ἦ
2263 501 2294 552 6
2321 501 2489 562 κόπος
2539 499 2632 553 τοῦ
2673 500 3150 570 προφητευομένου
3197 498 3362 563 Θεοῦ,
3404 501 3436 572 ἢ
3473 501 3532 556 τὸ
3569 505 3640 566 είς
3669 508 3743 558 ἁν-

2196 586 2429 658 θρὼπων
2459 589 2669 656 γένεσιν
2697 589 2902 656 ὲλθείν;
2942 589 3083 642 κατὰ
3115 589 3222 660 μὲν
3254 591 3406 660 ἡμᾶς
3432 591 3523 644 καὶ
3551 591 3639 664 τὴν
3659 595 3743 648 τῶν

2207 679 2603 751 Ἐὗδομήκοντα
2649 681 2968 752 ἑρμηνείαν,
3009 681 3072 734 ἐκ
3101 679 3396 753 Παρθένου
3425 683 3741 754 γεννώμενον,

2197 771 2336 824 κατὰ
2380 771 2437 826 δὲ
2477 771 2574 842 τὴν
2630 771 2724 825 νῦν
2777 773 2928 844 παρά
2977 773 3261 836 Ἰουδαίοις
3329 776 3650 846 φερομένην,
3693 781 3744 831 ὲκ

2197 863 2455 926 νεάνιδος.
2498 864 2691 933 Εὕροις
2733 863 2777 916 δ’
2805 865 2872 919 ἂν
2911 865 3062 937 παρά
3083 867 3286 920 Μωσετ
3329 869 3428 924 καὶ
3457 867 3552 939 τὴν
3585 869 3742 940 ὁμολο-

2195 956 2478 1026 γουμένως
2523 958 2796 1030 Παρθένον
2841 961 3022 1013 νεᾶνιν
3061 961 3608 1032 προσηγορευμένην.
3655 964 3743 1034 Τὴν

2196 1049 2327 1118 γοῦν
2365 1050 2535 1120 ἑτέρῳ
2579 1049 3091 1122 μεμνηστευμένην,
3137 1052 3235 1121 ὑφ’
3287 1051 3477 1123 ἑτέρου
3521 1051 3574 1106 δὲ
3611 1053 3741 1107 ἐκθε-

2197 1142 2498 1212 6ιασμένην
2545 1141 2716 1214 τούτῳ
2763 1141 2999 1213 κέκληκε
3043 1143 3121 1212 τῷ
3175 1145 3554 1215 προσρήματι.
3615 1145 3742 1200 Ἀλλὰ

2198 1233 2290 1286 καὶ⁸
2321 1235 2350 1286 6
2381 1235 2445 1287 ἐκ
2489 1233 2589 1303 τῆς
2623 1232 2953 1305 δηλουμένης
2993 1235 3404 1306 τεχθησόμενος
3440 1231 3742 1310 Ἐμμανουὴλ

2201 1326 2420 1398 μείζονα
2473 1325 2506 1397 ἦ
2547 1325 2689 1379 κατά
2735 1326 2826 1379 τὸν
2869 1326 3047 1380 κοινὸν
3105 1325 3404 1398 ἄνθρωπον
3467 1328 3742 1399 ἐπιφέρεται

2194 1418 2424 1488 δύναμιν
2449 1458 2464 1481 ,
2514 1416 2866 1488 ἐκλεγόμενος
2919 1417 2981 1471 τὺ
3040 1417 3258 1486 ἀγαθὸν
3305 1418 3438 1490 πρὶν
3485 1419 3516 1489 ἢ
3572 1420 3740 1488 γνῶναι

2199 1509 2430 1581 πονηρὰ,
2485 1509 2578 1562 καὶ
2624 1509 2866 1564 ἀπειθῶν
2921 1509 3177 1582 πονηρίᾳ,
3211 1509 3312 1564 τοῦ
3361 1511 3666 1577 ἐκλέξασθαι
3695 1515 3741 1566 τὸ

2197 1602 2417 1673 ἀγαθόν·
2443 1604 2726 1658 καὶταῦτα
2747 1605 2847 1659 οὐκ
2867 1606 2925 1657 έν
2948 1604 3014 1672 τῇ
3037 1601 3130 1656 τοῦ
3154 1603 3356 1676 ἀνδρός
3373 1603 3572 1677 ἡλικίᾳ,
3589 1605 3740 1659 ἁλλ’ὲν

2196 1697 2262 1766 τῇ
2279 1694 2372 1748 τοῦ
2393 1695 2728 1750 παιδίου..Διδ
2755 1697 2988 1769 εἴρηται·
3012 1700 3178 1771 «Πρὶν
3206 1697 3463 1769 ῆγνῶναι
3485 1697 3544 1749 τὸ
3569 1695 3739 1748 παιδίον

2199 1785 2400 1852 ἀγαθὸν
2435 1784 2468 1856 ἢ
2493 1785 2682 1848 κακὸν,
2711 1786 2927 1840 ἀπειθεῖ
2953 1787 3212 1859 πονηρίᾳ,
3247 1785 3346 1840 τοῦ
3375 1784 3671 1850 ἐκλέξασθαι
3691 1785 3739 1836 τὸ

2197 1878 2428 1946 ἀγαθόν·
2465 1899 2482 1930 ι
2523 1878 2590 1931 δι’
2627 1871 2702 1934 ὧν
2751 1879 3027 1942 παντελῶς
3071 1879 3131 1932 τὸ
3171 1879 3278 1949 τῆς
3314 1877 3514 1940 κακίας
3553 1878 3738 1945 ἄπειρον

2197 1969 2288 2022 τοῦ
2333 1969 2660 2041 δηλουμένου
2714 1970 3064 2042 παρίσταται.
3122 1969 3290 2022 Ἀλλά
3349 1970 3444 2023 καὶ
3499 1967 3736 2039 κρείττονα

2197 2060 2230 2132 ἢ
2268 2063 2409 2115 κατὰ
2449 2062 2735 2132 ἄνθρωπον
2787 2061 3051 2131 ἐπάγεται
3093 2060 3194 2132 τὴν
3243 2061 3558 2131 ἐπωνυμίαν
3590 2059 3616 2111 6
3641 2051 3736 2129 μεθ’

2195 2158 2228 2225 ή
2238 2155 2354 2225 μῶν
2375 2156 2634 2227 ὑπάρχων
2663 2155 2794 2220 Θεός
2815 2172 2829 2184 ·
2872 2155 2952 2208 διδ
2979 2156 3073 2208 καὶ
3101 2154 3160 2208 τὸ
3191 2155 3322 2226 περὶ
3354 2153 3526 2208 αὑτοῦ
3551 2153 3736 2222 σημεῖον

2199 2248 2359 2318 βάθος
2382 2248 2598 2317 ἐλέγετο
2626 2249 2919 2321 περιέχειν,
2939 2247 3072 2319 ὁμοῦ
3097 2247 3154 2300 δὲ
3181 2247 3281 2301 καὶ
3310 2245 3470 2315 ὕψος·
3497 2244 3639 2315 βάθος
3661 2243 3735 2313 μὲν

2195 2339 2284 2392 διὰ
2301 2340 2401 2411 τὴν
2422 2343 2501 2403 είς
2519 2339 2836 2412 ἀνθρώπους
2857 2339 3100 2401 κάθοδον,
3121 2338 3153 2409 ἢ
3177 2339 3280 2391 atat
3302 2337 3400 2407 τὴν
3425 2335 3578 2409 μέχρι
3599 2333 3732 2386 θιινιὶ⁴

2195 2447 2287 2482 του
2321 2430 2648 2502 παρουσίαν,
2676 2429 2808 2499 ὕψος
2840 2431 2896 2483 δὲ
2922 2429 3011 2484 διὰ
3037 2431 3136 2501 τὴν
3159 2427 3349 2484 ἔνθεον
3369 2429 3434 2480 ὲκ
3461 2423 3551 2476 τοῦ
3577 2421 3734 2492 βάθους

2199 2523 2662 2588 ἀποκατάστασιν,
2697 2524 2732 2593 ἢ
2763 2523 2850 2576 διὰ
2879 2523 2977 2593 τὴν
3010 2522 3109 2593 τῆς
3137 2520 3331 2575 ἐνθέου
3382 2515 3734 2590 προῦπάρξεως

2197 2609 2360 2662 αὑτοῦ
2404 2610 2699 2679 θεολογίαν.
2742 2611 2838 2674 Τίς
2875 2611 2920 2664 δ’
2961 2610 3027 2664 ἂν
3074 2611 3156 2682 είη
3209 2612 3238 2664 6
3281 2608 3404 2681 μεθ’
3441 2609 3588 2679 ἡμῶν
3629 2603 3734 2666 Θεὸς

2197 2704 2229 2776 ἢ
2272 2707 2300 2758 6
2337 2703 2426 2758 διὰ
2463 2705 2572 2758 τῶν
2609 2704 2844 2777 πρόσθεν
2878 2704 3340 2775 ἀποδεδειγμένος
3372 2701 3502 2765 Θεὸς
3531 2699 3704 2768 Κύριος
3717 2711 3732 2760 ἱ

2195 2798 2224 2850 6
2253 2799 2345 2852 καὶ
2371 2797 2448 2868 τῷ
2477 2795 2724 2869 Ἀϐραὰμ
2753 2798 2854 2850 οὐκ
2883 2796 3057 2860 ἄλλως
3083 2797 3117 2868 ἢ
3141 2796 3212 2849 δι’
3247 2793 3534 2867 ἀνθρώπου
3557 2788 3731 2862 μορφῆς

2196 2889 2551 2960 τεθεαμένος;
2579 2889 2642 2942 Εἰ
2671 2889 2715 2942 δ’
2741 2889 3059 2960 ἀναφέροιεν
3097 2887 3196 2940 ἐπὶ
3233 2887 3328 2940 τὸν
3355 2884 3589 2950 Ἐζεκίαν
3616 2883 3658 2934 οἱ
3683 2882 3732 2932 ἐκ

2197 2982 2496 3054 περιτομῆς
2521 2980 2694 3035 ταῦτα
2712 3023 2726 3044 ,
2760 2981 2852 3034 τὸν
2871 2981 2965 3033 τοῦ
3008 2981 3182 3051 Ἀχαζ
3206 2980 3398 3044 παῖδα,
3425 2977 3599 3030 τοῦτον
3619 2970 3729 3026 εἷναι

2197 3076 2495 3144 φάσκοντες
2524 3075 2614 3126 τὸν
2643 3073 2720 3144 τῷ
2749 3073 2917 3145 πατρὶ
2945 3090 3120 3145 προση
3130 3073 3476 3145 μαινόμενον,
3507 3069 3610 3122 ἀλλ’
3633 3065 3732 3120 οὔτι

2196 3163 2225 3218 ό
2257 3163 2372 3234 μεθ’
2404 3163 2560 3234 ἡμῶν
2606 3163 2738 3229 Θεὸς
2787 3164 3033 3229 Ἐζεκίας
3084 3160 3171 3234 ἦν,
3224 3163 3348 3218 οὔτε
3399 3164 3606 3234 σημεῖον
3639 3157 3730 3210 θεο-

2200 3256 2412 3328 πρεπὲς
2460 3256 2772 3329 πέπρακταί
2816 3273 2868 3308 τι
2917 3256 3002 3308 ἐπ’
3055 3254 3238 3326 αὐτῷ’
3291 3254 3406 3308 ἀλλ’
3457 3251 3570 3305 οὐδὲ
3613 3246 3730 3315 ἀγὼν

2197 3349 2230 3419 ἥ
2265 3348 2460 3420 μόχθος
2486 3349 2564 3420 τῷ
2593 3349 2710 3419 Θεῷ
2749 3343 2816 3420 ἦν
2859 3347 2987 3420 περὶ
3017 3349 3118 3418 τὴν
3149 3348 3364 3400 ἐκείνου
3394 3347 3622 3415 γένεσιψ
3658 3339 3729 3392 καὶ

2198 3441 2370 3506 ἄλλως
2405 3442 2554 3514 παρὰ
2597 3441 2771 3496 ταῦτα
2816 3439 3088 3496 δείκνυται
3135 3442 3162 3493 6
3197 3439 3449 3505 Ἐζεκίας
3493 3430 3729 3490 ἀποκλειό-

2201 3552 2359 3604 μενος
2394 3534 2501 3587 τῶν
2541 3535 2746 3606 χρόνων
2783 3534 2880 3604 τῆς
2917 3532 3274 3604 προφητείας.
3325 3530 3503 3584 Ταῦτα
3537 3526 3624 3597 μὲν
3645 3522 3730 3606 γᾲρ

2199 3605 2766 3694 βασιλεύοντοςαύτοῦ
2805 3621 2987 3692 δήτοῦ
3030 3619 3236 3692 πατρὸς
3271 3613 3449 3688 Ἄχας
3475 3613 3594 3685 περὶ
3630 3605 3730 3679 μελ-

2197 3713 2393 3769 λόντων
2415 3714 2754 3778 ὲθεσπίζετο·
2791 3717 2818 3768 6
2839 3714 2896 3766 δὲ
2921 3711 3164 3777 Ἐζεκίας
3195 3713 3306 3784 πρὸ
3333 3709 3426 3764 τοῦ
3459 3702 3729 3779 βασιλεῦσαι

2197 3807 2288 3860 τὸν
2313 3807 2486 3877 Ἀχαζ
2532 3807 2849 3861 συνίσταται
2888 3805 3313 3876 γεγεννημένος.
3360 3801 3425 3855 Ei
3465 3799 3518 3852 δὲ
3563 3794 3626 3866 μὴ
3657 3790 3728 3844 ἐπὶ

2197 3898 2384 3951 τοῦτον
2433 3897 2690 3969 ἀναχθείη
2735 3897 2804 3950 τὰ
2849 3898 2948 3968 τῆς
2980 3896 3348 3969 προκειμένης
3397 3889 3726 3962 προρῤήσεωςς

2200 3989 2391 4042 πολλοῦ
2419 3990 2499 4043 δεῖ
2529 3991 2616 4058 ἐφ’
2637 3990 2824 4061 ἕτερον
2845 3989 2953 4043 τῶν
2978 3990 3127 4062 παρά
3163 3988 3442 4048 Ἰουδαίοις
3479 3978 3604 4053 μετά
3626 3974 3727 4036 τοὺς

2196 4082 2296 4151 τῆς
2320 4079 2658 4152 προφητείας
2683 4081 2907 4151 χρόνους
2930 4077 3258 4149 γενομένων.
3304 4075 3424 4130 Ἐπί
3447 4089 3505 4142 γε
3535 4069 3626 4141 μὴν
3649 4063 3725 4130 τῆς

2195 4172 2290 4226 τοῦ
2328 4171 2558 4242 ἀληθοῦς
2601 4169 2967 4242 Ἐμμανουὴλ,
3001 4169 3146 4222 τοῦτ’
3187 4168 3305 4221 ἔστι
3349 4165 3444 4220 τοῦ
3487 4155 3726 4231 γεγονότος

2200 4265 2318 4334 μεθ’
2351 4264 2510 4335 ἡμῶν
2549 4262 2684 4316 Θεοῦ
2733 4263 3021 4332 γενέσεως,
3069 4263 3164 4315 καὶ
3207 4263 3301 4316 ἐπὶ
3337 4259 3502 4331 μόνης
3528 4253 3615 4324 τῆς
3651 4243 3725 4300 τοῦ

2197 4359 2446 4429 Σωτῆρος
2511 4355 2666 4427 ἡμῶν
2723 4355 2818 4409 τοῦ
2875 4353 3012 4408 Θεοῦ
3079 4353 3252 4423 Λόγου
3315 4355 3396 4415 είς
3451 4341 3726 4416 ἀνθρώπους

2195 4449 2518 4520 ὲπιδημίας’
2560 4447 2668 4500 τῶν
2699 4445 2808 4518 γὰρ
2851 4445 2997 4499 δυεῖν
3043 4445 3307 4515 βασιλέων
3353 4433 3726 4511 καθῃρημένων.

527 4549 646 4612 pter
695 4541 1021 4596 descensum
1053 4539 1120 4593 ad
1169 4539 1441 4603 homines,
1480 4545 1573 4593 aut
1598 4539 1759 4593 etiam
1803 4556 1977 4610 usque
2029 4541 2095 4596 ad

2199 4539 2528 4610 κατελείφθη
2560 4539 2764 4610 ἔρημος
2793 4540 2825 4609 ἡ
2853 4537 2961 4590 τῶν
2989 4537 3252 4591 Ἰουδαίων
3293 4537 3385 4606 γῆ,
3414 4531 3590 4598 ὥσπερ
3633 4521 3726 4619 Eae.-

525 4641 754 4687 mortem
797 4647 1117 4688 accessum:
1163 4630 1507 4686 altitudinem
1541 4645 1672 4686 vero
1696 4641 1918 4703 propter
1949 4633 2094 4688 divi-

529 4726 716 4780 nitatis
778 4741 808 4778 a
867 4723 1240 4796 prol'unditat-e
1303 4725 1730 4790 restitutionem,
1783 4733 1878 4780 aut
1929 4727 2094 4782 etiam

522 4825 746 4888 propter
773 4815 972 4871 divina:
1001 4817 1120 4887 ejus
1163 4817 1508 4880 substantias,
1553 4834 1675 4889 quae
1707 4818 1858 4872 omni
1893 4825 2094 4872 natura

523 4909 673 4978 prior
701 4915 806 4972 est,
840 4909 1189 4979 theologiam.
1227 4911 1361 4976 Quis
1385 4925 1513 4965 vero
1543 4910 1681 4965 alius
1707 4912 1778 4964 sit
1807 4909 2092 4964 nobiscum

527 5001 690 5060 Deus.
724 5017 888 5071 quam
915 5001 963 5056 is
998 5019 1158 5072 quem
1182 5001 1559 5072 superioribus
1590 5002 1745 5058 libris
1777 5001 1950 5057 Deum
1991 5000 2096 5056 Do-

520 5095 838 5163 minumque
907 5093 1287 5150 ostendimus?
1358 5095 1564 5164 quique
1641 5095 1770 5149 item
1861 5094 2095 5150 Abrahae

520 5187 797 5256 quondam
832 5203 940 5242 non
973 5187 1078 5241 alia
1127 5204 1289 5258 quam
1321 5187 1556 5242 hominis
1591 5185 1764 5242 forma
1797 5191 1948 5244 visus
1977 5189 2097 5242 est?

519 5279 674 5346 Quod
731 5278 778 5335 si
827 5277 998 5334 Judaei
1050 5279 1163 5333 haec
1207 5279 1274 5332 ad
1298 5279 1581 5334 Ezechiam
1631 5279 1870 5335 referant
1923 5279 2093 5334 ﬁlium

515 5373 722 5434 Achaz,
748 5381 800 5428 et
845 5371 1034 5426 dicant
1075 5373 1218 5427 hunc
1263 5389 1386 5443 esse
1423 5375 1513 5443 qui
1561 5373 1700 5442 patri
1739 5388 1842 5428 suo
1873 5373 2094 5430 futurus

515 5464 742 5518 oraculo
785 5464 1161 5532 promittatur,
1209 5439 1430 5520 vitream
1484 5465 1759 5536 quomodo
1808 5465 2092 5520 nobiscum

515 5553 662 5610 Deus
686 5555 848 5610 fuerit
883 5553 1168 5618 Ezechias,
1188 5564 1281 5610 aut
1298 5556 1570 5626 quodnam
1601 5557 1817 5627 signum
1855 5571 1952 5611 sua
1977 5573 2096 5610 ma-

513 5645 708 5714 jestate
739 5646 986 5718 dignum,
1023 5643 1167 5702 Deus
1185 5647 1240 5702 iu
1275 5649 1368 5701 illo
1407 5647 1742 5703 ostenderit:
1779 5647 1872 5702 sed
1917 5663 2094 5717 neque

518 5748 797 5794 certamen
832 5741 1022 5804 ullum,
1056 5755 1232 5810 neque
1257 5739 1408 5794 labor
1433 5740 1488 5793 in
1517 5739 1662 5794 illius
1697 5747 1822 5792 ortu
1859 5736 1966 5792 Deo
1997 5755 2092 5792 ex-

520 5829 724 5887 liihitus
753 5839 834 5886 est
861 5850 872 5885 :
909 5840 1170 5901 praeterea
1203 5832 1362 5902 plane
1391 5847 1419 5886 τι
1453 5829 1736 5904 prophetia
1759 5829 2088 5898 excluditur,

2201 4635 2324 4690 σθαί
2365 4651 2527 4706 φησιν
2570 4635 2598 4686 6
2633 4632 2880 4704 χρησμὸς
2898 4629 3066 4684 εἰπών
3089 4647 3101 4661 ·
3143 4650 3162 4682 ι
3193 4623 3669 4706 Καταλειφθήσεται

2197 4726 2270 4798 γῆ
2313 4699 2438 4779 ἀπὸ.
2473 4699 2918 4796 πφσῶπολοττῶν
2949 4721 3043 4775 δύο
3069 4721 3355 4792 βασιλέων’
3389 4737 3406 4768 ι
3457 4714 3485 4766 ὃ
3509 4699 3724 4798 καὶ-αὺτῇ

2199 4785 2376 4890 ρθτῶς
2429 4785 2531 4868 καί
2571 4813 2710 4868 κατὰ
2747 4811 2890 4878 λέξιν
2939 4785 3109 4873 οὕτως
3159 4809 3225 4862 ἂν
3259 4801 3554 4892 ἀποδοθείη,
3599 4785 3724 4892 Kl“?

2198 4909 2304 4980 γὰρ
2351 4907 2573 4979 βασιλέα
2609 4907 2803 4977 Ἄχας,
2855 4903 2948 4958 καὶ
2989 4903 3216 4956 Ἡσαΐαν
3267 4900 3380 4954 υἱὸν
3428 4890 3612 4984 Ἀμῷςν
3636 4890 3724 4984 ,κξπ

2197 4977 2322 5064 ea;
2352 4977 2457 5070 τῆς
2489 4997 2820 5069 προφητείας
2851 4998 3110 5067 χρόνους,
3149 4993 3392 5063 βσισιλεὺς
3419 4983 3600 5078 Συρίθῖς
3627 4977 3652 5028 δ
3677 4977 3722 5078 ῨῨ

2199 5092 2496 5162 Δαμασκῷ,
2531 5093 2622 5144 καί
2651 5089 2901 5160 βασιλεὺς
2935 5087 3148 5162 Ἰσραὴλ
3189 5088 3218 5138 6
3255 5087 3312 5138 ἐν
3343 5073 3622 5162 Σαμαρείᾳ,
3645 5073 3721 5162 οὐκ

2197 5189 2224 5239 6
2253 5190 2312 5240 ὲν
2339 5185 2709 5257 Ἰερουσαλὴμ,
2741 5183 2856 5238 ἀλλ’
2887 5186 2915 5236 6
2945 5181 3039 5234 τοῦ
3085 5179 3316 5249 πλήθους
3349 5173 3450 5228 τῶν
3493 5157 3719 5257 Ἰουδαίων

2195 5279 2306 5331 τῶν
2351 5277 2702 5332 ἀποστάντων
2721 5275 2814 5329 τοῦ
2857 5275 3002 5328 θείου
3047 5272 3211 5342 νόμου
3232 5311 3248 5333 ,
3313 5263 3570 5350 συνθήκαιῘὶ
3597 5245 3720 5350 ,πρξξ

2197 5370 2458 5442 ἀλλήλους
2487 5369 2722 5440 θέμενοι,
2755 5368 2882 5429 τοὺς
2917 5366 3023 5418 ὑπὸ
3051 5331 3162 5426 rei;
3189 5331 3444 5429 διαδόχοις
3464 5331 3558 5404 τοῦ

2199 5461 2644 5532 βασιλευομένους
2667 5459 3036 5529 ἐπολιόρκουν.
3074 5457 3288 5509 Τούτων
3318 5445 3406 5504 οὖν
3437 5438 3616 5532 ἀμφθῖν

2195 5555 2518 5625 καθαίρεσιν
2543 5556 2574 5622 ἡ
2599 5551 2904 5623 προφητεία
2935 5547 3283 5611 θεσπίζουσα,
3311 5537 3496 5625 αῢτους
3517 5529 3600 5602 μὲν
3615 5531 3712 5625 10:;

2197 5647 2504 5700 κατ’ἐκεῖνθ
2525 5641 2716 5713 καιροῦ
2745 5640 3026 5702 Ἰουδαίους
3055 5655 3114 5691 τε
3144 5638 3238 5689 καὶ
3265 5619 3712 5713 ἀλλοφύλουςχκατεξ

2195 5741 2288 5794 τοῦ
2316 5729 2444 5792 λαοῧ
2474 5737 2566 5790 τοῦ
2591 5735 2724 5788 Θεοῦ
2751 5733 2929 5797 δεξιὰς
2955 5731 3199 5803 ἀλλήλοις
3223 5723 3522 5782 δεδωκότας’
3551 5699 3707 5812 5:5?!”

2200 5832 2342 5905 μάλα
2385 5827 2796 5900 διαλυθήσεσθαι
2853 5827 2946 5882 καὶ.
2999 5824 3370 5897 inungi-p39,
3407 5809 3491 5866 τρῇ
3517 5800 3706 5866 πολεμον
