3894 6510
175 438 261 494 501

1045 428 1693 487 DEMONSTBATIONIS
1731 428 2187 488 EVANGELlCJE
2225 428 2352 488 LIB.
2388 431 2495 487 VH.

3299 435 3405 492 502

176 560 291 630 φησί
314 575 326 587 ·
360 558 458 627 τήν
495 574 561 624 γε
590 554 690 627 μὴν
724 553 997 625 βασιλείαν
1028 554 1204 609 αὐτῶν
1238 554 1331 608 καὶ
1361 555 1463 625 τὴν
1490 554 1719 626 διαδοχὴι

1838 556 2050 610 ratione
2084 563 2391 623 temporum
2441 550 2721 605 Ezechias.
2776 549 2901 605 Hzec
2932 550 3075 606 enim
3127 553 3246 622 ipso
3286 554 3400 622 jam

176 653 241 711 εἰς
252 650 305 701 τὸ
320 647 587 710 παντελὲς
602 645 1091 716 καταλυθήσεσθαι,
1119 646 1209 698 καὶ
1234 643 1738 715 ἀποσϐεσθήσεσθαι

176 740 252 791 ἐπὶ
272 739 364 807 τῆς
390 738 490 790 τοῦ
525 737 1027 809 προφητευομένου,
1064 736 1187 807 μεθ’
1208 734 1362 807 ήμῶν
1390 735 1545 802 Θεοῦ,
1579 738 1733 805 γενέ-

176 849 313 894 σεως.
358 829 687 901 Ἐπίστησον
722 829 898 883 τοίνυν
954 830 1083 882 πότε
1115 833 1147 901 ή
1182 831 1555 902 Δαμασκηνῶν
1599 829 1733 900 ὁμοῦ

176 924 251 974 καὶ
282 922 559 975 Ἰουδαίων
606 921 874 991 κατελύθη
933 920 1198 990 βασιλεία,
1243 924 1334 975 καὶ
1378 922 1519 975 κατὰ
1552 921 1734 984 ποίους

174 1014 373 1084 χρόνους
403 1011 736 1083 κατελείφθη
770 1015 804 1084 ἡ
833 1013 901 1084 γῆ
930 1013 1037 1066 τῶν
1073 1014 1338 1067 Ἰουδαίων
1366 1014 1730 1075 ἀϐασίλευτος,

174 1106 249 1157 καὶ
293 1104 429 1174 αὐτή
482 1120 552 1172 γε
602 1106 635 1174 ή
678 1104 808 1175 πρὶν
849 1103 1017 1157 πολλὰ
1062 1104 1328 1176 δυναμένη
1364 1102 1733 1174 Δαμασκηνῶν

173 1194 323 1263 χώρα,
357 1194 578 1265 μεγάλῃ
615 1194 761 1265 χειρὶ
801 1195 865 1246 τὸ
894 1194 1123 1247 παλαιὸν
1164 1195 1262 1264 τῆς
1289 1194 1486 1265 Συρίας
1518 1194 1733 1262 ἁπάσης

175 1284 533 1354 βασιλεύουσα.
572 1286 701 1339 Ἐπὶ⁸
731 1286 839 1357 γὰρ
878 1286 977 1355 τῆς
1015 1285 1218 1340 τούτων
1249 1286 1615 1357 καθαιρέσεως
1641 1285 1732 1338 τὸν

182 1376 513 1447 Ἐμμανουήλ
564 1376 782 1439 πάντως
820 1393 919 1428 που
946 1377 1368 1448 γεννηθήσεσθαι
1419 1377 1589 1440 εἰκὸς,
1641 1377 1733 1430 καὶ

172 1470 247 1520 τὸν
292 1468 772 1538 προφητευόμενον
834 1467 1168 1539 ἐληλυθέναι.
1233 1469 1296 1521 El
1348 1469 1444 1538 μὲν
1489 1466 1580 1521 οὖν
1624 1467 1732 1520 τῶν

168 1564 494 1634 δηλουμένων
537 1562 721 1634 παρῆν
753 1564 885 1633 όρᾷν
918 1561 1259 1626 συνεστώσας
1295 1564 1392 1625 τὰς
1440 1562 1729 1631 βασιλείας,

168 1656 297 1709 οὐδὲν
334 1654 472 1725 χρῆν
514 1654 829 1726 περαιτέρω
874 1654 1077 1724 ζητεῖν,
1116 1654 1273 1725 μόνον
1310 1654 1365 1707 δὲ
1406 1655 1485 1707 ἔτι
1515 1654 1608 1706 καὶ
1636 1653 1731 1707 νῦν

168 1750 233 1809 είς
260 1746 520 1817 μέλλοντα
550 1746 737 1817 χρόνον
764 1747 1002 1817 ἀναρτᾷν
1024 1746 1119 1809 τὰς
1148 1746 1366 1809 ἐλπίδας
1383 1762 1396 1777 ⁸
1431 1748 1478 1798 εί
1503 1746 1559 1797 δὲ
1587 1745 1731 1816 ἔργῳ

170 1836 426 1906 προφανής
472 1838 508 1907 ή
548 1836 863 1905 καθαίρεσις
902 1837 1010 1890 τῶν
1044 1836 1367 1908 εἰρημένων,
1407 1837 1481 1900 ὡς
1512 1837 1646 1907 μήτε
1673 1838 1731 1889 ὲν

1837 654 1950 700 tum
1982 654 2134 715 patre
2159 646 2339 699 Achaz
2372 652 2633 715 regnante
2663 643 2842 697 futura
2876 645 3232 699 canebantur.
3271 644 3403 700 Eze-

1836 736 2015 790 chiam
2054 751 2182 790 vero
2208 743 2496 805 antequam
2526 749 2750 804 regnum
2778 735 3046 804 acceperit
3077 735 3278 799 Acbaz,
3308 751 3403 806 ge-

1837 829 2008 882 nitum
2044 843 2167 883 esse
2206 836 2443 882 constat.
2481 826 2636 893 Quod
2671 827 2718 881 si
2774 830 2841 879 ad
2886 827 3030 880 hunc
3073 841 3135 881 ea
3172 842 3292 897 qua:
3332 829 3400 881 ad

1838 920 2180 990 propositum
2230 920 2518 973 oraculum
2576 920 2870 990 pertinent,
2931 920 3155 975 minime
3208 919 3400 976 referri

1836 1022 2088 1083 possunt,
2120 1011 2292 1065 multo
2326 1012 2508 1067 minus
2551 1013 2619 1065 ad
2650 1012 2815 1065 alium
2847 1012 3156 1083 quempiam
3183 1029 3397 1075 eorum,

1835 1104 1926 1173 qui
1951 1104 2091 1173 apud
2118 1102 2331 1158 Judaeos
2355 1111 2474 1172 post
2494 1104 2789 1173 prophetiae
2808 1112 3049 1173 tempora
3068 1106 3397 1168 exstiterint,

1836 1204 2195 1266 prmterquam
2231 1195 2299 1249 ad
2338 1202 2517 1249 ortum
2548 1196 2689 1265 ejus,
2724 1198 2815 1264 qui
2850 1211 3010 1251 verus
3059 1204 3145 1252 est
3185 1196 3401 1251 Emma-

1841 1289 1991 1350 nuel,
2042 1287 2207 1356 318
2239 1287 2341 1341 hoc
2372 1295 2455 1340 est
2488 1286 2606 1355 ejus
2623 1287 2716 1356 qui
2759 1287 3026 1340 exstiterit
3060 1303 3183 1341 vere
3214 1288 3401 1341 nobis-

1834 1395 1959 1434 cum
1992 1372 2156 1443 Deus,
2191 1386 2243 1433 et
2274 1378 2340 1432 ad
2369 1393 2538 1432 unum
2574 1376 2875 1433 Salvatoris
2906 1380 3079 1433 nostri
3110 1378 3202 1434 Dei
3235 1379 3399 1434 Verbi

1835 1471 1900 1526 ad
1930 1470 2179 1524 homines
2206 1484 2523 1525 accessum:
2566 1469 2781 1525 duobus
2810 1470 2951 1524 enim
2992 1470 3222 1525 sublatis
3252 1471 3396 1539 regi-

1835 1562 1958 1624 bus,
2000 1561 2217 1617 deserta
2264 1572 2318 1615 et
2361 1562 2475 1616 sola
2526 1561 2713 1615 relicta
2762 1570 2845 1617 est
2884 1560 3195 1617 Judaeorum
3228 1571 3397 1625 terra,

1834 1656 1976 1710 sicut
2001 1654 2283 1709 oraculum
2307 1654 2383 1707 ait
2407 1654 2671 1717 futurum,
2706 1654 2893 1709 dicens
2921 1672 2934 1707 :
2965 1670 2983 1703 ι
3043 1652 3400 1723 Relinquetur

1833 1751 1979 1799 terra
2012 1758 2042 1795 a
2072 1742 2209 1797 facie
2235 1742 2465 1797 duorum
2499 1756 2721 1811 regum;
2765 1759 2782 1792 ι
2808 1738 2953 1809 quod
2977 1740 3196 1810 quidem
3219 1738 3399 1807 ipsum

1833 1835 1992 1889 etiam
2025 1831 2181 1901 plane
2214 1831 2280 1885 ad
2314 1831 2535 1885 verbum
2582 1830 2663 1884 sic
2705 1830 3185 1885 (ll-monstrabitur.
3235 1830 3401 1883 Tem-

167 1929 440 2000 Δαμασκῷ,
499 1931 643 1999 μήτε
687 1932 745 1983 ὲν
783 1933 846 2000 τῇ
888 1930 1133 2001 Ἰουδαία,
1185 1930 1304 1984 καθ’
1335 1932 1480 2002 ἡμᾶς
1530 1932 1719 1995 αὐτοὺς

1826 1927 2050 1998 poribus
2078 1924 2221 1980 enim
2273 1923 2418 1993 regis
2453 1924 2654 1986 Aehaz,
2685 1929 2739 1976 et
2775 1918 2926 1976 Isaia:
2948 1921 3042 1976 lilii
3073 1921 3261 1983 Amos,
3284 1921 3401 1991 qui-

170 2021 425 2088 φαίνεσθαι
484 2021 750 2090 βασιλέα,
818 2022 1078 2093 πρόδηλον
1121 2023 1195 2087 ὡς
1230 2023 1414 2088 τέλους
1461 2024 1618 2095 ἔτυχε
1668 2026 1726 2078 τὸ

166 2110 319 2178 λόγιον
369 2111 597 2181 φῆσαεν
661 2130 678 2161 ι
712 2112 819 2163 Καὶ
877 2110 1363 2182 καταλειφθήσεται
1420 2114 1452 2181 ἡ
1497 2112 1569 2182 γῆ
1620 2111 1728 2165 ἀπὸ

169 2198 430 2270 προσώπου
488 2200 603 2253 τῶν
644 2200 735 2252 δύο
798 2200 1096 2271 βασιλέων,
1145 2195 1221 2255 ὧν
1266 2203 1328 2254 σὺ
1386 2202 1561 2272 φοϐῇ,
1619 2201 1726 2254 ἀπὸ

166 2292 431 2365 προσώπου
480 2294 666 2347 αὐτῶν
694 2312 705 2323 ·
742 2314 760 2345 ›
816 2295 923 2348 τῶν
973 2295 1265 2365 βασιλέων,
1314 2296 1434 2349 ἀντὶ
1476 2295 1582 2349 τῶν
1626 2295 1727 2364 ’βα-

167 2386 352 2439 σιλειῶν
396 2386 829 2458 ὠνομασμένων.
904 2388 959 2439 ’0
988 2386 1118 2456 γοῦν
1175 2388 1467 2458 Σύμμαχός
1522 2404 1723 2457 φησιν’

171 2500 187 2528 ο
224 2478 814 2550 Ἐγκαταλειφθήσεται
863 2480 896 2549 ή
945 2480 1047 2550 γῆ,
1088 2479 1180 2548 ἀφ’
1222 2475 1288 2550 ἧς
1339 2481 1403 2533 σὺ
1451 2482 1723 2548 ὲγκακεῖς,

164 2570 252 2622 ἀπὸ
297 2569 598 2638 προσώπου
645 2570 753 2622 τῶν
799 2571 892 2624 δύο
938 2570 1202 2640 βασιλέων
1252 2571 1448 2642 αὐτῆς·
1482 2591 1500 2624 ο
1560 2572 1653 2624 καὶ
1697 2574 1725 2624 ὁ

174 2660 373 2724 Ἀκύλας
396 2680 407 2691 ο
432 2680 449 2711 ι
491 2660 1078 2733 Ἐγκαταλειφθήσεται
1124 2664 1157 2733 ή
1196 2661 1359 2732 χθὼν,
1406 2662 1473 2733 ἢν
1505 2665 1569 2716 σὺ
1605 2680 1723 2716 σικ-

164 2753 376 2821 χαίνεις,
410 2754 527 2806 ἀπὸ
575 2752 865 2823 προσώπου
908 2753 1015 2806 τῶν
1053 2753 1145 2807 δύο
1187 2754 1449 2823 βασιλέων
1496 2756 1719 2825 αὐτῆς.»

164 2845 253 2897 Καὶ
300 2844 650 2897 όΘεοδοτίων
698 2845 755 2898 δὲ
796 2844 982 2899 τοῦτον
1014 2847 1325 2917 ἡρμήνευσε
1369 2847 1461 2900 τὸν
1488 2847 1721 2919 τρόπον’

167 2952 181 2984 ι
219 2934 799 3006 Ἐγκαταλειφθήσεται
841 2937 874 3006 ή
913 2937 1019 3007 γῆ,
1068 2936 1135 3007 ἢν
1171 2937 1236 2990 σὺ
1281 2936 1541 3009 βδελύσσῃ
1564 2977 1578 3000 ,
1613 2939 1723 2992 ἀπὸ

164 3026 423 3094 προσώπου
482 3027 597 3080 τῶν
641 3027 735 3080 δύο
775 3026 1038 3097 βασιλέων
1070 3028 1259 3099 αὐτῆς.
1301 3047 1319 3080 ι
1382 3030 1545 3100 Ὁρᾷς
1575 3032 1723 3093 ὅπως

162 3116 242 3183 τὴν
287 3118 386 3187 γῆν
442 3117 978 3190 καταλειφθήσεσθαι
1035 3118 1386 3172 ἀϐασίλευτον
1438 3119 1720 3186 θεσπίζει;

165 3204 301 3259 Ποίαν
330 3208 384 3261 δὲ
419 3208 554 3277 γῆν,
583 3208 616 3279 ἢ
651 3208 748 3279 τὴν
781 3208 889 3262 τῶν
927 3209 1320 3280 Δαμασκηνῶν,
1358 3211 1452 3262 καὶ
1486 3210 1585 3282 τὴν
1627 3208 1721 3264 τοῦ

172 3299 390 3370 Ἰςριαήλς
425 3300 637 3353 τούτων
674 3301 782 3373 γὰρ
808 3298 946 3373 ἦσαν
979 3303 1027 3354 οί
1065 3300 1156 3354 δύο
1190 3301 1428 3371 βασιλεῖς
1455 3344 1471 3370 ,
1504 3304 1557 3358 οί
1593 3304 1719 3376 περὶ

162 3382 220 3440 ὢν
242 3392 266 3441 ό
292 3392 466 3460 λόγος’
501 3387 575 3446 ὧν
603 3395 630 3446 ὁ
659 3394 833 3463 Ἀχαζ
862 3394 959 3466 τὴν
996 3394 1102 3463 γῆν
1132 3395 1435 3465 έσίκχαινεν
1455 3435 1468 3459 ,
1508 3396 1541 3467 ἢ
1575 3396 1722 3449 ἐϐδε-

162 3479 375 3546 λύςσετο,
397 3485 739 3555 ἀποκάμνων
769 3486 803 3556 ἥ
831 3485 1082 3554 ὲγκακῶν
1115 3486 1208 3539 ἀπ’
1248 3487 1437 3558 αὐτῆς.
1474 3488 1598 3540 Πότ’
1626 3485 1720 3541 οὖν

163 3570 294 3624 τοῦτο
335 3575 571 3643 γέγονες
605 3575 810 3628 τούτων
844 3575 952 3647 γὰρ
994 3576 1521 3648 συμπερασθέντων,
1567 3580 1718 3631 πᾶσα

166 3661 345 3736 ἀνάγκη
386 3666 486 3719 καί
525 3666 586 3719 τὸ
621 3667 1019 3738 προλεγόμενον
1056 3669 1218 3741 μέρος
1254 3670 1351 3741 τῆς
1384 3671 1719 3742 προφητείας

164 3754 227 3816 είς
250 3755 393 3827 ἔργον
421 3759 808 3829 κεχωρηκέναι
836 3776 851 3790 ο
879 3759 1036 3812 τοῦτο
1059 3760 1115 3813 δὲ
1142 3757 1210 3831 ἦν
1239 3760 1303 3813 τὸ
1321 3761 1419 3832 τὴν
1444 3762 1717 3833 Παρθένον

163 3848 312 3899 τεκεῖν
350 3849 442 3901 τὸν
497 3848 618 3920 μεθ’
651 3849 805 3920 ἡμῶν
843 3850 995 3903 Θεόν.
1041 3852 1150 3905 Καὶ
1182 3852 1246 3923 δὴ
1300 3853 1564 3925 πρόδηλον
1604 3857 1717 3917 τοῖς

164 3937 242 4000 τὰς
266 3940 504 4012 ίστορίας
536 3940 880 4009 ἐξετάζουσιν
900 3985 913 4007 ,
941 3944 1017 4007 ὼς
1052 3943 1214 4015 μέχρι
1256 3944 1355 4015 μὲν
1376 3944 1483 3998 τῶν
1511 3946 1715 4016 χρόνων

164 4025 244 4095 τῆς
265 4033 585 4100 ἐπιφανείας
606 4032 701 4086 τοῦ
738 4035 988 4105 Σωτῆρος
1018 4036 1177 4105 ἡμῶν
1222 4036 1395 4108 Ἰησοῦ
1426 4036 1517 4089 τοῦ
1579 4038 1713 4109 Χρι-

165 4118 264 4171 στοῦ
284 4122 369 4175 καὶ
384 4124 482 4175 ἐπὶ
494 4124 589 4195 τῆς
602 4124 893 4194 Δαμασκοῦ
916 4126 1254 4198 συνειστήκει
1275 4127 1336 4179 τὸ
1358 4128 1423 4180 ὲκ
1439 4128 1714 4198 προγόνων

163 4206 376 4282 διαδοχῆς
405 4214 701 4285 βασίλειον.
731 4215 1014 4286 Μέμνηται
1038 4217 1167 4284 γοῦν
1193 4220 1220 4270 ὁ
1251 4218 1395 4288 ίερὸς
1422 4218 1715 4282 ἀπόστολος

174 4298 339 4370 Ἀρέτα
378 4304 478 4357 τοῦ
529 4304 790 4374 βασιλέως
838 4308 1209 4379 Δαμασκηνῶν
1235 4326 1248 4338 ·
1293 4311 1385 4363 καὶ
1429 4310 1523 4363 τοῦ
1584 4311 1713 4363 ’1ου-

162 4388 299 4444 δαίων
321 4396 373 4449 δὲ
404 4397 645 4469 ἔθνουςὴ
685 4398 935 4463 ἄτακτος,
960 4400 1054 4453 καὶ
1079 4402 1140 4453 οὑ
1170 4401 1311 4455 κατὰ
1341 4402 1504 4473 νόμον
1544 4403 1711 4457 είσέτι

1830 2019 1932 2073 bus
1959 2016 2244 2088 prepbctia
2278 2014 2366 2068 illa
2399 2013 2543 2069 edita
2574 2021 2680 2078 est,
2739 2027 2831 2067 rex
2868 2011 3039 2083 Syria:
3068 2011 3163 2082 qui
3193 2011 3397 2066 Dama-

1830 2112 1931 2174 sci,
1962 2118 2015 2165 et
2045 2126 2137 2165 rex
2181 2107 2349 2164 lsrael
2402 2122 2513 2161 non
2558 2108 2605 2161 is
2640 2108 2732 2177 qui
2765 2107 2818 2160 in
2848 2105 3175 2171 Jerusalem,
3212 2105 3304 2159 sed
3348 2106 3397 2158 is

1828 2203 1919 2274 qui
1973 2200 2236 2255 Samaria:
2260 2199 2543 2270 regnabat,
2605 2210 2657 2254 et
2683 2197 3019 2252 multitudini
3058 2195 3392 2256 Iudaeorum.

1832 2293 1925 2364 qui
1953 2306 1982 2344 a
2008 2290 2193 2345 divina
2224 2290 2340 2361 lege
2363 2287 2699 2348 defecerant,
2728 2288 3046 2359 imperabat,
3084 2286 3289 2342 fmdere
3311 2285 3397 2339 in-

1828 2396 1908 2439 ter
1939 2398 1998 2437 se
2043 2386 2173 2446 icto,
2205 2395 2299 2436 eos
2347 2380 2547 2450 quibus
2594 2378 2813 2434 Davidis
2842 2393 3193 2434 successores
3225 2377 3396 2447 impe-

1828 2473 2043 2535 rabant,
2099 2471 2353 2526 obsidere
2402 2476 2708 2541 ceperunt.
2762 2468 2940 2524 Hosce
2986 2470 3155 2540 igitur
3203 2468 3393 2523 ambus

1826 2578 1961 2617 cum
1988 2561 2275 2632 prepbetia
2326 2558 2597 2616 tollendos
2634 2568 2797 2629 atque
2839 2558 3164 2613 evertendos
3206 2566 3389 2618 canat,

1826 2655 1975 2726 ipsos
2006 2654 2225 2725 quidem
2273 2652 2427 2707 illius
2449 2653 2719 2722 temporis
2754 2650 2972 2706 Iudaeos
3012 2659 3065 2704 et
3114 2658 3392 2717 externos,

1824 2747 1915 2817 qui
1953 2747 2215 2802 adversus
2249 2745 2507 2814 populum
2548 2743 2640 2798 Dei
2670 2744 2772 2799 sibi
2803 2742 3022 2798 dextras
3045 2742 3186 2795 inter
3209 2758 3266 2796 se
3297 2740 3392 2801 de-

1823 2839 2039 2901 derant,
2084 2853 2116 2893 e
2160 2836 2393 2907 vestigio
2441 2833 2841 2898 dissolvendos,
2894 2842 2949 2888 et
2989 2833 3332 2887 discessuros
3362 2848 3393 2885 a

1824 2930 1967 2985 bello
1999 2930 2283 3001 praadicit;
2313 2945 2537 3002 regnum
2577 2940 2759 2983 tamen
2800 2927 2932 2981 illud
2974 2941 3037 2981 ac
3085 2926 3394 2980 successio-

1819 3035 1941 3074 nem
1964 3036 2153 3075 eorum
2182 3036 2408 3091 prorsus
2442 3021 2774 3076 dissolutum
2804 3020 3253 3087 exstinctumque
3296 3016 3388 3081 iri,

1822 3112 1925 3166 sub
1974 3112 2145 3176 illius,
2200 3112 2265 3168 de
2310 3128 2423 3183 quo
2470 3112 2752 3183 prophetia
2809 3112 3069 3182 loquitur,
3103 3110 3389 3164 nobiscum

1828 3202 1942 3267 Dei,
1974 3213 2175 3260 ortum.
2214 3204 2445 3260 Attende
2489 3206 2656 3275 igitur
2685 3204 2974 3275 diligenter
3000 3218 3110 3273 quo
3141 3212 3386 3271 tempore

1825 3294 2283 3351 Damascenorum
2311 3297 2473 3351 simul
2502 3312 2565 3351 ae
2593 3295 2904 3350 Judaaorum
2954 3294 3281 3351 dissolutum
3304 3302 3391 3349 est

1822 3401 2070 3456 regnum,
2108 3394 2164 3443 et
2193 3388 2413 3459 quando
2436 3387 2652 3442 tandem
2687 3388 2877 3442 relicta
2905 3396 2989 3442 est
3010 3397 3153 3446 terra
3174 3386 3391 3449 Iudaeo-

1822 3493 1941 3532 rum
1995 3479 2114 3535 sine
2165 3496 2315 3549 rege,
2368 3494 2581 3534 necnon
2632 3480 2750 3547 ipsa
2800 3495 2920 3548 qua:
2954 3481 3105 3548 prius
3155 3481 3385 3536 multum

1819 3584 2052 3644 poterat,
2100 3591 2295 3647 magna
2344 3589 2512 3628 manu
2567 3572 2843 3643 quondam
2886 3572 3058 3644 Syria:
3113 3575 3385 3629 universa:

1818 3670 2166 3741 imperitans,
2219 3668 2680 3724 Damascenorum
2737 3669 2906 3737 regio.
2977 3666 3217 3736 Namque
3284 3669 3387 3721 sub

1820 3762 2011 3815 horum
2039 3763 2376 3816 eversionem
2406 3769 2569 3831 atque
2614 3762 2914 3827 interitum,
2958 3760 3134 3830 ipsum
3168 3758 3387 3813 Emma-

1818 3854 1943 3907 nuel
1993 3868 2219 3922 prorsus
2253 3853 2524 3907 oriturum
2558 3852 2727 3908 fuisse
2760 3867 2857 3923 par
2885 3861 2990 3915 est,
3036 3858 3090 3905 et
3132 3866 3255 3905 eum
3305 3850 3373 3905 de

1818 3957 1925 4013 quo
1950 3943 2235 4014 prophetia
2265 3943 2507 4013 loquitur
2538 3952 2851 3997 venturum.
2900 3940 2956 3995 Si
2988 3942 3156 4012 igitur
3189 3942 3381 3996 borum

1816 4035 2082 4105 ipsorum,
2107 4035 2174 4090 de
2202 4036 2403 4106 quibus
2425 4035 2631 4089 dictum
2663 4042 2767 4095 est,
2800 4049 2990 4104 regna,
3020 4035 3198 4087 adhuc
3235 4045 3383 4089 stare

1816 4128 2015 4182 intueri
2048 4128 2260 4193 liceret,
2297 4126 2433 4181 nihil
2464 4126 2699 4195 amplius
2738 4139 2982 4195 quaerere
3026 4140 3165 4195 opus
3213 4134 3380 4191 esset,

1815 4223 1910 4277 sed
1939 4222 2103 4276 etiam
2136 4235 2283 4275 nunc
2330 4220 2384 4274 in
2432 4218 2675 4273 futurum
2722 4230 2938 4289 tempus
2962 4233 3112 4288 spem
3156 4233 3376 4272 omnem

1815 4313 2118 4368 intendere.
2164 4313 2263 4366 Sin
2303 4318 2484 4366 autem
2529 4312 2711 4381 reipsa
2750 4319 2964 4366 constat
2990 4329 3051 4364 ea
3079 4310 3146 4365 de
3172 4311 3374 4381 quibus

1813 4407 2018 4462 dictum
2048 4415 2154 4471 est,
2189 4422 2381 4462 eversa
2409 4406 2732 4476 sublataque
2769 4422 2912 4470 esse,
2946 4420 3119 4474 usque
3149 4404 3283 4459 adeo
3320 4410 3379 4457 ut

163 4485 259 4539 τότε
301 4489 513 4560 διέμενε
562 4489 827 4560 βασιλεία.
873 4493 947 4543 Οὐ
1004 4492 1112 4564 γὰρ
1163 4493 1270 4547 ἀπὸ
1315 4494 1502 4562 γένους
1550 4492 1711 4547 Δαυῒδ

1822 4515 1989 4569 neque
2019 4499 2073 4553 in
2102 4499 2385 4563 Damasco,
2423 4514 2597 4569 neque
2624 4498 2677 4551 in
2702 4495 2909 4560 Iudaea,
2938 4496 3144 4551 nostris
3169 4503 3379 4565 tempo-

163 4576 322 4649 ἔφερον
344 4584 446 4654 τὴν
472 4582 570 4652 τῆς
595 4583 769 4654 ἀρχῆς
792 4583 1035 4655 διαδοχὴν
1086 4584 1330 4657 Ἡρώδης
1370 4587 1463 4638 καὶ
1499 4588 1546 4638 oi
1590 4584 1708 4656 μετ’

1822 4592 1967 4645 ribus
1999 4606 2181 4661 regem
2232 4591 2433 4645 intueri
2477 4591 2659 4654 liceat,
2700 4590 2830 4661 quid
2866 4589 3098 4659 amplius
3122 4587 3380 4644 dubitan-

162 4670 295 4724 αὑτὸν
324 4676 415 4728 ἐπὶ
437 4675 532 4727 τοῦ
566 4676 815 4747 Σωτῆρος
837 4676 991 4747 ἡμῶν
1018 4678 1317 4748 γενόμενοι.
1354 4678 1504 4731 Μετᾶ
1528 4677 1585 4731 δὲ
1607 4677 1705 4749 τὴν

1822 4683 1936 4738 lum
1988 4692 2095 4751 est,
2156 4684 2438 4737 oraculum
2475 4699 2633 4739 suum
2684 4684 2842 4737 linem
2901 4682 3195 4752 accepisse,
3231 4681 3378 4750 quod

163 4763 455 4832 ὶπιιρὰνειαν
498 4768 697 4833 αὐτοῦ,
752 4770 846 4821 καὶ
896 4770 959 4822 τὸ
1003 4769 1355 4838 εὐαγγελικὸν
1392 4771 1471 4834 εἰς
1501 4769 1707 4832 πάντας

1822 4776 1921 4829 iit?
1966 4795 1984 4825 ι
2012 4775 2077 4829 Et
2116 4776 2451 4845 relinquetur
2482 4782 2639 4829 terra.
2670 4790 2705 4828 a
2742 4774 2877 4828 facie
2906 4773 3137 4827 duorum
3164 4788 3374 4843 regum,

163 4851 451 4924 ἀνθρώπους
488 4858 582 4911 τοῦ
629 4861 693 4912 ὲκ
740 4861 838 4930 τῆς
881 4860 1154 4932 Παρθένου
1187 4860 1375 4925 παιδὸς
1420 4862 1703 4932 κήρυγμα.

1822 4883 1947 4938 ιιιοει
1983 4880 2038 4923 ιιι
2091 4870 2251 4924 times
2274 4884 2305 4922 a
2335 4868 2471 4922 facie
2502 4868 2743 4936 ipsorum
2770 4884 2783 4931 ;
2810 4884 2827 4918 ι
2867 4867 3068 4936 quibus
3111 4866 3165 4919 in
3195 4864 3374 4919 verbis

164 4948 548 5027 καταλέλειπται
610 4951 809 5005 αὐτίκα
873 4953 905 5023 ἡ
956 4953 1025 5022 γῆ
1080 4952 1187 5006 ἀπὸ
1253 4952 1542 5023 προσώπου
1594 4956 1706 5007 τοῖν

1822 4972 1961 5028 φερε
1990 4972 2087 5026 pro
2141 4958 2324 5029 regnis
2374 4957 2637 5010 nominati
2683 4963 2830 5011 sunt.
2885 4954 3164 5025 Siquidem
3218 4952 3375 5025 Sym-

162 5034 279 5090 δυεῖν
302 5041 580 5109 βασιλέων.
640 5042 729 5108 Ἐξ
760 5044 966 5096 ἐκείνου
998 5043 1106 5114 γὰρ
1129 5044 1226 5115 τῆς
1284 5046 1569 5115 Ῥωμαίων
1605 5064 1703 5116 μο-

1826 5050 2032 5104 nachus
2079 5048 2153 5102 ita
2215 5049 2329 5104 ait:
2388 5046 2789 5118 (Relinquetur
2852 5055 3019 5109 terra,
3073 5063 3104 5100 a
3155 5062 3261 5116 qua
3315 5063 3371 5098 ιιι

160 5132 352 5199 ναρχίας
377 5132 486 5186 τῶν
520 5132 688 5187 ἐθνῶν
728 5136 1195 5207 ὲπικρατησάσης,
1234 5136 1453 5190 ἐλέλυτο
1481 5138 1580 5209 μὲν
1609 5138 1703 5191 καὶ

162 5219 285 5271 πᾶσα
310 5225 339 5291 ἡ
371 5223 510 5275 κατὰ
541 5224 667 5287 τοὺς
682 5224 876 5288 τόπους
902 5225 1158 5297 ὲθναρχία
1185 5244 1243 5280 τε
1264 5228 1358 5282 καὶ
1378 5228 1665 5299 πολιαρχία
1682 5245 1699 5261 ο

159 5306 283 5372 τέλος
319 5311 371 5365 δὲ
430 5312 568 5383 μετὰ
623 5313 730 5366 τῶν
786 5314 961 5369 ἄλλων
1019 5318 1111 5369 καὶ
1164 5316 1231 5371 τὰ
1275 5319 1375 5389 τῆς
1411 5320 1467 5371 ὲν
1515 5322 1700 5391 χερσὶν

160 5396 396 5469 ἐλάμϐανε
447 5408 802 5478 προφητείας.
868 5411 1033 5482 Ῥητᾶ
1089 5411 1187 5482 μὲν
1231 5408 1324 5466 οὖν
1355 5413 1477 5466 τάδε
1505 5432 1518 5443 '
1566 5416 1699 5487 πρὸς

158 5486 202 5539 δὲ
238 5492 460 5561 διάνοιαν
504 5501 533 5551 ό
602 5500 699 5571 τῆς
760 5504 1095 5572 προφητείας
1150 5504 1301 5574 λόγος
1342 5506 1556 5577 ἁπάσης
1598 5486 1698 5577 ψυ-

162 5579 240 5647 χῆς
262 5585 313 5637 τὸ
338 5589 593 5653 εὐσταθὲς
615 5593 706 5644 καὶ
718 5591 1024 5663 γαληναῖον,
1047 5595 1139 5646 καὶ
1161 5596 1429 5666 είρηναῖον
1446 5596 1695 5666 σημαίνει

160 5670 239 5739 τῆς
268 5676 349 5731 τὸν
381 5681 707 5751 γεννηθέντα
737 5683 869 5735 Θεὸν
904 5685 1065 5736 αὑτὸν
1104 5685 1167 5755 δὴ
1209 5686 1299 5738 τὸν
1355 5688 1694 5758 Ἐμμανουήλ

164 5774 591 5849 παραδεξαμένης.
643 5780 788 5841 Ένὸς
817 5780 922 5850 γὰρ
956 5782 1190 5853 Χριστοῦ
1228 5783 1319 5836 καὶ
1356 5784 1447 5838 τοῦ
1496 5802 1693 5853 καταγ-

162 5856 399 5929 τιλθέντος
454 5867 588 5937 πρὸς
650 5869 811 5923 αὑτοῦ
876 5870 1031 5939 λόγου
1092 5873 1186 5943 τῆς
1238 5870 1342 5926 τῶν
1396 5873 1690 5945 ἀνθρώπων

1802 5141 1945 5195 mala
2010 5141 2245 5213 pateris,
2290 5158 2320 5195 a
2380 5140 2517 5196 faeie
2586 5141 2819 5197 duorum
2885 5156 3074 5211 regum
3136 5139 3366 5211 ipsius.»

1801 5230 1997 5302 Aquila
2089 5248 2247 5288 vero:
2360 5231 2757 5303 «Relinquetur
2821 5242 3001 5296 terra,
3068 5246 3232 5302 quam
3312 5241 3369 5285 tu

1803 5323 2019 5379 fastidis
2046 5362 2063 5389 ,
2128 5339 2159 5378 a
2199 5323 2340 5379 facie
2391 5324 2624 5379 duorum
2665 5338 2851 5394 regum
2895 5324 3084 5393 ipsius.
3119 5342 3137 5375 ι
3183 5321 3365 5375 Theo-

1800 5414 1991 5470 dotion
2042 5432 2261 5486 quoque
2319 5416 2510 5472 eodem
2576 5416 2969 5485 interpretatus
3025 5423 3109 5471 est
3166 5415 3356 5468 lllUdU‘

1798 5509 1963 5580 319
1991 5528 2009 5561 ι
2039 5508 2419 5581 Relinquetur,
2460 5508 2656 5579 inquit,
2691 5518 2835 5565 terra
2871 5526 3031 5580 quam
3077 5517 3133 5563 tu
3157 5509 3333 5563 abomi

1800 5602 1948 5655 naris
1984 5616 2013 5654 a
2045 5600 2183 5656 l‘aeie
2230 5601 2462 5656 duorum
2511 5616 2697 5673 regum
2748 5602 2940 5673 ipsius.
2984 5621 3001 5654 ι
3046 5602 3240 5656 Cernis

1796 5691 2119 5746 vaticinetur
2154 5700 2353 5747 terram
2401 5694 2811 5764 relinquendam
2864 5709 2985 5750 esse
3019 5695 3137 5749 sine
3189 5710 3313 5763 rege

1798 5780 1901 5837 Sed
1930 5799 2092 5852 quam
2126 5784 2343 5840 tandem
2379 5793 2611 5851 terram,
2647 5786 2751 5841 nisi
2781 5785 3240 5843 Damascenorum
3279 5794 3363 5839 at-

1794 5890 1899 5945 que
1927 5872 2091 5931 lsrael
2116 5876 2137 5928 ?
2167 5874 2373 5931 llurum
2419 5878 2562 5933 enim
2616 5879 2725 5934 duo
2755 5894 2909 5950 reges
2937 5885 3115 5945 erant,
3147 5876 3213 5933 de
3240 5876 3366 5947 qui-
