3894 6506
538 375 648 454 ωδ
1189 396 1467 468 tensas“
1507 398 1991 457 CESARIENSIS
2023 399 2172 458 ore.
2203 400 2389 460 mas
2426 403 2495 458 η.
2535 435 2603 445 -
2641 402 3142 461 APOLOCETICA.
3661 412 3738 470 su

538 519 642 572 bus
700 514 791 569 hic
844 528 1028 570 sermo
1068 520 1176 568 cst.
1229 515 1475 581 Quorum
1538 524 1740 572 terram
1772 515 1954 571 Achaz
2014 518 2076 572 fat

2207 519 2384 590 ψυχῆς
2411 520 2785 590 βασιλεύοντος
2803 561 2817 580 ,
2839 523 2887 574 οἱ
2919 523 3047 593 πρὶν
3081 521 3495 591 ἀποπεφεύγασι
3518 526 3739 599 πολέμιοι,

539 607 795 663 sti‘diebat
855 605 971 660 sive
1023 605 1445 661 abominabatur
1486 607 1775 674 laborans,
1808 607 1923 665 sive
1972 610 2077 662 mal

2213 611 2305 668 δύο
2346 615 2537 684 τρόποι
2571 614 2912 676 δυσσεϐείας,
2947 614 2975 666 ὅ
3001 631 3062 666 τε
3097 611 3194 684 τὴν
3230 612 3650 686 εἰδωλολατρείαν
3668 638 3739 676 και

539 699 754 770 patiens
783 698 854 752 ab
905 711 990 752 ea.
1021 695 1256 761 Quando
1286 697 1471 768 igitur,
1501 713 1718 770 quaeso,
1763 698 1868 754 hoc
1909 699 2077 754 factm

2213 705 2310 776 τὴν
2335 707 2393 757 ἐν
2427 706 2784 777 πολυτρόποις
2817 706 3079 776 δόγμασιν
3113 705 3448 776 ἑτεροδοξίαν
3476 708 3740 766 ύποϐάλλων

535 794 658 850 est?
686 791 781 846 llis
809 791 953 846 enim
980 791 1248 847 confectis
1277 831 1292 851 .
1329 807 1556 848 necesse
1576 799 1661 848 est
1716 807 1944 862 prorsus
1988 808 2073 847 eat

2212 797 2539 868 ἀνθρώποις,
2577 799 2670 850 καὶ
2707 799 2736 851 ό
2765 797 2862 868 τὴν
2892 801 2950 852 ὲν
2979 797 3136 868 ῆθεσι
3165 797 3497 869 διαστροφὴν
3527 801 3737 871 ἐνεργῶν.

535 884 831 955 prophetia
886 891 1121 954 partem,
1151 883 1220 940 de
1251 899 1358 954 qua
1388 885 1478 938 hic
1515 885 1721 940 dictum
1751 893 1864 946 est,
1900 883 1967 938 ad
1995 887 2073 939 exi

2213 887 2428 941 Τούτων
2451 888 2509 941 δὲ
2537 885 2629 942 οῦν
2654 888 2843 958 ἔφερον
2864 891 2912 942 οἱ
2944 888 3110 942 πάλαι
3138 887 3302 958 δηλού
3312 905 3463 958 μενοι
3491 897 3740 961 σωματικαὶ

535 986 648 1032 tum
683 975 1141 1046 pervenisse,hoc
1157 984 1242 1032 est
1272 975 1572 1049 Virginem,
1598 977 1883 1033 nobiscum
1917 975 2073 1032 Deunt

2212 977 2449 1047 βασιλεῖς
2485 978 2554 1030 τὰ
2605 978 2848 1048 σύμϐολα
2871 997 2884 1010 ο
2933 974 3008 1033 ὧν
3057 981 3087 1033 ὁ
3136 981 3234 1050 μὲν
3281 983 3636 1053 Δαμασκηνῶν
3664 987 3740 1054 τῆς

534 1068 831 1138 peperisse.
861 1065 928 1120 Et
949 1082 1088 1123 sane
1116 1075 1335 1124 constat
1372 1067 1515 1138 apud
1543 1083 1639 1123 eos
1667 1067 1762 1138 qui
1788 1083 1895 1122 non
1926 1068 2072 1123 indili

2209 1070 2317 1124 τῶν
2364 1071 2535 1125 ἐθνῶν
2588 1072 2716 1145 περὶ
2756 1073 2828 1126 τά
2871 1073 3064 1126 εἴδωλα
3106 1072 3316 1144 πλάνης
3356 1073 3515 1127 εἰκὼν
3556 1069 3632 1147 ἦν,
3660 1079 3737 1130 ὁδ’

535 1169 722 1228 genter
747 1159 1014 1215 historias
1062 1160 1491 1230 exploraverim,
1523 1159 1977 1229 quemadmodum
2016 1177 2073 1217 us

2208 1164 2394 1234 ἕτερος
2435 1164 2545 1217 τῶν
2587 1165 2936 1219 ἀποστάντων
2985 1165 3085 1235 τῆς
3148 1165 3503 1237 Ἰερουσαλὴμ
3522 1207 3536 1229 ,
3581 1167 3740 1239 δηλαδὴ

533 1266 640 1320 que
676 1250 743 1304 ad
765 1258 1016 1321 tempora
1048 1250 1348 1306 Salvatoris
1380 1252 1554 1307 nostri
1586 1250 1716 1307 Jesu
1755 1252 1983 1316 Christi,
2019 1269 2071 1308 re

2205 1255 2314 1307 τῶν
2347 1255 2821 1310 ἀποπεπωκότων
2857 1257 2957 1326 τῆς
2999 1257 3139 1310 κατὰ
3184 1256 3280 1310 τὸν
3327 1258 3490 1328 νόμον
3520 1258 3602 1312 τοῦ
3637 1259 3738 1313 Θεοῦ

530 1360 626 1416 ges
674 1343 926 1400 Damasci
971 1359 1001 1398 a
1034 1343 1334 1413 majoribus
1359 1345 1476 1401 suis
1507 1355 1787 1414 acceptum
1819 1345 2067 1416 imperim

2207 1343 2479 1418 λατρείας.
2533 1348 2654 1401 Ὅτι
2711 1349 2768 1402 δὲ
2813 1347 2986 1401 ταῦτα
3035 1348 3177 1402 κατὰ
3222 1349 3466 1403 διάνοιαν
3513 1351 3739 1421 τροπικῶς

531 1436 830 1492 tenuerint.
879 1434 1016 1490 Nam
1071 1445 1296 1492 sanctus
1343 1454 1562 1508 quoque
1610 1437 1904 1507 Apostolus
1931 1439 2069 1494 Aret:

2206 1437 2566 1508 ἀποδέχεσθαι
2607 1440 2908 1512 προσήκει,
2957 1440 3115 1511 μάθοι
3147 1441 3213 1494 ἄν
3260 1458 3346 1504 τις
3387 1442 3479 1494 καὶ⁵
3522 1442 3618 1495 ἀπὸ
3657 1443 3739 1496 τῶν

529 1527 994 1583 Damascenorum
1018 1529 1161 1599 regis
1184 1529 1450 1592 meminit.
1481 1539 1537 1585 et
1565 1528 1810 1585 Iudaicae
1840 1530 2017 1599 gentis
2037 1546 2064 1584 a

2205 1528 2332 1600 ἑξῆς
2364 1531 2766 1602 ἐπιλεγομένων
2786 1572 2801 1596 ,
2824 1533 2888 1586 δι’
2919 1525 2994 1586 ὧν
3025 1533 3084 1584 ὲν
3115 1535 3182 1603 τῇ
3217 1531 3406 1603 ἡμέρᾳ
3437 1533 3529 1585 τοῦ
3571 1534 3737 1604 Ἐμμα-

530 1620 664 1677 illud
693 1635 866 1690 usque
889 1629 1123 1691 tempus,
1157 1621 1408 1692 quamvis
1433 1622 1805 1677 inordinatum
1826 1630 1882 1678 et
1909 1632 2068 1694 praete

2203 1621 2366 1693 νουὴλ
2417 1623 2578 1694 μυίας
2613 1623 2769 1688 τινὰς
2815 1625 2910 1677 καὶ
2959 1625 3217 1696 μελίσσας
3265 1623 3637 1677 ἐπελεύσεσθαι
3681 1623 3735 1695 τῷ

530 1717 700 1786 leges.
735 1728 964 1783 regnum
995 1716 1270 1770 manebat.
1302 1714 1421 1770 Non
1461 1717 1609 1771 enim
1645 1731 1675 1770 a
1705 1732 1908 1786 genere
1933 1716 2064 1770 Davi

2216 1711 2480 1766 Ἰουδαίων
2524 1713 2665 1768 ἔθνει
2705 1717 2801 1769 καὶ
2845 1717 2874 1767 ὁ
2908 1715 3064 1784 λόγος
3104 1715 3388 1781 θεσπίζει,
3421 1716 3518 1778 τὰς
3550 1715 3636 1786 μὲν
3666 1715 3737 1768 ἀπ’

531 1816 625 1861 aut
655 1807 918 1873 Herodes,
948 1816 1042 1862 aut
1071 1808 1162 1877 qui
1201 1816 1323 1878 post
1355 1807 1646 1872 llerodcm,
1677 1808 1981 1865 Salvatoris
2002 1826 2069 1865 no

2201 1802 2500 1870 Αίγύπτου,
2535 1803 2633 1867 τὰς
2659 1804 2716 1856 δὲ
2747 1803 2855 1857 ἀπὸ
2883 1803 2990 1856 τῶν
3025 1805 3324 1876 Ἀσσυρίων
3345 1843 3360 1866 ,
3385 1805 3482 1875 τὴν
3522 1803 3735 1875 κεφαλὴν,

529 1899 630 1954 atri
663 1899 998 1968 temporibus
1023 1898 1374 1962 exstiterunt,
1405 1899 1557 1968 regni
1609 1914 1987 1956 successorem
2022 1901 2067 1957 fe

2203 1899 2298 1952 καὶ
2356 1901 2482 1962 τοὺς
2539 1899 2737 1963 πόδας,
2787 1901 2882 1952 καὶ
2933 1899 3026 1952 τὸν
3087 1898 3328 1968 πώγωνα
3377 1897 3733 1968 ἀποξυρήσεινο

529 1989 742 2046 rebant.
775 1990 844 2042 At
893 2004 1022 2045 vero
1054 1997 1176 2058 post
1223 1988 1344 2058 ejus
1393 1991 1696 2055 adviutum,
1749 2002 1977 2063 postque
2032 1993 2064 2046 d

2199 1989 2484 2062 ἄνθρωπον
2511 1991 2567 2044 δὲ
2599 1991 2831 2062 δάμαλιν
2857 1991 3017 2061 βοῶν,
3040 1993 3133 2045 καὶ
3153 1990 3248 2044 δύο
3285 1991 3523 2063 πρόϐατα
3540 1990 3733 2061 θρέψειν,

529 2080 750 2153 Virgine
793 2081 902 2136 nati
939 2083 1308 2151 evangelicam
1353 2083 1408 2136 in
1439 2097 1632 2137 omnes
1679 2082 1930 2139 homines
1961 2099 2067 2154 pra:

2199 2082 2291 2134 καὶ
2323 2081 2457 2134 ἄλλα
2484 2081 2605 2135 τινὰ
2632 2081 2751 2134 καθ’
2776 2082 2872 2135 ἕνα
2907 2081 3000 2134 καὶ
3031 2081 3122 2134 τὸν
3151 2081 3316 2134 αὑτὸν
3350 2081 3534 2152 χρόνον
3561 2077 3735 2131 ἔσεσθαι

526 2174 876 2236 dicationem,
904 2185 1048 2230 terra
1069 2175 1332 2230 continuo
1379 2190 1410 2228 a
1446 2174 1585 2230 facie
1641 2175 1876 2230 duorum
1908 2192 2064 2248 regur

2197 2171 2444 2242 οὐδαμῶς
2491 2172 2624 2244 πρὸς
2645 2171 2790 2236 λέξιν
2810 2172 3096 2244 νοούμενα,
3116 2171 3263 2225 κατὰ
3286 2172 3454 2242 μόνην
3474 2170 3525 2222 δὲ
3545 2169 3732 2223 διάνοιαν

523 2268 718 2324 relicta
741 2275 842 2323 est.
871 2266 1004 2321 Nam
1049 2281 1114 2321 ex
1146 2267 1238 2322 illo
1284 2283 1407 2322 cum
1441 2266 1668 2324 Romani
1691 2269 1934 2324 omnium
1966 2286 2061 2341 gen

2197 2262 2564 2334 θεωρούμενα.
2610 2264 2796 2319 Ταῦτα
2855 2265 2954 2335 μὲν
3003 2261 3096 2318 οὖν
3151 2264 3419 2318 τοιαῦταο
3453 2265 3590 2328 ὅπως
3618 2263 3664 2315 δὲ
3707 2263 3731 2331 ἡ

520 2360 657 2414 tium
712 2358 1000 2428 imperium
1029 2357 1437 2423 obtinuissent,
1489 2359 1704 2414 solutus
1735 2359 1956 2430 quidem
2009 2376 2058 2415 et

2197 2355 2446 2426 παροῦσα
2508 2355 2694 2428 γραφὴ
2758 2357 2861 2428 τῆς
2920 2356 3016 2409 τοῦ
3082 2357 3334 2428 Σωτῆρος
3387 2355 3541 2427 ἡμῶν
3597 2352 3731 2422 Ἰησοῦ

521 2452 701 2508 Omnis
728 2468 822 2523 per
855 2450 1068 2521 singula
1101 2451 1218 2505 loca
1238 2491 1254 2517 ,
1284 2459 1394 2504 tam
1425 2452 1666 2521 gentium
1698 2465 1863 2522 quam
1898 2450 2059 2506 civita

2195 2447 2431 2518 Χριστοῦ
2465 2449 2730 2517 γενέσεως
2765 2451 3136 2520 προεσήμαινε
3172 2450 3265 2502 τὸν
3305 2448 3500 2519 τρόπον
3521 2488 3535 2511 ,
3567 2464 3727 2518 μαρτν-

521 2555 634 2600 tum
687 2544 1050 2616 principatus,
1101 2543 1370 2612 ﬁnemque
1410 2559 1516 2597 una
1547 2559 1672 2598 cum
1703 2543 1892 2599 multis
1945 2544 2059 2598 aliis

2198 2543 2350 2612 ρήσει
2401 2533 2503 2594 ὧδέ
2533 2557 2649 2604 πως
2681 2543 2709 2594 ὁ
2751 2540 3140 2612 εὐαγγελιστὴς
3186 2541 3417 2610 γράφων
3442 2557 3455 2569 ·
3511 2558 3527 2589 ι
3559 2537 3650 2590 Τοῦ
3687 2535 3730 2588 δὲ

519 2638 685 2692 etiam
715 2652 778 2692 ea
807 2653 930 2706 qua:
957 2635 1022 2690 ad
1058 2643 1377 2706 praesentem
1406 2634 1748 2706 prophetiam
1794 2636 2057 2706 pertinent

2205 2632 2377 2704 Ἰησοῦ
2410 2632 2646 2703 Χριστοῦ
2680 2634 2712 2702 ἡ
2746 2633 2959 2700 γένεσις
3003 2633 3177 2697 οῦτως
3207 2629 3277 2705 ἦν
3300 2649 3312 2661 ·
3341 2629 3728 2701 Μνηστευθείσης

521 2731 716 2785 sortita
761 2737 911 2784 sunt.
942 2727 1008 2782 Et
1036 2729 1151 2783 haec
1182 2728 1403 2797 quidem
1435 2728 1502 2782 ad
1552 2729 1782 2783 verbum
1818 2729 2059 2799 interpre

2193 2725 2300 2796 γὰρ
2345 2725 2444 2794 τῆς
2481 2725 2684 2796 μητρὸς
2726 2724 2890 2778 αὐτοῦ
2931 2726 3150 2796 Μαρίας
3197 2724 3278 2796 τῷ
3323 2724 3545 2796 Ἰωσὴφ,
3569 2717 3727 2792 πρὶνῆ

521 2823 764 2876 tantibus
783 2820 928 2875 dicta
952 2821 1080 2874 sint.
1104 2819 1184 2873 Ad
1217 2835 1436 2875 sensum
1465 2834 1593 2874 vero
1621 2821 1676 2874 in
1698 2821 1844 2875 hunc
1868 2821 2059 2875 modum

2195 2817 2466 2872 συνελθεῖν
2491 2818 2707 2881 αὐτοὺς,
2733 2816 2930 2890 εὑρέθη
2966 2821 3024 2872 ὲν
3057 2819 3256 2890 γαστρὶ
3284 2817 3479 2889 ἔχουσα
3509 2817 3568 2869 ὲκ
3592 2811 3724 2867 Ilvati-

521 2915 737 2968 dicatur
763 2927 778 2964 :
800 2913 965 2981 hujus
997 2911 1296 2980 prophetia:
1327 2911 1490 2965 verba
1525 2912 1707 2966 omnis
1732 2914 1932 2966 anima:
1969 2928 2059 2982 qu:

2194 2929 2360 2982 ματος
2393 2911 2569 2980 ἁγίου.
2618 2911 2812 2982 Ἰωσὴφ
2844 2911 2900 2964 δὲ
2932 2913 2960 2964 ὁ
2989 2912 3129 2983 ἀνὴρ
3161 2913 3334 2983 αὐτῆς
3353 2952 3370 2977 ,
3413 2911 3604 2989 δίκαιος
3644 2905 3723 2967 GN.

517 3006 688 3061 Deum
705 3007 851 3060 hunc
867 3016 1076 3069 natum,
1098 3001 1872 3074 ipsum,inquam,Emmanuel
1901 3018 2055 3060 ausce

2190 3003 2286 3058 καὶ
2335 3003 2411 3074 μὴ
2475 3002 2644 3057 θέλων
2698 3005 3197 3076 παραδειγματίσαι
3258 3004 3464 3075 αὐτὴν,
3506 2995 3723 3070 ἐϐουλήθη

517 3095 1283 3164 perit,stabiles,tranquillos,
1297 3094 1555 3164 paciﬁcos
1565 3094 1872 3164 signiﬁcare
1887 3110 2055 3151 more:

2188 3096 2361 3168 λάθρα
2379 3095 2645 3150 ἀπολῦσαι
2667 3097 2858 3167 αὑτήν.
2883 3095 3066 3150 Ταῦτα
3089 3096 3145 3150 δὲ
3168 3097 3334 3150 αὐτοῦ
3361 3093 3721 3166 ἐνθυμηθέντος.

518 3185 640 3244 Uno
667 3189 808 3243 enim
827 3185 1067 3248 Christo,
1094 3194 1148 3241 et
1178 3202 1243 3241 eo
1265 3187 1410 3256 quod
1433 3187 1500 3240 ab
1523 3187 1642 3257 ipso
1665 3186 1973 3240 nuntiatum
2004 3203 2056 3242 es

2194 3189 2302 3243 ἰδοῦ
2327 3189 2556 3258 ἄγγελος
2577 3189 2781 3260 Κυρίου
2816 3191 2933 3242 κατ’
2957 3189 3089 3261 ὄναρ
3119 3189 3374 3258 φαίνεται
3409 3187 3547 3258 αὐτῷ
3569 3185 3720 3254 λέγων·

514 3281 704 3342 verbo,
739 3279 988 3333 humanae
1019 3279 1214 3333 animm
1236 3279 1521 3348 imperium
1551 3279 1850 3343 obtinente,
1876 3279 2052 3349 priore

2205 3279 2400 3351 Ἰωσὴφ
2459 3281 2574 3344 υίὸς
2629 3279 2828 3343 Δαυῒδ,
2883 3280 2954 3350 μὴ
3000 3280 3249 3352 φοϐηθῇς
3283 3279 3602 3352 παραλαϐεῖν
3632 3277 3722 3330 Μα-

516 3371 636 3441 ejus
650 3373 852 3434 hostes,
872 3370 982 3427 duo
996 3372 1291 3443 impietatis
1305 3372 1446 3426 modi
1469 3372 1638 3442 fugati
1658 3381 1788 3428 sunt
1817 3390 1832 3428 :
1851 3389 1996 3429 unus
2016 3373 2054 3428 is

2189 3373 2330 3444 ριὰμ
2362 3372 2459 3443 τὴν
2490 3373 2728 3441 γυναῖκα
2767 3390 2881 3426 σου.
2913 3373 2986 3425 Τὸ
3017 3372 3126 3444 γὰρ
3159 3374 3218 3425 ἐν
3247 3374 3384 3443 αὐτῇ
3417 3369 3647 3441 γεννηθὲν
3672 3369 3719 3419 ἐκ

515 3467 609 3534 qui
635 3474 688 3519 et
719 3466 1141 3520 simulacrorum
1173 3468 1406 3529 cultum,
1436 3473 1489 3521 et
1521 3467 1577 3521 in
1613 3467 1949 3521 multimodis
1968 3467 2053 3536 opi

2193 3463 2506 3535 Πνεύματός
2537 3466 2684 3517 ἐστιν
2711 3465 2890 3534 ἁγίου.
2920 3463 3146 3534 Τέξεται
3166 3463 3224 3517 δὲ
3251 3465 3385 3534 υἱὸν,
3411 3463 3499 3516 καὶ
3517 3459 3717 3517 καλέσεις

513 3557 774 3613 nionibus
799 3557 1171 3613 diversitatem
1203 3558 1517 3613 hominibus
1545 3559 1874 3630 suggerebat
1901 3577 1916 3613 :
1945 3559 2051 3614 alte

2191 3556 2251 3610 τὺ
2277 3557 2446 3628 ὄνομα
2479 3557 2644 3610 αὑτοῦ
2684 3555 2911 3627 Ἰησοῦν.
2953 3556 3124 3620 Αὐτὸς
3160 3555 3272 3627 γὰρ
3317 3554 3475 3607 σώσει
3513 3551 3592 3606 τὸν
3620 3547 3716 3601 λαὸν

516 3650 584 3714 is,
641 3651 732 3721 qui
756 3651 809 3704 in
841 3650 1088 3706 moribus
1117 3653 1526 3720 perversitatem
1555 3652 1910 3720 propagabat.
1947 3649 2054 3704 Nan

2190 3647 2356 3702 αὑτοῦ
2394 3648 2503 3702 ἀπὸ
2547 3647 2653 3701 τῶν
2701 3646 2983 3721 ἁμαρτιῶν
3027 3645 3228 3700 αὐτῶν.
3273 3667 3290 3699 ι
3337 3646 3499 3700 Τοῦτο
3543 3644 3594 3696 δὲ
3625 3641 3716 3695 ὅλον

514 3744 574 3805 ii,
599 3744 689 3813 qui
717 3743 846 3797 dicti
881 3750 1009 3797 sunt
1041 3743 1356 3812 corporales
1390 3757 1566 3812 reges.
1598 3741 1792 3796 horum
1821 3753 1980 3798 notas
2031 3758 2052 3795 ε

2189 3741 2441 3807 γέγονεν,
2476 3741 2565 3794 ἵνα
2590 3739 2848 3810 πληρωθῇ
2883 3738 2944 3792 τὸ
2979 3739 3142 3809 ῥηθὲν
3177 3740 3283 3792 ὑπὸ
3305 3737 3400 3792 τοῦ
3435 3735 3619 3807 κυρίου
3648 3729 3717 3784 διὰ

515 3837 668 3904 signa
700 3835 1005 3905 gestabant,
1031 3851 1062 3890 e
1089 3835 1287 3903 quibus
1317 3849 1461 3888 unus
1505 3833 1859 3891 Damascenis
1909 3835 2053 3904 impe

2188 3833 2284 3886 τοῦ
2309 3834 2584 3903 προφήτου
2607 3832 2856 3900 λέγοντος
2893 3850 2905 3860 ·
2947 3831 3076 3885 Ἰδοὺ
3127 3833 3161 3902 ἡ
3186 3830 3455 3902 Παρθένος
3485 3831 3536 3880 ὲν
3557 3820 3715 3894 γαστρὶ

514 3943 664 3986 rans.
711 3928 938 3990 erroris,
979 3942 1089 3996 quo
1118 3926 1172 3979 in
1207 3925 1520 3980 simulacris
1579 3926 1824 3981 colendis
1893 3935 2050 3996 gente

2187 3925 2435 3995 λήψεται,
2470 3925 2564 3977 καὶ
2595 3924 2808 3988 τέξεται
2835 3924 2970 3987 υἱὸν,
2993 3925 3088 3978 καὶ
3112 3923 3362 3987 καλέσεις
3389 3923 3449 3976 τὸ
3471 3921 3621 3990 ὄνομα
3640 3915 3714 3968 αὑ·

513 4018 859 4078 tenebantur.
888 4025 1003 4072 erat
1035 4018 1211 4086 imago
1240 4034 1254 4070 :
1288 4017 1426 4070 alter
1445 4031 1572 4070 vero
1612 4031 1826 4080 eorum,
1874 4017 1967 4086 qui
2011 4019 2051 4070 at

2189 4017 2280 4070 τοῦ
2299 4015 2661 4087 Ἐμμανουήλ,
2680 4018 2708 4070 ὃ
2723 4018 2839 4069 ἐστι
2862 4015 3423 4086 μεθερμηνευόμενον,
3440 4011 3556 4082 μεθ’
3579 4004 3713 4076 ἡμῶν

511 4107 809 4163 Jerusalem
845 4108 1178 4171 defecerant,
1221 4107 1314 4176 qui
1360 4107 1610 4162 videlicet
1641 4123 1671 4161 a
1718 4106 1812 4163 Dei
1843 4109 2046 4179 legitim

2190 4113 2223 4162 ό
2252 4109 2414 4174 Θεός.
2431 4127 2447 4158 ι
2462 4107 2617 4162 Οῦτω
2639 4108 2703 4178 δὴ
2725 4108 2846 4161 καθ’
2861 4109 3006 4178 ἡμᾶς
3022 4107 3090 4160 τὰ
3110 4107 3210 4177 τῆς
3240 4108 3386 4170 θείας
3408 4100 3712 4178 προγνώσεως

515 4201 833 4256 adoratioue
880 4201 1216 4264 deciderant,
1278 4201 1506 4272 ﬁgurate
1549 4217 1840 4272 personam
1896 4218 2052 4273 gerer

2192 4200 2300 4254 ἀπὸ
2333 4200 2430 4270 τῆς
2461 4199 2568 4252 τῶν
2593 4200 2934 4271 πραγμάτων
2965 4200 3245 4264 ἐκϐάσεως
3260 4199 3550 4258 πιστοῦται,
3575 4190 3711 4248 me;

509 4293 812 4348 videbatur.
834 4294 998 4364 320
1029 4293 1183 4360 Quod
1218 4310 1348 4349 vero
1395 4294 1507 4349 haec
1553 4295 1620 4348 ad
1650 4310 1872 4350 sensum
1904 4310 1970 4349 ex
2028 4297 2042 4347 l

2192 4295 2294 4346 οὐκ
2335 4292 2401 4345 ἂν
2426 4292 2526 4360 τῆς
2567 4292 2904 4363 προφητείας
2949 4292 3183 4363 ἀληθοῦς
3214 4284 3709 4362 ἀποφανθησομένης-

507 4402 640 4456 gura
675 4386 920 4454 κοίρανε
961 4392 1226 4455 oporteat,
1266 4387 1464 4456 poterit
1496 4386 1769 4457 quispiam
1797 4387 1960 4441 etiam
1986 4403 2053 4441 ex
2093 4386 2160 4440 iis
2182 4401 2304 4456 qua:
2335 4393 2642 4454 sequuntur
2668 4386 2975 4448 addiscere,
3014 4386 3106 4440 ubi
3134 4386 3191 4440 in
3220 4385 3412 4440 diebus
3439 4373 3709 4436 Emmanuel

508 4481 1010 4551 muscasquasdam
1033 4490 1194 4552 atque
1218 4499 1370 4553 apes,
1399 4481 1680 4537 Iudaicam
1711 4491 1924 4553 gentem
1961 4482 2250 4537 invasuras
2291 4481 2574 4535 oraculum
2614 4481 2784 4544 canit,
2820 4481 2957 4536 alias
2987 4481 3206 4551 quidem
3243 4483 3314 4536 ab
3345 4479 3584 4550 Egypto,
3604 4472 3711 4526 alias

508 4581 689 4627 autem
715 4575 782 4627 ab
808 4573 1070 4644 Assyriis,
1090 4583 1252 4645 caput
1283 4591 1345 4630 ac
1376 4575 1538 4647 pedes
1564 4584 1617 4632 et
1638 4575 1863 4630 barbam
1882 4575 2170 4630 Dominum
2207 4575 2557 4637 abrasurum,
2589 4575 2864 4630 hominem
2897 4591 3025 4630 vero
3055 4576 3344 4644 juveucam
3370 4574 3522 4628 boum
3543 4565 3709 4624 etdnas

519 4668 1024 4733 ovcsuutriturum,
1043 4677 1096 4722 et
1126 4670 1227 4722 alia
1254 4672 1498 4739 quaedam
1526 4671 1628 4726 sub
1658 4687 1826 4726 unum
1860 4682 2023 4740 atque
2050 4673 2189 4728 idem
2227 4682 2441 4743 tempus
2472 4671 2673 4735 futura,
2696 4686 2818 4742 quae
2843 4671 2992 4724 nullo
3025 4670 3186 4724 modo
3207 4671 3275 4725 ad
3297 4655 3709 4726 verbumintelligi

506 4768 758 4830 possunt,
779 4759 871 4814 sed
897 4760 962 4815 ad
979 4777 1199 4815 sensum
1224 4761 1488 4816 duntaxat
1523 4763 1838 4834 accipienda
1864 4773 2081 4832 sunt;et
2099 4766 2212 4820 haec
2246 4767 2462 4836 quidem
2494 4767 2547 4820 iu
2566 4767 2712 4821 hunc
2734 4763 2955 4818 modum
2979 4779 3036 4818 se
3061 4763 3282 4819 habent.
3311 4760 3459 4828 Quod
3480 4765 3636 4811 autem
3658 4765 3706 4803 fil

506 4869 627 4921 qua:
649 4853 728 4908 sic
746 4856 946 4922 scripta
967 4853 1424 4916 sunt,Salvatoris
1453 4858 1624 4910 nostri
1649 4854 1779 4910 Jesu
1823 4858 2026 4912 Christi
2063 4858 2283 4913 modum
2317 4860 2575 4914 nascendi
2617 4855 3068 4929 signiﬁcaverim,
3119 4855 3234 4924 ipse
3283 4851 3594 4923 evangelista
3628 4845 3706 4898 h0c

502 4957 664 5016 pacto
703 4949 1025 5000 testificatur
1054 4949 1301 5004 scribens
1326 4967 1339 5003 ε
1379 4968 1396 5000 ι
1429 4948 1553 5004 Jesu
1581 4949 1785 5004 Christi
1817 4961 1994 5006 autem
2035 4953 2315 5022 generatio
2337 4953 2418 5008 sic
2449 4961 2569 5007 erat
2598 4952 2767 5006 :Cum
2783 4959 2930 5007 esset
2952 4950 3282 5018 desponsata
3302 4956 3468 5002 mater
3490 4944 3596 5013 ejus
3620 4935 3706 5024 H.8-

503 5039 582 5090 ria
635 5035 865 5107 Joseph,
921 5046 1209 5109 antequam
1268 5041 1643 5108 convenirent,
1677 5042 1896 5098 inventa
1935 5051 2020 5098 est
2063 5045 2118 5098 in
2161 5052 2318 5100 utero
2363 5045 2571 5099 habens
2619 5044 2688 5098 de
2725 5043 2930 5113 Spiritu
2973 5052 3183 5096 sancto.
3228 5038 3424 5109 Joseph
3457 5045 3615 5090 autem
3644 5027 3706 5079 vir

500 5139 642 5202 ejus,
684 5151 807 5189 cum
861 5142 1006 5190 esset
1031 5135 1238 5203 justus,
1289 5144 1343 5192 et
1372 5138 1542 5191 nollet
1565 5153 1686 5192 eam
1722 5121 2029 5201 traducere,
2071 5140 2244 5193 voluit
2271 5140 2484 5195 occulte
2519 5138 2796 5194 dimittere
2824 5153 2966 5192 eam.
3005 5135 3130 5190 Haec
3159 5144 3338 5190 autem
3367 5149 3430 5188 eo
3455 5129 3703 5200 cogitant?»

498 5243 628 5282 ecce
657 5229 896 5299 Angelus
933 5229 1144 5284 Domini
1189 5232 1243 5286 in
1285 5233 1495 5287 somnis
1535 5242 1760 5304 apparet
1789 5235 1838 5288 ei
1868 5234 2092 5291 dicens:
2125 5234 2323 5305 Joseph
2353 5236 2427 5290 ﬁli
2473 5234 2664 5297 David,
2699 5234 2808 5288 noli
2841 5233 3035 5286 timere
3066 5233 3313 5301 accipere
3351 5229 3556 5284 Mariam
3597 5234 3701 5274 con-

492 5320 676 5388 jugem
708 5327 877 5375 tuam.
909 5320 1065 5387 Quod
1096 5323 1242 5376 enim
1267 5323 1321 5377 in
1342 5340 1404 5379 ea
1429 5325 1671 5395 genitum
1687 5337 1790 5390 est,
1831 5327 1898 5382 de
1947 5325 2153 5397 Spiritu
2186 5335 2376 5381 sancto
2404 5335 2506 5384 est.
2546 5326 2729 5382 Pariet
2758 5335 2941 5379 autem
2980 5325 3150 5378 lilium
3170 5363 3185 5388 ,
3213 5333 3267 5379 et
3301 5322 3510 5378 vocabis
3543 5324 3702 5370 nomen

495 5409 617 5476 ejus
644 5407 852 5464 Jesmu.
905 5410 1023 5482 Ipse
1055 5413 1199 5467 enim
1235 5415 1442 5469 salvum
1470 5415 1632 5472 faciet
1667 5419 1924 5488 populum
1955 5434 2116 5474 suum
2146 5433 2174 5470 a
2207 5419 2444 5487 peccatis
2491 5419 2753 5488 ipsorum.
2794 5415 2908 5470 Hoc
2942 5424 3123 5471 autem
3157 5423 3329 5471 totum
3387 5413 3568 5466 factum
3618 5407 3698 5460 εῖτ,

499 5510 558 5555 ut
583 5501 902 5571 impleretur
930 5505 1074 5575 quod
1123 5507 1330 5562 dictum
1383 5519 1468 5566 est
1514 5527 1544 5564 a
1587 5511 1815 5568 Domino
1862 5530 1958 5583 per
2006 5514 2322 5583 prophetam
2374 5513 2693 5567 dicentem:
2737 5510 2877 5566 Ecce
2926 5511 3074 5580 virgo
3117 5512 3172 5566 in
3227 5519 3380 5566 utero
3424 5499 3698 5591 habebit?‘

499 5595 672 5664 pariet
722 5595 909 5662 ﬁlium,
963 5611 1015 5654 et
1061 5603 1284 5659 vocabis
1319 5620 1518 5661 nomen
1545 5607 1666 5676 ejus
1696 5605 2048 5668 Emmanuel,
2080 5609 2225 5678 quod
2256 5621 2336 5664 est
2382 5609 2823 5678 interpretatum,
2853 5606 3125 5661 nobiscum
3164 5607 3303 5662 Deus
3336 5606 3398 5657 “.
3437 5619 3454 5652 ι
3486 5596 3564 5652 Sic
3593 5599 3695 5645 sane

499 5688 798 5744 leuandum
828 5707 927 5746 nos
955 5709 1037 5760 ea,
1067 5712 1191 5767 quae
1218 5699 1283 5752 ad
1309 5700 1550 5756 divinam
1586 5704 1986 5773 praedictionem
2025 5707 2319 5774 pertinent,
2345 5720 2408 5759 ex
2448 5706 2569 5774 ipso
2605 5718 2786 5757 rerum
2818 5716 3011 5758 eventu
3053 5705 3489 5776 comprobantur:
3513 5689 3691 5763 ψιὶρμεν

501 5795 623 5837 cum
670 5784 771 5836 alia
833 5787 1074 5852 ratione,
1139 5809 1411 5864 nunquam
1453 5813 1562 5868 pra:
1595 5814 1651 5853 se
1690 5800 1970 5856 veritatem
2010 5802 2289 5873 prophetia
2349 5803 2521 5855 latura
2571 5815 2692 5855 esse
2733 5799 2998 5854 videatur.

565 5924 608 5954 ⁶’“
641 5921 827 5980 Matth.
866 5945 902 5992 ι,
943 5927 1125 5984 18-25.
