3894 6510
149 408 241 465 506
1030 408 1682 469 υεΜοΝδτιιΑτιοΝιε
1719 413 2175 472 ΕῩΔΝΟΕΜΟᾹΞ
2208 416 2336 474 LIB.
2376 416 2492 473 νη.

3275 421 3379 478 366

216 525 365 595 Ἑξῆς
394 525 454 577 δὲ
503 525 709 578 τούτων
742 524 863 577 τίνα
906 524 999 579 καὶ
1036 527 1211 580 ὁπόσα
1244 527 1460 596 λέγεται
1497 527 1711 581 ἔσεσθαι

1886 530 2144 587 Posthaac
2168 537 2371 594 autem,
2401 547 2651 601 quaenam
2680 538 2734 587 et
2761 540 2897 602 quot
2934 533 3116 588 futura
3148 512 3272 590 esse
3304 535 3384 589 di-

146 636 194 674 εν
223 620 282 689 τῇ
316 617 505 688 ἡμέρᾳ
533 616 717 688 ἐκείνῃ
743 656 759 681 ,
805 617 961 689 δῆλον
989 618 1066 683 δὲ,
1098 620 1183 672 ὅτι.
1214 620 1273 671 ἐν
1301 619 1377 689 τῷ
1405 619 1580 692 χρόνῳ
1610 622 1708 691 τῆς

149 709 444 780 ἐπιφανείας
482 707 581 761 τοῦ
633 709 977 780 Ἐμμανουὴλ
999 750 1014 774 ,
1058 710 1188 783 φέρε
1208 752 1223 773 ,
1266 713 1703 782 κατανοήσωμεν·

151 822 165 853 ι
195 799 836 870 Συριεῖ,»φησὶ,ιΚύριος
866 801 1147 872 μυίαις,αἳ
1169 802 1480 876 κυριεύουσι
1511 803 1709 874 μέρους

146 889 363 960 ποταμοῦ
416 890 738 958 Αἰγύπτου,
785 892 882 945 καὶ¹
916 895 982 963 τῇ
1033 894 1297 967 μελίσσῃ,
1362 897 1396 966 ἦ
1444 897 1589 948 ἐστιν
1652 898 1708 948 ἐν

142 982 273 1051 χώρᾳ
311 981 640 1053 Ἀσσυρίων,
674 983 769 1036 καὶ
798 983 1139 1049 ἐλεύσονται,
1175 989 1270 1040 καὶ
1308 987 1708 1041 ἀναπαύσονται

144 1078 189 1125 ἐν
208 1075 319 1135 ταῖς
338 1073 586 1144 φάραγξι
612 1075 713 1144 τῆς
746 1074 927 1148 χώρας
943 1117 957 1141 ,
978 1079 1071 1131 κα)⁵
1092 1079 1149 1135 ἐν
1164 1082 1282 1143 ταῖς
1306 1078 1572 1150 τρώγλαις
1602 1078 1708 1130 τῶν

146 1162 352 1231 πετρῶν,
385 1164 484 1217 καὶ
513 1166 596 1227 είς
632 1166 698 1220 τὰ
730 1166 990 1233 σπήλαια,
1031 1168 1123 1221 καὶ
1148 1172 1228 1233 εἰς
1259 1172 1438 1224 πᾶσαν
1474 1171 1706 1241 ραγάδα,

147 1254 223 1306 καὶ
250 1254 305 1306 ὲν
333 1255 501 1308 παντὶ
538 1254 701 1327 ξύλῳ.
744 1258 834 1310 Ἐν
853 1258 1120 1331 τῇὴμέρᾳ
1140 1260 1324 1334 ἐκείνῃ
1354 1261 1575 1333 ξυρήσει
1600 1262 1709 1315 Κύ-

150 1364 239 1417 ριος
278 1349 333 1400 ἐν
370 1349 452 1418 τῷ
502 1349 652 1421 ξυρῷ
692 1350 770 1422 τῷ
797 1353 1038 1424 μεγάλῳ,
1071 1354 1150 1426 τῷ
1176 1356 1573 1427 μεμισθωμένῳ
1610 1357 1707 1409 πέ-

149 1442 331 1515 ραντοῦ
370 1445 626 1515 ποταμοῦ
651 1444 914 1515 βασιλέως
961 1446 1285 1520 Ἀσσυρίων,
1317 1450 1414 1519 τὴν
1446 1450 1706 1521 κεφαλὴν,

146 1537 222 1589 κιὶ
248 1536 339 1597 τὰς
380 1536 583 1607 τρίχας
636 1538 744 1591 τῶν
797 1539 991 1604 ποδῶν,
1042 1541 1135 1595 καὶ
1172 1540 1262 1593 τὸν
1309 1540 1548 1609 πώγωνα
1578 1544 1709 1611 ἀφε-

144 1629 350 1682 λεί.Καὶ
372 1628 536 1681 ἔσται
594 1630 655 1681 ἐν
700 1633 765 1702 τῇ
795 1634 979 1702 ἡμέρᾳ
1023 1631 1227 1705 ἐκείνῃ,
1271 1632 1463 1705 θρέψει
1502 1634 1709 1706 ἄνθρω-

146 1738 227 1783 πος
245 1721 473 1790 δάμαλιν
511 1721 653 1792 βοῶν
678 1764 693 1785 ,
737 1724 831 1776 καὶ⁸
861 1723 955 1778 δύο
984 1724 1259 1797 πρόϐατα,
1297 1726 1390 1780 καί⁵
1416 1725 1567 1779 ἔσται
1602 1726 1710 1780 ἀπὸ

146 1813 220 1866 τοῦ
257 1814 510 1867 πλεῖστον
566 1818 741 1867 ποιεῖν
781 1815 957 1883 γάλα’
1000 1817 1233 1885 φάγεται
1284 1816 1570 1889 βούτυρον,
1627 1819 1708 1870 ὅτι

1815 628 2032 685 cantur,
2056 622 2137 676 vel
2166 622 2332 685 bona,
2366 623 2449 677 vel
2475 623 2614 677 mala
2639 624 2693 676 in
2721 623 2808 678 die
2834 624 2946 690 illa,
2978 626 3081 681 hoc
3115 637 3219 690 est.
3271 648 3382 699 quo

1816 720 2059 783 tempore
2110 713 2361 767 adveniet
2394 712 2732 778 Emmanuel,
2768 715 2897 770 hinc
2921 716 3033 785 jam
3068 720 3383 776 considere-

1817 821 1939 860 mus
1974 823 1985 857 :
2025 823 2044 854 ι
2088 802 2371 867 Sibilabit,
2431 805 2641 874 inquit,
2689 804 2948 863 Dominus
2986 811 3225 873 muscis,
3262 830 3384 882 qua:

1816 897 2169 953 dominantur
2198 897 2251 950 in
2302 905 2455 966 parte
2486 896 2725 951 ﬂuminis
2775 896 3018 970 Egypti,
3049 909 3103 956 et
3141 905 3227 972 api
3264 922 3385 977 qua:

1816 996 1901 1043 est
1925 987 1976 1040 in
2005 995 2150 1040 terra
2177 987 2548 1057 Assyriorum,
2579 997 2633 1042 et
2661 990 2897 1053 venient,
2934 1002 2987 1046 et
3017 994 3300 1062 quiescent
3328 998 3385 1051 in

1815 1080 2157 1134 convallibus
2186 1079 2424 1149 regionis
2450 1123 2465 1144 ,
2493 1089 2547 1134 et
2584 1080 2636 1134 in
2665 1079 3027 1140 foraminibus
3070 1096 3345 1155 petrarum
3364 1128 3382 1153 ,

1815 1182 1868 1227 et
1890 1172 1943 1225 in
1971 1172 2268 1240 speluncis,
2302 1180 2356 1225 et
2390 1173 2442 1225 in
2475 1173 2625 1226 omni
2654 1175 2919 1241 scissura,
2966 1184 3021 1231 et
3049 1178 3104 1232 in
3137 1182 3286 1235 omni
3320 1182 3385 1236 lic

1816 1280 1945 1335 gno.
1970 1263 2027 1317 In
2050 1264 2138 1319 die
2168 1263 2256 1317 illa
2295 1264 2447 1318 radet
2473 1262 2736 1319 Dominus
2776 1266 2830 1319 in
2868 1270 3131 1323 novacula
3164 1286 3384 1340 magna,

1814 1369 1936 1422 quae
1964 1354 2210 1409 mercede
2243 1353 2513 1407 conducta
2542 1361 2645 1417 est,
2672 1354 2812 1407 ultra
2842 1354 3066 1410 ﬂuvium
3103 1359 3246 1427 regis
3276 1358 3382 1414 As-

1817 1447 2111 1516 syriorum,
2140 1445 2296 1515 321
2341 1454 2505 1515 caput
2533 1455 2587 1500 et
2621 1447 2760 1514 pilus
2797 1447 3016 1515 pedum,
3067 1458 3121 1503 et
3161 1451 3386 1505 barbam

1816 1537 2047 1602 auferet,
2080 1546 2134 1593 et
2163 1539 2270 1593 erit
2318 1538 2371 1591 in
2403 1538 2492 1593 die
2524 1538 2636 1600 illa,
2672 1537 2876 1592 nutriet
2904 1538 3068 1592 homo
3092 1539 3388 1608 juvencam

1817 1632 1979 1685 boum
2010 1639 2064 1684 et
2091 1630 2230 1684 duas
2261 1645 2412 1692 oves,
2458 1638 2511 1685 et
2538 1631 2644 1684 erit
2679 1646 2745 1684 ex
2793 1646 2858 1685 eo
2886 1630 3032 1700 quod
3094 1632 3387 1700 plurimum

1818 1720 1980 1775 l'aciet
2028 1721 2133 1783 lac,
2166 1720 2415 1775 comedet
2444 1721 2727 1791 butyrum:
2760 1723 3016 1790 quoniam
3048 1721 3299 1793 butyrum
3336 1731 3392 1787 et

1815 1812 1919 1866 mel
1948 1812 2195 1867 comedet
2267 1811 2446 1866 omnis
2504 1810 2597 1880 qui
2645 1810 2869 1865 relictus
2902 1810 3065 1866 fuerit
3112 1812 3169 1864 in
3220 1821 3387 1876 terra,

148 1905 375 1975 βούτυρον
410 1906 511 1958 καὶ
565 1907 687 1976 μέλι
731 1907 965 1976 φάγεται
998 1911 1109 1973 πᾶς
1136 1911 1165 1963 ό
1198 1909 1578 1980 καταλειφθεὶς
1615 1914 1707 1966 ἐπὶ

1817 1912 1862 1957 et
1891 1905 1996 1958 erit
2040 1904 2095 1957 in
2139 1903 2228 1958 die
2257 1904 2371 1968 illa,
2403 1905 2583 1957 omnis
2625 1904 2779 1958 locus
2836 1903 3148 1973 ubicunque
3188 1903 3391 1958 fuerim.

146 1998 227 2067 τῆς
246 1998 363 2067 γῆς.
404 1999 522 2053 Καὶ
560 1999 712 2053 ἔσται
744 2002 803 2054 ἐν
826 2004 893 2072 τῇ
921 2002 1106 2075 ἡμέρᾳ
1132 2002 1315 2076 ἐκείνῃ
1335 2044 1350 2067 ,
1378 2006 1485 2069 πᾶς
1509 2006 1673 2070 τόπος
1691 2047 1705 2071 ,

147 2082 195 2139 οὗ
215 2088 271 2140 ἂν
294 2084 395 2142 ὦσι
430 2089 607 2160 χίλιαι
636 2092 869 2161 ἄμπελοι
898 2093 1086 2162 χιλίων
1129 2095 1326 2147 σίκλων
1346 2134 1361 2158 ,
1402 2098 1483 2160 εἰς
1516 2098 1709 2169 χέρσον

147 2180 328 2235 ἔσονται
352 2183 448 2235 καὶ
474 2185 563 2246 εἰς
583 2183 845 2245 ἄκανθαν,
876 2187 1012 2255 μετὰ
1042 2186 1229 2256 βέλους
1257 2188 1350 2240 καὶ
1380 2187 1708 2258 τοξεύματος

148 2271 515 2326 εἰσελεύσονται
544 2277 680 2339 ἐκεῖ,
695 2277 776 2328 ὅτι
802 2275 995 2347 χέρσος
1016 2279 1110 2330 κοιλ⁸
1137 2278 1349 2331 ἄκανθα
1375 2279 1529 2333 ἔσται
1559 2283 1710 2335 πᾶσα

146 2360 261 2431 ﬁxi;
286 2403 299 2424 ,
341 2363 435 2414 καὶ
472 2366 591 2417 πᾶν
622 2365 747 2435 ὅρος
786 2366 1196 2437 ἀροτριώμενον
1225 2370 1704 2443 ἀροτριαθήσεται.

150 2454 207 2506 οὐ
239 2455 305 2525 μὴ
331 2455 543 2528 ἐπέλθῃ
568 2458 687 2510 ἐκεῖ
715 2458 878 2526 φόϐος
902 2475 916 2489 ο
950 2458 1101 2513 ἔσται
1127 2459 1233 2531 γὰρ
1258 2461 1365 2514 ἀπὸ
1382 2461 1482 2531 τῆς
1513 2462 1707 2533 χέρσου

151 2564 227 2598 σου
258 2549 344 2600 καὶ
373 2549 628 2620 ἀκάνθης
662 2553 741 2614 είς
786 2551 1039 2622 βόσκημα
1074 2552 1377 2622 προϐάτου,
1414 2553 1507 2606 καὶ
1539 2571 1708 2608 κατα-

153 2639 347 2710 πάτημα
385 2640 532 2711 βοός.
564 2663 582 2693 ι
616 2644 865 2697 Τοσαῦτα
898 2644 1115 2697 ἔσεσθαι
1164 2647 1223 2697 ἐν
1256 2648 1323 2717 τῇ
1386 2646 1569 2718 ἡμέρᾳ
1613 2647 1707 2700 τοῦ

164 2731 482 2804 Ἐμμανουήλ
517 2738 550 2805 ἡ
584 2735 835 2807 παροῦσα
885 2739 1190 2807 προφητεία
1240 2738 1517 2810 περιέχει·
1565 2739 1710 2810 ἆπερ

154 2824 313 2888 ὁποίας
338 2827 528 2897 ἔχεται
569 2827 809 2898 θεωρίας
852 2827 971 2899 ὦρα
1019 2829 1278 2895 διελθεῖν,
1330 2831 1429 2902 τὴν
1473 2830 1711 2885 διάνοιαν

155 2914 607 2987 ἐπιτεμνομένους.
642 2938 659 2969 ι
690 2918 891 2989 Συριεῖ,
923 2938 940 2970 ι
968 2920 1130 2990 φησὶ,
1159 2939 1177 2969 ι
1210 2918 1415 2991 Κύριος
1443 2923 1629 2992 μυίαις
1654 2924 1710 2974 ἐν

155 3007 207 3075 τῇ
234 3008 403 3080 ἡμέρᾳ
435 3009 649 3080 ἐκείνῃ,
678 3010 732 3063 αἳ
763 3010 1077 3081 κυριεύουσι
1106 3012 1304 3083 μέρους
1335 3012 1585 3083 ποταμοῦ
1616 3014 1711 3065 Δί-

157 3097 351 3164 τὺπτου,
369 3102 464 3154 καὶ
486 3104 555 3173 τῇ
584 3101 835 3172 μελίσσῃ,
853 3103 887 3172 ἦ
919 3103 1064 3155 ἐστιν
1080 3105 1142 3155 ἐν
1169 3102 1324 3174 χώρᾳ
1353 3103 1705 3174 Ἀσσυρίωνοι

155 3192 253 3253 ταῖς
290 3192 381 3261 μὲν
426 3192 728 3264 προτέραις
758 3193 1157 3263 εἰδωλολατρῶν
1208 3193 1415 3265 ἀνδρῶν
1443 3196 1642 3265 ψυχαῖς
1675 3195 1707 3265 ἢ

160 3282 235 3332 καὶ
276 3282 605 3354 δυνάμεσιν,
650 3282 725 3346 ὡς
767 3279 956 3353 οἶμαι,
1007 3283 1334 3353 ἀκαθάρτοις
1382 3288 1475 3339 καὶ
1524 3287 1710 3358 ἀηδέσι

163 3368 313 3437 μυίαις
335 3370 803 3442 ὀνομαζομέναις,
838 3373 930 3425 καὶ
962 3373 1145 3443 μυίαις
1168 3375 1586 3441 Αίγυπτιακαίς,
1621 3375 1712 3429 θυ-

161 3461 277 3525 σίαις
315 3465 404 3517 καὶ
449 3464 683 3535 αἴμασιν
737 3464 969 3518 εἰδώλων
1016 3466 1334 3537 χαιρούσαις
1356 3484 1368 3497 ·
1407 3472 1471 3539 τῇ
1508 3469 1565 3522 δὲ
1619 3488 1713 3539 με·

161 3552 288 3624 λίστῃ
316 3556 435 3627 ζώῳ
482 3556 707 3627 κέντρον
739 3558 1120 3629 ἐπιφερομένῳ
1144 3598 1155 3619 ,
1190 3558 1499 3627 βασιλεύειν
1528 3579 1585 3613 τε
1620 3564 1713 3614 καὶ

165 3644 548 3712 βασιλεύεσθαι,
598 3650 693 3702 καὶ
724 3649 979 3720 πολεμεῖν
1012 3651 1380 3721 ἐπισταμένῳ,
1414 3652 1713 3722 ἀμύνεσθαί

162 3750 207 3786 τε
227 3738 305 3789 καὶ
330 3738 655 3811 τιτρώσκειν
688 3739 851 3791 εἰδότι
875 3741 1000 3803 τοὺς
1026 3740 1467 3811 ἀνθισταμένους.
1502 3742 1713 3805 Ταύτας

163 3821 236 3877 οὖν
257 3830 379 3897 ὁμοῦ
417 3829 779 3893 συνελθούσας
803 3870 816 3891 ,
847 3831 945 3894 τὰς
983 3832 1079 3900 μὲν
1112 3834 1177 3884 ἐκ
1231 3832 1331 3901 τῆς
1362 3835 1468 3886 τῶν
1500 3834 1714 3887 εἰδωλο-

164 3914 342 3987 λατρῶν
385 3921 605 3993 χώρας.
647 3922 743 3984 τάς
791 3923 846 3974 δὲ
883 3924 990 3975 ἀπὸ
1018 3924 1115 3993 τῆς
1144 3924 1252 3977 τῶν
1282 3925 1715 3980 κατευθυνόντων

167 4007 248 4076 γῆς
284 4010 783 4078 (κατευθύνοντες
838 4012 945 4083 γὰρ
974 4016 1022 4067 οί
1061 4014 1335 4085 Ἀσσύριοι
1382 4018 1714 4089 ἑρμηνεύον-

165 4099 274 4167 ται),
322 4102 569 4156 κελεύσει
625 4103 813 4173 ὥσπερ
848 4105 1089 4175 σύρισμά
1135 4123 1189 4159 τι
1223 4108 1317 4160 τού
1368 4110 1573 4179 Κυρίου
1625 4113 1716 4163 καὶ

167 4186 276 4242 Θεοῦ
308 4193 411 4247 τῶν
447 4193 587 4247 ὅλων
631 4194 726 4263 τῆς
776 4195 1037 4259 Ἰουδαίας
1070 4198 1288 4268 ἁπάσης
1329 4200 1715 4269 ἐπικρατήσειν

168 4276 237 4332 διὰ
271 4281 358 4353 τὴν
398 4286 483 4347 είς
517 4284 753 4354 Χριστὸν
803 4286 1061 4338 ἀπιστίαν
1093 4287 1272 4341 αὐτῶν
1297 4329 1311 4351 ,
1348 4291 1405 4341 ἐν
1436 4292 1500 4359 τῇ
1536 4290 1717 4361 ἡμέρᾳ

169 4370 241 4423 τοῦ
274 4375 635 4448 Ἐμμανουὴλ,
662 4378 813 4446 φησί.
856 4379 1118 4447 Σημαίνει
1145 4381 1201 4433 δὲ
1246 4380 1333 4433 διὰ
1360 4381 1563 4434 τούτων
1589 4382 1715 4454 ἔθνη

170 4462 401 4531 ωλόςρυλα
432 4469 527 4521 καὶ
563 4469 929 4538 στρατιωτικὰ
955 4471 1199 4541 οἰκήσειν
1227 4471 1323 4542 τὴν
1360 4473 1715 4546 Ἰερουσαλὴμ

1814 1996 1960 2050 mille
1984 1995 2122 2051 vites
2141 2012 2240 2066 pro
2260 1997 2407 2053 mille
2430 1998 2604 2060 siclis,
2626 1998 2680 2051 in
2710 2006 2912 2052 terram
2933 1999 3191 2053 incultam
3205 2010 3388 2060 crum,

1811 2096 1865 2142 et
1899 2087 1953 2142 in
1986 2088 2219 2157 spinam,
2255 2102 2377 2142 cum
2397 2090 2590 2158 sagitta
2611 2099 2666 2144 et
2687 2105 2817 2144 arcu
2843 2090 3216 2161 ingrcdientur
3237 2090 3390 2152 illuc,

1811 2180 2072 2250 quoniam
2112 2179 2474 2235 terrainculta
2495 2190 2549 2236 et
2575 2182 2733 2251 spina
2782 2184 2887 2237 erit
2926 2183 3106 2237 omnis
3135 2190 3304 2248 terra,
3338 2189 3394 2236 et

1810 2273 1990 2326 omnis
2023 2287 2182 2327 mons
2208 2274 2302 2343 qui
2335 2282 2547 2337 aratur,
2582 2274 2846 2329 arabitur.
2880 2273 2997 2327 Non
3033 2273 3249 2328 accedet
3264 2272 3393 2326 illuc

1812 2372 2009 2428 terror,
2042 2364 2147 2417 erit
2172 2364 2317 2417 enim
2351 2378 2381 2416 a
2411 2374 2557 2418 terra
2596 2364 2802 2418 inculta
2830 2374 2883 2418 et
2914 2364 3071 2433 spina
3101 2364 3154 2416 in
3192 2376 3395 2432 pascua

1811 2456 1951 2521 ovis,
1986 2465 2039 2511 et
2091 2456 2146 2510 in
2180 2455 2657 2510 conculcationem
2716 2455 2873 2511 bovis
2920 2455 2988 2512 ⁸⁵³.
3033 2474 3051 2506 ι
3093 2452 3219 2510 Phec
3280 2462 3393 2507 tam

1811 2549 1983 2603 nnilta
2033 2548 2217 2602 futura
2249 2549 2302 2602 in
2339 2548 2428 2604 die
2464 2547 2805 2611 Emmanuel,
2842 2562 3081 2617 prmsens
3112 2547 3393 2617 pr0phetia

1811 2638 2093 2709 complexa
2121 2645 2229 2701 est,
2260 2653 2381 2707 quae
2407 2636 2560 2708 quali
2591 2637 3053 2706 contemplatione
3095 2635 3393 2692 scrutanda

1813 2732 1947 2794 sint,
1977 2730 2090 2798 jam
2123 2730 2361 2799 experiri
2395 2737 2611 2799 tempus
2658 2740 2761 2790 cst,
2796 2730 2970 2798 ipsam
3020 2728 3235 2782 interim
3266 2744 3393 2782 sen-

1814 2824 2036 2878 tentiam
2070 2820 2422 2877 dividentes:
2494 2840 2512 2873 ι
2554 2820 2826 2881 Sibilabit,
2880 2820 3076 2891 inquit,
3129 2820 3394 2874 Dominus

1814 2914 2018 2970 muscis
2044 2914 2097 2968 in
2135 2913 2222 2968 die
2252 2914 2366 2975 illa,
2416 2929 2538 2983 qua:
2568 2912 2925 2967 dominantur
2956 2913 3009 2965 in
3041 2920 3193 2981 parte
3216 2912 3396 2965 ﬂumi-

1814 3009 1899 3063 uis
1932 3006 2175 3079 Egypti,
2211 3016 2263 3062 et
2299 3008 2385 3077 api
2413 3022 2535 3076 qua:
2555 3015 2639 3061 est
2675 3006 2728 3060 in
2770 3015 2913 3060 terra
2950 3005 3319 3077 Assyriorum,
3370 3024 3389 3055 ι

1818 3100 1906 3154 ubi
1940 3100 2184 3154 virorum
2222 3100 2375 3169 prius
2411 3099 2704 3155 simulacra
2761 3098 3102 3152 adorantium
3158 3097 3391 3160 animas,

1764 3256 1778 3271 τ
1814 3190 2091 3245 autetiam
2122 3192 2387 3259 quasdam
2424 3198 2477 3245 et
2507 3188 2814 3242 immundas
2849 3196 2903 3241 et
2952 3187 3183 3242 infestas
3243 3195 3396 3256 potc-

1813 3290 2006 3347 states,
2038 3298 2255 3338 muscas
2282 3284 2517 3337 arbitror
2550 3280 2841 3345 nominari,
2876 3288 2929 3334 et
2960 3296 3179 3336 muscas
3227 3278 3397 3349 Eg)“

1816 3378 2046 3446 ptiacas,
2080 3391 2201 3444 quae
2253 3374 2539 3429 sacriﬁciis
2605 3384 2661 3427 et
2718 3371 3007 3426 cruoribus
3063 3371 3389 3425 simulacro-

1818 3485 1936 3523 rum
1966 3468 2225 3539 gaudent.
2258 3467 2391 3536 Apis
2425 3482 2553 3520 vero
2608 3472 2691 3519 est
2723 3465 2922 3517 animal
2979 3466 3170 3518 aculeo
3209 3479 3393 3516 arma-

1817 3568 1953 3622 tum,
1989 3567 2043 3613 et
2079 3559 2223 3628 quod
2265 3558 2560 3627 regnandi.
2606 3572 2669 3610 ac
2704 3556 2807 3611 sub
2834 3571 2960 3625 rege
2994 3554 3246 3624 degendi,
3280 3555 3395 3609 bel-

1816 3651 2071 3719 landique
2120 3650 2403 3704 scientiam
2438 3649 2617 3713 habet,
2657 3656 2711 3702 et
2754 3647 2940 3703 ulcisci
2997 3662 3059 3700 ac
3108 3647 3397 3703 vulnerare

1817 3742 2170 3797 adversantes
2232 3742 2490 3795 idoneum
2551 3749 2656 3795 est.
2704 3738 2881 3794 Hasce
2932 3740 3095 3807 igitur
3125 3740 3178 3792 in
3215 3739 3393 3792 locum

1819 3851 1985 3889 unum
2033 3834 2457 3892 convenientes.
2494 3834 2631 3888 alias
2668 3833 2888 3903 quidem
2932 3833 2999 3888 de
3051 3833 3273 3901 regione
3302 3847 3397 3886 eo-

1819 3941 1937 3977 rum
1972 3925 2062 3993 qui
2090 3924 2384 3979 simulacra
2412 3922 2660 3986 adorant,
2706 3922 2841 3974 alias
2868 3936 2998 3974 vero
3031 3918 3098 3973 de
3122 3926 3265 3973 terra
3298 3933 3397 3987 gu-

1819 4018 2162 4072 bernantium
2191 4017 2421 4087 (Assyrii
2456 4016 2598 4070 enim
2637 4031 2703 4069 ex
2734 4013 3182 4083 interpretatione
3219 4012 3395 4065 nomi-

1819 4109 1905 4164 nis
1940 4108 2287 4176 gubertmntes
2318 4106 2737 4177 intelliguntur),
2752 4106 2911 4173 jussu
2936 4114 2990 4159 et
3017 4104 3173 4174 quasi
3207 4102 3396 4158 sibila-

1821 4203 1968 4255 tione
1996 4200 2207 4254 Domini
2237 4209 2290 4255 et
2322 4199 2415 4254 Dei
2450 4216 2629 4254 rerum
2658 4200 2924 4265 omnium,
2959 4196 3158 4254 Iudaea:
3184 4199 3396 4252 univer-

1822 4310 1893 4347 sa:
1921 4295 2305 4363 imperaturas,
2340 4300 2556 4360 propter
2587 4291 2761 4361 ipsius
2794 4291 2848 4345 in
2878 4292 3158 4344 Christum
3216 4292 3396 4345 incre-

1820 4386 2102 4439 dulitatem
2139 4385 2234 4446 ait,
2268 4384 2323 4438 in
2350 4383 2437 4438 die
2468 4382 2810 4437 Emmanuel.
2860 4381 2954 4435 His
2986 4390 3166 4436 autem
3214 4382 3396 4439 verbis

1822 4478 2090 4547 signiﬁcat
2112 4484 2301 4547 gentes
2351 4484 2604 4531 externas
2633 4481 2687 4529 et
2733 4475 3022 4535 militares,
3053 4473 3395 4529 habitaturas

170 4555 243 4605 καὶ
264 4556 349 4627 τὴν
387 4558 651 4613 Ἰουδαίαν
680 4560 781 4628 γῆν
806 4576 817 4588 ·
849 4560 983 4631 ὅπερ
1010 4562 1103 4614 καὶ
1135 4562 1163 4612 ό
1193 4560 1380 4633 Σωτὴρ
1411 4562 1566 4633 ἡμῶν
1598 4563 1711 4618 λευ-

1820 4570 2121 4628 Jerusalem
2173 4580 2225 4624 et
2250 4567 2490 4622 Judmam
2522 4576 2749 4622 terram.
2781 4564 2936 4631 Quod
2968 4564 3188 4634 quidem
3221 4564 3394 4633 ipsum

172 4648 376 4719 κοτέροις
414 4652 678 4721 ὀνόμασιν
712 4651 994 4715 ὲθέσπιξεν
1016 4692 1030 4717 ,
1075 4652 1246 4706 εἰπὼν
1270 4694 1283 4717 ,
1322 4672 1339 4704 ι
1372 4655 1481 4708 Καὶ
1520 4654 1715 4727 Ἰερου-

174 4737 321 4811 σαλὴμ
354 4743 507 4796 ἔσται
552 4742 860 4814 πατουμένη
899 4743 1001 4796 ὑπὸ
1039 4743 1237 4797 ἐθνῶν·
1277 4765 1295 4796 ι
1342 4745 1370 4798 ὃ
1411 4746 1505 4799 καὶ
1535 4748 1718 4812 τέλους

172 4827 297 4901 ἔτυχε
316 4875 329 4895 ,
354 4836 473 4904 μετ’
507 4834 568 4886 ού
605 4833 771 4887 πολὺν
809 4835 995 4905 χρόνον
1026 4835 1135 4889 τῶν
1168 4837 1261 4890 τοῦ
1287 4838 1536 4909 Σωτῆρος
1563 4840 1718 4910 ἡμῶν

173 4921 350 4988 φωνῶν,
392 4924 677 4993 Ῥωμαίων
709 4925 805 4996 τὴν
831 4924 983 4977 πόλιν
1014 4925 1240 4980 ἑλόντων
1261 4969 1274 4993 ,
1299 4927 1627 4997 ἀλλοφύλους
1662 4949 1719 4985 τε

172 5009 336 5082 ἄνδρας
401 5016 583 5069 αύτόθι
634 5018 1055 5071 κατοικισάντων
1106 5019 1199 5072 καὶ⁸
1247 5021 1341 5071 ἐπὶ
1408 5020 1500 5073 τοῦ
1554 5022 1718 5075 τόπου

176 5111 612 5181 καταστησάντων.
634 5109 798 5163 Πάλιν
825 5109 879 5163 δὲ
902 5112 930 5162 ὁ
952 5111 1110 5173 αὐτὸς
1134 5110 1335 5182 Κύριος
1356 5112 1611 5184 ξυρήσειν
1638 5114 1722 5167 λέ-

175 5210 297 5260 γεται
329 5204 386 5255 ὲν
418 5202 494 5272 τῷ
527 5200 619 5255 τοῦ
658 5201 921 5271 βασιλέως
957 5203 1255 5272 ’Δσσυρίων
1289 5203 1469 5275 ξυρῷ,
1501 5206 1618 5275 ἦτοι
1653 5210 1716 5277 τῇ

176 5287 426 5364 κολαστικῇ
452 5293 679 5363 δυνάμει
710 5291 804 5345 τοῦ
838 5291 1092 5362 ἄρχοντος
1130 5291 1222 5344 τοῦ
1268 5293 1463 5356 αἰῶνος
1495 5294 1683 5348 τούτου
1704 5337 1717 5359 ,

176 5377 249 5447 τὴν
272 5386 500 5456 κεφαλὴν
520 5424 535 5447 ,
563 5384 657 5438 καὶ
687 5386 813 5446 τοὺς
839 5384 1004 5448 πόδας
1030 5425 1045 5449 ,
1077 5386 1171 5439 καὶ
1200 5385 1290 5437 τὸν
1320 5386 1558 5454 πώγωνα
1578 5429 1592 5451 ,
1619 5390 1719 5442 ούκ

174 5468 301 5529 ἄλλου
336 5482 477 5542 τινὸς
503 5480 537 5551 ἦ
571 5475 727 5543 αὖθις
754 5479 846 5533 τοῦ
886 5480 1149 5535 Ἰουδαίων
1182 5480 1398 5545 ἔθνους,
1427 5482 1573 5536 τοῦτ’
1601 5484 1716 5537 ἔστι

176 5561 245 5614 τὸν
281 5571 469 5642 κόσμον
517 5571 697 5625 αὐτῶν
730 5572 820 5625 καὶ
866 5571 965 5642 τὴν
994 5573 1151 5639 δόξαν
1195 5575 1461 5645 περιελεῖν
1497 5575 1584 5629 διὰ
1618 5577 1717 5646 τῆς

177 5653 257 5707 ἵῶν
284 5664 499 5717 καθόλου
531 5664 970 5735 ἐπικρατούντων
999 5668 1193 5738 ἀρχῆς.
1228 5669 1532 5737 Ῥωμαίους
1559 5669 1615 5721 δὲ
1644 5665 1717 5722 εἷ-

180 5761 243 5799 ναι
270 5754 471 5817 τούτους
503 5758 819 5813 αἰνίττεται.
860 5758 953 5811 Διά
988 5760 1092 5827 γὰρ
1145 5749 1239 5813 τοῦ
1272 5761 1377 5813 τῶν
1420 5762 1714 5831 Ἀσσυρίων

235 5907 269 5937 ⁸⁸
297 5909 392 5969 lsa.
432 5930 527 5982 vn,
569 5912 776 5968 18-25.

1820 4662 2248 4717 evidentioribus
2281 4662 2461 4715 verbis
2517 4658 2767 4714 Salvator
2815 4666 3001 4714 noster
3050 4656 3272 4719 cecinit,
3305 4657 3396 4710 ubi

1822 4754 1898 4807 ait
1927 4770 1941 4807 :
1978 4770 1996 4802 ι
2033 4750 2095 4806 Et
2112 4750 2415 4805 Jerusalem
2440 4748 2853 4803 conculcabitur
2870 4762 2900 4799 a
2920 4745 3227 4816 gentibus»
3249 4742 3394 4810 quod

1822 4842 2102 4898 oraculum
2148 4842 2291 4896 haud
2324 4840 2397 4894 ita
2458 4840 2628 4894 multo
2661 4847 2782 4908 post
2808 4838 2932 4891 illas
2973 4836 3270 4890 Salvatoris
3300 4850 3397 4887 no-

1824 4936 1923 4989 stri
1949 4950 2111 4989 voces
2140 4934 2347 4988 exitum
2411 4932 2637 4993 invenit,
2670 4929 2932 4985 Romanis
2993 4930 3164 4998 ipsam
3207 4926 3397 4979 urbem

1824 5027 2288 5095 expugnantibus,
2331 5025 2549 5094 illicquc
2579 5023 2779 5077 diversi
2816 5022 3034 5092 generis
3056 5021 3203 5073 viros
3228 5018 3397 5070 col|o~

1823 5118 2075 5173 cantibus
2116 5126 2168 5171 et
2202 5118 2404 5171 inloco
2428 5115 2816 5170 statuentibus.
2855 5113 3065 5166 llursus
3110 5108 3248 5163 idem
3291 5106 3398 5161 Do-

1824 5211 2006 5263 minus
2056 5211 2359 5265 abrasurus
2387 5208 2587 5263 dicitur
2638 5208 2690 5260 in
2736 5207 2878 5276 regis
2919 5204 3269 5274 Assyriorum
3299 5216 3398 5253 no-

1821 5303 2162 5364 vacula,hoc
2190 5310 2296 5366 est,
2323 5300 2674 5370 castigatoria
2707 5300 2754 5352 vi
2788 5296 3051 5367 principis
3087 5293 3271 5347 saeculi
3296 5292 3397 5344 hu-

1818 5395 1931 5463 jus,
1957 5404 2123 5465 caput
2152 5404 2205 5450 et
2237 5394 2399 5463 pedes
2427 5401 2481 5447 et
2518 5392 2766 5454 barbam,
2802 5406 2909 5442 non
2961 5385 3188 5441 alterius
3212 5382 3399 5449 cujus.

1825 5488 1966 5555 piam
1996 5503 2161 5556 quam
2212 5501 2406 5540 rursus
2459 5482 2699 5538 Judaicze
2728 5481 2926 5552 gentis,
2959 5479 3061 5532 hoc
3098 5484 3203 5540 est,
3237 5473 3399 5544 322

1823 5588 2206 5634 ornamentum
2233 5586 2286 5634 et
2319 5578 2549 5649 gloriam
2582 5576 2867 5629 ablaturus
2920 5588 3013 5641 per
3063 5584 3276 5633 eorum,
3304 5566 3396 5636 qui

1828 5672 2085 5728 universo
2133 5673 2399 5741 imperant
2432 5710 2445 5733 ,
2481 5670 2868 5740 principatum.
2910 5664 3019 5719 ﬂos
3050 5672 3231 5718 autem
3286 5676 3393 5713 non

1826 5765 1963 5819 alios
1999 5782 2160 5834 quam
2194 5764 2471 5820 Romanus
2500 5780 2619 5820 esse
2652 5763 2849 5818 innuit.
2880 5755 3265 5815 Nomineenim
3293 5752 3391 5806 As-
