3894 6502
529 414 633 470 507

1196 407 1463 466 EUSEBll
1503 403 1990 464 CESARIENSIS
2025 401 2176 460 OPP.
2217 403 2396 458 PARS
2429 403 2493 458 ll.
2529 434 2598 443 —
2637 401 3132 458 APOLOGETICA.
3682 409 3770 467 503

524 537 826 606 syriorum.
862 534 1227 604 quodcunque
1258 547 1352 601 per
1398 530 1611 601 singula
1644 536 1890 597 tempora
1937 527 2084 597 genti

2207 524 2468 596 ὀνόματος
2511 522 2752 594 ἡγοῦμαι
2782 521 2880 592 τὴν
2911 519 3031 575 καθ’
3072 519 3304 577 ἕκαστον
3338 520 3534 590 χρόνον
3564 525 3766 596 ἑπικρα.

523 627 626 680 bus
675 626 998 694 impositum
1049 632 1134 677 est
1184 637 1436 691 regnum,
1493 619 1792 690 signiﬁcari
1843 619 2102 682 arbitror,

523 725 818 786 prepterea
849 715 998 785 quod
1015 730 1079 768 ex
1110 711 1375 767 llebraica
1402 713 1586 782 lingua
1617 708 2105 780 interpretantibus

519 809 731 880 Assyrii
769 808 1116 878 gubernante:
1153 803 1696 874 signiﬁcatit.ltaque
1723 818 1868 858 nunc
1907 803 2103 872 guber-

521 909 716 955 nantes
760 900 989 955 Romani
1039 908 1188 954 sunt.
1241 897 1376 952 Nam
1417 912 1605 952 revera
1643 894 1786 951 Deus
1827 896 2098 959 universi,

518 990 892 1048 Romanorum
940 993 1206 1048 novacula
1238 1031 1253 1055 ,
1289 991 1395 1044 hoc
1451 998 1535 1044 est
1570 1028 1586 1053 ,
1622 989 1766 1042 civili
1811 1003 1875 1042 ac
1909 988 2100 1042 bellica

518 1081 568 1134 vi
607 1098 824 1138 omnem
867 1081 1108 1137 Iudaica:
1135 1084 1312 1153 gentis
1335 1081 1584 1151 gloriam,
1617 1080 1671 1133 in
1695 1095 1800 1149 qua
1832 1080 1984 1148 prius
2008 1095 2102 1134 su-

524 1173 828 1242 perbiebat,
882 1188 1211 1242 omnemque
1267 1173 1512 1242 ipsorum
1541 1171 1934 1234 fortitudinem,
1980 1186 2101 1242 qua:

526 1281 620 1334 per
668 1265 895 1319 barbam
920 1274 973 1320 et
1004 1265 1144 1335 pilos
1185 1265 1380 1336 pedum
1431 1265 1790 1335 signiﬁcatur,
1850 1265 2096 1319 abstulit.

522 1356 708 1429 Neque
743 1357 890 1412 enim
918 1357 1024 1410 alio
1073 1372 1310 1427 unquam
1335 1365 1580 1426 tempore
1602 1357 1752 1426 prius
1781 1371 1942 1426 quam
1978 1365 2099 1425 post

525 1449 826 1505 Salvatoris
868 1450 1064 1509 nostri.
1101 1450 1206 1504 hoc
1249 1459 1354 1511 est.
1403 1457 1526 1520 post
1577 1436 1752 1519 ipsius
1780 1449 2099 1504 Emmanuel

521 1549 726 1601 ortum.
780 1554 941 1593 omne
982 1540 1090 1594 illis
1120 1547 1501 1594 ornamentum
1535 1539 1760 1594 abstulit
1809 1537 1954 1594 Deus
2004 1555 2100 1609 per

523 1635 888 1706 principatum
938 1633 1332 1690 Romanorum.
1369 1633 1474 1688 Sed
1509 1649 1605 1703 pro
1640 1651 1658 1685 ι
1686 1648 1812 1704 rege
1844 1633 2098 1704 Assyrio-

525 1741 644 1778 rum
685 1744 704 1777 ι
738 1723 933 1794 Aquila
973 1721 1232 1794 quidem,
1271 1741 1290 1773 ‹
1332 1722 1387 1776 in
1435 1737 1602 1793 regno
1645 1720 2022 1792 Assyriorum,
2072 1739 2091 1771 ι

521 1813 861 1870 'l‘lieodotion
886 1821 1092 1876 autem,
1130 1831 1147 1863 ι
1176 1812 1230 1866 ἰιι
1262 1828 1387 1883 rege
1424 1811 1777 1882 Assyriorum
1815 1838 1832 1864 ι
1866 1827 2096 1866 conver-

519 1905 606 1968 tit,
637 1903 874 1974 itemque
906 1903 1266 1977 Symmachus
1291 1922 1304 1970 ;
1327 1905 1418 1975 qui
1447 1904 1668 1976 quidem
1700 1905 1782 1959 sic
1801 1905 2093 1959 ostendunt

518 1996 663 2066 quod
693 2013 801 2052 non
826 1997 972 2066 regis
996 1997 1346 2060 Assyriorum
1379 2006 1544 2068 caput
1576 1997 1948 2053 abradeudum
1969 2012 2092 2052 esse

520 2089 755 2144 minetur
775 2090 1080 2152 oraculum,
1100 2091 1194 2146 sed
1222 2090 1364 2162 regis
1392 2091 1513 2159 ejus
1545 2089 1828 2156 novacula,
1848 2099 2010 2160 atque
2035 2089 2090 2142 iu

515 2191 583 2232 eo
609 2178 729 2246 ipso
753 2192 879 2248 rege
906 2178 1279 2249 Assyriorum,
1317 2181 1384 2234 iis
1408 2194 1530 2248 qua:
1561 2182 1617 2234 in
1655 2179 1757 2234 hac
1807 2179 2090 2249 prophetia

517 2269 868 2325 continentur
883 2271 1220 2333 alliciendam
1252 2287 1375 2326 esse
1401 2270 1687 2326 Judaicam
1717 2269 2089 2342 gentem.lla:c

516 2370 696 2417 autem
728 2363 891 2418 etiam
918 2364 1037 2433 ipso
1060 2373 1262 2428 eventu
1297 2365 1745 2434 comprobantur.
1780 2363 1884 2419 Per
1914 2365 2086 2419 otium

516 2471 646 2511 vero
697 2457 1074 2527 unusquisque
1117 2458 1222 2511 alia
1253 2459 1538 2529 complura
1561 2499 1576 2521 ,
1609 2458 1654 2514 si
1687 2458 2086 2523 observaverit,

514 2548 655 2619 apud
679 2549 976 2620 prophetas
1003 2549 1264 2612 inveniet,
1287 2551 1443 2620 quasi
1469 2549 1536 2605 de
1563 2565 1798 2620 persona
1842 2550 2090 2620 Assyrio-

513 2655 632 2693 rum
687 2640 856 2704 dicta,
889 2655 1011 2710 qua:
1037 2640 1188 2695 nullo
1211 2642 1375 2695 modo
1409 2640 1816 2696 accommodari
1846 2639 2088 2711 Assyriis

512 2737 756 2799 possunt,
795 2730 891 2785 sed
919 2747 1088 2801 regno
1117 2731 1264 2802 quod
1311 2747 1406 2800 per
1450 2731 1663 2801 singula
1698 2737 1943 2799 tempora
1975 2732 2091 2785 uni-

511 2822 685 2878 versis
707 2823 959 2892 gentibus
1006 2823 1338 2878 dominetur.
1371 2821 1586 2877 Etenim
1614 2822 1728 2891 jam
1761 2823 1926 2877 etiam
1959 2822 2088 2878 Per-

509 2925 602 2965 sas
637 2910 780 2980 apud
813 2909 1069 2967 Hebraeos
1118 2911 1426 2966 invenimus
1477 2911 1731 2982 Assyrios
1797 2913 2083 2969 nominari.

510 3002 782 3068 Quocirca
807 3018 954 3058 nunc
984 3019 1204 3074 quoque
1223 3003 1548 3074 .putavimus
1576 3004 1944 3075 principatum
1984 3007 2087 3062 Ro-

511 3110 796 3148 manorum
823 3095 930 3150 hoc
948 3096 1173 3154 oraculo
1223 3095 1543 3168 signiﬁcari.
1585 3097 1906 3155 Gubernare
1939 3102 2085 3159 enim

509 3184 687 3288 ipsum
721 3187 890 3255 hunc,
920 3195 974 3242 et
998 3188 1248 3243 eumdem
1277 3189 1568 3260 gubernari
1592 3208 1620 3246 a
1644 3194 1772 3256 Deo,
1808 3201 1930 3264 post
1963 3193 2082 3248 Sal-
2105 3223 2158 3290 α

508 3277 714 3331 vatoris
769 3279 945 3334 nostri
1002 3279 1294 3334 adventura
1338 3283 1634 3336 cernimus.
1683 3281 1853 3338 Nemo
1903 3291 2084 3337 tamen

508 3368 820 3439 suspicetur
847 3371 1029 3424 omnia
1064 3387 1165 3426 nos
1195 3371 1399 3438 dicere,
1427 3390 1765 3445 quaecunque
1799 3377 1853 3429 in
1884 3375 2085 3431 divinis

510 3459 667 3514 libris
697 3459 764 3515 de
794 3461 1036 3532 Assyriis
1067 3463 1342 3532 leguntur,
1385 3464 1454 3518 ad
1487 3463 1764 3520 Romanos
1801 3482 1922 3523 esse
1953 3469 2085 3522 refe-

508 3552 674 3606 renda
701 3552 930 3623 (fatuum
959 3554 1105 3608 enim
1125 3555 1177 3608 id
1191 3564 1352 3626 atque
1372 3557 1723 3628 impudentiae
1741 3560 2082 3630 obnoxium),

508 3644 603 3700 sed
637 3646 905 3715 quasdam
952 3663 1076 3703 esse
1125 3649 1475 3718 propheticas
1519 3666 1698 3716 voces,
1731 3653 2079 3717 testimoniis,

508 3753 630 3805 qua:
659 3737 726 3792 de
765 3739 985 3794 Christo
1013 3739 1284 3806 feruntur,
1322 3743 1640 3812 implicitas,
1674 3761 1814 3816 quas
1847 3746 2082 3805 dicimus

508 3831 574 3885 de
611 3829 870 3886 Romanis
928 3848 1022 3902 per
1072 3833 1416 3904 Assyriorum
1472 3838 1889 3906 appellationem
1936 3839 2082 3892 acci-

508 3925 734 3992 pienlas
791 3941 856 3978 ex
920 3927 1159 3981 nominis
1219 3930 1688 4000 interpretatione,
1739 3932 1887 4002 quod
1931 3948 2076 3987 sem-

507 4030 604 4084 per
644 4029 868 4084 regnum
933 4016 1088 4078 illud,
1119 4016 1264 4086 quod
1297 4035 1391 4088 per
1419 4021 1631 4090 singula
1663 4030 1904 4090 tempora
1953 4037 2083 4091 gen-

508 4104 654 4157 tibus
712 4106 1024 4174 impositum
1077 4115 1194 4171 est,
1264 4116 1646 4178 repraesentat,
1729 4111 2082 4179 quemadmo-

506 4195 636 4248 dum
685 4212 786 4250 suo
853 4205 1098 4268 tempore
1157 4199 1678 4256 demonstrabimus.
1743 4204 1920 4271 Atque
1982 4218 2082 4272 ego

505 4284 774 4352 quidem,
831 4285 958 4342 dum
1017 4288 1181 4358 hujus
1238 4290 1597 4356 expositionis
1653 4291 1919 4346 rationem
1968 4307 2081 4345 me-

507 4390 632 4429 cum
684 4376 918 4447 inquiro.
986 4380 1224 4435 arbitror
1277 4383 1346 4436 ob
1393 4383 1527 4437 nihil
1569 4381 1715 4435 aliud
1759 4380 1919 4451 323
1959 4397 2081 4436 ora-

2205 619 2402 672 τοῦσαν
2447 618 2556 670 τῶν
2608 615 2776 670 ὲθνῶν
2827 613 3100 684 βασιλείαν
3146 613 3564 684 σημαίνεσθαι.
3602 614 3682 667 διὰ
3719 619 3768 669 τὸ

2205 711 2680 773 κατευθύνοντας
2711 706 2819 761 ἀπὺ
2853 706 2954 776 τῆς
2997 704 3261 776 Ἐὁραίων
3299 706 3494 776 φωνῆς
3531 707 3767 778 ἑρμηνεύς

2203 800 2358 853 εσθαι
2402 801 2527 864 τοὺς
2574 798 2917 870 Ἀσσυρίουςο
2949 795 3090 849 ὥστε
3121 793 3260 855 εἶναι
3307 798 3622 867 Ῥωμαίους
3663 801 3766 861 τοὺς

2202 895 2298 949 νῦν
2327 893 2774 958 κατευθύνοντας.
2813 896 2965 949 Ἐπεὶ
2995 897 3090 950 κα)⁸
3131 893 3353 964 ἀληθῶς
3389 893 3472 964 τῷ
3509 894 3766 964 Ῥωμαίων

2204 987 2370 1060 ξυρῷ,
2389 988 2507 1058 ἦτοι
2537 991 2602 1059 τῇ
2629 988 2874 1059 πολιτικῇ
2907 990 3002 1042 καὶ
3030 987 3298 1059 πολεμικῇ
3328 986 3586 1056 δυνάμει,
3612 989 3764 1040 πᾶσαν

2200 1080 2298 1150 τὴν
2325 1079 2482 1144 δόξαν
2507 1079 2602 1132 τοῦ
2641 1080 2906 1132 Ἰουδαίων
2936 1079 3122 1143 ἔθνους
3142 1119 3156 1142 ,
3187 1080 3245 1131 ὲν
3339 1078 3406 1130 τὸ
3438 1079 3568 1149 πρὶν
3593 1077 3762 1149 ἐκόμα,

2203 1170 2296 1224 καὶ
2324 1172 2503 1224 πᾶσαν
2537 1171 2718 1226 αὐτῶν
2739 1171 2838 1242 τὴν
2866 1172 3119 1243 ἀνδρείαν
3147 1171 3235 1226 διὰ
3259 1171 3362 1224 τοῦ
3402 1171 3658 1240 πώγωνος
3685 1175 3764 1224 καὶ

2199 1262 2307 1314 τῶν
2341 1262 2542 1333 τριχῶν
2576 1263 2669 1315 καὶ
2697 1263 2806 1315 τῶν
2841 1263 3016 1316 ποδῶν
3051 1263 3492 1335 σημαινομένην,
3525 1265 3762 1335 περιεῖλεν

2198 1355 2226 1406 6
2255 1355 2361 1406 τῶν
2395 1354 2529 1408 ὅλων
2561 1354 2712 1417 Θεός.
2753 1355 2886 1408 Οὐδὲ
2920 1355 3107 1409 ἄλλοτε
3140 1356 3268 1424 γοῦν
3305 1372 3399 1409 πω
3440 1357 3693 1427 πρότερον
3715 1359 3760 1422 ἐξ

2199 1445 2394 1508 αίῶνος
2419 1445 2451 1515 ἢ
2486 1444 2627 1515 μετά
2655 1444 2752 1516 τὴν
2780 1445 2874 1498 τοῦ
2907 1446 3160 1518 Σωτῆρος
3190 1446 3379 1517 ἡμῶν,
3403 1445 3572 1498 αὑτοῦ
3596 1446 3655 1517 δὴ
3683 1448 3758 1500 τοῦ

2210 1535 2559 1608 Ἐμμανουὴλ
2590 1536 2802 1604 γένεσιν
2821 1575 2835 1598 ,
2867 1537 3136 1608 περιεῖλεν
3179 1536 3364 1590 αὐτῶν
3392 1539 3422 1590 6
3448 1536 3578 1599 Θεὸς
3611 1538 3758 1590 πάντα

2197 1627 2286 1681 τὸν
2312 1628 2537 1699 κόσμον,
2566 1628 2653 1682 διά
2686 1629 2784 1699 τῆς
2813 1627 2922 1681 τῶν
2963 1629 3248 1699 Ῥωμαίων
3277 1629 3482 1700 ἀρχῆς.
3527 1629 3662 1681 Ἀντί
3691 1629 3754 1689 δὲ.

2197 1720 2290 1773 τοῦ
2320 1720 2582 1790 βασιλέως
2626 1721 2944 1792 Ἀσσυρίων,
2979 1723 3008 1773 6
3039 1721 3137 1792 μὲν
3176 1719 3417 1784 Ἀκύλας
3438 1760 3453 1783 ,
3492 1741 3509 1772 ι
3545 1723 3600 1774 ὲν
3628 1721 3757 1791 βασι-

2197 1811 2316 1884 λείᾳ
2358 1814 2687 1885 Ἀσσυρίων,
2721 1832 2740 1864 ι
2789 1815 2818 1865 6
2850 1813 2907 1865 6t
2954 1813 3279 1875 Θεοδοτίων,
3321 1832 3340 1862 ι
3374 1815 3435 1866 tv
3463 1811 3541 1881 τῷ
3579 1811 3758 1880 βασιλεῖ

2197 1904 2304 1956 τῶν
2344 1905 2664 1976 Ἀσσυρίων,
2701 1924 2720 1956 ι
2754 1904 3049 1957 ἐκδέδωκεν
3069 1922 3082 1933 ·
3116 1905 3320 1974 ὁμοίιος
3353 1904 3414 1957 δὲ
3445 1906 3538 1957 καί
3561 1904 3753 1973 Σύμμα-

2198 2012 2288 2066 χος
2312 2012 2324 2024 ·
2357 1996 2526 2064 σαφὲς
2555 1995 2865 2059 ποιοῦντες,
2905 1997 2986 2049 ὅτι
3033 1996 3108 2067 μὴ
3143 1995 3237 2050 τοῦ
3277 1996 3554 2067 βασιλέως
3592 1999 3753 2048 Ἀσσυ-

2201 2087 2328 2157 ρίων
2358 2086 2454 2156 τὴν
2485 2086 2726 2157 κεφαλὴν
2760 2085 3012 2159 ξυρήσειν
3043 2089 3072 2140 6
3112 2087 3266 2154 λόγος
3296 2087 3548 2149 ἀπειλεῖ,
3577 2087 3674 2140 ἀλλ’
3704 2091 3748 2139 ἐν

2195 2175 2272 2246 τῷ
2305 2175 2467 2228 αὑτοῦ
2500 2175 2675 2247 ξυρῷ,
2705 2177 2800 2228 καὶ
2825 2179 2882 2228 ἐν
2911 2177 3060 2248 αὐτῷ
3083 2194 3142 2229 τε
3169 2176 3247 2247 τῷ
3276 2177 3498 2248 βασιλεῖ
3519 2177 3620 2228 τῶν
3653 2178 3750 2228 ’Δε-

2201 2266 2397 2338 συρίων
2445 2266 2512 2319 τά
2566 2268 3013 2339 προφητευόμενα
3057 2268 3341 2339 διαθήσειν
3399 2269 3463 2322 τὸ
3517 2268 3746 2321 Ἰουδαίων

2196 2361 2365 2425 ἔθνος.
2396 2362 2616 2426 Τούτοις
2647 2359 2740 2416 οὖν
2767 2365 2861 2415 καὶ
2909 2365 2942 2433 ἡ
2979 2363 3202 2426 ἔκϐασις
3249 2365 3623 2435 ἐπιμαρτυρεί
3661 2361 3746 2414 τῶν

2195 2455 2382 2522 λόγων.
2423 2454 2543 2507 Ἐπὶ
2578 2456 2770 2526 σχολῆς
2798 2456 2854 2508 δέ
2881 2473 2964 2519 τις
2993 2457 3084 2508 καὶ
3105 2457 3340 2511 πλεῖστα.
3372 2457 3553 2529 ἕτερα,
3587 2458 3744 2527 ὥσπερ

2195 2548 2274 2609 εἰς
2313 2547 2612 2618 Ἀσσυρίων
2643 2547 2932 2619 πρόσωπον
2967 2550 3024 2600 ὲν
3055 2551 3176 2611 ταῖς
3220 2549 3583 2620 προφητείαις
3624 2550 3745 2617 εἰρη-

2199 2637 2336 2707 μένα
2366 2638 2515 2710 εὖροι
2547 2638 2614 2692 ἂν
2651 2640 3008 2710 ἐπιτηρήσας,
3031 2639 3280 2709 ούδαμῶς
3313 2639 3418 2709 μὲν
3445 2641 3552 2701 τοῖς
3586 2640 3746 2690 Ἀσσυ-

2198 2727 2330 2797 ρίοις
2357 2729 2662 2800 ἐφαρμόσαι
2688 2729 2982 2799 δυνάμενα,
3007 2733 3072 2799 τῇ
3102 2729 3159 2781 δὲ
3207 2729 3583 2800 ἐπικρατούσῃ
3614 2726 3742 2780 καθό-

2193 2819 2282 2872 λου
2315 2819 2424 2871 τῶν
2457 2820 2597 2874 κατά
2621 2821 2843 2892 χρόνους
2864 2820 3034 2875 ἐθνῶν
3068 2821 3336 2892 βασιλείᾳ.
3368 2821 3508 2891 Ἤδη
3535 2819 3652 2888 γοῦν
3669 2820 3741 2871 καὶ

2195 2912 2410 2986 Πέρσας
2461 2913 2690 2984 εὕρομεν
2740 2914 2892 2986 παρά
2945 2915 3218 2984 Ἑϐραίοις
3271 2915 3588 2986 Ἀσσυρίους
3635 2912 3742 2963 ὠνο-

2194 3005 2524 3076 μασμένους.
2577 3007 2666 3058 Διὸ
2706 3007 2801 3058 καὶ
2850 3005 2946 3058 νῦν
3001 3005 3384 3077 ὑπειλήφαμεν
3441 3003 3738 3058 αἰνίττεσθαι

2191 3098 2282 3152 τὸν
2315 3098 2470 3167 λόγον
2495 3097 2594 3168 τὴν
2622 3099 2907 3168 Ῥωμαίων
2955 3100 3130 3171 ἀρχήν
3150 3116 3162 3129 °
3201 3099 3628 3153 κατευθύνουσαν
3650 3094 3738 3164 γὰρ

2192 3189 2286 3242 καὶ
2312 3187 2784 3260 κατευθυνομένην
2815 3189 2922 3242 ὑπὸ
2949 3190 3042 3242 τοῦ
3064 3188 3198 3242 Θεοῦ
3236 3189 3380 3259 μετά
3407 3189 3504 3259 τὴν
3522 3187 3739 3257 Σωτῆρος

2189 3279 2344 3351 ἡμῶν
2388 3278 2687 3350 παρουσίαν
2738 3280 2971 3351 ὁρῶμεν.
3008 3281 3211 3350 Μηδεὶς
3242 3281 3299 3334 δὲ
3348 3277 3739 3348 ύπολαμὸανὲτω

2188 3373 2366 3425 πάντα
2425 3372 2572 3442 ἡμᾶς
2617 3371 2796 3440 λέγειν
2841 3372 2909 3425 τὰ
2983 3375 3111 3445 περὶ
3161 3373 3467 3446 Ἀσσυρίων
3527 3375 3581 3424 ἐν
3641 3371 3736 3428 ταῖς

2187 3464 2356 3525 θείαις
2409 3463 2683 3534 φερόμενα
2713 3464 2954 3535 Γραφαῖς
2995 3465 3087 3517 ἐπὶ
3123 3465 3435 3535 Ῥωμαίους
3473 3459 3730 3528 ἀνάγεσθαι

2187 3556 2409 3624 (ἠλίθιον
2447 3555 2556 3628 γὰρ
2589 3557 2682 3610 καὶ
2723 3557 2932 3621 ἀναιδὲς
2979 3557 3210 3629 τοῦτο),
3251 3557 3391 3612 ἀλλά
3437 3573 3578 3618 τινας
3617 3548 3735 3604 εἶναι

2187 3647 2529 3718 προφητικὰς
2576 3647 2758 3718 φωνὰς
2795 3651 2912 3713 ταῖς
2968 3651 3097 3721 περὶ
3138 3649 3233 3702 τοῦ
3275 3648 3514 3721 Χριστοῦ
3560 3659 3729 3715 μαρτυ-

2186 3739 2330 3810 ρίαις
2399 3739 3050 3809 συμπεριπεπλεγμένας,
3103 3740 3169 3802 ἃς
3226 3757 3411 3811 φαμεν
3458 3738 3579 3808 περὶ
3624 3735 3732 3786 Ῥω-

2188 3831 2359 3902 μαίων
2398 3830 2727 3885 αίνίττεσθαι
2757 3831 2843 3884 διὰ
2874 3831 2978 3901 τῆς
3009 3830 3118 3884 τῶν
3151 3831 3456 3904 Ἀσσυρίων
3495 3841 3727 3899 προσηγο-

2188 3924 2307 3994 ρίας
2331 3963 2346 3988 ,
2383 3925 2448 3975 ὲκ
2480 3923 2578 3994 τῆς
2615 3922 2710 3976 τοῦ
2750 3921 3011 3992 ὀνόματος
3040 3923 3336 3994 ἑρμηνείας
3368 3923 3474 3976 αίεὶ
3513 3932 3726 3973 συνιστα-

2187 4014 2354 4084 μένης
2397 4015 2496 4084 τῆς
2544 4015 2686 4068 κατὰ
2720 4014 2942 4085 χρόνους
2993 4014 3399 4088 ἐπικρατούσης
3443 4013 3546 4066 τῶν
3586 4006 3724 4062 ἐθνῶν

2185 4106 2479 4176 βασιλείας,
2510 4106 2585 4170 ὼς
2611 4106 2704 4159 ἐπὶ
2740 4106 2932 4178 καιροῦ
2964 4105 3060 4160 τοῦ
3087 4108 3457 4178 προσήκοντος
3485 4100 3726 4174 παραστή-

2184 4215 2366 4266 σομεν.
2389 4199 2497 4251 Καὶ
2530 4198 2705 4266 ἔγωγε
2733 4199 2824 4251 τὸν
2857 4199 3113 4270 λογισμὸν
3138 4199 3238 4270 τῆς
3267 4201 3440 4269 αὐτῆς
3459 4181 3724 4252 ἀποδόσεως

2185 4290 2322 4361 πρὸς
2351 4291 2584 4361 ἐμαυτὸν
2623 4291 3049 4363 διερευνώμενος
3069 4332 3084 4356 ,
3121 4289 3273 4362 οἶμαι
3305 4293 3374 4346 δι’
3403 4290 3548 4344 οὐδὲν
3572 4287 3724 4353 ἕτερον

2185 4381 2258 4452 μὴ
2283 4382 2542 4452 ὀνομαστὶ
2572 4383 2681 4437 τῶν
2719 4383 3002 4454 Ῥωμαίων
3037 4383 3407 4455 μνημονεῦσαι
3447 4382 3512 4434 τά
3547 4390 3720 4447 amri

505 4468 627 4520 cula
704 4469 1018 4538 prophetica
1078 4487 1188 4526 non
1250 4488 1679 4529 commemorare
1757 4474 2078 4527 nominatim

2192 4471 2308 4524 ιικά
2341 4471 2494 4540 λόγια
2525 4472 2670 4544 ἢδιά
2699 4473 2759 4526 τὸ
2793 4473 3002 4543 μέλλειν
3033 4474 3125 4526 ἐπὶ
3151 4474 3249 4543 τῆς
3289 4471 3565 4542 Ῥωμαίων
3595 4466 3720 4536 βασι·

506 4555 803 4624 Romanos,
834 4577 998 4632 quam
1032 4564 1177 4634 quod
1211 4565 1472 4620 Romanis
1517 4564 1892 4635 regnantibus,
1956 4563 2077 4619 Sal-

2192 4565 2326 4628 iaia;
2364 4567 2460 4635 τὴν
2505 4563 2598 4617 τοῦ
2654 4564 2903 4634 Σωτῆρος
2946 4564 3103 4634 ημῶν
3144 4565 3315 4634 Ἰησοῦ
3370 4560 3593 4636 Χριστοῦ
3630 4557 3720 4609 δια·

504 4652 712 4706 vatoris
772 4655 945 4708 nostri
1008 4655 1257 4710 doctrina
1293 4657 1345 4710 in
1380 4674 1571 4712 omnes
1603 4658 1852 4712 homines
1917 4672 2078 4711 suum

506 4742 686 4796 lumen
740 4751 857 4797 erat
907 4746 1164 4810 missura,
1209 4755 1264 4802 et
1311 4745 1608 4818 Scriptum
1653 4747 1983 4817 prophetica:
2024 4747 2077 4801 in

505 4833 622 4902 ipsa
660 4831 1027 4892 Romanorum
1071 4841 1200 4894 urbe
1222 4849 1276 4894 et
1314 4841 1368 4894 in
1409 4839 1664 4893 omnibus
1688 4839 1939 4904 gentibus
1965 4837 2077 4892 Ro.

506 4939 670 4978 mano
712 4926 942 4996 imperio
977 4929 1240 4998 subjectis
1281 4929 1641 4999 publicanda.
1680 4928 1756 4983 Ne
1805 4931 1970 4999 igitur
2011 4931 2077 4985 iis

502 5014 598 5082 qui
644 5014 932 5084 imperium
968 5017 1288 5072 obtinebant
1332 5018 1438 5070 ulla
1473 5018 1712 5071 oriretur
1744 5016 1993 5077 offensio.
2029 5018 2076 5071 si

504 5104 572 5158 de
594 5106 727 5176 ipsis
761 5109 1107 5177 apertissime
1137 5111 1401 5178 scriptum
1427 5117 1594 5172 esset,
1627 5109 1898 5164 sermonis
1927 5110 2078 5162 adhi-

505 5200 614 5252 bita
646 5209 729 5253 est
766 5203 818 5254 in
852 5202 1092 5256 oraculis
1116 5202 1444 5263 obscuritas,
1471 5218 1595 5255 cum
1626 5201 1844 5270 quidem
1870 5202 1924 5255 in
1953 5202 2078 5258 aliis

506 5293 774 5360 pluribus.
797 5301 908 5345 tum
943 5309 1070 5347 vero
1097 5294 1150 5346 iu
1181 5292 1418 5346 Danielis
1450 5293 1752 5347 visionibus
1784 5293 2077 5362 :quemad-

505 5386 724 5436 modum
763 5386 814 5439 in
852 5386 953 5440 hac
989 5401 1227 5455 quoque,
1265 5402 1384 5454 quae
1412 5402 1555 5440 nunc
1606 5387 1657 5440 in
1688 5386 1939 5440 manibus
1967 5393 2072 5445 est.

506 5475 808 5542 prophetia.
841 5493 960 5546 quze
988 5493 1112 5531 cum
1152 5477 1405 5547 Assyrios
1428 5479 1677 5548 appellet,
1712 5478 2076 5548 gubernantes

509 5566 778 5638 intelligit.
805 5568 1006 5624 Horum
1037 5586 1167 5640 ergo
1190 5572 1472 5636 novacula,
1499 5570 2078 5626 univcrsum'Judaiea:

508 5660 684 5725 gentis
715 5670 1116 5724 ornamentum,
1155 5672 1275 5729 post
1323 5664 1493 5732 ipsius
1529 5662 1842 5715 Emmanuel
1895 5671 2075 5713 ortum

507 5748 896 5810 abradendum,
945 5749 1046 5803 hoc
1090 5760 1173 5803 est
1203 5750 1548 5811 abolendum,
1600 5753 1765 5803 canit.
1815 5749 2076 5806 Praitmea

509 5854 562 5890 in
591 5857 650 5892 ea
676 5841 760 5896 ilic
791 5841 853 5896 de
881 5858 986 5911 qua
1006 5841 1208 5896 dictum
1235 5850 1336 5905 cst,
1363 5842 1553 5910 ipsius,
1594 5845 1836 5910 inquam,
1866 5841 2076 5898 Plenum-

2184 4655 2418 4727 λάμπειν
2450 4659 2529 4720 είς
2562 4657 2768 4719 πάντας
2796 4655 3114 4727 ἀνθρώπους
3145 4657 3507 4715 διδασκαλίαν,
3541 4651 3623 4706 καὶ
3641 4646 3718 4706 τὰς

2186 4747 2527 4820 προφητικές
2555 4747 2776 4818 Γραφάς
2799 4749 2883 4800 ἐπ’
2912 4749 3083 4819 αὐτῆς
3118 4765 3175 4802 τε
3215 4749 3312 4820 τῆς
3352 4744 3618 4816 Ῥωμαίων
3645 4735 3718 4789 πὸ-

2186 4839 2338 4903 λεως,
2370 4840 2462 4892 καὶ
2505 4841 2560 4891 tv
2593 4840 2724 4892 πᾶσι
2757 4841 2866 4901 τοῖς
2911 4839 3016 4890 ὑπὸ
3047 4839 3349 4909 Ῥωμαίους
3381 4838 3546 4891 ἔθνεσι
3579 4830 3716 4898 δημοο

2189 4930 2478 4984 σιεύεσθαι.
2509 4932 2601 4983 ’⁸Ιν’
2635 4927 2728 4984 οῦν
2757 4933 2868 4994 τοῖς
2907 4930 3005 5000 τῆς
3041 4931 3214 5002 ἀρχῆς
3243 4930 3500 5002 κρατοῦσι
3528 4915 3717 4988 δυσαρέο

2189 5039 2372 5092 στησις
2421 5021 2656 5093 μηδεμία
2698 5022 2918 5093 γένηται
2955 5022 3020 5074 ὲκ
3051 5023 3150 5092 τῆς
3198 5021 3458 5093 προδήλου
3492 5011 3605 5083 περὶ
3636 5006 3711 5060 αὐ-

2185 5112 2291 5164 τῶν
2323 5113 2662 5184 ἀναγραφῆς,
2695 5113 2762 5165 δι’
2787 5113 3123 5184 αίνιγμάτων
3148 5115 3176 5166 6
3207 5113 3360 5181 λόγος
3393 5101 3709 5189 ἐπεκρύψατῗν

2186 5203 2243 5255 ἔν
2276 5219 2332 5255 τε
2364 5203 2566 5273 ἑτέροις
2599 5203 2858 5269 πλείοσιν,
2891 5203 2951 5255 ού
2988 5201 3093 5273 μὴν
3125 5202 3260 5255 ἀλλά
3302 5202 3393 5256 καὶ
3421 5200 3475 5250 ὲν
3506 5193 3610 5252 ταῖς
3635 5200 3706 5237 του

2184 5294 2380 5366 Δανιὴλ
2417 5294 2690 5366 θεωρίαις,
2723 5294 3005 5366 ὡσπεροῦν
3051 5294 3143 5347 καὶ
3189 5295 3247 5346 tv
3285 5296 3348 5364 τῇ
3398 5287 3526 5362 μετὰ
3558 5281 3708 5352 χεῖρας

2185 5387 2520 5458 προφητείᾳ,
2581 5389 2640 5439 tv
2777 5385 3202 5448 κατευθύνοντας
3252 5384 3442 5446 αὐτοὺς
3495 5366 3705 5458 ὀνομιὶηῗε.ι

2186 5475 2499 5549 προσειπὼν
2529 5476 2872 5547 Ἀσσυρίους.
2923 5476 3012 5546 Τῷ
3061 5475 3264 5530 τούτων
3296 5464 3562 5541 τοιγαροῦν

2187 5571 2272 5622 τὸν
2304 5570 2589 5641 σύμπαντα
2622 5569 2833 5638 κόσμον-
2852 5568 2943 5620 τοῦ
2984 5567 3249 5621 Ἰουδαίων
3283 5567 3458 5624 ἔθνους
3486 5551 3705 5641 μετάξην

2187 5663 2275 5715 τοῦ
2335 5661 2678 5732 Ἐμμανουήλ
2728 5659 2937 5728 γένεσιν
2985 5657 3436 5730 ἀφανισθήσεσθαι
3485 5640 3701 5732 θεσπίεεξ

2191 5756 2308 5806 Ἐτι
2337 5721 2414 5816 δὲ,
2441 5721 2504 5804 ’ὲν
2558 5721 2963 5822 τῆδηλουμένῃ
3007 5721 3206 5822 η’μέρᾳ,
3240 5721 3416 5821 iamet,
3459 5743 3509 5795 δὲ
3651 5721 3699 5830 ᾗῇ

2187 5846 2277 5898 τοῦ
2323 5844 2685 5918 Ἐμμανουὴλ,
2734 5844 2873 5896 τοῦτ’
2922 5843 3032 5897 ἔστι
3089 5844 3185 5914 τῆς
3235 5842 3324 5895 τοῦ
3376 5841 3582 5906 Χριστου
3607 5827 3698 5868 επι-
