3894 6508
164 423 252 483 509

1017 398 1671 481 DEMONSTRATIONlS
1703 423 2166 480 annosum
2207 423 2338 482 LIB.
2375 421 2487 478 vu.

3313 424 3417 480 510

159 540 409 610 conisu.)
445 560 464 592 ι
521 539 744 613 Θρέψει,
776 557 794 590 ι
834 540 1032 610 φησὶν,
1084 558 1102 588 ι
1156 539 1438 611 ἄνθρωπος
1495 539 1725 610 δάμαλιν

1829 539 1976 604 nuel,
2009 554 2128 609 qua
2147 547 2232 594 est
2255 539 2374 593 dies
2399 539 2668 593 adventus
2691 534 2920 600 Christi,
2950 553 2969 586 ι
2999 534 3236 602 Nulriet,
3275 557 3294 590 ι
3329 539 3414 590 in-

155 633 299 706 βοιῖιν,
330 634 426 686 καὶ
456 631 557 684 δύο
580 630 853 702 πρόϐατα*
884 631 976 684 καὶ
1008 630 1182 696 ἔσται,
1217 631 1323 683 ἀπὸ
1361 629 1455 683 τοῦ
1483 630 1730 685 πλεῖστον

161 728 310 778 ποιεῖν
339 724 511 792 γάλα,
548 723 801 794 βούτυρον
833 723 926 775 καὶ
961 721 1080 791 μέλι
1112 722 1344 790 φάγεται
1369 723 1476 784 πᾶς
1503 723 1531 775 6
1563 739 1730 774 κατα-

149 813 370 881 λειφθεὶς
392 814 491 864 ἐπὶ
521 813 619 883 τῆς
641 813 764 882 γῆς.
807 831 825 863 ι
857 813 934 864 Δι’
961 805 1036 863 ὧν
1060 811 1190 882 φαίη
1222 811 1286 865 ἄν
1316 829 1398 874 τις
1424 812 1542 882 ἦτοι
1573 811 1729 882 λιμὸν

153 903 490 968 αἰνίττεσθαι,
549 905 640 958 καὶ
685 905 959 974 πτωχείαν
1019 903 1461 976 ὑπερϐάλλουσαν
1521 902 1614 957 τοῦ
1666 905 1730 956 ἐκ

157 997 436 1068 περιτομῆς
469 996 626 1061 λαοῦ,
659 995 734 1068 μὴ
769 996 1126 1067 εὐποροῦντος
1162 995 1260 1066 μὲν
1294 995 1392 1066 τῆς
1441 995 1548 1048 άπὸ
1580 995 1727 1049 σίτου

151 1090 273 1142 κατὰ
320 1088 492 1158 φύσιν
541 1090 766 1162 τροφῆς,
801 1088 934 1160 μηδὲ
973 1088 1078 1158 γῆν
1114 1087 1390 1154 ἀροῦντος,
1435 1087 1529 1140 καλ⁸
1572 1088 1728 1139 σπεί-

153 1199 354 1250 ροντος,
407 1183 511 1235 καὶ
557 1180 891 1254 θερίζοντος,
949 1181 1084 1251 μηδὲ
1138 1181 1372 1253 ποίμνας
1420 1181 1724 1253 προϐάτων,

153 1276 268 1348 μηδὲ
301 1275 443 1346 βοῶν
467 1275 672 1344 ἀγέλας
701 1273 1062 1343 κεκτημένου,
1093 1275 1352 1344 ἐχομένου
1379 1273 1436 1326 δὲ
1469 1273 1563 1326 δύο
1595 1290 1726 1343 προ-

150 1368 309 1421 εάτων
343 1367 443 1420 καὶ
470 1366 760 1438 δαμάλεως
795 1367 945 1436 μιᾶς,
987 1365 1047 1418 τὸ
1088 1365 1292 1418 τούτων
1330 1364 1470 1434 γάλα
1505 1366 1724 1437 ποριζο-

152 1460 313 1529 μένου.
347 1460 424 1513 Ἦ
454 1460 633 1522 άλλως
658 1458 1021 1531 τροπολογῶν,
1051 1459 1142 1511 τὸν
1175 1460 1273 1528 μὲν
1300 1458 1724 1527 καταλειφθέντα

152 1551 228 1602 ἐπὶ
255 1549 353 1619 τῆς
385 1550 496 1619 γῆς
523 1548 853 1603 αἰνίττεσθαι
881 1549 1012 1619 φαίη
1051 1547 1116 1602 ἂν
1158 1549 1247 1601 τὸν
1273 1549 1381 1603 τῶν
1408 1550 1471 1602 ἐκ
1506 1565 1722 1620 περιτο-

150 1641 242 1710 μῆς
259 1643 339 1704 είς
361 1642 459 1695 τὸν
484 1643 718 1714 Σωτῆρα
742 1644 836 1696 καὶ¹
864 1643 1068 1715 Κύριον
1096 1642 1254 1715 ἡμῷν
1285 1641 1723 1694 πεπιστευκότων

146 1732 446 1786 ἀποστῶων
478 1750 543 1787 τε
591 1735 683 1787 καὶ
710 1732 1108 1802 εὐαγγελιστῶν
1139 1733 1324 1804 χορόν·
1355 1726 1430 1787 ὧν
1471 1733 1720 1796 ἕκαστος,

146 1825 336 1898 λεῖμμα
362 1829 496 1880 κατ’
524 1827 755 1899 ἐκλογὴν
781 1827 1002 1898 χάριτος
1027 1824 1286 1894 γεγονὼς,
1323 1826 1417 1878 καὶ
1447 1824 1536 1878 διὰ
1563 1823 1724 1877 τοῦτο

145 1929 169 1976 6
207 1917 588 1988 καταλειφθεὶς
632 1919 724 1972 ἐπὶ
763 1919 861 1989 τῆς
906 1919 1009 1989 γῆς
1046 1916 1451 1988 ὠνομασμένος,
1499 1915 1722 1988 θρέψειν

147 2012 340 2079 ὶιέγεται
385 2011 626 2082 δάμαλιν
672 2011 829 2082 βοῶν,
864 2013 957 2065 καὶ
999 2011 1093 2064 δύο
1126 2011 1393 2082 πρόϐατα,
1433 2010 1562 2081 τρία
1601 2011 1722 2064 καθ’

147 2106 364 2174 ἑκάστην
379 2104 715 2175 Ἐκκλησίαν
745 2105 1020 2174 τάγματα,
1053 2103 1110 2156 ἒν
1144 2103 1244 2174 μὲν
1268 2103 1329 2156 τὸ
1353 2101 1461 2156 τῶν
1484 2103 1721 2174 ἡγουμέ-

144 2216 255 2261 νων,
276 2198 368 2251 δύο
399 2198 459 2252 δὲ
492 2197 562 2251 τά
600 2198 709 2250 τῶν
754 2196 1191 2266 ὑποϐεϐηκότων,
1227 2195 1320 2249 τοῦ
1346 2196 1448 2265 τῆς
1485 2195 1717 2265 Ἐκκλη-

150 2290 252 2352 σίας
277 2290 370 2342 τοῦ
401 2286 646 2361 Χριστοῦ
681 2286 811 2340 λαοῦ
847 2289 925 2351 εἰς
958 2286 1052 2340 δύο
1083 2287 1338 2356 τάγματα
1366 2286 1716 2357 διῃρημένου,

146 2381 214 2445 τίς
241 2399 297 2434 τε
321 2381 384 2435 τὸ
412 2381 521 2434 τῶν
552 2379 778 2438 πιστῶν,
811 2379 904 2432 καὶ
933 2377 1040 2431 τῶν
1099 2376 1322 2449 μηδέπω
1352 2377 1450 2448 τῆς
1479 2377 1568 2430 διὰ
1600 2377 1720 2429 λου-

157 2470 260 2541 cpe?»
287 2470 712 2541 παλιγγενεσίας
733 2469 1068 2540 ἠξιωμένων,
1093 2463 1173 2532 οἷς
1201 2469 1292 2521 καί
1327 2484 1490 2538 φησιν
1518 2469 1546 2521 6
1577 2467 1720 2532 θεῖος

158 2560 492 2627 ’Δπόστολοςο
528 2563 704 2618 «Γάλα
740 2563 883 2633 ὑμᾶς
909 2562 1155 2623 ἐπότισα,
1185 2559 1245 2612 οὐ
1277 2558 1492 2630 βρῶμα.
1528 2579 1546 2610 ι
1580 2559 1719 2622 Τοὺς

148 2654 194 2707 δὲ
223 2656 274 2708 ὲν
297 2655 396 2727 ήδη
431 2655 742 2728 τελειοτέρᾳ
778 2653 1123 2716 καθεστῶτας
1149 2648 1280 2716 ἕξει,
1323 2649 1551 2721 δάμαλιν
1581 2651 1718 2722 βοῶν

149 2747 350 2812 εἰκότως
418 2747 724 2806 ἀποκαλεῖ,
785 2750 1096 2816 γεννήματα
1160 2744 1509 2815 τελειοτέρων
1578 2742 1717 2813 βοῶν

151 2841 517 2911 τυγχάνοντας,
546 2835 659 2902 οἷος
689 2838 849 2902 αὐτὸς
893 2833 960 2908 ἦν
991 2839 1020 2889 6
1055 2834 1393 2899 Ἀπόστολος,
1431 2835 1558 2906 περὶ
1589 2836 1716 2888 ἑαυ-

146 2932 227 2986 τοῦ
253 2935 340 2986 καὶ
381 2933 490 2987 τῶν
533 2931 931 3004 παραπλησίως
977 2927 1126 3000 αύτῷ
1157 2927 1474 2999 καμνόντων
1505 2927 1677 2995 λέγων
1698 2944 1710 2957 ·

153 3045 168 3074 ι
199 3025 280 3096 Μὴ
303 3026 415 3079 τῶν
442 3024 580 3098 βοῶν
614 3024 766 3096 μέλει
796 3023 874 3094 τῷ
895 3021 1051 3092 Θεῷς
1085 3041 1103 3073 ι
1143 3022 1176 3094 ἢ
1212 3021 1279 3074 δι’
1316 3022 1464 3092 ἡμᾶς
1500 3020 1716 3084 πάντως

147 3118 300 3187 λέγει;
354 3121 449 3191 Εἶη
480 3119 537 3172 δὲ
581 3117 648 3171 ἂν
673 3117 767 3170 καὶ
797 3119 904 3170 πᾶν
931 3115 992 3168 τὸ
1015 3115 1199 3185 τάγμα
1213 3113 1322 3168 τῶν
1351 3113 1451 3184 τῆς
1488 3112 1716 3185 Ἐκκλη-

149 3211 250 3274 σίας
280 3210 657 3284 προεστώτων,
704 3208 870 3281 ἀροῦν
906 3226 965 3261 τε
1014 3208 1108 3262 καὶ
1160 3210 1425 3281 γεωργεῖν
1465 3207 1566 3272 τὰς
1602 3207 1712 3260 τῶν

149 3305 426 3377 ἀνθρώπων
455 3303 632 3374 ψυχὰς
674 3299 1186 3374 ἐγκεχειρισμένων,
1219 3299 1450 3370 δάμαλις
1491 3299 1706 3370 ὠνομα-

150 3398 298 3467 σμένη
330 3395 485 3467 βοιῖιν,
511 3394 826 3464 γεννήματα
847 3392 1188 3462 τυγχάνουσα
1211 3389 1315 3442 τῶν
1338 3388 1708 3444 άποστολικῶν

151 3487 343 3554 τρόπων
362 3503 420 3538 τε
446 3485 540 3538 καὶ
568 3481 924 3555 μαθημάτων,
942 3481 990 3534 οἳ
1016 3481 1108 3534 καὶ
1139 3481 1218 3545 εἰς
1243 3479 1491 3533 τοσοῦτον
1510 3481 1710 3551 ἀρετῆς

151 3579 406 3632 ἐπιδώσειν
424 3578 690 3647 λέγονται,
704 3575 778 3638 ὡς
793 3576 857 3628 ὲκ
874 3573 1192 3641 πολυγονίας
1210 3574 1460 3627 τοσοῦτον
1482 3572 1709 3644 προὸάλ-

151 3669 310 3725 λεσθαι
333 3671 550 3741 γόνιμον
573 3669 665 3722 καὶ
684 3667 898 3736 λογικὸν
918 3670 1037 3730 ταῖς
1059 3667 1445 3735 εἰσαείωγικαίς
1463 3665 1709 3718 διδασκα-

151 3759 267 3827 λίαις
280 3763 434 3832 γάλα,
449 3762 524 3825 ὡς
543 3762 634 3814 καὶ
648 3760 733 3814 ἑτέ
741 3777 864 3831 ρους
883 3757 1104 3830 μυρίους
1121 3757 1408 3830 τρέφεσθαι
1429 3755 1488 3822 ἐξ
1505 3755 1702 3809 αὐτῶν.

151 3854 340 3908 Τούτων
360 3854 415 3907 δὲ
441 3854 569 3924 περὶ
601 3853 710 3906 τῶν
742 3849 1209 3919 καταλειφθέντων
1243 3850 1335 3902 ἐπὶ
1361 3848 1460 3918 τῆς
1485 3849 1590 3919 γῆς
1612 3866 1704 3917 γε-

150 3946 452 4016 νησομένων,
480 3944 666 4016 ἕτερόν
695 3962 744 3996 τι
771 3939 1146 4013 συμϐήσεσθαι
1175 3941 1233 3993 ὲν
1260 3943 1324 4011 τῇ
1354 3940 1534 4012 ἡμέρα
1564 3940 1707 3992 ὲκεί-

151 4052 221 4107 νη,
251 4038 420 4108 (δῆλον
467 4036 527 4090 δὲ
555 4037 636 4089 ὅτι
686 4037 742 4087 ὲν
771 4032 849 4104 τῷ
882 4032 1058 4104 χρόνῳ
1093 4033 1192 4103 τῆς
1230 4031 1324 4085 τοῦ
1363 4031 1704 4103 Ἐμμανουὴλ

153 4128 468 4198 παρουσίας.)
494 4126 895 4197 προαναφωνεῖ.
918 4123 982 4176 Τί
1005 4123 1062 4176 δὲ
1083 4123 1237 4176 τοῦτο
1260 4142 1310 4188 ;‹
1337 4125 1451 4187 Πᾶς
1471 4123 1654 4186 τόπος,
1679 4141 1696 4174 ι

151 4220 281 4287 φησι,
314 4237 331 4269 ι
367 4216 460 4271 τοῦ
507 4220 572 4270 ὲκ
623 4216 926 4286 περιτομῆς
971 4213 1121 4280 λαοῦ,
1145 4215 1228 4284 ἐφ’
1253 4211 1314 4267 οὒ
1353 4210 1492 4286 ἦσαν
1538 4213 1702 4284 χίλιαι

150 4309 357 4379 ἄμπελοι
403 4309 589 4380 χιλίων
637 4307 857 4372 σίκλων,
887 4308 964 4371 είς
1016 4307 1207 4379 χέρσον
1241 4306 1452 4360 ἔσονται
1499 4307 1594 4359 καὶ
1621 4307 1702 4371 είς

149 4401 379 4456 ἄκανθαν.
414 4400 569 4456 Μετὰ
601 4399 709 4471 γάρ
743 4399 926 4469 βέλους
975 4399 1068 4452 καὶ
1106 4398 1433 4469 τοξεύματος
1461 4397 1698 4450 εἰσελεύ-

151 4509 306 4548 σονται
338 4495 451 4547 ἐκεῖ
474 4491 652 4562 (δῆλον
676 4493 720 4545 δ’
748 4493 830 4544 ὅτι
865 4491 913 4544 οἱ
939 4488 1226 4560 πολέμιοι),
1263 4490 1344 4542 ὅτι
1379 4489 1572 4561 χέρσος
1607 4489 1701 4542 καὶ

1829 633 1970 702 quit,
2008 650 2026 682 ι
2058 632 2220 685 homo
2248 631 2539 700 juvencam
2567 630 2754 693 boum,
2785 637 2842 683 et
2879 629 3018 683 duas
3048 634 3262 695 oves,et
3284 628 3410 690 erit,

1830 739 1895 778 ex
1937 739 2004 778 eo
2038 722 2185 793 quod
2229 723 2526 792 plurimum
2561 721 2722 776 faciet
2765 721 2868 785 lac,
2901 721 3160 792 butyrum
3205 730 3262 776 et
3313 721 3418 774 nu-l

1831 815 2098 880 comedet,
2148 817 2329 870 omnis
2378 815 2472 886 qui
2509 815 2732 870 relictus
2780 813 2945 867 fuerit
2988 814 3044 867 in
3095 823 3260 868 terra.
3296 832 3316 865 ι
3360 810 3418 864 ιιι

1828 908 2028 977 quibus
2073 907 2257 962 verbis
2299 923 2430 962 sane
2480 906 2682 961 dixerit
2713 905 2932 976 aliquis,
2964 903 3179 960 Judaici
3221 905 3416 975 populi

1831 999 2029 1055 famem
2103 1007 2595 1070 paupertatemque
2665 999 2990 1054 immensam
3058 998 3360 1069 significari
3399 1037 3414 1062 ,

1828 1089 2028 1160 quippe
2050 1089 2144 1160 qui
2171 1105 2346 1159 neque
2378 1089 2592 1144 triticeo
2614 1089 2961 1159 naturalique
2990 1089 3114 1144 cibo
3134 1089 3205 1143 sit
3227 1088 3405 1143 abun-

1827 1180 2078 1244 daturus,
2109 1195 2176 1235 ex
2217 1196 2282 1236 eo
2326 1181 2472 1251 quod
2516 1195 2693 1250 neque
2740 1189 2940 1235 terram
2994 1182 3190 1246 arabit,
3229 1196 3407 1250 neque

1829 1271 2140 1336 seminabit,
2169 1287 2344 1341 neque
2368 1277 2555 1338 metet,
2576 1287 2751 1341 neque
2780 1287 2971 1342 greges
2995 1273 3199 1334 ovium,
3229 1287 3406 1342 neque

1827 1361 1990 1416 boum
2041 1371 2288 1416 armenta
2344 1377 2722 1432 possessurus,
2780 1362 2876 1416 sed
2932 1363 3221 1417 habiturus
3264 1362 3404 1418 duas

1826 1461 2042 1528 oves‘et
2065 1454 2358 1523 juvencam
2394 1469 2582 1518 unam,
2611 1455 2812 1523 quibus
2844 1455 2929 1509 lac
2962 1455 3174 1526 sibiipsi
3204 1471 3404 1525 suppe-

1824 1548 1958 1602 ditet
1987 1564 2000 1599 :
2025 1555 2120 1602 aut
2151 1548 2328 1610 aliter,
2364 1548 2590 1618 figurate
2619 1549 2868 1618 loquens,
2897 1565 3020 1604 eum
3051 1549 3145 1619 qui
3179 1551 3401 1604 interra

1825 1641 2048 1696 relictus
2080 1641 2174 1707 sit,
2209 1641 2518 1711 significare
2551 1640 2750 1696 dixerit
2774 1639 3061 1696 exJudaais
3085 1643 3178 1710 qui
3202 1641 3257 1694 in
3289 1639 3403 1694 Sal-

1825 1740 2064 1788 vatorem
2100 1749 2164 1788 ac
2200 1733 2487 1789 Dominum
2514 1742 2764 1788 nostrum
2793 1733 3144 1799 crediderint,
3177 1741 3399 1802 aposto-

1825 1827 2003 1881 lorum
2065 1837 2231 1897 atque
2284 1828 2745 1898 evangelistarum
2813 1827 3076 1892 chorum,
3125 1842 3156 1882 e
3201 1828 3402 1898 quibus

1827 1917 2225 1988 unusquisque,
2251 1933 2375 1972 cum
2406 1916 2706 1972 secundum
2737 1917 3057 1972 electionem
3088 1917 3277 1987 gratia:
3310 1931 3398 1970 re-

1823 2007 1987 2062 lictus
2013 2009 2106 2069 sit,
2136 2015 2192 2063 et
2222 2007 2294 2062 ob
2326 2007 2402 2070 id,
2442 2007 2665 2062 relictus
2693 2006 2746 2059 in
2776 2017 2920 2060 terra
2946 2005 3280 2071 nominatus,
3310 2005 3402 2074 ju-

1824 2112 2047 2152 vencam
2074 2098 2238 2152 boum
2272 2107 2327 2152 et
2353 2096 2491 2151 duas
2529 2111 2659 2150 oves
2688 2094 2891 2149 dicitur
2922 2093 3254 2157 nutriturus,
3290 2102 3402 2148 ter-

1821 2203 1921 2242 nos
1945 2189 2196 2244 videlicet
2222 2203 2317 2259 per
2345 2187 2589 2256 singulas
2634 2185 2906 2240 Ecclesias
2952 2184 3196 2247 ordines,
3229 2198 3398 2238 unum

1819 2279 2036 2348 quidem
2063 2294 2253 2334 eorum
2279 2279 2371 2348 qui
2409 2278 2655 2348 praesint,
2691 2277 2831 2330 duos
2865 2283 3046 2329 autem
3081 2289 3269 2329 eorum
3304 2274 3397 2343 qui

1821 2369 2049 2438 subjecti
2081 2370 2214 2435 sint,
2242 2384 2368 2423 cum
2397 2367 2653 2424 Ecclesiae
2671 2367 2874 2422 Christi
2907 2367 3140 2437 populus
3171 2365 3224 2420 in
3256 2365 3398 2419 duos

1818 2462 2041 2516 ordines
2061 2461 2131 2515 sit
2158 2460 2390 2527 divisus,
2428 2460 2483 2513 in
2505 2475 2694 2514 eorum
2725 2460 2818 2529 qui
2847 2457 3097 2522 credunt,
3125 2465 3179 2510 et
3206 2469 3398 2510 eorum

1817 2554 1911 2624 qui
1958 2554 2200 2609 nondum
2247 2553 2314 2607 ad
2359 2553 2562 2605 lavacri
2615 2550 3083 2622 regenerationem
3128 2547 3398 2616 assumpti

1819 2647 1949 2712 sint,
1987 2648 2054 2703 ad
2103 2663 2242 2719 quos
2287 2647 2453 2703 etiam
2485 2646 2706 2702 divinus
2751 2643 3046 2714 Apostolus
3078 2641 3154 2695 ait
3185 2660 3198 2695 :
3234 2658 3252 2690 ι
3290 2639 3398 2694 Lac

1816 2738 1972 2792 vobis
1999 2745 2187 2807 potum
2226 2737 2373 2802 dedi,
2407 2752 2515 2790 nou
2546 2749 2730 2790 escam
2755 2733 2818 2788 “.
2840 2753 2858 2785 ι
2889 2732 2994 2788 Eos
3027 2747 3154 2787 vero
3171 2732 3262 2802 qui
3281 2731 3398 2800 jam

1817 2836 1930 2883 tum
1973 2829 2027 2883 in
2072 2827 2260 2882 habitu
2310 2825 2636 2899 perfectiore
2678 2823 3058 2886 constiterint,
3102 2821 3397 2892 juvencaui

1814 2923 1976 2979 boum
1995 2923 2190 2977 merito
2212 2923 2469 2993 appellat,
2492 2921 2693 2991 quippe
2715 2919 2810 2988 qui
2830 2915 3212 2988 perfectiorum
3233 2915 3399 2970 boum

1814 3013 1956 3070 fetus
1990 3015 2122 3079 sint,
2156 3013 2469 3083 cujusmodi
2517 3012 2634 3082 ipse
2688 3010 2790 3064 fuit
2834 3009 3151 3078 Apostolus,
3193 3005 3286 3077 qui
3329 3005 3400 3060 de

1815 3104 1998 3176 seipso
2031 3114 2197 3177 atque
2246 3105 2316 3159 iis
2344 3104 2436 3173 qui
2483 3102 2648 3159 simili
2694 3100 2856 3155 modo
2884 3109 2944 3154 ut
2976 3100 3093 3170 ipse
3123 3098 3394 3160 laborant,

1817 3195 1891 3248 ita
1927 3196 2004 3248 ait
2034 3214 2046 3249 :
2093 3213 2112 3247 ι
2155 3193 2412 3263 Nunquid
2449 3193 2516 3247 de
2563 3191 2736 3247 bobus
2769 3205 2902 3244 cura
2930 3197 3014 3244 est
3058 3186 3201 3242 Deo?
3231 3185 3398 3259 32η

1814 3303 1882 3340 an
1914 3294 2136 3358 propter
2165 3302 2266 3342 nos
2290 3287 2516 3340 omnino
2546 3284 2681 3339 dicit
2704 3283 2786 3336 ‘7?
2819 3302 2837 3334 ι
2872 3282 2978 3336 erit
3004 3291 3183 3336 autem
3215 3281 3396 3336 omnis

1812 3395 2030 3449 quoque
2061 3379 2198 3434 ordo
2229 3393 2419 3432 eorum
2453 3377 2546 3448 qui
2577 3375 2838 3430 Ecclesiae
2867 3381 3132 3444 praesunt,
3167 3371 3394 3442 quibus-

1810 3489 1918 3543 que
1947 3471 2138 3524 arandi
2173 3478 2227 3525 et
2265 3469 2479 3524 colendi
2521 3469 2734 3522 animas
2766 3466 3048 3520 hominum
3076 3480 3207 3518 cura
3236 3477 3393 3516 man-

1810 3561 1935 3616 data
1958 3568 2063 3627 est,
2078 3561 2328 3629 juvcnca:
2356 3560 2518 3614 boum
2551 3559 2770 3613 nomine
2801 3556 3162 3628 significatus,
3191 3555 3394 3626 quippe

1809 3653 1901 3723 qui
1945 3653 2374 3723 apostolicorum
2430 3653 2634 3706 rituum
2688 3667 2752 3705 ac
2811 3657 3206 3721 praeceptorum
3251 3646 3394 3702 fetus

1808 3745 2058 3810 exsistat,
2098 3745 2305 3814 quique
2332 3743 2496 3798 etiam
2529 3745 2583 3797 in
2611 3744 2810 3797 virtute
2838 3758 3011 3812 usque
3041 3741 3177 3794 adeo
3212 3739 3392 3792 incre-

1809 3844 2050 3892 mentum
2092 3845 2426 3906 accepturus
2468 3836 2692 3900 dicitur,
2726 3842 2785 3888 ut
2815 3850 2881 3890 ex
2910 3834 3052 3888 fetus
3083 3830 3394 3904 multiplici-

1809 3934 1938 3990 tate,
1967 3935 2176 3982 tantum
2211 3927 2466 3998 genitalis
2502 3927 2900 3996 rationalisque
2951 3926 3108 3980 lactis
3141 3922 3389 3978 introdu—

1806 4019 1996 4073 ctoriis
2028 4020 2298 4075 doctrinis
2335 4021 2405 4074 sit
2453 4018 2807 4082 sullecturus,
2835 4028 2896 4072 ut
2939 4034 3004 4072 ex
3041 4032 3107 4072 eo
3138 4017 3389 4073 innume-

1807 4109 2007 4164 rabiles
2032 4109 2129 4163 alii
2157 4109 2434 4164 nutrieudi
2467 4109 2595 4162 siut.
2627 4107 2798 4161 Porro
2827 4122 2951 4162 cum
2973 4105 3092 4160 haec
3121 4105 3190 4160 iis
3215 4108 3308 4175 qui
3332 4107 3387 4161 in

1805 4209 1951 4258 terra
1981 4203 2156 4259 relicti
2182 4202 2408 4265 fuerint,
2447 4202 2627 4257 futura
2668 4213 2783 4255 tum
2814 4208 3020 4264 essent,
3052 4200 3198 4254 aliud
3229 4201 3388 4270 quid—

1803 4295 1926 4348 dam
1960 4294 2015 4348 in
2047 4295 2135 4350 die
2155 4295 2268 4360 illa,
2304 4302 2549 4362 tempore
2585 4291 2836 4346 videlicet
2867 4291 3136 4345 adventus
3167 4289 3388 4343 Emma-

1802 4385 1952 4449 nuel,
1975 4393 2297 4440 eventurum
2325 4385 2590 4455 praedicit.
2623 4381 2782 4449 Quod
2821 4389 3004 4436 autem
3039 4381 3177 4434 hoc?
3208 4399 3226 4430 ι
3257 4377 3390 4434 0m-

1802 4478 1908 4541 nis,
1949 4496 1967 4527 ι
2005 4477 2203 4547 inquit,
2242 4494 2260 4526 ι
2301 4477 2453 4531 locus
2485 4473 2699 4529 Iudaici
2745 4473 2952 4543 populi,
2985 4472 3040 4525 in
3073 4486 3185 4542 quo
3223 4477 3387 4526 erant

150 4585 332 4641 ἄκανθα
374 4588 529 4640 ἔσται
578 4586 727 4640 πᾶσα
765 4585 798 4654 ἡ
839 4583 929 4652 γῆ.
975 4601 993 4634 ι
1031 4582 1141 4636 Καὶ
1185 4580 1282 4634 θέα
1325 4599 1388 4650 γε
1419 4582 1520 4636 ὅσα
1552 4584 1608 4634 ὲν
1633 4583 1698 4651 τῇ

1814 4570 1952 4624 mille
1977 4570 2117 4626 vites
2155 4585 2255 4641 pro
2286 4570 2434 4623 mille
2459 4569 2632 4631 siclis,
2661 4567 2713 4621 in
2748 4575 2950 4621 terram
2974 4564 3235 4619 incultam
3257 4563 3384 4626 erit,

147 4680 307 4752 ἡμέρᾳ
329 4679 420 4734 τοῦ
456 4677 823 4749 Ἑμμανουὴλ,
876 4675 1019 4744 λέγω
1085 4673 1140 4727 δὲ
1189 4675 1246 4726 ἐν
1300 4672 1378 4743 τῷ
1419 4674 1517 4744 τῆς
1552 4674 1685 4728 ἁνα-

147 4769 285 4839 τολῆς
311 4769 484 4841 καιρῷ
538 4767 756 4838 λογικοῦ
799 4767 996 4836 φωτὸς,
1041 4763 1134 4819 τοῦ
1176 4764 1264 4818 διὰ
1308 4764 1402 4818 τοῦ
1452 4765 1700 4835 Σωτῆρος

145 4861 280 4930 ἡμῶν
308 4867 382 4928 είς
413 4864 621 4924 πάντας
650 4859 969 4932 ἀνθρώπους
1020 4855 1445 4928 ἐπιλάμψαντος,
1484 4857 1611 4927 περὶ
1641 4855 1702 4910 τὸ

156 4953 392 5010 Ἰουδαίων
416 4956 570 5017 ἔθνος
597 4952 814 5006 ἔσεσθαι
857 4953 885 5004 6
935 4950 1090 5019 λόγος
1134 4949 1399 5014 θεσπίζει,
1447 4949 1700 5021 δυνάμεις

146 5062 192 5097 τε
229 5048 585 5120 ἀκαθάρτους,
635 5048 728 5100 καὶ
777 5044 1075 5115 πολεμικάς
1122 5043 1220 5106 τάς
1270 5043 1438 5097 πάλαι
1488 5043 1545 5095 ὲν
1590 5046 1701 5106 τοῖς

146 5139 323 5194 ἔθνεσιν
356 5140 686 5214 ἐνεργούσας
719 5139 773 5191 ἔν
807 5155 866 5190 τε
899 5135 1158 5207 Αἰγύπτῳ
1191 5136 1285 5189 καὶ
1311 5139 1378 5206 τῇ
1410 5135 1562 5207 χώρᾳ
1592 5135 1700 5189 τῶν

155 5232 452 5307 Ἀσσυρίωνο
487 5232 554 5296 ἃς
580 5231 673 5284 τοῦ
720 5231 926 5301 Κυρίου
969 5229 1309 5302 συρίσαντος,
1341 5229 1434 5282 καὶ
1461 5228 1701 5299 ὡσπερεὶ

147 5329 592 5398 παρορμήσαντος,
634 5325 725 5376 καὶ
764 5321 1314 5394 παρακελευσαμένου
1361 5321 1584 5384 αὑταῖς,
1632 5324 1698 5392 τῇ

147 5413 272 5486 χώρα
309 5419 470 5489 φησὶν
524 5417 705 5469 αὐτῶν
753 5413 1161 5479 ἐπελεύσεσθαι,
1205 5413 1293 5467 διὰ
1336 5413 1397 5466 τὸ
1445 5413 1698 5466 τοιούτων

147 5502 276 5567 ἀξίαν
309 5507 621 5574 γεγονέναι*
670 5506 764 5559 καὶ
818 5502 1229 5559 ἀναπαύσεσθαι
1267 5504 1365 5567 τὰς
1406 5503 1698 5575 εἰρημένας

148 5592 367 5666 δυνάμεις
388 5599 557 5669 φησὶν
588 5601 645 5652 ὲν
670 5597 930 5670 φάραγξι,
964 5597 1058 5651 καὶ
1087 5599 1145 5651 ὲν
1167 5598 1434 5668 τρώγλαις
1463 5597 1693 5668 πετρῶν,

149 5689 210 5751 εἷς
237 5708 285 5744 τε
323 5691 387 5746 τά
428 5691 693 5762 σπήλαια,
754 5691 846 5743 καὶ
896 5692 971 5753 εἰς
1022 5692 1201 5744 πᾶσαν
1239 5690 1443 5760 ραγάδα
1497 5691 1693 5757 αὐτῶν,

202 5869 239 5898 ⁸⁸
267 5870 283 5922 Ι
312 5874 433 5929 Cor.
475 5889 556 5937 tu,
590 5873 642 5929 2.
731 5877 771 5904 ’τ
813 5873 986 5928 lCor.
1027 5888 1097 5938 Ix,
1142 5871 1192 5925 9.

1804 4673 1856 4716 et
1882 4663 1936 4716 in
1968 4663 2201 4733 spinam.
2236 4661 2370 4716 Nam
2392 4677 2516 4716 cum
2547 4660 2740 4731 sagitta
2773 4669 2826 4713 et
2857 4673 2988 4712 arcu
3013 4655 3386 4726 ingredieutur

1804 4755 1934 4810 illuc
1972 4757 2210 4825 (constat
2249 4771 2378 4811 vero
2408 4756 2510 4810 hoc
2539 4754 2645 4809 dici
2680 4752 2746 4808 de
2779 4751 3075 4822 hostibus),
3125 4750 3385 4820 quoniam

1803 4857 1949 4904 terra
2004 4851 2208 4904 inculta
2256 4858 2310 4905 et
2340 4850 2495 4920 spina
2519 4849 2624 4904 erit
2653 4848 2833 4903 omnis
2877 4854 3046 4901 terra.
3085 4863 3102 4896 ι
3140 4843 3205 4898 Ει
3255 4859 3387 4899 sane

1803 4949 1988 5012 specta
2019 4956 2182 5012 quam
2227 4943 2396 4996 multa
2428 4942 2484 4996 in
2528 4941 2617 4996 die
2661 4940 3002 5004 Emmanuel,
3046 4937 3172 4992 dico
3202 4944 3383 4990 autem

1802 5052 1910 5104 quo
1949 5042 2192 5105 tempore
2237 5035 2504 5091 rationale
2556 5034 2738 5088 lumen
2784 5041 2870 5087 est
2916 5033 3207 5090 oriturum,
3239 5027 3384 5098 quod

1805 5139 1899 5191 pcr
1933 5121 2270 5177 Salvatorem
2297 5132 2544 5178 nostrum
2577 5123 2631 5176 in
2669 5138 2859 5176 omnes
2904 5121 3152 5174 homines
3183 5118 3384 5173 emica-

1801 5215 1899 5279 bit,
1946 5212 2188 5270 Judaicae
2220 5216 2368 5286 genti
2410 5223 2672 5270 eventura
2721 5214 3004 5268 oraculum
3055 5219 3236 5265 canat.
3281 5208 3381 5262 lm-

1803 5306 2035 5360 mundas
2063 5307 2209 5361 enim
2243 5316 2406 5376 atque
2435 5307 2666 5361 hostiles
2711 5311 3029 5374 potestates,
3065 5316 3186 5371 quae
3208 5315 3383 5369 quon-

1801 5396 1926 5450 dam
1955 5398 2099 5452 inter
2135 5405 2324 5469 gentes
2359 5397 2655 5452 ellicaciam
2691 5394 3206 5451 suamoexercebant
3238 5399 3291 5446 et
3327 5392 3382 5445 in

1803 5489 2062 5562 Egypto,
2101 5499 2154 5546 et
2183 5491 2236 5545 in
2293 5493 2515 5560 regione
2559 5488 2937 5558 Assyriorum,
2983 5484 3213 5540 Domino
3243 5483 3378 5538 sibi-

1801 5583 1947 5638 lante
1973 5591 2026 5638 et
2057 5585 2214 5654 quasi
2240 5583 2553 5655 impellente
2599 5590 2762 5652 atque
2793 5581 3119 5636 adhortante
3147 5593 3262 5641 eas,
3289 5593 3374 5630 re-

1801 5676 2015 5746 gionem
2049 5679 2294 5747 ipsorum
2331 5678 2621 5733 invasurus
2655 5678 2749 5741 ait,
2789 5684 3078 5745 propterea
3110 5670 3254 5744 quod
3293 5677 3374 5723 ta-
