3894 6524
1203 389 1474 446 Ευδεειιι
1511 386 1995 447 (ἐκΕδΑῐὶΙΕΝδΙδ
2031 386 2089 446 01

2228 387 2410 445 PARS
2443 388 2510 444 ll.
2545 419 2620 433 --
2655 385 3155 444 APOLOGETICA.

3693 384 3788 444 512

523 509 672 565 libus
705 507 870 578 digna
899 506 1156 566 evaserit,
1189 503 1522 575 easdemque
1555 512 1855 575 potestates
1880 504 2089 576 quietu«

2211 504 2350 558 κατά
2401 503 2502 575 μὲν
2547 503 2820 568 διάνοιαν,
2856 502 2914 556 ὲν
2957 503 3079 565 ταῖς
3123 499 3324 570 ψυχαῖς
3370 497 3576 562 αὐτῶν,
3605 496 3698 550 καὶ
3735 500 3786 550 ὲν

523 615 614 655 ras
653 599 709 652 in
757 596 1096 652 convallibus
1133 601 1190 649 et
1229 592 1594 650 foraminibus
1627 603 1928 666 petrarum,
1957 603 2010 649 et
2049 595 2105 650 in

523 687 826 759 speluncis,
861 687 992 742 etin
1021 684 1170 739 omni
1200 684 1442 741 scissura
1469 686 1711 755 ipsorqu
1743 705 1756 740 :
1791 686 1859 740 ad
1883 701 2102 742 sensum

521 781 742 851 quidem
769 780 826 834 in
855 776 1055 834 animis
1087 776 1354 846 ipsorum,
1381 785 1435 832 et
1456 777 1512 832 in
1536 779 1670 849 ipsis
1697 778 1946 848 corporis
1977 795 2106 836 sen-

521 875 698 938 sibus,
731 881 784 926 et
821 869 1266 940 cogitationibus,
1301 876 1356 925 et
1381 869 1632 926 discissis
1661 872 1904 940 ipsorum
1949 885 2103 926 men-

521 963 708 1032 tibus;
743 962 810 1016 ad
845 961 1070 1018 verbum
1104 969 1286 1016 autem
1323 961 1489 1032 (quod
1517 961 1736 1032 quidem
1759 961 1814 1015 in
1845 971 2100 1032 promptu

519 1051 650 1122 est),
703 1066 800 1122 per
846 1057 1016 1106 totam
1061 1053 1306 1121 ipsorum
1362 1052 1662 1120 regionem.
1707 1048 1864 1118 Quod
1921 1049 2099 1120 ipsum

519 1159 654 1200 sane
683 1143 808 1214 quis
838 1159 948 1198 non
983 1131 1306 1208 admiretur,
1336 1157 1460 1197 cum
1492 1142 1670 1198 oculis
1703 1153 1894 1198 cernat
1916 1142 2100 1196 inimi-

519 1251 616 1292 cos
647 1235 891 1306 ipsorum
939 1250 1158 1290 omnem
1201 1233 1402 1289 Judzeaa
1453 1234 1630 1289 locum
1673 1248 1998 1306 occupasse,
2045 1241 2099 1288 et

517 1333 776 1384 externos
791 1327 1321 1396 simulacrorumque
1347 1325 1588 1380 cultores
1611 1324 1861 1378 homines
1889 1325 1943 1378 in
1969 1339 2100 1378 cun-

518 1421 625 1475 ctis
665 1420 912 1491 ipsorum
953 1419 1272 1474 civitatibus
1319 1427 1376 1472 et
1415 1418 1734 1488 regionibus
1781 1417 2095 1488 quievisse?

517 1508 637 1562 Non
673 1509 840 1580 igitur
867 1509 953 1564 his
993 1509 1126 1564 solis
1157 1523 1252 1564 eos
1281 1523 1404 1564 esse
1441 1507 1756 1562 alliciendos
1790 1507 1867 1560 ait
1900 1521 2096 1560 oracu-

519 1599 653 1662 lum,
710 1599 806 1654 sed
850 1599 1014 1654 etiam
1061 1599 1328 1654 novacula
1369 1597 1489 1668 ejus
1534 1597 1884 1668 Assyriorum
1929 1597 2091 1666 regis,

516 1706 678 1763 quem
707 1706 808 1746 nos
835 1690 1212 1761 intelligimus,
1235 1698 1286 1745 et
1313 1697 1474 1759 caput
1506 1703 1718 1752 eorum,
1749 1695 1804 1742 et
1831 1687 1972 1757 pilos
2003 1702 2094 1756 pe-

516 1784 668 1850 dum,
699 1792 755 1838 et
798 1783 1050 1852 barbam,
1079 1800 1296 1840 omnem
1330 1784 1604 1847 videlicet,
1635 1798 1745 1854 quo
1785 1782 1888 1852 ipsi
1914 1797 2082 1852 quon-

2211 597 2330 660 ταῖς
2367 595 2460 649 τοῦ
2493 593 2744 665 σώματος
2773 593 3059 664 αἰσθήσεσι
3081 633 3097 656 ,
3142 593 3255 655 τοῖς
3289 607 3351 644 τε
3383 590 3666 660 λογισμοῖς
3703 589 3788 643 καὶ

2211 691 2330 750 ταῖς
2361 687 2742 760 διεῤῥωγυίαις
2771 687 2951 740 αὐτῶν
2971 683 3232 748 διανοίαις
3251 701 3264 714 ·
3295 682 3436 738 κατὰ
3461 682 3520 736 δὲ
3547 681 3647 754 τὴν
3667 682 3788 754 πρό-

2209 799 2393 853 χειρον
2423 779 2590 844 λέξιν,
2623 779 2748 834 καθ’
2776 779 2904 850 ὅλης
2933 776 3111 832 αὐτῶν
3140 777 3240 848 τῆς
3267 775 3469 847 χώρας.
3497 775 3566 828 ὀ
3591 774 3686 827 καὶ
3712 775 3788 837 τίς

2207 875 2307 928 ούκ
2348 873 2414 927 ἂν
2443 872 2907 944 ἀποθαυμάσειεν,
2951 869 3246 940 ὀφθαλμοῖς
3275 867 3418 941 ὁρῶν
3469 866 3600 930 τοὺς
3639 865 3786 918 πολε-

2209 966 2365 1037 μίους
2397 965 2576 1019 αὐτῶν
2608 965 2786 1020 πάντα
2819 964 2980 1018 τόπον
3027 961 3130 1032 τῆς
3169 961 3429 1024 Ἰουδαίας
3473 957 3786 1030 κατειληφό-

2205 1073 2324 1122 τας,
2363 1057 2456 1110 καὶ
2488 1055 2614 1120 τούς
2659 1073 2724 1126 γε
2763 1053 3092 1124 ἀλλοφύλους
3139 1053 3232 1106 καὶ
3276 1049 3672 1121 εἰδωλολάτρας
3703 1050 3784 1101 ἀν-

2206 1147 2456 1220 θρώπους
2491 1151 2552 1202 ὲν
2579 1150 2780 1212 πάσαις
2803 1147 2980 1202 αὐτῶν
3003 1146 3188 1200 πόλεσί
3219 1161 3280 1197 τε
3307 1145 3402 1197 καὶ
3429 1141 3638 1214 χώραις
3668 1141 3785 1194 ἀνα·

2206 1238 2622 1311 πεπαυμένους;
2656 1241 2730 1294 Οὐ
2751 1239 2924 1294 ταῦτα
2943 1237 3000 1292 δὲ
3024 1239 3130 1310 ἄρα
3154 1237 3290 1308 μόνα
3322 1234 3602 1306 διαθήσειν
3633 1235 3784 1304 φησιν

2203 1327 2400 1391 αὐτοὺς
2419 1329 2447 1380 6
2475 1327 2652 1397 λόγος,
2680 1327 2814 1382 ἀλλά
2843 1327 2992 1400 ξυρῷ
3013 1331 3107 1384 τοῦ
3130 1326 3451 1398 νενοημένου
3482 1327 3616 1396 ἡμῖν
3645 1325 3784 1395 βασι-

2201 1417 2337 1480 λέως
2370 1417 2666 1489 Ἀσσυρίων
2701 1416 2799 1488 τὴν
2832 1415 3073 1488 κεφαλὴν
3106 1414 3304 1478 αὐτῶν,
3339 1415 3434 1468 καὶ
3464 1413 3566 1476 τὰς
3603 1413 3780 1483 τρίχας

2201 1507 2313 1562 τῶν
2348 1507 2548 1572 ποδῶν,
2579 1508 2673 1561 καὶ
2701 1508 2790 1560 τὸν
2825 1507 3082 1575 πώγωνα,
3123 1505 3298 1559 πάντα
3325 1504 3526 1576 δηλαδὴ
3565 1503 3656 1556 τὸν
3691 1504 3780 1557 πά-

2199 1599 2288 1652 λαι
2321 1598 2700 1670 περικείμενον
2747 1599 2927 1664 αὐτοῖς
2965 1597 3168 1669 κόσμον
3217 1595 3486 1668 ξυρήσειν.
3535 1597 3693 1649 Κατά
3731 1596 3778 1650 δὲ

2197 1691 2296 1764 τὴν
2323 1689 2490 1760 αὐτὴν
2518 1691 2748 1762 ἡμέραν,
2777 1692 2873 1744 καὶ
2911 1690 3052 1744 κατὰ
3083 1691 3176 1743 τὸν
3213 1689 3375 1742 αὑτὸν
3407 1689 3600 1761 χρόνον
3635 1691 3778 1742 ἀπει-

2197 1781 2278 1832 λεῖ
2315 1783 2370 1832 ἐν
2413 1780 2618 1853 ἐσχάτῃ
2653 1779 2813 1852 πενία
2845 1779 2938 1834 τοῦ
2995 1779 3138 1834 κατά
3178 1780 3310 1833 Θεὸν
3353 1779 3587 1833 πλούτου
3631 1797 3784 1834 κατα-

515 1877 641 1932 dam
679 1871 854 1931 allecti
891 1883 1072 1942 erant,
1099 1883 1350 1930 ornatum
1381 1875 1774 1931 abradendum.
1801 1873 1913 1930 Sub
1942 1889 2089 1930 eam-

2200 1873 2494 1944 στήσεσθαι
2527 1874 2740 1938 αὐτοὺς,
2779 1874 2854 1936 ὠς
2903 1873 2980 1944 μὴ
3021 1874 3200 1946 ἄρτων
3247 1871 3477 1941 λογικῶν
3512 1873 3774 1944 εύτορεξν,

515 1969 638 2024 dem
675 1982 806 2022 vero
829 1967 972 2022 diem
1003 1968 1145 2022 hanc
1173 1975 1226 2022 et
1259 1967 1363 2022 sub
1394 1966 1535 2023 idem
1577 1975 1793 2036 tempus
1819 1965 1884 2019 ad
1913 1973 2094 2020 extre-

515 2073 658 2112 mam
705 2058 856 2128 ipsos
885 2057 1200 2112 divitiarum
1231 2057 1323 2113 Dei
1371 2059 1654 2128 penuriam
1687 2057 1928 2111 minatur
1970 2071 2092 2112 esse

515 2150 866 2220 redigendos,
900 2163 1073 2218 usque
1097 2151 1232 2206 adeo
1273 2157 1332 2204 ut
1365 2158 1420 2206 et
1447 2165 1584 2220 pane
1613 2149 1894 2214 rationali,
1925 2149 2088 2220 325

513 2250 570 2296 et
597 2241 774 2297 solido
834 2241 1218 2311 spiritualique
1247 2243 1372 2297 cibo
1412 2243 1523 2298 sint
1554 2242 1806 2304 carituri,
1848 2243 2094 2312 satisque

513 2330 778 2392 habituri,
807 2331 854 2386 si
885 2331 1046 2394 lacte,
1079 2330 1184 2385 hoc
1214 2338 1298 2386 est
1341 2331 1536 2400 puerili
1582 2330 2093 2400 introductorioque

513 2437 786 2488 sermone,
817 2420 1153 2476 nutriantur.
1183 2420 1266 2476 Ad
1301 2421 1435 2486 haec,
1457 2421 1596 2476 vites
1617 2421 1860 2492 ipsorum
1889 2421 1942 2474 in
1983 2429 2096 2476 ter-

513 2527 630 2570 ram
655 2515 915 2572 incultam
948 2515 1083 2572 fore.
1117 2535 1134 2568 ι
1161 2515 1456 2586 Postquam
1489 2515 1660 2578 enim,
1688 2535 1705 2565 ι
1743 2514 1930 2584 uti'pse
1963 2530 2090 2584 pre-

512 2606 676 2676 pheta
699 2607 794 2672 ait,
829 2626 849 2658 ι
869 2607 1109 2678 agricola
1135 2607 1276 2664 idem
1307 2615 1360 2662 et
1391 2621 1582 2662 eorum
1607 2604 1868 2660 Dominus
1895 2621 2092 2676 exspe-

512 2698 700 2762 ctavit,
733 2699 866 2754 dum
889 2699 1044 2754 vinea
1072 2713 1232 2753 uvam
1265 2698 1451 2760 ferret,
1479 2717 1498 2750 ›
1521 2712 1696 2766 eaque
1723 2696 1951 2766 protulit
1980 2697 2094 2767 spi-

511 2803 636 2852 nas,
667 2797 720 2844 et
751 2789 1190 2846 vociferationem
1221 2789 1537 2860 quamdam,
1568 2804 1677 2842 non
1717 2797 1899 2844 autem
1927 2789 2095 2858 justi-

512 2880 646 2933 tiam
709 2881 988 2950 (quocirca
1048 2883 1212 2936 etiam
1265 2895 1450 2950 sepem
1511 2879 1635 2948 ejus
1695 2878 1986 2942 auferens.
2039 2885 2093 2934 et

513 2971 775 3040 parietem
810 2980 1081 3038 evertens,
1112 2973 1178 3026 ad
1214 2979 1413 3026 terram
1445 2971 1706 3026 incultam
1757 2970 1973 3026 vineam
2005 2987 2092 3026 re-

513 3063 802 3118 dacturum
845 3078 904 3118 se
931 3063 1183 3128 allirmat,
1212 3071 1263 3118 et
1293 3077 1412 3118 eam
1449 3062 1689 3118 inimicis
1735 3061 2088 3124 traditurum,

511 3169 652 3224 quos
684 3169 808 3208 cum
841 3155 1038 3224 sagitta
1071 3162 1127 3210 et
1165 3169 1294 3208 arcu
1326 3153 1454 3208 illuc
1491 3153 1568 3206 ait
1601 3154 1967 3226 ingressuros,
2001 3155 2089 3209 ubi

2199 1967 2336 2036 μήτε
2379 1967 2606 2037 στερεᾶς
2650 1967 2745 2019 καὶ
2790 1965 3164 2036 πνευματικῆς
3203 1965 3432 2037 τροφῆς,
3463 1966 3688 2036 ἀγαπᾷν
3727 1965 3776 2018 δὲ

2194 2058 2426 2126 γάλακτι
2475 2057 2792 2129 τρέφεσθαι,
2853 2057 2931 2128 τῷ
2983 2056 3242 2128 νηπιὼδει
3299 2057 3393 2110 καὶ
3437 2057 3775 2126 είσαγωγικῷ

2193 2149 2354 2220 λόγῳ.
2391 2151 2512 2202 Ἐτι
2552 2149 2688 2220 πρὸς
2720 2148 2928 2212 τούτοις
2951 2149 3045 2202 καὶ
3073 2149 3170 2212 τὰς
3195 2149 3473 2224 ἀμπέλους
3493 2149 3676 2201 αὐτῶν
3707 2151 3775 2211 είς

2193 2239 2386 2312 χέρσον
2420 2239 2656 2294 ἔσεσθαι.
2689 2259 2705 2291 ι
2750 2239 2968 2309 Ἐπειδὴ
2996 2238 3123 2310 γὰρ,
3170 2258 3186 2289 ι
3217 2239 3296 2301 ὡς
3325 2241 3353 2292 ὁ
3381 2239 3542 2302 αὐτὸς
3575 2241 3775 2310 προφή-

2193 2347 2291 2401 της
2333 2331 2516 2402 φησὶν,
2551 2349 2570 2381 ι
2612 2333 2825 2402 ἔμεινεν
2871 2333 2898 2384 ό
2945 2329 3188 2401 γεωργὸς
3226 2330 3338 2401 ἅμα
3382 2333 3475 2384 καὶ
3519 2331 3772 2402 δεσπότης

2193 2423 2380 2488 αὐτοῦ,
2404 2423 2497 2478 τοῦ
2528 2423 2752 2496 ποιῆσαι
2786 2422 3060 2494 σταφυλὴν
3102 2422 3192 2476 τὸν
3238 2423 3568 2494 ἀμπελῶναο
3611 2443 3630 2475 ι
3669 2427 3698 2478 6
3725 2425 3771 2477 δὲ

2193 2517 2445 2588 ἐποίησεν
2466 2517 2729 2582 ἀκάνθας,
2749 2517 2843 2571 καὶ
2864 2517 2924 2570 ού
2953 2517 3322 2587 δικαιοσύνην,
3346 2517 3481 2571 ἀλλὰ
3510 2519 3766 2590 κραυγήν·

2194 2605 2292 2676 (διὸ
2323 2607 2418 2661 καὶ
2441 2606 2688 2678 ἀφαιρῶν
2716 2605 2808 2659 τὸν
2846 2603 3097 2676 φραγμὸν
3132 2603 3317 2667 αὐτοῦ,
3365 2605 3459 2658 καὶ
3503 2603 3770 2675 καθαιρῶν

2179 2687 2281 2756 ’τὸν
2315 2702 2490 2772 τοῖχον
2537 2699 2617 2764 είς
2673 2698 2888 2772 χέρσον,
2937 2697 3298 2768 καταστήσειν
3345 2695 3434 2748 τὸν
3483 2695 3768 2765 ἀμπελῶνα

2193 2794 2551 2868 μαρτύρεται,
2576 2792 2667 2845 καὶ
2702 2793 2815 2854 τοῖς
2853 2789 3064 2860 ἐχθροῖς
3091 2785 3438 2860 παραδώσειν
3471 2784 3656 2850 αὐτὸν,
3687 2785 3768 2848 οὓς

2195 2887 2331 2960 μετὰ
2383 2885 2571 2956 βέλους
2621 2883 2716 2937 Ital.
2766 2879 3097 2951 τοξεύματος
3149 2877 3550 2932 εἰσελεύσεσθαί
3611 2893 3766 2948 φησιν

2191 2981 2306 3036 ἐκεῖ
2332 2977 2454 3042 τοὺς
2487 2976 2584 3048 τὴν
2617 2973 2864 3040 ἐξουσίαν
2899 2973 3188 3044 εἰληφότας
3223 2972 3328 3024 ὑπὸ
3371 2971 3463 3024 τοῦ
3489 2969 3648 3032 Θεοῦ,
3683 2969 3764 3025 τοῦ

2192 3069 2522 3140 παραδόντος
2575 3069 2757 3129 αὐτοῖς
2804 3066 2903 3118 ούκ
2950 3063 3208 3134 ἀκρίτως,
3263 3062 3376 3115 ἀλλ’
3424 3059 3482 3116 εὖ
3534 3062 3672 3133 μάλα
3717 3063 3765 3113 ἐν

2191 3163 2334 3235 δίκῃ,
2365 3163 2446 3214 ὅτι
2477 3160 2541 3231 δὴ
2569 3159 2762 3230 χέρσος
2787 3158 2883 3210 καὶ
2905 3155 3114 3211 ἄκανθα
3135 3153 3313 3208 αὐτῶν
3340 3154 3527 3222 γέγονε
3563 3153 3760 3222 πΞσαή

509 3263 542 3302 a
575 3245 706 3311 Deo,
747 3249 840 3317 qui
869 3263 964 3302 eos
1009 3263 1116 3302 non
1151 3247 1371 3317 injuria,
1403 3246 1496 3302 sed
1522 3247 1647 3316 jure
1684 3247 1892 3318 optimo
1919 3247 2089 3300 tradi-

2195 3255 2314 3327 γῆ’)
2342 3253 2428 3307 διὰ
2464 3253 2623 3306 τοῦτο
2651 3249 2780 3320 γοῦν
2820 3247 3049 3320 ἐπείπερ
3075 3249 3153 3311 εἰς
3183 3246 3376 3318 χέρσον
3409 3247 3501 3298 καὶ
3533 3245 3762 3302 ἄκανθαν

509 3339 668 3400 derit.
701 3341 1012 3410 acceperint
1043 3349 1386 3410 potestatem.
1417 3356 1482 3396 eo
1513 3339 1658 3414 quod
1691 3349 1838 3396 terra
1875 3341 2079 3396 inculta

507 3439 566 3486 et
587 3432 740 3502 spina
779 3433 957 3488 omnis
1006 3435 1247 3503 ipsorum
1290 3439 1438 3488 terra
1480 3431 1622 3488 facta
1657 3431 1751 3496 sit,
1778 3438 2084 3502 propterea,

509 3533 754 3596 inquam,
773 3525 920 3596 quod
939 3524 1007 3580 ad
1037 3535 1235 3582 terram
1255 3526 1516 3580 incultam
1533 3533 1589 3580 et
1611 3524 1822 3594 spinam
1852 3524 1954 3594 ipsi
2007 3540 2084 3579 sc-

2187 3345 2337 3398 αύτοὶ
2364 3342 2587 3404 ἑαυτοὺς
2620 3339 2978 3410 κατέστησαν,
3016 3355 3035 3388 ι
3077 3335 3504 3398 Είσελεύσονται,
3539 3355 3557 3386 ι
3587 3336 3762 3404 φησὶν,

2201 3457 2217 3489 ι
2262 3439 2376 3490 ἐκεῖ
2408 3434 2544 3508 μετά
2575 3433 2759 3505 βέλους
2794 3433 2886 3487 καὶ
2910 3431 3258 3504 τοξεύματος,
3289 3433 3336 3484 οἱ
3377 3431 3476 3502 τὴν
3517 3446 3619 3483 κατ
3673 3427 3762 3482 αὖ·

2193 3529 2300 3583 τῶν
2329 3526 2574 3594 ἐξουσίαν
2609 3525 2907 3596 εἰληφότες.
2952 3543 2970 3577 ι

509 3615 658 3686 ipsos
683 3617 1048 3688 redegerunt),
1073 3635 1090 3666 ι
1117 3615 1512 3686 lngredientur,
1529 3635 1546 3668 ι
1569 3615 1793 3686 inquit,c
1826 3615 1954 3670 illuc
1967 3630 2091 3670 cum
2116 3620 2310 3692 sagitta
2327 3625 2380 3674 et
2395 3633 2547 3682 arcu,
2573 3617 3035 3692 qui_contraipsos
3059 3621 3380 3688 potestatem
3405 3613 3754 3684 acceperint.)

580 3709 850 3765 Caeterum
899 3710 1032 3774 noli,
1069 3723 1276 3778 quaeso,
1334 3707 1545 3770 mirari,
1601 3707 1648 3762 si
1701 3705 1816 3760 hazc
1871 3721 2088 3776 quoque

509 3800 832 3858 adurnbrate
877 3809 930 3856 et
980 3817 1074 3870 per
1125 3801 1324 3870 figuras
1383 3799 1804 3854 obscurissimas
1875 3797 2086 3852 reddita

509 3899 659 3946 sunt.
715 3889 836 3946 Iam
889 3892 1032 3945 enim
1086 3891 1238 3960 prius
1293 3889 1720 3960 dispensationis
1776 3886 2089 3958 hujusmodi

507 3999 676 4040 causa
701 3985 848 4038 dicta
879 3991 986 4046 est,
1011 3984 1158 4053 quod
1188 3982 1376 4053 utique
1410 3981 1694 4036 oraculum
1729 3981 1962 4038 voluerit
1991 3997 2079 4035 ex-

506 4085 742 4130 tremum
767 4072 1010 4130 Iudaicae
1029 4075 1204 4145 gentis
1225 4075 1500 4129 occultare
1523 4074 1824 4138 interitum,
1859 4082 1916 4128 ut
1939 4072 2082 4144 apud

507 4183 628 4224 eam
661 4166 943 4235 Scriptura
977 4167 1044 4222 ad
1071 4175 1318 4222 nostrum
1362 4169 1602 4238 ipsarum
1631 4167 1874 4238 gentium
1907 4167 2085 4236 profe-

2261 3711 2351 3779 Μὴ
2390 3707 2632 3778 θαύμαζε
2660 3705 2704 3760 δ’
2749 3707 2796 3759 εἰ
2837 3707 2931 3760 καὶ
2969 3705 3141 3760 ταῦτα
3177 3703 3648 3775 συνεσκιασμένως
3677 3701 3760 3756 καὶ

2191 3803 2256 3856 δι’
2287 3799 2620 3870 αἰνιγμάτων
2649 3798 2979 3852 ἀποδέδοται.
3007 3796 3268 3851 Λέλεκται
3294 3795 3424 3864 γοῦν
3455 3795 3552 3868 ήδη
3577 3797 3759 3866 πρότε-

2195 3913 2285 3968 ρον
2317 3895 2349 3965 ή
2380 3893 2526 3946 αἰτία
2552 3893 2652 3963 τῆς
2681 3889 2933 3960 τοιαύτης
2965 3888 3274 3959 οἰκονομίας
3305 3889 3397 3941 τοῦ
3431 3887 3610 3956 λόγου,
3643 3888 3754 3957 βου-

2191 3985 2446 4056 ληθέντος
2500 3979 2904 4054 ἐπικρύψασθαι
2950 3979 3043 4032 τὸν
3089 3977 3316 4050 ἔσχατον
3359 3978 3448 4032 τοῦ
3501 3979 3754 4032 Ἰουδαίων

2193 4075 2374 4139 ἔθνους
2419 4075 2659 4146 ὄλεθρον,
2718 4073 2792 4136 ὼς
2844 4071 2910 4126 ἂν
2967 4069 3286 4138 φυλάττοιτο
3332 4073 3459 4142 παρ’
3498 4072 3679 4133 αὐτοῖς
3723 4071 3752 4138 ή

2187 4168 2377 4242 Γραφὴ
2409 4169 2488 4232 είς
2521 4166 2680 4238 ήμῶν
2711 4165 2819 4220 τῶν
2857 4163 3023 4217 ἐθνῶν
3073 4162 3345 4234 βελτίωσίν
3387 4179 3444 4214 τε
3487 4163 3579 4214 καὶ
3615 4162 3750 4230 ὠφέ-

505 4265 658 4314 ctum
683 4258 1084 4327 utilitatemque
1105 4262 1436 4312 servaretur.
1468 4255 1602 4310 Nam
1629 4257 1676 4310 si
1703 4256 1838 4326 ipsis
1861 4255 2080 4328 quidem

2195 4265 2348 4314 λειαν.
2387 4261 2449 4313 Εἰ
2491 4257 2620 4328 γοῦν
2655 4256 2955 4327 ἀναφανδὸν
2997 4257 3183 4320 αὐτοῖς
3227 4256 3324 4327 μὲν
3365 4255 3612 4326 ὀλεθρον,
3651 4259 3751 4318 τοῖς

507 4351 685 4423 palam
731 4349 1036 4414 interitum,
1073 4349 1328 4420 gentibus
1379 4358 1560 4403 autem
1607 4348 1748 4402 bona
1785 4347 2082 4418 prophetia:

2195 4353 2237 4406 se
2266 4352 2472 4406 ἔθνεσιν
2499 4351 2678 4421 ἀγαθὰ
2707 4349 3112 4422 προεκήρυττον
3141 4349 3196 4403 αἱ
3227 4349 3572 4420 προφητεῖαι,
3594 4345 3752 4407 οὐδεὶς

505 4443 762 4515 pollicita:
791 4451 996 4506 essent,
1039 4457 1103 4496 ac
1153 4441 1550 4512 prmdixissent,
1597 4455 1759 4496 nemo
1797 4439 1938 4511 apud
1985 4437 2081 4494 Ju-

2195 4447 2248 4500 iv
2293 4445 2422 4516 περὶ
2465 4445 2631 4508 αὑτάς
2675 4442 2971 4498 ἐσπούδασε
3015 4442 3122 4496 τῶν
3163 4444 3226 4496 ἐκ
3267 4441 3590 4514 περιτομῆς,
3629 4439 3748 4494 άλλά

504 4533 652 4588 datos
673 4549 859 4588 earum
883 4531 1164 4588 studiosus
1192 4531 1402 4596 fuisset,
1428 4532 1520 4586 sed
1547 4546 1642 4585 eas
1671 4537 1925 4600 tanquam
1949 4530 2084 4600 ipsis

2195 4539 2261 4603 ὡς
2287 4540 2469 4602 αὐτοῖς
2496 4535 2741 4601 ἐναντίας
2777 4535 2939 4599 οὔσας
2975 4535 3067 4589 καὶ
3109 4534 3310 4607 ἐχθρὰς
3353 4535 3659 4606 διέφθειραν
3691 4533 3746 4588 ἂν

509 4623 822 4678 curitrarias
871 4631 1036 4694 atque
1082 4623 1335 4678 inimicas
1385 4622 1751 4685 delevissent,
1792 4631 1952 4691 atque
2009 4623 2082 4675 ita

2195 4629 2372 4694 ιύτάς,
2399 4630 2492 4683 καὶ
2519 4627 2701 4682 οὐκέθ’
2731 4629 2861 4698 ἡμῖν
2889 4629 3002 4691 τοῖς
3027 4627 3084 4694 ἐξ
3119 4627 3285 4682 ἐθνῶν
3309 4627 3487 4698 παρῆν
3511 4630 3629 4690 ταῖς
3655 4627 3746 4680 τῶν

503 4717 688 4778 nobis.
733 4717 827 4786 qui
869 4715 936 4770 de
973 4716 1226 4786 gentibus
1261 4714 1489 4787 profecti
1520 4731 1731 4780 sumus,
1767 4716 2082 4786 neutiquam

2195 4721 2476 4792 προφητῶν
2512 4722 2640 4792 περὶ
2684 4719 2776 4774 τοῦ
2814 4720 3065 4790 Σωτῆρος
3098 4719 3274 4790 ήμῶν,
3299 4720 3391 4772 καὶ
3439 4721 3568 4788 περὶ
3608 4718 3745 4790 ἡμῶν

503 4807 750 4864 licuisset
783 4809 1166 4878 pr0phetarum
1196 4809 1264 4865 de
1291 4807 1572 4865 Salvatore
1599 4817 1790 4864 nostro
1810 4817 1864 4864 et
1895 4809 1964 4866 de
1989 4827 2088 4866 no-

2195 4811 2358 4867 ιύτῶν
2395 4811 2717 4884 μαρτυρίαις
2763 4810 3088 4884 χρήσασθαι.
3143 4810 3303 4864 Ἀλλά
3343 4811 3450 4880 γὰρ
3497 4811 3744 4864 τοσούτων

501 4897 590 4956 his
621 4898 756 4968 ipsis
785 4899 1114 4956 testimoniis
1161 4901 1262 4957 uti.
1291 4901 1557 4956 Caeterum
1596 4915 1718 4954 cum
1764 4907 1873 4954 tam
1913 4902 2082 4956 multa

499 4992 557 5048 in
580 4990 668 5046 die
701 4989 1020 5047 Emmanuel
1047 4989 1286 5046 Judaicze
1315 4993 1483 5063 genti,
1515 4997 1816 5048 secundum
1853 4993 2080 5046 alteram

499 5085 1028 5155 interpretationem,
1072 5093 1329 5140 eventura
1379 5092 1585 5144 essent,
1625 5100 1812 5140 eorum
1874 5087 1968 5156 qui
2016 5101 2081 5140 ex

503 5177 644 5248 ipsis
677 5178 1026 5248 relinquendi
1051 5177 1160 5232 sint
1183 5176 1430 5246 paucitas
1461 5176 1708 5244 quaedam
1737 5177 1918 5231 futura
1945 5178 2082 5231 dici-

499 5279 616 5334 tur,
667 5271 734 5326 de
765 5285 874 5340 qua
916 5271 992 5324 ait
1029 5268 1328 5340 Apostolus
1361 5286 1373 5320 :
1423 5287 1441 5320 ι
1473 5268 1734 5340 Reliquiae
1777 5270 2078 5326 secundum

501 5365 824 5419 electionem
859 5365 1050 5434 gratiae
1098 5360 1254 5416 facta:
1301 5369 1430 5416 sunt
1453 5361 1498 5393 "
1531 5381 1545 5417 :
1589 5381 1607 5413 ι
1643 5361 1722 5416 Ex
1747 5363 1852 5417 hac
1893 5373 2076 5420 autem

501 5454 782 5522 paucitate
833 5453 928 5522 qui
983 5451 1168 5516 fuerit,
1207 5469 1224 5502 ι
1267 5451 1510 5515 nutriet,
1555 5453 1754 5523 inquit,
1785 5453 2076 5521 juvencam

503 5543 689 5604 boum,
723 5551 776 5596 et
797 5542 935 5597 duas
963 5559 1114 5606 oves,
1150 5564 1166 5594 ι
1197 5551 1250 5598 et
1279 5559 1344 5597 ex
1369 5559 1433 5598 eo
1454 5544 1596 5616 quod
1625 5545 1916 5614 plurimum
1947 5564 1964 5596 ι
1997 5544 2076 5597 fa-

503 5635 610 5686 ciet
647 5633 749 5696 lae,
784 5634 1038 5705 butyrum
1074 5643 1128 5688 et
1175 5637 1279 5688 mel
1327 5635 1599 5690 comedet.
1648 5654 1666 5687 ι
1713 5633 1862 5690 Talis
1897 5643 2074 5690 autem

602 5811 646 5842 “
677 5809 834 5866 Rom.
883 5828 958 5876 xi,
998 5811 1050 5865 5.

2183 4907 2239 4958 ὲν
2263 4908 2328 4976 τῇ
2355 4903 2447 4958 τοῦ
2489 4903 2832 4975 Ἐμμανουὴλ
2857 4904 3042 4974 ἡμέρᾳ
3066 4903 3192 4974 περὶ
3217 4902 3276 4955 τὸ
3316 4903 3582 4956 Ἰουδαίων
3614 4902 3742 4962 ἔθνος

2183 4997 2579 5068 γενησομένων,
2626 4996 2763 5050 κατὰ
2808 4996 2906 5066 τὴν
2948 4993 3140 5066 ἑτέραν
3187 4995 3503 5064 ἑρμηνείαν,
3543 4995 3740 5055 σπάνιός

2181 5105 2265 5152 τις
2301 5089 2514 5142 ἔσεσθαι
2553 5087 2769 5158 λέγεται
2809 5089 2837 5139 6
2881 5085 3262 5154 καταλειφθεὶς
3303 5085 3360 5151 ἐξ
3401 5087 3597 5144 αὐτῶν.
3634 5085 3740 5152 περὶ

2182 5175 2241 5234 οὗ
2277 5197 2436 5252 φησιν
2474 5182 2502 5234 6
2543 5179 2892 5242 ’Λπόστολοςο
2931 5197 2948 5228 ι
2991 5179 3212 5248 Λεῖμμα
3246 5178 3366 5231 κατ’
3401 5178 3626 5249 ἐκλογὴν
3656 5178 3738 5247 χά-

2187 5290 2329 5344 ριτος
2362 5272 2614 5342 γέγονεν·
2639 5272 2696 5336 ὃς
2731 5272 2794 5343 δὴ
2833 5269 3020 5342 θρέψει
3057 5269 3287 5341 δάμαλιν
3331 5269 3490 5340 βοῶν,
3541 5273 3628 5326 καὶ
3665 5270 3738 5322 δύο

2185 5365 2448 5435 πρόϐατα,
2487 5365 2579 5416 καὶ
2611 5363 2718 5416 ἀπὸ
2747 5363 2839 5416 τοῦ
2889 5362 3132 5418 πλεῖστον
3176 5364 3345 5416 ποιεῖν
3377 5363 3538 5430 γάλα,
3573 5359 3738 5432 βούτυ·

2183 5475 2274 5528 ρον
2306 5457 2398 5510 καὶ
2431 5455 2550 5527 μέλι
2585 5455 2832 5524 φάγεται.
2880 5475 2897 5506 ι
2932 5455 3194 5519 Τοιοῦτος.
3209 5455 3266 5508 δὲ
3299 5457 3429 5526 ἡμῖν
3469 5449 3733 5522 ἀπεδείχθη

2181 5547 2318 5602 κατά
2345 5549 2441 5620 τὴν
2468 5547 2722 5618 δευτέραν
2749 5547 2998 5600 ἀπόδοσιν
3047 5547 3162 5610 πᾶς.
3201 5549 3230 5599 ό
3269 5543 3617 5606 άποστολικδς
3645 5539 3734 5594 τῶν

2185 5641 2438 5712 μαθητῶν
2473 5639 2628 5711 χορὲς
2669 5637 2760 5690 τοῦ
2811 5639 3055 5710 Σωτῆρος
3087 5637 3241 5708 ἡμῶν
3288 5637 3460 5708 Ἰησοῦ
3501 5631 3730 5709 Χριστοῦ.
