3894 6508
133 445 219 501 Si}

1029 443 1683 504 DEMONSTRATIONIS
1711 449 2168 508 EVANGELleE
2211 454 2339 509 LIB.
2390 454 2500 511 νη.

3284 458 3387 516 εει

134 566 315 632 Ὠσπερ
370 561 425 614 δὲ
480 566 509 616 ὸ
555 564 933 633 καταλειφθεὶς
984 560 1139 630 οὗτος
1191 568 1431 634 τοιοῦτος
1481 571 1702 623 ἔσεσθαι

1807 587 1835 624 a
1872 573 2032 629 nobis
2079 576 2131 628 in
2186 577 2425 629 secunda
2468 578 2809 647 expositione
2844 580 3023 633 onmis
3054 581 3388 649 apostolicus

130 653 535 723 προφητεύεται,
559 654 700 707 οῦτω
729 658 824 710 καὶ
852 658 950 727 τῆς
984 657 1166 729 χώρας
1196 661 1415 731 ἀπάσης
1441 660 1530 714 τοῦ
1573 663 1704 715 Ἰου-

128 746 266 798 δαίων
300 747 510 811 ἔθνους,
544 748 637 801 τοῦ
684 767 744 802 τε
789 751 1111 820 ἀμπελῶνος
1158 753 1339 807 αὐτῶν
1378 757 1459 818 είς
1511 754 1704 826 χέρσον

132 837 205 889 καὶ
254 836 495 891 ἄκανθαν
546 841 1046 912 μεταϐεϐλημένου,
1101 845 1195 897 καὶ
1235 845 1322 899 διὰ
1371 845 1548 901 ταῦτα
1592 849 1703 910 τοῖς

134 929 379 1000 πολεμίοις
423 932 884 1003 παραδεδομένου,
927 935 1163 1004 ἔμπαλιν
1212 938 1277 991 ὲκ
1327 938 1556 1009 θατέρου
1609 941 1704 1010 μέ-

134 1038 237 1091 ρους
279 1023 386 1073 πᾶν
416 1022 545 1092 δρος
592 1024 996 1095 ἀροτριώμενον
1040 1028 1530 1100 ἀροτριαθήσεσθαι
1572 1048 1705 1101 προσ

134 1113 416 1181 φητεύεται.
449 1114 722 1185 Ἠγοῦμαι
746 1117 800 1169 δὲ
822 1118 917 1189 τὴν
944 1118 1037 1170 τοῦ
1065 1119 1315 1192 Σωτῆρος
1340 1121 1495 1192 ἡμῶν
1526 1121 1700 1193 Ἰησοῦ

132 1204 337 1274 Χριστοῦ
382 1206 714 1277 Ἐκκλησίαν
750 1208 923 1272 οὕτως
954 1210 1308 1277 αἰνίττεσθαι,
1341 1214 1471 1284 περὶ
1503 1209 1571 1283 ἧς
1610 1215 1703 1266 καὶ

132 1296 266 1359 «rho;
299 1314 500 1366 φησιν·
540 1316 558 1348 ι
596 1299 669 1351 Ού
726 1299 950 1354 δύναται
1002 1301 1158 1366 πόλις
1203 1303 1470 1375 κρυϐῆναι
1518 1304 1703 1357 ἐπάνω

132 1387 262 1457 ὕρους
305 1387 555 1458 κειμένη.
600 1409 618 1439 ι
665 1390 740 1442 Τὸ
782 1390 892 1463 γὰρ
946 1393 1257 1463 ἐπηρμένον
1316 1394 1589 1465 μετέωρόν
1641 1412 1700 1447 τε

133 1479 208 1529 καὶ
232 1477 486 1546 ὐψιπετὲς
519 1478 616 1531 τοῦ
650 1480 748 1551 τῆς
784 1480 1110 1553 Ἐκκλησίας
1156 1482 1546 1554 πολιτεύματος
1577 1484 1702 1555 ὅρος

131 1572 339 1643 ἡγοῦμαι
390 1573 479 1626 διὰ
529 1573 736 1627 τούτων
787 1574 1209 1647 ἀνηγορεῦσθαι.
1268 1574 1438 1629 Τοῦτο
1490 1576 1534 1629 δ’
1586 1573 1698 1641 οῦν,

132 1668 259 1735 φησι,
286 1667 343 1718 τὸ
373 1668 501 1738 ὅρος
538 1666 942 1738 ἀροτριώμενον
990 1669 1478 1739 ἀροτριαθήσεται·
1515 1669 1591 1732 ὠς
1626 1670 1700 1740 μὴ

130 1758 343 1812 ἐπελθεῖν
369 1761 491 1813 ἐκεῖ
515 1759 702 1828 φόϐον,
726 1759 860 1813 ἀλλά
890 1761 982 1813 καὶ
1010 1763 1089 1823 εἰς
1113 1761 1364 1814 τοσοῦτον
1390 1762 1522 1816 αὐτὸ
1545 1779 1709 1833 μετα-ν

131 1850 378 1904 ϐαλεῖσθαι
413 1852 525 1904 ἀπὸ
554 1852 653 1922 τῆς
676 1853 948 1924 προτέρας
976 1853 1233 1924 ἐρημίας,
1262 1855 1354 1908 καί
1384 1855 1580 1926 χέρσου
1606 1858 1700 1907 καὶ

131 1942 373 2012 ἀκάνθης,
422 1943 503 2006 ὡς
558 1922 861 2014 ἐπιτήδειον
918 1922 1251 2015 καταστῆναι
1308 1922 1415 2009 είςῂ
1445 1922 1694 2017 βόσκημα
1731 1922 1774 1980 Β

131 2036 392 2106 προϐάτου,
430 2036 527 2087 καὶ
572 2034 947 2106 καταπάτημα
997 2034 1136 2103 βοός.
1189 2036 1297 2088 Καὶ
1355 2035 1586 2106 πάρεστί
1631 2053 1693 2103 γε

132 2128 543 2196 ἐπιλογίσασθαι,
574 2127 721 2190 ὅπως
763 2130 796 2198 ἠ
838 2127 931 2180 τοῦ
975 2126 1212 2199 Χριστοῦ
1255 2128 1568 2199 Ἐκκλησία,
1593 2130 1695 2182 πά-

130 2222 199 2274 λιι
245 2218 373 2274 οὖσα
431 2220 630 2291 χέρσος
667 2219 757 2272 καὶ
800 2218 1033 2286 ἄκανθα,
1067 2220 1156 2273 διά
1198 2219 1299 2290 τῆς
1331 2203 1493 2274 αύτοῦ
1537 2222 1692 2293 χάρι-

130 2330 200 2376 10;
246 2318 318 2377 είς
366 2314 628 2367 τοσοῦτον
671 2313 839 2384 ῆλασε
889 2313 1210 2386 μεταϐολῆς,
1242 2314 1381 2369 ὥστε
1420 2317 1554 2368 πόαν
1601 2320 1693 2370 καὶ

133 2406 327 2478 βοτάνην
387 2405 612 2459 εὔθετον
653 2406 753 2475 τῆς
800 2404 1027 2477 λογικῆς
1060 2408 1435 2479 καρποφορίας
1477 2409 1567 2461 ἐπὶ
1606 2427 1695 2461 τοι

132 2497 287 2551 σοῦτον
322 2498 661 2568 βλαστῆσαι,
727 2497 802 2560 ὡς
850 2499 944 2550 καὶ
999 2499 1126 2561 τοὺς
1181 2497 1547 2569 προϐατώδεις
1601 2501 1694 2552 καὶ

130 2591 503 2658 ἁπλουστέρους
548 2589 841 2643 ἀπολαύειν
871 2591 1040 2661 αὐτῆς
1068 2590 1349 2654 δύνασθαι,
1384 2590 1507 2655 τούς
1549 2608 1605 2643 τε
1637 2594 1693 2643 ἐν

130 2682 216 2746 ἕξει
252 2683 561 2754 τελειοτέρᾳ.
599 2681 1012 2753 προϐεϐηκότας
1068 2683 1234 2751 ἀροῦν
1288 2685 1381 2736 καὶ
1428 2687 1693 2752 γεωργεῖν

130 2775 287 2846 αὐτὴν,
312 2775 444 2845 βόας
486 2776 1082 2846 προσαγορευομένους,
1109 2775 1394 2848 ὡσπεροῦν
1427 2776 1520 2829 τὸν
1554 2776 1693 2829 θεῖον

141 2868 434 2921 Ἀπόστολον
465 2866 793 2921 παιδεύοντα
842 2869 1268 2939 παρεστήσαμεν
1298 2871 1356 2921 ἐν
1384 2869 1460 2940 τῷ
1494 2871 1657 2939 φάναι
1676 2888 1688 2899 ·

135 2979 148 3007 ι
180 2962 257 3033 Ml;
291 2960 402 3013 τῶν
435 2958 575 3030 βοῶν
616 2959 765 3029 μέλει
810 2958 889 3029 τῷ
919 2958 1077 3028 Θεῷ;
1115 2959 1146 3029 ἣ
1187 2959 1255 3012 δι’
1300 2960 1443 3030 ὑμᾶς
1475 2960 1693 3026 πάντως

131 3052 249 3119 λέγει
272 3069 284 3117 ;
311 3051 377 3105 δι’
415 3051 562 3121 ὑμᾶς
588 3050 697 3123 γὰρ
733 3051 970 3121 ἐγράφη,
1008 3051 1089 3101 ὅτι
1127 3050 1331 3118 ὀφείλει
1362 3052 1390 3103 ὁ
1424 3051 1693 3122 ἀροτριῶν

132 3146 197 3196 ἐπ’
224 3146 388 3198 ἐλπίδι
418 3145 700 3217 ἀροτριᾷν,
726 3144 821 3197 καὶ
849 3144 877 3197 ό
907 3143 1077 3197 ἀλοῶν
1102 3144 1185 3197 ἐπ’
1215 3144 1386 3198 ἑλπίδι
1418 3144 1511 3198 τοῦ
1568 3162 1695 3217 μετ-

133 3235 267 3307 έχειν.
302 3256 320 3288 ›
356 3237 549 3299 Οὕτως
588 3237 622 3307 ἡ
668 3236 833 3289 πάλαι
856 3234 1062 3307 ἔρημος
1106 3236 1200 3290 καλ¹
1241 3236 1434 3307 χέρσος
1462 3235 1691 3307 μεταϐέ-

129 3326 264 3397 ϐληκε
296 3328 444 3382 κατά
468 3326 567 3397 τὴν
592 3326 683 3379 τοῦ
714 3326 952 3399 Χριστοῦ
984 3328 1309 3398 παρουσίαν,
1349 3326 1427 3391 ὠς
1458 3327 1551 3381 καὶ
1580 3330 1693 3391 τοῖς

128 3416 241 3473 οὕτω
277 3417 628 3489 νενοημένοις
688 3418 871 3490 βουσὶν
904 3419 982 3481 εἰς
1018 3418 1117 3488 τὴν
1156 3417 1489 3489 κατάλληλον
1515 3435 1693 3489 γεωρ-

128 3511 227 3576 γίαν
269 3514 597 3585 ἐπιτηδείως
646 3513 810 3583 ἔχειν.
851 3511 1174 3580 Ἑπίστησον
1217 3509 1272 3562 δὲ
1326 3510 1446 3562 τίνα
1496 3510 1694 3581 τρόπον

131 3602 213 3656 ὑπὸ
239 3606 367 3677 μίαν
401 3608 498 3661 καὶ
528 3605 627 3677 τὴν
660 3605 832 3675 αὐτὴν
873 3602 1112 3656 διάνοιαν
1144 3602 1356 3669 γένεσις
1386 3602 1450 3653 ὲκ
1481 3600 1692 3672 Παρθέ-

130 3713 201 3749 W‘J
231 3698 649 3772 προφητεύεται,
683 3698 777 3751 καὶ
814 3696 954 3750 κατά
994 3695 1057 3747 τὸ
1094 3694 1222 3747 αύτό
1270 3710 1433 3763 φησιν
1474 3696 1503 3745 ό
1539 3693 1695 3762 λόγος

131 3784 208 3856 τὴν
243 3788 341 3858 μὲν
382 3787 548 3842 πάλαι
595 3785 943 3859 καρποφόρον
975 3784 1100 3854 γῆν,
1144 3783 1204 3836 τὸ
1238 3783 1366 3855 πρὶν
1400 3780 1562 3836 οὖσαν
1607 3802 1687 3853 χι-

132 3874 235 3931 λίων
278 3880 501 3945 σίκλων,
537 3882 618 3943 είς
656 3879 849 3950 χέρσον
896 3877 1115 3931 ἔσεσθαι
1174 3876 1267 3930 καὶ
1319 3878 1397 3941 είς
1431 3874 1693 3940 ἄκανθαν,

135 3974 289 4028 πᾶσάν
320 3992 378 4027 τε
412 3974 510 4046 τὴν
540 3975 642 4046 γῆν
682 3971 881 4035 αὐτῶν,
916 3972 1002 4025 διά
1040 3970 1101 4024 τὸ
1136 3969 1389 4041 γενέσθαι
1423 3972 1502 4034 είς
1530 3970 1696 4023 ἀκαν-

134 4062 213 4118 θαν
234 4067 325 4121 καὶ
347 4068 426 4130 είς
447 4066 663 4137 χέρσον,
692 4062 1161 4136 παραδοθήσεσθαι
1190 4065 1301 4126 τοῖς
1335 4061 1473 4133 μετά
1508 4061 1695 4132 βέλους

134 4157 208 4207 καὶ
242 4157 570 4228 τοξεύματος
613 4155 1094 4227 είσελευσομένοις.
1137 4155 1456 4207 Τούναντίον
1487 4154 1544 4206 δὲ
1578 4154 1695 4206 πεί-

138 4248 297 4301 σεσθαι
328 4252 433 4303 πᾶν
471 4249 625 4322 δροςο
659 4248 767 4301 ἀπὸ
798 4246 926 4317 γοῦν
955 4247 1055 4317 τῆς
1081 4248 1353 4319 προτέρας
1379 4245 1572 4317 χέρσου
1600 4244 1695 4299 καὶ

137 4336 345 4409 ἀκάνθης
389 4338 813 4411 μεταϐαλεῖσθαι
859 4341 939 4402 είς
982 4338 1233 4409 βόσκημα
1273 4338 1566 4409 προϐάτου,
1598 4337 1694 4390 καὶ

135 4432 480 4503 καταπάτημα
507 4430 647 4502 βοὸς,
683 4430 824 4484 ὥστε
853 4430 984 4483 αὐτὸ
1012 4430 1414 4502 ἀροτριῶμενον
1443 4430 1695 4503 ἀροτρια-

138 4516 385 4589 Θήσισθαι,
433 4524 531 4577 καὶ
580 4523 654 4595 μὴ
694 4521 1082 4576 ἐπελεύσεσθαι
1131 4524 1247 4574 ἐκεῖ
1291 4521 1472 4590 φόϐον.
1507 4524 1585 4577 Δι’
1618 4517 1694 4575 ὧν

1716 3285 1765 3347 ο

1806 662 2199 732 discipulorum
2244 664 2546 721 Salvatoris
2577 671 2749 723 nostri
2781 667 2912 724 Jesu
2950 668 3155 724 Christi
3179 671 3387 726 chorus

1806 755 2218 809 tle-monstratus
2260 764 2344 808 est
2375 774 2386 808 :
2422 757 2517 811 sed
2552 759 3011 826 quemadmodum
3044 759 3134 814 hic
3176 761 3269 830 qui
3302 777 3389 815 re-

1808 847 1970 900 lictus
2017 847 2108 911 sit,
2147 848 2274 901 talis
2327 848 2544 903 futurus
2596 867 2661 905 ex
2718 853 3005 923 prophetia
3053 852 3387 916 declaratur,

1807 933 1881 989 ita
1936 944 2227 1007 postquam
2276 939 2532 993 universa
2582 939 2826 995 Iudaica}
2876 942 3054 1012 genti-3
3110 942 3281 1013 regio,
3336 951 3390 996 et

1805 1030 1960 1082 vinea
1984 1029 2251 1098 ejusdem,
2281 1031 2335 1083 in
2375 1038 2578 1085 terram
2615 1033 2875 1087 incultam
2906 1042 2959 1088 et
2992 1035 3203 1104 spinam
3238 1049 3391 1088 com-

1807 1130 2018 1176 mutata
2052 1122 2235 1187 fuerit,
2268 1132 2322 1177 et
2348 1133 2635 1194 propterea
2661 1125 2912 1182 hostibus
2940 1128 3163 1191 tradita,
3191 1140 3387 1182 rursus

1804 1230 1869 1268 ex
1916 1216 2085 1269 altera
2133 1224 2286 1285 parte
2323 1217 2501 1270 omnis
2544 1232 2701 1272 mons
2754 1220 2846 1287 qui
2892 1227 3099 1280 aratur,
3149 1218 3387 1273 arandus

1804 1323 1926 1364 esse
1956 1309 2023 1362 ab
2051 1309 2239 1362 eadem
2271 1310 2553 1379 prophetia
2581 1310 2915 1379 prrcdicitur.
2946 1309 3112 1381 326
3135 1308 3388 1365 Arbitror

1804 1406 1985 1453 autem
2019 1398 2319 1456 Salvatoris
2352 1402 2525 1456 nostri
2568 1399 2697 1456 Jesu
2722 1400 2927 1456 Christi
2988 1399 3286 1456 Ecclesium
3318 1418 3385 1457 eo

1805 1492 1970 1546 modo
2002 1493 2324 1563 significari,
2352 1494 2419 1549 de
2458 1508 2564 1564 qua
2597 1494 2713 1564 ipse
2749 1495 2824 1547 ait
2859 1514 2870 1547 :
2913 1513 2931 1545 ι
2965 1493 3080 1548 Νοη
3108 1502 3288 1564 potest
3309 1497 3389 1549 ci-

1804 1585 1943 1640 vitas
1966 1587 2227 1642 abscondi
2261 1602 2425 1657 supra
2454 1596 2691 1641 montem
2718 1588 2892 1657 posita
2917 1587 2997 1654 M‘;
3030 1607 3047 1639 ι
3074 1587 3219 1657 quod
3238 1588 3387 1642 enim

1805 1678 1859 1732 in
1886 1676 2128 1734 Ecclesia
2164 1680 2395 1748 publicis
2420 1679 2729 1734 actionibus
2752 1680 2953 1733 elatum
2982 1688 3036 1734 et
3075 1680 3309 1735 sublime
3331 1686 3387 1733 et

1805 1770 1870 1825 ad
1899 1786 2134 1841 superna
2165 1772 2395 1828 tendens
2429 1774 2520 1839 sit,
2556 1782 2793 1829 montem
2819 1773 3057 1827 arbitror
3090 1772 3176 1828 his
3210 1771 3388 1827 verbis

1805 1861 2066 1931 appellari
2100 1881 2111 1916 :
2142 1861 2287 1916 hunc
2326 1863 2488 1933 igitur
2513 1871 2771 1930 montem,
2799 1862 2890 1932 qui
2917 1870 3126 1926 aratur,
3169 1870 3385 1915 aratum

1802 1955 1870 2008 iri
1907 1956 2004 2017 ait,
2051 1955 2125 2009 ita
2161 1957 2380 2026 quidem
2426 1964 2483 2011 ut
2514 1956 2642 2011 illuc
2684 1965 2864 2011 terror
2902 1970 3232 2010 accessurus
3274 1969 3387 2009 non

1801 2049 1894 2110 sit,
1923 2049 2056 2117 quin
2087 2049 2269 2117 potius
2300 2064 2475 2119 usque
2507 2048 2644 2102 adeo
2683 2063 2713 2101 a
2748 2049 2931 2117 priore
2975 2044 3292 2109 solitudine,
3331 2056 3389 2101 et

1802 2145 1946 2189 terra
1978 2138 2182 2191 inculta
2207 2148 2258 2192 et
2284 2139 2441 2206 spina
2466 2137 2939 2201 commutantium,
2966 2143 3023 2190 ut
3050 2136 3282 2191 idoneus
3312 2134 3400 2190 fu-

1802 2238 1957 2282 turus
1989 2229 2059 2283 sit
2096 2231 2188 2298 qui
2215 2228 2408 2283 evadat
2450 2230 2504 2282 in
2539 2243 2742 2298 pascua
2777 2229 2895 2284 ovis
2931 2236 2985 2283 et
3013 2228 3385 2283 conculcatio-

1802 2337 1926 2376 nem
1981 2321 2156 2376 bovis.
2208 2321 2273 2374 Et
2326 2338 2459 2376 sane
2510 2322 2721 2375 ratione
2776 2322 3032 2391 colligere
3086 2335 3383 2391 possumus

1800 2409 2258 2479 quemadmodum
2281 2409 2484 2465 Christi
2509 2409 2775 2473 Ecclesia,
2803 2423 2924 2478 qua:
2942 2408 3072 2463 olim
3096 2418 3213 2462 erat
3240 2416 3385 2462 terra

1800 2501 2005 2555 inculta
2041 2510 2094 2556 ct
2143 2502 2323 2570 spina,
2371 2502 2439 2555 ad
2496 2510 2701 2555 tantam
2747 2501 3233 2555 commutationem
3290 2515 3386 2570 per

1801 2593 1974 2662 ipsius
2031 2594 2259 2664 gratiam
2308 2596 2650 2663 pervenerit,
2709 2602 2766 2647 ut
2824 2593 3050 2649 herbam
3102 2593 3386 2647 rationalis

1802 2683 2102 2739 fertilitatis
2133 2693 2187 2739 et
2214 2683 2472 2755 pabulum
2506 2695 2871 2758 Opportunum
2894 2700 3068 2755 usque
3102 2684 3236 2740 adeo
3260 2700 3386 2755 pro-

1802 2777 2012 2841 tulerit,
2052 2787 2110 2832 ut
2146 2784 2200 2831 et
2233 2777 2430 2833 ovibus
2460 2776 2669 2832 similes
2692 2785 2746 2831 et
2788 2775 3152 2845 simpliciores
3182 2791 3244 2831 ea
3276 2775 3385 2831 frui

1800 2870 2034 2941 possint,
2081 2879 2135 2923 et
2165 2869 2258 2940 qui
2302 2870 2370 2925 ad
2402 2869 2649 2923 habitum
2701 2869 3084 2939 perfectiorem
3124 2884 3387 2939 pervene—

1800 2960 1930 3025 rint,
1969 2961 2064 3031 qui
2115 2962 2281 3016 boves
2316 2962 2678 3031 appellantur,
2723 2960 2969 3014 eamdcm
3015 2974 3171 3014 arare
3205 2968 3259 3014 et
3294 2974 3387 3013 co—

1800 3050 1931 3119 lere,
1967 3069 2035 3109 eo
2082 3069 2215 3110 sane
2260 3055 2422 3109 modo
2473 3071 2582 3125 quo
2620 3054 2864 3109 divinum
2916 3053 3232 3122 Apostolum
3286 3053 3385 3107 do-

1800 3156 2013 3202 centem
2060 3147 2425 3210 ostendimus,
2470 3147 2560 3200 ubi
2600 3147 2714 3199 ait:
2752 3164 2771 3196 ι
2805 3146 3062 3216 Nunquid
3105 3147 3173 3200 de
3208 3147 3385 3201 bobus

1800 3254 1932 3292 cura
1950 3246 2036 3294 est
2058 3237 2203 3293 Deo?
2223 3238 2306 3291 An
2339 3245 2563 3308 propter
2600 3254 2697 3293 vos
2724 3239 2950 3293 omnino
2980 3238 3130 3302 dicit,
3162 3246 3386 3308 propter

1798 3345 1895 3385 vos
1927 3330 2073 3386 enim
2110 3330 2317 3400 scripta
2352 3337 2500 3392 sunt,
2537 3330 2797 3399 quoniam
2829 3330 2991 3384 debet
3021 3329 3114 3398 qui
3148 3337 3288 3391 arat,
3327 3329 3381 3383 in

1798 3438 1892 3492 Spe
1938 3438 2116 3485 arare,
2151 3429 2205 3475 et
2249 3422 2342 3491 qui
2376 3421 2618 3482 triturat,
2663 3423 2717 3474 in
2760 3436 2857 3490 spe
2902 3421 3229 3487 participare
3247 3421 3312 3472 ".
3358 3439 3376 3471 ι

1801 3513 1877 3567 lta
1926 3529 2047 3582 qua:
2078 3514 2207 3567 olim
2238 3512 2458 3566 deserta
2514 3511 2831 3581 incultaque
2877 3518 2996 3564 erat
3041 3518 3211 3573 terra,
3260 3520 3383 3580 post

1795 3609 2009 3663 Christi
2044 3608 2338 3661 adventum
2371 3612 2709 3659 commutata
2739 3614 2842 3666 est,
2873 3612 2931 3658 ut
2962 3619 3102 3674 quos
3130 3619 3196 3658 eo
3221 3603 3383 3658 modo

1798 3702 1966 3756 boves
2015 3700 2402 3759 intelleximus,
2438 3696 2507 3752 iis
2555 3696 2934 3751 convenientis
2965 3705 3212 3766 aptaeque
3237 3695 3384 3765 agri-

1757 3789 2088 3867 ’colatiouis
2146 3804 2309 3843 usum
2356 3787 2614 3842 idoneum
2662 3786 2921 3857 praebeat.
2974 3784 3207 3839 Attende
3254 3801 3383 3840 vero

1795 3897 2035 3954 quonam
2068 3881 2228 3936 modo
2262 3880 2366 3938 sub
2413 3894 2524 3933 uno
2559 3878 2862 3948 eodemque
2903 3893 3069 3933 sensu
3110 3887 3266 3932 ortus
3313 3878 3381 3932 de

1797 3976 2019 4048 Virgine
2057 3975 2275 4031 canitur
2310 3994 2323 4030 :
2361 3982 2415 4029 et
2448 3973 2673 4044 pariter,
2701 3973 2896 4043 inquit.
2930 3973 3235 4036 oraculum,
3260 3988 3381 4042 quae

1794 4068 1924 4124 olim
1959 4066 2154 4122 fertilis
2176 4074 2321 4128 terra
2351 4075 2406 4121 et
2437 4081 2559 4136 qua:
2592 4065 2744 4133 prius
2771 4064 2917 4119 mille
2946 4064 3205 4120 siclorum
3236 4072 3376 4127 erat,

1796 4162 1851 4215 in
1902 4170 2103 4216 terram
2160 4160 2421 4215 incultam
2469 4160 2594 4223 erit,
2627 4169 2680 4211 et
2728 4158 2782 4211 in
2817 4158 3053 4228 spinam,
3092 4158 3378 4227 omnisque

1795 4266 1983 4306 eorum
2016 4262 2183 4314 terra,
2227 4258 2516 4320 propterea
2568 4248 2714 4319 quod
2748 4248 2927 4302 futura
2958 4253 3027 4302 sit
3075 4248 3129 4301 in
3163 4248 3375 4317 spinam

1795 4348 1848 4394 et
1878 4347 2076 4393 terram
2105 4340 2386 4403 incultam,
2427 4336 2674 4391 tradetur
2719 4337 2785 4391 iis
2816 4336 2908 4405 qui
2939 4351 3061 4390 cum
3096 4341 3290 4407 sagitta
3324 4347 3378 4390 et

1797 4444 1927 4483 arcu
1987 4429 2271 4484 accedent.
2323 4429 2674 4484 Contrarium
2725 4444 2853 4483 vero
2907 4429 3146 4498 patietur
3195 4430 3376 4483 omnis

1797 4536 1955 4576 mons
1988 4540 2000 4575 :
2036 4536 2160 4575 nam
2193 4536 2221 4574 a
2261 4521 2446 4592 priore
2486 4521 2694 4575 inculta
2724 4530 2870 4575 terra
2899 4533 2952 4575 et
2989 4521 3148 4589 spina
3197 4529 3375 4573 muta-

138 4610 297 4678 σαφῶς
325 4609 567 4683 ἡγοῦμαι
595 4610 952 4683 σημαίνεσθαι
980 4611 1080 4681 τὴν
1119 4608 1211 4662 τοῦ
1257 4609 1508 4680 Σωτῆρος
1536 4607 1693 4680 ἡμῶν

1800 4613 1946 4668 bitur
1977 4614 2033 4667 in
2079 4628 2284 4684 pascua
2316 4613 2435 4669 ovis
2461 4622 2515 4667 et
2546 4613 3018 4667 conculcationem
3050 4613 3236 4678 bovis;
3270 4613 3373 4665 ita-

135 4699 186 4755 ὲκ
207 4703 473 4776 Παρθένου
508 4704 745 4773 γένεσιν,
775 4706 869 4757 καὶ
904 4703 971 4756 τὰ
1020 4701 1155 4772 μετά
1192 4700 1396 4771 ταύτην
1427 4699 1563 4770 ὁμοῦ
1598 4700 1692 4753 καὶ

136 4791 317 4866 ἀθρόως
349 4796 622 4859 Ἰουδαίοις
643 4812 701 4849 τε
725 4795 820 4848 καί¹
848 4798 960 4858 τοῖς
983 4794 1188 4856 λοιποῖς
1210 4792 1387 4845 ἔθνεσι
1414 4791 1691 4863 συμϐεϐηο

136 4886 275 4941 κάτα·
302 4889 398 4960 τὴν
429 4888 563 4957 γοῦν
593 4886 868 4959 ἑκατέρων
906 4886 1016 4938 τῶν
1047 4886 1340 4956 ταγμάτων
1362 4886 1442 4947 είς
1471 4884 1691 4936 τούναν-

135 4978 225 5032 τίον
244 4982 558 5053 μεταϐολὴν,
575 4980 681 5034 τῶν
704 4981 802 5051 μὲν
822 4979 923 5051 τὴν
944 4978 1050 5032 ἀπὸ
1065 4977 1172 5031 τῶν
1186 4978 1510 5048 κρειττόνων
1525 4976 1617 5029 ἐπὶ
1631 4973 1694 5028 τὺ

136 5072 307 5140 χεῖρον,
328 5073 425 5142 τῆς
444 5071 501 5123 δὲ
523 5069 584 5136 ἐξ
608 5068 776 5123 ὲθνῶν
802 5066 1137 5139 ’Ἑκκλησίας
1155 5066 1254 5137 τὴν
1276 5067 1383 5120 ἀπὸ
1404 5066 1504 5138 τῆς
1524 5065 1692 5119 πάλαι

138 5162 339 5234 ἐρημίας
375 5164 468 5217 ἐπὶ
504 5163 603 5235 τὴν
629 5162 773 5216 κατὰ
799 5160 930 5216 Θεὸν
965 5159 1358 5233 καρποφορίαν,
1382 5159 1545 5230 ἅπερ,
1567 5158 1691 5212 καθ’

138 5252 215 5307 ἕνα
231 5258 317 5309 καὶ
341 5257 431 5311 τὸν
458 5256 624 5309 αὐτὸν
649 5253 840 5328 καιρὸν
863 5254 966 5324 τῆς
989 5254 1084 5307 τοῦ
1125 5252 1470 5324 Ἐμμανουήλ
1494 5252 1693 5319 ἐπιφα-

139 5343 260 5409 νείας
276 5344 787 5419 ὲπιτελεσθήσεσθαι
816 5340 1284 5416 προφητευθέντα,
1303 5345 1424 5405 ταῖς
1445 5342 1692 5412 προρρή-

141 5451 261 5492 σεσιν
287 5440 594 5503 ἀκολούθως
617 5439 718 5493 οὐκ
740 5438 950 5501 ἄλλοτε,
975 5438 1007 5509 ἢ
1038 5435 1175 5509 μετά
1191 5436 1292 5507 τὴν
1315 5437 1410 5489 τοῦ
1438 5435 1690 5507 Σωτῆρος

141 5533 270 5598 ημῶν
294 5532 594 5606 παρουσίαν
617 5530 770 5594 τέλος
799 5529 1056 5602 εἰληφότα
1074 5529 1366 5594 δείκνυται,
1392 5528 1481 5581 διά
1494 5544 1554 5581 τε
1580 5528 1690 5583 τῶν

141 5620 365 5691 ἐμφανῶς
396 5624 706 5697 εἰρημένων
736 5623 877 5675 κατά
909 5621 1190 5686 Ἰουδαίους
1218 5622 1578 5695 πραγμάτων,
1597 5622 1689 5674 καὶ

141 5711 208 5765 διὰ
221 5716 308 5787 τῆς
323 5719 380 5784 ἐξ
394 5716 568 5770 εθνῶν
592 5716 936 5780 Ἐκκλησίσς.
952 5717 1029 5778 Et
1042 5715 1258 5790 μὲνγὰρ
1274 5716 1411 5776 καεά
1428 5716 1521 5791 ﬁl»
1545 5732 1689 5786 παρ·
1736 5803 1741 5806 ,

218 5903 257 5938 δ’
288 5900 473 5956 Matth.
510 5917 563 5966 v,
594 5900 678 5955 l4.
752 5902 796 5933 ”
821 5899 840 5953 l
863 5899 973 5955 Cor
1030 5916 1101 5966 Ix,
1134 5900 1187 5965 9,
1218 5900 1301 5957 ιο.

1794 4722 1901 4778 que
1930 4706 2046 4776 ipse
2070 4706 2163 4775 qui
2199 4713 2388 4758 aratur
2415 4705 2680 4769 arabitur,
2718 4720 2893 4774 neque
2919 4705 3046 4758 illuc
3069 4713 3245 4759 terror
3276 4703 3373 4757 ad-

1794 4797 1995 4852 veniet.
2018 4795 2227 4863 Quibus
2250 4796 2433 4850 verbis
2458 4797 2620 4867 plane
2646 4796 2884 4850 arbitror
2916 4795 3223 4866 signiﬁcare
3252 4795 3373 4849 Sal-

1794 4891 2002 4945 vatoris
2036 4891 2210 4945 nostri
2238 4897 2420 4943 ortum
2455 4889 2524 4943 de
2548 4886 2790 4958 Virgine,
2823 4896 2875 4944 et
2899 4904 3020 4959 quae
3055 4897 3177 4957 post
3219 4888 3373 4941 illum

1796 4984 1959 5039 simul
1986 4992 2150 5052 atque
2181 4983 2498 5051 acervatim,
2527 4992 2580 5037 et
2602 4980 2803 5035 Judaeis
2833 4991 2886 5036 et
2925 4982 3150 5052 reliquis
3198 4982 3373 5051 genti-

1794 5075 1897 5131 bus
1955 5082 2217 5130 eventura
2279 5082 2437 5129 erant
2486 5058 2497 5127 ξ
2550 5074 2820 5143 siquidem
2884 5076 3171 5145 utriusque
3221 5074 3373 5129 ordi-

1794 5169 1880 5223 nis
1924 5169 2275 5222 mutationem
2324 5167 2381 5221 in
2428 5168 2761 5221 contrarium
2821 5168 3104 5237 prophetia
3147 5168 3372 5222 demono

1794 5267 1953 5323 strat,
1999 5257 2244 5313 Judaicaa
2278 5258 2497 5328 quidem
2546 5259 2722 5328 gentis
2758 5273 2788 5310 a
2817 5259 3042 5313 meliore
3085 5260 3141 5313 in
3181 5259 3370 5336 pejus,

1794 5353 2033 5408 collecta:
2081 5359 2262 5406 autem
2325 5350 2394 5404 de
2444 5351 2698 5421 gentibus
2753 5350 3050 5413 Ecclesiaz,
3106 5365 3135 5404 a
3190 5351 3377 5420 priore

1793 5446 2080 5502 sterilitate
2135 5460 2201 5499 ac
2261 5444 2597 5509 solitudine,
2661 5445 2713 5497 iu
2776 5443 3113 5498 fertilitatem
3167 5458 3371 5497 secun-

1793 5539 1921 5594 dum
1978 5535 2180 5604 Deum;
2223 5550 2344 5606 qua:
2396 5534 2615 5605 quidem
2649 5533 2777 5588 dum
2835 5534 2939 5588 sub
2984 5548 3153 5587 unum
3206 5531 3367 5605 327

1791 5638 1845 5685 et
1907 5630 2050 5684 idem
2088 5635 2304 5699 tempus
2347 5643 2456 5697 quo
2510 5626 2829 5680 Emmanuel
2881 5625 3132 5680 adveniet
3184 5626 3368 5679 absol-

1793 5725 1967 5782 venda
2016 5733 2311 5789 canuntur,
2349 5722 2556 5778 oraculi
2609 5720 2888 5776 veritatem
2941 5727 3169 5776 eventus
3216 5733 3365 5777 coma
