3894 6520
520 415 627 472 515

1194 401 1462 461 EUSEBII
1493 396 1972 456 CASSARIENSIS
2009 394 2160 451 OPP.
2202 389 2461 447 PARS“.
2497 417 2565 428 —
2595 382 3093 442 APOLOGETICA.
3633 381 3712 435 5l6

517 526 786 600 probavit.
823 523 941 578 Non
967 521 1112 576 enim
1143 520 1280 574 alias
1307 533 1470 588 quam
1501 523 1626 587 post
1656 511 1960 568 Salvatoris
1988 526 2060 564 no

2224 508 2380 560 υσίαν
2426 503 2521 558 τοῦ
2549 503 2798 574 Σωτῆρος
2814 499 2994 572 ἡμῶν,
3022 495 3186 550 αὑτοῦ
3215 495 3278 567 δὴ
3313 494 3486 563 Ἰησοῦ
3512 494 3595 549 τοῦ
3618 497 3722 568 Χρι-

519 623 618 676 stri
651 620 966 678 adventum,
1000 613 1159 668 ﬁnem
1187 613 1467 681 accepisse
1494 609 1962 671 demonstrantur,
1981 613 2096 656 tum

519 729 583 767 es
620 712 688 765 iis
718 709 880 764 rebus
907 721 1030 774 quae
1055 705 1216 774 plane
1254 704 1320 757 de
1353 701 1557 755 Judazis
1611 699 1772 754 dicta:
1799 703 1950 757 sunt,
1981 703 2096 748 tum

519 820 588 858 ex
619 805 734 873 ipsa
768 815 888 869 qua:
918 797 986 852 de
1016 797 1267 866 gentibus
1294 795 1521 849 collecta
1556 802 1641 848 est
1678 790 1938 846 Ecclesia.
1963 788 2096 842 Nam

465 931 469 965 τ
522 896 568 948 si
594 900 714 963 post
734 891 1024 944 adventum
1054 885 1358 940 Salvatoris
1396 884 1596 947 nostri,
1623 883 1819 950 ipsius,
1851 881 2096 950 inquam,

521 983 651 1037 Jesu
673 969 898 1042 Christi,
930 992 1159 1048 regnum
1210 991 1273 1029 ac
1309 974 1649 1044 principatus
1696 972 1837 1041 apud
1883 969 2100 1024 Iudaeos

522 1084 576 1127 et
603 1072 747 1144 apud
771 1070 1139 1125 Damascenos
1159 1083 1282 1123 esse
1305 1059 1413 1120 non
1445 1066 1734 1131 desiisset;
1758 1071 1812 1118 et
1836 1063 1944 1118 nisi
1975 1071 2102 1117 ante

524 1166 972 1223 oculosuostros,
1003 1161 1166 1216 nobis
1212 1160 1346 1230 ipsis
1397 1159 1596 1212 intueri
1632 1157 1818 1212 liceret
1855 1156 2101 1211 relictam

529 1257 722 1312 abillis
737 1263 967 1318 terram,
999 1263 1053 1308 et
1081 1253 1150 1307 ab
1182 1252 1423 1308 externis
1453 1267 1518 1306 ac
1541 1251 1960 1307 simulacrorum
1987 1249 2103 1304 cul-

529 1349 760 1403 tricibus
787 1347 1106 1402 nationibus
1137 1346 1476 1411 habitatam;
1519 1351 1800 1414 praeterea,
1838 1342 1882 1397 si
1909 1357 2017 1395 non
2051 1341 2102 1393 in

529 1449 729 1494 terram
765 1441 1026 1494 incultam
1048 1447 1102 1493 et
1132 1438 1368 1508 spinam,
1400 1451 1563 1490 omne
1584 1435 1953 1506 quodcunque
1975 1434 2104 1488 olitn

530 1532 1062 1589 venerabilissimum
1097 1530 1239 1584 sacri
1269 1529 1408 1598 apud
1453 1529 1576 1584 illos
1616 1528 1913 1583 sanctuarii
1939 1527 2106 1581 decus

535 1626 860 1685 habebatur,
894 1629 1288 1678 commutatum
1325 1629 1492 1682 esset,
1532 1627 1586 1673 et
1627 1619 1733 1674 nisi
1763 1619 2002 1672 cultores
2033 1616 2108 1669 si-

534 1717 900 1771 mulacrorum
936 1756 950 1778 ,
1007 1713 1360 1783 impurissimi
1434 1713 1684 1767 homines
1718 1753 1733 1778 ,
1784 1711 2108 1779 illorumqne

533 1810 721 1863 hostes
751 1823 873 1862 cum
908 1808 1106 1878 sagitta
1159 1813 1213 1859 et
1269 1819 1398 1859 arcu
1436 1804 1776 1869 invadentes,
1811 1811 1865 1858 et
1897 1803 1964 1856 ab
1989 1803 2109 1871 ipso

537 1902 764 1956 Domino
816 1900 1034 1970 impulsi
1059 1899 1128 1953 ab
1153 1897 1393 1952 externis
1438 1897 1752 1967 regionibus
1809 1895 2105 1958 venissent,

536 2004 588 2048 et
623 1994 674 2046 in
707 1993 948 2062 ipsorum
981 1991 1144 2044 terris
1176 1989 1534 2060 quievissent,
1579 2002 1906 2057 omnemque
1928 1989 2107 2040 locum

537 2099 861 2154 omnemque
886 2083 1160 2137 civitatem
1205 2083 1448 2152 ipsorum
1482 2089 1843 2148 occupassent
1870 2097 1883 2132 :
1908 2086 1960 2133 et
1987 2093 2110 2132 rur-

539 2193 656 2241 sus,
693 2177 793 2231 nisi
830 2184 1027 2229 aterra
1085 2175 1290 2228 inculta
1335 2181 1390 2228 et
1433 2173 1612 2243 spina,
1669 2179 1723 2224 et
1778 2171 1846 2224 ab
1899 2185 1961 2224 ea
1991 2185 2111 2238 qua:

539 2268 693 2338 prius
722 2273 841 2320 erat
865 2263 1079 2320 colendi
1105 2261 1456 2333 negligentia,
1496 2275 1592 2330 per
1615 2257 1916 2312 Salvatoris
1938 2256 2110 2311 nostri

538 2357 842 2413 doctrinam
862 2362 1206 2409 commutatae
1238 2367 1428 2407 omnes
1453 2391 1467 2413 ,
1493 2364 1832 2420 qumcunque
1856 2349 1910 2402 in
1935 2347 2110 2418 ipsum

540 2448 910 2512 crediderunt,
943 2452 1154 2516 gentes,
1182 2444 1490 2514 religiosam
1538 2450 1592 2496 et
1617 2440 1918 2496 secundum
1943 2439 2112 2494 Deum

541 2539 860 2595 rationalem
897 2537 1230 2593 fertilitatem
1275 2535 1596 2603 cultumque
1645 2529 2113 2600 accepissent;ad

539 2631 678 2694 haec,
703 2629 810 2684 nisi
837 2628 1014 2683 oculis
1043 2625 1322 2680 Christum
1359 2623 1700 2690 intuiti,non
1726 2619 2112 2684 credidissent,

543 2732 596 2779 et
627 2724 730 2778 nisi
763 2721 1048 2776 docentem
1073 2717 1445 2781 audivissent,’
1475 2715 1835 2783 auditumque
1877 2713 2116 2782 respuis-

546 2823 692 2881 sent,
709 2813 881 2869 etnisi
914 2811 1119 2880 reliqua
1153 2825 1274 2878 quzc
1319 2809 1370 2862 in
1398 2807 1585 2863 eadem
1638 2805 1920 2876 prophetia
1942 2804 2117 2859 ccnti-

547 2917 765 2970 nentur,
800 2911 919 2974 post
953 2913 1194 2970 tempora
1227 2899 1355 2956 Jesu
1378 2899 1676 2953 Salvatoris
1707 2897 1881 2952 nostri
1910 2896 2117 2951 exitum

548 2998 740 3052 sortita
769 3011 891 3050 esse
925 2991 1368 3058 ostenderentur,
1403 3005 1534 3046 sane
1565 3005 1672 3044 non
1694 2989 1813 3059 ipse
1844 2995 1989 3043 esset
2025 2987 2121 3039 ha-

547 3088 792 3149 bendus,
833 3101 995 3157 quem
1027 3084 1304 3154 propheta:
1352 3081 1678 3152 intelligunt.
1717 3078 1821 3135 Sed
1851 3079 1895 3136 si
1921 3079 2117 3143 cuivis,

549 3185 632 3239 vel
663 3197 827 3241 caaco,
874 3189 934 3233 ut
979 3179 1154 3241 aiunt,
1196 3177 1484 3247 perspicua
1541 3175 1888 3230 oraculorum
1929 3180 2121 3228 eventa

551 3274 846 3334 exsistunt,
879 3286 999 3340 qua:
1049 3268 1266 3338 quidem
1298 3282 1406 3320 non
1449 3266 1586 3321 alias
1633 3279 1795 3335 quam
1841 3270 1964 3334 post
1987 3271 2126 3317 tem-

551 3380 683 3436 pora
715 3365 980 3419 adventus
1041 3364 1188 3417 illius
1223 3360 1490 3431 completa
1547 3368 1694 3420 sunt,
1730 3357 1860 3428 quid
1893 3357 2125 3426 amplius

550 3475 690 3531 opus
713 3469 796 3514 est
819 3459 887 3514 de
929 3458 1076 3512 illius
1111 3464 1235 3510 ortu
1265 3470 1332 3508 ex
1361 3452 1585 3522 Virgine
1613 3451 1886 3514 dubitare,
1914 3463 1978 3503 ac
2019 3463 2125 3502 non

553 3553 734 3624 potius
781 3552 1018 3620 benigna
1067 3548 1302 3619 quadam
1333 3543 1756 3599 ratiocinatione
1796 3543 1962 3598 exiis
2007 3556 2128 3612 quae

555 3643 733 3697 adhuc
760 3650 1084 3702 cernuntur,
1130 3653 1312 3694 rerum
1357 3650 1575 3706 quoque
1605 3635 1848 3704 ipsarum
1879 3633 2034 3686 initio
2065 3631 2128 3685 ﬁ-

554 3737 676 3790 dem
713 3731 928 3786 lacere?
951 3730 1076 3784 Haec
1102 3744 1234 3784 vero
1263 3729 1379 3797 ipsa
1435 3742 1556 3796 qua:
1594 3723 1771 3778 adhuc
1801 3730 2125 3788 cernuntur,

557 3840 677 3895 quae
703 3823 921 3878 tandem
947 3831 1105 3882 sunt,
1140 3819 1244 3873 nisi
1273 3817 1585 3870 linteorum
1617 3816 1669 3868 in
1701 3813 1850 3868 illum
1870 3811 2130 3866 heredu-

558 3919 685 3971 litas
719 3915 860 3984 (quae
889 3912 1209 3983 planissime
1259 3908 1561 3963 secundum
1614 3906 1792 3973 ipsum
1846 3904 2129 3958 oraculum

559 4008 888 4078 completur,
922 4003 1067 4075 quod
1121 4003 1231 4055 ait:
1272 4020 1290 4051 ‹
1321 3999 1518 4053 Anditu
1565 3997 1796 4052 audietis
1823 4004 1878 4052 et
1907 4012 2015 4050 non
2044 3998 2129 4051 in-

561 4099 838 4170 telligetis,
863 4106 916 4153 et
944 4097 1219 4151 intuentes
1237 4092 1602 4152 intuebimini,
1627 4101 1679 4146 et
1714 4107 1824 4146 non
1843 4090 2127 4145 videbitis:

561 4206 811 4248 crassum
867 4189 1012 4244 enim
1065 4187 1264 4241 factum
1313 4194 1398 4238 est
1427 4199 1521 4239 cor
1571 4183 1756 4253 populi
1793 4181 1955 4250 hujus
1977 4182 2044 4247 ι),
2079 4187 2134 4235 et

563 4287 737 4358 ipsius
787 4281 1086 4339 Jerusalem
1117 4277 1354 4339 obsidio,
1386 4283 1440 4330 ct
1467 4274 1635 4345 prisci
1657 4274 1805 4328 illius
1834 4270 2132 4327 sanctuarii

562 4387 804 4434 extrema
839 4375 1100 4440 solitudo,
1133 4381 1186 4428 et
1208 4376 1552 4427 externarum
1578 4367 1840 4436 gentium,
1877 4379 1998 4434 quae
2030 4362 2131 4417 sti-

565 4471 752 4533 mulis,
785 4469 891 4522 hoc
941 4474 1027 4522 est
1054 4463 1428 4535 asperioribus
1457 4459 1719 4529 imperiis,
1758 4457 1907 4527 ipsos
1933 4456 1985 4508 in
2018 4470 2134 4509 scr-

2201 597 2348 661 στοῦ,
2379 598 2454 669 μὴ
2475 597 2748 650 πέπαυται
2777 589 3172 664 βασιλευομένη
3205 589 3238 659 ἡ
3267 587 3376 641 τῶν
3401 590 3723 660 Δαμασκηνῶν

2199 690 2339 762 ἀρχὴ
2359 691 2454 743 καὶ
2475 689 2581 742 τῶν
2597 687 2880 749 Ἰουδαίων,
2902 685 3058 738 καὶεί
3079 683 3152 755 μὴ
3178 685 3236 736 ἐν
3247 683 3432 753 ὄψεσιν
3452 685 3571 754 ἡμῖν
3583 683 3726 747 αὐτοῖς

2200 784 2294 836 νῦν
2341 782 2625 854 θεωρεῖται
2656 778 3128 848 καταλελειμμένῃ
3157 776 3247 828 ὑπ’
3289 775 3524 846 αὐτῶνή
3561 777 3729 846 ﬂaui

2200 877 2288 928 ὑπ’
2309 874 2478 927 ἐθνῶν
2495 871 2805 942 ἀλλοφύλων
2827 872 2922 925 καὶ
2940 868 3339 940 είδωλολατρῶν
3361 869 3725 940 κατοικουμένη·

2202 967 2295 1019 καὶ
2319 965 2454 1036 πρὸς
2481 963 2693 1026 τούτοις
2719 964 2768 1016 εί
2807 955 2881 1033 μὴ
2904 962 3125 1031 γέγονεν
3161 962 3242 1023 εἰς
3269 955 3462 1032 χέρσον
3490 962 3576 1015 καὶ
3603 963 3728 1016 ἀκαν-

2204 1058 2301 1112 θαν
2332 1057 2479 1110 πᾶσα
2520 1057 2553 1127 ἡ
2607 1055 2774 1109 πάλαι
2809 1055 3133 1125 σεμνοτάτη,
3172 1053 3338 1106 αὑτοῦ
3381 1053 3445 1123 δὴ
3482 1053 3569 1106 τοῦ
3616 1054 3729 1124 ἱεροῦ

2203 1147 2380 1202 αὐτῶν
2400 1147 2735 1218 ἀγιάσματος
2757 1145 2896 1216 ῶρα,
2918 1146 3012 1198 καὶ
3039 1145 3088 1196 εἰ
3119 1145 3193 1216 μὴ
3220 1143 3605 1214 εἰδωλολάτραι,
3626 1146 3729 1198 ἀκά-

2205 1255 2392 1325 θαρτοι
2424 1253 2632 1324 ἄνδρες,
2663 1253 2717 1305 οἵ
2736 1269 2795 1306 τε
2829 1251 3076 1322 πολέμιοι
3104 1250 3282 1304 αὐτῶν
3314 1250 3455 1304 κατά
3479 1249 3642 1320 βέλους
3661 1254 3730 1304 καὶ

2203 1346 2535 1417 τοξεύματος
2560 1345 2896 1409 ἐπελθόντες,
2919 1345 3010 1397 ὑπ’
3039 1343 3203 1397 αὐτοῦ
3225 1362 3287 1412 γε
3309 1343 3402 1397 τοῦ
3427 1344 3612 1416 Κυρίου
3631 1361 3731 1414 παρ⁴

2205 1438 2536 1510 ορμηθέντες
2571 1439 2634 1491 ἐκ
2687 1438 2785 1508 τῆς
2832 1435 3135 1508 ἀλλοδαπῆς
3176 1435 3515 1508 ἐληλύθασιν,
3545 1438 3711 1490 ἀνετταὺ

2209 1530 2370 1584 σαντό
2386 1548 2442 1583 τε
2469 1532 2524 1582 ἐν
2539 1530 2658 1592 ταῖς
2681 1528 2884 1600 χώραις
2905 1528 3081 1583 αὑτῶν
3109 1529 3286 1582 πάντα
3301 1529 3462 1582 τόπον
3482 1530 3567 1582 καὶ
3594 1530 3730 1591 πάσας

2207 1622 2304 1686 τὰς
2349 1622 2530 1685 πόλεις
2569 1621 2746 1675 αὐτῶν
2797 1619 3287 1691 ἰδιοποιησάμενοιο
3318 1620 3413 1673 καὶ
3447 1619 3671 1690 ἔμπαλιν,
3698 1621 3732 1671 εἰ

2213 1714 2287 1786 μὴ
2308 1715 2414 1767 ἀπὸ
2445 1715 2640 1785 χέρσου
2669 1714 2761 1766 καλ⁸
2791 1712 3032 1784 ἀκάνθης
3061 1713 3160 1782 τῆς
3191 1714 3321 1784 πρὶν
3360 1712 3644 1783 ἀγεωργίας
3669 1712 3732 1764 διὰ

2209 1809 2308 1879 τῆς
2363 1807 2457 1860 τοῦ
2503 1807 2755 1879 Σωτῆρος
2806 1807 2962 1878 ἡμῶν
3013 1805 3360 1869 διδασκαλίας
3419 1804 3732 1876 μεταϐαλόντα

2215 1903 2388 1954 πάντα
2423 1900 2489 1953 τὰ
2530 1902 2610 1964 εἰς
2654 1900 2815 1954 αὐτὸν
2857 1900 3261 1953 πεπιστευκότα
3309 1898 3436 1970 ἔθνη
3465 1898 3555 1970 τὴν
3579 1899 3732 1967 εὐσεϐῆ

2215 1996 2306 2048 καὶ
2344 1993 2485 2047 κατά
2525 1993 2657 2046 Θεὸν
2701 1992 2922 2062 λογικὴν
2956 1991 3221 2060 ἀπείληφε
3262 1990 3645 2063 καρποφορίαν·
3668 1991 3733 2041 καὶ

2215 2087 2306 2139 ἐπὶ
2330 2085 2558 2150 τούτοις,
2591 2087 2639 2138 εἰ
2675 2083 2748 2156 μὴ
2778 2082 3072 2154 ὀφθαλμοῖς
3101 2083 3190 2144 τὸν
3218 2083 3451 2156 Χριστὸν
3476 2082 3648 2144 ἰδόντες
3662 2081 3733 2134 οὐκ

2216 2181 2564 2240 ἐπίστευσαν,
2589 2179 2682 2232 καὶ
2713 2177 3054 2240 διδάσκοντος
3086 2176 3419 2238 ἀκούσαντες
3443 2177 3489 2227 εί
3535 2173 3599 2245 μὴ
3632 2191 3734 2244 παρ-

2218 2275 2475 2344 ήκουσαν,
2518 2272 2611 2324 καὶ
2655 2273 2701 2322 εί
2746 2269 2818 2341 μὴ
2856 2269 2925 2322 τά
2954 2269 3116 2323 λοιπά
3150 2269 3250 2340 τῆς
3276 2267 3595 2341 προφητείας
3615 2268 3734 2337 ἐναρ-

2219 2361 2454 2430 γέστατα
2480 2361 2664 2423 τέλους
2694 2359 2923 2429 τυχόντα
2961 2359 3068 2411 ἀπὸ
3096 2358 3203 2412 τῶν
3233 2359 3439 2430 χρόνων
3481 2356 3632 2428 Ἰησοῦ
3666 2355 3734 2407 τοῦ

2220 2451 2470 2522 Σωτῆρος
2492 2453 2524 2520 ἡ
2535 2449 2647 2520 μῶν
2672 2449 2966 2514 δείκνυται,
2997 2450 3095 2503 οὐκ
3123 2449 3191 2504 ἂν
3219 2450 3306 2520 εἴη
3341 2449 3498 2512 αὐτὸς
3525 2451 3550 2501 ὁ
3572 2463 3732 2518 προφη-

2219 2543 2521 2614 τευόμενος.
2567 2543 2629 2594 Εἰ
2670 2542 2726 2596 δέ
2763 2543 2856 2596 καὶ
2893 2542 3098 2613 τυφλῷ,
3132 2542 3207 2607 ὥς
3242 2561 3398 2612 φασι,
3422 2542 3548 2614 δῆλα
3571 2541 3629 2592 τὰ
3657 2537 3734 2589 τῶν

2221 2645 2392 2714 λόγων
2432 2645 2861 2717 ἀποτελέσματα,
2893 2647 2991 2700 οὐκ
3019 2646 3205 2700 ἄλλοτε
3234 2647 3268 2717 ἢ
3308 2645 3416 2700 ἀπὸ
3449 2644 3548 2698 τῶν
3579 2643 3735 2714 χρόνων

2221 2738 2320 2808 τῆς
2363 2738 2681 2806 ἐπιφανείας
2721 2738 2885 2792 αὑτοῦ
2920 2721 3347 2810 πεπληρωμένα,
3377 2738 3428 2791 τί
3459 2737 3557 2808 χρὴ
3595 2735 3736 2788 λοιπὸν

2223 2829 2316 2881 καὶ
2338 2829 2465 2900 περὶ
2491 2829 2589 2898 τῆς
2611 2831 2671 2880 ὲκ
2699 2829 2968 2900 Παρθένου
2992 2830 3258 2900 γενέσεως
3290 2827 3454 2882 αὑτοῦ
3481 2820 3736 2897 ἀμφιϐόλως

2225 2919 2388 2991 ἔχειν,
2413 2919 2532 2990 ούχὶ⁹
2558 2921 2614 2973 δὲ
2641 2919 2940 2991 εὐγνώμονι
2967 2920 3208 2991 λογισμῷ
3234 2920 3345 2975 ἀπὸ
3375 2919 3480 2972 τῶν
3509 2916 3652 2971 είσέτι
3669 2913 3737 2966 νῦν

2225 3011 2514 3082 ὁρωμένων
2536 3013 2630 3065 καλ⁹
2650 3012 2750 3084 τὴν
2781 3012 3058 3083 καταρχὴν
3080 3011 3188 3064 τῶν
3218 3012 3548 3085 πραγμάτων
3574 3002 3740 3061 πιστοῦ-

2229 3102 2386 3166 σθαι;
2438 3102 2690 3176 ὁρώμενα
2737 3104 2792 3156 δέ
2827 3105 2992 3157 εἰσέτι
3035 3103 3130 3156 νῦν
3172 3092 3296 3158 τίνα
3338 3103 3404 3158 ἂν
3427 3103 3508 3173 είη
3536 3099 3632 3155 ἀλλ’
3661 3097 3737 3166 ἢῆ

2241 3193 2503 3246 Ἰουδαίων
2533 3197 2613 3259 εἰς
2636 3195 2796 3248 αὑτὸν
2824 3195 3070 3261 ἀπιστία,
3095 3197 3366 3267 (ἐναργῶς
3387 3193 3520 3249 κατά
3548 3192 3624 3244 τὸν
3643 3206 3740 3260 χρη·

2228 3283 2363 3356 σμδν
2377 3283 2724 3356 πληρουμένη
2746 3285 2835 3337 τὸν
2857 3285 3150 3354 φάσκοντα·
3175 3305 3193 3336 ι
3217 3286 3380 3357 Ἀκοῇ
3405 3282 3656 3342 ἀκούσετε,
3674 3278 3741 3329 καὶ

2225 3377 2286 3431 ού
2338 3375 2412 3450 μὴ
2464 3376 2677 3446 συνῆτε,
2711 3377 2804 3430 καὶ
2855 3376 3142 3447 βλέποντες
3195 3377 3438 3447 βλέψετε,
3485 3373 3569 3428 καὶ
3611 3369 3660 3424 οὐ
3687 3368 3741 3438 μὴ

2229 3471 2402 3541 ῖδητεο
2439 3469 2715 3540 ἐπαχύνθη
2763 3471 2930 3542 γάρὴ
2967 3471 3161 3542 καρδία
3201 3471 3299 3524 τοῦ
3327 3469 3454 3524 λαοῦ
3495 3461 3739 3528 τούτω»)

2227 3563 2376 3634 καὶὴ
2416 3561 2698 3633 πολιορκία
2728 3561 2827 3631 τῆς
2864 3561 3232 3633 Ἰερουσαλὴμ,
3260 3564 3356 3617 καὶ
3391 3559 3480 3615 τοῦ
3512 3557 3652 3610 πάλαι
3671 3552 3740 3604 αὖα

2225 3657 2335 3708 τῶν
2363 3654 2697 3725 ἁγιάσματος
2727 3655 2760 3724 ἡ
2795 3653 3062 3724 παντελὴς
3087 3655 3386 3726 ἐρήμωσις,
3418 3651 3518 3705 τῶν
3547 3665 3597 3701 τε
3623 3643 3740 3698 ἁλλο-

2229 3747 2408 3817 φύλων
2445 3745 2612 3800 ἐθνῶν
2637 3747 2728 3799 ἐπὶ
2757 3746 2855 3816 τῆς
2887 3745 3069 3818 χώρας
3094 3746 3274 3800 αὐτῶν
3307 3744 3619 3814 κατοίκησιςν
3642 3734 3741 3808 μετά

2229 3838 2467 3910 κέντρων
2497 3837 2713 3902 αὐτοὺς,
2736 3836 2881 3890 τοῦτ’
2917 3837 3030 3890 ἐστι
3055 3839 3193 3908 μετά
3223 3837 3469 3910 σκληρῶν
3493 3824 3742 3896 ἐπιταγμάο

2228 3947 2357 3991 των,
2383 3928 2923 3999 καταδουλουμένων,
2954 3927 3134 3999 (τοῦτο
3163 3928 3270 4000 γὰρ
3293 3927 3473 3998 ἐδήλου
3491 3923 3587 3976 τῶν
3613 3913 3742 3989 μυιῶν

2230 4018 2321 4072 καὶ
2353 4017 2615 4088 μελιττῶν
2638 4018 2704 4070 τά
2727 4018 3145 4087 παραδείγματα
3164 4018 3200 4087 ·)
3226 4017 3319 4070 καὶ
3344 4017 3432 4070 ἐπὶ
3456 4015 3603 4066 πᾶσιν
3620 4008 3647 4076 ἡ
3665 4001 3741 4055 τῶν

2231 4111 2399 4163 ἐθνῶν
2431 4110 2541 4164 ἀπὸ
2571 4111 2667 4180 τῆς
2694 4111 2966 4182 προτέρας
2998 4110 3233 4182 ἐρημίας
3267 4113 3346 4174 εἰς
3373 4109 3467 4178 τὴν
3502 4099 3622 4158 κατὰ
3647 4093 3744 4182 Θεᾷν

2229 4201 2500 4273 γεωργίαν
2555 4181 3066 4272 μεταϐολή,ταῦτά
3097 4201 3160 4273 δὴ
3211 4197 3304 4255 οὖν
3346 4195 3614 4270 ὀφθαλμοῖς
3642 4181 3744 4257 ὀρδν

2235 4311 2372 4366 μενα
2399 4295 2480 4358 τίς
2495 4295 2593 4347 οὐκ
2623 4295 2687 4348 ἂν
2710 4295 3007 4365 ἐκπλαγείη
3041 4293 3324 4364 θαυμάσας
3345 4310 3357 4357 ;
3391 4291 3470 4353 τίς
3488 4286 3539 4339 δὲ
3560 4283 3610 4335 οὐ
3632 4275 3744 4330 θείαν

2233 4387 2308 4449 ὡς
2335 4385 2547 4458 ἀληθῶς
2591 4385 2968 4458 ὁμολογήσειεν
3005 4385 3071 4439 ἂν
3102 4385 3199 4457 τὴν
3243 4385 3551 4458 πρόρρησιν,
3583 4367 3745 4426 ἀκούων

2235 4479 2438 4532 ἄνωθεν
2467 4478 2572 4549 πρὸ
2615 4479 2798 4549 χιλίων
2840 4478 2974 4530 ὅλων
2994 4476 3129 4530 ἐτῶν
3161 4478 3217 4528 ἐν
3249 4475 3445 4546 βίϐλοις
3473 4459 3743 4527 ἀίιτοκείίι¹δενα

565 4565 791 4617 vitutem
825 4559 1096 4629 redigunt,
1128 4556 1182 4610 in
1207 4556 1451 4626 ipsorum
1482 4562 1627 4604 terra
1665 4549 1946 4610 habitatio,
1969 4546 2121 4616 328

2237 4581 2409 4634 ταῦτα
2451 4582 2562 4634 καὶ.
2599 4581 2972 4651 μελετώμενα,
3023 4578 3084 4632 οὺ
3137 4578 3240 4650 μὴν
3291 4577 3469 4631 ἄλλοτε
3523 4567 3593 4626 εἰς
3633 4555 3745 4651 τέλοῖ

568 4655 694 4724 (hoc
749 4653 894 4707 enim
949 4648 1328 4719 signiﬁcabant
1377 4657 1686 4699 muscarum
1753 4649 1913 4710 atque
1972 4653 2134 4707 apum

567 4743 856 4812 exempla),
885 4748 938 4794 et
960 4739 1195 4808 denique
1227 4737 1468 4808 ipsarum
1501 4735 1744 4805 gentium
1765 4746 1795 4784 a
1830 4731 2012 4800 priore
2048 4744 2137 4784 so—

569 4834 796 4889 litudine
826 4832 893 4886 ad
923 4831 1194 4884 culturam
1219 4827 1517 4884 secundum
1549 4825 1714 4879 Deum
1749 4821 2139 4876 commutatio?

569 4925 696 4980 llrec
747 4925 912 4995 igitur
938 4937 1059 4992 qua:
1099 4920 1276 4976 oculis
1305 4926 1625 4977 cernuntur,
1659 4913 1781 4984 quis
1811 4929 1919 4966 non
1963 4912 2138 4965 adrni-

549 5025 722 5073 sretur
739 5030 900 5090 atque
915 5012 1288 5079 Obstupescat?
1314 5009 1448 5075 Quis
1501 5023 1662 5079 porro
1689 5022 1798 5060 non
1847 5019 1971 5060 vere
2003 5003 2142 5057 divi-

571 5124 701 5164 num
755 5107 984 5160 fateatur
1015 5102 1376 5156 vaticinium?
1431 5114 1554 5154 cum
1587 5097 1770 5151 audiat
1823 5103 1948 5149 ante
1996 5101 2141 5147 totos

572 5201 717 5254 niille
750 5213 924 5252 annos
979 5193 1123 5266 apud
1171 5194 1408 5263 majores
1457 5191 1571 5244 haec
1595 5189 1648 5242 in
1700 5189 1854 5242 libris
1899 5187 2141 5257 ipsorum

571 5291 840 5346 contineri
877 5297 932 5345 et
959 5287 1188 5349 versari,
1219 5300 1340 5356 quze
1359 5293 1539 5337 tamen
1565 5298 1672 5336 non
1712 5281 1846 5335 alias
1882 5279 1948 5333 ad
1984 5277 2143 5331 linem

573 5382 938 5454 pervenerint.
971 5395 1134 5451 quam
1157 5385 1279 5450 post
1303 5374 1604 5430 Salvatoris
1627 5373 1798 5427 nostri
1819 5371 2146 5426 adventum?

575 5476 729 5543 Quod
758 5476 805 5530 si
840 5473 1178 5529 admirabilis
1221 5479 1306 5525 est
1354 5467 1657 5540 praedictio,
1684 5467 1922 5536 itemque
1973 5463 2146 5518 admi-

575 5567 802 5621 rabilior
864 5575 918 5622 et
972 5579 1137 5635 supra
1189 5576 1406 5617 omnem
1459 5560 1724 5614 rationem
1748 5560 1920 5628 ipsius
1952 5552 2147 5624 praedi-

577 5658 778 5710 ctionis
812 5666 1060 5718 eventus,
1089 5653 1222 5724 quid
1281 5651 1517 5722 amplius
1565 5649 1817 5703 dubitare
1861 5661 1999 5715 opus
2039 5652 2143 5707 est,

579 5755 757 5801 utrum
803 5747 1013 5817 primus
1071 5747 1190 5815 ejus
1242 5744 1309 5798 de
1371 5757 1482 5812 quo
1527 5739 1802 5811 propheta:
1849 5737 2148 5804 loquuntur

580 5854 857 5904 accessus,
910 5838 1286 5894 admirabilem
1340 5844 1394 5890 ct
1435 5848 1600 5902 supra
1657 5841 1873 5885 omnem
1905 5827 2145 5882 hominis

2237 4673 2472 4743 ἀχθέντα
2508 4672 2541 4742 ἦ
2575 4649 2711 4742 μετά
2746 4671 2842 4742 τὴν
2870 4671 2961 4724 τοῦ
2998 4649 3252 4740 Σωτῆρος
3282 4668 3434 4740 ἡμῶν
3464 4649 3742 4727 παρουσίενῑ

2239 4767 2302 4820 Εἰ
2335 4765 2399 4836 δὴ
2420 4762 2512 4818 οὖν
2539 4764 2840 4836 θαυμάσιος
2867 4767 2898 4834 ἡ
2931 4765 3252 4836 πρόρρησις,
3280 4763 3371 4816 καὶ
3401 4759 3474 4811 ἔτι
3497 4753 3744 4836 θαυμασιω-

2239 4859 2298 4911 τέ
2308 4828 2399 4929 ρα,
2429 4859 2522 4910 καὶ
2543 4828 2680 4929 ὑπὲρ
2710 4828 3055 4924 πάνταψλόγον
3131 4828 3236 4925 τῆς
3278 4849 3608 4925 προρρήσεως
3625 4828 3744 4886 5x6:-

2243 4968 2347 5014 σις,
2371 4951 2423 5003 τί
2445 4950 2526 5002 δεῖ
2568 4951 2814 5004 ἀπιστεῖν
2852 4949 2898 5000 εἰ
2933 4949 3026 5001 καὶ
3048 4950 3081 5018 ἡ
3127 4945 3314 5017 πρώτη
3346 4941 3436 4998 τοῦ
3476 4935 3744 5018 προφηῖεικν

2246 5041 2406 5111 μένου
2443 5039 2673 5110 πάροδος
2705 5037 3002 5110 παράδοξον
3034 5037 3126 5090 καὶ
3154 5037 3293 5108 ὑπὲρ
3323 5035 3493 5089 πᾶσαν
3518 5012 3742 5111 ἀνθρὼσξω

2244 5133 2405 5204 φύσιν
2445 5132 2543 5203 τὴν
2581 5132 2677 5204 τῆς
2722 5131 2986 5200 γενέσεως
3033 5129 3336 5201 καταϐολὴν
3374 5125 3587 5190 εἴληχεν,
3627 5102 3743 5160 ὁπότε

2245 5202 2335 5291 καὶ
2367 5237 2400 5306 ἡ
2430 5202 2537 5289 τῶν
2583 5202 2782 5288 λοιπῶν
2816 5234 3107 5304 θαυμάτων
3155 5233 3387 5305 ἐναργὴς
3416 5225 3544 5294 ὄψις.
3569 5214 3649 5278 οῧΧ

2243 5355 2350 5392 των
2378 5333 2533 5399 οὖσαν
2560 5336 2666 5391 ἀπὸ
2693 5337 2792 5407 τῆς
2825 5335 3091 5405 γενέσεως
3118 5333 3282 5387 αὐτοῦ
3321 5328 3546 5403 βιάζεται
3578 5309 3652 5366 καὶ
3675 5300 3743 5407 ’ξῆν

2245 5440 2352 5492 τῶν
2387 5439 2559 5494 ἄλλων
2583 5438 2688 5491 τῶν
2731 5398 2849 5491 Qui
2884 5437 3047 5491 αὑτὸν
3075 5398 3420 5508 πραχθέντων
3453 5398 3738 5510 ἀποδέκεσξῗί

2249 5543 2586 5615 μαρτυρίαν;
2630 5541 2789 5594 Ἀλλά
2829 5542 2937 5612 γὰρ
2963 5499 3170 5603 τούτοις
3191 5499 3326 5608 Ege;
3369 5525 3496 5606 μετά
3531 5499 3740 5615 τδν

2249 5636 2501 5707 βόσκημα
2520 5634 2792 5706 προϐάτου
2816 5635 2911 5687 καὶ
2933 5633 3219 5703 καταπάτη
3227 5646 3304 5702 μα
3325 5625 3456 5698 βοὸς.
3490 5635 3506 5667 ν

2246 5683 2470 5799 δευτέρα
2517 5683 2601 5788 τις
2645 5724 2948 5795 πρόρρησις
2994 5683 3259 5793 συγγενῆς
3401 5683 3740 5817 προτεθλειίίέξξς

2257 5778 2268 5780 7
2287 5778 2296 5780 ἡ
2379 5778 2415 5799 Ἰ
2441 5778 2451 5779 7
2582 5778 2597 5788 ’
2693 5778 2705 5794 ³
2756 5778 2768 5795 ⁸
2793 5778 2802 5794 ⁵
2849 5778 2860 5794 ⁸
2928 5778 2944 5786 '
3072 5778 3082 5789 '
3109 5778 3120 5790 ·
3217 5778 3253 5793 l'
3343 5778 3367 5788 ..
3448 5778 3453 5779 γ
3680 5778 3686 5786 ν

2249 5823 2524 5897 ἀρχομένη
2551 5823 2657 5876 ἀπὸ
2685 5821 2799 5885 τοῦ,
2837 5839 2854 5871 ι
2894 5819 2994 5873 Καὶ
3026 5815 3142 5870 εἷπε
3172 5815 3368 5887 Κύριος
3391 5800 3512 5872 πρὸς
3536 5786 3606 5863 μέ·
3634 5778 3739 5830 Aab:

3650 5599 3739 5645 πται
