3894 6524
578 407 680 463 519

1265 404 1533 460 EUSEBll
1575 403 2058 460 CESARIENSIS
2097 403 2248 461 OPP.
2292 404 2472 463 PABS
2503 406 2582 461 ll.
2622 437 2690 446 ——-
2723 405 3226 474 APOLOGETICA.
3719 421 3808 492 εἴθ

579 525 643 580 lit
681 527 745 581 ad
778 525 997 582 verbum
1029 525 1244 594 quidem
1280 525 1334 578 in
1360 525 1554 580 diebus
1594 525 1778 578 Achaz
1806 525 1947 596 regis
1974 523 2128 588 Juda,

2242 523 2523 596 Λίσθητῶς
2557 527 2652 596 μὲν
2694 522 2784 580 οῦν
2811 529 2868 580 ἐν
2912 530 3092 600 ἡμέρᾳ
3119 529 3294 600 Ἄχας
3333 531 3603 601 βασιλέως
3643 536 3804 602 Ἰούδα,

575 627 627 671 et
660 619 832 687 ipsius
865 617 1139 687 prophetae
1170 615 1340 678 Isaiae,
1372 615 1481 669 duo
1517 631 1674 685 reges
1721 631 1787 670 ex
1819 617 2142 687 composito,

576 726 670 765 eos
692 712 784 781 qui
816 707 1262 766 successionihus
1297 706 1464 762 David
1497 708 2142 778 parebant,ohsoderunt.

576 804 717 857 sicut
756 804 914 856 etiam
954 801 1103 871 prius
1143 807 1424 854 ostensmn
1471 808 1576 866 est,
1635 801 1772 857 alter
1795 800 2014 871 quidem
2047 801 2146 854 Da-

574 895 743 949 masci
801 893 1040 964 gentium
1094 892 1387 946 simulacra
1438 892 1780 947 adorantium
1834 909 1949 955 rex,
2004 894 2142 948 alter

575 1003 701 1043 vero
729 985 967 1042 Iudaica:
998 985 1368 1040 multitudinis
1411 987 1463 1039 in
1489 1002 1552 1040 ea
1586 985 1892 1042 Palaestina:
1921 986 2142 1042 civitate

570 1096 692 1150 qua:
724 1088 854 1134 tunc
889 1080 1107 1148 quidem
1131 1080 1429 1134 vocabatur
1481 1077 1748 1138 Samaria.
1774 1093 1921 1132 nunc
1957 1087 2139 1132 autem

571 1188 601 1226 a
628 1172 834 1228 nostris
865 1172 1091 1228 Sebaste
1124 1174 1441 1226 nominatur
1471 1190 1481 1224 :
1515 1171 1676 1242 330
1702 1171 1767 1226 de
1784 1171 1983 1242 quibus
1999 1172 2140 1227 Deus

570 1281 666 1336 per
680 1265 998 1336 prophetam
1023 1265 1088 1318 ad
1123 1265 1303 1318 Achaz
1335 1263 1470 1317 dixit
1502 1282 1515 1317 :
1557 1285 1574 1314 ι
1602 1263 1678 1319 Ne
1707 1265 1924 1324 timeas,
1961 1280 2140 1333 neque

569 1359 749 1411 anima
782 1366 871 1410 tua
898 1356 1152 1426 langueat
1182 1371 1211 1410 a
1237 1357 1449 1412 duobus
1489 1356 1669 1426 lignis,
1709 1372 1739 1409 a
1786 1356 2028 1412 torribtts
2056 1356 2140 1410 his

568 1443 998 1513 fumiganttbus;
1040 1463 1059 1494 ι
1111 1452 1309 1498 etcum
1367 1444 1643 1498 interitum
1691 1445 1935 1499 virorum
2000 1461 2136 1499 con-

565 1535 721 1588 tinuo
768 1549 944 1604 neque
968 1536 1141 1588 multo
1193 1543 1318 1605 post
1363 1535 1602 1590 futurum
1641 1535 1912 1600 dixisset,
1979 1537 2134 1592 dein-

564 1643 694 1696 ceps
763 1637 909 1682 cauit
970 1629 1426 1705 quemadmodum
1484 1631 1537 1684 in
1605 1631 1886 1686 nobiscum
1959 1633 2133 1685 futuri

566 1715 662 1771 Dei
712 1727 855 1781 ortu,
914 1720 1131 1788 penitus
1197 1719 1479 1775 amborum
1527 1718 1901 1791 exstinguetur
1945 1731 1998 1776 et
2021 1724 2135 1777 dis-

566 1811 805 1865 solvetur
845 1826 1092 1881 regnum.
1150 1810 1500 1870 Ostendimus
1559 1823 1739 1870 autem
1793 1817 1862 1870 ab
1908 1817 2132 1872 historia

564 1905 1018 1974 quemadmodum
1043 1921 1216 1975 usque
1249 1906 1318 1959 ad
1376 1917 1616 1977 tempora
1641 1907 1909 1963 adventus
1943 1909 2132 1964 Salva-
2168 1887 2210 1941 Β

563 1997 701 2053 toris
728 1999 899 2053 nostri
959 1997 1088 2054 Jesu
1114 1997 1342 2063 Christi,
1385 2007 1677 2070 utrumque
1714 2007 1768 2055 et
1821 1998 2130 2056 Judaaorum

562 2096 616 2142 et
647 2087 1106 2145 Damascenorum
1141 2091 1502 2159 permanserit
1543 2091 2128 2164 regnum.‘Postquam

565 2195 692 2235 vero
715 2181 804 2236 ille
821 2182 886 2236 ad
916 2198 1108 2238 omnes
1140 2183 1387 2239 homines
1412 2183 1652 2246 advenit,
1676 2185 1818 2239 sicut
1848 2187 2128 2240 oraculum

564 2273 739 2343 ipsum
765 2276 1112 2344 praedixerat,
1139 2276 1474 2339 defecerunt,
1509 2291 1620 2347 quo
1667 2287 1910 2350 tempore
1959 2281 2129 2350 impe-

561 2366 702 2419 rium
729 2364 1097 2422 Romanorum
1120 2385 1225 2423 una
1248 2385 1370 2424 cum
1414 2370 1714 2427 Salvatoris
1756 2372 1930 2426 nostri
1956 2373 2131 2441 publi-

560 2459 776 2514 catione
807 2460 1072 2514 invaluit:
1097 2469 1150 2516 et
1179 2462 1292 2516 hrec
1325 2461 1393 2516 ad
1420 2463 1644 2519 verbum
1685 2479 1806 2518 cum
1839 2464 2131 2519 cecinisset

559 2551 862 2614 oraculum,
906 2553 1155 2607 transivit
1179 2552 1246 2606 ad
1276 2570 1496 2609 sensum
1539 2566 1591 2610 et
1620 2556 2049 2626 intelligentiam,
2077 2565 2131 2612 et

560 2644 628 2697 ad
687 2645 1046 2701 universalem
1097 2648 1322 2717 majoris
1353 2649 1580 2718 spiritus
1628 2649 1681 2703 in
1711 2651 2130 2721 contemplando

558 2734 954 2802 expositionem
981 2776 995 2799 ,
1030 2746 1082 2790 et
1113 2751 1236 2790 cum
1267 2737 1406 2792 duos
1452 2737 1673 2793 ordines
1703 2739 1940 2795 hostium
1969 2748 2132 2811 atque

559 2825 904 2880 inimicorum
940 2827 1318 2892 invisibilium,
1370 2829 1473 2884 hoc
1515 2839 1602 2885 est
1631 2832 1897 2887 malorum
1929 2831 2130 2888 daemo-

558 2933 714 2982 num,
749 2918 1099 2982 instituisset,
1129 2921 1222 2990 qui
1245 2936 1406 2976 omne
1453 2922 1731 2978 hominum
1763 2941 1934 2995 genus
1967 2929 2132 2982 variis

559 3009 736 3066 modis
760 3020 1093 3082 oppugnant,
1125 3028 1289 3066 unum
1337 3014 1555 3082 quidem
1588 3031 1775 3070 eorum
1817 3017 1909 3087 qui
1947 3025 2002 3072 et
2033 3035 2129 3072 un-

558 3102 722 3172 dique
753 3111 806 3158 et
829 3118 1040 3174 semper
1073 3104 1214 3158 inter
1235 3104 1481 3160 homines
1511 3107 1689 3163 cultus
1715 3107 2128 3162 simulacrorum

557 3202 613 3247 et
636 3192 690 3248 in
715 3193 1066 3264 Opinionibus
1119 3194 1286 3250 falsas
1339 3197 1637 3251 sententias
1664 3204 1927 3267 generant
1966 3204 2128 3268 atque

555 3286 811 3353 alliciunt,
842 3287 1072 3341 alterum
1106 3303 1235 3343 vero
1287 3303 1476 3344 eorum
1507 3288 1600 3358 qui
1650 3290 1704 3344 in
1738 3291 1981 3346 moribus
2007 3293 2125 3344 ani-

557 3395 769 3434 marum
826 3379 1182 3449 perditionem
1249 3388 1412 3450 atque
1471 3381 1749 3450 interitum
1805 3383 2126 3444 moliuntur,

557 3489 791 3544 cumque
823 3476 1028 3529 erroris
1074 3475 1128 3528 in
1193 3474 1505 3530 simulacris
1561 3475 1805 3530 colendis
1836 3475 2124 3546 imaginem

557 3565 699 3622 ferre
729 3567 1058 3622 ostendisset
1083 3582 1208 3622 eum
1239 3567 1331 3636 qui
1382 3566 1631 3622 Damasci
1661 3567 1976 3638 imperaret,
2010 3567 2129 3637 ejus

556 3672 686 3710 vero
720 3672 814 3727 per
841 3673 1000 3728 quem
1023 3657 1272 3714 homines
1300 3673 1329 3711 a
1360 3657 1684 3727 temperanti
1716 3673 1959 3728 saneque
1983 3659 2126 3712 victu

556 3749 920 3814 deducuntur,
980 3751 1203 3821 ﬁguram
1233 3765 1376 3813 esse,
1407 3765 1532 3804 eum
1555 3750 1655 3820 qui
1693 3748 1988 3806 Samaria:
2020 3767 2126 3804 non

555 3845 708 3913 prius
753 3844 828 3900 ait
877 3853 1075 3899 terram
1124 3843 1193 3898 ab
1245 3844 1395 3900 hisce
1454 3843 1786 3899 liberandam
1818 3844 1920 3913 (sic
1943 3845 2128 3914 utique

558 3951 760 3992 vocans
782 3937 1028 3992 homines
1059 3936 1114 3990 in
1153 3943 1299 3990 terra
1339 3936 1666 4006 habitantes)
1697 3951 1860 4006 quam
1899 3937 1954 3990 in
1983 3946 2127 3992 terra

557 4026 930 4095 conspiciatur
987 4025 1305 4083 Emmanuel
1361 4027 1547 4083 Deus:
1579 4029 1669 4084 ubi
1725 4038 1904 4084 autem
1946 4028 2036 4084 hic
2063 4029 2128 4084 il-

558 4119 776 4182 luxerit,
808 4129 861 4173 et
893 4119 948 4172 in
999 4119 1236 4176 hominis
1271 4120 1451 4174 anima
1483 4121 1817 4192 regnaverit,
1855 4122 2124 4177 neminem

556 4211 783 4280 posthac
803 4210 1211 4281 superfuturum
1237 4227 1426 4267 eorum
1445 4214 1537 4284 qui
1559 4221 1715 4267 antea
1745 4213 1921 4282 ipsum
1949 4213 2126 4282 possi-

555 4302 774 4358 debant.
811 4303 902 4358 Sic
935 4319 1067 4360 sane
1097 4304 1262 4359 etiam
1287 4305 1392 4360 hoc
1416 4305 1472 4359 in
1516 4305 1640 4360 loco
1671 4305 1876 4360 dictum
1908 4319 2031 4360 esse
2063 4305 2126 4358 il-

556 4397 669 4461 lud,
720 4415 739 4449 ι
763 4398 994 4468 accipiet
1034 4407 1355 4468 potestatem
1403 4397 1675 4460 Damasci,
1709 4405 1764 4453 et
1814 4398 1988 4467 spolia
2025 4395 2126 4451 Sa-

555 4491 760 4554 mariaa,
788 4511 806 4544 ι
837 4498 1024 4561 utpote
1052 4505 1176 4545 cum
1201 4489 1503 4545 Salvatoris
1527 4489 1702 4545 nostri
1751 4487 1882 4544 Jesu
1918 4487 2123 4544 Christi

2251 618 2344 670 καὶ
2369 617 2488 671 κατ’
2519 618 2678 670 αὑτὸν
2718 620 2942 672 Ἡσαΐαν
2964 621 3052 674 τὸν
3077 625 3377 694 προφήτην,
3393 625 3492 678 δύο
3513 625 3738 696 βασιλεῖς
3756 635 3806 683 ἐκ

2252 707 2526 780 συνθήκης
2545 711 2668 772 τοὺς
2681 709 2786 762 ὑπὸ
2801 712 2911 772 τοῖς
2921 710 3184 781 διαδόχοις
3204 711 3362 765 Δαυῒδ
3380 713 3805 786 βασιλευομένους

2251 800 2616 872 ἐπολιόρκουν,
2647 801 2724 862 ὼς
2753 801 2852 872 ἤδη
2893 801 3156 873 πρότερον
3188 802 3507 873 δεδήλωται,
3539 807 3568 856 ὁ
3603 808 3697 876 μὲν
3731 811 3805 862 ἐπὶ

2248 893 2346 963 τῆς
2376 891 2668 963 Δαμασκοῦ
2705 892 2812 946 τῶν
2844 892 3242 964 εἰδωλολατρῶν
3281 893 3454 948 ἐθνῶν
3502 896 3805 966 βασιλεὺς,ὀ

2246 983 2302 1037 δὲ
2331 985 2424 1038 τοῦ
2457 984 2695 1056 πλήθους
2742 983 2850 1037 τῶν
2885 982 3155 1039 Ἰουδαίων
3186 987 3244 1039 ἐν
3289 990 3354 1058 τῇ
3392 988 3700 1060 καλουμένῃ
3720 991 3804 1044 Σα-

2251 1078 2452 1150 μαρείᾳ
2479 1077 2632 1130 πόλει
2663 1077 2763 1144 τῆς
2803 1077 3185 1149 Παλαιστίνης,
3215 1079 3282 1149 ἣν
3311 1079 3593 1150 Σεϐαστὴν
3623 1084 3668 1133 οί
3702 1083 3802 1136 καθ’

2247 1171 2393 1240 ἡμᾶς
2422 1168 2774 1238 ὀνομάζουσι’
2807 1172 2933 1240 περὶ
2970 1165 3044 1223 ὧν
3077 1172 3105 1222 ὁ
3129 1170 3261 1233 Θεὸς
3301 1171 3389 1224 διὰ
3424 1171 3524 1224 τοῦ
3555 1176 3799 1244 προφήτου

2243 1259 2321 1330 τῷ
2344 1258 2516 1330 Ἀχαξ
2543 1256 2661 1313 εἷπε
2686 1278 2698 1290 ο
2745 1280 2763 1311 ι
2795 1261 2886 1332 Μὴ
2921 1261 3107 1330 φοϐοῦ,
3148 1263 3281 1334 μηδὲ
3311 1266 3343 1334 ἠ
3371 1263 3524 1334 ψυχή
3559 1281 3648 1317 σου
3677 1266 3801 1318 ἀσθε·

2243 1353 2402 1405 νείτω
2443 1355 2549 1407 ἀπὸ
2585 1355 2695 1406 τῶν
2727 1354 2819 1407 δύο
2858 1353 3048 1420 ξύλων,
3081 1355 3189 1407 τῶν
3223 1355 3394 1408 δαλῶν
3425 1355 3540 1408 τῶν
3575 1357 3798 1419 καπνιζο-

2246 1445 2421 1515 μένων
2458 1447 2660 1500 τούτων
2685 1464 2697 1476 ο
2750 1467 2768 1498 ι
2807 1449 2900 1500 καὶ
2929 1449 3027 1519 τὴν
3057 1448 3330 1502 ἀπώλειάν
3372 1465 3439 1516 γε
3490 1448 3598 1500 τῶν
3625 1449 3797 1522 ἀνδρῶν

2242 1538 2438 1592 αὐτίκα
2466 1538 2609 1610 μάλα
2629 1541 2724 1592 καὶ
2744 1539 2842 1593 οῦκ
2869 1543 2949 1604 εἰς
2985 1540 3200 1612 μακράν
3231 1540 3452 1594 ἔσεσθαι
3493 1539 3676 1599 είπὼν,
3697 1542 3794 1612 ἑξῆς

2242 1629 2593 1700 προφητεύει,
2625 1631 2698 1694 ὡς
2725 1633 2815 1683 ἐπὶ
2839 1635 2904 1702 τῇ
2935 1631 3028 1684 τοῦ
3068 1631 3185 1701 μεθ’
3214 1632 3373 1702 ἡμῶν
3405 1632 3664 1701 ἐσομένου
3685 1631 3792 1684 Θεοῦ

2240 1725 2451 1793 γενέσει
2488 1726 2717 1796 πάμπαν
2763 1727 3085 1798 ἀμφοτέρων
3129 1725 3490 1796 σϐεσθήσεται
3521 1725 3612 1778 καὶ
3654 1741 3789 1778 καταο

2241 1817 2579 1889 λυθήσεταιὴ
2608 1818 2870 1889 βασιλεία.
2898 1819 3194 1889 Δείκνυμεν
3223 1819 3278 1871 δὲ
3300 1818 3412 1871 ἀπὸ
3433 1818 3535 1888 τῆς
3565 1818 3788 1888 ἱστορίας,

2239 1909 2314 1972 ὡς
2343 1910 2502 1981 μέχρι
2531 1911 2638 1964 τῶν
2665 1912 2870 1983 χρόνων
2894 1915 2990 1983 τῆς
3016 1910 3108 1963 τοῦ
3151 1911 3302 1980 Σωτῆ
3311 1927 3403 1981 ρος
3451 1908 3606 1980 ἡμῶν
3645 1907 3784 1978 Ἰησοῦ

2239 2000 2330 2053 τοῦ
2357 2003 2590 2073 Χριστοῦ
2629 2003 2950 2075 παρουσίας,
2975 2002 3374 2073 διαμεμένηκεν
3399 2003 3434 2073 ἦ
3469 2018 3528 2053 τε
3557 2000 3658 2053 τῶν
3685 2001 3785 2052 Ἰου-

2237 2093 2398 2147 δαίων
2431 2097 2523 2147 καὶ
2571 2095 2943 2166 Δαμασκηνῶν
2987 2094 3250 2164 βασιλεία.
3297 2093 3456 2147 Μετὰ
3489 2093 3544 2146 δὲ
3596 2092 3686 2162 τὴν
3723 2094 3782 2152 είς

2239 2188 2444 2250 πάντας
2477 2186 2793 2259 ἀνθρώπους
2836 2188 3151 2256 ἐπιφάνειαν
3183 2185 3373 2252 αὐτοῦ,
3416 2185 3706 2248 ἀκολούθως
3729 2186 3778 2251 τῇ

2239 2280 2537 2350 προρρήσει
2597 2278 2985 2342 διαλελοίπασι,
3022 2278 3120 2347 τῆς
3171 2275 3466 2347 Ῥωμαίων
3530 2275 3780 2346 μοναρχίας

2237 2371 2682 2442 ἐπικρατησάνης
2706 2371 2799 2422 σὺν
2820 2369 2896 2440 τῷ
2912 2370 3004 2422 τοῦ
3027 2369 3278 2440 Σωτῆρος
3301 2368 3463 2438 ἡμῶν
3485 2367 3774 2438 κηρύγματι.

2238 2463 2348 2517 Καὶ
2375 2461 2545 2516 ταῦτά
2567 2479 2629 2530 γε
2655 2464 2789 2534 πρὸς
2809 2462 2951 2525 λέξιν
2974 2461 3235 2524 θεσπίσας
3257 2461 3285 2512 ὁ
3300 2460 3482 2528 λόγος,
3507 2457 3776 2529 μετέϐαινεν

2238 2559 2329 2612 ἐπὶ
2357 2559 2455 2628 τὴν
2484 2557 2736 2619 διάνοιαν,
2774 2559 2865 2609 καὶ
2906 2557 3003 2627 τὴν
3030 2555 3258 2610 καθόλου
3293 2553 3773 2625 πνευματικωτέραν

2237 2653 2294 2703 ὲν
2323 2651 2575 2722 θεωρίαις
2612 2649 2892 2701 ἀπόδοσιν·
2941 2648 3390 2720 ὑποστησάμενός
3428 2663 3486 2699 τε
3524 2645 3612 2698 δύο
3646 2645 3771 2710 στίφη

2237 2743 2481 2814 ἀοράτων
2532 2740 2736 2810 ἐχθρῶν
2784 2740 2877 2792 καὶ
2927 2739 3196 2810 πολεμίων
3234 2739 3507 2808 δαιμόνων
3543 2735 3768 2806 πονηρῶν.

2235 2834 2294 2888 τὸ
2323 2835 2536 2888 πάντων
2575 2832 2875 2904 ἀνθρώπων
2910 2833 3063 2900 γένος
3105 2832 3379 2903 διαφόρως
3421 2828 3766 2901 πολεμούντων,

2236 2923 2292 2978 ἐν
2338 2926 2436 2996 μὲν
2481 2923 2705 2988 τῶντὰς
2732 2926 2790 2977 ἐν
2834 2922 3140 2994 ἀνθρώποις
3184 2924 3550 2995 ἐνεργούντων
3596 2921 3670 2974 ἀεὶ
3695 2919 3764 2970 καὶ

2235 3016 2463 3069 πάντοτε
2489 3013 2947 3085 εἰδωλολατρείας,
2980 3015 3072 3066 καὶ
3097 3013 3195 3077 τὰς
3222 3015 3278 3065 ἐν
3305 3015 3538 3084 δόγμασι
3561 3008 3762 3080 ψευδοδο-

2237 3107 2372 3173 ξίας,
2399 3106 2622 3176 θάτερον
2651 3106 2707 3160 δὲ
2740 3107 2846 3161 τῶν
2883 3109 2940 3160 ἐν
2963 3105 3114 3177 ἤθεσι
3139 3105 3326 3176 ψυχῶν
3353 3101 3634 3174 διαφθορὰν
3660 3115 3760 3151 κατ-

2235 3198 2629 3271 εργαζζομένων⁸
2668 3197 2760 3250 καὶ
2795 3197 2855 3250 τὸ
2893 3197 2990 3268 μὲν
3029 3197 3126 3266 τῆς
3176 3195 3562 3267 είδωλολάτρου
3600 3189 3760 3255 πλάνης

2232 3289 2414 3343 είκόνα
2447 3290 2632 3361 φέρειν
2659 3287 2962 3353 ἀποδείξας,
2986 3289 3077 3340 τὸν
3113 3289 3349 3357 ἄρχοντα
3377 3286 3478 3357 τῆς
3497 3276 3755 3355 Δαμασκοῦ.

2229 3381 2290 3434 τὸ
2313 3381 2367 3435 δὲ
2397 3381 2504 3433 τῶν
2532 3382 2588 3434 ἐν
2610 3379 2921 3434 ἀποπτώσει
2947 3380 3040 3433 τοῦ
3072 3379 3347 3451 σώφρονος
3373 3380 3464 3432 καὶ
3485 3374 3652 3446 ὑγιοῦς
3671 3371 3756 3442 βίον

2229 3473 2398 3526 τύπον
2433 3468 2591 3535 εἶναι,
2628 3472 2719 3524 τὸν
2763 3472 2862 3543 τῆς
2898 3472 3229 3543 Σαμαρείας,
3259 3471 3317 3523 οὐ
3372 3467 3620 3541 πρότερόν
3658 3477 3755 3531 φησι

2229 3566 2432 3618 τούτων
2474 3565 2949 3636 ἀπαλλαγήσεσθαι
2991 3563 3087 3635 τὴν
3116 3564 3240 3634 γῆν,
3271 3562 3439 3633 (οὕτω
3481 3559 3641 3614 καλῶν
3662 3555 3754 3613 τοὺς

2229 3661 2321 3712 ἐπὶ
2346 3659 2447 3729 γῆς
2474 3657 2858 3720 κατοικοῦντας
2879 3657 3241 3730 ἀνθρώπους,)
3267 3657 3300 3727 ἦ
3335 3657 3558 3726 φανῆναι
3580 3649 3656 3702 ἐπὶ
3677 3643 3753 3711 γῆς

2227 3749 2318 3801 τὸν
2358 3747 2702 3819 Ἐμμανουήλ
2739 3747 2899 3800 Θεόν·
2935 3747 3122 3800 τούτου
3157 3747 3213 3801 δὲ
3252 3744 3652 3817 ἐπιλάμψαντοςο
3683 3730 3750 3785 καὶ

2232 3837 2604 3908 βασιλεύοντος
2635 3837 2922 3912 ἀνθρώπου
2948 3836 3145 3909 ψυχῆς,
3179 3837 3386 3908 μηδένα
3428 3836 3503 3888 ἔτι
3524 3824 3746 3884 λείπεσθαι

2228 3931 2334 3984 τῶν
2357 3931 2522 3983 πάλαι
2565 3930 3043 4003 κατακρατοῦντων
3080 3930 3266 4000 αὐτῆς.
3311 3929 3464 3984 Οὕτω
3496 3925 3554 3994 δὴ
3583 3915 3658 3973 οὖν
3680 3930 3745 3967 και

2228 4023 2410 4076 ἐνθάδε
2445 4021 2703 4093 περὶτῶν
2728 4021 2905 4074 αὐτῶν
2937 4019 3186 4090 εἰρῆσθαι
3222 4021 3434 4090 νοήσεις
3472 4015 3545 4074 τὸ,
3573 4030 3588 4063 ι
3613 4004 3744 4076 Ml}?

2225 4131 2314 4167 ται
2351 4112 2577 4182 δύναμιν
2616 4109 2929 4181 Δαμασκοῦ,
2961 4102 3056 4164 κάι
3104 4109 3172 4162 τὰ
3209 4109 3382 4164 σκῦλα
3423 4099 3738 4176 Σαμαρείαςνν

2225 4206 2323 4277 τῆς
2355 4205 2448 4258 τοῦ
2484 4206 2735 4275 Σωτῆρος
2755 4201 2911 4273 ἡμῶν
2949 4200 3121 4273 Ἰησοῦ
3149 4200 3386 4271 Χριστοῦ
3412 4197 3659 4265 δυνάμεως
3679 4202 3741 4239 κα·

2227 4297 2520 4369 θαιρούσης
2559 4295 2768 4367 ἀθρόως
2807 4293 3017 4355 πάντας
3049 4293 3174 4356 τοὺς
3211 4293 3472 4364 ἀοράτους
3512 4283 3644 4357 ἡμῶν
3677 4282 3737 4346 ἔχ’
3823 4345 3825 4361 ι

2227 4388 2408 4461 θροῦς,
2430 4389 2479 4441 οἳ
2503 4387 2567 4460 δὴ
2590 4386 2754 4440 πάλαι
2775 4385 3036 4457 πρότερον
3052 4387 3168 4446 ταῖς
3189 4381 3591 4454 προειρημέναις
3603 4370 3736 4426 ἀθέοις
3821 4423 3823 4439 ,

2226 4482 2320 4535 καὶ
2353 4479 2704 4534 ἐπιϐλαόέσιν
2747 4476 3048 4549 ἐνεργείαις
3075 4475 3283 4540 πάντας
3328 4471 3618 4545 ἀνθρώπους
3646 4464 3734 4513 ἑπο-

552 4579 637 4634 vis
692 4580 982 4634 acervatim
1028 4594 1285 4634 eversura
1337 4588 1485 4634 esset
1531 4587 1762 4632 cunctos
1819 4577 2120 4632 invisibiles

2233 4575 2489 4646 λιόρκουν.
2520 4573 2627 4625 Καὶ
2673 4569 2808 4642 πρὸς
2848 4567 2990 4635 λέξιν
3013 4568 3071 4620 δέ
3104 4568 3264 4620 πάλιν
3309 4567 3436 4629 ῐδοις
3461 4564 3521 4618 ἂν
3555 4552 3665 4646 ὀμιφῆ
3687 4552 3732 4614 τῗι

555 4671 713 4726 nobis
762 4671 991 4735 hostes,
1020 4671 1114 4741 qui
1167 4670 1493 4741 jampridem
1531 4669 1638 4733 his,
1687 4683 1809 4740 qua:
1871 4669 2124 4740 superius

553 4758 711 4813 dictae
738 4766 886 4822 sunt,
912 4772 942 4812 a
974 4757 1082 4812 Deo
1131 4759 1322 4814 alienis
1365 4766 1420 4815 et
1460 4759 1641 4814 noxiis
1689 4759 2121 4827 operationibus.

553 4851 837 4907 universos
863 4851 1111 4907 homines
1171 4852 1512 4908 occidebant.
1543 4851 1652 4908 Nec
1705 4867 1815 4906 non
1847 4866 2040 4906 rursus
2076 4853 2121 4904 si

554 4943 619 4997 ad
654 4943 878 4998 verbum
935 4943 1333 5012 interpreteris,
1382 4942 1571 4998 videas
1621 4943 1877 5014 protinus
1905 4941 1960 4995 in
2000 4950 2122 4996 ortu

551 5048 715 5108 atque
745 5038 979 5092 adventu
1035 5037 1333 5092 Salvatoris
1390 5037 1590 5100 nostri,
1641 5035 1896 5091 Damasci
1931 5041 2122 5106 poten-

549 5133 680 5185 tiam
735 5145 1019 5195 eversam,
1064 5139 1118 5183 et
1169 5129 1341 5199 spolia
1393 5126 1658 5182 Samaria:
1697 5127 1911 5182 sublata
1939 5165 1956 5191 ,
2017 5125 2121 5180 hoc

547 5234 651 5285 est,
690 5236 879 5277 earum
910 5235 1098 5291 regna,
1123 5235 1244 5290 quae
1275 5235 1448 5289 usque.
1496 5219 1563 5273 ad
1616 5228 1861 5290 tempora
1901 5219 1970 5275 de
1997 5219 2121 5290 qui-

548 5315 650 5370 bus
680 5314 885 5368 dictum
909 5322 1014 5374 est.
1049 5311 1391 5373 duraverint,
1441 5327 1508 5365 ex
1541 5311 1636 5366 illo
1663 5311 1732 5366 ad
1755 5311 1904 5366 hunc
1948 5326 2122 5381 usque

548 5407 692 5460 diem
748 5416 810 5461 ut
838 5406 908 5460 ab
952 5405 1194 5460 oraculis
1228 5404 1548 5474 praedictum
1591 5413 1677 5459 est
1702 5444 1718 5466 ,
1780 5403 2117 5458 defecerunt.

546 5500 706 5571 331
742 5498 974 5566 Quidam
999 5513 1128 5555 vero
1157 5497 1322 5554 etiam
1357 5497 1514 5552 aliter
1568 5496 1782 5556 dicunt.
1806 5495 1993 5566 Magos
2025 5495 2120 5566 qui

547 5593 618 5646 ab
650 5591 871 5650 Oriente
892 5597 1178 5654 venerunt,
1228 5598 1282 5644 et
1319 5588 1620 5654 Christum,
1655 5589 1748 5660 qui
1775 5603 1908 5659 puer
1943 5587 2121 5642 adhuc

546 5697 688 5749 erat,
713 5687 1099 5750 adoraverunt,
1135 5685 1237 5740 hos
1276 5684 1426 5756 ipsos
1452 5699 1575 5741 esse
1594 5724 1609 5747 .
1633 5691 1957 5754 potestatem
2010 5679 2117 5736 Da-

551 5782 746 5835 masci.
801 5781 964 5836 Potes
1019 5783 1184 5836 etiam
1235 5780 1409 5850 magis
1447 5781 1502 5834 in
1562 5780 1877 5834 universum
1912 5777 2114 5840 dicere,

551 5860 741 5930 omnes
783 5875 1095 5943 quicunque
1150 5872 1382 5928 alienam
1441 5887 1472 5926 a
1516 5871 1626 5926 Deo
1675 5869 2117 5941 multitudinique

2226 4667 2433 4735 γενέσει
2460 4666 2554 4719 καὶ
2587 4661 2878 4732 ἐπιφανείᾳ
2903 4660 2996 4713 τοῦ
3038 4660 3289 4732 Σωτῆρος
3320 4657 3468 4729 ἡμῶν
3505 4652 3590 4720 τὴν
3613 4643 3730 4735 δῶμ’
3813 4699 3815 4735 ι

2228 4732 2319 4830 μιν
2341 4756 2630 4830 Δαμασκοῦ
2654 4754 3063 4828 καθῃρημένην,
3093 4753 3186 4806 καὶ
3200 4752 3268 4805 τὰ
3295 4749 3459 4804 σκῦλα
3483 4732 3729 4830 Σαμαρείας

2223 4825 2458 4924 ηρμένα,
2486 4849 2630 4904 τοῦτ’
2655 4825 2914 4911 έστιηντάς
2959 4844 3230 4916 βασιλείας
3271 4841 3466 4903 αὐτῶν,
3509 4835 3578 4893 αἶ.
3612 4825 3726 4924 μᾶῆ

2353 4943 2693 5016 δηλουμένων
2736 4940 2942 5012 χρόνων
2962 4914 3346 5011 -διαρκέσασαι,
3369 4934 3423 5000 ἐξ
3457 4927 3634 4984 ἐκείνου
3663 4914 3724 4970 καὶ

2224 5041 2302 5103 είς
2331 5037 2490 5110 δεῦρο
2518 5034 2904 5100 διαλελοίπασι,
2939 5032 3078 5086 κατά
3115 5031 3212 5094 τὰς
3258 5029 3403 5090 θείας
3442 5017 3717 5114 προξρήςξις·
3803 5099 3805 5114 i

2222 5132 2358 5186 Φασὶ
2384 5129 2441 5184 δέ
2475 5147 2617 5193 τινες
2656 5129 2750 5182 καὶ
2793 5127 2970 5190 ἄλλως
2993 5166 3007 5189 ,
3037 5125 3163 5190 τοὺς
3200 5124 3296 5178 ἀπ’
3341 5112 3598 5180 Ἀνατολῆς
3634 5112 3719 5164 ειη·

2222 5224 2447 5287 λυθότας
2510 5222 2735 5289 Μάγους
2761 5259 2777 5283 ,
2858 5220 2953 5272 καὶ
3019 5217 3097 5288 τῷ
3151 5214 3369 5287 Χριστῷ
3423 5203 3594 5270 παιδίῳ
3640 5193 3716 5289 βτί

2222 5314 2734 5390 προσκεκυνηκότας
2757 5353 2773 5378 ,
2834 5311 3054 5374 τούτους
3106 5303 3245 5363 εἶναι
3301 5307 3397 5377 τὴν
3431 5298 3622 5390 δύναμιν
3797 5345 3799 5365 i

2223 5379 2457 5482 μασκοῦ.
2546 5379 2735 5468 librat;
2795 5403 2841 5457 δ’
2904 5402 2971 5456 ἂν
3040 5400 3535 5484 καθολικώτερον)-
3795 5425 3797 5441 ι

2218 5469 2344 5565 τοὺς
2397 5500 2500 5571 τὴν
2553 5499 2650 5570 μὲν
2688 5495 2846 5551 ἀθεον
2896 5497 2993 5551 καὶ
3049 5492 3306 5548 πολύθεον
3352 5469 3708 5571 clamitas???"

2219 5561 2706 5664 ἀποὲττραὶφέᾰτας.
2765 5587 2844 5659 τῷ
2901 5587 2959 5642 δὲ
3161 5578 3389 5657 Χριστοὗ
3430 5561 3707 5664 “uti”:

2601 5720 2618 5745 ,
2642 5643 2660 5653 ν
2693 5643 2935 5751 μάλίστα
2995 5679 3043 5731 εί
3101 5643 3313 5730 δυνατοί
3362 5674 3493 5760 {tv-SC

2217 5776 2359 5846 λόγῳ
2415 5773 2508 5828 καὶ
2558 5743 2729 5844 Ὗσδφίᾲ
2773 5770 2867 5824 τοῦ
2901 5770 3093 5833 αἰῶνος
3137 5767 3322 5822 τοῦτον
3339 5800 3354 5822 ν
3398 5743 3700 5846 αίξτοὺξ
3783 5779 3787 5830 λ

2216 5867 2342 5930 τοὺς
2366 5862 2794 5938 ὀνομαζομένους
2822 5860 3048 5934 δύναμιν
3070 5849 3374 5929 Δαμασκοῦ.
3425 5844 3556 5896 iter:
3576 5831 3697 5879 ταυτα

3770 6089 3780 6137 .
