3894 6522
165 441 255 504 ὗέε
1050 436 1704 497 DEMONSTBATIONlS
1733 434 2193 494 EVANGELICAZ
2215 434 2344 492 LIB.
2377 434 2491 492 VII.

3277 439 3390 496 526

158 562 353 635 γέγονεν
381 558 415 631 ἡ
439 557 760 629 παρεμϐολὴ
793 555 886 611 τοῦ
912 557 1241 630 δηλωθέντος
1265 557 1525 630 τοσαύτη,
1566 557 1707 613 ὥστε

1813 571 1966 621 rum,
1994 564 2049 611 et
2079 554 2305 610 abstulit
2345 553 2414 610 de
2458 553 2649 609 Judaea
2696 553 3014 618 hominem,
3062 553 3158 626 qui
3206 566 3393 626 posset

159 650 417 726 πληρῶσαι
471 652 534 705 τὸ
574 651 776 715 πλάτος
831 649 933 721 τῆς
997 651 1254 715 Ἰουδαίας
1305 651 1542 723 ἁπάσης.
1595 652 1707 705 Καὶ

158 747 291 801 τοῦτό
312 762 373 815 γε
405 743 544 816 πρὸς
571 742 715 808 λέξιν
742 742 915 806 οὕτως
953 744 1033 807 είς
1073 742 1314 808 ἐκείνους
1347 744 1707 814 ἐκπεπλήρω-

156 857 247 894 ται.
295 836 389 890 Διὰ
439 836 599 890 ποίαν
648 835 848 898 αἰτίαν,
875 836 923 888 εί
947 834 1010 889 δὴ
1038 834 1229 906 μαθεῖν
1264 835 1487 898 ἐθέλεις,
1516 834 1703 891 ἄκουε.

159 933 259 985 ὀτι
289 929 400 1001 μεθ’
426 928 626 1000 ⁴ἡμῶνὸ
647 927 780 991 Θεὸς
817 927 1186 998 Ἐμμανουὴλ,
1219 930 1248 980 ὁ
1272 930 1335 981 ὲκ
1364 926 1465 997 τῆς
1496 927 1706 999 Παρθέσ

158 1038 232 1077 νου
253 1019 658 1091 γεγεννημένος,
678 1019 793 1073 ἀλλ’
835 1019 895 1073 οὐ
947 1019 1038 1072 καὶ
1073 1021 1187 1089 μετ’
1216 1018 1394 1073 αὐτῶν
1420 1015 1487 1091 ἦν
1507 1035 1519 1049 ·
1550 1019 1626 1081 ὡς
1658 1019 1709 1072 εί

158 1129 210 1180 γε
236 1107 365 1182 εἶχον
394 1110 578 1174 αὑτὸν,
616 1111 716 1163 οὐκ
765 1108 832 1163 ἂν
858 1109 1029 1163 ταῦτα
1083 1110 1462 1165 πεπόνθεισαν.
1506 1110 1597 1164 Διὸ
1639 1110 1704 1182 δὴ

159 1204 264 1274 ἑξῆς
283 1205 311 1256 ὁ
333 1203 487 1272 λόγος
517 1206 629 1267 τοῖς
655 1202 865 1256 ἔθνεσιν
894 1201 1177 1256 ἐπιϐοᾶται
1210 1203 1300 1257 τὸν
1337 1203 1702 1275 Ἐμμανουήλ,

158 1294 327 1362 λὲγων-
364 1314 381 1345 ι
418 1292 559 1347 Μεθ’
598 1293 756 1364 ἡμῶν
798 1305 827 1345 o
868 1292 1001 1355 Θεός
1024 1308 1038 1324 ⁸
1070 1291 1268 1361 γνῶτε,
1305 1291 1454 1363 ἔθνη,
1479 1293 1573 1346 καὶ
1608 1294 1704 1363 ἡτ-

158 1385 317 1439 τᾶσθε.
341 1409 357 1435 ι
385 1385 496 1437 Καὶ
519 1383 693 1437 ταῦτα
724 1383 770 1436 δ’
799 1385 929 1455 ἡμῖν
955 1384 1352 1455 ἑρμηνεύεται,
1382 1386 1463 1447 είς
1504 1384 1566 1437 τὸ
1593 1401 1701 1436 πα-

161 1472 415 1542 ραστῆσαι,
449 1472 528 1535 ὡς
557 1472 689 1525 ποτὲ
719 1473 817 1544 μὲν
850 1472 991 1526 κατὰ
1018 1472 1183 1538 λέξιν,
1210 1474 1341 1527 ποτὲ
1385 1474 1442 1527 δὲ
1469 1473 1535 1527 δι’
1562 1476 1702 1527 αίνι-

156 1563 287 1633 γμῶν
304 1565 370 1617 τὰ
404 1564 637 1617 πλεῖστα
670 1563 778 1617 τῶν
828 1563 1175 1636 προφητειῶν
1209 1564 1568 1636 ἐκλαμϐάνειν
1591 1565 1701 1618 δεῖ·

155 1654 281 1709 ίνθεν
322 1656 376 1709 δὲ
424 1657 785 1727 ὁρμωμένους
812 1658 1078 1730 προσήκει
1114 1656 1299 1710 καὶτὰ
1320 1657 1482 1711 λοιπὰ
1514 1659 1609 1729 τῆς
1648 1660 1706 1711 ὲν

155 1750 286 1820 χερσὶ
314 1751 652 1823 προφητείας
676 1750 878 1822 ὁμοίως
911 1752 1254 1824 ὲπιθεωρεῖν.
1313 1788 1316 1790 ~

1815 653 1979 717 caput
2027 646 2255 709 tollere,
2294 652 2388 700 aut
2417 644 2513 716 qui
2546 644 2777 701 idoneus
2809 654 2958 702 esset
3003 660 3393 703 consummare

1814 735 2065 808 aliquid:
2101 743 2154 791 et
2189 734 2335 790 facta
2368 744 2496 792 sunt
2527 735 2649 807 ejus
2681 743 2864 793 castra
2897 736 3035 792 adeo
3069 752 3298 809 magna,
3331 746 3394 794 ut

1812 830 2085 885 universae
2133 827 2334 884 Judaea:
2378 828 2725 884 latitudinem
2772 829 3139 899 impleverint.
3175 829 3254 884 Et
3289 830 3394 885 hoc

1812 922 2030 994 quidem
2053 936 2151 976 cur
2167 922 2241 976 ita
2261 920 2329 975 ad
2349 922 2572 976 verbum
2604 929 2795 977 contra
2816 922 2937 978 illos
2951 922 3278 993 completum
3298 923 3394 985 sit,

1811 1016 1857 1071 si
1891 1015 1972 1071 vis
2003 1014 2249 1077 discere,
2282 1014 2412 1068 audi
2438 1013 2574 1083 jam.
2607 1012 2814 1085 Nempe
2837 1014 3096 1085 quoniam
3126 1013 3218 1069 ille
3252 1016 3395 1068 Deus

1814 1104 2175 1171 Emmanuel,
2223 1105 2319 1177 qui
2366 1106 2434 1162 de
2466 1104 2691 1177 Virgine
2733 1114 2894 1163 natus
2937 1116 3054 1171 est,
3101 1107 3395 1163 nobiscum

1812 1195 1948 1265 fuit,
1976 1212 2086 1251 non
2114 1212 2240 1251 cum
2272 1196 2381 1252 illis
2407 1214 2422 1265 ;
2448 1212 2574 1252 nam
2606 1198 2652 1253 si
2684 1197 2834 1251 illum
2862 1197 3187 1255 habuissent
3208 1239 3226 1265 ,
3255 1214 3396 1254 nun-

1809 1306 1971 1362 quam
2007 1293 2138 1347 talia
2174 1294 2319 1361 passi
2356 1300 2560 1348 essent.
2598 1291 2946 1362 Quapropter
2972 1292 3087 1361 jam
3122 1293 3387 1364 deinceps

1809 1385 2092 1440 oraculum
2141 1384 2210 1439 ad
2255 1394 2446 1455 gentes
2499 1385 2759 1438 inclamat
2810 1386 2991 1454 ipsum
3036 1383 3390 1451 Emmanuel,

1812 1477 2003 1546 dicens
2038 1496 2051 1531 :
2085 1495 2103 1528 ι
2140 1475 2440 1532 Nobiscum
2493 1474 2674 1542 Deus,
2729 1476 3065 1546 cognoscite.
3092 1486 3301 1547 gentes,
3336 1485 3396 1533 et

1812 1570 2120 1624 vincimini.
2155 1590 2171 1620 ι
2207 1570 2270 1624 Et
2317 1570 2433 1626 haec
2474 1570 2697 1639 quidem
2740 1585 2842 1626 nos
2878 1569 2980 1625 hoc
3024 1569 3188 1624 modo
3220 1569 3395 1627 inter-

1813 1664 2007 1734 pretati
2058 1679 2250 1719 sumus
2275 1706 2289 1732 ,
2322 1674 2381 1718 ut
2421 1665 2876 1727 ostenderemus,
2924 1663 3393 1734 quemadmodum

1814 1771 1963 1811 nunc
2011 1756 2231 1827 quidem
2267 1755 2333 1810 ad
2368 1757 2593 1811 verbum
2614 1797 2630 1822 ,
2668 1770 2816 1810 nunc
2848 1766 3029 1811 autem
3063 1770 3160 1826 per
3192 1756 3395 1811 obseu—

156 1846 305 1900 riores
334 1844 541 1915 figuras
573 1847 867 1901 maximam
916 1846 1328 1917 prophetiarum
1364 1853 1577 1917 partem
1624 1848 1928 1921 intelligere
1952 1859 2204 1921 oportet;
2251 1859 2507 1906 carterum
2565 1850 2680 1920 jam
2738 1851 2864 1908 inde
2911 1852 3199 1918 abeuntes,
3262 1867 3397 1908 con-

155 1939 277 1993 venit
305 1940 469 1994 etiam
500 1940 556 1994 id
584 1940 730 2010 quod
763 1941 832 1996 de
863 1941 1054 1997 eadem
1089 1942 1378 2013 prophetia
1412 1952 1703 2015 superest,
1744 1947 1911 2001 simili
1966 1947 2180 2002 ratione
2234 1947 2614 2017 contemplari.
3352 1963 3355 1966 ‘

210 2034 265 2087 ΕΞ
278 2034 329 2087 δὲ
341 2034 420 2087 ἔτι
443 2036 541 2090 καὶ
559 2035 654 2089 νῦν
674 2038 753 2100 εἰς
770 2032 1031 2107 μέλλοντά
1042 2054 1169 2090 ποτε
1186 2037 1375 2108 χρόνον
1390 2039 1707 2110 γενήσεσθαι

1887 2042 2050 2114 334
2080 2042 2234 2109 Quod
2269 2043 2315 2098 si
2350 2043 2513 2097 etiam
2551 2058 2699 2097 nunc
2728 2042 2900 2099 Judaei
2920 2087 2934 2107 ,
2976 2045 3093 2101 haec
3121 2046 3232 2100 alio
3258 2060 3396 2117 quo-

154 2124 298 2180 ταῦτα
318 2129 365 2180 οἱ
398 2128 468 2180 ἐκ
489 2129 793 2200 περιτομῆς
820 2128 1002 2198 φασὶν,
1022 2129 1113 2181 ἐπὶ
1137 2129 1231 2182 τοῦ
1257 2129 1701 2203 προσδοκωμένου

155 2218 309 2283 αὐτοῖς
334 2220 598 2292 Χριστοῦ,
638 2222 816 2293 ῥητῶς
849 2222 1007 2294 μόνον
1034 2224 1127 2277 καὶ
1157 2224 1294 2294 πρὸς
1320 2225 1464 2292 λέξιν
1483 2226 1702 2281 ἔσεσθαι

154 2310 270 2365 αὐτὰ
317 2312 759 2385 προσδεχόμενοι,
786 2314 1088 2385 ἐρωτητέον
1121 2316 1339 2379 αὐτοὺς,
1369 2316 1483 2381 πῶς
1521 2320 1549 2370 ὁ
1580 2318 1705 2389 μέλ-

154 2400 240 2455 λων
264 2403 408 2472 ἥξειν
446 2405 566 2458 κατ’
598 2404 794 2470 αὐτοὺς
827 2405 1054 2477 λήψεται
1101 2407 1329 2477 δύναμιν
1387 2409 1701 2479 Δαμασκοῦ,

154 2499 231 2551 καὶ
250 2498 311 2552 τά
341 2499 517 2553 σκῦλα
541 2499 855 2572 Σαμαρείας
872 2500 1052 2554 ἔναντι
1083 2501 1343 2572 βασιλέως
1383 2503 1702 2572 Ἀσσυρίων,

154 2590 518 2664 καθῃρημένης
554 2592 654 2663 μὲν
688 2592 787 2664 ἤδη
834 2595 932 2663 τῆς
966 2594 1277 2666 Σαμαρείας
1303 2594 1445 2647 κατὰ
1477 2595 1570 2648 τὸν
1597 2612 1702 2648 πα-

156 2682 292 2754 ρόντα
329 2685 546 2757 καιρὸν,
600 2686 696 2740 καὶ
736 2686 931 2757 μηκέτι
960 2685 1146 2759 οὔσης,
1184 2686 1320 2744 ἀλλὰ
1357 2688 1570 2758 καὶτῆς
1591 2689 1706 2741 ὀνο-

158 2779 442 2851 μαζομένης
489 2781 774 2851 δυνάμεως
816 2781 1109 2852 Δαμασκοῦ
1145 2782 1409 2854 μηδαμῶς
1431 2782 1706 2854 ὑπαρχού-

155 2888 256 2941 σης,
284 2872 414 2942 μηδὲ
444 2873 546 2944 τῆς
576 2872 684 2926 τῶν
727 2872 1025 2945 Ἀσσυρίων
1047 2873 1386 2940 δυναστείας,
1426 2876 1492 2947 ἣν
1531 2876 1704 2947 Μῆδοι

155 2963 232 3016 καὶ
275 2965 479 3037 Πέρσαι
541 2966 860 3030 καθελόντες
896 2966 1063 3020 πάλαι
1098 2967 1226 3021 ποτὲ
1260 2966 1561 3033 διεδέξαντο
1586 2985 1601 3032 ;
1629 2961 1703 3020 ὧν

154 3054 267 3125 ὁμοῦ
310 3057 529 3111 πάντων
581 3058 722 3111 κατὰ
753 3059 845 3112 τὸν
892 3057 1166 3113 ἐνεστῶτα
1215 3059 1404 3130 καιρὸν
1429 3058 1565 3129 μηδὲ
1605 3060 1704 3130 τὴν

154 3147 300 3218 ἀρχὴν
328 3148 677 3219 ὑφεστώτων,
704 3150 820 3214 πῶς
848 3150 1071 3204 δυνατὸν
1113 3152 1193 3214 εἰς
1225 3150 1486 3220 μέλλοντα
1516 3150 1705 3220 χρόνον

154 3237 236 3308 τὴν
265 3240 581 3313 καθαίρεσιν
604 3242 782 3296 αὐτῶν
820 3241 1157 3314 προσδοκᾷνς
1200 3242 1337 3295 Ἀλλ’
1365 3241 1488 3296 οὔτε
1517 3242 1705 3297 ἄλλοτε

156 3327 348 3384 ¹αἰνιτοτε
385 3332 554 3385 πάλαι
608 3334 870 3405 πρότερον
917 3334 1238 3406 γεγενῆσθαι
1273 3335 1340 3388 τά
1371 3336 1706 3407 προφητευό-

1811 2135 1934 2189 dam
1983 2145 2225 2204 tempore
2268 2133 2448 2189 futura
2492 2150 2615 2191 esse
2654 2138 2868 2201 dicant,
2925 2145 3111 2207 utpote
3161 2152 3286 2191 cum
3328 2153 3395 2192 ea

1812 2244 1877 2283 ex
1925 2227 2131 2296 scripto
2175 2226 2474 2290 duntaxat,
2531 2237 2692 2298 atque
2741 2230 2807 2283 ad
2861 2230 3124 2294 verbum,
3172 2229 3249 2293 de.
3290 2245 3390 2293 eo,

1812 2318 1903 2388 qui
1949 2317 2018 2373 ah
2063 2318 2197 2388 ipsis
2239 2317 2417 2373 adhuc
2462 2327 2830 2389 exspectatur,
2886 2320 3105 2377 Christo
3146 2320 3398 2391 accipere

1814 2413 2059 2475 soleant,
2106 2411 2630 2483 interrogandisunt
2654 2415 2942 2485 protinus,
2977 2413 3252 2483 quomodo
3299 2414 3395 2484 qui

1814 2514 2078 2559 venturus
2123 2515 2240 2568 est,
2274 2512 2332 2558 ut
2362 2504 2468 2574 ipsi
2501 2506 2685 2569 aiunt,
2732 2515 3054 2576 potestatem
3102 2506 3395 2573 Damasci,

1811 2604 1864 2650 et
1915 2595 2090 2665 spolia
2141 2594 2401 2650 Samaria:
2450 2596 2682 2666 accipiet
2725 2613 2912 2651 coram
2964 2613 3091 2668 rege
3140 2598 3398 2669 Assyrio-

1813 2704 1955 2754 rum,
1985 2704 2109 2743 eum
2152 2688 2205 2742 in
2231 2689 2482 2758 praesenti
2506 2696 2750 2759 tempore
2780 2688 3026 2744 Samaria
3051 2690 3265 2746 sublata
3290 2689 3392 2753 sit,

1812 2793 1989 2849 neque
2034 2778 2268 2848 amplius
2314 2778 2572 2840 exsistat,
2617 2786 2672 2832 et
2729 2793 2789 2834 ea
2842 2794 2965 2849 qua:
3020 2786 3262 2848 potestas
3288 2777 3396 2832 Da-

1813 2869 1984 2925 masci
2025 2870 2361 2935 nominatur,
2411 2887 2681 2941 nusquam
2722 2879 3013 2943 appareat,
3057 2886 3237 2942 neque
3265 2872 3394 2927 item

1813 2962 2054 3031 potentia
2102 2962 2479 3032 Assyriorum,
2515 2978 2678 3033 quam
2724 2964 2943 3034 quidem
2989 2979 3114 3018 cum
3151 2963 3290 3018 Medi
3331 2978 3397 3018 ac

1811 3053 1994 3109 Persae
2037 3054 2396 3118 evertissent,
2445 3055 2499 3109 in
2532 3055 2652 3123 ejus
2687 3055 2868 3110 locum
2899 3054 3229 3126 jampridem
3268 3070 3396 3110 suc—

1813 3148 2143 3203 cesserunt?
2178 3162 2299 3217 quae
2351 3147 2514 3202 simul
2567 3148 2750 3201 omnia
2800 3162 2924 3201 cum
2977 3147 3063 3202 sui
3112 3148 3393 3217 ipsorum,

1812 3241 1917 3295 hoc
1966 3240 2084 3310 ipso
2143 3248 2385 3310 tempore
2438 3241 2527 3294 vix
2584 3240 2841 3310 exiguum
2899 3240 3170 3311 quoddam
3225 3240 3395 3295 vesti-

1813 3334 1961 3404 gium
2013 3332 2419 3395 demonstrent,
2471 3347 2580 3401 quo
2631 3333 2907 3401 possimus
2957 3349 3021 3388 ea
3073 3333 3243 3390 fuisse.
3294 3335 3396 3389 alio-

158 3427 272 3495 μενά
303 3431 451 3482 ἐστιν
486 3430 683 3482 εἰπεῖν.
732 3427 920 3491 Οὐδεὶς
964 3426 1092 3495 γοῦν
1116 3428 1244 3499 παρ’
1292 3426 1561 3498 Ἑϐραίοις
1598 3426 1707 3481 πώ-

1818 3425 2036 3496 quando
2080 3425 2391 3494 conjicere,
2439 3425 2534 3493 qui
2576 3428 2794 3481 tandem
2849 3424 2964 3479 ﬁeri
3019 3433 3197 3495 potest
3248 3426 3396 3480 utin

157 3533 267 3573 ποτε
306 3522 370 3573 ὲκ
398 3521 730 3592 προφήτιδος
778 3520 1003 3591 μητρὸς,
1033 3521 1125 3573 καὶ
1173 3520 1393 3572 Ἡσαΐου
1428 3517 1521 3571 τοῦ
1571 3537 1706 3591 προ-

157 3612 303 3681 φήτου
341 3612 641 3683 γεννηθεὶς,
690 3611 862 3664 σκῦλα
896 3613 1207 3683 Σαμαρείας
1237 3612 1329 3665 καὶ
1349 3611 1575 3682 δύναμιν
1602 3614 1707 3667 Δα-

160 3703 344 3771 μασκοῦ
365 3703 505 3758 κατὰ
556 3702 650 3757 τοῦ
687 3703 948 3775 βασιλέως
992 3702 1290 3775 Ἀσσυρίων
1340 3703 1707 3775 στρατεύσας,

156 3792 219 3855 ὡς
243 3794 372 3866 πρὸς
405 3794 576 3867 ῥητὴν
628 3794 866 3847 διάνοιαν
916 3792 1094 3846 λαϐὼν
1129 3793 1407 3865 ἱστόρηται
1432 3811 1446 3824 ⁸
1483 3792 1621 3846 ὥστε
1650 3792 1709 3859 ἐξ

159 3884 371 3949 ᾶπαντος
419 3885 721 3958 ὁμολογεῖν,
756 3885 899 3939 αὐτὰ
923 3884 1063 3940 κατὰ
1088 3884 1185 3956 τὴν
1219 3885 1571 3939 ἀποδοθεῖσαν
1596 3886 1711 3940 διά-

157 3994 279 4031 νοιαν
311 3981 482 4050 μόνως
516 3978 931 4051 πεπληρῶσθαι,
967 3979 1066 4032 οὐκ
1088 3977 1272 4033 ἄλλοτε
1301 3975 1548 4050 δηλαδὴῆ
1571 3976 1711 4030 κατὰ

158 4068 238 4141 τὴν
256 4071 549 4142 γενομένην
572 4070 874 4143 παρουσίαν
919 4070 1094 4143 Ἰησοῦ
1115 4069 1209 4124 τοῦ
1250 4070 1501 4143 Σωτῆρος
1531 4068 1706 4141 ἡμῶν,

159 4160 259 4212 καθ’
285 4162 342 4215 ὃν
374 4162 735 4234 ἀπεδείξαμεν
775 4162 930 4225 τέλος
962 4162 1239 4233 εἰληφέναι
1272 4162 1339 4216 τὰ
1372 4179 1711 4233 προηγορευ-

165 4250 299 4317 μένα.
354 4256 599 4327 Ἐγράφη
626 4254 668 4307 δ’
701 4250 794 4308 οὖν
845 4253 985 4307 κατὰ
1031 4255 1128 4323 τὴν
1180 4255 1516 4326 προφητείαν
1560 4255 1651 4307 καὶ
1683 4255 1711 4309 ὁ

163 4341 321 4405 καινὸς
353 4346 517 4414 τόμος
548 4345 641 4396 ἐπὶ
667 4345 767 4415 τῆς
800 4343 962 4397 αὐτοῦ
996 4344 1316 4416 παρουσίας,
1338 4346 1367 4396 ὁ
1391 4344 1489 4415 τῆς
1515 4344 1710 4413 καινῆς

162 4432 405 4506 Διαθήκης
444 4434 601 4503 λόγος
649 4437 748 4507 τὴν
776 4435 989 4505 γένεσιν
1023 4435 1290 4507 περιέχων
1321 4435 1415 4488 τοῦ
1444 4436 1542 4506 τῆς
1579 4451 1713 4506 προ-

162 4520 355 4590 φήτιδος
392 4522 535 4586 υἱοῦ,
565 4524 625 4588 ὃς
678 4525 771 4578 καὶ
809 4524 945 4597 πρὸς
972 4523 1115 4591 λέξιν
1150 4525 1243 4578 καὶ
1271 4525 1585 4596 Δαμασκοῦ,
1617 4526 1712 4578 καὶ

162 4606 334 4679 Συρίας
363 4612 583 4684 ἀπάσης
617 4613 717 4685 τὴν
744 4613 1031 4686 βασιλικὴν
1074 4614 1327 4687 δύναμιν,
1360 4616 1431 4670 τά
1450 4634 1511 4670 τε
1541 4619 1713 4689 ἑρμη-

163 4695 385 4752 νενθέντα
436 4702 572 4771 ἡμῖν
602 4701 775 4756 σκῦλα
817 4703 1129 4776 Σαμαρείας
1159 4706 1381 4778 ἀρρήτῳ
1409 4707 1502 4761 καὶ
1544 4708 1713 4778 ἐνθέῳ

1815 3518 2061 3572 futurum
2096 3528 2315 3587 tempus
2345 3532 2537 3571 eorum
2572 3523 2926 3587 exspectetur
2957 3516 3215 3573 eversio?
3243 3520 3391 3589 atqui

1812 3626 1881 3665 ne
1922 3617 2081 3663 antea
2127 3607 2349 3679 quidem
2395 3610 2509 3664 ullo
2545 3624 2785 3680 unquam
2818 3617 3063 3679 tempore
3094 3609 3239 3664 facta
3272 3626 3397 3666 esse

1814 3718 1876 3758 ea
1904 3719 2027 3773 quae
2050 3702 2103 3756 in
2138 3702 2457 3773 hujusmodi
2485 3702 2771 3773 prophetia
2800 3703 3177 3767 continentur,
3206 3701 3393 3758 dicere
3444 3711 3452 3724 '

1815 3798 1926 3852 ullo
1952 3797 2118 3851 modo
2145 3805 2399 3865 possunt.
2427 3795 2621 3853 Nullus
2657 3803 2809 3853 certe
2840 3811 3081 3866 unquam
3115 3795 3260 3877 apud
3288 3792 3395 3850 He-

1814 3890 1989 3945 braeos
2016 3905 2082 3945 ex
2113 3888 2432 3960 praphetica
2465 3896 2641 3945 matre
2668 3897 2721 3944 et
2747 3887 2886 3943 Isaia
2912 3888 3179 3959 propheta
3208 3895 3391 3949 natus,

1813 3982 1990 4052 spolia
2038 3979 2305 4035 Samarite
2345 3987 2398 4035 et
2440 3988 2765 4050 potestatem
2813 3980 3101 4043 Damasci,
3143 3977 3391 4035 exercitu

1812 4083 2004 4128 contra
2040 4088 2224 4144 regem
2249 4072 2605 4143 Assyriorum
2636 4079 2956 4141 comparato
2983 4074 3080 4140 (ut
3109 4087 3230 4127 eam
3263 4086 3393 4127 sen-

1813 4163 2040 4221 tentiam
2076 4181 2373 4236 sequamur
2403 4181 2525 4236 quae
2555 4180 2585 4218 a
2618 4163 2804 4219 verbis
2836 4180 2947 4218 non
2981 4163 3265 4232 recedit),
3301 4178 3397 4219 ac-

1812 4259 2026 4329 cepisse
2058 4267 2416 4312 memoratur.
2452 4257 2611 4312 Omni
2645 4257 2829 4326 itaque
2863 4258 3078 4311 ratione
3108 4255 3267 4313 fateri
3299 4271 3397 4312 co-

1812 4352 1992 4422 gimur
2013 4366 2074 4406 ea
2100 4351 2480 4405 tantummodo
2504 4350 2810 4406 secundum
2838 4349 3093 4420 superius
3122 4348 3392 4406 redditam

1814 4458 1844 4495 a
1876 4441 2037 4497 nobis
2070 4443 2401 4497 sententiam
2438 4442 2714 4511 completa
2746 4456 2872 4497 esse
2896 4482 2911 4506 ,
2960 4440 3064 4496 hoc
3093 4447 3179 4496 est
3201 4482 3216 4507 ,
3255 4456 3392 4495 nus-

1813 4550 1976 4606 quam
2019 4535 2156 4590 alias
2200 4550 2365 4605 quam
2410 4546 2534 4606 post
2577 4534 2868 4591 adventum
2913 4532 3044 4589 Jesu
3091 4532 3399 4590 Salvatoris

1813 4629 2027 4695 nostri,
2058 4642 2168 4700 quo
2201 4636 2447 4698 tempore
2474 4627 3008 4692 demonstravimus,
3039 4640 3104 4681 ea
3135 4640 3258 4696 quae
3293 4626 3400 4683 hoc

1815 4718 1980 4774 modo
2008 4718 2268 4789 praedicta
2302 4726 2467 4785 sunt,
2503 4718 2663 4773 linem
2695 4718 3000 4785 accepisse.
3029 4716 3174 4791 Ergo
3204 4717 3260 4772 in
3298 4719 3400 4773 hu-

162 4783 358 4860 δυνάμει
378 4793 459 4856 είς
488 4796 675 4865 χεῖρας
707 4794 807 4865 τῆς
843 4796 1130 4867 Ῥωμαίων
1164 4796 1437 4867 βασιλείας
1462 4798 1707 4870 παρέδω-

1813 4809 1905 4880 jus
1951 4783 2186 4867 adventu
2210 4851 2227 4876 ,
2273 4812 2417 4866 sicut
2456 4783 2522 4866 in
2571 4811 2691 4882 ipsa
2732 4783 3017 4880 prophetia
3057 4783 3399 4874 continetur,

164 4894 267 4931 κεν
316 4884 378 4937 οὐ
412 4886 521 4957 μὴν
572 4885 709 4939 ἀλλὰ
748 4888 844 4941 καὶ
875 4889 1015 4943 κατὰ
1050 4889 1288 4944 διάνοιαν
1317 4891 1443 4954 τοὺς
1482 4891 1541 4957 ἐξ
1580 4892 1710 4945 Ἰου-

162 4968 296 5027 δαίων
316 4978 476 5032 αύτοῦ
510 4979 777 5052 μαθητάς,
803 4982 991 5055 ὥσπερ
1011 4985 1132 5039 τινὰ
1153 4983 1323 5038 σκῦλα
1353 5002 1715 5057 περιπεποιη-

168 5063 318 5132 μένος,
367 5074 577 5141 νοητοῖς
603 5074 697 5126 καὶ
733 5072 969 5143 λογικοῖς
1014 5076 1199 5140 ὅπλοις
1247 5076 1609 5149 περιφράξας,
1632 5081 1713 5142 εἰς

167 5155 423 5224 πρόσωπον
452 5162 545 5216 τοῦ
588 5163 918 5235 δηλωθέντος
951 5166 1211 5237 βασιλέως
1256 5169 1555 5240 Ἀσσυρίων
1581 5188 1714 5224 κατ-

166 5251 420 5321 εστήσατο,
467 5257 564 5309 καὶ
592 5257 815 5321 τούτους
850 5259 947 5331 μὲν
986 5261 1062 5324 ὡς
1092 5261 1325 5325 οἰκείους
1375 5263 1713 5335 στρατιώτας

165 5341 358 5410 ὁπλίτας
385 5351 795 5420 παρεσκεύασεν
814 5369 827 5382 ο
853 5352 977 5417 τούς
989 5371 1051 5423 γε
1073 5355 1177 5426 μὴν
1203 5356 1714 5427 παραιτησαμένους

166 5431 217 5484 τὸ
242 5435 448 5509 γόνιμον
473 5442 575 5503 ,καὶ
604 5440 832 5506 ζωτικὸν
871 5444 1014 5517 ὕδωρ
1053 5447 1151 5518 τῆς
1174 5448 1338 5501 αὐτοῦ
1368 5448 1716 5513 διδασκαλίας

167 5522 217 5574 τὸ
232 5530 580 5601 πορευόμενον
606 5535 803 5607 ἡσυχῆ,
840 5535 1123 5608 ἑλομένους
1150 5539 1291 5593 δὲτὰ
1321 5539 1595 5611 πολεμικὰ
1626 5542 1717 5594 καὶ

166 5614 309 5701 ξχθρὲ
331 5621 406 5691 τῷ
432 5622 573 5695 Θεῷ,
612 5624 692 5697 τῷ
720 5626 827 5681 τῶν
877 5628 1174 5701 Ἀσσυρίων
1204 5629 1436 5698 ἐξέδωκε
1483 5630 1712 5701 βασιλεῖ,

164 5698 304 5773 {aut
333 5715 496 5770 είσέτι
550 5716 646 5771 νῦν
687 5722 1011 5792 τυγχάνουσι
1043 5698 1494 5796 δεδουλωμένοι.-
1519 5723 1713 5795 Ἀνέϐη

164 5799 272 5866 γοῦν
300 5799 447 5873 οὗτος
481 5809 578 5863 ἐπὶ
610 5813 788 5866 πᾶσαν
845 5813 1105 5887 φάραγγα
1140 5816 1341 5881 αὐτῶν,
1375 5823 1464 5871 καὶ
1495 5816 1586 5870 ἐπὶ
1607 5818 1715 5869 πᾶν

166 5895 314 5990 imiimi
339 5901 536 5973 αὒτῶν,
566 5903 670 5975 ,καὶ
717 5905 935 5978 ἀφεῖλεν
975 5908 1084 5964 ἀπὸ
1104 5910 1203 5982 τῆς
1243 5911 1501 5976 Ἰουδαίας
1533 5910 1710 5971 πάντα

1818 4900 2059 4970 scriptus
2102 4910 2185 4956 est
2233 4917 2410 4957 novus
2457 4902 2618 4963 liber.
2652 4899 2787 4955 Novi
2829 4901 3022 4972 utique
3052 4900 3396 4958 Testamenti

1816 4992 1985 5048 verba
2014 4984 2385 5063 complectens
2404 5035 2419 5059 ,
2450 5003 2506 5051 et
2532 4995 2587 5049 in
2621 4995 2707 5050 his
2735 5001 2890 5050 ortus
2919 4995 3254 5065 prophetica:
3283 5009 3401 5047 mu-

1816 5084 1972 5140 lieris
2005 5084 2100 5139 ﬁlii
2122 5123 2137 5148 ,
2174 5085 2266 5156 qui
2302 5085 2605 5142 secundum
2640 5087 2806 5141 verba
2840 5085 3169 5157 prophetia,
3206 5093 3259 5138 et
3293 5082 3397 5136 Da-

1818 5176 1990 5230 masci
2034 5182 2089 5230 et
2142 5174 2315 5247 Syriae
2361 5177 2630 5230 universae
2677 5175 2914 5245 regalem
2965 5172 3302 5243 potentiam,
3340 5181 3398 5227 et

1815 5282 1936 5338 quae
1965 5282 2066 5323 nos
2092 5268 2435 5338 interpretati
2467 5282 2690 5329 sumus,
2723 5267 2898 5336 spolia
2931 5263 3193 5320 Samaria:
3217 5306 3231 5330 ,
3264 5264 3400 5319 inef-

1816 5360 1969 5416 fabili
2003 5360 2237 5432 quadam
2281 5359 2576 5428 divinaque
2622 5359 2825 5412 virtute
2866 5358 2923 5410 in
2968 5370 3165 5410 manus
3204 5370 3392 5426 regum

1814 5451 2187 5507 Romanorum
2217 5450 2477 5515 tradidit;
2508 5457 2886 5505 verumtamen
2913 5447 3239 5504 sententiam
3265 5463 3398 5519 quo—

1816 5560 1923 5615 que
1957 5544 2310 5615 sequentibus
2331 5583 2346 5607 ,
2383 5558 2514 5598 suos
2546 5542 2687 5597 idem
2722 5541 2791 5596 de
2815 5539 3021 5599 Judaeis
3048 5541 3354 5610 discipulos
3378 5581 3394 5608 ,

1818 5636 1976 5707 quasi
2031 5634 2202 5705 spolia
2243 5633 2490 5704 quaedam
2527 5632 2791 5703 adeptus,
2823 5628 3268 5701 intelligibilibus
3299 5643 3392 5685 ra-

1819 5727 2227 5797 tionalibusque
2275 5726 2443 5780 armis
2493 5726 2767 5788 munitos,
2812 5725 2867 5779 in
2914 5724 3105 5779 [aciem
3161 5723 3282 5793 ejus
3329 5725 3398 5778 de

1818 5834 1930 5889 quo
1973 5818 2178 5874 dictum
2225 5826 2309 5875 est
2352 5819 2496 5889 regis
2526 5818 2877 5891 Assyriorum
2904 5857 2919 5884 ,
2957 5816 3277 5880 constituit,
3311 5822 3399 5870 at-

1818 5922 1926 5981 que
1971 5908 2073 5966 bos
2118 5916 2381 5981 tanquam
2428 5923 2560 5966 suos
2595 5909 2852 5981 proprios
2897 5915 3146 5985 scutatps
3188 5908 3396 5964 milites
