3894 6536
525 437 630 526 sai

1155 473 1420 530 EUSEBII
1461 473 1938 532 CESARIENSIS
1976 477 2126 533 OPP.
2173 477 2350 533 PARS
2389 476 2452 532 II.
2486 505 2554 542 τ-
2587 449 3077 534 APOLOCETICA.

3653 459 3741 530 εει

521 585 874 654 comparavit.
903 584 1150 638 Attamen
1179 599 1273 640 eos
1304 587 1394 655 qui
1427 584 1716 640 fecundam
1761 588 2074 658 vitalemque

2187 589 2419 662 ἄρχοντα
2467 589 2559 642 καὶ
2611 589 2851 660 βασιλέα,
2909 587 3150 662 κεφαλὴν
3201 587 3619 668 ὀνομαζόμενον,
3665 593 3743 642 ni.

522 679 786 732 doctrina:
815 691 927 731 sua:
957 691 1151 746 aquam
1174 719 1186 740 ,
1219 691 1340 747 quia
1370 694 1492 732 cum
1527 679 1744 734 silentio
1777 683 1980 735 labitur
2009 697 2094 736 re-

521 775 834 828 cusaverint
856 812 870 832 ,
900 777 952 823 et
979 768 1208 824 hostiles
1243 770 1460 839 Deoque
1491 773 1743 827 inimicas
1773 785 1955 842 partes
1985 775 2094 830 ele-

519 843 727 932 gerint:
757 861 866 931 regi
895 860 1243 931 Assyriorum
1273 862 1532 926 tradidit,
1563 865 1650 916 cui
1678 865 1895 934 quidem
1929 866 2089 920 etiam

517 967 664 1008 nunc
695 952 894 1009 addicti
922 953 1184 1008 serviunt.
1209 954 1368 1025 335
1399 957 1656 1011 Ascendit
1689 957 1854 1026 igitur
1883 958 1968 1012 hic
2001 974 2092 1012 su-

521 1061 615 1115 per
645 1062 860 1099 omnem
906 1047 1209 1101 convallem
1251 1049 1494 1117 ipsorum
1527 1089 1540 1112 ,
1573 1059 1628 1103 et
1673 1067 1838 1120 super
1870 1067 2088 1107 omnem

519 1153 733 1192 murum
764 1137 1008 1210 ipsorum
1033 1180 1045 1202 ,
1073 1147 1126 1193 et
1156 1140 1376 1194 abstulit
1403 1141 1468 1196 de
1493 1139 1676 1195 Judma
1706 1157 1918 1196 omnem
1949 1143 2094 1211 priu-

517 1233 692 1300 cipem
721 1246 783 1285 ac
813 1247 992 1302 regem
1019 1277 1031 1296 ,
1061 1233 1153 1302 qui
1185 1233 1288 1286 hoc
1322 1233 1376 1286 in
1414 1233 1532 1288 loco
1559 1241 1722 1304 caput
1749 1235 2086 1300 nominatur,

517 1329 571 1378 et
599 1339 815 1378 omnem
848 1333 1153 1395 potentem,
1187 1327 1278 1395 qui
1311 1327 1512 1398 aliquid
1544 1327 1875 1392 conficeret;
1909 1327 2088 1396 itaque

511 1427 580 1469 ex
613 1415 706 1469 illo
735 1416 788 1469 in
821 1417 968 1470 bune
999 1433 1173 1484 usque
1200 1417 1341 1472 diem
1378 1419 1454 1472 illi
1522 1434 1698 1488 neque
1729 1419 1896 1472 ullum
1925 1425 2088 1487 caput

517 1507 748 1570 habent,
781 1523 956 1578 neque
989 1510 1232 1578 aliquem
1255 1510 1306 1562 in
1339 1509 1538 1564 divinis
1569 1517 1840 1580 potentem
1862 1549 1878 1574 ,
1910 1511 2088 1579 qualis

514 1599 788 1668 quondam
819 1608 970 1664 erat,
1005 1603 1094 1671 qui
1127 1602 1232 1656 illis
1267 1611 1647 1656 oruamentmn
1682 1601 1960 1672 (lecusque
1992 1601 2088 1655 ad-

513 1693 709 1758 debat,
746 1695 860 1748 sive
907 1699 1205 1765 propinata,
1253 1697 1366 1750 sive
1409 1695 1610 1766 alioqui
1649 1695 1830 1766 justus
1871 1695 2086 1766 Deoque

503 1781 725 1838 amicus
753 1785 856 1838 vir.
889 1785 1120 1840 Constat
1152 1795 1332 1840 autem
1369 1785 1500 1839 illud
1536 1801 1783 1855 quoque,
1823 1785 2085 1856 quemad-

511 1875 733 1930 modum
769 1878 947 1932 omnis
982 1878 1224 1948 ipsorum
1263 1879 1411 1947 regio
1443 1878 1681 1931 inimicis
1723 1878 2082 1947 hostibusque

2198 683 2372 736 πάντα
2428 681 2649 734 δυνατὸν
2681 681 3096 734 συντελέσασθαί
3129 697 3213 732 τι·
3267 679 3404 733 ὥστε
3459 678 3516 744 ἐξ
3556 681 3743 734 ἐκείνου

2195 775 2288 826 καὶ
2309 775 2386 835 εἰς
2409 773 2566 844 δεῦρο
2602 775 2737 845 μήτε
2785 771 3024 841 κεφαλὴν
3049 771 3246 834 αὐτοὺς
3281 771 3598 840 κεκτῆσθαι,
3627 775 3743 842 μήτε

2193 865 2312 918 τινὰ
2345 867 2570 919 δυνατὸν
2603 868 2658 918 ἐν
2685 869 2798 928 τοῖς
2841 864 3021 927 θείοις,
3052 859 3164 926 οἷος
3193 859 3260 934 ἦν
3291 865 3318 916 ὸ
3347 863 3513 917 πάλαι
3537 864 3742 936 διαπρέ-

2193 973 2310 1006 πων
2339 957 2396 1008 έν
2443 955 2646 1019 αὐτοῖς,
2698 955 2805 1007 εἴτε
2858 958 3162 1025 προφήτης,
3205 955 3311 1006 εἴτε
3345 953 3520 1016 ἄλλως
3559 952 3742 1016 δίκαιος

2191 1043 2283 1094 καὶ
2336 1042 2586 1114 θεοφιλὴς
2645 1043 2802 1114 ἀνήρ.
2843 1043 3114 1114 Πρόδηλον
3165 1043 3221 1096 δὲ
3287 1045 3436 1106 ὃπως
3469 1043 3563 1096 καὶ
3615 1045 3742 1096 πᾶσα

2191 1133 2368 1187 αὐτῶν
2391 1137 2424 1206 ἡ
2453 1134 2603 1206 χώρα
2637 1135 2946 1206 ὑποχείριος
2973 1140 3085 1199 τοῖς
3101 1136 3278 1188 αὐτῶν
3315 1136 3523 1207 exegi;
3559 1137 3648 1188 καὶ

2187 1227 2394 1297 λεμίοις
2421 1229 2586 1280 είσέτι
2635 1227 2730 1282 νῦν
2774 1228 3098 1300 καθέστηκε,
3141 1229 3236 1282 καὶ
3275 1227 3352 1291 ὡς
3381 1228 3552 1281 ταῦτα
3587 1229 3742 1282 πάντα

2188 1319 2279 1370 ἐπὶ
2311 1321 2374 1390 τῇ
2399 1319 2668 1391 παρουσίᾳ
2719 1319 2812 1373 τοῦ
2861 1321 3205 1392 Ἐμμανουὴλ
3239 1320 3570 1373 τετέλεσται.
3603 1319 3742 1374 Οὕτω

2187 1409 2316 1478 γοῦν
2363 1413 2395 1480 ἡ
2442 1411 2703 1483 Ἐϐραίων
2737 1413 2920 1484 γραφὴ
2959 1413 3217 1484 περιέχει,
3250 1414 3527 1484 μονονουχὶ
3565 1414 3738 1484 σημαία

2187 1519 2370 1565 νουσα,
2429 1501 2520 1556 τὸν
2587 1503 2933 1576 Ἐμμανουῆλ
2991 1505 3082 1556 τὸν
3113 1503 3481 1572 ἀπιπηθέντα
3525 1505 3622 1575 μὲν
3653 1505 3740 1558 ὑπὸ

2199 1591 2487 1655 Ἰουδαίων.
2524 1597 2616 1648 καὶ
2647 1598 2817 1649 αἴτιον
2846 1597 3028 1660 αὐτοῖς
3060 1596 3167 1649 τῶν
3187 1596 3452 1649 τοσούτων
3473 1597 3740 1667 γενόμενον

2187 1687 2500 1758 συμφορῶν,
2530 1691 2662 1758 ἡμῖν
2685 1687 2739 1740 δὲ
2759 1691 2870 1749 τοῖς
2891 1689 3066 1741 ἔθνεσι
3089 1687 3461 1750 πιστευθέντα,
3487 1688 3742 1759 σωτηρίας

2183 1793 2242 1828 τε
2278 1778 2370 1830 καὶ
2429 1777 2682 1846 γνώσεως
2721 1778 2856 1832 Θεοῦ
2897 1779 3184 1852 παραίτιον
3233 1779 3635 1849 ἀποδειχθέντα.
3665 1780 3741 1832 Arb

2187 1869 2315 1938 έξῆς
2365 1870 2672 1938 ὲπιλέγεται
2697 1887 2710 1902 ·
2750 1890 2766 1922 ι
2792 1871 2926 1924 Μεθ’
2959 1873 3114 1943 ἡμῶν
3135 1874 3164 1924 ὁ
3183 1871 3317 1936 Θεὸς
3337 1889 3348 1901 ·
3377 1872 3574 1940 γνῶτε,
3609 1871 3738 1941 ἔθνη,

513 1969 754 2038 ipsorum
786 1970 1064 2039 subjecta,
1100 1970 1152 2023 in
1191 1970 1335 2024 lumc
1371 1987 1543 2041 usque
1573 1970 1717 2024 diem
1751 1981 1995 2032 vexetur,
2029 1979 2074 2024 el

2185 1962 2277 2014 καὶ
2308 1963 2562 2032 ἡττᾶσθε.
2604 1983 2622 2016 ι
2659 1964 2968 2034 Ἥττήμεθα
3001 1964 3132 2033 γοῦν
3165 1965 3237 2026 ὡς
3267 1963 3478 2034 ἀληθῶς
3511 1963 3666 2033 ἡμεῖς
3697 1963 3738 2016 of

505 2059 624 2113 lucc
665 2059 920 2116 universa
963 2061 1016 2115 in
1065 2061 1238 2133 ipsius
1283 2062 1875 2118 Emmanttel-adventu
1919 2079 2079 2118 suum

509 2153 670 2205 linem
718 2153 912 2206 sortita
956 2155 1086 2208 sint.
1137 2153 1249 2208 Hoc
1303 2156 1482 2225 ipsum
1540 2171 1674 2210 sane
1725 2154 2077 2209 Hebraeorum

505 2245 712 2312 scripta
757 2245 1070 2311 continent,
1127 2263 1248 2316 qua:
1297 2246 1686 2317 propemodum
1738 2247 2079 2317 significant,

509 2333 688 2404 ipsum
739 2333 1093 2398 Emmanuel,
1146 2339 1232 2391 cui
1279 2339 1502 2393 credere
1539 2339 1833 2392 noluerunt
1869 2336 2078 2406 Judmi,

507 2427 784 2482 auc‘Mrem
811 2429 916 2484 illis
949 2437 1222 2484 tantarum
1247 2431 1620 2485 calamitatum
1646 2431 1925 2485 exstitisse
1952 2449 1965 2496 ;
1993 2447 2084 2484 no-

503 2517 588 2573 bis
618 2527 796 2573 autem
823 2521 1073 2590 gentibus
1095 2562 1110 2584 ,
1145 2539 1264 2592 qua:
1287 2523 1360 2576 illi
1389 2521 1746 2586 credidimus,
1771 2529 1820 2574 et
1851 2523 2078 2576 salutem

505 2620 558 2662 et
594 2609 683 2664 Dei
714 2611 982 2676 notitiam,
1025 2613 1211 2680 utjam
1236 2613 1665 2668 demonstratum
1708 2621 1821 2674 est,
1862 2613 2077 2666 attulis-

503 2718 582 2754 se.
619 2701 798 2768 Quare
829 2702 1082 2774 deinceps
1133 2705 1480 2774 adjungitur:
1525 2724 1542 2756 ι
1579 2703 1872 2758 Nobiscum
1905 2702 2073 2758 Deus:

503 2797 838 2862 cognoscite,
875 2805 1080 2864 gentes,
1113 2803 1168 2848 et
1203 2795 1503 2850 vincimini.
1536 2815 1552 2846 ι
1585 2795 1861 2864 Siquidem
1889 2811 1987 2849 nos
2012 2811 2078 2850 ex

501 2883 756 2948 gentibus
786 2883 914 2936 victi
943 2898 1135 2938 sumus
1173 2900 1230 2939 re
1265 2900 1391 2939 vera
1418 2925 1432 2950 ,
1469 2885 1562 2958 qui
1598 2885 1700 2954 ipsi
1739 2886 1990 2946 veritati,
2023 2895 2076 2940 et

503 2975 701 3028 stantis
747 2975 1038 3029 nobiscum
1089 2975 1184 3030 Dei
1241 2977 1426 3030 virtuti
1477 2976 1763 3040 cedentes,
1812 2977 1865 3030 in
1923 2977 2074 3030 illum

501 3065 868 3127 credidimus,
919 3066 1283 3137 cedentesque
1333 3069 1507 3124 eidem
1557 3070 1842 3140 paruimus
1884 3085 2074 3124 omnes

499 3157 724 3225 pariter,
758 3161 1069 3230 quicunque
1115 3177 1287 3230 usque
1329 3161 1396 3216 ad
1437 3171 1680 3216 extrema
1716 3169 1874 3218 terra:
1914 3163 2071 3217 habia

2185 2052 2244 2118 ἐξ
2302 2055 2468 2106 ἐθνῶν
2499 2057 2577 2118 είς
2625 2056 2786 2109 αὐτὸν
2834 2057 3277 2119 πεπιστευκότες,
3318 2055 3630 2126 νικηθέντες
3652 2053 3741 2107 ὑπὸ

2184 2145 2282 2215 τῆς
2315 2147 2570 2219 ἀληθείας
2595 2149 2688 2201 καὶ
2718 2150 2814 2220 τῆς
2841 2149 2934 2201 τοῦ
2964 2149 3254 2219 γενομένου
3292 2147 3409 2216 μεθ’
3441 2148 3597 2217 ἡμῶν
3621 2145 3740 2200 Θεοῦ

2182 2236 2462 2308 δυνάμεως
2482 2255 2494 2266 ·
2533 2237 2854 2309 ἡττηθέντες
2883 2255 2941 2290 τε
2964 2238 3352 2310 ὑπηκούσαμεν
3382 2237 3528 2308 αὖτῷ
3563 2237 3740 2300 πάντες

2181 2327 2314 2398 ὁμοῦ
2349 2331 2396 2381 οἱ
2433 2330 2594 2400 μέχρι
2633 2330 2739 2384 τῶν
2769 2332 3029 2400 ὲσχατιῶν
3075 2331 3455 2395 κατοικοῦντες
3499 2332 3602 2404 τῆς
3631 2333 3736 2404 γῆς,

2183 2419 2319 2473 κατὰ
2351 2422 2448 2492 τὴν
2489 2423 2736 2492 φήσασαν
2777 2424 3146 2494 προφητείαν·
3187 2443 3206 2474 α
3257 2423 3620 2478 Ἐπακούσατε
3651 2425 3740 2488 ἕως

2181 2514 2408 2582 ἐσχάτου
2453 2515 2552 2584 τῆς
2595 2517 2715 2584 γῆς.
2749 2534 2766 2567 ι
2811 2517 2944 2568 Ἀλλ’
2979 2520 3136 2587 ἡμεῖς
3179 2517 3279 2586 μὲν
3314 2518 3410 2570 καὶ
3451 2517 3736 2588 ἡττήμεθα.

2181 2607 2272 2658 καὶ
2327 2607 2576 2660 καλοῦντι
2632 2609 3017 2680 ὑπηκούσαμεν
3039 2625 3053 2638 ·
3093 2611 3204 2671 τοῖς
3239 2608 3297 2661 δὲ
3339 2609 3418 2662 ἔτι
3453 2609 3559 2662 τῶν
3585 2609 3738 2662 ὲθνῶν

2179 2698 2464 2753 ἀπειθοῦσι
2498 2701 2566 2753 τὰ
2606 2702 2730 2771 ἑξῆς
2769 2702 3110 2756 ἀποτείνεται
3144 2702 3314 2770 λέγων
3339 2721 3351 2731 ·
3395 2722 3414 2752 ι
3455 2702 3738 2772 Ἰσχυκότες

2181 2791 2435 2859 ἡττᾶσθε.
2505 2795 2599 2846 Ἂν
2633 2794 2741 2865 γὰρ
2772 2795 2934 2848 πάλιν
3001 2795 3275 2865 ίσχύσητε,
3325 2795 3488 2850 πάλιν
3517 2795 3736 2868 ἡττηθή-

2181 2883 2368 2936 σεσθε·
2403 2885 2493 2938 καὶ
2525 2885 2678 2956 λόγον
2703 2888 2759 2939 ὃν
2793 2887 2858 2939 ἂν
2899 2887 3278 2958 βουλεύσησθε,
3313 2889 3374 2941 ού
3423 2890 3497 2960 μὴ
3523 2889 3734 2960 ἐμμείνῃ

2183 2975 2240 3026 ἐν
2278 2977 2425 3046 ὑμῖν,
2461 2977 2539 3030 ὅτι
2576 2979 2693 3048 μεθ’
2717 2979 2874 3050 ἡμῶν
2898 2981 2925 3032 ὁ
2957 2979 3104 3042 Θεός.
3149 3001 3166 3030 ι
3203 2979 3360 3032 οὕτω
3377 2979 3524 3048 λέγει
3551 2980 3736 3052 Κύριος

2175 3071 2240 3138 τῇ
2286 3069 2480 3142 ἰσχυρᾷ
2531 3075 2670 3142 χειρὶ
2727 3071 3074 3125 ἀπειθοῦσιν·
3117 3073 3184 3125 δι⁸
3215 3067 3290 3126 ὧν
3326 3073 3562 3143 σαφῶςὸ
3593 3074 3736 3142 λόγος

2175 3161 2443 3231 ἀφηνιῶσι
2489 3165 2582 3216 καὶ
2617 3167 3088 3236 ἀντιταττομένοις
3119 3169 3184 3237 τῇ
3210 3166 3302 3218 τοῦ
3335 3165 3570 3238 Χριστοῦ
3604 3167 3734 3220 διξα-

497 3259 708 3313 tamus,
767 3260 824 3304 ut
874 3253 928 3305 in
980 3253 1262 3321 prophetia
1313 3255 1576 3323 scriptum
1621 3263 1739 3318 est,
1789 3271 1910 3324 qua:
1955 3256 2066 3309 ait:

2178 3253 2392 3323 σκαλίᾳ,
2427 3255 2658 3318 καὶτοῖς
2702 3255 2982 3308 ἀπειθοῦσι
3023 3260 3088 3328 τῇ
3121 3259 3360 3328 κραταιᾷ
3407 3257 3574 3310 αὐτοῦ
3605 3257 3734 3327 χειρὶ

503 3361 520 3392 ι
565 3341 827 3397 Exaudite
857 3359 1028 3414 usque
1061 3345 1128 3397 ad
1159 3353 1460 3400 extremum
1491 3355 1668 3408 terra),
1702 3367 1719 3398 ι
1757 3357 1808 3402 et
1827 3363 1925 3402 nos
1955 3350 2075 3417 qui-

495 3431 618 3487 dem
641 3474 655 3496 ,
692 3441 744 3488 et
781 3435 906 3489 \‘it‘li
942 3451 1166 3500 smnus,
1200 3445 1254 3491 et
1299 3439 1512 3492 vocanti
1549 3438 2065 3508 obtemperavimus.

495 3525 578 3579 Ad
607 3541 704 3580 eos
731 3543 857 3581 vero
885 3528 978 3598 qui
1010 3529 1076 3583 de
1110 3529 1244 3598 ipsis
1271 3530 1526 3598 gentibus
1555 3545 1662 3583 non
1695 3532 2063 3598 crediderint,

491 3633 556 3674 ea
611 3619 800 3690 dirigit
850 3636 972 3690 quae
1025 3631 1354 3691 Sequuntur,
1413 3621 1607 3677 dicens
1643 3641 1656 3676 :
1686 3643 1702 3674 ι
1745 3623 1848 3690 Qui
1900 3623 2070 3680 fortes

491 3711 707 3778 fuistis,
755 3713 1054 3767 vincimini.
1103 3712 1160 3766 Si
1193 3715 1338 3768 enim
1376 3730 1569 3770 rursus
1607 3713 1776 3770 fortes
1825 3717 2068 3784 fueritis,

491 3819 686 3858 rursus
727 3805 1026 3859 vincemini
1053 3845 1068 3868 ,
1101 3813 1154 3860 et
1183 3819 1570 3876 quamcunque
1625 3808 1890 3862 rationem
1929 3808 2065 3862 inie-

493 3892 645 3954 ritis,
697 3907 809 3946 non
865 3893 1112 3948 manebit
1161 3895 1215 3948 in
1261 3896 1452 3959 vobis,
1493 3897 1748 3961 quoniam
1785 3899 2066 3953 nobiscum

493 3981 636 4039 Deus
663 3985 729 4042 °°.
764 4005 781 4037 ι
813 3983 902 4040 Sic
933 3986 1068 4040 dicit
1105 3984 1380 4042 Dominus
1413 3987 1539 4042 forti
1571 3989 1754 4043 manui
1785 4003 1892 4043 non
1939 4005 2058 4044 cre-

489 4075 785 4133 dentibus:
843 4080 1046 4149 quibus
1091 4079 1276 4134 verbis
1327 4081 1610 4134 oraculum
1666 4081 1732 4135 ad
1783 4097 1916 4145 eos,
1968 4083 2061 4151 qui

2181 3345 2446 3408 θεσπίζει,
2498 3348 2580 3399 ὅτι
2616 3347 2748 3418 μηδὲ
2793 3348 3034 3418 ἰσχύουσι
3075 3348 3475 3420 προσπολεμεῖν
3507 3349 3594 3402 τὸν
3627 3347 3732 3418 μεθ’

2177 3437 2490 3510 ἡμῶνσθεὸν
2515 3437 2861 3508 πειρώμενοι,
2900 3441 2989 3492 καὶ
3022 3441 3100 3492 ὅτι
3130 3443 3234 3494 πᾶν
3267 3441 3294 3493 ὃ
3319 3441 3384 3494 ἂν
3420 3441 3732 3510 βουλεύσων-

2145 3547 2262 3582 -ται
2283 3529 2402 3582 καθ’
2427 3529 2604 3600 ἡμῶν,
2655 3529 2715 3583 οὐ
2755 3530 2828 3601 μὴ
2882 3532 3114 3605 ἐμμείνῃ
3163 3533 3368 3596 αὐτοῖς,
3406 3533 3495 3586 διὰ
3525 3533 3583 3585 τὸ
3625 3530 3730 3602 μεθ’

2173 3621 2328 3694 ἡμῶν
2355 3617 2492 3682 εἶναι
2535 3623 2626 3676 τὸν
2677 3623 3037 3695 Ἐμμανουήλ.
3075 3624 3182 3676 Καὶ
3208 3623 3382 3694 τούτῳ
3417 3624 3474 3676 δὲ
3505 3623 3582 3692 τῷ
3611 3637 3732 3690 συμ-

2173 3715 2485 3786 περάσματι
2513 3715 2692 3786 ῥᾴδιον
2725 3717 3012 3787 ἐπιστῆσαι
3063 3716 3160 3778 τὰς
3189 3715 3309 3769 καθ’
3369 3715 3527 3787 ήμῶν
3585 3715 3728 3767 ἀπει-

2169 3807 2286 3869 λὰς,
2311 3809 2405 3860 καὶ
2431 3806 2530 3869 τὰς
2577 3807 2716 3860 κατὰ
2743 3808 2968 3878 χρόνους
2998 3807 3105 3860 τῶν
3133 3809 3408 3880 ἀρχόντων
3441 3805 3730 3860 ἐπαναστάο

2171 3915 2284 3961 σεις
2319 3898 2650 3970 συνορῶντα,
2698 3901 2791 3952 καὶ
2839 3900 2916 3962 ὡς
2959 3900 3238 3971 ἄπρακτον
3285 3901 3468 3962 αὐτοῖς
3524 3899 3609 3952 διὰ
3650 3895 3728 3949 τὸν

2174 3991 2290 4062 μεθ’
2336 3993 2492 4062 ἡμῶν
2545 3993 2676 4045 Θεὸν
2710 3993 2796 4046 ἀεὶ
2854 3991 3176 4046 καθίσταται
3218 3991 3326 4046 τῶν
3387 3990 3623 4045 ἀπειλῶν
3675 3986 3726 4039 τὸ

2167 4082 2337 4147 τέλος.

481 4169 674 4240 iugum
725 4169 1067 4234 detrectant,
1121 4181 1174 4227 et
1227 4174 1491 4227 doctrinae
1539 4174 1744 4228 Christi
1794 4175 2092 4239 resistunt,
2144 4187 2196 4230 et
2243 4175 2444 4245 potenti
2497 4175 2672 4244 ipsius
2721 4177 2904 4230 manui
2955 4191 3064 4231 non
3114 4175 3378 4239 credunt,
3431 4172 3726 4244 planissime

487 4264 840 4328 vaticinatur,
889 4267 1036 4335 quod
1091 4265 1334 4321 futurum
1383 4269 1491 4336 sit,
1543 4276 1604 4322 ut
1655 4285 1724 4324 ne
1781 4270 1997 4325 valeant
2035 4269 2254 4340 quidem
2303 4285 2619 4340 Oppugnare
2675 4271 2959 4324 nobiscum
3009 4269 3215 4330 Deum,
3271 4268 3522 4338 quamvis
3575 4274 3720 4330 etpe'

485 4359 720 4423 riantur,
775 4367 830 4414 et
878 4359 1023 4428 quod
1075 4373 1236 4416 omne
1287 4361 1652 4431 quodcunque
1705 4361 1994 4416 adversum
2048 4379 2148 4417 nos
2187 4363 2696 4426 comminiscentur,
2736 4363 2870 4434 ipsls
2909 4377 3016 4416 non
3055 4369 3432 4417 constaturum
3473 4358 3574 4420 sit,
3613 4367 3721 4423 pro-

483 4457 666 4521 pterea
703 4451 848 4521 quod
889 4453 1172 4509 uobiscum
1225 4453 1296 4508 sit
1335 4452 1690 4518 Emmanuel,
1736 4461 1791 4508 et
1840 4453 1980 4508 hanc
2024 4455 2242 4524 quidem
2289 4455 2615 4510 sententiam
2659 4455 2816 4510 facile
2852 4464 2973 4520 est,
3019 4463 3082 4506 ut
3131 4453 3168 4506 ii
3211 4447 3528 4513 attendant,
3579 4447 3720 4514 eique

481 4547 877 4612 assentiamur,
922 4548 1015 4617 qui
1063 4548 1243 4604 minas
1289 4549 1578 4603 adversum
1633 4563 1770 4616 nos,
1813 4555 1868 4604 et
1915 4549 2218 4619 principum
2273 4567 2368 4620 per
2419 4552 2633 4621 singula
2685 4559 2932 4620 tempora
2985 4549 3308 4603 insolentias
3359 4554 3524 4612 atque
3569 4541 3720 4608 impe-

479 4647 573 4691 tus
625 4639 1147 4706 animadverterint,
1200 4651 1364 4714 atque
1420 4650 1479 4697 ut
1531 4643 1811 4700 incassum
1865 4649 1946 4700 eis
2005 4649 2251 4700 omnium
2304 4647 2580 4701 minarum
2635 4653 2862 4708 eventa,
2919 4655 3142 4716 propter
3191 4641 3480 4697 nobiscum
3531 4636 3718 4698 Deum,

479 4730 775 4790 evaserint.

677 4847 757 4902 Ab
784 4849 990 4932 eodem.
1023 4883 1092 4932 _—
1125 4851 1580 4932 Quemadmodum
1625 4863 1781 4932 natus
1815 4869 1880 4909 ex
1913 4870 2054 4932 grte-

2178 4853 2307 4932 Ὰπρ
2327 4851 2434 4905 τοῦ
2464 4849 2670 4904 αὐτοῦ.
2709 4880 2783 4932 -ῖ
2816 4849 2908 4916 Ὡς
2939 4853 2972 4903 ό
2994 4837 3718 4932 υτεχθησξίίιειόςῄιυίθςξκ

547 4919 714 4993 ὀξεῖα
748 4921 854 4974 sive
903 4923 1132 4992 virgine,
1173 4925 1278 4977 sive
1329 4925 1656 4992 prophetissa
1703 4925 1877 4993 ﬁlius,
1911 4919 2054 4979 Dens

2235 4921 2346 4990 τῆς
2371 4920 2919 4993 προφητευομέιίης,
2953 4920 3078 4993 ἐἴτε
3109 4919 3716 4993 πτιρθένιζουηξῖτε-προ-

547 4991 716 5064 simul
757 5001 806 5044 et
849 4981 1028 5064 magni
1070 4981 1278 5046 consilii
1315 4981 1568 5064 angelus,
1615 4981 1838 5064 aliisque
1866 4981 2053 5064 Iinopi-

2230 4981 2504 5064 φτῖτιδοςξ
2523 4981 2664 5057 Θεὸς
2694 4981 2976 5064 ὅμοῦᾶᾳὶ-
2990 4981 3266 5064 perdi—11¢
3287 4982 3549 5064 βουλῆς.
3567 4981 3714 5064 ἀττε-

549 5062 690 5113 mm's
718 5047 1014 5134 ηοηιὶηἰὸἶιε
1058 5063 1350 5131 appellatus
1381 5047 1458 5118 est
1477 5080 1497 5128 ;
1517 5047 1576 5118 ret
1609 5047 2052 5134 quemadmodum

2225 5047 2356 5128 ἔδοξ’,
2391 5047 2618 5134 ἐτὲῥαις
2641 5047 2710 5134 'te
2725 5047 3105 5134 ’παραδόξοιξ-
3129 5047 3712 5134 ἐπῶνρμίαιξξάνητῇο

547 5139 695 5210 ortus
725 5121 1320 5210 ejusluminis'pietatis
1354 5121 1518 5188 causa
1567 5121 1824 5204 adjuvans
1879 5138 2050 5208 genti-

2218 5121 2427 5200 ρετξνται
2457 5121 2608 5186 "xui
2655 5133 2737 5197 ὠς
2773 5121 3095 5210 ’ῥἰζένεονιςῖ
3135 5121 3540 5210 αὐτοῦ’μωτὸς
3563 5121 3712 5174 εὐσε-

550 5197 646 5254 bus
681 5197 1049 5257 constituetur.
1110 5197 1122 5202 ⁷
1630 5197 1647 5204 ⁷
1879 5197 1902 5208 ⁷

2219 5197 2389 5268 ’ϐεἰας
2420 5203 2698 5271 παραιτία
2722 5197 2846 5266 τοῖς
2865 5197 3066 5256 ἔθνεσι
3099 5197 3556 5260 καταστήσεται.

551 5334 568 5368 ι
601 5313 716 5370 Hoc
745 5316 1016 5386 primum,
1057 5315 1215 5380 bibe,
1251 5315 1362 5370 cito
1409 5315 1493 5371 fac
1521 5357 1536 5382 ,
1571 5319 1724 5388 regio
1766 5315 2048 5380 Zabulon,

2233 5335 2252 5368 ι
2293 5315 2464 5369 Τοῦτο
2513 5313 2752 5386 πρῶτον,
2799 5313 2908 5378 πίε,
2959 5311 3096 5382 ταχὺ
3141 5309 3315 5372 ποίει,
3353 5307 3503 5380 χώρα
3527 5303 3710 5360 Ζαῦου-

469 5415 528 5463 et
559 5414 706 5462 terra
735 5405 1080 5478 Nepbtbalim
1102 5447 1116 5468 .
1151 5417 1204 5462 et
1233 5407 1431 5476 reliqui
1459 5405 1552 5476 qui
1585 5407 1917 5462 maritimam
1949 5408 2052 5462 ba-

471 5497 648 5554 bitant
681 5509 830 5554 trans
859 5495 1151 5554 Iordanem
1175 5538 1192 5564 ,
1225 5495 1446 5553 Galilaea
1497 5499 1740 5570 gentium
1768 5541 1783 5566 ,
1813 5500 2048 5570 pepultts

469 5589 668 5646 sedens
697 5591 752 5646 in
779 5593 1050 5657 tenebris,
1078 5593 1256 5648 videte
1285 5591 1461 5648 lucem
1495 5607 1778 5663 magnam,
1809 5593 2050 5661 sedenti-

471 5682 574 5738 bus
620 5683 676 5736 in
722 5685 946 5755 regione
997 5693 1052 5742 et
1099 5686 1294 5740 umbra
1343 5689 1572 5748 mortis,
1613 5685 1706 5739 lux
1735 5692 1928 5739 exorta
1961 5691 2046 5740 est

466 5775 547 5830 eis
577 5774 642 5839 ",
673 5793 690 5826 ι
717 5782 770 5828 et
801 5791 922 5848 quae
949 5789 1285 5848 sequuntur;
1315 5776 1517 5847 quibus
1549 5773 1830 5848 adiungit,
1865 5795 1883 5828 ι
1907 5791 2044 5846 quo-

537 5929 582 5962 ”
615 5929 722 5988 hia.
753 5947 860 6000 vt),
891 5931 1045 5988 9-H.
1123 5935 1166 5968 "
1207 5933 1311 5988 lsa.
1347 5931 1518 5998 n.1,
1549 5931 1605 5989 2.

2157 5407 2284 5472 λὼν,
2313 5409 2406 5461 καὶ
2450 5407 2520 5478 γῆ
2553 5405 2888 5476 Νεφθαλείμ,
2933 5405 3026 5458 καὶ
3054 5405 3106 5457 οἱ
3145 5401 3322 5456 λοιποὶ
3355 5401 3407 5453 oi
3431 5399 3528 5470 τὴν
3557 5413 3711 5470 παρα·

2157 5499 2273 5554 λίαν
2301 5496 2678 5560 κατοικοῦντες
2701 5497 2872 5570 πέραν
2890 5495 2984 5550 τοῦ
3015 5494 3277 5567 Ἰορδάνου
3297 5510 3310 5522 ·
3343 5489 3599 5545 Γαλιλαία
3619 5485 3712 5540 τῶν

2158 5591 2327 5645 ἐθνῶν
2345 5609 2358 5622 ·
2377 5594 2406 5645 ό
2421 5589 2550 5654 λαδς
2570 5591 2598 5642 ό
2623 5587 2930 5658 καθήμενος
2949 5589 3006 5640 ἐν
3029 5587 3228 5654 σκότει,
3256 5585 3390 5638 ἴδετε
3415 5581 3529 5653 φῶς
3557 5580 3710 5652 μέγα·

2154 5685 2248 5738 καὶ
2275 5685 2387 5746 τοῖς
2421 5679 2752 5752 καθημένοις
2785 5684 2843 5734 ὲν
2872 5680 3052 5734 σκότει
3075 5681 3169 5733 καὶ
3191 5679 3318 5750 σκιᾷ
3352 5677 3578 5732 θανάτου
3611 5669 3712 5742 φῶς

2151 5775 2421 5831 ἀνέτειλεν
2453 5775 2656 5840 αὐτοῖς,
2691 5793 2708 5828 ι
2749 5773 2843 5828 καὶ
2901 5773 2970 5826 τὰ
3001 5771 3146 5844 έξῆς-
3183 5768 3264 5836 οῖς
3293 5767 3552 5838 ἐπιλέγει,
3593 5787 3608 5818 ι
3643 5763 3710 5816 ὅτι
