3894 6570
1113 430 1749 490 DEMONSTRATIONIE

1853 428 2260 517 VANGELICJE
2300 429 2427 485 LIB.
2469 429 2583 486 VII.
2818 492 2825 499 _
3368 431 3471 517 3.730

202 545 386 596 πᾶσαν
425 544 647 616 στολὴν
681 544 1115 620 ίπισυνηγμὲνην
1140 549 1295 623 δόλῳ,
1318 551 1415 605 καὶ
1431 550 1645 621 ἱμάτιον
1668 566 1749 621 μετ

1853 552 1878 608 ι
1908 548 2054 603 niam
2089 562 2305 603 omnem
2342 556 2548 604 vestem
2578 555 2962 620 congregatam
3007 546 3171 629 dolo,
3213 556 3266 605 et
3311 549 3473 603 inde:

202 633 571 706 καταλλαγῆς
595 637 969 702 ἀποτίσουσιν,
996 640 1091 693 καὶ
1122 640 1435 713 θελήσουσιν
1469 644 1527 697 εἰ
1547 641 1749 713 ὲγενήθτ

1903 647 2178 703 mentum,
2224 655 2349 695 cum
2394 639 2773 696 consiliatione
2816 640 3047 694 soluturi
3088 647 3250 704 sunt,
3281 649 3337 696 et
3370 657 3464 697 ro-

202 743 299 779 σαν
362 725 793 799 πυρίκαυστον
828 730 910 784 ὅτι
965 732 1175 786 παιδίον
1216 730 1474 806 ἐγεννήθη
1506 736 1657 807 ήμίν,
1709 751 1749 786 ac

1901 730 2012 787 ient
2057 730 2103 788 si
2146 730 2347 785 fuerint
2386 729 2508 803 igne
2551 730 2863 786 combusti:
2908 731 3166 801 quoniam
3206 734 3465 801 puerulus

198 816 314 879 υίὸς
332 816 505 888 ἐδόθη
540 820 705 890 ⁴ἡμῖν,
729 814 791 875 οὗ
818 823 852 891 ή
891 821 1033 895 ἀρχὴ
1066 824 1157 893 ἐπὶ
1186 822 1279 877 τοῦ
1309 822 1459 895 ὤμου
1483 824 1647 879 αὐτοῦ
1669 842 1681 854 ·
1709 842 1749 879 κε

1900 830 2062 878 natus
2086 830 2169 877 est
2196 821 2383 887 nobis,
2413 828 2465 876 et
2494 820 2636 875 ﬁlius
2666 821 2827 877 datus
2853 828 2937 877 est
2964 821 3122 876 nobis
3140 862 3156 887 ,
3186 821 3345 892 cujus
3371 823 3465 876 ἰηι-

199 910 447 964 καλεῖται
504 912 579 965 τὸ
634 914 802 985 ὄνομα
849 914 1016 970 αὑτοῦ
1049 916 1292 988 μεγάλης
1328 915 1521 988 βουλῆς
1551 916 1747 987 ἄγγελο

1899 914 2108 984 perium
2148 927 2311 983 super
2349 911 2635 965 humerum
2677 912 2888 982 ipsius,
2923 919 2978 965 et
3006 919 3236 966 vocatur
3261 927 3462 967 nomen

198 1001 523 1072 θαυμαστὸς
583 1004 909 1077 σύμϐουλος.
958 1007 1090 1071 Θεὸς
1136 1008 1385 1079 ἰσχυρὸς,
1429 1008 1745 1080 ἑξουσιαστή

1897 1002 2016 1074 ejus
2046 1005 2231 1075 magni
2266 1004 2481 1059 consilii
2523 1006 2787 1074 angelus,
2822 1003 3161 1060 admirabilis
3204 1005 3463 1059 consilia-

197 1091 377 1163 ἄρχων
407 1094 681 1166 εἰρήνης,
725 1095 911 1167 πατὴρ
939 1100 1031 1150 τοῦ
1083 1097 1366 1168 μέλλοντος
1397 1098 1607 1163 αἰῶνος.
1653 1100 1749 1164 "Ag

1895 1096 2012 1173 rius
2032 1134 2047 1161 ,
2080 1094 2222 1151 Deus
2254 1094 2441 1163 fortis,
2474 1096 2777 1167 potentiam
2810 1093 3018 1150 habens
3039 1133 3055 1159 ,
3084 1096 3337 1165 princeps
3366 1108 3462 1164 pa-

194 1183 297 1255 γὰρ
336 1184 589 1256 εἰρήνην
652 1186 744 1240 ἐπὶ
780 1188 907 1250 τοὺς
961 1187 1248 1258 ἄρχοντας,
1281 1189 1371 1242 καὶ
1407 1189 1592 1259 ὑγείαν
1625 1190 1749 1261 αὐτᾷ

1894 1187 2004 1253 cis,
2037 1196 2191 1259 pater
2220 1187 2388 1242 futuri
2421 1189 2625 1244 saeculi.
2661 1187 2943 1243 Adducam
2972 1187 3116 1242 enim
3149 1202 3333 1257 pacein
3366 1202 3461 1242 su-

195 1273 423 1345 Μεγάλη
472 1276 511 1346 ἡ
553 1276 703 1349 ἀρχὴ
729 1276 916 1342 αὑτοῦ,
953 1279 1048 1332 καὶ
1097 1279 1197 1350 τῆς
1240 1281 1460 1352 εἰρήνης
1489 1281 1653 1334 αὑτοῦ
1695 1283 1749 1335 οὐ

1894 1295 1991 1351 per
2020 1279 2298 1352 principes
2319 1320 2333 1344 ,
2367 1291 2420 1333 et
2454 1279 2741 1334 sanitatem
2771 1279 2852 1345 ei,
2882 1294 3137 1349 magnum
3173 1279 3456 1350 imperium

193 1365 333 1418 ἐστιν
360 1367 550 1438 ὃριον,
591 1369 687 1423 ἐπὶ
718 1367 809 1422 τὸν
839 1368 1024 1441 θρόνον
1054 1370 1238 1435 Δαϐἰδ,
1270 1372 1364 1426 καὶ
1395 1373 1492 1443 τὴν
1520 1372 1749 1444 βασιλεία

1890 1370 2049 1439 ejus,
2077 1379 2130 1426 et
2163 1371 2314 1441 pacis
2340 1370 2460 1439 ejus
2492 1385 2601 1424 non
2634 1378 2718 1425 est
2747 1370 2904 1433 ﬁnis,
2937 1384 3100 1440 super
3128 1371 3321 1425 solium
3351 1370 3459 1424 Da-

192 1457 372 1524 αύτού,
433 1460 805 1532 κατορθῶσαι
835 1462 1025 1533 αὐτὴν,
1055 1463 1148 1516 καὶ
1188 1463 1568 1519 ἁντιλαδέσθαι
1597 1467 1655 1518 ὲν
1674 1484 1744 1538 κρ

1889 1461 1976 1515 vid
2008 1468 2062 1516 et
2093 1475 2321 1530 regnum
2352 1460 2473 1530 ejus
2502 1469 2561 1515 ut
2591 1460 2791 1532 dirigat
2821 1461 2989 1526 illud,
3021 1470 3075 1517 et
3105 1462 3368 1532 suscipiat
3401 1464 3455 1519 in

191 1567 315 1619 ματι
340 1552 443 1605 καὶ
496 1552 824 1626 δικαιοσύνῃ
855 1554 961 1609 ἀπὸ
986 1555 1077 1608 τοῦ
1103 1554 1197 1609 νῦν
1241 1556 1337 1610 καὶ
1362 1559 1441 1621 εἰς
1474 1558 1563 1612 τὸν
1594 1559 1749 1612 αἰῶνα

1882 1550 2088 1622 judicio
2119 1559 2173 1607 et
2209 1552 2422 1622 justitia
2462 1570 2530 1608 ex
2577 1554 2679 1608 hoc
2707 1561 2953 1623 tempore
2980 1562 3033 1608 et
3061 1569 3235 1623 usque
3265 1556 3318 1609 in
3351 1572 3454 1609 ste-

199 1640 253 1696 '0
282 1642 456 1712 ζῆλος
522 1646 740 1715 Κυρίου
785 1644 1010 1700 Σαϐαὼθ
1054 1648 1268 1718 ποιήσει
1327 1647 1518 1702 ταῦτα.
1557 1669 1575 1701 ›
1620 1649 1749 1703 Τοῦτ

1886 1643 2069 1699 culum
2097 1662 2111 1699 :
2146 1644 2298 1700 zelus
2332 1643 2547 1699 Domini
2583 1642 2821 1699 Sabaoth
2854 1644 3016 1701 faciet
3044 1645 3159 1700 haec
3190 1647 3254 1701 “.
3290 1666 3309 1698 ι
3334 1645 3451 1701 Jam

189 1733 363 1802 τρίτον
392 1734 506 1806 ήδη
546 1735 616 1789 τὸ
640 1735 851 1789 παιδίον
879 1737 1299 1807 προφητεύεται,
1338 1738 1431 1792 τοῦ
1478 1739 1641 1794 αὐτοῦ
1670 1757 1749 1793 ποι

1886 1751 2031 1790 nunc
2062 1737 2226 1791 tertio
2256 1751 2481 1805 puerum
2525 1735 2674 1790 hunc
2718 1735 3000 1807 prophetia
3030 1746 3449 1800 commemorat,

186 1826 348 1891 κίλως
389 1829 835 1899 σημαινομένου.
885 1830 1104 1901 Ἐπειδὴ
1131 1831 1309 1885 τοίνυν
1350 1834 1633 1905 πρόκειται
1687 1835 1748 1888 νῦ

1885 1841 2005 1896 qua:
2034 1828 2276 1883 eamdem
2309 1844 2420 1882 rem
2452 1828 2622 1885 variis
2648 1829 2825 1884 modis
2859 1827 3150 1900 significat.
3182 1828 3450 1895 Quoniam

189 1920 312 1989 ἡμῖν
340 1919 439 1973 τὸν
472 1898 692 1991 τρόπον
721 1923 822 1991 τῆς
841 1923 921 1985 εἰς
944 1898 1264 1994 ἀνθρέῦπους
1286 1898 1539 1979 τοῦθεοῦ
1575 1944 1748 1998 παρου

1887 1919 2051 1989 igitur
2101 1936 2246 1975 nunc
2300 1922 2638 1990 propositum
2690 1921 2851 1976 nobis
2898 1898 3011 1986 est,
3050 1922 3317 1978 adventus
3356 1921 3451 1977 Dei

189 2009 300 2072 σίας
324 2010 636 2077 ἐπιδεῖξαι,
673 2012 770 2065 θέα
788 2013 853 2066 δι’
888 2014 1028 2067 ὅσων
1060 2008 1212 2078 οὗτος
1232 2016 1325 2068 καὶ
1345 2016 1492 2079 ὅπως
1520 2017 1749 2088 παρίστα

1883 2009 1948 2064 ad
1992 2010 2240 2066 homines
2284 2012 2503 2065 modum
2551 2013 2870 2077 ostendere,
2917 2014 3073 2078 vide,
3114 2029 3327 2083 quaeso,
3359 2015 3451 2068 hic

186 2118 286 2155 ται.
344 2103 700 2158 Ἐδεικνύετο
732 2104 947 2177 πρῶτον
984 2108 1013 2158 ὁ
1049 2107 1361 2179 ἐπικληθεὶς
1417 2109 1749 2183 Ἐμμανουήλ

1880 2116 2040 2171 quam
2059 2102 2246 2157 multis
2273 2103 2450 2156 modis
2475 2104 2898 2159 demonstretur.
2929 2102 3110 2160 Primo
3127 2105 3344 2175 quidem
3372 2106 3450 2161 di-

186 2191 311 2254 Θεὸς
358 2194 427 2247 ἐκ
485 2195 773 2268 παρθένου
795 2196 1161 2268 γεννώμενος·
1212 2198 1462 2271 δεύτερον
1498 2200 1557 2253 τὸ
1592 2201 1655 2255 ὲκ
1680 2201 1749 2271 τῆ

1878 2199 2000 2246 ctus
2028 2199 2114 2247 est
2157 2190 2518 2256 Emmanuel,
2554 2192 2697 2248 Deus
2742 2195 2834 2264 qui
2886 2195 2955 2250 de
2992 2195 3214 2266 Virgine
3255 2211 3447 2250 nasce-

190 2284 519 2354 προφήτιδος
577 2287 673 2340 καὶ
711 2286 806 2339 τοῦ
860 2288 1016 2356 ἁγίου
1065 2286 1379 2358 Πνεύματος
1410 2289 1639 2353 παιδίον,
1680 2293 1749 2345 οὑξ

1880 2289 2047 2337 retur.
2106 2283 2396 2350 Secundo,
2459 2300 2522 2339 ex
2580 2286 2896 2355 prophetica
2944 2286 3172 2343 muliere
3222 2298 3276 2343 et
3320 2285 3448 2358 Spi-

186 2372 305 2426 ἄλλο
358 2377 651 2445 τυγχάνον
679 2376 773 2430 τοῦ
806 2379 1283 2450 προηγορευμένου
1303 2396 1316 2409 ·
1362 2380 1542 2450 τρίτον
1583 2383 1612 2433 ὁ
1640 2380 1778 2451 μετὰ

189 2470 387 2537 χεῖρας,
448 2464 539 2533 εἷς
587 2469 665 2524 ὣν
710 2473 801 2525 καὶ
833 2475 862 2526 ὁ
894 2472 1057 2534 αὐτὸς
1110 2476 1222 2536 τοῖς
1266 2473 1569 2546 προτέροις.
1610 2494 1627 2527 ι
1667 2475 1775 2529 Καὶ

188 2558 349 2629 τούτῳ
411 2560 558 2627 γοῦν
613 2561 784 2633 ὄνομα
830 2560 970 2617 εἶναι
1013 2563 1251 2633 λέγεται,
1308 2565 1447 2618 κατὰ
1496 2565 1595 2633 μὲν
1646 2566 1774 2630 τοὺς

199 2651 606 2723 Ἐὗδομήκοντα
627 2672 647 2705 ι
679 2656 922 2727 μεγάλης
945 2656 1138 2727 βουλῆς
1153 2657 1403 2727 ἄγγελος,
1428 2679 1443 2707 ι
1464 2659 1555 2712 καὶ
1566 2658 1639 2722 ὥς
1651 2676 1771 2713 τινα

188 2741 285 2795 τῶν
339 2744 706 2818 ἀντιγράφων
756 2748 901 2819 ἔχει,
987 2768 1007 2801 ι
1073 2747 1383 2820 θαυμαστὸς
1437 2750 1766 2820 σύμϐουλος,

190 2831 306 2898 Θεὸς
352 2836 610 2909 ἰσχυρὸς,
646 2838 1016 2912 ὲξουσιαστὴς,
1063 2841 1247 2913 ἄρχων
1290 2843 1535 2913 εἰρήνης,
1588 2844 1768 2915 πατὴρ

189 2925 270 2978 τοῦ
300 2928 599 2997 μέλλοντος
629 2932 823 2996 αἰῶνος
842 2949 856 2962 ο
892 2951 911 2983 ι
943 2932 1085 2987 κατὰ
1118 2934 1173 2987 δὲ
1202 2933 1262 2987 τὸ
1294 2935 1603 3006 Ἐϐραῖκὸν,
1636 2936 1711 2999 ὡς
1738 2938 1767 2989 ὁ

194 3017 278 3085 μὲν
320 3021 565 3087 Ἀκύλας
610 3025 807 3094 φησιν’
849 3007 1002 3080 (Ὅτι
1049 3026 1258 3082 παιδίον
1307 3028 1565 3101 ἐγεννήθη
1608 3032 1761 3100 ἡμῖν,

190 3109 293 3172 υἱὸς
321 3113 479 3188 ὲδόθη
510 3118 667 3187 ἡμῖν,
696 3119 789 3171 καὶ
812 3118 1026 3187 ἐγένετο
1060 3120 1258 3191 μέτρον
1286 3122 1371 3174 ἐπ’
1394 3120 1544 3192 ὤμου
1574 3123 1759 3177 αὐτοῦ.

188 3199 286 3305 iiut
311 3204 518 3305 ἐκλήθη
569 3206 631 3259 τὸ
678 3207 848 3280 ὄνομα
877 3210 1042 3264 αὐτοῦ
1076 3212 1397 3282 Θαυμαστὸς
1436 3212 1758 3284 σύμϐουλος,
1789 3242 1833 3305 C

192 3289 415 3365 ἰσχυρὸς,
462 3299 721 3363 δυνατὸς,
773 3301 975 3372 πατὴρ,
1030 3302 1110 3356 ἔτι
1148 3305 1327 3374 ἄρχων
1369 3306 1609 3378 εἰρήνης,
1666 3306 1760 3360 καὶ

187 3384 274 3454 τῆς
302 3390 535 3462 εἰρήνης
561 3390 729 3445 αὑτοῦ
758 3394 857 3445 οὐκ
888 3392 1003 3447 ἐστι
1039 3395 1210 3466 πέρας
1229 3412 1241 3425 ο
1284 3416 1300 3447 ι
1334 3398 1408 3460 ὡς
1439 3396 1494 3450 δὲ
1543 3399 1571 3451 ό
1614 3399 1761 3469 Σύμ-

194 3492 378 3548 μαχος
419 3501 438 3533 ι
469 3483 715 3547 Νεανίας
741 3484 850 3557 γὰρ
890 3485 1042 3558 ἐδόθη
1090 3489 1239 3558 ἡμῖν,
1278 3489 1391 3553 υίὸς
1417 3489 1568 3562 ἐδόθη
1602 3494 1754 3562 ήμίν.

190 3567 284 3621 Καὶ
320 3570 473 3627 ἔσται
525 3576 558 3646 ἡ
603 3575 817 3630 παιδεία
844 3576 1008 3631 αὐτοῦ
1038 3579 1127 3633 ἐπὶ
1158 3578 1252 3631 τοῦ
1277 3580 1425 3649 ὤμου
1454 3580 1639 3644 αὑτοῦ,
1664 3583 1759 3636 καὶ

191 3656 505 3733 κληθήσεται
530 3665 594 3719 τὸ
623 3666 795 3739 ὄνομα
823 3668 986 3721 αὑποῦ
1014 3670 1456 3742 Παραδοξασμὸς,
1486 3670 1757 3740 βουλευτι-

189 3748 289 3815 κὸς,
327 3755 575 3831 ἰσχυρὸς,
618 3759 863 3824 δυνατὸς,
908 3761 1089 3833 πατὴρ
1129 3762 1343 3827 αἰῶνος,
1380 3764 1562 3836 ἄρχων
1606 3765 1755 3836 εἰρή-

190 3860 290 3913 νης,
318 3848 539 3916 καὶτῆς
561 3853 786 3924 εἰρήνης
814 3853 981 3907 αὑτοῦ
1008 3854 1108 3908 οὐκ
1133 3854 1244 3907 ἔστι
1269 3856 1461 3927 πέρας.
1493 3874 1512 3907 ι
1546 3856 1754 3909 Οὐκοῦν

188 3932 272 4005 οὐχ
296 3938 483 4006 ἁπλῶς
532 3944 762 4012 ἅγγελος
796 3945 939 4000 κατὰ
979 3949 1105 4011 τοὺς
1144 3948 1565 4020 Ἐϐδομήκοντα,
1611 3949 1749 4004 ἀλλὰ

194 4043 211 4075 ι
230 4028 319 4100 τῆς
344 4035 591 4107 μεγάλης
612 4036 808 4108 βουλῆς
825 4037 1074 4107 ἄγγελος,
1091 4042 1185 4094 καὶ¹
1198 4040 1509 4111 θαυμαστὸς
1526 4043 1588 4094 σύ
1596 4042 1753 4114 μϐου-

187 4114 283 4183 λος,
307 4126 397 4178 καὶ
439 4128 579 4192 Θεὸς
624 4130 864 4199 ἰσχυρὸς,
894 4132 986 4184 καὶ
1031 4132 1398 4205 ἐξουσιαστὴς,
1428 4136 1520 4188 καὶ
1567 4134 1750 4207 ἄρχων

189 4210 405 4287 εἰρήνης,
443 4220 542 4273 καὶ
584 4223 766 4295 πατὴρ
790 4224 884 4277 τοῦ
912 4223 1193 4294 μέλλοντος
1218 4225 1410 4290 αἰῶνος
1438 4244 1456 4275 ι
1486 4212 1748 4298 γεννηθή-

190 4301 377 4370 σεσθαι,
415 4311 514 4364 καὶ
561 4312 771 4366 παιδίον
799 4314 1017 4369 ἔσεσθαι
1060 4314 1146 4369 διὰ
1182 4314 1387 4368 τούτων
1412 4315 1742 4381 ἐθεσπίζετο.

190 4389 353 4462 Ἔχεις
375 4398 432 4455 δὲ
473 4404 532 4453 ὲν
570 4408 685 4467 τοῖς
721 4405 1006 4477 προτέροις
1030 4407 1121 4459 τὸν
1145 4406 1239 4459 τοῦ
1267 4407 1400 4461 Θεοῦ
1427 4408 1617 4477 Λόγον,
1652 4410 1748 4462 καὶ

187 4477 319 4547 Θεὸν,
345 4490 438 4542 καὶ
465 4489 668 4562 Κύριον
703 4494 972 4565 διαφόρως
1016 4495 1466 4567 ἀνηγορευμένον,
1511 4497 1644 4567 ὁμοῦ
1688 4498 1743 4550 δὲ

1875 2371 1982 2427 ritu
2018 2381 2213 2447 sancto
2251 2375 2544 2443 puerulus,
2591 2378 2683 2445 qui
2729 2393 2837 2431 non
2881 2378 3022 2434 alius
3065 2385 3150 2433 est
3191 2395 3353 2450 quam
3396 2380 3446 2436 is

1874 2463 1942 2518 de
1980 2479 2091 2533 quo
2131 2466 2244 2534 jam
2279 2465 2540 2521 diximus.
2577 2465 2763 2523 Tertio
2793 2469 2842 2524 is
2867 2510 2881 2533 ,
2914 2470 2983 2527 de
3011 2487 3120 2543 quo
3151 2489 3297 2528 nunc
3330 2473 3446 2544 agi-

1872 2568 2027 2618 mus,
2085 2554 2178 2623 qui
2230 2570 2353 2609 cum
2406 2556 2680 2626 prioribus
2731 2575 2873 2616 unus
2925 2568 3007 2616 est
3059 2570 3221 2633 atque
3274 2563 3439 2619 idem.

1873 2643 2009 2700 Huic
2057 2645 2223 2716 igitur
2269 2662 2393 2703 esse
2435 2664 2631 2704 nomen
2690 2650 2909 2715 dicitur,
2961 2662 3020 2707 ut
3061 2655 3256 2725 legitur
3297 2656 3439 2726 apud

1873 2733 2257 2807 Septuaginta,
2283 2757 2300 2789 ι
2325 2739 2508 2809 magni
2536 2742 2752 2796 consilii
2789 2744 3014 2814 angelus
3043 2764 3057 2800 :
3082 2766 3098 2797 ι
3117 2756 3204 2810 et,
3241 2754 3298 2799 ut
3325 2747 3443 2816 quia

1864 2827 1992 2883 dam
2015 2829 2230 2886 codices
2257 2830 2479 2895 habent,
2505 2850 2524 2884 ι
2549 2833 2885 2890 admirabilis
2907 2837 3275 2903 consiliarius,
3299 2838 3441 2895 Deus

1868 2919 2060 2989 tortis,
2114 2923 2413 2994 potentiam
2465 2923 2705 2991 habens,
2750 2925 3008 2997 princeps
3052 2929 3241 2999 pacis.
3285 2940 3432 2997 pom

1865 2999 2022 3085 337
2049 3013 2216 3070 futuri
2244 3016 2452 3072 saeculi.
2494 3036 2513 3070 ι
2551 3017 2620 3073 Ut
2650 3034 2776 3074 vero
2795 3030 2872 3076 est
2901 3020 2955 3075 in
2983 3019 3273 3084 iiebraico,
3298 3021 3440 3078 sicut

1864 3105 2060 3176 Aquila
2109 3108 2440 3164 testiﬁcatur
2469 3127 2484 3163 :
2523 3128 2542 3162 ‹
2574 3109 2841 3177 Quoniam
2878 3113 3141 3183 puerulus
3163 3121 3323 3168 natus
3353 3121 3437 3169 est

1864 3199 2045 3265 nobis,
2080 3199 2225 3255 ﬁlius
2255 3200 2418 3256 datus
2450 3209 2533 3256 est
2561 3203 2741 3266 nobis,
2774 3212 2827 3258 et
2860 3205 3000 3258 facta
3052 3212 3138 3261 est
3181 3220 3435 3261 mensura

1864 3308 2031 3363 super
2051 3294 2338 3349 humerum
2374 3295 2515 3364 ejus,
2550 3302 2603 3350 et
2630 3306 2882 3350 vocatum
2927 3306 3011 3352 est
3050 3313 3245 3354 nomen
3290 3299 3431 3368 ejus.

1859 3388 2212 3445 Admirabiiis
2238 3390 2606 3454 consiliarius,
2636 3389 2814 3454 fortis,
2836 3400 3051 3461 potens,
3075 3402 3250 3463 pater,
3269 3393 3432 3448 etiam

1862 3480 2117 3549 princeps
2142 3481 2315 3551 pacis,
2340 3490 2395 3537 et
2424 3483 2575 3552 pacis
2602 3483 2722 3551 ejus
2764 3497 2872 3537 non
2907 3491 2992 3537 est
3033 3484 3172 3539 linis.
3218 3504 3237 3536 ι
3274 3484 3430 3539 Sicut

1859 3577 2040 3624 autem
2073 3569 2436 3641 Symmachus
2474 3591 2487 3628 :
2523 3590 2541 3622 ι
2579 3572 3038 3630 Adolescentulus
3089 3576 3235 3629 enim
3269 3577 3431 3633 datus

1856 3674 1943 3721 est
1986 3666 2165 3726 nobis.
2204 3667 2347 3723 iilius
2390 3667 2552 3723 datus
2591 3676 2676 3723 est
2704 3667 2884 3734 nobis,
2921 3677 2976 3723 et
3004 3670 3111 3724 erit
3141 3671 3427 3742 disciplina

1855 3759 1976 3828 ejus
2015 3774 2180 3829 super
2207 3759 2492 3815 humerum
2523 3760 2663 3830 ejus,
2699 3768 2753 3817 et
2774 3762 3058 3816 vocabitur
3078 3778 3276 3819 nomen
3308 3762 3430 3835 ejus

1855 3846 2282 3913 Admirabilitas,
2327 3850 2697 3915 consiliarius,
2759 3851 2940 3917 fortis,
2994 3860 3212 3923 potens,
3274 3864 3429 3925 pater

1855 3940 2061 4003 saeculi,
2097 3940 2353 4010 princeps
2386 3942 2558 4011 pacis,
2588 3950 2641 3997 et
2665 3942 2816 4011 pacis
2834 3942 2955 4013 ejus
2982 3959 3090 3999 non
3113 3951 3196 3999 est
3218 3944 3356 4001 ﬁnis.
3400 3964 3420 3997 ι

1853 4029 1996 4102 Ergo
2059 4048 2168 4087 non
2237 4032 2558 4103 simpliciter
2610 4037 2836 4107 angelus
2916 4036 3217 4091 secundum
3274 4038 3426 4107 ipsos

1852 4119 2015 4185 LXX,
2050 4122 2144 4176 sed
2177 4141 2195 4173 ι
2237 4124 2417 4192 magni
2464 4124 2681 4179 consilii
2721 4125 2968 4196 angelus,
3002 4133 3057 4181 et
3084 4126 3423 4183 admirabilis

1850 4213 2223 4277 consiliarius,
2256 4223 2310 4267 et
2333 4212 2476 4269 Deus
2504 4214 2689 4281 fortis,
2718 4224 2774 4269 et
2797 4219 3097 4286 potentiam
3130 4218 3424 4281 habens,et

1840 4304 2107 4375 princeps
2133 4304 2306 4373 pacis,
2325 4312 2379 4358 et
2407 4312 2564 4375 pater
2585 4306 2756 4359 futuri
2790 4309 2974 4362 saeculi
3004 4327 3023 4358 ι
3058 4308 3303 4366 oriturus
3328 4310 3424 4363 ali-

1848 4396 2090 4465 quando,
2126 4407 2179 4450 et
2230 4396 2494 4466 puerulus
2549 4396 2792 4461 futurus,
2838 4398 2906 4453 iis
2952 4400 3133 4456 verbis
3184 4400 3421 4455 caneba-

1851 4493 1959 4538 tur.
2031 4484 2209 4541 Habes
2247 4486 2408 4540 etiam
2446 4487 2499 4540 in
2539 4489 2605 4544 iis
2635 4504 2757 4558 qum
2787 4490 2941 4559 prius
2974 4490 3119 4561 dicta
3149 4499 3298 4555 sunt,
3322 4490 3417 4547 Dei

184 4568 262 4624 τὸν
284 4577 439 4634 αὑτὸν
466 4582 697 4652 ἄγγελον
723 4585 1110 4657 ὠνομασμένον
1135 4587 1229 4640 τοῦ
1258 4588 1490 4659 Πατρὸς,
1519 4588 1611 4642 καὶ
1647 4590 1746 4660 ἁρ-

1853 4576 2110 4642 Verbnm,
2134 4587 2187 4632 et
2215 4577 2407 4641 Deum,
2432 4586 2488 4634 et
2518 4578 2810 4635 Dominum
2844 4581 3079 4638 diversis
3111 4582 3288 4639 modis
3322 4598 3418 4655 ap-

188 4668 526 4745 Χιστράτηγον
557 4674 841 4747 δυνάμεως
866 4679 1092 4749 Κυρίου.
1131 4679 1225 4741 Τίς
1250 4679 1294 4733 δ’
1319 4680 1385 4734 ἂν
1421 4676 1513 4734 οὖν
1539 4681 1748 4748 γένοιτο

186 4757 306 4810 κατὰ
329 4763 423 4831 μὲν
450 4765 541 4818 τὸν
580 4767 807 4822 Ἀκύλαν
841 4771 934 4823 καὶ
965 4771 1066 4835 τὰς
1090 4772 1257 4825 εἰσέτι
1303 4770 1396 4825 νῦν
1442 4773 1745 4843 φερομένας

187 4850 296 4918 παρ’
322 4853 588 4929 Ἑϐραίοις
617 4863 943 4934 μαρτυρίας,
973 4865 1030 4917 ὲν
1055 4863 1359 4937 ἀνθρώποις
1384 4864 1741 4935 γεννώμενος,

187 4940 263 5027 διαὶ
290 4962 306 4992 ι
330 4950 538 5004 παιδίον
564 4970 582 5002 ι
609 4953 910 5024 γινόμενος,
935 4973 953 5006 ι
984 4953 1294 5027 θαυμαστὸς
1312 4956 1373 5009 σύ
1384 4955 1630 5027 μΰουλος,
1647 4958 1741 5010 καὶ

190 5017 400 5118 ‘fxupbc.
426 5017 672 5104 δυνατὸς,
691 5017 785 5094 καὶ
810 5042 1010 5115 πατὴρ,
1031 5017 1110 5097 ἔτί
1127 5046 1220 5099 καὶ
1245 5017 1425 5116 ἄρκιον
1453 5017 1693 5118 εἰρήνης,
1710 5067 1727 5098 ι

186 5110 377 5208 οὖ-ποτέ
395 5128 470 5193 (1)
491 5146 657 5199 φησιν
672 5130 891 5185 ἔσεσθαι
911 5110 1081 5196 τέλος·
1102 5135 1244 5187 κατὰ
1258 5110 1419 5189 δ’ἐντὸν
1437 5110 1731 5208 Σύμμαχον

194 5203 655 5296 (Παραδοξασμὸς,
685 5219 1047 5291 βουλευτικὸς,
1082 5225 1318 5296 ἰσχυρὸς,
1344 5203 1589 5292 δυνατδς,
1621 5203 1727 5281 πα-

298 5308 499 5375 αἰῶνος,
529 5312 715 5386 ἄρχων
741 5315 985 5386 εἰρήνης,
1013 5317 1107 5369 καὶ
1138 5294 1344 5387 ταύτης
1382 5318 1607 5389 ἀπείρου
1636 5322 1727 5395 καὶ

188 5384 509 5481 ξτελευτήτου
529 5420 543 5433 ’
576 5384 598 5454 3
632 5405 725 5459 καὶ
768 5384 929 5459 κατὰ.
951 5384 1310 5472 Θεοδοτίωνα,
1352 5429 1369 5459 ι
1403 5384 1730 5481 θαυμαστῶς

190 5473 440 5574 βουλεύων,
471 5496 709 5569 ἰσχυρὸς,
734 5496 1020 5569 δυνάστης,
1049 5500 1253 5571 πατὴρ,
1283 5501 1465 5571 ἄρχων
1486 5473 1724 5574 ε’ὶρήνηςι

189 5569 251 5664 τῖε)
278 5578 552 5654 πληθύνειν
595 5588 695 5658 τήν
739 5588 1004 5655 παιδείαν,
1031 5584 1091 5644 οὗ
1118 5592 1217 5662 τῆς
1241 5593 1462 5664 εἰρήνης
1484 5592 1583 5645 οὐκ
1611 5593 1725 5648 ἐστι

190 5658 347 5778 τάξας.
379 5692 396 5724 ι
430 5675 539 5729 Καὶ
563 5676 710 5748 αὐτῷ
749 5695 831 5732 σοι
860 5679 931 5732 τὰ
956 5679 1083 5751 ἑξῆς
1123 5680 1434 5737 καταλείπω
1480 5686 1723 5749 σκοπεῖν,

264 5751 282 5781 ι
309 5754 381 5781 1..-
547 5764 578 5781 σ-
611 5763 643 5781 ιιι

309 5754 408 5813 isa.
446 5779 523 5824 ix.
545 5763 664 5819 5-7.

1844 4668 2125 4739 pellatum,
2157 4677 2212 4723 et
2245 4671 2448 4739 pariter
2477 4672 2727 4728 eumdem
2763 4674 3015 4745 angelum
3047 4674 3218 4744 patris
3240 4674 3418 4730 nomi—

1845 4773 2055 4827 natum,
2081 4772 2135 4821 et
2164 4767 2402 4837 primum
2447 4768 2834 4839 imperatorem
2860 4771 3139 4840 capiarum
3175 4770 3413 4828 Domini.

1844 4853 1949 4909 Sed
1978 4857 2103 4927 quis
2136 4858 2354 4914 tandem
2386 4860 2475 4915 hic
2517 4862 2635 4917 sit?
2670 4861 2980 4918 Secundum
3012 4863 3265 4935 Aquilam
3292 4865 3413 4937 qui-

1839 4947 1961 5002 dem
1984 4946 2363 5005 et'secundum
2387 4968 2449 5007 ea
2472 4970 2594 5024 quae
2614 4956 2777 5009 etiam
2810 4971 2958 5010 nunc
2982 4957 3124 5026 apud
3154 4957 3414 5015 Hebraeos

1844 5036 2095 5093 feruntur
2127 5041 2463 5105 testimonia,
2484 5044 2579 5113 qui
2619 5044 2762 5101 inter
2790 5044 3040 5100 homines
3062 5053 3339 5109 nascetur,
3360 5053 3415 5099 et

1845 5143 1866 5178 ι
1908 5129 2167 5197 puerulus
2206 5150 2226 5184 ι
2284 5132 2533 5198 exsistet,
2591 5151 2609 5184 ι
2654 5135 3099 5204 admirabilisque
3153 5135 3411 5191 consilia-

1836 5219 1974 5285 rius,
2006 5230 2062 5276 et
2091 5221 2268 5286 fortis,
2295 5232 2350 5278 et
2379 5237 2591 5294 p0tens,
2620 5235 2676 5281 et
2706 5238 2858 5297 pater
2883 5227 3046 5280 etiam
3074 5233 3128 5279 et
3156 5226 3411 5297 princeps

1839 5313 2012 5382 pacis,
2054 5334 2073 5366 ι
2118 5315 2280 5385 cujus
2327 5316 2479 5384 pacis
2522 5331 2796 5385 nunquam
2847 5317 2923 5369 ait
2951 5315 3193 5371 futurum
3224 5314 3406 5372 ﬁnem.

1842 5402 2155 5459 Secundum
2211 5405 2598 5476 Symmachum
2658 5414 2839 5461 autem
2907 5426 2926 5458 ι
2973 5406 3405 5475 Admirabilitas,

1836 5495 2206 5560 consiliarius,
2242 5495 2421 5560 fortis,
2470 5505 2681 5567 potens,
2714 5507 2864 5566 pater
2911 5497 3118 5562 saeculi,
3150 5498 3406 5569 princeps

1834 5587 2011 5659 pacis,
2041 5595 2095 5643 et
2153 5588 2303 5658 pacis
2346 5587 2570 5645 inﬁnitae
2620 5598 2781 5657 atque
2829 5588 3207 5645 interminata.
3249 5609 3269 5644 ι
3311 5591 3402 5659 At,

1836 5680 1979 5737 sicut
2019 5678 2357 5736 Thcodotiou
2387 5682 2578 5746 voluit,
2612 5700 2631 5733 ι
2666 5681 3056 5740 admirabiliter
3086 5687 3400 5752 consulens,

250 5838 405 5910 (1)·οῡ
425 5869 590 5908 ποτε.
613 5855 751 5926 Lege
781 5851 841 5910 οὗ
857 5874 952 5927 pro
975 5858 1056 5923 οὐ,
1083 5866 1135 5914 et
1162 5860 1348 5931 accipe
1373 5860 1502 5915 ποτέ
1533 5877 1698 5917 sensu
1716 5866 1749 5917 ολ

1853 5880 1930 5930 τε,
1948 5862 2032 5919 vel
2047 5869 2174 5935 puta
2195 5863 2463 5920 excidisse
2492 5863 2739 5921 voculam
2761 5859 2826 5940 ἧς
2851 5873 2976 5923 ante
2998 5867 3215 5922 οὔποτε.
3239 5860 3398 5924 Enni
