3894 6508
1147 427 1421 488 Ευεεοιι
1459 419 1939 485 ΟΑΞΒᾹΒΙΕΝΞΙΞ
1978 418 2127 475 ΟΡΡ.
2167 415 2369 472 PARS.
2409 414 2552 471 ιι-
2576 407 3072 471 APOLOGETICA.
3638 395 3727 453 ω

505 557 692 623 fortis,
726 560 944 627 potens,
976 554 1164 621 pater,
1206 545 1463 617 princeps
1512 542 1685 615 pacis,
1712 539 1781 595 ad
1826 535 2083 606 multipli-

2189 529 2437 585 τοσοῦτον
2481 531 2641 602 ὲπιση
2651 529 2978 602 μηνάμενος,
3000 522 3077 586 ὡς
3100 519 3207 592 ἄρα
3230 514 3395 580 αὐτὸς
3417 504 3568 577 οὗτος
3600 514 3626 568 6
3652 514 3727 570 λι-

504 651 740 707 eaadam
787 642 1155 714 disciplinam,
1187 641 1349 708 cujus
1392 635 1547 708 pacis
1594 649 1705 691 non
1751 639 1837 689 est
1882 630 2026 685 linis.
2059 647 2079 680 ι

505 743 802 804 Czrterum,
834 752 955 808 quae
1010 738 1318 805 sequuntur
1357 728 1458 785 tibi
1507 728 1611 800 ipsi
1666 722 2083 795 contemplanda

506 835 782 904 relinquo,
820 831 923 885 hoc
953 841 1122 881 unum
1142 825 1410 881 duntaxat
1440 822 1734 877 adnotasse
1767 823 2082 879 contentus,

507 925 656 1000 quod
685 927 802 996 ipse
824 923 934 987 hic,
965 920 1058 991 qui
1090 918 1293 974 dicitur
1317 935 1336 968 ι
1367 926 1523 986 pater
1552 913 1831 977 saeculi,et
1862 910 2087 966 inlinitze

499 1019 661 1091 pacis
693 1017 947 1088 princeps
972 1055 987 1078 ,
1021 1013 1311 1084 magnique
1345 1008 1560 1065 consilii
1594 1006 1841 1077 angelus,
1866 1024 1884 1055 ι
1905 1003 2084 1057 oritu-

503 1124 603 1165 rus
637 1108 931 1178 aliquando
956 1114 1012 1161 et
1039 1104 1306 1176 puerulus
1342 1102 1559 1155 futurus
1588 1097 1873 1169 preplietia
1902 1095 2086 1151 decla-

506 1206 684 1263 ratur,
714 1205 769 1254 et
799 1197 854 1251 in
893 1204 1018 1250 ortu
1042 1209 1144 1250 suo
1172 1193 1314 1247 inter
1346 1190 1597 1245 homines
1630 1189 1772 1243 volet
1798 1187 1929 1242 olim
1962 1201 2085 1242 esse

507 1290 633 1362 igne
665 1289 986 1345 combustos
1015 1302 1114 1343 eos
1147 1286 1241 1356 qui
1267 1284 1321 1339 in
1341 1299 1405 1339 ea
1430 1284 1605 1339 salute
1628 1281 1889 1351 gentium,
1926 1279 2084 1349 cujus

508 1384 629 1453 ipse
675 1393 868 1436 auctor
899 1381 1026 1445 erit,
1061 1378 1237 1434 odiosi
1291 1375 1462 1431 futuri
1519 1380 1668 1440 sunt,
1698 1373 1813 1427 sive
1861 1372 1899 1426 ii
1957 1369 2084 1425 mali

503 1472 729 1544 quidam
761 1473 1063 1531 daemones.
1098 1470 1213 1526 sive
1244 1467 1407 1523 etiam
1462 1466 1614 1538 impii
1644 1464 1897 1521 homines
1925 1463 2086 1517 intel-

505 1566 769 1637 ligantur,
804 1566 873 1621 de
923 1564 1124 1636 quibus
1169 1562 1295 1616 ait:
1351 1578 1370 1613 ι
1415 1559 1571 1627 Quod
1626 1572 1841 1613 onmem
1881 1563 2084 1610 vestem

506 1661 801 1716 collectam
833 1658 984 1722 dolo,
1016 1665 1069 1713 et
1092 1656 1504 1718 vestimentum,
1536 1668 1662 1708 cum
1703 1649 2087 1705 conciliatione

507 1753 743 1810 solvent.
777 1771 795 1804 ι
828 1750 934 1808 Sed
956 1751 1049 1822 qui
1072 1748 1291 1804 tandem
1326 1747 1380 1802 hi
1407 1746 1631 1812 fuerint,
1658 1744 1765 1801 nisi
1787 1744 1854 1800 de
1885 1743 2085 1814 quibus

506 1847 638 1903 alibi
676 1863 743 1903 ex
788 1846 962 1917 ipsius
1009 1841 1310 1898 Salvatoris
1361 1839 1538 1896 nostri
1588 1854 1823 1911 persona
1876 1838 2083 1893 dictum

506 1946 592 1994 est
626 1957 638 1992 :
680 1956 698 1988 ι
736 1936 928 1992 Partiti
973 1941 1104 1991 sunt
1133 1933 1459 1989 vestimenta
1510 1947 1626 1986 mea
1678 1930 1806 1993 sibi,
1839 1936 1891 1983 et
1921 1942 2086 1996 super

507 2036 713 2085 vestem
744 2041 920 2081 meam
952 2027 1222 2080 miserunt
1269 2030 1474 2079 sortem
1507 2021 1575 2086 ⁵³,
1626 2040 1644 2072 ι
1687 2029 1741 2074 et
1772 2018 2085 2088 quicunque

507 2121 755 2191 ejusdem
783 2118 1081 2190 impietatis
1129 2133 1193 2170 ac
1232 2117 1459 2173 sceleris
1487 2114 1781 2186 participes
1828 2109 2087 2166 fuerunt?

504 2214 671 2286 338
708 2212 813 2280 Qui
847 2212 1068 2283 quidem
1098 2210 1227 2265 dum
1256 2210 1469 2279 seipsos
1516 2207 1583 2262 ad
1614 2215 1916 2261 extremum
1960 2218 2086 2257 con-

504 2304 795 2359 demnatos
823 2303 1106 2365 videbunt,
1147 2301 1417 2371 optabunt
1454 2314 1513 2354 se
1546 2308 1671 2353 ante
1706 2297 1867 2351 talem
1902 2294 2088 2365 impie-

503 2403 673 2451 tatem
730 2396 856 2469 igne
909 2394 1081 2451 fuisse
1121 2395 1458 2457 combustos,
1492 2391 1675 2462 potius
1697 2404 1859 2459 quam
1906 2386 2086 2458 magni

504 2489 725 2547 consilii
755 2491 1009 2561 angelum
1042 2505 1071 2543 a
1107 2489 1305 2561 seipsis
1336 2488 1600 2542 violatum
1628 2484 1819 2539 fuisse.
1841 2480 1920 2535 Tu
1954 2495 2083 2534 vero

501 2590 684 2638 tecum
718 2582 837 2653 ipse
867 2582 1159 2637 considera
1187 2598 1316 2637 num
1348 2595 1566 2636 omnem
1599 2578 1892 2632 humanam
1920 2580 2084 2628 natu-

504 2689 621 2728 ram
651 2675 946 2736 transiliat,
981 2674 1125 2744 quod
1157 2675 1303 2729 illius
1348 2689 1452 2744 pax
1499 2671 1711 2727 nullum
1742 2668 1900 2723 linem
1933 2667 2088 2721 habi—

502 2774 631 2822 tura
659 2783 783 2823 esse
812 2768 1050 2827 dicatur.
1078 2778 1131 2823 et
1152 2766 1296 2837 quod
1327 2777 1479 2836 pater
1512 2765 1697 2820 sarculi
1738 2762 2084 2826 nominetur;

500 2869 765 2934 praeterea
796 2861 945 2937 quod
974 2876 1085 2915 non
1116 2860 1440 2930 simpliciter
1471 2859 1698 2929 angelus
1724 2863 1970 2920 vocetur,
1990 2855 2087 2909 sed

508 2973 527 3005 ι
571 2954 756 3023 magni
789 2954 1003 3008 consilii
1038 2954 1285 3022 angelus.
1312 2961 1366 3006 et
1390 2950 1536 3006 Deus
1575 2949 1756 3014 fortis,
1800 2968 1818 3000 ι
1854 2956 1910 3003 et
1939 2961 2088 3016 qum-

500 3061 722 3116 cunque
749 3061 859 3099 una
892 3060 1015 3098 cum
1041 3044 1127 3100 bis
1161 3043 1520 3097 adnumerata
1555 3047 1701 3096 sunt.
1729 3038 1861 3093 ltem
1886 3039 1961 3092 ait
1990 3053 2087 3108 per

501 3137 656 3192 illum
701 3152 928 3207 regnum
972 3134 1137 3191 David
1167 3150 1290 3190 esse
1339 3131 1871 3204 dirigendum,quod
1903 3131 2082 3202 ipsum

502 3242 638 3283 sane
669 3226 771 3281 hoc
801 3225 1071 3295 intelliges
1111 3225 1293 3279 modo.
1334 3224 1572 3278 Plurima
1607 3224 1824 3293 quidem
1849 3239 1913 3278 ea
1956 3229 2085 3277 sunt

503 3333 627 3389 quae
656 3318 761 3388 ipsi
785 3317 951 3373 David
983 3318 1231 3389 promisit
1253 3316 1414 3380 Deus,
1435 3318 1491 3371 in
1522 3317 1721 3386 quibus
1747 3317 1911 3370 etiam
1949 3314 2039 3367 illa
2065 3331 2078 3368 :

506 3429 527 3464 ι
563 3408 630 3464 Ει
660 3426 860 3481 ponam
894 3411 950 3464 in
1002 3410 1140 3464 mari
1189 3425 1409 3463 manum
1435 3409 1576 3480 ejus,
1600 3415 1654 3463 et
1684 3408 1739 3462 in
1761 3405 2080 3461 ﬂuminibus

501 3502 784 3559 dexteram
828 3503 967 3574 ejus,
1001 3502 1119 3573 ipse
1167 3502 1447 3558 invocabit
1498 3517 1606 3565 me,
1641 3509 1796 3571 pater
1830 3516 1988 3556 meus
2019 3514 2080 3555 es

502 3604 585 3664 tu,
616 3596 761 3653 Deus
796 3613 973 3662 meus,
1011 3606 1065 3652 et
1113 3603 1401 3667 susceptor
1448 3594 1647 3651 salutis
1695 3609 1849 3658 mete,
1895 3602 1949 3648 et
1981 3608 2081 3665 ego

501 3689 925 3761 primogenitum
958 3703 1155 3760 ponam
1188 3689 1363 3751 illum,
1391 3688 1670 3743 excelsum
1720 3701 1830 3756 pra:
1858 3685 2081 3755 regibus

501 3796 700 3855 terrae,
750 3789 808 3843 in
886 3796 1150 3843 aeternum
1200 3786 1434 3842 servabo
1515 3783 1597 3838 illi
1647 3781 2079 3839 misericordiam

500 3894 706 3942 meam,
741 3885 796 3933 et
825 3886 1418 3957 testamentum.meum
1449 3873 1607 3929 ﬁdele
1636 3872 1762 3943 ipsi,
1794 3878 1848 3927 et
1880 3885 2080 3942 ponam

500 3976 559 4030 in
615 3974 877 4031 seculum
930 3974 1114 4030 saeculi
1168 3988 1355 4028 semen
1404 3972 1545 4042 ejus,
1582 3978 1637 4026 et
1673 3970 1930 4027 thronum
1961 3969 2083 4039 ejus

502 4065 650 4122 sicut
680 4065 799 4120 dies
828 4065 955 4121 caeli
984 4064 1045 4117 “.
1086 4084 1105 4116 ι
1144 4062 1211 4118 Et
1250 4078 1445 4119 rursus
1477 4082 1489 4118 :
1526 4081 1544 4114 ι
1589 4060 1767 4119 Semel
1799 4061 1977 4132 juravi
2024 4060 2082 4115 in

503 4165 699 4214 sancto
732 4173 876 4223 meo,
903 4156 951 4213 si
986 4155 1158 4212 David
1189 4156 1446 4220 mentiar,
1471 4170 1658 4211 semen
1684 4153 1807 4224 ejus
1839 4154 1894 4207 in
1922 4159 2082 4208 aeter-

502 4264 635 4305 num
670 4249 935 4311 manebit,
968 4258 1024 4305 et
1070 4248 1306 4303 thronus
1352 4247 1474 4318 ejus
1523 4247 1665 4302 sicut
1723 4245 1807 4301 sol
1858 4245 1915 4298 in
1949 4258 2084 4299 con-

502 4352 694 4413 spectu
722 4356 867 4407 meo,
900 4348 955 4397 et
989 4341 1131 4397 sicut
1156 4342 1285 4396 luna
1327 4339 1571 4411 perfecta
1600 4338 1658 4393 in
1691 4345 1954 4393 aeternum
1978 4337 2078 4393 ⁸⁸.»

502 4436 639 4492 Cum
667 4437 722 4492 in
758 4435 993 4493 Psalmis
1030 4435 1171 4492 Deus
1202 4434 1307 4506 ipsi
1332 4434 1502 4490 David
1525 4444 1633 4490 tam
1670 4432 1841 4486 multa
1871 4429 2081 4501 promi-

504 4527 658 4594 serit,
683 4530 963 4584 contraria
988 4537 1169 4584 tamen
1195 4527 1264 4583 iis
1296 4542 1418 4597 qua:
1449 4527 1723 4596 promissa
1762 4532 1913 4588 sunt,
1935 4524 2084 4579 illius

503 4621 927 4679 successoribus
981 4620 1233 4676 evenisse
1290 4626 1507 4674 constat
1557 4625 1780 4689 propter
1836 4616 2082 4687 ipsorum
2116 4620 2163 4676 ι)

505 4714 836 4784 impietates.
883 4712 1097 4767 Etenim
1150 4726 1277 4766 cum
1321 4726 1389 4766 ex
1437 4710 1648 4767 semine
1697 4710 1866 4765 David
1932 4725 2087 4780 reges

503 4822 680 4877 usque
727 4807 794 4861 ad
852 4805 1171 4862 Jechoniam
1226 4810 1281 4859 et
1335 4820 1509 4875 usque
1570 4804 1640 4860 ad
1699 4803 2085 4875 Babylonicam

500 4898 688 4969 templi
715 4898 1058 4954 obsidionem
1088 4898 1512 4968 permanserint,
1539 4898 1628 4953 ubi
1649 4898 1752 4952 hoc
1780 4897 1960 4967 ipsum
1993 4911 2086 4949 ac-

501 4991 655 5055 cidit,
683 4998 798 5045 tum
821 5006 953 5047 vero
994 4990 1327 5047 dissolutum
1376 4999 1462 5047 est
1512 5005 1762 5061 regnum,
1789 4988 1927 5044 adeo
1958 4988 2085 5059 qui~

500 5083 645 5147 dem,
679 5091 740 5138 ut
769 5099 835 5140 ex
865 5085 960 5139 illo
992 5091 1238 5156 tempore
1268 5099 1377 5138 non
1408 5082 1642 5153 amplius
1686 5080 1844 5137 sedes
1889 5077 2081 5143 David,

500 5191 678 5247 neque
725 5176 795 5232 de
839 5178 1049 5233 semine
1088 5177 1211 5248 ejus
1255 5177 1544 5247 quisquam
1603 5175 1747 5246 apud
1798 5173 2081 5230 Iudaicam

501 5275 717 5339 gentem
762 5269 1096 5339 regnaverit,
1127 5274 1184 5322 et
1216 5266 1357 5322 hanc
1385 5265 1604 5337 quidem
1640 5281 1828 5321 earum
1874 5280 2081 5327 rerum,

499 5374 640 5427 tum,
679 5367 741 5413 ut
782 5359 1033 5429 proxime
1071 5359 1248 5430 posita
1293 5357 1490 5429 psalmi
1538 5356 1806 5427 particula
1860 5354 2086 5410 demon-

499 5469 661 5527 strat,
696 5461 802 5533 ipsi
833 5462 1004 5519 David
1027 5464 1316 5535 promissae
1346 5469 1496 5527 sunt,
1519 5460 1816 5532 jacturam,
1845 5457 2083 5530 Spiritus

500 5566 722 5624 divinus
754 5569 811 5624 in
843 5569 991 5626 hunc
1014 5570 1241 5626 modum
1275 5568 1424 5626 canit
1460 5587 1475 5624 :
1517 5588 1536 5621 ι
1569 5567 1653 5623 Tu
1679 5584 1809 5623 vero
1832 5565 2079 5637 repulisti

502 5679 558 5726 et
597 5671 921 5743 despexisti,
971 5674 1240 5734 distulisti
1291 5675 1573 5732 Christum
1625 5682 1804 5737 tuum,
1838 5672 2082 5729 evertisti

500 5786 889 5835 testamentum
922 5783 1066 5839 servi
1099 5784 1196 5848 tui,
1224 5782 1531 5853 profanasti
1560 5782 1616 5836 in
1643 5788 1788 5839 terra
1823 5788 2081 5836 sanctua-

2186 623 2414 695 γόμενος
2444 642 2464 676 ι
2494 621 2674 694 πατὴρ
2703 619 2916 682 αἰῶνος,
2941 615 3035 671 καὶ
3057 612 3280 685 ἀπείρου
3304 608 3530 679 εἰρήνης
3553 606 3726 677 ἄρχων,

2189 716 2430 789 μεγάλης
2453 733 2512 770 τε
2548 715 2739 787 βουλῆς
2755 711 2984 782 ἄγγελος
3001 729 3019 762 ι
3040 699 3492 777 γεννηθήσεσθαι,
3518 697 3607 789 καί
3627 714 3730 752 παμ

2184 786 2294 864 δίον
2320 786 2538 863 ἔσεσθαι
2571 804 2993 879 προφητεὺεται,
3029 796 3121 853 ὲπί
3144 814 3205 850 τε
3227 798 3295 867 τῇ
3331 792 3416 855 εἰς
3446 786 3730 861 ἀνθρώπους

2186 900 2349 956 αὑτοῦ
2374 899 2587 970 γενέσει
2620 896 3020 970 πυρικαύστους
3061 889 3336 960 ἐθελήσειν
3378 879 3591 936 ἔσεσθαι
3629 881 3731 942 τοὺς

2185 993 2277 1046 ἐπὶ
2320 995 2388 1064 τῇ
2423 992 2489 1045 δι’
2512 989 2674 1044 αὐτοῦ
2699 987 2966 1059 γενομένῃ
3010 980 3254 1053 σωτηρίᾳ
3290 976 3404 1030 τῶν
3442 972 3604 1028 ὲθνῶν
3641 972 3729 1026 δια-

2186 1084 2599 1156 φθονουμένους,
2635 1082 2746 1135 εἴτε
2767 1079 3025 1150 δαίμονας
3052 1072 3341 1146 πονηροὺς,
3378 1068 3490 1122 εἴτε
3522 1067 3608 1156 καὶ
3626 1067 3731 1120 ἀσε-

2185 1176 2300 1240 ϐεῖς
2327 1174 2542 1245 ἄνδρας,
2570 1173 2697 1244 περὶ
2726 1164 2801 1224 ὧν
2835 1182 3015 1239 φησιν·
3049 1165 3205 1216 «Ὅτι
3230 1162 3418 1214 πᾶσαν
3448 1155 3735 1227 στολὴνὲπι-

2191 1268 2535 1339 συνηγμένην
2558 1260 2714 1335 δόλῳ,
2743 1263 2836 1316 καὶ
2857 1261 3069 1331 ἱμάτιον
3104 1254 3241 1328 μετά
3261 1249 3607 1339 καταλλαγῆς
3625 1249 3734 1301 ἀπο·

2185 1336 2412 1416 τίσουσι.
2447 1379 2465 1411 ι
2493 1336 2661 1422 ῨΤίνες
2688 1357 2743 1410 δὲ
2772 1357 2879 1427 ἄρα
2903 1348 3042 1424 ἦσαν
3083 1342 3249 1411 οῦτοι,
3278 1346 3311 1417 ἢ
3348 1344 3480 1415 περὶ
3502 1336 3575 1395 ὧν
3599 1341 3731 1395 dila-

2186 1454 2280 1527 χοῦ
2320 1451 2378 1518 ἐξ
2405 1449 2569 1505 αὐτοῦ
2607 1446 2901 1520 προσώπου
2926 1441 3021 1496 τοῦ
3048 1440 3300 1511 Σωτῆρος
3329 1435 3491 1508 ήμῶν
3520 1433 3732 1505 εἴρηταις

2194 1525 2217 1597 ι
2239 1542 2623 1615 Διεμερίσαντο
2665 1538 2737 1592 τὰ
2782 1537 2974 1609 ἱμάτιά
3005 1551 3105 1606 μου
3149 1532 3387 1594 ἑαυτοῖς,
3416 1529 3510 1582 καὶ
3546 1527 3631 1580 ἐπὶ
3662 1525 3734 1579 τὸν

2190 1643 2206 1694 ί
2215 1638 2482 1712 ματισμόν
2510 1652 2610 1706 μου
2638 1631 2825 1686 ἔϐαλον
2858 1631 3077 1701 κλῆρον,
3110 1646 3128 1679 ›
3159 1626 3291 1679 οἵτε
3314 1623 3421 1694 τῆς
3441 1620 3634 1674 τούτων
3659 1618 3736 1690 μέ-

2185 1711 2333 1802 τοχοι
2358 1727 2695 1790 δυσσεϐείας,
2722 1725 2770 1778 οἳ
2818 1724 2911 1776 καὶ
2954 1721 3261 1792 θελήσουσι,
3288 1716 3392 1787 τὴν
3419 1713 3566 1783 σφῶν
3589 1711 3736 1765 αὐτῶν

2188 1800 2367 1894 κρίσιν
2392 1817 2619 1887 ὕστερόν
2646 1831 2778 1868 ποτε
2818 1812 3095 1883 ὀψόμενοι,
3130 1813 3179 1863 εί
3225 1808 3332 1880 πρὸ
3376 1806 3479 1876 τῆς
3522 1800 3737 1862 ἀσεϐείας

2117 1895 2159 1950 Β
2189 1892 2367 1969 αῦτῶν
2393 1906 2734 1979 ἐγεγόνεισαν
2758 1906 3135 1976 πυρίκαυστοι,
3160 1900 3288 1972 πρὶν
3311 1898 3347 1969 ἦ
3374 1896 3469 1950 τὸν
3486 1896 3581 1967 τῆς
3606 1892 3739 1965 μεγάρ-

2187 2006 2286 2077 λης
2315 2002 2509 2076 βουλῆς
2534 1999 2762 2069 ἄγγελον
2800 1996 2935 2069 πρὸς
2961 1995 3147 2049 αὐτῶν
3173 1990 3530 2061 ἀσεϐηθῆναι.
3569 1988 3665 2040 Καὶ
3687 1988 3736 2039 σὺ

2186 2098 2243 2151 δὲ
2271 2094 2422 2167 παρὰ
2444 2093 2625 2163 σαυτῷ
2655 2090 2850 2160 σκέψαι
2878 2091 2926 2141 εί
2956 2085 3029 2157 μὴ
3060 2083 3385 2154 ὑπερϐαίνει
3405 2082 3581 2133 πᾶσαν
3606 2077 3736 2148 φύσιν

2188 2185 2489 2258 ἀνθρώπων
2515 2184 2578 2237 τὸ
2605 2184 2678 2254 μὴ
2705 2180 2857 2243 τέλος
2882 2178 3025 2248 ἔχειν
3048 2175 3146 2246 τὴν
3174 2175 3402 2245 εἰρήνην
3428 2169 3587 2225 αὐτοῦ
3609 2168 3736 2236 λέγε-

2189 2278 2334 2342 σθαι,
2362 2277 2453 2332 καὶ
2477 2276 2539 2329 τὸ
2564 2274 2773 2345 πατέρα
2795 2268 3155 2342 ὀνομάζεσθαι
3183 2265 3409 2327 αἰῶνος·
3441 2263 3533 2317 καὶ
3561 2258 3736 2314 αὑτὸδὲ

2185 2371 2246 2423 τὸ
2279 2368 2564 2423 καλεῖσθαι
2616 2366 2778 2420 αὐτὸν
2825 2363 2925 2434 οὐχ
2971 2358 3156 2422 ἁπλῶς
3182 2357 3438 2427 ἄγγελον,
3468 2353 3595 2407 ἀλλά
3620 2372 3637 2402 ί
3660 2352 3737 2419 τῆς

2192 2462 2433 2533 μεγάλης
2463 2460 2658 2531 βουλῆς
2677 2456 2929 2526 ἄγγελον,
2952 2454 3045 2507 καὶ
3071 2452 3205 2506 Θεὸν
3235 2449 3477 2521 ἰσχυρὸν,
3506 2466 3523 2498 ι
3554 2444 3637 2498 καὶ
3659 2443 3737 2495 ὅσα

2185 2552 2397 2615 τούτοις
2428 2546 3072 2619 συγκαταλέλεκται.Ἔτι
3097 2543 3152 2596 δέ
3192 2559 3326 2612 φησι
3359 2540 3425 2593 δι’
3452 2536 3606 2591 αὑτοῦ
3630 2551 3736 2587 κατ-

2187 2641 2594 2715 ορθωθήσεσθαι
2631 2634 2729 2711 τὴν
2765 2636 2859 2692 τοῦ
2912 2636 3074 2690 Δαῦὶδ
3122 2633 3424 2704 βασιλείαν,
3458 2630 3486 2683 ὃ
3516 2628 3603 2682 καὶ
3633 2624 3737 2715 αὑτό

2185 2732 2374 2786 τοῦτον
2421 2733 2633 2802 νοήσεις
2672 2728 2764 2781 τὸν
2805 2726 3026 2797 τρόπον.
3068 2722 3322 2776 Πλεῖσται
3364 2720 3486 2772 ὅσαι
3513 2710 3737 2785 squama

2186 2823 2473 2893 γεγόνασιν
2500 2819 2843 2890 ἐπαγγελίαι.
2871 2820 2931 2870 ἐν
2963 2811 3051 2880 αἷς
3071 2814 3281 2886 εἴρηται
3302 2829 3316 2842 ⁸
3354 2830 3372 2862 ι
3406 2810 3517 2862 Καὶ
3543 2806 3739 2877 θήσομαι

2186 2920 2244 2970 ὲν
2271 2916 2515 2988 θαλάσσῃ
2559 2917 2716 2986 χεῖρα
2755 2910 2939 2975 αὑτοῦ,
2968 2909 3060 2963 καὶ
3087 2910 3143 2960 ὲν
3174 2906 3444 2975 ποταμοῖς
3473 2900 3637 2966 δεξιὰν
3662 2898 3737 2951 αὑο

2184 3009 2300 3063 τοῦ.
2338 3008 2509 3071 Αὐτὸς
2538 3004 2920 3059 ὲπικαλὲσεταί
2950 3018 3016 3074 με
3036 3019 3048 3031 ·
3083 3001 3274 3070 Πατήρ
3312 3014 3415 3069 μου
3450 2991 3499 3048 εἷ
3530 2995 3608 3055 σὺ,
3630 2989 3738 3052 Sed;

2193 3121 2295 3175 μου
2342 3100 2436 3155 καὶ
2465 3099 2810 3169 ἀντιλήπτωρ
2835 3096 2935 3166 τῆς
2971 3092 3243 3165 σωτηρίας
3272 3108 3396 3162 μου.
3428 3084 3593 3155 Κάγὼ
3616 3099 3733 3154 πρω-

2190 3197 2411 3250 τότοκον
2456 3193 2693 3263 θήσομαι
2735 3190 2919 3253 αὑτὸν,
2950 3186 3151 3259 ὑψηλὸν
3182 3183 3333 3256 παρά
3361 3185 3474 3245 τοῖς
3496 3175 3734 3251 βασιλεῦσι

2188 3286 2289 3355 τῆς
2327 3285 2452 3354 γῆς.
2482 3284 2575 3346 Εἰς
2621 3281 2713 3334 τὸν
2754 3280 2926 3332 αἰῶνα
2955 3276 3175 3347 φυλάξω
3200 3273 3351 3345 αὐτῷ
3380 3274 3441 3326 τὸ
3467 3270 3603 3332 ἔλεός
3635 3283 3733 3337 μου,

2190 3379 2284 3431 καὶ
2310 3379 2343 3449 ή
2369 3375 2598 3447 διαθήκη
2642 3391 2741 3445 μου
2775 3370 2940 3443 πιστὴ
2980 3369 3149 3441 αὐτῷ.
3186 3368 3299 3422 Καὶ
3322 3368 3555 3440 θήσομαι
3576 3365 3647 3425 εἰς
3665 3360 3737 3413 τὸν

2190 3469 2362 3523 αίῶνα
2407 3467 2501 3521 τοῦ
2535 3466 2729 3529 αἰῶνος
2757 3463 2818 3517 τὸ
2852 3462 3073 3533 σπέρμα
3100 3460 3287 3525 αὐτοῦ,
3310 3460 3413 3514 καὶ
3451 3459 3538 3512 τὸν
3580 3455 3735 3527 θρόνον

2190 3560 2375 3624 αὐτοῦ,
2403 3559 2478 3623 ὡς
2519 3557 2617 3621 τὰς
2658 3556 2869 3628 ἡμέρας
2924 3552 3021 3607 τοῦ
3072 3552 3325 3618 οὐρανοῦ.
3358 3572 3377 3603 ι
3434 3550 3540 3604 Καὶ
3580 3542 3733 3606 αὖθις

2195 3673 2213 3706 ι
2230 3652 2411 3716 "Atta:
2435 3652 2624 3723 ὤμοσα
2640 3647 2787 3718 ἐντῷ
2816 3647 2957 3717 ἁγίῳ
2988 3664 3109 3717 μου,
3128 3643 3269 3716 είτῷ
3294 3643 3458 3697 Δαϐὶδ
3481 3639 3733 3711 ψεύσομαι,

2188 3746 2248 3799 τὸ
2276 3745 2498 3815 σπέρμα
2520 3741 2683 3796 αὑτοῦ
2715 3742 2795 3803 εἰς
2835 3739 2925 3792 τὸν
2977 3739 3147 3792 αἰῶνα
3198 3739 3370 3809 μενεῖ,
3404 3736 3497 3788 καὶ
3526 3735 3553 3785 ό
3582 3729 3738 3802 θρόνος

2190 3837 2354 3891 αὑτοῦ
2386 3834 2664 3906 ὡςόῆλιος
2697 3832 2939 3887 ἐναντίον
2969 3849 3092 3903 μου,
3125 3830 3220 3884 καὶ
3247 3830 3325 3894 ὡς
3355 3832 3399 3900 ἡκ
3419 3827 3601 3897 σελήνη
3629 3835 3733 3874 κατ-

2189 3947 2223 4000 η
2233 3928 2490 4000 ρτισμένη
2514 3929 2593 3991 εἰς
2614 3926 2706 3980 τὸν
2731 3925 2922 3980 αἰῶνα.
2962 3944 2980 3976 ι
3021 3922 3272 3977 Τοσαῦτα
3304 3924 3362 3975 ὲν
3395 3923 3502 3983 τοῖς
3526 3913 3734 3984 Ψαλμοῖς

2189 4022 2284 4075 τοῦ
2328 4020 2463 4074 Θεοῦ
2504 4020 2584 4091 τῷ
2615 4019 2778 4074 Δα6⁹ιὸ
2812 4017 3242 4091 ὲπηγγελμένου,
3278 4012 3533 4067 τάναντία
3570 4002 3733 4070 συνέῦη

2189 4118 2309 4180 ταῖς
2341 4113 2693 4183 ἐπαγγελίαις
2726 4112 2971 4166 ἐπελθεῖν
3017 4111 3103 4164 διά
3136 4110 3236 4174 τὰς
3258 4108 3369 4162 τῶν
3394 4105 3633 4174 διαδόχων
3658 4094 3734 4150 αὐ-

2189 4208 2285 4263 τοῦ
2332 4206 2752 4271 δυσσεϐείας.Ἠ
2795 4204 2925 4274 γοῦν
2959 4204 3023 4257 ὲκ
3065 4202 3383 4273 σπέρματος
3427 4194 3581 4251 Δαὸὶδ
3610 4190 3731 4263 βασι·

2191 4301 2330 4365 λεία,
2361 4299 2693 4372 διαρκέσασα
2731 4297 2921 4368 μέχρις
2951 4294 3198 4365 Ἰεχονίου
3227 4293 3323 4346 καὶ
3343 4292 3445 4361 τῆς
3465 4287 3564 4341 ὑπὸ
3587 4278 3730 4335 Βασυο

2189 4393 2401 4457 λωνίοις
2446 4391 2538 4445 τοῦ
2584 4388 2732 4462 ἱεροῦ
2772 4387 3105 4459 πολιορκίας,
3137 4386 3342 4447 λέλυτο,
3374 4384 3448 4446 ὡς
3478 4379 3534 4445 ἐξ
3557 4372 3731 4462 ἐκείνου

2196 4487 2392 4559 μηκέτι
2418 4485 2507 4538 τὸν
2533 4461 2719 4555 θρόνον
2746 4479 2928 4543 Δαδιδ,
2951 4478 3086 4550 μηδὲ
3109 4479 3235 4540 τοὺς
3261 4478 3327 4528 ἐκ
3353 4474 3643 4545 σπέρματος
3656 4461 3731 4515 αὐ-

2191 4577 2285 4632 τοῦ
2315 4575 2628 4649 βασιλεῦσαι
2673 4572 2767 4627 τοῦ
2807 4570 3073 4625 Ἰουδαίων
3109 4568 3316 4632 ἔθνους.
3344 4565 3454 4620 Kal.
3481 4559 3662 4627 ταύτην
3682 4566 3731 4619 γε

2193 4673 2295 4745 τὴν
2341 4670 2640 4742 γενομένην
2671 4667 2967 4722 διάπτωσιν
2999 4664 3098 4735 τῆς
3124 4662 3262 4733 πρὸς
3293 4662 3386 4715 τὸν
3414 4654 3569 4712 Δαθὶδ
3590 4654 3730 4745 ιτεαγ-

2194 4743 2381 4835 γελίας
2408 4763 2550 4817 κατά
2572 4763 2670 4834 τὴν
2691 4757 3091 4833 προειρημένην
3115 4756 3212 4811 τοῦ
3233 4752 3450 4826 ψαλμοῦ
3478 4743 3730 4820 παράθεσιν

2192 4859 2255 4912 τὸ
2288 4858 2428 4911 θεῖον
2459 4849 2560 4909 ὧδέ
2611 4872 2727 4918 πως
2757 4851 2984 4922 Πνεῦμα
3010 4850 3292 4915 θεσπίζει·
3335 4868 3354 4900 ‹
3383 4848 3454 4901 Σὺ
3479 4843 3532 4898 δὲ
3560 4835 3729 4894 ἀπώσω

2193 4951 2288 5005 καὶ
2320 4948 2702 5016 ὲξουδένωσας,
2745 4943 3004 4999 ἀνεϐάλου
3055 4943 3147 4996 τὸν
3189 4941 3421 5012 Χριστόν
3465 4951 3583 4991 σου·
3622 4942 3727 4983 κατ’

2194 5040 2465 5114 έστρεψας
2495 5040 2595 5111 τὴν
2633 5038 2902 5109 διαθήκην
2932 5036 3027 5090 τοῦ
3054 5034 3241 5089 δούλου
3286 5050 3403 5095 σου,
3429 5025 3726 5114 ἐϐεόήλωσιις

2193 5136 2272 5198 εἰς
2426 5131 2528 5203 γῆν
2554 5109 2617 5182 τὸ
2654 5129 2897 5198 ἀγίασμα
2918 5123 3082 5179 αὐτοῦ
3105 5142 3118 5155 ο
3151 5122 3399 5187 καθεῖλες
3424 5120 3612 5176 πάντας
3627 5109 3726 5203 τοῆς

2194 5200 2497 5299 φραγμοὺς
2515 5222 2712 5277 αὐτοῦ’
2759 5242 2777 5272 ι
2809 5221 2903 5274 καὶ
2938 5220 3053 5291 μετ’
3085 5217 3271 5287 ὀλίγαι
3308 5234 3326 5266 ι
3353 5215 3454 5268 Τὸν
3473 5209 3637 5282 θρόνον
3657 5200 3726 5299 αό-

2191 5292 2286 5371 ’ἐὸὖ
2428 5315 2527 5387 τὴν
2567 5316 2672 5386 γῆν
2706 5311 3068 5385 κατέῤῥαξας.
3104 5309 3434 5381 ὲσμὶκρυνας
3489 5302 3579 5363 τὰς

2196 5426 2293 5481 ρας
2349 5402 2445 5461 τοῦ
2485 5382 2700 5479 ϋχρόνου
2766 5382 2960 5469 αὐτοῦ,
3032 5400 3298 5472 κατέχεας
3359 5393 3514 5453 αὐτοῦ
3570 5382 3723 5481 αίσχῦς

2192 5473 2308 5573 νην.
2342 5503 2442 5554 »Ἀ
2625 5498 2871 5571 ἐναργῶς
2920 5494 3203 5568 ἀρξάμενα
3247 5487 3594 5546 συντελεῖσθαι
3636 5473 3720 5573 ἀξὺ

2187 5567 2288 5667 τῆς
2339 5595 2419 5658 εἰς
2462 5567 2759 5645 Βαϐυλῶνα
2796 5567 3171 5662 αἰχμαλωσίας
3194 5587 3288 5640 τοῦ
3316 5583 3444 5639 λαοῦ
3473 5579 3613 5653 μέχρι
3639 5567 3717 5667 γῆς

2201 5660 2489 5759 Ῥωμαίων
2526 5684 2622 5739 καὶ
2656 5660 2910 5754 Τιϐερίου
2947 5680 3293 5755 παρεξετάθη
3340 5672 3607 5751 βασιλείας·

2190 5750 2456 5848 δεὶςγοῦν
2489 5778 2555 5829 ὲκ
2596 5775 2697 5845 τῆς
2736 5750 2830 5828 τοῦ
2873 5750 3042 5830 Δαόὶδ
3077 5750 3325 5846 διαδοχῆς
3344 5750 3404 5828 ἓν
3425 5768 3525 5830 τοῖς
3551 5750 3715 5834 μεταξδ

572 5871 617 5902 ⁸³
640 5868 789 5928 Psal.
820 5888 936 5945 ιιι,
967 5875 1033 5932 i8
1061 5896 1076 5949 ;
1119 5876 1308 5934 Matth.
1346 5892 1517 5945 xxvn,
1556 5876 1648 5934 55.
1728 5877 1773 5909 ⁸*
1802 5874 1950 5934 Psal.
1981 5890 2083 5935 tu

2189 5890 2253 5939 ιι,
2281 5871 2471 5931 26-30.
2528 5872 2617 5965 "ﬂ
2639 5869 2773 5929 ibid.
2809 5866 2990 5929 asas.
