3894 6504
168 409 276 467 533

1068 393 1717 458 ΒΕΜΟΝΞΤΒᾹἸΊΟΝΙΒ
1752 393 2227 454 EVANGELICE'
2251 386 2377 451 LIB.
2420 390 2534 450 VII;

3298 385 3423 442 535'

167 526 366 599 χρόνοις
428 519 680 593 φαίνεται
725 521 819 575 ἐπὶ
871 519 961 575 τὸν
1016 519 1293 591 βασιλικὸν
1340 518 1434 573 τοῦ
1471 518 1732 591 Ἐϐραίων

1835 516 1979 570 rium
2016 515 2157 584 ejus,
2194 512 2512 568 destruxisti
2566 522 2759 565 omnes
2816 522 2972 581 sepes
3018 505 3140 578 ejus
3176 505 3245 561 “.
3283 523 3303 558 ι
3336 504 3404 558 Et

168 619 334 682 ἔθνους
397 616 688 680 καθεσθεὶς
742 614 930 687 θρόνον
985 614 1145 687 μέχρι
1203 615 1302 687 τῆς
1349 612 1445 668 τοῦ
1493 612 1728 687 Χριστοῦ

168 708 468 784 παρουσίας.
504 708 612 763 Τοῦ
661 708 719 762 δὲ
766 709 830 761 ἐκ
874 706 1185 780 σπέρματος
1231 705 1395 761 Δαϐἰδ
1438 706 1729 779 γενομένου

166 803 355 874 Κυρίου
384 804 484 857 καὶ
529 801 782 874 Σωτῆρος
803 800 960 873 ἡμῶν
1001 798 1184 871 Ἰησοῦ
1203 799 1442 874 Χριστοῦ
1470 798 1731 872 βασιλέως

166 899 246 951 ἐπὶ
287 897 469 950 πᾶσαν
510 892 619 964 τὴν
647 894 970 967 οἰκουμένην
1022 893 1512 967 άνακηρυχθέντος,
1543 891 1731 964 ῶσπερ

165 989 258 1043 ἀπὺ
296 987 404 1058 γῆς
446 990 544 1042 καὶ
576 986 869 1060 πτώματος
908 986 1230 1052 ἀνανεωθείς
1270 985 1430 1051 αὐτὸς
1475 987 1679 1048 ἐκεῖνος
1702 986 1731 1038 6

165 1082 331 1154 θρόνος
359 1080 534 1135 Δαϐὶδ
563 1079 651 1134 διὰ
686 1080 788 1152 τῆς
819 1078 914 1134 τοῦ
945 1080 1196 1153 Σωτῆρος
1236 1078 1392 1152 ἡμῶν
1418 1078 1599 1133 ἐνθέου
1635 1073 1731 1148 βα-

166 1173 351 1237 σιλείας
393 1172 739 1244 ἀνώρθωται,
775 1173 883 1227 καὶ.
910 1173 1151 1244 διαμενεῖ
1178 1173 1260 1236 εἰς
1297 1172 1389 1225 τδν
1421 1170 1611 1233 αἰῶνα,
1639 1168 1733 1222 καὶ

164 1266 310 1321 εἰσέτι
342 1282 431 1336 γε,
474 1266 555 1330 ὡς
584 1268 614 1321 6
645 1266 796 1337 ἥλιος
835 1265 1075 1320 ἐναντίον
1105 1263 1199 1319 τοῦ
1226 1264 1384 1329 Θεοῦ,
1414 1263 1514 1335 τὴν
1553 1264 1731 1317 πᾶσαν

163 1359 524 1431 καταλάμπων
555 1358 878 1431 οἰκουμένην
901 1362 1020 1422 ταῖς
1051 1359 1231 1411 ἀκτῖσι
1278 1356 1371 1411 τοῦ
1415 1356 1590 1426 φωτὸς
1629 1354 1730 1426 τῆς

161 1449 493 1515 διδασκαλίας
523 1450 714 1517 αὑτοῦ,
749 1450 1055 1514 ἀκολούθως
1087 1452 1154 1523 τῇ
1181 1466 1241 1503 τε
1273 1447 1492 1503 ἀπὸτοῦ
1512 1447 1731 1519 ψαλμοῦ

165 1544 441 1616 μαρτυρίᾳ,
480 1546 580 1599 καὶ
613 1544 709 1599 τοῦ
742 1544 881 1617 μετὰ
925 1546 1114 1617 χεῖρας
1141 1545 1441 1616 προφήτου,
1477 1542 1604 1614 περὶ
1636 1540 1730 1596 τοῦ

162 1635 615 1709 γεννηθησομένου
643 1637 858 1691 παιδίου
884 1636 1149 1706 λέγοντος,
1177 1636 1269 1690 ἐπὶ
1295 1634 1387 1689 τὸν
1418 1634 1603 1708 θρόνον
1624 1635 1730 1689 Δα-

160 1726 252 1791 ϐὶδ,
283 1726 485 1799 δηλαδὴ
508 1728 603 1782 τὸν
636 1727 852 1783 αἰώνιον
877 1730 973 1783 καὶ
999 1729 1214 1801 διαρκῆ,
1237 1727 1328 1781 τὸν
1353 1728 1418 1799 δὴ
1441 1727 1535 1782 καὶ
1561 1730 1733 1798 ὲπηγ-

161 1818 401 1890 γελμένον
431 1818 517 1890 τῷ
546 1820 715 1874 Δαϐὶδ
737 1818 1168 1891 καθεσθήσεσθαι
1202 1818 1363 1872 αὑτὸν
1394 1817 1486 1872 ἐπὶ
1517 1816 1615 1888 τὴν
1639 1815 1734 1887 βα-

1830 614 1955 680 post
1982 621 2157 678 pauca
2189 623 2202 660 :
2241 623 2260 657 ι
2305 602 2500 659 Sedem
2529 601 2650 671 ejus
2676 601 2733 655 in
2764 601 2967 656 terram
2996 597 3270 662 collisisti,
3297 596 3402 650 mi-

1833 700 1999 756 nuisti
2024 699 2140 754 dies
2163 695 2425 767 temporis
2449 694 2590 765 ejus,
2635 690 2925 765 perfudisti
2967 704 3090 745 eum
3120 686 3402 745 confusio-

1832 807 1900 846 ne
1926 792 1994 845 ⁸⁷.
2036 809 2054 843 ›
2085 789 2216 857 Quae
2247 790 2432 843 omnia
2491 801 2615 841 cum
2662 784 2776 855 jam
2828 781 3014 855 perﬁci
3075 779 3403 851 inccpcrint,

1832 883 1902 939 ab
1919 898 1984 939 eo
2014 891 2259 952 tempore
2289 895 2398 951 quo
2431 878 2664 950 populus
2696 878 2753 931 in
2796 875 3127 948 Babylonem
3155 872 3407 943 captivus

1831 975 2161 1051 ductusgest,
2192 989 2365 1045 usque
2398 972 2467 1026 ad
2510 966 2879 1026 Romanorum
2901 975 2955 1023 et
2986 966 3191 1024 Tiberii
3234 966 3410 1034 impe-

1830 1067 1973 1121 rium
1998 1067 2211 1138 prolata
2258 1074 2621 1135 provectaque
2670 1068 2813 1117 sunt.
2846 1060 3010 1131 339
3035 1058 3228 1113 Nullus
3258 1056 3403 1112 enim

1830 1173 1896 1213 ex
1939 1172 2138 1229 genere
2189 1154 2358 1211 David
2413 1154 2517 1209 hoc
2544 1159 2659 1209 toto
2696 1150 3023 1206 intermedio
3069 1156 3314 1219 tempore
3346 1145 3405 1199 in

1831 1249 2111 1306 Hebraicae
2142 1250 2318 1320 gemis
2361 1249 2510 1320 regia
2566 1246 2694 1303 sede
2722 1244 2940 1300 videtur
2975 1241 3204 1305 sedisse,
3230 1254 3407 1312 usque

1832 1341 1901 1397 ad
1923 1342 2127 1398 Christi
2149 1341 2462 1397 adventum.
2487 1337 2593 1394 Ubi
2623 1352 2752 1393 vero
2786 1337 3045 1392 Dominus
3073 1343 3127 1390 et
3159 1332 3406 1387 Salvator

1830 1441 2020 1491 noster
2048 1432 2210 1490 Jesus
2257 1430 2532 1497 Christus,
2567 1429 2659 1500 qui
2686 1429 2756 1483 de
2810 1428 3016 1484 semine
3050 1424 3219 1479 David
3250 1430 3407 1478 ortus

1831 1533 1937 1591 est,
1980 1524 2037 1580 in
2075 1532 2250 1579 totum
2276 1523 2463 1579 orbem
2494 1536 2593 1577 rex
2627 1519 2984 1576 denuntiatus
3012 1524 3117 1582 est,
3143 1523 3407 1586 tanquam

1831 1632 1895 1675 ea
1924 1633 2046 1690 qua:
2089 1616 2157 1673 de
2187 1624 2334 1672 terra
2365 1625 2421 1671 et
2453 1614 2613 1669 ruina
2664 1613 2968 1669 instaurata
3026 1610 3118 1675 sit,
3147 1610 3265 1679 ipsa
3314 1607 3411 1663 illa

1833 1713 1990 1772 sedes
2017 1710 2189 1767 David
2222 1726 2319 1782 per
2346 1710 2592 1767 divinum
2626 1706 2929 1767 Salvatoris
2975 1702 3151 1760 nOStri
3179 1716 3409 1773 regnum

1832 1812 2014 1862 erecta
2036 1813 2140 1870 est,
2168 1810 2225 1859 et
2247 1802 2591 1874 permanebit
2617 1801 2671 1856 in
2713 1807 3003 1863 aeternum,
3039 1795 3208 1852 veluti
3242 1793 3325 1849 sol
3351 1792 3409 1847 in

163 1884 350 1965 σιλείαν
390 1884 586 1975 αὐτοῦ,
614 1884 973 1984 κατορθῶσαι,
1007 1910 1173 1982 αὐτὴν
1223 1910 1318 1964 καὶ
1350 1884 1729 1964 ἀντιλαϐέσθαι

1834 1903 2131 1968 conspectu
2166 1893 2299 1959 Dei,
2333 1888 2481 1950 illius
2513 1893 2676 1951 .lucis
2725 1890 2916 1954 radiis,
2945 1903 3107 1960 quam
3158 1884 3408 1941 doctrina
3495 1923 3498 1927 η

162 2003 211 2057 ἓν
238 2002 462 2075 κρίματι
512 2000 611 2055 καὶ
657 2000 970 2073 δικαιοσύνῃ
1011 2000 1119 2056 ἀπὸ
1150 2000 1245 2054 τοῦ
1279 1999 1374 2055 νῦν
1406 2000 1498 2053 καὶ
1526 2000 1607 2063 εἰς
1637 1999 1730 2053 τὸν

161 2093 539 2158 αἰῶνα.¹’οπως
568 2093 626 2147 δὲ
649 2092 822 2147 ταῦτα
854 2092 1177 2165 ἐπληροῦτο,
1200 2092 1516 2157 διδάσκαλος
1537 2092 1731 2161 γένοιτ’

161 2187 218 2241 ἂν
260 2187 563 2260 ἀξιόχρεως
615 2187 854 2259 Γαϐριὴλ
899 2188 930 2240 6
976 2186 1207 2255 ἄγγελος
1248 2186 1307 2241 ὲν
1353 2185 1432 2257 τῷ
1464 2186 1600 2258 πρὸς
1633 2186 1732 2258 τὴν

162 2280 416 2353 Παρθένον
472 2280 842 2353 χρηματισμῷ
893 2281 1145 2353 φάσκων·
1207 2299 1226 2330 ι
1255 2278 1348 2351 Μὴ
1392 2277 1578 2348 φοϐοῦ,
1613 2279 1733 2332 Μα-

166 2374 311 2444 ριάμο
340 2366 507 2446 εὗρες
541 2373 651 2445 γὰρ
683 2374 841 2446 χάριν
875 2362 1026 2444 παρά
1056 2371 1136 2443 τῷ
1169 2370 1313 2442 Θεᾷγ
1345 2372 1438 2425 καὶ
1466 2370 1573 2423 ἰδοὺ
1609 2369 1733 2423 συλ-

163 2465 290 2539 λήψῃ
316 2469 373 2520 ἐν
397 2466 627 2537 γαστρὶ,
647 2466 740 2519 καὶ
762 2465 892 2539 τέξῃ
917 2466 1050 2529 υἱὸν,
1084 2466 1179 2519 καί⁵
1202 2464 1451 2527 καλέσεις
1480 2464 1540 2516 τὸ
1564 2463 1733 2533 ὄνομα

164 2557 308 2611 αὑτοῦ
339 2560 576 2632 Ἰησοῦν.
610 2555 778 2623 Οὗτος
812 2558 963 2612 ἔσται
993 2558 1187 2629 μέγας,
1209 2557 1302 2611 καὶ
1333 2556 1447 2620 υίὸς
1477 2556 1729 2625 Ὑψίστου

164 2648 499 2722 κληθήσεται,
541 2653 637 2707 καὶ
669 2650 830 2706 δώσει
860 2649 1010 2721 αὐτῷ
1036 2649 1243 2723 Κύριος
1269 2652 1298 2703 6
1329 2649 1462 2713 Θεὸς
1485 2650 1577 2702 τὸν
1605 2648 1731 2720 θρό-

164 2758 242 2796 νον
269 2743 433 2797 Δαϐὶδ
468 2743 564 2796 τοῦ
594 2744 804 2816 πατρὸς
837 2744 1023 2809 αὑτοῦ,
1050 2744 1144 2799 καὶ
1179 2741 1486 2814 βασιλεύσει
1517 2742 1609 2795 ἐπὶ
1640 2741 1732 2795 τὸν

165 2828 293 2888 οἷκον
331 2834 532 2889 Ἰακὼϐ
566 2838 647 2901 εἰς
672 2836 764 2890 τὸν
797 2836 990 2901 αἰῶνα,
1015 2837 1109 2890 καὶ
1134 2836 1235 2906 τῆς
1264 2832 1538 2906 βασιλείας
1567 2831 1731 2886 αὑτοῦ

165 2928 252 2981 οὐκ
276 2928 425 2983 ἔσται
450 2929 626 2993 τέλος.
661 2950 679 2980 ι
716 2929 933 3000 Ταύτην
955 2932 1028 2983 ’ἐν
1059 2928 1139 2999 τῷ
1180 2926 1565 3000 προειρημένῳ
1595 2924 1732 2995 ψαλ-

169 3018 241 3090 μῷ
264 3023 352 3075 καὶ
382 3024 412 3075 ὁ
450 3023 739 3094 προφήτης
772 3019 1082 3092 προσδοκῶν
1118 3021 1217 3093 τὴν
1247 3018 1340 3073 τοῦ
1368 3017 1602 3091 Χριστοῦ
1637 3016 1733 3086 γέ-

164 3127 310 3177 νεσιν,
338 3115 440 3185 τήν
476 3130 535 3166 τε
573 3114 868 3185 ὑπέρθεσιν
895 3113 1084 3183 αὐτῆς,
1120 3112 1213 3165 καὶ
1252 3110 1515 3181 ἀναϐολὴν
1544 3108 1735 3181 ὥσπερ

167 3203 325 3256 αἰτίαν
371 3205 617 3277 συνορῶν
660 3206 760 3276 τῆς
800 3204 896 3258 τοῦ
923 3205 1112 3276 θρόνου
1147 3203 1309 3255 Δαϐὶδ
1340 3200 1728 3265 ἀποπτώσεως,

168 3295 517 3350 ἀποδυσπετεῖ
540 3297 715 3366 λέγων
735 3314 747 3327 ·
779 3317 797 3349 ι
825 3298 897 3349 Σὺ
917 3297 974 3349 δὲ
999 3295 1203 3350 ἀπώσω
1227 3296 1321 3349 καὶ
1349 3294 1729 3358 ὲξουδένωσας,

168 3388 407 3444 ἀνεϐάλου
437 3391 532 3443 τὸν
561 3389 795 3460 Χριστόν
832 3406 946 3442 σου.
981 3408 1000 3440 ι
1040 3388 1273 3460 Εὖχεται
1305 3387 1361 3440 δὲ
1393 3386 1579 3458 ὥσπερ
1611 3385 1737 3438 δυσ-

168 3479 314 3534 ωπῶν
356 3480 418 3532 τὸ
461 3479 638 3543 Θεῖον,
739 3478 905 3549 τάχος
938 3477 1292 3549 πληρωθῆναι
1330 3476 1400 3529 τὰ
1435 3476 1536 3545 τῆς
1564 3478 1735 3543 ἐπαγ-

169 3569 353 3637 γελίας,
383 3571 613 3641 φάσκων
638 3588 653 3601 ο
689 3591 707 3621 ι
737 3569 849 3622 Ποῦ
892 3572 1007 3623 ἐστι
1038 3570 1104 3623 τὰ
1134 3570 1257 3640 ὲλέη
1290 3586 1383 3622 σου
1414 3568 1480 3621 τὰ
1514 3569 1733 3639 ἀρχαῖα,

170 3659 344 3734 Κύριε,
379 3662 417 3716 ἃ
448 3661 672 3733 ὤμοσας
703 3660 783 3732 τῷ
809 3660 972 3714 Δαϐὶδ
1017 3663 1074 3715 ὲν
1122 3663 1188 3731 τῇ
1220 3660 1449 3730 ἀληθείᾳ
1479 3674 1606 3721 σου;
1642 3678 1659 3709 ι
1699 3657 1736 3711 ἀ

169 3748 224 3824 δὴ
270 3754 581 3823 σαφέστατα
633 3752 729 3806 καὶ
779 3751 919 3805 αὐτὰ
968 3752 1032 3822 δὴ
1084 3751 1254 3805 ταῦτα
1281 3750 1735 3822 πληρωθήσεσθαι

171 3842 249 3895 ἐπὶ
270 3848 332 3917 τῇ
361 3845 577 3915 γενέσει
604 3844 698 3897 τοῦ
734 3844 832 3915 τῆς
870 3843 1110 3914 μεγάλης
1143 3842 1338 3914 βουλῆς
1372 3842 1603 3911 ἀγγέλου
1648 3842 1737 3894 θε-

174 3936 366 4002 σπίζει’
410 3940 528 4008 Ἐφ’
553 3931 597 4006 ᾧ
642 3937 953 4008 θελήσουσι,
982 3936 1167 4007 φησὶν,
1196 3937 1245 3988 οἱ
1274 3934 1737 4007 προαποδοθέντες

172 4032 213 4083 εἰ
244 4033 577 4104 ἐγενήθησαν
643 4032 1026 4103 πυρίκαυστον
1061 4048 1079 4082 ι
1128 4029 1258 4084 διότι
1319 4029 1528 4083 παιδίον
1580 4031 1734 4097 ἐγεν-

172 4123 289 4196 νήθη
321 4128 474 4197 ημῖν,
502 4125 606 4185 ¹καί
643 4123 756 4188 υίὸς
784 4123 936 4192 ἐδόθη
972 4125 1100 4195 ἡμῖν
1131 4125 1160 4177 6
1186 4122 1284 4194 τῆς
1328 4121 1572 4192 μεγάλης
1610 4132 1734 4191 ρου-

174 4211 254 4283 λῆς
282 4217 527 4285 ἄγγελος.
573 4236 593 4269 ι
630 4215 751 4272 Τίσι
776 4216 831 4269 δὲ
863 4218 995 4286 ἡμῖν
1039 4216 1073 4287 ἢ
1124 4217 1239 4279 τοῖς
1271 4216 1351 4278 εἰς
1377 4213 1536 4268 αὐτὸν
1571 4230 1734 4266 πεπι-

176 4310 405 4362 στευκόσι
431 4311 548 4372 τοῖς
579 4310 638 4361 ὲν
680 4310 747 4379 τῇ
796 4306 1055 4378 Γαλιλαία
1082 4306 1191 4360 τῶν
1218 4306 1416 4369 ἐθνῶν,
1451 4300 1532 4369 οἷς
1565 4304 1736 4368 αἴτιος

174 4399 440 4472 γεγένηται
472 4399 652 4470 φωτὸς
677 4401 777 4453 ’καὶ
805 4397 1160 4471 εὐφροσύνης,
1192 4397 1379 4451 καινοῦ
1413 4414 1470 4450 τε
1498 4398 1589 4450 καὶ
1613 4395 1733 4449 νέου

175 4494 338 4559 ποτοῦ,
371 4494 473 4565 τῆς
519 4493 711 4563 καινῆς
756 4491 1030 4563 Διαθήκης
1081 4492 1397 4563 μυστηρίου,
1449 4489 1589 4543 κατά
1637 4490 1733 4561 τὴν

177 4588 401 4659 φήσασαν
452 4586 819 4660 προφητείαν,
878 4603 897 4636 ι
923 4584 1095 4637 Τοῦτο
1145 4584 1379 4655 πρῶτον,
1430 4583 1541 4645 πίε,
1593 4581 1729 4650 ταχὺ
1765 4614 1808 4668 D

178 4678 321 4746 ποίει,
349 4678 502 4751 χώρα
552 4675 857 4739 Ζαϐουλὼν,
896 4676 989 4728 καὶ
1037 4674 1111 4744 γῆ
1164 4673 1503 4744 Νεφθαλείμ,
1543 4674 1637 4726 καὶ
1684 4674 1733 4726 οἱ

176 4767 330 4825 λοιποὶ
366 4774 413 4825 οἱ
454 4769 554 4842 τὴν
595 4767 868 4840 παραλίαν
900 4767 1173 4830 οἰκοῦντες
1198 4766 1370 4838 πέραν
1398 4765 1493 4818 τοῦ
1533 4764 1733 4837 Ἰορδά-

178 4875 273 4925 νου,
307 4859 561 4916 Γαλιλαία
585 4857 694 4911 τῶν
723 4857 908 4911 ἐθνῶν·
937 4859 965 4910 6
984 4857 1111 4921 λαὸς
1130 4859 1158 4910 6
1186 4857 1492 4928 καθήμενος
1523 4857 1581 4908 έν
1611 4856 1735 4908 σκό-

176 4964 264 5016 τει,
283 4951 393 5020 φῶς
437 4952 577 5005 ίδετε
615 4950 787 5021 μέγα·
822 4952 916 5004 καὶ
946 4951 1056 5012 τοῖς
1096 4947 1421 5019 καθημένοις
1456 4949 1513 5000 ἐν
1557 4948 1737 5000 σκότει

178 5044 257 5097 καί
280 5048 400 5118 σκιᾷ
426 5046 680 5109 θανάτου,
715 5042 830 5114 φῶς
853 5043 1122 5098 ἀνέτειλεν
1147 5043 1361 5108 αὐτοῖς;
1400 5060 1417 5091 ι
1449 5036 1571 5093 Εἶεν
1597 5039 1639 5092 δ’
1671 5038 1736 5093 ἂν

175 5132 224 5186 ὲν
252 5134 451 5200 τούτοις
479 5135 798 5206 δηλούμενοι
831 5136 960 5188 οἵτε
993 5133 1052 5198 ἐξ
1082 5133 1250 5185 ἐθνῶν
1279 5134 1358 5197 εἰς
1384 5134 1473 5185 τὸν
1503 5135 1735 5206 Χριστὸν

175 5223 255 5277 τοῦ
287 5226 414 5280 Θεοῦ
440 5225 888 5293 πεπιστευκότες,
917 5217 1014 5277 καῖ
1061 5224 1111 5276 οἱ
1154 5222 1247 5275 τοῦ
1296 5222 1547 5294 Σωτῆρος
1576 5223 1734 5295 ἡμῶν

180 5317 395 5389 μαθηταὶ
443 5321 538 5373 καὶ
583 5318 889 5381 ἀπόστολοι,
921 5316 1013 5381 οὓς
1042 5314 1148 5369 ἀπὸ
1181 5315 1284 5385 γῆς
1324 5312 1608 5368 Ζαϐουλὼν
1641 5314 1737 5367 καὶ

177 5405 470 5484 Νεφθαλεὶμ
511 5411 1007 5481 ἀνακαλεσάμενος,
1042 5405 1324 5473 ἐξελέξατο
1356 5407 1603 5477 κήρυκας
1638 5404 1733 5459 τοῦ

176 5496 504 5571 Εὐαγγελίου.
541 5502 763 5567 Τούτοις
792 5501 889 5570 μὲν
938 5496 1031 5554 οῦν
1071 5502 1101 5554 6
1138 5499 1238 5570 τῆς
1268 5497 1507 5571 μεγάλης
1535 5496 1734 5569 βουλῆς

179 5593 382 5665 ἄγγελος
415 5599 528 5662 υἱὸς
562 5596 738 5669 ἐδόθη,
775 5595 1049 5667 σωτηρίας
1081 5595 1270 5658 αἴτιος·
1291 5596 1401 5658 τοῖς
1429 5593 1486 5647 δὲ
1520 5595 1599 5657 εἰς
1631 5594 1732 5646 αὐ·-

178 5684 257 5740 τδν
283 5689 629 5761 ὴπιστηκόσι,
647 5688 815 5760 πυρὸς
853 5685 1053 5757 δηλαδὴ
1087 5685 1182 5740 καὶ
1207 5683 1649 5756 καῦσεως.⁸’ολης
1675 5683 1734 5737 δὲ

266 5849 464 5909 “Psal.
500 5866 761 5917 Lxxxvm,
798 5848 984 5905 59v“.
1065 5848 1105 5881 ⁸⁷
1156 5847 1288 5902 ibid.
1320 5848 1411 5917 43,
1443 5847 1511 5903 46
1610 5847 1652 5880 ⁸⁸
1678 5845 1747 5902 L1:

1859 5863 1896 5917 ι,
1939 5846 2119 5905 5055,

1831 1988 1983 2043 illius
2009 2002 2119 2059 pra:
2139 2001 2199 2043 se
2220 1984 2347 2051 fert,
2387 1991 2561 2042 totum
2587 1984 2775 2039 orbem
2803 1988 3076 2037 terrarum
3100 1977 3406 2040 illustrans;

1832 2079 1978 2150 quod
2005 2076 2224 2151 quidem
2255 2085 2309 2134 et
2337 2077 2533 2149 psalmi
2560 2075 2809 2147 proximo
2839 2071 3154 2129 testimonio
3176 2083 3411 2123 consen-

1833 2181 2051 2228 taneum
2079 2180 2182 2236 est,
2208 2180 2261 2228 et
2290 2171 2419 2226 huic
2434 2170 2734 2242 pr0phetae,
2772 2166 2840 2222 de
2862 2180 2971 2236 quo
2994 2177 3141 2219 nunc
3171 2161 3407 2232 agimus,

1832 2265 1927 2338 qui
1989 2264 2058 2320 de
2102 2278 2277 2335 puero
2309 2263 2522 2317 orituro
2564 2261 2660 2326 ait,
2694 2261 2874 2330 ipsum
2930 2256 2989 2311 in
3033 2252 3164 2311 sede
3214 2251 3410 2312 David.

1831 2364 2037 2412 aeterna
2058 2354 2310 2411 videlicet
2333 2368 2398 2408 ac
2429 2358 2802 2424 permanente,
2833 2363 2954 2419 quae
2976 2347 3139 2403 etiam
3170 2344 3276 2416 ipsi
3304 2342 3411 2397 Da-

1834 2449 1923 2505 vid
1947 2449 2216 2521 promissa
2251 2456 2355 2513 est,
2376 2461 2658 2503 sessurum
2686 2446 2742 2500 in
2771 2459 2939 2515 regno
2968 2441 3162 2513 ipsius,
3193 2448 3252 2494 ut
3281 2438 3410 2492 diri-

1833 2549 1923 2613 gat
1951 2539 2086 2596 illud
2120 2547 2175 2597 et
2207 2536 2478 2610 suscipiat
2531 2539 2589 2592 in
2624 2534 2835 2606 judicio
2858 2544 2913 2588 et
2952 2531 3170 2601 justitia
3210 2528 3280 2583 ab
3304 2527 3408 2581 hoc

1832 2634 1954 2704 ipso
1984 2643 2227 2704 tempore
2266 2645 2441 2701 usque
2464 2630 2520 2683 in
2552 2628 2834 2685 saeculum.
2857 2623 3029 2680 Porro
3063 2630 3242 2677 autem
3274 2633 3408 2690 quo-

1834 2727 1995 2782 modo
2028 2725 2143 2780 haec
2171 2724 2291 2795 ipsa
2317 2722 2587 2793 completa
2616 2719 2749 2784 sint,
2802 2718 2937 2774 satis
2997 2712 3213 2769 abunde
3245 2712 3412 2767 doce-

1833 2835 1893 2875 re
1915 2832 2015 2873 nos
2035 2824 2217 2888 potest
2239 2815 2465 2887 angelus
2493 2811 2735 2875 Gabriel,
2761 2812 2819 2866 in
2845 2825 2911 2865 ea
2945 2806 3271 2863 allocutione
3301 2820 3410 2876 qua

1834 2911 1899 2967 ad
1928 2909 2207 2981 Virginem
2245 2922 2380 2963 usus
2428 2912 2513 2961 est
2566 2904 2647 2960 sic
2697 2902 2885 2958 dicens
2931 2914 2946 2952 :
2989 2919 3007 2950 ι
3061 2895 3139 2953 Ne
3189 2895 3407 2959 timeas,

1835 3001 2024 3066 Maria,
2066 2998 2326 3055 invenisti
2378 2997 2524 3053 enim
2576 2994 2806 3066 gratiam
2861 2990 3004 3062 apud
3036 2987 3246 3053 Deum;
3280 2999 3410 3041 ecce

1834 3093 2112 3164 concipies
2146 3092 2201 3146 in
2244 3098 2402 3145 utero
2436 3095 2489 3142 et
2538 3087 2718 3159 paries
2759 3084 2948 3147 ﬁlium,
2975 3090 3030 3138 et
3056 3080 3282 3136 vocabis
3309 3094 3412 3133 no-

1835 3204 1956 3244 men
1982 3187 2103 3256 ejus
2131 3184 2343 3249 Jesum,
2372 3184 2461 3238 hic
2486 3182 2591 3237 erit
2633 3194 2885 3250 magnus,
2918 3187 2971 3233 et
3018 3176 3162 3230 ﬁlius
3192 3173 3413 3228 Altissi—

1836 3281 1906 3334 mi
1940 3280 2246 3341 vocabitur,
2279 3284 2333 3333 et
2360 3275 2512 3330 dabit
2540 3274 2589 3330 ei
2624 3273 2888 3328 Dominus
2907 3269 3052 3325 Deus
3090 3267 3274 3323 sedem
3306 3265 3414 3319 Da-

1835 3369 1924 3423 vid
1955 3369 2124 3439 patris
2158 3367 2300 3435 ejus,
2328 3374 2382 3421 et
2415 3363 2663 3435 regnabit
2698 3364 2751 3416 in
2779 3361 2942 3415 domo
2966 3356 3137 3412 Jacob
3170 3357 3223 3410 in
3249 3364 3412 3409 κεῖθι-ο

1818 3458 1986 3521 ἠωη.
2024 3468 2077 3515 et
2100 3460 2251 3530 regni
2290 3458 2412 3527 ejus
2457 3472 2566 3510 non
2600 3455 2705 3510 erit
2752 3454 2877 3508 ﬁnis
2901 3453 2970 3515 ⁵⁸,
3014 3471 3033 3503 ι
3060 3450 3237 3520 ipsum
3266 3447 3415 3501 hunc

1834 3556 1891 3610 in
1950 3555 2160 3627 psalmo
2212 3551 2497 3623 superiore
2546 3549 2709 3602 etiam
2768 3546 3032 3617 propheta
3085 3547 3413 3611 exspectans

1836 3648 2037 3703 Christi
2074 3657 2274 3710 ortum,
2302 3653 2354 3700 et
2387 3658 2594 3697 moram
2620 3641 2761 3709 ejus,
2792 3639 3225 3707 dilationemque
3256 3635 3413 3705 quasi

1836 3741 2009 3794 ruinae
2034 3739 2181 3793 sedis
2216 3735 2381 3791 David
2412 3750 2634 3790 causam
2672 3732 2991 3803 inspiciens,
3022 3729 3183 3787 taedio
3205 3726 3416 3799 ingenti

1835 3831 2089 3897 afﬁcitur,
2114 3841 2167 3885 et
2211 3827 2288 3884 ait
2326 3848 2340 3884 :
2384 3847 2403 3879 ‹
2440 3826 2521 3882 Tu
2553 3842 2683 3881 vero
2715 3823 2966 3895 repulisti
2998 3830 3052 3878 et
3092 3819 3412 3892 despexisti’,

1836 3922 2097 3980 distulisti
2158 3920 2441 3978 Christum
2498 3928 2675 3974 tuum.
2712 3938 2732 3972 ι
2774 3918 2979 3974 Deinde
3027 3916 3186 3988 quasi
3214 3914 3416 3969 timens

1837 4032 1899 4071 ac
1925 4016 2235 4087 suspicans,
2265 4012 2439 4069 Deum
2461 4013 2641 4084 ipsum
2668 4022 2809 4075 orat,
2844 4019 2905 4065 ut
2934 4025 3099 4082 quam
3131 4006 3418 4064 celerrime

1836 4128 1897 4167 ea
1929 4127 2050 4181 qum
2073 4110 2344 4182 promissa
2389 4117 2518 4163 sunt
2554 4105 2938 4170 exhibeantur,
2972 4102 3164 4157 dicens
3203 4120 3216 4155 :
3256 4118 3275 4151 ι
3309 4097 3417 4154 Ubi

1838 4212 1965 4260 sunt
1997 4201 2390 4259 misericordiae
2423 4209 2530 4256 tua:
2566 4198 2837 4268 antiqua},
2871 4195 3122 4256 Domine,
3153 4208 3293 4266 quas
3320 4191 3413 4261 ju-

1836 4298 1972 4351 rasti
2008 4296 2173 4351 David
2202 4296 2256 4349 in
2289 4294 2519 4349 veritate
2562 4299 2657 4346 tua
2686 4291 2771 4344 ”?
2810 4310 2828 4343 ι
2869 4305 2990 4361 quae
3017 4286 3241 4358 quidem
3272 4285 3413 4355 ipsa,

1837 4390 1977 4459 ipsa,
2010 4389 2253 4460 inquam,
2292 4386 2409 4441 hac
2436 4383 2759 4457 planissime
2819 4379 3144 4451 complenda
3193 4391 3317 4434 esse
3358 4375 3417 4431 in

1837 4489 1961 4537 ortu
1994 4480 2172 4552 magni
2208 4478 2429 4535 consilii
2469 4475 2648 4547 angeli
2681 4473 3015 4530 vaticinatur
3047 4490 3061 4526 :
3094 4470 3153 4525 in
3187 4484 3297 4541 quo
3318 4486 3418 4523 vo-

1839 4580 1972 4643 lent,
1997 4577 2195 4649 inquit,
2222 4576 2260 4630 ii
2294 4575 2362 4631 de
2393 4574 2597 4647 quibus
2619 4579 2781 4629 antea
2811 4570 3022 4627 dictum
3052 4575 3161 4634 est,
3195 4568 3242 4623 si
3283 4566 3423 4623 tuis-

1838 4677 1959 4727 sent
2006 4670 2131 4741 igne
2160 4668 2457 4724 combusti.
2496 4666 2771 4733 Quoniam
2810 4662 3076 4740 puerulus
3123 4669 3290 4717 natus
3335 4667 3422 4715 est

1836 4763 2015 4826 nobis,
2040 4771 2094 4817 ct
2133 4761 2279 4818 ﬁlius
2308 4761 2471 4815 datus
2502 4767 2587 4816 est
2632 4757 2815 4824 nobis,
2852 4757 3037 4829 magni
3077 4754 3295 4811 consilii
3330 4768 3425 4807 an-

1836 4856 2008 4928 gelus.
2041 4854 2253 4922 Quibus
2306 4859 2487 4908 autem
2519 4851 2702 4918 nobis,
2728 4849 2834 4907 nisi
2893 4850 2962 4906 iis
2990 4848 3086 4921 qui
3131 4848 3187 4903 in
3238 4848 3419 4917 ipsum

1837 4944 2193 5011 credidimus,
2220 4944 2313 5017 qui
2343 4944 2398 4998 in
2431 4940 2653 4997 Galilaea
2688 4942 2932 5015 gentium
2973 4956 3188 5006 sumus,
3221 4937 3423 5011 quibus

1837 5050 2029 5095 auctor
2052 5039 2232 5095 factus
2266 5045 2349 5094 est
2379 5037 2604 5092 luminis
2634 5045 2688 5091 et
2728 5037 2951 5101 laetitiae,
2984 5042 3039 5090 et
3060 5032 3299 5088 recentis
3321 5046 3422 5083 no.

1837 5130 2003 5202 vique
2063 5140 2248 5202 potus,
2283 5129 2422 5186 Novi
2479 5128 2816 5186 Testamenti
2875 5124 3146 5197 mysterii,
3183 5130 3242 5176 ut
3300 5123 3421 5194 ipsa

1839 5238 2057 5293 quoque
2096 5221 2383 5294 prophetia
2441 5223 2516 5276 ait
2545 5265 2559 5289 ,
2595 5221 2760 5295 340
2794 5239 2813 5272 ι
2858 5218 3101 5274 Primum
3129 5215 3275 5276 bibe,
3309 5213 3421 5266 cito

1837 5314 1945 5384 fac,
1970 5314 2119 5386 regio
2158 5314 2427 5380 Zabulon,
2462 5321 2515 5370 et
2547 5324 2687 5370 terra
2719 5308 3092 5381 Nephthalim,
3144 5315 3198 5362 et
3221 5303 3420 5375 reliqui

1838 5407 2172 5463 maritimam
2235 5406 2539 5463 incolentes
2599 5406 2743 5458 ultra
2803 5400 3134 5463 Iordanem,
3196 5395 3420 5453 Galilaza

1837 5499 2081 5573 gentium
2107 5517 2121 5554 :
2158 5500 2394 5571 populus
2419 5498 2617 5554 sedens
2641 5498 2699 5551 in
2731 5493 2998 5560 tenebris,
3026 5492 3207 5548 videte
3239 5491 3418 5546 lucem
3454 5491 3465 5505 ‘

1840 5607 2114 5663 magnam,
2140 5598 2194 5649 et
2216 5591 2535 5649 sedentibus
2556 5591 2609 5644 in
2637 5588 2880 5645 tenebris
2907 5592 2960 5642 et
2976 5586 3170 5642 umbra
3201 5586 3417 5649 mortis,

1840 5686 1933 5739 lux
1966 5694 2083 5739 orta
2115 5694 2198 5739 est
2221 5686 2302 5741 eis
2330 5684 2376 5716 ⁷⁰
2420 5704 2439 5737 ›
2465 5684 2490 5737 ?
2521 5682 2660 5738 Sunt
2688 5698 2817 5739 vero
2839 5680 2991 5754 iiqui
3032 5679 3084 5734 in
3114 5679 3201 5734 his
3234 5677 3414 5736 verbis

2199 5846 2241 5882 ”
2264 5845 2408 5902 Psal.
2436 5860 2704 5913 tuxvm,
2747 5845 2834 5901 50.
2912 5843 2963 5877 ”
2988 5840 3090 5899 lsa.
3127 5856 3203 5908 Ix,
3240 5840 3293 5904 1ι
3321 5837 3393 5893 91"
