3894 6530
460 370 565 428 65⁸3

1132 368 1401 424 EUSEBII
1440 366 1919 425 ειεενΑιιιεΝειε
1952 364 2004 422 0

2136 364 2313 421 PARS
2352 367 2414 423 ιι.
2456 396 2526 409 -—
2562 363 3041 423 APOLOGETICA‘

3579 365 3684 422 ἔω

454 484 837 565 significantur
866 491 923 540 et
949 483 1258 554 quicunque
1279 499 1342 538 ex
1366 481 1618 552 gentibus
1654 482 1707 534 iu
1740 480 2004 537 Christum

2120 480 2317 551 ταύτης
2359 480 2457 550 τῆς
2508 482 2815 551 οίκονομιας
2853 479 3107 533 ὑπόθεσιν
3128 478 3405 547 γεγονέναι
3436 478 3573 551 φησι
3594 478 3680 534 τὸν

458 577 555 641 ,ῡοὶ
580 577 954 639 crediderunt,
989 582 1045 629 et
1089 572 1388 629 Salvatoris
1432 573 1606 633 nostri
1655 572 1915 643 discipuli
1941 581 2023 626 at—

460 650 566 741 que
595 671 849 742 apostoli,
879 684 1018 740 quos
1039 667 1108 722 de
1134 675 1279 721 terra
1324 666 1566 721 Zabulon
1596 677 1651 720 et
1680 664 2023 736 Nephthalim

457 768 733 820 evocatos.
761 774 1036 829 pracones
1063 756 1341 826 Evangelii
1364 757 1446 810 sui
1478 756 1659 825 elegit.
1691 753 1848 810 Ilisce
1879 755 2021 809 enim

458 848 638 918 magni
656 847 867 906 consilii
891 847 1114 917 angelus
1145 846 1287 903 filius
1303 848 1460 901 datus
1482 854 1564 900 est
1593 854 1784 900 auctor
1809 845 2018 900 salutis.

455 938 527 994 Iis
558 953 685 993 vero
717 939 809 1008 qui
846 939 900 996 in
926 939 1102 1005 ipsum
1131 954 1240 993 non
1274 938 1628 996 crediderint.
1664 937 1805 1008 ignis
1828 936 2022 991 videli-

454 1036 540 1083 cet
574 1036 736 1096 atque
767 1029 1026 1085 incendii.
1078 1027 1359 1083 Universae
1409 1034 1588 1082 autem
1647 1025 1874 1093 hujusce
1905 1024 2020 1083 dis-

450 1120 789 1192 pensationis
820 1133 1041 1175 causam
1087 1119 1255 1175 fuisse
1313 1118 1389 1172 ait
1446 1118 1618 1172 zelum
1675 1114 1905 1179 Domini,
1940 1113 2021 1169 sic

452 1211 682 1271 dicens:
719 1230 737 1262 ι
771 1210 933 1267 Zelus
976 1211 1185 1267 Domini
1240 1210 1476 1265 Sabaoth
1528 1208 1686 1263 faciet
1730 1207 1843 1261 lucc
1886 1207 1952 1260 ".
1992 1225 2017 1259 ι

457 1302 562 1357 Sed
598 1305 725 1374 quis
759 1303 979 1360 tandem
1014 1305 1102 1358 hic
1136 1284 1398 1358 sitizelus
1430 1300 1535 1355 nisi
1566 1300 1613 1354 is
1647 1297 1804 1366 cujus
1829 1295 2019 1351 memi-

452 1396 532 1451 nit
564 1395 762 1460 Moses,
801 1397 892 1451 ubi
946 1398 1021 1451 ait
1054 1414 1068 1457 ;
1107 1414 1125 1446 ι
1163 1395 1269 1465 Ipsi
1311 1391 1441 1447 mihi
1490 1391 1663 1446 zelum
1716 1389 2019 1458 injecerunt

451 1488 504 1541 iu
540 1503 605 1542 eo
638 1488 729 1558 qui
758 1504 868 1543 non
894 1496 1015 1542 erat
1049 1487 1214 1550 Deus,
1250 1494 1303 1541 et
1341 1485 1692 1540 irritaverunt
1737 1496 1821 1535 me
1850 1480 1901 1532 in
1943 1479 2019 1536 si.

448 1581 715 1640 mulacris
747 1581 896 1646 suis;
920 1591 972 1637 et
1000 1596 1099 1651 ego
1134 1582 1306 1637 zelum
1339 1576 1581 1648 injiciam
1606 1576 1686 1631 cis
1720 1574 1773 1627 in
1804 1587 1867 1627 ea
1897 1585 2018 1642 qua:

2120 572 2277 643 ζῆλον
2320 572 2546 645 Κυρίου,
2597 571 2802 639 λέγων’
2855 589 2873 622 ι
2908 572 2965 633 ὐ
3005 570 3162 641 ζῆλος
3209 570 3410 642 Κυρίου
3457 568 3679 629 Σαϐαὼθ

2121 666 2331 735 ποιήσει
2385 663 2574 717 ταῦτα.
2606 682 2627 716 ι
2673 663 2832 724 Ποῖος
2875 662 2932 715 δὲ
2980 661 3173 732 ζῆλοςς
3220 663 3255 735 ἢ
3299 656 3361 717 οὗ
3412 661 3680 733 μέμνηται

2119 754 2354 825 Μωσῆς,
2403 753 2609 821 λέγων*
2662 772 2681 804 ι
2732 753 2894 806 Αὐτοὶ
2945 752 3336 824 παρεζήλωσάν
3389 770 3456 823 με
3508 755 3678 810 ἑπόὐ

2119 844 2253 917 Θεῷ,
2285 845 2639 919 παρὼργισάν
2672 864 2738 917 με
2778 848 2837 900 έν
2866 848 2977 911 τοῖς
3012 845 3247 909 εἰδώλοις
3283 845 3494 901 αὐτῶν·
3528 844 3681 915 κάγὼ

2120 936 2495 1010 παραζηλώσω
2531 938 2725 1000 αὐτοὺς
2753 939 2836 991 ἐπ’
2870 938 2967 991 οὑκ
2996 938 3135 992 ἔθνει
3156 954 3169 968 ⁸
3204 938 3290 991 ἐπ’
3318 937 3459 991 ἔθνει
3487 937 3679 990 ἀσυνέ-

2116 1048 2193 1100 τῳ
2233 1028 2515 1102 παροργιῶ
2542 1030 2755 1095 αὐτούς.
2786 1050 2805 1083 ι
2826 1030 2963 1084 Ἀλλ’
2995 1031 3117 1085 ἐπεὶ
3153 1033 3248 1084 σὺν
3282 1030 3400 1101 Θεῷ
3443 1029 3514 1083 τὰ
3555 1030 3679 1102 περὶ

2114 1119 2215 1192 τῆς
2250 1120 2341 1174 τοῦ
2378 1122 2847 1193 προφητευομένου
2896 1125 2974 1186 είς
3011 1122 3327 1193 ἀνθρώπους
3367 1120 3676 1192 ἐπιδημίας,

2114 1213 2174 1267 οὐ
2203 1212 2309 1287 μὴν
2336 1212 2470 1268 ἀλλὰ
2498 1216 2589 1269 καὶ
2633 1216 2661 1268 ό
2700 1216 2899 1288 τρόπος
2928 1217 3025 1288 τῆς
3053 1216 3368 1285 ἐπιφανείας
3396 1215 3564 1269 αὑτοῦ
3596 1214 3678 1269 διὰ

2113 1296 2219 1353 τῶν
2264 1302 2615 1373 προφητικῶν
2641 1303 3005 1358 ἀποδέδεικται
3036 1305 3368 1376 μαρτυριῶν,
3404 1304 3595 1376 καιρὸς
3617 1304 3678 1359 ἂν

2112 1393 2195 1464 εἴη
2229 1393 2479 1457 συνιδεῖν,
2507 1393 2607 1447 ποῦ
2634 1395 2736 1465 γῆς
2762 1395 3205 1467 γεννηθήσεσθαι,
3229 1396 3322 1449 καὶ
3345 1395 3470 1448 ὅθεν
3494 1396 3680 1465 γένους

2112 1482 2280 1553 ἥξειν,
2317 1484 2376 1549 ἐξ
2419 1485 2607 1549 ὁποίας
2651 1503 2710 1538 τε
2748 1486 3009 1558 Ἐϐραίων
3056 1486 3481 1559 προελεύσεσθαι
3515 1487 3679 1559 φυλῆς

2114 1570 2469 1641 ὲκηρύττετο·
2500 1573 2535 1626 ἃ.
2568 1573 2659 1627 καὶ
2685 1575 2842 1637 αὐτὰ,
2873 1576 3026 1648 φέρε,
3052 1577 3449 1648 ὲρευνήσωμεν,

448 1691 556 1729 ιιοιι
609 1681 695 1730 est
744 1690 913 1746 gens,
949 1676 1004 1729 in
1047 1684 1205 1744 gente
1256 1673 1422 1727 stulta
1473 1666 1701 1725 irritabo
1741 1664 1864 1720 illos
1892 1666 1958 1719 ".
1989 1683 2007 1714 ι
2055 1658 2160 1716 Sed
2185 1664 2438 1731 quoniam
2478 1663 2688 1720 favente
2714 1664 2825 1719 Deo
2847 1666 2960 1735 jam
2994 1684 3139 1722 nunc
3183 1684 3245 1721 ea
3279 1684 3401 1739 quae
3459 1669 3533 1725 ad
3565 1684 3679 1736 Ejus

448 1768 739 1830 adventum
775 1768 840 1823 ad
871 1767 1118 1822 homines
1161 1765 1452 1837 pertinent.
1482 1761 1549 1817 de
1579 1776 1687 1833 quo
1716 1757 1856 1830 apud
1884 1754 2171 1827 prophetas
2235 1757 2432 1825 agitur,
2503 1771 2713 1811 necnon
2762 1757 3004 1827 ejusdem
3059 1759 3321 1813 adventus
3354 1758 3578 1825 modus,
3618 1775 3680 1814 ex

448 1861 784 1931 propheticis
827 1861 1154 1915 testimoniis
1200 1858 1571 1913 demonstrata
1606 1862 1755 1916 sunt,
1798 1862 2009 1919 tempus
2041 1845 2152 1915 jam
2189 1862 2311 1901 esse
2341 1846 2553 1902 videtur
2584 1855 2642 1902 ιιι
2674 1848 3052 1919 inspiciamus,
3102 1850 3193 1906 ubi
3246 1859 3517 1905 terrarum
3580 1850 3681 1906 ori-

445 1964 624 2017 turus,
658 1963 712 2010 et
768 1971 835 2009 ex
888 1960 996 2024 quo
1034 1969 1229 2024 genere
1284 1960 1567 2013 venturus.
1620 1951 1746 2005 item
1788 1963 1854 2003 ex
1899 1958 2006 2014 qua
2053 1940 2399 1998 Hebraeorum
2468 1943 2613 1998 tribu
2694 1943 3038 2016 profecturus
3100 1947 3479 2015 nuntiaretur;
3562 1960 3680 2018 qua

447 2048 665 2122 quidem
703 2048 821 2123 ipsa
856 2048 901 2103 si
932 2049 1128 2118 placet,
1163 2049 1410 2112 obsecro,
1438 2053 1765 2104 scrutemur.

1058 2166 1283 2222 CAPUT
1317 2166 1379 2223 Il.

442 2282 487 2347 Δ
521 2280 766 2337 Michwa.
812 2310 881 2322 σι-
914 2280 987 2335 De
1020 2280 1132 2334 loco
1172 2279 1263 2334 ubi
1310 2288 1441 2334 etset
1492 2282 1723 2333 oriturus
1766 2280 1811 2333 is
1849 2279 2008 2344 Deus,

545 2368 660 2407 uem
715 2352 977 2422 propheta:
1017 2352 1326 2422 nuntiarunt
1357 2367 1375 2404 :
1412 2362 1461 2405 et
1482 2350 1915 2420 quemadmodum
1947 2350 2012 2404 de

545 2370 660 2407 uem
715 2370 977 2422 propuem:
1017 2370 1326 2405 nummrum
1357 2370 1375 2404 :
1412 2370 1460 2405 σι
1482 2370 1915 2420 quemaumoaum
1947 2370 2008 2404 ac

510 2370 814 2479 gemisheu:
858 2424 1066 2492 regione
1112 2420 1417 2475 Palwslina:
1447 2422 1689 2490 procedet
1736 2437 1767 2474 a
1816 2422 2008 2475 sa’culo

512 2496 874 2567 prwexsisteus
900 2495 1102 2567 piorum
1135 2493 1298 2567 gentis
1316 2494 1575 2567 princeps,
1604 2502 1652 2544 et
1675 2492 2006 2567 quemadan

510 2562 636 2616 dum
688 2565 776 2618 ille
811 2562 1063 2621 Dominus
1113 2562 1367 2614 ducturus
1409 2563 1676 2614 dirirtatur
1704 2578 1790 2614 eos
1825 2564 1914 2629 qui
1943 2563 2007 2614 ab

512 2636 719 2690 ultimis
748 2648 908 2703 usque
935 2642 1089 2687 terra:
1111 2630 1302 2700 ﬁnibus
1324 2632 1378 2686 in
1404 2648 1519 2685 eum
1544 2630 1880 2685 crediderint.

519 2790 635 2845 ιΕι
704 2798 803 2856 ιιι,
864 2789 1220 2851 Bethlebcm,
1276 2787 1474 2843 domus
1524 2786 1783 2858 prrata.
1844 2787 2009 2842 mini-

440 2897 527 2937 ma
599 2898 659 2937 es
726 2890 787 2938 ut
866 2882 945 2938 sis
1004 2882 1057 2937 in
1120 2880 1361 2937 millibus
1418 2879 1592 2946 Juda;
1641 2896 1705 2935 ex
1762 2891 1814 2934 te
1872 2880 2004 2936 mihi

435 2974 750 3044 egredietur
808 2973 902 3043 qui
958 2972 1178 3042 prazsit,
1242 2982 1303 3027 ut
1383 2972 1455 3027 sit
1519 2972 1776 3042 princeps
1843 2970 2001 3043 341

436 3068 493 3125 in
540 3064 726 3127 Israel,
769 3075 820 3119 et
860 3064 1042 3120 exitus
1072 3064 1193 3134 ejus
1226 3064 1296 3120 ab
1339 3065 1494 3120 initio
1524 3081 1590 3120 ex
1650 3065 1841 3119 diebus
1903 3078 2006 3118 sae-

436 3155 565 3209 culi.
618 3154 824 3209 Idcirco
862 3154 1014 3209 dabit
1054 3169 1151 3211 eos
1198 3170 1373 3227 usque
1414 3155 1479 3209 ad
1529 3162 1742 3227 tempus
1788 3154 2005 3224 parien-

435 3246 543 3312 tis;
578 3246 773 3315 pariet,
815 3253 869 3300 ct
909 3244 1103 3315 reliqui
1134 3243 1365 3300 fratrum
1408 3245 1649 3314 ipsorum
1681 3252 2006 3298 converten—

436 3346 527 3397 tur
549 3337 617 3392 ad
652 3337 793 3394 filios
820 3339 1077 3399 Isracl,ct
1104 3338 1386 3399 consistet,
1417 3345 1471 3391 et
1499 3334 1723 3398 videbit,
1747 3343 1799 3390 et
1818 3342 2006 3405 pascet

435 3443 652 3499 gregem
684 3444 844 3484 suum
876 3430 930 3483 in
965 3430 1161 3484 robore
1193 3427 1473 3490 Dominus,
1507 3435 1561 3482 et
1593 3426 1650 3481 in
1695 3427 1867 3496 gloria
1899 3442 2002 3481 no-

2635 2164 3025 2220 ΚΕΦΑΛΔΙΟΝ
3076 2168 3149 2219 Β’.

2124 2277 2269 2350 Ἀπόᾲ
2288 2276 2395 2332 τοῦ
2424 2276 2887 2350 Μιχαία-ξηερι
2912 2280 3018 2350 τοῦ
3041 2282 3226 2333 τόπου
3254 2278 3365 2346 τῆς
3387 2279 3681 2350 γενέσεως

2178 2348 2284 2402 τοῦ
2305 2348 3025 2430 ςτροκτίρυτίοιιένουιθεοῦ
3045 2351 3171 2430 χιι-(ιι
3296 2351 3363 2430 ex
3385 2348 3674 2415 Βηθλεὲμ,

2179 2420 2393 2489 χωρίου
2438 2418 2546 2486 τῆς
2591 2421 3015 2486 Παλαιστίνης,
3048 2419 3116 2483 ἐξ
3158 2418 3371 2484 αἰῶνός
3400 2438 3490 2485 τις
3530 2436 3675 2489 προ-

2179 2488 2476 2558 ϋπάρχωικ
2501 2491 2829 2559 ἡγούμενος
2856 2489 2960 2543 τοῦ
2994 2489 3110 2542 τῶν
3137 2490 3431 2544 θεοσεϐῶν
3465 2488 3676 2559 γένους

2183 2562 2624 2630 προελεύσεται,
2663 2560 2763 2612 καὶ
2816 2561 2895 2625 ὡς
2924 2561 3106 2630 αὐτὸς
3144 2562 3176 2613 d
3217 2562 3430 2627 Κύριος
3468 2576 3676 2630 ποιμαα
3707 2571 3711 2575 ’

2176 2628 2303 2699 νεῖν
2332 2629 2660 2688 θεσπίζεται
2700 2630 2840 2695 τοὺς
2881 2628 3055 2699 μέχρι
3088 2630 3206 2683 τῶν
3231 2630 3530 2699 ὲσχατιῶν
3566 2628 3675 2699 τῆς

2178 2698 2284 2767 γῆς
2319 2701 2403 2765 εἰς
2429 2699 2615 2751 αὑτὸν
2646 2698 3138 2765 πεπιστευκότας.

2182 2811 2199 2841 ι
2230 2793 2338 2846 Καὶ
2380 2793 2466 2855 σὺ,
2494 2792 2739 2863 Βηθλεὲμ
2770 2788 2916 2854 οἶκος
2955 2791 3049 2844 τοῦ
3096 2791 3359 2864 Ἐφραθὰ,
3397 2792 3675 2862 ὀλιγοστὸς

2106 2880 2153 2937 εἷ
2187 2884 2279 2937 τοῦ
2311 2879 2446 2938 εἶναι
2493 2885 2551 2936 ἐν
2584 2884 2816 2955 χιλιάσιν
2850 2884 3017 2939 Ἰούδα
3075 2887 3169 2940 Ἐκ
3212 2885 3305 2939 σοῦ
3345 2904 3434 2957 μοι
3464 2886 3674 2954 ἐξελεύ-

2107 2994 2255 3030 σεται
2288 2975 2613 3049 ἡγούμενος,
2652 2974 2746 3028 τοῦ
2788 2971 2925 3029 εἶναι
2957 2977 3191 3048 ἄρχοντα
3222 2977 3279 3029 ὲν
3315 2976 3395 3047 τῷ
3433 2978 3671 3049 Ἰσραὴλ,

2105 3070 2197 3122 καὶ
2246 3071 2299 3122 αἱ
2330 3068 2495 3132 ἔξοδοι
2529 3068 2692 3122 αὐτοῦ
2750 3070 2845 3122 ἀπ’
2890 3068 3064 3139 ἀρχῆς
3101 3067 3159 3135 ἐξ
3204 3068 3422 3140 ἡμερῶν
3456 3069 3669 3133 αἰῶνος.

2105 3162 2203 3215 Διὰ
2238 3161 2395 3215 τοῦτο
2438 3160 2597 3215 δώσει
2627 3162 2821 3224 αὐτοὺς
2858 3162 2962 3223 ἕως
2995 3159 3184 3233 καιροῦ
3223 3161 3534 3232 τικτούσης.
3568 3161 3672 3216 τέ-

2104 3250 2273 3317 ξεται,
2297 3253 2391 3305 καὶ
2420 3252 2469 3305 oi
2503 3251 2770 3305 ἐπίλοιποι
2792 3251 2899 3304 τῶν
2930 3251 3170 3321 ἀδελφῶν
3202 3252 3377 3305 αὐτῶν
3417 3252 3671 3323 ἐπιστρέ-

2101 3344 2291 3414 ψουσιν
2332 3344 2424 3397 ἐπὶ
2468 3346 2594 3407 τοὺς
2645 3344 2792 3405 υἱοὺς
2835 3343 3079 3414 Ἰσραήλο
3129 3345 3223 3398 καὶ
3263 3345 3538 3415 στήσεται,
3578 3343 3671 3398 καὶ

2102 3435 2311 3506 ὄψεται,
2349 3435 2442 3490 καὶ
2492 3438 2745 3506 ποιμανεῖ
2790 3435 2850 3489 τὸ
2889 3435 3133 3506 ποίμνιον
3202 3434 3365 3489 αὐτοῦ
3434 3437 3493 3489 έν
3530 3437 3670 3508 [cxiii

435 3521 599 3577 minis
632 3519 844 3575 Domini
867 3519 959 3577 Dei
989 3522 1229 3590 ipsorum
1260 3522 1545 3584 exsisteut,
1571 3520 1828 3589 quoniam
1856 3534 2001 3573 nunc

2114 3530 2322 3601 Κύριος,
2381 3531 2473 3584 καὶ
2524 3530 2583 3583 ὲν
2632 3531 2698 3600 τῇ
2731 3530 2856 3603 δόξῃ
2895 3530 2988 3584 τοῦ
3017 3531 3274 3602 ὀνόματος
3314 3532 3518 3604 Κυρίου
3535 3531 3666 3586 Θεοῦ

436 3612 930 3684 tnagnilicabuntur
981 3628 1152 3683 usque
1194 3613 1259 3666 ad
1310 3620 1552 3666 extrema
1592 3618 1771 3675 terrae,
1813 3618 1867 3664 et
1898 3611 2003 3664 erit

434 3705 547 3763 haec
579 3721 682 3775 pax
706 3706 770 3760 ⁷⁸.
811 3724 830 3758 ι
861 3704 1014 3772 Quod
1050 3705 1271 3776 quidem
1308 3705 1420 3775 ipse
1448 3702 1790 3763 Emmanuel,
1820 3702 1913 3771 qui
1936 3717 2003 3761 ex

431 3799 879 3868 interpretatione
923 3807 1007 3855 cst
1037 3799 1306 3851 nobiscum
1358 3795 1515 3855 Deus.
1546 3795 1613 3851 de
1645 3794 1867 3866 Virgine
1904 3807 2004 3848 na-

430 3897 636 3955 scatur,
670 3902 722 3945 et
757 3890 902 3961 quod
959 3905 1089 3959 puer
1137 3890 1229 3942 fiat
1275 3888 1453 3958 magni
1504 3888 1717 3943 consilii
1750 3886 1997 3957 angelus,

430 3982 752 4050 planissime
781 3997 846 4036 ex
879 3982 946 4037 iis
979 3995 1100 4051 quae
1125 3988 1249 4032 ante
1290 3978 1568 4048 proposita
1599 3988 1746 4043 sunt,
1774 3977 2000 4033 demon-

430 4080 663 4127 stratum
696 4082 800 4128 est.
837 4072 1126 4137 Caeterum,
1166 4072 1453 4142 oportebat
1494 4071 1655 4125 etiam
1704 4070 1907 4133 locum,
1942 4069 1998 4123 in

426 4179 536 4232 quo
574 4165 663 4220 ille
708 4165 952 4220 oriturus
984 4172 1151 4227 esset,
1187 4161 1503 4234 significari.
1550 4160 1818 4217 Divinitus
1869 4177 2001 4232 ergo

428 4254 744 4326 praedicitur
779 4258 847 4312 de
882 4256 1191 4313 Betltlehem
1230 4256 1451 4326 quidam
1482 4270 1809 4323 egressurus
1843 4256 1997 4323 prin-

427 4363 555 4418 ceps
578 4349 631 4403 iu
663 4347 847 4414 Israel,
875 4350 1057 4404 exitus
1083 4349 1152 4403 ab
1177 4347 1334 4407 initio
1367 4363 1431 4402 ex
1462 4347 1655 4401 diebus
1686 4347 1871 4401 saeculi
1898 4346 1996 4401 ha-

424 4439 582 4495 bens.
622 4439 737 4495 Hoc
766 4450 946 4497 autem
981 4443 1158 4511 ipsum
1190 4453 1469 4509 nunquam
1507 4439 1758 4495 humana:
1788 4444 1998 4499 natura:

427 4532 831 4593 accommodari
860 4533 1080 4604 poterit,
1111 4532 1203 4587 sed
1242 4531 1342 4586 soli
1378 4528 1693 4586 Emmanuel
1724 4541 1778 4587 ct
1813 4534 1994 4601 magni

424 4624 640 4677 consilii
674 4626 887 4696 angelo.
926 4624 1078 4693 Quod
1109 4624 1251 4678 enim
1291 4622 1359 4678 ab
1393 4632 1595 4679 aeterno
1624 4626 1875 4692 exsistat,
1906 4626 1994 4680 cui

424 4715 645 4770 tandem
696 4717 769 4771 sit
804 4719 1329 4775 accommodandum
1364 4718 1470 4773 nisi
1503 4717 1603 4773 soli
1636 4716 1785 4772 Deo?
1825 4717 1996 4789 Igitur

423 4807 490 4861 de
524 4805 836 4862 Betblchem
884 4810 991 4875 (est
1034 4817 1212 4863 autem
1274 4809 1361 4864 hic
1415 4806 1615 4863 Iudaeae
1672 4808 1847 4874 locus,
1881 4825 1990 4863 non

422 4898 613 4975 procul
649 4897 717 4953 ab
740 4897 855 4969 ipsa
885 4897 1187 4975 Jerusalem
1218 4900 1379 4967 situs)
1437 4899 1642 4955 dicitur
1670 4900 1892 4970 quidam
1922 4902 1992 4954 ab

420 4982 627 5044 aeterno
669 4991 943 5047 exsistens
990 5007 1402 5062 progressurus.
1454 4991 1670 5047 Nullum
1712 5008 1844 5049 vero
1887 4991 1994 5048 nisi

423 5096 591 5136 unum
633 5079 799 5139 David
833 5083 1142 5140 invenimus
1189 5084 1364 5155 gloria
1408 5082 1692 5157 przeditum
1742 5099 1806 5138 ac
1841 5084 1988 5139 cele-

419 5169 596 5235 brem,
642 5172 734 5242 qui
780 5170 906 5226 inde
940 5173 1012 5228 sit
1052 5182 1295 5237 exortus,
1331 5181 1385 5227 et
1430 5179 1555 5247 post
1588 5172 1765 5242 ipsum
1802 5171 1991 5239 David,

422 5262 652 5323 alterum
693 5262 979 5326 duntaxat,
1009 5274 1256 5319 nostrum
1287 5265 1474 5334 utique
1516 5262 1858 5321 'Salvatorem
1900 5261 1992 5319 Je-

420 5367 564 5416 sum,
596 5352 689 5422 qui
720 5351 974 5411 Christus
1012 5362 1099 5409 est
1128 5353 1221 5410 Dei
1248 5375 1259 5410 :
1290 5364 1484 5425 praeter
1520 5355 1619 5409 hos
1652 5362 1833 5413 autem
1869 5356 1994 5412 nul-

420 5444 534 5499 lum
567 5443 732 5498 alium
757 5458 1004 5514 prorsus.
1031 5447 1101 5500 At
1124 5462 1255 5504 vero
1293 5449 1409 5518 ipse
1434 5448 1651 5519 quidem
1683 5447 1852 5503 David
1885 5449 1989 5504 bu-

418 5533 573 5609 juscc
624 5536 921 5607 praphetire
962 5548 1207 5611 tempora
1259 5542 1572 5605 antecessit,
1633 5550 1687 5596 et
1739 5542 1991 5614 plurimis

488 5650 535 5681 '"
570 5648 675 5705 Isa.
704 5666 911 5717 xxxv",
943 5654 1031 5708 53.
1126 5658 1171 5687 "
1196 5656 1353 5713 Deut.
1379 5674 1552 5726 xxxii,
1578 5659 1637 5715 ει
1658 5701 1671 5715 .

491 5740 741 5883 Ξυθὺδκ
777 5741 917 5813 lege
953 5746 1071 5817 οὐχ.
1109 5746 1268 5802 Eutr.

514 5810 569 5881 2)
592 5811 742 5868 ore:
760 5812 843 5867 δέ.
877 5813 1038 5883 Lege,
1063 5827 1120 5870 ut
1153 5833 1265 5883 sep

2104 3620 2280 3673 αὐτῶν
2361 3619 2705 3691 ὑπάρξουσι·
2787 3621 2918 3676 διότι
3006 3622 3100 3675 νῦν
3180 3622 3668 3694 μεγαλυνθήσονται

2103 3711 2204 3776 ἕως
2234 3712 2416 3783 ἄκρων
2447 3711 2547 3781 τῆς
2578 3712 2681 3783 γῆς
2702 3749 2716 3774 ,
2764 3711 2858 3767 καὶ
2893 3711 3044 3766 ἔσται
3084 3712 3223 3783 αὓτη
3254 3714 3460 3784 εἰρήνη.
3490 3732 3510 3764 ι
3548 3715 3670 3783 Ἐμ-

2106 3800 2343 3873 μανουὴλ
2374 3800 2908 3872 μεθερμηνευόμενος
2941 3805 3070 3872 μεθ’
3101 3800 3268 3871 ἡμῶν
3296 3801 3458 3867 Θεὸς,
3487 3804 3550 3854 ὲκ
3575 3801 3669 3870 τῆς

2102 3891 2376 3963 Παρθένου
2412 3890 2779 3962 γεννώμενος,
2811 3892 2905 3945 καὶ
2955 3892 3162 3945 παιδίον
3201 3891 3481 3962 γινόμενος
3505 3894 3535 3946 ό
3573 3891 3670 3961 τῆς

2105 3981 2344 4054 μεγάλης
2374 3980 2572 4052 βουλῆς
2625 3981 2889 4050 ἄγγελος,
2944 3984 3129 4052 σαφῶς
3170 3983 3382 4053 ἐδείχθη
3426 3982 3515 4036 διὰ
3560 3981 3667 4036 τῶν

2102 4073 2617 4144 προεκτεθειμένων.
2660 4073 2796 4126 Ἀλλ’
2825 4073 2992 4146 ὲχρῆν
3039 4073 3128 4127 καὶ
3163 4074 3251 4127 τὸν
3280 4075 3379 4144 τῆς
3404 4074 3668 4141 γενέσεως

2099 4165 2261 4220 αὑτοῦ
2316 4165 2656 4236 σημανθῆναι
2712 4166 2894 4221 τόπον.
2960 4164 3375 4237 Προφητεύεται
3420 4165 3556 4236 δῆτα
3603 4166 3668 4218 ἐκ

2099 4256 2344 4328 Βηθλεέμ
2369 4274 2453 4320 τις
2475 4256 2847 4322 ἐξελεύσεσθαι
2889 4257 3069 4329 ἄρχων
3097 4259 3155 4311 ἐν
3177 4255 3255 4327 τῷ
3298 4256 3531 4328 Ἰσραὴλ,
3569 4255 3667 4317 τὰς

2098 4349 2305 4414 ἐξόδους
2338 4351 2431 4402 ἀπ’
2456 4349 2629 4422 ἀρχῆς
2652 4350 2711 4417 ἐξ
2738 4352 2960 4424 ἡμερῶν
2986 4348 3180 4414 αἰῶνος
3221 4349 3379 4420 ἔχων.
3417 4348 3588 4401 Τοῦτο
3608 4346 3664 4401 δὲ

2097 4444 2195 4496 οὐκ
2221 4442 2285 4497 ἂν
2319 4444 2675 4516 ἐφαρμόσειεν
2708 4443 2991 4513 ἀνθρώπου
3021 4442 3201 4513 φύσει,
3229 4445 3278 4495 εί
3310 4441 3383 4513 μὴ
3420 4441 3566 4512 μόνῳ
3586 4438 3664 4510 τῷ

2110 4535 2474 4608 Ἐμμανουὴλ,
2506 4537 2599 4591 καὶ
2625 4535 2704 4606 τῷ
2730 4536 2834 4606 τῆς
2850 4536 3093 4606 μεγάλης
3115 4532 3309 4605 βουλῆς
3340 4533 3571 4602 ἀγγέλῳ.
3593 4528 3665 4583 Τδ

2096 4626 2203 4699 γάρ
2214 4627 2272 4692 ἐξ
2285 4628 2476 4691 αἰῶνος
2489 4629 2802 4698 ὑφεστάναι.
2819 4628 2923 4680 τίνι
2939 4627 3047 4698 ἄρα
3062 4625 3387 4697 ὲφαρμόττοι
3399 4623 3503 4693 ἂνῆ
3521 4621 3663 4694 μόνῳ

2095 4717 2250 4789 Θεῷ;
2298 4719 2390 4771 Ἐκ
2416 4720 2592 4771 τοίνυν
2631 4718 2729 4789 τῆς
2781 4717 3029 4793 Βηθλεὲμ
3073 4716 3289 4787 (χωρίον
3316 4713 3371 4767 δέ
3416 4714 3531 4765 ἐστι
3566 4710 3662 4780 τῆς

2108 4808 2382 4873 Ἰουδαίας,
2412 4811 2473 4863 οὐ
2496 4810 2681 4882 πόρρω
2705 4808 2806 4878 τῆς
2837 4807 3189 4881 Ἰερουσαλὴμ
3233 4802 3483 4871 διεστὼς)
3508 4800 3659 4870 λέγε-

2095 4903 2183 4958 ταί
2213 4919 2295 4966 τις
2336 4903 2393 4969 ἐξ
2424 4902 2616 4966 αἰῶνος
2643 4902 2900 4973 ὑπάρχων
2935 4895 3373 4970 προελεύσεσθαι.
3416 4892 3539 4949 Οὐδ’
3583 4891 3658 4964 (ι)

2095 4995 2278 5065 ἕτερον
2300 4994 2357 5048 δὲ
2391 4994 2598 5048 ἐνθένδε
2635 4993 2667 5065 ἢ
2702 4994 2859 5065 μόνον
2878 4993 2967 5046 τὸν
2985 4992 3147 5045 Δαεὶδ
3166 4990 3398 5061 εὕρομεν
3421 4985 3659 5051 ἐπίδοξον

2093 5082 2479 5154 γεγενημένον,
2512 5082 2607 5136 καὶ
2659 5083 2847 5136 ἔπειτα
2876 5079 2989 5152 μετ’
3017 5081 3222 5132 ἐκεῖνον
3262 5075 3353 5128 τὸν
3397 5072 3657 5147 ἡμέτερον

2094 5174 2321 5247 Σωτῆρα
2375 5174 2579 5245 Ἰησοῦν
2622 5174 2712 5227 τὸν
2746 5172 2978 5245 Χριστὸν
3033 5169 3127 5223 τοῦ
3169 5166 3302 5222 Θεοῦ
3322 5184 3338 5198 ο
3373 5166 3559 5233 ἕτερον
3603 5163 3659 5220 δι

2095 5264 2247 5337 παρὰ
2271 5263 2492 5328 τούτους
2519 5263 2727 5319 οὐδένα.
2762 5264 2899 5318 Ἀλλ’
2922 5265 2951 5317 ό
2973 5264 3069 5334 μὲν
3084 5249 3262 5325 Ᾱαδὶδ,
3291 5258 3416 5322 τοὺς
3436 5256 3657 5331 χρόνους

2092 5358 2192 5428 τῆς
2220 5357 2553 5428 προφητείας
2583 5355 2943 5427 προειληφὼς,
2985 5353 3355 5422 τετελευτήκει
3387 5348 3656 5409 πλείοτοις

2095 5450 2357 5520 πρότερον
2392 5449 2535 5503 ἔτεσι
2588 5450 2690 5519 τῆς
2732 5449 3085 5518 προρρήσεως
3108 5462 3121 5474 ο
3154 5442 3265 5497 ἀλλ’
3315 5442 3435 5496 οὐδὲ
3470 5441 3530 5495 δὲ
3581 5439 3653 5515 (2)

2093 5541 2185 5610 ἀφ’
2242 5541 2461 5613 ἡμερῶν
2507 5539 2699 5604 αἰῶνος
2759 5534 2911 5604 οὗτος
2959 5538 3057 5602 τὰς
3120 5535 3328 5603 ἐξόδους
3371 5532 3653 5606 πεποίητο.

1748 5661 1794 5692 ⁷³
1816 5659 1982 5714 Μίειι.
2018 5676 2070 5721 v.
2105 5660 2222 5716 2-5.

592 5811 742 5868 Οἰοδέ
760 5812 843 5867 δέ.
862 5810 1120 5886 ἰθκρζύι
1153 5833 1321 5889 saepe,
1365 5835 1463 5893 pro
1488 5819 1628 5885 οὐδὲ,
1654 5821 1711 5877 οὐ
1731 5860 1744 5887 ,
1781 5828 1835 5877 et
1870 5819 1997 5874 huic

2114 5817 2296 5887 ijunge
2327 5815 2383 5872 δέ
2430 5832 2686 5880 sequens.
2718 5823 2777 5872 ut
2806 5810 2886 5873 sit
2908 5817 3026 5872 οὑδέ
3052 5817 3249 5873 solum.
3285 5811 3443 5870 Ευιτ.
