3894 6534
125 390 209 445 557

1026 399 1680 458 DEMONSTBATIONIS
1717 401 2175 463 EVANGELICJE
2214 406 2344 462 LIB.
2385 406 2497 465 ΥΠ.

3251 411 3356 465 538

121 503 309 562 Οὐκοῦν
352 502 605 564 λείπεται
639 511 731 564 ἐπὶ
782 511 872 565 τὸν
923 513 1060 584 μετὰ
1104 513 1274 570 ταῦτα
1317 519 1380 570 ἐκ
1436 515 1684 587 Βηθλεὲμ

1789 525 1915 573 ante
1947 519 2051 574 hoc
2077 521 2360 576 oraculum
2397 520 2558 576 annis
2587 526 2836 575 mortuus
2864 527 2980 585 est;
3012 527 3268 590 pn‘torea
3288 537 3358 576 ne

118 599 390 671 γενόμενον
423 602 516 655 τὸν
557 602 770 672 ἀληθῶς
821 604 1163 677 Ἐμμανουὴλ
1183 646 1197 669 ,
1228 607 1318 660 τὸν
1351 605 1457 678 πρὸ
1504 607 1683 676 πάσης

118 692 329 754 κτίσεως
354 693 599 763 προόντα
626 694 756 749 Θεὸν
787 697 957 765 Λόγον
988 699 1080 750 καὶ
1109 698 1226 769 μεθ’
1252 699 1406 770 ἡμῶν
1436 698 1567 752 Θεὸν
1595 698 1684 750 λε-

119 783 348 851 γόμενον,
387 784 844 856 συμπληροῦσθαι
899 788 968 842 τὰ
996 789 1388 861 γεγραμμέναο
1418 791 1540 844 ἐπεὶ
1593 791 1684 844 καὶ

120 875 146 943 ἦ
166 875 216 925 ἐν
237 873 487 945 Βηθλεέμ
515 877 726 944 γένεσις
749 878 912 934 αὑτοῦ
940 881 1196 953 ἄντικρυς
1223 883 1356 936 Θεοῦ
1381 884 1684 955 παρουσίαν

118 966 284 1033 ἐδήλου
316 967 407 1020 διὰ
437 969 545 1021 τῶν
571 972 689 1023 κατ’
729 974 899 1044 αὐτὴν
949 974 1288 1047 παραδόξων.
1319 977 1522 1048 Γράφει
1553 975 1684 1045 γοῦν

117 1059 363 1122 dite-mi;
403 1061 597 1114 τοῦτον
644 1063 869 1136 ἱστορῶν
907 1065 996 1118 τὸν
1035 1068 1230 1137 τρόπον
1252 1084 1263 1096 ·
1295 1088 1313 1120 ι
1349 1069 1594 1136 Ἐγένετο
1625 1069 1682 1122 δὲ

119 1151 166 1203 ἐν
195 1155 304 1214 ταῖς
343 1154 579 1224 ἡμέραις
624 1156 891 1220 ἐκείναις,
936 1158 1126 1228 ἐξῆλθε
1155 1159 1327 1231 δόγμα
1369 1161 1519 1232 παρὰ
1550 1161 1685 1214 Καί-

122 1259 262 1312 σαρος
323 1245 644 1313 Αὐγούστου
708 1248 803 1301 τοῦ
869 1251 1290 1323 ἀπογράψασθαι
1348 1255 1528 1306 πᾶσαν
1585 1253 1683 1323 τὴν

118 1337 422 1406 οἰκουμένην
443 1356 456 1368 ·
497 1339 636 1410 αὕτη
674 1343 971 1414 ἀπογραφὴ
1002 1344 1192 1416 πρώτη
1222 1345 1438 1414 ἐγένετο
1476 1349 1684 1418 ἡγεμο-

117 1428 337 1492 νεύοντος
365 1431 470 1501 τῆς
495 1431 696 1503 Συρίας
723 1435 1017 1505 Κυρηνίου.
1047 1439 1156 1490 Καὶ
1189 1438 1512 1510 ἐπορεύοντο
1544 1441 1682 1493 πάν·-

115 1538 190 1584 τες
216 1523 653 1592 ἀπογράφεσθαι,
691 1526 917 1591 ἕκαστος
978 1529 1058 1592 εἰς
1109 1529 1210 1602 τὴν
1261 1530 1454 1584 ἐαυτοῦ
1508 1532 1678 1586 πόλιν.

128 1612 294 1682 Ἀνέϐη
321 1613 378 1666 δὲ
414 1616 512 1668 καὶ
554 1616 750 1687 Ἰωσὴφ
777 1618 883 1671 ἀπὸ
911 1620 1010 1691 τῆς
1041 1620 1354 1689 Γαλιλαίας,
1378 1624 1441 1676 ἐκ
1478 1623 1683 1687 πόλεως

116 1704 346 1776 Ναζαρὲθ
380 1709 462 1770 είς
507 1709 608 1780 τὴν
660 1709 954 1776 Ἰουδαίαν,
983 1714 1064 1776 εἰς
1119 1714 1273 1766 πόλιν
1323 1716 1513 1778 Δαϐὶδ,
1561 1717 1682 1791 ᾖτις

116 1796 335 1850 καλεῖται
379 1797 631 1871 Βηθλεέμ
655 1841 670 1864 ,
715 1801 803 1854 διὰ
833 1801 894 1855 τὸ
927 1800 1064 1856 εἶναι
1094 1805 1256 1857 αὑτὸν
1302 1805 1362 1869 ἐξ
1403 1806 1553 1858 οἴκου
1589 1805 1681 1859 καὶ

1788 625 1819 663 a
1849 611 2043 667 diebus
2091 614 2312 682 quidem
2364 613 2549 668 seculi
2599 612 2780 668 exitus
2833 628 2964 668 suos
3007 613 3134 667 fecit
3166 611 3354 669 David.

1789 699 2052 772 Superest
2077 703 2244 774 igitur
2275 711 2333 757 ut
2361 704 2418 758 in
2447 695 2536 765 eo,
2567 703 2661 774 qui
2691 702 2922 772 posthac
2953 701 3020 757 de
3044 701 3354 758 Bcthlebem

1785 791 2171 860 proficiscitur,
2225 808 2284 846 re
2326 809 2452 848 vera
2505 792 2862 854 Emmanuel,
2921 793 3120 862 quippe
3173 794 3353 844 omnia

1785 898 1906 952 qua:
1931 895 2114 938 creata
2147 895 2275 938 sunt
2301 885 2594 947 antecedit,
2625 894 2678 940 et
2705 885 2846 940 Deus
2873 884 3134 948 Verbum,
3167 894 3222 940 et
3254 900 3355 938 no-

1787 975 1996 1031 biscum
2025 975 2167 1031 Deus
2195 978 2521 1047 appellatur,
2557 993 2678 1046 quae
2707 978 2794 1031 hic
2827 978 3031 1046 scripta
3056 987 3182 1032 sunt
3205 993 3346 1030 com-

1785 1069 2034 1139 pleantur
2069 1088 2082 1123 :
2113 1071 2372 1139 quoniam
2397 1071 2512 1140 ipse
2541 1086 2757 1140 quoque
2789 1072 2934 1125 illius
2960 1072 3012 1124 in
3042 1069 3351 1125 Bcthlebem

1784 1173 1957 1218 ortus.
1986 1162 2304 1231 planissime
2343 1162 2434 1217 Dei
2472 1162 2765 1217 adventum
2803 1163 3151 1232 significavit,
3187 1180 3253 1218 ex
3286 1163 3357 1219 iis

1783 1251 2196 1308 adtnirabilibus
2239 1254 2421 1314 rebus.
2449 1271 2568 1322 quae
2609 1253 2752 1322 apud
2807 1254 2977 1323 ipsam
3016 1255 3162 1308 illam
3195 1255 3355 1310 Both-

1783 1346 1958 1400 lchem
1990 1359 2309 1402 evenerunt.
2347 1348 2626 1418 Siquidem
2664 1349 2838 1405 Lucas
2874 1351 2927 1404 in
2951 1352 3096 1405 hunc
3128 1353 3353 1406 modum

1781 1455 2048 1494 enarrans
2071 1439 2336 1495 describit
2368 1460 2380 1496 :
2429 1461 2447 1492 ι
2488 1440 2714 1496 Factum
2760 1452 2844 1498 est
2875 1455 3050 1497 autem
3083 1445 3137 1497 in
3162 1444 3352 1498 diebus

1783 1529 1911 1583 illis.
1941 1528 2086 1583 Exiit
2109 1531 2348 1585 edictum
2375 1547 2404 1584 a
2440 1532 2655 1587 Caesare
2684 1533 2952 1603 Augusto,
2990 1542 3048 1586 ut
3077 1534 3355 1587 describe-

1781 1627 1935 1674 retur
1963 1622 2256 1678 universus
2285 1624 2437 1677 orbis
2478 1642 2490 1678 :
2529 1625 2643 1678 haec
2683 1624 2978 1693 descriptio
3006 1625 3178 1693 prima
3213 1624 3355 1678 facta

1783 1717 1867 1763 est
1896 1710 2126 1778 praeside
2161 1708 2330 1780 Syriae
2359 1711 2615 1783 Cyrenio.
2637 1712 2699 1766 Et
2743 1713 2898 1767 ibant
2937 1729 3128 1767 omnes
3155 1720 3213 1765 ut
3235 1728 3358 1782 pro-

1784 1803 2068 1856 ﬁterentur
2095 1803 2296 1873 singuli
2330 1804 2382 1857 in
2415 1820 2570 1858 suam
2602 1805 2901 1859 civitatem.
2955 1805 3220 1860 Ascendit
3253 1819 3353 1858 au—

119 1890 327 1958 πατριᾶς
358 1891 556 1967 Δαϐὶδ,
606 1892 1028 1967 ἀπογράψασθαι
1066 1897 1160 1949 σὺν
1206 1897 1438 1969 Μαριὰμ
1478 1902 1544 1968 τῇ
1586 1915 1682 1968 με-

1784 1901 1891 1949 tem
1923 1901 1977 1948 et
2007 1871 2208 1964 Joseph
2241 1911 2271 1949 a
2304 1895 2522 1949 Galilaea
2575 1896 2642 1950 de
2693 1897 2912 1950 civitate
2955 1896 3246 1958 Nazarcth,
3299 1896 3354 1950 in

116 1981 478 2053 μνηστευμένῃ
513 1984 659 2054 αύτῷ
686 1985 905 2052 γυναικὶ
937 1986 1072 2062 θύσῃ
1095 1988 1293 2060 ἐγκύῳ.
1341 1991 1586 2059 Ἐγένετο
1623 1992 1680 2045 δὲ

117 2073 162 2122 ἐν
195 2073 263 2142 τῷ
289 2075 493 2139 αὐτοὺς
528 2071 665 2130 εἶναι
707 2078 855 2143 ἐκεῖ,
883 2079 1229 2152 ἐπλήσθησαν
1266 2085 1319 2135 αἱ
1355 2083 1555 2154 ἡμέραι
1586 2083 1678 2138 τοῦ

117 2168 268 2216 τεκεῖν
309 2169 503 2240 αὑτήν.
538 2171 648 2224 Καὶ
683 2172 840 2226 ἔτεκε
885 2174 978 2228 τὸν
1025 2175 1138 2227 υἱὸν
1181 2175 1349 2246 αὐτῆς
1393 2177 1484 2229 τὸν
1524 2194 1679 2248 πρω-

117 2258 305 2312 τὸτοκον
336 2303 351 2324 ,
408 2263 506 2316 καὶ
558 2266 981 2336 ἐσπαργάνωσεν
1025 2269 1219 2334 αὑτὸν,
1268 2272 1360 2324 καὶ
1403 2271 1679 2324 ἀνέκλινεν

117 2351 253 2404 αὲτδν
279 2353 336 2406 ἐν
367 2359 436 2427 τῇ
471 2356 668 2428 φάτνῃ,
711 2358 842 2411 διότι
872 2360 973 2412 οὐκ
998 2356 1066 2431 ἦν
1100 2362 1283 2424 αὐτοῖς
1309 2361 1470 2424 τόπος
1504 2365 1560 2415 ἐν
1599 2362 1679 2432 τῷ

118 2441 452 2512 καταλύματι.
484 2447 593 2498 Καὶ
627 2450 881 2519 ποιμένες
909 2446 1049 2521 ἦσαν
1077 2453 1134 2503 ἐν
1157 2455 1222 2522 τῇ
1255 2452 1406 2523 χώρᾳ
1437 2456 1503 2523 τῇ
1540 2455 1675 2525 αὐτῇ

118 2533 518 2602 ἁίραυλοῦντες,
549 2541 641 2593 καὶ
672 2541 1037 2610 φυλάσσοντες
1070 2542 1315 2612 φυλακὰς
1356 2545 1454 2614 τῆς
1485 2544 1678 2608 νυκτὸς

117 2622 299 2696 ἐπἰτὴν
338 2630 574 2699 ποίμνην
612 2633 790 2685 αὐτῶν
811 2649 823 2663 ·
851 2635 946 2686 καὶ
975 2635 1202 2703 ἄγγελος
1229 2636 1434 2706 Κυρίου
1471 2637 1676 2709 ἐπέστη

120 2714 292 2778 αὶτοῐς.
329 2720 424 2771 καὶ
453 2720 580 2785 δόξα
604 2721 738 2775 Θεοῦ
774 2724 1144 2794 περιέλαμψεν
1180 2727 1397 2788 αὐτοὺς,
1420 2728 1514 2780 καὶ
1553 2730 1678 2797 ἐφο-

121 2803 342 2880 ίῆθησαν
380 2813 542 2880 φόϐον
575 2816 765 2885 μέγαν.
804 2819 914 2870 Καὶ
945 2817 1097 2871 εἶπεν
1143 2819 1322 2883 αὐτοῖς
1346 2822 1374 2872 6
1407 2821 1634 2889 ἄγγελος
1657 2839 1672 2853 ο

131 2896 204 2963 Μὴ
235 2899 514 2965 φοϐεῖσθε·
569 2905 677 2958 ίδοὺ
721 2906 829 2978 γὰρ
861 2908 1281 2979 εὐαγγελίζομαι
1328 2911 1456 2980 ὑμῖν
1501 2911 1675 2983 χαρὰν

123 2989 358 3062 μεγάλην,
389 2995 510 3064 ἥτις
541 2997 692 3050 ἔσται
728 3001 890 3052 παντὶ
915 3001 992 3070 τῷ
1022 3001 1131 3071 λαῷ
1151 3019 1163 3030 ·
1206 3003 1287 3054 ὅτι
1328 3004 1520 3074 ἐτέχθη
1548 3006 1674 3075 ὑμῖν

125 3083 334 3153 πῆμερον
376 3089 602 3159 Σωτὴρ,
633 3091 691 3154 ὃς
737 3093 849 3147 ἐστι
897 3095 1134 3166 Χριστὸς
1173 3096 1398 3166 Κύριος,
1437 3098 1492 3148 ἐν
1526 3097 1674 3152 πόλει

1779 1983 2041 2049 Iudaeam,
2093 1985 2147 2038 in
2192 1985 2470 2041 civitatein
2505 1985 2696 2049 David,
2729 2002 2850 2055 quae
2882 1995 3110 2042 vocatur
3139 1986 3354 2041 Bethle-

1782 2074 1926 2140 item,
1961 2091 2028 2130 eo
2055 2075 2201 2144 quod
2229 2084 2374 2130 esset
2417 2077 2484 2130 de
2523 2076 2686 2130 domo
2731 2083 2785 2131 et
2831 2076 3035 2130 familia
3079 2076 3267 2136 David.
3293 2083 3355 2129 nt

1779 2166 2126 2236 proﬁteretur
2145 2181 2269 2219 cum
2304 2165 2472 2220 Maria
2499 2167 2833 2237 desponsata
2864 2167 2965 2222 sibi
2998 2167 3158 2238 342
3184 2183 3353 2222 uxore

1780 2265 2112 2327 prmgnaate.
2149 2256 2374 2312 Factum
2400 2267 2483 2313 est
2518 2267 2720 2322 autem,
2745 2273 2871 2313 cum
2908 2269 3094 2314 essent
3122 2259 3217 2320 ibi,
3251 2260 3354 2313 int-

1781 2349 1907 2420 pleti
1956 2358 2084 2403 sunt
2123 2346 2242 2404 dies
2272 2357 2330 2402 ut
2382 2359 2622 2418 pareret,
2655 2359 2706 2405 et
2746 2351 2952 2420 peperit
2989 2351 3157 2404 lilium
3192 2367 3351 2404 suum

1778 2441 2223 2510 primogenitum,
2246 2449 2300 2494 et
2327 2442 2524 2511 pannis
2555 2458 2678 2496 eum
2707 2442 2957 2503 involvit,
2981 2451 3035 2496 et
3066 2442 3355 2496 reclinavit

1777 2547 1900 2586 eum
1933 2532 1987 2585 in
2029 2532 2314 2603 prasepio,
2347 2534 2476 2603 quia
2499 2549 2608 2587 non
2633 2541 2750 2587 erat
2783 2533 2864 2587 eis
2905 2534 3060 2589 locus
3095 2532 3149 2586 in
3173 2532 3354 2586 diver-

1778 2625 1944 2681 sorio.
1987 2624 2334 2695 Etpastores
2360 2635 2517 2680 erant
2552 2627 2606 2679 in
2638 2627 2860 2695 regione
2899 2626 3088 2680 eadem
3122 2625 3353 2695 vigilan-

1776 2726 1880 2781 tes,
1911 2727 1962 2772 et
1998 2719 2375 2774 custodientes
2427 2720 2641 2787 vigilias
2690 2721 2866 2775 noctis
2917 2735 3083 2788 super
3133 2735 3349 2789 gregem

1776 2827 1935 2867 suum
1964 2830 1976 2865 :
2009 2819 2061 2866 et
2087 2813 2314 2881 angelus
2346 2810 2561 2867 Domini
2592 2813 2743 2867 stetit
2769 2828 2934 2881 super
2955 2828 3072 2875 eos,
3097 2820 3158 2866 et-
3179 2812 3354 2880 gloria

1778 2903 1870 2958 Dei
1903 2904 2268 2958 circutnfulsit
2299 2905 2442 2967 illos,
2469 2913 2524 2959 et
2566 2905 2867 2959 timuerunt
2907 2905 3101 2958 timo-re
3133 2918 3351 2973 magno.

1777 2995 1842 3048 Et
1875 2997 2012 3052 dixit
2060 2996 2170 3053 illis
2222 2996 2452 3066 angelus
2505 2994 2730 3049 :Nolite
2779 2997 2991 3056 timere,
3029 3008 3158 3048 ecce
3205 2993 3351 3047 enim

1775 3087 2088 3156 evan-gelizo
2121 3087 2276 3141 vobis
2300 3085 2557 3156 gaudium
2590 3099 2870 3153 magnum,
2894 3083 3038 3152 quod
3069 3084 3175 3135 erit
3201 3082 3352 3135 omni

122 3174 273 3269 ιαὸίδ.
309 3179 416 3232 Kal.
453 3181 612 3235 τοῦτο
641 3184 769 3254 ὑμῖν
799 3185 859 3240 τὸ
887 3190 1110 3256 σημεῖον
1130 3203 1142 3216 ·
1175 3189 1436 3259 εὑρήσετε
1475 3189 1673 3262 βρέφος

1779 3179 1998 3248 populo,
2051 3179 2310 3248 quoniam
2359 3185 2522 3232 natus
2572 3185 2657 3231 est
2689 3177 2843 3231 vobis
2887 3175 3048 3229 hodie
3081 3174 3352 3235 Salvator,

122 3265 582 3343 ἐσπαργανωμένον
607 3276 664 3328 ἐν
690 3277 884 3348 φάτνῃ.
914 3278 1022 3332 Ka't
1049 3278 1306 3350 ἐξαίφνης
1331 3281 1545 3349 ἐγένετο
1573 3282 1669 3335 σὺν

121 3355 182 3422 τῷ
204 3360 407 3434 ἀγγέλῳ
447 3365 653 3436 πλῆθος
679 3371 938 3438 στρατιᾶς
975 3371 1230 3441 οὐρανίου
1263 3372 1554 3425 αἰνούντων
1579 3374 1670 3426 τὸν

124 3442 245 3512 Θεὸν,
273 3452 363 3504 καὶ
396 3453 690 3522 λεγόντων⁹
725 3457 862 3524 Δόξα
892 3460 950 3512 ὲν
983 3461 1228 3528 ὑψίστοις
1273 3461 1412 3529 Θεῷ,
1446 3461 1541 3514 καὶ
1576 3462 1670 3515 ἐπὶ

124 3537 202 3606 γῆς
230 3545 430 3615 εἰρήνη,
467 3548 526 3598 ἐν
554 3548 862 3619 ἀνθρώποις
901 3552 1135 3606 εὐδοκία.
1179 3553 1290 3606 Καὶ
1330 3553 1567 3620 ἐγένετο,
1595 3554 1670 3616 ὡς

125 3629 329 3702 ἀπῆλθον
370 3639 464 3691 ἀπ’
507 3641 687 3694 αὐτῶν
729 3646 809 3706 είς
849 3645 938 3697 τὸν
978 3646 1206 3717 οὐρανὸν
1247 3647 1296 3699 οἱ
1334 3645 1586 3715 ἄγγελοι,
1621 3647 1671 3698 οἱ

126 3727 344 3794 ποιμένες
392 3728 546 3786 εἷπον
592 3734 728 3805 πρὸς
783 3737 1081 3808 ἀλλήλους’
1111 3739 1414 3808 Διέλθωμεν
1469 3739 1532 3809 δὴ
1565 3739 1670 3800 ἕως

128 3812 352 3889 Βηθλεὲμ,
393 3825 488 3876 καὶ
526 3825 723 3896 ἴδωμεν
753 3828 814 3880 τὸ
842 3829 996 3899 ῥῆμα
1027 3828 1184 3882 τοῦτο
1212 3831 1273 3882 τὸ
1302 3830 1612 3900 γενόμενον,
1640 3829 1670 3881 ὃ

125 3902 146 3952 ὁ
171 3909 346 3982 Κύριος
371 3915 666 3987 ἐγνώρισεν
695 3919 844 3989 ἡμῖν.
875 3921 982 3973 Καὶ
1004 3917 1166 3991 ἦλθον
1197 3923 1550 3986 σπεύσαντες,
1575 3924 1668 3976 καὶ

125 3992 253 4069 εὗρον
281 4006 373 4078 τὴν
428 4009 664 4080 Μαριὰμ
708 4012 800 4064 καὶ
837 4013 928 4064 τὸν
980 4013 1210 4083 Ἰωσὴφ,
1249 4014 1421 4067 καὶτὸ
1473 4014 1669 4086 βρέφος

126 4089 338 4159 κείμενον
378 4097 436 4148 ἐν
473 4100 540 4166 τῇ
585 4100 779 4171 φάτνῃ.
828 4101 1047 4163 Ἰδόντες
1093 4102 1150 4155 δὲ
1201 4102 1499 4174 ἐγνώρισαν
1541 4105 1669 4174 περὶ

124 4179 198 4232 τεοῦ
228 4187 459 4256 ῥήματος
485 4189 580 4241 τοῦ
609 4189 931 4262 λαληθέντος
955 4195 1138 4256 αὐτοῖς
1170 4195 1298 4264 περὶ
1329 4195 1423 4246 τοῦ
1457 4194 1666 4248 παιδίου

126 4269 310 4325 τούτουο
364 4278 460 4330 καὶ⁵
509 4280 709 4342 πάντες
731 4283 780 4334 οἱ
827 4279 1158 4346 ἀκούσαντες
1191 4283 1507 4354 ἐθαύμασαν
1542 4285 1669 4354 περὶ

113 4362 209 4415 ,τῶν
233 4364 562 4440 λαληθέντων
599 4373 703 4425 ὑπὸ
746 4373 854 4426 τῶν
888 4375 1157 4445 ποιμένων
1201 4375 1338 4449 πρὸς
1390 4374 1604 4438 αὐτούς.
1645 4395 1662 4426 ι

127 4453 278 4511 Ταῦτα
319 4464 411 4529 μὲν
463 4466 492 4517 6
538 4466 772 4528 Λουκᾶς.
827 4467 935 4519 Kai.
966 4469 994 4520 6
1032 4466 1310 4532 Ματθαῖος
1343 4468 1400 4521 δὲ
1441 4467 1510 4522 τὰ
1540 4469 1669 4540 περὶ

1777 3272 1869 3340 qui
1901 3279 1985 3326 est
2016 3271 2270 3326 Christus
2295 3271 2557 3327 Dominus
2580 3275 2632 3325 in
2665 3273 2884 3326 civitate
2915 3269 3083 3324 David
3121 3288 3133 3323 :
3167 3279 3220 3323 ct
3253 3269 3355 3321 hoc

1777 3364 1932 3418 vobis
1965 3364 2202 3432 signum.
2238 3363 2529 3418 Invenietis
2578 3364 2839 3418 infantem
2899 3360 3098 3432 pannis
3141 3359 3353 3412 involu-

1778 3463 1912 3514 tum.
1954 3461 2007 3508 et
2042 3455 2276 3523 positum
2329 3454 2382 3507 in
2429 3454 2712 3522 praesepio.
2764 3451 2830 3503 Et
2868 3451 3050 3505 subito
3095 3449 3355 3522 facta'est

1776 3561 1899 3599 cum
1931 3548 2124 3614 angelo
2156 3544 2449 3598 multitudo
2485 3545 2692 3598 militia!
2738 3544 2977 3599 caelestis
3010 3541 3352 3595 laudantium

1778 3636 1946 3690 Deum
1999 3644 2052 3690 et
2097 3636 2394 3690 dicentium
2451 3655 2462 3690 :
2496 3634 2683 3689 Gloria
2727 3637 2780 3689 in
2815 3633 3101 3690 altissimis
3136 3633 3265 3695 Deo,
3299 3639 3356 3686 ct

1777 3727 1830 3782 in
1856 3739 1996 3782 terra
2028 3743 2152 3797 pax,
2177 3728 2231 3781 in
2251 3729 2563 3781 hominibus
2585 3728 2723 3781 bona
2752 3728 3026 3781 voluntas.
3055 3725 3123 3779 Et
3151 3724 3353 3778 factum

1775 3829 1880 3882 est,
1917 3828 1976 3872 ut
2009 3820 2383 3875 discesserunt
2415 3821 2484 3873 ab
2524 3821 2592 3874 iis
2617 3821 2669 3873 in
2698 3819 2897 3873 coelum
2927 3819 3129 3888 angeli,
3161 3825 3354 3886 pasto-

1776 3927 1864 3967 res
1885 3911 2140 3966 dixerunt
2163 3912 2228 3965 ad
2252 3928 2310 3966 se
2339 3913 2591 3974 invicem,
2621 3921 2968 3967 transeamus
2999 3926 3172 3980 usque
3194 3910 3356 3963 Beth-

1776 4001 1974 4066 leliem,
2019 4009 2075 4055 et
2105 4001 2389 4058 videamus
2418 4004 2523 4058 hoc
2549 4003 2775 4058 verbum
2807 4003 2953 4070 quod
3011 4002 3214 4055 factum
3245 4007 3350 4063 est,

1775 4093 1921 4162 quod
1959 4093 2221 4149 Dominus
2259 4096 2502 4150 ostendit
2556 4096 2717 4150 nobis
2752 4114 2765 4150 :
2802 4103 2856 4150 et
2898 4101 3164 4148 venerunt
3210 4092 3357 4146 festi-

1775 4194 1989 4251 nantes,
2021 4197 2074 4242 et
2110 4187 2438 4241 invenerunt
2467 4187 2691 4241 Mariam
2722 4197 2775 4242 et
2807 4187 3032 4256 Josepb,
3078 4197 3132 4240 et
3175 4185 3353 4238 infan-

1775 4287 1882 4334 tem
1917 4280 2150 4348 positutn
2189 4281 2242 4338 in
2273 4281 2559 4350 praesepio.
2610 4279 2869 4335 Videntes
2913 4287 3092 4333 autem
3150 4291 3356 4348 cogno-

1774 4377 1971 4424 verunt
2007 4371 2075 4426 de
2111 4372 2293 4435 verbo,
2342 4372 2488 4441 quod
2544 4372 2752 4425 dictum
2785 4379 2902 4426 erat
2944 4372 3051 4424 illis
3084 4369 3151 4423 de
3184 4383 3354 4438 puero

1777 4464 1880 4517 hoc
1914 4483 1931 4518 :
1965 4472 2019 4517 et
2046 4479 2235 4520 omnes
2258 4466 2350 4533 qui
2370 4465 2660 4519 audierunt
2685 4465 2863 4518 mirati
2887 4472 3016 4519 sunt
3047 4462 3112 4516 de
3142 4462 3209 4515 iis
3231 4476 3352 4530 quae

126 4549 200 4620 τὴν
227 4555 423 4620 γένεσιν
452 4555 544 4609 τοῦ
570 4558 822 4628 Σωτῆρος
853 4559 1006 4628 ἡμῶν
1050 4560 1294 4631 ἱστορῶν,
1321 4561 1508 4615 τοῦτον
1535 4562 1667 4631 γρά-

1776 4555 1921 4608 dicta
1953 4564 2110 4610 erant
2141 4572 2170 4610 a
2201 4557 2512 4625 pastoribus
2553 4556 2617 4610 ad
2654 4555 2804 4625 ipsos
2827 4556 2895 4609 ⁷⁵⁵.
2926 4577 2945 4606 ι
2981 4554 3104 4608 Haec
3129 4552 3350 4623 quidem

127 4657 194 4708 φει
221 4645 302 4698 τὸν
323 4650 541 4720 τρόπον’
581 4669 598 4700 ι
636 4650 741 4702 Τοῦ
773 4650 829 4703 δὲ
875 4650 1045 4720 Ἰησοῦ
1073 4651 1421 4721 γεννηθέντος
1451 4654 1509 4704 ἐν
1531 4652 1671 4723 Βηθ-

127 4733 233 4807 λεέμ
252 4741 342 4810 τῆς
379 4743 635 4806 Ἰουδαίας
659 4744 714 4794 ἐν
734 4743 969 4814 ἡμέραις
999 4744 1239 4812 Ἡρώδου
1261 4744 1354 4798 τοῦ
1383 4745 1666 4815 βασιλέως,

128 4828 214 4884 ἰδοὺ
235 4834 403 4902 Μάγοι
433 4835 797 4908 παρεγένοντο
824 4836 930 4890 ἀπὶ
976 4836 1249 4890 ἀνατολῶν
1281 4839 1360 4900 είς
1397 4839 1663 4909 Ἰερουσα-

125 4917 242 4991 λὴμ,
272 4925 543 4992 λέγοντες·
578 4927 688 4981 Ποῦ
735 4929 882 4980 ἐστιν
925 4929 954 4980 6
999 4928 1210 4999 τεχθεὶς
1258 4929 1511 4999 βασιλεὺς
1560 4931 1670 4984 τῶν

133 5011 383 5072 Ἰουδαίων·
424 5021 638 5090 εἴδομεν
659 5021 768 5092 γὰρ
798 5019 961 5074 αὐτοῦ
996 5021 1086 5075 τὸν
1137 5021 1342 5092 ἀστέρα
1373 5024 1430 5074 ἐν
1450 5026 1514 5093 τῇ
1543 5024 1672 5077 ἀνα-

124 5106 246 5177 τολῇ,
286 5113 373 5165 καὶ
402 5113 638 5182 ἤλθομεν
667 5115 1043 5184 προσκυνῆσαι
1077 5113 1246 5184 αὐτῷ.
1298 5115 1559 5179 Ἀκούσας
1614 5117 1669 5169 δὲ

125 5195 392 5265 ὀβασιλεὺς
433 5200 679 5272 Ἡρώδης
717 5202 1014 5274 ἐταράχθη,
1053 5204 1148 5256 καὶ
1187 5205 1400 5275 πᾶσαὴ
1443 5205 1671 5276 Ἰεροσόσ

125 5285 242 5356 λυμα
265 5295 371 5361 μετ’
393 5293 582 5348 αὐτοῦ.
606 5295 716 5347 Καὶ
746 5294 1064 5363 συναγαγὼν
1092 5296 1304 5360 πάντας
1331 5299 1456 5360 τοὺς
1487 5299 1672 5368 ἀρχιε-

127 5385 215 5450 ρεῖς
245 5386 328 5438 καὶ
357 5390 707 5458 γραμματεῖς
733 5386 828 5440 τοῦ
854 5387 1006 5452 λαοῦ,
1039 5387 1373 5442 ἐπυνθάνετο
1411 5392 1540 5461 παρ’
1574 5391 1672 5443 αὐ-

125 5472 229 5538 τῶν,
259 5480 352 5531 ποίᾶ
377 5481 404 5533 6
436 5481 669 5550 Χριστὸς
700 5481 977 5548 γεννᾶται.
1003 5482 1067 5534 Ol
1094 5480 1151 5534 δέ
1181 5476 1337 5535 εἷπον
1363 5481 1512 5552 αὐτῷ
1531 5500 1544 5512 ·
1583 5483 1669 5537 Ἐν

129 5563 334 5640 Βηθλεὲμ
355 5572 454 5639 τῆς
487 5573 765 5635 Ἰουδαίας.
791 5572 946 5627 υῦτω
983 5573 1092 5644 γὰρ
1121 5574 1431 5646 γέγραπται
1456 5575 1542 5628 διὰ
1576 5576 1668 5629 τοῦ

129 5659 387 5730 προξὴτου·
422 5663 532 5716 Καὶ
557 5662 641 5722 σὺ,
677 5662 944 5733 Βηθλεὲμ,
975 5658 1124 5726 οἶκος
1155 5664 1249 5717 τοῦ
1285 5666 1550 5737 Ἐφραθὰ,
1581 5667 1670 5718 ού-

129 5743 278 5814 ὃαμώς
311 5752 562 5824 ἐλαχίστη
593 5747 643 5804 εἷ
675 5755 731 5806 ἐν
757 5757 870 5816 τοῖς
907 5755 1168 5826 ἡγεμόσιν
1211 5757 1396 5812 Ἰούδα.
1435 5759 1528 5810 Ἐκ
1575 5758 1667 5812 σοῦ

184 5839 218 5867 ⁸⁸
252 5838 373 5898 Luc.
403 5859 463 5909 ll,
500 5844 643 5898 1-18.

1775 4646 1972 4701 Lucas.
2002 4647 2288 4704 Matthteus
2318 4657 2498 4702 autem
2524 4650 2616 4703 ubi
2652 4664 2716 4704 ea
2744 4665 2866 4719 qua:
2896 4650 2962 4702 ad
2992 4655 3171 4702 ortum
3226 4645 3350 4700 Sal-

1770 4739 1977 4794 vatoris
2022 4741 2194 4794 nostri
2239 4741 2484 4809 exponit,
2525 4741 2719 4794 scribit
2767 4742 2821 4793 in
2873 4740 3018 4793 hunc
3059 4736 3278 4792 modum
3333 4755 3348 4790 :

1776 4850 1794 4881 ι
1832 4829 1966 4884 Cum
1989 4840 2169 4886 autem
2195 4842 2354 4887 natus
2376 4843 2521 4887 esset
2540 4832 2700 4888 Jesus
2727 4833 2780 4886 in
2812 4832 3125 4887 Bcthlebem
3151 4829 3350 4883 Judteae

1771 4923 1824 4977 in
1855 4923 2052 4979 diebus
2083 4922 2315 4978 Herodis
2357 4926 2522 4994 regis,
2559 4939 2688 4978 ecce
2730 4923 2868 4994 Magi
2902 4925 2970 4976 ab
3007 4923 3218 4976 oriente
3251 4933 3344 4972 ve-

1772 5021 1971 5068 nerunt
2004 5014 2058 5068 in
2088 5012 2418 5079 Jerusalem,
2455 5014 2702 5070 dicentes
2744 5033 2757 5067 :
2811 5013 2912 5068 Ubi
2947 5021 3030 5068 est
3059 5012 3152 5081 qui
3187 5019 3350 5064 natus

1768 5120 1852 5168 est
1879 5128 1969 5167 rex
1999 5111 2353 5166 Judaaorum?
2403 5111 2643 5166 vidimus
2674 5112 2818 5166 enim
2875 5111 3085 5164 stellam
3121 5107 3244 5172 ejus
3290 5104 3346 5158 in

1738 5205 2003 5268 -orien:e,
2035 5213 2090 5258 et
2121 5205 2371 5260 venimus
2407 5211 2466 5258 ut
2499 5205 2790 5259 adoremus
2813 5200 3217 5256 eum.Audiens
3251 5211 3346 5252 au-

1773 5305 1879 5351 tem
1897 5295 2141 5352 Herodes
2170 5312 2265 5351 rex
2285 5299 2538 5352 turbatus
2561 5305 2665 5362 est,
2700 5304 2754 5350 et
2774 5295 2954 5348 omnis
2973 5292 3347 5358 Hierosolyma

1770 5401 1895 5440 cum
1925 5387 2019 5441 illo
2053 5406 2066 5442 :
2101 5396 2155 5441 et
2189 5401 2528 5458 congregans
2565 5401 2758 5440 omnes
2784 5383 3062 5454 principes
3092 5381 3348 5435 sacerdo-

1770 5486 1885 5530 tum
1933 5485 1987 5532 et
2041 5478 2255 5533 scribas
2311 5478 2520 5548 papuli,
2563 5475 2956 5532 sciscitabatur
3009 5475 3078 5528 ab
3123 5475 3206 5528 eis
3256 5472 3347 5526 tibi

1769 5571 2021 5627 Christus
2049 5585 2389 5626 nasceretur.
2432 5573 2501 5624 At
2544 5571 2622 5626 illi
2657 5570 2913 5624 dixerunt
2940 5568 3011 5630 ei,
3044 5566 3098 5620 in
3132 5564 3350 5621 Bethle-

1768 5663 1892 5718 hem
1946 5661 2165 5718 Iudaeae.
2205 5661 2298 5718 Sic
2344 5662 2488 5717 enim
2543 5663 2810 5732 scriptum
2845 5667 2929 5714 est
2969 5674 3065 5730 per
3111 5662 3350 5728 pr0plteo

1770 5768 1877 5814 tam
1911 5759 2109 5826 :Ettu,
2143 5758 2454 5815 Bcthlebem
2481 5755 2675 5811 domus
2700 5753 3347 5823 Ephratha,noquaquam
