3894 6532
543 403 652 468 553

1229 400 1494 458 EUSEBII
1533 397 2010 456 CESARIENSIS
2045 393 2196 450 OPP.
2239 393 2418 452 PARS
2455 395 2519 450 Il.
2545 427 2618 440 -
2653 393 3152 452 APOLOGETICA.

3675 405 3772 458 510

549 523 778 578 minima
811 535 872 576 es
901 519 956 574 in
1005 515 1343 589 principibus
1371 513 1531 568 Juda.
1569 491 1648 568 Es
1675 521 1730 570 te
1767 515 1911 569 enim
1943 510 2114 568 exibit

2235 508 2324 581 (ἀρ
2351 509 2691 575 ἐξελεύσεται
2734 511 3054 582 ἡγούμενος,
3087 513 3232 574 ὅστις
3265 515 3521 582 ποιμανεῖ
3545 513 3634 567 τὸν
3655 516 3768 570 λαόν

552 615 682 678 dux,
719 613 812 684 qui
844 618 1028 677 pascet
1059 609 1317 680 populhm
1355 623 1534 662 meum
1579 606 1765 662 Israel.
1817 605 1972 659 Tunc
2003 603 2106 657 lle-

553 705 716 760 rodes
743 705 884 758 clam
919 701 1128 756 vocatis
1161 698 1352 769 Magis,
1383 699 1670 769 diligenter
1697 699 1888 752 didicit
1927 697 1994 750 ab
2034 697 2114 750 eis

553 805 768 866 tempus
811 795 980 849 stella;
1007 807 1125 862 qua:
1155 791 1406 861 apparuit
1445 791 1547 854 eis,
1577 797 1632 844 et
1675 791 1896 842 mittens
1934 803 2027 842 eos
2061 787 2116 842 in

556 888 887 948 Bethlehem,
922 881 1080 954 343
1117 881 1252 935 dixit
1283 899 1296 936 :
1325 881 1400 934 lle
1429 893 1483 934 ct
1512 881 1840 948 interregate
1887 879 2118 946 diligen-

555 993 638 1039 ter
672 982 739 1036 de
787 993 980 1050 puero,
1025 987 1226 1030 etcum
1261 973 1598 1036 inveneritis,
1631 973 1936 1026 renuntiate
1961 971 2116 1036 mihi,

551 1081 615 1128 ut
645 1081 700 1128 et
723 1087 825 1142 ego
849 1069 1074 1124 veniens
1105 1067 1324 1122 adorem
1353 1079 1497 1119 eum.
1523 1063 1626 1129 Qui
1657 1079 1780 1116 cum
1818 1063 2122 1118 audiissent

558 1181 758 1236 regem,
808 1165 1078 1222 abierunt,
1128 1169 1181 1215 et
1212 1174 1340 1214 ecce
1383 1158 1560 1220 stella,
1593 1171 1754 1226 quam
1789 1156 2036 1210 viderant
2065 1157 2122 1210 in

557 1258 790 1320 oriente,
815 1253 1170 1310 antecedebat
1202 1267 1318 1314 eos,
1349 1251 1524 1305 donec
1557 1249 1782 1304 veniens
1816 1257 1986 1304 staret
2031 1263 2124 1302 su—

561 1363 655 1418 pra
689 1347 776 1400 ubi
806 1353 924 1400 erat
970 1360 1122 1415 puer.
1167 1343 1422 1400 Videntes
1471 1349 1650 1395 autem
1699 1341 1908 1396 stellam
1951 1339 2126 1410 gavisi

559 1451 692 1495 sunt.
717 1437 914 1509 gaudio
945 1451 1142 1506 magno
1173 1435 1350 1497 valde.
1385 1442 1438 1489 et
1487 1434 1756 1488 intrantes
1788 1433 2008 1487 domum
2043 1432 2127 1486 vi—

559 1530 758 1586 derunt
785 1543 1012 1599 puerum
1045 1541 1168 1580 cum
1199 1525 1366 1580 Maria
1391 1533 1564 1580 matre
1583 1525 1724 1593 ejus,
1759 1531 1814 1578 et
1845 1522 2128 1594 prociden-

561 1627 646 1674 tes
674 1619 1040 1673 adoraverunt
1065 1631 1210 1680 eum,
1238 1623 1292 1670 et
1321 1617 1526 1685 apertis
1561 1615 1836 1670 thesauris
1867 1615 2004 1678 suis,
2031 1613 2128 1668 ob-

561 1711 806 1766 tulerunt
841 1711 890 1765 ei
915 1725 1162 1772 munera,
1197 1723 1390 1762 aurum
1421 1715 1476 1763 et
1499 1709 1623 1764 thus
1653 1718 1704 1763 et
1737 1708 2048 1778 myrrham;
2074 1715 2129 1761 et

563 1817 831 1873 responso
869 1809 1096 1871 accepto
1127 1801 1180 1854 in
1215 1802 1421 1856 somnis
1456 1817 1522 1854 ne
1565 1801 1807 1854 redirent
1857 1799 1924 1853 ad
1961 1798 2129 1853 Hero-

563 1895 710 1958 dem,
783 1910 879 1965 per
925 1895 1086 1948 aliam
1133 1895 1274 1947 viam
1325 1892 1530 1948 reversi
1565 1900 1694 1948 sunt
1747 1893 1802 1946 in
1849 1894 2128 1964 regionem

563 2001 722 2044 suam
747 1989 815 2040 ⁷⁸.
859 2007 878 2038 ι
914 1985 1038 2040 Haec
1065 1995 1242 2041 autem
1271 1987 1524 2040 universa
1549 1987 1798 2054 exposui,
1827 1993 1886 2038 ut
1909 1987 2132 2039 demon-

563 2089 794 2134 strarem
831 2092 896 2132 ea
923 2092 1044 2146 quae
1069 2077 1124 2130 in
1153 2085 1276 2128 ortu
1307 2074 1608 2129 Salvatoris
1639 2077 1808 2130 nostri
1841 2076 1894 2128 in
1919 2073 2132 2128 Bethle-

565 2170 688 2224 bem
723 2180 872 2242 gesta
907 2179 1054 2231 sunt,
1085 2167 1391 2223 certissima
1425 2167 1666 2236 praebere
1695 2175 2036 2236 argumenta,
2063 2165 2132 2218 il-

564 2263 680 2317 lum
707 2277 828 2318 esse
859 2261 926 2317 de
957 2277 1066 2331 quo
1118 2262 1360 2330 loquitur
1409 2259 1712 2330 prophetia.
1765 2261 1941 2328 Atque
1975 2258 2134 2312 hodie

565 2369 804 2424 quoque,
840 2354 932 2423 qui
967 2355 1146 2407 locum
1179 2353 1329 2408 illum
1363 2353 1630 2415 incolunt,
1673 2361 1928 2421 tanquam
1980 2366 2010 2404 a
2045 2365 2135 2420 pa-

565 2445 742 2498 tribus
789 2445 1032 2514 ipsorum
1071 2453 1291 2513 accepta
1326 2445 1611 2504 memoria,
1663 2443 1752 2506 iis,
1787 2443 1880 2512 qui
1923 2443 2132 2496 visendi

565 2538 674 2592 loci
719 2537 890 2607 gratia
941 2536 1256 2592 Bethlehem
1290 2545 1472 2607 petere
1521 2545 1945 2596 consueverunt,
1978 2536 2133 2590 testi.-

566 2629 809 2683 monittm
861 2644 1020 2683 suum
1070 2627 1322 2692 afferunt,
1375 2630 1588 2684 veritati
1639 2627 1794 2682 fidem
1849 2627 2130 2690 facientes,

566 2735 867 2792 agrumque
914 2719 1374 2780 demonstrantes.
1411 2721 1504 2774 ubi
1550 2719 1716 2788 Virgo
1759 2722 1916 2774 enixa
1951 2721 2133 2774 infan-

567 2819 677 2866 tem
715 2813 968 2882 deposuit
1003 2832 1016 2866 :
1049 2827 1154 2883 qua
1206 2811 1270 2867 de
1319 2827 1378 2868 re
1415 2814 1530 2883 ipsa
1561 2813 1842 2884 prophetia
1899 2813 1978 2866 sic
2011 2813 2086 2866 ait
2117 2833 2130 2866 :

573 2923 594 2956 ι
633 2901 842 2958 Idcirco
887 2905 1044 2959 dabis
1103 2921 1196 2960 eos
1251 2921 1424 2974 usque
1458 2906 1523 2958 ad
1559 2913 1772 2974 tempus
1807 2907 2068 2974 parientis
2119 2925 2130 2960 :

569 2995 768 3064 pariet,
809 3004 863 3049 et
899 2994 1090 3063 reliqui
1131 2993 1358 3050 fratrum
1394 2997 1638 3064 ipsorum
1666 3001 2067 3049 convertentur.
2112 3014 2130 3046 ι

568 3083 949 3141 Consentanee
979 3095 1160 3141 autem
1213 3087 1302 3142 hic
1358 3103 1573 3158 quoque
1607 3089 1906 3158 parientem
1938 3087 2137 3142 intelli-

571 3176 650 3248 git
678 3191 816 3237 eam,
846 3191 967 3246 quae
996 3177 1052 3230 in
1085 3178 1458 3248 superioribus
1487 3179 1722 3232 oraculis
1767 3177 1932 3246 Virgo
1961 3178 2134 3232 nomi-

571 3279 698 3322 nata
736 3277 840 3332 est,
873 3276 926 3324 et
955 3270 1271 3340 prophetica
1307 3271 1523 3332 mulier,
1557 3285 1676 3338 qua:
1711 3271 1888 3338 ipsum
1921 3268 2138 3321 Emma-

573 3359 701 3414 nuel
727 3369 780 3414 et
811 3361 992 3431 magni
1026 3361 1242 3414 consilii
1278 3360 1528 3429 angelum
1563 3361 1666 3414 erit
1699 3359 1966 3428 paritura.
2002 3357 2136 3411 Nam

573 3465 746 3519 usque
775 3451 842 3505 ad
875 3452 1100 3520 hujusce
1133 3459 1396 3518 tempora,
1427 3451 1654 3518 ejusque
1672 3451 1764 3519 qui
1785 3451 1851 3504 de
1879 3450 1998 3518 ipsa
2021 3455 2138 3502 erat

569 3541 835 3602 oriturus,
870 3557 990 3610 quae
1019 3539 1086 3593 ad
1119 3541 1352 3610 priorem
1391 3541 1648 3609 populqu
1698 3541 1991 3609 pertinent,
2023 3547 2136 3594 ste-

575 3641 776 3695 terunt,
808 3635 1006 3702 quippe
1039 3648 1162 3686 cum
1204 3632 1284 3686 eis
1320 3633 1659 3701 praseriptio
1703 3634 1962 3702 temporis
2015 3633 2138 3686 data

571 3733 719 3779 esset
751 3739 924 3794 usque
959 3723 1026 3778 ad
1074 3735 1284 3792 tempus
1338 3725 1622 3793 parientis,
1677 3724 1780 3778 hoc
1825 3731 1928 3790 est,
1967 3741 2138 3795 usque

574 3815 640 3870 ad
675 3817 977 3884 mirabilem
1011 3825 1189 3868 ortum
1224 3815 1365 3884 ejus,
1399 3817 1494 3885 qui
1523 3816 1590 3872 de
1633 3816 1856 3888 Virgine
1885 3833 2139 3874 nascere-

573 3919 704 3961 tur-:
739 3914 862 3976 post
893 3921 1074 3978 quem,
1105 3907 1379 3960 sublatum
1419 3907 1638 3976 quidem
1669 3917 1754 3962 est
1783 3909 2024 3978 ipsorum
2052 3923 2140 3963 re-

573 4013 766 4068 gnum;
796 3997 887 4068 qui
915 4013 1042 4052 vero
1077 3997 1268 4068 reliqui
1305 3997 1530 4052 fratrum
1574 3999 1816 4069 ipsorum
1860 3998 2138 4064 dicuntur,

577 4089 614 4142 ii
642 4101 769 4144 sunt
795 4089 1116 4159 accipiendi,
1143 4093 1236 4160 qui
1264 4090 1318 4144 in
1345 4088 1623 4145 Christum
1641 4090 1734 4145 Dei
1767 4091 2137 4156 crediderunt,

574 4181 806 4251 apostoli
841 4190 893 4236 et
918 4182 1171 4251 discipuli
1213 4189 1267 4238 et
1315 4183 1664 4254 evangelista:
1711 4181 2012 4240 Salvatoris
2041 4199 2140 4237 no-

573 4273 674 4328 stri
719 4291 730 4326 :
770 4289 907 4342 quos
937 4289 1235 4332 conversos
1283 4279 1401 4346 ipse
1447 4275 1712 4332 Domini:
1753 4291 1978 4345 pascere
2006 4277 2142 4330 dici-

573 4369 683 4428 tur,
719 4379 828 4418 non
861 4365 1004 4420 sicut
1051 4368 1202 4435 prius
1229 4383 1326 4436 per
1369 4368 1612 4437 angelos,
1648 4375 1742 4421 aut
1781 4382 1880 4437 per
1909 4369 2143 4422 admini-

573 4463 718 4510 stros
755 4455 1022 4518 homines,
1057 4457 1150 4511 sed
1189 4459 1304 4528 ipse
1333 4473 1428 4528 per
1457 4457 1722 4528 scipsum,
1783 4475 1958 4528 usque
2006 4459 2142 4514 adeo

575 4555 634 4600 ut
659 4559 880 4618 propter
911 4551 1012 4604 hoc
1041 4551 1376 4622 magniﬁcari
1409 4569 1504 4608 eos
1545 4553 1836 4622 contigerit
1865 4569 2040 4624 usque
2071 4554 2136 4608 ad
2171 4591 2216 4646 Β

571 4649 874 4693 extremum
909 4649 1088 4695 terrae.
1123 4641 1450 4712 Magnificati
1479 4644 1622 4698 enim
1665 4652 1814 4708 sunt,
1865 4659 1973 4714 quo
2013 4653 2142 4698 tem-

573 4745 704 4799 pore
733 4729 788 4784 in
825 4745 1040 4784 onmem
1090 4739 1290 4785 terram
1325 4733 1492 4787 exivit
1539 4749 1707 4788 sonus
1752 4749 1963 4800 eorum,
2000 4741 2054 4790 et
2083 4737 2140 4789 in

575 4821 708 4876 lines
735 4821 886 4877 orbis
911 4829 1068 4876 terra:
1105 4823 1268 4878 verba
1309 4840 1521 4879 eorum.
1562 4825 1790 4880 Constat
1817 4841 1948 4881 vero
1977 4827 2140 4882 etiam

572 4911 730 4976 illud,
757 4928 917 4981 quam
942 4929 1169 4983 magnus
1201 4929 1330 4984 grex
1373 4931 1468 4984 per
1509 4915 1816 4972 universam
1847 4925 2047 4970 terram
2081 4927 2141 4970 ut

573 5005 930 5060 rationalibus
963 5005 1325 5076 humanisque
1357 5009 1550 5064 ovibus
1585 5009 1686 5078 ipsi
1717 5009 1881 5082 3M
1912 5009 2140 5066 Domino

573 5113 670 5169 per
697 5101 974 5168 apostolos
997 5115 1126 5156 suos
1153 5099 1416 5154 collectus
1437 5101 1526 5154 sit.
1551 5099 1721 5166 Quem
1759 5119 1890 5157 sane
1923 5119 2138 5174 gregem

573 5191 688 5260 ipse
721 5189 982 5246 Dominus
1013 5207 1106 5262 per
1139 5192 1403 5260 scipsum,
1449 5193 1542 5261 qui
1578 5193 1698 5260 ejus
1747 5203 1934 5263 pastor
1975 5194 2158 5248 simul'

571 5291 626 5338 ct
651 5281 905 5338 Dominus
931 5291 1033 5346 est,
1053 5285 1272 5340 visurus
1295 5293 1662 5354 pasturusque
1691 5287 1744 5340 in
1779 5287 1973 5341 robore
2003 5288 2140 5340 dici-

571 5381 682 5434 tur,
707 5373 840 5428 adeo
859 5375 1098 5445 quidem,
1124 5384 1180 5428 ut
1201 5377 1254 5430 in
1279 5392 1440 5430 manu
1463 5376 1588 5430 forti
1609 5387 1660 5432 et
1683 5379 1907 5434 brachio
1921 5380 2139 5434 excelso

573 5477 604 5516 a
635 5463 862 5518 Domino
891 5473 944 5520 et
989 5475 1206 5534 pastore
1257 5478 1594 5524 conservatae
1641 5486 1770 5526 oves
1821 5473 1956 5524 nihil
2011 5474 2136 5525 mali

573 5553 850 5622 patiantur
883 5557 950 5609 ab
987 5557 1376 5616 insidiantibus
1407 5561 1616 5630 asperis
1645 5570 1698 5616 et
1725 5563 2028 5616 immitibus
2061 5561 2138 5618 fc-

573 5643 670 5698 ris.
700 5642 766 5696 Et
786 5659 850 5698 ea
877 5647 1094 5715 quidem
1117 5663 1238 5718 qua:
1264 5649 1330 5706 ad
1355 5660 1532 5706 ortum
1557 5653 1610 5706 in
1633 5651 1964 5719 Bethlehem,
1988 5669 2137 5724 qum-

645 5827 692 5860 "
731 5826 918 5884 Matth.
955 5846 1014 5896 ιι,
1055 5831 1190 5886 ΜΞ.

2220 621 2320 673 μου
2345 603 2435 656 τὸν
2473 602 2706 674 Ἰσραήλ.
2733 602 2866 656 Τότε
2901 603 3163 675 Ἡρώδης,
3195 602 3368 675 λάθρα
3402 603 3634 668 καλέσας
3657 611 3768 672 τοὺς

2223 697 2450 766 μάγους,
2471 694 2752 766 ἡκρίὸωσε
2789 695 2918 766 παρ’
2947 695 3125 750 αὐτῶν
3153 695 3243 749 τὸν
3267 696 3456 766 χρόνον
3483 697 3576 748 τοῦ
3607 716 3766 766 φαινο-

2223 789 2380 858 μένου
2403 789 2631 860 ἀστέρος
2649 803 2661 818 ο
2690 789 2783 840 καὶ
2805 787 3023 858 πέμψας
3043 789 3236 850 αὐτοὺς
3263 791 3341 850 εἰς
3357 787 3620 858 Βηθλεὲμ,
3643 787 3764 844 εἷπε·

2221 881 2580 954 Πορευθέντες
2616 879 2908 946 ἐξετάσατε
2945 880 3186 951 ἀκριϐῶς
3246 881 3372 952 περὶ
3407 881 3500 933 τοῦ
3553 882 3766 941 παιδίου.

2233 973 2400 1026 Ἐπάν
2423 975 2480 1027 δὲ
2515 973 2733 1045 εὕρητε,
2759 973 3112 1042 ἀναγγείλατέ
3143 990 3252 1044 μοι,
3275 974 3423 1037 ὅπως
3450 973 3604 1041 κάγὼ
3623 974 3770 1028 stoer;

2223 1068 2584 1138 προσκυνήσω
2625 1065 2790 1137 αὐτῷ.
2839 1067 2902 1120 0!
2931 1067 2988 1120 δὲ
3031 1066 3360 1130 ἀκούσαντες
3399 1065 3494 1119 τοῦ
3537 1065 3770 1136 βασιλέως

2223 1159 2617 1231 ἐπορεύθησαν.
2645 1159 2756 1212 Καὶ
2786 1158 2892 1211 ἰδοὺ
2927 1160 2956 1211 6
3007 1159 3202 1230 ἀστὴρ,
3228 1158 3285 1212 ὃν
3315 1154 3451 1210 εἶδον
3479 1159 3536 1210 ὲν
3565 1161 3630 1228 τῇ
3667 1159 3772 1211 ἀνα-

2223 1251 2372 1323 τολῇ,
2398 1251 2634 1323 προῆγεν
2659 1250 2872 1315 αὐτοὺς,
2906 1249 3012 1314 ἕως
3049 1249 3216 1303 έλθὼν
3252 1249 3382 1320 ἔστη
3417 1249 3602 1302 ἐπάνω
3643 1242 3698 1302 οὗ
3719 1246 3774 1320 ἦν

2223 1347 2284 1416 τὸ
2325 1345 2552 1398 παιδίον.
2599 1344 2816 1414 Ἰδόντες
2840 1344 2896 1396 δὲ
2933 1343 3024 1396 τὸν
3073 1343 3274 1415 ἀστέρα
3303 1344 3578 1414 ἐχάρησαν
3627 1345 3774 1412 χαρὰν

2231 1437 2470 1510 μεγάλην
2499 1437 2699 1508 σφόδρα
2724 1455 2738 1467 ο
2767 1437 2861 1489 καὶ
2896 1435 3136 1498 ἐλθόντες
3177 1438 3255 1499 είς
3289 1435 3388 1506 τὴν
3433 1435 3610 1488 οἰκίαν
3659 1433 3774 1487 εἶδον

2225 1528 2288 1581 τὸ
2348 1525 2558 1580 παιδίον
2605 1525 2742 1597 μετά
2781 1527 3000 1597 Μαρίας
3041 1527 3140 1596 τῆς
3199 1526 3403 1598 μητρὸς
3459 1525 3660 1588 αὐτοῦ,
3699 1527 3776 1576 καὶ

2229 1621 2486 1683 πεσόντες
2525 1620 2934 1692 προσεκύνησαν
2969 1620 3146 1690 αὐτῷ’
3197 1619 3292 1672 καὶ
3331 1617 3640 1684 ἀνοίξαντες
3675 1619 3778 1682 τοὺς

2229 1711 2534 1782 θησαυροὺς
2565 1709 2763 1774 αὐτῶν,
2805 1711 3182 1781 προσήνεγκαν
3208 1707 3356 1779 αὐτῷ
3379 1707 3548 1778 δῶρα,
3581 1707 3774 1778 χρυσόν,

2231 1807 2325 1859 καὶ
2363 1805 2594 1868 λίϐανον,
2622 1804 2717 1858 καὶ
2744 1804 3008 1876 σμύρναν.
3039 1805 3149 1858 Καὶ
3192 1805 3652 1876 χρηματισθέντες
3679 1805 3774 1856 κατ’

2231 1897 2362 1968 ὄναρ
2409 1895 2482 1968 μὴ
2521 1895 2837 1968 ἀνακάμψαι
2865 1897 3002 1969 πρὸς
3055 1895 3319 1969 Ἡρώδην,
3373 1895 3440 1948 δι’
3467 1895 3634 1966 ἄλλης
3675 1895 3775 1948 ὁδοῦ

2233 1987 2586 2060 ἀνεχώρησαν
2616 1991 2694 2052 εἰς
2728 1989 2824 2060 τὴν
2870 1988 3050 2062 χώραν
3079 1989 3278 2042 αὐτῶν,
3309 2008 3328 2040 ι
3360 1989 3496 2042 Ὀλα
3537 1987 3596 2040 δὲ
3635 1987 3777 2040 ταῦτα

2233 2081 2496 2150 ὲξεθέμην
2547 2083 2625 2144 είς
2667 2081 3005 2151 παράστασιν
3036 2082 3144 2134 τῶν
3183 2079 3582 2153 πεπραγμένων
3617 2080 3700 2132 ἐπὶ
3723 2082 3774 2148 τῇ

2233 2172 2290 2224 ὲν
2345 2172 2588 2244 Βηθλεὲμ
2645 2172 2854 2240 γενέσει
2907 2173 2997 2226 τοῦ
3057 2175 3305 2246 Σωτῆρος
3353 2173 3507 2244 ἡμῶν
3527 2213 3542 2236 ,
3601 2171 3776 2242 ἐναργῆ

2231 2265 2506 2334 τεκμήρια
2541 2263 2845 2335 παρέχοντα
2888 2265 3047 2318 αὑτὸν
3089 2261 3224 2318 εἶναι
3251 2265 3340 2318 τὸν
3389 2263 3492 2317 ὑπὸ
3521 2263 3624 2334 τῆς
3671 2280 3778 2334 προ-

2235 2356 2461 2424 φητείας
2485 2357 2830 2428 δηλούμενον.
2874 2359 2983 2411 Καὶ
3025 2359 3105 2420 είς
3130 2358 3288 2429 δεῦρο
3331 2359 3386 2410 δὲ
3435 2358 3484 2410 οἱ
3525 2357 3620 2409 τὸν
3641 2357 3780 2408 τόπον

2233 2445 2524 2509 οἰκοῦντες,
2563 2447 2637 2510 ὡς
2681 2451 2744 2500 ὲκ
2787 2449 3036 2520 πατέρων
3079 2450 3158 2512 εἰς
3207 2449 3404 2510 αὐτοὺς
3441 2447 3778 2515 κατελθούσης

2241 2535 2608 2607 παραδόσεως,
2633 2540 2744 2601 τοῖς
2787 2539 2895 2592 τῶν
2927 2539 3106 2593 τόπων
3143 2540 3384 2612 ἱστορίας
3413 2541 3574 2610 χάριν
3603 2541 3676 2601 είς
3697 2539 3776 2608 τὴν

2237 2627 2480 2698 Βηθλεὲμ
2513 2629 2926 2698 ἀφικνουμένοις
2963 2629 3320 2702 μαρτυροῦσι,
3355 2629 3462 2684 τῶν
3503 2630 3670 2698 λόγων
3705 2645 3777 2679 πι-

2237 2717 2521 2787 στούμενοι
2553 2719 2650 2790 τὴν
2679 2719 2932 2790 ἀλήθειαν
2973 2721 3060 2774 διά
3097 2722 3196 2792 τῆς
3223 2721 3317 2774 τοῦ
3354 2719 3524 2793 ἀγροῦ
3566 2721 3778 2786 δείξεως,

2237 2810 2293 2862 ἐν
2321 2803 2363 2878 ᾧ
2393 2809 2625 2863 τεκοῦσα
2671 2811 2704 2882 ἠ
2753 2811 3026 2882 Παρθένος
3069 2811 3446 2866 κατατέθειται
3477 2811 3538 2864 τὸ
3575 2810 3775 2882 βρέφος’

2239 2903 2321 2969 ἐφ’
2349 2897 2428 2964 οἷς
2453 2905 2484 2973 ὴ
2517 2903 2819 2973 προφητεία
2843 2903 2974 2972 φησι
2995 2919 3024 2944 ε
3048 2921 3066 2952 ι
3100 2901 3200 2956 Διά
3223 2902 3382 2955 τοῦτο
3413 2899 3572 2954 δώσει
3613 2901 3778 2960 aia-.02;

2238 2993 2341 3056 ἓως
2376 2993 2568 3064 καιροῦ
2596 2993 2901 3064 τικτούσης.
2929 2993 3170 3060 Τέξεται,
3197 2995 3291 3048 καὶ
3328 2996 3378 3046 οἱ
3407 2993 3670 3046 ἐπίλοιποι
3691 2990 3780 3042 τῶν

2239 3078 2480 3147 ἀδελφῶν
2505 3081 2684 3133 αὐτῶν
2717 3083 3150 3153 ἐπιστρέφουσιν.
3173 3102 3190 3134 ι
3233 3083 3564 3146 Ἀκολούθως
3593 3083 3646 3134 δὲ
3670 3083 3778 3133 κάν-

2241 3172 2412 3226 ταῦθα
2443 3173 2728 3226 τίκτουσαν
2751 3173 2902 3244 δηλοῖ
2923 3173 3020 3245 τὴν
3057 3176 3114 3226 ὲν
3158 3177 3275 3238 ταῖς
3323 3175 3556 3245 πρόσθεν
3601 3191 3780 3244 crpus-313-

2241 3265 2410 3328 τείαις
2445 3265 2718 3336 Παρθένον
2761 3266 3152 3336 ὠνομασμένην
3196 3267 3290 3320 καὶ
3337 3265 3659 3336 προφήτιδα,
3701 3265 3780 3330 τὴν

2239 3357 2330 3410 τὸν
2362 3358 2706 3428 Ἐμμανουὴλ
2763 3357 2858 3410 καὶ
2899 3357 2989 3410 τὸν
3022 3359 3121 3428 τῆς
3155 3358 3393 3429 μεγάλης
3424 3357 3614 3427 βουλῆς
3647 3357 3782 3424 ἄγγε-

2240 3449 2328 3502 λον
2357 3449 2776 3522 ἀποτεξομένην.
2807 3453 2952 3516 Ἕως
2979 3451 3088 3521 γὰρ
3109 3451 3216 3504 τῶν
3251 3451 3452 3522 ταύτης
3477 3450 3678 3520 καιρῶν
3707 3449 3782 3499 καὶ

2239 3542 2330 3595 τοῦ
2367 3541 2425 3606 ἐξ
2473 3543 2645 3611 αὐτῆς
2686 3543 3076 3614 ἀποτεχθέντος
3133 3543 3226 3596 καὶ
3277 3542 3344 3596 τὰ
3393 3543 3490 3596 τοῦ
3546 3541 3780 3612 προτέρου

2240 3635 2368 3688 λαοῦ
2409 3639 2748 3707 συνειστήκει
2769 3677 2782 3698 ,
2811 3637 3059 3708 δοθείσης
3107 3637 3288 3698 αὐτοῖς
3335 3635 3666 3706 προθεσμίας
3697 3633 3782 3693 ἕως

2241 3727 2434 3798 καιροῦ
2467 3727 2785 3798 τικτούσης,
2833 3727 2978 3780 τοῦτ’
3017 3729 3160 3781 ἔστιν
3211 3729 3316 3791 ἓως
3363 3730 3460 3798 τῆς
3509 3725 3782 3798 παραδῶ)

2241 3819 2504 3885 γενέσεως
2545 3817 2638 3870 τοῦ
2684 3821 2744 3870 ὲκ
2795 3819 2897 3888 τῆς
2931 3819 3206 3890 Παρθένου
3247 3819 3550 3889 τεχθέντος,
3597 3818 3704 3888 μεθ’
3733 3815 3778 3866 ὃν

2241 3912 2382 3984 ἤρθη
2427 3912 2523 3982 μὲν
2567 3911 2746 3964 αὐτῶν
2800 3913 2832 3982 ἡ
2877 3911 3140 3982 βασιλεία.
3172 3913 3234 3964 Ol
3288 3911 3344 3964 δὲ
3391 3911 3652 3964 ἐπίλοιποι
3695 3907 3782 3960 τῶν

2241 4001 2484 4071 ἀδελφῶν
2513 4001 2709 4066 αὐτῶν,
2744 3996 2889 4059 οὗτοι
2917 4003 2983 4056 ἂν
3008 3997 3118 4056 εἶεν
3141 4003 3190 4054 οἱ
3223 4003 3304 4066 είς
3337 4001 3429 4055 τὸν
3457 4001 3680 4072 Χριστὸν
3707 3995 3780 4048 τοῦ

2241 4095 2376 4148 Θεοῦ
2423 4096 2846 4157 πεπιστευκότες
2883 4095 3210 4160 ἀπόστολοι,
3251 4095 3345 4148 καὶ
3395 4093 3661 4165 μαθηταὶ,
3709 4089 3783 4142 καὶ

2241 4187 2624 4256 εύαγγελισταὶ
2653 4186 2748 4240 τοῦ
2770 4187 3021 4259 Σωτῆρος
3049 4191 3080 4258 ἡ
3091 4187 3228 4258 μῶν,
3259 4185 3352 4250 οῦς
3382 4183 3782 4255 ἐπιστρέψαντας

2243 4280 2403 4342 αὐτὸς
2429 4283 2458 4332 ό
2481 4280 2682 4352 Κύριος
2709 4283 2990 4350 ποιμανεῖν
3013 4280 3249 4348 λέγεται,
3273 4281 3332 4332 ού
3373 4277 3558 4340 καθὼς
3587 4277 3644 4328 τὺ
3677 4274 3782 4344 πρὶν

2241 4371 2306 4424 δι’
2337 4372 2579 4440 ἀγγέλων
2611 4372 2752 4442 ἢδιά
2785 4372 3124 4442 θεραπόντων
3153 4369 3474 4440 ἀνθρώπων,
3507 4367 3618 4421 ἀλλ’
3651 4365 3782 4423 αὐτὸς

2241 4462 2307 4514 δι’
2336 4463 2549 4527 ἑαυτοῦ,
2572 4463 2710 4517 ὥστε
2737 4463 2824 4516 διὰ
2861 4463 3019 4516 τοῦτο
3051 4461 3450 4533 μεγαλυνθῆναι
3485 4459 3674 4520 αὐτοὺς
3700 4455 3782 4516 ἕως

2243 4553 2414 4624 ἄκρου
2442 4553 2540 4624 τῆς
2569 4555 2690 4624 γῆς.
2739 4553 3213 4624 Ἐμεγαλύνθησαν
3247 4553 3355 4623 γὰρ
3397 4554 3486 4605 ὅτε
3533 4553 3612 4613 είς
3635 4550 3780 4601 πᾶσαν

2243 4642 2341 4714 τὴν
2371 4641 2473 4711 γῆν
2499 4641 2717 4712 ἐξῆλθεν
2741 4645 2769 4696 6
2791 4642 3024 4712 φθόγγος
3051 4641 3248 4706 αὐτῶν,
3284 4641 3376 4695 καὶ
3400 4643 3480 4703 εἰς
3503 4639 3572 4693 τὰ
3605 4638 3780 4708 πέρατα

2243 4735 2340 4804 τῆς
2367 4733 2690 4804 οἰκουμένης
2717 4732 2786 4785 τά
2835 4735 3034 4804 ῥήματ’
3075 4731 3274 4787 αὐτῶν.
3314 4731 3586 4802 Πρόδηλον
3615 4731 3666 4782 δὲ
3709 4727 3782 4779 καὶ

2241 4825 2423 4876 ὁποῖον
2443 4824 2584 4893 μέγα
2599 4823 2848 4893 ποίμνιον
2867 4823 2987 4876 καθ’
3007 4823 3132 4892 ὅλης
3147 4823 3248 4893 τῆς
3267 4823 3371 4892 γῆς
3387 4825 3452 4874 ὲκ
3475 4819 3696 4890 λογικῶν
3709 4817 3780 4870 καὶ

2243 4913 2594 4984 ἀνθρωπείων
2617 4915 2900 4984 προϐάτων
2919 4913 2996 4985 τῷ
3027 4915 3216 4986 Κυρίῳ
3242 4914 3329 4966 διὰ
3367 4913 3476 4966 τῶν
3505 4911 3778 4966 ἀποστόλων

2245 5007 2407 5060 αὑτοῦ
2429 5007 2670 5076 συνέστη·
2689 5009 2716 5060 ὃ
2733 5009 2826 5060 καὶ
2841 5009 3002 5070 αὐτὸς
3021 5009 3048 5060 6
3065 5007 3268 5078 Κύριος
3281 5006 3346 5059 δι’
3373 5005 3586 5070 ἑαυτοῦ,
3611 5001 3778 5071 ποιμὴν

2241 5098 2376 5170 ὁμοῦ
2399 5099 2492 5152 καὶ
2508 5100 2710 5170 Κύριος
2723 5099 2796 5152 ὢν
2809 5099 3172 5170 τῆςποίμνης,
3189 5097 3484 5166 ἐπόψεσθαι
3501 5097 3591 5149 καὶ
3621 5105 3780 5160 ianqu-

2241 5195 2350 5245 νεῖν
2365 5194 2419 5246 έν
2443 5193 2584 5262 ἰσχύϊ
2599 5193 2832 5260 λέγεται,
2851 5192 2988 5244 ὥστε
3007 5192 3064 5242 ἐν
3079 5192 3219 5260 χειρὶ
3235 5191 3472 5260 κραταιᾷ
3493 5189 3584 5242 καὶ
3605 5189 3657 5239 ὲν
3681 5185 3780 5254 βρα-

2241 5290 2376 5359 χίονι
2389 5287 2576 5358 ὑψηλῷ
2591 5287 2724 5358 πρὸς
2737 5285 2828 5338 τοῦ
2843 5285 3100 5338 δεσπότου
3115 5283 3208 5336 καὶ
3227 5283 3480 5350 ποιμένος
3491 5279 3776 5353 φυλαττόμε-

2239 5396 2306 5432 να
2349 5379 2420 5432 τὰ
2445 5377 2686 5446 πρόϐατα
2713 5376 2876 5446 μηδέν
2897 5393 2950 5428 τι
2981 5374 3170 5427 παθεῖν
3195 5374 3362 5426 δεινὸν
3391 5373 3528 5444 πρὸς
3553 5371 3654 5426 τῶν
3681 5371 3778 5438 sps-

2239 5469 2536 5540 δρευόντων
2565 5469 2744 5531 αὐτοῖς
2760 5467 2963 5538 ἀγρίων
2991 5467 3084 5518 καὶ
3111 5465 3332 5536 ἀπηνῶν
3365 5465 3588 5535 θηρίων.
3617 5463 3710 5515 Καὶ
3727 5457 3778 5511 τὰ

2245 5561 2342 5631 μὲν
2375 5561 2502 5630 περὶ
2526 5561 2624 5630 τῆς
2645 5561 2702 5612 ἐν
2741 5559 3002 5630 Βηθλεὲμ,
3025 5559 3117 5612 καὶ
3133 5561 3228 5630 τῆς
3241 5559 3346 5612 ἀπὸ
3369 5559 3570 5628 ταύτης
3587 5553 3774 5626 προόδου

2240 5653 2332 5707 τοῦ
2361 5653 2864 5724 προκηρυττομένου
2881 5653 3035 5716 Θεοῦ,
3055 5653 3236 5705 τοῦτον
3254 5653 3362 5722 ἔχει
3381 5653 3470 5706 τὸν
3485 5651 3686 5722 τρόπον’
3699 5643 3776 5717 τὴν
