3894 6512
135 414 217 471 561
1032 407 1681 465 DEMONSTRATIONIS
1706 406 2160 463 EVANGELIC/E
2189 407 2321 461 LIB.
2357 407 2467 464 νη.

3239 407 3343 461 512

126 529 175 584 δὲ
201 527 257 591 ἐξ
285 526 536 598 οὐρανῶν
563 528 641 591 εἰς
689 524 1006 598 ἀνθρώπους
1053 524 1345 597 ἐπιδημίαν
1377 524 1539 578 αὐτοῦ
1586 523 1662 576 toi

1784 537 1889 593 que
1924 523 1989 576 ad
2017 537 2369 593 progressum
2392 537 2457 577 ex
2480 536 2547 575 eo
2577 520 2870 589 pertinent,
2901 518 3022 589 ejus
3057 516 3151 574 Dei
3180 534 3341 588 quem

124 619 307 691 Κυρίου
342 619 440 671 καὶ
482 618 732 688 ποιμένος
760 618 861 690 ήδη
886 618 980 671 καὶ
1012 618 1273 689 πρότερον
1304 616 1362 681 ἐξ
1390 616 1551 669 αὐτοῦ
1576 613 1670 669 τοῦ

123 712 243 783 μετὰ
267 714 456 782 χεῖρας
486 713 761 782 προφήτου
788 709 1190 783 παρατέθειμαι
1218 749 1232 773 ,
1263 709 1327 762 δι’
1356 702 1430 761 ὧν
1454 708 1634 775 ἔλεγεν
1653 724 1667 737 ·

124 826 140 855 σ
175 802 481 867 Ἀκούσατε,
517 803 634 856 λαοὶ
670 803 890 866 πάντες,
917 804 1010 856 καὶ
1045 801 1357 873 προσεχέτω
1393 802 1543 872 ἡγῆ,
1578 802 1673 855 καὶ

120 897 295 957 πάντες
325 895 377 947 οἰ
405 896 467 946 ὲν
496 895 657 966 αὐτῇ,
695 896 787 948 καὶ
821 894 973 947 ἔσται
1014 894 1214 963 Κύριος
1247 894 1375 963 ύμῖν
1416 895 1494 956 είς
1534 911 1673 964 μαρ-

114 987 309 1058 τύριον,
360 987 570 1057 Κύριος
615 987 673 1052 ἐξ
718 984 866 1039 οίκου
920 985 1074 1053 ἁγίου
1129 986 1323 1038 αὑτοῦ·
1379 985 1510 1038 διότι
1562 986 1670 1038 ἰδοὺ

116 1078 297 1149 Κύριος
350 1078 558 1149 Κύριος
606 1076 962 1149 ἐκπορεύεται
1006 1078 1069 1130 ἐκ
1121 1076 1212 1130 τοῦ
1267 1077 1433 1130 τόπου
1479 1078 1668 1141 αὑτοῦ,

114 1171 191 1222 καὶ
213 1168 601 1238 καταϐήσεται,
628 1189 647 1220 ι
672 1168 855 1222 καὶτὰ
883 1166 1027 1237 ἑξῆς*
1048 1162 1128 1232 οἷς
1150 1167 1411 1236 ἐπιλέγων
1436 1169 1638 1238 ἔφασκε
1653 1187 1668 1201 ⁸

116 1257 497 1312 ιΔι’ἁσέ6ειαν
532 1256 727 1311 Ἰακὼὸ
760 1257 935 1310 πάντα
968 1256 1158 1317 ταῦτα,
1193 1258 1286 1310 καὶ
1310 1257 1376 1309 δι’
1400 1260 1670 1331 ἁμαρτίαν

115 1353 242 1405 οίκου
282 1352 528 1422 Ἰσραήλ·
572 1371 590 1402 ι
642 1351 821 1425 Σαςρὲς
866 1350 925 1403 δὲ
970 1350 1068 1403 καὶ
1107 1350 1214 1435 ίπὸ
1246 1350 1352 1404 τῶν
1406 1351 1532 1422 ἑξῆς
1573 1351 1668 1406 τοῦ

118 1441 254 1498 αὐτοῦ
280 1444 591 1514 προερήτου,
632 1444 713 1496 ὅτι
737 1444 811 1513 μὴ
845 1443 1002 1514 μόνον
1043 1442 1132 1497 διὰ
1163 1443 1259 1506 τὰς
1294 1444 1545 1508 ἀσεὸεἰας
1576 1446 1670 1499 τοῦ

125 1532 366 1586 Ἰουδαίων
392 1531 582 1595 ἔθνους
605 1533 703 1603 τὴν
743 1530 801 1597 ἐξ
834 1531 1076 1603 οὐρανῶν
1118 1533 1147 1584 ὁ
1180 1531 1380 1602 Κύριος
1409 1532 1671 1603 πεποίητο

115 1623 332 1687 κάθοδον,
361 1622 506 1676 ἀλλὰ
526 1625 620 1677 καὶ
642 1623 730 1676 διὰ
763 1624 862 1694 τὴν
898 1621 1168 1693 σωτηρίαν
1208 1624 1299 1676 καὶ
1338 1622 1531 1692 κλῆσιν
1561 1623 1669 1677 τῶν

115 1717 259 1770 ἐθνῶν
303 1717 583 1769 ἁπάντων.
620 1714 888 1782 Ἐπιλέγει
916 1712 960 1766 δ’
989 1709 1082 1767 οὖν
1129 1713 1289 1783 ἑξῆς·
1337 1732 1356 1764 ι
1382 1715 1492 1768 Καὶ
1518 1714 1668 1767 ἔσται

114 1810 183 1861 ἐπ’
213 1807 457 1878 ἐσχάτων
489 1806 598 1861 τῶν
632 1805 853 1877 ἡμερῶν
887 1805 1128 1875 ἐμφανὲς
1166 1804 1227 1857 τὸ
1267 1805 1390 1876 ὅρος
1440 1805 1666 1879 Κυρίου,

1777 615 2051 685 prophetae
2083 615 2429 677 nuntiabant,
2467 615 2522 667 in
2552 612 2697 666 hunc
2737 612 2956 667 modum
3010 627 3069 667 se
3116 612 3340 667 habent.

1776 707 2082 763 Adventum
2112 715 2293 762 autem
2325 707 2499 777 ipsius
2525 703 2737 759 Domini
2770 714 2823 757 et
2851 703 3086 772 pastoris
3109 701 3175 757 de
3200 703 3340 757 ccelo

1777 803 1845 857 ad
1892 802 2143 856 homines
2192 798 2516 869 jampridem
2564 814 2628 852 ex
2683 794 2872 852 eodem
2923 794 3204 864 propheta,
3247 793 3341 864 qui

1776 895 2012 948 nuncin
2068 892 2322 946 manibus
2370 897 2473 950 est,
2530 888 2812 958 proposui,
2856 886 2947 941 ubi
2995 886 3075 941 sic
3112 885 3338 941 aiebat:

1782 1003 1801 1034 c
1842 985 2055 1046 Audite,
2084 983 2269 1054 populi
2300 998 2509 1041 omnes.
2534 988 2588 1036 et
2609 979 2848 1034 atlendat
2875 986 3042 1041 terra,
3076 986 3130 1032 et
3152 990 3339 1033 omnes

1778 1076 1870 1145 qui
1910 1082 2038 1129 sunt
2083 1076 2136 1127 in
2164 1088 2246 1135 ea,
2279 1079 2333 1127 et
2372 1073 2475 1125 erit
2512 1069 2774 1124 Dominus
2806 1069 2963 1122 vobis
3008 1066 3063 1120 in
3089 1068 3339 1121 testimoo

1775 1168 1925 1222 nium
1956 1184 1969 1220 :
1999 1164 2259 1219 Dominus
2287 1180 2350 1219 ex
2380 1164 2545 1218 domo
2569 1168 2758 1217 sancta
2790 1175 2911 1220 sua,
2940 1159 3067 1228 quia
3095 1173 3222 1212 ecce
3244 1155 3358 1212 Do-

1777 1260 1959 1313 minus
1990 1258 2253 1311 Dominus
2300 1253 2607 1325 egredietur
2629 1252 2695 1306 de
2726 1252 2846 1303 loco
2873 1264 2993 1313 suo,
3023 1257 3075 1303 et
3106 1248 3340 1302 descen-

1774 1349 1865 1405 det
1896 1351 1964 1413 '°,
2009 1367 2027 1399 ο
2062 1356 2115 1404 et
2164 1356 2400 1411 caetera;
2454 1344 2655 1414 quibus
2693 1341 2943 1411 adjungit
2987 1360 3000 1395 :
3056 1358 3074 1390 ι
3113 1340 3340 1408 Propter

1775 1440 2107 1508 impietatem
2135 1436 2306 1491 Jacob
2334 1435 2518 1490 omnia
2549 1435 2685 1497 haec,
2722 1442 2777 1487 et
2805 1438 3027 1503 propter
3054 1440 3340 1501 peccatum

1774 1530 1969 1585 domus
1998 1530 2166 1585 Israel
2194 1530 2261 1583 ⁷⁷.
2319 1549 2338 1581 ι
2384 1527 2468 1581 Ab
2519 1528 2587 1582 iis
2640 1535 2822 1582 autem
2870 1540 2991 1596 quae
3035 1530 3340 1594 sequuntur

1775 1621 1918 1691 apud
1950 1620 2199 1676 eumdem
2248 1621 2566 1691 prophetam
2596 1620 2759 1675 etiam
2809 1618 2941 1673 illud
2971 1617 3191 1687 planum
3231 1622 3338 1681 est,

1773 1713 1920 1782 quod
1951 1728 2060 1767 non
2090 1714 2266 1768 solum
2300 1721 2520 1783 propter
2547 1713 2856 1783 impietates
2892 1708 3131 1764 Iudaica:
3160 1707 3340 1778 gentis

1776 1800 2039 1857 Dominus
2065 1803 2133 1857 de
2158 1804 2301 1858 caelo
2334 1803 2640 1862 descendit.
2676 1802 2772 1857 sed
2799 1803 2962 1856 etiam
2992 1807 3215 1870 propter
3249 1812 3341 1854 sa-

112 1902 194 1953 καὶ
214 1898 535 1951 σπεύσουσιν
558 1897 643 1950 ἐπ’
672 1896 802 1951 αὐτὸ
832 1896 950 1949 λαοὶ
976 1895 1178 1958 πολλοὶ,
1201 1896 1295 1949 καὶ
1318 1895 1662 1966 πορεύσονται

1774 1894 1938 1949 intem
1970 1902 2021 1948 et
2045 1895 2389 1949 vocationem
2417 1895 2663 1964 gentium
2689 1901 3034 1948 cunctarum.
3079 1891 3340 1962 Adjungit

113 1991 218 2062 ίθνη
250 1989 462 2053 πολλὰ,
498 1991 593 2043 καὶ
644 1989 863 2061 ἐροῦσισ
921 1988 1103 2051 Δεῦτε,
1152 1987 1449 2057 ἀναδῶμεν¹
1486 1989 1565 2051 εἰς
1612 1988 1662 2041 τὲ

1775 1983 1940 2053 igitur
1966 1983 2225 2054 deinceps
2259 2003 2273 2038 :
2312 2004 2329 2035 ι
2364 1983 2430 2038 Ει
2448 1985 2554 2040 erit
2580 1986 2637 2039 in
2662 1983 2980 2039 novissimis
3015 1981 3209 2037 diebus
3229 1995 3339 2036 ma-

113 2084 216 2153 θρος
241 2081 470 2153 Κυρίου.
507 2101 525 2133 ι
563 2081 653 2134 Διὸ
686 2083 779 2135 καὶ
810 2079 946 2151 μετὰ
985 2079 1158 2132 ταῦτα
1189 2079 1279 2132 τὸν
1328 2079 1434 2149 πρὸ
1464 2078 1672 2131 αἰώνων

113 2174 201 2227 ἀπὸ
230 2176 327 2244 τῆς
362 2173 617 2244 Βηθλεὲμ
646 2172 1021 2239 ἐξελεύσεσθαι
1053 2171 1401 2243 ἁνακηρύξας
1426 2212 1438 2232 ,
1489 2171 1670 2224 οὐκέτι

111 2261 189 2315 τοῦ
220 2262 435 2334 Ἰσραὴλ
472 2262 654 2333 μόνου,
691 2261 825 2314 ἀλλὰ
862 2261 1075 2331 ἀθρόως
1121 2261 1337 2314 πάντων
1370 2259 1670 2330 ἀνθρώπων

111 2348 198 2412 Et»;
218 2350 307 2403 καὶ
326 2350 439 2403 τῶν
471 2350 655 2423 ἄκρων
681 2351 779 2420 τῆς
806 2350 911 2419 γῆς
939 2349 1123 2420 ἄρξειν
1144 2350 1304 2403 αὐτόν
1329 2367 1460 2419 φησι
1482 2366 1495 2379 ·
1523 2349 1668 2417 λέγει

113 2435 148 2489 δ’
173 2434 254 2492 οὖν
274 2457 288 2469 ⁸
325 2459 342 2490 ι
376 2442 490 2495 Καὶ
520 2444 797 2511 στήσεται,
829 2443 923 2494 καὶ
955 2441 1163 2510 ὄψεται,
1190 2442 1283 2494 καὶ
1320 2444 1574 2511 ποιμανεί
1609 2441 1673 2493 τὸ

113 2530 333 2599 ¹ποίμνιον
357 2532 531 2585 αὑτοῦ
560 2534 616 2584 ὲν
660 2531 804 2602 ἰσχύϊ
843 2530 1069 2603 Κύριος,
1105 2532 1198 2585 καὶ
1226 2533 1284 2583 ὲν
1308 2535 1375 2602 τῇ
1418 2531 1547 2606 δόξῃ
1575 2531 1668 2585 τοῦ

113 2621 345 2690 όνόματος
392 2625 603 2694 Κυρίου
655 2622 791 2676 Θεοῦ
843 2623 1022 2676 αὐτῶν
1051 2622 1379 2695 ὑπάρξουσι·
1412 2624 1543 2677 διότι
1575 2624 1670 2676 νῦν

116 2710 588 2781 μεταλυνθήσονται
643 2711 747 2775 ἕως
794 2712 980 2784 ἄκρων
1032 2714 1130 2783 τῆς
1174 2714 1279 2784 γῆς
1306 2754 1321 2777 ,
1384 2717 1477 2767 καὶ
1520 2715 1669 2770 ἔσται

114 2800 229 2874 αὕτη
249 2804 463 2875 εἰρήνη.
501 2822 519 2855 ι
553 2803 669 2857 Τίνι
694 2804 750 2857 δὲ
783 2804 935 2858 ἔσται
979 2805 1118 2877 αὓτη
1158 2806 1347 2877 εἰρήνη
1387 2806 1501 2859 ἀλλ’
1536 2807 1569 2877 ἢ
1600 2810 1666 2878 τῇ

114 2895 188 2961 γῇ,
208 2889 305 2965 ὲνῇ
328 2894 830 2965 μεγαλυνθήσονται
853 2896 923 2950 τὰ
944 2898 1168 2968 ποίμνια
1183 2896 1278 2950 τοῦ
1298 2898 1502 2969 Κυρίου
1523 2914 1537 2963 ;
1560 2900 1670 2952 Καὶ

111 2981 244 3036 τοῦτο
266 2985 349 3049 δὲ,
382 2986 567 3039 ὁποίου
594 2986 782 3063 τέλους
808 2987 963 3059 ἔτυχε
994 2992 1138 3057 μετὰ
1174 2988 1252 3060 (ί)
1291 2988 1385 3041 τοῦ
1420 2989 1670 3061 Σωτῆρος

114 3076 244 3145 ἡμῶν
267 3077 445 3148 Ἰησοῦ
473 3078 712 3153 Χριστοῦ
738 3082 1064 3152 παρουσίαν,
1097 3081 1257 3134 παντί
1281 3099 1358 3152 τῳ
1381 3081 1663 3153 πρόδηλονο

113 3166 296 3239 πολλῆς,
320 3169 431 3242 γὰρ
458 3170 626 3242 οὔσης
670 3173 778 3243 πρὸ
803 3173 993 3226 τούτου
1041 3174 1391 3245 πολυαρχίας,
1434 3175 1528 3228 καὶ
1560 3173 1666 3227 τῶν

115 3260 257 3314 ἐθνῶν
286 3264 547 3317 ἁπάντων
567 3267 1014 3336 τυραννουμένων
1037 3268 1071 3337 ἢ
1099 3268 1622 3339 δημοκρατουμένων
1645 3306 1661 3331 ,

111 3349 171 3414 «'0;
239 3353 510 3425 μηδεμίαν
587 3356 728 3427 πρὸς
810 3356 1070 3426 ἀλλήλους
1151 3359 1437 3429 ἐπιμιξίαν
1535 3362 1663 3424 τοὺς

115 3441 407 3513 ἀνθρώπους
463 3445 647 3515 ἔχειν,
706 3445 851 3509 ίδίώς
897 3445 986 3511 δὲ,
1050 3447 1182 3518 φέρε
1222 3450 1432 3512 εἰπεῖν,
1497 3450 1664 3517 Δίγυ-

116 3533 257 3589 πτίων
327 3537 430 3590 ύπδ
501 3538 688 3608 οἰκείῳ
753 3538 974 3609 ἄρχοντι
1032 3538 1457 3609 βασιλευομένων
1482 3580 1495 3603 ,
1568 3542 1662 3594 κα)⁵

124 3622 343 3694 Ἀράϐων
396 3626 678 3691 ὡσαύτως,
743 3628 837 3681 καί⁵
899 3629 1234 3698 Ἰδουμαίων,
1292 3631 1549 3684 Φοινίκων
1600 3650 1659 3685 τε

115 3714 189 3766 καὶ
214 3717 416 3788 Σύρων,
451 3718 547 3771 καὶ
578 3716 686 3770 τῶν
715 3718 888 3772 ἄλλων
922 3719 1112 3783 ἐθνῶν,
1138 3721 1575 3791 ἐπανισταμένων
1599 3740 1657 3775 τε

114 3806 254 3861 ἐθνῶν
287 3808 485 3872 ἔθνεσι,
510 3811 605 3863 καὶ
637 3810 844 3864 πόλεων
875 3810 1079 3873 πόλεσι,
1115 3810 1436 3882 πολιορκιῶν
1466 3830 1525 3867 τε
1560 3832 1659 3885 μυ-

115 3897 221 3966 ρίων
249 3901 344 3954 καὶ
373 3902 762 3973 αἰχμαλωσιῶν
796 3903 935 3957 κατὰ
964 3903 1139 3956 πάντα
1172 3903 1334 3957 τόπον
1356 3921 1414 3957 τε
1441 3906 1533 3958 καὶ
1553 3906 1658 3975 χὼ-

114 4004 195 4059 ραν
222 3994 669 4064 ἐπιτελουμένων,
704 3994 892 4067 ἐπειδὴ
930 3997 1110 4068 παρῆν
1142 3997 1171 4048 ὁ
1206 3996 1394 4069 Σωτὴρ
1422 3999 1516 4051 καὶ
1543 3999 1655 4051 Κύ-

115 4094 222 4149 ριος,
256 4084 389 4154 651.06
417 4088 487 4157 τῇ
521 4088 600 4149 εἱς
634 4085 951 4158 ἀνθρώπους
977 4087 1143 4140 αὐτοῦ
1174 4088 1407 4160 παρόδῳ,
1440 4088 1653 4160 πρώτου

111 4184 159 4221 τε
192 4174 466 4246 Ῥωμαίων
497 4177 806 4244 Αὐγούστου
837 4178 944 4231 τῶν
972 4178 1139 4231 ἐθνῶν
1168 4180 1652 4250 ἐπικρατήσαντος,

112 4260 273 4319 λέλυτο
304 4269 398 4338 μὲν
427 4272 461 4339 ὴ
496 4270 721 4339 πλείστη
754 4268 1079 4340 πολυαρχία,
1115 4271 1303 4342 εἰρήνη
1342 4271 1400 4323 δὲ
1433 4271 1653 4341 διελάμ-

112 4351 214 4409 ὃσνε
254 4358 350 4429 τὴν
380 4360 671 4430 σύμπασαν
701 4361 824 4431 γῆν,
860 4364 925 4432 τῇ
965 4361 1099 4431 μετὰ
1132 4365 1318 4433 χεῖρας
1349 4362 1654 4426 ἀκολούθως

112 4450 402 4519 προρρήσει,
425 4450 722 4522 διαρρήδην
748 4452 968 4524 modun
995 4453 1123 4523 περί
1150 4452 1258 4505 τῶν
1289 4452 1382 4506 τοῦ
1415 4454 1652 4526 Χριστοῦ

113 4537 411 4637 μαθητῶνυῄι
441 4542 585 4594 Διότι
606 4541 701 4595 νῦν
725 4541 1218 4637 μεγαλυνθήσονται
1242 4544 1345 4607 ἕως
1365 4545 1532 4617 ἄκρου
1555 4547 1652 4617 τῆς
1687 4582 1730 4637 D

111 4627 210 4697 γῆς’
246 4633 336 4684 καὶ
362 4632 515 4686 ἔσται
539 4633 680 4704 αὕτη
704 4635 913 4706 εἰρήνη·
946 4654 965 4686 ι
1007 4629 1051 4703 ᾧ
1086 4635 1295 4706 συνᾴδει
1324 4636 1383 4689 τὸ
1414 4639 1471 4690 ὲν
1502 4638 1654 4691 Ψαλ-

113 4723 208 4787 μοῖς
228 4724 428 4790 φάσκον
464 4729 593 4798 περὶ
622 4727 717 4781 τοῦ
748 4727 986 4799 Χριστοῦ
1008 4727 1204 4806 λόγιον*
1237 4747 1255 4779 ι
1302 4729 1567 4784 Ἀνατελεί
1595 4735 1656 4786 ἐν

108 4815 205 4877 ταῖς
228 4818 458 4889 ἡμέραις
479 4818 643 4872 αὑτοῦ
662 4818 997 4890 δικαιοσύνη,
1022 4820 1115 4873 καὶ
1134 4818 1336 4891 πλῆθος
1356 4823 1593 4895 εἰρήνης.
1629 4842 1648 4874 ›

108 4903 181 4957 Διό
209 4924 293 4977 μοι
324 4909 471 4964 δοκεῖ
498 4910 684 4983 ἄρχων
715 4912 936 4983 εἰρήνης
976 4912 1033 4964 ὲν
1073 4912 1139 4981 τῇ
1187 4911 1294 4983 πρὸ
1323 4912 1522 4984 ταύτης
1550 4931 1655 4967 πα-

111 4999 362 5075 ρατεθείσῃ
391 5003 698 5075 προφητείᾳ
717 5002 1050 5073 ὠνομάσθαι.
1106 5004 1428 5074 Ἐπίστησόν
1458 5021 1522 5073 γε
1547 5004 1652 5077 μὴν

107 5086 207 5142 τίνα
223 5093 414 5163 τρόπον
436 5094 467 5145 ό
494 5093 630 5165 μετὰ
650 5096 836 5165 χεῖρας
857 5096 1143 5166 προφήτης
1165 5096 1258 5149 καὶ
1278 5094 1651 5160 ἐξελεύσεσθαι

112 5177 191 5244 μὲν
223 5180 279 5244 ἐξ
312 5182 557 5254 οὐρανῶν
588 5182 679 5236 τὸν
719 5182 922 5253 Κύριον
966 5184 1268 5255 ἀρχόμενος
1316 5184 1534 5256 ἔφησεν,
1586 5187 1648 5239 ού

108 5271 337 5344 πρότερον
368 5275 426 5343 δὲ
462 5277 747 5345 ποιμανεῖν
778 5276 905 5339 τοὺς
937 5275 1277 5348 ἀνθρώπους.
1314 5277 1348 5349 ἢ
1386 5276 1650 5349 γεννηθῆ-

108 5376 178 5415 ναι
198 5364 280 5418 τὸν
307 5365 693 5436 θεσπιςόμενον
724 5369 783 5420 ὲν
815 5370 884 5438 τῇ
913 5368 1177 5439 Βηθλεέμ·
1212 5369 1360 5432 ὅπως
1393 5367 1450 5422 δὲ
1478 5369 1652 5423 ταῦτα

109 5452 184 5508 ἐπὶ
202 5459 283 5512 τὸν
313 5460 541 5531 Σωτῆρα
573 5460 668 5513 καὶ
690 5460 893 5531 Κύριον
930 5460 1088 5531 ἡμῶν
1115 5461 1456 5533 ἐπεραιοῦτο,
1483 5462 1653 5532 ἐμαρ-

108 5543 308 5618 τύρησεν
334 5552 364 5604 ὁ
395 5549 821 5622 Εὐαγγελιστὴς,
865 5553 932 5606 δι’
961 5546 1035 5607 ὧν
1075 5553 1443 5625 προεξεθέμην
1485 5552 1650 5605 αὑτοῦ

108 5636 297 5700 ςωνῶν.
323 5640 535 5719 Ποιμήν
571 5639 630 5694 δὲ
665 5642 758 5696 καὶ
792 5640 1091 5713 ἡγούμενος
1120 5644 1150 5696 ό
1178 5644 1412 5715 Χριστὸς
1438 5642 1649 5696 ἀναδει-

1774 2075 2009 2130 nifestus
2038 2091 2194 2130 mons
2222 2075 2457 2145 Domini,
2482 2084 2537 2131 et
2568 2076 2901 2131 festiuahunt
2933 2074 2999 2128 ad
3023 2074 3202 2143 ipsum
3237 2088 3338 2141 po-

1772 2166 1883 2234 puli
1915 2166 2094 2226 multi,
2124 2174 2178 2221 et
2224 2167 2379 2221 ibunt
2420 2175 2608 2238 gentes
2651 2168 2854 2229 multae,
2888 2177 2939 2221 et
2970 2166 3152 2221 dicent
3191 2184 3203 2219 :
3235 2163 3340 2220 Ve-

1772 2259 1904 2320 nite,
1956 2259 2319 2314 ascendamus
2378 2260 2433 2313 iu
2480 2268 2721 2314 montem
2754 2259 2970 2313 Domini
2997 2259 3066 2313 ⁷⁸.
3107 2277 3124 2309 ι
3160 2257 3339 2323 Quaro

1770 2351 1998 2422 posthac
2030 2351 2122 2404 ubi
2146 2367 2269 2406 eum
2298 2352 2395 2422 qui
2436 2358 2520 2405 est
2543 2359 2667 2405 ante
2696 2351 2895 2405 sarcula
2929 2351 2996 2404 de
3026 2350 3338 2404 Bethlehem

1771 2456 2116 2511 egressurum
2147 2440 2439 2503 nuntiavit,
2484 2455 2591 2493 non
2625 2440 2725 2494 soli
2756 2438 2922 2495 Israel
2955 2439 3211 2507 amplius,
3242 2435 3338 2490 sed

1771 2533 2056 2587 confertim
2089 2533 2341 2586 omnibus
2386 2532 2639 2600 gentibus
2670 2546 2840 2597 usque
2862 2529 2927 2583 ad
2954 2536 3195 2584 extrema
3229 2535 3338 2581 ter-

1771 2637 1846 2676 rte
1896 2623 2047 2676 illum
2079 2623 2471 2691 imperaturum
2504 2620 2753 2674 afﬁrmat.
2791 2620 2928 2674 Dicit
2958 2619 3122 2688 igitur
3161 2636 3173 2671 :
3214 2634 3232 2666 ι
3273 2615 3339 2668 Et

1771 2716 1959 2772 stabit.
1993 2724 2047 2770 et
2075 2714 2300 2778 videbit,
2322 2722 2377 2769 et
2400 2722 2587 2783 pascet
2617 2728 2833 2783 gregem
2856 2729 3014 2767 suum
3039 2712 3093 2765 iu
3124 2711 3339 2765 fortitu-

1770 2808 1898 2865 dine
1935 2807 2220 2875 Dominus,
2245 2815 2299 2862 et
2321 2807 2376 2860 in
2411 2806 2583 2877 gloria
2607 2804 2847 2860 nominis
2876 2802 3090 2857 Domini
3128 2802 3223 2857 Dei
3256 2803 3338 2873 ip-

1770 2916 1957 2957 sorum
2001 2900 2285 2955 exsistent.
2336 2898 2605 2964 Quoniam
2653 2910 2800 2950 nunc
2846 2894 3337 2965 magniﬁcabuntur

1771 3008 1946 3062 usque
1978 2992 2046 3046 ad
2069 3002 2311 3046 extrema
2338 3000 2497 3045 terra:
2532 3009 2547 3045 :
2579 2999 2634 3045 et
2661 2992 2766 3045 erit
2791 2989 2908 3043 haec
2936 3005 3040 3059 pax
3067 2988 3133 3043 7’.
3180 3006 3200 3039 ›
3236 2984 3337 3041 Cui

1768 3099 1935 3154 porro
1967 3084 2073 3137 erit
2100 3083 2214 3136 hmc
2246 3097 2373 3151 pax,
2405 3081 2514 3136 nisi
2542 3090 2700 3136 terra;
2754 3082 2811 3136 in
2869 3096 2976 3151 qua
3022 3079 3337 3151 magniﬁca--

1769 3176 1974 3231 buntur
2005 3190 2197 3246 greges
2232 3172 2484 3227 Domini?
2538 3174 2595 3227 Id
2646 3174 2822 3243 ipsum
2856 3179 3057 3234 autem,
3088 3186 3247 3241 quem
3276 3169 3335 3224 ﬁ-

1769 3286 1891 3325 nem
1924 3270 2175 3326 sortitum
2208 3269 2278 3323 sit
2307 3276 2431 3339 post
2467 3266 2768 3322 Salvatoris
2797 3267 2969 3322 nostri
3000 3264 3129 3321 Jcsu
3179 3264 3340 3319 Chri—

1768 3363 1838 3418 sti
1866 3363 2183 3424 adventum,
2220 3360 2423 3414 nemini
2474 3360 2769 3415 obscnrum
2798 3375 2919 3414 esse
2951 3364 3129 3429 potest
3161 3376 3173 3410 :
3209 3371 3338 3409 nam

1767 3471 1890 3509 cum
1920 3464 2046 3508 ante
2074 3454 2219 3507 hunc
2248 3453 2563 3514 adventum,
2599 3451 2903 3522 principum
2951 3459 3096 3505 esset
3148 3450 3332 3502 multi—

1766 3545 1920 3608 tudo,
1956 3553 2010 3600 et
2032 3546 2297 3598 universae
2323 3550 2509 3612 gentes
2584 3552 2678 3595 aut
2706 3543 2808 3596 suh
2850 3542 3119 3612 tyrannis,
3154 3550 3249 3593 aut
3281 3540 3335 3593 in

1766 3646 1909 3691 statu
1940 3635 2186 3706 populari
2218 3639 2401 3688 essent
2430 3632 2757 3693 constitutae,
2791 3638 2848 3684 ut
2879 3630 3085 3684 nullum
3116 3630 3258 3683 inter
3279 3643 3338 3683 si}

1765 3728 2148 3782 commercium
2174 3710 2420 3777 homines
2442 3720 2726 3787 haberent,
2744 3724 2835 3777 sed
2857 3722 3142 3792 privatim:
3160 3736 3325 3776 cxem

1766 3815 1838 3885 pli
1865 3815 2062 3886 gratia,
2088 3812 2228 3882 apud
2257 3809 2548 3881 IEgyptios
2588 3829 2722 3867 suus
2764 3813 3016 3883 princeps
3062 3820 3335 3881 regnaret,

1763 3908 1907 3977 apud
1934 3907 2142 3961 Arabas
2172 3907 2300 3962 item
2330 3923 2488 3975 suus,
2518 3906 2659 3977 apud
2690 3905 2979 3970 ldumzeos,
3023 3902 3333 3965 thnicas,

1760 3997 1921 4070 345
1970 3996 2138 4068 Syros
2184 3999 2427 4069 aliasque
2461 3999 2589 4053 item
2642 4006 3119 4068 gentes;cumque
3147 4005 3337 4066 gentes

1761 4091 2019 4146 adversus
2035 4098 2299 4161 gentes,et
2311 4091 2559 4145 civitates
2573 4090 2835 4145 adversus
2851 4090 3096 4143 civitates
3110 4102 3335 4142 consur-

1757 4182 2387 4252 gerent,ohsidionesque
2404 4181 2820 4237 innumerabiles
2834 4188 2886 4235 et
2902 4180 3332 4248 captivitatespcr

1760 4285 1971 4326 omnem
1993 4274 2167 4327 locum
2187 4288 2251 4327 ac
2267 4273 2537 4343 regionem
2560 4272 2886 4333 fierent,tum
2904 4286 3029 4324 vero
3048 4268 3137 4324 ubi
3156 4267 3335 4323 Salva-

1759 4369 1845 4417 tor
1873 4372 2057 4418 noster
2077 4379 2141 4418 ac
2164 4363 2423 4419 Dominus
2455 4364 2649 4427 adfuit,
2682 4378 2787 4416 una
2812 4379 2933 4417 cum
2960 4363 3105 4417 illius
3133 4361 3201 4415 ad
3235 4361 3335 4414 ho:

1758 4455 1937 4509 mines
1969 4453 2229 4518 adventu,
2258 4455 2375 4524 jam
2429 4463 2545 4509 tum
2595 4455 2771 4524 primo
2811 4453 3180 4506 Romanorum
3222 4451 3335 4506 Au-

1761 4554 1918 4615 gusto
1950 4546 2233 4616 imperium
2278 4547 2335 4600 in
2366 4547 2518 4601 orbis
2564 4547 2815 4600 nationes
2853 4546 3154 4608 obtinente,
3186 4544 3334 4599 solu-

1758 4642 1848 4688 tus
1877 4634 2025 4690 illico
2054 4644 2137 4690 est
2167 4635 2258 4690 ille
2305 4636 2583 4706 multiplex
2611 4635 2967 4705 principatus,
2999 4644 3051 4689 et
3077 4650 3181 4704 pax
3212 4633 3336 4687 uni-

1758 4742 1971 4782 versam
2024 4735 2222 4783 tcrram
2280 4728 2511 4798 accepit,
2564 4728 2614 4782 ei
2673 4729 2973 4799 pr0phctia‘
3026 4743 3147 4797 qua:
3187 4741 3335 4781 nunc

1759 4822 2025 4870 tractatur
2047 4817 2410 4881 concordans,
2445 4819 2787 4888 apertissime
2826 4818 2892 4873 de
2928 4818 3133 4871 Christi
3165 4816 3334 4871 disci—

1757 4908 1900 4978 pulis
1933 4907 2133 4961 dicenti
2157 4927 2168 4962 :
2208 4926 2226 4958 ι
2251 4908 2517 4973 Quoniam
2542 4924 2687 4963 nunc
2714 4910 3205 4980 magnificahuutnr
3244 4923 3334 4962 us-

1756 5015 1863 5069 que
1903 4998 1969 5053 ad
2001 5007 2303 5054 extremum
2348 5007 2540 5055 terrm:
2587 5012 2639 5055 et
2684 5002 2786 5056 erit
2844 5002 2955 5055 haec
3024 5016 3149 5070 pax.
3194 4998 3333 5052 nCui

1756 5096 2183 5144 consentaneum
2208 5091 2451 5160 estquod
2482 5089 2789 5164 in‘Psalmis
2812 5092 3008 5161 legitur
3024 5092 3088 5143 de
3112 5089 3333 5142 Christo

1722 5182 2060 5246 .oraculum,
2091 5182 2307 5237 dicens:
2347 5201 2366 5233 ι
2398 5181 2616 5238 Orietur
2644 5184 2697 5237 in
2734 5183 2924 5237 diebus
2968 5182 3084 5244 eius
3117 5178 3330 5249 justitia

1755 5283 1810 5332 et
1840 5276 2170 5331 abundantia
2200 5276 2351 5348 pacis
2368 5276 2437 5331 ⁸ο.
2466 5296 2483 5326 ι
2528 5276 2605 5330 Ex
2643 5292 2751 5346 quo
2778 5276 2909 5329 mihi
2942 5274 3156 5327 videtur
3180 5274 3330 5341 priu-

1754 5381 1882 5436 ceps
1932 5366 2084 5437 pacis
2113 5366 2166 5419 in
2195 5380 2279 5429 ea,
2332 5381 2452 5436 quae
2499 5366 2745 5435 proxime
2777 5366 3020 5433 exposita
3054 5369 3158 5422 est.
3198 5376 3329 5430 pro-

1758 5459 1937 5529 phetia
1972 5458 2264 5513 nominari.
2299 5459 2685 5513 Animadverte
2717 5465 2922 5521 tamen,
2949 5469 3156 5527 quaeso,
3189 5467 3328 5524 quo—

1756 5564 1881 5602 nam
1923 5557 2083 5617 pacto
2118 5548 2165 5604 is
2203 5548 2272 5605 de
2308 5565 2418 5619 quo
2451 5566 2596 5605 nunc
2636 5550 2848 5620 agimus
2893 5547 3175 5619 propheta,
3219 5544 3328 5598 Do-

1756 5640 1963 5696 minum
1993 5641 2059 5696 de
2079 5642 2218 5696 cmlo
2244 5658 2591 5712 egressurum
2623 5642 2779 5697 initio
2804 5642 2901 5708 ait,
2938 5656 3002 5697 ac
3032 5656 3139 5697 non
3172 5639 3327 5714 prius

167 5728 207 5759 "
229 5728 363 5786 Micb
410 5749 453 5796 ι,
484 5732 542 5798 2,
584 5733 639 5788 5.
678 5788 684 5793 ,
714 5734 759 5765 ⁷⁷
799 5732 933 5788 ibid.
969 5733 1021 5787 5.
1096 5734 1143 5767 ⁷⁸
1174 5733 1337 5789 Mich.
1368 5752 1441 5799 tv,
1483 5735 1533 5799 ί,
1566 5735 1620 5790 2.

1766 5734 1915 5791 Hicb.
1951 5752 2005 5803 v,
2038 5735 2091 5798 4,
2125 5734 2177 5789 5.
2253 5736 2297 5767 ⁸⁸
2332 5734 2476 5791 Psal.
2506 5752 2655 5801 Lxxt,
2689 5737 2738 5789 7.

168 5822 232 5893 (ι,
252 5822 740 5897 Typograpborum
772 5825 987 5884 incuria
1017 5825 1362 5887 intercidisse
1393 5828 1610 5887 videtur
1633 5846 1662 5883 τ

1781 5826 1925 5897 quod
1958 5826 2227 5885 referatur
2259 5827 2328 5884 ad
2354 5828 2676 5901 παρουσίαν.
2706 5827 2869 5889 Enn.
