3894 6540
573 399 679 457 6'53

1281 397 1553 454 EUSEBII
1592 399 2071 458 C£SARIENSlS
2108 401 2256 459 OPP.
2293 401 2473 457 PARS
2507 401 2568 457 Il.
2605 432 2675 443 --
2710 402 3208 464 APOLOGETICA.

3694 416 3778 475 ΞΝ

569 528 699 585 erga
752 513 1002 569 homines
1054 512 1290 583 pastoris
1341 510 1518 571 otticio
1584 512 1924 582 functorum,
1986 529 2096 585 qua

2207 528 2223 578 ι
2254 514 2548 585 χθήσεσθαι
2577 514 2671 569 τοῦ
2724 517 2943 590 Ἰσραὴλ
2984 518 3218 589 εἴρηται,
3263 520 3504 592 συνήθως
3535 525 3627 594 τῆς
3660 508 3778 601 ἱεράς

568 603 830 662 nascetur
861 607 907 661 is
935 605 1024 675 qui
1052 620 1080 658 a
1115 604 1399 673 prophetis
1422 605 1671 673 canitur,
1705 606 1759 661 in
1791 605 2144 664 Bethlehem:

566 699 844 771 quomodo
880 713 1009 752 vero
1040 697 1155 752 haec
1190 697 1245 751 in
1289 695 1577 754 Salvatore
1607 713 1673 754 ac
1703 698 1934 754 Domino
1962 703 2149 756 termi-

566 799 692 845 nata
727 791 858 846 sint.
892 788 1206 845 testimonio
1247 806 1348 843 suo
1392 791 1616 861 planum
1663 791 1789 847 fecit
1813 793 2143 863 evangelista

566 883 621 936 in
653 882 721 937 iis
753 882 950 947 verbis,
983 897 1105 951 quae
1126 883 1195 936 ab
1227 882 1319 936 illo
1341 898 1517 952 nuper
1556 882 1832 952 accipiens
1860 886 2139 955 proposui.

448 955 459 961 ”
561 970 757 1027 Pastor
798 980 979 1026 autem
1023 973 1211 1027 etdux
1241 973 1415 1043 ipsius
1469 973 1638 1028 Israel
1663 974 2031 1032 declarandos
2056 976 2143 1031 di-

558 1063 704 1120 citur
751 1065 1025 1129 Christus,
1084 1081 1209 1121 cum
1256 1068 1371 1122 haec
1418 1080 1699 1121 sacrarum
1731 1068 2034 1122 litterarum
2067 1070 2139 1124 sit

558 1154 920 1216 consuetudo,
955 1163 1014 1208 ut
1056 1158 1381 1210 sententiam
1424 1156 1809 1225 sequentibus,
1842 1171 2031 1211 verum
2057 1155 2138 1211 ls-

558 1249 669 1301 rael
705 1248 988 1301 nominent
1023 1263 1239 1300 onmem
1289 1263 1412 1301 enim
1458 1249 1550 1318 qui
1587 1247 1942 1317 contemplari
1977 1247 2135 1302 facile

554 1343 751 1410 possit,
785 1350 838 1395 et
870 1350 1078 1411 gratam
1114 1339 1223 1395 Deo
1252 1344 1416 1394 vitam
1452 1347 1742 1410 sequatur:
1780 1340 1922 1394 sicut
1949 1354 1980 1394 e
2001 1354 2135 1394 con-

552 1437 723 1488 trario
746 1433 963 1489 Judaeos
984 1442 1103 1503 post
1126 1442 1433 1503 peccatum,
1460 1432 1821 1495 Chananteos,
1844 1440 1897 1487 et
1915 1447 2125 1495 semen,

548 1537 659 1579 non
705 1523 865 1585 Juda,
900 1525 994 1580 sed
1022 1526 1304 1591 Chanaan,
1335 1536 1392 1581 et
1434 1527 1710 1596 principes
1762 1523 2126 1579 Sodomorum

547 1623 604 1671 et
630 1618 888 1688 pOpulum
935 1617 1253 1673 Gomorrlue
1299 1619 1368 1673 ad
1413 1633 1594 1674 mores
1631 1619 1849 1673 illorum
1878 1616 2128 1671 alluden-

549 1718 634 1762 tes
665 1724 863 1763 vocare
893 1710 1067 1764 solitae
1099 1718 1224 1763 sunt
1250 1728 1262 1764 :
1299 1710 1503 1780 alioqui
1544 1724 1675 1764 vero
1705 1710 1870 1763 etiam
1905 1708 1973 1763 ad
1999 1723 2124 1762 ver-

2261 605 2482 677 Γραφῆς
2509 604 2599 660 τὸν
2632 603 2806 677 ἀληθῆ
2852 606 3065 678 Ἰσραὴλ
3100 607 3240 660 κατὰ
3267 608 3503 662 διάνοιαν
3531 613 3688 668 πάντα
3707 619 3776 675 τόν

2246 696 2571 770 διορατικὸν,
2604 696 2699 750 καὶ
2728 696 2936 768 ἀρετῶς
2967 697 3086 768 Θεῷ
3117 697 3336 769 βιοῦντα
3358 702 3772 779 ὲπονομιαιζόύσης⁹

2244 788 2320 852 ὡς
2357 787 2589 861 ἔμπαλιν
2628 789 2754 851 τοὺς
2784 789 2849 841 ὲκ
2889 789 3212 861 περιτομῆς,
3244 790 3398 845 ὁπόθ’
3439 794 3771 867 ἁμαρτάνοιεν,

2242 880 2577 944 Χαναναίους
2606 883 2700 935 καὶ
2730 881 2951 953 σπέρμα
2978 881 3235 952 Χαναὰμ,
3258 883 3351 936 καὶ
3375 884 3476 937 οὐκ
3514 886 3682 951 Ἰούδα,
3706 891 3774 962 ἆρ-

2241 975 2434 1043 χοντάς
2462 990 2522 1026 τε
2546 973 2815 1043 Σοδόμων,
2838 973 2933 1027 καὶ
2962 970 3088 1025 λαὸν
3118 973 3158 1025 Γ
3159 974 3422 1046 ομόρρας,
3451 976 3684 1047 ἐμφερῶς
3700 981 3771 1032 αὕ-

2239 1064 2349 1117 τῶν
2383 1067 2494 1128 τοῖς
2515 1064 2738 1136 τρόποις
2761 1065 3159 1134 ἀποκαλούσης.
3187 1064 3393 1129 ’Ἄλλως
3413 1066 3468 1119 δὲ
3492 1068 3622 1138 πρὸς
3640 1067 3768 1135 λέξιν,

2237 1158 2272 1227 ὴ
2306 1158 2455 1209 πᾶσα
2484 1156 2579 1210 τοῦ
2612 1156 2863 1228 Σωτῆρος
2893 1156 3048 1228 ήμῶν
3088 1155 3340 1229 διατριϐὴ
3380 1158 3533 1230 παρὰ
3567 1158 3639 1230 τῷ
3671 1161 3770 1214 Ἰον-

2233 1245 2396 1300 δαίων
2430 1246 2573 1300 ἔθνει
2604 1248 2815 1316 γέγονε,
2840 1248 2933 1301 καὶ
2968 1246 3174 1301 πολλῶν
3200 1265 3263 1317 γε
3290 1247 3383 1301 τοῦ
3435 1249 3639 1321 Ἰσραὴλ
3664 1253 3771 1323 ήγή-

2235 1355 2385 1401 σατο,
2432 1339 2543 1391 ὅσοι
2589 1337 2652 1410 δὴ
2697 1337 2937 1408 ἔγνωσαν
2983 1338 3165 1403 αὐτὸν,
3212 1339 3307 1393 καί
3343 1341 3424 1404 είς
3457 1341 3613 1395 αὑτὸν
3644 1359 3768 1395 πεπι-

2232 1431 2495 1486 στεύκασι
2534 1430 2641 1485 τῶν
2671 1433 2735 1485 ὲκ
2768 1418 3249 1504 περιτομῆς.’Καὶ
3279 1432 3340 1486 τὸ
3376 1432 3475 1504 μὲν
3518 1434 3612 1504 τῆς
3651 1435 3767 1487 ἐκτε-

2229 1522 2415 1595 θείσης
2444 1524 2802 1599 προρρήσεως
2833 1522 3086 1595 τοιαύτην
3124 1522 3315 1595 είληφε
3340 1524 3440 1596 τὴν
3469 1523 3693 1579 ἔκϐασιν
3716 1525 3767 1579 τὰ

2226 1616 2283 1670 δὲ
2316 1616 2441 1687 ἑξῆς
2462 1618 2556 1685 ἀφ’
2574 1617 2770 1688 ἐτέρας
2790 1616 3161 1685 ἀναγνωστέον
3180 1614 3375 1688 ἀρχῆς,
3399 1614 3575 1681 οὕτως
3595 1616 3761 1687 ἔχοντα·

2229 1722 2248 1755 ι
2299 1704 2580 1776 Ἀσσύριος
2599 1705 2727 1758 ὅταν
2748 1703 2950 1776 ἐπέλθῃ
2980 1705 3072 1757 ἐπὶ
3096 1704 3195 1777 τὴν
3225 1706 3327 1776 γῆν
3358 1706 3538 1776 ὑμῶν,
3568 1709 3651 1759 καὶ
3669 1708 3764 1759 ὅταν

547 1800 675 1855 bum
705 1801 1211 1871 interpretantibus.
1243 1805 1424 1857 omnis
1453 1801 1757 1875 Salvatoris
1786 1802 1962 1859 nostri
1996 1802 2096 1857 vita

2225 1796 2387 1869 ἐπιϐῇ
2423 1797 2514 1849 ἐπὶ
2552 1796 2650 1869 τὴν
2682 1795 2864 1869 χώραν
2898 1797 3073 1868 ὑμῶν,
3106 1798 3201 1850 καὶ
3226 1798 3675 1871 ὲπεγερθήσονται
3698 1802 3765 1852 ἐπ’

544 1896 889 1949 consuetudo
921 1895 1064 1966 apud
1094 1894 1377 1950 Judaicam
1423 1903 1638 1966 gentem
1683 1874 1804 1959 l'uit,
1836 1902 1890 1951 et
1920 1896 2091 1949 multo

2222 1888 2380 1941 αὑτὸν
2405 1887 2545 1941 ἑπτὰ
2570 1888 2845 1960 ποιμένες,
2870 1889 2962 1942 καὶ
2985 1887 3129 1943 ὀκτὼ
3148 1889 3399 1960 δήγματα
3420 1889 3720 1963 ἀνθρώπου,
3745 1912 3760 1941 ι

543 1999 662 2038 rum
721 2002 787 2039 ex
823 1984 988 2041 Israel
1017 1987 1127 2042 dux
1184 1987 1415 2050 exstitit,
1475 2004 1664 2042 eorum
1726 1987 1978 2042 videlicet
2022 2003 2094 2057 qu

2220 1983 2315 2035 καὶ
2345 1979 2414 2034 τὰ
2449 1980 2658 2044 τούτοις
2692 1980 2978 2034 ἀκόλουθαο
3028 1980 3063 2035 ἃ
3103 1982 3198 2035 καὶ
3242 1982 3429 2045 ὁποίας
3476 1979 3656 2053 ἔχεται
3680 1983 3765 2035 δια⁸

542 2075 717 2143 ipsum
743 2088 1099 2146 agnoverunt,
1121 2087 1285 2147 atque
1305 2094 1371 2132 ex
1400 2077 1825 2137 circumcisione
1854 2078 1907 2131 in
1936 2077 2096 2147 ipsun

2217 2074 2387 2137 νοίας,
2411 2074 2471 2126 οὐ
2502 2072 2595 2126 τοῦ
2626 2072 2889 2144 παρόντος
2910 2073 3169 2144 τυγχάνει
3192 2074 3552 2145 διηγήσασθαι
3589 2074 3761 2143 καιροῦ.

538 2167 910 2230 crediderunt,
936 2177 989 2222 et
1022 2170 1073 2223 id
1105 2169 1326 2240 quidem
1368 2169 1515 2239 quod
1549 2169 1616 2222 ad
1646 2169 1957 2238 expositum
1989 2183 2096 2223 ora-

2217 2165 2376 2221 Εἴποι
2407 2165 2453 2218 δ’
2482 2165 2546 2220 ἄν
2582 2183 2668 2229 τις
2693 2164 2831 2245 μετὰ
2855 2164 2950 2237 τὴν
2986 2166 3285 2237 Ἀσσυρίων
3311 2169 3389 2230 είς
3409 2166 3506 2238 τὴν
3540 2166 3763 2219 Ἰουδαίαν

535 2259 718 2312 culum
749 2262 1003 2329 pertinet,
1041 2262 1200 2315 talem
1253 2261 1459 2316 exitum
1510 2262 1736 2329 invenit;
1773 2277 1895 2330 qua:
1931 2269 2096 2315 auten

2215 2256 2527 2327 ἐπιδημίαν,
2562 2256 2682 2309 καθ’
2715 2256 2783 2327 ἢν
2817 2250 2958 2309 εἷλον
2990 2255 3051 2309 τὸ
3093 2256 3363 2311 Ἰουδαίων
3396 2256 3564 2322 ἔθνος,
3609 2257 3762 2311 τοσαύ-

534 2360 841 2421 sequuntur
865 2353 1036 2407 altero
1059 2361 1344 2425 assumpto
1366 2354 1523 2408 initio
1553 2354 1780 2424 legenda
1807 2361 1958 2417 sunt,
1990 2368 2096 2423 qua

2210 2365 2311 2412 τας
2356 2349 2754 2412 ἐπαναστάσεις
2807 2350 2926 2402 κατ’
2976 2348 3156 2402 αὐτῶν
3202 2349 3506 2418 γεγονέναι,
3542 2350 3659 2402 ὅσαι
3691 2349 3762 2418 δη-

529 2442 611 2497 sic
640 2444 857 2513 quidem
893 2460 953 2500 se
1001 2445 1233 2500 habent:
1279 2464 1296 2495 ι
1322 2445 1583 2516 Assyrius
1629 2459 1754 2499 cum
1802 2444 2012 2499 venerit
2052 2444 2096 2498 in

2210 2436 2428 2491 λοῦνται
2459 2437 2547 2491 διὰ
2588 2438 2696 2490 τῶν
2741 2437 2881 2491 ἑπτά
2931 2439 3203 2510 ποιμένων
3241 2440 3335 2493 καὶ
3372 2438 3461 2492 διὰ
3501 2439 3612 2492 τῶν
3648 2439 3760 2493 ὀκτὼ

526 2540 729 2589 terram
765 2545 1023 2601 vestram,
1073 2546 1128 2593 et
1181 2554 1306 2593 cum
1358 2536 1668 2595 ascenderit
1719 2535 1774 2589 in
1826 2537 2096 2605 regionem

2208 2530 2522 2601 δηγμάτων
2547 2529 2723 2583 ταῦτα
2747 2530 2803 2583 δὲ
2830 2529 3088 2584 δύνασθαι
3110 2530 3306 2585 είδέναι
3331 2530 3461 2594 τοὺς
3488 2530 3557 2583 τὰ
3605 2531 3759 2584 Ἀσσν·

525 2637 785 2690 vestram,
819 2631 1208 2684 excitabuntur
1238 2630 1290 2683 in
1324 2630 1476 2682 illum
1515 2634 1723 2696 septem
1756 2635 2026 2695 pastores,
2049 2632 2096 2680 el

2209 2622 2338 2695 ρίων
2377 2622 2751 2694 ἱστορηκότας,
2787 2618 2860 2676 ὧν
2892 2622 2984 2675 ἐπὶ
3024 2622 3167 2675 τέλει
3199 2623 3292 2676 τὸν
3328 2624 3393 2676 ὲκ
3419 2623 3520 2693 τῆς
3546 2622 3758 2694 Βηθλεὲμ

521 2725 647 2773 Orto
697 2735 913 2776 morsus
964 2721 1247 2776 hominum
1274 2723 1344 2786 ⁸⁸,
1377 2742 1396 2773 ι
1454 2729 1509 2775 et
1557 2720 1802 2789 reliqua;
1845 2732 1968 2787 quae
1995 2732 2096 2787 quo

2207 2715 2679 2785 προφητευόμενον
2713 2714 3013 2782 γεγονέναι,
3064 2714 3205 2768 κατὰ
3246 2715 3373 2778 τοὺς
3410 2714 3550 2768 ἑπτά
3590 2714 3759 2787 δηλαδὴ

521 2824 691 2866 sensu
740 2811 853 2865 sint
905 2812 1247 2881 accipienda,
1308 2827 1417 2865 non
1470 2819 1555 2866 est
1602 2825 1750 2864 nunc
1805 2807 2096 2862 enarrandi

2207 2807 2469 2876 ποιμένας
2505 2806 2600 2859 καὶ
2627 2806 2695 2860 τὰ
2723 2804 2865 2859 ὀκτὼ
2890 2807 3143 2877 δήγματα
3164 2809 3276 2870 τοῖς
3315 2806 3624 2878 Ἀσσυρίοις
3648 2822 3755 2874 συμ-

520 2897 698 2955 locus.
765 2900 974 2955 Dixerit
1024 2912 1203 2957 autem
1253 2903 1528 2971 quispiam
1585 2909 1707 2971 post
1748 2902 2096 2971 Assyriorum

2208 2899 2378 2955 ϐάντα
2410 2900 2465 2952 ὲν
2496 2899 2741 2969 ὑστέροις
2761 2898 2974 2969 χρόνοις
2994 2899 3092 2969 τῆς
3110 2900 3188 2961 εἰς
3206 2899 3305 2969 τὴν
3337 2897 3592 2951 Ἰουδαίαν
3612 2897 3755 2950 αὐτῶν

521 2992 575 3044 in
609 2990 853 3046 Iudaeam
888 2994 1203 3057 adventum,
1242 2995 1406 3067 346
1440 3011 1550 3064 quo
1593 2993 1817 3048 Judaica
1852 3009 1986 3064 gens
2029 2994 2096 3047 ab

2207 2992 2418 3059 ἐφόδου.
2456 2990 2642 3045 Ταῦτα
2678 2991 2733 3044 δὲ
2777 2991 3035 3063 πλείστης
3058 2992 3286 3064 ἐρεύνης
3320 2991 3571 3063 δεόμενα,
3601 2992 3656 3044 οὐ
3682 2988 3753 3042 νῦν

518 3081 628 3139 illis
661 3093 819 3154 capta
860 3095 968 3146 est,
1001 3093 1111 3139 tam
1158 3089 1358 3142 multas
1413 3088 1760 3142 incursiones
1806 3094 1970 3155 atque
2011 3085 2096 3139 in-

2207 3082 2678 3155 πολυπραγμονεῖν
2707 3083 2917 3155 καιρός.

514 3179 774 3235 solentias
808 3189 999 3235 contra
1050 3182 1171 3237 illos
1204 3183 1505 3246 exstitisse,
1534 3199 1696 3253 quam
1747 3185 1929 3237 multa:
2006 3188 2213 3252 septem
2256 3181 2571 3250 pastoribus
2620 3187 2675 3235 et
2721 3190 2847 3236 octo
2910 3180 3190 3236 morsibus
3243 3180 3576 3237 indicantur.
3648 3180 3750 3235 liae

513 3278 696 3326 autem
758 3274 887 3327 sciri
930 3289 1090 3343 posse
1159 3276 1227 3328 ab
1276 3275 1345 3330 iis
1378 3277 1471 3334 qui
1519 3292 1607 3330 res
1645 3276 1998 3347 Assyriorum
2056 3276 2334 3329 memoria
2383 3272 2722 3344 prodiderint
2767 3292 2782 3328 :
2851 3289 3085 3344 quorum
3138 3285 3262 3346 post
3312 3276 3499 3341 linem,
3548 3293 3665 3332 eum
3699 3277 3754 3330 de

508 3384 620 3438 quo
653 3369 934 3440 prophetae
976 3371 1280 3439 loquuntur
1318 3372 1387 3427 de
1425 3371 1737 3427 Bethlchem
1789 3373 2086 3433 exstitisse,
2131 3377 2254 3440 post
2290 3381 2497 3439 septem
2524 3368 2777 3423 videlicet
2806 3380 3056 3440 pastores
3087 3380 3141 3424 et
3172 3379 3297 3440 post
3363 3379 3491 3425 octo
3553 3385 3747 3425 morsa:

508 3461 601 3530 qui
668 3460 925 3533 Assyrios
973 3464 1292 3530 invaserint,
1340 3466 1678 3536 temporibus
1730 3481 1851 3536 quae
1915 3466 2130 3519 illorum
2199 3464 2255 3518 in
2299 3462 2542 3518 Iudicum
2596 3478 2879 3518 accessum
2936 3465 3232 3521 subsecuta
3289 3472 3439 3521 sunt.
3480 3462 3748 3527 Caeterum,

507 3555 624 3611 haec
672 3556 962 3627 plurimam
995 3561 1331 3630 postnlantia
1358 3561 1786 3636 indagationem,
1818 3576 1927 3615 non
1973 3569 2058 3615 est
2099 3575 2250 3614 nunc
2278 3561 2558 3613 curiosius
2580 3558 2903 3627 explorandi
2931 3566 3167 3630 tempus.

502 3693 549 3748 Α
573 3694 782 3763 psalmo
817 3711 1003 3778 cxa‘xt:
1039 3728 1109 3737 —
1137 3698 1408 3778 Quaerenti
1432 3698 1644 3778 LDavid
1700 3701 1945 3778 quisnam
2001 3702 2079 3755 to-

2207 3699 2347 3778 Ἀπξὸ⁸
2379 3697 2627 3778 mulget:
2659 3697 2797 3778 ρλαέ
2815 3730 2884 3739 --
2908 3699 3070 3765 Πυθο

572 3781 667 3819 cus
712 3776 847 3839 esset
891 3766 1151 3837 Ephrata,
1186 3773 1241 3822 in
1283 3787 1387 3839 qua
1426 3769 1563 3825 Deus
1609 3766 2004 3839 prténuntiatus
2049 3790 2082 3825 a

571 3837 840 3906 prophetis
892 3850 1218 3903 nosceretur,
1256 3837 1375 3906 ipsa
1419 3837 1707 3895 autemest
1755 3842 2079 3906 Betltleltem,

571 3921 666 3976 per
696 3905 953 3974 Spiritum
980 3923 1222 3963 sanctum
1257 3905 1653 3979 manilestatur.

577 4037 596 4069 ι
617 4017 911 4084 Memento,
948 4019 1198 4084 Domine,
1244 4021 1436 4088 David,
1466 4033 1520 4079 et
1549 4024 1727 4080 omnis
1757 4033 2082 4081 mansuetu-

500 4108 648 4166 dinis
670 4110 825 4180 ejus:
862 4112 1235 4184 sicutjuravit
1268 4112 1521 4177 Domino,
1559 4124 1747 4170 votum
1785 4118 1933 4172 vovit
1971 4117 2080 4172 Deo

496 4198 697 4256 Jacob:
748 4202 796 4258 si
849 4203 1114 4259 introiero
1149 4207 1203 4260 in
1235 4207 1648 4261 tabernaculum
1680 4206 1875 4263 domus
1922 4224 2076 4269 mete.

498 4292 546 4347 si
578 4293 879 4349 ascendero
907 4295 961 4350 in
998 4295 1200 4350 lectum
1245 4298 1405 4353 strati
1437 4298 1579 4353 mei:
1625 4298 1673 4353 si
1703 4297 1904 4353 dedero
1930 4313 2079 4352 som-

495 4402 627 4441 num
655 4388 831 4444 oculis
859 4389 1017 4452 meis,
1048 4400 1100 4444 et
1131 4390 1404 4460 palpebris
1425 4392 1559 4445 meis
1598 4390 2069 4456 dormitationem,

497 4476 576 4551 [et
614 4480 861 4550 requiem
894 4483 1233 4552 temporibus
1264 4483 1449 4557 tneis,]
1481 4483 1660 4539 donec
1692 4485 1965 4540 inveniam
1998 4485 2077 4539 lo-

492 4588 620 4627 cum
683 4572 940 4641 Domino,
1010 4577 1427 4630 tabernaculum
1488 4576 1599 4632 Deo
1662 4575 1853 4633 Jacob.
1935 4576 2076 4631 Ecce

492 4666 808 4722 audivimus
890 4682 1010 4723 eam
1094 4670 1149 4723 in
1233 4669 1493 4739 prrata,
1564 4670 1876 4724 invenimus
1953 4684 2072 4724 eam

492 4755 551 4811 in
616 4758 826 4828 campis
894 4758 1093 4829 sylva}:
1185 4760 1535 4816 introibimus
1599 4760 1657 4814 in
1718 4760 2075 4814 tabernacula

490 4848 636 4917 ejus,
678 4849 1032 4905 ador-abimus
1093 4851 1149 4905 in
1218 4853 1338 4907 loco
1407 4851 1499 4906 ubi
1561 4858 1831 4908 steterunt
1909 4852 2074 4921 pedes

488 4939 695 5009 ejus”.
750 4960 770 4993 ι
810 4940 949 4996 Tum
1034 4942 1291 5014 deinceps
1392 4944 1640 5015 adjungit
1687 4962 1700 4998 :
1778 4962 1797 4997 ι
1841 4943 2075 5013 Propter

3067 3696 3231 3766 μένῳ
3264 3695 3344 3761 τῷ
3374 3695 3574 3760 Δαϐὶδ,
3604 3700 3748 3761 ποῖος

2257 3771 2348 3838 ἄρ’
2375 3770 2467 3835 εἴη
2495 3772 2527 3822 ὁ
2555 3767 2668 3835 τῆς(
2694 3768 2799 3821 τοῦ
2833 3767 3398 3836 προκηρυττομένου
3430 3769 3578 3821 Θεοῦ
3604 3770 3745 3837 reis—

2254 3837 2408 3905 σεως
2430 3840 2629 3904 τόπος,
2659 3840 2698 3906 ἠ
2743 3837 3015 3908 Ἐφραθὰ,
3049 3839 3202 3905 αῦτη
3235 3838 3303 3891 δέ
3344 3839 3518 3892 ἐστιν
3548 3840 3584 3905 ἠ
3614 3841 3744 3902 Βηθ-

2251 3911 2418 3979 λεέμ,
2450 3909 2547 3963 διὰ
2578 3909 2680 3962 τοῦ
2714 3910 2874 3964 θείου
2904 3909 3252 3978 [Ινεὺματος
3289 3908 3657 3978 φανεροῦται.

2259 4043 2280 4073 ‹
2314 4020 2621 4092 Μνήσθητι,
2676 4018 2870 4091 Κύριε,
2918 4018 3014 4072 τοῦ
3074 4018 3259 4085 Δαϐὶδ,
3305 4018 3401 4073 καὶ
3444 4018 3625 4089 πάσης
3663 4016 3744 4085 τῆς

2182 4115 2488 4188 πραότητος
2528 4111 2714 4167 αὐτοῦ’
2757 4112 2833 4175 ὡς
2864 4111 3047 4183 ὤμοσε
3079 4111 3160 4183 τῷ
3196 4112 3410 4184 Κυρίῳ,
3458 4110 3653 4183 ηὕξατο
3676 4107 3742 4178 τῷ

2181 4207 2301 4278 Θεῷ
2337 4205 2550 4260 Ἰακώϐ·
2580 4205 2644 4258 Et
2672 4204 3047 4274 εἰσελεύσομαι
3067 4205 3149 4268 είς
3173 4206 3439 4274 σκήνωμα
3461 4203 3610 4256 οἴκου
3635 4216 3739 4272 μον,

2180 4302 2230 4354 εί
2262 4300 2605 4372 ἀναϐήσομαι
2653 4299 2747 4351 ἐπὶ
2785 4296 2972 4368 κλίνης
3020 4297 3312 4369 στρωμνῆς
3347 4313 3470 4368 μουο
3521 4299 3569 4349 εί
3609 4293 3739 4348 δώσω

2184 4393 2351 4447 ὕπνον
2394 4396 2509 4457 τοῖς
2552 4390 2849 4461 ὀφθαλμοῖς
2899 4407 3022 4460 μου,
3060 4390 3152 4443 καὶ
3184 4392 3300 4452 τοῖς
3334 4388 3626 4461 βλεφάροις
3653 4401 3736 4456 μου

2180 4485 2513 4555 νυσταγμὸν,
2541 4485 2649 4547 ἕως
2680 4477 2741 4536 οῦ
2771 4482 2918 4552 εὕρω
2950 4482 3114 4536 τόπον
3146 4482 3226 4552 τῷ
3257 4482 3469 4554 Κυρίῳ,
3501 4482 3736 4552 σκῇυωμσ

2177 4577 2257 4649 τῷ
2285 4577 2404 4648 Θεῴ
2445 4574 2655 4629 Ἰακώϐ.
2696 4575 2827 4630 Ἰδοὺ
2851 4573 3164 4646 ἠκούσαμεν
3194 4574 3362 4646 αὐτὴν
3394 4576 3453 4626 ὲν
3499 4572 3731 4644 Ἐφραθὰ,

2179 4670 2411 4741 εὕρομεν
2441 4667 2610 4738 αὐτὴν
2638 4668 2697 4719 ὲν
2718 4668 2830 4729 τοῖς
2852 4665 3053 4729 πεδίοις
3075 4665 3169 4719 τοῦ
3198 4665 3426 4737 δρυμοῦ·
3463 4664 3734 4719 samem-

2182 4759 2323 4830 μεθα
2366 4761 2447 4822 εἰς
2484 4756 2554 4811 τὰ
2604 4757 2937 4828 σκηνώματα
2977 4756 3167 4823 αὐτοῦ,
3200 4760 3647 4831 προσκυνήσομεν
3670 4759 3730 4818 εἰς

2174 4851 2268 4903 τὸν
2313 4851 2497 4915 τόπον,
2538 4843 2600 4902 οὕ
2644 4851 2876 4920 ἔστησαν
2920 4851 2970 4903 ot
3016 4850 3175 4914 πόδες
3217 4850 3406 4904 αὐτοῦ.
3443 4871 3462 4903 ι
3495 4848 3728 4917 Εἷθ“ἑξῆς

2177 4942 2436 5010 ἐπιλέγει·
2453 4959 2473 4994 ι
2486 4941 2711 4995 Ἕνεκεν
2728 4941 2891 4995 Δαὸὶδ
2911 4941 3005 4997 τοῦ
3026 4942 3211 4996 δούλου
3241 4960 3358 5007 σου,
3388 4942 3465 5014 μὴ
3491 4941 3727 5012 ἁποστρέο

489 5029 663 5087 David
711 5048 932 5089 servum
977 5041 1154 5102 tuum,
1214 5051 1285 5091 ne
1332 5043 1552 5092 avertas
1604 5037 1795 5092 faciem
1867 5035 2071 5091 Christi

2207 5049 2284 5108 νῃς
2322 5035 2385 5088 τὸ
2424 5035 2713 5109 πρόσωπον
2743 5033 2840 5087 τοῦ
2874 5033 3111 5105 Χριστοῦ
3156 5050 3269 5088 σου.
3318 5036 3525 5105 Ὠμοσε
3555 5034 3725 5104 Κύριος

488 5125 593 5182 tui.
634 5124 848 5182 Iuravit
910 5127 1171 5183 Dominus
1244 5126 1414 5183 David
1468 5128 1778 5193 veritatem,
1848 5134 1903 5184 et
1963 5144 2071 5182 non

488 5218 846 5274 frustrabitur
895 5234 1041 5284 eum,
1105 5222 1171 5276 de
1225 5219 1406 5275 fructu
1455 5221 1664 5275 ventris
1723 5220 1803 5274 tui
1870 5236 2070 5291 ponam

488 5325 656 5381 super
685 5310 871 5371 sedem
902 5318 1051 5366 tuam
1073 5313 1140 5367 ⁸³.
1170 5331 1188 5364 ι
1219 5311 1286 5365 Ει
1308 5310 1557 5383 adjungit
1581 5311 1669 5367 his
1692 5312 1820 5366 item
1846 5311 2067 5367 dicens:

490 5420 512 5455 ‹
542 5401 675 5458 Illuc
724 5404 1023 5474 producam
1072 5421 1245 5460 cornu
1298 5403 1489 5467 David,
1548 5405 1737 5475 paravi
1784 5405 2065 5460 lucernam

487 5491 710 5547 Christo
760 5510 912 5549 meo:
968 5495 1223 5550 inimicos
1269 5493 1391 5565 ejus
1435 5493 1658 5549 induam
1714 5494 2061 5558 confusione,

487 5599 655 5654 super
684 5584 862 5655 ipsum
901 5597 1080 5642 autem
1114 5586 1379 5643 cmorebit
1411 5577 1775 5642 sanctiﬁcatio
1807 5601 1925 5640 mea
1942 5584 2009 5640 ".
2039 5603 2056 5636 ι

486 5673 663 5729 Etiam
687 5676 802 5731 haec
835 5681 1118 5749 prophetia
1139 5694 1265 5734 cum
1299 5679 1580 5749 superiore
1605 5678 1923 5741 concordat,
1943 5692 2064 5749 quae

556 5830 597 5863 "
640 5833 802 5892 Mich.
828 5852 881 5899 v,
917 5836 969 5890 5.
1045 5838 1090 5867 "
1123 5835 1267 5891 Psal.
1309 5835 1431 5899 131,
1471 5836 1575 5890 1-7.
1653 5835 1698 5867 ⁸³
1733 5834 1866 5889 ibid.
1902 5836 1987 5900 10,
2036 5838 2122 5894 Η.

2175 5125 2340 5181 Δαὸὶδ
2380 5125 2661 5198 ἀλήθειαν,
2708 5128 2803 5181 καὶ⁸
2850 5128 2914 5179 οὐ
2961 5128 3036 5199 μὴ
3066 5127 3349 5200 ιὰθετήσει
3402 5128 3593 5182 αὐτόν’
3651 5125 3724 5178 Ἐκ

2171 5216 2386 5287 καρποῦ
2411 5217 2515 5288 τῆς
2539 5218 2749 5282 κοιλίας
2774 5236 2868 5271 σου
2899 5219 3135 5291 θήσομαι
3164 5222 3258 5274 ἐπὶ
3279 5220 3373 5273 τὸν
3391 5220 3575 5292 θρόνον
3598 5233 3717 5270 σουλ

2169 5311 2278 5363 Καὶ
2302 5311 2773 5383 ἐπιφέρειτούτοις
2793 5312 2983 5381 λέγων’
3023 5330 3043 5362 ί
3069 5314 3214 5367 Ἐκεῖ
3248 5314 3556 5380 ὲξανατελῶ
3584 5313 3724 5382 κέρας

2167 5401 2245 5472 τῷ
2285 5402 2471 5465 Δαϐὶδ,
2519 5403 2793 5474 ήτοίμασα
2828 5402 3019 5474 λύχνον
3066 5403 3147 5474 τῷ
3181 5404 3406 5476 Χριστῷ
3452 5420 3584 5476 μου’
3619 5405 3723 5461 τεὺς

2166 5493 2395 5568 ἐχθροὺς
2430 5496 2596 5551 αὑτοῦ
2641 5498 2844 5552 ἐνδύσω
2882 5497 3166 5569 αἰσχύνην,
3199 5501 3292 5553 ἐπὶ
3322 5499 3381 5555 δὲ
3408 5499 3568 5554 αὑτὸν
3594 5497 3721 5562 ἐξω-

2167 5586 2322 5658 θήσει
2355 5586 2416 5640 τὸ
2450 5587 2699 5661 ἀγίασμά
2728 5606 2847 5661 μου.
2881 5609 2899 5642 ι
2934 5590 3157 5661 Συνᾴδει
3188 5593 3254 5661 τῇ
3285 5591 3394 5661 πρὸ
3422 5591 3614 5660 ταύτης
3642 5586 3717 5639 καὶ

2165 5682 2200 5751 ἡ
2236 5680 2486 5752 παροῦσα
2521 5682 2844 5750 προφητεία.
2878 5683 2942 5736 ex
2974 5681 3221 5754 Βηθλεὲμ
3248 5682 3341 5737 τδν
3374 5676 3715 5755 me?”

2202 5838 2243 5869 "
2281 5836 2410 5892 ibid.
2456 5835 2542 5904 l7,
2590 5836 2673 5893 18.
