3894 6528
482 476 489 484 ’
548 424 655 520 δὴ
940 436 949 445 .
1218 416 1483 508 EUSEBll
1517 416 1998 503 CESABIENSIS
2038 442 2189 498 OPP.
2232 440 2415 496 PARS
2453 436 2516 495 ll.
2541 432 3126 492 —APOLOGET|CA.
3693 433 3787 488 548

550 591 615 632 ac
640 573 780 628 Deus
805 570 973 625 Iacob
1009 569 1187 622 locum
1226 566 1331 621 sibi
1371 579 1435 618 ac
1467 560 1885 617 tabernaculum
1917 558 2124 614 consti-

2243 555 2427 628 ιρτίως
2459 553 2810 621 ἐξετάσαντες
2835 550 3149 620 ἐδείκνυμεν
3178 547 3553 621 ἀναφέρεσθαι
3583 550 3686 604 οὐδ’
3714 554 3787 623 ἐφ’

550 676 773 724 tuturus
798 665 1039 722 canitur,
1071 658 1217 730 quod
1246 658 1426 728 ipsum
1459 671 1585 710 cum
1619 653 1855 708 Michteaa
1891 650 2130 722 prophe-

2243 647 2413 719 ἕτερον
2454 646 2487 717 ἢ
2536 643 2628 697 ἐπὶ
2671 643 2830 714 μόνον
2870 641 2962 694 τὸν
3000 639 3229 711 Σωτῆρα
3271 640 3368 692 καὶ
3402 638 3485 692 Κύ
3497 656 3613 711 ριον
3654 642 3792 712 ἡμῶν

552 761 625 815 tia
657 754 953 811 concordat
989 728 1205 804 dicente
1238 766 1252 802 :
1310 764 1329 797 ε
1360 745 1425 798 Ει
1459 753 1537 811 ιιι,
1573 742 1886 798 Bethlehem
1933 740 2129 795 domus

2243 737 2448 810 Ἰησοῦν
2467 732 2556 789 τδν
2581 735 2813 807 Χριστὸν
2828 732 2924 786 τοῦ
2952 729 3109 794 Θεοῦ,
3136 732 3194 784 ὲν
3220 728 3468 801 Βηθλεὲμ
3501 732 3626 794 ταῖς
3651 738 3793 807 προρ-

550 848 849 922 Ephratha.
885 844 964 898 Ex
995 850 1048 897 te
1076 841 1209 895 mihi
1243 840 1556 911 egredietur
1597 836 1737 890 dux:
1775 841 1829 890 et
1872 848 2130 903 egressus

2243 833 2454 903 ῥήσεσιν
2471 826 2782 890 ἀκολούθως
2803 823 3222 895 γεγεννημένον.
3250 824 3364 876 Οὐκ
3391 822 3457 875 ἂν
3490 821 3627 890 γοῦν
3658 823 3790 878 ἄλλον

550 912 670 1015 ejus
705 942 773 995 ab
804 939 961 993 initio
986 953 1051 991 ex
1075 936 1269 990 diebus
1292 932 1512 997 saaculi;
1538 950 1557 982 ι
1593 946 1714 1001 qua:
1733 944 1857 983 cum
1885 927 2132 998 proxime

2243 940 2314 986 τις
2345 919 2658 985 ἐπιδείξειεν
2689 920 2753 970 ὲκ
2778 916 2980 987 ταύτης
3012 912 3236 979 ἐνδόξως
3274 914 3412 985 μετά
3440 916 3573 978 τοὺς
3604 931 3779 987 προφηι

553 1057 950 1107 scrutaremur,
993 1040 1331 1097 ostendimus
1365 1038 1432 1093 ad
1462 1039 1671 1091 nullum
1704 1036 1869 1091 alium
1894 1052 2015 1091 esse
2046 1050 2133 1089 re-

2243 1014 2380 1076 ξείας
2426 1011 2650 1082 χρόνους
2698 1008 3049 1080 προελθόντα·
3083 1006 3205 1061 οὕτε
3243 1005 3352 1077 γὰρ
3389 1004 3665 1074 βασιλεὺς,
3688 1005 3792 1060 οὒτε

2396 1103 2405 1116 ι
2514 1118 2519 1119 γ
2584 1100 2680 1119 by?!
2708 1098 2895 1119 vx___1-
2929 1115 3009 1119 _._
3038 1097 3142 1119 -5.-.
3166 1096 3295 1119 __-9
3330 1095 3609 1119 'L‘E-..!-_-
3637 1096 3764 1119 n--‘-

555 1138 799 1205 ferenda,
830 1152 991 1207 quam
1030 1135 1097 1187 ad
1135 1150 1303 1188 unum
1357 1130 1691 1186 Salvatoretn
1736 1146 1798 1184 ac
1844 1129 2130 1183 Dominum

2243 1103 2542 1173 προφήτης,
2574 1100 2680 1153 οὐδ’
2708 1098 2895 1170 ἕτερός
2926 1115 3009 1160 τις
3035 1097 3142 1149 τῶν
3165 1096 3295 1168 παρ’
3330 1095 3609 1166 Ἑϐραίοις
3637 1096 3791 1166 Oeaqu-

2243 1195 2297 1208 ιι-
2405 1194 2426 1208 ιο
2521 1193 2533 1208 1
2668 1192 2680 1204 ο
2719 1192 2756 1208 υ
2845 1190 2897 1208 ιι
2957 1190 3037 1208 ,,,,\
3081 1187 3281 1208 If)---
3325 1190 3347 1208 ,ι
3532 1191 3548 1208 1
3587 1187 3791 1208 V__._‘_

555 1187 799 1205 ---ω-η

555 1246 804 1288 nosmnn
850 1230 1039 1285 Jesum
1090 1229 1181 1299 qui
1232 1228 1483 1279 Christus
1535 1235 1617 1280 est
1658 1222 1774 1283 Dei,
1826 1224 2028 1292 quique
2079 1222 2131 1275 in

2243 1195 2359 1256 λῶν,
2401 1194 2433 1264 ἢ
2470 1193 2625 1264 μόνος
2659 1192 2687 1243 ὀ
2719 1190 2909 1261 Σωτὴρ
2953 1190 3045 1241 καὶ
3081 1187 3282 1258 Κύριος
3322 1187 3482 1258 ἡμῶν
3525 1191 3556 1241 ὁ
3587 1187 3793 1259 Χριστὸς

2243 1286 2323 1309 _-:'.
2359 1286 2488 1309 14--.?
2560 1283 2691 1309 μαῖ’.
2723 1284 2810 1309 ..-ι
2847 1285 2906 1309 ι..
2943 1282 3254 1309 --.ε......-..-
3294 1280 3452 1309 A-tt‘.:
3514 1280 3606 1309 ,μὴ
3636 1280 3787 1309 -.'.-1,A.

556 1328 898 1387 Bethle-hem,
924 1326 1069 1378 sicut
1095 1280 1395 1391 pmphctia:
1426 1318 1812 1386 praedixerant,
1845 1324 2004 1368 natus
2027 1320 2127 1368 est.

2243 1286 2326 1339 τοῦ
2358 1286 2515 1348 Θεοῦ,
2557 1283 2694 1354 ὁμοῦ
2723 1284 2815 1337 καὶ
2846 1285 2908 1335 ἐκ
2941 1282 3254 1354 σπέρματος
3287 1280 3475 1345 Δαϐὶδ,
3514 1280 3610 1334 καὶ
3634 1280 3791 1334 αὐτόθι

2523 1380 2533 1393 ο
2684 1377 2695 1393 )
2786 1377 2809 1393 θ
2846 1376 2858 1393 Ρ
3135 1376 3269 1393 nn,"
3332 1392 3339 1393 κ
3403 1374 3609 1393 ___,_-f,,
3665 1373 3764 1393 _)A\

925 1373 1002 1378 -η
1035 1373 1061 1374 η
1095 1373 1119 1391 τ
1201 1373 1215 1389 .
1428 1373 1441 1386 .
1801 1373 1808 1377 .

555 1418 778 1473 Nullum
832 1418 977 1471 enim
1026 1416 1191 1467 alium
1240 1413 1512 1481 quispiam
1567 1423 1805 1477 unquam
1857 1406 2130 1468 ostendet,

2243 1380 2627 1450 γεγεννημένος
2673 1376 3075 1429 ἀποδείκνυται.
3135 1376 3273 1449 Ὦρα
3315 1374 3613 1444 τοιγαροῦν
3657 1373 3792 1426 αὑτὸν

558 1513 652 1582 qui
706 1512 832 1565 inde
871 1523 993 1563 cum
1031 1508 1201 1577 gloria
1245 1516 1361 1575 post
1416 1505 1588 1572 ipsius
1648 1500 1945 1571 prophetia:
1998 1508 2135 1551 tem-

558 1619 692 1675 pora
720 1600 1023 1672 prodierit:
1056 1600 1241 1653 nullus
1271 1598 1414 1651 enim
1453 1610 1628 1664 neque
1655 1609 1770 1654 rex,
1802 1607 1976 1660 neque
2009 1606 2136 1660 pro-

558 1698 748 1768 pheta,
781 1708 959 1762 neque
1005 1692 1149 1745 alius
1188 1688 1463 1759 quispiam
1500 1700 1689 1739 eorum
1721 1682 1814 1752 qui
1853 1680 1995 1752 apud
2030 1680 2136 1736 He-

557 1788 736 1843 braeos
773 1783 883 1838 Deo
917 1782 1079 1835 amici
1118 1780 1342 1839 fuerint,
1380 1788 1577 1848 praeter
1612 1792 1777 1830 unum
1801 1773 2134 1828 Salvatorem

561 1892 626 1932 ac
660 1876 948 1930 Dominum
980 1881 1229 1927 nostrum
1265 1870 1357 1941 qui
1391 1870 1644 1924 Christus
1677 1877 1759 1922 est
1784 1866 1898 1929 Dei,
1923 1874 2133 1918 utrum-

560 1985 668 2041 que
715 1968 973 2022 habuisse
1029 1964 1464 2025 demonstratur,
1517 1970 1570 2014 et
1620 1959 1764 2030 quod
1810 1958 1879 2013 de
1927 1956 2135 2012 semine

565 2074 766 2135 David,
798 2084 852 2128 et
878 2073 1021 2142 quod
1051 2072 1105 2125 in
1136 2087 1202 2126 eo
1234 2071 1354 2125 loco
1387 2071 1459 2124 sit
1488 2077 1671 2122 natus.
1705 2066 1942 2137 Tempus
1975 2065 2140 2136 igitur

557 2172 672 2241 jam
699 2178 782 2224 est
811 2176 870 2223 ut
898 2169 1046 2221 illum
1090 2167 1270 2236 ipsum
1311 2178 1433 2218 esse
1471 2177 1581 2217 non
1624 2162 1791 2215 alium
1827 2160 2139 2229 quempiam

564 2261 857 2324 fateamur,
881 2260 974 2329 qui
1000 2261 1054 2313 in
1088 2259 1175 2312 his
1205 2256 1537 2326 propheticis
1565 2253 1748 2309 verbis
1779 2251 2138 2324 significatur,

563 2352 954 2421 evidenterque
1010 2352 1063 2404 in
1098 2350 1166 2404 iis
1215 2364 1336 2419 qua:
1375 2354 1685 2418 sequuntur
1712 2345 1964 2402 eumdem
1995 2345 2140 2414 psal.

564 2459 735 2506 mum,
755 2443 882 2498 dum
910 2442 1228 2497 nominatim
1249 2440 1531 2495 Christum
1555 2439 1811 2509 appellat,
1834 2439 1938 2493 hoc
1960 2438 2141 2507 ipsum

564 2533 876 2597 ostendere,
916 2532 1005 2586 ubi
1053 2533 1159 2586 ait:
1195 2549 1214 2582 ι
1239 2529 1472 2601 Propter
1501 2529 1668 2584 David
1715 2545 1936 2585 servum
1961 2538 2137 2596 tuum,

565 2640 636 2681 ne
664 2634 878 2680 avertas
910 2623 1103 2679 faciem
1130 2624 1336 2678 Christi
1372 2624 1450 2676 tui
1470 2622 1537 2674 ⁸³.
1564 2621 1667 2675 »Ει
1700 2637 1927 2677 rursus:
1970 2639 1988 2671 ι
2008 2619 2143 2676 Illuc

565 2716 867 2787 producam
897 2731 1071 2769 cornu
1104 2713 1305 2769 David:
1355 2715 1542 2784 paravi
1591 2714 1870 2769 lucernam
1920 2712 2141 2767 Christo

568 2822 710 2863 meo.
775 2805 1036 2860 Inimicos
1097 2805 1218 2873 ejus
1285 2806 1509 2861 induam
1579 2804 1924 2864 confusione,
1977 2818 2144 2874 super

570 2900 750 2969 ipsum
797 2906 978 2953 autem
1008 2898 1276 2952 elllorebit
1312 2898 1676 2952 sanctificatio
1723 2912 1844 2950 mea
1862 2897 1932 2952 9°.
1962 2915 1979 2948 ι
2034 2896 2142 2951 Sed

2235 1475 2440 1526 ἐκεῖνον
2472 1466 2633 1532 εἶναι,
2671 1468 2763 1521 καὶ
2800 1467 2921 1519 οὐδὲ
2969 1466 3044 1535 (l)
3080 1466 3237 1520 ἄλλον
3262 1465 3354 1519 τὸν
3381 1466 3476 1518 καὶ
3530 1468 3589 1518 ὲν
3612 1465 3793 1529 τούτοις

2236 1560 2708 1633 προφητευόμενον
2740 1557 3045 1629 ὁμολογεῖν.
3067 1557 3148 1609 ὅτι
3167 1574 3225 1609 τε
3249 1555 3435 1624 σαφῶς
3468 1558 3531 1608 ὲν
3553 1560 3663 1621 τοῖς
3690 1558 3793 1627 ἑῆς

2234 1657 2264 1708 ὁ
2284 1655 2447 1718 αὐτὸς
2473 1652 2686 1723 ψαλμὸς
2717 1651 2975 1721 ὀνομαστὶ
3003 1650 3093 1703 τὸν
3136 1649 3368 1721 Χριστὸν
3397 1649 3793 1721 προσαγορεύων

2235 1748 2392 1802 τοῦτο
2425 1748 2741 1819 παρίστησι,
2786 1743 2851 1796 δι’
2882 1738 2957 1797 ὧν
2990 1760 3170 1815 φησιν·
3219 1761 3238 1793 ι
3278 1743 3504 1796 Ἕνεκεν
3536 1743 3695 1796 Δασὶδ
3717 1744 3792 1796 τοῦ

2236 1841 2419 1894 δούλου
2463 1857 2556 1893 σου
2604 1839 2679 1910 μὴ
2720 1838 3072 1910 ἀποστρέψεις
3110 1838 3171 1890 τὸ
3214 1838 3509 1910 πρόσωπον
3555 1836 3648 1890 τοῦ
3686 1837 3795 1907 Χρι-

2168 1926 2207 1981 Β
2242 1932 2366 1987 στοῦ
2409 1948 2526 1986 σουσ
2561 1952 2579 1985 ι
2620 1935 2714 1986 καὶ
2746 1932 2927 1986 πάλινο
2973 1951 2991 1982 ι
3038 1931 3186 1984 Ἑκεῖ
3217 1930 3525 1997 ἐξανατελῶ
3549 1930 3709 2003 κέρας
3732 1930 3795 2000 τῷ
3828 1964 3833 1971 -

2240 2026 2426 2091 Δαὸὶδ,
2445 2025 2716 2096 ἡτοίμασα
2745 2024 2937 2096 λύχνον
2964 2022 3042 2095 τῷ
3058 2022 3277 2097 Χριστῷ
3297 2041 3416 2094 μου.
3437 2023 3583 2086 Τοὺς
3601 2023 3793 2094 ἐχθροὺς

2242 2117 2405 2171 αὑτοῦ
2450 2117 2652 2171 ἐνδύσω
2684 2117 2965 2189 αἰσχύνην,
3010 2117 3103 2170 ἐπὶ
3145 2116 3201 2170 δὲ
3244 2116 3406 2168 αὑτὸν
3447 2115 3794 2186 ὲξανθήσειτὺ

2240 2212 2488 2283 ἁγίασμά
2515 2228 2637 2282 μου.
2674 2230 2692 2263 ι
2727 2211 2837 2264 Ποῦ
2866 2211 2922 2263 δέ
2953 2227 3137 2282 φησιν,
3178 2229 3197 2261 ι
3242 2209 3387 2261 Ἐκεῖ
3408 2208 3709 2273 ὲξανατελῶ
3725 2209 3793 2260 κέ·

2246 2321 2343 2377 ρας
2373 2305 2449 2375 τῷ
2477 2304 2662 2366 Δαδὶδν
2698 2322 2715 2355 ³
2751 2304 2785 2375 ἦ
2822 2306 2878 2356 ἐν
2922 2306 2988 2374 τῇ
3033 2301 3279 2372 Βηθλεὲμ
3312 2304 3377 2372 τῇ
3429 2301 3704 2373 Ἐφραθάς
3729 2303 3794 2353 ἑν-

2239 2396 2429 2450 τεῦθεν
2453 2396 2562 2468 γὰρ
2592 2397 2654 2450 τὸ
2700 2398 2865 2469 κέρας
2907 2396 3001 2449 τοῦ
3033 2396 3197 2451 Δαόὶδ
3240 2397 3268 2447 ὁ
3312 2394 3551 2464 Χριστὸς
3592 2394 3651 2447 τὸ
3681 2393 3793 2446 κατὰ

2244 2491 2421 2561 σάρκα
2442 2486 2552 2543 οἷόν
2574 2508 2628 2543 τι
2658 2490 2801 2561 μέγα
2828 2489 2944 2558 φῶς
2971 2489 3321 2556 ἐξανέτειλεν,
3346 2488 3587 2542 ἐνταῦθά
3605 2505 3660 2540 τε
3683 2489 3793 2559 ἡτοί-

2245 2599 2418 2659 μαστο
2445 2582 2549 2636 ὑπὸ
2576 2582 2670 2635 τοῦ
2697 2582 2831 2636 Θεοῦ
2864 2582 2972 2635 τῶν
3002 2582 3137 2636 ὅλων
3166 2584 3194 2635 ὁ
3222 2581 3316 2635 τοῦ
3345 2580 3587 2654 Χριστοῦ
3614 2579 3789 2650 λύχνος.

2241 2675 2344 2745 Εἵη
2374 2675 2417 2729 δ’
2444 2674 2510 2729 ἂν
2540 2675 2731 2746 λύχνος
2756 2674 2942 2739 αὑτοῦ,
2973 2670 3060 2728 οἷα
3091 2674 3279 2747 νοεροῦ
3306 2674 3504 2744 φωτὸς,
3540 2673 3599 2726 τὸ
3624 2670 3791 2743 ἀνθρώ-

2243 2784 2393 2821 πειον
2426 2768 2642 2839 σκῆνος,
2663 2768 2729 2821 δι’
2759 2760 2819 2821 οῦ
2848 2768 3002 2840 δίκην
3023 2767 3342 2838 ὀστρακίνου
3364 2766 3617 2829 σκεύους,
3638 2764 3793 2835 ὧσπερ

2242 2857 2331 2912 διὰ
2356 2858 2571 2930 λύχνου,
2597 2860 2696 2923 τὰς
2725 2858 2819 2912 τοῦ
2853 2860 2980 2912 ίδίου
3011 2861 3187 2929 φωτὸς
3216 2861 3439 2923 ἀκτῖνας
3468 2860 3607 2912 πᾶσι
3633 2857 3792 2921 τοίςὲν

2245 2948 2437 3018 ἀγνοίᾳ
2467 2949 2600 3002 Θεοῦ
2633 2949 2724 3002 καὶ
2755 2950 2931 3020 σκότῳ
2957 2949 3109 3020 βαθεί
3134 2948 3477 3020 πιεζομένοις
3501 2948 3788 3017 ἐξέλαμψεν.

2257 3038 2415 3091 Ἀλλὰ
2484 3040 2592 3112 γὰρ
2656 3040 2750 3092 καὶ
2803 3040 2863 3091 ἐν
2916 3041 3127 3102 τούτοις
3194 3036 3581 3106 ἀποδεδεῖχθαι
3639 3034 3791 3105 σαφὰ

2245 3130 2488 3202 ἡγοῦμαι
2536 3132 2668 3185 Θεὸν
2714 3130 2907 3185 Ἰακὼϐ
2963 3134 3056 3185 ἀπ’
3115 3131 3288 3203 ἀρχῆς
3343 3130 3437 3184 καὶ
3490 3130 3552 3194 ἐξ
3608 3128 3793 3201 ἡμεριίν

2245 3226 2578 3294 τυγχάνοντα
2597 3225 2789 3289 αἰῶνος
2815 3224 3117 3296 ἀνθρώποις
3141 3225 3521 3298 ἐπιδημήσειν,
3541 3227 3632 3278 καὶ
3643 3239 3796 3293 γεννη-

2247 3317 2503 3389 θήσεσθαι
2528 3318 2627 3370 ούκ
2647 3318 2901 3388 ἀλλαχόθι
2928 3317 3033 3388 γῆς
3059 3318 3174 3370 ἀλλ’
3190 3318 3223 3389 ἢ
3242 3321 3300 3372 ἐν
3321 3318 3398 3390 τῷ
3420 3320 3563 3372 κατά
3585 3316 3793 3387 Βηθλεὲμ

2244 3412 2415 3482 τόπῳ,
2431 3411 2565 3482 πρὸς
2583 3414 2692 3473 τοῖς
2720 3410 2980 3482 Ἰεροσολύ
2990 3427 3111 3481 μοις
3126 3411 3293 3463 εἰσέτι
3311 3412 3407 3464 καὶ
3422 3409 3519 3465 νῦν
3535 3394 3815 3463 ὲπιδεικνυί

2248 3503 2394 3574 μένῳ
2416 3501 2619 3573 χωρίῳ,
2644 3501 2771 3555 ἔνθα
2796 3502 2902 3555 οὐδ’
2924 3501 3082 3567 ἄλλος
3106 3502 3242 3574 μετά
3268 3505 3390 3568 τοὺς
3410 3503 3518 3557 τῶν
3537 3501 3793 3576 προφητῶν

2245 3597 2470 3669 χρόνους
2489 3594 2759 3665 ἐπιφανὴς
2786 3597 2880 3649 καὶ
2910 3599 2989 3659 είς
3007 3597 3214 3661 πάντας
3238 3597 3334 3650 ἀνθ
3345 3595 3561 3669 ρώπους
3586 3595 3792 3660 ἐπίδοξος

2244 3688 2277 3759 ἦ
2302 3688 2459 3760 μόνος
2486 3688 2693 3758 Ἰησοῦς
2717 3690 2746 3741 ὁ
2768 3688 2999 3761 Χριστός
3028 3690 3165 3761 πρὸς
3186 3691 3292 3744 τῶν
3318 3692 3628 3761 ἐπιχωρίων
3650 3689 3792 3743 ἁπάν-

2243 3797 2350 3833 των
2387 3779 2697 3844 ἀκολούθως
2747 3783 2869 3845 ταῐς
2915 3781 3297 3852 εύαγγελικαίς
3343 3784 3548 3850 φωναῖς
3587 3776 3789 3849 γεγονὼς

2247 3874 2618 3943 μαρτυρεῖται.
2666 3872 3076 3946 'Epp'qvatiatat
3099 3873 3156 3927 δὲ
3190 3870 3228 3945 ἡ
3257 3872 3502 3945 Βηθλεὲμ
3534 3869 3690 3937 οἶκος
3708 3869 3790 3936 ἇς·

2243 3979 2371 4029 του,
2405 3962 2721 4034 φερώνυμος
2748 3959 2882 4018 οῦσα
2912 3965 3006 4019 τοῦ
3041 3965 3389 4037 προελθόντος
3421 3965 3482 4029 ἐξ
3508 3966 3672 4033 αὐτῆς
3700 3962 3790 4014 Σωο

2242 4053 2406 4125 τῆρος
2451 4054 2606 4125 ἡμῶν
2638 4056 2787 4120 ὄντος
2820 4055 2955 4109 Θεοῦ
2985 4057 3180 4127 Λόγου,
3213 4057 3400 4129 ψυχῶν
3432 4057 3660 4125 λογικῶν
3690 4055 3790 4122 Ops-

2244 4145 2439 4199 πτικοῦ
2459 4162 2471 4175 ·
2507 4146 2536 4199 ὃ
2559 4148 2651 4200 καὶ
2684 4148 3014 4221 παρίστησιν
3034 4150 3194 4213 αὐτὸς
3225 4150 3398 4219 λέγων
3418 4167 3431 4179 ·
3476 4170 3494 4201 ι
3539 4148 3671 4219 Ἐγώ
3699 4149 3790 4215 εἰμι

2243 4240 2272 4291 ὁ
2305 4237 2469 4310 ἄρτος
2499 4241 2527 4292 ὁ
2574 4241 2640 4292 ὲκ
2684 4241 2779 4294 τοῦ
2812 4242 3041 4314 ούρανοῦ
3078 4241 3340 4306 καταὸάς.
3388 4262 3405 4293 ι
3455 4242 3593 4295 Ἀλλ’
3634 4238 3788 4305 ἐπειδὴ

2245 4333 2339 4384 καὶ
2381 4329 2475 4383 τοῦ
2521 4332 2685 4386 Δαϐὶδ
2712 4334 2929 4403 γέγονεν
2971 4333 3109 4406 αὕτη
3156 4335 3371 4407 πατρὶς,
3404 4335 3626 4399 εἰκότως
3655 4334 3734 4388 καὶ
3767 4333 3789 4383 ὁ

2244 4422 2386 4476 κατὰ
2422 4423 2597 4496 σάρκα
2628 4426 2917 4497 γενόμενος
2940 4427 3052 4491 υἱὸς
3081 4427 3244 4481 Δαόὶδ
3263 4427 3360 4499 τὴν
3393 4427 3615 4499 πρόοδον
3638 4425 3691 4491 ἐξ
3713 4423 3789 4477 αὖ·

2245 4517 2342 4586 τῆς
2370 4518 2679 4588 ἐποιήσατο,
2712 4517 3020 4583 ἀκολούθως
3045 4522 3163 4583 ταῖς
3196 4523 3560 4593 προφητικῶς
3591 4516 3788 4592 προῤῥὴο

571 2989 663 3042 ubi
694 2987 912 3042 tandem
967 2988 1043 3040 ait
1067 3004 1126 3043 se
1163 2988 1560 3058 producturum
1596 3004 1767 3044 cornu
1800 2988 1992 3054 David,
2034 2989 2142 3046 nisi
2178 3002 2185 3009 ‘

571 3079 627 3133 in
660 3078 971 3134 Bethlehem
1001 3088 1163 3150 atque
1188 3082 1245 3134 in
1272 3079 1591 3150 Ephratha?
1628 3080 1757 3136 lnde
1789 3083 1935 3137 enim
1969 3096 2144 3136 cornu

569 3172 744 3226 David
772 3172 1029 3228 Christus
1074 3183 1347 3243 quatenus
1388 3175 1457 3229 ad
1485 3185 1736 3228 naturam
1770 3176 2006 3244 pertinet
2050 3174 2146 3229 hu-

570 3293 810 3342 manam,
845 3280 1000 3348 quasi
1033 3280 1227 3349 ingens
1259 3280 1441 3334 lumen
1472 3288 1724 3335 exortum
1756 3288 1863 3334 est.
1890 3278 1992 3335 Hic
2012 3280 2142 3336 item
2172 3277 2213 3335 C

568 3369 772 3425 Christi
808 3371 1027 3425 lucerna
1050 3370 1119 3424 ab
1152 3373 1271 3441 ipso
1295 3370 1404 3426 Deo
1435 3372 1673 3427 universi
1702 3380 2003 3442 praeparata
2025 3381 2138 3429 est:

572 3459 738 3514 fuerit
769 3468 947 3515 autem
995 3461 1110 3515 haec
1140 3462 1364 3517 lucerna
1390 3464 1546 3532 quasi
1583 3463 1938 3533 intelligibilis
1980 3464 2140 3529 lucis,

569 3549 869 3604 humanum
919 3566 1144 3620 corpus,
1189 3566 1284 3621 per
1326 3553 1473 3622 quod
1504 3553 1679 3607 instar
1718 3555 1943 3608 testacei
1974 3556 2140 3620 vasis,

564 3645 828 3710 tanquam
864 3656 960 3711 per
1006 3644 1307 3707 lucernam,
1345 3644 1551 3714 proprii
1598 3644 1823 3700 luminis
1855 3645 2039 3701 radios
2086 3647 2141 3700 in

567 3745 782 3796 omnes,
818 3733 1137 3803 quicunque
1169 3734 1475 3804 ignorantia
1508 3733 1606 3789 Dei
1638 3744 1691 3790 et
1732 3736 2020 3805 profundis
2063 3744 2143 3792 te-

568 3823 754 3877 nebris
787 3824 1196 3892 premebantur,
1224 3825 1427 3879 emisit.
1467 3824 1678 3881 Etenim
1722 3830 1777 3881 in
1807 3828 1892 3883 his
1925 3843 2144 3899 quoque

567 3913 934 3969 demonstrari
951 3916 1270 3984 planissime
1283 3918 1521 3972 arbitror
1543 3916 1713 3973 Deum
1733 3918 1925 3984 Iacob,
1950 3922 2044 3991 qui
2075 3922 2144 3977 ab

568 4004 726 4058 initio
748 4011 801 4060 et
816 4021 883 4060 ex
903 4006 1097 4061 diebus
1120 4008 1305 4063 saeculi
1322 4010 1561 4075 exsistit,
1581 4011 1649 4065 ad
1671 4012 1920 4070 homines
1944 4024 2141 4070 ventu-

569 4108 780 4161 rum,et
803 4098 1073 4153 oriturum
1096 4116 1206 4157 non
1229 4103 1356 4157 alibi
1386 4112 1654 4159 terrarum
1673 4121 1836 4176 quam
1863 4108 1917 4161 in
1939 4106 2146 4164 Bethle-

546 4187 691 4275 ‘hem
716 4189 858 4254 loco,
881 4191 975 4261 qui
993 4207 1101 4246 non
1121 4196 1312 4264 procul
1336 4196 1405 4252 ab
1428 4195 1820 4270 Hierosolymis
1836 4199 1996 4255 hodie
2008 4216 2145 4271 quo-

567 4295 674 4348 que
692 4280 912 4348 visitur,
941 4285 1032 4339 ubi
1048 4300 1180 4341 sane
1197 4302 1305 4341 non
1321 4288 1462 4343 alius
1479 4297 1601 4360 post
1613 4290 1999 4361 prophetarum
2015 4301 2146 4347 tem-

567 4386 699 4440 pora
723 4372 971 4441 illustris,
988 4384 1042 4431 et
1062 4378 1207 4448 apud
1226 4394 1418 4437 omnes
1441 4381 1690 4438 homines
1702 4385 1874 4455 gloria
1887 4385 2141 4450 celebris,

568 4475 733 4550 359
762 4494 926 4549 quam
959 4498 1101 4538 unus
1137 4481 1300 4539 Jesus
1328 4484 1582 4544 Christus
1615 4489 1686 4544 ab
1733 4490 1990 4545 omnibus
2023 4490 2144 4559 ejus

570 4568 676 4622 loci
707 4571 903 4626 incolis
934 4571 1049 4642 (qui
1085 4575 1306 4644 quidem
1354 4577 1434 4631 sic
1463 4591 1587 4631 cum
1618 4581 1950 4650 evangelieis
1991 4583 2141 4635 voci-

571 4658 672 4683 L..-
705 4663 1055 4683 --_--_J-_.\
1101 4674 1189 4683 __.
1246 4682 1253 4683 κ
1556 4668 1568 4683 ι
1597 4669 1629 4683 ι.
1690 4679 1698 4683 .
1830 4671 1867 4683 πε
1906 4681 1913 4683 ι
2039 4680 2048 4683 -

2302 4568 2339 4586 l‘
2514 4568 2580 4588 liv
2615 4568 2679 4581 7"
2717 4568 3017 4583 """"""‘
3057 4568 3161 4583 ’⁷⁷⁷³
3204 4568 3557 4593 ’⁷Γ⁷Ϊ”Ι⁷⁷’⁷’⁷⁷ῗ
3598 4568 3729 4592 ”“ὗ””Ι”ο
3763 4568 3772 4584 ⁸

2250 4624 2428 4660 σεσιν⁹
2465 4608 2603 4661 ὥστε
2643 4610 2744 4663 οὑκ
2776 4609 2967 4681 ἄδηλον
3001 4606 3137 4664 εἶναι
3182 4613 3275 4665 καὶ
3312 4612 3410 4683 τὴν
3451 4613 3629 4666 αἰτίαν
3653 4611 3711 4665 δι’
3736 4608 3787 4677 ἢν

570 4658 675 4713 bus
702 4663 1059 4734 concordant)
1101 4674 1264 4722 natus
1308 4683 1430 4723 esse
1457 4668 1793 4738 perhibetur.
1827 4671 1923 4725 Est
1963 4680 2141 4726 autem

573 4749 885 4776 ι)-.ιι.ι,.ι.-...
968 4771 1027 4776 Α..
1060 4756 1214 4776 ξέ.-ᾼ,
1248 4775 1251 4776 ,
1303 4760 1423 4776 ._.c,
1592 4760 1605 4776 ι
1912 4766 1923 4776 ι

2248 4700 2477 4769 πατρίδα
2503 4701 2600 4771 τὴν
2628 4658 2875 4774 Βηθλεὲᾴ
2908 4704 3276 4776 ἐπεγράψατο.
3325 4658 3483 4759 ’ἁλλὰ
3510 4705 3602 4760 καὶ
3625 4709 3674 4760 ἐν
3696 4658 3785 4757 Νό-

573 4749 913 4819 Bethlebem,
962 4771 1028 4810 ex
1059 4756 1530 4828 interpretatione,
1569 4760 1757 4816 domus
1796 4766 1972 4833 panis,
2024 4783 2141 4835 qua:

2248 4749 2433 4862 ζάροις
2481 4749 2812 4863 ἀνατραφεὶς
2836 4749 3097 4862 ⁸λέγεται,
3126 4749 3246 4848 Tmal.
3298 4794 3458 4850 πάλιν
3509 4749 3786 4866 Νάζαραῖκ

572 4858 655 4946 ξω
697 4845 919 4959 quidfm
965 4847 1226 4959 ejus‘lemn
1264 4858 1349 4959 ξεί
1383 4854 1621 4909 ¹¹⁰¹¹¹ί¹¹ί⁵
1665 4869 1789 4909 cum
1839 4872 1904 4911 θο
1939 4860 2032 4928 (Ιυί
2075 4858 2142 4914 de
2248 4844 2846 4953 κληθήσεσθαιῘΊστέον
2871 4844 2985 4947 οὖν,
3009 4844 3097 4940 ὂτί
3125 4887 3295 4941 καὶτὸ
3320 4844 3628 4959 Ναζαραῖού
3648 4844 3785 4954 όνομα

574 4936 693 5006 ipsa
725 4938 1000 5007 profectus
1044 4950 1154 5002 est,
1194 4941 1476 5000 Salvatore
1525 4955 1736 5013 nostro,
1785 4951 1874 5019 qui
1912 4966 2036 5004 cum
2070 4953 2141 5005 sit

574 5026 670 5082 Dei
712 5027 951 5085 Verbum
996 5039 1053 5086 et
1086 5033 1249 5096 ratio,
1301 5036 1618 5091 animalium
1652 5040 2001 5095 rationalinm
2056 5052 2139 5097 est

572 5118 914 5177 alimentum.
974 5119 1146 5188 Quam
1192 5138 1308 5178 rem
1352 5126 1470 5195 ipse
1513 5143 1730 5198 quoque
1778 5129 2137 5197 demonstrat,

573 5210 666 5266 ubi
708 5212 815 5267 ait:
845 5230 865 5263 ι
894 5211 1006 5284 Ego
1036 5229 1155 5269 sum
1182 5216 1340 5284 panis
1367 5218 1458 5287 qui
1495 5219 1562 5274 de
1583 5222 1724 5277 caelo
1750 5223 2088 5279 descendi".
2114 5244 2133 5278 ι

573 5301 776 5359 Verum
821 5309 1079 5376 quoniam
1125 5310 1240 5365 hazc
1290 5311 1479 5367 eadem
1531 5313 1702 5383 ipsius
1754 5315 1923 5370 David
1967 5316 2138 5387 patria

573 5394 695 5461 fuit,
721 5398 917 5452 merito
938 5399 1033 5469 qui
1061 5403 1272 5459 ratione
1292 5403 1541 5459 humana:
1564 5412 1771 5460 natura:
1795 5406 1961 5462 David
1991 5411 2136 5466 filius

573 5498 697 5564 fuit,
716 5517 782 5557 ex
804 5501 908 5557 hoc
942 5502 1062 5574 ipso
1083 5505 1206 5561 loco
1234 5507 1513 5578 profectus
1538 5516 1644 5575 est,
1675 5511 1729 5564 in
1764 5526 1831 5567 eo
1859 5528 1990 5569 sane
2011 5530 2134 5570 cum

570 5591 908 5665 propheticis
950 5598 1294 5655 concordans
1337 5602 1575 5658 oraculis
1620 5620 1634 5656 :
1677 5604 1860 5676 itaque
1903 5608 2137 5664 obscura

564 5696 695 5739 esse
720 5687 955 5758 amplius
987 5704 1155 5745 causa
1183 5707 1290 5747 non
1324 5703 1522 5762 potest,
1561 5711 1661 5751 cur
1687 5698 1792 5753 sibi
1827 5697 2138 5756 Bethlehem

2260 4973 2539 5046 Ἐεραῖκὸν
2571 4977 2827 5047 τυγχάνει
2861 4979 2918 5031 ὲν
2964 4980 3232 5050 Λευῖτικῷ
3263 4982 3355 5033 ἐπὶ
3386 4981 3479 5035 τοῦ
3524 4983 3784 5055 χρίσματος

2242 5064 2338 5118 τοῦ
2370 5067 2501 5138 παρ’
2531 5069 2715 5133 αὐτοῖς
2748 5069 3003 5141 Χριστοῦ.
3034 5067 3143 5125 Ἦν
3168 5072 3226 5125 δὲ
3258 5065 3412 5136 οὗτος
3434 5075 3464 5127 ό
3493 5074 3667 5146 ἄρχων
3688 5067 3781 5125 κατ’

2243 5158 2427 5212 εἰκόνα
2452 5159 2544 5212 τοῦ
2583 5160 2818 5231 μεγάλου
2853 5164 2946 5216 καὶ
2977 5163 3189 5234 ἀληθῶς
3224 5166 3525 5238 ἀρχιερέως
3561 5165 3649 5220 τοῦ
3676 5164 3782 5234 X9:-

2244 5248 2369 5302 στοῦ
2390 5250 2483 5304 τοῦ
2516 5252 2672 5317 Θεοῦ,
2698 5253 2897 5327 σκιώδη
2927 5255 3046 5309 τινὰ
3075 5257 3168 5309 καί
3197 5258 3423 5312 τυπικδν
3447 5258 3668 5332 Χριστὸν
3689 5257 3782 5308 ἐπι·

2244 5341 2561 5412 φερόμενος.
2596 5344 2682 5398 Ἑν
2714 5340 2796 5409 οἷς
2822 5346 2951 5414 γοῦν
2982 5346 3195 5421 εἴρηται
3228 5349 3370 5405 κατά
3393 5352 3520 5415 τοὺς
3557 5350 3779 5420 E66093,-

2248 5451 2413 5487 κοντα
2442 5437 2570 5509 περὶ
2601 5437 2694 5491 τοῦ
2736 5440 3060 5513 Ἀρχιερέως
3084 5460 3096 5472 ·
3134 5462 3153 5494 ι
3184 5444 3293 5497 Καὶ
3316 5445 3378 5498 ού
3413 5439 3780 5515 βεϐηλώσειτδν

2245 5528 2576 5598 ἡγιασμένον
2623 5529 2715 5583 τοῦ
2772 5532 2907 5585 Θεοῦ
2960 5534 3125 5588 αὑτοῦ
3148 5552 3161 5565 ·
3216 5537 3298 5589 ὅτι
3340 5535 3403 5590 τὸ
3448 5538 3599 5605 ἆγιον
3638 5533 3779 5587 ἔλαιον

2245 5618 2480 5691 Χριστοῦ
2504 5619 2595 5673 τοῦ
2622 5619 2757 5674 Θεοῦ
2790 5622 2953 5677 αὐτοῦ
2972 5640 2986 5653 ⁸
3032 5643 3051 5676 ι
3083 5625 3145 5678 τὸ
3180 5624 3279 5697 μὲν
3317 5624 3618 5698 Ἐδραῖκόν,
3647 5641 3665 5674 ι
3684 5619 3778 5673 Ὀτι

2245 5707 2431 5781 Ναζὲρ
2462 5708 2658 5775 ἔλαιον,
2692 5730 2711 5763 ι
2742 5713 3011 5783 περιέχεν
3046 5716 3075 5768 ὁ
3101 5714 3158 5769 δὲ
3200 5713 3458 5780 Ἀκύλας’
3498 5733 3519 5768 ι
3560 5716 3666 5769 Ὅτι
3702 5708 3771 5775 ἀφ

641 5791 690 5828 ⁸⁸
717 5795 862 5851 Psal.
893 5812 1074 5866 cxnt,
1108 5801 1193 5855 10.
1273 5803 1318 5835 ’⁸
1342 5804 1472 5863 ibid.
1508 5807 1594 5873 17,
1623 5808 1708 5865 18.
1791 5813 1834 5844 ⁹¹
1865 5810 2117 5882 Joan.vi,
2150 5816 2239 5872 M.

534 5929 539 5943 .
642 5886 891 5961 (ι)οὐδ’.
924 5890 1063 5965 Lege
1092 5896 1222 5966 οὐχ·
1258 5900 1384 5956 item
1426 5912 1476 5956 et
1515 5906 1678 5974 paulo
1711 5916 1857 5977 post.
1902 5909 2058 5967 Εοιτ.

2208 6032 2265 6042 σισυ-
