3894 6534
110 441 185 496 διε
822 480 831 485 .
976 418 1630 488 DEMONSTRATIONIS
1671 432 2131 488 EVANGELICE
2178 432 2305 490 LIB.
2350 433 2462 490 ΥΠ.

3208 422 3323 494 550'

104 566 290 627 ίρισμα,
312 552 483 606 ἔλαιον
504 548 835 622 ἀλείμματος
860 547 995 602 θεοῦ
1020 547 1185 602 αὑτοῦ
1217 549 1302 601 ἐπ’
1335 546 1518 602 αὐτῶ-
1560 566 1578 598 ι
1616 546 1644 599 6

1750 548 1975 617 patriam
1999 549 2334 619 ascripserit.
2368 547 2636 605 Cmterum
2656 551 2818 607 etiam
2846 553 2902 608 in
2929 551 3155 611 Nazaris
3178 556 3317 613 edu-

104 650 148 704 δὲ
172 648 449 717 Σύμμαχος
470 661 483 673 ο
519 643 544 694 ἰ
584 643 706 696 Ὅτι
737 641 961 694 ἄθικτον
1002 641 1181 695 ἔλαιον
1226 640 1319 695 τοῦ
1346 642 1642 713 χρίσματος

104 742 178 796 τοῦ
203 737 327 793 Θεοῦ
352 733 514 789 αὐτοῦ
546 736 633 787 ἐπ’
667 732 817 803 αὐτῷ
837 750 849 762 ·
895 752 914 785 ι
952 736 980 787 6
1022 732 1079 786 δὲ
1111 732 1431 787 Θεοδοτίων·
1472 751 1489 783 ι
1523 732 1643 785 Ὀτι

103 832 150 886 τὸ
174 827 338 898 Ναζὲρ
363 826 537 881 ἔλαιον
562 825 622 879 τὸ
646 825 864 896 χριστὸν
899 824 1051 898 παρὰ
1078 823 1213 878 Θεοῦ
1238 824 1402 878 αὐτοῦ
1432 826 1518 877 ἐπ’
1549 824 1645 876 αὐ-

104 924 180 992 τῷ·
231 940 247 971 ι
275 918 409 972 ὥστε
444 913 662 972 εἶναιτὸ
695 916 899 988 Ναζὲρ,
935 915 1075 969 κατὰ
1110 918 1207 987 μὲν
1231 917 1355 979 τοὺς
1389 915 1645 987 Ἐϐδομή-

106 1029 255 1074 κοντα,
278 1010 464 1080 ἅγιον,
500 1008 642 1063 κατὰ
672 1008 730 1061 δὲ
752 1008 842 1061 τὸν
858 1007 1111 1071 Ἀκύλαν,
1146 1008 1469 1077 ἁφόρισμα,
1503 1007 1643 1061 κατὰ

106 1104 147 1157 δὲ
166 1102 242 1156 τὸν
271 1101 581 1172 Σύμμαχον,
616 1100 861 1154 ἄθικτον
878 1117 892 1130 ’
919 1099 1058 1153 ὥστε
1089 1102 1152 1152 ἐκ
1182 1098 1370 1153 τούτου
1393 1099 1454 1151 τὸ
1479 1098 1646 1163 Ναξι-

108 1198 225 1265 peior
266 1193 430 1263 ὄνομα
481 1192 769 1263 σημαίνειν
816 1192 933 1262 ἦτοι
967 1190 1056 1243 τὸν
1105 1191 1343 1262 ἂγιον,ἢ
1386 1191 1477 1244 τὸν
1538 1192 1644 1260 ἀερ-

107 1285 438 1357 ωρισμένον,ἦ
468 1285 561 1338 τὸν
591 1284 827 1339 ἄθικτον.
872 1284 1008 1337 Ἀλλ’
1040 1286 1087 1337 οἱ
1130 1285 1226 1355 μὲν
1258 1284 1425 1339 πάλαι
1458 1287 1642 1356 ἱερεῖς,

107 1379 155 1431 δι’
173 1378 326 1431 ἐλαίου
351 1376 676 1438 σκευαστοῦ,
706 1374 798 1428 τοῦ
824 1375 972 1447 παρὰ
1016 1377 1204 1428 Μωσεῖ
1245 1375 1427 1446 Ναζὲρ
1453 1376 1645 1429 καλου-

109 1465 251 1538 μένου,
281 1466 581 1537 χριόμενοι,
628 1463 975 1536 παραγώγως
1016 1464 1127 1518 ἀπὸ
1170 1463 1263 1516 τοῦ
1299 1464 1480 1537 Ναζὲρ
1513 1465 1643 1518 ὲκα-

106 1558 252 1612 λοῦντο
294 1558 627 1629 Ναζιραῖοι·
683 1558 712 1610 ὁ
749 1556 805 1608 δὲ
854 1557 1043 1628 Σωτὴρ
1090 1557 1183 1609 καὶ
1235 1556 1437 1627 Κύριος
1488 1556 1644 1626 ἡμῶν

108 1649 215 1702 κατὰ
243 1646 394 1718 φύσιν
432 1647 573 1717 ἔχων
618 1647 679 1699 τὸ
714 1647 888 1714 ἆγιον,
932 1647 1025 1698 καὶ
1060 1646 1122 1700 τὸ
1165 1644 1403 1705 ἄθικτον,
1447 1645 1540 1698 καὶ
1584 1644 1644 1698 τὸ

108 1739 460 1813 ἀφωρισμένον,
491 1739 554 1792 οὐ
583 1738 833 1807 δεόμενός
865 1754 927 1806 γε
956 1736 1254 1810 χρίσματος
1280 1737 1641 1809 ἀνθρωπίνου,

106 1834 219 1904 ὅμως
242 1832 333 1901 τῆς
373 1830 473 1883 τοῦ
516 1828 817 1901 Ναζιραίου
866 1828 1235 1900 προσηγορίας
1282 1830 1411 1899 παρ’
1437 1827 1646 1899 ἀνθρώ-

105 1941 198 1987 ποις
220 1922 417 1993 ἔτυχεν,
447 1922 550 1975 οὐκ
595 1921 703 1974 ἀπὸ
745 1919 836 1972 τοῦ
871 1918 1205 1990 καλουμένου
1241 1920 1423 1991 Ναζὲρ
1467 1919 1644 1973 ἐλαίου

1743 649 1898 694 catus
1929 655 2053 695 esse
2074 641 2298 707 dicitur,
2325 651 2379 697 et
2403 642 2485 697 sic
2513 641 2807 698 Nazaraaus
2834 645 3133 702 vocandus.
3159 646 3318 707 Scire

1744 728 1911 798 igitur
1955 737 2169 800 Oportet
2209 731 2356 800 quod
2406 746 2603 787 nomen
2635 742 2720 788 est
2772 732 3099 791 Hebraicum
3144 737 3312 794 Nazi—

1742 833 1908 871 raaum
1954 818 2007 872 in
2059 818 2324 885 Levitico,
2371 821 2425 875 in
2462 822 2583 891 ejus
2611 822 2816 880 Christi
2854 828 3114 883 unctione
3150 845 3313 900 quem

1743 907 1845 977 ipsi
1876 908 2164 963 habebant.
2198 909 2370 964 Porro
2390 911 2477 965 hic
2509 921 2626 967 erat
2662 917 3028 985 principatum
3060 919 3316 976 obtinens

1744 1000 2042 1053 secundum
2080 1001 2368 1070 imaginem
2399 1006 2578 1074 magni
2611 1014 2665 1058 et
2689 1008 2803 1061 veri
2838 1007 3121 1065 Pontilicis
3151 1010 3315 1066 Chri-

1745 1090 1814 1144 sti
1847 1089 1961 1154 Dei,
2007 1092 2387 1147 adumliratum
2416 1094 2668 1150 videlicet
2697 1099 2985 1166 quemdam
3032 1108 3086 1153 et
3121 1100 3319 1169 [igura-

1743 1189 1857 1236 tum
1885 1183 2161 1239 Christum
2189 1194 2605 1254 repraesentans.
2640 1187 2883 1244 Ubivero
2910 1189 3052 1244 LXX
3069 1193 3135 1245 de
3166 1192 3313 1247 Pon-

1748 1271 1892 1327 tiﬁce
1927 1274 1999 1327 ita
2044 1276 2388 1346 interpretati
2443 1288 2589 1343 sunt,
2643 1299 2661 1329 ι
2693 1290 2745 1334 ct
2794 1298 2900 1335 non
2940 1284 3142 1352 polluet
3170 1286 3318 1354 quod
3394 1348 3397 1349 ν

1745 1364 2140 1419 sanctiﬁcatum
2171 1375 2256 1421 est
2288 1367 2378 1423 Dei
2409 1372 2514 1433 sui,
2549 1373 2806 1441 quoniam
2839 1383 3089 1428 sanctmn
3131 1378 3315 1431 oleum

1744 1456 2019 1511 unctionis
2041 1457 2133 1512 Dei
2160 1460 2244 1513 sui
2268 1461 2335 1525 ",
2362 1481 2380 1512 ι
2412 1460 2467 1514 in
2492 1459 2758 1517 Hebraico
2778 1464 2994 1534 legitur,
3022 1469 3317 1536 «quoniam

1744 1546 1919 1601 Nazer
1949 1549 2127 1604 oleum
2162 1568 2176 1605 :
2212 1571 2230 1602 ›
2264 1552 2458 1619 Aquila
2493 1562 2670 1607 autem
2709 1555 2789 1609 sic
2816 1559 3103 1624 convertit,
3140 1576 3158 1609 ι
3192 1574 3324 1627 quo-

1745 1641 1889 1693 niam
1932 1643 2274 1713 segrcgatio,
2320 1645 2499 1698 oleum
2550 1646 2830 1701 unctionis
2864 1646 2957 1703 Dei
3017 1651 3101 1704 sui
3158 1665 3323 1720 super

1746 1733 1942 1804 ipsum.
1977 1755 1997 1786 ι
2040 1734 2402 1808 Symmachus
2448 1747 2651 1803 autem,
2694 1759 2711 1791 ι
2743 1743 3000 1811 quoniam
3055 1745 3320 1798 intactum

1745 1826 1924 1878 oleum
1954 1827 2229 1882 unetionis
2264 1827 2357 1882 Dei
2388 1829 2471 1882 sui
2496 1845 2661 1899 super
2691 1829 2889 1900 ipsum.
2928 1852 2946 1882 ι
2977 1830 3321 1887 Theodotion

1736 1931 1888 1981 vero,
1927 1936 1945 1969 ι
1970 1922 2225 1986 quoniam
2267 1917 2445 1974 Nazer
2483 1921 2661 1975 oleum
2695 1922 2970 1976 unctionis
3012 1938 3042 1976 a
3078 1923 3189 1978 Deo
3221 1939 3323 1979 suo

105 2014 348 2086 Ναζιραῖος
390 2011 657 2082 γεγονὼς,
688 2011 800 2083 ἀλλ’
841 2010 915 2066 ὣν
963 2012 1061 2083 μὲν
1094 2015 1160 2083 τῇ
1196 2011 1355 2080 φύσει
1380 2010 1639 2075 τοιοῦτος,

1750 2022 1914 2077 super
1942 2008 2141 2079 ipsum.
2179 2028 2196 2061 ι
2231 2010 2410 2076 Quare
2440 2009 2614 2066 Nazer
2647 2013 2795 2082 ipsos
2820 2014 3039 2082 quidem
3064 2013 3205 2068 LXX
3235 2031 3324 2071 se-

106 2106 280 2175 κληθεὶς
314 2105 369 2158 δὲ
421 2105 519 2158 καὶ
550 2105 679 2175 παρ’
716 2101 1023 2175 ἀνθρώποις
1064 2103 1356 2174 Ναζιραῖος
1402 2103 1508 2157 ἀπὸ
1545 2103 1644 2174 τῆς

1750 2100 2040 2168 quentibus
2066 2111 2306 2155 sanctum
2337 2102 2461 2165 erit,
2495 2103 2673 2172 ipsum
2700 2119 2827 2157 vero
2853 2106 3131 2175 Aquilam,
3164 2121 3322 2174 sepa-

107 2196 328 2270 Ναζαρὲθ,
362 2195 499 2250 ἔνθα
523 2197 673 2266 παρὰ
702 2198 814 2259 τοῖς
839 2194 980 2248 κατά
1012 2195 1189 2265 σάρκα
1221 2192 1436 2263 γονεῦσι
1457 2192 1556 2263 τὴν
1588 2194 1645 2249 ἐν

1750 2191 1907 2255 ratio,
1942 2189 2329 2262 Symmachum
2358 2203 2561 2259 autem,
2595 2197 2889 2260 intactum;
2925 2198 3110 2267 itaque
3138 2214 3204 2252 ex
3239 2198 3325 2253 bis

107 2290 255 2342 παισὶν
303 2287 619 2359 ἀνατροφὴν
668 2286 889 2357 ἔσχηκε.
946 2283 1038 2337 Διὸ
1082 2284 1328 2338 λέλεκται
1368 2282 1521 2354 παρὰ
1568 2282 1646 2353 τῷ

1750 2280 2049 2336 Naziraaum
2098 2298 2296 2339 nomen
2348 2285 2706 2356 signiﬁcabit,
2758 2295 2851 2341 aut
2898 2296 3180 2354 sanctum,
3231 2301 3326 2344 aut

107 2380 322 2450 Ηατθαίῳ
345 2396 358 2411 ·
420 2399 442 2431 ι
477 2377 887 2452 Χρηματισθεὶς
926 2377 981 2430 δὲ
1025 2377 1143 2430 κατ’
1174 2377 1306 2448 ὄναρ
1357 2376 1534 2447 (δῆλον
1565 2375 1644 2439 δὲ,

108 2471 217 2525 ὅτιὸ
249 2471 489 2542 Ἰωσὴφ),
542 2468 889 2540 ἀνεχώρησεν
935 2469 1015 2531 είς
1045 2469 1113 2522 τὰ
1159 2467 1298 2539 μέρη
1346 2466 1444 2537 τῆς
1492 2463 1649 2520 Γαλι-

106 2562 228 2618 λαίας
242 2580 255 2594 °
279 2565 368 2618 καὶ
388 2561 572 2616 ἐλθὼν
597 2562 915 2633 κατῴκησεν
945 2562 1025 2626 εἰς
1047 2560 1201 2614 πόλιν
1215 2559 1514 2631 λεγομένην
1532 2560 1647 2612 Να-

107 2652 233 2724 ζαρὰ,
260 2654 402 2718 ὅπως
453 2652 718 2726 πληρωθῇ
769 2652 830 2705 τὸ
864 2652 1023 2725 ῥηθὲν
1051 2651 1140 2705 διὰ
1181 2651 1288 2705 τῶν
1334 2650 1646 2724 προφητῶν,

106 2743 167 2795 ὅτι
191 2743 491 2816 Ναζαραῖος
539 2744 890 2816 κληθήσεται.
945 2762 964 2795 ι
1006 2742 1154 2797 Ἔδει
1201 2743 1299 2814 μὲν
1333 2743 1441 2816 γὰρ
1488 2743 1648 2797 αὐτὸν

106 2832 153 2899 ἐξ
168 2834 382 2901 ἅπαντος
417 2836 585 2907 φύσει
616 2837 710 2891 κα)⁸
746 2834 973 2907 ἀληθείᾳ
1003 2833 1300 2901 Ναξιραῖον
1329 2836 1478 2898 ὄντα,
1503 2835 1647 2889 τοῦτ’

105 2925 218 2979 ἔστιν
242 2928 392 2997 ἅγιον
419 2927 514 2981 καὶ
547 2927 767 2982 ἄθικτον
800 2928 895 2982 καὶ
921 2927 1318 3000 ἀφωρισμένον,
1352 2924 1412 2991 ἐξ
1443 2924 1651 2998 ἀνθρώ-

106 3035 196 3072 πων
211 3018 468 3091 κληθῆναι
496 3019 767 3091 ταύτῃ”τῇ
785 3020 1127 3092 προσηγορίᾳ
1152 3033 1165 3048 ·
1196 3019 1307 3073 ἀλλ’
1343 3020 1465 3073 ἐπεὶ
1488 3019 1562 3091 μὴ
1586 3020 1649 3073 ὲκ

105 3110 176 3163 τοῦ
201 3111 377 3185 Ναζὲρ
406 3111 589 3165 ἐλαίου
618 3110 822 3183 ταύτης
848 3110 1004 3182 ἔτυχε
1026 3111 1123 3181 τῆς
1151 3111 1540 3184 προσηγορίας,
1576 3112 1650 3184 μὴ

106 3201 274 3274 δεηθεὶς
297 3202 647 3275 ἀνθρωπίνου
678 3202 999 3275 χρίσματος,
1022 3203 1085 3255 ἐκ
1114 3201 1206 3256 τοῦ
1236 3202 1397 3257 τόπου
1423 3203 1522 3274 τῆς
1541 3203 1652 3256 Να-

109 3294 237 3364 ζαρὲθ
262 3295 364 3367 τὴν
390 3296 711 3367 ἐπωνυμίαν
740 3295 1028 3366 ἐκτήσατο.
1056 3293 1272 3348 Τούτων
1313 3294 1484 3359 οὕτως
1518 3296 1652 3349 ἁπο-

1749 2382 2113 2446 segregatum,
2158 2383 2251 2430 aut
2299 2378 2587 2432 intactum.
2626 2379 2697 2433 At
2732 2397 2863 2436 vero
2910 2381 3075 2450 prisci
3105 2382 3326 2451 quidem

1749 2465 2100 2530 sacerdotes,
2174 2482 2297 2520 cum
2356 2468 2477 2523 oleo
2537 2478 2893 2540 comparato,
2971 2471 3115 2541 quod
3182 2471 3326 2542 apud

1750 2556 1937 2612 Mosen
1986 2557 2160 2613 Nazer
2215 2560 2536 2629 appellatur,
2592 2572 2956 2632 ungerentttr,
3006 2578 3073 2617 ex
3113 2563 3327 2618 deriva-

1748 2649 1898 2704 tione
1942 2648 2176 2704 aNazer
2236 2650 2578 2706 vocabantur
2620 2651 2869 2708 Nazirazi.
2923 2652 3029 2709 Sed
3082 2652 3327 2707 Salvator

1750 2746 1804 2793 et
1831 2737 2094 2795 Dominus
2123 2747 2331 2805 noster,
2363 2750 2552 2810 suapte
2589 2751 2787 2797 natura
2818 2744 2873 2798 in
2907 2760 2966 2800 se
3006 2744 3239 2811 habens,
3274 2753 3325 2799 et

1751 2838 2023 2896 sanctum,
2058 2841 2107 2886 et
2133 2832 2422 2899 intactum,
2449 2839 2503 2888 et
2522 2844 2855 2902 separatum,
2893 2852 3070 2906 neque
3095 2836 3328 2905 alicujus

1750 2922 2001 2994 indigens
2028 2924 2293 2979 humanae
2326 2927 2623 2990 unctionis,
2654 2937 2839 2982 tamen
2879 2927 3107 2982 Nazirazi
3138 2928 3327 2998 appel-

1708 3013 1718 3020 ”
1752 3013 2013 3070 lationem
2047 3014 2191 3084 apud
2216 3016 2465 3072 homines
2492 3018 2749 3083 obtinuit,
2774 3034 2885 3074 non
2924 3019 3071 3090 quod
3101 3019 3170 3074 ab
3203 3019 3329 3075 oleo

1752 3102 1897 3173 quod
1930 3102 2102 3157 Nazer
2117 3116 2406 3160 vocaretur
2427 3105 2707 3163 Nazirzeus
2742 3107 3035 3174 exstiterit,
3060 3108 3156 3163 sed
3183 3109 3328 3180 quod

1752 3196 2003 3267 quamvis
2038 3203 2235 3251 natura
2262 3198 2481 3268 quidem
2527 3199 2653 3254 talis
2698 3208 2865 3264 esset,
2900 3209 3081 3255 tamen
3125 3214 3156 3254 a
3198 3201 3328 3255 civi-

1753 3296 1866 3344 tate
1897 3289 2167 3345 Nazareth
2210 3292 2354 3360 apud
2381 3291 2633 3350 homines
2660 3292 2942 3348 Naziraeus
2980 3302 3208 3349 vocatus
3236 3293 3328 3357 sit.

80 3387 444 3460 δεδειγμένων,
477 3389 670 3462 καιρὸς
705 3387 1102 3458 ἐπισκέψασθαι
1127 3388 1219 3441 καὶ
1247 3387 1307 3452 ἐξ
1340 3387 1524 3442 ὁποίου
1553 3388 1649 3458 γέ-

1753 3384 1848 3438 ubi
1877 3382 2020 3453 apud
2048 3399 2199 3449 suos,
2232 3399 2341 3453 qua
2373 3383 2538 3439 homo
2576 3393 2715 3449 erat,
2752 3392 3029 3455 parentes,
3062 3384 3329 3454 puerilem

107 3495 218 3542 νους,
240 3479 292 3546 ἐξ
326 3478 520 3543 ὁποίας
540 3496 600 3533 τε
638 3477 900 3549 Ἐὅραίων
927 3478 1101 3548 φυλῆς
1127 3479 1155 3531 6
1178 3477 1368 3551 Σωτὴρ
1400 3478 1510 3531 τῶν
1543 3478 1646 3549 ψυ-

108 3569 192 3636 χῶν
214 3571 386 3641 ἡμῶν,
419 3572 449 3623 6
494 3569 728 3642 Χριστὸς
760 3568 854 3623 τοῦ
897 3567 1031 3623 Θεοῦ
1078 3567 1499 3640 προελεύσεσθαι
1524 3571 1653 3639 ἐκη-

111 3661 310 3729 ρύττετο.
350 3661 582 3733 ῙΙρὼτας
615 3660 672 3713 δὲ
702 3660 801 3724 τὰς
850 3659 1210 3731 εὐαγγελικὰς
1249 3660 1342 3714 καί¹
1373 3659 1502 3732 περὶ
1530 3657 1654 3712 τού-

108 3764 179 3802 του
202 3750 581 3824 παραθήσομαι
601 3749 777 3817 λέξεις
800 3766 814 3779 ·
841 3746 940 3803 εἶθ’
962 3749 1151 3821 ὥσπερ
1171 3750 1462 3822 ἁρμονίους
1485 3767 1656 3822 σφρα-

110 3837 231 3903 γῖδες
255 3840 356 3905 τὰς
377 3838 720 3912 προφητικὰς
748 3839 939 3903 αὐταῖς
965 3839 1208 3911 ἐπιθήσω
1235 3840 1557 3912 μαρτυρίας.
1597 3841 1655 3894 '0

114 3928 189 3995 μὲν
219 3926 305 3985 οὖν
339 3931 621 3996 Ματθαῖος
652 3924 757 3985 ὧδε
793 3930 885 3986 τὸν
914 3932 1148 4005 Χριστὸν
1176 3932 1318 3986 κατὰ
1352 3933 1531 4005 σάρκα
1564 3950 1658 4002 γε-

111 4019 352 4092 νεαλογεῖ·
393 4041 412 4073 ι
454 4022 645 4088 Βίϐλος
694 4023 961 4093 γενέσεως
1007 4024 1181 4097 Ἰησοῦ
1238 4025 1497 4097 Χριστοῦ,
1537 4023 1656 4079 υίοῦ

106 4114 256 4179 dum,
297 4115 415 4169 υἱοῦ
450 4115 721 4188 Ἀϐραάμ.
769 4115 1017 4187 Ἀϐραὰμ
1036 4117 1291 4188 ἐγέννησε
1318 4118 1408 4171 τὸν
1450 4118 1656 4183 Ἰσαὰκ,

122 4204 275 4259 Ἰσαὰκ
318 4206 374 4259 δὲ
404 4206 663 4276 ἐγέννησε
695 4204 786 4258 τὸν
824 4202 1038 4268 Ἰακὼϐ,
1078 4204 1270 4258 Ἰακὼϐ
1311 4206 1367 4259 δὲ
1402 4207 1658 4278 ἐγέννησε

114 4292 185 4344 τὸν
215 4294 431 4359 Ἰούδαν,
503 4297 596 4348 καὶ
659 4293 729 4347 τὰ
769 4292 914 4364 ἑξῆς.
949 4294 1170 4364 Συνᾴδει
1217 4295 1273 4350 δὲ
1316 4296 1465 4366 αὐτῷ
1498 4298 1591 4350 καὶ
1633 4299 1661 4350 ὁ

124 4384 431 4453 Ἀπόστολος,
452 4387 629 4455 λέγων
659 4386 966 4458 ἀφωρίσθαι
1003 4388 1121 4450 (εἰς
1154 4387 1480 4456 Εὐαγγέλιον
1502 4387 1659 4453 Θεοῦ,

113 4471 136 4523 ὅ
163 4477 617 4548 προεπηγγείλατο
642 4476 731 4531 διὰ
761 4476 870 4530 τῶν
906 4475 1200 4548 προφητῶν
1242 4478 1407 4530 αὐτοῦ
1436 4478 1492 4530 ὲν
1521 4477 1664 4549 Γρα-

115 4568 217 4629 cui;
242 4567 419 4637 ἁγίαις
464 4568 595 4638 περὶ
626 4564 719 4620 τοῦ
764 4565 895 4619 Υίοῦ
930 4564 1097 4618 αὐτοῦ
1127 4564 1223 4618 τοῦ
1263 4564 1552 4636 γενομένου
1597 4567 1661 4619 ἐκ

116 4657 394 4730 σπέρματος
426 4658 590 4712 Δαόὶδ
636 4656 779 4711 κατά
812 4656 1010 4729 σάρκα.
1048 4675 1066 4707 ι
1096 4656 1312 4709 Γένοιτο
1341 4655 1386 4709 δ’
1427 4656 1493 4710 ἂν
1528 4655 1664 4728 σύμ-

117 4764 239 4814 φωνα
258 4753 430 4807 ταῦτα
460 4754 583 4816 ταῖς
606 4750 780 4815 οῦτως
818 4750 1068 4820 ἐχούσαις
1096 4750 1483 4821 προρρήσεσιν.

1750 3471 2129 3527 educationem
2164 3473 2420 3528 obtinuit.
2462 3473 2541 3528 Ex
2572 3490 2682 3544 quo
2725 3474 2870 3544 apud
2897 3474 3208 3530 Matth-deum
3247 3474 3326 3529 di-

1753 3571 1902 3616 ctum
1952 3571 2075 3618 est:
2108 3562 2272 3633 350
2297 3581 2317 3615 ‹
2345 3563 2632 3634 Responso
2663 3574 2847 3620 autem
2887 3565 2944 3619 in
2992 3567 3202 3620 somnis
3234 3579 3329 3620 ac-

1753 3661 1910 3721 oetpto
1941 3642 2080 3722 (ipse
2107 3653 2362 3710 videlicet
2388 3653 2614 3727 Ioseph)
2648 3655 2879 3712 secessit
2908 3655 2964 3709 in
3012 3663 3198 3725 partes
3227 3652 3337 3709 Ga-

1755 3740 1941 3809 lilazaa;
1986 3750 2041 3797 et
2068 3744 2292 3801 veniens
2329 3745 2597 3801 habitavit
2626 3748 2684 3801 in
2724 3747 2945 3802 civitate
2975 3761 3097 3816 quae
3128 3745 3335 3800 dicitur

1756 3831 1990 3902 Naaara,
2024 3842 2085 3889 ut
2119 3835 2440 3907 impleretur
2461 3841 2607 3909 quod
2630 3838 2838 3895 dictum
2866 3845 2951 3895 est
2980 3853 3075 3909 per
3097 3837 3336 3909 pr0phe-

1756 3933 1887 3989 tam,
1907 3924 2052 3994 quod
2081 3924 2373 3984 Nazaraeus
2396 3929 2681 3985 vocabitur
2698 3930 2768 3985 ".
2790 3948 2816 3982 ,ι
2860 3927 3160 4001 Oportebat
3183 3930 3332 3985 enim

1756 4027 2152 4084 usquequaque
2178 4029 2302 4069 cum
2332 4017 2449 4087 ipse
2476 4024 2668 4088 suapte
2696 4025 2894 4073 natura
2921 4025 2979 4075 et
3008 4033 3197 4074 revera
3226 4016 3338 4072 Na-

1758 4104 1953 4161 ziraeus
1977 4116 2143 4171 esset,
2170 4107 2273 4162 hoc
2301 4116 2388 4164 est
2414 4115 2660 4177 sanctus,
2685 4110 2946 4175 intactus,
2990 4117 3328 4180 segregatus,

1758 4196 1912 4250 illum
1964 4198 2033 4253 ab
2063 4198 2380 4255 hominibus
2423 4201 2525 4256 hae
2570 4201 2936 4272 appellatione
2973 4202 3190 4267 vocari;
3240 4199 3337 4256 sed

1760 4287 2021 4359 quoniam
2064 4305 2176 4344 non
2223 4305 2254 4344 a
2288 4289 2461 4346 Nazer
2489 4291 2611 4348 oleo
2644 4291 2788 4346 hanc
2808 4274 3067 4347 'obtinuit
3100 4289 3327 4360 appella.

1760 4379 1985 4446 tionem,
2015 4382 2216 4452 quippe
2245 4384 2339 4452 qui
2368 4383 2620 4438 humanae
2651 4383 2856 4439 nullius
2889 4383 3168 4438 unctionis
3193 4380 3340 4435 indi-

1763 4479 1934 4542 geret,
1993 4488 2022 4526 a
2068 4475 2188 4529 loco
2233 4473 2503 4532 Nazareth
2553 4475 3051 4532 denominationem
3099 4473 3314 4544 accepit

1762 4564 1898 4620 Cum
1924 4563 2091 4634 igitur
2122 4566 2236 4621 haec
2262 4565 2317 4620 in
2347 4567 2497 4622 hunc
2527 4567 2748 4622 modum
2781 4574 3000 4623 ostensa
3032 4566 3162 4631 sint,
3194 4574 3338 4620 tem-

1764 4676 1870 4730 pus
1896 4661 2009 4731 jam
2041 4676 2164 4716 esse
2200 4660 2415 4716 videtur
2447 4661 2738 4732 inspicere,
2785 4668 2838 4717 et
2870 4678 2933 4716 ex
2967 4676 3076 4732 quo
3109 4675 3333 4731 genere.

1628 4778 1632 4785 ι
1697 4744 1741 4800 D
1765 4760 1820 4806 et
1841 4765 1907 4806 ex
1942 4767 2049 4821 qua
2088 4750 2438 4806 Hebraeorum
2480 4753 2652 4816 tribu,
2688 4753 2994 4807 animarum
3024 4759 3339 4808 nostrarum

117 4840 334 4903 Salvator
359 4848 618 4903 Christus
678 4845 771 4901 Dei
811 4845 1128 4917 proditurus
1198 4843 1565 4899 nuntiaretur.
1604 4842 1871 4900 Caeterum
1914 4844 2018 4899 hac
2049 4845 2115 4901 de
2161 4862 2221 4901 re
2246 4846 2482 4916 primum
2517 4846 2686 4901 verba
2754 4847 2940 4902 citabo
2993 4845 3338 4915 evangelica,

117 4937 280 4994 deinde
306 4949 567 5011 tanquam
607 4948 764 4995 notas
785 4947 949 5009 atque
978 4936 1371 5008 impressiones
1412 4938 1650 4993 maxime
1686 4939 2149 5005 accommodatas,
2213 4940 2533 5011 prophetica
2572 4940 2683 4995 illis
2750 4938 3042 5011 adjungam
3103 4938 3343 4994 testimo-

116 5029 209 5086 nia.
239 5031 521 5088 Mattbzeus
544 5046 676 5103 ergo
730 5031 938 5087 Christi
999 5046 1195 5101 genus,
1270 5040 1538 5101 quatenus
1582 5031 1648 5085 ad
1700 5032 1992 5086 humanam
2048 5032 2168 5101 ejus
2211 5042 2463 5089 naturam
2508 5035 2768 5103 pertinet,
2808 5034 2872 5088 in
2921 5033 3068 5086 hunc
3117 5028 3340 5084 modum

117 5122 387 5181 describit:
426 5144 446 5177 ι
477 5124 639 5179 Liber
673 5123 1045 5195 generationis
1088 5122 1217 5179 Iesu
1261 5122 1503 5187 Christi,
1558 5123 1654 5178 ﬁlii
1696 5123 1886 5187 David.
1926 5124 2021 5178 lilii
2055 5126 2354 5181 Abraham.
2389 5126 2664 5181 Abraham
2728 5125 2916 5196 genuit
2972 5125 3151 5179 Isaac:
3192 5120 3345 5176 Isaac

116 5221 268 5269 autem
324 5214 518 5287 genuit
577 5210 767 5268 Iacob.
822 5211 995 5269 Iacob
1057 5221 1239 5268 autem
1317 5214 1503 5283 genuit
1561 5211 1759 5269 Iudam
1810 5214 1878 5280 “,
1910 5232 1929 5265 ι
1984 5221 2039 5270 et
2104 5230 2226 5285 qua:
2293 5223 2621 5286 sequuntur.
2665 5213 2806 5269 Huic
2862 5228 2995 5269 vero
3047 5210 3346 5282 Apostolus

117 5319 302 5379 quoque
324 5305 647 5368 concordat,
683 5304 776 5374 qui
806 5304 959 5367 dicit,-
1005 5321 1023 5354 ι
1057 5309 1401 5374 segregatum
1439 5318 1499 5358 se
1527 5319 1650 5360 esse
1689 5305 1744 5359 in
1779 5303 2132 5375 Evangelium
2171 5304 2289 5370 Dei,
2337 5305 2485 5378 quod
2524 5316 2651 5361 ante
2714 5304 3038 5376 promiserat
3067 5318 3164 5375 per
3218 5316 3343 5372 pro-

117 5395 282 5465 phetas
308 5414 438 5455 suos
469 5397 527 5452 in
559 5395 859 5467 Scripturis
897 5396 1102 5452 sanctis
1131 5395 1199 5451 de
1227 5393 1362 5450 Filio
1392 5410 1517 5460 suo,
1555 5397 1649 5466 qui
1691 5401 1869 5453 factus
1922 5405 2007 5452 est
2070 5414 2137 5453 ex
2194 5398 2402 5455 semine
2431 5397 2604 5455 David
2640 5396 2939 5456 secundum
2973 5409 3193 5453 carnem
3215 5393 3287 5455 ".
3316 5408 3343 5449 ι

116 5484 310 5546 Fuerint
332 5506 463 5548 vero
504 5490 621 5545 haec
643 5494 1009 5547 consentanea
1052 5489 1142 5556 iis,
1187 5504 1310 5561 quae
1341 5490 1417 5544 ita
1458 5505 1518 5546 se
1561 5489 1788 5558 habent,
1822 5491 2083 5548 oraculis.

182 5675 687 5756 ‘Lévit.xx1,12.
762 5684 1337 5756 "Matth.tt,22,25.
1415 5682 1896 5753 "Hattb.t,l,2.
1970 5685 2421 5754 "nomina.

1678 5923 1757 5953 οη
