3894 6508
530 461 538 469 ο
596 410 703 506 5t:

1265 406 1532 496 Bessan
1565 404 2046 493 cEssmsssrs
2087 434 2237 490 opp.
2281 433 2463 488 rans
2501 430 2564 489 ιι.
2589 427 3175 487 ——APOLOGETICA.
3701 437 3782 492 sis

597 577 663 618 ac
687 560 828 614 Deus
853 557 1020 613 Iacob
1056 557 1235 609 locum
1273 554 1379 609 sibi
1418 568 1482 608 ac
1514 551 1933 607 tabernaculum
1964 550 2171 605 consti-

2278 549 2475 621 ἀρτίως
2506 546 2858 614 ἐξετάσαντες
2882 545 3197 615 ἐδείκνυμεν
3226 530 3585 618 ἀναφέρεσθαι
3610 551 3697 606 οὐδ’
3721 558 3784 627 ἐφ’

596 663 819 710 tuturus
846 652 1085 710 canitur,
1118 647 1263 718 quod
1292 647 1472 718 ipsum
1506 661 1632 699 cum
1666 643 1902 699 Michsea:
1938 642 2177 713 prophe-

599 748 671 800 tia
703 742 1000 798 concordat
1035 738 1251 792 dicente
1285 756 1298 791 :
1357 754 1376 787 ι
1406 734 1471 788 Ει
1506 743 1584 801 tu,
1620 733 1932 788 Bethlehem
1980 732 2175 786 domus

597 835 895 909 Ephratha.
932 831 1010 885 Ex
1041 838 1094 885 te
1122 830 1255 884 mihi
1289 829 1602 899 egredietur
1644 827 1783 881 dux:
1821 832 1876 881 et
1918 840 2176 896 egressus

596 932 715 1001 ejus
751 928 819 983 ab
851 926 1006 981 initio
1032 940 1096 979 ex
1121 925 1315 979 diebus
1337 922 1521 977 saeculi
1544 937 1558 987 ;
1585 940 1603 972 ›
1639 936 1760 991 qua:
1779 935 1902 974 cum
1930 919 2179 990 proxime

598 1044 995 1094 scrutareinur,
1038 1028 1377 1085 ostendimus
1410 1028 1478 1082 ad
1508 1029 1717 1082 nullum
1750 1028 1915 1082 alium
1939 1044 2059 1082 esse
2092 1042 2178 1082 re-

600 1126 844 1192 ferenda,
875 1140 1036 1194 quam
1075 1123 1142 1176 ad
1180 1139 1348 1176 unum
1402 1120 1736 1175 Salvatorem
1781 1136 1843 1175 ac
1890 1120 2175 1175 Dominum

600 1232 848 1275 nostrum
895 1218 1083 1273 Iesum
1135 1217 1226 1287 qui
1276 1216 1528 1270 Christus
1580 1225 1662 1269 est
1703 1212 1818 1274 Dei,
1872 1215 2073 1284 quique
2123 1214 2175 1267 in

600 1314 942 1374 Bethlehem,
968 1313 1114 1366 sicut
1140 1310 1440 1379 prophetiae
1471 1308 1856 1376 praedixerant,
1889 1316 2048 1360 natus
2071 1313 2171 1360 est.

599 1404 823 1460 Nullum
876 1405 1020 1458 enim
1070 1404 1235 1455 alium
1284 1402 1556 1470 quispiam
1611 1414 1850 1468 unquam
1901 1397 2174 1461 ostendet,

584 1488 696 1569 qui
750 1499 875 1552 inde
915 1511 1037 1550 cum
1075 1497 1245 1564 gloria
1289 1505 1403 1563 post
1460 1495 1632 1562 ipsius
1691 1491 1988 1561 prephetiae
2043 1501 2178 1543 tein-

602 1606 735 1661 pora
763 1588 1067 1659 prodierit:
1098 1588 1284 1641 nullus
1314 1588 1457 1641 enim
1496 1600 1671 1654 neque
1699 1600 1813 1644 rex,
1845 1598 2019 1652 neque
2052 1598 2178 1652 pro-

602 1684 791 1754 pheta,
824 1696 1002 1750 neque
1048 1681 1192 1734 alius
1231 1678 1505 1748 quispiam
1542 1690 1732 1730 eorum
1764 1673 1857 1743 qui
1897 1672 2039 1744 apud
2073 1673 2179 1728 He-

600 1774 779 1830 bmos
815 1771 925 1826 Deo
960 1770 1121 1824 amici
1162 1769 1385 1829 fuerint,
1422 1778 1620 1837 praeter
1654 1783 1820 1820 unum
1844 1764 2177 1820 Salvatorem

603 1879 669 1919 ac
703 1862 990 1918 Dominum
1021 1869 1271 1915 nostrum
1306 1859 1399 1930 qui
1433 1860 1686 1914 Christus
1720 1868 1801 1913 est
1826 1857 1941 1921 Dei,
1965 1865 2175 1910 utrum—

2277 640 2461 711 ἕτερον
2501 639 2533 711 ἢ
2583 637 2675 691 ἐπὶ
2718 638 2877 709 μόνον
2918 636 3009 691 τὸν
3048 635 3275 707 Σωτῆρα
3317 637 3416 689 καὶ
3450 638 3636 711 Κύριον
3670 644 3787 715 ἡμῶν

2289 729 2495 803 Ἰησοῦν
2514 723 2603 783 τόν
2627 729 2860 801 Χριστὸν
2876 726 2970 781 τοῦ
2999 724 3157 790 Θεοῦ,
3183 727 3241 780 ὲν
3265 726 3514 799 Βηθλεὲμ
3541 734 3647 795 ταῖς
3668 741 3788 810 προρ-

2279 826 2500 896 ρήσεσιν
2518 820 2828 884 ἀκολούθως
2850 819 3267 891 γεγεννημένον.
3296 821 3412 873 Οὐκ
3438 821 3504 873 ἀν
3533 822 3648 888 γοῦν
3673 825 3786 881 ἀλλον

2276 933 2359 979 τις
2391 913 2704 979 ἐπιδείξειεν
2735 914 2799 965 ὲκ
2824 911 3026 982 ταύτης
3059 908 3281 975 ἐνδόξως
3320 911 3460 981 μετά
3487 915 3601 977 τοὺς
3628 932 3775 988 προφη

2278 1007 2426 1069 τείας
2472 1005 2695 1077 χρόνους
2745 1004 3096 1076 προελθόντα·
3128 1003 3251 1056 οὔτε
3288 1002 3401 1074 γὰρ
3437 1004 3787 1071 βασιλεῦςνσῧτε

2278 1097 2588 1167 προφήτης,
2620 1093 2725 1147 οὐδ’
2753 1094 2941 1165 ἕτερός
2972 1111 3055 1155 τις
3081 1093 3187 1145 τῶν
3210 1093 3342 1165 παρ’
3378 1093 3631 1164 Ἑϐραίοις
3656 1097 3786 1168 θεσφι.

2278 1187 2404 1249 λῶν,
2446 1188 2478 1259 ἦ
2515 1187 2671 1257 μόνος
2704 1188 2731 1237 ὁ
2765 1186 2954 1257 Σωτὴρ
2998 1186 3090 1237 καὶ
3126 1184 3329 1255 Κύριος
3371 1184 3525 1255 ἡμῶν
3562 1189 3587 1239 6
3614 1188 3787 1259 Χριστὸς

2276 1280 2370 1332 τοῦ
2403 1280 2560 1343 (θεοῦ,
2602 1277 2738 1349 ὁμοῦ
2768 1279 2860 1332 καὶ
2891 1280 2953 1330 ἐκ
2986 1278 3299 1350 σπέρματος
3333 1278 3518 1343 Δαϐἰδ,
3553 1280 3633 1333 καὶ
3653 1282 3785 1334 αὐτόθι

2280 1374 2671 1443 γεγεννημένος
2717 1371 3119 1424 ἀποδείκνυται.
3179 1372 3319 1445 Ὥρα
3363 1373 3637 1442 τοιγαροῦν
3673 1373 3786 1427 αὑτὸν

2279 1468 2484 1519 ἐκεῖνον
2517 1461 2676 1527 εἶναι,
2716 1463 2806 1516 καὶ
2844 1463 2965 1515 οὐδὲ
3013 1462 3088 1529 (1)
3123 1462 3280 1516 ἄλλον
3307 1463 3403 1515 τὸν
3429 1466 3519 1516 καὶ
3565 1466 3616 1517 ὲν
3635 1465 3786 1530 τούτοις

2280 1554 2752 1626 προφητευόμενον
2784 1552 3088 1624 ὁμολογεῖν.
3110 1554 3191 1605 ὅτι
3210 1570 3268 1605 τε
3293 1553 3482 1621 σαφῶς
3513 1556 3566 1607 ὲν
3585 1560 3677 1620 τοῖς
3700 1559 3786 1628 ἑῆς

2278 1650 2306 1700 6
2328 1648 2489 1712 αὐτὸς
2517 1647 2729 1717 eatea;
2761 1646 3019 1716 ὀνομαστί
3046 1646 3135 1699 τὸν
3178 1646 3417 1718 Χριστὸν
3445 1650 3786 1719 προσαγορεύων

2277 1741 2435 1795 τοῦτο
2468 1742 2785 1813 παρίστησι,
2829 1738 2895 1792 δι’
2926 1733 3000 1793 ὧν
3033 1757 3213 1812 φησιν’
3263 1758 3282 1790 ι
3323 1741 3542 1794 Ἕνεκεν
3569 1742 3703 1795 Δαϐὶδ
3722 1744 3785 1796 τοῦ

2279 1834 2461 1888 δούλου
2505 1851 2598 1886 σου
2647 1833 2722 1904 μὴ
2762 1834 3115 1906 ἀποστρέψῃς
3152 1834 3213 1886 τὸ
3257 1835 3546 1907 πρόσωπον
3585 1835 3663 1889 τοῦ
3694 1836 3786 1906 Χρι-

602 1972 710 2027 que
757 1955 1015 2009 habuisse
1071 1952 1505 2015 demonstratur,
1558 1960 1612 2004 et
1662 1949 1806 2021 quod
1853 1949 1920 2004 de
1969 1949 2175 2004 semine

2284 1926 2408 1979 στοῦ
2451 1942 2568 1980 σου·
2604 1946 2621 1978 ι
2662 1929 2756 1981 καὶ
2789 1927 2969 1981 πάλιν·
3015 1946 3033 1978 ι
3080 1927 3228 1981 Ἐκεῖ
3259 1928 3559 1994 ἐξανατελῶ
3579 1928 3715 2001 κέρας
3734 1929 3786 1999 τῷ
3814 1966 3819 1971 -

606 2060 808 2122 David,
840 2071 893 2116 et
920 2061 1063 2130 quod
1092 2060 1147 2113 in
1177 2075 1243 2114 eo
1274 2060 1395 2114 loco
1428 2060 1500 2113 sit
1529 2067 1712 2113 natus.
1746 2056 1984 2128 Tempus
2016 2057 2181 2127 igitur

598 2158 713 2228 jam
740 2164 823 2211 est
852 2164 911 2211 ut
938 2156 1087 2209 illum
1132 2155 1311 2225 ipsum
1352 2168 1474 2208 esse
1511 2168 1622 2207 non
1665 2153 1832 2206 alium
1868 2152 2180 2221 quempiam

605 2248 897 2311 fateamur,
922 2249 1014 2317 qui
1041 2249 1094 2300 in
1127 2247 1215 2300 his
1245 2246 1578 2315 propheticis
1606 2244 1789 2299 verbis
1819 2242 2179 2314 signiﬁcatur,

602 2339 994 2409 evidenterque
1049 2340 1103 2392 in
1138 2338 1206 2393 iis
1254 2353 1377 2407 quae
1415 2344 1724 2407 sequuntur
1752 2336 2003 2392 eumdem
2034 2337 2180 2406 psal-

603 2446 775 2493 mum,
795 2430 922 2485 dum
950 2430 1268 2484 nominatim
1288 2429 1570 2484 Christum
1594 2430 1850 2500 appellat,
1874 2429 1978 2484 hoc
1999 2429 2181 2498 ipsum

603 2520 915 2583 ostendere,
954 2521 1045 2573 ubi
1092 2521 1198 2574 ait:
1235 2538 1253 2570 ι
1278 2518 1512 2591 Propter
1539 2519 1708 2574 David
1755 2536 1975 2576 servum
2001 2529 2176 2588 tuum,

605 2627 675 2667 ne
703 2621 918 2667 avertas
950 2611 1142 2667 faciem
1169 2612 1375 2666 Christi
1410 2614 1488 2666 tui
1509 2611 1576 2665 ⁸⁵³.
1602 2611 1706 2666 »Ει
1739 2628 1966 2669 rursus:
2010 2612 2181 2669 «Illuc

604 2702 906 2773 producam
936 2719 1109 2757 cornu
1142 2703 1344 2757 David:
1394 2706 1581 2773 paravi
1630 2705 1908 2760 lucernam
1958 2704 2181 2760 Christo

606 2808 748 2849 meo.
814 2792 1074 2848 Inimicos
1136 2794 1257 2862 ejus
1324 2796 1547 2850 induam
1617 2795 1962 2856 confusione.
2016 2812 2182 2867 super

608 2887 789 2955 ipsum
835 2893 1016 2940 autem
1047 2886 1316 2940 elllorebit
1350 2888 1715 2944 sanctiﬁcatio
1761 2904 1881 2942 mea
1900 2890 1970 2944 ’°.
2000 2908 2018 2941 ι
2073 2889 2180 2945 Sed

609 2976 701 3028 ubi
731 2974 949 3030 tandem
1005 2977 1081 3028 ait
1105 2991 1164 3031 se
1202 2977 1598 3047 producturum
1633 2995 1805 3035 cornu
1838 2979 2030 3046 David,
2072 2982 2181 3038 nisi
2216 2996 2225 3001 '

609 3065 665 3120 in
698 3065 1008 3123 Bethlehem
1039 3077 1201 3139 atque
1226 3071 1282 3123 in
1310 3068 1628 3140 Ephratha?
1665 3071 1794 3127 Inde
1826 3075 1972 3129 enim
2007 3090 2181 3129 cornu

608 3158 781 3213 David
811 3160 1066 3216 Christus
1111 3171 1384 3231 quatenus
1425 3164 1493 3218 ad
1522 3175 1773 3227 naturam
1807 3168 2042 3236 pertinet
2087 3167 2183 3222 liu-

607 3280 847 3329 manam,
882 3268 1037 3336 quasi
1070 3269 1263 3337 ingens
1295 3269 1478 3323 lumen
1509 3279 1761 3331 exortum
1793 3279 1901 3326 est.
1927 3270 2029 3327 llic
2050 3272 2179 3328 item
2209 3270 2250 3328 C

604 3356 809 3412 Christi
844 3358 1064 3413 lucerna
1087 3359 1156 3413 ab
1187 3362 1308 3430 ipso
1331 3359 1440 3416 Deo
1472 3363 1710 3417 universi
1738 3372 2040 3433 praeparata
2062 3375 2174 3421 est:

607 3446 775 3501 fuerit
804 3456 984 3503 autem
1031 3449 1147 3504 haec
1176 3451 1399 3506 lucerna
1426 3454 1583 3521 quasi
1618 3454 1975 3525 intelligihilis
2018 3456 2176 3521 lucis,

605 3535 905 3591 humanum
955 3553 1179 3608 corpus,
1224 3556 1320 3609 per
1362 3543 1508 3612 quod
1540 3543 1715 3598 instar
1754 3547 1978 3600 testacei
2010 3548 2176 3612 vasis,

600 3631 864 3697 tanquam
899 3644 996 3699 per
1042 3631 1343 3696 lucernam,
1380 3634 1586 3704 proprii
1632 3635 1858 3692 luminis
1890 3638 2075 3693 radios
2122 3639 2176 3693 in

602 3731 818 3782 omnes,
853 3721 1172 3791 quicunque
1204 3723 1509 3793 ignorantia
1544 3723 1641 3780 Dei
1672 3735 1726 3781 et
1766 3728 2055 3797 profundis
2098 3737 2179 3785 te-

603 3809 789 3863 nebris
822 3812 1230 3879 premebantur,
1259 3814 1462 3868 emisit.
1502 3814 1712 3871 Etenim
1757 3821 1812 3873 in
1842 3820 1927 3875 his
1958 3835 2178 3891 quoque

602 3899 969 3955 demonstrari
986 3904 1305 3972 planissime
1317 3907 1555 3962 arbitror
1578 3906 1747 3963 Deum
1767 3909 1958 3976 Jacob,
1984 3915 2078 3983 qui
2109 3914 2178 3969 ab

604 3990 760 4044 initio
782 3998 835 4046 et
850 4008 917 4047 ex
937 3994 1131 4049 diebus
1154 3998 1339 4052 saeculi
1356 3999 1595 4066 exsistit,
1616 4001 1684 4056 ad
1705 4002 1953 4063 homines
1978 4017 2175 4062 ventu-

604 4095 814 4147 rum,et
837 4085 1107 4142 oriturum
1130 4104 1240 4145 non
1263 4092 1390 4147 alibi
1420 4101 1688 4149 terrarum
1707 4111 1869 4167 quam
1896 4099 1951 4152 in
1973 4097 2179 4156 Bethle-

579 4173 724 4261 ﬁ,hem
750 4176 891 4241 loco,
915 4178 1008 4248 qui
1026 4195 1134 4234 non
1154 4185 1345 4252 procul
1370 4186 1438 4241 ab
1462 4185 1853 4261 Hierosolymis
1868 4190 2029 4247 hodie
2041 4208 2178 4263 quo-

600 4280 707 4334 que
724 4266 945 4336 visitur,
974 4272 1065 4327 ubi
1082 4288 1213 4329 sane
1229 4291 1338 4330 non
1353 4278 1495 4333 alius
1512 4287 1634 4349 post
1646 4281 2031 4351 prophetarum
2047 4293 2179 4339 tem-

599 4372 732 4427 pora
755 4359 1004 4428 illustris,
1020 4372 1075 4419 et
1095 4366 1239 4436 apud
1258 4383 1451 4426 omnes
1473 4371 1722 4429 homines
1735 4376 1907 4446 gloria
1919 4376 2174 4442 celebris,

599 4461 765 4536 3&9
794 4482 958 4536 quam
991 4486 1133 4526 unus
1169 4470 1332 4529 Jesus
1360 4473 1614 4533 Christus
1648 4480 1718 4534 ab
1765 4482 2021 4537 omnibus
2055 4482 2176 4551 ejus

602 4553 707 4608 loci
739 4557 935 4613 incolis
965 4559 1081 4629 (qui
1117 4564 1338 4632 quidem
1386 4566 1466 4621 sic
1495 4581 1619 4622 cum
1651 4572 1981 4641 evangelicis
2023 4575 2175 4627 voci-

601 4643 706 4700 bus
733 4651 1090 4722 concordant)
1132 4663 1296 4711 natus
1339 4672 1462 4712 esse
1489 4659 1824 4728 perhibetur.
1858 4662 1954 4716 Est
1994 4673 2174 4718 autem

604 4735 944 4806 Bethlehem,
993 4759 1059 4798 ex
1091 4745 1562 4817 interpretatione,
1601 4750 1789 4807 domus
1827 4758 2003 4824 panis,
2056 4774 2176 4827 qua:

602 4830 686 4885 sic
728 4832 949 4901 quidem
995 4835 1239 4904 ejusdem
1294 4848 1379 4895 est
1413 4844 1652 4899 nominis
1695 4859 1819 4899 cum
1869 4863 1934 4902 eo
1970 4852 2063 4919 qui
2105 4850 2174 4907 de

603 4921 723 4992 ipsa
755 4924 1030 4993 profectus
1074 4938 1184 4991 est.
1224 4929 1507 4990 Salvatore
1557 4944 1766 5003 nostro,
1815 4942 1905 5010 qui
1942 4958 2067 4996 cum
2100 4945 2172 4999 sit

604 5012 700 5068 Dei
742 5013 982 5071 Verbum
1026 5027 1082 5074 et
1116 5021 1278 5085 ratio,
1330 5025 1647 5081 animalium
1682 5030 2031 5086 rationalium
2086 5045 2170 5089 est

601 5104 944 5163 alimentum.
1003 5106 1176 5175 Quam
1223 5126 1338 5166 rem
1382 5116 1499 5184 ipse
1543 5132 1760 5188 quoque
1808 5120 2167 5189 demonstrat,

601 5196 695 5251 ubi
737 5198 844 5253 ait:
874 5216 894 5249 ι
924 5198 1035 5271 Ego
1065 5216 1185 5256 sum
1213 5204 1369 5272 panis
1397 5208 1487 5276 qui
1524 5209 1591 5264 de
1613 5212 1753 5267 cmlo
1780 5213 2034 5269 descendi
2053 5217 2118 5272 ".
2145 5237 2164 5271 ι

601 5285 803 5345 Verum
850 5295 1108 5363 quoniam
1154 5298 1269 5353 haec
1320 5300 1508 5357 eadem
1561 5303 1731 5373 ipsius
1783 5305 1951 5361 David
1996 5309 2167 5378 patria

602 5379 723 5447 fuit,
749 5384 945 5439 merito
967 5387 1061 5456 qui
1088 5391 1301 5447 ratione
1320 5392 1570 5447 humana:
1592 5402 1799 5451 naturae
1824 5397 1990 5454 David
2020 5403 2165 5458 [ilius

600 5483 725 5549 fuit,
744 5503 811 5543 ex
832 5487 936 5545 hoc
969 5490 1090 5562 ipso
1112 5493 1234 5550 loco
1261 5496 1542 5567 profectus
1567 5506 1672 5565 est,
1704 5502 1757 5555 in
1792 5518 1859 5558 eo
1887 5519 2018 5561 sane
2039 5522 2163 5563 cum

599 5577 935 5650 propheticis
977 5587 1321 5644 concordans
1365 5591 1603 5648 oraculis
1648 5610 1661 5646 :
1705 5594 1889 5667 itaque
1931 5600 2166 5657 obscura

594 5681 723 5724 esse
747 5673 983 5744 amplius
1015 5692 1181 5733 causa
1210 5696 1318 5736 non
1350 5693 1550 5751 potest,
1589 5702 1689 5742 cur
1715 5689 1820 5744 sibi
1854 5689 2165 5749 Bethlehem

668 5776 717 5813 ε’
745 5780 890 5837 Psal.
920 5798 1101 5854 cxxxt,
1135 5789 1221 5843 10.
1300 5792 1345 5823 ὀ
1369 5793 1499 5851 ibid.
1536 5797 1621 5863 17,
1651 5799 1736 5855 18.
1818 5804 1862 5835 ’ί
1893 5802 2144 5874 Joan.v1,
2176 5808 2266 5865 41.

560 5916 566 5927 .
669 5872 919 5947 (ι)Οὑδ’.
952 5876 1091 5951 Lege
1120 5884 1249 5954 ούχο
1285 5888 1411 5944 item
1453 5902 1503 5946 et
1542 5896 1705 5964 paulo
1738 5907 1883 5969 post.
1929 5900 2084 5959 Eon.

2282 2019 2468 2084 Δαόὶδ,
2487 2019 2758 2091 ήτοίμασα
2787 2019 2979 2092 λύχνον
3006 2019 3084 2091 τῷ
3100 2019 3323 2093 Χριστῷ
3342 2038 3463 2091 μου.
3483 2021 3609 2084 Τοὺς
3623 2021 3785 2092 ἐχθρῶς

2283 2111 2447 2165 αὐτοῦ
2491 2112 2693 2166 ἐνδύσω
2725 2113 3007 2185 αἰσχύνην,
3052 2113 3144 2166 ἐπὶ
3186 2112 3243 2167 δὲ
3287 2113 3452 2165 αὑτὸν
3491 2113 3785 2184 ὲξανθήσειτὸ

2282 2206 2530 2276 ἀγίασμά
2557 2223 2678 2277 μου.
2714 2225 2733 2257 ι
2769 2206 2879 2260 Ποῦ
2907 2206 2963 2259 δέ
2994 2223 3178 2278 φησιν,
3219 2225 3237 2258 ι
3285 2206 3435 2259 Ἐκεῖ
3452 2206 3785 2271 ὲξανατελῶκέ-

2287 2314 2384 2370 ρας
2414 2299 2490 2370 τῷ
2519 2299 2702 2361 Δαόὶδ,
2738 2317 2756 2349 ι
2792 2300 2825 2370 ἢ
2862 2301 2919 2352 ὲν
2963 2301 3029 2370 τῇ
3074 2298 3324 2370 Βηθλεὲμ
3357 2303 3423 2370 τῇ
3473 2299 3784 2371 Ἐφραθά;ἐν-

2280 2390 2469 2443 τεῦθεν
2494 2391 2603 2463 γὰρ
2633 2392 2694 2444 τὸ
2741 2393 2905 2464 κέρας
2947 2392 3041 2445 τοῦ
3073 2393 3238 2448 Δαόἰδ
3282 2394 3311 2444 ὁ
3357 2392 3579 2462 Χριστὸς
3614 2392 3664 2444 τὸ
3689 2391 3783 2443 κατὰ

2284 2483 2462 2555 σάρκα
2482 2480 2592 2537 οἶόν
2614 2502 2668 2537 τι
2699 2486 2840 2556 μέγα
2868 2485 2984 2554 φῶς
3011 2486 3366 2553 ἐξανέτειλεν,
3390 2485 3608 2539 ἐνταῦθὰ
3624 2502 3671 2537 τε
3689 2486 3782 2555 ἡτοί-

2285 2593 2458 2647 μαστο
2485 2576 2589 2630 ὑπὸ
2616 2577 2710 2630 τοῦ
2737 2577 2871 2631 Θεοῦ
2904 2578 3012 2632 τῶν
3042 2578 3177 2633 ὅλων
3205 2581 3233 2632 6
3263 2579 3360 2632 τοῦ
3389 2577 3608 2651 Χριστοῦ
3631 2577 3779 2647 λύχνος.

2282 2669 2384 2739 Εἷη
2413 2650 2457 2722 δ’
2484 2668 2550 2723 ἂν
2579 2669 2770 2741 λύχνος
2796 2670 2982 2735 αὐτοῦ,
3013 2667 3099 2725 οἷα
3130 2671 3321 2743 νοεροῦ
3349 2650 3538 2742 φωτὸς,
3567 2670 3618 2722 :6
3639 2668 3780 2739 ἀνθρὼ-

2283 2778 2432 2814 πειον
2465 2762 2680 2832 σκῆνος,
2702 2763 2768 2816 δι’
2798 2757 2858 2817 οὗ
2886 2763 3041 2835 δίκην
3062 2764 3386 2835 ὀστρακίνου
3408 2763 3632 2826 σκεύους,
3650 2760 3781 2831 ὥσπερ

2281 2851 2369 2906 διὰ
2394 2852 2609 2924 λύχνου,
2636 2855 2735 2918 τὰς
2764 2854 2858 2908 τοῦ
2891 2856 3019 2909 ἰδίου
3049 2858 3225 2926 φωτὸς
3255 2859 3478 2921 ἀκτῖνας
3506 2858 3624 2909 πᾶσι
3645 2854 3780 2915 τοίςέν

2283 2942 2475 3013 ἀγνοίᾳ
2505 2944 2639 2996 Θεοῦ
2670 2944 2762 2997 καί
2794 2946 2970 3016 σκότῳ
2996 2946 3147 3016 βαθεῖ
3172 2946 3514 3017 πιεζομένοις
3534 2944 3776 3013 ἐξέλαμψεν.

2295 3032 2453 3085 Ἀλλά
2521 3034 2630 3106 γὰρ
2693 3035 2789 3087 καί⁸
2842 3036 2900 3087 ἐν
2954 3038 3165 3099 τούτοις
3232 3033 3600 3103 ἀποδεδεῖχθαι
3650 3030 3777 3100 σαφῶς

2283 3124 2525 3196 ἡγοῦμαι
2572 3127 2705 3181 Θεὸν
2752 3126 2945 3180 Ἰακὼϐ
3000 3129 3094 3181 ἀπ’
3152 3129 3329 3201 ἀρχῆς
3385 3127 3476 3181 καὶ
3524 3127 3576 3191 ἐξ
3623 3122 3780 3196 ἡμερῶν

2282 3220 2615 3288 τυγχάνοντα
2634 3221 2826 3284 αἰῶνος
2853 3220 3154 3292 ἀνθρώποις
3177 3223 3336 3296 ὲπιδη
3346 3225 3417 3295 μή
3426 3241 3549 3283 σειν,
3566 3222 3781 3288 καὶγεννη·

2284 3311 2540 3383 θήσεσθαι
2564 3313 2663 3364 οὐκ
2684 3313 2936 3383 ἀλλαχόθι
2965 3314 3069 3384 γῆς
3096 3315 3259 3386 ἀλλ’ἢ
3280 3319 3341 3370 ὲν
3362 3315 3438 3388 τῷ
3458 3316 3583 3369 κατὰ
3602 3310 3780 3382 Βηθλεὲμ

2282 3405 2451 3476 τόπῳ,
2468 3405 2602 3476 πρὸς
2620 3409 2729 3468 τοῖς
2757 3407 2822 3458 Ὶε
2831 3406 3017 3478 ροσολύ
3026 3425 3147 3478 μοις
3161 3408 3334 3462 εἰσέτι
3352 3409 3444 3462 καὶ
3460 3406 3547 3462 νῦν
3560 3404 3783 3458 ἐπιδεικνυ-

2285 3497 2431 3567 μένῳ
2453 3495 2655 3567 χωρίῳ,
2680 3496 2807 3550 ἔνθα
2832 3498 2938 3551 οὐδ’
2960 3498 3118 3564 ἀλλος
3142 3499 3280 3571 μετά
3307 3503 3429 3566 τοὺς
3448 3501 3546 3555 τῶν
3562 3494 3779 3571 προφητῶν

2281 3590 2506 3662 χρόνους
2524 3590 2794 3661 ἐπιφανὴς
2822 3593 2915 3645 καὶ
2945 3595 3025 3654 εἰς
3042 3594 3249 3659 πάντας
3274 3593 3581 3667 ἀνθρώπους
3603 3588 3777 3654 ἐπίδοξης

2279 3681 2312 3752 ἥ
2338 3682 2494 3754 μόνος
2522 3682 2728 3752 Ἰησοῦς
2752 3684 2781 3735 6
2803 3685 3035 3757 Χριστὸς
3065 3686 3200 3758 πρὸς
3221 3688 3331 3742 τῶν
3357 3688 3637 3759 ἐπιχωρίων
3656 3682 3777 3737 ἁπάν-

2279 3790 2385 3826 των
2422 3773 2731 3838 ἀκολούθως
2782 3779 2905 3840 ταίς
2950 3777 3336 3848 εὐαγγελικαῖς
3382 3780 3570 3848 φωναῖς
3603 3768 3775 3843 γεγονὼς

2281 3868 2653 3936 μαρτυρεῖται.
2701 3868 3089 3941 Ἐρμηνεύεται
3133 3870 3190 3923 δὲ
3294 3870 3530 3943 Βηθλεὲμ
3557 3864 3689 3930 οἶιος
3705 3860 3775 3928 ἀέ-

2278 3972 2405 4022 του,
2438 3955 2756 4028 φερώνυμος
2783 3955 2917 4013 οὖσα
2947 3962 3041 4014 τοῦ
3075 3963 3425 4034 προελθόντος
3456 3961 3511 4026 ἐξ
3535 3959 3674 4027 αὐτῆς
3698 3954 3775 4006 Σω⁸

2277 4046 2440 4117 τῆρος
2484 4048 2640 4119 ήμῶν
2672 4051 2822 4115 ὄντος
2855 4051 2989 4105 Θεοῦ
3019 4054 3214 4123 Λόγου,
3247 4055 3435 4126 ψυχῶν
3465 4053 3663 4121 λογικῶν
3689 4046 3773 4112 θρε·

2278 4138 2472 4192 πτικοῦ
2492 4157 2504 4170 ·
2540 4141 2569 4193 δ
2592 4143 2685 4195 καὶ
2718 4143 3048 4217 παρίστησιν
3068 4147 3227 4210 αὐτὸς
3259 4147 3433 4217 λέγων
3451 4164 3462 4177 '
3505 4165 3521 4196 ι
3559 4139 3672 4211 Ἐγὼ
3696 4140 3774 4205 εἶμί

2277 4233 2305 4284 6
2338 4231 2503 4303 ἄρτος
2532 4235 2560 4287 6
2607 4235 2672 4287 ὲκ
2718 4236 2812 4289 τοῦ
2846 4238 3075 4310 ούρανοῦ
3111 4239 3376 4303 καταϐάς.
3421 4259 3438 4290 ι
3484 4235 3605 4290 Ἀλλ’
3639 4228 3773 4295 ἐπειδῆ

2278 4326 2372 4377 καὶ
2414 4323 2507 4377 τοῦ
2553 4327 2718 4381 Δαόὶδ
2744 4329 2963 4398 γέγονεν
3004 4329 3143 4403 αῦτη
3188 4333 3404 4404 πατρὶς,
3436 4329 3631 4391 εἰκότως
3657 4324 3726 4378 καὶ
3755 4323 3773 4371 ὁ

2277 4416 2418 4469 κατά
2454 4417 2629 4491 σάρκα
2660 4421 2950 4493 γενόμενος
2973 4424 3086 4488 υἱὸς
3113 4424 3276 4478 Δαϐιδ
3297 4424 3394 4496 τὴν
3424 4420 3621 4495 πρόοδον
3641 4415 3688 4480 ἒξ
3707 4412 3772 4467 αὖ·

2278 4510 2375 4579 τῆς
2402 4513 2711 4583 ἐποιήσατο,
2745 4514 3052 4579 ἀκολούθως
3077 4519 3195 4580 ταῖς
3228 4517 3573 4589 προφητικαῖς
3600 4506 3772 4582 apok“?

2207 4612 2254 4669 ι)
2282 4616 2459 4653 σεσιν·
2497 4602 2635 4657 ὥστε
2675 4606 2776 4658 οὐκ
2808 4605 3000 4678 ἄδηλον
3034 4603 3169 4661 εἶναι
3213 4611 3307 4663 καὶ
3344 4610 3440 4680 τὴν
3477 4606 3631 4661 αἰτίαν
3654 4601 3704 4653 δι’
3725 4595 3770 4664 ἠν

2280 4694 2508 4763 πατρίδα
2534 4696 2631 4767 τὴν
2660 4697 2907 4769 Βηθλεὲμ
2940 4700 3308 4772 ἐπεγράψατο.
3356 4700 3504 4754 Ἀλλά
3529 4697 3608 4752 καί
3627 4697 3672 4749 ὲν
3691 4690 3768 4745 Να-

2280 4781 2464 4855 ζάροις
2513 4787 2842 4859 ἀνατραφεὶς
2892 4790 3127 4859 λέγεται,
3182 4793 3276 4845 καὶ
3330 4791 3481 4847 πάλιν
3527 4782 3768 4854 Ναζαραπ

2279 4875 2659 4947 κληθήσεσθαι.
2680 4880 2876 4933 Ίστέον
2901 4878 3014 4944 οῦν,
3040 4884 3123 4936 ὅτι
3156 4884 3326 4939 καὶτὸ
3350 4880 3629 4953 Ναζαραῖον
3648 4874 3767 4940 δνομί

2291 4967 2568 5040 Ἐϐραῖκδν
2602 4973 2857 5043 τυγχάνει
2891 4974 2948 5027 ἐν
2993 4976 3261 5047 Λευῖτικῷ
3293 4979 3383 5031 ἐπὶ
3411 4975 3497 5029 τοῦ
3537 4972 3765 5045 χρίσματθί

2272 5057 2368 5112 τοῦ
2401 5062 2531 5133 παρ’
2561 5064 2744 5128 αὐτοῖς
2777 5065 3033 5137 Χριστοῦ.
3064 5063 3172 5122 Ἦν
3198 5069 3255 5122 δὲ
3287 5062 3436 5132 οὗτος
3456 5069 3483 5121 6
3509 5066 3662 5137 ἄρχων
3681 5052 3763 5110 κατ’

2273 5152 2456 5205 εἰκόνα
2482 5154 2573 5207 τοῦ
2612 5156 2847 5226 μεγάλου
2882 5161 2975 5212 καὶ
3006 5161 3218 5231 ἀληθῶς
3253 5160 3536 5234 ἀρχιερέως
3566 5152 3643 5208 τοῦ
3669 5149 3762 5219 x9"

2274 5242 2398 5295 στοῦ
2419 5244 2512 5298 τοῦ
2544 5246 2701 5313 Θεοῦ,
2727 5249 2926 5323 σκιώδη
2956 5251 3075 5305 τινὰ
3103 5254 3196 5306 καί
3225 5253 3444 5308 τυπικὸν
3465 5245 3661 5323 Χριστὸν
3680 5242 3762 5292 ἐπι-

2274 5335 2590 5406 φερόμενος.
2624 5340 2711 5393 Ἐν
2743 5336 2825 5405 οἷς
2850 5343 2980 5411 γοῦν
3010 5343 3222 5417 εἴρηται
3256 5345 3393 5401 κατὰ
3415 5344 3529 5404 τοὺς
3563 5332 3758 5402 Ἑϐδομή·

2276 5444 2441 5481 κοντα
2471 5431 2598 5503 περί
2630 5432 2722 5486 τοῦ
2765 5435 3087 5508 Ἀρχιερέως
3111 5456 3123 5468 ·
3161 5458 3179 5490 ι
3210 5440 3317 5493 Καὶ
3340 5440 3400 5493 οὐ
3431 5421 3759 5507 βεὸηλώσειτδν

2273 5521 2604 5592 ἡγιασμένον
2651 5523 2743 5577 τοῦ
2799 5526 2934 5580 Θεοῦ
2986 5529 3151 5583 αὑτοῦ
3175 5548 3188 5561 ·
3241 5532 3321 5585 ὃτι
3362 5529 3421 5583 τὸ
3463 5528 3595 5594 ἅγιον
3630 5516 3758 5570 ἔλαιον

2272 5611 2507 5683 Χριστοῦ
2532 5612 2623 5666 τοῦ
2649 5612 2784 5668 Θεοῦ
2817 5617 2979 5672 αὑτοῦ
2998 5635 3011 5648 ·
3058 5638 3077 5672 ι
3110 5620 3170 5674 τὸ
3205 5621 3303 5693 μὲν
3340 5612 3611 5689 Ἐὁραῐκὸν,
3637 5600 3757 5693 ι’θτι

2273 5700 2457 5774 Ναζὲρ
2489 5701 2684 5769 ἔλαιον,
2719 5725 2738 5757 ι
2769 5707 3036 5778 περιέχει·
3071 5711 3100 5763 6
3127 5709 3183 5765 δὲ
3207 5688 3469 5772 ψἈκύλας·
3505 5720 3524 5755 ι
3560 5700 3655 5753 Ὅτι
3686 5688 3749 5754 δί’

2233 6024 2290 6034 ι..
