3894 6534
102 447 178 501 διε
822 486 831 492 ,
976 425 1630 494 DEMONSTRATIONIS
1671 439 2131 495 mammam
2176 439 2305 496 un.
2351 440 2462 497 vn.
2596 433 2604 441 '
2908 435 2922 449 ‘
3208 430 3325 502 556'

95 571 287 632 ἀρισμα,
309 558 480 612 ἔλαιον
500 554 835 628 ἀλείμματος
860 553 996 608 Θεοῦ
1020 554 1185 609 αὐτοῦ
1216 556 1302 607 ἐπ’
1335 553 1482 608 αὑτῶ
1505 569 1518 582 ·
1560 573 1578 605 ι
1616 554 1633 605 ἑ

1778 555 1975 610 ποιιίιιιιι
1999 556 2334 626 ascripserit.
2368 553 2635 612 Caeterum
2656 558 2818 613 etiam
2846 561 2901 616 in
2929 559 3155 618 Nazaris
3178 565 3316 620 edu-

95 655 140 709 et
164 653 444 723 Σύμμαχος
466 666 479 679 ·
518 650 543 701 ἰ
584 649 705 702 Ὀτι
737 648 961 702 ἄθικτον
1002 648 1181 701 ἔλαιον
1225 646 1319 702 τοῦ
1346 648 1633 721 χρίσματος

1779 657 1897 701 atus
1929 662 2052 702 esse
2074 648 2297 714 dicitur,
2325 658 2378 703 et
2403 649 2484 704 sic
2513 648 2806 705 Nazarzeus
2834 653 3133 709 vocandus.
3159 653 3317 715 Scire

94 748 171 801 τοῦ
198 743 325 799 Θεοῦ
350 740 512 795 αὐτοῦ
546 742 633 793 ἐπ’
667 738 849 810 αὐτῷ·
896 759 914 792 ι
952 742 980 793 ὁ
1022 740 1079 793 δὲ
1111 739 1431 794 Θεοδοτίων·
1471 758 1489 790 ι
1523 739 1632 792 ’Ότι

1773 737 1911 805 gitur
1954 744 2169 807 Oportet
2209 738 2356 807 quod
2406 754 2602 794 nomen
2635 749 2719 795 est
2772 740 3099 798 Hebraicum
3145 745 3311 801 Nazi—

94 837 141 891 τδ
166 833 336 905 Ναξὲρ
361 832 537 887 ἔλαιον
563 832 623 885 τὸ
646 832 864 903 χριστὸν
899 831 1051 905 παρὰ
1078 830 1212 885 Θεοῦ
1237 831 1401 885 αὐτοῦ
1432 832 1517 884 ἐπ’
1549 831 1632 884 αύ-

1775 841 1908 879 αειιιη
1953 826 2007 880 in
2058 825 2323 892 Levitico,
2371 828 2425 882 in
2462 829 2583 899 ejus
2610 830 2816 887 Christi
2854 836 3114 891 unctione
3150 852 3313 907 quem

96 930 173 998 τῷ·
225 946 242 977 ι
271 925 408 978 ὥστε
441 920 663 978 εἶναιτὸ
696 923 899 994 Ναζὲρ,
934 922 1075 976 κατὰ
1110 924 1207 994 μὲν
1230 924 1353 987 τοὺς
1389 923 1634 993 Ἐϐδομή-

1777 915 1844 983 asi
1875 915 2164 969 habebant.
2199 916 2370 971 Porro
2390 918 2477 972 hic
2509 928 2626 974 erat
2661 924 3028 993 principatum
3060 926 3315 984 obtinens

97 1034 251 1080 κοντα,
273 1017 464 1086 ἅγιον,
500 1015 643 1069 κατὰ
672 1015 731 1068 δὲ
751 1015 842 1068 τὸν
858 1014 1111 1079 Ἀκύλαν,
1146 1015 1468 1084 ἀφόρισμα,
1503 1013 1635 1068 κατά

1776 1006 2041 1060 ecundum
2080 1007 2368 1077 imaginem
2398 1013 2578 1081 magni
2611 1022 2665 1066 et
2688 1016 2803 1068 veri
2838 1014 3121 1073 Pontiﬁcis
3151 1018 3314 1074 Chri-

97 1111 139 1163 ὂὲ
158 1108 237 1162 τὸν
266 1106 583 1178 Σύμμαχον,
617 1107 891 1161 ἄθικτον·
919 1105 1057 1159 ὥστε
1089 1108 1151 1159 ἐκ
1182 1106 1369 1159 τούτου
1392 1107 1453 1158 τὸ
1478 1105 1635 1170 Ναξι-

1779 1096 1813 1149 li
1847 1096 1961 1161 Dei,
2006 1099 2387 1154 adumbratum
2416 1101 2667 1158 videlicet
2697 1106 2984 1174 quemdam
3032 1116 3086 1161 et
3121 1107 3317 1177 ﬁgura-

98 1204 219 1271 ραῐον
262 1200 429 1269 ὄνομα
482 1199 769 1269 σημαίνειν
815 1199 933 1268 ἦτοι
967 1196 1056 1250 τὸν
1105 1198 1342 1268 ἂγιον,ἢ
1385 1197 1476 1251 τὸν
1538 1198 1636 1267 ἀφ-

1773 1206 1856 1243 ιιιη
1884 1190 2161 1246 Christum
2188 1202 2605 1262 reprzesentans.
2640 1194 2738 1250 Ubi
2756 1213 2883 1252 vero
2910 1196 3052 1251 LXX
3069 1200 3135 1253 de
3166 1199 3311 1255 Pon-

98 1292 379 1363 ωρισμένον,
404 1292 437 1363 ἢ
467 1292 562 1344 τὸν
592 1291 827 1346 ἄθικτον.
872 1290 1008 1343 Ἀλλ’
1039 1292 1086 1344 οί
1129 1292 1225 1361 μὲν
1257 1291 1424 1345 πάλαι
1458 1295 1636 1363 ἱερεῖς,

1779 1278 1891 1334 ilice
1926 1281 1999 1334 ita
2045 1283 2387 1353 interpretati
2443 1296 2589 1351 sunt,
2643 1306 2661 1337 ι
2693 1298 2745 1342 et
2793 1305 2901 1342 non
2939 1292 3141 1359 polluet
3170 1294 3317 1362 quod

97 1385 148 1437 δι’
165 1384 324 1437 ἐλαίου
350 1382 677 1446 σκευαστοῦ,
707 1381 797 1434 τοῦ
823 1381 971 1453 παρὰ
1016 1383 1204 1435 Μωσεῖ
1243 1382 1426 1453 Ναζὲρ
1453 1383 1635 1435 καλου-

1775 1371 2140 1427 anctiﬁcatum
2170 1383 2255 1429 est
2288 1374 2378 1430 Dei
2408 1379 2514 1441 sui,
2549 1380 2805 1449 quoniam
2839 1391 3088 1436 sanetum
3131 1385 3313 1438 oleum

100 1473 245 1545 μένω,
276 1473 582 1543 χριόμενοι,
629 1469 973 1542 παραγώγως
1016 1471 1126 1525 ἀπὸ
1169 1470 1263 1524 τοῦ
1298 1472 1479 1544 Ναζὲρ
1512 1472 1638 1525 ἐκα-

1783 1463 2019 1518 nctionis
2041 1464 2133 1519 Dei
2159 1467 2243 1520 sui
2268 1468 2334 1533 θ’,
2361 1488 2379 1519 ι
2411 1468 2467 1521 in
2492 1467 2758 1525 Hebraico
2777 1472 2994 1541 legitur,
3022 1491 3038 1522 ι
3058 1476 3316 1543 quoniam

97 1565 247 1619 λοῦντο
291 1564 627 1634 Ναζιραῖοι·
683 1565 711 1616 ὁ
748 1562 804 1615 δὲ
853 1563 1042 1634 Σωτὴρ
1089 1564 1182 1616 καὶ
1234 1564 1436 1634 Κύριος
1488 1563 1635 1633 ἡμῶν

1784 1554 1918 1609 ’σιρι-
1949 1557 2126 1611 oleum
2162 1576 2175 1613 :
2212 1577 2229 1610 ι
2264 1560 2457 1627 Aquila
2493 1571 2669 1615 autem
2709 1563 2789 1617 sic
2815 1568 3103 1632 convertit,
3139 1584 3158 1617 ι
3191 1581 3322 1635 quo-

98 1656 207 1709 κατά
236 1653 398 1724 φύσιν
434 1654 574 1724 ἔχων
619 1653 680 1706 τὸ
714 1653 887 1720 ἆγιον,
932 1654 1025 1705 καὶ
1059 1653 1121 1706 τὸ
1164 1651 1403 1713 ἄθικτον,
1447 1652 1539 1704 καὶ
1584 1652 1636 1705 τὸ

1786 1648 1889 1701 iam
1931 1651 2273 1721 segregatio,
2320 1652 2499 1706 oleum
2551 1653 2829 1708 unctionis
2864 1654 2957 1711 Dei
3017 1658 3100 1712 sui
3157 1672 3322 1727 super

97 1746 459 1819 ἀφωρισμένον,
490 1746 554 1799 οὐ
583 1744 833 1814 δεόμενός
864 1761 927 1813 γε
956 1743 1253 1816 χρίσματος
1279 1744 1635 1815 ἀνθρωπίνου,

1780 1756 1942 1809 )sum.
1975 1762 1996 1794 ι
2041 1742 2400 1815 Symmachus
2448 1754 2650 1810 autem,
2693 1766 2711 1799 ι
2742 1750 3000 1818 quoniam
3054 1753 3318 1806 intactum

97 1842 211 1910 ὅμως
236 1839 329 1908 τῆς
378 1837 471 1890 τοῦ
515 1834 817 1907 Ναζιραίου
865 1835 1235 1907 προσηγορίας
1282 1836 1410 1906 παρ’
1436 1834 1635 1906 ἀνθρώ-

1785 1833 1923 1886 leum
1953 1835 2228 1889 unetionis
2263 1835 2357 1889 Dei
2387 1836 2471 1890 sui
2496 1853 2660 1907 super
2690 1838 2888 1908 ipsum.
2928 1860 2946 1890 ι
2977 1838 3319 1895 Thendotion

95 1948 190 1993 ποις
213 1929 419 2000 ἔτυχεν,
448 1929 550 1982 οὐκ
595 1927 701 1981 ἀπὸ
744 1926 835 1980 τοῦ
871 1925 1204 1997 καλουμένου
1240 1927 1423 1998 Ναζὲρ
1466 1926 1633 1980 ὲλαίοι

1783 1939 1887 1988 aro,
1926 1943 1944 1976 ι
1969 1929 2224 1994 quoniam
2266 1925 2445 1981 Nazer
2482 1928 2660 1983 oleum
2694 1930 2970 1984 unctionis
3011 1946 3041 1983 a
3076 1931 3188 1986 Deo
3221 1947 3321 1987 suo

96 2021 349 2092 Ναζιραῐος
396 2018 656 2089 γεγονὼς,
687 2018 800 2089 ἀλλ’
840 2016 914 2072 ὢν
962 2019 1061 2089 μὲν
1093 2022 1159 2090 τῇ
1195 2018 1354 2087 φύσει
1379 2017 1634 2082 τοιοῦτος,

1785 2031 1913 2084 uper
1942 2016 2140 2086 ipsum.
2178 2036 2196 2068 ι
2231 2018 2410 2083 Quare
2440 2017 2613 2074 Nazer
2647 2020 2795 2090 ipsos
2819 2022 3039 2090 quidem
3063 2021 3205 2076 LXX
3234 2039 3323 2078 se-

98 2112 275 2183 κληθεὶς
311 2112 376 2165 δὲ
423 2112 519 2165 καὶ
549 2112 678 2181 παρ’
716 2109 1022 2181 ἀνθρώποις
1063 2110 1356 2182 Ναζιραῖος
1401 2110 1508 2164 ἀπὸ
1544 2110 1636 2181 τῆς

1782 2107 2039 2163 uentibus
2065 2118 2305 2162 sanctum
2337 2110 2460 2172 erit,
2494 2110 2672 2180 ipsum
2700 2127 2826 2165 vero
2853 2113 3129 2183 Aquilam,
3162 2129 3320 2182 δέρας

98 2203 326 2277 Ναζαρὲθ,
367 2202 498 2257 ἔνθα
522 2203 672 2273 παρὰ
701 2205 813 2265 τοῖς
839 2201 979 2255 κατὰ
1012 2202 1188 2272 σάρκα
1220 2199 1435 2269 γονεῦσι
1456 2198 1555 2270 τὴν
1587 2201 1636 2255 ἐν

1784 2198 1906 2261 αιίο,
1941 2197 2328 2270 Symmachum
2357 2211 2561 2267 autem,
2594 2204 2888 2268 intactum;
2924 2206 3108 2274 itaque
3137 2222 3204 2260 ex
3236 2206 3322 2261 his

98 2298 251 2349 παισὶν
300 2294 618 2366 ἀνατροφὴν
667 2293 889 2364 ἔσχηκε.
946 2290 1037 2344 Διὸ
1080 2291 1326 2345 λέλεκται
1368 2290 1520 2361 παρά
1567 2289 1636 2360 τῷ

1787 2288 2048 2344 ὀῑὶιαιιιιιι
2097 2306 2296 2346 nomen
2347 2293 2705 2364 signiﬁcabit,
2758 2303 2851 2349 aut
2897 2304 3179 2363 sanctum,
3230 2309 3325 2353 aut

98 2387 320 2457 Ηατθαίῳ
348 2403 365 2417 ο
423 2405 443 2437 ι
476 2384 886 2458 Χρηματισθεὶς
925 2383 980 2437 δὲ
1024 2384 1142 2437 κατ’
1173 2384 1304 2455 ὄναρ
1356 2382 1533 2454 (δῆλον
1564 2382 1636 2446 δὲ,

1787 2389 2112 2453 egregatum,
2157 2391 2250 2437 aut
2298 2385 2586 2440 intactum.
2625 2387 2696 2441 At
2731 2404 2861 2444 vero
2908 2389 3073 2458 prisci
3104 2390 3325 2459 quidem

100 2478 211 2531 δτιὸ
246 2477 489 2548 Ἰωσὴφ),
541 2475 889 2547 ἀνεχώρησεν
934 2476 1014 2538 είς
1045 2475 1113 2528 τὰ
1157 2474 1296 2547 μέρη
1344 2473 1443 2544 τῆς
1491 2471 1638 2527 Γαλι-

1786 2472 2099 2537 acet-dotes,
2173 2489 2297 2528 cum
2355 2477 2476 2531 oleo
2536 2486 2893 2548 comparato,
2970 2479 3114 2549 quod
3181 2479 3324 2550 apud

98 2569 223 2624 λείας
238 2587 252 2601 ·
277 2571 375 2624 καὶ
392 2568 571 2623 ἐλθὼν
595 2568 914 2640 κατῴκησεν
945 2570 1024 2632 είς
1046 2568 1199 2621 πόλιν
1213 2566 1513 2638 λεγομένην
1530 2567 1636 2619 Να-

1788 2564 1936 2620 [osen
1986 2564 2159 2620 Nazer
2215 2567 2536 2636 appellatur,
2591 2580 2955 2640 ungerentur,
3005 2587 3072 2625 ex
3111 2571 3326 2626 deriva~

100 2660 229 2730 ξαρὰ,
256 2661 406 2724 ὅπως
452 2659 717 2733 πληρωθῇ
768 2659 829 2712 τὸ
862 2659 1022 2731 ῥηθὲν
1050 2658 1139 2713 διὰ
1179 2658 1287 2712 τῶν
1333 2658 1638 2731 προφητῶν,

1786 2671 1897 2711 .one
1941 2671 1971 2709 a
1999 2655 2175 2711 Nazer
2235 2658 2577 2714 vocabantur
2619 2659 2868 2716 Naziraei.
2921 2659 3029 2717 Sed
3080 2660 3324 2715 Salvator

98 2750 161 2802 ὅτι
186 2749 490 2823 Ναζαραῖος
537 2751 889 2823 κληθήσεται.
944 2769 963 2801 ι
1004 2749 1153 2804 Ἔδει
1200 2750 1298 2821 μὲν
1332 2750 1440 2823 γὰρ
1486 2750 1636 2804 αὐτοιΙ

1786 2745 2092 2802 tDominus
2121 2754 2331 2813 noster,
2362 2758 2551 2818 suapte
2587 2758 2785 2805 natura
2817 2752 2872 2806 in
2906 2767 2965 2807 se
3005 2752 3237 2818 habens,
3273 2760 3324 2807 et

99 2840 146 2906 ἐξ
163 2842 387 2906 ἅπαντος
419 2842 583 2913 φύσει
615 2844 709 2898 καὶ
745 2841 973 2914 ἀληθείᾳ
1002 2840 1298 2906 Ναζιραῖον
1328 2842 1477 2906 ὄντα,
1502 2841 1637 2895 τοῦτ⁴

1788 2845 2022 2903 anetum,
2057 2849 2107 2893 et
2132 2840 2421 2906 intactum,
2448 2847 2501 2895 et
2521 2851 2854 2909 separatum,
2892 2859 3069 2914 neque
3093 2844 3326 2913 alicujus

99 2932 215 2987 ἔστιν
240 2934 394 3004 ἅγιον
419 2934 513 2988 καὶ
546 2934 766 2989 ἄθικτον
800 2935 893 2988 καὶ
920 2934 1316 3007 ἀφωρισμένον,
1350 2931 1411 2998 ἐξ
1442 2931 1637 3005 ἀνθρώ-

1787 2930 2000 3002 ndigens
2027 2930 2292 2987 humana:
2324 2934 2622 2999 unctionis,
2653 2944 2838 2990 tamen
2878 2935 3105 2989 Naziraei
3137 2936 3325 3005 appel-

101 3043 192 3079 των
209 3025 468 3097 κληθῆναι
496 3025 766 3097 ταύτῃ“τῇ
784 3026 1126 3098 προσηγορίᾳ
1150 3040 1164 3055 ·
1194 3025 1306 3080 ἀλλ’
1341 3026 1464 3080 ἐπεὶ
1486 3026 1561 3098 μὴ
1585 3027 1639 3080 ἐκ

1788 3021 2011 3077 itionem
2046 3022 2190 3091 apud
2215 3023 2465 3080 homines
2490 3026 2748 3090 obtinuit,
2773 3042 2884 3082 non
2924 3027 3069 3097 quod
3100 3026 3169 3081 ab
3202 3027 3326 3083 oleo

100 3117 172 3170 τοῦ
199 3118 376 3192 Ναζὲρ
404 3118 587 3172 ἐλαίου
616 3117 821 3190 ταύτης
847 3117 1003 3188 ἔτυχε
1025 3117 1122 3188 τῆς
1149 3117 1538 3191 προσηγορίας,
1574 3119 1638 3190 μὴ

1788 3110 1896 3165 ιιοά
1929 3109 2101 3164 Nazer
2116 3123 2405 3167 vocaretur
2426 3113 2706 3170 Naziraeus
2740 3115 3034 3182 exstiterit,
3059 3115 3155 3171 sed
3182 3117 3325 3187 quod

100 3208 273 3280 δεηθεὶς
298 3209 645 3280 ἀνθρωπίνου
678 3209 998 3281 χρίσματος,
1021 3209 1084 3262 ἐκ
1112 3208 1204 3262 τοῦ
1235 3209 1396 3263 τόπου
1422 3210 1520 3281 τῆς
1540 3210 1638 3263 Να·

1791 3203 2001 3258 uamvis
2038 3210 2234 3258 natura
2261 3205 2480 3275 quidem
2526 3206 2651 3261 talis
2697 3215 2863 3271 esset,
2900 3216 3080 3263 tamen
3123 3221 3156 3261 a
3196 3208 3327 3262 civi-

104 3301 235 3371 ζαρὲθ
261 3301 362 3373 τὴν
389 3302 709 3372 ἐπωνυμίαν
739 3302 1026 3373 ἐκτήσατο.
1054 3300 1271 3355 Τούτων
1312 3300 1483 3366 οὕτως
1517 3302 1642 3356 ἀπο-

1788 3303 1864 3351 ιιθ
1896 3296 2165 3352 Nazareth
2210 3299 2353 3368 apud
2379 3299 2631 3357 homines
2659 3299 2940 3355 Naziraeus
2979 3310 3207 3357 vocatus
3235 3301 3326 3365 sit,

74 3394 442 3465 εἶεδειγμένων,
477 3395 668 3467 καιρὸς
704 3394 1100 3464 ἐπισκέψασθαι
1125 3394 1217 3448 κα)⁵
1245 3393 1306 3459 ἐξ
1339 3394 1523 3448 ὁποίου
1551 3395 1612 3465 γέ

1792 3390 1846 3445 bi
1876 3390 2019 3460 apud
2047 3406 2198 3456 suos,
2231 3407 2340 3460 qua
2372 3390 2537 3446 homo
2575 3400 2714 3456 erat,
2751 3400 3027 3463 parentes,
3061 3392 3326 3462 puerilem

102 3501 216 3549 νανς,
239 3486 293 3552 ἐξ
325 3485 518 3549 ὁποίας
538 3502 599 3539 τε
637 3483 899 3555 Ἐϐραίων
926 3484 1099 3555 φυλῆς
1125 3485 1153 3537 ὁ
1177 3483 1367 3558 Σωτὴρ
1399 3484 1509 3538 τῶν
1541 3485 1640 3556 ψυ-

1786 3478 2129 3534 ducationem
2163 3480 2419 3536 obtinuit.
2460 3480 2541 3536 Ex
2570 3498 2681 3552 quo
2723 3481 2868 3551 apud
2896 3482 3206 3538 Matthaeum
3246 3481 3324 3536 di-

103 3576 189 3643 λῶν
213 3577 383 3648 ἡμῶν,
416 3578 447 3630 ὁ
494 3559 727 3648 Χριστὸς
758 3574 853 3629 τοῦ
896 3573 1030 3629 Θεοῦ
1076 3574 1497 3646 προελεύσεσθαι
1523 3577 1641 3645 ἐκη-

1789 3577 1901 3622 tnm
1952 3578 2074 3625 est:
2107 3569 2270 3640 350
2295 3588 2315 3622 ι
2343 3571 2631 3641 Responso
2662 3581 2846 3627 autem
2886 3572 2942 3627 in
2991 3574 3201 3628 somnis
3233 3587 3327 3627 ac-

108 3647 310 3736 ρύττετο.
346 3647 581 3739 Πρώτας
614 3667 671 3719 δὲ
701 3666 801 3730 τὰς
849 3665 1209 3737 εὺαΠελικὰς
1247 3667 1342 3720 καὶ
1372 3666 1500 3738 περὶ
1529 3664 1646 3719 τού-

1796 3668 1909 3728 3pto
1940 3647 2079 3729 (ipse
2106 3660 2361 3716 videlicet
2387 3661 2612 3734 Joseph)
2647 3662 2877 3719 secessit
2907 3662 2963 3716 in
3010 3671 3197 3733 partes
3226 3660 3334 3717 Ga-

104 3771 177 3808 τον
200 3757 580 3829 παραθήσομαι
599 3756 775 3823 λέξεις
800 3773 813 3786 ’
840 3752 940 3809 εἴθ’
962 3755 1150 3828 ὥσπερ
1169 3757 1460 3828 ἁρμονίους
1483 3773 1642 3828 σφρα-

1798 3748 1940 3815 lanae;
1986 3756 2040 3804 et
2066 3750 2290 3808 veniens
2327 3753 2596 3808 habitavit
2625 3755 2682 3809 in
2723 3754 2944 3810 civitate
2974 3769 3096 3824 quae
3126 3753 3332 3808 dicitur

106 3844 230 3909 γῖδις
255 3847 352 3911 τὰς
374 3844 719 3918 προφητικὰς
748 3845 938 3910 αὐταῖς
964 3846 1207 3917 ἐπιθήσω
1234 3847 1555 3918 μαρτυρίας·
1595 3848 1644 3901 Ὃ

1796 3839 1989 3907 iazara,
2023 3849 2084 3896 ut
2118 3842 2438 3914 impleretur
2460 3847 2605 3916 quod
2629 3846 2837 3901 dictum
2864 3853 2950 3902 est
2978 3861 3074 3916 per
3096 3845 3334 3917 prophe-

110 3934 187 4001 μὲν
219 3932 305 3991 οὖν
335 3936 620 4002 Ματθαίος
651 3931 755 3991 ὧδε
792 3937 884 3992 τὸν
913 3939 1147 4011 Χριστὸν
1176 3938 1317 3992 κατὰ
1351 3939 1529 4011 σάρκα
1563 3956 1648 4009 γε·

1791 3945 1886 3995 im,
1905 3931 2051 4000 quod
2079 3932 2372 3992 Nazaraeus
2395 3936 2680 3992 vocabitur
2696 3937 2766 3991 ’³.
2788 3956 2815 3990 ο
2858 3935 3159 4008 Oportebat
3181 3938 3329 3993 enim

106 4026 348 4099 νεαλογεῖ’
390 4048 410 4079 ι
453 4028 643 4094 Βίϐλος
693 4030 959 4099 γενέσεως
1006 4030 1180 4103 Ἰησοῦ
1236 4030 1496 4103 Χριστοῦ,
1535 4032 1644 4086 υίοῐ

1797 4033 2151 4091 squequaque
2177 4036 2301 4077 cum
2332 4024 2448 4095 ipse
2474 4031 2666 4095 suapte
2695 4032 2893 4081 natura
2920 4033 2977 4082 et
3008 4040 3195 4082 revera
3224 4023 3335 4079 Na-

104 4120 256 4186 Δαϐὶό,
297 4121 414 4175 υίοῦ
449 4121 720 4194 Ἀϐραάμ.
768 4121 1016 4194 ’Δϐραάμ
1034 4124 1289 4195 ἐγέννησε
1317 4124 1407 4178 τὸν
1449 4124 1642 4179 Ἰσαὰκ,

1790 4110 1951 4167 iraeus
1976 4122 2142 4177 esset,
2168 4115 2272 4169 hoc
2300 4122 2386 4171 est
2412 4122 2659 4184 sanctus,
2682 4117 2944 4182 intactus,
2988 4125 3326 4188 segregatus,

119 4210 276 4265 Ἰσαὰκ
315 4213 371 4266 δὲ
402 4212 661 4283 ἐγέννησε
694 4210 784 4265 τὸν
822 4208 1037 4274 Ἰακὼϐ,
1077 4211 1269 4265 Ἰακὼϐ
1309 4213 1366 4265 δὲ
1400 4212 1657 4284 ἐγέννησε

1801 4203 1910 4257 lum
1963 4204 2031 4259 ab
2063 4204 2378 4262 hominibus
2420 4208 2524 4263 hac
2568 4208 2934 4289 appellatione
2971 4209 3188 4274 vocari;
3239 4206 3334 4263 sed

110 4298 182 4350 τὸν
214 4301 429 4365 Ἰούδαν,
502 4303 595 4355 καὶ
658 4299 728 4354 τὰ
768 4299 912 4371 ἑξῆς.
948 4300 1168 4371 Συνᾴδει
1216 4301 1271 4356 δὲ
1315 4302 1464 4373 αὐτῷ
1497 4304 1589 4357 καὶ
1631 4305 1648 4356 ί

1787 4294 2019 4365 [noniam
2062 4311 2174 4351 non
2222 4311 2252 4350 a
2286 4296 2459 4353 Nazer
2488 4298 2610 4355 oleo
2642 4298 2786 4353 hanc
2828 4299 3066 4353 obtinuit
3098 4296 3325 4368 appella.

121 4391 430 4460 ’Δπὸστολος,
450 4393 627 4462 λέγων
658 4393 965 4465 ἀφωρίσθαι
1002 4395 1120 4457 ιείς
1153 4393 1479 4462 Εὐαγγέλιον
1501 4393 1658 4459 Θεοῦ,

1801 4401 1984 4453 onem,
2014 4389 2214 4459 quippe
2244 4391 2337 4459 qui
2366 4390 2619 4445 humanae
2650 4390 2855 4446 nullius
2888 4390 3166 4445 unctionis
3191 4387 3337 4442 indiv

110 4478 133 4530 ὃ
161 4484 615 4555 προεπηγγείλατο
640 4482 730 4538 διὰ
760 4482 868 4537 τῶν
905 4482 1199 4555 προφητῶν
1240 4484 1405 4536 αὑτοῦ
1435 4485 1491 4536 ὲν
1521 4484 1648 4556 Γρα-

1773 4486 1932 4549 geret,
1991 4495 2021 4534 a
2065 4481 2187 4535 loco
2232 4480 2501 4539 Nazareth
2551 4483 3050 4539 denominationem
3098 4481 3311 4551 accepit

112 4575 216 4636 φαίς
242 4574 417 4643 ἁγίαις
462 4574 592 4645 περὶ
623 4571 718 4626 τοῦ
763 4571 893 4626 Υίοῦ
929 4571 1095 4625 αὑτοῦ
1125 4570 1221 4624 τοῦ
1261 4571 1551 4643 γενομένου
1596 4574 1650 4626 ἐκ

1798 4574 1896 4624 ium
1922 4570 2090 4642 igitur
2121 4572 2235 4627 hazc
2260 4572 2315 4627 in
2346 4574 2495 4629 hunc
2524 4574 2747 4629 modum
2779 4582 2999 4630 ostensa
3030 4573 3161 4639 sint,
3193 4582 3336 4627 tem-

114 4664 392 4736 σπέρματος
424 4665 588 4719 Δαϐὶδ
635 4663 777 4718 κατά
810 4663 1009 4736 σάρκα.
1046 4681 1064 4714 ι
1094 4662 1310 4716 Γένοιτο
1340 4662 1385 4715 δ’
1426 4662 1491 4717 ἂν
1527 4662 1652 4735 σύμ-

1791 4684 1869 4723 lIJS
1895 4669 2007 4738 jam
2040 4683 2163 4723 esse
2199 4667 2413 4723 videtur
2445 4668 2736 4739 inspicere,
2783 4676 2836 4724 et
2868 4684 2932 4723 ex
2965 4683 3074 4739 quo
3107 4681 3329 4738 genere.

114 4771 239 4820 ςεωνα
258 4760 428 4813 ταῦτα
459 4761 581 4822 ταῖς
605 4757 778 4822 οὕτως
817 4756 1066 4828 ἐχούσαις
1094 4756 1482 4828 προρρήσεσιν.
1626 4787 1630 4791 «

1799 4766 1905 4813 tex
1941 4773 2047 4829 qua
2086 4757 2435 4813 Hebraeorum
2478 4760 2650 4824 tribu,
2686 4760 2992 4814 animarum
3023 4767 3336 4815 nostrarum

116 4847 333 4909 Salvator
358 4854 617 4909 Christus
677 4852 769 4908 Dei
809 4852 1125 4923 proditurus
1196 4850 1563 4906 nuntiaretur.
1603 4849 1869 4907 Caeterum
1913 4852 2017 4906 hac
2047 4853 2114 4907 de
2160 4868 2220 4909 re
2244 4853 2480 4923 primum
2516 4854 2684 4908 verba
2752 4854 2938 4909 citabo
2992 4853 3337 4922 evangelica,

114 4943 279 5001 deinde
306 4956 565 5018 tanquam
605 4954 763 5001 notas
784 4955 947 5016 atque
976 4943 1369 5015 impressiones
1410 4944 1648 5000 maxime
1684 4946 2148 5012 accommodatas,
2212 4947 2531 5017 prophetica
2570 4947 2681 5003 illis
2748 4946 3041 5019 adjungam
3102 4946 3342 5001 testimo-

114 5036 208 5093 nia.
239 5038 519 5095 Mattheus
543 5053 675 5109 ergo
729 5037 936 5093 Christi
997 5052 1192 5108 genus,
1267 5047 1537 5108 quatenus
1581 5038 1647 5092 ad
1698 5038 1990 5093 humanam
2047 5040 2166 5109 ejus
2209 5049 2463 5097 naturam
2506 5024 2766 5111 pertinet,
2806 5042 2871 5095 in
2919 5040 3066 5094 hunc
3115 5035 3339 5091 modum

116 5129 386 5188 describit:
424 5150 442 5184 ι
474 5130 637 5186 Liber
671 5130 1043 5201 generationis
1086 5129 1215 5185 Jesu
1259 5129 1501 5195 Christi,
1556 5130 1652 5185 lilii
1695 5129 1884 5195 David,
1924 5131 2019 5186 lilii
2053 5133 2352 5189 Abraham.
2387 5133 2662 5188 Abraham
2726 5132 2914 5204 genuit
2970 5133 3150 5187 Isaac:
3190 5128 3344 5184 Isaac

116 5228 268 5275 autem
325 5221 516 5294 genuit
574 5217 765 5275 Jacob.
821 5218 993 5275 Iacob
1054 5227 1237 5275 autem
1315 5221 1501 5291 genuit
1559 5218 1757 5276 ludam
1809 5221 1927 5287 9",»
1982 5229 2037 5277 et
2102 5238 2224 5293 quae
2292 5230 2619 5294 sequuntur.
2664 5220 2804 5277 Huic
2860 5235 2993 5276 vero
3045 5217 3344 5290 Apostolus

116 5325 303 5386 quoque
323 5312 645 5376 concordat,
681 5311 774 5380 qui
803 5310 957 5373 dicit,-
1003 5328 1021 5360 ι
1054 5317 1399 5380 segregatum
1437 5325 1496 5366 se
1525 5326 1648 5367 esse
1688 5312 1742 5366 in
1776 5309 2130 5383 Evangelium
2170 5312 2287 5379 Dei,
2335 5313 2483 5386 quod
2522 5324 2649 5370 ante
2712 5313 3037 5384 promiserat
3066 5326 3163 5382 per
3216 5323 3341 5379 pro-

117 5402 282 5471 phetas
308 5421 435 5461 suos
466 5404 523 5459 in
555 5402 856 5474 Scripturis
894 5402 1100 5458 sanctis
1129 5401 1197 5457 de
1225 5401 1361 5458 Filio
1390 5417 1514 5468 suo,
1553 5403 1647 5473 qui
1689 5407 1868 5459 factus
1921 5412 2006 5460 est
2068 5421 2135 5460 ex
2193 5406 2400 5463 semine
2431 5405 2602 5463 David
2638 5404 2937 5464 secundum
2971 5417 3191 5461 carnem
3213 5400 3285 5462 ".
3313 5415 3341 5456 ι

118 5491 310 5553 Fuerint
331 5513 460 5554 vero
500 5497 618 5553 hac
640 5501 1008 5554 consentanea
1050 5496 1140 5563 iis,
1185 5511 1308 5568 qua:
1340 5497 1415 5552 ita
1456 5512 1516 5553 se
1558 5496 1786 5565 habent,
1821 5499 2082 5555 oraculis.

182 5686 223 5729 ‘
253 5682 414 5752 Levit.
448 5711 564 5762 xxi,
600 5694 684 5749 l2.
759 5693 805 5727 ’³
840 5691 1111 5760 Matth",
1133 5692 1226 5762 22,
1247 5691 1335 5751 25.
1412 5693 1457 5727 "'
1479 5689 1714 5751 MatthJ

880 5691 1029 5748 latth.
1050 5708 1111 5760 ιι,
1133 5692 1226 5762 22,
1247 5691 1335 5751 25.
1412 5693 1457 5727 "'
1479 5689 1675 5751 Matth.
1700 5709 1739 5761 ι,
1768 5693 1894 5761 1,2.
1968 5696 2014 5729 ⁵⁸
2043 5693 2203 5752 Rom.
2237 5710 2277 5762 ι,
2314 5693 2418 5749 1-5.

1676 5929 1755 5959 ’ἢ
