3894 6518
514 425 618 486 5'5!

1159 421 1432 480 EUSEBII
1471 421 1950 480 CASSARIENSIS
1989 421 2138 480 OPP.
2179 419 2379 479 PARS.
2419 423 2562 479 11-
2587 424 3082 482 APOLOGETICA.

515 541 700 608 tortis,
737 547 954 612 potens,
987 545 1174 610 pater,
1215 539 1473 610 princeps
1522 539 1693 610 pacis,
1721 539 1790 594 ad
1836 537 2056 608 multipli

2163 584 2169 596 ,
2195 525 2446 594 τοσοῦτον
2491 541 2986 614 ἐπισημηνάμενος,
3009 539 3086 603 ὡς
3109 537 3216 610 ἄρα
3241 535 3401 602 αὐτὸς
3423 527 3578 600 οὗτος
3613 537 3644 591 ὁ
3675 537 3760 592 λο-

513 635 748 689 caudam
796 631 1164 702 disciplinam,
1197 635 1357 701 cujus
1403 631 1555 702 pacis
1603 648 1712 689 non
1760 639 1844 688 est
1890 631 2034 688 ﬁnis.
2067 651 2086 683 ι

513 726 809 790 Caeterum,
842 741 962 796 quae
1018 731 1326 796 sequuntur
1365 725 1466 781 tibi
1515 726 1616 796 ipsi
1673 725 2090 796 contemplanda

513 819 788 888 relinquo,
827 819 930 872 hoc
961 833 1128 870 unum
1149 817 1416 874 duntaxat
1447 818 1740 874 adnotasse
1773 825 2087 883 contentus,

512 911 660 982 quod
691 913 806 982 ipse
830 910 938 976 hic,
971 911 1062 981 qui
1096 911 1298 965 dicitur
1323 930 1341 962 ι
1373 922 1527 981 pater
1557 913 1834 976 seaculi,et
1867 913 2090 967 infinitae

503 1003 664 1073 pacis
697 1003 951 1074 princeps
976 1045 990 1068 ,
1025 1006 1314 1075 magnique
1349 1005 1562 1060 consilii
1598 1006 1843 1075 angelus,
1869 1025 1886 1056 ι
1909 1007 2086 1059 oritu-

505 1108 606 1148 rus
639 1095 934 1165 aliquando
959 1105 1014 1150 ct
1043 1097 1307 1166 puerulus
1343 1097 1561 1152 futurus
1591 1098 1874 1168 prophetia
1903 1099 2088 1153 decla-

507 1189 686 1248 ratur,
715 1193 769 1240 et
801 1185 856 1238 in
895 1195 1019 1240 ortu
1043 1201 1144 1240 suo
1173 1186 1315 1240 inter
1347 1185 1597 1241 homines
1631 1187 1772 1241 volet
1799 1188 1928 1242 olim
1963 1205 2085 1244 esse

507 1275 632 1345 igne
665 1277 986 1332 combustos
1015 1293 1112 1334 eos
1147 1279 1240 1348 qui
1267 1279 1320 1332 in
1341 1293 1402 1333 ea
1430 1281 1604 1334 salute
1627 1281 1888 1348 gentium,
1925 1281 2083 1351 cujus

506 1367 627 1436 ipse
673 1380 866 1422 auctor
897 1370 1024 1434 erit,
1059 1370 1234 1426 odiosi
1289 1369 1458 1424 futuri
1517 1378 1666 1438 sunt,
1697 1371 1810 1427 sive
1859 1373 1896 1426 ii
1955 1373 2080 1428 mali

501 1457 726 1527 quidam
759 1461 1059 1520 daemones,
1095 1461 1210 1516 sive
1241 1461 1404 1514 etiam
1459 1463 1610 1534 impii
1643 1465 1892 1520 homines
1921 1465 2082 1520 intel-

501 1550 764 1620 ligantur,
800 1553 868 1608 de
918 1553 1120 1623 quibus
1165 1554 1240 1608 ait
1277 1571 1290 1608 :
1346 1572 1365 1606 ι
1411 1554 1566 1622 Quod
1621 1571 1836 1610 onmem
1877 1565 2078 1612 vestem

501 1645 794 1700 collectam
827 1645 978 1708 dolo,
1010 1655 1062 1702 et
1086 1648 1498 1714 vestimentum,
1531 1665 1656 1704 cum
1698 1650 2079 1707 conciliatione

501 1736 735 1794 solvent.
769 1757 788 1790 ι
821 1737 926 1794 Sed
949 1741 1042 1810 qui
1066 1741 1284 1796 tandem
1320 1741 1373 1796 hi
1401 1741 1624 1808 fuerint,
1653 1743 1758 1799 nisi
1781 1744 1848 1800 de
1879 1745 2077 1814 quibus

499 1831 628 1886 alibi
668 1848 734 1888 ex
781 1833 954 1903 ipsius
1001 1832 1302 1888 Salvatoris
1353 1837 1530 1890 nostri
1581 1853 1814 1908 persona
1869 1839 2074 1893 dictum

2195 629 2422 701 γόμενος
2453 651 2472 684 ι
2502 633 2682 706 πατὴρ
2711 633 2923 696 αἰῶνος,
2949 633 3043 686 καὶ
3065 631 3290 704 ἀπείρου
3313 631 3536 701 εἰρήνης
3559 629 3758 700 ἄρχων,

2197 724 2437 798 μεγάλης
2459 743 2518 778 τε
2555 727 2746 798 βουλῆς
2763 726 2990 796 ἄγγελος
3008 747 3025 778 ι
3047 721 3492 794 γεννηθήσεσθαι,
3521 721 3616 774 καὶ
3641 739 3762 776 παιι

2190 816 2300 870 δίον
2327 816 2543 872 ἔσεσθαι
2577 819 2998 891 προφητεύεται,
3033 815 3126 870 ὲπί
3149 833 3210 869 τε
3233 817 3300 886 τῇ
3335 814 3414 878 εἰς
3445 811 3760 884 ἀνθρώπους

2191 907 2354 962 αὑτοῦ
2379 909 2590 978 γενέσει
2625 910 3024 982 πυρικαύστους
3065 907 3338 979 ἐθελήσειν
3377 903 3594 958 ἔσεσθαι
3640 905 3758 966 τοὺς

2189 999 2280 1052 ἐπὶ
2323 1003 2390 1071 τῇ
2427 1001 2492 1054 δι’
2517 1001 2677 1054 αὐτοῦ
2703 1002 2968 1072 γενομένῃ
3013 999 3257 1071 σωτηρία
3295 997 3402 1050 τῶν
3440 996 3608 1052 ἐθνῶν
3653 997 3757 1050 δια-

2188 1091 2600 1162 φθονουμένους,
2637 1094 2746 1146 είτε
2769 1093 3026 1164 δαίμονας
3054 1093 3340 1164 πονηροὺς,
3375 1091 3484 1144 εἴτε
3519 1091 3610 1144 καὶ
3633 1092 3757 1144 ἀσε-

2187 1181 2300 1246 ϐεῖς
2328 1183 2542 1254 ἄνδρας,
2571 1201 2634 1236 πε
2643 1185 2696 1256 ρί
2727 1177 2801 1236 ὧν
2836 1199 3016 1254 φησιν’
3050 1183 3204 1234 ι”υτι
3231 1183 3411 1234 πᾶσαν
3443 1180 3634 1251 στολὴν
3647 1182 3760 1232 ἐπι-

2191 1277 2534 1346 συνηγμένην
2557 1273 2712 1346 δόλῳ,
2743 1278 2836 1329 καὶ
2857 1277 3068 1346 ἱμάτιον
3103 1273 3239 1346 μετὰ
3259 1273 3605 1343 καταλλαγῆς
3627 1274 3758 1326 ἀπο-

2183 1369 2410 1422 τίσουσι.
2446 1387 2464 1420 ι
2507 1369 2660 1433 Τίνες
2687 1369 2740 1422 δὲ
2770 1370 2876 1440 ἄρα
2901 1364 3040 1439 ἦσαν
3081 1361 3246 1431 οῦτοι,
3277 1367 3308 1438 ἢ
3343 1369 3471 1437 περὶ
3495 1360 3570 1420 ὧν
3597 1365 3754 1419 ἀλλα-

2183 1461 2277 1532 χοῦ
2317 1459 2374 1526 ἐξ
2403 1459 2566 1512 αὑτοῦ
2603 1459 2898 1532 προσώπου
2923 1459 3017 1512 τοῦ
3047 1459 3296 1530 Σωτῆρος
3325 1457 3480 1529 ἡμῶν
3509 1459 3753 1530 cientur;

2189 1571 2206 1602 ι
2234 1551 2618 1622 Διεμερίσαντο
2662 1551 2732 1604 τὰ
2777 1553 2969 1622 ἱμάτιά
3000 1569 3100 1622 μου
3145 1553 3377 1615 ἑαυτοῖς,
3405 1553 3498 1604 καὶ
3538 1553 3632 1604 ἐπὶ
3671 1551 3754 1604 τὸν

2185 1647 2476 1718 ἱματισμόν
2505 1662 2604 1716 μου
2633 1645 2820 1698 ἔϐαλον
2853 1646 3071 1716 κλῆρον,
3105 1665 3122 1696 ι
3153 1645 3284 1698 οἵτε
3307 1645 3408 1715 τῆς
3429 1645 3632 1698 τούτων
3665 1645 3754 1715 μέ-

2179 1756 2326 1808 τοχοι
2351 1737 2688 1802 δυσσεϐείας,
2715 1737 2763 1790 οἳ
2811 1739 2903 1790 καὶ
2947 1738 3252 1809 θελήσουσι,
3281 1737 3378 1808 τήν
3405 1737 3555 1806 σφῶν
3581 1737 3754 1790 αὐτῶν

2179 1828 2358 1899 κρίσιν
2385 1827 2610 1896 ὕστερόν
2639 1844 2768 1880 ποτε
2809 1828 3087 1898 ὀψόμενοι,
3123 1831 3170 1882 εἰ
3217 1829 3322 1900 πρὸ
3363 1829 3463 1898 τῆς
3507 1827 3754 1889 ἀσεϐείας

496 1929 582 1976 est
617 1941 628 1976 :
671 1941 689 1972 ι
727 1899 919 1978 Partiti
965 1932 1094 1980 sunt
1125 1926 1450 1982 vestimenta
1501 1944 1617 1982 mea
1669 1929 1796 1992 sibi,
1830 1937 1881 1982 et
1911 1945 2056 1999 supel

2179 1919 2358 1973 αὐτῶν
2383 1917 2724 1988 ἐγεγόνεισαν
2749 1937 2820 1972 πυ
2831 1921 3125 1990 ρίκαυστοι,
3151 1920 3278 1991 πρὶν
3301 1919 3334 1990 ἢ
3361 1919 3453 1972 τὸν
3469 1920 3568 1990 τῆς
3597 1919 3756 1990 μεγὼ-

497 2019 702 2068 vcstem
733 2028 910 2068 meam
943 2017 1211 2070 miserunt
1258 2025 1463 2072 sortem
1498 2017 1564 2083 ³³,
1615 2037 1633 2068 ι
1677 2029 1730 2072 et
1761 2019 2074 2088 quicunque

495 2104 743 2172 ejusdem
773 2107 1070 2178 impietatis
1117 2125 1182 2160 ac:
1221 2111 1448 2166 sceleris
1475 2112 1769 2182 participes
1817 2112 2074 2168 fuerunt?

491 2196 658 2268 338
696 2199 800 2264 Qui
835 2201 1054 2270 quidem
1086 2201 1214 2256 dum
1243 2203 1456 2273 seipsos
1504 2204 1569 2258 ad
1601 2213 1903 2258 extremum
1947 2221 2072 2259 con-

491 2287 780 2344 demnatos
811 2291 1092 2354 videbunt,
1133 2294 1402 2362 Optabunt
1440 2309 1498 2350 se
1531 2305 1656 2350 ante
1692 2296 1851 2350 talem
1889 2297 2074 2366 impie-

488 2386 656 2434 tatem
715 2381 840 2454 igne
893 2381 1064 2439 fuisse
1105 2387 1442 2452 combustos,
1477 2388 1659 2456 potius
1681 2403 1842 2456 quam
1891 2389 2070 2459 magni

488 2473 706 2530 consilii
739 2477 991 2546 angelum
1025 2493 1052 2531 a
1090 2479 1288 2551 seipsis
1321 2483 1582 2536 violatum
1611 2482 1801 2536 fuisse.
1824 2481 1902 2535 Tu
1937 2497 2066 2536 vero

483 2571 666 2620 tecum
701 2567 818 2638 ipse
849 2571 1140 2626 considera
1169 2589 1298 2628 num
1331 2589 1548 2628 omnem
1583 2575 1872 2628 humanam
1902 2583 2066 2628 natu-

485 2671 602 2710 ram
633 2662 926 2722 transiliat,
962 2665 1106 2732 quod
1139 2665 1284 2722 illius
1331 2683 1433 2736 pax
1481 2668 1691 2721 nullum
1723 2667 1880 2722 linem
1914 2669 2068 2724 habi-

482 2757 610 2803 tura
639 2767 762 2807 esse
791 2755 1028 2816 dicatur.
1057 2767 1110 2812 et
1131 2759 1275 2828 quod
1307 2771 1458 2828 pater
1492 2763 1676 2816 smculi
1717 2763 2062 2828 nominetur;

479 2853 742 2915 praeterea
775 2849 920 2916 quod
952 2865 1062 2904 non
1095 2852 1418 2921 simpliciter
1451 2856 1676 2925 angelus
1703 2863 1948 2920 vocetur,
1969 2858 2064 2911 sed

485 2955 504 2986 ι
549 2939 732 3006 magni
765 2942 980 2996 consilii
1015 2945 1262 3012 angelus,
1290 2955 1344 2999 et
1367 2945 1513 3000 Deus
1553 2945 1732 3012 fortis,
1777 2969 1794 2998 ι
1831 2957 1886 3002 et
1915 2964 2064 3018 qua:-

477 3043 698 3099 cunque
725 3047 834 3086 una
868 3048 990 3084 cum
1017 3033 1103 3089 his
1138 3035 1496 3090 adnumerata
1531 3045 1676 3092 sunt.
1706 3037 1836 3092 Item
1862 3041 1936 3093 ait
1965 3057 2062 3110 per

476 3119 630 3174 illum
675 3137 902 3192 regnum
946 3123 1112 3180 David
1142 3142 1264 3181 esse
1313 3127 1844 3200 dirigendum,quod
1879 3133 2056 3202 ipsum

477 3224 610 3264 sane
643 3211 743 3266 hoc
775 3213 1044 3282 intelliges
1085 3217 1266 3270 modo.
1308 3217 1545 3274 Plurima
1581 3221 1798 3290 quidem
1823 3239 1884 3278 ca
1930 3231 2057 3279 sunt

475 3317 598 3370 quae
627 3302 732 3372 ipsi
757 3303 922 3360 David
955 3309 1204 3376 promisit
1225 3308 1386 3374 Deus,
1409 3313 1464 3366 in
1494 3315 1692 3382 quibus
1719 3317 1882 3368 etiam
1921 3317 2010 3370 illa
2037 3335 2050 3371 :

477 3411 497 3445 ι
533 3391 600 3448 Ει
631 3411 830 3465 ponam
867 3399 920 3451 in
973 3400 1110 3454 mari
1161 3417 1380 3456 manum
1405 3404 1546 3474 ejus,
1571 3413 1624 3460 et
1655 3407 1709 3460 in
1733 3405 2051 3464 ﬂuminibus

469 3485 752 3542 dexteram
797 3490 937 3560 ejus,
971 3490 1088 3562 ipsc
1137 3493 1417 3550 invocabit
1467 3513 1575 3560 mc,
1611 3508 1766 3568 pater
1801 3517 1957 3558 meus
1989 3519 2050 3558 es

470 3587 552 3646 tu,
583 3579 728 3638 Deus
763 3600 940 3649 meus,
979 3595 1034 3641 et
1081 3597 1370 3659 susceptor
1417 3593 1614 3646 salutis
1663 3609 1818 3658 mete,
1864 3603 1918 3648 et
1950 3612 2050 3668 ego

467 3674 892 3746 primogenitum
925 3693 1122 3747 ponam
1155 3681 1330 3744 illuni,
1359 3685 1636 3738 excelsum
1687 3701 1798 3755 prae
1827 3687 2048 3756 regibus

465 3779 663 3839 terrai,
715 3775 772 3828 in
851 3785 1115 3832 aeternum
1165 3781 1400 3834 servabo
1481 3781 1562 3834 illi
1613 3783 2044 3838 misericordiam

464 3877 668 3926 meam,
704 3871 758 3919 et
789 3874 1178 3922 testamentum
1204 3885 1383 3924 meum
1415 3869 1570 3926 ﬁdele
1601 3871 1726 3941 ipsi,
1759 3880 1812 3927 et
1847 3888 2044 3942 ponam

463 3958 520 4012 in
577 3960 838 4015 secutum
891 3965 1076 4018 saeculi
1131 3980 1318 4020 semen
1367 3967 1508 4036 ejus,
1545 3976 1600 4022 et
1637 3969 1893 4026 thronum
1925 3971 2044 4040 ejus

463 4047 609 4104 sicut
640 4050 760 4106 dies
789 4053 915 4108 θαιιὶ
945 4053 1007 4107 ⁸⁵.
1049 4074 1066 4106 ι
1105 4053 1172 4108 Et
1213 4072 1406 4114 rursus
1439 4077 1450 4112 :
1488 4077 1506 4108 (
1551 4057 1729 4116 Semel
1761 4062 1939 4130 juravi
1987 4063 2042 4118 in

463 4150 658 4196 sancto
692 4159 836 4210 meo,
863 4145 910 4200 si
947 4145 1118 4202 David
1149 4149 1406 4214 mentiar,
1431 4166 1618 4206 semen
1645 4151 1768 4222 ejus
1801 4153 1854 4207 in
1883 4161 2042 4208 aiter-

461 4248 594 4288 num
629 4237 893 4298 manebit,
927 4247 982 4294 et
1029 4239 1264 4295 thronus
1312 4241 1432 4310 ejus
1483 4242 1622 4297 sicut
1683 4243 1766 4298 sol
1819 4245 1874 4298 in
1909 4260 2043 4300 con-

459 4337 650 4395 spectu
681 4343 824 4394 meo,
857 4337 912 4385 et
947 4331 1088 4386 sicut
1113 4333 1241 4387 luna
1285 4333 1528 4404 perfecta
1559 4335 1616 4390 in
1649 4345 1911 4392 aeternum
1935 4339 2036 4395 ⁸⁵.»

459 4419 596 4475 Cum
623 4422 677 4477 in
716 4421 948 4481 Psalmis
985 4424 1126 4482 Deus
1159 4427 1262 4498 ipsi
1289 4427 1458 4484 David
1481 4441 1590 4486 tam
1627 4431 1798 4484 multa
1829 4433 2036 4502 promi-

459 4511 614 4578 serit,
639 4517 916 4571 contraria
943 4525 1122 4574 tamen
1149 4520 1218 4575 iis
1251 4537 1372 4591 qua:
1405 4525 1678 4592 promissa
1717 4533 1867 4590 sunt,
1891 4527 2038 4582 illius

2177 2011 2274 2083 λης
2305 2011 2498 2082 βουλῆς
2523 2011 2751 2080 ἄγγελον
2789 2011 2925 2082 πρὸς
2951 2013 3132 2064 αὐτῶν
3163 2011 3512 2082 ἀσεϐηθῆναι.
3555 2014 3666 2064 Καὶ
3693 2017 3748 2066 σὺ

2174 2104 2230 2156 δὲ
2259 2103 2410 2174 παρὰ
2433 2103 2613 2173 σαυτῷ
2643 2103 2838 2172 σκέψαι
2867 2106 2915 2156 εί
2945 2103 3016 2173 μὴ
3049 2103 3369 2172 ὑπερϐαίνει
3388 2105 3568 2156 πᾶσαν
3594 2103 3750 2173 φύσιν

2175 2193 2475 2264 ἀνθρώπων
2501 2194 2564 2246 τὸ
2591 2195 2664 2265 μὴ
2691 2194 2844 2257 τέλος
2869 2193 3011 2263 ἔχειν
3037 2193 3132 2263 τήν
3161 2196 3384 2266 εἰρήνην
3409 2195 3572 2248 αὑτοῦ
3597 2195 3746 2264 λέγε-

2175 2283 2319 2348 σθαι,
2347 2285 2438 2338 καὶ
2463 2285 2524 2337 τὴ
2549 2286 2758 2356 πατέρα
2781 2285 3140 2356 ὀνομάζεσθαι
3169 2285 3388 2349 αἰῶνοςε
3421 2288 3514 2339 καὶ
3545 2285 3674 2338 αὐτὸ
3695 2288 3746 2339 δὲ

2170 2377 2230 2428 τὸ
2263 2377 2548 2430 καλεῖσθαι
2600 2379 2762 2431 αὑτὸν
2810 2379 2908 2448 οὐχ
2956 2378 3140 2440 ἁπλῶς
3167 2378 3415 2446 ἄγγελον,
3445 2377 3579 2430 ἀλλὰ
3607 2398 3626 2428 ι
3655 2381 3746 2448 τῆς

2175 2469 2416 2540 μεγάλης
2447 2469 2640 2540 βουλῆς
2661 2470 2912 2539 ἄγγελον,
2936 2471 3027 2522 καὶ
3055 2471 3188 2524 Θεὸν
3219 2472 3454 2542 ἰσχυρὸν,
3485 2491 3500 2521 ι
3535 2471 3626 2522 καὶ
3653 2471 3744 2523 ὅσα

2167 2558 2378 2622 τούτοις
2409 2561 3054 2628 συγκαταλέλεκται.Ἔτι
3079 2561 3134 2614 δέ
3175 2579 3304 2632 φησι
3337 2561 3402 2614 δι’
3429 2561 3590 2614 αὑτοῦ
3619 2579 3742 2614 κατ-

2168 2649 2574 2720 ορθωθήσεσθαι
2612 2651 2710 2722 τὴν
2746 2651 2840 2705 τοῦ
2894 2653 3054 2706 Δαίῖιδ
3102 2652 3398 2722 βασιλείαν,
3433 2653 3460 2706 ὃ
3493 2654 3585 2706 καὶ
3621 2653 3742 2706 αὐτὸ

2165 2739 2354 2792 τοῦτον
2401 2742 2612 2810 νοήσεις
2651 2741 2744 2793 τὸν
2785 2741 3005 2811 τρόπον.
3049 2741 3300 2794 Πλεῖσται
3339 2739 3564 2810 ὅσαιτῷ
3587 2739 3741 2792 Δαϐιδ

2165 2830 2451 2898 γεγόνασιν
2479 2832 2822 2900 ἐπαγγελίαι,
2850 2835 2909 2884 ἐν
2941 2827 3028 2896 αἷς
3049 2831 3294 2904 εἴρηται·
3327 2852 3344 2882 ι
3378 2833 3488 2884 Καὶ
3515 2831 3740 2902 θήσομαι

2163 2925 2220 2974 ἐν
2249 2923 2491 2998 θαλάσσῃ
2536 2929 2692 2996 χεῖρα
2733 2925 2915 2990 αὐτοῦ,
2947 2926 3036 2978 καὶ
3065 2928 3120 2978 ὲν
3151 2927 3413 2995 ποταμοῖς
3443 2925 3618 2990 δεξιὰν
3651 2926 3736 2978 αὑ-

2161 3015 2276 3068 τοῦ.
2313 3016 2484 3079 Αὐτὸς
2515 3018 2895 3070 ὲπικαλέσεταί
2926 3035 3024 3088 με’
3059 3019 3250 3090 Πατήρ
3285 3037 3384 3088 μου
3419 3013 3470 3070 εἷ
3505 3019 3588 3080 σὺ,
3613 3017 3736 3082 856;

2167 3126 2268 3178 μου
2316 3109 2409 3162 καὶ
2439 3110 2784 3181 ἁντιλήπτωρ
2810 3110 2910 3180 τῆς
2945 3111 3218 3183 σωτηρίας
3245 3129 3365 3182 μου.
3399 3110 3570 3178 Κάγὼ
3597 3128 3732 3182 πρω-

2163 3203 2384 3255 τότοκον
2429 3203 2666 3274 θήσομαι
2709 3205 2891 3268 αὐτὸν,
2923 3205 3124 3276 ὑψηλὸν
3157 3203 3303 3276 παρὰ
3331 3208 3442 3268 τοῖς
3465 3204 3730 3274 βασιλεῦσι

2161 3292 2260 3361 τῆς
2299 3293 2424 3362 γῆς.
2453 3295 2546 3356 Εἰς
2593 3293 2684 3346 τὸν
2727 3295 2897 3347 αἰῶνα
2927 3295 3146 3364 φυλάξω
3173 3293 3319 3364 αὑτῷ
3347 3295 3408 3347 τὸ
3435 3295 3580 3358 ἔλεός
3617 3313 3727 3364 μου,

2161 3387 2254 3438 καὶ
2282 3387 2313 3456 ἠ
2339 3385 2568 3458 διαθήκη
2613 3405 2712 3458 μου
2747 3387 2910 3460 πιστὴ
2951 3388 3118 3459 αὐτῷ,
3157 3389 3268 3442 Καὶ
3291 3389 3526 3462 θήσομαι
3549 3391 3628 3452 εἰς
3649 3391 3728 3442 τὸν

2161 3475 2330 3529 αἰῶνα
2377 3477 2470 3530 τοῦ
2505 3477 2698 3542 αἰῶνος
2727 3479 2786 3531 τὸ
2823 3480 3042 3550 σπέρμα
3069 3481 3254 3544 αὐτοῦ,
3277 3483 3378 3535 καὶ
3417 3483 3506 3535 τὸν
3553 3482 3726 3554 θρόνον

2158 3568 2342 3631 αὐτοῦ,
2371 3569 2445 3632 ὡς
2487 3568 2586 3632 τὰς
2627 3571 2838 3641 ἡμέρας
2893 3571 2988 3624 τοῦ
3039 3573 3289 3636 οὐρανοῦ.
3323 3593 3340 3624 ›
3397 3575 3508 3628 Καὶ
3551 3570 3722 3636 αὖθιςο

2163 3679 2180 3710 ι
2197 3660 2377 3724 "Am:
2402 3661 2590 3732 ὤμοσα
2607 3663 2664 3715 έν
2677 3662 2754 3732 τῷ
2783 3663 2924 3734 ἁγίῳ
2955 3682 3075 3734 μου,
3095 3667 3141 3717 εἰ
3157 3665 3234 3736 τῷ
3259 3665 3420 3718 Δαϐἰδ
3445 3666 3722 3735 ψεύσομαι,

2154 3751 2214 3804 τὸ
2243 3755 2462 3823 σπέρμα
2485 3754 2648 3807 αὑτοῦ
2681 3757 2760 3818 εἰς
2801 3755 2892 3808 τὸν
2943 3757 3112 3809 αἰῶνα
3163 3761 3330 3828 μενεῖ,
3367 3759 3460 3810 καί
3491 3761 3520 3811 ὁ
3553 3759 3725 3830 θρόνος

2155 3845 2318 3898 αὐτοῦ
2351 3845 2628 3917 ὠςόῆλιος
2662 3848 2904 3901 ἐναντίον
2933 3867 3056 3920 μου,
3090 3851 3184 3904 καὶ
3211 3851 3286 3914 ὡς
3317 3853 3349 3921 ἡ
3379 3852 3573 3921 σελήνη
3605 3868 3720 3904 κατ·

2153 3953 2185 4006 η
2196 3937 2452 4008 ρτισμὲνη
2477 3941 2556 4002 εἰς
2579 3939 2669 3992 τὸν
2694 3941 2886 3994 αἰῶνα.
2925 3961 2943 3992 i
2984 3943 3232 3995 Τοσαῦτα
3264 3945 3320 3996 ὲν
3355 3947 3464 4007 τοῖς
3489 3943 3716 4014 Ψαλμοῖς

2151 4028 2246 4081 τοῦ
2290 4029 2424 4083 Θεοῦ
2467 4032 2544 4102 τῷ
2577 4033 2740 4086 Δαϐὶὸ
2773 4035 3202 4106 ἐπηγγελμένου,
3239 4036 3497 4089 τάναντία
3539 4035 3714 4102 συνέϐη

2150 4125 2270 4187 ταῖς
2302 4125 2653 4193 ἐπαγγελίαις
2687 4127 2931 4181 ἐπελθεῖν
2978 4129 3062 4182 διὰ
3097 4129 3196 4193 τὰς
3217 4129 3326 4182 τῶν
3351 4129 3605 4200 διαδόχων
3633 4127 3714 4181 ac-

2149 4215 2244 4269 τοῦ
2291 4215 2710 4284 δυσσεϐείας.Ἠ
2755 4220 2884 4289 γοῦν
2919 4221 2982 4274 ἐκ
3023 4221 3338 4292 σπέρματος
3383 4223 3547 4275 Δασιδ
3579 4221 3710 4292 βασι-

2149 4308 2287 4372 λεία,
2319 4309 2650 4382 διαρκέσασα
2689 4311 2880 4383 μέχρις
2909 4313 3154 4382 Ἰεχονίου
3185 4314 3400 4384 καὶτῆς
3422 4315 3528 4366 ὑπὸ
3553 4311 3708 4365 Βαϐυ-

2147 4400 2356 4465 λωνίοις
2403 4402 2494 4455 τοῦ
2541 4403 2688 4475 ἱεροῦ
2729 4404 3060 4476 πολιορκίας,
3095 4405 3294 4470 λέλυτο,
3327 4407 3402 4469 ὡς
3435 4405 3493 4472 ἐξ
3519 4403 3708 4458 ἐκείνου

2151 4495 2347 4565 μηκέτι
2373 4495 2462 4548 τὸν
2489 4494 2674 4567 θρόνον
2701 4495 2883 4560 Δαϐὶδ,
2906 4497 3040 4568 μηδὲ
3065 4499 3190 4560 τοὺς
3215 4499 3279 4550 ἐκ
3305 4498 3610 4568 σπέρματος
3625 4493 3705 4546 αὗ-

457 4609 880 4664 successoribus
935 4611 1186 4667 evenisse
1244 4621 1460 4670 constat
1511 4625 1734 4688 propter
1791 4618 2035 4688 ipsorum

2163 4586 2238 4639 τοῦ
2269 4586 2581 4656 βασιλεῦσαι
2627 4587 2720 4641 τοῦ
2761 4587 3026 4641 Ἰουδαίων
3063 4587 3268 4652 ἔθνους.
3297 4589 3406 4640 Καὶ
3435 4588 3630 4658 ταύτην
3653 4601 3704 4652 γε

459 4696 788 4767 impietates.
835 4699 1048 4756 Etenim
1103 4721 1228 4758 cum
1273 4722 1340 4760 ex
1391 4709 1600 4764 semine
1650 4709 1819 4764 David
1884 4729 2038 4783 reges

455 4805 632 4860 usque
679 4793 744 4846 ad
803 4795 1120 4850 Jechoniam
1179 4805 1231 4852 et
1287 4815 1460 4870 usque
1523 4802 1591 4856 ad
1651 4801 2034 4874 Babylonicam

449 4883 637 4952 templi
665 4885 1007 4942 obsidionem
1039 4893 1462 4958 permanserint,
1489 4895 1578 4948 ubi
1600 4895 1702 4950 hoc
1731 4895 1908 4965 ipsum
1943 4913 2036 4952 ac-

449 4975 603 5038 cidit,
632 4983 748 5030 tum
771 4995 902 5034 vero
943 4979 1274 5037 dissolutum
1324 4993 1410 5040 est
1463 5001 1710 5056 regnum,
1738 4987 1874 5044 adeo
1907 4991 2032 5059 qui-

448 5065 592 5131 dem,
627 5076 686 5122 ut
717 5085 782 5124 ex
813 5071 908 5126 illo
941 5079 1186 5144 tempore
1215 5091 1322 5130 non
1355 5077 1590 5148 amplius
1635 5079 1790 5134 sedes
1837 5079 2027 5146 David,

447 5175 624 5230 neque
671 5161 740 5216 de
785 5165 994 5220 semine
1035 5167 1156 5236 ejus
1201 5169 1490 5240 quisquam
1549 5173 1692 5243 apud
1743 5173 2026 5230 Iudaicam

445 5259 661 5320 gentem
707 5257 1040 5324 regnaverit,
1073 5265 1128 5312 et
1161 5257 1301 5314 hanc
1329 5261 1548 5330 quidem
1585 5279 1772 5318 earum
1819 5281 2024 5330 rerum,

443 5357 583 5408 quae,
623 5351 683 5398 ut
726 5347 976 5415 proxime
1015 5349 1190 5419 posita
1235 5352 1432 5420 psalmi
1481 5355 1748 5422 particula
1803 5355 2028 5412 demon-

441 5451 603 5510 strat,
637 5447 742 5518 ipsi
775 5449 946 5508 David
969 5457 1256 5524 promissae
1287 5465 1436 5522 sunt,
1460 5457 1758 5528 jacturam,
1787 5459 2023 5531 Spiritus

441 5549 661 5608 divinus
695 5555 750 5610 in
784 5556 930 5614 hunc
955 5561 1180 5616 modum
1214 5563 1362 5618 canit
1399 5583 1414 5620 :
1456 5585 1474 5617 ι
1510 5565 1591 5620 Tu
1619 5583 1748 5622 vero
1773 5569 2018 5638 repulisti

441 5662 496 5708 ct
536 5655 858 5728 despexisti,
910 5663 1176 5724 distulisti
1229 5669 1510 5727 Christum
1564 5682 1742 5738 tuum,
1777 5677 2020 5732 evertisti

437 5769 826 5822 testamentum
859 5772 1002 5826 servi
1035 5775 1132 5838 tui,
1161 5775 1466 5850 profanasti
1497 5780 1552 5834 in
1579 5789 1724 5838 terra
1759 5791 2016 5839 sanctua-

2145 4681 2248 4751 τὴν
2295 4681 2592 4753 γενομένην
2624 4681 2920 4736 διάπτωσιν
2952 4683 3050 4753 τῆς
3077 4683 3213 4752 πρὸς
3244 4683 3336 4736 τὸν
3365 4682 3528 4736 Δαϐὶδ
3551 4685 3701 4746 ἐπαγ-

2145 4773 2332 4841 γελίας
2359 4774 2500 4827 κατὰ
2522 4776 2621 4846 τὴν
2643 4775 3041 4847 προειρημένην
3067 4777 3162 4831 τοῦ
3185 4776 3402 4848 ψαλμοῦ
3429 4775 3698 4848 παράθεσιν

2143 4865 2204 4918 τὸ
2238 4866 2378 4918 θεῖον
2408 4859 2509 4919 ὧδέ
2561 4885 2676 4932 πως
2709 4867 2934 4938 Πνεῦμα
2961 4869 3204 4934 θεσπίζει
3228 4889 3241 4900 ·
3283 4891 3302 4922 ι
3333 4871 3404 4925 Σὺ
3431 4871 3486 4924 δὲ
3517 4867 3694 4923 ἀπώσω

2142 4958 2236 5010 καὶ
2269 4957 2650 5024 ὲξουδένωσας,
2693 4959 2952 5014 ἀνεϐάλου
3005 4963 3094 5014 τὸν
3137 4963 3369 5034 Χριστόν
3415 4981 3538 5017 σου·
3581 4977 3688 5014 κατ·

2175 5049 2412 5122 στρεψας
2443 5051 2542 5123 τὴν
2581 5051 2848 5124 διαθήκην
2879 5055 2974 5108 τοῦ
3001 5054 3188 5108 δούλου
3233 5073 3348 5118 σου,
3377 5055 3686 5125 ἐδεϐήλωσας

2139 5143 2217 5204 εἰς
2249 5139 2347 5211 τὴν
2373 5142 2474 5212 γῆν
2501 5143 2562 5195 τὸ
2599 5144 2842 5214 ἀγίασμα
2863 5143 3028 5198 αὐτοῦ
3051 5163 3064 5174 ·
3097 5143 3344 5210 καθεῖλες
3371 5147 3568 5206 πάντας
3583 5143 3688 5204 τοὺς

2139 5235 2428 5306 φραγμοὺς
2461 5235 2656 5289 αὐτοῦ’
2704 5257 2721 5286 ι
2753 5238 2846 5290 καὶ
2883 5239 2998 5308 μετ’
3029 5237 3182 5307 ὀλίγα
3203 5256 3216 5268 ³
3253 5257 3270 5288 ι
3297 5239 3402 5292 Τὸν
3423 5239 3596 5310 θρόνον
3618 5235 3688 5289 αὖ·

2135 5325 2229 5377 τοῦ
2265 5329 2343 5388 εἰς
2373 5325 2470 5398 τὴν
2511 5328 2615 5398 γῆν
2649 5329 3010 5400 κατέῤῥαξας.
3047 5331 3380 5402 ὲσμίκρυνας
3439 5331 3532 5393 τὰς
3571 5327 3684 5402 ήμέ-

2137 5433 2234 5487 ρας
2291 5415 2386 5470 τοῦ
2449 5419 2641 5490 χρόνον
2709 5419 2902 5486 αὑτοῦ,
2975 5421 3240 5492 κατέχεας
3301 5421 3464 5476 αὐτοῦ
3523 5419 3686 5490 αἰσχύ-

2132 5526 2248 5580 νην.
2283 5513 2382 5564 »Ἃ
2427 5513 2521 5564 καὶ
2567 5513 2812 5586 ἐναργῶς
2861 5513 3144 5585 ἀρξάμενα
3189 5515 3548 5570 συντελεῖσθαι
3593 5511 3680 5566 dub

2126 5601 2227 5673 τῆς
2279 5606 2358 5668 εἰς
2403 5605 2698 5658 Βαϐυλῶνα
2735 5607 3110 5678 αἰχμαλωσίας
3133 5609 3226 5661 τοῦ
3257 5607 3386 5662 λαοῦ
3419 5609 3568 5680 μέχρι
3595 5603 3678 5672 τῆς

2139 5696 2426 5767 Ῥωμαίων
2464 5697 2560 5751 καὶ
2595 5697 2848 5769 Τιϐερίου
2885 5701 3230 5774 παρεξετάοη
3279 5703 3560 5774 βασιλείας.
3586 5697 3674 5752 Οὖ-

2127 5785 2236 5850 δεὶς
2263 5785 2393 5856 γοῦν
2426 5791 2490 5841 ὲκ
2533 5789 2632 5859 τῆς
2673 5789 2766 5842 τοῦ
2809 5791 2972 5846 Δαείδ
3014 5793 3262 5866 διαδοχῆς
3285 5795 3342 5852 ἐν
3367 5799 3472 5860 τοῖς
3500 5788 3674 5866 μετα-ξῦ

509 5855 552 5886 ⁸³
575 5855 724 5914 Psal.
757 5877 871 5932 im,
903 5863 968 5919 i8
997 5885 1011 5936 ;
1055 5867 1243 5924 Matth.
1282 5887 1452 5940 xxvii,
1493 5873 1582 5932 55.
1664 5879 1708 5910 ⁸⁵
1737 5875 1884 5936 Psal.
1917 5894 2188 5946 Lxxxvtu,
2217 5855 2406 5940 26-50.
2465 5885 2544 5970 f5.
2573 5855 2708 5942 ibid.
2745 5885 2926 5946 56-58.
