3894 6506
193 399 302 455 533?

1089 394 1737 458 DEMONSTRATIONIS
1774 399 2246 458 EVANGELICIE'
2272 401 2398 458 LIB.
2442 399 2554 458 νη.
3318 403 3442 458 5ῦῖ

192 515 393 588 χρόνοις
453 511 698 583 φαίνεται
745 515 838 568 ὲπί
891 513 980 570 τὸν
1035 515 1312 586 βασιλικὸν
1360 519 1453 572 τοῦ
1491 519 1726 591 Ἐϐραίωε

1855 520 1998 574 rium
2037 520 2176 590 ejus,
2214 519 2531 576 destruxist-i
2586 534 2778 575 omnes
2836 534 2992 592 sepes
3039 518 3160 591 ejus
3197 521 3264 576 “.
3304 540 3322 574 ι
3358 522 3422 575 Et

190 609 360 671 ἔθνους
421 607 706 672 καθεσθεὶς
761 607 948 680 θρόνον
1003 610 1162 683 μέχρι
1222 613 1320 684 τῆς
1369 612 1463 666 τοῦ
1512 615 1746 686 Χριστοῦ

190 699 486 772 παρουσίας.
522 700 629 754 Τοῦ
679 701 736 754 δὲ
783 703 846 754 ὲκ
892 702 1203 774 σπέρματος
1249 704 1411 758 Δασὶδ
1457 708 1746 780 γενομένου

189 793 379 863 Κυρίου
407 795 500 846 καὶ
544 793 798 866 Σωτῆρος
821 795 977 866 ἡμῶν
1019 796 1193 867 Ἰησοῦ
1221 800 1458 871 Χριστοῦ
1487 800 1748 872 βασιλέως

187 888 268 939 ἐπὶ
312 888 486 940 πᾶσαν
526 884 634 955 τὴν
663 889 986 959 οἰκουμένην
1038 892 1527 964 ἀνακηρυχθέντος,
1559 893 1746 964 ὥσπερ

186 979 280 1031 ἀπὸ
320 978 423 1048 γῆς
465 980 557 1033 καὶ
593 979 882 1052 πτώματος
923 983 1245 1048 ἀνανεωθεὶς
1285 985 1445 1050 αὐτὸς
1490 987 1694 1048 ἐκεῖνος
1717 989 1746 1039 6

185 1071 354 1142 θρόνος
383 1072 546 1126 Δαῦὶδ
577 1073 665 1126 διὰ
701 1074 801 1145 τῆς
833 1073 928 1128 τοῦ
960 1077 1210 1148 Σωτῆρος
1251 1076 1406 1149 ἡμῶν
1433 1079 1613 1133 ἐνθέου
1650 1075 1746 1148 βα-

187 1163 372 1227 σιλείας
414 1163 752 1235 ἀνώρθωται,
788 1167 882 1220 καὶ
924 1169 1164 1239 διαμενεῖ
1191 1171 1272 1234 εἰς
1311 1170 1402 1223 τδν
1435 1170 1624 1233 αίῶνα,
1653 1171 1745 1224 καὶ

184 1256 331 1309 εἰσέτι
364 1273 448 1326 γε,
489 1258 566 1321 ὡς
598 1261 626 1312 6
658 1259 808 1329 ἥλιος
847 1261 1087 1314 ἐναντίον
1118 1261 1211 1315 τοῦ
1239 1262 1396 1328 Θεοῦ,
1428 1263 1527 1334 τὴν
1567 1265 1743 1318 πᾶσαν

183 1349 535 1420 καταλάμπων
567 1351 890 1423 οἰκουμένην
913 1357 1031 1417 ταῖς
1063 1355 1243 1408 ἀκτῖσι
1289 1355 1382 1408 τοῦ
1427 1356 1601 1424 φωτὸς
1642 1356 1742 1428 τῆς

180 1439 505 1506 διδασκαλίας
536 1443 724 1510 αὐτοῦ,
759 1445 1065 1509 ἀκολούθως
1098 1449 1164 1518 τῇ
1192 1463 1251 1500 τε
1284 1447 1502 1502 ἀπὸτοῦ
1524 1448 1740 1520 ψαλμοῦ

183 1535 455 1606 μαρτυρίᾳ,
493 1538 589 1590 καὶ
624 1537 719 1591 τοῦ
752 1538 890 1610 μετά
935 1542 1122 1612 χεῖρας
1151 1543 1450 1612 προφήτου,
1487 1543 1614 1614 περὶ
1646 1543 1740 1597 τοῦ

178 1625 624 1698 γεννηθησομένου
653 1631 866 1684 παιδίου
894 1631 1158 1701 λέγοντος,
1186 1634 1278 1687 ἐπὶ
1304 1633 1396 1687 τὸν
1427 1634 1612 1707 θρόνον
1634 1637 1740 1690 Δα-

177 1715 268 1779 διδ,
301 1717 496 1790 δηλαδὴ
518 1721 611 1774 τὸν
645 1721 860 1776 αἰώνιον
887 1726 980 1777 καὶ
1007 1725 1222 1797 διαρκῆ,
1245 1725 1336 1779 τὸν
1361 1727 1424 1798 δὴ
1450 1727 1543 1781 καὶ
1569 1731 1740 1799 ὲπηγ-

177 1807 416 1878 γελμένον
446 1809 526 1881 τῷ
555 1813 721 1866 Δαϐὶδ
745 1814 1175 1886 καθεσθὴσεσθαι
1211 1816 1370 1870 αὑτὸν
1401 1817 1492 1870 ἐπὶ
1524 1817 1621 1888 τὴν
1646 1817 1740 1888 βα-

1849 619 1974 683 post
2001 627 2174 682 pauca
2208 630 2220 666 :
2261 631 2279 664 ‹
2324 611 2518 667 Sedem
2548 611 2668 681 ejus
2695 612 2751 666 in
2784 614 2985 666 terram
3016 612 3289 677 collisisti,
3317 614 3420 668 mi-

1851 705 2017 760 nuisti
2043 705 2157 760 dies
2182 704 2442 774 temporis
2467 703 2608 774 ejus.
2653 702 2942 775 perl'udisti
2985 719 3108 758 eum
3139 701 3419 759 confusio-

1850 811 1916 850 ne
1943 797 2010 848 ".
2055 816 2071 848 ›
2102 796 2233 862 Qua:
2265 798 2448 850 omnia
2509 811 2631 850 cum
2679 795 2792 864 jam
2846 795 3031 866 perlici
3094 796 3419 866 inceperim,

1849 887 1918 942 ab
1935 903 1999 942 eo
2031 897 2275 958 tempore
2305 903 2413 959 quo
2447 888 2679 958 populus
2713 889 2768 941 in
2814 887 3142 960 Babylonem
3172 889 3423 959 captivus

1847 979 2176 1056 ductusest,
2208 997 2380 1052 usque
2413 981 2480 1034 ad
2526 979 2893 1036 Romanorum
2917 987 2971 1035 et
3002 981 3207 1038 Tiberii
3250 982 3425 1050 impe-

1846 1070 1987 1125 rium
2013 1073 2225 1142 prolata
2272 1084 2635 1143 provectaque
2685 1080 2828 1129 sunt.
2861 1073 3024 1144 339
3051 1073 3242 1128 Nullus
3273 1073 3418 1128 enim

1843 1176 1908 1215 ex
1953 1177 2151 1233 genere
2203 1161 2371 1218 David
2427 1163 2529 1218 hoc
2559 1171 2672 1218 toto
2711 1163 3036 1219 intermedio
3083 1171 3327 1234 tempore
3361 1163 3417 1216 in

1844 1252 2124 1310 Hebraicae
2155 1257 2330 1326 gentis
2375 1259 2522 1328 regia
2579 1257 2706 1312 sede
2735 1256 2952 1312 videtur
2988 1256 3216 1319 sedisse,
3243 1273 3418 1327 usque

1844 1345 1912 1400 ad
1935 1347 2138 1402 Christi
2161 1349 2474 1404 adventum.
2499 1347 2604 1404 Ubi
2635 1364 2764 1404 vero
2799 1350 3056 1405 Dominus
3085 1359 3137 1404 et
3171 1349 3417 1402 Salvator

1841 1446 2030 1495 noster
2059 1437 2220 1496 Jesus
2268 1439 2542 1506 Christus,
2577 1441 2669 1510 qui
2697 1441 2765 1495 de
2821 1441 3027 1496 semine
3061 1440 3230 1494 David
3261 1448 3416 1494 ortus

1841 1537 1947 1594 est,
1990 1529 2046 1584 in
2085 1538 2259 1585 totum
2287 1533 2472 1587 orhem
2505 1546 2603 1586 rex
2638 1532 2993 1588 denuntiatus
3023 1539 3127 1596 est,
3154 1539 3416 1602 tanquam

1840 1635 1903 1677 ea
1933 1638 2055 1693 quae
2099 1622 2166 1679 de
2198 1632 2343 1679 terra
2374 1634 2429 1679 et
2463 1624 2622 1678 ruina
2673 1624 2977 1680 instaurata
3035 1625 3126 1690 sit,
3157 1627 3273 1694 ipsa
3324 1625 3419 1680 illa

1841 1717 1998 1774 sedes
2026 1716 2196 1772 David
2231 1734 2327 1789 per
2355 1720 2600 1775 divinum
2635 1719 2936 1778 Salvatoris
2984 1718 3158 1774 nostri
3188 1734 3416 1789 regnum

1839 1817 2021 1866 erecta
2043 1819 2147 1876 est,
2176 1819 2232 1864 et
2256 1812 2597 1881 permanebit
2624 1812 2677 1866 in
2721 1820 3009 1877 aeternum,
3048 1811 3214 1866 veluti
3249 1811 3331 1865 sol
3358 1810 3415 1864 in

178 1900 365 1954 σιλειαν
406 1903 592 1966 αὐτοῦ,
622 1906 966 1977 κατορθῶσαι
1013 1907 1180 1978 αὐτὴν
1230 1909 1324 1961 καὶ
1357 1909 1726 1963 ἀντιλαϐέσθαι

1837 1909 2136 1972 conspectu
2172 1900 2289 1965 Dei,
2341 1898 2487 1958 illius
2519 1904 2682 1960 .lucis
2732 1903 2921 1967 radiis,
2951 1918 3112 1974 quam
3165 1901 3414 1957 doctrina

177 1992 225 2044 ἐν
254 1992 472 2064 κρίματι
521 1993 616 2046 καὶ
663 1993 974 2068 δικαιοσύνῃ
1017 1998 1124 2050 ἀπὸ
1156 1997 1250 2051 τοῦ
1285 1999 1379 2052 νῦν
1412 1999 1503 2052 κα)⁸
1532 2001 1613 2063 είς
1644 2001 1735 2054 τὸν

176 2082 543 2148 αἰῶνα.”οπως
573 2085 630 2138 δὲ
655 2086 825 2140 ταῦτα
859 2089 1180 2159 ἐπληροῦτο,
1205 2089 1520 2156 διδάσκαλος
1542 2092 1735 2160 γένοιτ’

175 2176 231 2230 ἄν
274 2178 567 2250 ἀξιόχρεως
619 2181 660 2232 Γ
663 2180 857 2252 αὕριὴλ
904 2183 933 2234 6
980 2182 1210 2250 ἄγγελος
1252 2185 1310 2238 ἐν
1358 2184 1435 2254 τῷ
1468 2187 1604 2257 πρὸς
1637 2187 1735 2259 τὴν

175 2270 426 2342 Παρθένον
477 2274 844 2345 χρηματισμῷ
896 2277 1148 2347 φάσκωνο
1211 2296 1228 2327 ι
1258 2277 1350 2349 Μὴ
1396 2277 1580 2347 φοϐοῦ,
1616 2281 1735 2332 Μα-

178 2363 323 2432 ριάμ·
354 2357 509 2436 εὗρες
543 2366 653 2436 γὰρ
685 2367 842 2439 χάριν
877 2358 1027 2439 παρά
1059 2368 1137 2439 τῷ
1171 2369 1314 2440 Θεῷο
1347 2372 1438 2423 καὶ
1468 2370 1574 2424 ἰδοὺ
1612 2371 1734 2424 συλ-

174 2453 300 2528 λήψῃ
328 2458 384 2508 ἐν
407 2458 627 2528 γαστρὶ,
649 2459 740 2512 καὶ
764 2459 892 2533 τέξῃ
919 2461 1051 2525 υἱον,
1086 2463 1180 2516 καὶ
1203 2463 1450 2527 καλέσεις
1481 2465 1540 2516 τὸ
1565 2464 1734 2534 ὄνομα

174 2547 317 2600 αὐτοῦ
351 2549 576 2621 Ἰησοῦν.
610 2548 778 2615 Οὗτος
812 2553 962 2606 ἔσται
993 2554 1186 2624 μέγας,
1209 2556 1301 2608 καὶ
1334 2556 1447 2619 υἱὸς
1477 2557 1729 2626 Ὑψίστου

173 2637 498 2710 κληθήσεται,
541 2645 636 2697 καὶ
669 2643 829 2698 δώσει
860 2645 1008 2716 αύτῷ
1037 2647 1241 2718 Κύριος
1268 2650 1296 2701 6
1328 2649 1460 2712 Θεὸς
1485 2650 1575 2702 τὸν
1605 2650 1730 2721 θρό-

171 2746 249 2783 νον
277 2733 434 2786 Δαόὶδ
468 2735 562 2787 τοῦ
594 2738 802 2808 πατρὸς
835 2739 1021 2803 αὐτοῦ,
1049 2741 1142 2794 καὶ
1178 2741 1483 2810 βασιλεύσει
1516 2743 1607 2796 ἐπὶ
1639 2743 1730 2797 τὸν

171 2816 298 2876 οἶκον
339 2825 530 2878 Ἰακὼὸ
565 2829 644 2880 εί-
671 2829 762 2882 τὸν
795 2831 967 2885 αἰῶνα
1012 2835 1099 2886 καλ
1131 2833 1232 2885 τῖη
1263 2833 1467 2886 Βασιλεί
1511 2852 1534 2868 ρ
1609 2835 1664 2865 ’τ
1699 2833 1724 2866 τ’

202 2862 214 2873 .
618 2865 642 2892 ς
973 2873 986 2895 ,
1093 2874 1105 2885 .
1189 2869 1270 2904 ες,
1370 2852 1727 2898 .-αςαυωυ

171 2917 256 2968 οὐκ
282 2917 424 2972 ἔσται
449 2921 623 2984 τέλος.
660 2942 676 2971 ι
715 2923 928 2994 Ταύτην
952 2928 1024 2978 ’ὲν
1056 2925 1134 2996 τῷ
1178 2927 1561 2998 προειρημένῳ
1591 2927 1728 2996 ψαλ-

174 3007 244 3078 μῷ
269 3012 356 3063 καὶ
385 3013 412 3064 ὀ
448 3015 734 3084 προφήτης
769 3015 1078 3085 προσδοκῶν
1115 3019 1212 3090 τὴν
1243 3017 1336 3070 τοῦ
1365 3018 1597 3090 Χριστοῦ
1633 3019 1727 3087 γέ-

169 3115 312 3165 νεσιν,
343 3105 437 3173 τήν
474 3121 531 3156 τε
569 3106 862 3176 ὑπέρθεσιν
891 3109 1078 3178 αὐτῆς,
1115 3111 1207 3161 καὶ
1247 3110 1510 3181 ἀναϐολὴν
1540 3110 1728 3183 ὥσπερ

170 3191 327 3244 αἰτίαν
372 3196 612 3266 συνορῶν
656 3199 753 3268 τῆς
794 3199 889 3251 τοῦ
918 3200 1106 3271 θρόνου
1141 3201 1302 3253 Δαϐὶδ
1335 3201 1722 3266 ἀποπτώσεως,

169 3283 511 3340 ἀποδυσπετεῖ
535 3289 709 3356 λέγων
729 3308 740 3320 ·
773 3311 790 3341 ι
819 3293 890 3343 Συ
910 3292 966 3344 δὲ
992 3292 1195 3346 ἀπώσω
1221 3295 1313 3346 καὶ
1343 3293 1722 3358 ἐξουδένωσας,

169 3376 402 3431 ἀνεθάλου
433 3381 525 3432 τὸν
555 3383 786 3452 Χριστόν
824 3401 938 3437 σου.
973 3404 991 3435 ι
1033 3385 1265 3456 Εὔχεται
1297 3387 1352 3438 δὲ
1385 3386 1571 3458 ὥσπερ
1604 3387 1729 3439 δυσ-

167 3466 313 3521 ωπῶν
354 3470 412 3521 τὸ
455 3470 630 3535 Θείον,
732 3473 896 3542 τάχος
930 3473 1282 3545 πληρωθῆναι
1323 3475 1390 3528 τά
1427 3476 1527 3545 τῆς
1556 3479 1726 3545 ἑπαγ-

168 3557 349 3624 γελίας,
379 3561 604 3630 φάσκων
631 3580 644 3592 ·
681 3585 696 3614 ι
729 3563 839 3616 Ποῦ
883 3567 996 3617 ἐστι
1029 3567 1094 3619 τὰ
1125 3568 1247 3637 ἑλέη
1282 3585 1372 3620 σου
1405 3568 1470 3620 τὰ
1505 3570 1723 3639 ἀρχαῖα,

167 3647 339 3721 Κύριε,
373 3651 407 3705 ἃ
439 3652 660 3724 ῶμοσας
693 3655 772 3725 τῷ
799 3656 961 3708 Δαὸλδ
1007 3659 1063 3710 έν
1112 3661 1176 3728 τῇ
1209 3658 1438 3729 ἀληθεία
1469 3677 1595 3722 σου;
1632 3681 1648 3710 ι
1689 3661 1725 3714 ἃ.

166 3737 220 3811 δὴ
267 3743 570 3811 σαφέστατα
623 3745 718 3798 καὶ
769 3746 908 3799 αύτά
957 3747 1020 3818 δὴ
1073 3749 1243 3802 ταῦτα
1271 3749 1722 3821 πληρωθήσεσθαι

167 3831 244 3882 ἐπὶ
266 3837 325 3904 τῇ
354 3836 564 3904 γενέσει
594 3837 685 3889 τοῦ
722 3838 820 3908 τῆς
858 3839 1097 3909 μεγάλης
1131 3841 1325 3910 βουλῆς
1361 3843 1590 3911 ἀγγέλου
1637 3844 1724 3896 θε-

169 3925 356 3989 σπίζει·
399 3929 515 3997 Ἐφ’
541 3922 584 3996 ᾧ
630 3929 939 4000 θελήσουσι,
970 3933 1153 4002 φησὶν,
1183 3935 1232 3985 οἱ
1262 3935 1723 4005 προαποδοθέντες

166 4021 204 4070 εξ
237 4021 563 4092 ἐγενήθησαν
630 4025 1011 4095 πυρίκαυστον
1046 4045 1064 4077 ι
1114 4027 1244 4080 διότι
1306 4028 1513 4082 παιδίον
1566 4033 1719 4098 ἐγεν-

165 4112 279 4183 νήθη
311 4117 460 4184 ἡμῖν,
489 4117 591 4176 ,καὶ
629 4117 741 4180 υίὸς
770 4117 921 4186 ὲῶθη
957 4120 1085 4189 ἡμῖν
1116 4121 1144 4172 6
1171 4120 1268 4191 τῆς
1313 4122 1556 4193 μεγάλης
1595 4135 1718 4192 pou—

165 4199 242 4271 λῆς
271 4206 512 4274 ἄγγελος.
558 4227 577 4259 ι
616 4208 735 4263 Τίσι
761 4209 815 4262 δὲ
848 4213 979 4280 ἡμῖν
1024 4212 1056 4282 ἢ
1109 4213 1222 4276 τοῖς
1256 4215 1335 4276 είς
1361 4214 1519 4267 αὐτὸν
1555 4233 1717 4268 πεπι-

167 4299 389 4350 cessuris:
416 4302 532 4362 τοῖς
563 4301 621 4351 ὲν
664 4303 730 4370 τῇ
781 4300 1038 4372 Γαλιλαία
1066 4304 1174 4356 τῶν
1201 4304 1398 4369 ἐθνῶν,
1434 4301 1514 4369 οἷς
1549 4307 1719 4370 αἴτιος

163 4388 423 4459 γεγένηται
456 4391 634 4459 φωτὸς
669 4394 760 4445 καὶ
788 4393 1142 4466 εὐφροσύνης,
1175 4396 1360 4449 καινοῦ
1396 4415 1452 4450 τε
1480 4400 1571 4450 καὶ
1597 4398 1715 4451 νέου

163 4482 322 4547 ποτοῦ,
355 4483 456 4554 τῆς
503 4485 693 4555 καινῆς
739 4485 1012 4557 Διαθήκης
1063 4491 1378 4559 μυστηρίου,
1432 4491 1570 4543 κατά
1619 4493 1714 4562 τὴν

1838 1992 1988 2047 illius
2014 2007 2124 2063 prae
2145 2008 2204 2048 se
2227 1991 2352 2058 l‘ert,
2395 2001 2567 2051 totum
2593 1995 2781 2050 orbem
2809 2001 3080 2049 terrarum
3107 1993 3411 2057 illustraus;

1837 2084 1982 2153 quod
2010 2083 2228 2155 quidem
2259 2093 2313 2140 et
2343 2087 2536 2156 psalmi
2565 2087 2814 2158 proximo
2844 2087 3159 2142 testimonio
3181 2101 3415 2139 consen-

1837 2184 2054 2232 taneum
2083 2187 2185 2241 est,
2213 2188 2264 2234 et
2294 2179 2422 2234 huic
2437 2181 2737 2250 prophetae,
2776 2179 2844 2234 de
2867 2195 2974 2249 quo
2998 2193 3144 2233 nunc
3175 2179 3409 2248 agimus,

1835 2269 1928 2340 qui
1992 2269 2060 2324 de
2105 2285 2279 2340 puero
2313 2271 2524 2326 orituro
2567 2272 2662 2336 ait,
2698 2273 2877 2341 ipsum
2934 2271 2990 2325 in
3036 2268 3166 2326 sede
3217 2268 3410 2330 David.

1834 2368 2039 2416 aaterna
2061 2361 2312 2417 videlicet
2335 2377 2399 2416 ac
2431 2371 2803 2433 permanente,
2835 2377 2956 2432 quae
2979 2362 3140 2417 etiam
3174 2361 3276 2431 ipsi
3306 2360 3412 2414 Da-

1836 2454 1924 2508 vid
1949 2455 2217 2525 promissa
2252 2465 2356 2519 est,
2377 2472 2658 2512 sessurum
2689 2459 2742 2510 in
2775 2472 2940 2527 regno
2971 2456 3163 2526 ipsius,
3195 2465 3252 2509 ut
3282 2455 3411 2509 diri-

1834 2554 1924 2616 gat
1951 2545 2085 2600 illud
2120 2554 2174 2602 et
2207 2546 2477 2617 suscipiat
2532 2549 2588 2601 in
2624 2546 2834 2616 judicio
2859 2556 2912 2601 et
2953 2546 3169 2614 justitia
3211 2545 3280 2599 ab
3304 2544 3408 2598 hoc

1833 2638 1953 2706 ipso
1984 2648 2225 2710 tempore
2265 2654 2440 2708 usque
2465 2639 2519 2692 in
2552 2639 2832 2695 saeculum.
2857 2637 3029 2693 Porro
3062 2646 3241 2693 autem
3273 2651 3406 2706 quo-

1832 2731 1993 2785 modo
2027 2731 2142 2786 huic
2170 2731 2288 2801 ipsa
2316 2731 2584 2801 completa
2615 2731 2747 2795 sint,
2801 2731 2934 2786 satis
2995 2728 3211 2784 abunde
3243 2729 3410 2783 doceo

1831 2840 1890 2878 re
1913 2838 2012 2877 nos
2033 2830 2214 2892 potest
2237 2824 2462 2894 angelus
2491 2822 2732 2886 Gabriel,
2759 2824 2814 2878 in
2842 2838 2907 2878 ea
2943 2823 3268 2877 allocutione
3299 2839 3407 2894 qua

1831 2915 1895 2970 ad
1927 2914 2203 2986 Virginem
2243 2931 2376 2970 usus
2425 2923 2510 2970 est
2563 2915 2643 2970 sic
2694 2915 2881 2969 dicens
2929 2929 2943 2964 τ
2986 2933 3003 2963 ι
3059 2911 3136 2968 Ne
3187 2913 3403 2977 timeas,

1831 3005 2020 3071 Maria,
2063 3006 2320 3061 invenisti
2375 3007 2518 3062 enim
2573 3005 2802 3076 gratiam
2857 3005 3000 3075 apud
3033 3003 3242 3070 Deum;
3276 3018 3405 3058 ecce

1829 3099 2106 3167 concipies
2142 3099 2196 3152 in
2239 3107 2396 3152 utero
2431 3105 2484 3151 et
2533 3098 2712 3168 paries
2754 3097 2943 3160 tilium,
2970 3106 3025 3152 et
3052 3097 3276 3152 vocabis
3305 3112 3407 3150 no-

1829 3209 1950 3246 men
1977 3193 2096 3260 ejus
2125 3191 2336 3257 Jesum,
2367 3193 2455 3246 hic
2481 3193 2584 3245 erit
2629 3207 2879 3261 magnus,
2912 3201 2964 3246 et
3013 3191 3155 3246 (ilius
3187 3191 3407 3245 Altissi-

1830 3285 1899 3337 mi
1934 3286 2238 3347 vocabitur,
2273 3293 2326 3340 et
2355 3285 2504 3339 dabit
2533 3285 2581 3338 ei
2619 3284 2881 3340 Dominus
2902 3283 3045 3340 Dens
3085 3284 3267 3339 sedem
3301 3283 3407 3337 Da-

1827 3373 1916 3427 vid
1948 3375 2116 3443 patris
2151 3375 2292 3442 ejus,
2321 3383 2374 3428 et
2409 3375 2656 3444 regnabit
2691 3375 2744 3427 in
2772 3374 2934 3427 domo
2959 3371 3129 3426 Jacob
3163 3374 3215 3425 in
3241 3382 3403 3426 reter—

1827 3482 1976 3526 num.
2016 3474 2068 3520 et
2093 3468 2242 3535 regni
2282 3466 2403 3534 ejus
2451 3483 2557 3519 non
2591 3467 2696 3520 erit
2744 3467 2867 3520 linis
2893 3467 2962 3529 ⁵⁸,
3007 3487 3024 3517 ›
3053 3466 3228 3535 ipsum
3258 3465 3406 3518 hunc

1826 3560 1880 3613 in
1941 3562 2150 3632 psalmo
2204 3561 2487 3630 superiore
2537 3560 2698 3612 etiam
2760 3560 3021 3630 propheta
3076 3566 3403 3628 exspectans

1826 3654 2026 3706 Christi
2064 3664 2264 3717 ortum,
2292 3663 2344 3707 et
2377 3669 2583 3705 moram
2609 3653 2750 3720 ejus,
2783 3654 3213 3722 dilationemque
3247 3654 3402 3722 quasi

1826 3745 1997 3798 ruinae
2024 3746 2170 3799 sedis
2204 3745 2370 3799 David
2402 3761 2622 3798 causam
2661 3746 2979 3814 inspiciens,
3012 3745 3171 3802 taedio
3195 3745 3403 3815 ingenti

1823 3837 2077 3902 adicitur,
2103 3849 2154 3892 ct
2199 3837 2276 3892 ait
2315 3857 2328 3893 :
2372 3856 2390 3888 ι
2429 3836 2508 3891 Tu
2542 3854 2671 3891 vero
2703 3838 2952 3907 repulisti
2986 3846 3039 3893 et
3080 3837 3399 3907 despex-isti,

1823 3929 2082 3984 distulisti
2145 3929 2426 3985 Christum
2486 3939 2661 3984 tuum.
2700 3951 2719 3983 ι
2762 3930 2965 3987 Deinde
3014 3932 3172 4002 quasi
3201 3931 3402 3986 timens

1823 4038 1884 4075 ac
1911 4022 2220 4092 suspirans,
2253 4021 2424 4076 Deum
2449 4024 2627 4094 ipsum
2655 4034 2795 4087 orat,
2831 4033 2890 4078 ut
2920 4040 3084 4095 quam
3117 4024 3404 4080 celerrime

1822 4134 1881 4171 ea
1915 4134 2034 4186 qua:
2059 4118 2328 4187 promissa
2374 4128 2502 4172 sunt
2539 4117 2923 4183 exhibeantur,
2957 4117 3149 4173 dicens
3189 4136 3201 4171 :
3241 4135 3260 4168 ι
3296 4115 3402 4171 Ubi

1823 4218 1949 4263 sunt
1981 4210 2375 4265 misericordiae
2408 4220 2514 4265 tuae
2551 4210 2820 4279 antiquae,
2856 4209 3106 4272 Domine,
3138 4225 3277 4281 quas
3305 4209 3398 4278 ju-

1820 4304 1954 4355 rasti
1993 4302 2155 4357 David
2186 4303 2239 4356 in
2273 4303 2502 4357 veritate
2547 4311 2638 4356 tua
2671 4303 2754 4355 ‘9?
2794 4323 2811 4355 ι
2853 4319 2973 4373 quae
3001 4302 3224 4372 quidem
3255 4302 3396 4372 ipsa,

1821 4395 1959 4462 ipsa,
1993 4394 2235 4465 inquam,
2275 4394 2390 4448 haec
2421 4393 2740 4465 planissime
2802 4394 3126 4464 complenda
3175 4408 3299 4449 esse
3340 4393 3398 4449 in

1819 4494 1942 4540 ortu
1976 4487 2154 4556 magni
2190 4486 2409 4542 consilii
2451 4486 2629 4556 angeli
2663 4486 2996 4541 vaticinatur
3030 4505 3042 4540 :
3077 4485 3134 4539 in
3168 4501 3277 4556 quo
3301 4503 3399 4540 vo-

164 4577 383 4645 φήσασαν
434 4579 800 4649 προφητείαν,
859 4598 876 4630 ι
905 4579 1076 4631 Τοῦτο
1127 4582 1360 4651 πρῶτον,
1411 4583 1520 4645 πίε,
1574 4585 1710 4652 ταχὺ

1829 4585 1952 4646 lent,
1979 4583 2175 4653 inquit,
2204 4583 2240 4636 ii
2275 4583 2342 4638 de
2374 4582 2573 4654 quibus
2600 4591 2760 4639 antea
2792 4583 3002 4638 dictum
3033 4591 3140 4649 est,
3176 4584 3222 4637 si
3263 4583 3400 4640 fuisv

164 4666 302 4731 ποίει,
332 4667 484 4740 χώρα
534 4668 836 4732 Ζαϐουλὼν,
877 4671 968 4722 καὶ
1017 4670 1090 4740 γῆ
1145 4671 1483 4742 Νεφθαλεὶμ,
1523 4676 1615 4727 καὶ
1664 4677 1712 4728 οἱ

162 4754 311 4812 λοιποὶ
348 4763 393 4813 οἱ
435 4760 533 4831 τὴν
575 4760 848 4832 παραλίαν
880 4763 1152 4826 οἰκοῦντες
1179 4764 1350 4836 πέραν
1378 4765 1472 4817 τοῦ
1513 4765 1712 4838 Ἰορδά-

161 4862 255 4912 νου,
289 4849 539 4903 Γαλιλαία
565 4849 673 4902 τῶν
702 4850 886 4903 ἐθνῶν·
916 4854 944 4904 6
963 4852 1089 4916 λαὸς
1109 4856 1136 4906 6
1164 4855 1470 4926 καθήμενος
1502 4858 1558 4908 έν
1589 4859 1714 4909 σκό-

161 4939 373 5007 τει,φῶς
417 4942 555 4994 ἴδετε
593 4941 764 5010 μέγα·
800 4946 893 4997 καὶ
924 4947 1033 5007 τοῖς
1074 4945 1398 5015 καθημένοις
1435 4949 1490 4999 ἐν
1535 4950 1713 5001 σκότει

161 5031 240 5083 tul.
261 5037 378 5104 σκιᾷ
405 5035 657 5099 θανάτου,
692 5036 806 5106 φῶς
831 5038 1098 5090 ἀνέτειλεν
1123 5040 1337 5105 αὐτοῖς;
1377 5061 1393 5089 ι
1427 5037 1548 5092 Εἶεν
1573 5040 1615 5093 δ’
1649 5040 1712 5094 ἂν

159 5119 207 5171 ὲν
234 5122 428 5188 τούτοις
457 5125 774 5196 δηλούμενοι
808 5129 860 5180 οἵ
877 5145 935 5180 τε
969 5129 1027 5192 ἐξ
1057 5129 1226 5182 ἐθνῶν
1256 5132 1334 5194 εἰς
1360 5133 1448 5183 τὸν
1479 5136 1710 5207 Χριστὸν

158 5209 235 5262 τοῦ
267 5213 390 5267 Θεοῦ
417 5217 863 5285 πεπιστευκότες,
894 5213 988 5270 καὶ
1037 5219 1086 5270 οἱ
1129 5219 1221 5271 τοῦ
1272 5221 1521 5292 Σωτῆρος
1551 5227 1581 5295 η
1593 5224 1709 5294 μῶν

161 5304 369 5375 μαθηταὶ
418 5311 512 5361 καὶ
559 5309 862 5375 ἀπόστολοι,
895 5310 987 5375 οῦς
1016 5311 1122 5364 ἀπὸ
1155 5312 1258 5382 γῆς
1299 5313 1582 5366 Ζαϐουλὼν
1616 5316 1710 5367 καὶ

158 5391 442 5472 Νεφθαλεὶμ
484 5403 980 5473 ἀνακαλεσάμενος,
1017 5401 1296 5468 ἐξελέξατο
1329 5406 1576 5475 κήρυκας
1611 5406 1705 5459 τοῦ

157 5482 476 5558 Εὐαγγελίου.
515 5493 735 5558 Τούτοις
766 5495 862 5561 μὲν
911 5492 1003 5548 οὖν
1044 5498 1072 5549 6
1111 5495 1210 5566 τῆς
1241 5497 1480 5569 μεγάλης
1508 5497 1706 5569 βουλῆς

157 5579 353 5651 ἄγγελος
387 5588 500 5652 υίὸς
535 5587 710 5659 ἐδόθη,
748 5590 1020 5660 σωτηρίας
1053 5591 1241 5654 αἴτιος
1262 5594 1374 5655 τοῖς
1402 5593 1458 5645 δὲ
1492 5595 1571 5656 εἰς
1604 5595 1704 5647 αύ-

155 5671 228 5725 τὸν
254 5677 598 5749 ηπιστηκὸσι,
619 5680 786 5751 πυρὸς
826 5680 1023 5751 δηλαδὴ
1058 5681 1152 5736 καὶ
1179 5682 1620 5755 καύσε-ως.”ολης
1647 5684 1705 5736 δὲ

236 5837 274 5866 ⁸⁸
294 5837 433 5896 Psal.
469 5857 730 5908 LXX‘WIII,
769 5841 954 5896 ὅθ’-Η.
1035 5844 1073 5874 ⁸⁷
1126 5843 1257 5898 ibid.
1290 5846 1380 5915 43,
1413 5846 1481 5901 46

1581 5847 1622 5878 ⁸⁸
1650 5846 1782 5904 Luc.
1830 5865 1866 5918 ι,
1909 5851 2087 5909 30-35.

1819 4681 1938 4730 sent
1987 4675 2111 4745 igne
2140 4676 2436 4731 combusti.
2476 4675 2749 4742 Quoniam
2790 4676 3055 4747 puerulus
3103 4685 3269 4732 natus
3315 4686 3400 4731 est

1815 4768 1993 4829 nobis,
2020 4776 2073 4822 et
2113 4768 2257 4824 ﬁlius
2288 4767 2450 4823 datus
2481 4776 2566 4824 est
2612 4769 2794 4835 nobis,
2833 4771 3016 4841 magni
3057 4770 3273 4826 consilii
3309 4785 3402 4824 an-

1815 4861 1986 4931 gelus.
2020 4861 2230 4927 Quibus
2285 4867 2464 4916 autem
2499 4861 2680 4927 nobis,
2707 4861 2811 4918 nisi
2872 4862 2940 4918 iis
2969 4862 3063 4934 qui
3110 4864 3164 4917 in
3217 4864 3396 4932 ipsum

1814 4950 2169 5016 credidimus,
2197 4951 2289 5023 qui
2321 4953 2374 5006 in
2409 4949 2629 5006 Galilaea
2665 4953 2908 5025 gentium
2951 4970 3165 5020 sumus,
3198 4954 3399 5025 quibus

1814 5055 2006 5098 auctor
2030 5044 2207 5101 factus
2242 5053 2326 5100 est
2356 5045 2580 5101 luminis
2610 5055 2664 5100 et
2704 5048 2927 5113 laetitiae,
2961 5056 3015 5103 et
3038 5049 3276 5102 recentis
3298 5064 3398 5099 no-

1814 5134 1978 5205 vique
2040 5147 2223 5206 potus,
2260 5137 2396 5192 Novi
2455 5137 2791 5196 Testantenti
2851 5139 3120 5210 mysterii,
3160 5145 3216 5190 ut
3275 5139 3395 5207 ipsa

1815 5241 2031 5296 quoque
2072 5229 2357 5298 prophetia
2416 5232 2489 5285 ait
2520 5275 2533 5298 ,
2570 5233 2734 5305 3&0
2769 5251 2786 5283 ι
2833 5231 3074 5286 Primum
3105 5230 3249 5292 bibe,
3283 5231 3395 5283 cito

1812 5317 1918 5386 fac,
1944 5318 2093 5389 regio
2133 5319 2400 5388 Zabulon,
2436 5331 2487 5378 et
2521 5335 2660 5380 terra
2693 5322 3064 5393 Nephthalim,
3117 5331 3170 5376 et
3195 5321 3393 5392 reliqui

1812 5411 2144 5466 maritimam
2209 5412 2512 5471 incolentes
2572 5418 2714 5470 ultra
2776 5414 3106 5479 Iordanem,
3169 5413 3392 5469 Galilaea

1810 5503 2094 5574 gentium:
2132 5507 2366 5575 p0pulus
2392 5507 2588 5563 sedens
2615 5509 2670 5562 in
2704 5507 2970 5574 tenebris,
2998 5508 3179 5563 videte
3212 5509 3389 5564 lucem
3427 5510 3436 5522 ‘

1813 5610 2086 5665 magnam,
2111 5603 2166 5652 et
2189 5598 2505 5654 sedentibus
2528 5601 2579 5654 in
2609 5601 2850 5656 tenebris
2878 5602 3140 5656 etumbra
3173 5604 3386 5666 mortis,

1813 5688 1903 5741 lux
1939 5697 2053 5742 orta
2087 5699 2169 5744 est
2193 5691 2272 5745 eis
2301 5691 2346 5722 7°
2392 5711 2409 5742 ›
2437 5691 2460 5744 ?
2492 5691 2629 5747 Sunt
2659 5710 2786 5750 vero
2810 5696 2845 5750 ii
2868 5694 2961 5767 qui
3003 5695 3054 5748 in
3085 5695 3171 5749 his
3206 5694 3384 5752 verbis

2169 5853 2210 5887 θ’
2234 5851 2376 5908 Psal.
2406 5870 2672 5922 Luxvm,
2716 5855 2802 5911 50.
2881 5857 2928 5888 7°
2957 5853 3058 5911 isa.
3096 5871 3170 5921 ix,
3210 5856 3260 5919 Ι,
3291 5854 3347 5909 ‘2;
