3894 6510
456 370 561 445 55:
1127 366 1397 423 EUSEBII
1435 364 1915 423 casaazeusrs
1946 362 2000 420 ο

2131 362 2309 419 PARS
2348 365 2410 421 l1.
2452 393 2522 406 -—
2557 361 3037 421 APOLOGETICA‘
3577 360 3685 417 $36

456 484 834 553 significantur
862 490 921 539 et
945 482 1253 554 quicunque
1274 497 1337 537 ex
1362 480 1613 551 gentibus
1650 480 1702 533 in
1735 479 2000 535 Christun‘

2116 478 2313 548 ταύτης
2355 478 2453 548 τῆς
2504 479 2810 548 οἰκονομίας
2848 476 3102 531 ὑπόθεσιν
3125 475 3402 544 γεγονέναι
3435 475 3571 547 φησι
3593 474 3680 530 τὸν

452 556 552 641 ξι)οἱ
577 558 950 638 crediderunt,
986 581 1041 627 et
1085 572 1383 627 Salvatoris
1427 571 1601 631 nostri
1651 570 1911 640 discipuli
1937 578 2000 624 att

2117 570 2274 641 ζῆλον
2317 569 2542 643 Κυρίου,
2593 569 2797 636 λέγων·
2851 586 2869 619 ι
2903 569 2960 629 ὐ
2999 566 3157 638 ζῆλος
3205 567 3409 639 Κυρίου
3457 564 3680 621 Σαβαὼθ

457 686 562 740 que
590 670 844 741 apostoli,
875 684 1014 738 quos
1035 666 1103 721 de
1130 674 1275 720 terra
1319 664 1561 720 Zabulon
1591 675 1646 719 et
1675 662 2000 734 Nephthalin

2117 663 2328 734 ποιήσει
2381 660 2569 714 ταῦτα.
2603 679 2623 713 ι
2669 661 2828 721 Ποῖος
2871 658 2927 712 δὲ
2975 658 3167 729 ζῆλοςς
3216 660 3251 732 ἢ
3297 653 3359 713 οὗ
3410 658 3681 729 μέμνηται

454 767 729 819 evocatos.
757 772 1031 827 praecones
1059 754 1335 825 Evangelii
1360 756 1441 809 sui
1473 754 1653 824 Clt'gil.
1686 751 1843 808 llisee
1874 753 2000 808 enin

2116 751 2351 822 Μωσῆς,
2399 750 2605 818 λέγων’
2658 768 2676 801 ι
2728 750 2889 803 Αὐτοὶ
2940 749 3332 821 παρεζήλωσάν
3388 767 3455 820 με
3508 751 3678 806 ἑπόὺ

453 847 634 917 magni
652 846 863 905 consilii
887 846 1110 915 angelus
1140 845 1283 901 lilius
1299 847 1456 900 datus
1477 853 1560 899 est
1588 853 1779 898 auctur
1804 843 1996 898 salutis

2115 842 2250 914 Θεῷ,
2281 843 2635 916 παρώργισάν
2667 861 2734 915 με
2774 845 2834 897 ὲν
2861 845 2973 908 τοῖς
3008 842 3243 906 εἰδώλοις
3279 842 3494 899 αὐτῶνθ
3528 839 3682 910 κάγὼ

451 937 523 994 lis
554 952 681 992 vero
713 938 806 1007 qui
842 938 896 995 in
923 938 1098 1003 ipsum
1128 952 1237 995 non
1271 936 1623 995 crediderint,
1660 936 1800 1005 ignis
1823 934 2000 989 videli‘

2115 933 2491 1008 παραζηλώσω
2528 935 2721 997 αὐτοὺς
2749 936 2832 988 ἐπ’
2865 936 2963 988 οὐκ
2992 935 3132 989 ἔθνει
3152 951 3165 965 ·
3200 934 3286 988 ἐπ’
3314 933 3456 987 ἔθνει
3486 932 3680 987 ἀσυνέ-

450 1035 536 1082 cet
570 1036 732 1096 atque
763 1027 1022 1083 incendii.
1075 1025 1354 1082 Universae
1406 1033 1584 1081 autem
1642 1023 1870 1091 hujusce
1901 1023 2000 1077 dis-

2112 1046 2189 1098 τῳ
2229 1026 2512 1100 παροργιῶ
2539 1028 2751 1093 αὐτούς.
2782 1048 2802 1081 ι
2822 1028 2959 1081 Ἀλλ’
2991 1029 3113 1082 ἐπεὶ
3149 1030 3244 1081 σὺν
3278 1027 3398 1099 Θεῷ
3440 1025 3513 1080 τὰ
3553 1026 3682 1098 περὶ

448 1119 786 1191 pensationis
817 1132 1037 1174 causam
1083 1117 1251 1173 fuisse
1310 1117 1386 1170 ait
1442 1116 1613 1171 zelum
1670 1111 1901 1178 Domini,
1936 1111 2017 1167 sic

448 1210 678 1271 dicens:
716 1229 735 1261 ι
767 1209 929 1266 Zelus
972 1209 1182 1266 Domini
1237 1208 1473 1263 Sabaoth
1524 1207 1681 1261 faciet
1726 1205 1840 1259 haec
1882 1205 1948 1258 ".
1988 1223 2010 1257 ι

454 1301 558 1357 Sed
595 1303 721 1373 quis
756 1302 975 1359 tandem
1010 1303 1098 1357 hic
1132 1282 1395 1357 sit‘zelus
1425 1299 1531 1354 nisi
1563 1299 1609 1352 is
1643 1295 1800 1364 cujus
1825 1293 2016 1350 memi-

448 1395 529 1451 nit
561 1394 758 1459 Moses,
798 1396 889 1450 ubi
943 1397 1017 1450 ait
1050 1412 1064 1454 :
1103 1413 1122 1445 ι
1160 1394 1265 1463 ipsi
1307 1390 1437 1445 mihi
1486 1389 1660 1444 zelum
1711 1387 2015 1456 iniecerunt

2110 1117 2210 1189 τῆς
2246 1119 2337 1172 τοῦ
2374 1120 2843 1191 προφητευομὲνου
2892 1122 2970 1183 είς
3007 1119 3323 1190 ἀνθρώπους
3364 1117 3679 1189 ἐπιδημίας,

2110 1213 2170 1265 οὐ
2200 1210 2305 1285 μὴν
2332 1211 2466 1266 ἀλλὰ
2494 1214 2585 1266 καὶ
2629 1214 2657 1265 ό
2696 1213 2895 1285 τρόπος
2924 1213 3021 1285 τῆς
3050 1213 3365 1282 ἐπιφανείας
3394 1211 3559 1265 αὑτοῦ
3595 1209 3680 1264 διὰ

2109 1294 2215 1351 τῶν
2260 1299 2611 1372 προφητικῶν
2637 1300 3001 1356 ἀποδέδεικται
3031 1302 3364 1373 μαρτυριῶν,
3400 1299 3595 1372 καιρὸς
3617 1301 3681 1355 ἂν

2108 1391 2191 1462 εἴη
2226 1391 2475 1454 συνιδεῖν,
2504 1391 2604 1445 ποῦ
2630 1392 2732 1462 γῆς
2759 1392 3200 1464 γεννηθήσεσθαι,
3225 1393 3319 1447 καὶ
3342 1391 3465 1445 ὅθεν
3490 1393 3682 1461 γένους

447 1487 501 1541 ἰιι
537 1502 602 1541 eo
635 1487 726 1557 qui
754 1503 865 1541 non
891 1495 1011 1541 erat
1044 1486 1210 1548 Deus,
1246 1492 1300 1540 et
1338 1483 1689 1538 irritaverunt
1733 1494 1817 1535 me
1845 1478 1897 1531 in
1938 1478 2000 1534 si-

2112 1480 2276 1551 ἥξειν,
2313 1482 2372 1547 ἐξ
2415 1481 2605 1546 ὁποίας
2648 1501 2707 1536 τε
2746 1483 3006 1556 Ἐϐραίων
3051 1483 3475 1557 προελεύσεσθαι
3508 1483 3682 1555 φυλῆς

446 1580 712 1636 mulacris
743 1580 893 1644 suis;
917 1589 968 1635 et
996 1594 1096 1649 ego
1130 1580 1303 1635 zelum
1336 1574 1577 1645 injiciam
1602 1574 1683 1629 cis
1717 1572 1769 1627 in
1800 1586 1864 1626 ea
1894 1584 2000 1640 qua

2112 1567 2466 1638 ἐκηρύττετο·
2497 1570 2533 1624 ἆ
2564 1571 2657 1624 καὶ
2682 1572 2839 1633 αὐτὰ,
2870 1573 3022 1645 φέρε.
3049 1574 3444 1645 ὲρευνήσωμεν.

445 1690 553 1728 ιιοιι
606 1679 692 1729 est
741 1689 910 1745 gens,
946 1674 1000 1727 in
1043 1682 1202 1742 gente
1253 1671 1419 1725 stulta
1470 1665 1698 1723 irritabo
1737 1660 1860 1719 illos
1889 1665 1954 1717 τ’.
1986 1681 2003 1712 ι
2051 1656 2155 1714 Sed
2181 1661 2436 1729 quoniam
2475 1660 2685 1719 favente
2711 1662 2822 1717 Deo
2844 1664 2956 1733 jam
2989 1680 3135 1719 nunc
3179 1680 3243 1719 ea
3275 1681 3398 1735 quae
3455 1667 3526 1721 ad
3554 1680 3679 1733 ejus

445 1766 736 1828 adventum
772 1766 836 1823 ad
868 1765 1115 1821 homines
1158 1762 1449 1834 pertinent.
1479 1759 1546 1816 de
1577 1774 1685 1831 quo
1713 1756 1853 1829 apud
1880 1752 2167 1825 prophetas
2232 1755 2430 1823 agitur,
2500 1769 2710 1809 necnon
2760 1754 3001 1824 ejusdem
3055 1757 3319 1810 adventus
3351 1754 3567 1821 modus,
3614 1771 3680 1811 ex

446 1859 780 1930 propheticis
824 1859 1150 1913 testimoniis
1197 1855 1569 1911 demonstrata
1604 1859 1752 1914 sunt,
1795 1860 2006 1917 tempus
2037 1844 2148 1913 jam
2186 1860 2308 1900 esse
2338 1845 2551 1901 videtur
2582 1853 2640 1900 ut
2670 1846 3048 1917 inspiciamus,
3099 1847 3189 1902 ubi
3244 1856 3513 1903 terrarum
3568 1846 3681 1903 ori-

442 1963 621 2016 turus,
654 1961 708 2008 et
765 1970 832 2007 ex
884 1958 993 2023 quo
1031 1967 1227 2022 genere
1281 1958 1565 2011 venturus,
1618 1949 1744 2002 item
1785 1961 1851 2001 ex
1897 1957 2003 2012 qua
2050 1939 2396 1996 Hebraeorum
2465 1941 2611 1996 tribu
2691 1941 3035 2014 profecturus
3097 1943 3475 2012 nuntiaretur;
3552 1957 3680 2015 qua

445 2046 662 2121 quidem
700 2046 817 2122 ipsa
852 2046 899 2101 si
928 2047 1125 2116 placet,
1160 2047 1408 2110 obsecro,
1436 2051 1763 2102 scrutemur.

1055 2164 1281 2221 CAPUT
1315 2165 1377 2221 ll.

440 2282 484 2345 Δ
518 2280 762 2336 ΜῐεΙιαινα.
807 2308 878 2321 --
911 2279 984 2334 De
1018 2280 1129 2333 loco
1169 2278 1261 2332 ubi
1308 2287 1440 2333 esset
1491 2280 1721 2331 oriturus
1764 2278 1809 2331 is
1847 2277 2006 2341 Deus,

508 2368 657 2421 quem
711 2351 974 2421 propheta:
1013 2351 1324 2421 nuntiarunt
1355 2365 1373 2403 :
1410 2361 1459 2404 et
1480 2348 1913 2421 quemadmodum
1944 2348 2009 2421 de

512 2419 811 2479 Bethlehem
855 2422 1064 2491 regione
1110 2419 1415 2474 Palwstina:
1446 2420 1687 2488 procedet
1734 2436 1765 2472 a
1814 2420 2007 2491 sa'jcula

511 2494 871 2566 pra'exsistens
897 2489 1099 2566 piorum
1132 2492 1296 2566 gentis
1314 2492 1573 2566 princeps,
1602 2500 1650 2543 et
1673 2489 2003 2566 quemadnw:

508 2560 633 2615 dum
685 2563 773 2617 ille
807 2560 1060 2621 Dominus
1111 2561 1365 2613 ducturus
1407 2562 1674 2613 diriuatur
1701 2576 1789 2611 eos
1823 2562 1912 2627 qui
1941 2560 2005 2611 ab

509 2635 716 2688 ultimis
746 2648 906 2703 usque
932 2642 1087 2687 terra:
1108 2630 1301 2699 ﬁnibus
1322 2632 1377 2685 in
1402 2647 1517 2684 eum
1542 2628 1879 2684 crediderint.

517 2788 633 2844 ιΕι
702 2797 800 2854 ιιι,
861 2788 1218 2851 Bethlehem,
1275 2786 1471 2841 domus
1522 2785 1781 2856 prrata.
1842 2785 2006 2840 mini-

438 2896 525 2936 ma
597 2897 657 2937 es
725 2889 784 2938 ut
864 2881 942 2936 sis
1002 2881 1055 2936 in
1117 2879 1359 2935 millibus
1416 2878 1590 2943 Juda;
1639 2894 1704 2932 ex
1760 2888 1812 2932 te
1871 2877 2001 2932 mihi

433 2973 748 3043 egredietur
806 2972 900 3042 qui
956 2971 1176 3041 praesit,
1240 2980 1301 3025 ut
1382 2970 1453 3025 sit
1517 2969 1774 3039 princeps
1841 2966 1999 3042 341

435 3067 491 3123 in
539 3064 724 3126 lsrael,
767 3074 819 3118 et
858 3064 1040 3119 exitus
1070 3063 1191 3133 ejus
1223 3062 1294 3117 ab
1338 3063 1491 3118 initio
1521 3078 1588 3117 ex
1647 3062 1841 3117 diebus
1902 3075 2004 3116 sae-

435 3154 564 3209 culi.
617 3153 823 3208 idcirco
860 3153 1012 3208 dabit
1053 3168 1149 3210 eos
1196 3168 1371 3225 usque
1412 3153 1477 3206 ad
1526 3160 1740 3225 tempus
1787 3152 2004 3222 parien-

435 3246 542 3311 tis;
577 3245 771 3314 pariet,
813 3252 868 3298 et
907 3243 1101 3314 reliqui
1132 3241 1363 3298 fratrum
1406 3243 1647 3313 ipsorum
1679 3250 2005 3296 converten—

434 3346 525 3397 tur
548 3336 616 3391 ad
651 3336 792 3393 lilios
819 3338 1076 3398 lsrael,et
1102 3337 1385 3397 consistet.
1416 3343 1469 3390 et
1497 3332 1722 3397 videbit,
1746 3342 1799 3388 et
1817 3339 2004 3403 pascet

434 3443 651 3499 gregem
683 3443 842 3483 suum
875 3428 928 3482 in
964 3429 1159 3483 robore
1191 3426 1472 3488 Dominus,
1506 3434 1560 3480 et
1592 3425 1649 3481 in
1695 3426 1865 3495 gloria
1898 3439 2001 3478 no-

2632 2161 3022 2217 ΚΕΦΑΛΑΙΟΝ
3072 2164 3147 2216 Β’.

2121 2275 2261 2328 ἰιπό
2287 2273 2392 2329 τοῦ
2422 2274 2885 2345 Μιχαία-Περί
2909 2276 3014 2346 τοῦ
3037 2278 3223 2330 τόπου
3251 2275 3362 2343 τῆς
3384 2275 3681 2346 γενέσεως

2176 2346 2281 2399 τοῦ
2303 2346 2859 2414 προκηρυττομένου
2876 2345 3021 2401 Θεοῦ
3041 2367 3055 2379 -
3073 2347 3169 2399 καί
3194 2347 3273 2412 ὡς
3293 2347 3361 2400 ἐκ
3381 2347 3674 2412 Βηθλεὲμ,

2176 2418 2391 2485 χωρίου
2435 2413 2543 2483 τῆς
2588 2413 3011 2482 Παᾲίαιστίνης,
3045 2416 3113 2480 ἐξ
3155 2416 3367 2480 αἰῶνός
3396 2435 3487 2482 τις
3527 2433 3673 2485 προ-

2176 2485 2474 2555 ῦπάρχων,
2500 2488 2825 2556 ἡγούμενος
2853 2486 2956 2540 τοῦ
2991 2486 3108 2539 τῶν
3134 2487 3429 2541 θεοσεϐῶν
3461 2488 3675 2555 γένους

2180 2557 2622 2623 προελεύσεται,
2661 2556 2760 2609 καὶ
2813 2557 2892 2622 ὡς
2921 2557 3104 2621 αὐτὸς
3141 2559 3174 2610 d
3215 2559 3427 2624 Κύριος
3464 2571 3674 2626 ποιμα·
3706 2586 3707 2589 η

2174 2626 2301 2696 νεῖν
2329 2626 2657 2685 θεσπίζὲται
2698 2626 2837 2692 τοὺς
2878 2625 3051 2696 μέχρι
3085 2627 3204 2679 τῶν
3228 2626 3526 2695 ἐσχατιῶν
3560 2625 3673 2695 τῆς

2177 2695 2281 2764 γῆς
2317 2698 2402 2761 εἰς
2427 2696 2613 2748 αὑτὸν
2644 2695 3135 2762 πεπιστευκότας.

2180 2809 2197 2839 ι
2229 2790 2337 2844 Καὶ
2379 2791 2464 2851 σὺ,
2492 2789 2736 2860 Βηθλεὲμ
2768 2784 2913 2851 οἶκος
2952 2788 3047 2841 τοῦ
3094 2787 3357 2859 Ἐφραθά,
3394 2788 3674 2857 ὀλιγοστὸς

2103 2876 2151 2934 εἷ
2185 2881 2277 2935 τοῦ
2309 2876 2444 2935 εἶναι
2491 2882 2549 2933 ὲν
2582 2881 2814 2952 χιλιάσιν
2847 2881 3015 2935 Ἰούδα
3073 2884 3166 2936 Ἐκ
3209 2882 3302 2935 σοῦ
3343 2900 3431 2953 μοι
3461 2882 3672 2949 ἐξελεύ-

2105 2992 2253 3028 σεται
2287 2972 2612 3046 ἡγούμενος,
2650 2971 2744 3025 τοῦ
2785 2967 2922 3025 εἶναι
2955 2974 3188 3044 ἄρχοντα
3219 2974 3277 3026 ὲν
3312 2973 3392 3043 τῷ
3430 2974 3669 3046 Ἰσραὴλ,

2103 3068 2196 3120 καὶ
2245 3069 2297 3120 αἱ
2329 3065 2493 3130 ἔξοδοι
2528 3065 2690 3120 αὐτοῦ
2748 3066 2843 3118 ἀπ’
2888 3065 3062 3135 ἀρχῆς
3099 3064 3157 3131 εξ
3202 3065 3420 3137 ἡμερῶν
3453 3065 3667 3130 αἰῶνος.

2103 3159 2201 3212 Διὰ
2237 3158 2394 3212 τοῦτο
2437 3157 2595 3213 δώσει
2625 3158 2819 3222 αὐτοὺς
2856 3159 2960 3220 ἕως
2993 3156 3183 3231 καιροῦ
3221 3158 3530 3229 τικτούσης.
3565 3156 3669 3212 τὲ-

2103 3248 2271 3314 ξεται,
2296 3250 2389 3303 καὶ
2418 3250 2468 3303 οἱ
2502 3249 2767 3302 ἐπίλοιποι
2790 3248 2897 3302 τῶν
2928 3249 3168 3319 ἀδελφῶν
3200 3249 3376 3302 αὐτῶν
3413 3248 3668 3320 ἐπιστρέ-

2100 3341 2290 3411 ψουσιν
2331 3341 2422 3394 ἐπὶ
2467 3344 2593 3404 τοὺς
2643 3342 2790 3403 υἱοὺς
2832 3340 3078 3412 Ἰσραήλ·
3127 3342 3221 3395 καὶ
3261 3342 3533 3411 στήσεται,
3572 3340 3669 3395 καὶ

2101 3433 2310 3504 ὄψεται,
2348 3433 2441 3487 καὶ
2490 3435 2743 3503 ποιμανεῖ
2789 3432 2848 3486 τὸ
2887 3432 3131 3503 ποίμνιον
3200 3432 3363 3486 αὐτοῦ
3431 3434 3490 3486 ὲν
3524 3433 3666 3503 [qui

434 3521 598 3576 minis
630 3518 843 3574 Domini
865 3518 957 3574 Dei
987 3520 1227 3589 ipsorum
1258 3520 1544 3582 exsistent,
1570 3518 1826 3587 quoniam
1855 3532 2000 3571 nunc

2112 3527 2321 3598 Κύριος,
2380 3529 2472 3581 καὶ
2524 3528 2582 3580 ὲν
2631 3529 2697 3598 τῇ
2730 3528 2854 3600 δόξῃ
2893 3527 2986 3581 τοῦ
3014 3528 3271 3598 ὀνόματος
3311 3528 3514 3600 Κυρίου
3531 3528 3662 3583 Θεοῦ

435 3611 929 3684 magnificabuntur
979 3626 1150 3681 usque
1192 3612 1257 3665 ad
1309 3618 1551 3665 extrema
1591 3617 1770 3673 terrae,
1811 3616 1865 3662 et
1896 3609 2002 3662 erit

434 3704 546 3763 haec
577 3719 681 3774 pax
705 3705 769 3758 ⁷⁸.
810 3722 828 3757 ι
860 3703 1012 3770 Quod
1049 3703 1269 3774 quidem
1306 3704 1419 3773 ipse
1448 3700 1788 3761 Emmanuel,
1818 3700 1911 3769 qui
1934 3715 2000 3757 ex

431 3798 878 3866 interpretatione
921 3805 1006 3852 est
1035 3797 1305 3849 nobiscum
1357 3794 1515 3852 Deus.
1545 3793 1612 3848 de
1644 3791 1866 3864 Virgine
1902 3805 2002 3845 na-

430 3896 635 3953 scatur,
668 3888 901 3959 etquod
958 3903 1088 3958 puer
1136 3889 1228 3941 fiat
1273 3886 1452 3957 magni
1503 3886 1717 3940 consilii
1750 3884 1996 3954 angelus.

431 3980 751 4049 planissime
780 3995 845 4034 ex
878 3980 945 4034 iis
978 3994 1099 4049 quae
1124 3987 1248 4030 ante
1289 3976 1567 4046 proposita
1598 3984 1746 4039 sunt,
1774 3974 1999 4031 demon-

429 4079 663 4127 stratum
695 4080 799 4126 est.
836 4071 1125 4135 Caeterum,
1166 4069 1452 4140 oportebat
1493 4068 1655 4122 etiam
1704 4067 1907 4130 locum,
1942 4066 1997 4121 in

426 4177 535 4231 quo
574 4163 663 4219 ille
707 4164 951 4218 oriturus
983 4169 1150 4225 esset,
1186 4159 1503 4231 significari.
1550 4157 1818 4214 Divinitus
1869 4174 2000 4229 ergo

427 4253 743 4325 praedicitur
778 4255 848 4311 de
881 4254 1190 4309 Bethlehem
1229 4253 1450 4323 quidam
1482 4268 1809 4320 egressurus
1843 4253 1997 4321 prin-

426 4361 554 4417 ceps
578 4347 631 4401 in
663 4345 847 4412 lsrael,
875 4347 1056 4402 exitus
1082 4347 1151 4401 ab
1177 4345 1333 4405 initio
1366 4360 1430 4399 ex
1461 4344 1655 4399 diebus
1686 4345 1870 4398 szeculi
1898 4343 1995 4399 ha-

424 4438 582 4494 bens.
621 4437 736 4494 Hoc
766 4448 945 4495 autem
981 4440 1158 4509 ipsum
1189 4450 1469 4508 nunquam
1505 4437 1758 4492 humanae
1788 4442 1998 4491 natura:

426 4531 830 4591 accommodari
860 4532 1079 4602 poterit,
1111 4529 1202 4585 sed
1240 4529 1341 4583 soli
1378 4524 1693 4585 Emmanuel
1725 4539 1779 4585 et
1813 4530 1993 4598 magni

423 4623 639 4677 consilii
673 4624 888 4694 angelo.
926 4622 1078 4691 Quod
1109 4622 1250 4676 enim
1290 4621 1358 4676 ab
1391 4631 1596 4677 aeterno
1624 4624 1874 4689 exsistat,
1906 4622 1994 4677 cui

424 4714 644 4769 tandem
695 4716 768 4770 sit
804 4717 1328 4773 accommodandum
1364 4716 1470 4770 nisi
1503 4714 1604 4770 soli
1637 4714 1786 4769 Deo?
1825 4714 1996 4786 Igitur

423 4806 490 4860 de
524 4804 837 4861 Bethlehem
884 4809 990 4873 (est
1033 4814 1212 4861 autem
1274 4806 1361 4860 hic
1416 4803 1616 4860 Iudaeae
1674 4806 1846 4871 locus,
1881 4822 1989 4861 non

422 4896 613 4968 procul
648 4896 717 4951 ab
740 4896 855 4967 ipsa
884 4895 1187 4971 Jerusalem
1218 4897 1379 4963 situs)
1437 4897 1642 4952 dicitur
1670 4896 1892 4967 quidam
1922 4899 1992 4951 ab

420 4982 627 5043 aeterno
669 4988 943 5044 essistens
990 5005 1402 5061 progressurus.
1455 4988 1670 5044 Nullum
1713 5005 1843 5045 vero
1887 4989 1995 5045 nisi

423 5094 591 5135 unum
631 5077 800 5137 David
834 5081 1142 5138 invenimus
1190 5082 1364 5153 gloria
1409 5079 1692 5153 praeditum
1742 5096 1806 5135 ac
1841 5081 1987 5135 cele-

420 5167 596 5233 brem,
641 5170 734 5240 qui
780 5168 906 5224 inde
940 5171 1012 5226 sit
1052 5180 1295 5234 exortus,
1332 5177 1385 5224 et
1431 5177 1555 5243 post
1588 5169 1765 5240 ipsum
1800 5167 1991 5235 David,

422 5261 652 5322 alterum
692 5261 980 5325 duntaxat.
1009 5272 1256 5317 nostrum
1287 5262 1474 5331 utique
1516 5259 1857 5317 'Salvatorern
1900 5258 1992 5315 Je-

420 5365 565 5415 sum,
597 5351 690 5420 qui
720 5350 975 5409 Christus
1012 5359 1099 5408 est
1128 5351 1221 5408 Dei
1248 5372 1259 5407 :
1289 5361 1484 5423 praeter
1521 5352 1619 5407 hos
1652 5358 1832 5412 autem
1868 5353 1994 5409 nul-

420 5442 534 5497 lum
567 5442 733 5496 alium
757 5454 1005 5512 prorsus.
1031 5444 1101 5498 At
1124 5460 1254 5502 vero
1294 5447 1408 5516 ipse
1434 5446 1651 5517 quidem
1682 5444 1851 5500 David
1884 5446 1989 5501 hu-

418 5532 573 5609 jusce
624 5534 921 5604 prophetiae
963 5545 1207 5609 tempora
1258 5540 1572 5603 antecessit,
1633 5547 1687 5593 et
1738 5538 1991 5610 plurimis

489 5649 535 5681 τί
570 5647 676 5703 lsa.
705 5664 911 5714 κιινιι,
943 5651 1031 5705 '52.
1126 5655 1171 5686 "
1196 5654 1353 5710 Deut.
1379 5672 1551 5723 xxx",
1577 5656 1637 5712 2i
1658 5697 1671 5712 .

490 5738 743 5882 ξηοῠδκ
779 5738 918 5809 lege
954 5743 1071 5815 οὐχ.
1110 5744 1268 5801 Enn".

513 5809 569 5879 2)
592 5808 744 5865 Οὐδὲ
760 5808 844 5865 δέ.
877 5809 1039 5882 Lege,
1065 5825 1120 5868 ut
1154 5832 1264 5882 saep

2104 3617 2279 3670 αὐτῶν
2360 3617 2703 3689 ὑπάρξουσι·
2785 3618 2917 3673 διότι
3004 3619 3097 3672 νῦν
3177 3619 3664 3692 μεγαλυνθήσονται

2101 3708 2203 3773 ἕως
2232 3708 2416 3780 ἄκρων
2447 3708 2547 3779 τῆς
2577 3709 2680 3780 γῆς
2701 3746 2715 3771 ,
2762 3708 2856 3764 καὶ
2892 3709 3042 3764 ἔσται
3082 3708 3221 3780 αὕτη
3251 3711 3459 3781 εἰρήνη.
3489 3728 3507 3761 ι
3543 3711 3666 3779 Ἐμ-

2105 3797 2343 3870 μανουὴλ
2373 3798 2907 3870 μεθερμηνευόμενος
2940 3802 3068 3869 μεθ’
3099 3797 3265 3867 ἡμῶν
3294 3798 3457 3864 Θεὸς,
3485 3800 3547 3850 ἐκ
3571 3798 3665 3866 τῆς

2101 3889 2376 3960 Παρθένου
2411 3887 2778 3959 γεννώμενος,
2810 3890 2903 3942 καὶ
2954 3888 3160 3942 παιδίον
3199 3888 3480 3958 γινόμενος
3504 3891 3533 3943 ὁ
3570 3887 3666 3958 τῆς

2103 3979 2344 4051 μεγάλης
2374 3978 2571 4050 βουλῆς
2624 3979 2887 4047 ἄγγελος,
2942 3980 3127 4048 σαφῶς
3169 3979 3381 4050 ἐδείχθη
3425 3980 3515 4032 διὰ
3557 3978 3664 4033 τῶν

2101 4071 2616 4142 προεκτεθειμένων.
2659 4070 2794 4124 Ἀλλ’
2824 4071 2990 4142 ὲχρῆν
3037 4071 3127 4123 καὶ
3161 4070 3249 4124 τὸν
3278 4071 3378 4140 τῆς
3404 4071 3665 4138 γενέσει-ις

2098 4163 2261 4217 αὑτοῦ
2316 4162 2655 4234 σημανθῆναι
2712 4163 2892 4218 τόπον.
2958 4162 3373 4234 Προφητεύεται
3419 4162 3555 4233 δῆτα
3603 4162 3666 4215 ὲκ

2099 4254 2344 4325 Βηθλεέμ
2369 4272 2453 4318 τις
2475 4253 2845 4320 ἐξελεύσεσθαι
2887 4254 3068 4325 ἄρχων
3096 4255 3155 4308 ἐν
3177 4253 3254 4324 τῷ
3296 4253 3530 4324 Ἰσραὴλ,
3568 4252 3665 4314 τὰς

2098 4347 2305 4412 ἐξόδους
2338 4348 2431 4400 ἀπ’
2455 4347 2629 4419 ἀρχῆς
2651 4347 2710 4413 ἐξ
2737 4348 2958 4420 ἡμερῶν
2985 4345 3179 4411 αἰῶνος
3220 4345 3377 4417 ἔχων.
3416 4345 3587 4397 Τοῦτο
3608 4343 3664 4398 δὲ

2096 4441 2194 4494 οὐκ
2221 4440 2285 4495 ἂν
2319 4442 2675 4512 ἐφαρμόσειεν
2707 4440 2990 4510 ἀνθρώπου
3020 4439 3199 4510 φύσει,
3228 4441 3277 4492 εί
3308 4437 3382 4508 μὴ
3419 4437 3565 4508 μόνῳ
3586 4435 3665 4506 τῷ

2109 4532 2163 4585 Ἐ
2172 4551 2207 4602 μ
2215 4533 2473 4604 μανουὴλ,
2505 4533 2599 4587 καὶ
2624 4530 2703 4602 τῷ
2729 4533 2833 4603 τῆς
2850 4532 3092 4603 μεγάλης
3114 4528 3307 4601 βουλῆς
3338 4528 3569 4597 ἀγγέλῳ.
3593 4525 3667 4580 Τὸ

2095 4623 2203 4696 γὰρ
2214 4623 2271 4688 ἐξ
2284 4623 2475 4688 αἰῶνος
2489 4624 2802 4694 ὑφεστάναι,
2819 4625 2923 4676 τίνι
2938 4624 3046 4695 ἄρα
3061 4622 3385 4693 ὲφαρμόττοι
3398 4619 3503 4691 ἂνῆ
3520 4617 3665 4690 μόνῳ

2094 4714 2249 4785 Θεῷ;
2297 4715 2389 4768 Ἐκ
2416 4716 2591 4768 τοίνυν
2630 4715 2728 4785 τῆς
2780 4714 3028 4790 Βηθλεὲμ
3072 4713 3288 4785 (χωρίον
3314 4709 3369 4764 δέ
3415 4711 3530 4761 ἐστι
3563 4706 3663 4777 τῆς

2108 4805 2382 4870 Ἰουδαίας,
2412 4808 2473 4860 οὐ
2495 4807 2681 4880 πόρρω
2706 4806 2805 4876 τῆς
2837 4804 3188 4878 Ἰερουσαλὴμ
3232 4798 3480 4867 διεστὼς)
3507 4796 3660 4867 λέγε-

2095 4900 2183 4955 ταί
2213 4916 2295 4963 τις
2335 4900 2393 4966 ἐξ
2424 4898 2615 4963 αἰῶνος
2642 4899 2899 4970 ὑπάρχων
2935 4892 3371 4967 προελεύσεσθαι.
3414 4888 3537 4945 Οὐδ’
3582 4888 3657 4960 (Ι)

2094 4992 2277 5062 ἕτερον
2300 4990 2356 5045 δὲ
2390 4991 2598 5045 ἐνθένδε
2634 4990 2667 5063 ἢ
2702 4991 2859 5062 μόνον
2878 4990 2967 5043 τὸν
2985 4989 3146 5042 Δαεὶδ
3166 4987 3395 5058 εὕρομεν
3419 4981 3655 5048 ἐπίδοξον

2093 5079 2478 5151 γεγενημένον,
2512 5078 2606 5133 καὶ
2658 5080 2847 5133 ἔπειτα
2876 5076 2988 5148 μετ’
3016 5077 3221 5128 ἐκεῖνον
3262 5071 3352 5126 τὸν
3396 5069 3653 5144 ἡμέτερον

2094 5172 2321 5245 Σωτῆρα
2375 5171 2579 5242 Ἰησοῦν
2622 5171 2712 5224 τὸν
2745 5169 2977 5242 Χριστὸν
3032 5166 3127 5220 τοῦ
3168 5164 3338 5219 Θεοῦ⁸
3372 5163 3555 5229 ἕτερον
3598 5159 3654 5215 δι

2095 5262 2246 5335 παρὰ
2271 5261 2491 5326 τούτους
2519 5260 2727 5315 οὐδένα.
2762 5261 2899 5315 Ἀλλ’
2921 5263 2950 5314 ό
2973 5261 3068 5331 μὲν
3085 5246 3262 5322 Δαϐὶδ,
3290 5254 3415 5319 τοὺς
3436 5252 3652 5326 χρόνους

2093 5355 2192 5426 τῆς
2220 5355 2552 5426 προφητείας
2582 5352 2943 5424 προειληφὼς,
2984 5350 3355 5419 τετελευτήκει
3385 5344 3650 5405 πλείστοις

2095 5448 2357 5517 πρότερον
2391 5446 2534 5500 ἔτεσι
2588 5447 2689 5515 τῆς
2732 5446 3121 5515 προρρήσεως’
3154 5440 3265 5495 ἀλλ’
3314 5439 3434 5493 οὐδὲ
3469 5436 3527 5491 δὲ
3577 5434 3647 5510 (9)

2092 5539 2185 5607 ἀφ’
2241 5538 2460 5610 ἡμερῶν
2507 5536 2699 5601 αἰῶνος
2760 5531 2911 5601 οὗτος
2959 5535 3057 5599 τάς
3120 5530 3327 5600 ἐξόδους
3371 5529 3648 5601 πεποίητο.

1748 5656 1793 5687 ⁷³
1816 5655 1982 5711 Mich.
2017 5673 2070 5718 ν.
2105 5657 2223 5714 2-5.

592 5808 744 5865 Οὐδὲ
760 5808 844 5865 δέ.
866 5808 1120 5883 Ῐλεερζιιι
1154 5832 1321 5889 δεῖρε,
1365 5834 1463 5891 pro
1487 5818 1627 5884 οὐδὲ,
1654 5818 1745 5886 οὐ,
1783 5826 1836 5875 et
1870 5816 1997 5873 huic

2112 5815 2296 5884 ijunge
2326 5813 2382 5870 δέ
2429 5830 2686 5877 sequens.
2718 5820 2777 5868 ut
2806 5815 2876 5870 sit
2907 5813 3026 5869 οὐδὲ
3053 5815 3249 5870 solum.
3286 5809 3442 5867 Εοιτ.
