3894 6518
121 388 205 443 557

1023 398 1677 457 DEMONSTBATIONIS
1715 400 2173 462 EVANGELICIE
2211 406 2342 462 LIB.
2383 405 2495 464 Yll.

3249 411 3353 464 553

118 504 306 560 Οὐκοῦν
349 501 602 562 λείπεται
636 509 728 564 ἐπὶ
779 510 869 564 τὸν
921 512 1057 582 μετὰ
1101 513 1272 569 ταῦτα
1315 518 1378 569 ἐκ
1434 514 1681 586 Βηθλεέμ

1787 525 1912 573 ante
1945 519 2048 574 hoc
2075 521 2357 575 oraculum
2394 520 2556 576 annis
2585 525 2833 574 mortuus
2862 526 2978 585 est;
3011 526 3266 589 prrterea
3286 536 3355 576 ne

114 598 386 670 γενόμενον
419 601 514 654 τὸν
555 601 767 671 ἀληθῶς
817 604 1160 676 Ἑμμανουὴλ
1180 645 1194 669 ,
1225 607 1316 659 τὸν
1348 605 1454 677 πρὸ
1501 607 1680 675 πάσης

115 691 326 752 κτίσεως
351 693 596 762 προόντα
623 693 753 747 Θεὸν
785 696 954 764 Λόγον
985 697 1077 750 καὶ
1107 697 1223 768 μεθ’
1249 698 1402 770 ἡμῶν
1433 697 1563 751 Θεὸν
1593 697 1681 750 λε-

115 781 344 849 γὸμενον,
385 783 842 856 συμπληροῦσθαι
897 787 964 841 τὰ
993 789 1385 860 γεγραμμέναο
1415 791 1537 844 ἐπεὶ
1589 790 1681 842 καὶ

117 875 142 940 ἦ
163 874 213 924 ἐν
234 871 485 943 Βηθλεέμ
512 875 723 943 γένεσις
746 878 910 933 αὐτοῦ
938 881 1192 953 ἄντικρυς
1219 881 1353 935 Θεοῦ
1379 883 1682 954 παρουσίαν

114 964 280 1031 ἐδήλου
312 965 403 1019 διὰ
434 967 542 1020 τῶν
567 971 686 1022 κατ’
725 973 897 1042 αὐτὴν
947 973 1285 1046 παραδόξων.
1315 975 1519 1046 Γράφει
1550 975 1681 1044 γοῦν

113 1057 359 1120 ὁΛουκᾶς
400 1059 594 1112 τοῦτον
640 1062 866 1135 ἱστορῶν
903 1063 994 1117 τὸν
1031 1067 1259 1136 τρόπον·
1292 1087 1310 1119 ι
1346 1068 1590 1134 Ἐγένετο
1621 1068 1678 1121 δὲ

114 1149 162 1201 ἐν
191 1153 300 1212 ταῖς
339 1152 576 1223 ἡμέραις
620 1155 888 1219 ἐκείναις,
933 1157 1123 1227 ἐξῆλθε
1152 1158 1324 1230 δόγμα
1366 1160 1516 1231 παρά
1547 1160 1682 1212 Καί-

117 1258 258 1310 σαρος
319 1244 640 1311 Αὐγούστου
705 1247 800 1300 τοῦ
865 1249 1286 1321 ἀπογράψασθαι
1345 1253 1526 1305 πᾶσαν
1582 1253 1680 1322 τὴν

115 1336 417 1405 οἰκουμένην
439 1355 453 1366 ο
493 1339 633 1409 αὕτη
671 1341 968 1413 ἀπογραφὴ
999 1343 1190 1414 πρώτη
1220 1345 1434 1413 ἐγένετο
1473 1348 1680 1416 ἡγεμο-

113 1427 333 1491 νεύοντος
360 1429 466 1498 τῆς
493 1430 693 1501 Συρίας
720 1434 1014 1504 Κυρηνίου.
1044 1438 1154 1489 Καὶ
1187 1437 1509 1509 ἐπορεύοντο
1541 1439 1679 1492 πᾶν·

111 1536 186 1582 τες
212 1521 649 1590 ἀπογράφεσθαι,
687 1525 915 1589 ἕκαστος
975 1528 1055 1591 είς
1105 1528 1207 1600 τὴν
1258 1529 1452 1583 ἑαυτοῦ
1504 1531 1675 1584 πόλιν.

123 1610 290 1681 Ἀνέϐη
316 1611 373 1664 δὲ
410 1614 510 1666 καὶ
551 1615 748 1686 Ἰωσὴφ
773 1617 880 1669 ἀπὸ
907 1619 1007 1690 τῆς
1039 1619 1350 1687 Γαλιλαίας,
1375 1623 1438 1674 ἐκ
1475 1622 1680 1686 πόλεως

112 1701 341 1774 Ναζαρὲθ
376 1708 460 1769 εἰς
505 1707 604 1779 τὴν
657 1708 951 1775 Ἰουδαίαν,
979 1713 1061 1775 εἰς
1116 1713 1270 1765 πόλιν
1320 1715 1510 1778 Δαὸὶδ,
1557 1716 1678 1784 ira;

112 1794 331 1848 καλεῖται
374 1795 628 1869 Βηθλεὲμ
651 1840 668 1863 ,
713 1799 799 1853 διὰ
830 1800 890 1854 τὸ
923 1799 1061 1855 εἶναι
1091 1803 1253 1856 αὑτὸν
1298 1805 1358 1868 ἐξ
1399 1805 1550 1858 οἴκου
1585 1805 1678 1858 καὶ

1785 625 1816 663 a
1847 611 2041 667 diebus
2089 614 2309 682 quidem
2362 613 2547 668 seculi
2596 611 2778 668 exitus
2831 626 2962 666 suos
3005 611 3132 665 fecit
3165 610 3352 668 David.

1787 699 2048 772 Superest
2075 703 2241 774 igitur
2273 711 2331 757 ut
2359 703 2415 757 iu
2447 697 2532 765 eo,
2565 702 2657 773 qui
2688 701 2919 771 posthac
2950 699 3018 756 de
3041 701 3351 756 Bethleltem

1782 790 2168 859 proﬁciscitur,
2223 807 2281 845 re
2323 808 2448 846 vera
2502 791 2859 853 Emmanuel,
2917 791 3118 861 quippe
3171 792 3350 844 omnia

1783 897 1903 952 quae
1929 894 2111 937 creata
2145 894 2271 938 sunt
2298 883 2591 946 antecedit,
2622 893 2674 938 et
2703 883 2842 939 Deus
2870 883 3132 946 Verbum,
3165 893 3219 939 et
3251 900 3352 936 no-

1784 975 1993 1030 biscum
2023 975 2164 1030 Deus
2191 977 2518 1046 appellatur,
2554 992 2674 1045 quae
2704 977 2791 1030 hic
2825 977 3028 1046 scripta
3054 985 3180 1032 sunt
3203 992 3344 1029 eom-

1782 1068 2031 1138 pleantur
2065 1087 2079 1122 :
2110 1071 2368 1138 quoniam
2394 1070 2508 1139 ipse
2538 1086 2754 1139 quoque
2787 1071 2932 1124 illius
2957 1071 3009 1122 in
3040 1069 3348 1124 Bethlehem

1781 1171 1954 1217 ortus.
1983 1162 2300 1230 planissime
2339 1161 2430 1216 Dei
2469 1161 2762 1216 adventum
2799 1162 3148 1232 signiﬁcavit,
3185 1179 3250 1217 ex
3284 1163 3354 1218 iis

1780 1250 2193 1308 admirabilibus
2235 1253 2418 1313 rebus,
2445 1271 2565 1322 qtue
2606 1253 2750 1322 apud
2805 1254 2973 1322 ipsam
3013 1255 3158 1307 illam
3192 1255 3352 1308 Beth—

1779 1345 1954 1399 leliem
1987 1358 2305 1402 evenerunt.
2343 1347 2623 1418 Siquidem
2660 1348 2836 1405 Lucas
2871 1351 2924 1403 in
2948 1351 3092 1404 hunc
3125 1352 3350 1405 modum

1777 1454 2044 1494 enarrans
2067 1439 2332 1494 describit
2365 1460 2377 1495 :
2426 1459 2444 1492 ι
2484 1440 2711 1496 Factum
2757 1452 2841 1497 est
2871 1454 3047 1497 autem
3080 1445 3134 1496 in
3159 1443 3349 1498 diebus

1779 1528 1908 1583 illis.
1937 1528 2082 1582 Exiit
2106 1530 2344 1584 edictum
2371 1546 2401 1584 a
2437 1531 2651 1586 C:esare
2680 1532 2949 1603 Augusto,
2988 1543 3044 1586 ut
3074 1533 3352 1587 describe—

1779 1627 1931 1674 retur
1959 1622 2252 1677 universus
2282 1623 2433 1676 orbis
2474 1643 2487 1677 :
2527 1625 2639 1678 bare
2679 1623 2975 1693 descriptio
3003 1625 3175 1693 prima
3211 1623 3351 1678 facta

1779 1717 1863 1762 est
1892 1709 2123 1777 praeside
2157 1708 2326 1780 Syria:
2356 1711 2611 1782 Cyrenio.
2634 1711 2695 1766 Et
2740 1713 2894 1766 ibant
2934 1729 3124 1767 omnes
3152 1720 3209 1765 ut
3231 1728 3354 1782 pro-

1780 1802 2064 1856 ﬁterentur
2092 1803 2292 1872 singuli
2326 1803 2378 1856 in
2411 1819 2566 1857 suam
2599 1805 2898 1858 civitatem.
2952 1804 3216 1859 Ascendit
3249 1820 3349 1858 au-

115 1889 323 1956 πατριᾶς
354 1889 552 1952 Δαΰὶδ,
602 1891 1024 1965 ἀπογράψασθαι
1062 1896 1157 1948 σὺν
1203 1897 1434 1968 Μαριὰμ
1475 1901 1540 1968 τῇ
1582 1914 1678 1967 με-

1780 1900 1886 1948 tem
1919 1901 1973 1947 et
2003 1870 2204 1963 Joseph
2237 1911 2268 1948 a
2300 1894 2517 1949 Galilzea
2572 1895 2638 1950 de
2690 1897 2909 1949 civitate
2952 1895 3242 1959 Nazareth,
3295 1895 3351 1950 in

112 1981 475 2052 μνηστευμένῃ
509 1982 656 2053 αύτῷ
682 1985 901 2051 γυναικὶ
933 1985 1068 2060 οὔσῃ
1092 1987 1289 2058 ἐγκύῳ.
1337 1990 1582 2058 Ἐγένετο
1619 1992 1676 2044 δὲ

112 2071 157 2120 ἐν
189 2071 259 2141 τῷ
285 2074 489 2138 αὐτοὺς
524 2069 662 2129 εἶναι
704 2077 851 2141 ἐκεῖ,
879 2077 1226 2150 ἐπλήσθησαν
1262 2084 1316 2134 αἱ
1351 2082 1551 2153 ἡμέραι
1582 2082 1674 2137 τοῦ

111 2167 264 2214 τεκεῖν
304 2167 499 2238 αὐτήν.
534 2170 644 2222 Kal
681 2170 836 2224 ἔτεκε
881 2173 974 2226 τὸν
1021 2173 1135 2226 υἱὸν
1178 2174 1345 2246 αὐτῆς
1389 2176 1480 2228 τὸν
1520 2194 1674 2247 πρω-

112 2257 300 2310 τότοκον
331 2301 346 2323 ,
405 2261 502 2314 καὶ
555 2264 976 2334 ἐσπαργάνωσεν
1020 2268 1215 2333 αὐτὸν,
1264 2271 1356 2323 καὶ
1399 2269 1675 2323 ἀνέκλινεν

111 2349 247 2402 αὲτὸν
273 2353 330 2404 ἐν
367 2357 433 2425 τῇ
467 2354 664 2427 φάτνῃ,
707 2356 839 2410 διότι
868 2359 969 2411 οὐκ
995 2355 1062 2430 ἦν
1096 2361 1279 2423 αὐτοῖς
1304 2360 1466 2423 τόπος
1500 2364 1557 2414 ἐν
1596 2361 1674 2431 τῷ

112 2439 448 2511 καταλύματι.
479 2446 590 2497 Kal.
623 2448 877 2517 ποιμένες
905 2445 1044 2520 ἦσαν
1073 2451 1130 2502 ἐν
1153 2453 1219 2520 τῇ
1251 2450 1403 2522 χώρα
1434 2455 1500 2522 τῇ
1536 2453 1671 2523 αὐτῇ

113 2531 514 2601 ἁίραυλοῦντες,
544 2539 638 2591 καὶ
668 2539 1033 2608 φυλάσσοντες
1066 2541 1312 2611 φυλακὰς
1353 2544 1450 2613 τῆς
1481 2543 1674 2607 νυκτὸς

113 2621 187 2672 ἐπὶ
204 2625 293 2694 τὴν
330 2628 570 2697 ποίμνην
608 2632 786 2684 αὐτῶν
807 2648 820 2661 ⁸
847 2634 942 2685 καὶ
970 2633 1198 2702 ἄγγελος
1226 2635 1430 2704 Κυρίου
1468 2637 1672 2708 ἐπέστη

115 2713 286 2776 αὲτεῖς.
322 2719 420 2770 καὶ
448 2719 576 2784 δόξα
600 2719 736 2773 Θεοῦ
769 2723 1140 2793 περιέλαμψεν
1176 2725 1393 2786 αὐτοὺς,
1416 2727 1510 2778 καὶ
1549 2729 1673 2796 ἐφο-

116 2802 335 2876 ίὲθησαν
377 2812 537 2879 φόϐον
570 2814 761 2883 μέγαν.
801 2818 910 2869 Καὶ
941 2815 1093 2870 εἷπεν
1139 2818 1318 2882 αὐτοῖς
1341 2821 1370 2870 ὁ
1403 2819 1629 2888 ἄγγελος
1653 2837 1668 2852 ο

127 2895 200 2961 Μὴ
232 2897 510 2963 φοϐεῖσθε⁶
564 2903 673 2956 ίδοὺ
717 2904 825 2976 γὰρ
857 2907 1277 2978 εὐαγγελίζομαι
1324 2910 1451 2979 ὑμῖν
1497 2911 1671 2982 Χαρὰν

119 2987 354 3061 μεγάλην,
385 2993 506 3062 ἥτις
536 2995 687 3049 ἔσται
724 3000 886 3051 παντὶ
911 3000 988 3069 τῷ
1018 2999 1127 3070 λαῷ
1147 3018 1159 3030 ·
1201 3001 1283 3054 ὅτι
1324 3003 1516 3073 ἐτέχθη
1544 3005 1670 3074 ύμῖν

121 3081 328 3151 πήμερον
372 3087 598 3158 Σωτὴρ,
629 3090 687 3152 ὃς
733 3092 844 3145 ἐστι
894 3093 1129 3164 Χριστὸς
1170 3095 1394 3165 Κύριος,
1433 3097 1488 3148 ἐν
1522 3097 1670 3151 πόλει

1776 1982 2036 2049 Ιυαωυιη,
2089 1985 2143 2038 in
2188 1984 2466 2040 civitatem
2501 1984 2692 2048 David,
2726 2003 2846 2055 quae
2879 1995 3106 2041 vocatur
3134 1987 3351 2041 Bethle-

1779 2074 1921 2139 hem,
1957 2090 2023 2128 eo
2051 2075 2196 2144 quod
2225 2084 2370 2130 esset
2412 2077 2480 2130 de
2520 2075 2682 2130 domo
2727 2083 2781 2131 et
2826 2077 3031 2130 familia
3075 2076 3263 2135 David,
3291 2083 3351 2129 ιιι

1776 2165 2122 2234 proﬁteretur
2142 2180 2265 2218 eum
2301 2165 2468 2219 Maria
2496 2166 2829 2236 desponsata
2860 2168 2961 2221 sibi
2994 2166 3154 2238 352
3181 2183 3349 2222 uxore

1776 2264 2108 2326 prmgnaate.
2145 2255 2370 2311 Factum
2396 2265 2478 2312 est
2514 2267 2716 2322 autem,
2742 2273 2867 2312 cum
2905 2268 3090 2314 essent
3119 2259 3213 2318 ibi,
3249 2259 3350 2312 im-

1777 2348 1903 2418 pteti
1952 2357 2080 2402 sunt
2120 2345 2238 2403 dies
2268 2357 2327 2401 ut
2379 2358 2618 2417 pareret,
2651 2358 2702 2404 et
2743 2350 2948 2419 peperit
2985 2351 3153 2403 tilium
3188 2367 3347 2404 suum

1775 2440 2219 2510 primogenitum,
2242 2447 2296 2493 et
2324 2442 2520 2510 pannis
2551 2457 2674 2495 eum
2703 2441 2953 2503 involvit,
2977 2449 3031 2495 et
3062 2442 3351 2495 reclinavit

1773 2546 1896 2584 eum
1928 2531 1982 2584 in
2025 2532 2310 2602 praesepio,
2343 2533 2473 2602 quia
2496 2548 2604 2586 non
2629 2541 2746 2586 erat
2780 2533 2860 2586 eis
2901 2533 3056 2587 locus
3091 2531 3145 2586 in
3169 2532 3350 2586 diver-

1774 2624 1940 2679 sorio.
1983 2623 2330 2695 Etpastores
2357 2634 2513 2680 erant
2547 2626 2602 2679 in
2634 2626 2856 2694 regione
2895 2625 3084 2680 eadem
3117 2625 3350 2694 vigilan-

1773 2725 1876 2780 tes,
1906 2726 1957 2771 et
1993 2719 2372 2773 custodientes
2422 2719 2638 2787 vigilias
2685 2721 2862 2774 noctis
2913 2735 3079 2788 super
3128 2735 3345 2788 gregem

1772 2826 1931 2866 suum
1960 2829 1972 2864 :
2005 2819 2056 2866 et
2082 2813 2309 2880 angelus
2341 2809 2556 2866 Domini
2588 2813 2738 2866 stetit
2764 2827 2930 2881 super
2951 2827 3067 2875 eos,
3092 2819 3144 2865 et
3176 2811 3349 2881 gloria

1774 2902 1865 2957 Dei
1898 2903 2263 2958 circumfulslt
2295 2905 2438 2966 illos,
2465 2912 2520 2958 et
2563 2905 2862 2958 timuerunt
2903 2905 3097 2958 timore
3129 2919 3347 2973 magno.

1773 2994 1838 3047 Et
1871 2995 2008 3050 dixit
2056 2995 2165 3052 illis
2218 2995 2448 3065 angelus
2501 2993 2726 3049 :Nulite
2775 2996 2987 3055 timere,
3025 3009 3153 3048 ecce
3201 2993 3347 3047 enim

1771 3085 2084 3155 evangelizo
2116 3086 2270 3140 vobis
2296 3085 2552 3155 gaudium
2586 3099 2866 3152 magnum,
2889 3083 3033 3153 quod
3064 3084 3170 3135 erit
3197 3082 3348 3134 omni

117 3171 268 3227 A1656.
304 3178 413 3230 Kal.
449 3180 607 3233 τοῦτο
637 3183 765 3252 ὑμῖν
794 3184 855 3238 τὸ
883 3189 1106 3254 σημεῖον
1125 3202 1138 3215 ’
1171 3188 1432 3258 εὑρήσετε
1471 3188 1669 3261 βρέφος

1774 3179 1994 3247 populo,
2047 3178 2305 3247 quoniam
2355 3186 2517 3231 natus
2568 3184 2653 3230 est
2685 3177 2838 3230 vobis
2882 3175 3043 3229 hodie
3077 3173 3347 3235 Salvator,

119 3263 577 3341 ἐσπαργανωμένον
603 3275 659 3326 ἐν
686 3276 880 3348 φάτνῃ.
909 3277 1018 3331 Καὶ
1045 3277 1302 3349 ἐξαίφνης
1327 3279 1540 3348 ἐγένετο
1568 3281 1665 3335 σὺν

116 3353 176 3420 τῷ
199 3357 403 3432 ἀγγέλῳ
444 3363 648 3434 πλῆθος
675 3370 934 3437 στρατιᾶς
971 3370 1226 3440 οὐρανίου
1259 3371 1548 3424 αἰνούντων
1575 3373 1665 3425 τὸν

119 3440 240 3510 Θεὸν,
268 3451 359 3503 καὶ
393 3451 685 3520 λεγόντωψ
721 3456 858 3523 Δόξα
888 3459 946 3510 ὲν
978 3459 1223 3527 ὑψίστοις
1269 3459 1407 3528 Θεῷ,
1442 3461 1537 3513 καὶ
1572 3461 1665 3514 ἐπὶ

119 3535 198 3604 ii;
226 3543 428 3613 εἰρήνη,
463 3547 521 3597 ὲν
549 3547 858 3617 ἀνθρώποις
896 3551 1130 3604 εὐδοκία.
1175 3552 1285 3605 Kal
1325 3552 1562 3620 ἐγένετο,
1589 3553 1666 3616 ώς

120 3628 324 3700 ἀπῆλθον
366 3638 460 3690 ἀπ’
502 3640 683 3693 αὐτῶν
724 3645 804 3705 είς
845 3643 934 3695 τὸν
973 3645 1201 3715 οὐρανὸν
1243 3646 1291 3698 oi
1329 3644 1581 3714 ἄγγελοι,
1615 3645 1666 3698 οἱ

121 3727 339 3792 ποιμένες
388 3727 541 3784 εἷπον
587 3733 724 3804 πρὸς
778 3735 1076 3806 ἀλλήλους’
1106 3737 1410 3808 Διέλθωμεν
1465 3737 1528 3808 δὴ
1561 3738 1666 3799 ἕως

123 3810 347 3888 Βηθλεὲμ,
389 3823 483 3874 καὶ
521 3823 718 3894 ἱδωμεν
749 3826 809 3878 τὸ
837 3827 991 3898 ῥῆμα
1022 3827 1180 3881 τοῦτο
1207 3829 1268 3881 τὸ
1297 3829 1607 3898 γενόμενον,
1635 3828 1665 3880 ὃ

119 3901 141 3950 δ
165 3907 342 3980 Κύριος
366 3913 660 3986 ἐγνώρισεν
689 3918 839 3987 ἡμῖν.
869 3919 978 3972 Καὶ
999 3915 1161 3990 ἦλθον
1192 3921 1544 3985 σπεύσαντες,
1570 3923 1664 3975 καὶ

120 3990 247 4066 εὗρον
276 4004 368 4076 τὴν
424 4007 659 4078 Μαριὰμ
703 4010 795 4062 καὶ
833 4011 924 4062 τὸν
975 4012 1204 4081 Ἰωσὴφ,
1243 4013 1415 4066 καὶτὸ
1467 4013 1664 4085 βρέφος

121 4088 334 4157 κείμενον
374 4096 432 4147 ἐν
469 4099 536 4165 τῇ
580 4099 774 4170 φάτνῃ.
823 4099 1042 4162 Ἰδόντες
1087 4101 1144 4153 δὲ
1195 4101 1494 4172 ἐγνώρισαν
1535 4104 1663 4172 περὶ

121 4178 192 4230 τοῦ
222 4185 454 4255 ῥήματος
481 4187 575 4240 τοῦ
603 4188 926 4260 λαληθέντος
951 4193 1133 4254 αὐτοῖς
1165 4194 1292 4263 περὶ
1324 4193 1417 4246 τοῦ
1451 4193 1661 4246 παιδίου

122 4268 305 4324 τούτου·
360 4277 454 4329 καὶ
504 4279 703 4341 πάντες
726 4281 774 4333 οἱ
822 4279 1153 4344 ἀκούσαντες
1186 4282 1501 4352 ἐθαύμασαν
1537 4285 1664 4353 περί

108 4360 203 4412 ,τῶν
227 4363 556 4439 λαληθέντων
594 4371 698 4424 ὑπὸ
740 4371 848 4424 τῶν
883 4374 1152 4443 ποιμένων
1196 4373 1332 4448 πρὸς
1385 4373 1600 4437 αύτούς.
1640 4394 1657 4425 ι

123 4452 274 4510 Ταῦτα
314 4463 407 4528 μὲν
458 4465 487 4515 ὁ
532 4465 766 4528 Λουκᾶς.
820 4466 929 4518 Καὶ
961 4468 988 4518 ὁ
1026 4465 1304 4530 Ματθαῖος
1338 4467 1395 4520 δὲ
1436 4466 1504 4520 τὰ
1535 4468 1664 4539 περὶ

1772 3271 1865 3340 qui
1896 3278 1980 3324 est
2012 3270 2265 3326 Christus
2291 3271 2552 3328 Dominus
2576 3274 2628 3324 in
2660 3273 2879 3325 civitate
2910 3270 3078 3324 David
3116 3288 3128 3322 :
3162 3279 3215 3323 et
3248 3269 3350 3321 hoc

1772 3363 1927 3418 vobis
1961 3364 2197 3431 signum.
2233 3362 2524 3418 Invenietis
2573 3363 2834 3417 infantem
2894 3360 3092 3432 pannis
3136 3360 3348 3412 involu-

1773 3462 1908 3512 tum,
1949 3461 2001 3507 et
2037 3455 2271 3522 positum
2324 3454 2377 3506 in
2424 3453 2708 3522 ιιιερευῃὶο.
2760 3451 2825 3502 Et
2863 3451 3045 3504 subito
3090 3449 3350 3521 factaiest

1771 3560 1895 3598 eum
1925 3547 2120 3613 angelo
2151 3544 2444 3597 multitudo
2480 3545 2688 3597 militia!
2733 3544 2973 3598 cmlestis
3007 3541 3346 3594 laudantium

1775 3635 1942 3688 Deum
1993 3643 2047 3690 et
2092 3635 2390 3690 dicentium
2446 3655 2457 3690 :
2491 3634 2678 3688 Gloria
2722 3636 2776 3688 in
2810 3633 3096 3689 altissimis
3130 3633 3260 3695 Deo,
3294 3639 3351 3686 et

1772 3727 1824 3781 in
1851 3738 1992 3781 terra
2023 3743 2148 3796 pax,
2173 3728 2226 3781 in
2247 3728 2557 3781 hominibus
2580 3727 2718 3780 bona
2747 3727 3022 3780 voluntas.
3050 3725 3118 3778 Et.
3146 3724 3348 3777 factum

1769 3829 1874 3880 est,
1911 3828 1971 3871 ut
2003 3819 2378 3874 discesserunt
2411 3820 2479 3872 ab
2520 3820 2587 3873 iis
2612 3821 2664 3872 in
2693 3819 2892 3872 caelum
2921 3819 3123 3888 angeli,
3156 3825 3348 3886 pasto-

1770 3927 1858 3965 res
1879 3910 2135 3965 dixerunt
2157 3911 2223 3965 ad
2247 3928 2306 3966 se
2335 3913 2586 3973 invicem,
2617 3920 2962 3966 transeamus
2996 3925 3166 3980 usque
3189 3909 3352 3962 Beth-

1771 4000 1969 4066 lebem,
2014 4008 2070 4054 et
2101 4001 2384 4058 videamus
2413 4003 2518 4057 hoc
2544 4002 2770 4056 verbum
2802 4002 2948 4070 quod
3006 4002 3209 4055 factum
3240 4008 3345 4062 est,

1770 4093 1915 4161 quod
1953 4092 2216 4148 Dominus
2254 4096 2498 4150 ostendit
2551 4095 2712 4149 nobis
2747 4114 2760 4149 :
2798 4103 2851 4149 et
2892 4101 3158 4148 venerunt
3205 4091 3352 4145 festi-

1770 4193 1983 4251 nantes,
2015 4196 2070 4241 et
2105 4187 2432 4241 invenerunt
2462 4187 2686 4241 Mariam
2717 4196 2770 4241 et
2802 4186 3026 4256 Joseph,
3073 4196 3126 4240 et
3169 4184 3348 4238 infan-

1770 4287 1876 4332 tem
1912 4279 2145 4348 positutn
2184 4281 2236 4334 in
2268 4281 2554 4349 praesepio.
2605 4279 2864 4334 Videntes
2907 4287 3087 4332 autem
3145 4291 3351 4347 cogno-

1769 4377 1966 4422 verunt
2002 4369 2070 4424 de
2105 4371 2288 4434 verbo,
2337 4371 2483 4440 quod
2539 4371 2746 4424 dictum
2780 4379 2897 4425 erat
2939 4371 3045 4423 illis
3079 4369 3146 4423 de
3179 4382 3348 4437 puero

1772 4463 1874 4516 hoc
1909 4482 1926 4517 :
1960 4471 2014 4516 et
2041 4478 2230 4519 omnes
2253 4465 2344 4532 qui
2364 4464 2655 4518 audierunt
2680 4464 2858 4516 mirati
2881 4472 3010 4518 sunt
3041 4461 3106 4515 de
3137 4461 3204 4514 iis
3226 4475 3348 4530 qua:

121 4548 195 4618 τὴν
223 4553 418 4618 γένεσιν
447 4555 540 4608 τοῦ
565 4558 816 4626 Σωτῆρος
847 4557 1000 4627 ἡμῶν
1044 4559 1288 4630 ἱστορῶν,
1316 4559 1502 4613 τοῦτον
1529 4561 1663 4630 γρά-

1772 4554 1915 4608 dicta
1948 4562 2105 4608 erant
2137 4571 2165 4608 a
2195 4555 2507 4624 pastoribus
2547 4555 2611 4608 ad
2648 4554 2798 4624 ipsos
2821 4555 2889 4608 "".
2920 4576 2939 4606 ι
2976 4553 3098 4608 Hth
3123 4551 3344 4622 quidem

123 4656 189 4706 92:
217 4644 298 4696 τὸν
319 4649 536 4718 τρόπον·
576 4669 593 4699 ι
631 4649 735 4702 Τοῦ
767 4649 822 4702 δὲ
869 4649 1040 4720 Ἰησοῦ
1068 4650 1415 4720 γεννηθέντος
1447 4653 1503 4703 ἐν
1527 4651 1665 4722 Βηθ-

123 4732 227 4805 λεέμ
247 4739 337 4809 τῆς
374 4741 630 4805 Ἰουδαίας
653 4743 708 4794 ὲν
728 4742 963 4813 ἡμέραις
993 4743 1234 4810 Ἡρώδου
1255 4743 1349 4796 τοῦ
1377 4744 1660 4814 βασιλέως,

124 4826 208 4883 ἰδοὺ
231 4833 398 4901 Μάγοι
429 4834 791 4906 παρεγένοντο
818 4835 924 4889 ἀπὶ
969 4835 1244 4889 ἀνατολῶν
1276 4838 1355 4899 εἰς
1393 4837 1657 4908 Ἰερουσα-

120 4915 237 4990 λὴμ,
267 4923 538 4991 λέγοντεςο
573 4926 683 4980 Ποῦ
728 4928 876 4979 ἐστιν
919 4928 948 4980 ὁ
993 4927 1205 4998 τεχθεὶς
1253 4928 1506 4998 βασιλεὺς
1554 4930 1664 4984 τῶν

128 5009 378 5071 Ἰουδαίων·
419 5019 632 5089 εἴδομεν
654 5019 763 5091 γὰρ
792 5018 955 5073 αὑτοῦ
989 5019 1080 5073 τὸν
1131 5021 1337 5092 ἀστέρα
1367 5023 1425 5074 ἐν
1445 5025 1509 5093 τῇ
1537 5023 1666 5077 ἀνα-

121 5105 239 5177 τολῇ,
280 5112 367 5164 καὶ
397 5112 632 5182 ἡλθομεν
661 5114 1036 5184 προσκυνῆσαι
1071 5113 1240 5183 αύτῷ.
1293 5115 1553 5178 ’Λκούσας
1608 5116 1664 5169 δὲ

121 5193 386 5264 ὁβασιλεὺς
427 5199 674 5271 Ἡρώδης
712 5201 1008 5273 ἐταράχθη,
1047 5203 1142 5256 καὶ
1182 5205 1395 5275 πᾶσαὴ
1437 5205 1664 5276 Ἰεροσόσ

122 5283 233 5356 λυμα
257 5294 364 5361 μετ’
388 5292 577 5347 αὑτοῦ.
601 5293 710 5346 Kal.
740 5293 1059 5363 συναγαγὼν
1087 5296 1299 5359 πάντας
1325 5299 1451 5360 τοὺς
1481 5299 1666 5369 ἀρχιε-

123 5385 206 5448 ρεῖς
236 5385 322 5438 καὶ
351 5389 701 5457 γραμματεῖς
727 5385 822 5439 τοῦ
847 5386 1000 5451 λαοῦ,
1034 5387 1368 5441 ἐπυνθάνετο
1406 5392 1534 5460 παρ’
1569 5392 1666 5444 αύ-

120 5472 219 5538 τῶν,
251 5479 345 5530 πού
369 5480 398 5532 ὁ
431 5479 664 5549 Χριστὸς
694 5481 972 5546 γεννᾶται.
999 5481 1062 5533 Ol
1089 5479 1146 5532 δὲ
1176 5475 1332 5534 εἷπον
1359 5481 1507 5551 αύτῷ
1527 5499 1539 5511 ·
1578 5483 1664 5536 Ἐν

123 5563 326 5640 Βηθλεὲμ
348 5571 450 5638 τῆς
483 5571 760 5634 Ἰουδαίας.
785 5571 941 5626 υῦτω
978 5573 1086 5644 γὰρ
1115 5573 1426 5645 γέγραπται
1451 5574 1538 5626 διὰ
1572 5575 1663 5628 τοῦ

123 5660 380 5731 προφήτου·
417 5662 526 5714 Καὶ
550 5661 635 5723 σὺ,
670 5661 938 5732 Βηθλεὲμ,
970 5657 1118 5725 οἶκος
1149 5662 1243 5716 τοῦ
1279 5664 1546 5736 Ἐφραθά,
1577 5665 1665 5717 ού-

121 5742 269 5815 δαμῶς
303 5751 557 5823 ἐλαχίστη
587 5747 637 5804 εἴ
670 5754 726 5805 ἐν
752 5757 864 5816 τοῖς
901 5753 1163 5825 ἡγεμόσιν
1206 5755 1391 5811 Ἰούδα.
1432 5757 1524 5809 Ἐκ
1571 5757 1662 5809 σοῦ

175 5837 209 5867 ’⁵
244 5838 367 5897 Luc.
398 5859 459 5907 ιι,
497 5843 637 5897 1-18.

1770 4645 1967 4700 Lucas.
1997 4646 2282 4703 Matthzeus
2312 4655 2492 4702 autem
2519 4648 2611 4701 ubi
2647 4664 2709 4703 ea
2738 4664 2860 4718 quae
2890 4649 2957 4702 ad
2987 4655 3166 4701 ortum
3220 4644 3344 4699 Sai-

1766 4738 1971 4793 vatoris
2016 4741 2188 4794 nostri
2233 4740 2478 4808 exponit,
2519 4739 2714 4793 scribit
2762 4741 2815 4793 in
2867 4739 3012 4792 hunc
3053 4736 3273 4792 modum
3327 4754 3342 4790 :

1771 4849 1788 4880 ι
1825 4829 1961 4884 Cum
1983 4840 2163 4885 autem
2190 4841 2350 4886 natus
2371 4842 2514 4886 esset
2535 4831 2695 4887 Jcsus
2722 4832 2774 4886 in
2807 4831 3120 4886 Bethleliem
3146 4829 3346 4883 Judaaa:

1765 4923 1819 4976 in
1850 4922 2046 4978 diebus
2079 4922 2310 4978 Herodis
2351 4925 2517 4994 regis,
2553 4939 2682 4979 ecce
2723 4923 2862 4994 Magi
2896 4924 2964 4976 ab
3001 4924 3214 4976 oriente
3246 4933 3340 4972 ve-

1766 5021 1965 5068 nerunt
1999 5013 2052 5067 in
2083 5012 2414 5079 Jerusalem,
2449 5014 2696 5070 dicentes
2738 5033 2751 5068 :
2806 5014 2906 5068 Ubi
2941 5022 3024 5068 est
3054 5012 3146 5081 qui
3182 5019 3344 5064 natus

1762 5120 1847 5166 est
1873 5127 1963 5166 rex
1994 5110 2347 5166 Iudaeorum?
2399 5111 2638 5166 vidimus
2669 5113 2812 5166 enim
2869 5111 3080 5164 stellam
3115 5107 3238 5172 ejus
3285 5105 3341 5158 in

1732 5204 1998 5265 'oriente,
2030 5212 2084 5256 et
2115 5204 2366 5259 venimus
2403 5211 2460 5258 ut
2494 5205 2783 5259 adoremus
2806 5218 2950 5256 eum.
2970 5200 3212 5254 Audiens
3245 5212 3341 5251 au-

1767 5305 1873 5351 tem
1891 5294 2136 5350 Herodes
2165 5311 2260 5350 rex
2279 5298 2533 5352 turbatus
2556 5305 2659 5360 est,
2694 5303 2748 5350 et
2768 5294 2948 5348 omnis
2968 5292 3342 5358 Hierosolyma

1764 5401 1890 5440 cum
1919 5386 2013 5440 illo
2047 5405 2060 5441 :
2096 5394 2150 5440 et
2183 5400 2523 5457 congregans
2560 5401 2752 5438 omnes
2779 5383 3058 5454 principes
3087 5381 3342 5435 sacerdoo

1765 5486 1878 5529 tum
1928 5484 1981 5531 et
2035 5477 2250 5532 scribas
2306 5477 2514 5547 populi,
2558 5475 2950 5531 sciscitabatur
3003 5475 3072 5527 ab
3117 5474 3200 5529 eis
3251 5472 3342 5526 ubi

1763 5570 2015 5626 Christus
2043 5585 2384 5626 nasceretur.
2427 5571 2496 5624 At
2539 5571 2616 5625 illi
2651 5570 2907 5624 dixerunt
2933 5569 3004 5631 ei,
3038 5567 3092 5621 in
3127 5565 3344 5622 Bethle-

1763 5661 1886 5716 hem
1941 5661 2160 5717 Iudaeae.
2199 5661 2292 5717 Sic
2339 5661 2483 5717 enim
2537 5663 2803 5732 scriptum
2839 5667 2922 5714 est
2962 5675 3059 5731 per
3105 5662 3344 5729 prephe-

1765 5767 1872 5812 tam
1906 5777 1917 5814 :
1942 5758 2006 5813 Et
2026 5768 2104 5824 tu,
2138 5757 2448 5814 Betltlehem
2475 5755 2669 5810 domus
2695 5753 3342 5824 Ephrathamcquaquam
