3894 6572
540 402 650 467 τε,
1226 397 1492 455 susse"
1530 393 2007 453 CESARIENSIS
2042 388 2194 447 ore.
2236 388 2416 447 mas
2451 390 2516 446 ιι.
2543 422 2615 436 .-
2650 386 3148 448 APOLOGETICA.
3682 397 3780 452 sto

547 520 776 577 minima
807 532 870 575 es
897 516 955 572 in
1002 512 1341 587 principibus
1368 510 1529 566 Juda.
1566 510 1645 565 Ex
1673 518 1729 566 te
1763 511 1909 566 enim
1941 506 2112 564 exibit

2238 504 2321 578 ’ἀρ
2348 505 2688 571 ἐξελεύσεται
2730 505 3051 576 ἡγούμενος,
3084 506 3229 569 ὅστις
3262 508 3526 577 ποιμανεῖ
3550 505 3643 561 τὸν
3663 509 3778 565 λαόν

550 613 681 677 dux,
717 610 810 683 qui
841 616 1028 675 pascet
1057 606 1316 677 populum
1352 620 1531 660 meum
1576 603 1763 659 Israel.
1815 602 1969 656 Tune
1999 599 2105 654 He-

2238 616 2317 652 ιου
2343 599 2433 652 τὸν
2471 596 2703 669 Ἰσραήλ.
2729 597 2863 651 Τότε
2897 597 3160 670 Ἡρώδης,
3192 597 3365 671 λάθρα
3398 598 3643 662 καλέσας
3665 603 3777 665 τοὺς

551 703 715 759 rodes
741 703 883 756 clam
916 698 1126 753 vocatis
1159 695 1350 767 Magis,
1381 697 1668 767 diligenter
1695 695 1887 750 didicit
1923 693 1992 748 ab
2031 693 2112 747 eis

2238 689 2749 761 ιάγους,,ὴκρί6ωσε
2787 690 2916 762 παρ’
2944 690 3123 745 αὐτῶν
3150 689 3240 744 τὸν
3264 690 3452 761 χρόνον
3482 689 3582 743 τοῦ
3614 710 3776 760 φαινο-

550 802 766 864 tempus
809 792 978 847 stellae
1005 804 1123 859 qua!
1153 788 1405 859 apparuit
1443 788 1545 852 eis,
1576 794 1630 841 et
1673 788 1895 840 mittens
1931 799 2025 839 eos
2057 783 2112 838 in

2238 784 2378 837 ιένου
2400 784 2628 856 ἀστέρος
2646 799 2659 813 ·
2687 783 2781 836 καὶ
2802 781 3021 853 πέμψας
3040 783 3235 845 αὐτοὺς
3259 784 3337 845 είς
3352 781 3627 853 Βηθλεὲμ,
3650 780 3774 837 εἶπε·

553 886 886 946 Bethlehem,
920 879 1079 952 343
1114 879 1250 933 dixit
1281 896 1294 933 :
1322 878 1399 932 lle
1427 890 1481 932 et
1509 878 1839 945 interrogate
1884 875 2115 944 diligen-

2238 876 2579 949 Ιορευθέντες
2614 874 2905 942 ἐξετάσατε
2942 874 3183 947 ἀκριϐῶς
3243 875 3369 947 περὶ
3404 874 3502 928 τοῦ
3559 875 3776 935 παιδίου.

552 991 637 1037 ter
670 979 738 1035 de
785 990 979 1049 puero,
1023 983 1077 1028 et
1103 988 1225 1027 cum
1259 971 1596 1034 inveneritis,
1629 969 1934 1023 renuntiate
1959 968 2114 1032 mihi,

2238 969 2398 1023 Έπάν
2421 970 2478 1023 δὲ
2512 969 2731 1041 εὕρητε,
2756 968 3110 1038 ἀναγγείλατέ
3141 984 3250 1039 μοι,
3273 968 3421 1031 ὅπως
3446 967 3611 1035 κάγὼ
3629 967 3779 1022 ἐλθὼν

549 1079 614 1127 ut
643 1078 698 1126 et
722 1084 824 1141 ego
846 1066 1073 1122 veniens
1104 1064 1323 1119 adorem
1351 1077 1496 1117 eum.
1521 1060 1625 1127 Qui
1655 1075 1779 1113 cum
1816 1060 2119 1114 audiissent

2238 1063 2582 1136 τροσκυνήσω
2623 1061 2788 1133 αύτῷ.
2838 1063 2900 1115 Οί
2929 1062 2987 1115 δὲ
3028 1060 3355 1125 ἀκούσαντες
3396 1060 3495 1114 τοῦ
3541 1060 3780 1131 βασιλέως

556 1179 757 1235 regem,
806 1163 1078 1220 abierunt,
1127 1165 1181 1213 et
1210 1172 1339 1212 ecce
1382 1155 1559 1219 stella,
1592 1168 1753 1223 quam
1786 1153 2034 1207 viderant
2063 1153 2121 1207 in

2238 1154 2615 1228 επορεύθησαν.
2644 1154 2755 1208 Καὶ
2784 1153 2891 1206 ἰδοὺ
2925 1154 2954 1206 6
3005 1154 3200 1225 ἀστὴρ,
3225 1152 3283 1205 ὃν
3312 1148 3448 1205 εἶδον
3478 1153 3542 1205 ὲν
3571 1155 3637 1222 τῇ
3672 1153 3783 1205 ἀνασ

556 1256 790 1320 oriente,
813 1250 1170 1308 antecedebat
1201 1264 1317 1313 eos,
1348 1248 1522 1303 donec
1556 1246 1780 1301 veniens
1815 1254 1984 1300 staret
2028 1259 2123 1299 su-

559 1361 655 1417 pra
687 1345 776 1399 ubi
805 1351 923 1399 erat
969 1357 1122 1413 puer.
1164 1340 1422 1400 Videntes
1469 1345 1649 1392 autem
1697 1337 1908 1392 stellam
1950 1334 2125 1406 gavisi

557 1448 692 1494 sunt
715 1435 914 1507 gaudio
943 1448 1142 1505 magno
1171 1433 1350 1495 valde,
1384 1439 1438 1487 et
1486 1430 1756 1485 intrantes
1786 1429 2006 1484 domum
2040 1427 2126 1483 vi-

558 1528 759 1584 derunt
784 1541 1011 1598 puerum
1044 1539 1168 1579 cum
1198 1522 1366 1578 Maria
1391 1530 1563 1577 matre
1581 1521 1723 1591 ejus.
1758 1527 1813 1575 et
1842 1517 2127 1590 prociden-

561 1626 645 1672 tes
672 1616 1039 1672 adoraverunt
1063 1628 1210 1678 eum,
1237 1620 1291 1668 et
1320 1614 1526 1683 apertis
1560 1611 1835 1667 thesauris
1865 1610 2003 1675 suis,
2029 1609 2127 1665 ob-

560 1709 805 1764 tulerunt
840 1709 890 1763 ei
914 1721 1162 1769 munera,
1196 1720 1389 1759 aurum
1420 1712 1475 1760 et
1497 1705 1623 1761 thus
1651 1713 1704 1760 et
1737 1704 2047 1775 myrrham;
2073 1710 2128 1757 et

562 1815 831 1871 responso
869 1806 1095 1869 accepto
1126 1798 1181 1851 in
1213 1798 1421 1853 somnis
1454 1813 1522 1852 ne
1565 1797 1807 1851 redirent
1856 1795 1923 1850 ad
1960 1794 2129 1850 Hero-

562 1892 710 1957 dem,
782 1907 879 1963 per
924 1891 1086 1946 aliam
1132 1891 1273 1945 viam
1325 1889 1529 1944 reversi
1565 1896 1694 1945 sunt
1746 1890 1803 1943 in
1848 1890 2127 1959 regionem

563 1999 723 2042 suam
747 1986 815 2039 ⁷⁵.
859 2004 878 2037 ι
913 1983 1038 2038 Haec
1064 1991 1243 2038 autem
1271 1984 1525 2037 universa
1548 1983 1798 2051 exposui,
1827 1989 1886 2035 ut
1908 1982 2132 2035 demon—

561 2087 793 2132 strarem
831 2089 895 2130 ea
922 2089 1043 2144 quae
1069 2074 1125 2127 in
1152 2081 1277 2127 ortu
1307 2071 1608 2126 Salvatoris
1638 2072 1807 2126 nostri
1841 2071 1894 2124 in
1918 2068 2132 2124 Bethle—

565 2167 689 2222 bem
723 2178 873 2239 gesta
906 2175 1054 2229 sunt,
1084 2164 1391 2221 certissima
1424 2163 1666 2233 praebere
1694 2170 2036 2233 argumenta,
2062 2160 2132 2213 il-

564 2260 679 2315 lum
707 2275 829 2315 esse
859 2259 927 2315 de
956 2273 1066 2329 quo
1118 2258 1360 2328 loquitur
1410 2255 1713 2326 prophetia.
1765 2256 1941 2325 Atque
1975 2254 2134 2309 hodie

565 2367 805 2422 quoque,
840 2351 933 2421 qui
968 2352 1146 2405 locum
1178 2350 1330 2405 illum
1363 2349 1630 2411 incolunt,
1673 2332 1928 2417 tanquam
1980 2362 2009 2401 a
2045 2361 2135 2416 pa-

564 2442 743 2497 tribus
788 2442 1032 2512 ipsorum
1072 2449 1292 2511 accepta
1327 2441 1611 2503 memoria,
1662 2439 1751 2502 iis,
1786 2439 1880 2509 qui
1923 2439 2132 2492 visendi

565 2536 674 2591 loci
719 2535 891 2605 gratia
942 2533 1257 2589 Bethlehem
1290 2541 1473 2604 petere
1521 2541 1945 2593 consueverunt,
1978 2531 2133 2587 testi-

565 2626 810 2681 monium
861 2641 1021 2681 suum
1069 2624 1324 2689 alTerunt,
1375 2626 1588 2681 veritati
1638 2624 1795 2679 ﬁdem
1850 2623 2131 2686 facientes,

567 2733 868 2790 agrumque
915 2716 1375 2777 demonstrantes.
1411 2718 1505 2771 ubi
1550 2716 1717 2786 Virgo
1759 2718 1917 2771 enixa
1950 2717 2134 2771 infan-

567 2817 678 2865 tem
715 2810 968 2880 deposuit
1003 2829 1017 2864 :
1050 2824 1155 2880 qua
1206 2808 1272 2864 de
1319 2824 1380 2866 re
1416 2810 1532 2880 ipsa
1561 2808 1843 2881 preplietia
1899 2809 1978 2862 sic
2011 2809 2086 2862 ait
2117 2829 2131 2862 :

573 2921 594 2955 ι
633 2898 844 2956 Idcirco
887 2901 1045 2957 dabis
1103 2917 1198 2957 eos
1250 2917 1425 2972 usque
1459 2902 1523 2956 ad
1559 2909 1773 2971 tempus
1808 2902 2070 2971 parientis
2119 2920 2132 2956 :

570 2993 769 3063 pariet,
810 3002 864 3047 et
898 2991 1091 3061 reliqui
1131 2989 1359 3047 fratrum
1394 2993 1638 3062 ipsorum
1666 2996 2068 3046 convertentur.
2112 3009 2130 3043 ι

569 3082 950 3139 Consentanee
980 3093 1160 3139 autem
1213 3084 1304 3140 hic
1359 3100 1575 3155 quoque
1608 3085 1908 3155 parientem
1939 3083 2138 3138 intelli-

2221 1247 2369 1319 τολῇ,
2395 1246 2633 1319 προῆγεν
2657 1245 2871 1310 αὐτοὺς,
2904 1244 3011 1309 ἕως
3046 1244 3214 1298 ἐλθὼν
3250 1244 3380 1314 ἔστη
3414 1242 3609 1297 ἐπάνω
3650 1236 3705 1296 οὗ
3727 1239 3782 1315 ἦν

2221 1341 2282 1411 τὸ
2322 1340 2550 1395 παιδίον.
2596 1339 2816 1415 Ἰδόντες
2838 1339 2894 1392 δὲ
2931 1338 3022 1392 τὸν
3070 1336 3273 1411 ἀστέρα
3300 1337 3585 1409 ἐχάρησαν
3632 1338 3782 1406 χαρὰν

2228 1433 2469 1506 μεγάλην
2497 1433 2698 1504 σφόδρα
2721 1450 2736 1462 ’
2764 1431 2859 1485 καὶ
2895 1429 3135 1493 ἐλθόντες
3173 1432 3254 1494 εις
3286 1429 3386 1501 τὴν
3430 1428 3617 1482 οἰκίαν
3666 1426 3783 1481 £7.60»

2224 1523 2286 1577 τὸ
2346 1521 2557 1576 παιδίον
2603 1520 2741 1593 μετά
2778 1522 2999 1593 Μαρίας
3038 1522 3139 1591 τῆς
3197 1521 3402 1593 μητρὸς
3456 1518 3667 1583 αὐτοῦ,
3705 1520 3783 1571 καί

2227 1616 2485 1679 πεσόντες
2523 1614 2932 1687 προσεκύνησαν
2967 1614 3145 1686 αὐτῷ’
3195 1614 3290 1668 καὶ
3329 1610 3647 1678 ἀνοίξαντες
3681 1612 3785 1675 τοὺς

2229 1706 2533 1778 θησαυροὺς
2564 1703 2763 1770 αὐτῶν,
2804 1705 3181 1776 προσήνεγκαν
3206 1702 3354 1773 αὐτῷ
3377 1702 3554 1773 δῶρα,
3585 1701 3781 1772 χρυσὸν,

2230 1801 2324 1854 καὶ
2361 1800 2594 1863 λίϐανον,
2621 1799 2716 1853 καὶ
2743 1798 3008 1871 σμύρναν.
3037 1799 3148 1853 Καὶ
3190 1798 3658 1871 χρηματισθέντες
3686 1798 3782 1850 κατ’

2159 1850 2202 1906 Β
2230 1850 2481 1964 regis,
2495 1850 2505 1853 ⁷
2521 1850 2841 1963 mea;
2857 1850 3006 1965 ἓέρὸξ
3038 1850 3318 1964 eam;
3347 1850 3451 1943 ’ἐξ
3466 1850 3655 1961 ἀλληᾷ
3680 1888 3781 1942 ὁδοῦ

2232 1982 2586 2055 ἀνεχώρησαν
2615 1985 2694 2047 εἰς
2726 1983 2824 2056 τὴν
2869 1983 3049 2056 χώραν
3078 1982 3277 2037 αὐτῶν.
3307 2001 3327 2034 ι
3358 1982 3498 2037 Ὀλα
3542 1982 3602 2035 δὲ
3638 1980 3783 2034 ταῦτα

2233 2076 2496 2145 ἐξεθέμην
2546 2077 2625 2139 είς
2667 2075 3004 2147 παράστασιν
3035 2076 3142 2129 τῶν
3181 2074 3588 2147 πεπραγμένων
3621 2073 3706 2127 ἐπὶ
3727 2075 3780 2141 τῇ

2232 2167 2290 2219 ὲν
2343 2167 2588 2239 Βηθλεὲμ
2644 2167 2853 2237 γενέσει
2906 2167 2996 2222 τοῦ
3055 2168 3304 2241 Σωτῆρος
3351 2167 3511 2240 ἡμῶν
3532 2207 3549 2231 ,
3606 2165 3782 2237 ἐναργῆ

2231 2260 2506 2329 τεκμήρια
2540 2259 2845 2331 παρέχοντα
2887 2259 3047 2314 αὐτὸν
3088 2255 3224 2313 εἶναι
3249 2259 3340 2313 τὸν
3387 2258 3494 2312 ὑπὸ
3526 2258 3629 2329 τῆς
3674 2274 3781 2328 προ-

2235 2352 2461 2421 φητείας
2485 2352 2830 2423 δηλούμενον.
2873 2354 2983 2406 Καὶ
3024 2354 3104 2416 είς
3129 2352 3288 2424 δεῦρο
3330 2352 3385 2406 δὲ
3434 2352 3484 2405 oi
3530 2352 3624 2404 τὸν
3645 2350 3784 2403 τόπον

2233 2441 2525 2505 οἰκοῦντες,
2563 2441 2637 2506 ὡς
2680 2445 2744 2496 ὲκ
2786 2443 3036 2515 πατέρων
3078 2445 3158 2506 είς
3207 2443 3403 2506 αὐτοὺς
3440 2440 3781 2509 κατελθούσης

2240 2531 2608 2603 παραδόσεως,
2633 2535 2744 2596 τοῖς
2786 2533 2896 2587 τῶν
2926 2534 3107 2589 τόπων
3141 2534 3382 2607 ἱστορίας
3412 2535 3579 2605 χάριν
3606 2535 3679 2595 εἰς
3700 2533 3780 2602 τὴν

2237 2622 2480 2694 Βηθλεὲμ
2512 2624 2927 2694 ἀφικνουμένοις
2963 2624 3320 2697 μαρτυροῦσι,
3353 2623 3462 2679 τῶν
3505 2624 3674 2692 λόγων
3708 2639 3780 2673 πι-

2238 2713 2520 2783 στούμενοι
2552 2714 2650 2785 τὴν
2679 2714 2932 2786 ἀλήθειαν
2973 2716 3061 2770 διὰ
3097 2717 3196 2787 τῆς
3223 2715 3316 2770 τοῦ
3353 2714 3529 2788 ἀγροῦ
3571 2714 3781 2781 δείξεως,

2236 2805 2294 2858 ἐν
2322 2798 2364 2874 ᾧ
2393 2804 2625 2859 τεκοῦσα
2671 2807 2704 2878 ἡ
2753 2805 3028 2878 Παρθένος
3070 2806 3447 2861 κατατέθειται
3476 2805 3542 2859 τὸ
3580 2804 3777 2877 βρέφος’

2238 2898 2321 2965 ἐφ’
2349 2892 2429 2960 οἷς
2453 2900 2485 2968 ἡ
2517 2898 2820 2969 προφητεία
2843 2898 2975 2968 φησί
2995 2914 3026 2940 ⁸-
3048 2915 3067 2949 ι
3100 2896 3201 2951 Διά
3223 2897 3381 2950 τοῦτο
3412 2894 3578 2949 δώσει
3616 2894 3780 2953 αὐτοὺς

2238 2988 2343 3051 ’έως
2376 2989 2569 3060 καιροῦ
2596 2989 2902 3059 τικτούσης.
2929 2988 3172 3055 Τέξεται,
3198 2990 3292 3043 καὶ
3327 2990 3377 3042 oi
3405 2988 3674 3041 ἐπίλοιποι
3692 2983 3781 3036 τῶν

2240 3073 2481 3143 ἀδελφῶν
2505 3076 2685 3129 αὐτῶν
2718 3077 3151 3149 ἐπιστρέφουσιν.
3174 3097 3193 3130 ι
3234 3077 3567 3141 ’Δκολούθως
3596 3077 3648 3129 δὲ
3672 3075 3779 3127 κάν·
3864 3068 3865 3073 “

571 3174 651 3246 git
679 3189 817 3235 eam.
847 3189 968 3244 quae
996 3174 1053 3228 in
1086 3175 1460 3245 superioribus
1487 3175 1723 3229 oraculis
1767 3173 1933 3244 Virgo
1962 3173 2135 3227 nomi-

2241 3167 2412 3222 ταῦθα
2444 3168 2729 3222 τίκτουσαν
2752 3168 2903 3240 δηλοῖ
2923 3169 3021 3241 τὴν
3058 3171 3116 3222 ὲν
3158 3172 3276 3233 ταῖς
3322 3169 3558 3240 πρόσθεν
3604 3183 3782 3238 προφη-

571 3277 700 3322 nata
737 3273 841 3331 est,
873 3273 927 3322 et
955 3267 1273 3338 prephetica
1308 3267 1525 3329 mulier,
1558 3281 1677 3335 qua:
1712 3266 1890 3335 ipsum
1922 3264 2139 3317 Emma-

572 3357 703 3412 nuel
729 3367 782 3412 et
812 3359 993 3429 magni
1027 3358 1245 3412 consilii
1280 3356 1530 3427 angelum
1565 3356 1668 3411 erit
1699 3355 1967 3425 paritura.
2003 3352 2138 3407 Nam

572 3462 749 3517 usque
777 3449 845 3503 ad
876 3449 1102 3518 hujusce
1134 3455 1398 3516 tempora,
1428 3446 1657 3515 ejusque
1674 3446 1765 3516 qui
1786 3446 1853 3500 de
1880 3446 1999 3514 ipsa
2023 3450 2140 3499 erat

570 3538 837 3600 oriturus,
872 3554 992 3607 qua:
1021 3536 1088 3590 ad
1120 3538 1355 3607 priorem
1393 3537 1649 3605 populum
1698 3536 1994 3606 pertinent,
2025 3542 2139 3590 ste-

575 3638 778 3693 terunt,
810 3633 1008 3700 quippe
1041 3644 1165 3684 cum
1206 3628 1286 3683 eis
1321 3628 1661 3698 praescriptio
1705 3629 1964 3699 temporis
2016 3628 2141 3683 data

573 3731 722 3778 esset
753 3737 927 3791 usque
960 3720 1028 3776 ad
1076 3732 1286 3790 tempus
1340 3706 1624 3790 parientis,
1678 3720 1783 3775 hoc
1827 3727 1931 3786 est,
1968 3737 2140 3791 usque

576 3813 643 3868 ad
676 3814 980 3885 mirabilem
1013 3821 1192 3867 ortum
1226 3812 1368 3881 ejus,
1401 3814 1496 3883 qui
1524 3813 1593 3869 de
1634 3812 1859 3885 Virgine
1887 3829 2142 3870 nascere-

575 3916 707 3960 tur-z
741 3911 865 3973 post
895 3918 1076 3975 quem,
1108 3903 1381 3958 sublatum
1422 3903 1642 3972 quidem
1672 3913 1756 3960 est
1784 3906 2027 3975 ipsorum
2053 3919 2141 3959 re-

575 4010 769 4066 gnum;
798 3994 890 4065 qui
918 4010 1045 4050 vero
1080 3994 1272 4065 reliqui
1298 3992 1533 4049 fratrum
1576 3995 1817 4066 ipsorum
1862 3994 2140 4061 dicuntur,

579 4086 617 4140 ii
644 4098 772 4141 sunt
797 4085 1120 4156 accipiendi,
1146 4089 1239 4157 qui
1267 4087 1322 4141 in
1347 4085 1625 4141 Christum
1643 4086 1739 4142 Dei
1769 4087 2140 4153 crediderunt,

576 4178 809 4249 apostoli
844 4186 896 4234 et
921 4179 1175 4248 discipuli
1216 4186 1270 4235 et
1318 4180 1667 4251 evangelista:
1713 4177 2015 4236 Salvatoris
2043 4195 2143 4234 no-

576 4270 676 4326 stri
720 4289 733 4324 :
772 4286 910 4341 quos
940 4285 1239 4327 conversos
1287 4275 1404 4343 ipse
1450 4271 1715 4330 DominLc
1755 4286 1981 4342 pascere
2008 4273 2145 4327 dici-

575 4367 686 4427 tur,
721 4376 830 4416 non
864 4362 1007 4418 sicut
1054 4363 1205 4432 prius
1232 4378 1329 4433 per
1372 4364 1616 4434 angelos,
1650 4371 1744 4417 aut
1783 4377 1882 4434 per
1912 4364 2147 4418 admini-

575 4461 721 4508 stros
757 4453 1026 4517 homines,
1060 4454 1155 4509 sed
1192 4454 1307 4525 ipse
1337 4469 1432 4525 per
1460 4454 1726 4524 seipsum,
1786 4470 1961 4525 usque
2009 4455 2145 4510 adeo

2240 3259 2412 3323 τείαις
2445 3260 2720 3333 Παρθένον
2762 3261 3154 3332 ὠνομασμένην
3196 3261 3291 3315 καὶ
3336 3260 3660 3331 προφήτιδα,
3702 3257 3780 3324 τὴν

2240 3352 2330 3406 τὸν
2363 3353 2707 3424 Ἐμμανουήλ
2764 3353 2858 3405 καὶ
2899 3352 2991 3406 τὸν
3023 3353 3123 3423 τῆς
3156 3352 3394 3424 μεγάλης
3423 3351 3618 3422 βουλῆς
3648 3351 3782 3417 ἄγγε-

2241 3445 2329 3498 λον
2357 3445 2778 3518 ἀποτεξομένην.
2808 3448 2953 3512 Ἕως
2980 3446 3097 3517 γὰρ·
3110 3445 3219 3499 τῶν
3251 3445 3453 3517 ταύτης
3476 3443 3679 3516 καιρῶν
3707 3440 3781 3493 καὶ

2240 3537 2333 3591 τοῦ
2368 3537 2426 3603 ἐξ
2474 3538 2647 3607 αὐτῆς
2687 3538 3079 3609 ἀποτεχθέντος
3135 3538 3228 3592 καὶ
3277 3537 3345 3590 τὰ
3392 3536 3490 3591 τοῦ
3547 3535 3779 3607 προτέρου

2242 3631 2369 3685 λαοῦ
2409 3633 2750 3703 συνειστήκει
2771 3671 2785 3695 ,
2813 3631 3061 3704 δοθείσης
3108 3632 3291 3693 αὐτοῖς
3335 3629 3667 3702 προθεσμίας
3698 3626 3779 3686 ἕως

2243 3722 2436 3794 καιροῦ
2469 3723 2787 3794 τικτούσης,
2834 3723 2980 3776 τοῦτ’
3017 3724 3162 3776 ἔστιν
3212 3723 3318 3787 ἓως
3364 3724 3461 3794 τῆς
3507 3718 3779 3793 παραδόξου

2242 3815 2507 3882 γενέσεως
2546 3813 2641 3866 τοῦ
2685 3816 2747 3867 ὲκ
2797 3814 2899 3884 τῆς
2930 3814 3208 3886 Παρθένου
3249 3814 3550 3885 τεχθέντος,
3597 3811 3703 3883 μεθ’
3731 3807 3774 3859 ὄν

2243 3908 2384 3979 ἤρθη
2429 3908 2526 3979 μὲν
2569 3907 2749 3961 αὐτῶν
2801 3908 2835 3978 ὴ
2879 3907 3143 3979 βασιλεία.
3173 3908 3236 3961 Oi
3289 3905 3345 3960 δὲ
3391 3905 3653 3959 ἐπίλοιποι
3694 3900 3780 3953 τῶν
3864 3900 3865 3913 ‘

2243 3997 2486 4068 ἀδελφῶν
2516 3997 2712 4063 αὐτῶν,
2747 3992 2892 4055 οῦτοι
2919 3998 2985 4053 ἂν
3009 3993 3120 4051 εἷεν
3143 3998 3192 4049 oi
3225 3998 3305 4061 είς
3337 3995 3429 4050 τὸν
3455 3995 3679 4067 Χριστὸν
3705 3987 3778 4042 τοῦ

2243 4089 2379 4144 Θεοῦ
2426 4092 2848 4154 πεπιστευκότες
2884 4091 3211 4155 ἀπόστολοι,
3252 4090 3346 4143 καὶ
3396 4088 3661 4160 μαθηταὶ,
3706 4081 3779 4134 καὶ

2242 4183 2627 4252 εύαγγελισταὶ
2656 4182 2750 4237 τοῦ
2772 4183 3023 4256 Σωτῆρος
3050 4182 3230 4254 ἡμῶν,
3260 4180 3352 4244 οὓς
3383 4178 3778 4250 ἐπιστρέψαντας

2245 4276 2406 4339 αὐτὸς
2431 4278 2460 4329 6
2481 4276 2685 4349 Κύριος
2711 4278 2992 4347 ποιμανεῖν
3014 4274 3250 4343 λέγεται,
3275 4275 3334 4327 ού
3374 4271 3556 4335 καθὼς
3586 4271 3645 4323 τὸ
3677 4266 3777 4337 πρὶν
3864 4298 3865 4305 ι

2243 4367 2310 4420 δι’
2338 4367 2581 4436 ἀγγέλων
2612 4369 2647 4438 ἦ
2668 4368 2755 4421 ’όιά
2787 4367 3127 4438 θεραπόντων
3155 4363 3474 4436 ἀνθρώπων,
3505 4361 3617 4416 ἀλλ’
3651 4356 3777 4416 αὐτὰ

2244 4458 2310 4511 δι’
2338 4459 2552 4524 ἑαυτοῦ,
2574 4459 2712 4513 ὥστε
2739 4459 2827 4513 διὰ
2864 4458 3021 4512 τοῦτο
3052 4456 3451 4529 μεγαλυνθῆναι
3484 4453 3672 4515 αὐτοὺς
3697 4450 3778 4507 ἕως

578 4552 637 4599 nt
662 4555 884 4617 propter
913 4548 1015 4602 hoc
1044 4548 1379 4619 magniﬁcari
1413 4564 1508 4605 eos
1548 4549 1839 4619 contigerit
1868 4564 2043 4621 usque
2074 4549 2137 4604 ad

2247 4548 2416 4621 ἄκρου
2444 4549 2544 4620 τῆς
2571 4550 2694 4621 γῆς.
2742 4548 3215 4620 Ἐμεγαλύνθησαν
3249 4547 3356 4620 γὰρ
3399 4549 3487 4601 ὅτε
3532 4547 3611 4609 είς
3634 4543 3775 4596 πᾶσαν
3864 4612 3865 4642 ἦ

575 4648 878 4691 extremum
912 4646 1090 4693 terrae.
1125 4637 1453 4709 Magniﬁcati
1482 4640 1627 4694 enim
1668 4648 1818 4704 sunt,
1867 4655 1977 4711 quo
2016 4648 2145 4695 tem-

576 4741 708 4797 pore
736 4727 792 4782 in
828 4743 1044 4783 onmem
1093 4736 1294 4783 terrain
1328 4730 1497 4785 exivit
1542 4745 1711 4785 atmus
1755 4745 1967 4797 eorum,
2003 4737 2057 4786 et
2087 4733 2144 4785 in

577 4819 713 4874 tlnes
739 4818 891 4875 orbis
914 4826 1072 4875 terra:
1108 4821 1270 4875 verba
1312 4836 1524 4876 eorum.
1566 4820 1794 4876 Constat
1820 4837 1952 4878 vero
1979 4824 2144 4878 etiam

576 4908 734 4973 illud,
760 4925 921 4979 quam
945 4926 1173 4981 magnus
1203 4927 1333 4982 grex
1376 4928 1472 4982 per
1511 4912 1820 4968 universam
1850 4920 2051 4967 terram
2083 4923 2145 4967 ut

577 5002 935 5057 rationalibus
966 5002 1329 5073 humanisque
1361 5004 1554 5060 ovibus
1588 5006 1691 5074 ipsi
1721 5004 1885 5078 3M
1916 5006 2143 5062 Domino

578 5110 674 5167 per
701 5097 978 5166 apostolos
1001 5112 1129 5153 suos
1156 5096 1421 5153 collectus
1440 5095 1530 5151 sit.
1555 5095 1725 5162 Quem
1762 5114 1893 5154 sane
1926 5114 2142 5171 gregem

576 5188 692 5257 ipse
725 5187 986 5244 Dominus
1016 5205 1111 5260 per
1142 5189 1407 5259 seipsum,
1453 5189 1546 5258 qui
1582 5189 1703 5257 ejus
1750 5198 1938 5260 pastor
1978 5190 2164 5245 simul'

575 5288 631 5336 et
656 5278 910 5335 Dominus
935 5287 1039 5345 est,
1056 5281 1277 5337 visurus
1300 5290 1666 5351 pasturusque
1696 5284 1748 5337 in
1782 5284 1978 5339 robore
2006 5284 2145 5338 dici-

576 5379 687 5432 tur,
711 5369 845 5425 adeo
865 5371 1103 5442 quidem,
1128 5381 1185 5426 ut
1205 5373 1258 5428 in
1284 5389 1443 5428 manu
1466 5374 1592 5429 forti
1612 5383 1666 5431 et
1686 5376 1911 5431 brachio
1925 5377 2143 5432 excelso

578 5476 609 5515 a
639 5460 868 5516 Domino
896 5470 950 5517 et
994 5472 1211 5533 pastore
1261 5476 1598 5523 conservata:
1645 5483 1774 5524 oves
1825 5470 1961 5523 nihil
2015 5471 2141 5523 mali

577 5551 856 5621 patiantur
888 5553 955 5607 ah
992 5553 1380 5614 insidiantibus
1410 5559 1619 5629 asperis
1649 5568 1703 5615 et
1728 5560 2033 5614 immitibus
2065 5560 2143 5616 fe-

577 5641 676 5697 ris.
704 5640 771 5695 Et
791 5656 856 5696 ea
882 5644 1097 5713 quidem
1122 5660 1243 5716 quae
1268 5648 1334 5704 ad
1358 5658 1537 5704 ortum
1560 5650 1613 5705 in
1637 5649 1968 5718 Bethlehem,
1991 5667 2141 5722 qtae-

650 5826 698 5859 "
736 5824 924 5882 Matth.
960 5843 1019 5894 ιι,
1060 5827 1194 5883 ΜΞ.

2246 4637 2345 4710 τὴν
2373 4637 2476 4708 γῆν
2501 4637 2720 4708 ὲξῆλθεν
2743 4640 2772 4692 ὁ
2794 4638 3028 4708 φθόγγος
3053 4637 3250 4702 αὐτῶν,
3285 4636 3378 4691 καὶ
3402 4637 3481 4699 είς
3502 4634 3570 4688 τὰ
3604 4633 3774 4703 πέρατα

2246 4730 2344 4800 τῆς
2369 4729 2694 4800 οἰκουμένης
2719 4728 2790 4781 τὰ
2838 4730 3037 4801 ῥήματ’
3078 4727 3277 4783 αὐτῶν.
3316 4726 3586 4798 Πρόδηλον
3615 4725 3665 4777 δὲ
3704 4719 3776 4773 καὶ

2245 4821 2427 4873 ὁποῖον
2445 4819 2587 4890 μέγα
2603 4819 2850 4890 ποίμνιον
2871 4819 2990 4873 καθ’
3009 4818 3134 4889 ὅλης
3149 4819 3252 4889 τῆς
3269 4818 3373 4888 γῆς
3388 4820 3454 4871 ὲκ
3476 4814 3693 4886 λογικῶν
3706 4810 3774 4864 καὶ

2246 4909 2598 4982 ἀνθρωπείων
2620 4911 2903 4981 προϐάτων
2922 4910 3000 4981 τῷ
3030 4910 3220 4982 Κυρίῳ
3245 4910 3331 4963 διὰ
3369 4910 3477 4961 τῶν
3505 4905 3772 4962 ἀποστόλων

2247 5003 2411 5057 αὑτοῦ
2431 5003 2674 5074 συνέστη·
2692 5004 2720 5057 ὃ
2736 5005 2830 5058 καὶ
2844 5004 3007 5067 αὐτὸς
3024 5005 3052 5057 6
3068 5002 3149 5057 Κύ
3160 5020 3270 5074 ριος
3284 5002 3349 5055 δι’
3374 5000 3586 5064 ἑαυτοῦ,
3610 4993 3771 5066 ποιμὴν

2244 5094 2379 5167 ὁμοῦ
2403 5096 2495 5149 καὶ
2511 5096 2593 5149 Κύ
2603 5114 2714 5168 ριος
2726 5095 2800 5149 ὣν
2812 5096 2916 5167 τῆς
2924 5096 3013 5148 ποί
3020 5111 3123 5166 μνη
3131 5112 3176 5159 ς,
3192 5093 3486 5162 ἐπόψεσθαι
3502 5092 3590 5145 καί
3619 5098 3773 5155 Μιμα-

2244 5192 2354 5243 νεῖν
2368 5191 2423 5242 ὲν
2447 5189 2588 5260 ἰσχύϊ
2602 5190 2836 5258 λέγεται,
2854 5188 2993 5241 ὥστε
3011 5188 3068 5239 ὲν
3082 5188 3223 5258 χειρὶ
3238 5204 3271 5238 κ
3277 5185 3474 5256 ραταιᾷ
3494 5183 3584 5238 καὶ
3602 5184 3654 5234 ἐν
3676 5178 3773 5248 βρα-

2244 5286 2380 5356 χίονι
2392 5284 2580 5356 ὑψηλῷ
2594 5284 2728 5355 πρὸς
2740 5282 2832 5335 τοῦ
2846 5281 3104 5335 δεσπότου
3119 5278 3213 5332 καὶ
3230 5277 3482 5348 ποιμένος
3492 5272 3770 5347 φυλαττόμε*

2243 5393 2310 5429 να
2352 5375 2424 5429 τά
2448 5373 2690 5444 πρόϐατα
2716 5372 2879 5443 μηδέν
2900 5389 2953 5425 τι
2984 5370 3175 5424 παθεῖν
3198 5369 3366 5423 δεινὸν
3394 5368 3529 5440 πρὸς
3552 5365 3649 5421 τῶν
3675 5364 3772 5431 ἑφε-

2243 5466 2540 5537 δρευόντων
2568 5465 2748 5528 αὐτοῖς
2763 5463 2967 5534 ἀγρίων
2994 5463 3088 5515 καὶ
3114 5460 3336 5533 ἀπηνῶν
3367 5461 3433 5532 θη
3444 5461 3587 5532 ρίων.
3614 5448 3771 5510 Καὶτά

2249 5558 2346 5629 μὲν
2378 5558 2505 5628 περὶ
2530 5558 2629 5627 τῆς
2649 5558 2706 5609 ὲν
2744 5556 3007 5627 Βηθλεὲμ,
3029 5557 3122 5610 καὶ¹
3136 5557 3232 5628 τῆς
3244 5554 3350 5608 ἀπὸ
3371 5554 3570 5625 ταύτης
3584 5547 3766 5622 προόδου

2243 5650 2336 5704 τοῦ
2364 5649 2869 5722 προκηρυττομένου
2885 5649 3039 5714 Θεοῦ,
3059 5649 3240 5702 τοῦτον
3258 5648 3472 5719 ἔχειτὸν
3486 5647 3683 5717 τρόπον’
