3894 6510
144 412 223 470 αι
546 434 547 437 η
1028 405 1678 463 DEMONSTRATIONIS
1701 404 2156 461 EVANGELlC/E
2185 406 2317 460 LIB.
2353 405 2463 462 VII.

3235 405 3339 460 Si?

134 529 182 583 δὲ
208 525 261 590 ἐξ
287 523 532 596 οὐρανῶν
558 525 637 588 εἰς
684 522 1001 596 ἀνθρώπους
1048 523 1341 596 ἐπιδημίαν
1373 522 1535 576 αὐτοῦ
1582 522 1659 575 τοί

1780 536 1886 591 que
1920 522 1985 576 ad
2013 536 2365 592 progressum
2389 536 2454 575 ex
2476 534 2543 574 eo
2574 517 2866 587 pertinent,
2898 516 3019 586 ejus
3054 514 3147 572 Dei
3176 532 3336 585 quem

132 618 308 690 Κυρίου
341 617 435 669 καί
475 615 729 686 ποιμένος
756 616 856 688 ήδη
882 617 977 670 καὶ
1008 616 1269 687 πρότερον
1299 614 1359 679 ἐξ
1386 614 1547 667 αὐτοῦ
1573 612 1667 667 τοῦ

132 710 246 781 μετά
270 713 451 780 χεῖρας
480 711 757 780 προφήτου
785 707 1186 783 παρατέθειμαι
1214 748 1228 771 ,
1258 708 1323 760 δι’
1352 700 1426 759 ὧν
1450 706 1630 773 ἔλεγεν
1649 723 1663 736 ·

133 825 148 854 ι
181 800 476 865 Ἀκούσατε,
514 801 630 854 λαοὶ
667 801 887 864 πάντες,
913 802 1006 854 καὶ
1041 800 1353 871 προσεχέτω
1388 800 1539 871 ἡγῆ,
1575 800 1668 853 καὶ

128 895 296 955 πάντες
325 893 375 945 οί
402 894 461 944 ὲν
494 893 653 964 αὐτῇ,
691 894 783 946 καί⁵
818 892 969 946 ἔσται
1009 892 1210 961 Κύριος
1243 892 1371 961 ὑμῖν
1412 893 1490 955 είς
1530 909 1669 963 μαρ-

123 985 309 1057 τύριον,
358 984 566 1055 Κύριος
611 985 669 1050 ἐξ
714 982 862 1037 οἴκου
916 983 1070 1051 ἁγίου
1124 984 1319 1037 αὐτοῦ’
1375 983 1507 1036 διότι
1558 984 1666 1036 ἰδοὺ

124 1076 297 1148 Κύριος
349 1075 554 1147 Κύριος
602 1075 957 1147 ἐκπορεύεται
1002 1077 1065 1128 ἐκ
1117 1074 1207 1129 τοῦ
1263 1076 1429 1129 τόπου
1476 1076 1664 1139 αὑτοῦ,

122 1169 195 1220 καὶ
216 1167 597 1237 καταϐήσεται,
624 1187 643 1218 3
669 1168 763 1220 καί⁸
782 1166 851 1220 τὰ
878 1165 1023 1236 ἑξῆς·
1043 1160 1123 1230 οἷς
1145 1166 1407 1235 ἐπιλέγων
1432 1167 1634 1236 ἔφασκε
1649 1186 1664 1199 ·

123 1277 137 1306 ι
162 1256 494 1310 Δι’ἀσέῦειαν
528 1254 724 1310 Ἰακὼὸ
756 1255 931 1309 πάντα
964 1254 1154 1316 ταῦτα,
1189 1257 1282 1308 καὶ
1306 1256 1372 1308 δι’
1396 1258 1667 1329 ἁμαρτίαν

122 1352 245 1404 οἷκον
283 1350 524 1420 Ἰσραήλ·
566 1369 586 1400 3
637 1350 817 1422 Σαφὲς
863 1348 920 1402 δὲ
966 1348 1064 1401 καὶ⁸
1103 1348 1210 1433 99:5
1242 1349 1348 1402 τῶν
1402 1349 1528 1421 ἑξῆς
1569 1349 1664 1404 τοῦ

124 1440 255 1497 αὐτοῦ
281 1442 587 1512 προφήτου,
628 1442 710 1494 ὅτι
734 1442 807 1512 μὴ
842 1441 997 1512 μόνον
1039 1441 1127 1495 διὰ
1159 1441 1255 1504 τὰς
1290 1442 1541 1507 ἀσεϐείας
1572 1445 1665 1498 τοῦ

132 1531 363 1584 Ἰουδαίων
388 1530 579 1593 ἔθνους
600 1531 699 1601 τήν
739 1529 797 1596 ἐξ
830 1530 1072 1601 οὐρανῶν
1114 1531 1143 1582 ὁ
1175 1529 1376 1601 Κύριος
1404 1530 1666 1601 πεποίητο

122 1621 330 1685 κάθοδον,
358 1620 501 1674 ἀλλὰ
522 1623 616 1675 καί
637 1621 726 1674 διὰ
759 1622 859 1692 τὴν
894 1620 1164 1691 σωτηρίαν
1203 1623 1295 1674 καί⁸
1334 1621 1527 1690 κλῆσιν
1556 1622 1666 1675 τῶν

121 1715 260 1768 ἐθνῶν
302 1715 579 1768 ἀπάντων.
616 1713 884 1781 Ἑπιλέγει
912 1711 955 1764 δ’
984 1707 1077 1765 οῦν
1126 1711 1284 1781 ἑξῆς·
1333 1730 1352 1762 ι
1378 1714 1488 1766 Καὶ
1514 1712 1664 1766 ἔσται

122 1808 187 1859 tr.‘
216 1806 453 1875 ἐσχάτων
485 1805 593 1859 τῶν
628 1803 849 1875 ἡμερῶν
883 1803 1124 1872 ἐμφανὲς
1161 1802 1223 1855 τὸ
1263 1802 1386 1874 ὅρος
1436 1804 1661 1877 Κυρίου,

1774 614 2047 684 prophetae
2079 613 2425 676 nuntiabant,
2463 613 2517 665 in
2548 610 2693 664 hunc
2734 610 2953 664 modum
3007 625 3066 665 se
3113 610 3336 665 habent.

1772 706 2078 761 Adventum
2109 712 2289 760 autem
2321 705 2495 775 ipsius
2522 701 2733 757 Domini
2766 712 2819 755 et
2847 701 3083 770 pastoris
3106 700 3172 755 de
3197 701 3337 755 coelo

1773 801 1841 855 ad
1888 801 2139 855 homines
2188 796 2512 867 jampridem
2560 812 2625 849 ex
2680 792 2869 849 eodem
2919 792 3200 862 propheta,
3244 790 3337 862 qui

1772 906 1921 946 nunc
1955 893 2008 945 iu
2064 890 2318 944 manibus
2366 896 2469 948 est,
2525 886 2808 956 proposui,
2853 884 2943 939 ubi
2991 884 3071 939 sic
3108 883 3335 939 aiebat:

1777 1001 1797 1032 ι
1838 983 2051 1045 Audite.
2080 982 2265 1052 populi
2296 996 2505 1039 omnes.
2530 986 2584 1034 et
2605 976 2844 1032 attendat
2871 984 3038 1040 terra,
3072 984 3125 1031 et
3147 988 3335 1032 omnes

1774 1075 1866 1144 qui
1907 1081 2034 1127 sunt
2079 1074 2132 1126 in
2160 1087 2243 1134 ea,
2275 1078 2329 1125 et
2368 1071 2471 1124 erit
2508 1068 2770 1122 Dominus
2802 1068 2959 1121 vobis
3005 1065 3059 1118 in
3086 1066 3335 1119 testimo-

1772 1166 1921 1220 nium
1952 1183 1965 1218 :
1995 1163 2255 1217 Dominus
2283 1179 2346 1217 ex
2376 1163 2541 1216 domo
2565 1167 2754 1215 sancta
2786 1173 2906 1218 sua.
2937 1158 3063 1226 quia
3092 1171 3218 1210 ecce
3240 1154 3354 1211 Do-

1773 1259 1955 1311 minus
1987 1256 2248 1309 Dominus
2296 1252 2603 1324 egredietur
2625 1250 2691 1304 de
2722 1250 2841 1302 loco
2869 1263 2989 1311 suo,
3019 1255 3071 1301 et
3102 1246 3335 1301 descen-

1770 1348 1861 1403 det
1892 1349 1959 1411 ",
2004 1365 2023 1398 3
2058 1354 2111 1402 et
2160 1355 2396 1409 czetera;
2450 1343 2651 1413 quibus
2689 1340 2939 1410 adjungit
2983 1359 2996 1393 :
3053 1356 3069 1389 ι
3109 1338 3336 1407 Propter

1771 1438 2103 1506 impietatem
2131 1435 2301 1490 Jacob
2330 1434 2513 1489 omnia
2545 1434 2681 1495 haec,
2717 1440 2773 1486 et
2801 1437 3023 1502 propter
3050 1438 3336 1499 peccatum

1770 1529 1965 1583 domus
1994 1529 2161 1583 Israel
2190 1528 2257 1581 ⁷⁷.
2315 1548 2334 1580 3
2380 1526 2463 1579 Ab
2514 1526 2583 1580 iis
2635 1534 2817 1580 autem
2866 1538 2987 1594 quae
3030 1529 3336 1592 sequuntur

1771 1619 1913 1690 apud
1946 1619 2194 1674 eumdem
2243 1619 2561 1689 prophetam
2591 1619 2754 1674 etiam
2806 1617 2937 1672 illud
2968 1616 3188 1686 planum
3227 1620 3333 1681 est,

1769 1712 1915 1780 quod
1947 1727 2055 1766 non
2085 1713 2262 1767 solum
2296 1720 2516 1782 propter
2543 1712 2851 1782 impietates
2888 1708 3128 1763 Iudaica:
3155 1707 3335 1777 gentis

1772 1799 2034 1856 Dominus
2060 1802 2128 1856 de
2154 1802 2297 1857 caelo
2330 1802 2635 1861 descendit.
2672 1801 2767 1856 sed
2794 1802 2957 1855 etiam
2988 1806 3210 1869 propter
3245 1812 3336 1852 sa-

119 1899 197 1950 καὶ
216 1896 532 1949 σπεύσουσιν
554 1895 639 1948 ἐπ’
668 1894 798 1948 αὐτὸ
828 1894 946 1948 λαοὶ
971 1893 1174 1957 πολλοὶ,
1197 1895 1290 1947 καὶ
1313 1894 1659 1965 πορεύσονται

1770 1892 1933 1947 lutem
1965 1902 2016 1947 et
2041 1894 2383 1948 vocationem
2413 1894 2657 1963 gentium
2685 1901 3029 1948 cunctarum.
3074 1890 3335 1961 Adiungit

120 1989 221 2060 ίθνη
252 1987 457 2051 πολλὰ,
495 1989 589 2041 καὶ
640 1988 859 2059 ἐροῦσι*
916 1987 1098 2049 Δεῦτε,
1148 1985 1432 2055 ἀναδῶμεν
1481 1988 1560 2049 εἰς
1607 1987 1671 2039 τὸ

119 2081 220 2151 ὅρος
242 2079 466 2151 Κυρίου.
504 2098 522 2130 3
559 2079 648 2132 Διὸ
682 2081 775 2132 καὶ
806 2078 941 2150 μετὰ
981 2078 1153 2131 ταῦτα
1184 2078 1275 2131 τὸν
1324 2077 1429 2148 πρὸ
1460 2076 1667 2130 αἰώνων

119 2172 205 2224 ἀπὸ
234 2173 326 2241 τῆς
360 2171 613 2243 Βηθλεὲμ
641 2170 1016 2238 ἐξελεύσεσθαι
1049 2169 1397 2241 ἀνακηρύξας
1421 2210 1433 2230 ,
1484 2170 1666 2223 οὐκέτι

117 2258 193 2312 τοῦ
222 2259 431 2331 Ἰσραὴλ
469 2260 650 2330 μόνου,
687 2259 820 2312 ἀλλά
858 2260 1070 2330 ἀθρόως
1116 2259 1332 2312 πάντων
1366 2257 1666 2329 ἀνθρώπων

117 2345 202 2408 in);
221 2347 306 2400 καὶ
325 2347 436 2400 τῶν
468 2348 652 2420 ἄκρων
677 2348 775 2419 τῆς
802 2348 907 2418 γῆς
934 2347 1118 2419 ἄρξειν
1139 2348 1299 2401 αὐτόν
1324 2365 1455 2417 φησι
1478 2365 1491 2377 ·
1518 2347 1664 2416 λέγει

118 2432 153 2486 δ’
177 2430 256 2489 οὖν
276 2454 288 2467 ·
324 2455 342 2487 ι
376 2440 487 2492 Καὶ
517 2441 793 2509 στήσεται,
824 2441 917 2492 καὶ
950 2439 1158 2508 ὄψεται,
1186 2440 1279 2492 καὶ
1315 2442 1570 2509 ποιμανεῖ
1604 2439 1669 2491 τὸ

118 2527 332 2597 ποίμνιον
358 2528 529 2581 αὐτοῦ
557 2531 613 2581 ὲν
656 2529 800 2599 ἰσχύϊ
839 2529 1064 2601 Κύριος,
1101 2531 1193 2583 καὶ
1221 2532 1279 2581 ὲν
1303 2533 1369 2600 τῇ
1571 2530 1663 2583 τοῦ

117 2618 345 2688 ὀνόματος
393 2622 600 2692 Κυρίου
652 2619 787 2674 Θεοῦ
839 2622 1017 2674 αὐτῶν
1046 2620 1375 2693 ὑπάρξουσι·
1407 2622 1539 2675 διότι
1570 2622 1666 2674 νῦν

120 2708 583 2779 μεγαλυνθήσονται
639 2709 743 2772 ἕως
791 2709 975 2781 ἄκρων
1028 2712 1126 2781 τῆξ
1169 2712 1274 2781 γῆς
1301 2753 1316 2776 ,
1379 2714 1473 2765 καὶ
1515 2713 1665 2768 ἔσται

118 2799 230 2872 αῦτη
249 2801 461 2873 εἰρήνη.
497 2820 515 2853 3
549 2801 665 2855 Τίνι
689 2802 746 2855 δὲ
778 2801 931 2856 ἔσται
976 2803 1113 2875 αῦτη
1153 2804 1342 2875 εἰρήνη
1383 2804 1497 2857 ἀλλ’
1532 2806 1564 2876 ἢ
1596 2809 1661 2876 τῇ

118 2893 191 2960 γῇ,
210 2887 305 2964 ὲνῇ
328 2892 825 2962 μεγαλυνθήσονται
849 2893 919 2947 τά
940 2895 1164 2965 ποίμνια
1179 2894 1273 2948 τοῦ
1294 2896 1497 2967 Κυρίου
1518 2912 1533 2961 ;
1556 2898 1665 2951 Καὶ

117 2979 245 3035 τοῦτο
268 2983 346 3046 δὲ,
379 2983 563 3036 ὁποίου
590 2984 777 3047 τέλους
804 2984 959 3056 ἔτυχε
990 2990 1134 3055 μετά
1170 2985 1247 3058 (ί)
1286 2986 1381 3039 τοῦ
1415 2988 1665 3060 Σωτῆρος

119 3073 246 3142 ἡμῶν
268 3074 441 3145 Ἰησοῦ
469 3076 708 3150 Χριστοῦ
734 3079 1060 3149 παρουσίαν,
1093 3078 1253 3131 παντί
1277 3097 1354 3150 τῳ
1377 3080 1659 3152 πρόδηλον·

118 3164 286 3237 πολλῆς
318 3166 427 3239 γὰρ
454 3168 623 3240 οὔσης
666 3170 773 3240 πρὸ
798 3170 989 3223 τούτου
1037 3171 1387 3243 πολυαρχίας,
1430 3173 1523 3226 καὶ
1555 3173 1660 3226 τῶν

120 3257 258 3311 ἑθνιῖιν
286 3262 543 3315 ἀπάντων
563 3264 1010 3335 τυραννουμένων
1033 3264 1066 3335 ἢ
1095 3264 1617 3337 δημοκρατουμένων
1640 3305 1656 3329 ,

115 3347 174 3412 i'o;
240 3352 505 3423 μηδεμίαν
582 3355 723 3425 πρὸς
804 3354 1065 3424 ἀλλήλους
1147 3357 1433 3426 ἐπιμιξίαν
1530 3361 1659 3423 τοὺς

118 3438 402 3510 ἀνθρώπους
459 3443 643 3513 ἔχειν,
702 3443 846 3507 ἰδίώς
892 3444 981 3509 δὲ,
1045 3445 1177 3517 φέρε
1218 3448 1428 3510 εἰπεῖν,
1494 3448 1660 3515 Αἰγυ-

120 3532 258 3588 πτίων
320 3534 425 3589 ὑπὸ
496 3536 692 3607 οἰκείῳ
748 3536 969 3607 ἄρχοντι
1027 3537 1454 3608 βασιλευομένων
1478 3578 1492 3601 ,
1564 3540 1658 3592 καὶ

128 3619 338 3692 ’Δράδων
392 3624 673 3689 ὡσαύτως,
738 3628 831 3680 καὶ
894 3628 1229 3697 Ἰδουμαίων,
1288 3629 1546 3682 Φοινίκων
1597 3647 1655 3682 τε

118 3712 192 3764 καὶ
216 3715 412 3786 Σύρων,
447 3716 543 3769 καί
572 3714 680 3769 τῶν
710 3717 883 3771 ἄλλων
917 3718 1107 3782 ἐθνῶν,
1132 3720 1571 3790 ἐπανισταμένων
1596 3737 1653 3773 τε

118 3803 256 3858 ἐθνῶν
285 3807 480 3870 ἔθνεσι,
505 3809 600 3861 καὶ
632 3808 839 3862 πόλεων
870 3809 1074 3871 πόλεσι,
1110 3809 1432 3881 πολιορκιῶν
1461 3828 1520 3863 τε
1556 3830 1655 3882 μυ-

118 3895 222 3963 ρίων
250 3900 340 3952 καὶ
369 3900 758 3970 αἰχμαλωσιῶν
791 3901 930 3955 κατὰ
959 3902 1134 3955 πάντα
1166 3902 1329 3956 τόπον
1350 3920 1410 3955 τε
1436 3904 1528 3956 καὶ
1548 3902 1654 3973 χώ-

118 4001 197 4056 ραν
224 3991 665 4061 ἐπιτελουμένων,
700 3992 887 4065 ἐπειδὴ
925 3995 1105 4066 παρῆν
1137 3995 1166 4046 ὁ
1200 3995 1388 4068 Σωτὴρ
1417 3998 1510 4049 καὶ
1538 3996 1651 4050 Κύ-

118 4092 223 4146 ριος,
256 4082 384 4152 1ὁμοῦ
412 4086 481 4154 τῇ
517 4085 596 4146 εἰς
629 4083 946 4156 ἀνθρώπους
972 4085 1137 4139 αὐτοῦ
1168 4087 1402 4158 παρόδῳ,
1435 4086 1649 4159 πρώτου

114 4182 161 4219 τε
192 4172 461 4243 Ῥωμαίων
490 4175 801 4241 Αὐγούστου
832 4176 939 4229 τῶν
966 4175 1134 4230 ἐθνῶν
1163 4179 1647 4249 ἐπικρατήσαντος,

114 4257 271 4317 λέλυτο
300 4266 393 4335 μὲν
422 4269 456 4337 ή
491 4267 717 4337 πλείστη
750 4266 1074 4339 πολυαρχία,
1110 4270 1298 4340 εἰρήνη
1337 4270 1395 4322 δὲ
1427 4269 1648 4340 διελάμ-

113 4349 218 4405 6ανε
255 4355 345 4427 τήν
375 4357 666 4428 σύμπασαν
697 4359 820 4430 γῆν,
856 4362 920 4430 τῇ
960 4360 1094 4430 μετὰ
1127 4363 1313 4431 χεῖρας
1344 4360 1649 4425 ἀκολούθως

113 4445 397 4517 προρρήσει,
419 4448 717 4520 διαρρήδην
743 4450 963 4522 (motion
990 4451 1118 4521 περὶ
1145 4450 1253 4503 τῶν
1284 4451 1378 4504 τοῦ
1410 4452 1647 4524 Χριστοῦ

114 4534 406 4635 μιιθητῶνζι
435 4540 581 4593 Διότι
602 4540 696 4593 νῦν
720 4540 1213 4635 μεγαλυνθήσονται
1238 4542 1341 4605 ἕως
1360 4543 1527 4615 ἄκρου
1550 4546 1647 4615 τῆς
1682 4580 1725 4635 D

111 4624 213 4694 γῆς·
245 4630 332 4682 καὶ
358 4630 510 4684 ἔσται
534 4631 675 4702 αῦτη
699 4634 909 4704 εἰρήνη’
941 4652 961 4684 3
1001 4627 1047 4702 ᾧ
1081 4633 1290 4704 συνᾴδει
1318 4634 1378 4687 τὸ
1409 4637 1467 4688 ὲν
1498 4636 1649 4689 Ψαλ-

113 4720 211 4785 μοῖς
229 4721 424 4787 φάσκον
458 4726 589 4796 περὶ
617 4725 711 4779 τοῦ
743 4725 981 4798 Χριστοῦ
1003 4725 1199 4803 λόγιον·
1232 4745 1250 4777 ι
1298 4727 1561 4781 ’Δνατελεί
1591 4733 1651 4784 ὲν

109 4813 207 4873 ταῖς
230 4816 453 4887 ἡμέραις
473 4816 638 4870 αὐτοῦ
658 4816 993 4889 δικαιοσύνη,
1017 4819 1111 4872 καὶ
1129 4816 1331 4888 πλῆθος
1351 4820 1588 4892 εἰρήνης.
1624 4840 1643 4872 3

110 4901 183 4954 Διό
211 4922 290 4973 μοι
321 4907 466 4961 δοκεί
493 4909 680 4980 ἄρχων
710 4911 932 4981 εἰρήνης
971 4910 1028 4967 ὲν
1068 4910 1134 4979 τῇ
1182 4909 1289 4981 πρὸ
1318 4909 1517 4982 ταύτης
1544 4928 1651 4964 πα-

112 4996 358 5072 ρστεθείση
386 5001 694 5073 προφητείᾳ
713 5000 1045 5072 ὠνομάσθαι.
1101 5002 1423 5071 Ἐπίστησόν
1453 5018 1516 5070 γε
1542 5002 1647 5075 μὴν

109 5083 206 5139 τίνα
222 5090 409 5160 τρόπον
431 5092 462 5143 ὁ
489 5091 626 5163 μετά
646 5094 832 5163 χεῖρας
853 5093 1138 5164 προφήτης
1160 5093 1253 5146 καὶ
1273 5091 1646 5156 ἐξελεύσεσθαι

112 5174 190 5241 μὲν
221 5177 275 5241 ἐξ
308 5180 552 5253 οὐρανῶν
584 5180 675 5233 τὸν
715 5181 916 5251 Κύριον
962 5182 1263 5252 ἀρχόμενος
1311 5181 1529 5253 ἔφησεν,
1582 5184 1643 5236 ού

109 5268 334 5341 πρότερον
364 5272 422 5341 δὲ
458 5275 743 5343 ποιμανεῖν
774 5274 900 5337 τοὺς
932 5273 1272 5345 ἀνθρώπους,
1309 5274 1343 5346 ἢ
1380 5273 1646 5346 γεννηθῆ-

108 5374 176 5412 vat
196 5362 277 5417 τὸν
304 5364 689 5435 θεσπιζόμενον
720 5367 779 5418 ὲν
811 5368 879 5436 τῇ
908 5365 1172 5436 Βηθλεέμ·
1207 5366 1355 5429 ὅπως
1388 5364 1444 5420 δὲ
1472 5366 1647 5420 ταῦτα

109 5450 181 5506 ἐπὶ
200 5457 281 5509 τὸν
310 5458 537 5530 Σωτῆρα
568 5459 663 5512 καὶ
686 5458 888 5529 Κύριον
925 5457 1083 5529 ήμῶν
1109 5458 1451 5531 ἐπεραιοῦτο,
1478 5459 1649 5530 ἐμαρ-

109 5541 306 5616 τύρησεν
331 5551 360 5602 ό
392 5548 816 5620 Εὑαγγελιστὴς,
860 5550 926 5603 δι’
956 5543 1030 5604 ὧν
1070 5550 1437 5623 προεξεθέμην
1480 5549 1645 5603 αὑτοῦ

108 5634 295 5698 φωνῶν.
321 5638 531 5711 Ποιμήν
566 5637 625 5691 δὲ
660 5640 753 5694 καί.
786 5638 1086 5710 ἡγούμενος
1115 5641 1145 5693 ό
1174 5641 1407 5712 Χριστὸς
1433 5640 1644 5694 ἀναδει-

1770 1982 1939 2051 igitur
1961 1982 2220 2053 deinceps
2255 2001 2269 2037 :
2308 2003 2324 2034 ι
2359 1983 2549 2039 Eterit
2576 1985 2631 2037 in
2658 1982 2975 2037 novissimis
3010 1980 3204 2036 diebus
3224 1994 3335 2034 ma-

1770 2073 2004 2128 nifestus
2034 2089 2190 2128 mons
2218 2074 2452 2143 Domini,
2478 2084 2533 2130 et
2563 2075 2897 2130 festiuabunt
2927 2073 2995 2128 ad
3018 2073 3197 2142 ipsum
3231 2086 3333 2140 po~

1768 2164 1879 2233 puli
1911 2165 2089 2225 multi,
2120 2173 2174 2219 et
2220 2165 2375 2219 ibunt
2416 2174 2603 2236 gentes
2646 2167 2850 2228 multae,
2883 2176 2935 2220 et
2965 2165 3147 2219 dicent
3186 2182 3198 2218 :
3231 2162 3335 2219 Ve-

1768 2258 1899 2318 nite,
1952 2257 2315 2312 ascendamus
2374 2259 2429 2311 in
2475 2267 2717 2312 montem
2750 2258 2964 2311 Domini
2993 2258 3061 2312 7‘.
3102 2276 3119 2307 3
3155 2256 3334 2321 Quaro

1766 2349 1993 2420 posthac
2025 2349 2117 2402 ubi
2142 2365 2265 2404 eum
2293 2350 2389 2420 qui
2432 2357 2516 2404 est
2538 2358 2662 2404 ante
2692 2350 2891 2404 Saecula
2924 2350 2991 2403 de
3022 2349 3333 2403 Bethlehem

1766 2454 2112 2510 egressurum
2142 2439 2435 2501 nuntiavit,
2479 2454 2587 2492 non
2620 2439 2721 2493 soli
2753 2436 2918 2493 Israel
2950 2438 3206 2506 amplius,
3237 2434 3333 2489 scd

1767 2531 2052 2585 confertim
2084 2531 2337 2584 omnibus
2381 2531 2634 2599 gentibus
2664 2545 2835 2596 usque
2858 2528 2923 2582 ad
2949 2535 3190 2582 extrema
3225 2534 3333 2581 tere

1767 2636 1841 2675 rae
1892 2622 2043 2674 illum
2074 2622 2466 2690 imperaturum
2500 2619 2748 2673 aﬂirmat.
2786 2620 2923 2673 Dicit
2954 2619 3117 2687 igitur
3157 2635 3169 2670 :
3210 2633 3228 2665 ι
3268 2614 3334 2666 Et

1766 2715 1954 2772 stabit.
1988 2722 2043 2769 et
2071 2713 2295 2776 videbit,
2317 2721 2372 2768 et
2395 2720 2582 2782 pascet
2612 2728 2828 2781 gregem
2852 2727 3009 2766 suum
3034 2711 3088 2764 in
3118 2710 3335 2764 lortituo

1766 2807 1894 2863 dine
1930 2805 2215 2873 Dominus,
2241 2806 2372 2860 etin
2406 2805 2579 2876 gloria
2603 2803 2842 2859 nominis
2872 2802 3085 2856 Domini
3124 2800 3218 2855 Dei
3252 2801 3333 2872 ip-

1766 2914 1953 2955 sorum
1996 2898 2281 2954 exsistent.
2332 2897 2600 2962 Quoniam
2649 2910 2796 2949 nunc
2842 2893 3333 2964 magniﬁcabuntur

1766 3006 1941 3061 usque
1973 2991 2041 3045 ad
2064 3001 2306 3045 extrema
2334 2999 2493 3043 terra:
2528 3007 2543 3043 :
2574 2998 2629 3044 et
2657 2990 2761 3043 erit
2787 2988 2903 3042 hzec
2932 3004 3035 3057 pax
3062 2986 3128 3041 ⁷⁸.
3175 3005 3195 3038 3
3231 2983 3332 3041 Cui

1764 3098 1931 3153 porro
1962 3083 2068 3137 erit
2095 3082 2209 3135 bene
2241 3096 2369 3150 pax,
2401 3080 2509 3135 nisi
2537 3088 2695 3134 terrae
2749 3081 2805 3135 in
2864 3095 2970 3149 qua
3016 3077 3333 3149 magniﬁca--

1765 3175 1969 3229 buntur
2001 3189 2192 3245 greges
2228 3171 2479 3226 Domini?
2533 3173 2591 3226 1d
2641 3172 2818 3242 ipsum
2851 3177 3051 3232 autem,
3082 3185 3242 3240 quem
3270 3168 3329 3222 ti-

1764 3284 1887 3323 nem
1919 3269 2170 3325 sortitum
2204 3268 2273 3322 sit
2302 3276 2426 3337 post
2463 3265 2763 3321 Salvatoris
2791 3266 2964 3320 nostri
2994 3263 3123 3319 Jcsu
3174 3263 3335 3317 Chri—

1764 3362 1833 3416 sti
1861 3361 2178 3423 adventum,
2215 3359 2418 3413 nemini
2468 3359 2763 3413 ohscurum
2792 3373 2914 3414 esse
2946 3362 3123 3427 potest
3155 3375 3167 3409 :
3204 3370 3333 3408 nam

1762 3469 1885 3508 cum
1916 3462 2041 3506 ante
2069 3452 2214 3505 hunc
2244 3451 2558 3512 adventum,
2593 3450 2898 3521 principum
2945 3458 3090 3504 esset
3143 3449 3327 3501 multi—

1761 3544 1915 3605 tudo,
1951 3552 2005 3598 et
2027 3544 2292 3597 universae
2318 3549 2504 3610 gentes
2579 3551 2672 3594 aut
2700 3542 2803 3595 sub
2844 3540 3113 3611 tyrannis,
3149 3549 3243 3591 aut
3275 3539 3331 3591 in

1762 3644 1904 3690 statu
1936 3633 2182 3704 populari
2214 3637 2395 3686 essent
2425 3631 2752 3692 constitutae,
2785 3637 2843 3683 ut
2874 3629 3079 3683 nullum
3110 3629 3253 3682 inter
3273 3641 3333 3682 sc

1760 3725 2143 3781 commercium
2170 3708 2415 3776 homines
2438 3722 2720 3786 haberent,
2738 3723 2830 3776 sed
2851 3721 3136 3790 privatim:
3154 3735 3320 3774 exem

1761 3813 1833 3883 pli
1861 3813 2057 3883 gratia,
2083 3811 2223 3881 apud
2252 3808 2543 3880 [Egyptios
2583 3827 2716 3865 suus
2758 3812 3011 3881 princeps
3057 3818 3329 3879 regnaret,

1759 3906 1902 3975 apud
1930 3906 2137 3959 Arabas
2167 3906 2295 3960 item
2325 3922 2483 3974 su_us,
2512 3904 2655 3974 apud
2685 3904 2973 3967 ldumzeos,
3017 3901 3328 3964 thnicas,

1756 3995 1917 4068 345
1965 3994 2133 4066 Syros
2179 3997 2423 4067 aliasque
2456 3998 2583 4051 item
2636 4005 3113 4066 gentes;cumquc
3141 4003 3331 4064 gentes

1756 4089 2014 4144 adversus
2030 4096 2294 4159 gentes,et
2306 4090 2554 4144 civitates
2567 4089 2829 4144 adversus
2846 4088 3091 4142 civitates
3104 4100 3330 4141 consur-

1752 4180 2382 4250 gerent,obsidionesque
2398 4180 2814 4235 innumerabiles
2828 4186 2881 4234 et
2896 4178 3328 4246 captivitatespe:

1755 4284 1967 4325 omnem
1989 4272 2163 4324 locum
2183 4286 2246 4325 ac
2262 4272 2532 4341 regionem
2554 4271 2881 4331 ﬁerent.tnm
2898 4285 3024 4323 vero
3042 4267 3131 4323 ubi
3151 4266 3330 4322 Salva-

1754 4368 1840 4415 tor
1868 4370 2053 4417 noster
2072 4377 2135 4416 ac
2158 4361 2419 4418 Dominus
2450 4361 2644 4426 adfuit,
2677 4376 2782 4414 una
2806 4377 2927 4414 cum
2954 4361 3099 4416 illius
3128 4359 3195 4413 ad
3229 4359 3329 4413 lto-

1754 4454 1932 4507 mines
1964 4452 2225 4516 adventu,
2252 4453 2370 4522 jam
2424 4460 2540 4506 tum
2590 4453 2766 4522 primo
2806 4451 3174 4504 Romanorum
3217 4449 3330 4504 Au-

1755 4553 1913 4613 gusto
1946 4544 2228 4613 imperium
2273 4545 2329 4598 in
2361 4544 2513 4598 orbis
2559 4544 2810 4598 nationes
2847 4544 3148 4606 obtinente,
3180 4542 3329 4597 solu-

1753 4640 1843 4686 tus
1872 4633 2020 4687 illico
2050 4641 2132 4688 est
2163 4633 2253 4688 ille
2299 4633 2577 4704 multiplex
2606 4633 2961 4703 principatus.
2993 4642 3045 4687 et
3071 4648 3175 4702 pax
3207 4631 3330 4685 uni-

1753 4740 1965 4780 versam
2019 4732 2218 4781 tcrram
2275 4726 2505 4796 accepit,
2558 4726 2608 4780 ei
2667 4726 2967 4797 prophetia‘
3020 4741 3142 4795 quae
3181 4740 3330 4780 nunc

1754 4821 2021 4869 tractatur
2042 4815 2405 4878 concordans,
2440 4816 2781 4885 apertissime
2821 4816 2887 4871 de
2923 4816 3128 4870 Christi
3160 4815 3329 4870 disci-

1752 4906 1894 4976 pulis
1928 4906 2163 4961 dicenti:
2202 4924 2221 4956 t
2246 4906 2512 4971 Quoniam
2536 4923 2683 4962 nunc
2710 4908 3200 4979 magniﬁcabuntur
3239 4922 3329 4961 us-

1752 5014 1858 5067 que
1897 4997 1964 5052 ad
1996 5005 2297 5052 extremum
2344 5005 2535 5054 terrae:
2582 5010 2634 5054 et
2679 5000 2781 5055 erit
2838 5001 2949 5054 haec
3019 5016 3144 5069 pax.
3188 4997 3327 5051 3Cui

1752 5094 2178 5142 consentaneum
2203 5090 2446 5159 estquod
2477 5088 2784 5163 in‘Psalmis
2807 5091 3003 5159 legitur
3018 5091 3083 5142 de
3106 5088 3328 5141 Christo

1718 5179 2055 5243 -oraculum,
2086 5179 2303 5236 dicens:
2342 5200 2361 5230 ι
2393 5180 2611 5237 Orietur
2639 5183 2692 5235 in
2729 5181 2918 5236 diebus
2963 5181 3078 5243 eius
3111 5176 3324 5248 justitia

1751 5280 1805 5328 et
1835 5272 2165 5328 abundantia
2196 5274 2346 5345 pacis
2363 5274 2432 5329 ⁸ο.
2461 5294 2478 5324 3
2523 5274 2600 5329 Ex
2638 5290 2746 5344 quo
2774 5274 2904 5327 mihi
2937 5273 3150 5326 videtur
3174 5272 3325 5340 prin-

1750 5377 1878 5433 ceps
1928 5363 2079 5433 pacis
2109 5363 2162 5416 in
2190 5377 2275 5426 ea,
2327 5379 2447 5433 quae
2494 5365 2739 5432 proxime
2772 5366 3014 5431 exposita
3048 5368 3152 5422 est,
3193 5375 3324 5429 pro-

1753 5455 1933 5526 phetia
1968 5455 2260 5510 nominari.
2294 5456 2680 5511 Animadverte
2713 5463 2916 5520 tamen,
2943 5468 3151 5525 quaso,
3183 5466 3323 5524 quo.

1752 5561 1877 5600 nam
1919 5554 2078 5614 pacto
2114 5546 2160 5601 is
2199 5546 2267 5603 de
2304 5563 2413 5617 quo
2444 5563 2591 5603 nunc
2631 5548 2843 5618 agimus
2887 5546 3169 5618 propheta,
3213 5543 3322 5597 Do-

1751 5638 1958 5694 minum
1989 5638 2054 5693 de
2075 5640 2213 5693 cmlo
2240 5655 2585 5710 egressurum
2618 5640 2775 5695 initio
2799 5640 2896 5706 ait,
2934 5654 2997 5694 ac
3027 5654 3134 5694 non
3166 5638 3321 5712 prius

164 5726 203 5757 "
227 5726 360 5783 Mich
406 5747 449 5793 ι,
480 5729 537 5795 2,
580 5731 633 5785 5.
672 5786 679 5792 ,
709 5731 754 5762 ⁷⁷
794 5730 928 5785 ibid.
963 5731 1016 5785 5.
1091 5731 1138 5764 "
1169 5730 1333 5786 Mich.
1364 5749 1437 5796 tv,
1478 5733 1529 5797 1,
1561 5733 1616 5788 ‘2.

1762 5732 1911 5789 Mich.
1946 5750 2001 5801 ν,
2034 5733 2087 5796 4,
2121 5732 2173 5787 5.
2248 5734 2293 5765 ⁸⁸
2327 5732 2471 5789 Psal.
2501 5750 2649 5799 Lxxt,
2684 5736 2733 5787 7.

164 5820 231 5890 (ι,
250 5819 734 5894 Typographorum
767 5823 982 5881 incuria
1012 5823 1357 5884 intercidisse
1387 5825 1605 5884 videtur
1629 5844 1659 5880 τ

1777 5825 1921 5896 quod
1954 5824 2223 5884 referatur
2255 5825 2322 5882 ad
2349 5826 2671 5899 παρουσίαν.
2702 5826 2863 5903 Eutr.
