3894 6536
510 479 513 482 ν
581 395 687 453 5'53

1289 394 1562 450 EUSEBII
1601 396 2080 455 CIESARIENSIS
2117 397 2265 454 OPP.
2302 397 2482 454 PARS
2516 397 2578 454 ll.
2615 429 2684 440 --
2720 398 3218 461 APOLOGETlCA.

3708 413 3794 471 ΞΗ

578 524 709 581 erga
761 509 1011 565 homines
1063 509 1300 580 pastoris
1351 507 1527 569 otticio
1593 508 1933 579 functurum,
1996 526 2108 581 qua

2217 524 2232 574 ι
2264 510 2557 582 χθήσεσθαι
2587 510 2681 565 τοῦ
2735 512 2953 586 Ἰσραὴλ
2994 515 3228 587 εἴρηται,
3272 517 3513 589 συνήθως
3544 522 3640 590 τῆς
3674 504 3795 598 ιερᾱξ

577 599 839 659 nascetur
870 603 915 657 is
944 602 1034 672 qui
1060 617 1090 654 a
1124 601 1407 670 prophetis
1441 601 1681 666 canitur,
1714 602 1768 657 in
1800 602 2153 660 Betltleltem:

2270 601 2492 673 Γραφῆς
2518 601 2609 655 τὸν
2641 599 2816 673 ἀληθῆ
2862 602 3076 675 Ἰσραὴλ
3109 604 3251 658 κατὰ
3278 605 3512 660 διάνοιαν
3540 610 3703 665 πάντα
3720 616 3793 671 τὸν

575 695 852 767 quomodo
888 710 1018 749 vero
1050 693 1164 749 lttec
1200 694 1254 747 in
1298 692 1587 750 Satvatore
1616 710 1682 750 ac
1712 694 1943 750 Domino
1971 704 2104 753 term

2256 692 2580 765 διορατικὸν,
2614 693 2708 746 καὶ
2738 692 2946 765 ἁρετῶς
2978 694 3096 765 Θεῷ
3128 694 3346 766 βιοῦντα
3368 699 3789 776 ὲπονομαζοόσηςο

576 795 701 842 nata
736 787 867 843 sint.
901 784 1216 842 testimonio
1256 802 1358 840 suo
1401 786 1626 856 planum
1671 787 1798 842 fecit
1822 789 2152 859 evangelista

576 879 629 933 in
663 879 730 933 iis
762 879 958 945 verbis,
993 893 1113 948 qua:
1134 879 1204 932 ab
1235 878 1329 932 illo
1350 893 1527 947 nuper
1565 879 1842 948 accipiens
1870 881 2149 951 proposui.

460 952 469 957 ’
570 966 766 1023 Pastor
808 977 988 1022 autem
1031 970 1219 1024 ctdux
1249 969 1423 1039 ipsius
1477 968 2040 1029 lsraeldeclarandus
2066 973 2152 1027 di-

568 1060 714 1117 citur
760 1061 1034 1125 Christus,
1092 1078 1217 1117 cum
1265 1064 1380 1119 haec
1426 1076 1708 1117 sacrarum
1741 1063 2043 1119 litterarum
2076 1067 2149 1121 sit

568 1151 928 1211 consuetudo,
963 1159 1022 1204 ιιι
1064 1155 1389 1206 sententiam
1433 1152 1818 1222 sequentibus,
1851 1168 2040 1207 verum
2066 1151 2146 1208 ls-

566 1245 678 1297 rael
715 1244 997 1298 nominent
1032 1259 1247 1297 onmem
1297 1259 1421 1298 eunt
1467 1245 1559 1314 qui
1596 1244 1952 1313 contemplari
1987 1244 2144 1299 facile

564 1339 761 1406 possit,
794 1346 847 1391 et
879 1346 1087 1407 gratam
1121 1336 1231 1391 Deo
1260 1340 1425 1390 vitam
1461 1344 1751 1407 sequatur:
1789 1337 1931 1391 sicut
1959 1351 2144 1391 econ-

562 1433 732 1484 trario
755 1429 972 1485 Judzeos
992 1437 1111 1499 post
1135 1438 1442 1499 peccatum,
1469 1429 1830 1492 Chananaeos,
1853 1437 1907 1484 et
1925 1444 2135 1492 semen,

558 1534 669 1576 non
715 1519 874 1581 Juda,
909 1521 1002 1576 sed
1030 1522 1313 1589 Chanaan,
1345 1532 1401 1578 et
1442 1523 1720 1593 principes
1772 1520 2135 1576 Sodomorum

557 1620 613 1667 et.
639 1614 897 1685 p0pulum
943 1613 1262 1670 Gontorrltae
1307 1616 1377 1670 ad
1422 1630 1603 1672 mores
1640 1616 1858 1669 illorum
1887 1614 2137 1668 alluden-

558 1714 643 1758 tes
674 1719 871 1760 vncare
902 1706 1076 1760 solitae
1108 1714 1272 1761 sunt:
1307 1707 1512 1777 alioqui
1554 1721 1684 1761 vero
1714 1708 1879 1760 etiam
1915 1705 1982 1760 ad
2008 1721 2133 1759 ver-

2254 784 2330 848 ὡς
2366 783 2599 857 ἔμπαλιν
2637 786 2764 847 τοὺς
2794 786 2859 838 ὲκ
2900 786 3222 858 περιτομῆς,
3254 788 3407 842 ὁπόθ’
3448 791 3787 864 ἀμοιρτάνοιεν⁹

2251 877 2587 941 Χαναναίους
2616 879 2710 932 καὶ
2740 878 2961 950 σπέρμα
2990 878 3245 950 Χαναὰμ,
3269 880 3361 934 καὶ
3385 882 3485 935 οὐκ
3522 883 3696 947 Ἰούδα,
3720 888 3790 959 ἄρα

2250 972 2445 1040 χοντάς
2471 987 2532 1023 τε
2555 969 2824 1040 Σοδόμων,
2848 970 2943 1024 καὶ
2972 968 3099 1022 λαὸν
3128 969 3168 1022 Γ
3169 971 3430 1044 ομόρρας,
3460 974 3699 1045 ἐμφερῶς
3714 978 3788 1029 αὖ-

2249 1061 2359 1114 τῶν
2392 1064 2504 1125 τοῖς
2525 1062 2749 1133 τρόποις
2771 1062 3169 1132 ἀποκαλούσης.
3197 1061 3402 1127 Ἀλλως
3421 1063 3477 1116 δὲ
3501 1065 3633 1135 πρὸς
3652 1064 3785 1133 λέξιν,

2247 1154 2282 1224 ἡ
2316 1155 2465 1207 πᾶσα
2493 1153 2589 1207 τοῦ
2622 1154 2874 1225 Σωτῆρος
2903 1153 3058 1225 ήμῶν
3098 1153 3349 1227 διατριϐὴ
3388 1155 3540 1226 παρὰ
3577 1155 3651 1227 τῷ
3684 1158 3786 1211 Ἴου.

2243 1243 2405 1297 δαίων
2439 1243 2582 1297 ἔθνει
2614 1245 2824 1313 γέγονε,
2850 1245 2942 1298 καὶ
2977 1243 3184 1297 πολλῶν
3210 1262 3273 1314 γε
3299 1245 3392 1298 τοῦ
3444 1246 3651 1318 Ἰσραὴλ
3676 1250 3788 1321 imi-

2244 1352 2395 1398 σατο,
2442 1336 2553 1388 ὅσοι
2599 1334 2662 1406 δὴ
2706 1334 2947 1405 ἔγνωσαν
2993 1335 3175 1400 αὑτὸν,
3223 1337 3317 1390 καὶ
3351 1339 3433 1401 είς
3466 1338 3625 1392 αὐτὸν
3655 1357 3785 1393 πεπι-

2242 1429 2504 1483 στεύκασι
2543 1427 2651 1482 τῶν
2680 1430 2744 1482 ὲκ
2777 1416 3259 1501 περιτομῆς.“Καὶ
3288 1429 3349 1482 τὸ
3386 1429 3484 1501 μὲν
3527 1431 3623 1501 τῆς
3663 1433 3784 1484 ἐκτε-

2239 1520 2424 1592 θείσης
2454 1521 2812 1592 προρρήσεως
2842 1518 3096 1591 τοιαύτην
3134 1520 3325 1592 εἴληφε
3350 1521 3450 1593 τὴν
3478 1520 3706 1576 ἔκϐασιν·
3732 1522 3784 1576 τὰ

2235 1613 2292 1668 δὲ
2325 1613 2450 1683 ἑξῆς
2472 1614 2565 1682 ἀφ’
2586 1613 2779 1684 ἐτέρας
2799 1613 3171 1681 ἀναγνωστέον
3190 1612 3384 1685 ἀρχῆς,
3407 1612 3584 1677 οὕτως
3605 1613 3778 1683 ἔχοντα·

2239 1720 2258 1752 ι
2308 1701 2590 1772 Ἀσσύριος
2608 1701 2736 1754 ὅταν
2758 1700 2959 1773 ἐπέλθῃ
2990 1702 3081 1755 ἐπὶ
3107 1701 3206 1774 τὴν
3234 1703 3336 1773 γῆν
3368 1702 3547 1774 ὑμῶν,
3577 1706 3662 1757 καὶ
3682 1705 3781 1756 ὅταν

556 1796 683 1850 bum
715 1798 1220 1868 interpretantibus.
1252 1802 1434 1854 omnis
1462 1799 1765 1871 Salvatoris
1794 1799 1971 1856 nostri
2006 1799 2108 1854 vita

2234 1792 2396 1865 ἐπιϐῇ
2432 1794 2523 1846 ἐπὶ
2562 1792 2659 1865 τὴν
2691 1792 2874 1866 χώραν
2908 1794 3083 1865 ὑμῶν,
3115 1794 3210 1847 καὶ
3235 1794 3688 1867 ἑπεγερθήσονται
3712 1798 3781 1849 ἐπ’

553 1893 897 1945 consuetudo
930 1892 1074 1962 apud
1103 1891 1386 1946 Judaicatn
1432 1900 1647 1963 gentem
1693 1870 1813 1955 l‘uit,
1845 1900 1900 1947 et
1928 1893 2108 1947 multo-

2231 1884 2389 1938 αὑτὸν
2414 1884 2554 1938 ἑπτὰ
2580 1885 2854 1956 ποιμένες,
2879 1887 2971 1939 καὶ
2994 1884 3138 1939 ὀκτὼ
3157 1885 3408 1958 δήγματα
3429 1886 3529 1941 ἀνθ
3538 1887 3735 1960 ρώπσν,
3762 1909 3776 1939 t

552 1995 671 2034 rum
730 1998 795 2036 ex
833 1980 995 2037 Israel
1026 1984 1136 2039 dux
1193 1984 1424 2047 exstitit,
1484 2001 1673 2039 eorum
1734 1984 1987 2039 videlicet
2031 1984 2128 2054 qui

551 2070 726 2140 ipsum
753 2084 1108 2142 agnoverunt,
1130 2084 1294 2144 atque
1314 2090 1380 2129 ex
1411 2074 1833 2133 circumcisione
1862 2074 1916 2127 itt
1946 2073 2126 2143 ipsum

547 2163 920 2225 crediderunt.
946 2173 999 2218 et
1032 2166 1082 2220 id
1115 2166 1335 2236 quidem
1378 2166 1525 2236 qttod
1559 2165 1625 2219 ad
1655 2165 1966 2234 expositum
1998 2180 2126 2219 ora-

544 2255 727 2309 culum
759 2258 1013 2326 pertinet,
1051 2259 1209 2312 talem
1262 2257 1468 2312 exitum
1518 2257 1746 2325 invenit;
1782 2273 1904 2326 qua:
1941 2266 2122 2312 autem

544 2357 850 2417 sequuntur
874 2349 1045 2404 altero
1068 2357 1353 2421 assumpto
1376 2350 1533 2405 initio
1562 2350 1789 2420 legenda
1816 2357 1966 2413 sunt,
1998 2364 2123 2419 quae

539 2438 620 2493 sic
649 2440 866 2510 quidem
903 2456 963 2496 se
1011 2441 1243 2496 habent:
1288 2460 1306 2491 ι
1332 2442 1592 2512 Assyrius
1638 2455 1763 2495 cum
1811 2440 2021 2495 venerit
2061 2440 2116 2494 in

535 2536 739 2586 terram
775 2541 1032 2597 vestram,
1082 2542 1137 2589 et
1191 2549 1316 2588 cum
1368 2532 1678 2591 ascenderit
1729 2532 1784 2585 in
1835 2533 2114 2601 regionem

534 2634 794 2686 vestram,
828 2626 1218 2680 excitabuntur
1248 2626 1300 2680 in
1333 2626 1485 2679 illum
1524 2630 1731 2693 septem
1765 2631 2035 2691 pastores,
2059 2629 2119 2675 et

531 2721 656 2771 Octo
706 2732 923 2772 morsus
973 2718 1257 2772 hominum
1283 2719 1354 2782 ⁸⁸,
1386 2737 1406 2770 ι
1463 2725 1518 2772 et
1567 2716 1811 2786 reliqua;
1854 2729 1976 2783 qua:
2004 2727 2115 2782 quo

530 2821 699 2863 sensu
749 2807 863 2861 sint
914 2809 1257 2878 accipienda,
1318 2824 1426 2861 non
1479 2815 1564 2862 est
1612 2821 1759 2860 nunc
1814 2803 2113 2858 euarrandi

530 2893 707 2952 locus.
776 2896 983 2951 Dixerit
1033 2908 1213 2953 autem
1263 2900 1537 2967 quispiam
1593 2905 1717 2968 post
1757 2897 2109 2968 Assyriorum

2229 1979 2324 2031 καὶ
2355 1977 2423 2031 τὰ
2458 1977 2667 2041 τούτοις
2701 1977 2987 2031 ἀκόλουθα·
3037 1977 3072 2031 ἃ
3113 1979 3207 2032 καὶ
3250 1979 3439 2042 ὁποίας
3486 1976 3667 2051 ἔχεται
3693 1980 3780 2034 δια·

2226 2071 2396 2133 νοίας,
2420 2071 2480 2123 ού
2511 2069 2604 2123 τοῦ
2635 2070 2898 2141 παρόντος
2920 2070 3178 2142 τυγχάνει
3201 2071 3567 2142 διηγήσασθαι
3597 2072 3776 2139 καιροῦ.

2225 2162 2385 2217 Εἴποι
2416 2162 2462 2215 δ’
2491 2163 2555 2216 ἄν
2590 2179 2678 2225 τις
2702 2161 2840 2233 μετὰ
2865 2161 2960 2234 τὴν
2996 2163 3293 2235 Ἀσσυρίων
3320 2166 3397 2228 είς
3418 2162 3517 2235 τὴν
3556 2163 3777 2216 Ἰουδαίαν

2223 2253 2536 2324 ἐπιδημίαν,
2570 2253 2691 2307 καθ’
2716 2236 2792 2324 ’ἢν
2826 2247 2967 2307 εἷλον
2999 2253 3060 2306 τὸ
3102 2252 3373 2307 Ἰουδαίων
3404 2253 3580 2318 ἔθνος,
3618 2253 3777 2308 vocati-

2220 2362 2319 2408 τας
2365 2345 2763 2408 ἐπαναστάσεις
2817 2346 2935 2399 κατ’
2985 2344 3165 2399 αὐτῶν
3211 2346 3515 2415 γεγονέναι,
3558 2346 3670 2399 ὅσαι
3702 2347 3777 2416 6r,-

2219 2432 2437 2488 λοῦνται
2468 2434 2556 2487 διὰ
2597 2436 2705 2487 τῶν
2750 2434 2890 2488 ἑπτὰ
2940 2436 3211 2507 ποιμένων
3249 2437 3343 2490 καὶ
3381 2436 3470 2488 διὰ
3509 2436 3622 2489 τῶν
3659 2436 3775 2490 ὀκτὼ

2217 2526 2531 2598 δηγμάτων’
2556 2526 2732 2580 ταῦτα
2757 2527 2812 2579 δὲ
2838 2526 3096 2581 δύνασθαι
3118 2527 3314 2582 εἰδέναι
3340 2527 3469 2591 τοὺς
3496 2528 3572 2581 τὰ
3615 2528 3774 2581 Ἀσσυ-

2218 2619 2348 2691 ρίων
2386 2619 2760 2691 ίστορηκότας,
2795 2614 2869 2673 ὧν
2900 2619 2993 2672 ἐπὶ
3032 2620 3176 2672 τέλει
3208 2620 3300 2673 τὸν
3335 2621 3401 2673 ὲκ
3427 2620 3531 2690 τῆς
3560 2619 3773 2691 Βηθλεὲμ

2214 2711 2688 2782 προφητευόμενον
2722 2711 3021 2779 γεγονέναι,
3073 2711 3214 2765 κατὰ
3255 2712 3383 2776 τοὺς
3418 2711 3566 2766 ἑπτὰ
3604 2712 3773 2784 δηλαδὴ

2215 2804 2479 2873 ⁴ποιμένας
2514 2803 2609 2855 καὶ
2636 2802 2704 2857 τὰ
2732 2801 2874 2856 ὀκτὼ
2899 2803 3151 2874 δήγματα
3172 2806 3283 2867 τοῖς
3324 2803 3635 2875 Ἀσσυρίοις
3658 2820 3769 2871 συμ-

2217 2895 2388 2950 ϐάντα
2419 2897 2474 2949 ἐν
2505 2896 2749 2966 ὑστέροις
2771 2895 2983 2966 χρόνοις
3003 2896 3100 2966 τῆς
3118 2897 3197 2958 είς
3215 2896 3313 2967 τὴν
3345 2895 3606 2948 Ἰουδαίαν
3624 2894 3769 2947 αὐτῶν

530 2988 584 3041 in
618 2986 863 3043 Judmam
898 2991 1213 3054 adventum,
1251 2991 1416 3063 346
1450 3008 1559 3061 qtto
1601 2989 1825 3045 Judaica
1861 3006 1995 3060 gens
2038 2990 2108 3043 ab

2217 2988 2427 3056 ἐφόδου.
2464 2987 2651 3042 Ταῦτα
2686 2988 2742 3042 δὲ
2786 2988 3043 3059 πλείστης
3067 2989 3295 3061 ἐρεύνης
3327 2988 3585 3060 δεόμενα,
3612 2989 3668 3042 ού
3694 2986 3767 3040 νῦν

527 3078 637 3136 illis
670 3089 829 3151 capta
869 3092 977 3142 est,
1010 3091 1121 3136 tant
1168 3085 1368 3139 multas
1423 3084 1768 3138 incursiones
1814 3091 1979 3151 atque
2022 3082 2107 3136 in-

2217 3078 2686 3151 πολυπραγμονεῖν
2716 3080 2925 3152 καιρός.

524 3175 783 3231 solentias
818 3185 1008 3232 contra
1060 3179 1180 3233 illos
1212 3180 1515 3242 exstitisse,
1543 3196 1705 3249 quant
1755 3181 1937 3233 multa;
2014 3186 2222 3248 septem
2266 3178 2580 3247 pastoribus
2629 3184 2683 3232 et
2729 3186 2856 3234 octo
2919 3178 3199 3234 morsibus
3251 3177 3589 3234 indicantur.
3659 3178 3765 3232 llas

522 3275 705 3323 autem
768 3270 898 3324 sciri
940 3286 1099 3339 posse
1168 3272 1237 3325 ab
1287 3272 1354 3326 iis
1387 3273 1479 3331 qui
1527 3288 1615 3326 res
1655 3272 2007 3343 Assyriorum
2065 3273 2342 3325 memoriae
2392 3269 2731 3340 prodiderint
2776 3289 2791 3325 :
2860 3287 3094 3341 quorum
3146 3282 3270 3343 post
3320 3273 3506 3339 linem,
3560 3290 3677 3330 euut
3713 3274 3769 3328 de

518 3380 630 3435 quo
662 3366 944 3437 prepltetaa
986 3367 1289 3436 loquuntur
1327 3369 1396 3423 de
1434 3367 1746 3423 Betheltetu
1797 3369 2095 3431 exstitisse,
2140 3374 2263 3437 post
2298 3377 2506 3435 septem
2532 3366 2786 3421 videlicet
2815 3376 3065 3437 pastores
3096 3377 3149 3421 et
3179 3376 3304 3437 post
3371 3377 3499 3423 octo
3564 3383 3762 3423 morsus

518 3457 611 3527 qui
676 3457 934 3529 Assyrios
982 3461 1302 3526 invaserint,
1349 3462 1687 3532 temporibus
1739 3478 1859 3532 quas
1925 3463 2139 3515 illorum
2208 3461 2262 3514 in
2307 3458 2551 3515 Judaeum
2605 3476 2888 3516 accessum
2944 3463 3241 3519 subsecuta
3297 3470 3447 3519 sunt.
3488 3460 3763 3523 Caeterum,

516 3552 633 3608 haec
681 3553 971 3624 plurimam
1004 3557 1339 3626 postulantia
1368 3558 1796 3631 indagationem,
1826 3572 1937 3612 non
1982 3565 2067 3612 est
2108 3572 2259 3610 nunc
2287 3558 2567 3611 curiosius
2589 3556 2912 3625 explorandi
2940 3564 3175 3627 tempus.

511 3691 558 3746 Α
583 3691 792 3760 psalmo
827 3708 1012 3776 (ξιξιιιπ
1048 3725 1118 3734 —-
1146 3695 1417 3775 Quwrentt'
1441 3694 1652 3776 __Davt'd
1709 3698 1953 3776 quisnam
2010 3698 2088 3751 ίο·

2217 3696 2356 3776 Αρτό-
2388 3695 2636 3776 τόξανίμοῖί
2667 3694 2893 3776 ρλαξ-
2916 3693 3239 3764 Πυθομένῳ
3273 3693 3352 3776 τῷ
3382 3693 3584 3776 dead,
3615 3698 3763 3773 ποῖος

581 3779 677 3817 cus
722 3774 856 3836 esset
901 3763 1161 3833 Epitrata,
1195 3769 1250 3818 in
1292 3783 1396 3835 qua
1434 3765 1571 3820 Deus
1618 3763 2013 3836 praiuutttiatus
2058 3786 2091 3821 a

581 3834 850 3903 prophetis
901 3848 1227 3898 nasceretur,
1266 3834 1383 3903 ipsa
1427 3834 1717 3891 autemest
1765 3838 2087 3902 Betltleltem,

581 3918 676 3972 per
705 3902 962 3971 Spiritum
989 3920 1232 3959 sanctum
1265 3908 1662 3976 manilestatur.

587 4034 606 4066 ι
627 4014 920 4081 Memento,
958 4015 1206 4081 Domine,
1252 4018 1444 4083 David,
1475 4030 1529 4075 et
1557 4021 1736 4077 omnis
1765 4030 2090 4077 mansuetu-

510 4105 657 4163 dinis
679 4106 834 4177 ejus:
871 4108 1244 4180 sicutjuravit
1277 4109 1530 4174 Domino,
1569 4120 1756 4167 votum
1794 4116 1942 4168 vovit
1980 4114 2089 4168 Deo

506 4195 706 4253 Jacob:
757 4198 805 4254 si
858 4199 1123 4255 introiere
1157 4203 1211 4256 in
1243 4204 1658 4257 tabernaculum
1689 4203 1884 4259 domus
1931 4221 2085 4265 mete.

507 4289 556 4344 si
587 4289 888 4345 ascettdero
916 4291 969 4345 in
1006 4291 1207 4346 lectum
1254 4294 1413 4349 strati
1447 4294 1588 4349 mei:
1635 4295 1681 4349 si
1713 4293 1913 4349 dedero
1938 4310 2087 4348 som-

506 4398 636 4437 num
664 4384 840 4439 oculis
868 4384 1026 4448 meis,
1056 4396 1109 4440 et
1139 4386 1413 4456 palpebris
1434 4388 1568 4442 meis
1607 4386 2078 4453 dormitationem,

506 4473 586 4547 [et
624 4476 870 4546 requiem
902 4479 1242 4547 temporibus
1272 4479 1457 4553 uteis,]
1490 4480 1669 4535 donec
1701 4482 1974 4537 inveniam
2006 4482 2086 4536 lo-

502 4584 630 4624 cum
691 4569 949 4638 Domino,
1019 4573 1436 4627 tabernaculum
1498 4573 1608 4629 Deo
1671 4571 1861 4630 Jacob.
1943 4573 2085 4628 Ecce

501 4662 817 4718 audivimus
899 4679 1018 4719 eam
1102 4666 1158 4720 in
1242 4665 1501 4736 prrata,
1574 4667 1885 4720 invenimus
1961 4680 2081 4721 eam

501 4752 560 4808 in
625 4754 834 4825 campis
903 4755 1103 4826 sylvas:
1195 4757 1544 4812 introibimus
1608 4757 1666 4811 in
1727 4756 2083 4811 tabernacula

499 4845 645 4914 ejus,
687 4846 1041 4903 adorabimus
1100 4848 1157 4903 in
1227 4850 1346 4903 loco
1415 4848 1508 4903 ubi
1569 4855 1840 4904 steterunt
1919 4850 2083 4919 pedes

497 4936 704 5006 ejus“.
759 4957 779 4991 ι
819 4938 956 4994 Tum
1042 4939 1299 5011 deinceps
1401 4940 1648 5011 adjungit
1696 4958 1709 4994 :
1787 4959 1806 4993 ι
1850 4940 2084 5011 Propter

2266 3768 2356 3835 ἄρ’
2384 3764 2476 3833 εἴη
2504 3764 2536 3819 ὁ
2564 3764 2678 3833 τῆςῖ
2702 3766 2808 3819 τοῦ
2842 3764 3405 3833 προκηρυττομένου
3437 3767 3587 3818 Θεοῦ
3617 3783 3697 3834 γε)
3709 3770 3761 3817 ἑ-

2262 3854 2417 3903 σεως
2439 3838 2638 3902 τόπος,
2668 3838 2707 3904 ἡ
2752 3836 3023 3905 Ἐφραθὰ,
3058 3836 3210 3902 αὕτη
3243 3836 3311 3889 δέ
3352 3835 3525 3889 ἐστιν
3557 3838 3593 3903 ἡ
3624 3839 3759 3901 Βηθ-

2260 3909 2427 3976 λεὲμ,
2459 3907 2556 3961 διὰ
2587 3907 2689 3960 τοῦ
2723 3908 2884 3962 θείου
2913 3907 3260 3976 Πνεύματος
3297 3905 3671 3976 φανεροῦται.

2267 4040 2288 4070 ι
2323 4018 2630 4089 Μνήσθητι,
2685 4016 2879 4089 Κύριε,
2927 4015 3023 4070 τοῦ
3082 4016 3267 4082 Δαεὶδ,
3313 4016 3408 4071 καὶ
3451 4016 3636 4088 πάσης
3676 4015 3761 4084 τῆς

2190 4113 2497 4185 πραότητος
2537 4109 2723 4165 αὐτοῦ·
2766 4111 2842 4174 ὼς
2873 4109 3054 4181 ὤμοσε
3088 4109 3167 4181 τῷ
3204 4111 3418 4182 Κυρίῳ,
3465 4108 3665 4181 ηὔξατο
3691 4106 3757 4176 τῷ

2189 4204 2310 4276 Θεῷ
2346 4203 2559 4257 Ἰακώϐ·
2589 4203 2654 4256 Et
2680 4201 3055 4273 εἰσελεύσομαι
3076 4203 3157 4266 είς
3182 4204 3445 4272 σκήνωμα
3467 4201 3617 4254 οίκου
3645 4215 3754 4270 μου,

2189 4300 2239 4351 εί
2272 4297 2614 4369 ἀναϐήσομαι
2663 4297 2756 4349 ἐπὶ
2794 4294 2981 4366 κλίνης
3014 4295 3320 4367 στρωμνῆς
3355 4311 3476 4366 μου·
3526 4296 3574 4347 εί
3617 4292 3756 4346 δώσω

2193 4390 2360 4444 ὕπνον
2403 4393 2518 4454 τοῖς
2562 4389 2859 4460 ὀφθαλμοῖς
2908 4405 3031 4459 μου,
3068 4388 3161 4441 καὶ
3192 4390 3309 4450 τοῖς
3342 4386 3634 4458 βλεφάροις
3663 4399 3752 4454 μου

2189 4483 2522 4553 νυσταγμὸν,
2551 4482 2657 4544 ἕως
2689 4475 2751 4534 οὕ
2780 4480 2928 4551 εὕρω
2960 4480 3122 4534 τόπον
3154 4479 3235 4551 τῷ
3265 4481 3476 4551 Κυρίῳ,
3506 4480 3752 4549 σκήνωμα

2186 4574 2266 4646 τῷ
2294 4574 2413 4645 Θεῷ
2454 4572 2665 4627 Ἰακώϐ.
2705 4573 2836 4629 Ἰδοὺ
2860 4572 3172 4644 ἠκούσαμεν
3203 4572 3371 4643 αὐτὴν
3401 4573 3460 4624 ἐν
3505 4569 3747 4643 Ἐφραθὰ,

2188 4666 2420 4738 εὕρομεν
2450 4664 2619 4736 αὐτὴν
2648 4667 2706 4717 ἐν
2727 4667 2840 4728 τοῖς
2862 4664 3062 4727 πεδίοις
3083 4663 3178 4716 τοῦ
3206 4663 3434 4735 δρυμοῦο
3470 4661 3749 4717 εἰσελευσόο

2190 4756 2333 4828 μεθα
2376 4758 2457 4819 εἰς
2493 4755 2563 4809 τὰ
2613 4755 2947 4826 σκηνώματα
2987 4754 3175 4821 αὐτοῦ,
3208 4757 3653 4828 προσκυνήσομεν
3678 4757 3747 4817 εἰς

2183 4848 2276 4901 τὸν
2322 4848 2507 4913 τόπον,
2548 4841 2610 4901 οὕ
2654 4849 2885 4919 ἔστησαν
2929 4850 2980 4902 οί
3025 4848 3183 4912 πόδες
3225 4847 3413 4902 αὑτοῦ.
3449 4869 3469 4901 ι
3502 4844 3746 4915 Εἷθ¹ἐξῆς

2185 4940 2445 5008 ἐπιλέγει·
2462 4939 2721 4993 «Ἕνεκεν
2738 4940 2901 4994 Δαόὶδ
2921 4940 3013 4995 τοῦ
3035 4940 3220 4994 δούλου
3249 4957 3365 5004 σου,
3396 4940 3470 5012 μὴ
3496 4940 3745 5010 ἀποστρέ·

498 5026 672 5084 David
719 5046 940 5086 servum
985 5039 1162 5100 tuum,
1223 5048 1293 5089 ne
1341 5040 1561 5088 avertas
1613 5033 1804 5088 faciem
1876 5032 2079 5088 ChriSti

2217 5047 2293 5106 τις
2330 5033 2394 5085 τὸ
2432 5033 2723 5107 πρόσωπον
2753 5031 2849 5086 τοῦ
2883 5031 3119 5105 Χριστοῦ
3163 5049 3277 5087 σου.
3325 5034 3530 5103 Ὠμοσε
3559 5031 3742 5102 Κύριος

497 5123 601 5178 tui.
643 5121 857 5179 Iuravit
919 5124 1180 5180 Dominus
1255 5123 1424 5180 David
1478 5124 1787 5189 veritatem,
1857 5132 1912 5181 et
1971 5141 2081 5180 non

2217 5123 2348 5178 ,αϐὶδ
2389 5123 2669 5197 ἀλήθειαν,
2718 5127 2813 5180 καὶ
2860 5127 2923 5178 ού
2970 5127 3044 5197 μὴ
3075 5126 3356 5198 ιὰθετήσει
3409 5125 3594 5179 αὐτόν·
3658 5124 3741 5176 Ἐκ

496 5215 855 5271 frustrabitur
903 5232 1050 5282 eum,
1114 5219 1180 5273 de
1233 5216 1415 5272 fructu
1464 5218 1673 5273 ventris
1732 5218 1811 5272 tui
1879 5233 2078 5289 ponant

496 5322 665 5379 super
694 5308 880 5368 sedem
911 5316 1060 5363 tuam
1082 5310 1149 5364 ”.
1178 5329 1197 5361 ι
1228 5307 1294 5362 Ει
1317 5308 1565 5382 adjungit
1590 5310 1677 5366 his
1701 5310 1829 5364 item
1855 5310 2076 5366 dicens:

499 5417 520 5453 ι
550 5398 684 5456 Illuc
733 5401 1032 5471 producam
1081 5418 1254 5457 cornu
1305 5401 1497 5466 David,
1556 5403 1744 5473 paravi
1792 5402 2073 5458 lucernam

495 5489 719 5545 Christo
769 5507 921 5546 meo:
978 5492 1233 5548 inimicos
1278 5492 1399 5562 ejus
1444 5491 1666 5547 induant
1722 5492 2069 5555 confusione,

495 5597 662 5652 super
693 5582 872 5653 ipsum
909 5594 1090 5640 autem
1123 5585 1387 5640 elilorebit
1419 5575 1783 5639 sanctiﬁcatio
1815 5599 1932 5638 mea
1951 5583 2018 5638 “.
2048 5601 2065 5634 ι

494 5672 672 5727 Etiam
696 5674 812 5729 haec
844 5678 1127 5747 prophetia
1149 5692 1274 5732 cum
1307 5677 1588 5747 superiore
1613 5676 1931 5739 concordat,
1952 5689 2073 5748 qua!

564 5828 605 5861 "
648 5831 812 5889 Mich.
838 5849 891 5895 v,
926 5834 979 5887 5.
1054 5835 1099 5864 "
1132 5831 1275 5889 Psal.
1317 5833 1439 5898 151,
1479 5834 1583 5889 1-7.
1660 5834 1706 5866 ⁸³
1742 5832 1874 5888 ibid.
1910 5835 1996 5899 10,
2046 5836 2131 5893 Η.

2181 5213 2395 5285 καρποῦ
2420 5216 2525 5287 τῆς
2549 5217 2758 5281 κοιλίας
2784 5235 2878 5270 σου
2909 5217 3143 5290 θήσομαι
3172 5220 3266 5272 ἐπὶ
3287 5218 3380 5271 τὸν
3399 5218 3578 5290 θρόνον
3600 5231 3734 5267 coam

2178 5309 2287 5362 Καί
2310 5310 2559 5382 ἐπιφέρει
2574 5310 2783 5375 τούτοις
2803 5312 2993 5380 λέγων·
3032 5329 3051 5362 ι
3078 5312 3222 5365 Ἐκεῖ
3256 5312 3557 5379 ὲξανατελῶ
3584 5310 3739 5379 κέρας

2175 5400 2254 5470 τῷ
2294 5401 2481 5465 Δαθὶδ,
2528 5402 2801 5473 ήτοίμασα
2837 5402 3028 5473 λύχνον
3075 5402 3155 5473 τῷ
3190 5402 3411 5474 Χριστῷ
3456 5417 3583 5475 μου*
3620 5401 3738 5460 τοὺς

2174 5492 2404 5567 ἐχθροὺς
2439 5494 2606 5549 αὐτοῦ
2650 5496 2853 5549 ἐνδύσω
2891 5497 3174 5568 αἰσχύνην,
3208 5499 3299 5552 ἐπὶ
3329 5498 3387 5553 δὲ
3413 5496 3567 5553 αὑτὸν
3592 5494 3736 5559 ἔξω*

2175 5583 2331 5657 θήσει
2365 5586 2425 5639 τὺ
2459 5586 2707 5660 ἁγίασμά
2737 5604 2856 5659 μου.
2890 5608 2909 5641 t
2944 5589 3165 5661 Συνᾴδει
3196 5592 3261 5660 τῇ
3292 5590 3399 5659 πρὸ
3426 5588 3613 5657 ταύτης
3644 5584 3730 5637 καὶ

2174 5680 2209 5749 ἡ
2245 5678 2495 5751 παροῦσα
2530 5679 2853 5748 προφητεία,
2888 5682 2952 5734 ἐκ
2983 5680 3229 5753 Βηθλεὲμ
3255 5681 3347 5734 τὸν
3379 5675 3729 5753 προκηρύττό-

2210 5835 2252 5867 ⁸⁸
2290 5835 2419 5891 ibid.
2465 5834 2551 5903 l7,
2599 5834 2682 5891 18.
