3894 6528
141 426 226 484 515

990 418 1651 478 DEMONSTRATIONIS
1690 416 2155 476 EVANGELICiﬂ
2191 418 2322 475 LIB.
2366 418 2480 474 VH.

3247 428 3411 491 διδ.

142 559 277 618 μενον
299 539 428 593 Θεὸν
457 537 881 610 προελεύσεσθαι
916 539 1272 610 σημαίνουσα.
1311 538 1480 592 Τοῦτο
1512 539 1569 593 δὲ
1592 534 1684 592 οῦν

1788 535 1941 590 illum
1974 535 2169 600 Deum,
2199 537 2294 606 qui
2324 534 2614 589 nuntiatur
2641 538 3027 603 venturus,.de
3047 538 3363 602 Bcthlehem

136 634 248 692 αὐτὸ
293 634 382 686 καὶ
424 634 455 685 ό
504 630 692 697 Δαϐὶδ,
738 631 1002 703 πρότερον
1045 631 1143 701 μὲν
1182 630 1414 700 ἀγνοῶν,
1466 628 1684 701 εῦχεται

138 728 266 803 παρὰ
301 725 391 780 τοῦ
433 724 572 779 Θεοῦ
621 724 832 796 μαθεῖν,
873 721 970 778 εἶτ’
1013 723 1308 796 εὐξάμενος
1350 723 1680 778 παιδεύεται.

150 820 335 890 Ἐπειδὴ
355 817 464 888 γὰρ
483 816 749 889 τετύχηκε
776 815 1025 888 χρησμοῦ
1057 816 1147 870 τοῦ
1175 816 1311 888 πρὸς
1336 816 1496 870 αὐτὸν
1525 817 1582 868 ὲν
1606 815 1683 888 τῷ

137 913 306 985 ψαλμῷ
338 913 630 982 φήσαντος,
673 929 692 961 ι
734 910 831 963 Ἐκ
862 909 1074 980 καρποῦ
1105 909 1203 980 τῆς
1232 908 1439 971 κοιλίας
1473 925 1564 961 σου
1591 907 1684 979 θή-

144 1024 276 1077 σομαι
306 1006 395 1058 ἐπὶ
428 1004 521 1058 τὸν
548 1003 738 1075 θρόνον
767 1021 883 1067 σου,
924 1023 941 1055 ι
982 1003 1077 1057 καὶ
1106 1000 1282 1067 αὖθις,
1335 1022 1353 1055 ι
1405 1004 1552 1057 Ἐκεῖ
1596 1003 1683 1071 εξ-

137 1098 345 1153 ιινατελῶ
368 1098 537 1168 κέρας
560 1096 640 1167 τῷ
653 1096 833 1160 Δαϐὶδ,
856 1096 1126 1167 ήτοίμασα
1151 1095 1343 1167 λύχνον
1364 1096 1442 1167 τῷ
1463 1096 1681 1169 Χριστῷ

142 1210 242 1264 μου,
270 1210 287 1242 ι
314 1190 541 1252 εἰκότως
577 1188 909 1259 προσπίπτει
937 1187 1016 1259 τῷ
1047 1187 1185 1259 Θεῷ,
1222 1189 1316 1241 καὶ
1355 1188 1679 1261 προσπεσὼν

137 1280 452 1348 ἐπ’ὲδάφους
490 1278 799 1331 ποτνιᾶται·
855 1276 950 1328 ἐπὶ
1001 1276 1159 1329 πλέον
1203 1276 1259 1328 δὲ
1289 1278 1355 1347 τῇ
1402 1278 1676 1347 προσευχῇ

137 1369 527 1448 προσκαρτερῶν
552 1369 746 1439 δμνυσι
776 1367 855 1438 τῷ
882 1366 1022 1438 Θεῷ,
1060 1367 1134 1439 μὴ
1161 1367 1422 1439 πρότερον
1452 1366 1682 1420 εἰσελεύ-

138 1466 293 1519 σεσθαι
330 1464 407 1525 εἰς
452 1462 718 1531 σκήνωμα
750 1460 900 1512 οἴκου
940 1459 1128 1521 αὐτοῦ,
1171 1459 1306 1530 μηδὲ
1346 1458 1536 1512 δώσειν
1566 1461 1678 1523 τοῖς

134 1555 395 1627 ὀφθαλμοῖς
445 1553 610 1609 αὐτοῦ
659 1552 844 1616 ῦπνον,
895 1552 990 1605 καὶ
1034 1554 1145 1615 τοῖς
1184 1550 1472 1622 βλεφάροις
1510 1550 1675 1604 αὐτοῦ

134 1648 425 1718 νυσταγμὸν,
470 1646 604 1717 μηδὲ
644 1644 1010 1716 ἀναϐήσεσθαι
1042 1644 1135 1697 ἐπὶ
1168 1643 1354 1714 κλίνης
1389 1644 1677 1715 στρωμνῆς

132 1741 294 1804 αὑτοῦ,
325 1738 537 1794 κεῖσθαι
562 1738 619 1790 δὲ
650 1737 827 1808 χαμαὶ⁸
861 1736 1291 1807 προσκυνοῦντα,
1328 1736 1422 1789 καὶ
1449 1733 1677 1788 ποτνιώ-

133 1847 295 1902 μενον,
326 1829 437 1882 ἔστ’
468 1828 534 1881 ἂν
565 1827 698 1899 εῦρῃ
730 1828 893 1880 τόπον
926 1825 1002 1897 τῷ
1035 1827 1243 1897 Κυρίῳ,
1281 1826 1375 1880 καὶ
1410 1826 1675 1896 σκήνωμα

1786 644 2210 701 progressurum
2246 628 2540 701 significat.
2595 631 2777 700 lpsutn
2835 631 2940 686 hoc
2990 634 3158 704 igitur
3194 632 3364 693 David

1786 737 2023 793 quoque,
2056 721 2212 792 prius
2262 721 2482 792 quidem
2515 722 2803 792 ignorans,
2833 734 2986 795 optat
3028 727 3246 785 discere
3295 729 3363 790 ab

1787 812 1905 881 ipso
1937 810 2065 875 Deo,
2099 818 2212 865 tum
2248 826 2380 865 vero
2419 812 2509 865 tibi
2554 814 2759 882 Optavit
2802 826 3038 886 votoque
3086 820 3358 889 poposcit,

1789 904 1842 957 id
1879 904 2057 973 ipsum
2085 903 2347 968 docetur,
2379 902 2540 975 347
2572 902 2867 974 Postquam
2896 909 3044 963 enim
3077 910 3361 964 oraculum

1791 997 2025 1065 accepit,
2053 994 2198 1065 quod
2232 995 2299 1048 ad
2330 995 2508 1064 ipsum
2546 995 2600 1049 in
2633 999 2844 1068 psalmo
2875 1001 2987 1065 ait,
3027 1019 3046 1051 ι
3079 999 3152 1056 De
3177 1002 3361 1056 fructu

1783 1089 1988 1144 ventris
2019 1088 2098 1142 tui
2131 1103 2328 1159 ponam
2360 1104 2524 1157 super
2551 1089 2731 1143 sedem
2778 1098 2926 1144 tuam
2944 1100 2963 1158 ';
2990 1111 3011 1144 ι
3049 1100 3103 1148 et
3141 1109 3357 1158 rursus,

1790 1198 1807 1230 ι
1839 1178 1969 1234 llluc
2014 1180 2312 1251 producam
2354 1195 2527 1234 cornu
2584 1177 2781 1245 David,
2837 1183 3026 1253 paravi
3072 1186 3358 1240 lucernam

1782 1273 2004 1329 Christo
2035 1288 2180 1337 meo,
2214 1291 2233 1324 ι
2285 1271 2485 1327 merito
2534 1274 2845 1343 procumbit
2885 1276 2990 1346 ipsi
3022 1275 3153 1341 Deo,
3194 1286 3360 1347 atque

1785 1366 1856 1419 ita
1892 1364 2104 1419 haerens
2129 1366 2267 1427 solo,
2295 1365 2571 1434 supplicat
2594 1373 2649 1419 (ιι
2678 1374 2973 1436 precatur:
3006 1369 3223 1438 longius
3254 1384 3355 1422 au-

1784 1463 1890 1508 tcm
1923 1455 2379 1525 constantiusque
2421 1454 2489 1508 in'
2516 1455 2764 1511 oratione
2800 1472 3180 1526 perseverans,
3207 1459 3359 1529 jurat

1782 1545 1915 1609 Deo,
1968 1562 2078 1601 non
2121 1547 2275 1617 prius
2327 1563 2388 1604 se
2436 1532 2813 1621 ingressurum
2858 1551 2913 1603 in
2945 1551 3358 1605 tabernaculum

1780 1636 1977 1691 domus
2008 1651 2142 1700 suae,
2173 1652 2349 1708 neque
2394 1637 2650 1693 daturum
2690 1639 2868 1694 oculis
2911 1639 3028 1694 suis
3077 1654 3354 1703 somnum,

1779 1734 1831 1781 et
1858 1726 2133 1797 palpebris
2157 1728 2273 1783 suis
2296 1728 2761 1794 dormitationem,
2793 1744 2971 1802 neque
2992 1746 3354 1788 ascensurum

1780 1819 1833 1874 in
1882 1818 2081 1873 lectum
2114 1819 2269 1874 strati
2316 1820 2425 1885 sui,
2463 1821 2613 1875 humi
2639 1829 2871 1878 Stratum
2907 1825 3135 1894 soloque
3165 1825 3354 1880 adhae-

130 1922 194 1993 τῷ
219 1920 327 1991 Θεῷ
361 1919 580 1981 Ἰακὼϐ,
615 1917 759 1972 τοῦτ’
783 1918 927 1973 ἐστιν
949 1918 1052 1984 ἕως
1077 1918 1141 1973 ἂν
1164 1917 1331 1991 μάθῃ,
1357 1917 1447 1971 τοῦ
1470 1917 1675 1989 Κυρίου

1781 1916 2009 1975 rentem,
2040 1926 2214 1982 eoque
2265 1911 2427 1967 modo
2481 1914 2802 1969 adorantem
2850 1933 2913 1970 ac
2956 1918 3357 1987 supplicantem

130 2012 510 2085 φανερώσαντος
544 2010 713 2082 αύτῷ,
739 2010 836 2082 τὴν
858 2010 1070 2080 γένεσιν
1094 2010 1188 2065 τοῦ
1212 2009 1468 2083 Χριστοῦ*
1506 2008 1671 2074 εὖξάο

132 2121 266 2174 μενος
293 2103 368 2167 δὲ,
404 2104 499 2157 καὶ
537 2100 760 2155 τοιαῦτα
781 2096 983 2170 γνῶναι
1017 2101 1282 2171 ποθήσας,
1318 2100 1419 2153 οὐκ
1449 2101 1528 2163 είς
1565 2117 1672 2171 μα·
1714 2142 1727 2157 χ

128 2197 246 2266 κρὲιν
266 2194 340 2265 τῷ
371 2194 501 2265 θείῳ
535 2192 815 2263 Πνεύματι
836 2192 904 2245 τὰ
933 2191 1191 2263 μέλλοντα
1215 2189 1433 2246 ἔσεσθαι
1456 2190 1670 2264 θεωρεῖ,

128 2285 207 2338 τοῦ
222 2285 345 2339 Θεοῦ
376 2287 489 2347 τοῖς
520 2282 740 2346 οἰκείοις
765 2281 1229 2352 ἐπαγγειλαμένου
1256 2270 1335 2335 ἔτι
1364 2297 1428 2352 γε
1452 2281 1674 2335 λαλούν-

126 2392 216 2428 των
244 2373 653 2428 ὲπακούσεσθαι.
713 2372 1101 2437 Ἐπακουσθεὶς
1145 2372 1279 2445 δῆτα
1327 2371 1672 2437 καταξιοῦται

128 2466 340 2539 χρησμοῦ
373 2466 471 2537 τὴν
505 2465 748 2536 Βηθλεὲμ
770 2463 1163 2534 ἐπιφωνοῦντος
1187 2464 1353 2535 αὐτῷ,
1380 2465 1455 2530 ὡς
1485 2465 1551 2519 ἂν
1584 2467 1671 2518 ἐν-

129 2559 233 2612 θάδε
259 2559 409 2613 τοῦτό
442 2576 546 2611 που
575 2557 669 2611 τοῦ
706 2556 933 2629 Κυρίου,
962 2559 1057 2611 καὶ
1077 2557 1171 2612 τοῦ
1196 2556 1549 2630 σκηνώματος
1578 2557 1669 2611 τοῦ

127 2651 239 2705 Θεοῦ
294 2650 486 2705 Ἰακὼϐ
533 2649 954 2720 συστησομένου.
1012 2649 1197 2704 Ταῦτα
1239 2650 1529 2720 τοιγαροῦν
1575 2648 1670 2703 τοῦ

125 2743 247 2798 θείου
284 2744 594 2815 Πνεύματος
627 2746 685 2798 ὲν
724 2743 872 2814 αύτῷ
906 2743 1281 2806 θεσπίσαντος,
1310 2741 1472 2805 αὐτὸς
1505 2741 1670 2795 αὐτοῦ

125 2836 399 2899 ἐπακούσας
449 2836 711 2904 ἐπιλέγει·
773 2853 792 2885 ι
846 2835 974 2888 Ἰδοὺ
1021 2833 1334 2903 ἠκούσαμεν
1388 2833 1555 2905 αὐτὴν
1612 2834 1670 2885 ἐν

136 2927 363 2999 ames.
396 2946 414 2979 ι
453 2927 697 2998 Ἐφραθὰ
730 2925 787 2980 δὲ
818 2929 852 2998 ή
886 2926 1021 2998 αὐτή
1058 2928 1173 2979 ἐστι
1206 2928 1269 2997 τῇ
1305 2925 1568 2996 Βηθλεὲμ,
1595 2925 1666 2990 ώς

124 3018 256 3089 δῆλόν
285 3020 393 3071 ἐστι
426 3017 536 3070 ἀπὸ
569 3017 665 3087 τῆς
701 3016 988 3080 Γενέσεως,
1026 3016 1153 3070 ἔνθα
1180 3017 1308 3088 περὶ
1328 3016 1428 3086 τῆς
1470 3017 1671 3089 Ῥαχὴλ

126 3112 338 3181 εἴρηται,
395 3112 479 3164 ὅτι
531 3129 548 3161 ι
584 3108 830 3177 Ἕθαψαν
881 3108 1049 3179 αὐτὴν
1108 3110 1166 3162 ὲν
1216 3108 1293 3179 τῷ
1348 3108 1669 3180 ἱπποδρόμῳ

136 3199 365 3271 Ἐφραθὰ,
403 3199 543 3272 αῦτη
579 3201 697 3253 ἐστὶ
729 3200 1002 3271 Βηθλεέμ.
1042 3220 1060 3253 ι
1101 3201 1212 3253 Καὶ
1246 3202 1278 3272 ή
1323 3201 1429 3272 πρὸ
1464 3201 1667 3274 ταύτης

1778 2015 2125 2067 mansurum,
2155 2004 2330 2059 donec
2362 2005 2606 2060 inveniat
2660 2007 2839 2061 locum
2886 2006 3139 2074 Domino,
3170 2016 3224 2065 et
3266 2019 3354 2064 ta-

1777 2094 2134 2150 bernaculum
2195 2096 2304 2150 Deo
2364 2096 2557 2164 Jacob,
2604 2100 2706 2155 hoc
2781 2108 2886 2164 est,
2929 2101 3106 2155 donec
3154 2101 3354 2166 discat,

1779 2183 2012 2240 Domino
2043 2188 2152 2241 sibi
2184 2189 2485 2256 indicante,
2517 2190 2694 2261 ipsius
2727 2191 2931 2248 Christi
2963 2202 3181 2250 ortum:
3226 2210 3356 2251 cum

1760 2285 1954 2328 autem
1988 2286 2117 2330 voto
2148 2278 2200 2331 id
2233 2281 2586 2348 postulasset,
2626 2289 2680 2336 et
2711 2283 2837 2336 talia
2876 2298 3212 2355 cognoscere
3254 2301 3355 2341 ex-

1777 2367 2081 2436 petivisset,
2117 2368 2259 2423 haud
2294 2371 2367 2424 ita
2402 2373 2574 2426 multo
2607 2382 2753 2442 post,
2810 2391 2933 2445 qua:
2965 2375 3149 2431 futura
3195 2387 3355 2433 erant

1774 2457 1960 2512 divino
1990 2459 2267 2515 indicante
2302 2460 2506 2532 Spiritu
2540 2467 2963 2533 contemplatur,
2997 2470 3200 2539 quippe
3225 2485 3350 2523 cum

1758 2552 1893 2604 suis
1915 2549 2058 2605 Deus
2088 2553 2367 2622 pollicitus
2398 2555 2490 2620 sit,
2522 2572 2582 2611 se
2611 2559 2846 2628 amplius
2871 2560 3162 2630 loquentes
3182 2577 3352 2617 exau-

1773 2644 2038 2699 diturum.
2075 2646 2264 2716 Itaque
2299 2648 2377 2701 illi
2411 2648 2466 2702 in
2488 2649 2635 2703 hunc
2663 2653 2885 2705 modum
2920 2654 3201 2720 exaudito,
3233 2669 3358 2709 ora-

1773 2738 1957 2791 culum
1987 2737 2255 2803 redditur,
2309 2754 2420 2808 quo
2471 2741 2590 2811 ipsa
2639 2741 2952 2798 Bethlehem
3000 2744 3351 2813 inclamatur,

1771 2836 2031 2898 tanquam
2067 2830 2179 2885 illic
2212 2830 2369 2885 locus
2401 2831 2653 2892 Domino.
2688 2843 2745 2887 et
2785 2835 3204 2888 tabernaculum
3236 2834 3347 2889 Deo

1771 2918 1941 2973 Jacoh
1961 2922 2349 2978 constituenda
2401 2924 2530 2979 sint.
2602 2922 2728 2980 Haec
2772 2925 2941 2997 igitur
2986 2928 3078 2981 ubi
3128 2927 3351 2984 divinus

1774 3015 2013 3084 Spiritus
2040 3017 2183 3088 apud
2214 3032 2272 3072 se
2306 3018 2483 3087 ipsum
2512 3018 2736 3085 cecinit,
2768 3020 2881 3089 ipse
2904 3021 3149 3090 seipsum
3182 3035 3354 3075 exau-

1771 3104 1929 3160 diens
1980 3107 2250 3177 adjungit,
2281 3127 2300 3159 ›
2338 3107 2475 3163 Ecce
2504 3109 2815 3166 audivimus
2842 3127 2959 3165 eam
2994 3111 3047 3165 in
3078 3110 3349 3182 Ephrata:

1777 3211 1797 3243 ι
1828 3194 2065 3266 Ephrata
2096 3214 2229 3253 vero
2278 3199 2469 3254 eadem
2521 3208 2604 3255 est
2640 3208 2695 3255 et
2730 3200 3044 3256 Bethlehem
3073 3218 3087 3267 ;
3121 3203 3265 3258 sieut
3295 3202 3350 3255 iu

125 3288 169 3339 δὲ
194 3294 416 3362 περιεῖχε
452 3291 777 3362 προφητεία·
812 3310 830 3340 ι
866 3291 977 3344 Καὶ
1010 3291 1097 3353 σὺ,
1133 3290 1379 3362 Βηθλεὲμ
1405 3287 1551 3356 οῗκος
1574 3294 1666 3346 τοῦ

1773 3291 1972 3346 Genesi
2024 3299 2263 3355 constat,
2302 3292 2395 3347 ubi
2450 3293 2516 3347 de
2546 3292 2751 3349 Rachel
2796 3294 3006 3348 dictum
3057 3302 3185 3350 est:
3221 3314 3240 3347 ι
3284 3295 3352 3349 Ει

134 3380 360 3450 Ἑφραθά.
398 3403 520 3434 ι-ι
546 3384 697 3445 Ἰδοὺ,
727 3383 910 3453 φησὶν,
940 3402 959 3433 ι
990 3381 1301 3453 ἠκούσαμεν
1317 3384 1502 3455 αύτήνο
1533 3404 1548 3436 ι
1575 3385 1669 3454 δῆ-

123 3471 196 3524 λον
224 3475 261 3527 δ’
290 3476 366 3527 ὅτι
400 3475 499 3547 τὴν
527 3474 620 3527 τοῦ
650 3471 886 3545 Χριστοῦ
918 3473 1151 3541 γένεσιν,
1179 3475 1272 3527 καὶ
1299 3472 1396 3543 τὴν
1416 3473 1511 3527 τοῦ
1533 3473 1667 3528 Θεοῦ

136 3564 297 3618 Ἰακὼϐ
328 3568 761 3638 κατασκήνωσιν.
809 3566 965 3619 Ποῖον
996 3565 1040 3617 δ’
1091 3565 1156 3619 ἂν
1192 3565 1278 3637 εἴη
1312 3564 1371 3618 τὸ
1407 3568 1673 3638 σκήνωμα

124 3657 200 3709 τοῦ
236 3658 359 3712 Θεοῦ
414 3657 611 3712 Ἰακὼϐ
649 3658 683 3730 ἢ
713 3658 774 3712 τὸ
807 3658 964 3729 σῶμα
995 3657 1088 3711 τοῦ
1124 3657 1359 3729 Χριστοῦ
1397 3658 1458 3712 τὸ
1502 3661 1559 3711 ἐν
1592 3657 1671 3729 τῷ

125 3751 246 3821 τόπῳ
271 3752 363 3823 τῆς
392 3751 641 3823 Βηθλεὲμ
664 3751 1058 3823 γεγεννημένον
1078 3768 1092 3817 ;
1116 3752 1173 3803 ὲν
1199 3742 1241 3819 ᾧ
1268 3751 1342 3815 ὡς
1364 3754 1422 3804 ἐν
1456 3749 1670 3823 σκηνώ-

127 3859 250 3912 ματι,
292 3847 323 3917 ἡ
365 3844 558 3915 θεότης
588 3844 682 3897 τοῦ
727 3842 1061 3914 Μονογενοῦς
1102 3844 1507 3914 κατεσκήνωσε.
1558 3843 1668 3914 Οὐχ

126 3935 283 4001 ἁπλῶς
315 3936 372 3989 δὲ
425 3933 585 4001 Θεοῦ,
635 3935 772 3989 ἀλλὰ
825 3934 964 4005 μετὰ
1009 3934 1326 4007 προσθήκης
1377 3934 1473 4005 τῆς
1519 3953 1536 3982 ε
1575 3933 1668 3986 τοῦ

125 4026 234 4080 θεοῦ
276 4027 484 4093 Ἰακὼϐ,
527 4048 545 4079 ι
581 4028 799 4097 λέγεται
828 4028 890 4081 τὸ
915 4030 1180 4100 σκήνωμα
1212 4025 1371 4093 εἶναι,
1396 4027 1484 4082 διὰ
1508 4027 1568 4081 τὸ
1592 4027 1667 4098 μή

125 4118 227 4171 illo
244 4115 446 4174 εἶναιτὸ
468 4120 757 4191 σκήνῶσαν
792 4123 848 4174 ὲν
887 4119 1034 4191 αύτῷ
1064 4121 1097 4191 ἢ
1132 4121 1221 4173 τὸν
1252 4120 1332 4192 τῷ
1378 4119 1571 4173 Ἰακὼϐ
1607 4122 1667 4173 ὲν

126 4205 376 4280 ἀνθρώπου
407 4210 539 4264 εἴδει
573 4210 668 4263 καὶ
703 4210 1185 4282 σχήματιόφθέντα
1214 4211 1367 4275 Θεὸν,
1394 4211 1460 4264 δι’
1490 4211 1549 4264 ὃν
1571 4212 1667 4264 καὶ

126 4295 204 4365 τῆς
231 4298 315 4351 ἐπὶ
334 4299 410 4370 τῷ
426 4301 642 4373 Ἰσραὴλ
662 4319 911 4371 προσωνυ
920 4302 1046 4373 μίας
1068 4301 1297 4375 ἠξιώθη,
1320 4303 1474 4371 ὀρῶν
1495 4305 1663 4357 Θεῶν

124 4387 253 4442 τοῦτο
278 4391 381 4464 γὰρ
406 4391 768 4465 ἑρμηνεύεται
786 4392 848 4445 τὸ
868 4392 1037 4464 ὄνομα
1067 4392 1544 4465 προσαγορευθείς*
1567 4392 1666 4446 οὐκ

126 4478 252 4534 ἄλλον
270 4483 322 4536 δὲ
345 4485 472 4539 ὄντα
505 4484 598 4538 τοῦ
621 4484 755 4538 Θεοῦ
780 4485 955 4555 Λόγου
982 4484 1074 4538 τὸν
1107 4485 1184 4557 τῷ
1219 4484 1409 4540 Ἰακὼϐ
1432 4484 1666 4555 ὀφθέντα

127 4575 171 4625 ἐν
194 4580 293 4641 τοῖς
334 4577 571 4655 πρώτοις
610 4578 710 4648 τ’ής
756 4579 894 4650 μετὰ
937 4582 1128 4650 χεῖρας
1171 4578 1478 4643 ὑποθέσεως
1525 4596 1665 4651 παρ-

1771 3386 2107 3455 sepelierunt
2160 3400 2280 3440 eam
2310 3385 2367 3439 in
2410 3385 2772 3455 hippodromo
2831 3386 3090 3458 Ephrata,
3125 3389 3239 3443 haec
3265 3398 3352 3444 est

1770 3475 2084 3531 Bethlehem
2108 3476 2176 3529 ⁸⁸.
2270 3475 2380 3528 »Ει
2432 3478 2685 3546 superior
2751 3479 3065 3546 prophetia.
3110 3478 3352 3534 habebat

1774 3566 1906 3622 illud
1929 3585 1943 3621 :
1975 3585 1993 3617 ι
2016 3566 2083 3619 Et
2113 3575 2171 3621 tu
2198 3565 2509 3621 Bethlehetn
2538 3568 3051 3639 domusEphrata.»
3075 3588 3172 3620 -ι
3190 3570 3347 3635 Ecce,

1777 3657 1979 3727 inquit,
2030 3657 2342 3712 audivimus
2374 3673 2494 3711 eam
2544 3658 2626 3712 "z
2667 3677 2685 3709 ι
2717 3667 2932 3713 constat
2986 3669 3164 3714 autem
3202 3662 3349 3730 quod

1769 3764 1866 3818 per
1894 3748 2026 3802 illud
2069 3763 2190 3803 eam
2223 3747 2432 3804 Christi
2461 3749 2731 3820 originem
2762 3751 3040 3821 intelligit,
3071 3759 3125 3806 et
3170 3753 3348 3823 ipsius

1769 3841 1863 3897 Dei
1886 3841 2075 3905 Jacob,
2112 3840 2529 3896 habitationem.
2569 3841 2673 3896 Sed
2691 3858 2812 3912 quae
2838 3844 3057 3897 tandem
3085 3844 3198 3898 haec
3227 3842 3320 3898 fue

1766 3938 1832 3989 rit
1869 3936 2135 3990 habitatio
2180 3935 2270 3991 Dei
2298 3933 2490 4003 Jacob,
2525 3936 2631 3992 nisi
2661 3938 2835 4007 ipsius
2872 3937 3078 3993 Christi
3110 3954 3338 4009 corpus.

1767 4028 1913 4098 quod
1974 4028 2031 4082 in
2083 4026 2399 4082 Bethlehem
2450 4034 2637 4081 natum
2684 4034 2789 4092 est,
2822 4028 2875 4081 in
2926 4044 3036 4098 quo
3081 4037 3342 4099 tanquam

1768 4116 1822 4169 in
1854 4116 2229 4179 tabernaculo,
2263 4117 2410 4170 unici
2445 4116 2538 4169 lilii
2568 4115 2835 4172 divinitas
2868 4119 3174 4173 habitavit?
3227 4119 3342 4174 Ca,-

1776 4217 1956 4262 temm
2006 4222 2115 4260 non
2176 4207 2500 4275 simpliciter
2543 4206 2660 4269 Dei.
2713 4209 2807 4264 sed
2866 4225 2990 4263 cum
3042 4210 3342 4272 additione.

1773 4318 1792 4351 ι
1817 4298 1911 4353 Dei
1935 4296 2107 4353 Jacob
2121 4298 2164 4329 ⁸⁷
2202 4315 2222 4347 ι
2252 4298 2669 4351 tabernaculum
2697 4314 2818 4354 esse
2833 4300 3056 4362 dicitur,
3092 4307 3344 4369 propter-

1767 4406 1831 4448 ea
1882 4388 2025 4461 quod
2058 4403 2169 4443 non
2214 4387 2363 4443 aliud
2406 4388 2478 4444 sit
2508 4391 2807 4459 quidquam
2840 4390 2987 4460 quod
3021 4392 3075 4445 in
3116 4391 3208 4444 illo
3238 4391 3341 4444 ha-

1766 4483 1922 4547 bitet,
1960 4496 2124 4552 quam
2157 4480 2206 4536 is
2233 4479 2377 4536 Deus
2405 4482 2499 4551 qui
2540 4481 2643 4551 ipsi
2670 4480 2839 4538 Jacob
2865 4482 2920 4536 in
2952 4481 3190 4537 hominis
3218 4497 3342 4550 spe-

1767 4578 1851 4631 cie
1881 4591 1945 4631 ac
1980 4574 2151 4646 ﬁgura
2182 4574 2254 4629 sit
2279 4575 2452 4631 visus.
2487 4576 2662 4646 Cujus
2690 4592 2823 4631 sane
2846 4577 3021 4647 gratia
3048 4575 3144 4630 illo
3174 4576 3338 4630 etiam

128 4670 415 4741 εετήσαμεν.
463 4669 705 4742 Ἐδείχθη
737 4669 1023 4743 τοιγαροῦν
1056 4671 1134 4742 τῷ
1165 4671 1330 4725 Δαϐὶδ
1360 4671 1660 4743 εὐξαμένῳ,

1773 4667 2096 4738 cognomine
2153 4665 2317 4723 Israel
2345 4668 2543 4739 dignus
2592 4676 2676 4725 est
2727 4669 2967 4736 habitus,
3004 4676 3261 4738 tanquam
3293 4670 3342 4722 is

127 4758 203 4811 καὶ
230 4760 512 4834 ποθήσαντι
536 4760 628 4815 τοῦ
655 4761 857 4833 Κυρίου
882 4765 978 4815 καὶ
998 4762 1131 4815 Θεοῦ
1168 4761 1361 4816 Ἰακὼϐ
1382 4760 1474 4818 τὸν
1498 4764 1662 4817 τόπον

128 4848 203 4901 καὶ
232 4851 286 4905 τὸ
323 4855 586 4925 σκήνωμα
618 4853 819 4925 εὑρεῖν,
862 4854 891 4906 ό
921 4854 1013 4907 ἐπὶ
1056 4853 1156 4924 τῆς
1189 4853 1447 4927 Βηθλεὲμ,
1478 4855 1661 4918 τόπος·

128 4938 281 5016 διόπερ
306 4944 492 5008 είπὼν,
522 4965 540 4996 ι
579 4944 708 4999 Ἰδοὺ
730 4943 1042 5016 ἠκούσαμεν
1062 4945 1229 5017 αὐτὴν
1260 4946 1317 4998 ὲν
1349 4945 1609 5017 Ἐφραθὰ,
1636 4965 1655 4999 ι

130 5034 337 5109 ἐπιφέρει
366 5037 562 5108 λέγων·
604 5058 620 5089 ι
644 5038 1117 5109 Προσκυνήσωμεν
1150 5040 1228 5102 εἰς
1260 5034 1351 5091 τὸν
1383 5038 1548 5091 τόπον
1598 5031 1659 5092 οὗ

126 5122 321 5197 ἔστησαν
357 5131 405 5182 οἱ
448 5128 608 5191 πόδες
637 5126 818 5182 αὐτοῦ.
850 5147 869 5180 ι
900 5128 1095 5199 Σαφῶς
1133 5127 1422 5202 τοιγαροῦν
1469 5131 1563 5183 καὶ
1603 5131 1660 5185 ἐν

125 5213 297 5281 τούτοις
322 5221 377 5272 ὲν
406 5221 472 5290 τῇ
515 5218 780 5291 Ἐφραθὰ,
811 5219 931 5289 ἥτις
965 5218 1113 5273 ἐστὶν
1148 5221 1181 5290 ή
1209 5218 1474 5291 Βηθλεὲμ,
1500 5222 1663 5287 αὐτὸς

122 5304 347 5378 ὀΚύριος
371 5310 464 5362 καὶ
494 5307 626 5373 Θεὸς
663 5308 855 5362 Ἰακὼϐ
885 5308 1046 5363 τόπον
1076 5309 1252 5381 ἑαυτῷ
1276 5311 1369 5363 καὶ
1398 5312 1663 5384 σκήνωμα

125 5400 444 5473 συστήσεσθαι
468 5400 889 5473 προεφήτεύετο,
913 5401 1209 5473 ὁμοφώνως
1228 5403 1293 5473 τῇ
1316 5401 1409 5455 τοῦ
1428 5403 1659 5473 Μιχαίου

123 5495 387 5568 προφητείᾳ
432 5486 687 5565 φησιΞσῃδ
746 5512 764 5546 ι
793 5494 904 5548 Καὶ
948 5495 1035 5558 σὺ,
1096 5490 1342 5566 Βηθλεὲμ
1377 5490 1522 5558 οἶκος
1566 5495 1658 5549 τοῦ

131 5581 358 5656 Ἐφραθὰ,
392 5590 460 5643 ὲκ
490 5588 584 5642 σοῦ
623 5605 711 5661 μοι
744 5586 1081 5655 ἐξελεύσεται
1122 5586 1442 5661 ⁴ἡγούμενος,
1480 5591 1575 5643 καὶ
1601 5590 1660 5644 αἱ

120 5673 259 5741 [ierim
299 5679 462 5736 αὐτοῦ
494 5681 590 5737 ἀπ’
629 5680 805 5754 ἀρχῆς
834 5680 895 5748 εξ
930 5680 1154 5756 ἡμερῶν
1191 5681 1404 5747 αἰῶνος*
1462 5701 1483 5736 ι
1515 5682 1661 5756 ἅπερ

1766 4761 1862 4832 qui
1896 4760 2065 4815 Deum
2099 4760 2329 4825 viderit;
2362 4775 2489 4815 nam
2537 4760 2591 4815 id
2620 4775 2821 4815 nomen
2848 4760 2894 4815 si
2938 4758 3336 4830 interpreteris,

1766 4870 1913 4916 eum,
1950 4854 2039 4925 qui
2076 4852 2238 4907 Deum
2287 4852 2482 4915 videat,
2537 4853 2797 4909 habebis:
2849 4850 3000 4922 quod
3056 4866 3190 4906 vero
3228 4865 3338 4905 non

1766 4947 1910 5000 alius
1939 4946 2012 5000 sit
2040 4961 2204 5016 quam
2244 4944 2389 5000 Deus
2423 4934 2684 5014 Verbum,
2716 4946 2809 5017 qui
2850 4944 2952 5016 ipsi
2992 4943 3163 4999 Jacob
3189 4944 3340 4998 visus

1766 5038 1858 5101 sit,
1898 5038 1953 5092 in
1988 5037 2218 5106 hujusce
2259 5036 2443 5106 operis
2464 5037 2782 5108 primordiis
2812 5039 3332 5093 demonstravimus.

1766 5128 2023 5183 Precanti
2070 5143 2200 5198 ergo
2231 5125 2423 5194 David,
2456 5136 2511 5183 et
2555 5128 2738 5184 videre
2787 5128 3023 5198 cupienti
3059 5128 3238 5181 locum
3270 5140 3337 5184 ac

1767 5221 2184 5275 tabernaculum
2215 5220 2426 5274 Domini
2474 5219 2679 5292 Deique
2724 5219 2915 5285 Jacob,
2955 5221 3071 5289 ipse
3116 5218 3338 5275 Bethle-

1768 5314 1891 5370 hem
1954 5314 2106 5368 locus
2150 5322 2407 5370 ostensus
2458 5321 2576 5369 est;
2629 5312 2794 5384 348
2835 5324 3169 5383 quapwpter
3209 5325 3333 5367 cum

1764 5404 2017 5468 dixisset,
2053 5422 2072 5456 ι
2100 5403 2237 5460 Ecce
2267 5403 2576 5460 audivimus
2612 5419 2730 5459 eam
2761 5420 2823 5458 in
2836 5403 3335 5475 Ephrata,iadjun-

1765 5496 1845 5568 git
1885 5495 2116 5550 dicens:
2155 5513 2175 5547 ι
2214 5494 2518 5551 Adoremus
2558 5496 2762 5552 inloco
2812 5496 2904 5551 ubi
2940 5504 3209 5553 Steterunt
3243 5512 3338 5568 pe-

1765 5590 1863 5645 des
1889 5588 2009 5659 ejus
2027 5588 2095 5642 ”.
2120 5607 2139 5641 ι
2181 5587 2509 5645 Planissime
2534 5591 2698 5661 igitur
2728 5592 2785 5646 in
2835 5590 2922 5647 his
2947 5607 3166 5662 quoque
3208 5607 3336 5650 ver-

1766 5681 1853 5738 his
1884 5682 1941 5738 in
1964 5681 2224 5756 Ephrata,
2251 5698 2372 5757 qua:
2420 5690 2506 5741 est
2548 5682 2884 5751 Bethlehem,
2913 5686 3032 5756 ipse
3071 5684 3338 5743 Dominus

174 5881 216 5916 ⁸⁸
238 5880 366 5945 Gen.
398 5901 569 5953 xxxv,
602 5883 691 5941 i9.
766 5885 812 5919 "
847 5884 992 5942 Psal.
1020 5899 1206 5953 cxnt,
1240 5885 1293 5942 6.
1369 5887 1413 5925 ⁸⁷
1439 5885 1575 5942 ibid.
1606 5884 1660 5939 5.
1736 5884 1757 5916 ⁸
1799 5882 1937 5943 ibid.
1980 5885 2030 5941 7.
