3894 6502
472 458 479 466 ·
539 406 645 503 διά

1208 402 1473 493 EUSEBll
1508 402 1988 489 c£sameusns
2029 429 2121 486 or

2223 428 2405 484 PARS
2442 424 2506 483 ll.
2531 457 2599 468 —
2616 423 3117 481 APOLOGETICA.

3685 425 3783 481 548

540 575 607 615 ac
630 557 771 612 Dcus
796 554 963 609 Iacob
999 554 1177 606 locum
1216 550 1321 606 sibi
1361 564 1424 604 ac
1457 547 1875 603 tabernaculum
1907 546 2114 601 consti-

2223 544 2417 616 ἀρτίως
2448 542 2800 610 ἐξετάσαντες
2824 540 3139 611 ἐδείκνυμεν
3168 524 3541 612 ἀναφέρεσθαι
3570 542 3677 596 οὐδ’
3705 546 3783 615 ἐφ’

539 659 762 708 tuturus
789 649 1028 706 canitur,
1060 643 1205 715 quod
1235 643 1415 714 ipsum
1449 657 1574 696 cum
1608 639 1845 695 Michaeae
1882 638 2119 709 pmphe-

542 745 614 797 tia
646 738 943 794 concordat
978 734 1194 789 dicente
1228 752 1241 787 :
1299 750 1319 783 ι
1350 730 1414 784 Ει
1448 739 1527 797 ιιι,
1563 729 1876 784 Bethlehem
1922 727 2118 782 domus

540 832 839 906 Ephratha.
875 828 953 882 Ex
983 834 1036 882 te
1065 826 1198 880 mihi
1231 825 1545 896 egredietur
1586 822 1726 876 dux:
1764 828 1818 877 et
1861 835 2119 891 egressus

539 929 659 998 ejus
694 925 762 979 ab
794 923 950 977 initio
975 937 1040 975 ex
1064 921 1258 975 diebus
1280 918 1501 983 saeculi;
1528 936 1546 968 ι
1582 932 1703 987 qua:
1722 931 1845 969 cum
1874 914 2121 985 proxime

541 1040 938 1092 scrutaremur,
981 1024 1320 1081 ostendimus
1353 1024 1421 1078 ad
1451 1025 1660 1077 nullum
1693 1024 1858 1078 alium
1882 1039 2003 1077 esse
2034 1037 2121 1077 re-

543 1122 787 1188 ferenda,
818 1136 980 1191 quam
1018 1119 1085 1172 ad
1124 1134 1291 1172 unum
1345 1116 1679 1172 Salvatorem
1724 1132 1786 1171 ac
1831 1115 2118 1170 Dominum

543 1229 791 1271 nostrum
838 1214 1027 1269 Jesum
1078 1213 1169 1283 qui
1220 1212 1471 1265 Christus
1523 1221 1605 1265 est
1645 1208 1761 1271 Dei,
1814 1210 2016 1279 quique
2066 1209 2118 1263 iu

544 1311 885 1372 Bethlehem,
911 1309 1057 1363 sicut
1083 1306 1383 1376 prephctize
1414 1303 1799 1372 praedixerant,
1833 1312 1992 1355 natus
2015 1308 2114 1355 est.

542 1401 765 1457 Nullum
819 1401 964 1455 enim
1013 1400 1178 1452 alium
1228 1398 1499 1467 quispiam
1554 1409 1793 1464 unquam
1844 1393 2117 1455 ostendet,

528 1487 639 1566 qui
694 1496 819 1549 inde
858 1507 981 1547 cum
1018 1494 1188 1561 gloria
1232 1501 1348 1560 post
1402 1491 1575 1558 ipsius
1634 1487 1931 1556 prophetia.-
1985 1496 2121 1538 tem-

546 1570 687 1658 pora.
707 1584 1010 1655 prodierit:
1043 1585 1227 1638 nullus
1257 1584 1401 1637 enim
1440 1596 1615 1650 neque
1642 1596 1757 1641 rex,
1789 1594 1963 1649 neque
1996 1593 2122 1648 pro-

545 1681 735 1752 pheta,
768 1693 946 1747 neque
993 1677 1136 1731 alius
1175 1675 1449 1745 quispiam
1486 1686 1675 1726 eorum
1708 1669 1801 1739 qui
1840 1668 1982 1740 apud
2017 1668 2123 1724 He-

544 1771 722 1826 braeos
759 1767 869 1823 Deo
904 1767 1065 1820 amici
1106 1765 1328 1825 fuerint,
1367 1774 1563 1833 praeter
1598 1779 1763 1817 unum
1787 1760 2121 1816 Salvatorem

547 1876 613 1915 ac
646 1859 934 1914 Dominum
965 1865 1215 1911 nostrum
1250 1856 1344 1926 qui
1377 1856 1629 1910 Christus
1663 1864 1745 1908 est
1770 1853 1885 1917 Dei,
1910 1861 2119 1905 utrum-

551 2057 752 2118 David.
784 2068 837 2112 et
864 2058 1007 2126 quod
1036 2056 1091 2110 in
1122 2071 1187 2111 eo
1219 2056 1339 2110 loco
1373 2057 1444 2110 sit
1472 2063 1656 2109 natus.
1690 2052 1928 2124 Tempus
1960 2052 2124 2123 igitur

543 2154 658 2224 jam
685 2161 767 2208 est
796 2160 856 2207 ut
882 2153 1032 2205 illum
1076 2152 1255 2221 ipsum
1297 2164 1418 2204 esse
1455 2163 1566 2203 non
1609 2148 1776 2201 alium
1812 2148 2123 2217 quempiam

550 2245 843 2307 fateamur,
867 2245 959 2313 qui
985 2245 1040 2297 in
1073 2244 1160 2296 his
1191 2242 1522 2311 propheticis
1550 2240 1733 2295 verbis
1764 2239 2123 2310 signiﬁcatur,

547 2335 939 2405 evidenterque
995 2336 1048 2388 in
1083 2334 1151 2389 iis
1200 2350 1321 2404 qua:
1360 2340 1669 2403 sequuntur
1696 2332 1948 2388 eumdem
1979 2334 2125 2401 psal-

549 2442 720 2488 mum,
740 2426 867 2481 durn
894 2426 1213 2481 nominatim
1234 2426 1515 2480 Christum
1540 2425 1796 2495 appellat,
1819 2425 1923 2480 hoc
1944 2425 2124 2494 ipsum

549 2517 860 2580 ostendere,
899 2517 991 2570 ubi
1037 2517 1143 2570 ait:
1180 2534 1198 2567 ι
1224 2514 1457 2586 Propter
1485 2515 1654 2570 David
1699 2532 1920 2571 servum
1946 2525 2121 2584 tuum,

549 2624 620 2664 ne
648 2618 863 2664 avertas
895 2607 1087 2663 faciem
1114 2608 1320 2663 Christi
1356 2609 1435 2661 tui
1455 2608 1521 2660 '9.
1548 2607 1651 2661 »Ει
1684 2624 1911 2664 rursus:
1954 2626 1972 2658 ι
1994 2607 2126 2664 Illuc

548 2699 852 2770 producam
881 2716 1054 2753 cornu
1088 2699 1290 2754 David:
1339 2701 1526 2769 paravi
1575 2700 1854 2755 lucernam
1904 2699 2125 2755 Christo

552 2806 694 2847 meo.
760 2789 1020 2845 Inimicos
1081 2790 1202 2859 ejus
1269 2791 1492 2846 induam
1563 2791 1907 2851 confusione.
1961 2806 2127 2862 super

553 2884 733 2953 ipsum
780 2890 961 2937 autem
992 2883 1260 2937 emorebit
1294 2884 1660 2939 sanctificatio
1707 2899 1826 2937 mea
1846 2884 1915 2939 ’°.
1945 2902 1963 2936 ι
2018 2884 2124 2939 Sed

554 2974 647 3026 ubi
676 2971 895 3027 tandem
950 2973 1026 3025 ait
1050 2988 1109 3027 se
1148 2974 1542 3043 producturum
1579 2991 1752 3030 cornu
1784 2975 1975 3042 David,
2017 2977 2125 3034 nisi
2160 2991 2167 2997 '

554 3063 611 3117 in
642 3063 953 3120 Bethlehem
984 3074 1146 3135 atque
1172 3067 1226 3120 in
1255 3065 1573 3136 Ephratha?
1610 3067 1738 3123 lnde
1772 3071 1918 3124 enim
1952 3085 2125 3124 cornu

552 3156 727 3211 David
756 3156 1012 3212 Christus
1057 3168 1329 3228 quatenus
1370 3161 1437 3215 ad
1467 3172 1719 3215 naturam
1753 3164 1987 3232 pertinet
2032 3163 2128 3217 hu-

553 3277 792 3326 manam,
827 3265 983 3333 quasi
1016 3265 1209 3334 ingens
1241 3265 1424 3320 lumen
1454 3275 1706 3321 exortum
1737 3276 1844 3322 est.
1872 3266 1973 3323 Hic
1994 3268 2124 3324 item
2153 3265 2195 3324 C

551 3353 754 3409 Christi
790 3355 1010 3410 lucerna
1033 3355 1102 3410 ab
1134 3358 1254 3426 ipso
1277 3356 1386 3412 Deo
1417 3359 1654 3413 universi
1684 3369 1984 3430 pneparata
2007 3370 2119 3417 est:

553 3443 720 3498 fuerit
750 3453 929 3500 autem
977 3446 1092 3500 haec
1122 3448 1345 3503 lucerna
1372 3450 1528 3517 quasi
1564 3450 1919 3521 intelligihilis
1962 3452 2121 3517 lucis,

551 3532 850 3588 humanum
901 3550 1125 3604 corpus,
1170 3552 1265 3606 per
1307 3539 1454 3608 quod
1484 3539 1660 3594 instar
1699 3543 1923 3596 testacei
1955 3544 2121 3608 vasis,

547 3628 810 3694 tanquam
845 3641 942 3695 per
987 3628 1288 3692 lucernam,
1326 3630 1532 3700 preprii
1577 3631 1803 3687 luminis
1835 3633 2020 3689 radios
2067 3635 2121 3688 in

549 3728 763 3779 omnes,
799 3717 1117 3787 quicunque
1150 3719 1455 3788 ignorantia
1489 3719 1587 3776 Dei
1618 3730 1671 3777 et
1713 3724 2001 3792 profundis
2043 3732 2124 3780 te-

550 3806 734 3861 nebris
768 3808 1176 3876 premebantur,
1205 3811 1408 3865 emisit.
1447 3811 1658 3868 Etenim
1703 3817 1757 3868 in
1787 3815 1872 3871 his
1904 3831 2123 3887 quoque

548 3896 915 3952 demonstrari
932 3900 1250 3969 planissime
1263 3904 1501 3958 arbitror
1524 3903 1692 3960 Deum
1713 3905 1904 3971 Iacob,
1930 3910 2024 3979 qui
2055 3910 2124 3964 ab

549 3987 706 4042 initio
728 3995 781 4044 et
796 4005 863 4044 ex
882 3991 1077 4046 diebus
1100 3994 1285 4049 saeculi
1302 3996 1541 4063 exsistit,
1561 3998 1629 4052 ad
1651 3999 1899 4058 homines
1924 4012 2121 4058 ventu-

549 4091 760 4144 rum,et
782 4082 1052 4138 oriturum
1076 4101 1185 4142 non
1208 4089 1336 4143 alibi
1367 4097 1633 4147 terrarum
1652 4108 1815 4163 quam
1842 4095 1896 4149 in
1918 4094 2124 4152 Bethle-

525 4170 670 4255 ‘hem
696 4172 838 4238 loco,
861 4175 954 4245 qui
971 4191 1079 4231 non
1099 4182 1292 4249 procul
1316 4182 1385 4237 ab
1408 4182 1799 4257 Hierosolymis
1814 4186 1974 4242 hodie
1987 4205 2124 4258 quo-

547 4277 653 4331 que
671 4262 890 4332 visitur,
919 4269 1011 4323 ubi
1027 4285 1159 4326 sane
1175 4287 1284 4327 non
1300 4274 1441 4330 alius
1458 4283 1580 4346 post
1592 4277 1977 4347 prophetarum
1991 4288 2125 4334 tem-

546 4368 679 4423 pora
702 4355 950 4425 illustris,
967 4369 1021 4415 et
1041 4363 1185 4432 apud
1204 4380 1397 4422 omnes
1419 4367 1669 4425 homines
1681 4372 1852 4441 gloria
1865 4372 2120 4438 celebris,

546 4458 713 4533 3&9
741 4478 905 4532 quam
937 4482 1079 4522 unus
1115 4466 1278 4525 Iesus
1306 4470 1560 4529 Christus
1594 4475 1664 4530 ab
1711 4477 1968 4532 omnibus
2001 4477 2122 4546 ejus

548 4550 655 4604 loci
686 4554 882 4609 incolis
912 4556 1028 4626 (qui
1063 4560 1285 4629 quidem
1332 4561 1413 4616 sic
1442 4577 1566 4617 cum
1597 4567 1928 4636 evangelicis
1970 4569 2121 4622 voci-

548 4640 654 4697 bus
680 4647 1037 4719 concordant)
1078 4659 1242 4707 natus
1285 4667 1408 4707 esse
1436 4654 1771 4723 perhibetur.
1805 4657 1900 4711 Est
1940 4667 2119 4712 autem

552 4732 891 4803 Bethlehem,
940 4755 1006 4794 ex
1037 4742 1508 4813 interpretatione,
1547 4746 1735 4802 domus
1774 4752 1950 4819 panis,
2002 4769 2122 4822 qua:

551 4826 633 4881 sic
676 4830 896 4898 quidem
942 4831 1186 4901 ejusdem
1240 4843 1326 4891 cst
1360 4839 1598 4894 nominis
1642 4854 1767 4894 cum
1816 4857 1881 4897 eo
1917 4846 2009 4914 qui
2052 4845 2119 4901 de

552 4918 670 4988 ipsa
703 4922 976 4989 profectus
1020 4934 1131 4987 est.
1170 4926 1453 4985 Salvatore
1504 4940 1714 4998 nostro,
1763 4936 1852 5004 qui
1889 4953 2013 4991 cum
2047 4940 2118 4993 sit

552 5008 648 5064 Dei
690 5010 929 5068 Verbum
972 5022 1028 5070 ct
1063 5018 1225 5082 ratio,
1276 5020 1594 5076 animalium
1629 5024 1978 5081 rationalium
2033 5038 2116 5083 est

550 5100 891 5159 alimentum.
950 5102 1123 5171 Quam
1169 5122 1284 5163 rem
1329 5112 1446 5180 ipse
1490 5127 1707 5183 quoque
1755 5114 2114 5183 demonstrat,

550 5192 643 5247 ubi
684 5194 791 5249 ait:
821 5212 841 5245 ι
870 5194 982 5267 Ego
1012 5212 1132 5253 sum
1159 5200 1317 5268 panis
1345 5203 1434 5271 qui
1471 5204 1538 5258 de
1560 5207 1700 5262 coelo
1727 5208 1982 5263 descendi
2001 5211 2065 5265 ⁹¹.
2091 5231 2111 5264 ι

550 5282 751 5341 Verum
797 5292 1056 5359 quoniam
1102 5293 1217 5348 haec
1267 5296 1455 5352 eadem
1507 5298 1679 5368 ipsius
1731 5300 1899 5356 David
1944 5302 2115 5373 patria

548 5376 670 5444 fuit,
697 5381 893 5435 merito
914 5382 1009 5452 qui
1038 5387 1249 5442 ratione
1268 5387 1517 5442 humana:
1540 5396 1746 5445 natura:
1771 5392 1937 5448 David
1968 5396 2113 5452 lilius

548 5481 672 5548 fuit,
691 5500 757 5540 ex
779 5484 883 5542 hoc
917 5486 1038 5558 ipso
1060 5489 1182 5545 loco
1210 5491 1490 5562 profectus
1514 5501 1619 5559 est,
1650 5496 1705 5549 in
1739 5512 1807 5552 eo
1835 5513 1966 5555 sane
1986 5516 2110 5557 cum

545 5576 882 5650 propheticis
925 5582 1269 5639 concordans
1314 5586 1551 5643 oraculis
1596 5605 1610 5640 :
1652 5588 1836 5661 itaque
1878 5594 2112 5651 obscura

540 5680 669 5723 esse
693 5672 930 5743 amplius
963 5688 1130 5729 causa
1159 5691 1266 5730 non
1300 5687 1498 5745 potest,
1537 5696 1637 5735 cur
1663 5682 1766 5738 sibi
1802 5683 2113 5742 Bethlehem

615 5775 664 5813 δ’
692 5780 837 5836 Psal.
867 5796 1049 5849 cxxxt,
1084 5784 1169 5838 10.
1248 5786 1293 5817 ὀ
1317 5786 1447 5845 ibid.
1484 5790 1569 5856 17,
1599 5792 1683 5848 l8.
1765 5798 1808 5829 ⁹¹
1840 5795 2092 5868 Joan.vr,
2124 5802 2214 5859 41.

509 5912 513 5923 .
617 5870 866 5945 (ι)οῡδ’.
900 5873 1038 5947 Lege
1068 5878 1197 5947 οὐχ’
1234 5881 1359 5938 itcm
1401 5895 1451 5939 ct
1490 5889 1653 5957 paulo
1686 5901 1831 5961 post.
1876 5893 2031 5953 Eutr.

2219 635 2403 706 ἕτερον
2443 634 2476 706 ἢ
2525 632 2617 686 ἐπὶ
2660 632 2819 704 μόνον
2860 632 2952 684 τὸν
2990 630 3218 702 Σωτῆρα
3261 631 3357 684 καὶ
3393 630 3601 703 Κύριον
3642 635 3787 704 ἡμῶν

2232 725 2437 799 Ἰησοῦν
2456 720 2546 778 τόν
2570 724 2803 796 Χριστὸν
2819 722 2913 776 τοῦ
2942 719 3099 785 Θεοῦ.
3125 722 3183 775 ἐν
3208 720 3459 793 Βηθλεὲμ
3489 725 3615 786 ταῖς
3640 730 3788 800 προρ·
3892 714 3894 717 Ι

2222 822 2443 891 ρήσεσιν
2460 815 2771 879 ἀκολούθως
2793 813 3210 886 γεγεννημένον.
3239 816 3352 867 Οὐκ
3380 814 3447 867 ἂν
3479 813 3614 882 γοῦν
3646 816 3785 871 ἄλλον

2219 928 2303 974 τις
2334 908 2646 975 ἐπιδείξειεν
2678 909 2742 960 ἐκ
2767 906 2969 977 ταύτης
3001 902 3224 969 ἐνδόξως
3263 906 3399 976 μετὰ
3429 908 3558 970 τοὺς
3591 924 3773 979 προφη-

2220 1002 2369 1065 τείας
2415 1000 2638 1071 χρὸνους
2688 998 3038 1070 προελθόντα·
3071 997 3195 1051 οὔτε
3232 997 3340 1068 γὰρ
3376 997 3655 1065 βασιλεὺς,
3679 998 3787 1053 οὕτε
3892 1012 3894 1021 '

2222 1092 2531 1161 προφήτης,
2563 1089 2668 1142 οὐδ’
2696 1088 2883 1159 ἕτερός
2915 1105 2997 1150 τις
3023 1087 3131 1140 τῶν
3152 1088 3284 1159 παρ’
3318 1088 3594 1159 Ἑϐραίοις
3625 1088 3787 1160 θεοφι-
3892 1102 3894 1105 ·

2221 1183 2348 1243 λῶν,
2389 1183 2421 1254 ἢ
2457 1182 2614 1252 μόνος
2646 1182 2674 1232 ὀ
2707 1180 2897 1251 Σωτὴρ
2941 1180 3034 1231 καὶ
3068 1178 3271 1249 Κύριος
3310 1180 3468 1249 ἡμῶν
3507 1183 3538 1233 6
3572 1181 3788 1252 Χριστὸς
3892 1166 3894 1215 ί

2220 1275 2314 1327 τοῦ
2347 1274 2503 1337 Θεοῦ,
2545 1272 2681 1343 ὁμοῦ
2710 1274 2803 1327 καὶ
2833 1276 2896 1325 ἐκ
2928 1273 3241 1345 σπέρματος
3274 1272 3460 1335 Δαϐἱδ,
3497 1274 3592 1327 καὶ
3615 1273 3788 1327 αὐτόθι

2223 1368 2614 1438 γεγεννημένος
2661 1366 3063 1419 ἀποδείκνυται.
3122 1367 3262 1440 Ὦρα
3302 1367 3594 1437 τοιγαροῦν
3648 1366 3788 1419 αὐτὴν
3892 1384 3894 1407 ι

2222 1464 2427 1515 ἐκεῖνον
2460 1456 2619 1522 εἶναι,
2659 1457 2749 1511 καὶ
2787 1457 2908 1510 ούδέ
2957 1457 3031 1526 (1)
3067 1456 3224 1511 ἄλλον
3250 1457 3341 1510 τὸν
3367 1460 3461 1510 καὶ
3511 1460 3570 1511 ἐν
3593 1457 3789 1522 τούτοις

2223 1549 2695 1621 προφητευόμενον
2727 1547 3031 1619 ὁμολογεῖν,
3053 1548 3134 1600 ὅτι
3154 1565 3212 1600 τε
3236 1547 3421 1616 σαφῶς
3455 1550 3512 1601 ἐν
3534 1553 3653 1613 τοῖς
3681 1550 3789 1620 ἑξῆς

2222 1645 2250 1696 ὁ
2271 1644 2433 1706 αὐτὸς
2460 1642 2673 1712 ψαλμὸς
2704 1641 2962 1711 ὀνομαστὶ
2990 1641 3079 1693 τὸν
3122 1641 3355 1712 Χριστὸν
3384 1643 3790 1713 προσαγορεύω
3892 1630 3894 1637 ’

2221 1736 2379 1790 τοῦτο
2412 1737 2728 1808 παρίστησι,
2772 1733 2838 1786 δι’
2869 1728 2943 1787 ὧν
2976 1751 3157 1806 φησιν’
3206 1752 3225 1785 ‹
3264 1735 3485 1789 Ἕνεκεν
3515 1735 3686 1789 Δαόὶδ
3708 1737 3788 1790 τοῦ

2223 1829 2405 1883 δούλου
2449 1804 2543 1882 σου
2590 1804 2664 1899 μὴ
2706 1804 3057 1900 ἀποστρέψῃς
3096 1828 3157 1881 τὸ
3200 1830 3490 1901 πρόσωπον
3533 1829 3629 1883 τοῦ
3676 1828 3791 1900 Χρι-
3892 1804 3894 1857 Ῐ

546 1969 654 2024 que
702 1952 960 2006 habuisse
1016 1949 1449 2010 demonstratur,
1502 1956 1556 2000 et
1606 1945 1750 2017 quod
1796 1945 1864 2000 de
1913 1944 2121 1999 semine

2227 1921 2352 1975 στοῦ
2395 1936 2512 1975 σου·
2547 1941 2565 1973 ι
2606 1924 2700 1976 καὶ
2732 1922 2913 1976 πάλιν·
2958 1941 2976 1973 ι
3024 1922 3173 1975 Ἐκεῖ
3203 1922 3503 1989 ἐξανατελῶ
3528 1923 3701 1996 κέρας
3725 1922 3791 1995 τῷ
3826 1956 3831 1965 ι
3892 1988 3894 1995 ι

2226 2015 2412 2079 Δαόὶδ,
2431 2014 2702 2085 ήτοίμασα
2731 2013 2923 2086 λύχνον
2950 2013 3028 2085 τῷ
3044 2013 3263 2087 Χριστῷ
3283 2032 3402 2085 μου.
3423 2016 3562 2078 Τοὺς
3580 2016 3789 2088 ἐχθροὴ

2226 2106 2390 2160 αὑτοῦ
2435 2106 2637 2160 ἐνδύσω
2669 2108 2951 2179 αἰσχύνην,
2996 2107 3088 2160 ἐπὶ
3130 2107 3188 2161 δὲ
3230 2107 3391 2160 αὑτὸν
3433 2107 3717 2179 ὲξανθήσει
3741 2110 3791 2161 τὸ

2226 2201 2474 2271 ἀγίασμά
2501 2217 2622 2272 μου.
2658 2220 2677 2252 ι
2713 2200 2822 2254 Ποῦ
2851 2201 2907 2264 δέ
2938 2218 3122 2272 φησιν,
3163 2219 3182 2251 ι
3227 2201 3374 2253 Ἐκεῖ
3392 2200 3700 2265 ὲξανατελῶ
3716 2202 3789 2254 κέ-

2231 2310 2328 2365 ρας
2358 2294 2434 2365 τῷ
2463 2293 2647 2357 Δαϐὶδ,
2683 2312 2700 2344 ι
2736 2294 2769 2365 ἢ
2806 2296 2863 2346 ἐν
2907 2296 2973 2364 τῇ
3018 2293 3264 2364 Βηθλεέμ
3297 2296 3363 2364 τῇ
3414 2293 3695 2365 Ἐφραθάς
3721 2296 3791 2347 ἐν·

2224 2385 2413 2439 τεῦθεν
2438 2386 2547 2458 γὰρ
2576 2386 2639 2439 τὸ
2685 2388 2849 2459 κέρας
2891 2386 2985 2439 τοῦ
3016 2388 3182 2442 Δαίῖιδ
3225 2388 3253 2439 6
3297 2387 3529 2456 Χριστὸς
3570 2387 3631 2440 τὸ
3670 2388 3789 2440 κατὰ

2228 2479 2406 2550 σάρκα
2426 2475 2536 2532 οἷόν
2558 2497 2613 2532 τι
2642 2480 2784 2551 μέγα
2813 2479 2928 2549 φῶς
2955 2480 3306 2547 ἐξανέτειλεν,
3330 2480 3565 2534 ἐνταῦθά
3585 2498 3645 2533 τε
3671 2482 3789 2552 ἡτοί-

2229 2588 2402 2642 μαστο
2428 2572 2533 2624 ὑπὸ
2560 2572 2654 2624 τοῦ
2681 2571 2815 2625 Θεοῦ
2848 2573 2956 2626 τῶν
2986 2573 3121 2627 ὅλων
3150 2576 3178 2626 6
3206 2572 3300 2626 τοῦ
3328 2572 3565 2645 Χριστοῦ
3593 2572 3785 2643 λύχνος.

2226 2664 2327 2735 Είη
2357 2665 2400 2717 δ’
2428 2663 2494 2719 ἂν
2523 2664 2715 2736 λύχνος
2739 2665 2926 2729 αὐτοῦ,
2957 2661 3043 2719 οἷα
3074 2665 3263 2738 νοεροῦ
3290 2666 3484 2736 φωτὸς,
3517 2665 3578 2718 τὸ
3605 2664 3789 2736 ἀνθρώο

2227 2773 2376 2809 πειον
2409 2757 2625 2827 σκῆνος,
2646 2757 2712 2811 δι’
2742 2751 2802 2811 οὗ
2830 2757 2985 2830 δίκην
3007 2758 3326 2829 ὀστρακίνου
3348 2758 3596 2821 σκεύους,
3618 2756 3789 2829 ὥσπερ

2226 2846 2313 2900 διὰ
2338 2847 2553 2919 λύχνου,
2579 2850 2679 2913 τὰς
2708 2848 2802 2902 τοῦ
2835 2850 2963 2902 ἰδίου
2994 2853 3170 2919 φωτὸς
3200 2853 3421 2914 ἀκτῖνας
3450 2852 3587 2903 πᾶσι
3613 2854 3723 2914 τοῖς
3741 2852 3789 2902 ἐν

2227 2937 2419 3007 ἀγνοίᾳ
2449 2938 2582 2990 Θεοῦ
2614 2938 2706 2992 καὶ
2738 2940 2914 3011 σκότῳ
2940 2940 3091 3011 βαθεῖ
3117 2939 3459 3011 πιεζομένοις
3481 2939 3785 3010 ἐξέλαμψεν.

2240 3027 2397 3080 Ἀλλὰ
2466 3028 2574 3100 γάρ
2638 3029 2732 3081 καὶ
2786 3031 2844 3082 ἐν
2898 3032 3110 3093 τούτοις
3177 3027 3558 3098 ἀποδεδεῖχθαι
3620 3028 3787 3098 σαφῶς

2228 3119 2469 3191 ἡγοῦμαι
2517 3121 2649 3175 Θεὸν
2696 3120 2889 3175 Ἰακὼϐ
2944 3123 3039 3175 ἀπ’
3097 3122 3270 3193 ἀρχῆς
3326 3121 3418 3175 καὶ
3471 3121 3530 3186 ἐξ
3588 3123 3790 3195 ἡμεριῐν
3892 3122 3894 3195 i

2227 3214 2559 3283 τυγχάνοντα
2578 3215 2769 3278 αἰῶνος
2797 3214 3099 3286 ἀνθρώποις
3122 3216 3277 3289 ἐπιδη
3286 3218 3358 3289 μή
3368 3235 3501 3279 σειν,
3519 3219 3613 3270 καὶ
3626 3233 3793 3286 γεννη-

2228 3305 2484 3378 θησεσθαι
2508 3308 2608 3359 οὐκ
2628 3307 2881 3378 ἀλλαχόθι
2909 3308 3014 3378 γῆς
3041 3308 3205 3380 ἀλλ’ἢ
3224 3312 3281 3364 ἐν
3303 3309 3380 3381 τῷ
3402 3312 3540 3364 κατὰ
3564 3310 3791 3380 Βηθλεὲμ

2226 3400 2395 3471 τόπῳ,
2412 3399 2546 3471 πρὸς
2564 3403 2673 3463 τοῖς
2702 3400 2962 3472 Ἰεροσολύ
2971 3418 3092 3472 μοις
3107 3402 3274 3454 εἰσέτι
3293 3403 3387 3455 καὶ
3403 3401 3498 3456 νῦν
3513 3392 3815 3456 ἐπιδεικνυ-’

2229 3492 2375 3563 μένῳ
2396 3490 2599 3562 χωρίῳ,
2624 3490 2752 3544 ἔνθα
2777 3492 2883 3545 οὐδ’
2905 3492 3064 3557 ἄλλος
3087 3493 3223 3565 μετὰ
3249 3497 3371 3559 τοὺς
3391 3495 3498 3548 τῶν
3515 3495 3791 3569 προφητῶν

2226 3585 2451 3657 χρόνους
2468 3584 2739 3655 ἐπιφανὴς
2766 3587 2861 3639 καὶ
2890 3589 2970 3649 είς
2988 3588 3195 3652 πάντας
3219 3588 3315 3642 ἀνθ
3326 3587 3538 3660 ρώπους
3566 3588 3787 3655 ἐπίδοξος

2224 3677 2258 3748 ἦ
2283 3676 2439 3748 μόνος
2466 3677 2673 3747 Ἰησοῦς
2697 3679 2725 3730 ὁ
2747 3678 2980 3751 Χριστὸς
3010 3680 3146 3752 πρὸς
3166 3682 3273 3735 τῶν
3299 3683 3609 3753 ἐπιχωρίων
3632 3684 3788 3736 (indv-

2224 3785 2330 3821 των
2368 3768 2676 3833 ἀκολούθως
2727 3773 2849 3835 ταῖς
2894 3772 3277 3842 εύαγγελικαῖς
3324 3776 3527 3842 φωναῖς
3566 3771 3785 3843 γεγονὼς

2227 3863 2597 3930 μαρτυρεῖται.
2645 3862 3034 3936 Ἐρμηνεύεται
3079 3864 3136 3917 δὲ
3171 3866 3203 3936 ἡ
3237 3864 3483 3937 Βηθλεέμ
3513 3862 3673 3931 οἶαιος
3692 3864 3786 3931 ἆρ-

2224 3967 2351 4016 του,
2384 3950 2701 4023 φερώνυμος
2727 3949 2861 4008 οὖσα
2891 3956 2986 4009 τοῦ
3021 3956 3370 4028 προελθόντος
3402 3956 3463 4021 ἐξ
3489 3958 3655 4027 αὐτῆς
3684 3957 3785 4008 Σω-

2222 4040 2385 4112 τῆρος
2430 4043 2585 4114 ἡμῶν
2617 4045 2767 4110 ὄντος
2800 4046 2934 4100 Θεοῦ
2963 4048 3160 4118 Λόγου,
3192 4049 3381 4120 ψυχῶν
3412 4049 3642 4119 λογικῶν
3672 4049 3785 4117 θρε-

2224 4133 2417 4187 πτικοῦ
2437 4151 2450 4164 ’
2486 4135 2515 4187 ὃ
2538 4137 2630 4189 καὶ
2664 4137 2993 4211 παρίστησιν
3013 4141 3173 4205 αὐτὸς
3204 4141 3379 4210 λέγων
3398 4158 3410 4171 '
3456 4161 3474 4193 ι
3518 4141 3654 4210 Ἐγώ
3681 4143 3784 4210 εἰμι

2222 4228 2251 4279 6
2284 4225 2448 4298 ἄρτος
2478 4230 2506 4282 6
2553 4230 2619 4282 ὲκ
2664 4230 2758 4284 τοῦ
2791 4233 3019 4304 ούρανοῦ
3056 4233 3319 4297 καταϐάς.
3367 4254 3385 4285 ι
3434 4234 3571 4287 Ἀλλ’
3615 4234 3782 4301 ἐπειδὴ

2224 4321 2318 4372 καὶ
2360 4318 2454 4372 τοῦ
2499 4322 2664 4375 Δαόὶδ
2690 4324 2908 4393 γέγονεν
2950 4324 3087 4398 αῦτη
3134 4326 3349 4398 πατρὶς,
3383 4327 3605 4390 εἰκότως
3636 4328 3719 4381 καὶ
3758 4329 3782 4378 ὁ

2222 4410 2364 4463 κατὰ
2400 4412 2575 4485 σάρκα
2606 4416 2896 4487 γενόμενος
2918 4418 3031 4482 υἱὸς
3059 4419 3222 4473 Δαϐιδ
3241 4419 3339 4490 τὴν
3371 4419 3592 4491 πρόοδον
3617 4418 3673 4484 ἐξ
3694 4418 3782 4471 αύ-

2223 4504 2321 4573 τῆς
2348 4507 2657 4576 ἐποιήσατο,
2691 4508 2998 4573 ἀκολούθως
3023 4514 3141 4574 ταῖς
3174 4515 3537 4584 προφητικαῖς
3568 4511 3781 4584 προρρή-

2153 4606 2199 4663 D
2228 4611 2405 4647 σεσιν·
2443 4596 2581 4650 ὥστε
2622 4600 2722 4652 οὐκ
2754 4599 2945 4671 ἄδηλον
2979 4597 3115 4656 εἶναι
3160 4604 3252 4656 καὶ
3290 4604 3388 4674 τὴν
3428 4605 3606 4657 αἰτίαν
3633 4604 3692 4657 δι’
3719 4601 3780 4672 ἢν

2226 4688 2455 4758 πατρίδα
2481 4690 2578 4760 τὴν
2606 4690 2854 4763 Βηθλεὲμ
2886 4694 3253 4766 ἐπεγράψατο.
3302 4696 3459 4750 Ἀλλὰ
3487 4697 3579 4751 καὶ
3602 4701 3654 4752 ἐν
3676 4695 3777 4750 Na-

2226 4775 2410 4850 ζάροις
2459 4780 2789 4853 ἀνατραφεὶς
2838 4783 3074 4852 λέγεται,
3128 4787 3223 4838 καὶ
3275 4785 3435 4841 πάλιν
3487 4784 3777 4859 Ναζαραῖος

2224 4869 2606 4941 κληθήσεσθαι.
2628 4873 2824 4927 ἰστέον
2848 4871 2961 4937 οὖν,
2987 4879 3069 4930 ὃτι
3102 4878 3193 4931 καὶ
3212 4877 3271 4931 τὸ
3296 4876 3605 4950 Ναζαραίον
3627 4879 3775 4948 ὄνομα

2236 4961 2515 5034 Ἐϐραῖκδν
2548 4967 2804 5036 τυγχάνει
2838 4968 2896 5022 ἐν
2941 4970 3207 5041 Λευῖτικῷ
3239 4972 3330 5024 ἐπὶ
3360 4972 3455 5026 τοῦ
3501 4975 3773 5046 χρίσματος

2218 5052 2314 5106 τοῦ
2347 5056 2478 5127 παρ’
2508 5058 2691 5122 αὐτοῖς
2724 5059 2980 5131 Χριστοῦ.
3011 5056 3119 5115 Ἦν
3145 5062 3201 5115 δὲ
3233 5056 3387 5127 οὗτος
3410 5067 3439 5118 6
3468 5066 3646 5138 ἄρχων
3666 5062 3771 5117 κατ’

2219 5146 2403 5200 εἰκόνα
2428 5148 2519 5201 τοῦ
2559 5150 2795 5220 μεγάλου
2830 5154 2922 5205 καὶ
2953 5153 3165 5224 ἀληθῶς
3199 5157 3501 5229 ἀρχιερέως
3536 5157 3625 5211 τοῦ
3653 5157 3770 5227 Χρι-

2221 5236 2344 5289 στοῦ
2366 5237 2459 5291 τοῦ
2491 5240 2649 5306 Θεοῦ,
2674 5242 2873 5317 σκιώδη
2903 5244 3022 5299 τινὰ
3051 5247 3143 5299 καὶ
3172 5249 3398 5303 τυπικδν
3422 5250 3644 5324 Χριστὸν
3666 5250 3771 5301 ἐπι-

2221 5328 2537 5400 φερόμενος.
2572 5333 2659 5387 Ἐν
2690 5329 2772 5399 οἷς
2798 5336 2928 5405 γοῦν
2957 5337 3170 5411 εἴρηται
3203 5340 3346 5395 κατὰ
3368 5344 3496 5406 τοὺς
3533 5341 3765 5411 Ἑόδομή·

2224 5437 2388 5475 κοντα
2418 5425 2545 5497 περὶ
2577 5426 2670 5480 τοῦ
2712 5429 3035 5502 Ἀρχιερέως
3059 5451 3071 5463 ·
3109 5452 3127 5484 ι
3159 5435 3267 5487 Καὶ
3290 5436 3352 5488 ού
3387 5432 3767 5506 βεϐηλώσειτὸν

2220 5515 2552 5586 ἡγιασμένον
2598 5518 2690 5571 τοῦ
2747 5520 2882 5574 Θεοῦ
2934 5523 3100 5577 αὑτοῦ
3123 5541 3136 5555 ⁸
3190 5527 3272 5580 ὄτι
3314 5526 3377 5580 τό
3424 5529 3572 5597 ἆγιον
3611 5525 3765 5578 ἔλαιον

2220 5605 2456 5678 Χριστοῦ
2480 5607 2570 5660 τοῦ
2597 5607 2732 5663 Θεοῦ
2764 5611 2960 5665 αὐτοῦ’
3006 5632 3026 5665 ι
3058 5614 3118 5667 τὸ
3154 5614 3253 5687 μὲν
3291 5615 3591 5689 Ἐϐραῖκὸν,
3620 5632 3638 5665 σ
3658 5612 3765 5664 Ὅτι

2220 5694 2406 5767 Ναζέρ
2438 5695 2633 5762 ἔλαιον,
2666 5718 2686 5751 ›
2717 5701 2985 5772 περιέχει·
3020 5705 3049 5757 6
3076 5703 3132 5758 δὲ
3173 5703 3433 5771 Ἀκύλας·
3473 5724 3494 5759 r
3534 5707 3641 5760 Ὀτι
3676 5700 3755 5768 ἀφ

2181 6017 2237 6027 ρ..
