3894 6526
112 440 187 495 m
824 478 833 484 .
978 417 1630 486 DEMONSTRATIONIS
1673 430 2132 487 EVANGEIJCA)
2178 432 2306 489 LIB.
2351 432 2463 489 vn.
2597 426 2605 433 '
2910 427 2923 441 '
3208 437 3316 493 550

106 564 291 625 ὁρισμα,
312 550 480 603 ἔλαιον
501 547 836 620 ἀλείμματος
862 545 997 601 θεοῦ
1021 546 1187 600 αὑτοῦ
1218 548 1303 599 ἐπ’
1336 545 1484 600 αὐτῶ
1506 561 1519 574 ·
1561 565 1579 597 ι
1617 545 1644 597 6

1779 547 1976 601 Iatriam
2000 548 2335 618 ascripserit.
2369 546 2637 604 Caeterum
2657 550 2819 605 etiam
2847 552 2903 608 in
2930 551 3157 609 Nazaris
3179 557 3317 612 edu-

107 648 150 702 δὲ
173 646 444 715 Σύμμαχος
467 658 479 670 ·
518 641 544 692 ἰ
585 642 708 694 Ὅτι
739 639 962 693 ἄθικτον
1004 640 1182 693 ἔλαιον
1227 639 1320 693 τοῦ
1347 640 1643 712 χρίσματος

1779 649 1899 693 atus
1930 654 2053 694 esse
2074 640 2298 706 dicitur,
2326 650 2379 696 et
2405 641 2485 696 sic
2514 641 2808 697 Nazamus
2834 645 3134 701 vocandus.
3160 645 3317 707 Scire

106 741 180 794 τοῦ
205 735 326 791 Θεοῦ
351 732 513 787 αὐτοῦ
546 734 635 785 ἐπ’
669 731 819 802 αὐτῷ
839 748 850 761 ·
898 751 916 784 ι
953 734 981 785 6
1023 731 1081 785 δὲ
1112 731 1432 785 Θεοδοτίων·
1472 726 1499 782 «γ
1524 731 1644 783 Ὅτι

1774 729 1912 796 gitur
1955 736 2170 799 oportet
2210 730 2357 799 quod
2406 746 2603 787 nomen
2636 741 2721 787 est
2773 732 3100 790 Hebraicum
3146 736 3312 793 Nazi-

106 830 152 885 τὸ
175 825 338 897 Ναζὲρ
362 825 538 879 ἔλαιον
563 824 624 877 τὸ
647 823 866 895 χριστὸν
901 822 1052 897 παρά
1080 822 1214 877 Θεοῦ
1238 823 1403 876 αὐτοῦ
1433 824 1519 875 ἐπ’
1550 823 1644 875 αὺ-

1776 832 1909 870 aeum
1955 817 2008 871 in
2059 817 2324 884 Levitico,
2372 820 2425 874 in
2463 822 2584 891 ejus
2612 822 2817 880 Christi
2854 828 3115 882 unctione
3151 844 3314 899 quem

107 922 181 990 τῷ·
231 938 247 969 ι
274 916 408 970 ὥστε
442 911 664 970 εἶναιτὸ
696 915 900 987 Ναζὲρ,
935 914 1077 967 κατά
1111 916 1208 985 μὲν
1232 916 1355 978 τοὺς
1390 914 1645 985 Ἐϐδομή-

1778 908 1845 975 psi
1876 907 2165 962 habebant.
2200 908 2371 963 Porro
2391 911 2477 964 hic
2510 921 2627 967 erat
2662 916 3029 985 principatum
3061 918 3316 975 obtinens

108 1027 256 1073 κοντα,
278 1009 464 1078 ἅγιον,
500 1007 643 1061 κατά
673 1007 731 1060 δὲ
753 1007 843 1060 τὸν
859 1006 1111 1070 Ἀκύλαν,
1147 1007 1469 1076 ἀφόρισμα,
1504 1006 1645 1059 κατὰ

1777 999 2043 1052 ecundum
2081 1000 2369 1069 imaginem
2400 1005 2579 1073 magni
2612 1013 2666 1058 et
2689 1007 2803 1061 veri
2839 1006 3123 1065 Pontiﬁcis
3152 1010 3315 1066 Chri-

107 1103 147 1156 δὲ
167 1100 242 1154 τὸν
270 1099 582 1170 Σύμμαχον,
617 1098 863 1153 ἄθικτον
880 1116 893 1128 ·
920 1098 1059 1151 ὥστε
1090 1100 1153 1150 ἐκ
1183 1097 1371 1151 τούτου
1394 1097 1454 1150 τὸ
1479 1097 1645 1162 Ναξι-

1781 1088 1814 1140 ti
1848 1088 1962 1153 Dei,
2007 1080 2388 1146 adumliratum
2416 1094 2669 1149 videlicet
2698 1098 2986 1166 quemdam
3033 1108 3087 1153 et
3122 1099 3319 1169 ﬁgura—

109 1197 225 1263 ραῖον
266 1192 431 1261 ὄνομα
481 1190 770 1262 σημαίνειν
817 1190 934 1260 ἦτοι
968 1188 1057 1241 τὸν
1106 1189 1343 1260 ἆγιον,ἢ
1387 1189 1477 1243 τὸν
1539 1191 1644 1259 ἀφ-

1774 1198 1858 1235 ιιιη
1885 1181 2162 1238 Christum
2189 1194 2606 1254 repraesentans.
2641 1187 2884 1244 Ubivero
2910 1188 3053 1243 LXX
3070 1192 3136 1245 de
3167 1191 3312 1247 Pon-

109 1283 438 1355 ωρισμένον,ἧ
467 1283 562 1336 τὸν
591 1282 829 1338 ἄθικτον.
874 1282 1009 1335 Ἀλλ’
1040 1284 1088 1336 οἱ
1131 1284 1226 1353 μὲν
1259 1282 1426 1337 πάλαι
1459 1286 1642 1354 ἱερεῖς,

1863 1287 1893 1327 e
1926 1273 2000 1326 ita
2046 1274 2388 1344 interpretati
2444 1287 2591 1343 sunt,
2644 1299 2662 1329 ι
2694 1290 2747 1333 et
2794 1298 2901 1334 non
2941 1283 3143 1351 polluet
3171 1285 3320 1354 quod
3394 1346 3396 1348 _

108 1377 157 1430 δι’
173 1376 325 1429 ἐλαίου
354 1374 677 1437 σκευαστοῦ,
708 1372 799 1426 τοῦ
824 1374 973 1446 παρὰ
1016 1375 1205 1427 Μωσεῖ
1244 1373 1428 1445 Ναζὲρ
1454 1374 1646 1427 καλου-

1776 1363 2141 1418 anctiﬁcatnm
2172 1375 2256 1421 est
2289 1366 2379 1422 Dei
2410 1371 2515 1433 sui,
2551 1373 2806 1440 quoniam
2840 1383 3089 1427 sanctum
3132 1377 3314 1430 oleum

109 1465 250 1537 μένου,
280 1465 581 1536 χριόμενοι,
629 1461 975 1535 παραγώγως
1017 1463 1127 1517 ἀπὸ
1171 1462 1264 1515 τοῦ
1300 1462 1480 1536 Ναῇρ
1514 1463 1643 1517 ἐκα-

1784 1455 2019 1510 nctionis
2042 1456 2134 1511 Dei
2161 1459 2245 1512 sui
2270 1459 2336 1525 ⁸³,
2363 1480 2380 1512 ι
2413 1460 2467 1513 in
2493 1459 2758 1517 Hebraico
2778 1464 2995 1533 legitur,
3022 1483 3039 1515 ι
3060 1468 3317 1535 quoniam

108 1556 252 1611 λοῦντο
294 1556 586 1627 Ναζιραῖοι
613 1571 627 1584 ·
683 1557 712 1608 6
749 1554 806 1607 δὲ
855 1555 1043 1626 Σωτὴρ
1090 1556 1183 1607 καὶ¹
1234 1555 1437 1626 Κύριος
1489 1554 1644 1625 ἡμῶν

1785 1545 1920 1600 'azer
1950 1548 2127 1602 oleum
2162 1568 2177 1605 :
2213 1569 2231 1602 ›
2265 1552 2459 1618 Aquila
2494 1563 2670 1607 autem
2710 1555 2789 1609 sic
2816 1559 3103 1624 convertit,
3140 1576 3159 1609 ι
3193 1573 3323 1627 quo-

109 1648 214 1700 κατὰ
242 1645 399 1717 φύσιν
434 1646 573 1715 ἔχων
619 1645 680 1698 τὸ
715 1646 889 1712 ἅγιον,
933 1646 1026 1697 καὶ
1061 1645 1122 1698 τὸ
1165 1643 1403 1705 ἄθικτον,
1448 1643 1541 1696 καὶ
1585 1643 1645 1697 τὸ

1788 1640 1890 1692 iam
1932 1642 2274 1712 scgrcgatio,
2321 1644 2499 1697 oleum
2552 1646 2830 1700 unctionis
2864 1647 2959 1702 Dei
3017 1650 3102 1704 sui
3158 1664 3323 1719 super

108 1738 460 1811 ὰςωρισμένον,
491 1738 554 1790 ού
583 1736 834 1806 δεόμενός
865 1752 929 1804 γε
957 1735 1254 1808 χρίσματος
1280 1736 1641 1807 ἀνθρωπίνου,

1782 1748 1943 1788 )sum.
1978 1754 1997 1785 ι
2041 1734 2402 1807 Symmachus
2449 1746 2651 1803 autem,
2694 1758 2712 1790 ι
2743 1742 3000 1810 quoniam
3055 1745 3320 1813 intactum

106 1833 218 1902 ὅμως
241 1831 335 1899 τῆς
378 1828 473 1881 τοῦ
515 1826 818 1899 Ναζιραίου
866 1826 1236 1899 προσηγορίας
1283 1829 1411 1898 παρ’
1438 1825 1644 1899 ἀνθρώ-

1786 1825 1925 1878 leum
1954 1827 2229 1881 unctionis
2265 1826 2358 1881 Dei
2388 1828 2472 1882 sui
2497 1845 2661 1898 super
2691 1830 2889 1899 ipsum.
2928 1851 2947 1882 ι
2978 1830 3320 1887 Theodotion

105 1939 197 1985 mi;
219 1921 420 1991 ἔτυχεν,
449 1921 551 1973 οὐκ
596 1919 702 1972 ἀπὸ
745 1918 837 1971 τοῦ
873 1917 1205 1989 καλουμένου
1240 1919 1423 1990 Ναζὲρ
1467 1917 1643 1972 ὲλαίου

1784 1931 1888 1981 aro,
1927 1936 1946 1968 ‹
1971 1921 2226 1986 quoniam
2268 1917 2445 1973 Nazer
2483 1921 2661 1974 oleum
2695 1921 2971 1976 unctionis
3013 1938 3042 1975 a
3079 1922 3189 1978 Deo
3222 1938 3322 1979 suo

104 2013 354 2083 Ναξιραίος
396 2009 656 2080 γεγονὼς,
688 2010 801 2083 ἀλλ’
841 2009 915 2064 ὢν
964 2011 1061 2081 μὲν
1094 2014 1161 2082 τῇ
1196 2010 1354 2079 φύσει
1380 2010 1640 2074 τοιοῦτος,

1785 2022 1915 2076 uper
1942 2007 2141 2078 ipsum.
2179 2027 2197 2060 ι
2231 2010 2410 2075 Quare
2440 2009 2614 2066 Nazer
2648 2012 2796 2082 ipsos
2821 2014 3039 2081 quidem
3065 2013 3206 2068 LXX
3235 2031 3323 2071 se-

106 2104 279 2174 κληθεὶς
316 2104 377 2157 δὲ
424 2104 519 2157 καὶ
551 2104 679 2174 παρ’
716 2100 1023 2173 ἀνθρώποις
1063 2102 1357 2173 Ναζιραῖος
1402 2102 1509 2156 ἀπὸ
1546 2102 1644 2173 τῆς

1783 2099 2040 2155 uentibus
2066 2110 2307 2154 sanctum
2337 2102 2461 2164 erit,
2495 2102 2673 2172 ipsum
2701 2119 2827 2157 vero
2854 2105 3131 2175 Aquilam,
3164 2121 3321 2174 sepa-

106 2195 332 2269 Ναζαρὲθ,
369 2194 499 2250 ἔνθα
524 2194 674 2264 παρά
702 2196 814 2257 τοῖς
840 2193 980 2247 κατά
1013 2194 1189 2264 σάρκα
1222 2191 1436 2261 γονεῦσι
1457 2190 1556 2262 τὴν
1588 2192 1644 2249 ἐν

1785 2191 1908 2253 ntio,
1942 2189 2329 2261 Symmachum
2358 2202 2562 2259 autem,
2594 2196 2890 2260 intactum;
2925 2197 3110 2266 itaque
3138 2214 3205 2252 ex
3237 2198 3323 2253 his

106 2289 254 2341 παισὶν
304 2286 619 2358 ἀνατροφὴν
669 2285 890 2356 ἔσχηκε.
947 2282 1039 2336 Διὸ
1081 2283 1328 2337 λέλεκται
1368 2281 1521 2353 παρά
1568 2280 1644 2352 τῷ

1788 2280 2049 2336 ἀιὶιιθιιιιι
2097 2298 2297 2338 nomen
2349 2285 2707 2355 signiﬁcabit,
2759 2294 2852 2341 aut
2898 2296 3181 2353 sanctum,
3231 2301 3326 2345 aut

105 2379 326 2449 ὶῙατθαίῳ
352 2396 367 2409 ν
424 2397 444 2429 ι
477 2376 888 2450 Χρηματισθεὶς
926 2375 981 2429 δὲ
1026 2376 1143 2428 κατ’
1174 2376 1305 2447 ὄναρ
1357 2374 1534 2446 (δῆλον
1566 2374 1643 2438 δὲ,

1787 2382 2113 2445 egregatum,
2158 2383 2251 2430 aut
2298 2377 2587 2432 intactum.
2626 2379 2697 2432 At
2732 2396 2862 2435 vero
2910 2381 3075 2450 prisci
3105 2382 3325 2451 quidem

106 2470 216 2524 ὅτιό
249 2469 489 2540 Ἰωσὴφ),
542 2466 890 2539 ἀνεχώρησεν
935 2468 1015 2530 είς
1046 2467 1114 2520 τὰ
1158 2466 1298 2539 μέρη
1345 2465 1444 2536 τῆς
1492 2462 1644 2519 Γαλι-

1787 2464 2100 2529 acerdotes,
2174 2481 2298 2520 cum
2356 2468 2477 2523 oleo
2537 2478 2894 2540 comparato,
2970 2471 3115 2541 quod
3182 2471 3325 2541 apud

104 2561 227 2617 λείας
242 2579 256 2593 ·
279 2564 375 2616 καὶ
393 2559 571 2615 ἐλθὼν
596 2560 915 2632 κατῴκησεν
946 2562 1025 2624 εἰς
1047 2560 1201 2613 πόλιν
1215 2558 1514 2630 λεγομένην
1531 2559 1642 2611 Να-

1788 2555 1937 2611 losen
1986 2556 2160 2611 Nazer
2216 2559 2537 2628 appellatur,
2592 2572 2956 2631 ungerentur,
3006 2578 3072 2617 ex
3112 2562 3326 2617 deriva-

105 2651 233 2722 ζαρὰ,
260 2653 407 2716 ὅπως
454 2651 719 2725 πληρωθῇ
769 2650 830 2704 τὸ
864 2651 1023 2723 ῥηθὲν
1051 2650 1140 2704 διὰ
1180 2650 1288 2704 τῶν
1334 2650 1643 2723 προφητῶν,

1787 2663 1899 2704 :one
1942 2663 1972 2701 a
2000 2646 2175 2703 Nazer
2237 2649 2579 2706 vocabantur
2619 2651 2869 2708 Naziraai.
2922 2651 3029 2709 Sed
3082 2652 3325 2707 Salvator

103 2742 165 2794 ὅτι
191 2741 491 2815 Ναζαραῖος
538 2743 890 2815 κληθήσεται.
946 2761 965 2793 ι
1005 2741 1154 2796 Ἔδει
1201 2742 1299 2813 μὲν
1333 2742 1440 2815 γὰρ
1487 2742 1641 2796 αὐτὸν

1786 2736 2094 2793 tDominus
2122 2746 2331 2805 noster,
2363 2750 2552 2810 suapte
2589 2750 2787 2797 natura
2819 2744 2873 2798 in
2907 2759 2965 2799 se
3006 2743 3238 2810 habens,
3275 2752 3324 2799 et

104 2832 151 2898 ἐξ
169 2833 387 2899 ἅπαντος
421 2834 584 2906 φύσει
616 2836 710 2889 καὶ
745 2833 974 2906 ἀληθεία
1003 2832 1300 2901 Ναζιραῖον
1329 2834 1479 2897 ὄντα,
1503 2834 1642 2888 τοῦτ’

1789 2836 2023 2895 anetum,
2058 2840 2108 2885 et
2133 2831 2422 2898 intactum,
2449 2838 2502 2887 et
2522 2843 2855 2901 separatum,
2892 2851 3071 2906 neque
3094 2836 3327 2905 alicujus

103 2925 219 2979 ἔστιν
244 2926 395 2996 ἅγιον
419 2927 514 2980 καὶ
548 2925 767 2981 ἄθικτον
800 2927 895 2981 καὶ
921 2926 1318 2999 ἀφωρισμένον,
1351 2923 1412 2990 ἐξ
1443 2923 1641 2997 ἀνθρώ-

1788 2923 2001 2994 ndigens
2027 2922 2293 2979 humanae.
2326 2926 2623 2990 unctionis,
2655 2936 2839 2981 tamen
2879 2926 3107 2982 Νειῑίιωί
3138 2928 3326 2997 appel-

105 3034 196 3070 πων
212 3017 469 3089 κληθῆναι
496 3018 767 3089 ταύτῃ”τῇ
785 3018 1127 3091 προσηγορίᾳ
1151 3032 1165 3047 ’
1196 3017 1307 3072 ἀλλ’
1342 3019 1464 3072 ἐπεὶ
1488 3018 1563 3090 μὴ
1585 3019 1643 3073 ὲκ

1790 3013 2012 3069 itionem
2047 3014 2191 3083 apud
2216 3015 2465 3072 homines
2491 3017 2749 3082 obtinuit,
2774 3034 2885 3074 non
2924 3019 3070 3090 quod
3101 3019 3170 3073 ab
3203 3019 3328 3075 oleo

103 3108 176 3162 τοῦ
203 3110 377 3184 Ναζὲρ
406 3110 588 3163 ἐλαίου
617 3109 822 3181 ταύτης
848 3108 1003 3180 ἔτυχε
1026 3109 1123 3180 τῆς
1151 3110 1540 3183 προσηγορίας,
1575 3111 1641 3182 μὴ

1789 3102 1897 3156 uod
1929 3101 2102 3157 Nazer
2117 3115 2406 3159 vocaretur
2426 3104 2707 3162 Nazirteus
2741 3107 3035 3174 exstiterit,
3060 3107 3155 3163 sed
3182 3109 3326 3180 quod

104 3200 278 3271 δεηθεὶς
303 3201 646 3273 ἀνθρωπίνου
678 3200 999 3273 χρίσματος,
1022 3201 1085 3254 ἐκ
1113 3199 1206 3254 τοῦ
1236 3201 1397 3255 τόπου
1423 3202 1521 3273 τῆς
1541 3202 1642 3255 Να-

1792 3196 2003 3250 uamvis
2038 3202 2235 3250 natura
2262 3197 2481 3267 quidem
2527 3198 2652 3253 talis
2698 3208 2864 3262 esset,
2901 3209 3081 3255 tamen
3124 3214 3157 3254 a
3198 3200 3327 3255 civi-

107 3293 240 3363 ζαρὲθ
265 3294 363 3365 τὴν
390 3294 710 3364 ἐπωνυμίαν
740 3293 1027 3364 ἐκτήσατο.
1055 3292 1272 3347 Τούτων
1313 3292 1484 3358 οὕτως
1518 3295 1645 3348 ἁπο-

1789 3296 1865 3343 ite
1896 3288 2166 3344 Nazareth
2210 3291 2353 3360 apud
2380 3291 2633 3349 homines
2660 3291 2942 3348 Nazimus
2980 3302 3208 3349 vocatus
3236 3293 3327 3358 sit,

78 3386 443 3458 δεδειγμένων,
477 3387 669 3459 καιρὸς
704 3386 1101 3456 ἐπισκέψασθαι
1127 3387 1219 3440 καὶ
1247 3386 1307 3452 ἐξ
1340 3387 1524 3440 ὁποίου
1552 3387 1616 3457 γέ

1794 3382 1847 3437 bi
1877 3381 2020 3452 apud
2048 3398 2199 3449 suos,
2232 3398 2341 3452 qua
2372 3382 2537 3438 homo
2576 3392 2715 3448 erat,
2752 3392 3028 3455 parentes,
3062 3384 3327 3454 puerilem

105 3493 220 3541 mg,
243 3477 298 3544 se
329 3477 519 3542 ὁποίας
540 3494 599 3530 τε
637 3475 900 3548 Ἐϐραίων
927 3476 1100 3547 φυλῆς
1126 3477 1155 3530 6
1179 3476 1368 3550 Σωτὴρ
1400 3476 1510 3530 τῶν
1543 3477 1643 3548 ψυ-

1787 3470 2130 3526 ducationem
2164 3472 2419 3528 obtinuit.
2462 3472 2541 3528 Ex
2572 3490 2682 3544 quo
2724 3473 2869 3544 apud
2897 3474 3207 3530 Matthaeum
3247 3473 3325 3529 di-

107 3567 194 3637 χῶν
217 3568 385 3640 ἡμῶν,
418 3570 449 3621 6
494 3567 728 3641 Χριστὸς
759 3566 854 3621 τοῦ
897 3566 1031 3622 Θεοῦ
1078 3566 1498 3639 προελεύσεσθαι
1524 3570 1645 3637 ὲκη-

1790 3570 1902 3614 ιιιιιι
1952 3570 2075 3641 est:
2108 3561 2271 3632 350
2297 3581 2316 3614 ι
2344 3563 2632 3633 Responso
2663 3573 2847 3619 autem
2887 3565 2943 3619 in
2991 3567 3202 3620 somnis
3234 3579 3328 3619 ac-

109 3658 314 3728 ρύττετο.
349 3659 582 3731 Πρώτας
614 3659 672 3712 δὲ
702 3659 801 3723 τὰς
850 3657 1210 3729 εύαγγελικάς
1248 3659 1343 3712 καὶ
1373 3658 1501 3731 περὶ
1529 3656 1647 3711 τού-

1798 3660 1909 3720 :pto
1940 3640 2079 3722 (ipse
2107 3653 2362 3709 videlicet
2388 3652 2613 3726 Ioseph)
2648 3655 2877 3711 secessit
2907 3655 2964 3709 in
3011 3663 3197 3726 partes
3227 3652 3336 3709 Ga-

106 3764 181 3800 του
204 3749 581 3821 παραθήσομαι
600 3748 777 3815 λέξεις
801 3765 813 3778 ο
840 3745 940 3802 εἷθ’
962 3748 1151 3820 ὥσπερ
1170 3749 1461 3821 ἀρμονίους
1484 3766 1644 3820 σφρα-

1798 3740 1940 3808 laaaz;
1986 3749 2040 3797 et
2067 3744 2291 3801 veniens
2329 3745 2597 3801 habitavit
2627 3747 2683 3801 in
2724 3747 2945 3802 civitate
2974 3761 3097 3817 quae
3127 3745 3334 3800 dicitur

108 3836 235 3902 τίδας
260 3838 353 3903 τὰς
375 3837 720 3910 πῳφητικάς
748 3837 939 3902 αὐταῖς
965 3838 1207 3909 ἐπιθήσω
1235 3840 1556 3910 μαρτυρίας.
1596 3841 1646 3893 'C

1796 3831 1989 3901 lazara,
2024 3842 2084 3888 ut
2118 3834 2439 3907 impleretur
2461 3840 2606 3909 quod
2629 3838 2838 3895 dictum
2865 3845 2950 3894 est
2979 3853 3075 3908 per
3097 3837 3334 3909 prophe-

112 3927 191 3994 μὲν
223 3924 308 3983 οῦν
338 3929 621 3994 Ματθαῖος
651 3923 756 3983 ὧδε
793 3929 885 3985 τὸν
913 3930 1148 4002 Χριστὸν
1176 3930 1318 3984 κατά
1351 3932 1530 4003 σάρκα
1563 3948 1650 4001 γε·

1792 3937 1886 3988 ιιιι,
1906 3923 2051 3993 quod
2080 3924 2372 3983 Nazaraeus
2395 3928 2680 3984 vocabitur
2697 3929 2767 3983 ”.
2789 3948 2815 3982 ο
2859 3927 3159 4000 Oportebat
3182 3930 3330 3985 enim

108 4019 350 4090 νεαλογεῖ·
391 4040 411 4071 ι
454 4020 643 4087 Βίϐλος
693 4022 960 4091 γενέσεως
1006 4022 1180 4095 Ἰησοῦ
1237 4023 1497 4096 Χριστοῦ,
1536 4024 1646 4078 υἱοῦ

1798 4026 2151 4083 squequaque
2178 4029 2301 4069 cum
2332 4016 2449 4087 ipse
2475 4024 2667 4087 suapte
2695 4025 2894 4073 natura
2921 4025 2978 4074 et
3008 4032 3197 4074 revera
3224 4015 3336 4071 Na-

104 4112 261 4177 Δαϐιδ,
300 4114 414 4168 υίοῦ
449 4114 720 4187 Ἀϐραάμ.
768 4113 1017 4186 Ἀϐραὰμ
1035 4116 1290 4187 ἐγέννησε
1317 4117 1407 4170 τὸν
1449 4117 1642 4172 Ἰσαὰκ

1791 4103 1952 4159 iraeus
1976 4115 2143 4169 esset,
2170 4106 2273 4161 hoc
2300 4114 2387 4163 est
2413 4114 2659 4176 sanctus,
2684 4108 2945 4174 intactus,
2989 4117 3327 4180 segregatus,

121 4202 280 4257 Ἰσαὰκ
318 4205 372 4258 δὲ
403 4204 662 4275 ἐγέννησε
694 4203 785 4257 τὸν
822 4201 1037 4267 Ἰακὼϐ,
1077 4204 1269 4257 Ἰακὼϐ
1310 4205 1367 4258 δὲ
1401 4205 1657 4277 ἐγέννησε

1801 4195 1911 4249 lum
1963 4196 2032 4251 ab
2062 4196 2378 4254 hominibus
2421 4200 2524 4255 hac
2568 4201 2935 4281 appellatione
2973 4201 3189 4267 vocari;
3239 4198 3335 4255 sed

111 4290 187 4343 τδν
219 4293 431 4357 Ἰούδαν,
503 4295 596 4347 καὶ
658 4292 728 4346 τὰ
768 4291 912 4363 ἑξῆς.
948 4292 1169 4363 Συνᾴδει
1216 4293 1273 4349 δὲ
1316 4295 1465 4365 αὐτῷ
1497 4297 1589 4349 καὶ
1631 4298 1649 4349 ἐ

1788 4286 2020 4357 [ironiam
2063 4304 2174 4343 non
2222 4304 2253 4342 a
2286 4288 2460 4345 Nazer
2488 4291 2610 4346 oleo
2642 4290 2787 4345 hanc
2829 4291 3066 4346 obtinuit
3099 4289 3326 4360 appella-

123 4383 431 4451 Ἀπόστολος,
452 4386 627 4454 λέγων
658 4385 965 4457 ἀφωρίσθαι
1002 4404 1019 4439 ι
1040 4387 1120 4450 εἰς
1154 4386 1480 4455 Εύαγγέλιον
1502 4386 1659 4453 Θεοῦ,

1802 4393 1984 4445 onem,
2015 4381 2215 4451 quippe
2244 4382 2338 4451 qui
2367 4382 2619 4437 humana“:
2650 4382 2855 4437 nullius
2888 4382 3166 4437 unctionis
3192 4379 3338 4434 indi-

110 4470 135 4522 ὃ
164 4476 615 4547 προεπηγγείλατο
641 4475 731 4529 διὰ
760 4475 869 4529 τῶν
906 4474 1199 4547 προφητῶν
1241 4476 1406 4528 αὑτοῦ
1435 4477 1492 4529 ὲν
1520 4476 1648 4548 Γρα-

1774 4478 1933 4542 geret,
1992 4487 2021 4526 a
2066 4473 2188 4527 loco
2233 4472 2501 4530 Nazareth
2552 4474 3050 4530 denominationem
3098 4472 3312 4543 accepit

113 4567 222 4629 φαίς
246 4567 419 4636 ἁγίαις
463 4567 593 4637 περὶ
624 4563 718 4619 τοῦ
763 4564 894 4618 Υίοῦ
929 4563 1096 4617 αὑτοῦ
1126 4562 1221 4617 τοῦ
1261 4563 1552 4635 γενομένου
1596 4566 1651 4618 ἐκ

1798 4565 1897 4617 lum
1924 4563 2090 4634 igitur
2122 4565 2236 4619 haec
2261 4564 2315 4619 in
2347 4565 2495 4620 hunc
2524 4566 2747 4621 modum
2780 4573 3000 4621 ostensa
3031 4565 3161 4631 sint,
3193 4574 3336 4620 tem-

115 4656 393 4727 σπέρματος
425 4657 589 4711 Δαϐὶδ
635 4655 777 4710 κατὰ
811 4655 1009 4728 σάρκα.
1047 4674 1065 4706 ι
1094 4655 1311 4708 Γένοιτο
1340 4655 1385 4708 δ’
1426 4654 1492 4709 ἂν
1528 4654 1653 4727 σύμ-

1792 4676 1870 4716 ιιιε
1895 4660 2008 4730 jam
2040 4675 2163 4715 esse
2199 4658 2413 4714 videtur
2445 4659 2736 4730 inspicere,
2783 4667 2837 4716 et
2868 4676 2933 4714 ex
2965 4675 3075 4731 quo
3108 4673 3330 4731 genere.

116 4763 243 4813 εξωνα
262 4752 429 4806 ταῦτα
459 4753 581 4814 ταῖς
606 4748 779 4814 οῦτως
818 4749 1067 4819 ἐχούσαις
1096 4748 1482 4820 προρρήσεσιν.
1626 4778 1631 4783 ι

1799 4759 1906 4804 tex
1942 4766 2049 4820 qua
2086 4749 2435 4805 Hebraeorum
2479 4751 2650 4815 tribu,
2687 4751 2993 4806 animarum
3023 4759 3336 4807 nostrarum

116 4839 333 4901 Salvator
358 4847 617 4902 Christus
677 4843 769 4900 Dei
810 4844 1126 4915 proditurus
1196 4842 1563 4897 nuntiaretur.
1602 4841 1870 4899 Caeterum
1914 4843 2017 4898 hac
2048 4845 2115 4899 de
2161 4860 2220 4901 re
2245 4845 2481 4915 primum
2517 4845 2684 4899 verba
2752 4845 2939 4900 citabo
2993 4845 3337 4914 evangelica,

115 4936 282 4992 deinde
306 4948 565 5009 tanquam
605 4947 763 4993 notas
784 4946 948 5007 atque
976 4934 1370 5006 impressiones
1411 4935 1649 4992 maxime
1685 4938 2148 5003 accommodatas,
2212 4939 2531 5009 prophetica
2571 4938 2682 4994 illis
2749 4938 3040 5011 adjungam
3103 4938 3343 4993 testimo-

115 5027 213 5084 nia.
243 5028 519 5086 blatthaeus
543 5044 675 5100 ergo
729 5029 937 5084 Christi
999 5044 1193 5099 genus,
1269 5037 1538 5099 quatenus
1581 5029 1648 5083 ad
1699 5030 1991 5084 humanam
2047 5031 2167 5099 ejus
2210 5040 2463 5087 naturam
2507 5016 2767 5102 pertinet,
2806 5034 2871 5087 in
2919 5032 3067 5086 hunc
3116 5028 3339 5084 modum

115 5120 386 5179 describit:
424 5142 443 5176 ι
475 5122 638 5178 Liber
671 5121 1043 5194 generationis
1087 5120 1216 5177 Jesu
1261 5120 1502 5186 Christi,
1558 5122 1653 5176 lilii
1694 5121 1885 5186 David,
1924 5122 2020 5176 lilii
2054 5123 2352 5179 Abraham.
2388 5124 2663 5179 Abraham
2726 5124 2915 5195 genuit
2970 5125 3149 5178 Isaac;
3190 5120 3344 5175 Isaac

114 5219 269 5266 autem
325 5213 516 5286 genuit
575 5209 765 5267 Jacoh.
821 5209 994 5267 Jacob
1056 5219 1238 5267 autem
1316 5213 1502 5282 genuit
1560 5210 1758 5267 Judam
1810 5212 1928 5278 ",r
1983 5218 2038 5267 et
2103 5228 2225 5283 quae
2292 5221 2619 5285 sequuntur.
2664 5212 2804 5268 Huic
2860 5227 2993 5268 vero
3046 5210 3345 5282 Apostolus

115 5316 304 5377 quoque
324 5304 645 5368 concordat,
681 5302 775 5373 qui
804 5302 958 5366 dicit,
1004 5320 1022 5353 ι
1055 5309 1400 5373 segregatum
1438 5317 1498 5357 se
1526 5318 1649 5359 esse
1689 5304 1743 5357 in
1778 5300 2131 5372 Evangelium
2170 5302 2288 5369 Dei,
2336 5304 2484 5376 quod
2523 5315 2649 5360 ante
2713 5304 3037 5374 promiserat
3066 5318 3163 5374 per
3216 5315 3341 5371 pro-

116 5393 284 5463 phetas
309 5412 436 5453 suos
467 5396 524 5451 in
556 5394 857 5466 Scripturis
896 5394 1101 5451 sanctis
1130 5394 1198 5450 de
1226 5392 1361 5449 Filio
1391 5409 1515 5460 suo,
1554 5395 1649 5465 qui
1690 5399 1868 5451 factus
1922 5403 2007 5451 est
2069 5411 2136 5451 ex
2194 5397 2401 5453 semine
2431 5396 2602 5454 David
2639 5400 2938 5455 secundum
2972 5409 3192 5453 carnem
3214 5392 3286 5454 ⁸⁸.
3314 5408 3341 5448 ι

116 5482 312 5544 Fuerint
333 5504 461 5546 vero
501 5489 619 5544 haec
641 5493 1009 5546 consentanea
1050 5488 1141 5554 iis,
1186 5503 1309 5560 quae
1341 5489 1416 5543 ita
1457 5503 1517 5545 se
1560 5488 1787 5556 habent,
1822 5489 2082 5546 oraculis.

186 5678 223 5720 "
254 5682 416 5743 Levit.
450 5703 565 5755 xxi,
600 5676 685 5742 l2.
761 5685 807 5719 ’³
841 5683 1030 5741 Matth.
1052 5700 1112 5752 ιι,
1134 5683 1228 5753 22,
1248 5683 1336 5743 25.
1414 5685 1458 5719 "'
1481 5680 1716 5742 Natum

881 5683 1030 5741 latth.
1052 5700 1112 5752 ιι,
1134 5683 1228 5753 22,
1248 5683 1336 5743 25.
1414 5685 1458 5719 "'
1481 5680 1677 5742 Matth.
1701 5700 1741 5752 ι,
1770 5684 1896 5751 1,2.
1969 5687 2015 5720 ⁹⁸
2044 5684 2204 5742 Rom.
2238 5701 2278 5753 ι,
2314 5685 2419 5741 1σ5.

1678 5921 1756 5950 νὴ
