3894 6526
549 409 646 466 551
1234 399 1502 456 EUSEDII
1538 399 2018 458 CASSABIENSIS
2053 402 2205 460 OPP.
2245 401 2423 458 PARS
2453 400 2518 458 ll-
2559 433 2628 440 —
2665 400 3171 460 APOLOGETICA.
3693 419 3780 472 δςξ

815 587 828 598 .
1157 513 1387 568 CAPUT
1427 513 1515 570 ιιι.
2160 524 2205 576 Α

2160 524 2205 576 Α
2763 518 3160 572 KEbAAAlON
3207 521 3279 572 ιν.

551 635 592 686 Δ
645 630 872 704 δεσυειιΙο
927 627 1391 704 Paralipomenon.
1431 657 1500 668 ~—
1533 625 1616 680 Ex
1639 639 1934 704 quo_gente
1972 639 2020 682 et
2061 645 2089 681 ε

2430 623 2550 704 ’τῆς
2591 625 2887 704 ’δευτέρας
2945 627 3076 704 τῶν.
3123 633 3672 704 Παραλειπομένων.
3723 669 3769 682 ι-

575 765 578 768 _
620 719 724 774 qua
748 699 1064 774 _Juda'orum
1101 698 1244 750 tribu
1283 695 1665 770 progressurus
1704 695 1948 755 Christus
1987 715 2113 768 pra:-

2317 695 2465 774 'A:z_¢5_
2499 696 2674 750 ποίου
2722 697 2938 774 τέγους
2972 699 3082 774 ﬁxa!
3129 695 3248 754 ἀάείι
3303 695 3484 770 ποῖαί·
3537 705 3773 774 Ἐϐραίων

620 772 912 828 dicebatur.
1287 769 1290 770 ⁷

2300 769 2504 850 φυίλῆς
2573 769 3048 848 προελεύσεσθαι
3113 775 3146 825 ό
3219 769 3477 842 Χριστὸς
3549 769 3771 850 alios”.

2300 851 2366 887 τε
2371 853 2436 888 υε
2441 853 2524 888 το.

619 949 880 1006 Dominus
911 965 1008 1021 per
1039 949 1256 1004 Nathan
1289 945 1607 1018 prophetam
1639 946 1754 1001 luce
1787 945 1954 1000 David
1989 962 2129 1016 pra:-

2313 943 2371 996 '0
2395 943 2598 1016 Κύριος
2627 945 2714 1002 διὰ
2743 945 2928 1002 Νάθαν
2958 949 3052 1002 τοῦ
3079 952 3357 1022 προφήτου
3391 953 3565 1009 ταῦτα
3593 959 3665 1030 τῷ
3691 967 3771 1012 Διι-

548 1043 704 1106 dieit,
733 1043 785 1096 in
819 1041 1063 1098 secundo
1085 1039 1312 1114 [primo]
1341 1037 1833 1108 Paralipomenon:
1861 1056 1878 1088 ι
1914 1037 1978 1091 Ει
1999 1039 2086 1094 erit

2235 1034 2318 1090 εἰδ
2372 1037 2614 1102 θεσπίζει
2667 1041 2724 1094 ἐν
2769 1040 2996 1113 δευτέρᾳ
3055 1043 3594 1118 Παραλειπομένων·
3635 1070 3652 1102 ι
3689 1053 3773 1106 Καὶ

553 1151 678 1188 cum
725 1135 980 1205 completi
1029 1135 1231 1189 fuerint
1261 1133 1379 1186 dies
1407 1132 1507 1196 tui,
1565 1141 1620 1185 et
1661 1131 1952 1186 dormieris
1999 1147 2091 1186 cur

2233 1127 2401 1194 ἔσται,
2431 1131 2525 1184 ἐὰν
2559 1133 2918 1205 πληρωθῶσιν
2967 1139 3022 1190 αἱ
3065 1139 3270 1212 ἡμέραι
3324 1157 3440 1206 σου,
3489 1143 3584 1196 καὶ
3611 1162 3771 1215 κοιμη-

546 1230 788 1298 palribus
817 1229 946 1290 tuis,
985 1227 1263 1282 suscitabo
1309 1241 1495 1280 semen
1528 1233 1682 1278 tuum
1717 1233 1838 1294 post
1871 1234 1945 1291 te,
1977 1242 2084 1296 quo

2234 1221 2368 1294 θήσῃ
2425 1223 2564 1294 μετὰ
2596 1225 2706 1278 τῶν
2762 1227 3010 1300 πατέρων
3068 1247 3184 1294 σου,
3249 1233 3341 1286 καὶ
3401 1234 3680 1304 ἀναστήσω
3727 1239 3772 1290 τὸ

541 1323 645 1375 erit
674 1336 736 1375 ex
761 1330 950 1374 ventre
980 1329 1094 1382 tuo,
1128 1333 1181 1374 et
1205 1318 1407 1388 parabo
1429 1333 1658 1387 regnum
1685 1317 1826 1385 ejus.
1853 1315 1974 1388 Ipse
1995 1319 2075 1372 ted

2233 1312 2450 1383 σπέρμα
2502 1332 2594 1368 σου
2631 1315 2770 1385 μετὰ
2807 1317 2886 1380 σὲ,
2923 1318 2980 1382 ὃς
3020 1320 3171 1374 ἔσται
3217 1323 3282 1376 ἐκ
3311 1325 3409 1395 τῆς
3453 1327 3655 1390 κοιλίας
3681 1346 3771 1388 σου.

545 1415 728 1468 [leabit
757 1414 888 1466 mihi
922 1414 1144 1468 domum
1175 1413 1231 1466 in
1261 1412 1486 1466 nomine
1515 1425 1658 1474 meo,
1709 1418 1764 1464 et
1797 1409 2000 1480 erigam
2041 1425 2083 1464 St

2235 1405 2322 1456 καὶ
2364 1405 2636 1476 ἑτοιμάσω
2665 1409 2763 1479 τὴν
2802 1409 3076 1477 βασιλείαν
3107 1411 3290 1467 αὑτοῦ.
3319 1415 3493 1480 Αὐτὸς
3530 1420 3773 1492 οίκοδιιμή-

540 1504 663 1559 dem
695 1505 814 1574 ejus
847 1521 1021 1574 usque
1051 1503 1104 1558 in
1137 1503 1552 1572 sempiternum.
1585 1502 1696 1572 Ego
1719 1518 1813 1556 ero
1836 1504 1910 1556 illi
1941 1504 1996 1558 iu
2026 1519 2078 1574 p:

2233 1509 2312 1544 σει
2341 1491 2488 1547 οἶκον
2513 1494 2591 1566 τῷ
2615 1496 2840 1566 ὀνόματί
2867 1516 2994 1568 μου,
3023 1503 3118 1554 καὶ
3161 1503 3455 1575 ἀνορθώσω
3492 1505 3670 1576 θρόνον
3695 1491 3771 1564 αὑ-

539 1604 712 1658 trem,
763 1595 919 1666 351
951 1601 1004 1649 et
1061 1595 1176 1663 ipse
1229 1593 1336 1645 erit
1395 1591 1529 1645 mihi
1576 1589 1632 1644 in
1679 1590 1942 1646 lilium".
1989 1611 2007 1642 ι
2065 1589 2077 1642 1

2231 1583 2318 1636 τοῦ
2353 1587 2432 1649 εἰς
2475 1587 2566 1639 τὸν
2608 1589 2792 1642 αἰῶνα.
2838 1589 2976 1659 Ἐγὼ
3017 1593 3210 1664 ἔσομαι
3255 1597 3406 1668 αὑτῷ
3449 1601 3534 1662 εἰς
3577 1603 3769 1676 πατέρα,

540 1697 736 1742 octavo
766 1697 946 1740 autem
987 1693 1042 1739 et
1074 1683 1412 1753 octogesimo
1438 1681 1652 1751 psalmo
1681 1681 1749 1736 de
1780 1679 1970 1736 eodem
2008 1691 2078 1734 tau

2235 1679 2319 1732 καὶ
2348 1681 2508 1744 αὐτὸς
2534 1679 2685 1734 ἔσται
2728 1701 2818 1754 μοι
2861 1686 2940 1744 εἰς
2968 1687 3102 1740 υἱόν.
3135 1707 3154 1738 ι
3192 1690 3302 1743 Καὶ
3332 1692 3390 1744 ἐν
3424 1691 3598 1764 ὀγδόῳ
3626 1693 3674 1748 δὲ
3699 1696 3773 1750 καὶ

539 1795 704 1850 quam
748 1779 816 1832 de
855 1776 1022 1830 David
1083 1775 1230 1830 dicta
1273 1775 1386 1829 haec
1422 1782 1592 1828 sunt:
1625 1795 1644 1827 ι
1681 1773 1802 1844 lpse
1849 1775 2077 1828 invocab

2229 1774 2567 1847 ὀγδοηκοστῷ
2592 1775 2791 1848 ψαλμῷ
2816 1779 2942 1850 περὶ
2989 1779 3082 1832 τοῦ
3115 1782 3300 1846 αὑτοῦ,
3335 1784 3412 1848 ὡς
3457 1787 3588 1857 περὶ
3617 1789 3767 1850 Δαείδ,

539 1885 646 1936 me,
673 1878 824 1932 pater
863 1884 1015 1922 meus
1045 1883 1104 1922 CS
1145 1877 1225 1930 ιιι,
1251 1866 1396 1922 Deus
1432 1883 1588 1922 meus
1616 1875 1669 1921 et
1709 1878 1995 1936 SUSCCplOl’
2033 1882 2077 1920 δε

2229 1867 2348 1920 τάδε
2377 1866 2592 1940 εἴρηται
2615 1886 2628 1898 ·
2665 1889 2682 1919 ι
2723 1867 2896 1934 Αὐτὸς
2927 1871 3312 1928 ἐπικαλέσεταί
3343 1893 3412 1946 με
3431 1894 3444 1906 ·
3477 1878 3664 1951 Πατήρ
3691 1899 3767 1950 μου

542 1962 670 2016 Iutis
701 1976 854 2015 meae.
880 1959 946 2014 Et
979 1975 1079 2030 ego
1113 1960 1536 2030 primogenitum
1573 1974 1772 2029 ponam
1817 1957 1992 2022 illum,
2024 1973 2080 2011 es

2228 1955 2276 2012 εἰ
2301 1959 2386 2022 σὺ,
2419 1959 2552 2023 Θεός
2579 1978 2699 2031 μου,
2736 1963 2831 2014 καὶ
2857 1963 3202 2036 ἁντιλήπτωρ
3224 1967 3322 2038 τῆς
3358 1973 3630 2041 σωτηρίας
3655 1989 3766 2038 μου·

537 2055 746 2108 celsum
777 2068 886 2122 prae
931 2053 1151 2124 regibus
1179 2061 1371 2118 terra};
1403 2051 1458 2106 in
1489 2058 1750 2106 :eternum
1785 2050 2014 2105 servabo
2043 2050 2075 2103 il

2229 2049 2379 2118 κάγὼ
2419 2052 2758 2121 πρωτότοκον
2781 2053 3013 2125 θήσομαι
3046 2056 3228 2121 αὑτὸν,
3265 2059 3467 2130 ὑψηλὸν
3505 2063 3650 2132 παρὰ
3683 2066 3767 2126 τοῖς

541 2145 977 2202 misericordiam
1007 2161 1206 2210 meam,
1239 2154 1292 2202 et
1327 2153 1716 2200 testamentum
1753 2160 1932 2198 meum
1963 2144 2079 2198 ﬁdei

2231 2143 2502 2213 βασιλεῦσι
2529 2147 2628 2216 τῆς
2666 2147 2799 2217 γῆς·
2838 2149 2918 2210 εἰς
2948 2148 3037 2200 τὸν
3081 2149 3252 2202 αίῶνα
3291 2151 3513 2220 φυλάξω
3558 2155 3692 2224 αὑτῷ
3725 2155 3769 2207 τὸ

539 2237 644 2308 ipsi
674 2239 741 2292 ’⁷.
777 2231 794 2289 ἰ
835 2237 899 2291 Ει
931 2255 1126 2294 rursus
1157 2257 1170 2292 :
1205 2255 1224 2290 ι
1251 2235 1440 2292 Juravi
1477 2237 1646 2292 David
1694 2252 1854 2292 servo
1882 2251 2026 2302 meo,
2062 2237 2076 2289 i

2231 2231 2368 2300 Ξλὲός
2411 2254 2536 2307 μου,
2587 2238 2682 2291 καὶ
2725 2239 2758 2308 ἡ
2802 2239 3034 2310 διαθήκη
3083 2258 3182 2310 μου
3217 2243 3380 2314 πιστὴ
3415 2244 3604 2314 αὐτῷ·
3647 2265 3663 2296 ι
3697 2247 3769 2300 καὶ

539 2329 797 2383 saeculum
821 2330 1026 2398 parabo
1053 2345 1242 2384 semen
1269 2335 1446 2394 tuum,
1471 2335 1524 2382 et
1548 2327 1834 2382 aediﬁcabo
1866 2328 1918 2380 in
1953 2343 2077 2399 gem

2229 2325 2374 2392 αὖθις
2400 2347 2412 2358 ·
2451 2349 2468 2380 ι
2506 2331 2717 2402 Ὠμοσα
2749 2331 2912 2384 Δαϐὶδ
2937 2331 3015 2402 τῷ
3053 2332 3222 2404 δούλῳ
3260 2352 3359 2404 μου
3382 2353 3395 2366 ·
3435 2337 3585 2400 Ἕως
3609 2339 3767 2402 αἰῶνος

538 2417 806 2470 rationem
857 2425 911 2471 et
965 2417 1372 2488 generationem
1439 2417 1623 2473 sedem
1687 2424 1836 2470 tuam
1868 2418 1934 2472 ’⁸.
1969 2436 1989 2470 ι
2055 2417 2076 2469 ῐ

2229 2420 2494 2490 ἑτοιμάσω
2518 2419 2578 2472 τὸ
2605 2421 2824 2492 σπέρμα
2859 2439 2973 2484 σου,
3001 2423 3093 2476 καὶ
3125 2424 3463 2496 οἰκοδομήσω
3497 2430 3578 2492 εἰς
3609 2429 3767 2497 γενεὰν

539 2503 774 2562 rursus:
814 2525 832 2557 ι
866 2505 1044 2562 Semel
1090 2507 1272 2576 juravi
1317 2507 1370 2560 in
1409 2517 1602 2561 sancto
1659 2523 1800 2570 meo,
1857 2508 1904 2562 si
1949 2505 2076 2560 Davi

2229 2512 2312 2562 καὶ
2352 2511 2544 2578 γενεὰν
2571 2511 2663 2563 τὸν
2711 2511 2898 2583 θρόνον
2943 2531 3038 2566 σου
3061 2531 3074 2544 ·
3109 2535 3126 2566 ι
3171 2517 3264 2568 καὶ
3312 2517 3474 2570 πάλιν
3500 2534 3514 2549 ·
3569 2538 3588 2570 ι
3621 2521 3767 2586 ’Δπαξ

539 2601 792 2664 mentiar,
824 2615 1008 2656 semen
1038 2600 1158 2668 ejus
1195 2601 1250 2655 in
1284 2608 1550 2654 aeternum
1585 2599 1848 2662 manebit,
1879 2607 1932 2652 el.
1965 2599 2077 2652 tlirc

2231 2601 2408 2671 ὤμοσα
2451 2604 2506 2654 ἐν
2549 2601 2625 2672 τῷ
2657 2604 2794 2673 ἁγίῳ
2842 2621 2972 2672 μου·
3009 2606 3070 2658 Εἰ
3097 2605 3174 2676 τῷ
3210 2607 3374 2660 Δαόὶδ
3414 2609 3697 2680 ψεύσομαι,
3723 2613 3769 2662 τὸ

535 2707 641 2746 nus
668 2692 786 2758 ejus
812 2692 953 2747 sicut
985 2693 1066 2748 sol
1098 2694 1151 2746 in
1197 2703 1496 2764 conspectu
1547 2709 1688 2755 meo,
1723 2701 1777 2746 et
1816 2693 1960 2746 sicut
1991 2693 2073 2746 Iun

2227 2694 2438 2764 σπέρμα
2467 2693 2630 2747 αὑτοῦ
2661 2697 2739 2758 εἰς
2771 2695 2860 2748 τὸν
2895 2695 3064 2750 αἰῶνα
3099 2703 3266 2767 μενεῖ,
3293 2701 3386 2754 καὶ
3416 2703 3444 2754 ὁ
3493 2701 3674 2772 Θρόνος
3691 2705 3765 2755 αὖα

535 2783 777 2854 perfecta
808 2785 860 2836 in
896 2785 1241 2838 aiternum”.
1275 2803 1291 2835 ι
1324 2781 1389 2835 Et
1413 2800 1608 2839 rursus
1640 2803 1653 2838 :
1689 2803 1706 2834 ι
1739 2783 1804 2836 Et
1829 2799 2028 2854 ponam
2061 2783 2073 2836 i

2231 2783 2330 2846 τοῦ,
2358 2785 2432 2848 ὡς
2457 2785 2608 2856 ἣλιος
2639 2788 2876 2841 ἐναντίον
2914 2807 3035 2860 μου,
3069 2793 3160 2843 καὶ
3189 2793 3264 2848 ὡς
3297 2794 3330 2864 ἡ
3372 2794 3570 2866 σελήνη
3600 2812 3769 2866 κατηρ-

536 2877 796 2930 εαειιιιιιη
844 2875 1033 2928 saaculi
1080 2890 1266 2930 semen
1314 2873 1436 2944 ejus
1465 2875 1504 2928 ί.
1543 2895 1560 2928 ι
1605 2874 1831 2930 Fuerint
1860 2890 1990 2930 vero
2033 2875 2074 2927 ιιι

2227 2876 2444 2947 τισμένη
2477 2879 2556 2940 εἰς
2583 2877 2673 2929 τὸν
2711 2879 2882 2932 αἰῶνα
2906 2897 2918 2908 ·
2965 2899 2983 2932 ι
3018 2881 3108 2934 καὶ⁵
3139 2879 3296 2946 αὖθις
3318 2900 3331 2913 ⁸
3371 2903 3388 2936 ι
3421 2887 3532 2938 Καὶ
3567 2888 3765 2960 θήσομαι

535 2965 734 3022 similia
769 2969 930 3020 etiam
980 2967 1069 3019 illa
1111 2969 1166 3018 in
1198 2965 1400 3036 quibus
1448 2967 1656 3022 dictum
1691 2975 1774 3022 est
1803 2987 1816 3021 :
1856 2987 1874 3018 ι
1905 2965 2070 3022 Jurav

2228 2969 2296 3030 εἰς
2320 2967 2412 3020 τὸν
2437 2968 2610 3021 αἰῶνα
2639 2970 2732 3022 τοῦ
2763 2971 2956 3036 αἰῶνος
2984 2973 3044 3024 τὸ
3077 2975 3296 3043 σπέρμα
3325 2976 3512 3032 αὑτοῦ.
3547 2998 3567 3030 ι
3601 2981 3766 3048 Ὅμοια

538 3059 801 3111 Dominus
833 3057 1001 3112 David
1028 3060 1334 3122 veritatem,
1359 3069 1411 3114 et
1435 3074 1542 3113 non
1575 3059 1931 3112 frustrabitur
1949 3072 2074 3112 eum

2229 3061 2260 3114 5‘
2295 3061 2360 3116 ἂν
2398 3063 2482 3134 εἴη
2526 3064 2736 3128 τούτοις
2783 3067 2876 3118 καὶ
2913 3065 2980 3118 τὰ
3027 3067 3093 3120 δι’
3121 3059 3194 3120 ὧν
3234 3069 3480 3141 εἴρηται·
3539 3075 3767 3145 ‹·Ὠμοσι

533 3149 601 3204 de
635 3151 814 3204 fructu
850 3151 1056 3205 ventris
1093 3153 1171 3205 tui
1203 3167 1398 3220 ponam
1431 3167 1598 3221 super
1621 3152 1803 3205 sedem
1838 3161 1986 3204 tuam
2013 3151 2053 3206 '.

2229 3151 2423 3224 Κύριος
2447 3154 2525 3224 τῷ
2565 3155 2726 3206 Δαϐὶδ
2766 3155 3042 3228 ἀλήθειαν,
3075 3152 3166 3210 iui.
3199 3160 3285 3210 οὑ-
3307 3160 3380 3232 μὴ
3429 3162 3661 3234 ἀθετήσῃ
3691 3164 3767 3216 αὖ·

535 3241 794 3296 Salomon
843 3244 1086 3313 quidem,
1134 3260 1258 3298 cum
1308 3255 1453 3300 esset
1500 3243 1647 3298 lilius
1699 3242 1891 3306 David,
1937 3241 2073 3297 eidei

2233 3243 2305 3297 τόν
2330 3261 2343 3273 ⁵
2379 3246 2442 3296 ἐκ
2477 3244 2690 3316 καρποῦ
2719 3247 2814 3316 τῆς
2836 3247 3039 3310 κοιλίας
3067 3265 3157 3302 σου
3181 3249 3411 3320 θήσομαι
3441 3255 3533 3306 ἐπὶ
3561 3255 3646 3306 τὸν
3667 3255 3771 3325 Opi.

533 3335 710 3404 palam
753 3336 808 3389 in
841 3351 1008 3407 regno
1044 3339 1314 3392 successit
1346 3356 1359 3391 :
1389 3338 1478 3392 hic
1520 3338 1681 3392 etiam
1714 3335 2071 3407 llicrosolymi

2227 3353 2307 3389 vov
2338 3353 2452 3390 σου.
2487 3357 2505 3387 ι
2539 3337 2810 3408 Σολομὼν,
2837 3342 2964 3401 παῖς
2981 3339 3087 3410 ,μὲν
3126 3339 3200 3394 ὣν
3229 3341 3321 3394 τοῦ
3352 3343 3536 3408 Δαῦὶδ,
3573 3347 3660 3398 καὶ
3685 3346 3765 3415 τῆς

533 3426 742 3506 primus
785 3427 892 3482 Deo
940 3430 1204 3498 templum
1249 3429 1558 3484 aediﬁcavit.
1599 3429 1757 3484 llunc
1793 3429 1980 3498 itaque
2017 3444 2071 3483 su

2227 3427 2493 3498 βασιλείας
2521 3429 2762 3500 διάδοχος
2793 3430 3028 3500 πέφηνεν
3060 3432 3502 3506 ὁμολογουμένως
3521 3453 3534 3466 ·
3565 3433 3765 3500 οὗτοςᾶ

505 3519 730 3588 .Spicari
775 3518 994 3578 Judazos
1027 3523 1178 3576 illum
1224 3538 1368 3584 esse,
1417 3524 1484 3578 de
1527 3539 1640 3592 quo
1688 3523 1987 3594 prepbetize
2031 3522 2043 3574 Ι

2227 3521 2312 3574 καὶ
2341 3521 2432 3574 τὸν
2473 3525 2530 3576 ὲν
2570 3523 2958 3594 Ἰεροσολύμοις
2985 3523 3118 3579 νεὼν
3147 3526 3224 3597 τῷ
3257 3527 3374 3598 Θεῷ
3417 3530 3626 3600 πρῶτος
3655 3529 3765 3583 ἐδεί-

528 3619 794 3682 quuntur,
819 3614 1114 3670 verisimile
1134 3621 1238 3669 est.
1267 3611 1372 3668 Sed
1407 3613 1648 3676 videant,
1672 3629 1880 3684 quaeso,
1913 3613 2066 3666 Judaa

2227 3627 2378 3680 ματο.
2417 3611 2526 3663 Καὶ
2550 3609 2737 3663 τοῦτον
2763 3611 2908 3674 εἰκὸς
2943 3614 3310 3686 ὑπολήψεσθαι
3337 3619 3462 3680 τοὺς
3489 3621 3552 3670 ἐκ
3585 3635 3765 3688 περιτο-

529 3717 662 3756 num
731 3705 798 3758 ad
859 3703 1208 3760 Salomonem
1281 3703 1486 3762 referre
1553 3707 1836 3760 oraculum
1896 3706 2067 3776 possit

2226 3701 2326 3770 μῆς
2355 3697 2445 3753 τὸν
2479 3701 2950 3772 προφητευόμενον
2977 3701 3114 3756 εἶναι
3134 3721 3147 3733 ·
3177 3703 3270 3767 οὓς
3309 3705 3600 3774 ἐπιστῆσαι
3629 3706 3764 3760 καλὸν

527 3796 676 3868 quod
726 3798 800 3850 ita
843 3799 965 3852 ait:
1008 3818 1024 3850 ι
1057 3797 1124 3852 Ει
1177 3799 1384 3869 erigam
1445 3799 1628 3854 sedem
1670 3799 1791 3868 ejus
1833 3813 2008 3868 usque
2054 3800 2065 3852 i

2225 3797 2263 3847 εἰ
2285 3793 2395 3848 οἷόν
2427 3811 2486 3846 τε
2510 3791 2617 3847 εἷεν
2654 3795 2729 3864 (l)
2761 3795 2854 3846 ἐπὶ
2883 3795 3170 3866 Σολομῶνα
3189 3797 3410 3866 ἀνάγειν
3433 3799 3523 3852 τὸν
3548 3800 3763 3870 χρησμὸν

529 3890 924 3958 sempiternum
953 3908 966 3952 ;
999 3909 1018 3941 ι
1067 3898 1122 3944 et
1173 3905 1366 3945 rursus
1417 3890 1564 3959 quod
1591 3906 1712 3944 cum
1741 3890 2067 3960 jurisjuram

2225 3887 2493 3956 φάσκοντα
2511 3905 2524 3916 ·
2557 3905 2574 3938 ι
2609 3888 2716 3940 Καὶ
2749 3886 3043 3959 ἀνορθώσω
3073 3887 3162 3942 τὸν
3189 3889 3375 3960 θρόνον
3407 3889 3570 3944 αὑτοῦ
3597 3893 3670 3954 εἰς
3691 3891 3763 3942 τὶν

530 3978 890 4036 allirmalione
931 3981 1236 4051 pollicitum
1288 3997 1410 4037 esse
1465 3981 1632 4036 Deum
1669 3982 1724 4036 in
1770 3990 1963 4037 sancto
2007 3999 2068 4037 su

2223 3977 2417 4031 αἰῶναο
2455 3999 2472 4030 ι
2511 3979 2603 4030 καὶ
2632 3974 2786 4039 αὖθις
2821 3979 2938 4050 μεθ’
2966 3980 3129 4051 ὅρκου
3172 3980 3468 4045 διατάσεως
3501 3979 3761 4052 ὀμωμοκέ-

528 4069 762 4134 inducit,
795 4070 1034 4124 futuram
1072 4071 1256 4126 sedem
1289 4072 1431 4142 ejus,
1471 4087 1630 4142 quem
1661 4081 1949 4127 venturum
1981 4088 2066 4142 prc

2224 4085 2303 4120 ναι
2348 4063 2438 4121 τὸν
2480 4067 2612 4122 Θεὸν
2660 4070 2716 4120 ὲν
2747 4069 2822 4139 τῷ
2854 4069 2992 4140 ἁγίῳ
3037 4069 3223 4134 αὑτοῦ,
3287 4071 3364 4134 ὡς
3399 4073 3514 4143 ἄρα
3565 4075 3702 4137 ἔσται
3739 4070 3762 4120 ὁ

529 4161 704 4231 {betae
731 4171 956 4228 canunt,
989 4163 1130 4216 sicut
1159 4163 1352 4226 solem,
1390 4171 1444 4218 et
1469 4165 1609 4218 sicut
1645 4164 1765 4220 dies
1793 4165 1938 4218 casti.
1972 4163 2067 4218 Nai

2223 4157 2400 4228 θρόνος
2433 4159 2526 4212 τοῦ
2561 4161 3060 4230 προφητευομὲνου,
3093 4161 3169 4225 ὡς
3209 4163 3236 4214 ὸ
3263 4163 3410 4232 ἣλιος
3443 4165 3538 4216 καὶ
3571 4167 3620 4216 αἰ
3647 4161 3761 4232 ἡμέ-

529 4254 576 4310 si
607 4255 731 4324 quis
768 4255 922 4324 regni
965 4255 1276 4309 Saloinouis
1318 4262 1536 4325 tempus
1579 4255 1843 4326 inquirat,
1876 4255 2067 4325 quadr:

2224 4266 2306 4320 ραι
2339 4249 2433 4301 τοῦ
2497 4249 2727 4322 οὐρανοῦ
2748 4267 2762 4279 ·
2825 4253 2873 4303 εἰ
2920 4251 3028 4323 γὰρ
3061 4252 3122 4324 δή
3157 4270 3238 4316 τις
3269 4255 3394 4318 τοὺς
3441 4256 3654 4325 χρόνους
3691 4251 3762 4318 ἐξ·

527 4346 675 4417 ginta
699 4363 806 4400 non
839 4349 1072 4418 amplius
1111 4362 1285 4402 annos
1329 4347 1604 4416 inveniet;
1639 4347 1784 4417 quod
1821 4349 1866 4402 si
1909 4361 2065 4400 eorui

2221 4341 2424 4393 ετάσειε
2453 4341 2551 4412 τῆς
2595 4340 2688 4394 τοῦ
2721 4341 3029 4412 Σολομῶνος
3061 4343 3353 4414 βασιλείας,
3381 4347 3759 4417 τεσσαράκοντα

527 4439 621 4509 qui
655 4439 730 4492 illi
771 4440 1143 4494 successerint
1177 4438 1232 4494 in
1279 4454 1550 4494 summam
1596 4439 1822 4510 redigat,
1864 4453 1932 4491 ne
1963 4444 2065 4490 tote

2221 4433 2330 4503 ἐτη,
2361 4435 2420 4486 οὑ
2451 4433 2672 4486 πλείονα
2702 4435 2942 4506 εὑρήσει.
2973 4435 3037 4488 Εί
3061 4435 3120 4488 δὲ
3150 4439 3243 4490 καὶ
3270 4436 3380 4490 τῶν
3401 4437 3649 4508 διαδόχων
3675 4435 3759 4487 αὑ-

524 4531 744 4604 quidem
801 4531 1131 4602 quingentos
1195 4547 1372 4588 annos
1417 4532 1541 4584 illos
1601 4547 1792 4586 omnes
1849 4545 2062 4599 regnas:

2219 4525 2305 4578 τοῦ
2334 4524 2568 4590 συνάξοι,
2609 4526 2715 4578 οὐδ’
2743 4527 2829 4596 ἐφ’
2862 4527 3004 4590 ὅλοις
3032 4529 3403 4590 πεντακοσίοις
3431 4529 3606 4583 ἔτεσιν
3629 4527 3757 4596 εὖροι

524 4623 838 4694 comperiet.
894 4621 1001 4676 Sed
1047 4621 1417 4676 concedamus
1466 4637 1562 4676 eos
1595 4635 1770 4690 usque
1814 4620 1880 4673 ad
1930 4627 2062 4674 extre

2219 4617 2280 4670 ἂν
2309 4618 2434 4680 τοὺς
2459 4617 2670 4681 πᾶντας
2707 4619 3138 4690 διαγενομένους.
3189 4620 3344 4674 Ἀλλὰ
3379 4619 3521 4674 ἔστω
3550 4619 3664 4682 τοὺς
3683 4617 3757 4670 αὑ-

525 4731 670 4770 mam
703 4714 944 4770 Judaica:
979 4715 1157 4786 gentis
1195 4713 1562 4776 obsidionem,
1587 4727 1694 4782 qua
1717 4709 1948 4764 Romani
1983 4711 2063 4764 illc

2217 4711 2335 4774 τοὺς
2361 4712 2454 4764 καὶ
2501 4711 2662 4781 μέχρι
2703 4711 2802 4783 τῆς
2833 4713 3070 4785 ὑστάτης
3108 4713 3212 4767 ὑπὸ
3253 4715 3536 4785 Ῥωμαίων
3569 4711 3755 4780 πολιορ-

523 4813 1016 4876 expugnaverunt,
1061 4823 1289 4876 regnum
1341 4818 1722 4867 conservasse,
1775 4801 1908 4872 quid
1958 4802 2061 4856 istu

2215 4805 2329 4869 κίας
2361 4805 2454 4858 τοῦ
2491 4805 2757 4858 Ἰουδαίων
2801 4805 2987 4870 ἔθνους
3024 4806 3302 4878 διαρκέσαι
3337 4805 3680 4876 νομίζεσθαι·
3711 4799 3753 4852 τί

527 4901 742 4968 tandem
781 4899 851 4953 ad
891 4901 1232 4970 prophetiam
1267 4914 1388 4968 quae
1435 4898 1532 4958 ait,
1588 4915 1606 4948 ι
1638 4895 1692 4948 in
1739 4892 2047 4948 mternum?

2210 4898 2298 4956 οὖν
2327 4901 2483 4954 τοῦτο
2513 4901 2650 4972 πρὸς
2681 4901 2779 4972 τὴν
2823 4901 3180 4972 προφητείαν,
3225 4919 3242 4950 ι
3293 4901 3372 4963 εἰς
3405 4901 3494 4953 τὸν
3527 4901 3700 4959 αἰῶνα,
3733 4914 3748 4946 ι

533 5002 586 5049 et
618 5009 738 5062 qua:
769 5001 826 5045 ut
857 4993 1026 5046 sulem
1066 4999 1230 5060 atque
1276 4999 1335 5044 ut
1367 4989 1484 5044 dies
1531 4989 1652 5042 cmli
1687 4998 2071 5056 permansuran

2211 4995 2300 5048 καὶ
2326 4994 2400 5058 ὼς
2448 4994 2537 5048 τὸν
2569 4993 2740 5064 ἥλιον,
2770 4995 2862 5046 καὶ
2903 4993 2977 5056 ὡς
3007 4993 3107 5056 τὰς
3157 4991 3370 5064 ἡμέρας
3413 4991 3508 5046 τοῦ
3551 4986 3749 5064 οὐρανοῦ

527 5086 674 5140 illam
710 5083 894 5140 sedem
939 5083 1125 5137 canit?
1153 5080 1285 5136 Illud
1326 5095 1476 5142 vero,
1519 5097 1537 5129 ι
1579 5076 1643 5130 Ει
1681 5092 1782 5148 ego
1813 5089 1909 5131 ero
1939 5075 2014 5128 illi
2047 5073 2061 5126 i

2209 5085 2476 5156 διαμενεῖν
2537 5085 2628 5137 τὸν
2675 5085 2861 5156 θρόνον
2912 5083 3076 5140 αὑτοῦ
3131 5085 3526 5148 θεσπίζουσαν;
3577 5083 3638 5136 Τὸ
3681 5081 3747 5142 δὲ.

523 5191 754 5254 patrem,
805 5189 858 5235 et
905 5180 1022 5250 ipse
1070 5179 1177 5232 erit
1236 5175 1368 5230 mihi
1419 5175 1472 5227 iu
1527 5173 1718 5238 ﬁlium,
1755 5190 1774 5224 ι
1827 5172 1920 5240 qui
1981 5167 2061 5223 [iet

2209 5197 2228 5229 ι
2257 5180 2366 5232 Καὶ
2394 5177 2503 5247 ἐγὼ
2541 5178 2733 5249 ἔσομαι
2767 5175 2914 5248 αὑτῷ
2943 5179 3023 5241 είς
3051 5177 3280 5248 πατέρα,
3315 5177 3408 5230 καὶ
3433 5177 3586 5239 αὐτὸς
3613 5175 3747 5228 ἔσται

519 5285 699 5346 potest
745 5280 806 5328 ut
849 5271 1128 5327 Salomoni
1176 5266 1487 5328 conveniat,
1543 5263 1762 5334 quando
1811 5263 1992 5334 palam
2041 5259 2056 5313 i

2207 5285 2296 5340 μοι
2325 5271 2405 5331 εἰς
2432 5269 2565 5330 υἰὺν,
2597 5286 2614 5318 ι
2647 5267 2762 5330 πῶς
2795 5266 2860 5320 ἂν
2885 5265 2962 5336 τῷ
2989 5265 3260 5337 Σολομῶνι
3296 5265 3579 5338 ἁρμόζοιεν
3601 5282 3613 5330 ;
3639 5264 3745 5316 Ὅτε

517 5365 746 5424 historia
789 5381 910 5438 qua:
960 5371 1028 5420 de
1067 5366 1161 5418 illo
1213 5367 1414 5420 exstat,
1453 5356 1806 5412 abhorrentia
1849 5355 2055 5424 longiss

2207 5357 2495 5430 διαρρήδην
2530 5360 2562 5430 ἡ
2595 5357 2736 5428 κατὰ
2771 5358 2932 5410 αὑτὸν
2964 5358 3192 5427 ἱστορία,
3223 5355 3475 5430 ἀλλότρια
3503 5358 3589 5410 καὶ
3615 5357 3745 5422 ἀπῳ-

519 5477 712 5530 meque
737 5469 942 5514 remota
967 5458 1036 5510 ab
1057 5453 1348 5524 adeptione
1373 5451 1464 5506 Dei
1501 5451 1568 5505 de
1599 5451 1692 5504 illo
1716 5449 1920 5518 prodit.
1953 5449 2057 5502 Aut

2205 5451 2436 5524 κισμένα
2469 5451 2566 5520 τῆς
2595 5449 2688 5503 τοῦ
2720 5449 2854 5502 Θεοῦ
2882 5451 3236 5520 εἰσποιήσεως
3278 5449 3407 5522 περὶ
3441 5448 3595 5503 αὑτοῦ
3619 5447 3743 5499 διδά-

520 5553 691 5624 igitur
721 5567 884 5622 quam
921 5551 1069 5604 illius
1101 5549 1509 5604 accusationem
1544 5545 1828 5613 complexa
1861 5542 1961 5597 sit:
1990 5541 2058 5594 «Ε

2203 5559 2344 5596 σκει.
2375 5543 2577 5594 Ἀκουε
2616 5541 2661 5594 δ’
2691 5537 2784 5593 οὖν
2826 5541 2958 5592 οἵαν·
2985 5541 3316 5612 κατηγορίαν
3344 5539 3506 5593 αὑτοῦ
3537 5533 3739 5592 καταλέ-

589 5665 636 5696 ⁹⁶
675 5663 696 5718 Ι
743 5663 852 5716 Par
877 5705 890 5719 .
933 5679 1067 5727 xvu,
1091 5661 1269 5716 ll-H.
1365 5661 1410 5692 "
1439 5659 1586 5718 Psal.
1627 5675 1893 5715 Lxxxvm.
1921 5657 2117 5714 οπερ.-

2183 5658 2230 5690 ⁹³¹
2260 5658 2394 5714 ibid.
2419 5657 2472 5720 4,
2498 5657 2553 5711 5.
2631 5655 2676 5687 θ’
2717 5655 2850 5712 ibid.
2881 5653 3062 5712 ’ὅθ-58.
3141 5655 3159 5686 ¹
3189 5653 3325 5710 ibid.
3381 5656 3470 5713 30.
3545 5655 3566 5684 '
3587 5649 3695 5708 Psai

516 5749 702 5798 cum,
737 5736 822 5788 ll.

589 5827 666 5898 (I)
705 5821 844 5880 οἶόν
873 5843 937 5879 τε
963 5820 1102 5881 εἷεν.
1136 5822 1297 5878 Forte
1329 5821 1618 5892 legendum
1649 5820 1738 5876 vel
1777 5813 1876 5872 οἷοί
1903 5835 1958 5872 τε
1985 5813 2116 5885 εἷεν,

1254 5831 1297 5878 te
1329 5821 1618 5892 legendum
1649 5820 1738 5876 vel
1777 5813 1876 5872 οἷοί
1903 5835 1958 5872 τε
1985 5813 2116 5885 εἷεν,
2151 5819 2228 5874 vel
2261 5815 2372 5872 οἶόν
2401 5834 2458 5869 τε
2490 5817 2594 5887 εἴη.
2639 5815 2792 5871 Εοιτ.
