3894 6524
144 430 230 488 555
1027 431 1682 490 DEMONSTRATIONIS
1724 434 2180 491 EV’ANGELICIE
2225 435 2351 490 LIB.
2396 435 2508 491 VII.

3252 440 3318 491 53
3331 439 3356 490 ι

142 571 241 624 γειο
271 573 289 604 ι
317 554 418 606 Καὶ
454 553 705 625 Σολομὼν
734 552 804 624 ἦν
843 556 1239 624 φιλογύναικος,
1284 559 1380 610 καὶ
1408 557 1566 609 ἔλαϐε
1593 575 1672 624 γυ-

1791 556 2045 611 Salomon
2079 555 2179 612 fuit
2227 557 2516 611 mulierum
2562 563 2789 615 amator,
2825 563 2875 609 et
2924 556 3130 624 accepit
3177 568 3357 610 exter-

142 650 305 709 ναίκας
336 645 620 718 ἀλλοτρίας
654 647 874 712 πολλὰς,
913 648 1004 700 καὶ
1036 648 1132 718 τὴν
1164 647 1437 718 θυγατέρα
1469 646 1683 717 Φαραὼ,

142 736 470 800 Μωαϐίτιδας,
531 739 942 810 Ἀμμανίτιδας,
991 741 1081 793 καὶ
1138 739 1458 809 Ἰδουμαίας,
1512 740 1686 812 Σύροις

143 831 215 881 καὶ
251 829 527 892 Χετταίας,
559 831 652 883 καὶ
709 832 1058 904 ’Λμορῤαίας,
1107 833 1173 884 ἐκ
1213 831 1322 884 τῶν
1371 831 1564 896 ἐθνῶν,
1612 827 1686 885 ὧν

143 922 312 973 ἀπεῖπε
360 922 568 992 Κύριος
595 924 624 974 6
653 922 786 987 Θεὸς
828 926 941 988 τοῖς
988 925 1122 987 υἱοῖς
1164 923 1399 996 Ἰσραὴλ,
1432 926 1531 977 οὐκ
1571 925 1684 977 εἰσ-

141 1013 418 1068 ελεύσεσθαι
446 1017 526 1078 εἰς
554 1016 743 1079 αὑτάς.
787 1036 804 1068 ι
835 1017 942 1068 Καὶ
973 1018 1218 1088 ἐπιφέρει
1245 1017 1454 1082 τούτοις
1479 1035 1493 1048 ·
1529 1037 1547 1068 ι
1577 1019 1685 1071 Καὶ

140 1106 217 1158 οὐκ
239 1101 298 1175 ἦν
330 1107 361 1176 ἡ
393 1106 592 1178 καρδία
631 1107 796 1160 αὐτοῦ
828 1108 1008 1161 εύθεῖα
1033 1109 1169 1178 μετὰ
1190 1110 1394 1180 Κυρίου
1421 1109 1514 1163 τοῦ
1550 1109 1683 1162 Θεοῦ

141 1193 292 1258 αὐτοῦ,
319 1194 497 1259 καθὼς
522 1197 554 1266 ἡ
585 1197 781 1268 καρδία
813 1196 976 1249 Δαὸἱδ
1004 1197 1096 1250 τοῦ
1132 1198 1334 1268 πατρὸς
1358 1197 1522 1251 αὐτοῦ
1543 1215 1558 1232 ο
1590 1198 1684 1252 καὶ

139 1288 371 1359 ἐπορεύθη
405 1287 660 1359 Σολομὼν
689 1289 863 1341 ὀπίσω
890 1290 988 1359 τῆς
1029 1289 1346 1361 Ἀστάρτης,
1384 1289 1682 1361 βδελύγμα-

138 1397 207 1442 τος
227 1379 505 1444 Σιδωνίων,
540 1371 632 1433 καὶ
663 1379 838 1433 ὀπίσω
865 1378 958 1432 τοῦ
1001 1379 1262 1449 βασιλέως
1292 1379 1492 1444 αὐτῶν,
1527 1380 1680 1433 εἰδώ-

138 1474 207 1522 λου
232 1469 353 1524 υἱῶν
385 1470 614 1541 Ἀμμών
637 1488 650 1500 ·
701 1471 794 1524 καὶ
833 1471 1055 1541 ἐποίησε
1079 1469 1328 1542 Σολομὼν
1358 1472 1419 1523 τὸ
1448 1472 1682 1543 πονηρὸν

137 1561 331 1614 ἐνώπιον
366 1563 595 1634 Κυρίου.
630 1582 648 1613 ι
700 1564 807 1616 Καὶ
848 1558 1002 1626 αὖθις
1034 1562 1160 1633 ἑξῆς
1198 1563 1474 1632 ἐπιλέγειο
1514 1582 1532 1615 ‹
1573 1565 1681 1616 Καὶ

136 1655 290 1724 ἡγειρε
343 1652 546 1724 Κύριος
592 1653 769 1707 Σατάν
801 1653 880 1724 τῷ
913 1654 1205 1725 Σολομῶνι,
1256 1657 1346 1710 τὸν
1380 1657 1543 1727 Ἀδερ
1590 1657 1680 1710 τὸν

144 1746 427 1816 Ἰδουμαξον.
469 1764 488 1798 ι
526 1745 631 1800 Τὸν
657 1746 722 1818 δὴ
751 1748 845 1798 ὲπὶ
869 1749 1143 1812 τοσούτοις
1169 1748 1262 1801 καὶ
1294 1749 1553 1813 τοιούτοις
1573 1750 1682 1802 δια-

134 1837 433 1909 ϐεϐλημένον
471 1838 558 1900 τίς
584 1837 650 1891 ἂν
683 1841 830 1910 αἱρεῖ
866 1839 1022 1908 λόγος
1052 1841 1260 1914 πατέρα
1285 1842 1377 1894 τὸν
1409 1841 1540 1895 Θεὸν
1569 1842 1681 1895 τολ-

1792 664 1890 702 nas
1930 648 2159 704 feminas
2188 650 2411 712 multas,
2439 657 2493 702 et
2527 646 2690 700 ﬁliam
2724 644 3049 710 Pharaonis,
3075 656 3128 702 et
3156 647 3356 705 Moabi-

1789 740 1952 796 tidas.
1998 747 2051 794 et
2088 739 2508 804 Ammanitidas,
2552 746 2606 793 et
2637 737 2922 797 Idumaeas.
2971 747 3026 794 et
3072 737 3260 811 Syras,
3300 748 3356 794 et

1787 835 1947 905 352
1971 835 2261 893 Chettazas.
2293 844 2349 889 et
2392 834 2756 899 Amorrbaaas,
2806 849 2872 888 ex
2917 834 3170 903 gentibus
3215 849 3355 904 quas

1783 928 2071 982 interdixit
2111 927 2374 982 Dominus
2422 926 2564 980 Deus
2601 926 2726 981 ﬁliis
2765 924 2953 990 Israel,
2999 943 3106 980 non
3144 927 3354 997 ingredi

1787 1019 1854 1072 ad
1878 1035 1971 1074 eas
1995 1019 2033 1070 ³.
2069 1037 2087 1070 ι
2120 1017 2186 1072 Et
2218 1018 2465 1088 adjungit
2499 1037 2512 1072 :
2545 1037 2562 1068 ι
2594 1017 2656 1071 Ει
2699 1033 2808 1072 non
2849 1026 2966 1073 erat
2996 1034 3089 1072 cor
3114 1021 3236 1086 eius
3263 1035 3354 1073 re-

1787 1122 1930 1165 ctum
1965 1125 2086 1180 cum
2124 1108 2354 1163 Domino
2386 1108 2497 1164 Deo
2535 1124 2656 1174 suo,
2689 1110 2831 1163 sicut
2865 1124 2962 1164 cor
2987 1109 3158 1164 David
3182 1112 3352 1180 patris

1785 1201 1904 1270 eius
1931 1218 1945 1266 ;
1975 1206 2029 1252 et
2055 1199 2188 1252 ahiit
2223 1197 2478 1252 Salomon
2514 1206 2637 1269 post
2667 1199 2962 1262 Astarlem,
2998 1201 3353 1255 abominatio-

1784 1307 1908 1345 nem
1954 1289 2323 1354 Sidoniorum,
2368 1296 2422 1345 et
2465 1299 2591 1360 post
2654 1306 2834 1361 regem
2876 1307 3086 1357 eorum,
3128 1294 3354 1348 simula-

1784 1400 1937 1439 crum
1971 1385 2205 1438 ﬁliorum
2238 1383 2490 1444 Ammon,
2523 1391 2576 1436 et
2610 1382 2738 1436 fecit
2772 1382 3027 1438 Salomon
3061 1386 3256 1440 malum
3294 1386 3350 1440 in

1783 1483 2077 1544 conspectu
2119 1473 2334 1528 Domini
2360 1473 2400 1527 ⁵.
2437 1492 2456 1524 ι
2483 1470 2550 1525 Et
2598 1488 2790 1526 rursus
2838 1473 2987 1527 addit
3037 1475 3090 1528 in
3129 1475 3195 1530 iis
3231 1493 3354 1546 quae

1783 1573 2131 1636 sequuntur:
2164 1585 2182 1616 ι
2216 1564 2280 1619 Et
2330 1565 2616 1620 suscitavit
2665 1564 2926 1620 Dominus
2974 1565 3140 1620 Satan
3197 1566 3352 1623 Salo-

1783 1659 1952 1721 moni,
1987 1657 2131 1711 Ader
2158 1657 2450 1712 ldumteum
2473 1657 2515 1710 ⁵.
2553 1677 2571 1708 ι
2608 1656 2739 1710 Eum
2769 1657 2933 1728 igitur
2953 1658 3046 1727 qui
3071 1659 3124 1712 in
3149 1660 3349 1714 talibus

1780 1759 1836 1805 et.
1879 1750 2046 1804 tantis
2090 1756 2401 1813 accusetur,
2454 1763 2575 1818 qua:
2614 1764 2853 1817 unquam
2910 1750 3046 1802 ratio
3102 1750 3348 1813 dictabit,

1782 1850 1992 1913 patrem
2026 1841 2131 1896 sibi
2161 1841 2362 1896 audere
2407 1840 2574 1895 Deum
2607 1843 2904 1907 ascribere,
2938 1842 3224 1912 ipsumque
3257 1859 3352 1895 su-

137 1934 218 2002 μᾷν
243 1930 657 2003 ἐπιγράφεσθαι,
685 1933 775 1984 καὶ
799 1932 890 1985 τὸν
913 1935 1004 1987 ἐπὶ
1029 1934 1244 1987 πάντων
1266 1935 1398 1988 Θεὸν
1423 1936 1536 1988 υἱὸν
1564 1938 1672 1990 ἑαυ-

1781 1949 2026 2004 premum
2056 1933 2220 1987 Deum
2253 1934 2421 1987 ﬁlium
2448 1934 2592 1988 hunc
2618 1949 2776 1988 suum
2810 1934 3229 2004 primogenitum
3255 1949 3352 2004 ap-

131 2023 204 2075 τοῦ
231 2023 566 2094 πρωτότοκον
613 2023 967 2095 ἀναγορεύειν
1007 2027 1198 2090 αύτόν;
1240 2027 1363 2092 Πῶς
1408 2027 1465 2080 δὲ
1510 2027 1679 2082 ταῦτα

133 2113 228 2165 τοτὲ
256 2113 353 2183 μὲν
383 2112 458 2176 ὡς
505 2114 633 2185 περὶ
677 2114 840 2167 αὑτοῦ
886 2116 1100 2183 λέγεται
1132 2118 1226 2171 τοῦ
1260 2119 1444 2182 Δαΰὶδ,
1475 2121 1594 2172 τοτὲ
1620 2120 1678 2172 δὲ

133 2204 193 2267 ὡς
212 2207 328 2278 περὶ
354 2207 666 2276 σπέρματος
687 2208 850 2261 αὐτοῦ
872 2225 886 2272 ;
923 2209 1057 2262 Ἀλλ’
1088 2211 1206 2263 οὐδὲ
1230 2210 1305 2282 τῷ
1332 2212 1496 2264 Δαὸἰδ
1517 2213 1678 2284 ἐφαρ-

132 2296 254 2366 μόζοι
294 2297 382 2362 ἂν,
433 2298 508 2362 ὼς
541 2300 894 2371 ἐπιστήσαντί
937 2319 1017 2354 σοι
1062 2302 1218 2372 δῆλον
1253 2303 1424 2356 ἕσται.
1467 2304 1677 2359 Οὐκοῦν

133 2389 201 2440 τὸν
243 2391 303 2441 ὲκ
352 2389 666 2461 σπέρματος
709 2391 872 2445 Δαὸἰδ
914 2394 1312 2466 ἀναστήσεσθαι
1363 2397 1418 2448 ὲν
1468 2395 1677 2461 τούτοις

129 2478 420 2550 δηλούμενον
460 2481 647 2553 ἕτερον
680 2481 960 2555 ζητητέον.
1004 2485 1142 2538 Ἀλλ’
1180 2487 1352 2549 οὐδεὶς
1385 2486 1543 2550 ἄλλος
1570 2505 1678 2542 τοιο

128 2571 253 2634 οὗτος
275 2572 333 2639 ἐξ
355 2572 522 2626 αὑτοῦ
547 2573 789 2643 γέγονεν,
820 2575 895 2639 ὡς
928 2576 1238 2648 ἱστορεῖται,
1263 2578 1296 2649 ἢ
1327 2580 1408 2632 ὅτι
1441 2597 1504 2648 γε
1539 2576 1618 2644 εἷς
1648 2581 1676 2631 6

130 2663 287 2734 Σωτὴρ
315 2666 409 2718 καὶ
433 2664 638 2737 Κύριος
667 2665 822 2737 ἡμῶν
859 2667 1064 2736 Ἰησοῦς
1089 2670 1116 2721 6
1145 2670 1376 2740 Χριστὸς
1400 2670 1494 2723 τοῦ
1518 2671 1674 2736 Θεοῦ,

128 2755 174 2817 ὃς
203 2756 349 2824 μόνος
375 2757 484 2810 τῶν
510 2757 729 2810 πώποτε
756 2760 820 2812 ὲκ
844 2760 1157 2831 σπέρματος
1187 2761 1348 2813 Δαὸἰδ
1373 2761 1678 2831 βεϐασιλευ-

128 2849 271 2902 κότων
307 2849 429 2902 καθ’
469 2849 596 2921 ὅλης
640 2852 1000 2924 ἀνηγόρευται
1046 2853 1145 2924 τῆς
1189 2855 1513 2925 οἰκουμένης
1563 2856 1676 2917 υἱὸς

129 2943 278 3009 Δαόὶδ,
309 2946 450 3000 κατὰ
477 2946 577 3018 τὴν
609 2946 869 3020 ἕνσαρκον
917 2948 1083 3003 αὐτοῦ
1129 2951 1341 3018 γένεσιν
1390 2951 1676 3021 ὁμολογού-

132 3049 280 3102 μενος,
318 3038 408 3089 καὶ
436 3037 628 3090 τούτου
655 3049 719 3106 γε
756 3039 907 3108 μένει
946 3039 1038 3093 καὶ
1075 3040 1315 3111 διαμενεί
1348 3043 1381 3112 ἡ
1409 3040 1672 3112 βασιλεία,

127 3127 191 3187 εἰς
216 3127 298 3180 τὸν
331 3128 556 3199 ἄπειρον
598 3129 769 3184 αἰῶνα
814 3131 1234 3202 παρατείνουσα,
1283 3132 1457 3186 καίτοι
1506 3133 1674 3205 μυρία

1782 2027 2024 2097 pellare?
2066 2025 2239 2092 Quam
2287 2034 2468 2081 autem
2503 2027 2572 2080 ob
2617 2041 2838 2082 causam
2889 2028 3003 2084 inec
3041 2029 3176 2083 alias
3227 2031 3350 2098 qui-

1780 2119 1900 2174 dem
1931 2119 2086 2188 quasi
2119 2119 2186 2173 de
2211 2118 2330 2188 ipso
2355 2118 2614 2173 dicuntur
2638 2119 2829 2183 David,
2862 2120 2998 2174 alias
3032 2136 3160 2175 vero
3188 2123 3346 2191 quasi

1778 2213 1846 2266 de
1876 2211 2023 2266 illius
2057 2211 2303 2266 semine?
2341 2211 2508 2281 Atqui
2545 2211 2663 2280 ipsa
2703 2212 2816 2265 hinc
2852 2212 2958 2282 ipsi
2991 2213 3210 2282 quidem
3245 2212 3349 2265 Da-

1778 2301 1869 2356 vid
1910 2317 2190 2371 nunquam
2241 2302 2640 2356 aceommodari
2694 2309 2970 2371 poterunt,
2995 2305 3349 2373 quemadmo-

1778 2397 1905 2448 dum
1956 2395 2055 2449 tibi
2109 2395 2395 2463 diligenter
2446 2397 2759 2451 observanti
2811 2399 2900 2454 ﬁet
2938 2397 3286 2452 manifestum
3331 2413 3342 2447 :

1780 2488 1946 2558 igitur
1978 2487 2144 2540 alium
2174 2503 2240 2541 ex
2272 2486 2478 2541 semine
2517 2486 2686 2541 David
2719 2497 3114 2552 surrecturum,
3143 2488 3212 2542 de
3238 2504 3346 2557 quo

1778 2577 1894 2632 haec
1937 2579 2159 2632 oracula
2207 2578 2520 2648 loquantur,
2549 2593 2791 2647 quaerere
2825 2587 3058 2648 oportet.
3091 2578 3160 2632 At
3196 2579 3341 2634 enim

1777 2686 1844 2724 ex
1875 2670 1968 2724 illo
1993 2679 2263 2740 quatenus
2298 2679 2390 2724 aut
2437 2679 2788 2723 monumenta
2830 2671 3133 2724 litterarum
3163 2669 3344 2738 prodi-

1778 2761 1978 2825 derint,
2012 2769 2107 2814 aut
2149 2761 2203 2813 in
2245 2759 2507 2814 memoria
2541 2758 2822 2812 hominum
2863 2759 3120 2825 resideat,
3163 2760 3345 2813 nullus

1779 2855 1919 2908 alius
1957 2854 2078 2908 talis
2112 2852 2342 2916 exstitit,
2373 2851 2480 2907 nisi
2525 2867 2665 2906 unus
2713 2849 2962 2906 Salvator
2990 2860 3044 2907 et
3084 2851 3344 2907 Dominus

1778 2953 1967 3000 noster
1993 2943 2155 3000 Jesus
2184 2946 2276 3014 qui
2308 2943 2561 3000 Christus
2590 2953 2673 3000 est
2702 2944 2815 3010 Dei,
2843 2945 2934 3014 qui
2957 2944 3177 3015 quidem
3202 2961 3344 3000 unus

1777 3056 1841 3095 ex
1883 3038 2140 3094 omnibus
2163 3038 2255 3107 qui
2290 3053 2528 3107 unquam
2554 3037 2620 3092 de
2651 3037 2858 3092 semine
2887 3036 3053 3091 David
3085 3054 3344 3107 regnave-

1779 3131 1908 3196 rint,
1943 3131 1999 3185 in
2029 3138 2144 3185 toto
2177 3129 2307 3184 orbe
2334 3135 2602 3183 terrarum
2640 3128 2780 3183 ﬁlius
2817 3128 2985 3183 David
3017 3130 3342 3199 appellatur,

131 3218 208 3284 μὲν
248 3220 754 3294 ἐπιΰεϐουλευμένη,
800 3222 921 3295 θείᾳ
965 3223 1022 3276 δὲ
1070 3225 1164 3278 καὶ
1205 3225 1346 3297 ὑπὲρ
1389 3223 1672 3298 ἄνθρωπον

1779 3225 1991 3295 hocque
2042 3221 2342 3279 secundum
2384 3223 2530 3277 illius
2575 3231 2754 3276 ortum
2806 3223 2900 3292 qui
2933 3223 2996 3275 ad
3049 3223 3341 3275 humanam

127 3309 320 3381 δυνάμει
345 3313 404 3366 τὸ
434 3313 616 3367 ἔνθεον
641 3316 735 3368 καὶ
767 3315 1032 3386 ἀήττητον
1065 3317 1162 3388 τῆς
1184 3317 1312 3388 περί
1341 3318 1505 3371 αὐτοῦ
1539 3336 1672 3390 προ-

130 3403 323 3470 φητείας
349 3405 656 3470 ἀκολούθως
687 3407 1119 3478 ἐπιδεικνυμένη.
1151 3408 1212 3460 ΕΞ
1237 3408 1292 3460 δὲ
1319 3408 1556 3479 ὀμνύντα
1579 3409 1671 3464 τὸν

129 3492 235 3548 Θεὸν
263 3497 473 3562 ἀκούεις
503 3499 645 3552 κατὰ
663 3499 755 3552 τοῦ
777 3500 932 3568 ἁγίου
968 3501 1152 3564 αὑτοῦ,
1183 3501 1257 3564 ὡς
1281 3503 1484 3574 πατρὸς
1506 3502 1670 3556 ἄκουε

130 3587 356 3654 ὀμνύντος
388 3591 530 3644 κατὰ
557 3590 652 3645 τοῦ
680 3591 814 3644 Θεοῦ
853 3593 1047 3662 Λόγου,
1082 3593 1176 3647 τοῦ
1205 3593 1419 3647 πάντων
1458 3592 1669 3648 αἰώνων

130 3679 531 3747 πῳῡφεστῶτος,
565 3681 722 3750 ἁγίου
769 3682 863 3734 καὶ
903 3683 1222 3754 μονογενοῦς
1255 3683 1416 3736 αὑτοῦ
1454 3685 1667 3749 Παιδὸς,

129 3765 175 3817 ὃν
196 3770 433 3836 ωικᾶως
455 3771 812 3843 ἐθεολόγησαν
840 3776 896 3827 αἰ
927 3775 1162 3846 πρόσθεν
1195 3777 1326 3845 ἡμῖν
1348 3775 1670 3846 παρατεθεῖ-

131 3876 200 3913 σαι
221 3865 403 3931 φωναὶ,
434 3865 555 3918 καθ’
581 3861 642 3920 οὗ
672 3866 897 3937 ὸμνυσιν
921 3867 950 3919 6
977 3866 1108 3929 Θεὸς
1136 3868 1231 3920 καὶ
1279 3866 1457 3938 πατὴρ
1482 3866 1666 3930 αὑτοῦ,

128 3952 187 4016 ὡς
225 3957 353 4010 κατὰ
393 3959 772 4029 ἡγαπημένου,
801 3960 893 4012 τὸν
941 3960 1004 4012 ἐκ
1038 3959 1346 4032 σπέρματος
1390 3959 1554 4013 Δαδίδ
1578 3959 1669 4012 τὸν

127 4044 319 4118 ἄπειρον
350 4050 522 4104 αἰῶνα
555 4051 799 4116 δοξάσειν
819 4069 832 4083 ⁸
861 4052 890 4104 ὃ
918 4051 1013 4105 καὶ
1047 4051 1265 4122 γέγονεν
1309 4054 1397 4105 ὅτε
1441 4055 1468 4105 6
1497 4052 1667 4120 Λόγος

129 4137 241 4208 σὰρξ
267 4141 550 4211 γενόμενος
575 4141 668 4194 τὸν
697 4144 762 4196 ἐκ
795 4142 1107 4214 σπέρματος
1128 4143 1293 4197 Δαϐἱδ
1319 4143 1575 4215 ἀνείληφέ
1606 4161 1664 4196 τε

128 4230 204 4280 καὶ
230 4231 549 4304 ὲθεοποίησε.
574 4235 664 4287 Διὸ
687 4234 781 4288 καὶ
805 4235 918 4288 υἱὸν
940 4235 1100 4288 αὐτὸν
1122 4235 1441 4307 ἀναγορεύει
1471 4235 1664 4303 λέγων,

132 4332 146 4364 ι
165 4315 284 4384 Ἐγὼ
304 4320 493 4391 ἔσομαι
517 4321 663 4392 αὐτῷ
676 4323 756 4385 εἰς
770 4322 1001 4394 πατέρα,
1020 4323 1115 4377 καὶ
1132 4323 1290 4386 αὐτὸς
1307 4323 1456 4376 ἔσται
1475 4341 1564 4394 μοι
1587 4325 1666 4386 εἰς

128 4407 278 4462 υἱόνσι
306 4413 395 4464 καὶ
437 4412 627 4467 πάλιν
665 4431 685 4465 ι
725 4413 897 4482 Κάγὼ
930 4414 1271 4486 πρωτότοκον
1301 4413 1536 4485 θήσομαι
1571 4416 1668 4468 αὑ-

126 4497 215 4551 τόν.
240 4518 257 4552 ι
283 4503 470 4572 Σαφῶς
501 4505 787 4576 τοιγαροῦν
811 4507 873 4559 ἐκ
905 4507 1109 4560 τούτων
1140 4508 1169 4559 ό
1199 4507 1325 4571 Υἱὸς
1354 4508 1446 4561 τοῦ
1480 4508 1615 4560 Θεοῦ
1639 4510 1666 4561 ό

1775 3327 2024 3372 naturam
2070 3314 2305 3384 pertinet
2339 3329 2530 3368 omnes
2572 3313 2901 3366 conﬁtentur
2933 3329 2944 3364 :
2977 3322 3140 3381 atque
3181 3310 3344 3378 hujus

1771 3424 1999 3480 regnum
2030 3416 2083 3462 et
2112 3413 2292 3462 manet
2317 3420 2462 3460 nunc
2490 3412 2543 3459 et
2565 3419 2981 3475 permansurum
3011 3413 3093 3458 est
3116 3402 3344 3472 posthac

1774 3501 1830 3554 in
1877 3497 2145 3554 inﬁnitum
2177 3511 2349 3551 aevum
2393 3509 2766 3564 perseverans,
2817 3507 2994 3562 neque
3032 3492 3343 3545 innumera-

1772 3593 1906 3648 biles
1945 3590 2208 3645 adversus
2240 3586 2372 3642 illud
2409 3585 2618 3640 insidia:
2668 3585 2973 3654 proﬁcient,
3027 3583 3120 3638 sed
3157 3583 3340 3636 divina

1773 3695 1870 3732 sua
1903 3686 1957 3733 et
1989 3679 2111 3748 plus
2158 3693 2320 3747 quam
2358 3677 2594 3729 humana
2641 3675 2858 3738 virtute,
2891 3673 3032 3744 quod
3078 3673 3341 3728 divinitus

1773 3772 2011 3826 aﬁlatum
2059 3779 2221 3841 atque
2264 3768 2632 3838 insuperabile
2683 3767 2871 3822 habuit
2903 3766 3188 3837 pr0phetia
3217 3752 3353 3836 qua

1770 3865 1838 3919 de
1875 3864 1994 3934 ipso
2025 3869 2224 3926 exstat,
2262 3862 2439 3930 palam
2473 3861 2621 3914 omni
2654 3868 2896 3930 tempore
2920 3858 3337 3914 demonstrabit.

1776 3954 1874 4009 Ubi
1903 3970 2033 4010 vero
2061 3953 2226 4007 Deum
2266 3968 2362 4022 per
2389 3960 2635 4008 sanctum
2677 3965 2834 4006 suum
2862 3951 3130 4018 iurantem
3159 3950 3338 4012 audis,

1769 4043 1988 4099 Patrem
2035 4045 2219 4112 accipe
2256 4043 2535 4112 jurantem
2581 4057 2676 4112 per
2728 4039 2896 4096 Deum
2938 4038 3199 4107 Verbum,
3246 4042 3339 4110 qui

1768 4137 1953 4192 omnia
1984 4137 2183 4192 saecula
2212 4137 2503 4201 antecedit,
2535 4141 2785 4189 sanctum
2810 4134 2996 4204 utique
3025 4141 3187 4204 atque
3219 4135 3341 4188 uni-

1769 4244 1893 4283 cum
1917 4246 2076 4285 suum
2110 4227 2327 4291 Filium,
2353 4243 2514 4298 quem
2549 4227 2698 4281 varie
2733 4235 2792 4280 ut
2818 4225 2986 4281 Deum
3020 4236 3144 4284 ante
3175 4244 3205 4282 a
3239 4245 3338 4282 no-

1770 4323 1854 4377 bis
1884 4323 2116 4393 expositi
2153 4338 2435 4378 sermones
2469 4321 2904 4384 celebraverunt,
2937 4335 3034 4390 per
3060 4335 3220 4389 quem
3247 4320 3338 4389 ju-

1771 4421 1854 4467 rat
1885 4413 2031 4470 Deus
2073 4422 2128 4469 et
2155 4423 2306 4483 pater
2331 4415 2503 4482 ipsius
2526 4421 2785 4480 tanquam
2826 4427 2923 4484 per
2960 4412 3241 4476 dilectum,
3279 4427 3338 4466 se

1769 4523 1893 4560 eum
1924 4507 2016 4576 qui
2043 4507 2110 4560 de
2133 4506 2339 4560 semine
2359 4505 2526 4560 David
2559 4506 2766 4560 oriatur
2790 4505 2843 4558 in
2868 4503 3139 4558 inﬁnitum
3164 4520 3340 4559 saecu-

127 4593 426 4660 πρωτότοκος
462 4599 530 4650 ὲκ
563 4597 876 4669 σπέρματος
911 4598 1132 4653 ἔσεσθαι
1163 4599 1327 4652 Δαϐἰδ
1356 4600 1662 4671 ἀνείρηται,

1775 4600 1881 4653 lum
1923 4598 2391 4670 gloriﬁcaturum;
2428 4597 2574 4667 quod
2609 4597 2786 4666 ipsum
2813 4595 2975 4650 etiam
3011 4604 3095 4650 est
3137 4596 3340 4652 factum

125 4677 240 4737 ὥστε
267 4685 353 4739 ἕνα
386 4688 481 4741 καὶ
514 4687 605 4741 τὸν
646 4689 808 4743 αὐτὸν
839 4685 978 4744 εἶναι
1003 4690 1092 4744 τὸν
1125 4691 1238 4744 υἱὸν
1271 4689 1362 4744 τοῦ
1395 4689 1559 4744 Δαὸὶδ
1590 4691 1668 4762 τῷ

125 4771 234 4827 θεοῦ
264 4777 402 4849 Υἱῷ,
435 4780 529 4833 καί¹
562 4780 652 4834 τὸν
685 4782 812 4835 Υξὸν
844 4781 934 4836 τοῦ
975 4781 1111 4836 Θεοῦ
1144 4782 1220 4853 τῷ
1253 4782 1354 4853 υἱῷ
1379 4782 1560 4835 Δαϐίδ·
1598 4782 1665 4834 δι’

123 4855 185 4917 ὧν
216 4869 443 4941 ἐναργῶς
481 4873 510 4924 6
559 4873 907 4942 Πρωτότοκος
958 4873 1137 4945 πάσης
1178 4873 1406 4937 κτίσεως
1447 4874 1609 4938 αὐτὸς
1636 4877 1665 4928 6

125 4953 229 5022 Υἱὸς
267 4961 352 5014 τοῦ
384 4961 522 5015 Θεοῦ
569 4963 684 5027 υἰὸς
722 4963 1011 5036 ἀνθρώπου
1064 4964 1387 5037 γενήσεσθαι
1423 4983 1664 5037 προειρη-

121 5048 290 5105 τεύετο,
332 5055 444 5108 Καὶ
497 5054 653 5108 τοῦτο
702 5055 758 5108 δὲ
801 5056 861 5109 τὸ
904 5056 1080 5124 λόγιον
1123 5059 1154 5128 ἡ
1202 5056 1296 5110 τοῦ
1331 5057 1662 5126 Εύαγγελίου

119 5145 270 5216 γραφὴ
300 5147 771 5218 ὲπισφραγίζεται,
809 5149 876 5201 δι’
907 5142 981 5203 ὧν
1027 5166 1190 5220 φησιν
1231 5150 1528 5203 ἐπιστάντα
1571 5151 1662 5204 τὸν

118 5227 321 5307 Γαδριὴλ
352 5242 417 5311 τῇ
459 5240 591 5311 ἁγίᾳ
622 5239 883 5313 Παρθένῳ
925 5242 1090 5311 φάναι
1122 5244 1250 5313 περὶ
1283 5241 1376 5296 τοῦ
1411 5243 1663 5315 Σωτῆρος

117 5323 264 5392 ἠμῶνο
295 5350 312 5382 ι
342 5328 508 5396 Οὗτος
539 5332 690 5386 ἔσται
725 5333 920 5404 μέγας,
955 5334 1049 5387 καὶ
1083 5335 1196 5398 υἱὸς
1239 5335 1492 5405 Ὑψίστου
1525 5334 1657 5404 κλη-

121 5413 328 5488 θήσεται,
364 5425 457 5478 καὶ
495 5425 659 5480 δώσει
700 5425 848 5498 αὐτῷ
880 5427 1082 5499 Κύριος
1113 5429 1144 5481 6
1188 5426 1320 5492 Θεὸς
1347 5428 1438 5482 τὸν
1468 5426 1656 5497 θρόνον

120 5507 255 5564 Ααῦδ
299 5515 386 5569 τοῦ
438 5516 646 5586 πατρὸς
695 5516 882 5581 αὐτοῦ,
932 5517 1026 5572 καὶ
1073 5517 1382 5588 βασιλεύσει
1429 5517 1522 5571 ἐπὶ
1563 5518 1656 5571 τὸν

119 5591 239 5653 οἷκον
279 5605 464 5660 Ἰακὼϐ
511 5611 591 5672 εἰς
639 5609 764 5672 τοὺς
815 5608 1048 5673 αἰῶνας,
1095 5609 1190 5662 καὶ
1233 5609 1336 5680 τῆς
1381 5607 1656 5680 βασιλείας

120 5692 254 5748 αὐτοῦ
281 5699 371 5752 οὐκ
401 5701 551 5755 ἔσται
582 5701 754 5764 τέλος.
798 5719 816 5752 ι
844 5700 952 5755 Καὶ
992 5701 1130 5770 μετὰ
1161 5701 1370 5773 βραχέα
1400 5702 1457 5758 δὲ
1490 5703 1548 5755 ἐν
1578 5700 1656 5772 τῷ

159 5870 378 5947 'lllReg.
408 5894 482 5943 xu,
526 5876 576 5930 1.
641 5876 663 5908 ⁸
694 5875 827 5931 ibid.
853 5877 964 5934 L6.
1034 5880 1054 5909 ⁸
1085 5879 1215 5936 ibid.
1246 5878 1332 5934 H.

392 5971 660 6033 PArnOL.
695 5969 815 6034 Gn:
853 5973 1058 6034 XXII.

1766 4707 1876 4762 quo
1906 4698 2147 4760 tempore
2172 4690 2406 4746 Verbum
2433 4707 2562 4746 caro
2591 4691 2838 4745 etlectum
2870 4697 2974 4752 est,
3013 4699 3065 4746 et
3093 4706 3218 4745 eum
3246 4693 3340 4760 qui

1767 4782 1836 4837 de
1883 4783 2090 4837 semine
2145 4781 2313 4839 David
2361 4783 2668 4845 oriebatur,
2717 4781 3018 4850 assumpsit
3061 4780 3341 4852 Deumque

1765 4873 1960 4930 etiecit.
1987 4872 2256 4939 Quocirca
2275 4873 2472 4928 Filium
2496 4889 2711 4945 quoque
2733 4875 2982 4929 eumdem
3001 4874 3234 4943 appellat
3257 4875 3337 4928 di-

1765 4979 1898 5020 cens
1932 4985 1945 5019 :
1979 4985 1996 5017 ι
2026 4963 2140 5035 Ego
2168 4980 2264 5020 ero
2297 4966 2373 5019 illi
2401 4965 2456 5018 in
2490 4975 2723 5034 patretr,
2759 4972 2811 5019 et
2841 4965 2958 5034 ipse
2989 4965 3094 5018 erit
3122 4963 3254 5018 mihi
3282 4965 3337 5017 in

1766 5056 1957 5112 ﬁlium.
1990 5078 2010 5108 ρ
2046 5054 2114 5108 Et
2151 5070 2346 5111 rursus
2374 5075 2388 5109 :
2417 5074 2434 5105 ‹
2467 5052 2533 5108 Ει
2557 5067 2658 5123 ego
2691 5051 3112 5123 primogenitum
3138 5063 3343 5134 ponant

1765 5148 1938 5203 illum.
1966 5167 1985 5200 ›
2027 5146 2354 5202 Planissime
2389 5147 2554 5216 igitur
2587 5147 2644 5200 in
2691 5145 2778 5199 his
2817 5143 2998 5198 verbis
3028 5139 3195 5194 Filius
3242 5139 3353 5193 Dei.

1763 5240 1924 5314 353
1948 5241 2339 5310 primogenitus
2369 5240 2437 5294 de
2477 5238 2684 5294 semine
2713 5235 2880 5289 David
2908 5233 3127 5287 futurus
3157 5230 3337 5284 dictus

1765 5342 1871 5396 est,
1923 5332 2059 5388 adeo
2092 5333 2330 5404 quidem,
2382 5340 2441 5387 ut
2475 5349 2616 5388 unus
2668 5341 2831 5404 atque
2878 5330 3019 5386 idem
3073 5331 3142 5384 sit
3190 5327 3334 5382 ﬁlius

1764 5427 1933 5482 David
1963 5442 2084 5480 cum
2116 5425 2253 5481 Filio
2286 5427 2401 5492 Dei,
2427 5434 2478 5481 et
2519 5425 2689 5482 Filius
2724 5425 2814 5481 Dei
2845 5440 2968 5480 cum
2999 5423 3112 5478 ﬁlio
3145 5419 3334 5482 David.

1765 5515 1824 5571 in
1868 5517 2069 5588 quibus
2099 5516 2506 5572 evidentissima
2531 5517 2931 5587 primogenitus
2972 5513 3151 5568 omnis
3181 5525 3336 5566 crea-

1765 5618 1904 5664 tura:
1933 5610 2048 5675 ipse
2071 5609 2243 5664 Filius
2280 5607 2392 5674 Dei,
2419 5607 2563 5664 ﬁlius
2595 5607 2829 5663 hominis
2858 5604 3074 5660 futurus
3103 5603 3336 5658 caneba-

1767 5709 1873 5756 tur.
1927 5699 2042 5756 Hoc
2103 5709 2283 5756 autem
2332 5701 2616 5757 oraculum
2681 5697 2965 5769 Scriptura
3026 5695 3338 5766 evangelica

2950 5968 3022 6026 18
