3928 6540
575 429 678 485 535

1279 426 1540 482 EUSEBH
1581 427 2056 484 CxESARIENSlS
2094 428 2243 486 OPP.
2271 429 2451 485 PARS
2490 430 2528 486 Ι.
2573 462 2642 471 -
2680 431 3181 489 APOLOGETICA.
3695 431 3778 488 556

577 554 735 622 quasi
775 551 928 622 signo
970 550 1238 620 impresso
1273 548 1580 614 conﬁrmat,
1631 551 1723 605 ubi
1763 551 1859 616 ait,
1902 550 2117 607 Gabriel

2245 551 2392 623 αὐτῷ
2440 552 2754 624 Εὑαγγελίῳ
2801 553 3076 624 Ζαχαρίας
3121 554 3150 605 6
3200 549 3292 604 τοῦ
3346 551 3585 606 Ἰωάννου
3630 553 3782 626 πατὴρ

577 661 701 701 cum
738 647 1002 701 astitisset
1031 642 1261 715 Virgini,
1297 643 1502 698 dixisse
1527 643 1595 698 de
1625 642 1905 699 Salvatore
1935 654 2144 711 nostro,

581 757 599 790 ι
630 739 728 793 Hic
761 738 866 793 erit
895 753 1144 808 magnus,
1176 744 1231 791 et
1259 735 1430 792 Filius
1453 735 1722 791 Altissimi
1760 738 2063 802 vocabitur,
2093 744 2146 792 et

575 830 724 884 dabit
757 829 804 883 ei
834 827 1096 883 Dominus
1131 827 1274 882 Deus
1306 827 1487 883 sedem
1521 827 1688 882 David
1726 828 1899 898 patris
1921 828 2063 899 ejus,
2094 838 2146 885 et

579 923 828 992 regnabit
860 921 914 975 in
945 921 1108 976 domo
1149 920 1318 976 Jacob
1352 921 1407 974 in
1433 928 1718 985 aeternum,
1749 931 1804 976 et
1847 924 1998 992 regni
2026 923 2145 992 ejus

581 1026 687 1064 non
712 1011 816 1064 erit
859 1009 982 1066 ﬁnis
1006 1012 1044 1064 ⁸.
1087 1029 1104 1062 ι
1139 1009 1202 1065 Et
1228 1019 1350 1081 post
1392 1025 1562 1080 pauca
1589 1010 1642 1064 in
1672 1010 1860 1065 eodem
1903 1009 2145 1081 Evange-

579 1101 672 1164 lio,
722 1100 1016 1154 Zacharias
1048 1097 1278 1153 Joannis
1310 1108 1464 1169 pater
1496 1099 1610 1152 ha‘c
1653 1099 1720 1154 de
1750 1099 1968 1154 Christo
2007 1099 2147 1153 divi-

573 1201 667 1247 nat
695 1209 707 1244 :
741 1211 759 1244 ι
797 1193 1126 1249 Benedictus
1158 1192 1422 1246 Dominus
1448 1190 1591 1247 Deus
1615 1190 1804 1257 Israel,
1837 1192 1964 1262 quia
2013 1192 2144 1246 visi-

574 1285 708 1340 tavit
736 1294 790 1340 et
826 1285 954 1341 fecit
995 1284 1425 1353 redemptionem
1469 1285 1670 1354 populo
1719 1299 1840 1349 suo,
1880 1292 1933 1339 et
1973 1285 2144 1339 erexit

569 1394 740 1433 cornu
783 1378 979 1434 salutis
1009 1377 1061 1431 in
1105 1376 1264 1431 nobis
1295 1377 1351 1431 in
1390 1375 1560 1431 domo
1611 1375 1782 1430 David
1834 1376 1989 1446 pueri
2033 1376 2140 1442 sui,

568 1469 710 1524 sicut
739 1469 956 1524 locutus
1003 1476 1088 1522 est
1136 1484 1230 1538 per
1263 1482 1326 1523 os
1372 1475 1710 1532 sanctorum,
1742 1469 1836 1538 qui
1873 1483 1904 1522 a
1942 1471 2142 1524 saeculo

569 1569 699 1617 sunt
737 1561 1123 1632 prophetarum
1162 1561 1283 1628 ejus
1302 1567 1346 1615 ⁷.
1387 1580 1406 1614 ι
1444 1559 1598 1627 Quod
1641 1576 1771 1615 vero
1814 1562 2139 1631 promissam

571 1653 675 1723 ipsi
731 1652 899 1706 David
945 1660 1206 1708 aeternam
1259 1652 1441 1707 sedem
1497 1650 1750 1706 Salvator
1792 1661 1846 1708 et
1879 1651 2141 1708 Dominus

568 1752 754 1801 noster
782 1743 964 1810 Jesus,
999 1746 1098 1815 qui
1135 1744 1390 1801 Christus
1423 1755 1507 1801 est
1542 1744 1659 1812 Dei,
1696 1761 1872 1815 neque
1905 1746 2043 1800 alius
2074 1761 2139 1798 ex

563 1837 843 1892 hominum
874 1852 1071 1908 genere
1105 1837 1376 1908 quispiam
1420 1837 1713 1908 acceperit,
1756 1838 1890 1893 satis
1928 1853 1991 1894 ea
2021 1853 2141 1908 quae

2248 644 2372 697 τάδε
2404 646 2531 716 περὶ
2576 645 2668 697 τοῦ
2715 644 2952 715 Χριστοῦ
3002 640 3263 706 θεσπίζει·
3304 661 3321 692 ι
3361 641 3652 712 Εὐλογητὸς
3688 645 3780 696 Κύ-

2249 754 2363 810 ριος
2388 738 2416 790 6
2443 737 2574 800 Θεὸς
2599 736 2692 789 τοῦ
2722 736 2954 808 Ἰσραὴλ,
2973 737 3053 788 ὅτι
3086 733 3442 802 ἐπεσκέψατο,
3469 733 3562 787 καὶ
3593 735 3781 806 ἐποίησε

2246 830 2513 902 λύτρωσιν
2544 828 2622 899 τῷ
2649 827 2764 899 λαῷ
2796 827 2983 891 αὑτοῦ,
3007 826 3100 880 καὶ
3127 826 3312 897 ήγειρε
3344 826 3510 896 κέρας
3547 827 3781 896 σωτηρίας

2247 925 2377 994 ἡμῖν
2409 925 2467 976 ἐν
2499 921 2632 994 οίκῳ
2676 921 2840 974 Δαϐὶδ
2885 919 2975 972 τοῦ
3011 918 3196 981 παιδὸς
3231 917 3417 982 αὐτοῦ,
3470 917 3644 981 καθὼς
3686 918 3781 971 ὲλά-

2245 1014 2375 1086 λησε
2413 1014 2500 1068 διὰ
2549 1013 2818 1085 στόματος
2870 1012 2977 1066 τῶν
3035 1012 3207 1082 ἁγίων
3266 1012 3358 1064 ἀπ’
3410 1009 3604 1073 αίῶνος
3647 1010 3781 1062 mima

2247 1103 2560 1176 προφητῶν.
2606 1123 2624 1155 ι
2684 1103 2822 1155 Ἀλλ’
2860 1104 2940 1156 ὅτι
2995 1102 3093 1173 μὲν
3137 1101 3228 1154 τὸν
3283 1099 3683 1170 ἐπηγγελμένον
3721 1101 3781 1171 τῷ

2245 1195 2408 1248 Δαϐὶδ
2458 1195 2669 1248 αἰώνιον
2724 1193 2910 1265 θρόνον
2953 1195 2981 1247 6
3027 1192 3217 1264 Σωτήρ
3269 1191 3364 1244 καὶ
3421 1191 3621 1261 Κύριος
3655 1192 3781 1262 ἡμῶν

2259 1283 2463 1356 Ἰησοῦς
2494 1286 2522 1338 6
2556 1285 2789 1357 Χριστος
2824 1286 2915 1338 τοῦ
2949 1284 3116 1349 Θεοῦ,
3146 1285 3241 1338 καὶ
3272 1284 3392 1337 οὐδὲ
3425 1282 3581 1345 ἄλλος
3607 1282 3781 1354 ἀνθρώ⁴

2246 1393 2364 1430 πων
2406 1376 2736 1447 ἀπείληφεν,
2783 1377 2963 1432 ἱκαναὶ
3014 1376 3388 1432 πιστώσασθαι
3433 1379 3489 1431 αἱ
3533 1395 3782 1449 προπαρα-

2242 1470 2478 1524 τεθεῖσαι
2534 1471 2861 1543 μαρτυρίαι,
2901 1471 2936 1542 ἦ
2987 1488 3045 1525 τε
3089 1472 3182 1525 τοῦ
3230 1473 3470 1546 Γαϐριὴλ
3518 1473 3611 1526 καὶ
3649 1472 3782 1544 ήτοῦ

2243 1564 2534 1635 Ζαχαρίου,
2570 1563 2637 1616 δι’
2669 1557 2743 1617 ὧν
2782 1565 2874 1616 καὶ
2919 1564 3231 1618 συνίσταται
3265 1567 3328 1618 ἐκ
3372 1567 3678 1637 σπέρματος
3715 1584 3783 1632 γε-

2243 1655 2414 1724 γονὼς
2447 1655 2611 1708 Δαϐὶδ
2647 1656 2787 1710 κατὰ
2823 1659 3019 1728 σάρκα.
3071 1658 3186 1711 Τίνι
3223 1658 3280 1711 δὲ
3319 1658 3461 1729 λόγῳ
3493 1659 3588 1711 τὸν
3621 1659 3783 1729 Ἰωσὴφ

2243 1748 2657 1817 γενεαλογοῦσιν
2715 1751 2763 1802 οἱ
2824 1751 2959 1822 ἱεροὶ
3012 1749 3427 1818 εὐαγγελισταὶ,
3489 1751 3684 1822 καίπερ
3726 1750 3782 1822 μή

2241 1839 2393 1903 ὄντος
2437 1839 2529 1894 τοῦ
2565 1841 2816 1913 Σωτῆρος
2857 1840 3016 1912 ἡμῶν
3068 1841 3126 1906 ἐξ
3174 1841 3372 1906 αὑτοῦ,
3423 1841 3541 1894 ἀλλ’
3573 1842 3630 1907 ἐξ
3658 1842 3783 1910 ἁγίου

565 1929 820 1999 superius
861 1930 1040 1999 posita
1083 1937 1217 1982 sunt
1262 1929 1580 1984 testimonia
1627 1931 2127 2000 comprobaverint,

2240 1931 2553 2003 Πνεύματος
2601 1932 2693 1986 καὶ
2740 1933 2841 2002 τ’ἧς
2875 1932 3031 2000 ἁγίας
3072 1933 3369 2002 Παρθένου,
3420 1935 3574 1999 ὅπως
3618 1953 3673 1988 τε
3712 1936 3782 1988 καὶ

565 2035 776 2076 necnon
801 2021 972 2092 ipsius
1007 2020 1224 2087 Gabriel
1257 2028 1311 2074 et
1339 2019 1636 2085 Zachariae,
1663 2021 1719 2074 in
1753 2021 1951 2092 quibus
1971 2021 2132 2078 etiam

563 2113 695 2168 illud
724 2112 1280 2184 conﬁrmatur,quod,
1299 2122 1571 2185 quatenus
1597 2114 1666 2168 ad
1689 2115 1982 2168 humanam
2013 2113 2136 2183 ejus

562 2212 812 2260 naturam
844 2208 1100 2277 pertinet,
1133 2208 1200 2263 de
1234 2210 1440 2264 semine
1475 2208 1646 2264 David
1677 2217 1843 2264 natus
1879 2214 1983 2263 est.
2014 2205 2132 2261 Cae—

561 2304 759 2360 terum,
795 2313 901 2367 qua
922 2299 1131 2353 ratione
1160 2301 1332 2370 ipsius
1358 2299 1558 2371 Joseph
1583 2317 1754 2371 genus
1775 2300 1948 2355 sancti
1975 2314 2136 2354 evan-

559 2386 769 2456 gelista:
796 2387 1133 2452 describant,
1168 2391 1425 2460 quamvis
1469 2391 1720 2451 Salvator
1752 2398 1940 2446 noster
1967 2405 2032 2443 ex
2067 2405 2132 2445 eo

556 2490 717 2534 natus
739 2495 845 2534 non
877 2481 969 2546 sit,
1004 2481 1100 2537 sed
1132 2482 1198 2538 de
1230 2483 1437 2553 Spiritu
1482 2491 1675 2538 sancto
1709 2491 1763 2538 et
1788 2490 1978 2539 sancta
2005 2481 2132 2535 Vir-

2241 2022 2378 2095 αὕτη
2413 2025 2445 2094 ή
2477 2023 2572 2076 τοῦ
2606 2025 2811 2095 Κυρίου
2850 2026 3030 2096 μήτηρ
3077 2025 3185 2078 ἀπὸ
3216 2024 3405 2093 γένους
3437 2027 3534 2080 καὶ
3571 2026 3782 2096 σπέρμα-

2240 2131 2329 2177 τος
2362 2115 2743 2170 ἀποδείκνυται
2781 2111 2920 2170 εἶναι
2950 2116 3131 2181 Δαϐὶδ,
3167 2118 3226 2171 ἐν
3263 2118 3338 2188 τῷ
3370 2117 3580 2190 πρώτῳ
3606 2119 3701 2172 τῶν
3723 2120 3783 2180 είς

2240 2203 2337 2276 τὴν
2364 2204 2712 2273 γενεαλογίαν
2739 2204 2832 2258 τοῦ
2867 2206 3116 2277 Σωτῆρος
3157 2208 3188 2277 ή
3200 2206 3316 2277 μῶν
3351 2205 3676 2279 ζητημάτων
3711 2207 3783 2259 καὶ

2240 2293 2442 2348 λύσεων
2473 2295 2825 2367 διειληφότες,
2854 2296 2940 2349 ἐπ’
2972 2298 3152 2350 ἐκεῖνα
3181 2299 3306 2361 τοὺς
3335 2297 3651 2370 φιλομαθεῖς
3678 2301 3783 2352 ἀνα-

2239 2385 2551 2458 πέμπομεν,
2601 2388 2685 2457 ἐφ’
2713 2387 2904 2460 ἑτέραν
2937 2389 3081 2460 ἡμᾶς
3114 2389 3368 2443 ὑπόθεσιν
3399 2391 3783 2460 κατεπείγοντος

2237 2478 2331 2533 τοῦ
2362 2478 2626 2550 παρόντος
2659 2479 2874 2552 καιροῦ.

556 2576 701 2647 gine,
751 2593 965 2648 quoque
1011 2578 1174 2635 modo
1212 2580 1326 2635 haac
1377 2580 1550 2651 ipsius
1595 2578 1809 2634 Domini
1846 2588 2020 2634 mater
2066 2579 2133 2633 de
2163 2592 2362 2649 genere
2389 2592 2455 2632 ex
2481 2577 2691 2632 semine
2710 2575 2880 2632 David
2911 2575 3082 2634 fuisse
3146 2579 3491 2644 ostendatur,
3559 2579 3613 2634 in
3640 2579 3784 2650 primo

553 2678 606 2725 et
635 2672 996 2741 qumstionum
1024 2681 1078 2729 et
1118 2675 1451 2729 solutionum
1492 2690 1612 2744 quae
1650 2674 1718 2729 ad
1763 2675 1979 2746 generis
2031 2671 2330 2728 Salvatoris
2352 2671 2528 2728 nostri
2576 2673 2773 2728 seriem
2835 2681 2999 2744 atque
3031 2704 3033 2707 -
3060 2675 3460 2730 enarrationem
3518 2676 3781 2746 pertinent.

553 2768 1070 2836 explicavimus.Ad
1100 2771 1189 2825 illa
1215 2771 1382 2842 igitur
1433 2786 1528 2826 eos
1557 2772 1649 2842 qui
1681 2771 1897 2827 discere
1939 2772 2168 2842 cupiunt
2206 2771 2558 2834 remittimus,
2612 2770 2833 2840 quando
2892 2771 2959 2826 ad
3012 2772 3157 2828 aliud
3193 2773 3470 2829 scribendi
3526 2788 3784 2847 argumen-

555 2867 668 2913 tum
697 2877 938 2931 przesens
969 2881 1068 2920 nos
1095 2873 1308 2936 tempus
1337 2874 1557 2920 revocat
1585 2873 1748 2937 atque
1777 2867 2031 2936 impellit.

553 2973 594 3026 Α
622 2977 826 3047 psalmo
851 2996 996 3034 Lm.
1025 3011 1096 3022 —
1121 2980 1194 3055 De
1236 2979 1520 3055 Salomone
1541 2992 1668 3037 eteo
1713 2984 1799 3055 qui
1827 2999 1890 3037 ex
1937 2984 2130 3038 semine

1133 3051 1246 3121 ejus
1273 3052 1533 3120 procedet.

629 3177 648 3208 ι
689 3157 852 3223 Deus,
875 3159 1140 3229 judicium
1166 3168 1319 3216 tuum
1346 3161 1456 3234 regi
1487 3163 1576 3230 da,
1603 3171 1656 3220 et
1681 3163 1952 3234 justitiam
1979 3173 2126 3221 tuam
2158 3193 2199 3248 ε

555 3251 663 3306 ﬁlio
690 3253 886 3323 regis‘,
923 3272 941 3305 ι
972 3269 1034 3309 ac
1051 3254 1309 3325 deinceps
1337 3255 1503 3329 355.
1529 3250 1777 3329 adjungit
1810 3275 1822 3310 :
1863 3278 1882 3310 ‹
1911 3259 1976 3312 Et
2004 3275 2129 3329 per-

550 3342 793 3396 manebit
828 3351 976 3395 cum'
1003 3344 1116 3398 sole
1161 3352 1215 3398 et
1244 3352 1370 3399 ante
1399 3345 1606 3410 lunam,
1639 3347 2019 3416 generationes
2046 3362 2132 3418 ge-

552 3432 923 3496 nerationum,
975 3431 1270 3490 descendet
1315 3434 1460 3490 sicut
1514 3436 1700 3506 pluvia
1752 3438 1808 3492 in
1845 3437 2042 3502 vellus,
2077 3445 2130 3493 et

545 3522 692 3576 sicut
720 3521 997 3578 stillicidia
1033 3526 1292 3580 stillantia
1334 3542 1500 3597 super
1563 3538 1786 3592 terram,
1819 3529 2029 3586 orietur
2073 3530 2128 3585 in

549 3615 740 3673 diebus
763 3617 883 3686 ejus
907 3617 1143 3688 justitia,
1176 3627 1227 3674 et
1262 3620 1596 3675 abundantia
1629 3624 1802 3692 pacis,
1831 3623 2004 3679 donec
2032 3639 2129 3678 au-

437 3771 439 3774 ,
540 3705 754 3762 feratur
787 3709 937 3774 luna,
970 3717 1023 3764 et
1048 3709 1417 3766 dominabitur
1440 3728 1470 3766 a
1501 3715 1636 3768 mari
1671 3731 1845 3786 usque
1867 3715 1933 3769 ad
1955 3731 2123 3779 mare,

541 3808 600 3852 et
630 3814 660 3852 a
698 3798 923 3856 ﬁumine
963 3817 1137 3872 usque
1174 3802 1244 3856 ad
1288 3805 1554 3860 terminos
1591 3807 1742 3862 orbis
1794 3804 1996 3864 terrae”.
2030 3807 2126 3863 »Ει

541 3899 670 3958 post
692 3907 884 3961 pauca,
905 3893 984 3948 sic
1010 3895 1116 3948 ait:
1139 3913 1156 3945 ι
1185 3893 1650 3965 Superextolletur
1667 3915 1833 3970 super
1858 3899 2123 3956 Libanum

545 3982 756 4038 fructus
786 3984 927 4054 ejus,
947 3987 1052 4040 erit
1071 4002 1268 4044 nomen
1293 3989 1413 4059 ejus
1443 3990 1788 4047 benedictum
1821 3994 1876 4047 in
1900 3994 2120 4060 saecula,

545 4083 673 4130 ante
704 4077 871 4131 solem
911 4079 1249 4148 permanebit
1296 4097 1492 4136 nomen
1523 4084 1667 4152 ejus,
1715 4091 1768 4140 et
1793 4084 2124 4140 benedicen-

545 4172 635 4217 tur
669 4164 722 4218 in
747 4165 866 4235 ipso
897 4181 1085 4222 omnes
1115 4167 1296 4222 tribus
1328 4176 1510 4234 teme,
1553 4185 1745 4225 onmes
1771 4179 1962 4240 gentes
1994 4172 2123 4226 bea-

543 4253 825 4309 tiﬁcabunt
840 4271 962 4310 eum
985 4257 1049 4311 ¹⁰.
1084 4277 1102 4310 ›
1131 4257 1361 4324 Quando
1377 4274 1507 4331 ergo
1525 4260 1578 4313 in
1611 4257 1958 4316 Salomonem
1988 4261 2122 4315 scri-

540 4355 665 4415 ptus
718 4361 803 4402 est
854 4349 1122 4418 psalmus,
1170 4351 1381 4420 primus
1442 4352 1637 4422 psalmi
1691 4353 2000 4408 versiculus
2053 4352 2120 4407 ad

540 4439 689 4492 illum
708 4439 999 4506 referatur;
1018 4457 1139 4512 quae
1166 4458 1297 4498 vero
1326 4453 1631 4514 sequuntur
1647 4445 1830 4500 omnia
1853 4445 1919 4499 ad
1949 4445 2116 4500 ﬁlium

2251 2958 2390 3012 Ἀπὸ
2433 2959 2680 3028 ψαλμοῦ
2708 2965 2814 3015 οα’.
2846 2992 2915 3001 —-
2954 2960 3092 3028 Περὶ
3138 2960 3526 3030 Σολομῶντος
3572 2961 3663 3015 καί
3699 2959 3783 3014 τοῦ

2413 3030 2481 3083 ἐκ
2507 3030 2849 3100 σπέρματος
2879 3031 3065 3085 αὐτοῦ
3093 3032 3640 3101 προελευσομένου.

2314 3162 2333 3195 ι
2379 3143 2438 3196 Ὀ
2470 3144 2622 3209 Θεὸς,
2659 3144 2721 3197 τὸ
2753 3145 2929 3218 κρῖμά
2962 3163 3054 3200 σου
3086 3145 3163 3217 τῷ
3196 3146 3404 3218 βασιλεῖ
3432 3147 3547 3214 δὸς,
3593 3147 3681 3201 καὶ
3706 3146 3784 3216 τήν

2231 3236 2575 3308 δικαιοσύνην
2627 3252 2719 3290 σου
2771 3237 2850 3307 τῷ
2901 3236 3003 3308 υἱῷ
3033 3235 3126 3290 τοῦ
3176 3237 3466 3308 βασιλέως·
3510 3257 3533 3290 ›
3570 3240 3657 3292 καὶ
3683 3237 3784 3306 ἑξῆς

2231 3327 2490 3397 ἐπιλέγειο
2531 3347 2549 3378 ι
2595 3328 2705 3380 Καὶ
2756 3331 3177 3401 συμπαραμενεῖ
3223 3329 3301 3400 τῷ
3336 3330 3512 3401 ἡλίῳ,
3567 3331 3656 3384 καὶ
3702 3327 3786 3400 πρὸ

2230 3421 2328 3492 τῆς
2361 3420 2588 3491 σελήνης
2637 3419 2830 3488 γενεὰς
2871 3422 3105 3489 γενεῶν,
3142 3422 3509 3494 καταϐήσεται
3555 3422 3630 3486 ὡς
3659 3421 3786 3482 65:6;

2230 3513 2322 3566 ἐπὶ
2371 3513 2557 3580 πόκον,
2611 3513 2704 3568 καὶ
2759 3513 2893 3567 ὡσεὶ
2943 3515 3200 3583 σταγόνες
3248 3515 3544 3579 στάζουσαν.
3597 3517 3682 3570 ἐπὶ
3705 3514 3786 3584 τὴν

2226 3606 2362 3677 γῆν·
2414 3605 2664 3660 ἀνατελεῖ
2703 3608 2761 3661 ὲν
2812 3611 2932 3672 ταῖς
2976 3608 3212 3679 ἡμέραις
3265 3608 3428 3662 αὑτοῦ
3474 3605 3782 3676 δικαιοσύνη.

2230 3699 2323 3750 καὶ
2365 3697 2567 3769 πλῆθος
2601 3700 2854 3772 είρήνης,
2892 3700 2997 3763 ἕως
3030 3692 3091 3752 οὗ
3125 3700 3483 3772 ἀνταναιρεθῇ
3520 3703 3556 3773 ή
3594 3700 3782 3770 σελήνη,

2229 3791 2323 3843 καλ⁸
2348 3791 2767 3862 κατακυριεύσει
2802 3792 2909 3845 ἀπὸ
2944 3791 3218 3864 θαλάσσης
3248 3794 3353 3856 ἕως
3383 3793 3676 3862 θαλάσσης,
3706 3789 3785 3844 καὶ

2229 3881 2338 3934 ἀπὸ
2376 3881 2622 3953 ποταμοῦ
2663 3883 2768 3947 ἓως
2810 3884 3062 3955 περάτων
3105 3886 3204 3956 τῆς
3250 3885 3600 3956 οἰκουμένης.
3647 3903 3663 3935 ι
3693 3880 3784 3934 Καὶ

2230 3972 2368 4045 μετὰ
2423 3974 2628 4045 βραχέα
2681 3975 2879 4045 φησίν⁹
2931 3994 2948 4026 ι
2997 3975 3470 4049 ’Υπεραρθήσεται
3517 3977 3660 4045 ὑπὲρ
3710 3973 3784 4024 τὸν

2225 4065 2454 4120 Λίϐανον
2482 4068 2511 4118 6
2542 4065 2753 4138 καρπὸς
2785 4067 2968 4120 αὑτοῦ·
2998 4067 3150 4121 ἔσται
3175 4067 3234 4121 τὸ
3265 4069 3435 4138 ὄνομα
3463 4065 3631 4121 αὑτοῦ
3659 4062 3785 4116 εὐλο-

2225 4158 2464 4229 γημένον
2497 4162 2576 4223 είς
2627 4159 2716 4212 τὸν
2759 4161 2953 4226 αξῶνα,
2988 4159 3090 4233 πρὸ
3138 4162 3232 4214 τοῦ
3278 4161 3431 4232 ἡλίου
3475 4159 3712 4230 διαμενεῖ
3733 4154 3782 4206 τὸ

2225 4250 2394 4322 δνομα
2425 4252 2611 4316 αὐτοῦ,
2653 4252 2747 4305 καὶ
2797 4252 3310 4324 ένευλογηθήσονται
3353 4253 3411 4304 ὲν
3454 4251 3602 4322 αὐτῷ
3635 4250 3780 4303 πᾶσαι

2224 4344 2279 4395 αί
2326 4343 2492 4413 φυλαὶ
2530 4343 2629 4414 τῆς
2658 4345 2782 4415 γῆς,
2817 4344 2993 4398 πάντα
3025 4345 3094 4399 τὰ
3138 4345 3264 4416 ἔθνη
3307 4343 3662 4416 μακαριοῦσιν
3703 4340 3782 4394 αὺο

2222 4435 2332 4489 τόν.
2370 4454 2388 4486 ι
2431 4435 2648 4508 Ἐπειδὴ
2679 4437 2986 4507 γέγραπται
3018 4439 3098 4502 είς
3136 4436 3423 4508 Σολομῶνα
3451 4437 3479 4489 6
3508 4433 3730 4506 ψαλμδς.
3756 4431 3782 4483 δ

542 4525 875 4593 Salomonis,
927 4545 1037 4584 non
1071 4530 1341 4598 Roboam,
1377 4532 1470 4603 qui
1507 4541 1631 4604 post
1683 4535 1835 4588 illum
1871 4536 2117 4604 regnavit

2233 4525 2440 4597 πρῶτος
2469 4527 2562 4580 τοῦ
2592 4527 2808 4599 ψαλμοῦ
2836 4529 3015 4600 στίχος
3045 4531 3126 4594 είς
3159 4528 3321 4584 αὐτὸν
3353 4529 3697 4600 ἀναφέροιτο,
3725 4522 3782 4576 τὰ

539 4621 594 4674 in
640 4620 1005 4690 Hierusalem,
1039 4624 1134 4680 sed
1177 4624 1244 4678 ad
1291 4641 1416 4680 eum
1462 4627 1553 4696 qui
1607 4625 1674 4680 de
1712 4628 1832 4696 ejus
1888 4627 2117 4692 semine,

538 4715 752 4768 ratione
800 4713 1054 4770 humana:
1102 4725 1311 4772 natum
1357 4718 1636 4789 profectus
1681 4729 1787 4782 est,
1836 4717 2117 4775 Christum

537 4802 653 4860 Dei.
685 4802 841 4871 Quod
890 4807 1033 4860 enim
1080 4824 1256 4878 neque
1299 4809 1366 4862 ad
1416 4808 1783 4873 Salomonem,
1819 4826 1995 4882 neque
2047 4814 2115 4866 ad

537 4897 658 4963 ejus
693 4913 1071 4956 successorem
1115 4899 1307 4955 referri
1335 4901 1551 4971 possint
1578 4917 1643 4958 ea
1666 4917 1787 4972 quae
1818 4904 1870 4957 in
1905 4905 2116 4974 psalmo

537 4989 914 5058 continentur,
948 5001 1170 5064 propter
1203 5008 1300 5059 ea,
1351 5011 1471 5064 qua:
1509 4995 1578 5050 de
1621 4995 1714 5049 illo
1749 4998 1968 5067 cognita
2023 4998 2118 5051 ha-

535 5083 754 5149 bentur,
782 5083 1096 5155 quicunque
1147 5083 1453 5139 divmarum
1505 5083 1914 5156 Scripturarum
1946 5087 2117 5157 impe-

535 5175 677 5231 ritus
717 5192 827 5232 non
854 5186 957 5242 est,
997 5177 1154 5233 facile
1199 5177 1566 5233 conﬁtebitur.
1624 5177 1837 5233 Etenim
1871 5181 1964 5248 qui
1999 5179 2118 5234 ﬁeri

537 5274 718 5338 potest
764 5276 824 5323 ut
865 5272 933 5324 de
970 5267 1282 5334 Salomone,
1318 5276 1413 5322 aut
1445 5270 1508 5324 de
1557 5268 1678 5338 ejus
1723 5267 1833 5324 ﬁlio
1865 5268 2113 5324 Roboam

534 5361 896 5432 accipiantur,
948 5376 1070 5434 quae
1122 5377 1219 5432 per
1267 5369 1438 5416 totum
1503 5362 1775 5432 psalmum
1837 5360 2110 5427 feruntur,

535 5451 696 5520 quale
733 5458 818 5508 est
849 5450 984 5506 illud
1026 5471 1039 5507 :
1079 5469 1098 5502 ι
1145 5449 1525 5506 Dominabitur
1568 5465 1597 5504 a
1641 5451 1780 5504 mari
1836 5467 2009 5520 usque
2044 5452 2111 5506 ad

536 5557 705 5607 mare,
742 5551 794 5597 et
823 5559 854 5598 a
878 5542 1098 5598 [lumine
1129 5558 1299 5613 usque
1329 5542 1396 5596 ad
1431 5541 1692 5597 terminos
1722 5541 1870 5596 orbis
1896 5552 2107 5607 terram

533 5645 590 5690 et
621 5621 754 5690 illud
785 5653 798 5689 :
833 5655 851 5688 ι
882 5634 1232 5692 Permanebit
1263 5651 1388 5690 cum
1420 5636 1535 5691 sole
1563 5641 1617 5689 et
1642 5641 1768 5688 ante
1800 5633 1984 5687 lunam
2016 5650 2111 5705 ge-

533 5729 848 5784 nerationes
895 5725 1328 5799 generationum,
1365 5744 1384 5776 ι
1419 5732 1474 5779 et
1524 5737 1862 5794 quaecunque
1895 5724 2000 5778 alia
2024 5723 2110 5780 his

2220 4617 2277 4671 δὲ
2325 4619 2566 4690 ἑπόμενα
2611 4620 2792 4675 πάντα
2839 4623 2920 4685 είς
2969 4621 3060 4674 τὸν
3104 4622 3220 4674 υίὺν
3252 4620 3595 4692 Σολομῶνος,
3624 4617 3680 4671 οὐ
3705 4615 3781 4668 τόν

2235 4709 2491 4781 Ῥοϐοάμ,
2544 4711 2603 4773 ὃς
2647 4714 2764 4782 μετ’
2812 4712 2975 4766 αὐτὸν
3024 4711 3339 4766 ἐϐασίλευσε
3397 4711 3489 4764 τοῦ
3550 4707 3778 4780 Ἰσραήλ.

2222 4800 2359 4854 ἀλλὰ
2401 4802 2493 4856 τὸν
2538 4804 2602 4856 ὲκ
2636 4803 2952 4876 σπέρματος
2979 4804 3145 4859 αὐτοῦ
3189 4804 3328 4859 κατά
3375 4806 3552 4875 σάρκα
3577 4801 3783 4871 γενόμε-

2222 4908 2332 4955 νον,
2381 4892 2472 4946 τὸν
2519 4894 2752 4966 Χριστὸν
2783 4895 2876 4947 τοῦ
2917 4894 3073 4951 Θεοῦ.
3106 4896 3227 4949 ’Ότι
3267 4895 3376 4968 γὰρ
3423 4896 3520 4948 οὐκ
3567 4893 3654 4945 ἐπὶ
3703 4890 3780 4943 τὸν

2223 4984 2528 5056 Σολομῶνα,
2577 4987 2697 5041 οὐδὲ
2741 4989 2831 5040 ἐπὶ
2861 4987 2951 5040 τὸν
2993 4991 3183 5044 τούτου
3229 4987 3470 5058 διάδοχον
3511 4984 3778 5054 ἀναφέρειν

2221 5079 2444 5134 δυνατὸν
2473 5080 2542 5133 τά
2575 5084 2632 5135 ὲν
2659 5081 2736 5152 τῷ
2772 5081 2972 5153 ψαλμῷ
3000 5082 3088 5135 διὰ
3120 5082 3190 5135 τὰ
3219 5082 3347 5154 περὶ
3381 5080 3541 5134 αὑτοῦ
3571 5078 3779 5147 δεδηλω-

2224 5171 2380 5240 μένα.
2409 5173 2514 5234 πᾶς
2555 5173 2583 5225 6
2619 5171 2693 5243 μὴ
2723 5174 3108 5244 ἀνεπιστήμων
3144 5173 3251 5226 τῶν
3286 5171 3446 5226 θείων
3477 5170 3777 5241 ὁμολογήσει

2223 5262 2475 5333 Γραφῶν.
2517 5263 2676 5318 Ἀλλὰ
2725 5265 2818 5317 καὶ
2869 5264 2985 5328 πῶς
3034 5259 3147 5318 οἷόν
3175 5282 3236 5317 τε
3277 5265 3371 5317 ἐπὶ
3414 5261 3710 5332 Σολομῶνα,
3748 5255 3775 5325 ἢ

2221 5356 2315 5407 ἐπὶ
2340 5356 2430 5408 τὸν
2459 5355 2646 5409 τούτου
2682 5357 2796 5410 υἱὸν
2837 5355 3071 5427 Ῥοϐοάμ
3116 5356 3477 5428 ἐκλαμϐάνειν
3518 5355 3580 5408 τά
3625 5353 3777 5421 ἐμφε-

2225 5449 2425 5518 ρόμενα
2461 5447 2526 5501 δι’
2559 5449 2682 5503 ὅλου
2709 5448 2802 5502 τοῦ
2830 5447 3078 5521 ψαλμοῦς
3107 5444 3217 5502 οἷον
3246 5450 3328 5515 τὸ,
3364 5469 3382 5500 ι
3427 5442 3780 5515 Κατακυριεῦ-

2223 5556 2306 5592 σει
2344 5540 2450 5593 ἀπὸ
2481 5540 2753 5614 θαλάσσης
2784 5541 2888 5605 ἕως
2917 5541 3210 5612 θαλάσσης,
3260 5543 3353 5595 καὶ
3398 5541 3504 5594 ἀπὸ
3552 5531 3776 5604 ποταμοῦ

2218 5630 2324 5696 ἕως
2356 5633 2608 5704 περάτων
2651 5635 2750 5704 τῆς
2793 5636 3140 5706 οἰκουμένης·
3176 5655 3194 5686 ι
3222 5636 3314 5687 καὶ
3343 5634 3404 5687 τὸ
3435 5654 3452 5685 ι
3504 5633 3779 5700 Συμπαρα·

2223 5727 2373 5797 μενεῖ
2403 5725 2481 5797 τῷ
2503 5726 2660 5798 ἡλίῳ,
2684 5727 2780 5780 καὶ
2809 5728 2917 5798 πρὸ
2944 5727 3043 5798 τῆς
3068 5727 3296 5800 σελήνης
3321 5725 3510 5798 γενεὰς
3537 5720 3770 5794 γενεῶν»

607 5881 629 5913 ⁸
659 5880 793 5937 Luc.
829 5898 867 5950 ι,
891 5883 982 5950 32,
1018 5885 1105 5940 55.
1143 5887 1161 5918 "
1201 5885 1333 5950 ibid,
1370 5883 1550 5940 68-70.
1581 5885 1601 5917 ⁸
1629 5883 1775 5942 Psal.
1809 5903 1958 5956 uxr,
1984 5889 2037 5945 2.
2101 5889 2122 5922 '

2233 5889 2284 5946 d.
2316 5889 2424 5946 3-8.
2485 5889 2527 5922 ¹⁰
2558 5887 2688 5946 ibid.
2727 5889 2813 5947 16.
2857 5888 2942 5945 17.
