3928 6502
164 367 256 421 557

1039 371 1696 430 DEMONSTRATIONIS
1738 374 2198 432 EVANGEIJCJS
2241 377 2365 432 LIB.
2413 379 2522 432 VII.

3301 379 3404 434 5333

167 484 248 536 καὶ
270 482 366 535 ὅσα
397 483 537 537 ἄλλα
566 485 772 551 τούτοις
805 489 968 559 ὃμοια
995 491 1326 560 ἐπιλέγεται.
1364 495 1559 566 Διόπερ
1597 496 1716 548 ἀϐα-

1805 496 1974 566 ,ipsis
2012 497 2210 552 similia
2253 497 2643 566 adjunguntur.
2688 496 3029 566 Quapropter
3065 497 3182 552 sine
3230 497 3400 550 multa

167 575 416 638 σανίστως
469 576 752 650 ἀποδοθείη
784 579 848 632 ἂν
889 584 917 634 6
965 583 1062 651 μὲν
1099 585 1320 652 φάσκων
1355 588 1410 637 ἐν
1449 587 1590 657 ἀρχῇ
1635 587 1726 640 τοῦ

162 665 360 736 ψαλμοῦ
415 667 591 736 λόγος·
629 689 647 720 ‹
693 671 750 723 Ὀ
777 671 931 738 Θεὸς,
959 674 1020 726 τὸ
1069 677 1243 746 κρῖμά
1285 694 1374 730 σου
1414 677 1490 748 τῷ
1524 678 1730 748 βασιλεῖ

161 757 271 821 δὺς,
310 777 327 808 ι
365 759 455 810 ἐπ’
497 760 661 815 αὑτὸν
710 763 914 817 ἐκεῖνον
951 765 1255 837 Σολομῶνα
1283 769 1311 819 ὁ
1348 770 1610 838 ἐπιλέγων
1647 772 1723 838 δὲ,

165 869 184 904 ι
214 851 316 906 Καὶ
344 851 449 922 τὴν
483 852 829 927 δικαιοσύνην
879 874 970 910 σου
1002 858 1078 930 τῷ
1118 860 1217 931 υἱῷ
1246 861 1340 914 τοῦ
1375 863 1658 934 βασιλέως.
1701 888 1718 918 ι

160 941 242 994 ἐπὶ
269 940 359 994 τὸν
391 943 704 1014 Σολομῶνος
737 947 870 1010 υἱὸν,
914 949 974 1001 ού
1020 950 1112 1004 τὸν
1145 954 1486 1024 πρωτότοκον
1519 958 1724 1011 ἐκεῖνον

159 1031 239 1085 τὸν
280 1032 526 1104 διάδοχον
577 1037 743 1090 αὑτοῦ
793 1040 894 1110 τῆς
925 1041 1198 1112 βασιλείας
1247 1048 1556 1119 γενόμενον,
1591 1050 1720 1120 (οὐδ’

159 1124 283 1188 ὅλοις
315 1125 425 1197 γάρ
457 1127 666 1193 ἐκεῖνος
700 1131 1070 1187 ἑπτακαίδεκα
1100 1135 1242 1189 ἔτεσι
1270 1139 1429 1207 μόνου
1457 1140 1551 1194 τοῦ
1594 1142 1722 1196 Ἰου-

160 1216 305 1270 δαίων
350 1218 541 1284 ἔθνους
588 1222 848 1294 προστὰς,
883 1224 1114 1280 κάκιστα
1161 1229 1396 1302 κέχρητο
1431 1236 1496 1304 τῇ
1531 1235 1719 1306 ἀρχῇ·)

161 1308 260 1360 ἀλλ’
288 1309 398 1362 οὐδ’
427 1312 514 1380 ἐφ’
543 1311 728 1382 ἕτερον
755 1315 864 1368 τῶν
905 1316 1142 1389 Ῥοϐοάμ
1168 1319 1258 1372 τὸν
1285 1321 1473 1394 θρόνον
1499 1324 1600 1394 τῆς
1623 1326 1716 1379 τοῦ

159 1394 452 1464 Σολομῶνος
481 1396 755 1466 βασιλείας
787 1402 1200 1474 διαδεξαμένων,
1235 1410 1326 1462 ἐπὶ
1355 1415 1510 1482 μόνον
1542 1414 1598 1467 δὲ
1627 1415 1719 1468 τὸν

159 1487 212 1538 ἐκ
244 1487 560 1558 σπέρματος
591 1491 776 1556 Δαϐὶδ,
804 1493 944 1548 οὕτω
979 1497 1070 1549 καὶ
1101 1499 1193 1552 τοῦ
1240 1501 1548 1574 Σολομῶνος
1580 1508 1714 1569 υἱὸν,

156 1574 219 1666 tit;
248 1576 338 1628 καὶ
373 1576 466 1630 τοῦ
497 1578 663 1632 Δαϐὶδ
694 1584 1125 1653 χρηματίσαντα.
1160 1582 1326 1656 Οὗτος
1360 1594 1404 1646 δ’
1449 1591 1516 1666 ἦν
1551 1598 1578 1649 6
1607 1599 1717 1650 Σω-

156 1665 242 1737 τὴρ
288 1669 381 1721 καὶ
426 1668 633 1742 Κύριος
682 1674 838 1744 ἡμῶν
880 1677 1086 1747 Ἰησοῦς
1130 1683 1158 1734 6
1207 1665 1481 1754 Χριστός(
1515 1689 1714 1743 Τούτου

156 1759 248 1829 γὰρ
299 1761 484 1830 μόνου,
543 1764 635 1818 καὶ
684 1766 794 1819 οὐδ’
837 1768 1024 1842 ἑτέρου
1076 1772 1184 1826 τῶν
1230 1775 1481 1843 πώποτε,
1537 1784 1565 1836 6
1614 1783 1715 1854 τῆς

1837 589 2126 642 admodum
2165 592 2560 660 exploratione,
2604 607 2723 660 qua-
2771 591 2990 660 quidem
3037 589 3198 642 verba
3246 590 3402 644 initio

1832 680 2026 748 psalmi
2060 680 2329 734 habentur
2357 701 2367 732 :
2404 699 2420 729 ι
2459 680 2620 741 Deus,
2647 679 2911 749 judicium
2939 687 3088 731 tuum
3118 679 3228 750 regi
3256 679 3323 733 da
3345 700 3394 743 ,ι

1830 785 1961 825 sane
2007 770 2072 822 ad
2111 771 2260 824 illum
2296 771 2472 840 ipsum
2518 770 2859 824 Salomonem
2910 771 3244 834 referantur;
3276 788 3398 841 qua:

1828 879 1956 917 vero
1991 872 2296 934 sequuntur
2330 880 2342 913 :
2388 882 2404 913 ι
2449 863 2514 916 Et
2548 864 2814 932 justitiam
2847 871 2992 917 tuam
3030 865 3139 917 lilio
3180 866 3344 934 regis,
3373 885 3392 914 ι

1828 956 1895 1009 ad
1927 955 2236 1010 Salomonis
2271 954 2463 1018 ﬁlium,
2489 971 2598 1009 non
2638 956 2787 1008 illum
2821 957 3265 1026 primogenitum,
3302 958 3398 1027 qui

1825 1047 1902 1101 illi
1932 1049 1988 1101 in
2027 1063 2195 1116 regno
2232 1047 2498 1100 successit
2533 1044 2678 1116 (nam
2726 1047 2814 1101 ille
2856 1063 2979 1101 cum
3024 1048 3123 1101 soli
3157 1046 3398 1103 Iudaica:

1821 1142 1969 1209 genti
2003 1155 2071 1194 ne
2101 1149 2242 1194 totos
2273 1138 2490 1207 quidem
2528 1139 2714 1192 decem
2749 1147 2800 1192 et
2827 1148 3033 1210 septem
3067 1157 3238 1197 annos
3261 1156 3396 1212 prae-

1823 1232 2035 1296 fuisset,
2068 1233 2302 1302 pessime
2325 1246 2460 1286 usus
2488 1240 2570 1286 est
2592 1231 2864 1302 imperio),
2895 1233 2988 1288 sed
3016 1250 3115 1289 nec
3137 1233 3204 1287 ad
3227 1235 3392 1289 alium

1823 1335 2081 1395 praeterea
2113 1327 2420 1398 quempiam
2451 1341 2638 1381 eorum
2670 1327 2762 1396 qui
2801 1335 2922 1397 post
2952 1325 3192 1382 Roboam
3219 1327 3272 1381 in
3306 1342 3395 1381 re.-

1821 1433 1928 1485 gno
1961 1416 2270 1474 Salomonis
2304 1421 2694 1484 successerint,
2729 1421 2820 1474 sed
2859 1419 2925 1474 ad
2957 1420 3132 1473 solum
3165 1435 3193 1474 a
3221 1418 3390 1474 David

1820 1507 2134 1572 oriundum,
2165 1508 2255 1578 qui
2289 1509 2362 1562 ita
2397 1507 2704 1565 Salomonis
2751 1509 2895 1564 ﬁlius
2935 1517 2994 1562 ut
3023 1509 3197 1578 ipsius
3219 1508 3390 1563 David

1819 1599 1999 1654 dictus
2048 1607 2154 1656 est.
2206 1601 2304 1655 Hic
2344 1614 2524 1657 autem
2573 1600 2677 1655 fuit
2720 1601 2971 1655 Salvator
3023 1611 3076 1655 et
3125 1600 3389 1657 Dominus

1819 1700 2003 1746 noster
2028 1689 2189 1748 Jesus
2218 1691 2489 1749 Christus.
2524 1693 2696 1765 Hujus
2733 1695 2877 1748 enim
2910 1693 3096 1757 unius,
3127 1707 3228 1747 nec
3255 1693 3389 1748 alte-

1817 1785 1933 1838 rius
1960 1784 2266 1854 cujuspiam
2316 1801 2528 1850 eorum,
2558 1787 2651 1857 qui
2684 1801 2924 1856 unquam
2963 1786 3186 1850 fuerint,
3217 1785 3387 1841 divini

155 1849 316 1947 ἔνθεον)
357 1853 634 1947 βασιλείας
660 1857 848 1929 θρόνος
874 1874 1292 1938 συμπαραμενεῖ
1323 1870 1400 1941 τῷ
1431 1873 1582 1944 ἡλίῳ·
1620 1849 1713 1929 καὶ

1817 1874 1968 1945 regni
1994 1883 2158 1945 atque
2189 1876 2402 1945 imperii
2428 1877 2588 1932 sedes
2607 1889 2966 1947 permansura
3000 1883 3084 1929 est
3107 1889 3230 1928 cum
3247 1875 3385 1939 sole,

154 1932 289 2004 οὗτός
338 1960 437 2011 γε,
469 1945 585 1998 ἀλλ’
637 1949 810 2014 οὐδεὶς
852 1951 1038 2026 ἔτερος
1078 1957 1412 2030 ἀνθρώπων,
1461 1965 1564 2036 πρὸ
1614 1966 1710 2036 τῆς

155 2031 362 2105 σελήνης
407 2038 502 2090 καὶ
548 2037 656 2111 πρὸ
703 2041 804 2112 τῆς
849 2045 941 2098 τοῦ
986 2048 1188 2120 κόσμου
1243 2053 1581 2119 συστάσεως,
1616 2058 1709 2112 ac:

151 2124 301 2192 Λόγος
329 2128 405 2180 ὢν
437 2128 595 2196 Θεοῦ,
625 2135 998 2209 προῦττῆρχεν,
1035 2139 1225 2210 ἔσταξέ
1264 2161 1323 2197 τε
1359 2146 1518 2216 μόνος
1557 2142 1711 2213 οὗτος

150 2216 422 2312 οὐρανόθεν
448 2220 642 2292 δρόσου
669 2223 824 2297 δίκην
851 2229 943 2282 ἐπὶ
967 2232 1147 2287 πᾶσαν
1185 2233 1282 2306 τὴν
1324 2237 1448 2308 γῆν.
1482 2239 1707 2312 Εἴρηται

151 2305 197 2396 δὲ
237 2311 323 2363 καὶ
375 2315 454 2376 εἰς
497 2315 705 2382 πάντας
737 2319 1056 2393 ἀνθρώπους
1094 2326 1537 2396 ἀνατεταλκὲναι,
1570 2336 1708 2388 κατὰ

151 2395 207 2448 τὰ
233 2401 410 2498 μικρῷ
441 2403 678 2498 πρόσθεν
707 2411 836 2480 ἡμῖν
857 2413 1247 2486 ἀποδεδομένα,
1277 2420 1372 2473 καὶ
1396 2421 1706 2498 δικαιοσύνη

155 2492 522 2560 παραμένουσα
556 2497 717 2570 μέχρι
761 2501 861 2572 τῆς
911 2503 1005 2556 τοῦ
1055 2505 1171 2576 βίου
1226 2510 1554 2576 συντελείας,
1585 2492 1707 2585 ἥτις

151 2580 507 2679 ἁνταναίρεσις
527 2588 838 2660 ὠνόμασται
863 2594 964 2664 τῆς
996 2597 1241 2670 σελήνης.
1277 2602 1548 2674 Ἐναργῶς
1577 2580 1633 2660 τε
1672 2611 1704 2679 ἡ

150 2688 229 2725 του
259 2677 504 2749 Σωτῆρος
528 2683 560 2751 ἡ
571 2681 686 2751 μῶν
717 2683 944 2758 δύναμις
970 2695 1158 2761 κρατεῖ
1193 2693 1286 2747 καὶ
1315 2697 1554 2768 κυριεύει
1597 2700 1704 2753 τῶν

153 2764 202 2830 ἐξ
257 2767 396 2838 ἑῴας
439 2771 716 2847 θαλάσσης
753 2779 845 2832 καὶ
890 2781 984 2834 ἐπὶ
1028 2783 1220 2838 δύοντα
1251 2787 1420 2858 ἣλιον,
1461 2790 1703 2863 ἐνεργεῖν

155 2855 238 2924 μὲν
261 2859 537 2955 ἀρξαμένη
581 2866 687 2919 ἀπὸ
727 2871 993 2942 ποταμοῦ,
1026 2875 1144 2944 ἦτοι
1174 2855 1441 2934 τοῦ-κατὰ
1480 2855 1702 2955 λουτρὸν

156 2953 460 3052 μυστηρίου,
511 2956 546 3028 ἦ
598 2959 693 3012 καὶ
739 2961 832 3030 ἀφ’
877 2957 1049 3038 οὗπερ
1101 2969 1242 3023 κατὰ
1286 2972 1378 3025 τὸν
1431 2953 1700 3048 Ἰορδάνην

154 3049 352 3140 πρῶτον
373 3049 561 3134 φανεὶς
604 3051 806 3123 ἤρξατο
849 3056 948 3126 τῆς
997 3060 1077 3122 εἰς
1123 3061 1442 3134 ἀνθρώπους
1478 3068 1698 3140 εὐεργε-

1813 1975 1866 2021 ει
1895 1967 1983 2022 hic
2008 1967 2150 2023 idem
2181 1983 2279 2022 nec
2307 1969 2446 2024 alius
2465 1969 2733 2039 quispiam
2762 1984 2827 2022 ex
2849 1967 3130 2021 hominum
3163 1982 3382 2038 genere.

1814 2070 1937 2115 ante
1983 2063 2165 2115 lunam
2213 2068 2266 2116 et
2306 2069 2432 2116 ante
2471 2060 2633 2132 355
2679 2060 2868 2114 mundi
2914 2059 3382 2123 constitutionem,

1811 2160 2070 2223 tanquam
2101 2153 2148 2209 is
2173 2154 2264 2224 qui
2296 2153 2386 2207 Dei
2418 2153 2489 2208 sit
2511 2151 2771 2216 Verbum,
2798 2153 2865 2207 ab
2893 2153 3049 2206 initio
3075 2151 3197 2214 fuit,
3220 2160 3385 2222 atque

1811 2244 1902 2299 hic
1933 2245 2083 2300 solus
2111 2247 2327 2300 caelitus
2351 2247 2404 2299 in
2423 2259 2638 2300 omnem
2670 2253 2872 2299 terram
2904 2246 3048 2300 roris
3071 2245 3244 2299 instar
3273 2245 3384 2299 stil-

1811 2337 1958 2390 lavit.
1989 2336 2202 2392 Dictum
2238 2353 2456 2408 quoque
2479 2345 2583 2401 est,
2617 2338 2768 2392 illum
2801 2338 2866 2393 ad
2906 2353 3096 2393 omnes
3131 2338 3383 2392 homines

1807 2438 2058 2483 exortum
2100 2445 2243 2495 esse,
2273 2431 2324 2483 in
2360 2430 2427 2484 iis
2457 2446 2576 2500 quae
2601 2430 2763 2500 paulo
2805 2438 2931 2484 ante
2965 2446 2994 2484 a
3027 2431 3186 2485 nobis
3214 2446 3385 2500 expo-

1809 2523 1910 2575 sita
1941 2531 2087 2585 sunt,
2123 2529 2178 2576 et
2201 2520 2471 2590 justitiam
2504 2527 2907 2591 permanentem
2953 2535 3129 2590 usque
3160 2520 3227 2576 ad
3261 2521 3382 2575 vitm

1807 2613 2352 2676 consummationem,
2385 2628 2506 2683 qua:
2541 2613 2681 2666 luna:
2700 2612 2936 2668 sublatio
2969 2614 3248 2669 nominata
3271 2622 3376 2670 est.

1806 2703 2099 2760 Evidenter
2123 2719 2253 2758 vero
2301 2704 2602 2760 Salvatoris
2635 2705 2811 2761 nostri
2841 2707 3018 2762 virtus
3064 2706 3380 2760 dominatur

1805 2803 1969 2866 atque
2013 2797 2243 2867 imperat
2279 2799 2347 2852 ab
2377 2797 2490 2852 Eoo
2539 2798 2676 2851 mari
2719 2813 2892 2868 usque
2925 2797 2992 2852 ad
3032 2799 3200 2854 solem
3233 2799 3379 2853 occi-

1804 2888 2049 2951 dentem;
2085 2907 2206 2961 quae
2243 2891 2464 2962 quidem
2505 2893 2681 2947 virtus
2706 2891 2984 2946 actionum
3015 2906 3238 2948 suarum
3266 2892 3342 2947 ini
3364 2921 3378 2932 -

1801 2981 1938 3036 tium
1986 2981 2114 3037 fecit
2149 2999 2179 3037 a
2221 2983 2465 3046 ﬂumine,
2511 2984 2658 3056 quod
2687 2993 2793 3050 est,
2841 2993 2934 3039 aut
2960 2985 3381 3056 Iavacrimyste-

1803 3071 1907 3138 rio,
1939 3083 2033 3127 aut
2068 3089 2097 3126 a
2122 3072 2380 3140 Iordane,
2423 3076 2514 3130 ubi
2561 3090 2684 3131 cum
2713 3077 2946 3146 primum
2991 3092 3051 3131 se
3082 3076 3376 3132 videndum

157 3132 275 3247 ῖίαςο
305 3137 715 3210 Παρεκταθεῖσα
747 3146 878 3214 γοῦν
913 3149 969 3216 ἐξ
1001 3152 1209 3207 ἐκείνου
1239 3157 1272 3226 ἡ
1302 3158 1359 3210 ἐν
1390 3157 1697 3232 ἀνθρώποις

186 3224 372 3247 --.ἿΑΞη
468 3232 481 3247 ι
559 3232 585 3244 ν
656 3235 799 3247 δι’.-
959 3241 999 3247 Α-
1058 3244 1093 3247 μγ-

1805 3165 2110 3232 βιτεῦιιετίι,
2136 3167 2453 3223 hominibus
2491 3169 2659 3239 ccepit
2695 3132 2818 3224 esse
2848 3169 3144 3225 beneficus.
3179 3169 3254 3224 Ex
3285 3170 3377 3223 illo

154 3219 376 3326 ξισιλεία
425 3232 610 3298 αὐτοῦ,
651 3235 833 3307 διῆλθε
883 3241 1001 3294 καθ’
1052 3244 1179 3317 ὅλης
1205 3248 1303 3320 τῆς
1354 3253 1696 3326 οἰκουμένης*

152 3312 360 3415 Λιϐάνου
389 3319 445 3374 δὲ
491 3323 883 3400 ὲπινοουμένης
928 3334 1026 3404 τῆς
1067 3312 1437 3412 Ἰερουσαλὴμ,
1473 3312 1548 3407 di;
1591 3312 1699 3400 ἀπὸ

154 3413 390 3462 πλείστων
441 3413 581 3467 ὅσων
640 3424 985 3493 προφητειῶν
1039 3428 1452 3500 ἀποδείκνυται,
1504 3435 1592 3489 διά
1638 3438 1699 3490 τὸ

329 3501 385 3552 ἐν
417 3503 554 3576 αὐτῇ
585 3507 854 3581 άγίασμα,
889 3516 1066 3570 καὶτὸ
1097 3518 1502 3598 θυσιαστήριον,
1541 3530 1611 3583 τά
1638 3549 1696 3583 τε

153 3589 413 3692 ἰπὶ-τούτῳ
459 3599 542 3661 είς
582 3601 744 3673 τιμὴν
782 3605 1159 3680 ἀναφερόμενα
1200 3613 1412 3668 λιϐάνου
1441 3619 1595 3691 δίκην
1622 3621 1698 3692 τῷ

295 3683 730 3781 όᾌτού-ξζριστοῦ
767 3675 974 3766 καρπὸς
1093 3701 1150 3767 ἐξ
1199 3702 1365 3756 ἐθνῶν
1406 3675 1698 3781 Ἐκκλησία

152 3772 270 3872 νπὲρ
294 3775 380 3828 τὸν
411 3779 642 3835 Λίϐανον
679 3784 1009 3857 ἀρθήσεσθαι
1046 3791 1378 3858 θεσπίζεται.
1419 3800 1540 3854 Ἐπὶ
1572 3772 1696 3872 σχο-

153 3858 234 3962 λῆς
258 3864 394 3962 δίεν
419 3871 447 3922 ό
473 3872 780 3948 φιλομαθὴς
817 3880 995 3951 ἐαυτῷ
1028 3883 1118 3937 τὸν
1149 3885 1361 3958 ψαλμὸν
1389 3890 1523 3962 πρὸς
1553 3858 1695 3959 λέξιν

155 3949 439 4025 βασανίσας,
489 3964 634 4036 μόνῳ
683 3967 760 4038 τῷ
807 3971 1060 4044 ἡμετέρῳ
1116 3977 1305 4050 Κυρίῳ
1345 3979 1413 4033 τὰ
1445 3983 1503 4034 ὲν
1547 3985 1696 4057 αύτῷ

152 4054 416 4149 ξριοσήκειν
461 4058 840 4132 ὁμολογήσειεν
886 4065 968 4119 ἄν’
1022 4068 1156 4123 ἀλλὰ
1195 4069 1317 4125 οὔτε
1363 4075 1442 4146 τῷ
1484 4054 1696 4149 παλαιῷ

150 4139 410 4213 Μλομῶνι,
463 4149 586 4204 οὔτε
640 4153 808 4226 ἑτέρῳ
856 4156 964 4210 τῶν
1047 4163 1162 4230 μετ’
1222 4166 1384 4220 αὐτὸν
1434 4139 1694 4238 βασιλέων

149 4230 249 4322 ἐνὸς
288 4236 473 4303 ἔθνους
508 4243 616 4296 τῶν
657 4245 925 4302 Ἰουδαίων
951 4251 1249 4322 ἀρξάντων,
1287 4259 1376 4311 καὶ
1409 4261 1469 4313 ού
1510 4262 1693 4318 πλεῖον

148 4320 412 4426 Ϋιτοστῶν
454 4331 666 4426 ἐθνῶν,
715 4339 808 4390 καὶ
859 4341 967 4394 οὐδ’
991 4320 1080 4412 ἐφ’
1111 4346 1302 4419 ἑτέρας
1339 4351 1371 4420 ἢ
1402 4352 1565 4426 μόνης
1594 4357 1692 4426 τῆς

159 4413 388 4484 Ἰουδαίας
413 4423 535 4494 γῆς.

154 4616 277 4678 Ἀπὸ
317 4631 418 4684 τοῦ
457 4633 699 4711 ᾙσαΐου
744 4669 812 4677 -
841 4644 978 4710 Περὶ
1031 4644 1279 4706 Ἰεσσαὶ,
1322 4652 1417 4704 καὶ
1462 4656 1566 4708 τοῦ
1617 4658 1687 4711 ἐκ

391 4703 732 4773 σπέρματος
762 4703 948 4766 αὐτοῦ
982 4703 1406 4788 γενησομένου.

205 4811 353 4907 εἶξαι
386 4815 727 4881 ἐξελεύσεται
774 4825 968 4895 ῥάϐδος
1014 4831 1078 4883 ὲκ
1123 4831 1221 4902 τῆς
1266 4834 1420 4907 ῥίζης
1458 4837 1686 4901 Ἰεσσαὶ,

144 4897 220 4949 καὶ
243 4900 390 4969 ἄνθος
420 4909 485 4960 ὲκ
521 4910 623 4980 τῆς
667 4913 823 4984 ῥίζης
866 4917 1214 4990 ἀναϐήσεται,
1253 4926 1344 4978 καὶ
1367 4931 1686 4983 ἐπαναπαύ-

145 5003 268 5045 σεται
314 4997 405 5051 ἐπὶ
452 5000 615 5054 αὑτὸν
661 5005 879 5076 πνεῦμα
910 5007 1064 5074 Θεοῦ,
1112 5014 1328 5085 πνεῦμα
1369 5021 1560 5087 σοφίας
1592 5024 1686 5076 καὶ

143 5085 398 5156 συνέσεως,
438 5094 656 5164 πνεῦμα
697 5097 890 5170 βουλῆς
928 5103 1020 5155 καὶ
1056 5105 1235 5175 ἰσχύος
1256 5148 1270 5170 ,
1304 5109 1522 5181 πνεῦμα
1549 5113 1687 5180 γνώ-

141 5190 254 5273 Ϊεως
297 5186 386 5238 καὶ
429 5186 732 5253 εὐσεϐείας
775 5193 1043 5265 ἐμπλήσει
1078 5198 1238 5251 αύτὺν
1276 5200 1492 5272 πνεῦμα
1521 5204 1684 5273 φόϐου

138 5263 261 5366 θεοῦ.
294 5275 365 5326 Ού
415 5277 557 5331 κατὰ
600 5281 700 5350 τὴν
739 5281 898 5347 δόξαν
922 5289 1118 5357 κρινεῖ,
1146 5291 1266 5343 οὐδὲ
1299 5293 1440 5346 κατὰ
1466 5295 1563 5365 τὴν
1589 5296 1685 5349 λα-

138 5359 231 5455 λιάν
257 5363 480 5433 ἐλέγξει,
510 5369 646 5424 ἀλλά
675 5376 853 5442 κρινεῖ
869 5377 1108 5449 ταπεινῷ
1128 5381 1327 5450 κρίσιν,
1357 5384 1451 5437 καὶ
1474 5359 1684 5455 ἐλέγξει

136 5453 236 5551 τοὺς
272 5462 558 5523 ταπεινοὺς
592 5462 688 5532 τῆς
722 5465 846 5535 γῆς.
881 5469 991 5521 Καὶ
1032 5469 1185 5525 ἔσται
1213 5474 1525 5551 δικαιοσύνῃ
1551 5453 1685 5544 ἐξω-

139 5545 297 5642 σμένος
321 5551 416 5621 τὴν
458 5552 630 5621 ὀσφὺν
673 5556 862 5621 αὑτοῦ,
896 5559 993 5612 καὶ
1021 5561 1247 5635 ἀληθείᾳ
1275 5545 1558 5639 suum?”
1585 5571 1683 5636 τὰς

135 5637 338 5705 πλευράς
387 5641 589 5705 αὑτοῦ,
635 5645 728 5697 καὶ⁸
784 5647 1290 5723 συμϐοσκηθήσεται
1346 5637 1506 5724 λύκος
1548 5663 1683 5730 μετὰ

131 5724 296 5795 ἀρνὸς,
342 5736 434 5786 καὶ
482 5736 747 5808 πάρδαλις
797 5743 1270 5802 συναναπαύσεται
1324 5751 1496 5822 ἐρίφῳ
1524 5793 1538 5814 ,
1589 5755 1683 5808 καὶ

134 5823 393 5895 μοσχάριον
425 5830 518 5884 καί
560 5829 696 5884 λέων
741 5832 856 5904 ἆμα
895 5835 1338 5912 βοσκηθήσονται.
1382 5845 1491 5899 Καὶ
1527 5845 1680 5900 ἔσται

1799 3270 1929 3325 ergo
1958 3256 2261 3325 profectum
2291 3257 2436 3312 illius
2481 3259 2622 3312 inter
2668 3258 2918 3314 homines
2965 3274 3193 3330 regnum
3250 3259 3377 3312 uni-

1799 3363 2012 3403 versam
2048 3357 2248 3404 terram
2288 3351 2616 3421 peragravit.
2657 3350 2791 3406 Cum
2823 3366 2953 3406 vero
2982 3366 3078 3421 per
3107 3351 3384 3406 Libanum

1801 3439 2137 3496 Hierusalem
2185 3441 2538 3512 intelligatur,
2587 3450 2646 3496 ut
2682 3458 2746 3497 ex
2785 3443 3207 3513 quamplurimis
3245 3459 3374 3513 pro-

1801 3533 1996 3602 phetiis
2032 3541 2276 3605 apparet,
2321 3542 2544 3604 propter
2593 3535 2878 3604 antiquum
2910 3535 2963 3588 in
2992 3535 3084 3589 illa
3116 3542 3373 3590 sanctua-

1800 3626 1962 3689 rium,
1999 3636 2053 3679 et
2090 3627 2279 3690 altare,
2307 3635 2361 3682 et
2388 3643 2508 3696 quae
2539 3628 2591 3681 in
2621 3643 2687 3681 eo
2721 3627 2786 3682 ad
2815 3626 3076 3682 honorem
3107 3627 3217 3683 Deo
3243 3628 3372 3682 thu~

1797 3717 1874 3769 ris
1905 3717 2077 3771 instar
2107 3716 2495 3782 olferebantur,
2529 3718 2734 3774 Christi
2781 3718 3015 3782 fructus,
3049 3736 3170 3790 quae
3193 3728 3278 3777 est
3302 3735 3369 3776 ex

1797 3808 2046 3875 gentibus
2091 3809 2357 3876 Ecclesia,
2395 3828 2562 3882 super
2604 3811 2873 3866 Libanum
2900 3812 3244 3868 extollendus
3273 3829 3367 3867 ca-

1797 3901 1964 3956 nitur.
1999 3901 2289 3969 Czeterum,
2328 3904 2625 3959 studiosior
2661 3902 2934 3974 quispiam
2984 3901 3231 3960 discendi
3275 3905 3364 3960 ubi

1797 4007 1893 4062 per
1917 3993 2091 4048 otium
2123 3995 2264 4066 apud
2289 3996 2528 4066 seipsum
2553 4011 2650 4067 per
2682 3997 2896 4067 singula
2925 3998 3093 4054 verba
3117 3998 3368 4053 eumdem

1797 4087 2061 4155 psalmum
2081 4089 2466 4158 exploraverit,
2488 4091 2578 4144 uni
2606 4089 2832 4143 Domino
2862 4098 3051 4146 nostro
3079 4091 3371 4145 convenire

1796 4195 1916 4250 qua:
1944 4181 1997 4234 in
2031 4196 2097 4235 eo
2120 4182 2488 4246 continentur,
2515 4181 2672 4237 facile
2693 4182 3061 4242 conﬁtebitur.
3090 4182 3366 4238 Salomoni

1797 4281 2000 4336 autem,
2035 4281 2127 4326 aut
2152 4274 2244 4328 alii
2272 4275 2509 4344 cuipiam
2548 4291 2739 4329 eorum
2772 4291 2959 4349 regum
2988 4278 3080 4346 qui
3115 4284 3235 4347 post
3276 4275 3371 4330 Sa-

1793 4363 2064 4418 lomonem
2108 4364 2296 4434 paucis
2353 4368 2514 4421 annis
2556 4383 2664 4421 non
2712 4369 2946 4438 amplius
2989 4370 3082 4423 uni
3128 4368 3369 4425 Iudaica:

1794 4460 1940 4524 genti
1970 4472 2079 4512 non
2116 4458 2244 4512 alibi
2289 4474 2452 4529 quam
2496 4460 2551 4513 in
2588 4475 2694 4514 una
2733 4461 2916 4516 Iudaea
2954 4469 3099 4517 terra
3133 4464 3368 4535 impera-

1717 4534 1762 4588 Ῐ)
1791 4549 1986 4614 verint,
2011 4564 2376 4618 nequaquam.

1791 4659 1869 4710 Ab
1915 4659 2083 4715 Isaia.
2123 4691 2184 4703 ο-
2230 4661 2307 4718 De
2344 4661 2517 4722 Iesse,
2560 4673 2609 4716 et
2658 4681 2717 4717 eo
2769 4667 2858 4736 qui
2895 4683 2958 4719 ea:
3007 4673 3201 4721 semine
3251 4668 3363 4736 ejus

2445 4743 2709 4788 nascetur.
3143 4754 3152 4764 '

1868 4857 1886 4889 ι
1921 4837 1983 4891 Et
2009 4841 2317 4910 egredietur
2356 4842 2507 4913 virga
2555 4843 2622 4897 de
2664 4845 2846 4899 radice
2874 4845 3048 4913 Jesse,
3084 4855 3137 4901 et
3168 4846 3268 4903 ﬂos
3297 4848 3365 4904 de

1789 4930 1976 4986 radice
2010 4933 2130 5001 ejus
2175 4935 2454 4999 ascendet,
2489 4946 2541 4990 et
2571 4940 2875 5008 requiescet
2895 4955 3059 5010 super
3088 4955 3212 4995 eum
3241 4941 3363 5011 Spi-

1790 5020 1930 5075 ritus
1952 5021 2069 5087 Dei,
2099 5024 2324 5093 spiritus
2355 5027 2636 5096 sapientia:
2668 5035 2721 5084 et
2765 5029 3094 5093 intellectus,
3135 5032 3364 5100 spiritus

1789 5111 2006 5164 consilii
2031 5121 2084 5166 et
2115 5113 2476 5180 fortitudinis,
2502 5117 2729 5186 spiritus
2759 5122 3002 5175 scientia:
3033 5131 3086 5175 et
3120 5122 3359 5191 pietatis;

1788 5203 2018 5271 replebit
2049 5221 2171 5259 eum
2225 5209 2451 5276 spiritus
2502 5212 2714 5266 timoris
2751 5211 2870 5276 Dei,
2917 5229 3024 5266 non
3059 5215 3359 5269 secundum

1785 5295 2095 5364 opinionem
2139 5298 2446 5366 judicabit,
2497 5319 2670 5372 neque
2729 5303 3028 5358 secundum
3085 5307 3359 5373 loquelam

1784 5384 2098 5455 redarguet,
2135 5388 2229 5442 sed
2259 5389 2525 5457 judicabit
2547 5393 2738 5446 humili
2760 5393 3048 5461 judicium,
3088 5402 3142 5448 et
3172 5393 3359 5448 redar-

1783 5485 1912 5547 guet
1941 5477 2174 5534 humiles
2200 5487 2380 5544 terrae,
2421 5493 2472 5537 ct
2505 5485 2608 5538 erit
2643 5483 2857 5552 justltia
2887 5485 3165 5556 cingulum
3217 5487 3360 5542 lum-

1784 5570 1979 5625 borum
2011 5572 2151 5640 ejus,
2183 5582 2236 5628 et
2275 5575 2474 5630 veritas
2509 5577 2886 5632 indumentum
2918 5578 3162 5638 .laterum
3213 5581 3356 5648 ejus,

1785 5671 1836 5717 et
1866 5671 2122 5733 pascetur
2157 5666 2318 5720 simul
2351 5666 2514 5737 lupus
2541 5684 2670 5724 cum»
2695 5685 2854 5739 agno,
2884 5679 2938 5724 et
2960 5671 3164 5740 pardus
3193 5673 3356 5730 simul

1785 5756 2034 5826 quiescet
2063 5772 2187 5811 cum
2224 5759 2408 5822 hmdo,
2442 5768 2496 5816 et
2523 5762 2729 5816 vitulus
2750 5772 2803 5817 et
2833 5763 2917 5817 Ieo
2938 5765 3098 5818 simul
3130 5780 3359 5834 pascen-

1783 5855 1891 5913 tur,
1926 5848 2092 5920 356
2126 5864 2176 5906 et
2211 5853 2313 5907 erit
2343 5853 2492 5908 radix
2535 5853 2710 5920 Iesse,
2740 5863 2793 5910 et
2837 5857 2926 5926 qui
2971 5860 3143 5928 surth
3187 5858 3354 5926 impev
