3928 6512
569 398 674 456 559
1243 395 1511 451 EUSEBII
1547 389 2028 447 CJESARIENSIS
2066 387 2120 443 Ol

2263 385 2441 444 PARS
2480 389 2543 445 ll.
2572 389 3154 448 ~APOLOGETICA.
3711 397 3797 452 560

571 538 696 578 rare
729 521 1012 592 gentibus,
1057 521 1110 573 in
1156 535 1218 574 eo
1256 527 1442 588 gentes
1485 517 1806 588 sperabunt,
1843 523 1895 569 et
1917 515 2022 569 erit
2059 524 2118 564 re

2254 513 2286 580 ἡ
2316 511 2438 581 ῥίζα
2461 512 2555 566 τοῦ
2593 513 2809 577 Ἰεσσαὶ,
2843 513 2937 566 καὶ
2969 515 2996 566 ὁ
3024 513 3383 582 ἀνιστάμενος
3413 511 3600 584 ἄρχειν
3633 513 3796 578 ἐθνῶν,

569 616 727 686 quies
777 615 896 684 ejus
933 612 1190 667 honor“.
1232 631 1250 662 ι
1285 611 1384 666 Hic
1418 611 1602 676 Jesse,
1640 611 1732 682 qui
1781 611 1882 664 hoc
1924 610 1978 663 in
2025 609 2120 664 loce

2253 605 2336 656 ἐπ’
2362 605 2508 676 αὐτῷ
2533 605 2658 676 ἔθνη
2691 605 2955 669 ὲλπιοῦσι,
2981 605 3072 658 καὶ
3093 605 3242 657 ἔσται
3275 605 3308 674 ἡ
3333 604 3636 668 ἀνάπαυσις
3659 608 3797 660 αὑτοῦ

570 706 864 772 indicatur,
910 713 1063 774 pater
1109 705 1207 758 fuit
1251 703 1440 758 David.
1483 703 1954 770 Quemadmodum
1997 703 2121 758 enin

2251 697 2407 768 τιμή.
2460 716 2479 747 ι
2535 697 2592 750 '0
2640 696 2964 768 δηλούμενος
3013 694 3246 750 ἐνταῦθα
3289 697 3486 750 Ἰεσσαὶ
3529 699 3704 771 πατὴρ
3743 695 3797 770 ἦν

571 801 626 854 in
649 801 716 854 iis
747 797 1048 869 prophetiis
1077 813 1197 866 quae
1233 797 1404 867 ipsam
1434 797 1577 852 hanc
1610 803 2044 859 antecesserunt,
2078 795 2122 850 dt

2249 789 2343 841 τοῦ
2373 788 2556 844 Δαὸίδ.
2588 789 2796 862 Ὥσπερ
2842 785 2934 842 οὖν
2979 790 3038 842 ἐν
3084 792 3202 854 ταῖς
3231 789 3336 861 πρὸ
3377 789 3582 862 ταύτης
3615 805 3799 864 προφη-

571 893 752 947 l'ructu
776 905 829 948 et
861 890 1070 946 semine
1095 890 1264 944 David
1301 891 1618 960 proditurus
1648 890 1948 952 dicebatur,
1983 897 2122 961 atque

2251 881 2418 944 τείαις
2440 883 2502 934 ἐκ
2527 881 2738 952 καρποῦ
2762 882 2854 934 καὶ
2880 882 3190 954 σπέρματος
3216 881 3378 935 Δασὶδ
3404 881 3796 954 προελεύσεσθαι

571 987 698 1042 item
740 987 806 1042 de
844 987 1052 1040 semine
1085 983 1415 1050 Salomonis,
1441 986 1631 1040 eodem
1667 986 1829 1042 modo
1859 987 2021 1040 etiam
2057 985 2122 1040 hit

2251 974 2487 1042 ἐλέγετο,
2535 977 2627 1029 καὶ
2675 975 2835 1030 πάλιν
2879 978 2942 1028 ἐκ
2991 977 3304 1046 σπέρματος
3345 975 3686 1046 Σολομῶνος,
3723 979 3796 1030 τον

570 1078 820 1148 plurimis
851 1078 1010 1135 annis
1051 1087 1172 1148 post
1207 1087 1436 1133 mortem
1465 1095 1571 1133 non
1617 1080 1792 1133 solum
1827 1077 2014 1144 David,
2047 1096 2121 1134 set

2251 1067 2412 1120 αὐτὸν
2457 1069 2656 1139 τρόπον
2701 1067 2978 1122 κάνταῦθα
3025 1068 3297 1132 πλείστοις
3341 1069 3568 1140 ὕστερον
3608 1071 3699 1141 τῆς
3722 1069 3795 1122 τοῦ

568 1170 730 1224 etiam
763 1168 1094 1233 Salomonis,
1114 1169 1180 1225 de
1213 1169 1396 1224 radice
1422 1167 1598 1232 Jesse,
1628 1168 1731 1223 hoc
1759 1179 1840 1223 est
1867 1167 1934 1223 de
1959 1169 2119 1223 radici

2251 1159 2413 1213 Δαϐὶδ
2442 1161 2500 1212 οὐ
2547 1161 2732 1231 μόνον,
2761 1161 2895 1214 ἀλλὰ
2928 1161 3020 1214 καὶ
3052 1161 3150 1232 τῆς
3185 1160 3280 1213 τοῦ
3311 1161 3620 1232 Σολομῶνος
3645 1162 3795 1215 τελευ-

571 1261 737 1318 David
759 1262 1076 1334 proditurus
1108 1262 1330 1332 quidam
1363 1261 1698 1332 praedicitur.
1735 1263 1985 1318 Praesens
2044 1278 2112 1316 au

2248 1251 2348 1321 τῆς
2379 1253 2574 1316 ἐτεσιν,
2607 1256 2669 1306 ἐκ
2704 1253 2860 1323 ῥίζης
2903 1253 3126 1316 Ἰεσσαὶ,
3155 1253 3312 1324 δῆλον
3333 1254 3378 1306 δ’
3407 1255 3490 1307 ὅτι
3516 1255 3610 1308 καὶ
3638 1255 3697 1307 ἐκ
3719 1255 3795 1325 τῆς

566 1366 674 1412 tem
719 1357 856 1410 ratio
892 1372 954 1411 ea
995 1356 1277 1418 dissolvet,
1319 1370 1440 1426 qua:
1479 1356 1531 1409 in
1576 1355 1954 1426 superioribus
1997 1373 2117 1426 aput

2249 1343 2341 1397 τοῦ
2379 1344 2542 1398 Δαὸὶδ
2571 1345 2992 1417 προελεύσεσθαί
3015 1364 3098 1409 τις
3132 1346 3468 1411 θεσπίζεται.
3505 1347 3668 1401 Λύσει
3695 1349 3744 1400 δὲ
3773 1353 3795 1402 ὁ

563 1447 783 1503 Judaeos
809 1447 889 1503 'de
924 1444 1217 1502 Salomone
1247 1447 1632 1510 credebantur,
1669 1462 1792 1500 cum
1819 1447 1966 1500 illius
1994 1461 2113 1500 mor

2249 1436 2440 1508 παρὼν
2466 1437 2622 1506 λόγος
2649 1439 2746 1510 τὴν
2777 1439 2833 1490 ἐν
2863 1441 2974 1501 τοῖς
3015 1438 3248 1512 πρόσθεν
3281 1438 3645 1511 νομιζομένην
3673 1441 3795 1510 παρά

564 1543 634 1596 lis
669 1550 880 1610 tempus
913 1547 1146 1603 constet,
1181 1548 1234 1593 et
1263 1539 1376 1592 haec
1404 1537 1591 1593 eadem
1623 1537 1790 1593 Isaias
1813 1539 1880 1593 de
1904 1537 2115 1608 quodau

2262 1529 2534 1592 Ἰουδαίοις
2593 1531 2720 1603 περὶ
2773 1529 2867 1584 τοῦ
2921 1531 3231 1602 Σολομῶνος
3291 1530 3554 1601 τελευτῆς
3609 1535 3790 1602 χρόνον.

563 1633 672 1687 alio
698 1631 1042 1696 vaticiuetur,
1071 1631 1162 1702 qui
1190 1631 1258 1684 sit
1276 1631 1342 1685 de
1371 1630 1554 1684 radice
1581 1629 1736 1687 Jesse
1759 1639 1812 1686 et
1839 1630 1906 1686 de
1931 1632 2114 1687 semin.

2248 1623 2434 1678 Ταῦτα
2476 1623 2703 1688 Ἡσαΐας
2737 1624 2864 1696 περί
2907 1640 3047 1688 τινος
3080 1626 3266 1698 ἐτέρου
3297 1624 3656 1695 προφητεύει,
3693 1625 3794 1696 μὲλ-

563 1722 736 1778 David
776 1723 1112 1792 proditurus.
1145 1722 1299 1788 Quod
1335 1738 1467 1778 vero
1506 1740 1616 1778 non
1657 1723 1724 1776 ad
1768 1725 1934 1778 alium
1975 1739 2114 1793 quan

2247 1717 2428 1781 λοντος
2475 1719 2539 1772 ἐκ
2584 1717 2740 1790 ῥίζης
2795 1717 2991 1772 Ἰεσσαὶ
3040 1721 3132 1772 καὶ
3183 1722 3246 1772 ἐκ
3296 1719 3612 1790 σπέρματος
3659 1721 3794 1773 Δαεὶδ

562 1815 632 1871 ad
677 1825 924 1872 nostrum
967 1814 1303 1870 Salvatorem
1344 1815 1622 1870 Christum
1675 1814 1790 1879 Dei,
1828 1817 1920 1886 qui
1955 1815 2020 1870 de
2051 1832 2108 1869 ra

2248 1813 2710 1884 ἀναφανήσεσθαι.
2749 1814 2868 1866 Ὅτι
2909 1813 2966 1865 δὲ
3011 1811 3118 1865 οὐδ’
3166 1813 3252 1880 ἐφ’
3295 1811 3480 1884 ἕτερον
3527 1813 3564 1884 ἦ
3603 1813 3686 1865 ἐπὶ
3723 1813 3794 1865 tbi

561 1907 684 1962 dire
731 1903 898 1960 David
929 1911 983 1961 et
1015 1903 1168 1960 Jesse
1207 1913 1362 1958 ortus
1407 1913 1512 1966 est,
1547 1878 1986 1960 referenda'sint
2017 1921 2112 1974 qua

2245 1878 2508 1974 ἡμέτερον
2536 1905 2761 1976 Σωτῆρα
2783 1905 2875 1958 τὸν
2903 1904 3134 1977 Χριστὸν
3171 1878 3264 1956 τοῦ
3299 1878 3433 1958 Θεοῦ
3464 1878 3717 1975 ἀνάγεται
3741 1907 3793 1961 τὰ

563 1999 807 2067 proxime
831 1997 1142 2060 citavimus,
1167 1993 1541 2050 dubitaturum
1574 1997 1811 2051 arbitror
1843 1997 2112 2051 neminem

2244 1995 2566 2067 δηλούμενα,
2598 1999 2661 2050 ἐκ
2694 1996 2846 2068 ῥίζης
2877 1997 3162 2068 γενόμενον
3187 1997 3351 2051 Δαϐίδ
3378 2015 3438 2050 τε
3469 1999 3568 2052 καὶ
3601 1999 3791 2062 Ἰεσσαὶ,

562 2090 656 2159 qui
683 2098 736 2146 et
765 2091 1093 2160 promissum
1120 2091 1326 2144 oraculi
1355 2089 1667 2154 attenderit,
1703 2089 1846 2160 quod
1879 2090 1954 2143 ait
1981 2105 1992 2140 :
2025 2108 2041 2138 ι
2073 2087 2113 2140 Ε

2244 2091 2342 2143 οὐκ
2374 2089 2526 2160 οἶμαί
2551 2109 2670 2144 τινα
2696 2089 3076 2162 ἀμφιϐάλλειν,
3097 2092 3463 2161 ἐπιστήσαντα
3479 2095 3548 2162 τῇ
3579 2108 3634 2146 τε
3655 2094 3793 2160 ἐπαγ-

559 2183 665 2238 erit
703 2182 853 2238 radix
883 2182 1057 2248 Jesse,
1086 2191 1139 2239 et
1167 2184 1260 2254 qui
1298 2184 1470 2253 surgit
1503 2191 1560 2237 ut
1600 2183 1828 2252 imperet
1860 2183 2110 2253 gentibus

2243 2183 2398 2254 γελίᾳ
2444 2183 2542 2252 τῆς
2593 2185 2948 2256 προρρήσεως
3000 2182 3317 2256 φασκούσῃ·
3365 2203 3383 2236 ι
3429 2186 3542 2238 Καὶ
3591 2185 3728 2238 ἔσται
3767 2187 3791 2256 ἡ

561 2277 618 2332 in
647 2291 710 2332 eo
747 2285 936 2348 gentes
974 2277 1292 2348 sperabunt,
1325 2297 1343 2329 ι
1381 2285 1435 2332 et
1480 2291 1661 2330 rerum
1693 2287 1886 2332 eventa
1917 2293 2037 2348 quae
2068 2278 2112 2331 di

2244 2275 2368 2346 ῥίζα
2415 2277 2508 2329 τοῦ
2550 2277 2764 2340 Ἰεσσαὶ,
2808 2277 2903 2330 καὶ
2935 2279 2963 2330 ὁ
3004 2276 3358 2346 ἀνιστάμενος
3403 2277 3600 2349 ἄρχειν
3631 2277 3789 2338 tbi-3v.

561 2371 842 2428 Salvatore
897 2379 1088 2426 nostro
1140 2370 1608 2426 demon'strantur.
1644 2369 1807 2427 Solus
1852 2373 1997 2426 enim
2050 2370 2112 2424 hit

2242 2369 2327 2420 ἐπ’
2363 2357 2509 2440 αὐτῷ
2539 2369 2663 2441 ἔθνη
2701 2370 2942 2423 ἐλπιοῧσι
2963 2411 2977 2434 ,
3013 2391 3031 2423 ι
3064 2373 3292 2436 καὶτοῖς
3325 2371 3418 2424 ἐπὶ
3443 2369 3538 2423 τοῦ
3577 2371 3791 2441 Σωτῆρος

559 2465 652 2520 ubi
681 2481 712 2518 ε
745 2471 919 2520 morte
951 2465 1212 2530 surrexit,
1247 2475 1467 2536 propter
1489 2464 1632 2534 quod
1649 2465 1813 2518 etiam
1835 2465 1986 2518 illum
2019 2481 2110 2520 sur

2241 2459 2396 2528 ἡμῶν
2437 2457 2802 2529 δεικνυμένοις
2841 2459 3260 2532 ἁποτελέσμασι.
3305 2461 3479 2524 Μόνος
3507 2459 3642 2530 γοῦν
3665 2453 3791 2523 οὗτος

559 2567 773 2628 gentem
792 2567 1048 2613 vocatum
1076 2573 1198 2612 esse
1227 2557 1486 2619 arbitror,
1512 2573 1624 2610 non
1653 2554 1884 2610 Judaico
1914 2557 2110 2626 populo

2244 2549 2382 2620 μετὰ
2431 2551 2528 2622 τὴν
2562 2553 2627 2606 ἐκ
2675 2552 2882 2624 νεκρῶν
2918 2553 3244 2619 ἀνάστασιν,
3293 2554 3357 2608 δι’
3407 2553 3472 2624 ἢν
3523 2555 3625 2608 καὶ
3667 2551 3789 2625 οἶμαι

559 2647 652 2702 sed
687 2647 960 2704 universis
995 2648 1250 2718 gentibus
1281 2649 1588 2720 imperavit,
1626 2649 1761 2705 adeo
1805 2650 2048 2719 quidem,
2081 2668 2110 2706 u

2241 2643 2401 2694 αὐτὸν
2449 2645 2800 2715 ἀνιστάμενον
2851 2645 3271 2719 ἐπικεκλῆσθαι,
3309 2648 3368 2701 οὐ
3420 2647 3510 2700 τοῦ
3557 2649 3790 2702 Ἰουδαίων

558 2755 629 2794 ne
675 2741 786 2794 ulla
828 2739 1051 2811 quidem
1105 2741 1557 2810 interpretatione
1602 2741 1846 2812 indigere
1890 2742 2106 2798 videatu

2241 2735 2390 2800 λαοῦ,
2417 2737 2552 2791 ἀλλὰ
2589 2738 2695 2792 τῶν
2729 2738 2897 2792 ἐθνῶν
2926 2739 3180 2794 ἁπάντων
3221 2737 3406 2812 ἧρξεν,
3433 2742 3506 2806 ὡς
3535 2742 3613 2812 μὴ
3642 2740 3789 2808 δεδεῆ-

558 2832 865 2897 oraculum,
907 2847 1032 2886 cum
1083 2831 1405 2902 planissime
1455 2841 1670 2887 constet
1724 2833 1778 2886 in
1831 2833 1923 2887 illo
1977 2835 2109 2889 tinea

2244 2830 2365 2883 σθαι
2397 2831 2458 2883 τὸ
2504 2831 2680 2900 λόγιον
2727 2832 3058 2904 ἑρμηνείας,
3112 2833 3298 2902 σαφῶς
3349 2833 3616 2904 πρώήλου
3659 2831 3790 2886 καθε-

559 2923 838 2994 accepisse
864 2939 974 2978 una
998 2940 1120 2979 cum
1147 2923 1270 2978 aliis
1297 2923 1426 2976 illud
1450 2939 1668 2996 quoque
1698 2941 1742 2978 ει
1775 2927 1833 2980 ln
1861 2943 1926 2981 eo
1950 2936 2108 2996 gente

2244 2923 2474 2988 στῶτος,
2529 2925 2676 2988 ὅπως
2727 2927 2806 2988 εἰς
2862 2925 3022 2978 αὑτὸν
3076 2925 3226 2989 τέλος
3277 2925 3466 2998 εἴληφε
3517 2945 3657 2999 μετα
3703 2925 3787 2979 τῶν

559 3013 876 3084 sperabunt.
917 3033 935 3066 ι
978 3014 1108 3080 Qua:
1142 3031 1271 3070 vero
1315 3025 1576 3086 tanquam
1615 3018 1681 3071 de
1723 3018 2048 3072 animalibus
2083 3033 2110 3072 e

2241 3015 2414 3069 ἄλλων
2436 3017 2529 3071 καὶ
2550 3016 2628 3082 τὸ,
2660 3037 2678 3069 ι
2721 3019 2836 3070 Ἐπ’
2860 3019 3006 3090 αὐτῷ
3034 3019 3160 3091 ἔθνη
3185 3020 3480 3076 ἐλπιοῦσιν.
3514 3040 3534 3072 ›
3567 3021 3648 3074 Τὰ
3670 3019 3708 3072 δ’
3729 3021 3787 3083 ὼς

560 3105 691 3162 feris
717 3107 1234 3172 mansuefaciendis,
1270 3117 1324 3164 et
1361 3119 1607 3180 agrestes
1637 3126 1816 3165 mores
1852 3119 2014 3180 atque
2049 3111 2102 3164 in

2243 3109 2371 3181 περὶ
2420 3108 2572 3174 ζώων
2619 3110 2714 3163 καὶ
2761 3111 2963 3181 θηρίων
3010 3113 3398 3184 ἡμερουμένων
3445 3114 3505 3166 ἐν
3556 3111 3789 3183 ἐπιδημίᾳ

559 3198 794 3256 domitos
825 3199 1179 3270 deposituris,
1211 3203 1265 3256 in
1293 3201 1413 3272 ejus
1448 3202 1683 3257 adventu
1715 3203 1784 3257 de
1817 3218 1926 3274 quo
1961 3203 2110 3273 loqui

2240 3199 2508 3272 λεγόμενα
2552 3201 2887 3276 ἀλληγοροῐτ’
2920 3205 2985 3260 ἂν
3033 3205 3123 3258 ἐπὶ
3168 3207 3402 3278 τρόπους
3445 3205 3672 3277 ἀπηνεῖς
3713 3205 3789 3258 καὶ

559 3298 649 3344 tur
679 3293 983 3362 prophetia,
1007 3291 1284 3356 dicuntur,
1305 3309 1400 3364 per
1419 3294 1642 3364 figuram
1667 3295 1856 3350 referri
1883 3303 2110 3366 poterun

2241 3292 2483 3364 ἀγρίους,
2516 3296 2609 3346 καὶ
2641 3293 2744 3367 ἤθη
2791 3296 3000 3370 ἀνδρῶν
3031 3297 3292 3368 θηριώδη,
3319 3296 3410 3350 διὰ
3434 3297 3534 3368 τῆς
3555 3297 3648 3351 τοῦ
3675 3297 3787 3366 Χρι-

559 3382 626 3438 ad
659 3400 840 3440 mores
865 3385 1104 3441 immites
1149 3394 1310 3456 atque
1341 3397 1606 3458 agrestes,
1643 3397 1696 3444 et
1731 3389 1798 3443 ad
1832 3392 2011 3444 victus
2041 3390 2110 3444 ho

2241 3384 2366 3438 στοῦ
2400 3385 2748 3450 διδασκαλίας
2780 3387 2878 3459 τῆς
2911 3388 3132 3456 ἀλογίας
3177 3389 3267 3442 καὶ
3313 3388 3607 3459 θηριωδίας
3651 3403 3789 3459 μετα·

557 3476 766 3530 minum
801 3477 964 3540 feros,
1000 3480 1092 3548 qui
1139 3494 1234 3548 per
1265 3479 1469 3535 Christi
1503 3479 1835 3542 doctrinam,
1885 3481 2108 3535 immani

2239 3479 2533 3550 θησόμενα.
2579 3479 2953 3552 Ἀλληγοροῖτο
2998 3481 3042 3533 δ’
3081 3480 3147 3534 ἂν
3185 3480 3359 3535 ταῦτα
3410 3481 3596 3550 σαφῶς
3623 3481 3785 3542 οὕτως,

556 3574 724 3621 tatem
777 3569 1013 3639 priorem
1063 3584 1126 3624 ac
1165 3567 1437 3626 feritatem
1462 3572 1781 3641 abjeeerint.
1813 3571 2103 3628 Planissim

2236 3569 2301 3624 ἂν
2355 3570 2446 3622 καὶ
2490 3569 2589 3642 τὴν
2632 3570 2964 3642 δηλουμένην
3007 3571 3094 3625 διὰ
3141 3571 3237 3643 τῆς
3288 3573 3620 3644 προφητείας
3657 3571 3787 3641 ῥίζαν

556 3669 736 3716 autem
783 3662 976 3718 horum
1023 3665 1286 3737 ligtn'atus
1337 3681 1533 3722 sensus
1583 3667 1878 3735 aperietur,
1933 3666 1979 3722 si
2009 3666 2102 3737 qui

2249 3662 2466 3724 Ἰεσσαὶ,
2519 3663 2612 3715 καὶ
2658 3662 2756 3733 τὴν
2799 3662 3014 3733 ῥάϐδον,
3053 3663 3146 3716 καὶ
3183 3663 3240 3717 τὸ
3273 3663 3432 3728 ἄνθος
3469 3661 3785 3736 τροπολοτῶν

553 3754 792 3810 radicem
819 3753 994 3821 Iesse,
1031 3773 1150 3828 quae
1181 3757 1238 3812 in
1267 3758 1550 3828 prophetia
1583 3759 1914 3822 continetur,
1946 3766 2000 3814 et
2027 3760 2104 3813 vir

2236 3767 2316 3814 τις
2347 3750 2424 3806 ἔτι
2471 3753 2825 3824 ἑρμηνεύσειε
2854 3754 2948 3807 καὶ
2974 3753 3049 3818 ὡς
3079 3755 3145 3809 ἂν
3172 3755 3476 3826 ἐπινοηθείη
3502 3753 3787 3824 δικαιοσύνῃ

553 3862 698 3916 gam,
723 3855 776 3900 et
801 3845 986 3904 liorem
1022 3850 1088 3904 ad
1120 3866 1341 3906 sensum
1373 3860 1698 3909 convertens
1723 3854 2104 3924 interpretetur

2239 3843 2336 3913 μὲν
2365 3843 2463 3907 τὰς
2494 3843 2731 3914 πλευρὰς
2765 3841 3122 3916 ζωννύμενος,
3158 3845 3385 3915 ἀληθεία
3424 3844 3480 3896 δὲ
3509 3845 3610 3914 τὴν
3639 3842 3784 3908 ὀσφὺν

552 3947 898 4010 exponatqne
945 3957 1050 4010 qua
1091 3944 1304 3998 ratione
1347 3945 1684 4016 intelligatur
1716 3945 1928 4015 justitia
1962 3947 2098 4000 later

2235 3931 2536 4005 είλημένος.
2574 3934 2660 3997 Ὡς
2705 3933 2815 4006 γὰρ
2863 3935 2922 3986 οὐ
2963 3935 3184 3988 δυνατὸν
3225 3934 3426 4006 ἑτέρως
3451 3933 3626 3988 ταῦτα
3658 3930 3783 4004 ἢδιά

553 4031 815 4095 cinxisse,
862 4039 916 4086 et
951 4033 1176 4088 veritate
1225 4034 1441 4090 lumbos
1477 4035 1742 4090 induisse.
1797 4035 1951 4090 Sicut
1985 4035 2104 4090 enin

2238 4026 2404 4097 μόνης
2427 4025 2790 4098 ἀλληγορικῆς
2827 4026 3134 4090 ἀποδόσεως
3159 4026 3502 4098 ἑρμηνεύειν,
3533 4025 3624 4080 τὸν
3647 4021 3783 4078 αὑτὸν

557 4123 670 4176 Ιιτοο
695 4139 803 4178 ιιοιι
833 4125 990 4178 aliter
1023 4141 1314 4195 possumus
1341 4141 1504 4198 quam
1531 4143 1626 4197 per
1649 4129 1935 4199 ﬁguratam
1965 4143 2104 4199 expo

2234 4119 2433 4188 τρόπον
2478 4119 2790 4172 ἕπεταικαὶ
2831 4117 2898 4172 τὰ
2948 4119 3075 4190 περὶ
3119 4118 3227 4172 τῶν
3258 4118 3398 4173 κατὰ
3443 4119 3568 4182 τοὺς
3611 4117 3785 4176 τόπους

554 4215 808 4270 sitionem
855 4215 1226 4286 interpretari,
1259 4219 1334 4272 ita
1383 4221 1655 4292 sequitur,
1699 4230 1758 4273 ut
1803 4234 1867 4273 ea
1911 4235 2105 4290 quoque

2043 4235 2129 4290 lue
2233 4209 2646 4282 ὀνομαζομένων
2675 4209 2827 4276 ζώων
2855 4210 3051 4282 χρῆναι
3074 4210 3184 4264 δεῖν
3215 4209 3594 4282 ἐκλαμϐάνειν.

555 4308 800 4376 accipere
823 4318 1092 4380 Oporteat,
1124 4327 1244 4381 quae
1269 4313 1436 4368 variis
1455 4313 1507 4366 in
1539 4312 1674 4368 locis
1691 4312 1794 4368 sub
1811 4313 2127 4367 animalium

553 4401 866 4456 nominibus
899 4401 1270 4472 proferuntur.

552 4533 712 4604 357
749 4535 824 4588 Ab
848 4535 1102 4608 Ieremia.
1131 4565 1200 4578 «-
1241 4539 1404 4593 Ortus
1433 4539 1614 4608 justus
1636 4555 1700 4593 ea:
1721 4543 1917 4596 semine
1955 4541 2103 4596 Davii

2247 4539 2380 4594 Ἀπὸ
2411 4537 2518 4593 τοῦ
2559 4539 2852 4607 Ἰερεμίου.
2889 4567 2958 4578 -
2995 4537 3273 4604 Ἀνατολὴ
3298 4536 3495 4608 δικαία
3524 4536 3591 4588 ἐκ
3619 4531 3779 4608 σπέρ-

623 4587 926 4679 ἶλῖιιιζρεηε,
955 4617 1008 4679 et
1026 4607 1292 4661 hominum
1325 4587 1463 4663 iderit
1503 4625 1616 4672 rex,
1659 4628 1891 4678 novaque
1929 4614 2128 4666 consti-
2161 4587 2174 4641 ί

2254 4587 3123 4679 ’’ᾲὶὶιτὸξτίιᾶὲῖἕᾶἦὰταμέἆῆξ
3136 4587 3147 4590 ⁷
3161 4587 3271 4660 alii?
3291 4587 3612 4675 sepem
3638 4608 3669 4658 ό
3691 4587 3781 4679 ᾀιι-

622 4671 814 4730 ωενιάᾶ
838 4677 1122 4759 αρρειίαιὶο
1141 4680 1226 4742 iis,
1245 4681 1334 4748 qui
1363 4679 1460 4733 sub
1485 4697 1543 4734 eo
1569 4671 1879 4762 regnabitur,
1902 4683 2129 4753 itemun

2299 4671 2408 4761 ἶτὸς
2424 4671 2948 4762 βασιλεὺ-ςηκαιὶνῆ
2965 4695 3026 4762 τε
3048 4671 3242 4762 regem:
3251 4671 3415 4762 rapid
3437 4671 3779 4762 τεθησρμέξρ

923 4750 1158 4818 priorum
1187 4745 1756 4818 peccatorumsolutio.
1868 4745 1871 4746 ν
2041 4745 2053 4753 ’
2305 4745 2428 4817 τοῖς
2473 4776 2474 4782 η

2305 4745 2428 4817 τοῖς
2473 4749 2574 4805 ὑπ’
2627 4747 2785 4812 αὐτῷ
2828 4745 3453 4818 ,βασιλευθησομένοις
3477 4789 3491 4814 ,
3539 4745 3632 4799 καί
3681 4745 3779 4796 τῶν

2307 4821 2608 4890 προτέρων
2639 4819 3070 4888 ἁμαρτημάτων
3104 4821 3305 4884 λύσις.

626 4943 644 4975 ι
675 4923 816 4980 Ecce
845 4926 961 4982 dies
1005 4929 1249 4990 veniunt,
1276 4929 1409 4984 dicit
1435 4928 1720 4994 Dominus,
1757 4937 1811 4985 et
1845 4931 2126 4986 suscitabo

2310 4955 2327 4988 ι
2368 4936 2498 4989 Ἰδοὺ
2534 4937 2739 5007 ἡμέραι
2784 4935 3054 5006 ἔρχονται,
3096 4933 3244 5002 λέγει
3277 4931 3500 5001 Κύριος,
3537 4929 3626 4982 καὶ
3667 4929 3779 4980 ἀνα-

549 5018 651 5088 ipsi
695 5017 862 5073 David
887 5029 1065 5075 ortum
1093 5023 1326 5092 justum,
1356 5029 1410 5076 et
1449 5023 1700 5092 regnabit
1743 5037 1860 5086 rex,
1884 5031 1937 5077 et
1968 5023 2099 5077 intel

2237 5030 2416 5099 στήσω
2457 5027 2535 5099 τῷ
2575 5027 2740 5080 Δαϐὶδ
2783 5025 3046 5096 ἀνατολὴν
3088 5023 3320 5088 δικαίαν,
3363 5022 3458 5076 καὶ
3503 5017 3777 5091 βασιλεύσει

547 5115 696 5184 liget.
750 5123 803 5169 et
851 5114 1010 5170 faciet
1037 5115 1326 5188 judicium,
1374 5124 1428 5171 et
1462 5117 1734 5186 justitiam
1778 5117 1832 5170 in
1864 5125 2032 5178 terra,
2073 5118 2098 5171 ἱ]

2238 5119 2508 5190 βασιλεὺς,
2537 5122 2632 5174 καὶ
2657 5125 2894 5190 συνήσει,
2921 5120 3016 5172 καὶ
3047 5119 3260 5188 ποιήσει
3285 5117 3456 5186 κρῖμα
3487 5115 3578 5167 καὶ
3605 5112 3779 5163 δικαιο-

548 5208 742 5264 diebus
788 5209 907 5278 ejus
964 5210 1270 5264 servabitur
1311 5209 1503 5272 Judas,
1535 5217 1588 5264 et
1639 5209 1806 5264 Israel
1864 5211 2099 5264 hahitabi

2237 5212 2402 5286 σύνην
2435 5214 2526 5266 ἐπὶ
2551 5213 2648 5282 τῆς
2677 5211 2798 5280 γῆς.
2839 5211 2927 5263 Ἐν
2958 5211 3078 5272 ταῖς
3110 5208 3344 5278 ἡμέραις
3376 5203 3539 5259 αὐτοῦ
3569 5200 3777 5270 σωθήσε-

550 5298 851 5362 contldens,
886 5307 940 5354 et
979 5301 1080 5354 hoc
1105 5313 1302 5355 nomen
1334 5315 1442 5370 quo
1475 5301 1692 5354 vocabit
1719 5301 1918 5370 ipsum,
1953 5302 2101 5356 Domi

2233 5325 2320 5360 ται
2371 5307 2599 5370 Ἰούδας,
2645 5306 2738 5359 καὶ
2793 5303 3004 5375 Ἰσραὴλ
3046 5299 3458 5372 κατασκηνώσει
3491 5291 3777 5356 πεποιθὼς,

547 5405 671 5454 nus,
739 5389 1043 5447 Josedecim
1091 5393 1232 5446 inter
1283 5393 1580 5463 prophetas
1610 5394 1676 5449 η.
1743 5392 1799 5447 In
1857 5393 1944 5448 die
2009 5395 2098 5448 illa

2235 5402 2328 5454 κα)⁸
2355 5399 2510 5455 τοῦτο
2549 5400 2608 5452 τὸ
2651 5398 2820 5466 ὖνομα
2845 5389 2889 5463 ᾧ
2920 5395 3136 5448 καλεσει
3171 5393 3332 5446 αὐτὸν
3359 5389 3590 5462 Κύριος,
3625 5387 3779 5440 Ἰωσε-

547 5485 684 5540 ιίίιιὶι
717 5485 997 5549 Dominus,
1024 5495 1302 5540 conteram
1329 5485 1522 5555 jugum
1557 5485 1626 5542 de
1657 5487 1800 5541 collo
1828 5503 2040 5550 eorum,
2076 5504 2098 5542 ε

2232 5493 2424 5562 δεκεὶμ
2457 5494 2514 5543 ἐν
2544 5493 2654 5552 τοῖς
2681 5489 3005 5560 προφήταις.
3046 5487 3132 5539 Ἐν
3153 5486 3218 5554 τῇ
3255 5483 3434 5554 ἡμέρᾳ
3460 5481 3648 5550 ἐκείνη,
3669 5469 3773 5526 εἷπε

546 5581 763 5635 vincula
789 5594 976 5632 eorum
1000 5577 1265 5647 frangam,
1287 5585 1342 5631 et
1363 5593 1473 5631 non
1499 5579 1871 5647 Operabuntur
1895 5579 2096 5648 ampliu

2233 5585 2437 5657 Κύριος
2460 5625 2475 5648 ν
2510 5581 2781 5653 συντρίψω
2824 5581 2915 5632 τὸν
2949 5578 3108 5646 ζυγὸν
3155 5575 3262 5631 ἀπὸ
3291 5574 3554 5646 τραχήλου
3587 5565 3771 5626 αὐτῶν,

548 5671 655 5728 diis
683 5671 896 5740 alienis,
927 5670 1022 5726 sed
1051 5670 1426 5741 operabuntur
1455 5669 1687 5726 Domino
1721 5671 1827 5728 Deo
1861 5672 2099 5744 ipsorum

2233 5681 2328 5734 καὶ
2358 5679 2482 5742 τοὺς
2508 5677 2740 5746 δεσμοὺς
2765 5672 2944 5728 αὐτῶν
2973 5671 3264 5742 διαρρήξω,
3289 5668 3381 5722 καὶ
3408 5668 3505 5721 οὐκ
3534 5663 3771 5735 ἐργῶνται

620 5853 662 5888 ⁸⁸
691 5853 794 5908 lsa.
831 5869 906 5920 ιι,
939 5853 1024 5908 10.
1105 5855 1148 5888 η
1177 5851 1266 5910 Jer
1322 5870 1456 5909 χχιιι
1480 5896 1494 5924 ,
1535 5855 1664 5922 5,6.
