3928 6538
614 465 719 520 51⁷53

1287 457 1556 514 EUSEBll
1595 453 2073 513 C.~ESARIENSIS
2113 451 2262 511 OPP.
2307 451 2486 510 PARS
2525 447 3181 512 ll.——APOLOCETICA.
3705 465 3782 522 551

615 587 745 659 pulo
799 585 1127 655 acceperint,
1183 583 1418 654 apostoli
1467 582 1710 653 ejusdem
1748 591 1800 638 et
1842 583 2092 653 discipuli
2132 589 2180 638 et

2287 585 2354 636 ἐκ
2383 583 2681 653 περιτομῆς
2707 581 2858 644 λαοῦ,
2884 571 3171 634 ἀπόστολοί
3193 596 3252 632 τε
3279 577 3438 632 αὑτοῦ
3465 577 3551 634 καὶ
3581 579 3782 656 μαθηταὶ.

612 678 981 750 evangelista,
1032 683 1124 730 aut
1157 676 1319 730 etiam
1374 689 1564 730 omnes
1589 675 1682 746 qui
1755 676 1812 730 in
1845 677 2064 730 occulto
2089 674 2186 730 J'u-

613 769 812 832 dzeum,
837 781 1136 836 verumque
1161 764 1331 821 lsrael
1357 775 1703 830 conservent,
1730 782 1853 821 eum
1879 767 2066 838 utique
2094 769 2186 837 qui

612 859 915 918 secundum
969 858 1296 914 sententiam
1350 857 1519 913 Deum
1571 857 1774 914 videat.
1813 877 1830 909 ι
1877 857 1995 913 Non
2043 859 2186 914 enim

610 954 706 1024 qui
739 953 794 1006 in
826 963 1014 1022 aperto
1047 950 1270 1006 Iudaeus
1307 961 1411 1014 est,
1453 951 1630 1021 inquit
1667 951 1984 1022 Apostolus,
2012 967 2188 1022 neque

615 1057 734 1114 quae
765 1043 820 1096 in
852 1050 1043 1108 aperto
1077 1043 1132 1096 in
1165 1057 1332 1096 carne
1360 1049 1446 1096 est
1477 1041 1846 1107 circumcisio,
1885 1043 1980 1098 sed
2010 1044 2100 1112 qui
2131 1043 2185 1096 in

611 1135 828 1190 occulto
849 1133 1088 1194 Iudaeus,
1117 1143 1173 1188 et
1202 1133 1552 1189 circumcisio
1577 1133 1760 1188 cordis
1780 1134 1836 1188 in
1854 1135 2184 1204 spiritu,non

611 1229 665 1280 in
693 1227 891 1292 littera,
925 1228 1082 1297 cujus
1109 1226 1229 1282 laus
1257 1241 1365 1280 non
1383 1241 1447 1281 ex
1482 1225 1820 1290 hominibus,
1856 1227 1950 1281 sed
1978 1242 2041 1281 ex
2078 1228 2186 1280 Deo

607 1327 694 1374 est
717 1319 781 1382 ⁸⁸,
826 1340 844 1370 ι
877 1319 987 1374 llos
1015 1319 1186 1390 igitur
1213 1335 1278 1374 ex
1301 1316 1503 1372 Christi
1549 1317 1833 1374 vocatione
1862 1316 2108 1373 Judzeum
2129 1319 2182 1372 in

609 1411 825 1465 occulto
855 1419 906 1465 et
933 1425 1124 1464 verum
1147 1409 1312 1464 lsrael
1341 1408 1642 1465 referentes
1671 1408 1780 1463 alio
1812 1410 2040 1464 nomine
2063 1425 2188 1466 esse

609 1501 886 1557 vocandas
910 1501 1066 1564 dicit,
1097 1515 1208 1554 non
1251 1500 1438 1570 utique
1480 1499 1698 1556 Judans
1727 1509 1820 1554 aut
1865 1501 2052 1566 Israel,
2089 1502 2184 1557 sed

609 1609 751 1648 novo
798 1593 1033 1664 quodam
1077 1603 1272 1662 praeter
1331 1594 1464 1647 haec.
1505 1591 1671 1663 359
1708 1589 1822 1644 Hoc
1866 1591 2046 1656 enim,
2101 1593 2186 1648 in-

607 1685 748 1754 quit,
781 1700 998 1748 nomen,
1042 1699 1152 1756 quo
1181 1684 1396 1739 vocabit
1425 1698 1520 1738 eos
1561 1681 1826 1738 Dominus
1854 1682 2182 1748 .losedecim,

608 1775 752 1844 quod
805 1791 871 1830 ex
911 1776 1356 1847 interpretatione
1409 1783 1538 1837 est,
1589 1775 1679 1844 qui
1717 1773 1854 1842 justi
1896 1785 2018 1828 sum
2066 1773 2180 1830 Dei.

605 1865 905 1922 Considera
953 1877 1139 1924 autem
1199 1885 1329 1922 num
1389 1868 1618 1923 forsitan
1669 1882 1700 1921 a
1753 1866 1922 1922 Josue
1983 1869 2182 1923 factum

2290 675 2384 728 καὶ
2418 674 2818 742 εύαγγελισταὶ,
2851 673 2885 742 ἦ
2917 673 3010 726 καὶ
3051 673 3250 736 πάντες
3294 673 3341 725 ot
3391 673 3479 725 τὸν
3527 675 3580 726 ὲν
3613 675 3786 750 κρυπτῷ

2303 765 2550 820 Ἰουδαῖον
2577 765 2672 818 καὶ
2703 765 2795 818 τὸν
2815 763 3067 834 ἀληθινὸν
3097 763 3312 836 Ἰσραὴλ
3340 763 3428 817 τὸν
3453 766 3582 820 κατὰ
3604 767 3788 826 διάνοιαν

2289 861 2497 933 ὁρῶντα
2543 859 2674 912 Θεὸν
2717 857 3109 920 ἀποσώζοντες.
3151 877 3169 908 ι
3199 858 3272 911 Οὐ
3309 857 3416 928 γὰρ
3457 861 3484 911 ὁ
3527 861 3578 911 ὲν
3623 860 3785 932 φανερῷ

2301 951 2548 1014 Ἰουδαῖός
2579 954 2693 1004 ἐστι
2713 991 2726 1014 ,
2760 969 2778 1000 ›
2810 949 2972 1018 φησὶν
2996 952 3026 1002 ὁ
3060 949 3407 1012 ’Δπόστολος,
3439 969 3458 1000 ι
3483 951 3592 1004 οὐδὲ
3614 950 3642 1016 ἡ
3665 953 3710 1004 ἐν
3733 957 3787 1024 τῷ

2289 1043 2506 1114 φανερῷ
2536 1046 2593 1096 ὲν
2629 1043 2798 1114 σαρκῖ⁵
2839 1039 3110 1112 περιτομὴ
3131 1083 3148 1107 ,
3195 1041 3309 1094 ἀλλ’
3341 1044 3369 1096 ὁ
3416 1043 3472 1096 ἐν
3506 1042 3580 1112 τῷ
3617 1045 3786 1116 κρυπτῷ

2301 1135 2586 1200 Ἰουδαῖος,
2627 1135 2722 1188 καὶ
2770 1133 3040 1206 περιτομὴ
3071 1132 3298 1204 καρδίας
3339 1133 3400 1186 ἐν
3445 1133 3706 1206 πνεύματι,
3744 1139 3787 1192 οὐ

2288 1229 2575 1302 γράμματι
2598 1268 2618 1291 ,
2650 1221 2710 1280 οὗ
2743 1227 2771 1278 ὁ
2795 1225 3016 1288 ἔπαινος
3053 1227 3153 1278 οὐκ
3180 1223 3246 1289 ἐξ
3263 1224 3586 1296 ἀνθρώπων,
3613 1227 3722 1282 ἀλλὰ
3745 1232 3788 1283 is

2287 1319 2380 1373 τοῦ
2417 1318 2571 1371 Θεοῦ.
2609 1337 2627 1369 ι
2669 1317 2906 1381 Τούτους
2935 1313 3028 1370 οὖν
3053 1316 3140 1370 δια
3167 1317 3269 1387 τῆς
3309 1317 3400 1370 τοῦ
3442 1319 3664 1390 Χριστοῦ·
3695 1320 3788 1390 κλή-

2291 1427 2425 1472 σεως
2452 1409 2542 1462 τὸν
2564 1411 2621 1461 ἐν
2642 1407 2868 1481 κρυπτῷ
2902 1408 3152 1461 Ἰουδαῖον
3179 1409 3272 1462 καὶ
3294 1406 3384 1460 τὸν
3407 1407 3608 1477 ἀληθῶς
3628 1409 3786 1480 Ἰσραὴλ

2289 1503 2548 1575 φέροντας
2590 1501 2762 1573 ἑτέρῳ
2789 1502 2922 1573 φησι
2965 1501 3330 1574 κληθήσεσθαι
3359 1503 3611 1572 ὀνόματι,
3637 1503 3730 1574 οὐχὶ
3750 1503 3788 1555 δὶ

2287 1593 2364 1662 τῷ
2395 1591 2492 1644 τοῦ
2520 1592 2801 1658 Ἰουδαίου,
2844 1593 2963 1646 οὐδὲ
2996 1592 3076 1663 τῷ
3107 1593 3200 1646 τοῦ
3253 1592 3501 1666 Ἰσραὴλ,
3541 1592 3660 1646 ἀλλὰ
3695 1592 3788 1664 ξένῳ

2286 1684 2394 1736 τινὶ
2423 1682 2575 1756 παρὰ
2615 1683 2806 1738 ταῦτα.
2835 1683 3008 1737 Τοῦτο
3041 1685 3146 1756 γάρ
3171 1699 3304 1755 φησι
3331 1683 3395 1736 τὸ
3424 1683 3604 1754 ὄνομα,
3630 1682 3790 1736 62a)!-

2289 1793 2370 1828 σει
2405 1776 2601 1839 αὐτοὺς
2639 1775 2844 1847 Κύριος
2881 1776 3258 1847 Ἰωσεδεκεὶμ,
3295 1776 3433 1847 ὅπερ
3462 1774 3790 1845 ἑρμηνεύεται,

2288 1872 2341 1922 οἱ
2367 1869 2471 1922 τοῦ
2495 1868 2642 1922 Θεοῦ
2669 1868 2882 1924 δίκαοι.
2939 1869 3230 1940 Ἐφίστημι
3261 1868 3318 1921 δὲ
3355 1869 3428 1939 μή
3463 1885 3586 1920 ποτε
3616 1885 3788 1936 πεποιη-

607 1958 680 2011 sit
727 1972 947 2020 nomen,
985 1966 1040 2012 et
1060 1957 1364 2012 Josedecim
1411 1959 1664 2028 discipuli
1685 1957 1814 2014 Jesu
1844 1960 2180 2031 appellentur

2289 1959 2450 2030 μένον
2489 1959 2609 2012 ἐστὶ
2644 1958 2880 2031 τοῦνομα
2909 1959 3014 2012 ἀπὸ
3040 1957 3133 2012 τοῦ
3169 1959 3367 2012 ἰοσουὲ
3416 1956 3742 2026 Ἰωσεδεκεὶμ,
3771 1957 3788 2008 ξ

606 2048 748 2118 apud
771 2047 962 2112 Deum,
975 2049 1068 2119 qui
1086 2049 1228 2118 apud
1247 2050 1494 2107 homines
1510 2049 1728 2121 quidem
1741 2051 1930 2106 Graeco
1947 2051 2182 2123 quodam

605 2156 760 2195 more
788 2156 820 2194 a
843 2139 1062 2195 Christo
1091 2139 1534 2204 denominentur,
1560 2141 1830 2200 llebraica
1863 2153 2043 2200 autem
2083 2145 2184 2198 lin-

606 2248 712 2302 gua
739 2239 848 2286 tam
881 2233 1024 2302 apud
1055 2233 1206 2302 ipsos
1230 2249 1394 2304 quam
1432 2235 1578 2305 apud
1616 2237 1933 2307 prephetas,
1968 2238 2038 2292 ab
2067 2237 2184 2308 ipso

604 2321 732 2379 Iesu
767 2331 1023 2393 tanquam
1061 2339 1157 2394 per
1205 2325 1356 2379 illum
1388 2329 1584 2382 servati
1611 2327 1934 2383 Josedecim.
1969 2327 2046 2382 Ex
2074 2345 2185 2399 quo

603 2414 740 2470 illud
765 2414 970 2470 dictum
999 2425 1103 2483 est,
1145 2435 1174 2468 ι
1206 2427 1260 2474 et
1291 2417 1395 2472 hoc
1429 2435 1626 2475 nomen
1655 2435 1772 2490 quo.
1823 2421 2042 2475 vocabit
2086 2437 2183 2476 eos

603 2505 868 2562 Dominus
913 2505 1216 2564 Josedecim
1271 2511 1416 2566 inter
1465 2512 1778 2584 prophetas.
1819 2533 1838 2564 ι
1903 2510 2039 2566 Nam
2089 2515 2180 2582 qui

603 2598 726 2667 ejus
754 2598 832 2654 de-
852 2615 962 2670 quo
993 2601 1277 2672 prophetia
1315 2603 1574 2673 loquitur,
1605 2603 1801 2674 inquit,
1832 2603 2068 2673 pepulus
2097 2603 2184 2658 fu-

603 2699 766 2746 turus
787 2699 892 2759 est,
924 2707 1048 2746 cum
1081 2693 1148 2747 ad
1182 2709 1404 2750 sensum
1429 2703 1684 2764 acceptus
1709 2693 1880 2749 Judas
1914 2695 1986 2750 sit
2016 2701 2182 2765 atque

599 2781 790 2847 Israel,
821 2783 888 2838 ab
910 2782 1078 2840 Iosue
1101 2785 1476 2841 nominabitur
1495 2783 1825 2850 Josedecim,
1857 2795 2022 2857 atque
2055 2787 2178 2850 hac,

600 2875 802 2944 inquit,
837 2877 1201 2946 appellatione
1227 2877 1570 2933 vocabuntur
1599 2893 1706 2932 non
1731 2879 1877 2949 apud
1904 2879 2176 2942 homines,

602 2967 702 3022 sed
743 2968 886 3038 apud
919 2966 1086 3023 Deum
1111 3008 1124 3032 ,
1159 2977 1212 3023 et
1255 2968 1396 3038 apud
1439 2969 1730 3038 prophetas
1775 2969 1915 3038 ejus.
1949 2968 2182 3025 Attende

600 3059 746 3112 enim
800 3059 1090 3130 diligenter
1119 3059 1298 3129 ipsum
1346 3061 1652 3123 oraculum,
1709 3059 1840 3115 dum
1883 3061 1960 3114 ait
1997 3080 2010 3114 :
2051 3078 2070 3111 ι
2125 3069 2180 3114 et

2289 2051 2438 2122 παρὰ
2459 2051 2540 2123 τῷ
2562 2051 2680 2122 Θεῷ
2705 2053 2754 2106 oi
2783 2051 2877 2104 τοῦ
2911 2050 3086 2121 Ἰησοῦ
3120 2050 3362 2122 μαθηταὶ
3389 2050 3678 2120 κέκληνται,
3699 2049 3790 2116 παρ’

2284 2143 2591 2214 ἀνθρώποις
2617 2145 2721 2215 μὴν
2749 2143 3170 2215 ἑλληνικώτερον
3197 2141 3698 2214 προσαγορευόμενοι
3719 2141 3787 2191 ἀτί

2283 2233 2383 2304 τῆς
2411 2233 2504 2286 τοῦ
2527 2234 2765 2306 Χριστοῦ
2789 2233 3169 2306 παρωνυμίας,
3200 2231 3344 2286 κατὰ
3375 2233 3434 2284 δὲ
3461 2231 3557 2303 τὴν
3587 2229 3794 2300 Ἐϐραίων

2285 2325 2467 2396 φωνὴν
2493 2326 2585 2379 καὶ
2605 2324 2754 2397 παρὰ
2784 2325 2966 2389 αὐτοῖς
2991 2328 3100 2388 τοῖς
3127 2324 3435 2396 προφήταις
3450 2365 3464 2389 ,
3489 2323 3590 2376 ἀπὸ
3613 2322 3691 2375 τοῦ
3718 2322 3790 2390 ’1η-

2285 2416 2399 2481 σοῦ,
2433 2417 2508 2481 ὡς
2537 2417 2604 2471 ἂν
2646 2417 2712 2470 δι’
2755 2416 2919 2471 αὑτοῦ
2960 2417 3312 2488 σεσωσμένοι,
3381 2413 3788 2484 ἸωσεδεκείμΔιὲ

2284 2507 2558 2572 λέλεκται,
2597 2511 2718 2562 «καὶ
2745 2509 2901 2562 τοῦτο
2933 2510 2992 2564 τὸ
3023 2509 3193 2581 ὄνομα
3225 2509 3254 2563 ὃ
3279 2509 3499 2562 καλέσει
3524 2507 3694 2568 αὐτοὺς
3715 2503 3790 2556 Κύ-

2283 2619 2417 2673 ριος,
2455 2601 2794 2673 Ίωσεδεκεὶμ
2827 2605 2884 2656 ὲν
2907 2605 3019 2667 τοῖς
3049 2603 3414 2675 προφήταις.»
3433 2603 3491 2655 '0
3521 2601 3580 2671 δὴ
3607 2595 3686 2652 οὖν
3705 2597 3791 2667 μέλα

2283 2694 2410 2760 λων,
2449 2697 2602 2767 φησι,
2636 2695 2723 2749 διὰ
2739 2695 2835 2749 τοῦ
2869 2696 3348 2768 προφητευομένου
3385 2695 3534 2759 λαὸς,
3565 2693 3685 2748 κατὰ
3713 2691 3792 2744 διὰ-

2282 2804 2440 2842 νοιαν
2465 2789 2663 2852 Ἰούδας
2697 2789 2847 2852 ὅντες
2875 2791 2968 2844 καὶ
3000 2790 3213 2861 Ἰσραήλ
3234 2830 3248 2853 ,
3271 2788 3701 2861 ὀνομασθήσονται
3719 2781 3791 2836 ἀπὸ

2281 2879 2376 2933 τοῦ
2413 2878 2610 2932 Ἰοσουὲ
2653 2877 3012 2949 Ἱωσεδεκεὶμ,
3037 2881 3132 2933 καὶ
3155 2877 3330 2950 τούτῳ
3361 2878 3427 2946 γέ
3455 2893 3610 2947 φησι,
3639 2871 3790 2942 adciti;-

2284 2987 2465 3023 σονται
2488 2967 2568 3038 τῷ
2589 2969 2940 3040 προσρήματι
2967 2969 3025 3021 οὐ
3057 2969 3187 3040 παρ’
3209 2967 3535 3039 ἀνθρώποις,
3558 2964 3675 3019 ἀλλὰ
3701 2961 3788 3030 παρ’

2282 3060 2430 3133 αὐτῷ
2461 3059 2540 3132 τῷ
2559 3060 2699 3132 Θεῷ,
2721 3062 2816 3115 καὶ
2843 3060 3008 3133 παρά
3026 3063 3136 3123 τοῖς
3171 3059 3478 3131 προφήταις
3505 3053 3792 3110 absolim-

601 3147 707 3202 hoc
749 3163 972 3214 nomen,
1009 3163 1118 3219 quo
1159 3150 1380 3204 vocabit
1423 3165 1518 3206 eos
1555 3149 1841 3216 Dominus,
1871 3149 2177 3206 Josedeeim

2286 3154 2464 3226 μελῶς
2496 3154 2606 3226 γὰρ
2638 3153 2874 3226 πρόσχες
2912 3152 2994 3224 τῷ
3021 3152 3164 3222 λόγῳ
3199 3152 3434 3223 φήσαντι
3455 3190 3468 3213 ,
3518 3169 3535 3200 ι
3565 3147 3648 3201 καὶ
3679 3145 3790 3196 τοῦτο

601 3240 746 3296 inter
768 3241 1086 3312 prophetas,
1129 3262 1148 3295 ι
1183 3243 1327 3313 quod
1353 3257 1571 3306 nomen,
1599 3250 1657 3297 ut
1685 3244 1818 3302 dixi,
1847 3245 1902 3300 in
1929 3250 2175 3298 nostram

2284 3249 2340 3301 τὸ
2365 3249 2562 3318 ὄνομα,
2598 3247 2626 3300 ὃ
2658 3245 2874 3302 καλεσει
2903 3245 3098 3308 αὐτοὺς
3135 3244 3368 3316 Κύριος,
3423 3238 3723 3308 Ἰωσεδεκεὶμ
3754 3237 3796 3288 ἐν

601 3332 840 3403 linguam
872 3347 1194 3390 conversum
1238 3335 1420 3404 justos
1453 3333 1547 3389 Dei
1579 3335 1870 3405 signiﬁcat.
1903 3335 2038 3388 Cum
2080 3349 2178 3388 au-

2284 3344 2394 3404 τοῖς
2451 3315 2773 3412 προφήταις.
2807 3359 2826 3390 ι
2875 3315 3365 3410 Μεταλαμϐάνεται
3417 3336 3502 3400 δὲ,
3561 3335 3628 3396 ὡς
3671 3330 3790 3398 Emi,

603 3429 712 3478 tom
745 3423 800 3478 hi
833 3425 914 3480 sic
943 3426 1194 3480 servandi
1227 3427 1358 3492 sint,
1401 3428 1682 3498 antiquum
1729 3435 1783 3484 et
1828 3443 1991 3498 grave
2035 3443 2180 3482 acer-

599 3513 954 3572 bissimorum
999 3518 1310 3574 daemonum
1352 3536 1410 3574 se
1459 3520 1822 3574 contr-iturum
1867 3521 2092 3590 jugum,
2125 3529 2180 3575 et

601 3609 804 3676 quibus
835 3617 996 3666 antea
1040 3612 1368 3666 tenebantur
1398 3611 1692 3682 impietatis
1731 3612 1987 3675 vinculis,
2016 3629 2080 3668 ea
2119 3629 2179 3669 se

605 3701 1006 3770 perlracturum
1065 3704 1356 3773 pollicetur
1399 3704 1562 3760 Deus.
1593 3705 1868 3770 Quocirca-
1912 3722 2020 3761 non
2063 3722 2178 3760 am-

605 3795 747 3862 plius
776 3795 970 3852 alienis
1019 3796 1342 3860 inservient,
1381 3798 1484 3852 sed.
1511 3799 1600 3852 uni
1639 3799 1742 3868 ipsi
1785 3797 2024 3853 fructum
2052 3815 2180 3869 gra-

604 3887 876 3942 tissimum
909 3887 1160 3944 aﬂ'erent.
1191 3887 1309 3943 Huc
1342 3892 1480 3946 adde
1519 3894 1647 3948 illud
1679 3895 1824 3966 quod
1848 3897 1903 3950 in
1939 3893 2180 3948 secundo

603 3978 812 4046 psalmo
832 3975 902 4032 de
921 3979 1156 4033 adventu
1177 3979 1803 4055 Christi,vocationeque
1825 3987 2066 4057 gentium
2095 3984 2179 4040 di-

603 4069 678 4122 cit
705 4071 989 4124 oraclum
1029 4090 1041 4125 :
1091 4091 1110 4122 ι
1165 4071 1552 4142 Dirumpamus
1597 4075 1818 4131 vincula
1867 4092 2078 4141 eorum,
2123 4083 2180 4130 et

599 4161 958 4231 projiciamus
1007 4178 1040 4217 a
1073 4163 1231 4219 nobis
1260 4163 1453 4234 jugum
1497 4165 1738 4235 ipsorum
1783 4167 1858 4225 ‘9;
1901 4177 1922 4212 ι
1953 4166 2042 4222 cui
2092 4181 2180 4220 co-

599 4261 826 4323 gnatum
852 4263 906 4309 et
938 4255 1118 4312 simile
1143 4270 1266 4311 esse
1299 4256 1540 4310 arbitror
1565 4260 1711 4326 quod
1741 4272 1888 4313 nunc
1915 4273 1970 4311 in
2001 4259 2179 4313 mani-

599 4345 703 4401 bus
745 4354 850 4410 est,
875 4347 1064 4402 dicens
1096 4364 1109 4398 :
1153 4365 1178 4399 ι
1209 4348 1268 4402 1η
1300 4348 1388 4404 die
1418 4348 1531 4412 illa,
1567 4347 1704 4404 dixit
1727 4347 2014 4414 Dominus,
2045 4363 2180 4404 con!

597 4443 770 4490 teram
781 4437 972 4508 jugum
993 4437 1061 4493 de
1075 4439 1216 4494 collo
1247 4453 1459 4502 eorum,
1489 4449 1544 4493 et
1569 4439 1784 4492 vincula
1825 4453 2014 4494 eorum
2045 4454 2177 4495 con—

597 4529 854 4598 fringam,
877 4545 1055 4600 neque
1073 4532 1444 4600 operabnntur
1461 4531 1694 4600 amplius
1716 4531 1822 4586 diis
1841 4531 2056 4594 alienis,
2081 4532 2177 4589 sed

2280 3429 2515 3500 τοῦνομα
2539 3432 2618 3494 εἰς
2645 3431 2742 3501 τὴν
2758 3431 3022 3500 Ἑλλήνων
3041 3427 3244 3500 φωνὴν,
3267 3428 3316 3479 oi
3349 3424 3444 3480 τοῦ
3477 3423 3602 3478 Θεοῦ
3628 3421 3792 3474 δίκαιοι·

2281 3523 2483 3576 τούτων
2507 3523 2565 3576 δὲ
2593 3522 2763 3587 οὕτως
2797 3522 3190 3594 σωθησομένων
3211 3561 3226 3586 ,
3253 3520 3360 3573 τὸν
3377 3518 3598 3574 παλαιὸν
3625 3515 3702 3568 καὶ
3727 3509 3796 3579 βα-

2285 3617 2380 3686 ρὺν
2407 3615 2516 3668 τῶν
2553 3614 2766 3687 πικρῶν
2793 3613 3066 3685 δαιμόνων
3089 3612 3250 3681 ζυγὸν
3278 3611 3584 3682 συντρίψειν
3605 3603 3792 3660 καὶτοὺς

2281 3702 2361 3770 οἷς
2411 3707 2473 3760 τὸ
2515 3709 2643 3779 πρὶν
2691 3706 3027 3778 συνείχοντο,
3073 3705 3304 3776 δεσμοὺς
3335 3705 3448 3758 τῶν
3497 3695 3795 3770 ἀσεϐημάτων

2279 3796 2590 3870 διαρρήξειν
2640 3799 2668 3850 ὁ
2706 3797 2839 3860 Θεὸς
2884 3795 3308 3865 ἐπαγγέλλεται,
3357 3794 3434 3856 ὡς
3474 3791 3656 3863 μηκέτι
3693 3783 3794 3843 θεοῖς

2282 3890 2582 3962 ἀλλοτρίοις
2611 3889 2880 3942 δουλεύειν
2923 3889 3152 3954 αὐτοὺς,
3200 3887 3345 3959 μόνῳ
3385 3885 3442 3940 δὲ
3472 3881 3612 3952 αύτῷ
3639 3891 3796 3947 καρπο-

2283 3986 2470 4054 φορεῖν
2501 3981 2864 4054 ἀρεσκόντως.
2905 3980 3157 4052 Παράθες
3201 3977 3258 4032 δὲ
3289 3977 3502 4040 τούτοις
3541 3973 3596 4028 τὸ
3628 3974 3677 4024 ὲν
3709 3971 3796 4020 δευ-

2280 4074 2424 4145 τέρῳ
2461 4070 2661 4143 ψαλμῷ
2695 4072 2792 4124 ἐπὶ
2815 4073 2882 4142 τῇ
2911 4069 3006 4124 τοῦ
3035 4067 3271 4141 Χριστοῦ
3313 4065 3612 4138 παρουσίᾳ,
3651 4059 3726 4115 καὶ
3750 4057 3794 4122 τῇ

2279 4165 2386 4219 τῶν
2442 4165 2610 4218 ἐθνῶν
2657 4164 2847 4235 κλήσει
2893 4162 3098 4232 φάσκον
3157 4161 3369 4229 λόγιον,
3421 4179 3440 4210 ι
3467 4151 3793 4228 Διαρῤήξωμεν

2277 4257 2406 4320 τοὺς
2429 4257 2660 4327 δεσμοὺς
2691 4255 2891 4321 αὐτῶν,
2920 4255 3016 4310 καὶ
3041 4251 3436 4325 ἀπορρίψωμεν
3463 4249 3553 4318 ἀφ’
3581 4243 3716 4318 ήμῶν
3733 4240 3794 4292 τὸν

2280 4349 2442 4420 ζυγὸν
2481 4348 2689 4414 αὐτῶν,
2723 4367 2742 4400 ι
2785 4340 2831 4415 ᾧ
2863 4345 3146 4416 συγγενὲς,
3191 4343 3456 4415 ἡγοῦμαι,
3505 4337 3729 4408 τυγχάνει
3757 4331 3796 4382 τὸ

2283 4441 2422 4514 μετὰ
2463 4443 2651 4514 χεῖρας
2693 4439 2850 4508 λέγον
2876 4457 2890 4470 ·
2945 4459 2974 4490 ι.
3009 4439 3096 4491 Ἐν
3120 4439 3186 4508 τῇ
3231 4435 3418 4506 ἡμέρᾳ
3467 4431 3660 4503 ἐκείνῃ,
3709 4421 3795 4478 εἷπε

2279 4535 2516 4606 Κύριος,
2549 4531 2822 4604 συντρίψω
2867 4529 3030 4600 ζυγὸν
3073 4529 3180 4582 ἀπὸ
3207 4527 3480 4600 τραχήλου
3513 4523 3674 4578 αὐτῶν
3695 4561 3706 4584 ,
3731 4517 3795 4568 καὶ

597 4621 971 4691 operabuntur
1001 4622 1230 4679 Domino
1257 4623 1372 4680 Deo
1397 4639 1521 4680 suo.
1562 4645 1583 4676 ι
1619 4624 1912 4690 Caeterum,
1937 4623 2086 4693 quod
2108 4623 2176 4679 de

2284 4627 2406 4690 τοὺς
2432 4625 2664 4696 δεσμοὺς
2691 4623 2868 4676 αὐτῶν
2895 4621 3168 4695 διαρῤήξω
3187 4661 3201 4684 ,
3231 4622 3328 4674 καὶ
3357 4621 3458 4674 οὐκ
3480 4617 3718 4691 ὲργῶνται
3741 4609 3798 4706 ἔτι

597 4713 780 4768 fructu
803 4715 1022 4785 quidem
1049 4717 1258 4772 ventris
1289 4715 1479 4780 David,
1511 4715 1652 4771 etde
1687 4715 1897 4770 semine
1927 4713 2178 4770 Salomo-

597 4805 710 4869 nis,
747 4807 926 4878 deque
971 4807 1158 4862 radice
1191 4807 1348 4864 Jesse
1386 4807 1644 4864 Christus
1680 4807 1772 4863 Dei
1818 4808 2064 4864 oriturns
2105 4809 2178 4864 sit

597 4902 804 4968 dictus,
825 4903 973 4972 quod
995 4904 1160 4959 etiam
1191 4904 1372 4974 ipsum
1408 4903 1610 4958 factum
1653 4913 1759 4966 est,
1803 4901 2024 4972 quando
2051 4917 2182 4956 cum

596 4995 1100 5052 innumerabilibus
1130 4997 1252 5052 aliis
1290 4996 1772 5068 appellationibus,
1806 4995 1972 5048 etiam
2011 4993 2178 5049 David

593 5087 776 5156 ipsum
811 5087 1001 5142 divina
1034 5099 1234 5144 vocant
1261 5089 1506 5153 oracula,
1539 5089 1675 5144 satis
1709 5087 1926 5142 abunde
1973 5088 2176 5156 proba-

595 5180 772 5235 verint
801 5195 886 5245 ea,
921 5195 1044 5250 quae
1065 5180 1177 5250 jam
1210 5180 1354 5235 dicta
1388 5187 1536 5235 sunt.
1568 5179 1726 5246 Quod
1757 5193 1888 5234 vero
1914 5179 2078 5232 etiam
2111 5177 2178 5232 de

593 5272 742 5326 tribu
765 5270 903 5326 Juda
939 5273 1158 5327 dicatur
1193 5257 1536 5343 proditurus,
1574 5287 1644 5326 ne
1662 5269 2016 5341 quaerendum
2047 5270 2174 5339 qui-

594 5365 717 5416 dem
769 5363 956 5429 fuerit,
993 5381 1118 5420 cum
1146 5381 1212 5420 ex
1244 5365 1348 5418 alia
1382 5364 1532 5418 nulla
1579 5363 1746 5427 tribu,
1781 5376 1946 5432 quam
1975 5377 2042 5414 ex
2073 5360 2174 5414 hac

597 5456 712 5522 ipsa
749 5467 904 5510 ortus
936 5457 1008 5511 sit
1038 5458 1152 5526 ipse
1187 5456 1376 5510 David.
1403 5455 1574 5510 Porro
1603 5455 1748 5510 idem
1778 5454 1882 5508 hoc
1913 5452 2174 5524 plenioris

594 5545 882 5613 cujusdam
917 5547 1038 5604 lldei
1069 5549 1240 5618 gratia
1261 5548 1546 5604 oraculum
1572 5562 1789 5616 quoque
1825 5544 1956 5598 illud
1987 5550 2174 5598 ostcn~

593 5637 732 5692 derit
767 5639 912 5708 quod
957 5641 1097 5711 apud
1132 5639 1334 5696 Mosem
1367 5641 1424 5695 in
1467 5641 1612 5694 hunc
1645 5638 1866 5693 modum
1903 5651 1960 5693 se
1990 5636 2168 5692 habet.

669 5905 708 5936 ⁸³
753 5903 884 5958 llum
945 5923 1017 5972 ιι,
1055 5907 1222 5962 28-29
1327 5911 1366 5942 ιο
1410 5907 1558 5966 I‘sal.
1597 5924 1666 5975 It,
1709 5909 1760 5962 3.

2281 4716 2422 4780 θεοῖς
2457 4715 2755 4787 ἀλλοτρίοις
2771 4755 2787 4779 ,
2819 4714 2935 4768 ἀλλ’
2977 4712 3243 4784 ὲργῶνται
3275 4712 3464 4784 Κυρίῳ
3505 4710 3579 4780 τῷ
3603 4705 3705 4774 Θεῴ
3731 4701 3797 4755 αὖ·

2279 4810 2406 4862 τῶν.
2442 4829 2460 4860 ι
2517 4809 2656 4862 Ἀλλ’
2699 4809 2781 4862 ὅτι
2817 4809 2914 4878 μὲν
2948 4810 3013 4861 ὲκ
3063 4805 3274 4879 καρποῦ
3307 4805 3404 4876 τῆς
3446 4803 3642 4864 κοιλίας
3676 4791 3798 4850 Δαῶδ

2281 4902 2376 4955 καὶ
2403 4903 2468 4954 ὲκ
2497 4901 2810 4971 σπέρματος
2836 4898 3167 4970 Σολομῶνος,
3200 4899 3292 4952 καί
3325 4898 3392 4950 ἐκ
3416 4895 3570 4968 ῥίζης
3600 4884 3796 4946 Ὶεσσαὶό

2281 4991 2515 5062 Χριστὸς
2547 4991 2640 5044 τοῦ
2675 4989 2830 5044 Θεοῦ·
2859 4985 3292 5059 γεννηθήσεσθαι
3325 4985 3664 5058 προείρηται,
3699 4976 3798 5040 ὅπερ

2281 5085 2375 5137 καὶ
2405 5083 2628 5151 γέγονεν
2647 5122 2664 5144 ,
2707 5083 2790 5135 ὅτι
2835 5080 2972 5152 μετὰ
3009 5079 3216 5151 μυρίων
3264 5078 3438 5134 ἄλλων
3475 5065 3796 5148 «pom-{opu}?

2286 5173 2380 5226 καὶ
2410 5173 2573 5226 Δαὶἲιδ
2605 5172 2764 5226 αὐτὸν
2795 5169 3148 5241 ὀνομάζουσιν
3179 5171 3227 5222 οἱ
3260 5168 3394 5224 θεῖοι
3413 5166 3577 5234 λόγοι,
3600 5159 3796 5228 αὐτάρκη

2284 5265 2659 5320 πιστώσασθαι
2705 5265 2772 5318 τὰ
2823 5264 3108 5336 εἰρημένα.
3159 5263 3279 5316 Ὅτι
3323 5259 3378 5314 δὲ
3427 5259 3520 5312 καὶ
3561 5259 3626 5310 ὲκ
3669 5247 3796 5321 φυλῆς

2295 5356 2464 5410 Ἰούδα
2487 5356 2702 5425 λέγεται
2733 5354 3153 5428 προελεύσεσθαι
3173 5395 3187 5418 ,
3215 5353 3323 5405 οὐδ’
3352 5351 3418 5405 ἂν
3452 5339 3800 5428 ζητηθείηι-τῷ

2285 5448 2408 5520 μηδ’
2438 5448 2630 5519 ἐτέρας
2661 5449 2693 5520 ἦ
2721 5425 2822 5518 τῆς
2845 5446 3175 5518 δηλωθείσης
3219 5442 3388 5514 φυλῆς
3413 5439 3508 5495 καὶ
3529 5435 3680 5493 αὑτὸν
3700 5425 3804 5484 εἶναι

2281 5539 2371 5594 τὸν
2399 5541 2583 5594 Δαϐίδ.
2631 5541 2842 5593 Γένοιτο
2885 5539 2929 5591 δ’
2965 5538 3030 5593 ἂν
3078 5539 3142 5590 ἐκ
3184 5531 3495 5607 περιουσίας
3539 5529 3626 5582 καὶ
3655 5521 3800 5578 τούτου

2282 5635 2690 5707 παραστατικὸν
2727 5633 2783 5686 τὸ
2819 5631 2968 5704 παρὰ
2995 5631 3217 5686 Μωῦσεῖ
3245 5629 3454 5697 λόγιον,
3502 5621 3676 5676 τοῦτον
3709 5613 3800 5682 ἕχον

2279 5725 2370 5778 τὸν
2403 5726 2622 5782 τρόπον.
