3928 6520
178 378 269 435 565
1002 380 1652 444 DEMONSTRATIONIS
1690 387 2141 445 EVANGELlCzE
2177 388 2302 444 LIB.
2345 388 2445 443 ΥΠ.

189 494 311 580 “in?
335 494 442 562 τῆς
468 496 875 580 Γενέρνεωςςῖ
889 500 981 580 ης
1002 503 1071 556 ἐκ
1091 504 1288 580 φυζῆς
1308 507 1509 580 ,Ἰούδα
1531 525 1725 580 γεννη-

1831 507 1992 580 360
2018 508 2059 561 A
2092 507 2393 580 Genesi.__-e

240 564 469 645 θήςεςαι
488 608 513 645 ζ
535 567 632 619 καὶ
664 567 783 621 τῶν
1023 564 1355 641 προσὸὸκία
1395 580 1427 631 ό
1468 564 1722 645 animo};

243 637 335 689 τοῦ
370 637 517 688 Θεοῦ
538 637 1071 706 κατασταθήσεταιζ

243 786 259 819 ι
296 766 491 832 Ἰούδα,
528 770 589 823 σὲ
622 772 924 826 αίνέσουσιν
955 776 1004 828 οξ
1039 775 1254 846 ἀδελφοί
1296 796 1421 845 σου,
1456 783 1510 834 αἱ
1546 783 1724 855 χεῖρές

174 876 260 911 σου
287 860 372 912 ἐπὶ
394 858 563 914 νώτου
587 862 696 918 τῶν
724 864 933 936 ἐχθρῶν
958 884 1072 934 σου,
1112 873 1542 944 προσκυνήσουσί
1572 892 1652 928 σοι
1674 878 1721 929 οἱ

173 952 268 1003 υἱοὶ
294 950 379 1004 τοῦ
431 953 638 1025 πατρός
686 973 799 1010 σου.
843 958 1086 1030 Σκύμνος
1126 960 1333 1027 λέοντος
1357 1004 1373 1028 ,
1413 965 1610 1033 Ἰούδα,
1661 968 1723 1020 ἐκ

173 1042 385 1112 βλαστοῦ
414 1060 514 1112 μου
534 1084 549 1107 ,
575 1046 658 1099 υιὲ
681 1088 696 1112 ,
726 1048 947 1122 άνέόης.
990 1051 1297 1107 Ἀναπεσὼν
1330 1056 1624 1127 ἐκοιμήθης
1649 1057 1723 1121 ὠς

172 1128 326 1191 λέων,
354 1128 445 1180 καὶ
465 1128 541 1193 ῶς
559 1131 815 1202 σκύμνος.
854 1136 951 1199 Τίς
989 1139 1169 1210 ἐγερεῖ
1199 1140 1388 1207 αὐτόν;
1417 1144 1530 1199 Ούκ
1556 1144 1725 1197 ἐκλεί-

169 1220 251 1287 ψει
280 1221 453 1291 ἄρχων
480 1221 539 1287 ἐξ
569 1223 740 1278 Ἰούδα
759 1265 773 1291 ,
802 1227 923 1280 οὐδὲ
961 1229 1258 1302 ἡγούμενος
1297 1235 1360 1285 ἐκ
1398 1234 1506 1289 τῶν
1538 1236 1723 1308 μηρῶν

172 1313 349 1376 αὐτοῦ,
397 1312 503 1377 ἓως
542 1314 609 1367 ἂν
644 1316 769 1389 ἔλθῃ
820 1311 865 1386 ᾧ
896 1320 1214 1389 ἀπόκειται,
1255 1326 1349 1377 καὶ
1379 1326 1539 1390 αὐτὸς
1573 1328 1721 1383 ἔσται

172 1403 446 1474 προσδοκία
484 1406 697 1490 ἐθνῶν.
732 1428 751 1460 ι
800 1409 1017 1466 Δώδεκα
1063 1414 1241 1483 φυλῶν
1287 1417 1416 1489 παρ’
1458 1418 1727 1490 Ἑϐραίοις

167 1493 348 1558 οὐσῶν,
377 1495 443 1548 δι’
469 1489 545 1550 ὧν
572 1498 630 1550 τὸ
663 1500 770 1552 πᾶν
800 1499 951 1566 ἔθνος
985 1507 1340 1577 συνεστήκει,
1371 1511 1500 1579 μιᾶς
1521 1489 1727 1564 τούτων

168 1586 455 1657 προπάτωρ
500 1589 692 1656 γέγονε
721 1592 814 1644 καὶ
846 1593 1141 1664 ἀρχίφυλος
1166 1599 1195 1650 ὁ
1234 1597 1465 1665 Ἰούδας,
1500 1601 1636 1671 πρὸς
1666 1602 1725 1656 ὃν

165 1675 500 1731 τεθὲσπισται
542 1678 610 1733 τὰ
650 1684 986 1754 προκείμενα
1009 1724 1023 1749 ,
1062 1685 1120 1752 ἐξ
1168 1689 1330 1743 αὐτοῦ
1362 1690 1453 1744 τὸν
1493 1693 1726 1763 Χριστὸν

166 1768 576 1839 προελεύσεσθαι
607 1774 960 1844 σημαίνοντα.
1006 1778 1070 1830 El
1107 1780 1238 1847 γοῦν
1274 1783 1601 1852 συναγάγοις
1633 1785 1725 1838 ἐπὶ

164 1859 347 1923 ταύτὸ,
388 1861 481 1913 καὶ
511 1864 815 1936 πειραθείης
850 1870 915 1938 τῇ
952 1869 1089 1939 μετὰ
1135 1872 1323 1943 χεῖρας
1363 1846 1461 1937 τάς
1496 1846 1591 1927 τένν
1613 1878 1724 1939 τοῖς
1756 1846 1799 1905 η

166 1948 387 2018 πρόσθεν
414 1951 663 2016 τεθείσας
689 1958 1041 2027 προφητείας,
1064 1958 1244 2030 εὕροις
1266 1960 1330 2014 ἂν
1358 1962 1555 2033 ὁμοίως
1584 1964 1725 2017 κατά

166 2055 209 2088 τι
241 2037 412 2090 κοινὸν
458 2045 681 2112 σημεῖον
722 2044 812 2098 τὸν
862 2047 1025 2102 αὑτὸν
1068 2053 1489 2124 κηρυττόμενον.
1528 2055 1592 2107 Ἡ
1627 2055 1724 2125 μὲν

162 2128 259 2199 γὰρ
287 2130 439 2199 ἔλεγε
470 2135 599 2203 περὶ
628 2137 722 2189 τοῦ
757 2140 821 2191 ἐκ
860 2139 1016 2210 ῥίζης
1054 2142 1249 2196 Ἰεσσαὶ
1285 2146 1722 2217 ἀναστησομένου

164 2221 235 2286 τὸ,
274 2242 291 2273 ι
322 2224 434 2277 Καὶ
467 2225 617 2280 ἔσται
641 2230 997 2301 ἀνιστάμενος
1019 2232 1209 2305 ἄρχειν
1235 2236 1424 2304 ἐθνῶν,
1456 2239 1542 2291 ἐπ’
1577 2240 1725 2312 αύτῷ

165 2313 276 2385 ἔθνη
304 2314 582 2371 ἐλπιοῦσιν
603 2336 615 2349 ο
654 2340 671 2371 ι
712 2323 745 2392 ἡ
776 2321 832 2374 δέ
859 2325 988 2394 περὶ
1018 2325 1111 2378 τοῦ
1144 2327 1258 2380 υἱοῦ
1294 2328 1602 2399 Σολομῶνος
1629 2332 1723 2395 τὸ,

168 2424 186 2454 ι
214 2409 631 2479 κατακυριεύσει
680 2413 789 2466 ἀπὸ
828 2414 1100 2488 θαλάσσης
1138 2419 1243 2483 ἕως
1290 2420 1596 2493 θαλάσσης,
1633 2426 1727 2478 καὶ

166 2497 261 2548 ἀπὸ
307 2501 558 2570 ποταμοῦ
613 2503 717 2568 ἕως
761 2507 1012 2578 περάτων
1067 2510 1167 2582 τῆς
1222 2512 1581 2585 οἰκουμένης,
1632 2518 1727 2570 καὶ

166 2588 669 2663 ἐνευλογηθήσονται
714 2596 770 2648 ἐν
806 2598 952 2670 αὐτῷ
1001 2601 1178 2655 πάντα
1225 2602 1294 2656 τὰ
1330 2603 1491 2676 ἐθνη’
1526 2624 1546 2657 ›
1593 2608 1629 2678 ἡ
1672 2607 1727 2660 δὲ

167 2681 293 2769 μετὰ
316 2685 506 2754 χεῖρας
532 2688 948 2760 παραπλησίως,
986 2709 1005 2743 ι
1033 2692 1138 2757 ἕως
1163 2694 1231 2750 ἂν
1272 2694 1401 2767 ἔλθῃ
1421 2737 1437 2761 ,
1476 2715 1495 2749 ›
1523 2700 1687 2769 φησιν
1708 2740 1723 2765 ,

169 2789 183 2818 ι
213 2763 255 2836 ᾧ
274 2770 565 2828 ἀπόκειται
589 2816 604 2839 ,
652 2778 744 2829 καὶ
772 2778 953 2853 αὐτὸς
974 2778 1126 2837 ἔσται
1155 2763 1448 2854 προσδοκία
1474 2763 1661 2841 ἐθνῶν.

165 2858 219 2910 Et
238 2858 301 2930 δὴ
327 2856 421 2913 οὖν
456 2864 767 2934 συνᾴδουσιν
791 2868 847 2921 αἱ
878 2869 1004 2941 περὶ
1031 2869 1141 2924 τῶν
1172 2871 1342 2926 ἐθνῶν
1373 2877 1725 2947 προρρήσεις,

163 2950 553 3025 ἀπεδείχθησαν
577 2956 634 3010 δὲ
660 2959 717 3010 ai
743 2958 848 3028 πρὸ
873 2959 1077 3016 τούτων
1108 2963 1312 3033 ὁρῶσαι
1342 2966 1432 3019 τὸν
1463 2967 1727 3041 ἡμέτερον

165 3043 421 3115 Σωτῆρα,
465 3047 617 3102 οὐδὲν
642 3048 710 3104 ἂν
739 3050 826 3122 εἴη
857 3053 1102 3124 ἐμποδὼν
1138 3055 1225 3128 μὴ.
1254 3058 1375 3128 οὐχ).
1428 3059 1521 3113 τὸν
1566 3060 1728 3114 αὐτὸν

3282 386 3383 446 566

2438 503 2887 576 Quemadmodum
2935 519 2999 559 ex
3049 504 3189 559 tribu
3238 503 3383 559 Iuda

1900 574 2144 657 ἦᾱεςειιετ
2166 578 2254 641 qui
2275 574 2518 657 Christus
2544 585 2620 631 est
2645 574 2761 644 Dei,
2784 575 3019 645 idemque
3044 576 3272 646 gentium
3292 592 3385 631 ex—

1888 652 2138 711 spectatio
2164 652 2526 700 constituetur.

1899 798 1918 832 ι
1970 778 2127 843 Juda,
2156 788 2208 835 te
2244 778 2542 834 laudabunt
2596 777 2794 833 fratres
2839 777 2938 843 tui,
2969 791 3161 833 manus
3189 785 3297 833 tua:
3328 779 3383 834 in

1823 880 1973 944 tergo
1999 873 2343 928 inimicorum
2373 880 2616 937 tuorum,
2656 871 2959 926 adorabunt
2987 878 3041 925 te
3086 869 3183 924 ﬁlii
3215 870 3383 939 patris

1825 966 1922 1019 tui.
1961 964 2191 1019 Catulus
2246 962 2418 1017 leonis
2443 961 2612 1025 Juda,
2653 960 2720 1015 de
2761 960 3023 1031 germine,
3064 958 3138 1013 mi
3166 958 3262 1026 ﬁli,
3297 974 3385 1014 as-

1825 1057 2077 1122 cendisti,
2120 1055 2444 1111 recumbens
2481 1053 2789 1108 dormivisti
2823 1060 2881 1106 ut
2918 1053 3023 1116 leo,
3056 1059 3109 1107 et
3142 1058 3203 1106 ut
3231 1057 3385 1105 catu-

1824 1149 1930 1213 lus,
1962 1148 2086 1219 quis
2135 1145 2392 1202 excitabit
2441 1145 2600 1207 eum?
2626 1158 2734 1197 non
2776 1143 2991 1199 deficiet
3030 1144 3282 1213 princeps
3318 1142 3387 1196 de

1825 1238 1983 1303 Juda,
2022 1252 2196 1307 neque
2231 1236 2337 1291 dux
2379 1234 2447 1289 de
2498 1233 2796 1289 femoribus
2840 1233 2981 1302 ejus,
3008 1232 3179 1288 donec
3206 1232 3387 1288 veniat

1825 1333 1915 1386 cui
1968 1331 2265 1401 repositum
2314 1337 2419 1392 est,
2470 1336 2523 1383 et
2560 1328 2676 1398 ipse
2732 1326 2834 1382 erit
2881 1326 3211 1397 exspectatio
3256 1341 3388 1396 gen—

1824 1424 1961 1478 tium
1989 1423 2056 1478 '°.
2098 1442 2116 1474 ι
2145 1412 2281 1476 Cum
2311 1419 2594 1476 duodecim
2649 1418 2789 1488 apud
2811 1417 3064 1472 Hebraeos
3095 1418 3269 1472 tribus
3301 1432 3388 1473 es-

1826 1522 1969 1575 sent,
2000 1527 2065 1567 ex
2093 1512 2290 1582 quibus
2323 1525 2455 1581 gens
2484 1510 2737 1564 universa
2763 1507 3069 1571 constabat,
3098 1507 3263 1561 unius
3290 1506 3387 1560 ha-

1826 1618 1945 1657 rum
1992 1602 2198 1673 primus
2228 1614 2426 1671 parens
2464 1614 2528 1653 ac
2572 1599 2825 1670 princeps
2851 1597 3059 1652 exstitit
3098 1597 3287 1662 Judas,
3320 1597 3388 1651 ad

1825 1708 1986 1763 quem
2015 1708 2099 1758 ea,
2151 1707 2273 1763 qua:
2301 1689 2464 1745 modo
2495 1688 2782 1744 citavimus
2823 1688 2891 1742 ah
2935 1687 3156 1742 oraculo
3183 1686 3387 1742 directa

1827 1793 1974 1851 sunt,
2005 1800 2124 1856 qua:
2154 1784 2221 1839 de
2267 1783 2359 1839 illo
2389 1782 2507 1853 ipso
2536 1778 2811 1835 Christum
2845 1777 3184 1848 proditurum
3218 1777 3386 1848 signi-

1826 1878 2010 1934 ﬁcent.
2047 1876 2200 1944 Quod
2254 1875 2302 1931 si
2344 1874 2533 1929 eodem
2579 1871 2942 1942 congesseris,
2976 1877 3029 1925 et
3072 1870 3200 1924 huic
3224 1883 3387 1940 quam

1825 1984 1971 2024 nunc
2011 1974 2335 2031 tractamus,
2368 1982 2461 2022 eas
2493 1967 2620 2020 item
2649 1980 2768 2035 qua:
2808 1963 2863 2016 in
2903 1961 3274 2032 superioribus
3293 1974 3390 2029 po-

1826 2061 1943 2115 sitae
1990 2068 2136 2126 sunt,
2187 2057 2499 2130 prophetias
2550 2055 2900 2128 apposueris,
2930 2053 3173 2108 invenies
3228 2051 3389 2107 simili

1826 2152 2037 2207 ratione
2064 2150 2133 2205 ad
2169 2150 2438 2221 quoddam
2486 2149 2701 2220 signum
2740 2161 3055 2212 commune,
3100 2157 3268 2198 unum
3306 2151 3389 2195 at-

1825 2258 1932 2315 que
1970 2242 2219 2299 eumdem
2264 2240 2523 2296 nuntiari.
2558 2239 2651 2294 llla
2682 2239 2897 2309 quidem
2931 2237 2999 2293 de
3045 2252 3108 2292 eo
3155 2235 3388 2299 dicebat,

1826 2336 1919 2407 qui
1951 2335 2019 2390 de
2045 2334 2228 2389 radice
2257 2332 2413 2389 Jesse
2442 2340 2586 2387 esset
2614 2337 2984 2393 surrecturus,
3025 2346 3044 2379 ι
3075 2335 3129 2382 et
3152 2326 3258 2381 erit
3295 2326 3389 2394 qui

1827 2428 2002 2500 surgit
2051 2428 2318 2499 imperare
2361 2425 2651 2497 gentibus,
2697 2425 2755 2478 in
2808 2424 2926 2494 ipso
2960 2427 3147 2493 gentes
3198 2432 3389 2489 spera-

1827 2522 1964 2577 bunt
1995 2522 2063 2577 ²¹.
2095 2540 2114 2573 ι
2148 2520 2265 2574 Alia
2297 2533 2428 2574 vero
2457 2517 2525 2573 de
2559 2516 2669 2572 filio
2698 2513 3025 2579 Salomonis,
3063 2531 3082 2564 ι
3122 2518 3176 2566 et
3213 2510 3389 2566 domi-

1826 2612 2048 2667 nabitur
2076 2625 2109 2665 a
2136 2611 2273 2665 mari
2303 2625 2476 2681 usque
2499 2612 2564 2665 ad
2604 2625 2773 2674 mare,
2818 2617 2870 2662 et
2896 2622 2928 2661 a
2968 2605 3187 2660 ﬂumine
3214 2617 3390 2672 usque

1830 2702 1898 2757 ad
1931 2702 2068 2758 fines
2091 2702 2241 2758 orbis
2280 2709 2458 2766 terrae,
2493 2708 2548 2757 et
2590 2699 2979 2755 benedicentur
3012 2697 3066 2750 in
3092 2710 3157 2751 eo
3201 2707 3390 2750 omnes

1828 2802 2014 2864 gentes
2030 2793 2097 2847 ".
2133 2810 2151 2843 ι
2178 2789 2255 2845 Ea
2275 2806 2406 2846 vero
2428 2804 2587 2861 quam
2616 2804 2761 2843 nunc
2809 2785 3147 2841 tractandam
3173 2796 3391 2836 assum-

1828 2881 2059 2953 psimus,
2082 2881 2267 2936 itidem
2300 2899 2313 2935 :
2352 2900 2370 2933 ι
2401 2879 2579 2936 Donec
2621 2879 2817 2944 veniat,
2848 2876 3045 2948 inquit,
3074 2874 3160 2930 cui
3182 2870 3393 2942 reposi-

1829 2983 1946 3028 tum
1980 2981 2082 3037 est,
2114 2982 2168 3029 et
2198 2973 2312 3043 ipse
2342 2973 2446 3027 erit
2495 2970 2828 3041 exspectatio
2870 2967 3130 3039 gentium.
3182 2982 3201 3017 ›
3237 2960 3395 3028 Quod

1833 3067 1880 3123 si
1904 3066 2020 3121 haec
2046 3066 2112 3121 de
2139 3064 2391 3137 gentibus
2416 3063 2635 3120 oracula
2662 3060 3017 3122 concordant,
3039 3066 3092 3112 et
3111 3064 3393 3111 ostensum

165 3136 375 3241 ξλέπειν
406 3141 499 3195 καὶ
528 3142 627 3214 τὴν
658 3145 955 3216 παροῦσαν,
980 3150 1137 3221 εἴπερ
1174 3151 1438 3222 σύμφωνα
1470 3154 1725 3227 ἀλλήλαις

1831 3167 1912 3214 est
1952 3136 2407 3228 quemadmodum
2451 3169 2513 3210 ea
2543 3167 2760 3224 quoque
2790 3165 2909 3222 quae
2936 3150 3050 3203 haec
3082 3148 3199 3217 ipsa
3240 3150 3395 3241 ante:

162 3231 543 3301 ὁμολογοῦνται
568 3237 843 3303 θεσπίζειν
862 3257 875 3270 ·
905 3243 1138 3312 μάλιστα
1165 3245 1253 3297 ὅτε
1283 3247 1443 3317 μέχρι
1481 3248 1579 3319 μὲν
1617 3250 1725 3303 τῶν

1831 3257 2135 3315 cesserunt,
2168 3248 2235 3303 ad
2284 3246 2620 3304 Salvatorem
2653 3252 2902 3300 nostrum
2948 3249 3214 3312 spectant,
3257 3235 3394 3291 nihil

162 3322 362 3391 χρόνων
407 3326 508 3397 τῆς
548 3328 641 3381 τοῦ
680 3330 932 3402 Σωτῆρος
967 3333 1126 3405 ἡμῶν
1173 3338 1495 3406 ἐπιφανείας
1532 3341 1581 3392 οἱ
1629 3339 1725 3393 τοῦ

174 3414 437 3468 Ἰουδαίων
477 3416 662 3483 ἔθνους
698 3422 955 3492 ἄρχοντες
994 3427 1089 3478 καὶ
1126 3428 1417 3499 ἡγούμενοι
1454 3430 1634 3484 αὐτῶν
1662 3433 1728 3485 ἐκ

163 3509 441 3577 προγόνων
485 3511 730 3584 διαδοχῆς
763 3519 1162 3589 συνεστήκεσαν
1185 3561 1199 3585 ,
1232 3522 1349 3591 ἅμα
1377 3522 1435 3575 δὲ
1465 3526 1528 3593 τῇ
1560 3524 1724 3578 αὐτοῦ

164 3603 432 3673 παρουσία
457 3603 881 3673 διελελοίπεσαν,
908 3610 1043 3682 ὁμοῦ
1075 3629 1135 3665 τε
1168 3616 1200 3684 ή
1229 3612 1338 3667 τῶν
1368 3614 1539 3669 ἐθνῶν
1568 3633 1729 3687 προσ-

162 3688 302 3743 δοκία
327 3692 481 3757 τέλος
510 3697 685 3766 ἐπῆγε
717 3702 783 3770 τῇ
806 3700 898 3753 τοῦ
941 3702 1134 3756 Ἰακὼὸ
1172 3705 1491 3776 προρρήσει.
1520 3706 1729 3761 υύκοῦν

162 3782 436 3837 κάνταῦθα
467 3789 495 3839 ὁ
532 3788 767 3859 Χριστὸς
793 3791 1137 3864 δηλούμενος,
1183 3794 1278 3849 κα)⁵
1298 3796 1419 3849 οὐδὲ
1444 3797 1600 3861 ἄλλος
1623 3838 1638 3862 ,
1664 3800 1729 3852 ἐκ

164 3875 324 3945 φυλῆς
363 3876 535 3931 ’ἰούδα
576 3882 1018 3951 προελεύσεσθαι.
1063 3887 1172 3938 Καὶ
1217 3887 1305 3941 ὅτε
1351 3887 1409 3940 δέ
1458 3888 1523 3941 ἐκ
1565 3889 1729 3943 Δαϐὶδ

161 3965 242 4017 καὶ
287 3967 635 4039 Σολομῶνος,
687 3972 751 4025 ἐκ
790 3992 850 4027 τε
885 3976 984 4046 τῆς
1033 3976 1189 4047 ῥίζης
1248 3980 1445 4033 Ἰεσσαὶ
1488 3980 1727 4050 γεγονὼς

134 4059 439 4130 ιὲδηλοῦτο,
478 4065 544 4117 ἐκ
580 4061 681 4137 τῆς
721 4067 892 4138 αὐτῆς
935 4069 1108 4139 φυλῆς
1150 4070 1225 4125 ὢν
1253 4070 1546 4130 ἐδείκνυτο.
1592 4074 1728 4139 Παῖς

165 4152 253 4219 μὲν
280 4154 394 4226 γὰρ
424 4152 491 4226 ἦν
510 4157 604 4210 τοῦ
639 4159 837 4213 Ἰεσσαὶ¹
861 4161 1044 4226 Δαόὶδ,
1061 4163 1156 4217 τοῦ
1182 4164 1239 4218 δὲ
1260 4164 1423 4219 Δαδὶδ
1455 4164 1725 4236 Σολομὼν,

165 4247 452 4312 συστάντες
481 4251 545 4301 ἐκ
580 4249 752 4322 φυλῆς
783 4252 968 4308 Ἰούδα.
992 4254 1093 4325 Εἵη
1128 4254 1193 4310 ἂν
1225 4257 1512 4327 τοιγαροῦν
1541 4256 1600 4321 ἐξ
1629 4258 1728 4311 αύ-

163 4338 250 4407 τῆς
284 4343 314 4393 ὁ
343 4342 539 4415 Σωτὴρ
573 4348 668 4400 καὶ
718 4346 923 4418 Κύριος
970 4347 1161 4418 ἡμῶν,
1201 4348 1486 4420 ὡσπεροῦν
1536 4352 1566 4403 ὁ
1608 4349 1730 4403 θαυ-

166 4430 349 4495 μάσιος
397 4433 787 4508 εύαγγελιστὴς
833 4439 1141 4508 γενεαλογεῖ
1197 4441 1474 4504 Ματθαῖος
1519 4441 1691 4510 λέγων
1710 4460 1723 4472 ο

1838 3341 2069 3412 amplius
2099 3340 2262 3395 fuerit
2289 3338 2697 3410 impedimento,
2728 3337 2861 3407 quin
2919 3335 3023 3388 hoc
3054 3334 3229 3402 ipsum
3257 3344 3395 3400 quo-

1829 3450 1934 3505 que
1963 3432 2105 3504 quod
2135 3447 2279 3487 nunc
2301 3441 2620 3496 tractamus,
2646 3428 2894 3485 eumdem
2923 3426 3073 3482 illum
3096 3422 3350 3493 respiciat
3377 3440 3389 3474 :

1829 3523 2270 3595 quandoquidem
2315 3521 2427 3593 jam
2472 3534 2796 3576 concessum
2838 3524 2968 3583 est,
3030 3519 3395 3573 consentanea

1829 3618 1971 3670 inter
2006 3630 2066 3671 se
2095 3614 2164 3669 ab
2188 3612 2444 3668 omnibus
2489 3611 2598 3667 illis
2627 3610 2860 3665 divinari
2895 3627 2908 3663 :
2942 3604 3239 3678 praesertim
3268 3619 3395 3657 cum

1832 3722 2004 3777 usque
2048 3705 2116 3759 ad
2148 3714 2391 3775 tempora
2438 3702 2703 3757 adventus
2749 3698 3045 3755 Salvatoris
3075 3696 3270 3761 nostri,
3300 3693 3396 3748 Ju-

1829 3801 1999 3855 daica:
2047 3799 2224 3870 gentis
2266 3796 2542 3868 principes
2587 3794 2938 3865 ejusdemque
2963 3792 3129 3846 duces
3174 3804 3241 3844 ex
3279 3803 3398 3842 ma-

1828 3895 2009 3964 jorum
2042 3905 2266 3947 suorum
2299 3888 2648 3944 successione
2675 3884 3093 3957 permanserint,
3128 3895 3234 3934 una
3266 3894 3397 3933 vero

1830 3998 1956 4037 cum
1986 3982 2106 4052 ejus
2152 3983 2389 4036 adventu
2434 3976 2766 4041 defecerint,
2819 3974 3168 4046 gentiumque
3195 3970 3415 4040 pariter.

1830 4072 2159 4145 exspectatio
2172 4073 2331 4127 finem
2358 4072 2531 4142 ipsius
2559 4068 2727 4125 Jacoh
2763 4068 3026 4123 vaticinio
3057 4064 3395 4134 imposuerit.

1830 4162 1997 4236 Igitur
2025 4165 2129 4219 hoc
2149 4164 2311 4219 etiam
2336 4163 2391 4217 in
2414 4163 2534 4217 loco
2559 4161 2830 4223 Christus,
2858 4159 2950 4229 qui
2982 4157 3097 4227 ipse
3123 4170 3231 4211 non
3260 4154 3399 4208 alius

1830 4257 1896 4313 de
1925 4257 2071 4313 tribu
2097 4254 2235 4311 Juda
2257 4254 2569 4326 proditurus
2597 4252 2953 4324 signiﬁcatur,
2979 4250 3178 4319 quique
3199 4262 3267 4301 ex
3296 4246 3401 4298 Da-

1830 4349 1920 4403 vid
1950 4356 2004 4404 et
2038 4347 2349 4413 Salomone,
2389 4347 2547 4417 361
2583 4354 2744 4415 atque
2771 4359 2838 4398 ex
2864 4341 3064 4427 \radice
3102 4338 3257 4394 Jesse
3284 4338 3400 4391 exi—

1829 4448 1989 4497 turus
2018 4438 2313 4503 ferebatur,
2344 4453 2410 4493 ex
2455 4439 2644 4493 eadem
2676 4436 2819 4490 tribu
2849 4433 3127 4504 profectus
3157 4428 3399 4485 ostendi-

168 4540 183 4570 ι
209 4522 403 4588 Βίϐλος
429 4527 696 4595 γενέσεως
727 4530 900 4603 Ἰησοῦ
923 4531 1189 4603 Χριστοῦ.
1234 4533 1353 4588 υἱοῦ
1382 4534 1577 4597 Δαὸὶδ,
1609 4534 1725 4588 υἱοῦ

1833 4540 1943 4586 tur.
1969 4530 2102 4585 Nam
2129 4528 2283 4585 Jesse
2311 4529 2528 4599 quidem
2556 4528 2698 4584 ﬁlius
2725 4526 2824 4580 fuit
2855 4524 3022 4578 David
3060 4545 3071 4579 :
3105 4522 3279 4591 ipsius
3310 4536 3403 4575 au-

173 4613 435 4687 Ἀδραάμ.
484 4619 733 4692 Ἀϐραὰμ
766 4623 1024 4693 ἐγέννησε
1052 4624 1143 4678 τὸν
1192 4625 1405 4678 Ἰσαάκ·
1450 4626 1632 4679 Ἰσαὰκ
1667 4627 1726 4681 δὲ

163 4706 415 4779 ἐγέννησε
443 4710 534 4763 τὸν
570 4712 793 4766 Ἰακώϐ·
839 4715 1031 4769 Ἰακὼὸ
1072 4716 1129 4769 δέ
1168 4716 1426 4788 ἐγέννησε
1455 4716 1548 4770 τὸν
1597 4718 1725 4770 Ἰού-

163 4795 273 4850 δινα
312 4818 331 4852 ι
370 4801 467 4855 καὶ
498 4801 568 4855 τά
604 4802 750 4874 ἑξῆς.
798 4807 955 4861 Ἀλλά
999 4806 1108 4880 γάρ
1140 4808 1234 4862 καὶ
1276 4807 1481 4862 τούτων
1515 4810 1614 4882 τὴν
1651 4812 1726 4864 ol-

166 4890 306 4942 κείαν
336 4892 613 4960 ἀπόδειξιν
638 4896 1013 4969 ἀπειληφότων
1034 4939 1048 4963 ,
1084 4899 1271 4970 καιρὸς
1306 4900 1397 4952 καὶ
1435 4899 1561 4962 τοὺς
1596 4899 1724 4969 χρό-

163 4995 275 5045 νους
337 4984 571 5038 συνιδεῖν
629 4986 727 5056 τῆς
785 4988 894 5041 τῶν
942 4989 1431 5061 προηγορευμένων
1474 4988 1724 5060 ἀποπλης

164 5085 397 5139 ρωσεως.

1833 4631 1940 4678 tem
1960 4621 2130 4677 David
2160 4622 2436 4687 Salomon,
2461 4621 2553 4692 qui
2575 4621 2641 4676 de
2668 4620 2810 4674 tribu
2838 4616 2976 4672 Juda
3006 4614 3222 4671 oriundi
3250 4619 3399 4668 sunt.

1832 4716 1947 4772 Erit
1972 4731 2102 4788 ergo
2133 4733 2202 4773 ex
2247 4716 2437 4773 eadem
2482 4714 2731 4770 Salvator
2758 4728 2822 4767 ac
2866 4710 3129 4766 Dominus
3160 4714 3348 4762 noster
3385 4724 3398 4759 :

1834 4808 1974 4863 sicut
2015 4810 2181 4864 etiam
2223 4810 2439 4865 divinus
2470 4808 2803 4880 evangelista
2854 4804 3140 4860 Matthaaus
3178 4802 3234 4855 in
3282 4799 3401 4869 ejus

1831 4914 2027 4970 genere
2056 4901 2330 4955 narrando
2360 4900 2681 4956 testificatur
2708 4898 2896 4954 dicens
2936 4915 2947 4950 :
2990 4913 3007 4945 ι
3046 4892 3209 4947 Liber
3240 4904 3404 4961 gene-

1837 4991 2067 5046 rationis
2113 4990 2243 5047 Jesu
2292 4991 2498 5046 Christi
2557 4990 2651 5044 filii
2705 4988 2910 5052 David,
2958 4986 3055 5040 filii
3102 4982 3399 5037 Abraham.

1838 5082 2109 5137 Abraham
2138 5082 2321 5153 genuit
2346 5081 2498 5138 Isaac
2533 5101 2545 5135 :
2575 5083 2724 5137 Isaac
2745 5089 2923 5135 autem
2976 5076 3161 5147 genuit
3187 5070 3355 5127 Iacob
3385 5088 3399 5124 :

161 5161 323 5221 Iacob
372 5175 554 5224 autem
644 5173 829 5243 genuit
886 5172 1078 5229 Judain
1110 5175 1176 5241 ³³,
1253 5196 1270 5229 ι
1313 5184 1369 5232 et
1418 5185 1634 5234 caetera.
1691 5176 1799 5235 Sed
1837 5178 2055 5250 quando
2091 5178 2282 5233 harum
2332 5195 2513 5234 rerum
2558 5179 2833 5250 propriam
2885 5171 3402 5231 demonstrationem

163 5264 586 5332 explicavimus,
656 5276 870 5340 tempus
919 5272 1033 5341 jam
1086 5272 1250 5329 fuerit
1306 5275 1501 5331 intueri
1558 5276 1758 5347 quibus
1831 5275 2166 5345 temporibus
2203 5291 2267 5330 ea
2319 5291 2440 5347 quae
2484 5274 2758 5345 propheta:
2815 5271 3193 5344 praedixerant,
3254 5277 3404 5318 com—

166 5354 295 5421 pleta
329 5358 462 5413 sint.

234 5535 277 5568 "
313 5536 447 5595 Gen.
484 5556 644 5609 xux,
680 5543 828 5599 8-H}.

910 5550 947 5578 ²¹
994 5547 1098 5604 lsa.
1136 5565 1220 5613 xu,
1262 5551 1346 5605 10.
1388 5554 1429 5583 ²²
1459 5549 1602 5606 Psal.
1642 5565 1766 5604 Lxxt
1795 5592 1807 5616 ,
1841 5551 1904 5617 8,
1948 5549 2029 5604 l7.
2108 5550 2150 5580 ³³
2190 5547 2375 5602 Matth.
2414 5560 2461 5611 ι,
2498 5550 2547 5617 1,
2580 5551 2629 5603 2.

1763 5780 1831 5794 Ἀ
