  <div class='ocr_page' id='page_1' title='image "/cluster/home/n/w/nwhite01/storage/ocr_20150623/22/hvd.32044020605168/304.png"; bbox 0 0 3928 6494; ppageno 0'>
   <div class='ocr_carea' id='block_1_1' title="bbox 213 371 302 425">
    <p class='ocr_par' dir='ltr' id='par_1_1' title="bbox 213 371 302 425">
     <span class='ocr_line' id='line_1_1' title="bbox 213 371 302 425; baseline -0.022 0"><span class='ocrx_word' id='word_1_1' title='bbox 213 371 302 425; x_wconf 66' lang='lat'><strong>569</strong></span> 
     </span>
    </p>
   </div>
   <div class='ocr_carea' id='block_1_2' title="bbox 1028 345 3426 418">
    <p class='ocr_par' dir='ltr' id='par_1_2' title="bbox 1028 345 3426 418">
     <span class='ocr_line' id='line_1_2' title="bbox 1028 345 3426 418; baseline -0.006 -2"><span class='ocrx_word' id='word_1_2' title='bbox 1028 354 1676 418; x_wconf 63' lang='lat' dir='ltr'><strong>DEMONSTRATlON-IS</strong></span> <span class='ocrx_word' id='word_1_3' title='bbox 1710 351 2166 408; x_wconf 66' lang='lat' dir='ltr'><strong>EVANGELICE</strong></span> <span class='ocrx_word' id='word_1_4' title='bbox 2205 349 2332 407; x_wconf 87' lang='lat' dir='ltr'><strong>LlB.</strong></span> <span class='ocrx_word' id='word_1_5' title='bbox 2373 350 2510 406; x_wconf 72' lang='lat' dir='ltr'><strong>Vill.</strong></span> <span class='ocrx_word' id='word_1_6' title='bbox 3321 345 3426 401; x_wconf 74' lang='lat'><strong>570</strong></span> 
     </span>
    </p>
   </div>
   <div class='ocr_carea' id='block_1_3' title="bbox 209 463 1733 554">
    <p class='ocr_par' dir='ltr' id='par_1_3' title="bbox 209 473 1733 554">
     <span class='ocr_line' id='line_1_3' title="bbox 209 473 1733 554; baseline -0.009 -15"><span class='ocrx_word' id='word_1_7' title='bbox 209 480 500 552; x_wconf 72' lang='grc' dir='ltr'>πολιαρχίας</span> <span class='ocrx_word' id='word_1_8' title='bbox 552 480 850 554; x_wconf 86' lang='grc' dir='ltr'>ἀναίρεσιν,</span> <span class='ocrx_word' id='word_1_9' title='bbox 881 480 980 550; x_wconf 81' lang='grc' dir='ltr'><strong>τῆς</strong></span> <span class='ocrx_word' id='word_1_10' title='bbox 1015 478 1273 533; x_wconf 87' lang='grc' dir='ltr'>πολυθέου</span> <span class='ocrx_word' id='word_1_11' title='bbox 1309 478 1401 532; x_wconf 75' lang='grc' dir='ltr'>καὶ</span> <span class='ocrx_word' id='word_1_12' title='bbox 1431 473 1733 547; x_wconf 73' lang='grc' dir='ltr'>δαιμονικῆς</span> 
     </span>
    </p>
   </div>
   <div class='ocr_carea' id='block_1_4' title="bbox 1835 463 3426 554">
    <p class='ocr_par' dir='ltr' id='par_1_4' title="bbox 1854 463 3426 540">
     <span class='ocr_line' id='line_1_4' title="bbox 1854 463 3426 540; baseline -0.008 -14"><span class='ocrx_word' id='word_1_13' title='bbox 1854 468 1960 526; x_wconf 88' lang='lat' dir='ltr'><strong>Sed</strong></span> <span class='ocrx_word' id='word_1_14' title='bbox 1989 471 2094 524; x_wconf 89' lang='lat' dir='ltr'><strong>alia</strong></span> <span class='ocrx_word' id='word_1_15' title='bbox 2120 476 2379 540; x_wconf 65' lang='lat' dir='ltr'><strong>prteterea</strong></span> <span class='ocrx_word' id='word_1_16' title='bbox 2410 465 2728 522; x_wconf 92' lang='lat' dir='ltr'><strong>eorumdem</strong></span> <span class='ocrx_word' id='word_1_17' title='bbox 2761 464 3059 532; x_wconf 78' lang='lat' dir='ltr'><strong>subjiciunt</strong></span> <span class='ocrx_word' id='word_1_18' title='bbox 3097 463 3252 534; x_wconf 75' lang='lat' dir='ltr'><strong>signa</strong></span> <span class='ocrx_word' id='word_1_19' title='bbox 3285 469 3426 517; x_wconf 90' lang='lat' dir='ltr'><strong>tem-</strong></span> 
     </span>
    </p>
   </div>
   <div class='ocr_carea' id='block_1_5' title="bbox 203 568 1749 644">
    <p class='ocr_par' dir='ltr' id='par_1_5' title="bbox 203 568 1749 644">
     <span class='ocr_line' id='line_1_5' title="bbox 203 568 1749 644; baseline -0.007 -13"><span class='ocrx_word' id='word_1_20' title='bbox 203 574 621 644; x_wconf 75' lang='grc' dir='ltr'>εἰδωλολατρείας</span> <span class='ocrx_word' id='word_1_21' title='bbox 677 573 1058 644; x_wconf 80' lang='grc' dir='ltr'>ἀποστροφὴν,</span> <span class='ocrx_word' id='word_1_22' title='bbox 1119 572 1410 640; x_wconf 75' lang='grc' dir='ltr'><strong>ἐπίγνωσιν</strong></span> <span class='ocrx_word' id='word_1_23' title='bbox 1470 568 1749 632; x_wconf 74' lang='grc' dir='ltr'>εὐσεϐείας</span> 
     </span>
    </p>
   </div>
   <div class='ocr_carea' id='block_1_6' title="bbox 205 657 1750 737">
    <p class='ocr_par' dir='ltr' id='par_1_6' title="bbox 205 657 1750 737">
     <span class='ocr_line' id='line_1_6' title="bbox 205 657 1750 737; baseline -0.005 -16"><span class='ocrx_word' id='word_1_24' title='bbox 205 668 308 730; x_wconf 71' lang='grc' dir='ltr'>ἑνὸς</span> <span class='ocrx_word' id='word_1_25' title='bbox 346 665 434 719; x_wconf 86' lang='grc' dir='ltr'><strong>τοῦ</strong></span> <span class='ocrx_word' id='word_1_26' title='bbox 469 666 561 718; x_wconf 75' lang='grc' dir='ltr'>ἐπὶ</span> <span class='ocrx_word' id='word_1_27' title='bbox 606 666 822 719; x_wconf 71' lang='grc' dir='ltr'>πάντων</span> <span class='ocrx_word' id='word_1_28' title='bbox 867 663 1202 737; x_wconf 80' lang='grc' dir='ltr'><strong>δημιουργοῦ</strong></span> <span class='ocrx_word' id='word_1_29' title='bbox 1247 663 1403 716; x_wconf 86' lang='grc' dir='ltr'>Θεοῦ.</span> <span class='ocrx_word' id='word_1_30' title='bbox 1431 661 1614 715; x_wconf 89' lang='grc' dir='ltr'>Ταῦτα</span> <span class='ocrx_word' id='word_1_31' title='bbox 1656 657 1750 714; x_wconf 84' lang='grc' dir='ltr'><strong>οῦν</strong></span> 
     </span>
    </p>
   </div>
   <div class='ocr_carea' id='block_1_7' title="bbox 204 752 1749 829">
    <p class='ocr_par' dir='ltr' id='par_1_7' title="bbox 204 752 1749 829">
     <span class='ocr_line' id='line_1_7' title="bbox 204 752 1749 829; baseline -0.005 -17"><span class='ocrx_word' id='word_1_32' title='bbox 204 763 423 822; x_wconf 77' lang='grc' dir='ltr'>ᾶπαντα,</span> <span class='ocrx_word' id='word_1_33' title='bbox 461 757 535 829; x_wconf 79' lang='grc' dir='ltr'>μὴ</span> <span class='ocrx_word' id='word_1_34' title='bbox 589 757 715 811; x_wconf 69' lang='grc' dir='ltr'>ὅντα</span> <span class='ocrx_word' id='word_1_35' title='bbox 762 757 930 811; x_wconf 79' lang='grc' dir='ltr'>πάλαι</span> <span class='ocrx_word' id='word_1_36' title='bbox 973 756 1114 811; x_wconf 89' lang='grc' dir='ltr'><strong>κατά</strong></span> <span class='ocrx_word' id='word_1_37' title='bbox 1156 757 1280 819; x_wconf 77' lang='grc' dir='ltr'>τοὺς</span> <span class='ocrx_word' id='word_1_38' title='bbox 1309 754 1415 807; x_wconf 90' lang='grc' dir='ltr'><strong>τῶν</strong></span> <span class='ocrx_word' id='word_1_39' title='bbox 1455 752 1749 825; x_wconf 80' lang='grc' dir='ltr'><strong>προφητῶν</strong></span> 
     </span>
    </p>
   </div>
   <div class='ocr_carea' id='block_1_8' title="bbox 203 844 1748 922">
    <p class='ocr_par' dir='ltr' id='par_1_8' title="bbox 203 844 1748 922">
     <span class='ocr_line' id='line_1_8' title="bbox 203 844 1748 922; baseline -0.014 -5"><span class='ocrx_word' id='word_1_40' title='bbox 203 852 423 922; x_wconf 71' lang='grc' dir='ltr'>χρόνους,</span> <span class='ocrx_word' id='word_1_41' title='bbox 469 851 564 903; x_wconf 75' lang='grc' dir='ltr'>ἐπὶ</span> <span class='ocrx_word' id='word_1_42' title='bbox 605 851 706 920; x_wconf 77' lang='grc' dir='ltr'>τῆς</span> <span class='ocrx_word' id='word_1_43' title='bbox 737 850 972 921; x_wconf 80' lang='grc' dir='ltr'><strong>Χριστοῦ</strong></span> <span class='ocrx_word' id='word_1_44' title='bbox 1018 848 1315 921; x_wconf 78' lang='grc' dir='ltr'>παρουσίας</span> <span class='ocrx_word' id='word_1_45' title='bbox 1341 844 1662 917; x_wconf 90' lang='grc' dir='ltr'>γενήσεσθαι</span> <span class='ocrx_word' id='word_1_46' title='bbox 1699 845 1748 897; x_wconf 81' lang='lat' dir='ltr'><strong>oi.</strong></span> 
     </span>
    </p>
   </div>
   <div class='ocr_carea' id='block_1_9' title="bbox 202 939 1748 1014">
    <p class='ocr_par' dir='ltr' id='par_1_9' title="bbox 202 939 1748 1014">
     <span class='ocr_line' id='line_1_9' title="bbox 202 939 1748 1014; baseline -0.005 -18"><span class='ocrx_word' id='word_1_47' title='bbox 202 945 317 996; x_wconf 75' lang='grc' dir='ltr'>θεῖοι</span> <span class='ocrx_word' id='word_1_48' title='bbox 356 943 592 1014; x_wconf 80' lang='grc' dir='ltr'>χρησμοὶ</span> <span class='ocrx_word' id='word_1_49' title='bbox 631 942 1018 1014; x_wconf 77' lang='grc' dir='ltr'>προηγόρευον,</span> <span class='ocrx_word' id='word_1_50' title='bbox 1051 942 1088 996; x_wconf 74' lang='grc' dir='ltr'>ὃ.</span> <span class='ocrx_word' id='word_1_51' title='bbox 1121 942 1214 995; x_wconf 81' lang='grc' dir='ltr'>καὶ</span> <span class='ocrx_word' id='word_1_52' title='bbox 1243 942 1361 1002; x_wconf 85' lang='grc' dir='ltr'>ταῖς</span> <span class='ocrx_word' id='word_1_53' title='bbox 1385 939 1748 1011; x_wconf 77' lang='grc' dir='ltr'>προρρήσεσιν</span> 
     </span>
    </p>
   </div>
   <div class='ocr_carea' id='block_1_10' title="bbox 199 1029 1750 1104">
    <p class='ocr_par' dir='ltr' id='par_1_10' title="bbox 199 1029 1750 1104">
     <span class='ocr_line' id='line_1_10' title="bbox 199 1029 1750 1104; baseline -0.003 -20"><span class='ocrx_word' id='word_1_54' title='bbox 199 1029 482 1094; x_wconf 75' lang='grc' dir='ltr'>ἀκολούθως</span> <span class='ocrx_word' id='word_1_55' title='bbox 512 1031 593 1096; x_wconf 89' lang='grc' dir='ltr'><strong>είς</strong></span> <span class='ocrx_word' id='word_1_56' title='bbox 625 1032 795 1104; x_wconf 80' lang='grc' dir='ltr'>πέρας</span> <span class='ocrx_word' id='word_1_57' title='bbox 823 1033 1038 1086; x_wconf 75' lang='grc' dir='ltr'><strong>ἐλθόντα</strong></span> <span class='ocrx_word' id='word_1_58' title='bbox 1068 1034 1188 1086; x_wconf 81' lang='grc' dir='ltr'>ὅσον</span> <span class='ocrx_word' id='word_1_59' title='bbox 1222 1030 1373 1084; x_wconf 84' lang='grc' dir='ltr'>οῦπω</span> <span class='ocrx_word' id='word_1_60' title='bbox 1407 1029 1750 1099; x_wconf 80' lang='grc' dir='ltr'>παραστήσε-</span> 
     </span>
    </p>
   </div>
   <div class='ocr_carea' id='block_1_11' title="bbox 199 1120 1749 1196">
    <p class='ocr_par' dir='ltr' id='par_1_11' title="bbox 199 1120 1749 1196">
     <span class='ocr_line' id='line_1_11' title="bbox 199 1120 1749 1196; baseline 0 -22"><span class='ocrx_word' id='word_1_61' title='bbox 199 1140 296 1176; x_wconf 81' lang='grc' dir='ltr'>ται.</span> <span class='ocrx_word' id='word_1_62' title='bbox 345 1124 420 1177; x_wconf 83' lang='lat' dir='ltr'><strong>Tu&#39;</strong></span> <span class='ocrx_word' id='word_1_63' title='bbox 471 1141 535 1192; x_wconf 85' lang='grc' dir='ltr'><strong>γε</strong></span> <span class='ocrx_word' id='word_1_64' title='bbox 572 1124 678 1196; x_wconf 75' lang='grc' dir='ltr'>μὴν</span> <span class='ocrx_word' id='word_1_65' title='bbox 701 1125 847 1178; x_wconf 78' lang='grc' dir='ltr'>αἴτια</span> <span class='ocrx_word' id='word_1_66' title='bbox 893 1125 986 1179; x_wconf 90' lang='grc' dir='ltr'><strong>τοῦ</strong></span> <span class='ocrx_word' id='word_1_67' title='bbox 1033 1125 1106 1196; x_wconf 78' lang='grc' dir='ltr'>μὴ</span> <span class='ocrx_word' id='word_1_68' title='bbox 1155 1125 1440 1196; x_wconf 86' lang='grc' dir='ltr'>πρότερον,</span> <span class='ocrx_word' id='word_1_69' title='bbox 1477 1121 1614 1175; x_wconf 87' lang='grc' dir='ltr'><strong>ἀλλά</strong></span> <span class='ocrx_word' id='word_1_70' title='bbox 1654 1120 1749 1174; x_wconf 89' lang='grc' dir='ltr'><strong>νῦν</strong></span> 
     </span>
    </p>
   </div>
   <div class='ocr_carea' id='block_1_12' title="bbox 197 1212 1750 1288">
    <p class='ocr_par' dir='ltr' id='par_1_12' title="bbox 197 1212 1750 1288">
     <span class='ocr_line' id='line_1_12' title="bbox 197 1212 1750 1288; baseline 0.004 -24"><span class='ocrx_word' id='word_1_71' title='bbox 197 1215 277 1265; x_wconf 76' lang='grc' dir='ltr'>ἐπ’</span> <span class='ocrx_word' id='word_1_72' title='bbox 321 1212 557 1282; x_wconf 79' lang='grc' dir='ltr'><strong>ἐσχάτων</strong></span> <span class='ocrx_word' id='word_1_73' title='bbox 610 1216 817 1288; x_wconf 89' lang='grc' dir='ltr'>καιρῶν</span> <span class='ocrx_word' id='word_1_74' title='bbox 866 1216 1002 1288; x_wconf 82' lang='grc' dir='ltr'>μετὰ.</span> <span class='ocrx_word' id='word_1_75' title='bbox 1043 1216 1134 1268; x_wconf 79' lang='grc' dir='ltr'>τὸν</span> <span class='ocrx_word' id='word_1_76' title='bbox 1187 1218 1395 1288; x_wconf 87' lang='grc' dir='ltr'>μακρὸν</span> <span class='ocrx_word' id='word_1_77' title='bbox 1442 1218 1536 1271; x_wconf 75' lang='grc' dir='ltr'>καὶ</span> <span class='ocrx_word' id='word_1_78' title='bbox 1582 1215 1750 1270; x_wconf 79' lang='grc' dir='ltr'>πολὺν</span> 
     </span>
    </p>
   </div>
   <div class='ocr_carea' id='block_1_13' title="bbox 197 1303 1748 1380">
    <p class='ocr_par' dir='ltr' id='par_1_13' title="bbox 197 1303 1748 1380">
     <span class='ocr_line' id='line_1_13' title="bbox 197 1303 1748 1380; baseline 0.004 -25"><span class='ocrx_word' id='word_1_79' title='bbox 197 1303 351 1356; x_wconf 82' lang='grc' dir='ltr'>αίῶνα</span> <span class='ocrx_word' id='word_1_80' title='bbox 370 1304 458 1358; x_wconf 79' lang='grc' dir='ltr'>τὸν</span> <span class='ocrx_word' id='word_1_81' title='bbox 490 1308 725 1378; x_wconf 80' lang='grc' dir='ltr'>Χριστὸν</span> <span class='ocrx_word' id='word_1_82' title='bbox 755 1309 968 1379; x_wconf 82' lang='grc' dir='ltr'><strong>ἐμφανῆ</strong></span> <span class='ocrx_word' id='word_1_83' title='bbox 991 1309 1238 1377; x_wconf 83' lang='grc' dir='ltr'>γενέσθαι</span> <span class='ocrx_word' id='word_1_84' title='bbox 1263 1309 1340 1380; x_wconf 79' lang='grc' dir='ltr'><strong>τῷ</strong></span> <span class='ocrx_word' id='word_1_85' title='bbox 1365 1309 1480 1380; x_wconf 85' lang='grc' dir='ltr'>βίῳ,</span> <span class='ocrx_word' id='word_1_86' title='bbox 1503 1310 1748 1364; x_wconf 84' lang='grc' dir='ltr'>λέλεκται</span> 
     </span>
    </p>
   </div>
   <div class='ocr_carea' id='block_1_14' title="bbox 194 1397 1749 1473">
    <p class='ocr_par' dir='ltr' id='par_1_14' title="bbox 194 1397 1749 1473">
     <span class='ocr_line' id='line_1_14' title="bbox 194 1397 1749 1473; baseline 0.002 -21"><span class='ocrx_word' id='word_1_87' title='bbox 194 1399 288 1471; x_wconf 81' lang='grc' dir='ltr'>μὲν</span> <span class='ocrx_word' id='word_1_88' title='bbox 314 1397 406 1468; x_wconf 67' lang='grc' dir='ltr'>ἤδη</span> <span class='ocrx_word' id='word_1_89' title='bbox 433 1399 530 1452; x_wconf 72' lang='lat' dir='ltr'><strong>xui.</strong></span> <span class='ocrx_word' id='word_1_90' title='bbox 560 1399 812 1471; x_wconf 78' lang='grc' dir='ltr'><strong>πρόσθεν,</strong></span> <span class='ocrx_word' id='word_1_91' title='bbox 847 1401 906 1452; x_wconf 78' lang='grc' dir='ltr'>οὐ</span> <span class='ocrx_word' id='word_1_92' title='bbox 939 1400 1044 1471; x_wconf 85' lang='grc' dir='ltr'>μὴν</span> <span class='ocrx_word' id='word_1_93' title='bbox 1079 1400 1212 1454; x_wconf 84' lang='grc' dir='ltr'><strong>ἀλλά</strong></span> <span class='ocrx_word' id='word_1_94' title='bbox 1254 1400 1347 1454; x_wconf 75' lang='grc' dir='ltr'>καὶ</span> <span class='ocrx_word' id='word_1_95' title='bbox 1394 1401 1486 1454; x_wconf 90' lang='grc' dir='ltr'><strong>νῦν</strong></span> <span class='ocrx_word' id='word_1_96' title='bbox 1522 1405 1579 1455; x_wconf 88' lang='grc' dir='ltr'><strong>ἐν</strong></span> <span class='ocrx_word' id='word_1_97' title='bbox 1619 1401 1749 1473; x_wconf 83' lang='grc' dir='ltr'>βρα-</span> 
     </span>
    </p>
   </div>
   <div class='ocr_carea' id='block_1_15' title="bbox 191 1484 1748 1561">
    <p class='ocr_par' dir='ltr' id='par_1_15' title="bbox 191 1484 1748 1561">
     <span class='ocr_line' id='line_1_15' title="bbox 191 1484 1748 1561; baseline -0.001 -20"><span class='ocrx_word' id='word_1_98' title='bbox 191 1489 328 1560; x_wconf 77' lang='grc' dir='ltr'>χέσιν</span> <span class='ocrx_word' id='word_1_99' title='bbox 359 1489 652 1560; x_wconf 86' lang='grc' dir='ltr'>εἰρήσεται.</span> <span class='ocrx_word' id='word_1_100' title='bbox 686 1489 859 1552; x_wconf 81' lang='grc' dir='ltr'>Πολὺς</span> <span class='ocrx_word' id='word_1_101' title='bbox 890 1484 957 1560; x_wconf 78' lang='grc' dir='ltr'>ἦν</span> <span class='ocrx_word' id='word_1_102' title='bbox 987 1489 1152 1542; x_wconf 81' lang='grc' dir='ltr'>πάλαι</span> <span class='ocrx_word' id='word_1_103' title='bbox 1209 1489 1472 1561; x_wconf 90' lang='grc' dir='ltr'>πρότερον</span> <span class='ocrx_word' id='word_1_104' title='bbox 1512 1488 1608 1553; x_wconf 77' lang='grc' dir='ltr'>τὰς</span> <span class='ocrx_word' id='word_1_105' title='bbox 1639 1489 1748 1541; x_wconf 88' lang='grc' dir='ltr'><strong>τῶν</strong></span> 
     </span>
    </p>
   </div>
   <div class='ocr_carea' id='block_1_16' title="bbox 189 1577 1749 1651">
    <p class='ocr_par' dir='ltr' id='par_1_16' title="bbox 189 1577 1749 1651">
     <span class='ocr_line' id='line_1_16' title="bbox 189 1577 1749 1651; baseline 0.001 -21"><span class='ocrx_word' id='word_1_106' title='bbox 189 1577 475 1650; x_wconf 83' lang='grc' dir='ltr'>ἀνθρώπων</span> <span class='ocrx_word' id='word_1_107' title='bbox 517 1579 696 1649; x_wconf 75' lang='grc' dir='ltr'>ψυχὰς</span> <span class='ocrx_word' id='word_1_108' title='bbox 751 1581 1052 1634; x_wconf 78' lang='grc' dir='ltr'>ἐπισκοτῶν</span> <span class='ocrx_word' id='word_1_109' title='bbox 1109 1579 1418 1651; x_wconf 77' lang='grc' dir='ltr'>ἀφροσύνης</span> <span class='ocrx_word' id='word_1_110' title='bbox 1470 1579 1564 1632; x_wconf 77' lang='grc' dir='ltr'><strong>καὶ</strong></span> <span class='ocrx_word' id='word_1_111' title='bbox 1623 1580 1749 1633; x_wconf 85' lang='grc' dir='ltr'>ἀσε-</span> 
     </span>
    </p>
   </div>
   <div class='ocr_carea' id='block_1_17' title="bbox 189 1670 1745 1744">
    <p class='ocr_par' dir='ltr' id='par_1_17' title="bbox 189 1670 1745 1744">
     <span class='ocr_line' id='line_1_17' title="bbox 189 1670 1745 1744; baseline 0.003 -23"><span class='ocrx_word' id='word_1_112' title='bbox 189 1670 331 1732; x_wconf 71' lang='grc' dir='ltr'>ϐείας</span> <span class='ocrx_word' id='word_1_113' title='bbox 361 1671 590 1741; x_wconf 76' lang='grc' dir='ltr'>αὐχμὸς,</span> <span class='ocrx_word' id='word_1_114' title='bbox 618 1671 762 1743; x_wconf 83' lang='grc' dir='ltr'>δεινή</span> <span class='ocrx_word' id='word_1_115' title='bbox 808 1689 866 1724; x_wconf 91' lang='grc' dir='ltr'><strong>τε</strong></span> <span class='ocrx_word' id='word_1_116' title='bbox 907 1672 1136 1744; x_wconf 82' lang='grc' dir='ltr'><strong>ἀθεότης</strong></span> <span class='ocrx_word' id='word_1_117' title='bbox 1183 1672 1600 1744; x_wconf 82' lang='grc' dir='ltr'>κατακρατοῦσα</span> <span class='ocrx_word' id='word_1_118' title='bbox 1651 1672 1745 1726; x_wconf 88' lang='grc' dir='ltr'><strong>τοῦ</strong></span> 
     </span>
    </p>
   </div>
   <div class='ocr_carea' id='block_1_18' title="bbox 184 1758 1747 1833">
    <p class='ocr_par' dir='ltr' id='par_1_18' title="bbox 184 1758 1747 1833">
     <span class='ocr_line' id='line_1_18' title="bbox 184 1758 1747 1833; baseline 0.004 -24"><span class='ocrx_word' id='word_1_119' title='bbox 184 1758 376 1822; x_wconf 76' lang='grc' dir='ltr'>παντὸς</span> <span class='ocrx_word' id='word_1_120' title='bbox 410 1759 714 1832; x_wconf 83' lang='grc' dir='ltr'>ἀνθρώπων</span> <span class='ocrx_word' id='word_1_121' title='bbox 756 1761 892 1831; x_wconf 81' lang='grc' dir='ltr'>βίου,</span> <span class='ocrx_word' id='word_1_122' title='bbox 923 1761 998 1825; x_wconf 88' lang='grc' dir='ltr'>ὡς</span> <span class='ocrx_word' id='word_1_123' title='bbox 1048 1761 1213 1832; x_wconf 86' lang='grc' dir='ltr'>μηδὲν</span> <span class='ocrx_word' id='word_1_124' title='bbox 1261 1761 1368 1815; x_wconf 87' lang='grc' dir='ltr'><strong>τῶν</strong></span> <span class='ocrx_word' id='word_1_125' title='bbox 1412 1762 1619 1833; x_wconf 84' lang='grc' dir='ltr'>ἀγρίων</span> <span class='ocrx_word' id='word_1_126' title='bbox 1654 1762 1747 1816; x_wconf 72' lang='grc' dir='ltr'>καὶ</span> 
     </span>
    </p>
   </div>
   <div class='ocr_carea' id='block_1_19' title="bbox 1850 559 3426 633">
    <p class='ocr_par' dir='ltr' id='par_1_19' title="bbox 1850 559 3426 633">
     <span class='ocr_line' id='line_1_19' title="bbox 1850 559 3426 633; baseline -0.008 -16"><span class='ocrx_word' id='word_1_127' title='bbox 1850 579 2064 633; x_wconf 90' lang='lat' dir='ltr'><strong>porum,</strong></span> <span class='ocrx_word' id='word_1_128' title='bbox 2123 561 2514 617; x_wconf 73' lang='lat' dir='ltr'><strong>abundantiam</strong></span> <span class='ocrx_word' id='word_1_129' title='bbox 2567 559 2740 629; x_wconf 82' lang='lat' dir='ltr'><strong>pacis,</strong></span> <span class='ocrx_word' id='word_1_130' title='bbox 2775 559 3176 627; x_wconf 76' lang='lat' dir='ltr'><strong>principatuum</strong></span> <span class='ocrx_word' id='word_1_131' title='bbox 3211 569 3426 608; x_wconf 87' lang='lat' dir='ltr'><strong>rerum-</strong></span> 
     </span>
    </p>
   </div>
   <div class='ocr_carea' id='block_1_20' title="bbox 1851 643 3424 724">
    <p class='ocr_par' dir='ltr' id='par_1_20' title="bbox 1851 643 3424 724">
     <span class='ocr_line' id='line_1_20' title="bbox 1851 643 3424 724; baseline -0.008 -17"><span class='ocrx_word' id='word_1_132' title='bbox 1851 669 1956 724; x_wconf 90' lang='lat' dir='ltr'><strong>que</strong></span> <span class='ocrx_word' id='word_1_133' title='bbox 1985 653 2349 724; x_wconf 90' lang='lat' dir='ltr'><strong>publicarum,</strong></span> <span class='ocrx_word' id='word_1_134' title='bbox 2385 665 2506 719; x_wconf 74' lang='lat' dir='ltr'><strong>qua:</strong></span> <span class='ocrx_word' id='word_1_135' title='bbox 2543 664 2572 702; x_wconf 88' lang='lat' dir='ltr'><strong>a</strong></span> <span class='ocrx_word' id='word_1_136' title='bbox 2615 647 2836 702; x_wconf 88' lang='lat' dir='ltr'><strong>condito</strong></span> <span class='ocrx_word' id='word_1_137' title='bbox 2866 661 2980 699; x_wconf 59' lang='lat' dir='ltr'><strong>aevo</strong></span> <span class='ocrx_word' id='word_1_138' title='bbox 3025 643 3293 706; x_wconf 76' lang='lat' dir='ltr'><strong>fuissent,</strong></span> <span class='ocrx_word' id='word_1_139' title='bbox 3325 657 3424 711; x_wconf 79' lang='lat' dir='ltr'><strong>per</strong></span> 
     </span>
    </p>
   </div>
   <div class='ocr_carea' id='block_1_21' title="bbox 1851 734 3424 814">
    <p class='ocr_par' dir='ltr' id='par_1_21' title="bbox 1851 734 3424 814">
     <span class='ocr_line' id='line_1_21' title="bbox 1851 734 3424 814; baseline -0.008 -13"><span class='ocrx_word' id='word_1_140' title='bbox 1851 744 2096 813; x_wconf 85' lang='lat' dir='ltr'><strong>singulas</strong></span> <span class='ocrx_word' id='word_1_141' title='bbox 2126 751 2315 814; x_wconf 73' lang='lat' dir='ltr'><strong>gentes</strong></span> <span class='ocrx_word' id='word_1_142' title='bbox 2333 750 2496 810; x_wconf 90' lang='lat' dir='ltr'><strong>atque</strong></span> <span class='ocrx_word' id='word_1_143' title='bbox 2517 740 2681 794; x_wconf 80' lang='lat' dir='ltr'><strong>urbes</strong></span> <span class='ocrx_word' id='word_1_144' title='bbox 2708 737 3012 798; x_wconf 84' lang='lat' dir='ltr'><strong>interitum,</strong></span> <span class='ocrx_word' id='word_1_145' title='bbox 3043 750 3072 788; x_wconf 91' lang='lat' dir='ltr'><strong>a</strong></span> <span class='ocrx_word' id='word_1_146' title='bbox 3097 734 3424 789; x_wconf 80' lang='lat' dir='ltr'><strong>simulacro-</strong></span> 
     </span>
    </p>
   </div>
   <div class='ocr_carea' id='block_1_22' title="bbox 1851 826 3425 906">
    <p class='ocr_par' dir='ltr' id='par_1_22' title="bbox 1851 826 3425 906">
     <span class='ocr_line' id='line_1_22' title="bbox 1851 826 3425 906; baseline -0.006 -15"><span class='ocrx_word' id='word_1_147' title='bbox 1851 853 1970 891; x_wconf 87' lang='lat' dir='ltr'><strong>rum</strong></span> <span class='ocrx_word' id='word_1_148' title='bbox 2004 836 2176 899; x_wconf 90' lang='lat' dir='ltr'><strong>cultu,</strong></span> <span class='ocrx_word' id='word_1_149' title='bbox 2207 849 2316 904; x_wconf 92' lang='lat' dir='ltr'><strong>quo</strong></span> <span class='ocrx_word' id='word_1_150' title='bbox 2339 833 2521 906; x_wconf 74' lang='lat' dir='ltr'><strong>plures</strong></span> <span class='ocrx_word' id='word_1_151' title='bbox 2559 833 2675 886; x_wconf 85' lang='lat' dir='ltr'><strong>sive</strong></span> <span class='ocrx_word' id='word_1_152' title='bbox 2715 830 2792 884; x_wconf 92' lang='lat' dir='ltr'><strong>dii</strong></span> <span class='ocrx_word' id='word_1_153' title='bbox 2841 830 2956 886; x_wconf 92' lang='lat' dir='ltr'><strong>sive</strong></span> <span class='ocrx_word' id='word_1_154' title='bbox 2988 827 3262 882; x_wconf 59' lang='lat' dir='ltr'><strong>(laniones</strong></span> <span class='ocrx_word' id='word_1_155' title='bbox 3283 826 3425 881; x_wconf 83' lang='lat' dir='ltr'><strong>cole-</strong></span> 
     </span>
    </p>
   </div>
   <div class='ocr_carea' id='block_1_23' title="bbox 1850 919 3426 991">
    <p class='ocr_par' dir='ltr' id='par_1_23' title="bbox 1850 919 3426 991">
     <span class='ocr_line' id='line_1_23' title="bbox 1850 919 3426 991; baseline -0.003 -11"><span class='ocrx_word' id='word_1_156' title='bbox 1850 926 2067 989; x_wconf 88' lang='lat' dir='ltr'><strong>bantur,</strong></span> <span class='ocrx_word' id='word_1_157' title='bbox 2110 924 2472 986; x_wconf 86' lang='lat' dir='ltr'><strong>aversionem,</strong></span> <span class='ocrx_word' id='word_1_158' title='bbox 2498 923 2661 978; x_wconf 91' lang='lat' dir='ltr'><strong>unius</strong></span> <span class='ocrx_word' id='word_1_159' title='bbox 2697 922 2938 990; x_wconf 88' lang='lat' dir='ltr'><strong>supremi</strong></span> <span class='ocrx_word' id='word_1_160' title='bbox 2971 920 3184 991; x_wconf 82' lang='lat' dir='ltr'><strong>Opiﬁcis</strong></span> <span class='ocrx_word' id='word_1_161' title='bbox 3213 919 3306 974; x_wconf 87' lang='lat' dir='ltr'><strong>Dei</strong></span> <span class='ocrx_word' id='word_1_162' title='bbox 3335 935 3426 975; x_wconf 85' lang='lat' dir='ltr'><strong>co-</strong></span> 
     </span>
    </p>
   </div>
   <div class='ocr_carea' id='block_1_24' title="bbox 1849 1009 3422 1086">
    <p class='ocr_par' dir='ltr' id='par_1_24' title="bbox 1849 1009 3422 1086">
     <span class='ocr_line' id='line_1_24' title="bbox 1849 1009 3422 1086; baseline -0.004 -17"><span class='ocrx_word' id='word_1_163' title='bbox 1849 1015 2142 1086; x_wconf 85' lang='lat' dir='ltr'><strong>gnitionem</strong></span> <span class='ocrx_word' id='word_1_164' title='bbox 2189 1029 2252 1068; x_wconf 91' lang='lat' dir='ltr'><strong>ac</strong></span> <span class='ocrx_word' id='word_1_165' title='bbox 2299 1011 2726 1067; x_wconf 74' lang='lat' dir='ltr'><strong>venerationem.</strong></span> <span class='ocrx_word' id='word_1_166' title='bbox 2774 1009 2898 1065; x_wconf 69' lang='lat' dir='ltr'><strong>llaac</strong></span> <span class='ocrx_word' id='word_1_167' title='bbox 2950 1011 3116 1079; x_wconf 80' lang='lat' dir='ltr'><strong>igitur</strong></span> <span class='ocrx_word' id='word_1_168' title='bbox 3161 1010 3422 1064; x_wconf 85' lang='lat' dir='ltr'><strong>universa</strong></span> 
     </span>
    </p>
   </div>
   <div class='ocr_carea' id='block_1_25' title="bbox 1849 1102 3420 1177">
    <p class='ocr_par' dir='ltr' id='par_1_25' title="bbox 1849 1102 3420 1177">
     <span class='ocr_line' id='line_1_25' title="bbox 1849 1102 3420 1177; baseline -0.004 -17"><span class='ocrx_word' id='word_1_169' title='bbox 1849 1121 2078 1177; x_wconf 88' lang='lat' dir='ltr'><strong>quorum</strong></span> <span class='ocrx_word' id='word_1_170' title='bbox 2127 1105 2262 1160; x_wconf 84' lang='lat' dir='ltr'><strong>nihil</strong></span> <span class='ocrx_word' id='word_1_171' title='bbox 2315 1103 2589 1175; x_wconf 90' lang='lat' dir='ltr'><strong>quondam</strong></span> <span class='ocrx_word' id='word_1_172' title='bbox 2633 1103 2971 1172; x_wconf 88' lang='lat' dir='ltr'><strong>temporibus</strong></span> <span class='ocrx_word' id='word_1_173' title='bbox 3033 1102 3420 1172; x_wconf 84' lang='lat' dir='ltr'><strong>prophetarum</strong></span> 
     </span>
    </p>
   </div>
   <div class='ocr_carea' id='block_1_26' title="bbox 1848 1192 3419 1266">
    <p class='ocr_par' dir='ltr' id='par_1_26' title="bbox 1848 1192 3419 1266">
     <span class='ocr_line' id='line_1_26' title="bbox 1848 1192 3419 1266; baseline -0.004 -14"><span class='ocrx_word' id='word_1_174' title='bbox 1848 1206 2000 1262; x_wconf 88' lang='lat' dir='ltr'><strong>erat,</strong></span> <span class='ocrx_word' id='word_1_175' title='bbox 2036 1199 2140 1252; x_wconf 88' lang='lat' dir='ltr'><strong>sub</strong></span> <span class='ocrx_word' id='word_1_176' title='bbox 2189 1197 2362 1266; x_wconf 89' lang='lat' dir='ltr'><strong>ipsius</strong></span> <span class='ocrx_word' id='word_1_177' title='bbox 2396 1193 2600 1249; x_wconf 89' lang='lat' dir='ltr'><strong>Christi</strong></span> <span class='ocrx_word' id='word_1_178' title='bbox 2658 1195 2952 1248; x_wconf 79' lang='lat' dir='ltr'><strong>adventum</strong></span> <span class='ocrx_word' id='word_1_179' title='bbox 3011 1195 3191 1247; x_wconf 80' lang='lat' dir='ltr'><strong>futura</strong></span> <span class='ocrx_word' id='word_1_180' title='bbox 3237 1192 3419 1247; x_wconf 82' lang='lat' dir='ltr'><strong>divina</strong></span> 
     </span>
    </p>
   </div>
   <div class='ocr_carea' id='block_1_27' title="bbox 1849 1283 3420 1359">
    <p class='ocr_par' dir='ltr' id='par_1_27' title="bbox 1849 1283 3420 1359">
     <span class='ocr_line' id='line_1_27' title="bbox 1849 1283 3420 1359; baseline -0.005 -14"><span class='ocrx_word' id='word_1_181' title='bbox 1849 1291 2065 1345; x_wconf 91' lang='lat' dir='ltr'><strong>oracula</strong></span> <span class='ocrx_word' id='word_1_182' title='bbox 2101 1288 2492 1359; x_wconf 67' lang='lat' dir='ltr'><strong>praadicabant,</strong></span> <span class='ocrx_word' id='word_1_183' title='bbox 2531 1301 2653 1357; x_wconf 68' lang='lat' dir='ltr'><strong>qum</strong></span> <span class='ocrx_word' id='word_1_184' title='bbox 2685 1286 2846 1340; x_wconf 92' lang='lat' dir='ltr'><strong>etiam</strong></span> <span class='ocrx_word' id='word_1_185' title='bbox 2877 1300 2999 1339; x_wconf 90' lang='lat' dir='ltr'><strong>cum</strong></span> <span class='ocrx_word' id='word_1_186' title='bbox 3027 1284 3161 1354; x_wconf 85' lang='lat' dir='ltr'><strong>ipsis</strong></span> <span class='ocrx_word' id='word_1_187' title='bbox 3180 1283 3420 1337; x_wconf 84' lang='lat' dir='ltr'><strong>oraculis</strong></span> 
     </span>
    </p>
   </div>
   <div class='ocr_carea' id='block_1_28' title="bbox 1848 1375 3420 1447">
    <p class='ocr_par' dir='ltr' id='par_1_28' title="bbox 1848 1375 3420 1447">
     <span class='ocr_line' id='line_1_28' title="bbox 1848 1375 3420 1447; baseline -0.005 -11"><span class='ocrx_word' id='word_1_188' title='bbox 1848 1379 2239 1436; x_wconf 88' lang='lat' dir='ltr'><strong>concordantia</strong></span> <span class='ocrx_word' id='word_1_189' title='bbox 2269 1395 2428 1436; x_wconf 92' lang='lat' dir='ltr'><strong>suum</strong></span> <span class='ocrx_word' id='word_1_190' title='bbox 2457 1379 2617 1434; x_wconf 82' lang='lat' dir='ltr'><strong>linem</strong></span> <span class='ocrx_word' id='word_1_191' title='bbox 2646 1377 2914 1447; x_wconf 83' lang='lat' dir='ltr'><strong>attigisse,</strong></span> <span class='ocrx_word' id='word_1_192' title='bbox 2949 1376 3092 1428; x_wconf 73' lang='lat' dir='ltr'><strong>haud</strong></span> <span class='ocrx_word' id='word_1_193' title='bbox 3141 1376 3212 1428; x_wconf 92' lang='lat' dir='ltr'><strong>ita</strong></span> <span class='ocrx_word' id='word_1_194' title='bbox 3245 1375 3420 1428; x_wconf 89' lang='lat' dir='ltr'><strong>multo</strong></span> 
     </span>
    </p>
   </div>
   <div class='ocr_carea' id='block_1_29' title="bbox 1847 1464 3416 1541">
    <p class='ocr_par' dir='ltr' id='par_1_29' title="bbox 1847 1464 3416 1541">
     <span class='ocr_line' id='line_1_29' title="bbox 1847 1464 3416 1541; baseline -0.004 -17"><span class='ocrx_word' id='word_1_195' title='bbox 1847 1479 1969 1541; x_wconf 92' lang='lat' dir='ltr'><strong>post</strong></span> <span class='ocrx_word' id='word_1_196' title='bbox 2000 1471 2540 1525; x_wconf 89' lang='lat' dir='ltr'><strong>demonstrabuntur.</strong></span> <span class='ocrx_word' id='word_1_197' title='bbox 2568 1467 2834 1523; x_wconf 61' lang='lat' dir='ltr'><strong>Caeterum</strong></span> <span class='ocrx_word' id='word_1_198' title='bbox 2858 1482 2957 1518; x_wconf 89' lang='lat' dir='ltr'><strong>cur</strong></span> <span class='ocrx_word' id='word_1_199' title='bbox 2989 1481 3095 1519; x_wconf 91' lang='lat' dir='ltr'><strong>non</strong></span> <span class='ocrx_word' id='word_1_200' title='bbox 3121 1465 3294 1534; x_wconf 88' lang='lat' dir='ltr'><strong>prius,</strong></span> <span class='ocrx_word' id='word_1_201' title='bbox 3322 1464 3416 1519; x_wconf 84' lang='lat' dir='ltr'><strong>sed</strong></span> 
     </span>
    </p>
   </div>
   <div class='ocr_carea' id='block_1_30' title="bbox 1846 1557 3421 1628">
    <p class='ocr_par' dir='ltr' id='par_1_30' title="bbox 1846 1557 3421 1628">
     <span class='ocr_line' id='line_1_30' title="bbox 1846 1557 3421 1628; baseline -0.006 -10"><span class='ocrx_word' id='word_1_202' title='bbox 1846 1578 1994 1618; x_wconf 91' lang='lat' dir='ltr'><strong>nunc</strong></span> <span class='ocrx_word' id='word_1_203' title='bbox 2025 1563 2290 1618; x_wconf 78' lang='lat' dir='ltr'><strong>duntaxat</strong></span> <span class='ocrx_word' id='word_1_204' title='bbox 2319 1562 2472 1618; x_wconf 89' lang='lat' dir='ltr'><strong>hisce</strong></span> <span class='ocrx_word' id='word_1_205' title='bbox 2495 1560 2757 1616; x_wconf 84' lang='lat' dir='ltr'><strong>extremis</strong></span> <span class='ocrx_word' id='word_1_206' title='bbox 2789 1559 3123 1628; x_wconf 82' lang='lat' dir='ltr'><strong>temporibus</strong></span> <span class='ocrx_word' id='word_1_207' title='bbox 3153 1563 3276 1628; x_wconf 92' lang='lat' dir='ltr'><strong>post</strong></span> <span class='ocrx_word' id='word_1_208' title='bbox 3310 1557 3421 1610; x_wconf 88' lang='lat' dir='ltr'><strong>lon-</strong></span> 
     </span>
    </p>
   </div>
   <div class='ocr_carea' id='block_1_31' title="bbox 1847 1649 3416 1726">
    <p class='ocr_par' dir='ltr' id='par_1_31' title="bbox 1847 1649 3416 1726">
     <span class='ocr_line' id='line_1_31' title="bbox 1847 1649 3416 1726; baseline -0.004 -18"><span class='ocrx_word' id='word_1_209' title='bbox 1847 1671 1970 1726; x_wconf 84' lang='lat' dir='ltr'><strong>gum</strong></span> <span class='ocrx_word' id='word_1_210' title='bbox 1998 1655 2334 1724; x_wconf 88' lang='lat' dir='ltr'><strong>multumque</strong></span> <span class='ocrx_word' id='word_1_211' title='bbox 2367 1667 2540 1708; x_wconf 64' lang='lat' dir='ltr'><strong>aevum</strong></span> <span class='ocrx_word' id='word_1_212' title='bbox 2571 1651 2825 1706; x_wconf 84' lang='lat' dir='ltr'><strong>Christus</strong></span> <span class='ocrx_word' id='word_1_213' title='bbox 2847 1649 3138 1704; x_wconf 84' lang='lat' dir='ltr'><strong>videndum</strong></span> <span class='ocrx_word' id='word_1_214' title='bbox 3175 1650 3416 1718; x_wconf 89' lang='lat' dir='ltr'><strong>seipsum</strong></span> 
     </span>
    </p>
   </div>
   <div class='ocr_carea' id='block_1_32' title="bbox 1847 1742 3419 1816">
    <p class='ocr_par' dir='ltr' id='par_1_32' title="bbox 1847 1742 3419 1816">
     <span class='ocr_line' id='line_1_32' title="bbox 1847 1742 3419 1816; baseline -0.003 -16"><span class='ocrx_word' id='word_1_215' title='bbox 1847 1748 1903 1800; x_wconf 91' lang='lat' dir='ltr'><strong>in</strong></span> <span class='ocrx_word' id='word_1_216' title='bbox 1934 1748 2039 1801; x_wconf 87' lang='lat' dir='ltr'><strong>vita</strong></span> <span class='ocrx_word' id='word_1_217' title='bbox 2091 1747 2415 1816; x_wconf 67' lang='lat' dir='ltr'><strong>praebuerit,</strong></span> <span class='ocrx_word' id='word_1_218' title='bbox 2479 1759 2659 1800; x_wconf 77' lang='lat' dir='ltr'><strong>causae</strong></span> <span class='ocrx_word' id='word_1_219' title='bbox 2708 1742 2927 1814; x_wconf 89' lang='lat' dir='ltr'><strong>quidem</strong></span> <span class='ocrx_word' id='word_1_220' title='bbox 2984 1750 3142 1796; x_wconf 87' lang='lat' dir='ltr'><strong>antea</strong></span> <span class='ocrx_word' id='word_1_221' title='bbox 3199 1756 3419 1811; x_wconf 84' lang='lat' dir='ltr'><strong>quoque</strong></span> 
     </span>
    </p>
   </div>
   <div class='ocr_carea' id='block_1_33' title="bbox 184 1829 1733 1925">
    <p class='ocr_par' dir='ltr' id='par_1_33' title="bbox 184 1829 1733 1925">
     <span class='ocr_line' id='line_1_33' title="bbox 184 1829 1733 1925; baseline 0.003 -23"><span class='ocrx_word' id='word_1_222' title='bbox 184 1851 475 1904; x_wconf 80' lang='grc' dir='ltr'>ἀτιθάσσων</span> <span class='ocrx_word' id='word_1_223' title='bbox 517 1829 722 1923; x_wconf 84' lang='grc' dir='ltr'>θηρίων</span> <span class='ocrx_word' id='word_1_224' title='bbox 756 1829 1031 1925; x_wconf 65' lang='grc' dir='ltr'>διαφέρειν</span> <span class='ocrx_word' id='word_1_225' title='bbox 1049 1829 1232 1907; x_wconf 22' lang='grc' dir='ltr'>*δοκεῖν</span> <span class='ocrx_word' id='word_1_226' title='bbox 1254 1869 1270 1885; x_wconf 79' lang='lat'>&#39;</span> <span class='ocrx_word' id='word_1_227' title='bbox 1312 1829 1617 1924; x_wconf 23' lang='lat' dir='ltr'><strong>pﬁ‘USV-YO‘BV</strong></span> <span class='ocrx_word' id='word_1_228' title='bbox 1648 1854 1733 1907; x_wconf 86' lang='grc' dir='ltr'>πό-</span> 
     </span>
    </p>
   </div>
   <div class='ocr_carea' id='block_1_34' title="bbox 1835 1829 3419 1925">
    <p class='ocr_par' dir='ltr' id='par_1_34' title="bbox 1844 1833 3419 1903">
     <span class='ocr_line' id='line_1_34' title="bbox 1844 1833 3419 1903; baseline -0.003 -12"><span class='ocrx_word' id='word_1_229' title='bbox 1844 1837 2002 1891; x_wconf 73' lang='lat' dir='ltr'><strong>dicta:</strong></span> <span class='ocrx_word' id='word_1_230' title='bbox 2039 1844 2186 1901; x_wconf 91' lang='lat' dir='ltr'><strong>sunt,</strong></span> <span class='ocrx_word' id='word_1_231' title='bbox 2216 1844 2592 1891; x_wconf 86' lang='lat' dir='ltr'><strong>verumtamen</strong></span> <span class='ocrx_word' id='word_1_232' title='bbox 2636 1835 2798 1888; x_wconf 89' lang='lat' dir='ltr'><strong>etiam</strong></span> <span class='ocrx_word' id='word_1_233' title='bbox 2832 1848 2979 1887; x_wconf 88' lang='lat' dir='ltr'><strong>nunc</strong></span> <span class='ocrx_word' id='word_1_234' title='bbox 3017 1833 3208 1903; x_wconf 87' lang='lat' dir='ltr'><strong>paucis</strong></span> <span class='ocrx_word' id='word_1_235' title='bbox 3255 1838 3419 1902; x_wconf 89' lang='lat' dir='ltr'><strong>atque</strong></span> 
     </span>
    </p>
   </div>
   <div class='ocr_carea' id='block_1_35' title="bbox 181 1942 1742 2017">
    <p class='ocr_par' dir='ltr' id='par_1_35' title="bbox 181 1942 1742 2017">
     <span class='ocr_line' id='line_1_35' title="bbox 181 1942 1742 2017; baseline 0.003 -24"><span class='ocrx_word' id='word_1_236' title='bbox 181 1942 308 2004; x_wconf 89' lang='grc' dir='ltr'>λεις,</span> <span class='ocrx_word' id='word_1_237' title='bbox 323 1944 454 2012; x_wconf 80' lang='grc' dir='ltr'>μήτε</span> <span class='ocrx_word' id='word_1_238' title='bbox 477 1943 772 2008; x_wconf 77' lang='grc' dir='ltr'><strong>πολιτείας,</strong></span> <span class='ocrx_word' id='word_1_239' title='bbox 794 1944 927 2015; x_wconf 83' lang='grc' dir='ltr'>μήτε</span> <span class='ocrx_word' id='word_1_240' title='bbox 950 1944 1166 2015; x_wconf 89' lang='grc' dir='ltr'>νόμους,</span> <span class='ocrx_word' id='word_1_241' title='bbox 1192 1946 1330 2017; x_wconf 87' lang='grc' dir='ltr'>μήτε</span> <span class='ocrx_word' id='word_1_242' title='bbox 1354 1963 1406 1997; x_wconf 87' lang='grc' dir='ltr'><strong>τι</strong></span> <span class='ocrx_word' id='word_1_243' title='bbox 1434 1945 1628 2017; x_wconf 88' lang='grc' dir='ltr'>σεμνὸν</span> <span class='ocrx_word' id='word_1_244' title='bbox 1650 1947 1742 1998; x_wconf 73' lang='grc' dir='ltr'>καὶ</span> 
     </span>
    </p>
   </div>
   <div class='ocr_carea' id='block_1_36' title="bbox 183 2033 1742 2111">
    <p class='ocr_par' dir='ltr' id='par_1_36' title="bbox 183 2033 1742 2111">
     <span class='ocr_line' id='line_1_36' title="bbox 183 2033 1742 2111; baseline 0.007 -27"><span class='ocrx_word' id='word_1_245' title='bbox 183 2033 432 2103; x_wconf 80' lang='grc' dir='ltr'>βιωφελὲς</span> <span class='ocrx_word' id='word_1_246' title='bbox 461 2035 683 2100; x_wconf 78' lang='grc' dir='ltr'>εἰδότες,</span> <span class='ocrx_word' id='word_1_247' title='bbox 711 2035 845 2107; x_wconf 80' lang='grc' dir='ltr'><strong>μηδέ</strong></span> <span class='ocrx_word' id='word_1_248' title='bbox 870 2036 975 2108; x_wconf 81' lang='grc' dir='ltr'>μὴν</span> <span class='ocrx_word' id='word_1_249' title='bbox 1005 2039 1308 2110; x_wconf 79' lang='grc' dir='ltr'>ἐπιστήμας</span> <span class='ocrx_word' id='word_1_250' title='bbox 1344 2040 1436 2094; x_wconf 79' lang='grc' dir='ltr'>καὶ</span> <span class='ocrx_word' id='word_1_251' title='bbox 1465 2039 1656 2111; x_wconf 78' lang='grc' dir='ltr'>τέχνας</span> <span class='ocrx_word' id='word_1_252' title='bbox 1684 2043 1742 2095; x_wconf 83' lang='grc' dir='ltr'><strong>ἐν</strong></span> 
     </span>
    </p>
   </div>
   <div class='ocr_carea' id='block_1_37' title="bbox 179 2124 1738 2201">
    <p class='ocr_par' dir='ltr' id='par_1_37' title="bbox 179 2124 1738 2201">
     <span class='ocr_line' id='line_1_37' title="bbox 179 2124 1738 2201; baseline 0.007 -25"><span class='ocrx_word' id='word_1_253' title='bbox 179 2124 254 2195; x_wconf 79' lang='grc' dir='ltr'>νῷ</span> <span class='ocrx_word' id='word_1_254' title='bbox 287 2124 572 2196; x_wconf 81' lang='grc' dir='ltr'>τιθέμενοι,</span> <span class='ocrx_word' id='word_1_255' title='bbox 601 2127 804 2198; x_wconf 77' lang='grc' dir='ltr'>ἀρετῆς</span> <span class='ocrx_word' id='word_1_256' title='bbox 835 2147 894 2182; x_wconf 91' lang='grc' dir='ltr'><strong>τε</strong></span> <span class='ocrx_word' id='word_1_257' title='bbox 935 2129 1032 2183; x_wconf 79' lang='grc' dir='ltr'>καὶ</span> <span class='ocrx_word' id='word_1_258' title='bbox 1064 2130 1379 2201; x_wconf 76' lang='grc' dir='ltr'>φιλοσοφίας</span> <span class='ocrx_word' id='word_1_259' title='bbox 1412 2133 1521 2186; x_wconf 78' lang='grc' dir='ltr'>οὐδ’</span> <span class='ocrx_word' id='word_1_260' title='bbox 1550 2135 1629 2197; x_wconf 85' lang='grc' dir='ltr'><strong>εἰς</strong></span> <span class='ocrx_word' id='word_1_261' title='bbox 1658 2135 1738 2188; x_wconf 67' lang='grc' dir='ltr'><strong>ἕνα</strong></span> 
     </span>
    </p>
   </div>
   <div class='ocr_carea' id='block_1_38' title="bbox 177 2218 1740 2295">
    <p class='ocr_par' dir='ltr' id='par_1_38' title="bbox 177 2218 1740 2295">
     <span class='ocr_line' id='line_1_38' title="bbox 177 2218 1740 2295; baseline 0.006 -27"><span class='ocrx_word' id='word_1_262' title='bbox 177 2234 319 2269; x_wconf 82' lang='grc' dir='ltr'>νοιαν</span> <span class='ocrx_word' id='word_1_263' title='bbox 363 2218 552 2282; x_wconf 88' lang='grc' dir='ltr'>ἰόντες,</span> <span class='ocrx_word' id='word_1_264' title='bbox 592 2218 782 2289; x_wconf 86' lang='grc' dir='ltr'>μόναις</span> <span class='ocrx_word' id='word_1_265' title='bbox 823 2220 912 2271; x_wconf 78' lang='grc' dir='ltr'>ἐπ’</span> <span class='ocrx_word' id='word_1_266' title='bbox 951 2221 1229 2292; x_wconf 85' lang='grc' dir='ltr'>ἐρημίαις,</span> <span class='ocrx_word' id='word_1_267' title='bbox 1262 2222 1318 2275; x_wconf 73' lang='grc' dir='ltr'><strong>ἐν</strong></span> <span class='ocrx_word' id='word_1_268' title='bbox 1365 2240 1423 2275; x_wconf 86' lang='grc' dir='ltr'><strong>τε</strong></span> <span class='ocrx_word' id='word_1_269' title='bbox 1468 2223 1616 2295; x_wconf 68' lang='grc' dir='ltr'>ὄρεσι</span> <span class='ocrx_word' id='word_1_270' title='bbox 1646 2226 1740 2278; x_wconf 71' lang='grc' dir='ltr'><strong>καὶ</strong></span> 
     </span>
    </p>
   </div>
   <div class='ocr_carea' id='block_1_39' title="bbox 180 2308 1738 2388">
    <p class='ocr_par' dir='ltr' id='par_1_39' title="bbox 180 2308 1738 2388">
     <span class='ocr_line' id='line_1_39' title="bbox 180 2308 1738 2388; baseline 0.006 -28"><span class='ocrx_word' id='word_1_271' title='bbox 180 2308 451 2379; x_wconf 81' lang='grc' dir='ltr'>σπηλαίοις</span> <span class='ocrx_word' id='word_1_272' title='bbox 504 2309 598 2363; x_wconf 75' lang='grc' dir='ltr'><strong>καὶ</strong></span> <span class='ocrx_word' id='word_1_273' title='bbox 637 2309 848 2380; x_wconf 79' lang='grc' dir='ltr'>κώμαις</span> <span class='ocrx_word' id='word_1_274' title='bbox 886 2311 982 2375; x_wconf 79' lang='grc' dir='ltr'>τὰς</span> <span class='ocrx_word' id='word_1_275' title='bbox 1027 2312 1302 2383; x_wconf 77' lang='grc' dir='ltr'>διατριϐὰς</span> <span class='ocrx_word' id='word_1_276' title='bbox 1328 2315 1618 2383; x_wconf 85' lang='grc' dir='ltr'>ἐποιοῦντο,</span> <span class='ocrx_word' id='word_1_277' title='bbox 1643 2315 1738 2388; x_wconf 79' lang='grc' dir='ltr'><strong>λῃ-</strong></span> 
     </span>
    </p>
   </div>
   <div class='ocr_carea' id='block_1_40' title="bbox 178 2398 1739 2476">
    <p class='ocr_par' dir='ltr' id='par_1_40' title="bbox 178 2398 1739 2476">
     <span class='ocr_line' id='line_1_40' title="bbox 178 2398 1739 2476; baseline 0.003 -25"><span class='ocrx_word' id='word_1_278' title='bbox 178 2398 529 2471; x_wconf 75' lang='grc' dir='ltr'>στρικώτερον</span> <span class='ocrx_word' id='word_1_279' title='bbox 563 2400 926 2472; x_wconf 77' lang='grc' dir='ltr'>ἐπιτιθέμενοι</span> <span class='ocrx_word' id='word_1_280' title='bbox 955 2404 1065 2466; x_wconf 86' lang='grc' dir='ltr'>τοῖς</span> <span class='ocrx_word' id='word_1_281' title='bbox 1091 2402 1465 2473; x_wconf 75' lang='grc' dir='ltr'>πλησιάζουσι,</span> <span class='ocrx_word' id='word_1_282' title='bbox 1495 2404 1739 2476; x_wconf 80' lang='grc' dir='ltr'>πορίζον-</span> 
     </span>
    </p>
   </div>
   <div class='ocr_carea' id='block_1_41' title="bbox 178 2488 1738 2566">
    <p class='ocr_par' dir='ltr' id='par_1_41' title="bbox 178 2488 1738 2566">
     <span class='ocr_line' id='line_1_41' title="bbox 178 2488 1738 2566; baseline 0.005 -26"><span class='ocrx_word' id='word_1_283' title='bbox 178 2506 263 2551; x_wconf 84' lang='grc' dir='ltr'><strong>τες</strong></span> <span class='ocrx_word' id='word_1_284' title='bbox 303 2488 367 2541; x_wconf 70' lang='grc' dir='ltr'>τὰ</span> <span class='ocrx_word' id='word_1_285' title='bbox 403 2491 544 2560; x_wconf 82' lang='grc' dir='ltr'>πρὸς</span> <span class='ocrx_word' id='word_1_286' title='bbox 583 2491 642 2543; x_wconf 80' lang='grc' dir='ltr'>τὸ</span> <span class='ocrx_word' id='word_1_287' title='bbox 689 2489 789 2562; x_wconf 76' lang='grc' dir='ltr'>ζῇν</span> <span class='ocrx_word' id='word_1_288' title='bbox 831 2493 927 2546; x_wconf 80' lang='grc' dir='ltr'>οὐκ</span> <span class='ocrx_word' id='word_1_289' title='bbox 967 2493 1188 2547; x_wconf 78' lang='grc' dir='ltr'>ἄλλοθεν</span> <span class='ocrx_word' id='word_1_290' title='bbox 1214 2493 1382 2566; x_wconf 77' lang='grc' dir='ltr'>ἀλλ’ἢ</span> <span class='ocrx_word' id='word_1_291' title='bbox 1414 2496 1602 2566; x_wconf 82' lang='grc' dir='ltr'>ἐκτῆς</span> <span class='ocrx_word' id='word_1_292' title='bbox 1630 2494 1738 2548; x_wconf 87' lang='grc' dir='ltr'><strong>τῶν</strong></span> 
     </span>
    </p>
   </div>
   <div class='ocr_carea' id='block_1_42' title="bbox 178 2580 1739 2658">
    <p class='ocr_par' dir='ltr' id='par_1_42' title="bbox 178 2580 1739 2658">
     <span class='ocr_line' id='line_1_42' title="bbox 178 2580 1739 2658; baseline 0.006 -27"><span class='ocrx_word' id='word_1_293' title='bbox 178 2580 611 2652; x_wconf 74' lang='grc' dir='ltr'>καταδεεστέρων</span> <span class='ocrx_word' id='word_1_294' title='bbox 649 2584 1123 2650; x_wconf 86' lang='grc' dir='ltr'>καταδυναστείας.</span> <span class='ocrx_word' id='word_1_295' title='bbox 1162 2586 1318 2640; x_wconf 87' lang='grc' dir='ltr'>Ἀλλά</span> <span class='ocrx_word' id='word_1_296' title='bbox 1357 2586 1461 2658; x_wconf 85' lang='grc' dir='ltr'>μὴν</span> <span class='ocrx_word' id='word_1_297' title='bbox 1477 2587 1595 2640; x_wconf 83' lang='grc' dir='ltr'>οὐδὲ</span> <span class='ocrx_word' id='word_1_298' title='bbox 1609 2586 1739 2642; x_wconf 81' lang='grc' dir='ltr'>Θεὸν</span> 
     </span>
    </p>
   </div>
   <div class='ocr_carea' id='block_1_43' title="bbox 176 2669 1740 2748">
    <p class='ocr_par' dir='ltr' id='par_1_43' title="bbox 176 2669 1740 2748">
     <span class='ocr_line' id='line_1_43' title="bbox 176 2669 1740 2748; baseline 0.006 -27"><span class='ocrx_word' id='word_1_299' title='bbox 176 2669 263 2722; x_wconf 81' lang='grc' dir='ltr'>τὸν</span> <span class='ocrx_word' id='word_1_300' title='bbox 309 2672 396 2724; x_wconf 74' lang='grc' dir='ltr'>ἐπὶ</span> <span class='ocrx_word' id='word_1_301' title='bbox 441 2672 660 2726; x_wconf 82' lang='grc' dir='ltr'>πάντων</span> <span class='ocrx_word' id='word_1_302' title='bbox 696 2675 912 2745; x_wconf 78' lang='grc' dir='ltr'>ᾔδεσαν,</span> <span class='ocrx_word' id='word_1_303' title='bbox 942 2676 1062 2729; x_wconf 84' lang='grc' dir='ltr'><strong>ούδέ</strong></span> <span class='ocrx_word' id='word_1_304' title='bbox 1100 2694 1164 2746; x_wconf 91' lang='grc' dir='ltr'><strong>γε</strong></span> <span class='ocrx_word' id='word_1_305' title='bbox 1202 2676 1481 2740; x_wconf 78' lang='grc' dir='ltr'>εὐσεϐείας</span> <span class='ocrx_word' id='word_1_306' title='bbox 1510 2676 1740 2748; x_wconf 77' lang='grc' dir='ltr'>ἀληθοῦς</span> 
     </span>
    </p>
   </div>
   <div class='ocr_carea' id='block_1_44' title="bbox 171 2762 1738 2840">
    <p class='ocr_par' dir='ltr' id='par_1_44' title="bbox 171 2762 1738 2840">
     <span class='ocr_line' id='line_1_44' title="bbox 171 2762 1738 2840; baseline 0.006 -27"><span class='ocrx_word' id='word_1_307' title='bbox 171 2762 382 2832; x_wconf 77' lang='grc' dir='ltr'>τρόπον,</span> <span class='ocrx_word' id='word_1_308' title='bbox 430 2769 689 2833; x_wconf 81' lang='grc' dir='ltr'>φυσικαῖς</span> <span class='ocrx_word' id='word_1_309' title='bbox 720 2766 775 2818; x_wconf 83' lang='grc' dir='ltr'><strong>δέ</strong></span> <span class='ocrx_word' id='word_1_310' title='bbox 812 2768 1041 2832; x_wconf 82' lang='grc' dir='ltr'>ἐννοίαις</span> <span class='ocrx_word' id='word_1_311' title='bbox 1087 2768 1515 2840; x_wconf 83' lang='grc' dir='ltr'>ἀνακινούμενοι,</span> <span class='ocrx_word' id='word_1_312' title='bbox 1549 2769 1608 2821; x_wconf 84' lang='grc' dir='ltr'>τὸ</span> <span class='ocrx_word' id='word_1_313' title='bbox 1639 2769 1738 2839; x_wconf 82' lang='grc' dir='ltr'>μὲν</span> 
     </span>
    </p>
   </div>
   <div class='ocr_carea' id='block_1_45' title="bbox 177 2855 1738 2931">
    <p class='ocr_par' dir='ltr' id='par_1_45' title="bbox 177 2855 1738 2931">
     <span class='ocr_line' id='line_1_45' title="bbox 177 2855 1738 2931; baseline 0.005 -25"><span class='ocrx_word' id='word_1_314' title='bbox 177 2855 429 2926; x_wconf 72' lang='grc' dir='ltr'>ὑπάρχειν</span> <span class='ocrx_word' id='word_1_315' title='bbox 473 2860 530 2910; x_wconf 87' lang='grc' dir='ltr'><strong>ἐν</strong></span> <span class='ocrx_word' id='word_1_316' title='bbox 572 2861 686 2921; x_wconf 86' lang='grc' dir='ltr'>τοῖς</span> <span class='ocrx_word' id='word_1_317' title='bbox 714 2856 831 2913; x_wconf 77' lang='grc' dir='ltr'>οὖσι</span> <span class='ocrx_word' id='word_1_318' title='bbox 880 2860 1026 2913; x_wconf 82' lang='grc' dir='ltr'>θείαν</span> <span class='ocrx_word' id='word_1_319' title='bbox 1054 2860 1175 2914; x_wconf 86' lang='grc' dir='ltr'>τινὰ</span> <span class='ocrx_word' id='word_1_320' title='bbox 1215 2861 1440 2931; x_wconf 88' lang='grc' dir='ltr'>δύναμιν</span> <span class='ocrx_word' id='word_1_321' title='bbox 1485 2861 1576 2914; x_wconf 74' lang='grc' dir='ltr'>καὶ</span> <span class='ocrx_word' id='word_1_322' title='bbox 1608 2861 1738 2914; x_wconf 76' lang='grc' dir='ltr'>Θεὸν</span> 
     </span>
    </p>
   </div>
   <div class='ocr_carea' id='block_1_46' title="bbox 172 2942 1737 3025">
    <p class='ocr_par' dir='ltr' id='par_1_46' title="bbox 172 2942 1737 3025">
     <span class='ocr_line' id='line_1_46' title="bbox 172 2942 1737 3025; baseline 0.005 -27"><span class='ocrx_word' id='word_1_323' title='bbox 172 2942 325 3013; x_wconf 80' lang='grc' dir='ltr'>εἶναι,</span> <span class='ocrx_word' id='word_1_324' title='bbox 353 2952 446 3003; x_wconf 70' lang='grc' dir='ltr'>καὶ</span> <span class='ocrx_word' id='word_1_325' title='bbox 470 2949 850 3022; x_wconf 73' lang='grc' dir='ltr'>ὀνομάζεσθαι,</span> <span class='ocrx_word' id='word_1_326' title='bbox 883 2952 1145 3023; x_wconf 77' lang='grc' dir='ltr'>σωτήριόν</span> <span class='ocrx_word' id='word_1_327' title='bbox 1172 2970 1231 3005; x_wconf 91' lang='grc' dir='ltr'><strong>τε</strong></span> <span class='ocrx_word' id='word_1_328' title='bbox 1265 2954 1358 3006; x_wconf 77' lang='grc' dir='ltr'>καὶ</span> <span class='ocrx_word' id='word_1_329' title='bbox 1386 2953 1737 3025; x_wconf 84' lang='grc' dir='ltr'>εύεργετικὴν</span> 
     </span>
    </p>
   </div>
   <div class='ocr_carea' id='block_1_47' title="bbox 171 3042 1737 3117">
    <p class='ocr_par' dir='ltr' id='par_1_47' title="bbox 171 3042 1737 3117">
     <span class='ocr_line' id='line_1_47' title="bbox 171 3042 1737 3117; baseline 0.004 -27"><span class='ocrx_word' id='word_1_330' title='bbox 171 3042 446 3110; x_wconf 70' lang='grc' dir='ltr'>τυγχάνειν</span> <span class='ocrx_word' id='word_1_331' title='bbox 504 3043 604 3114; x_wconf 83' lang='grc' dir='ltr'>τὴν</span> <span class='ocrx_word' id='word_1_332' title='bbox 673 3043 1042 3115; x_wconf 84' lang='grc' dir='ltr'>προσηγορίαν</span> <span class='ocrx_word' id='word_1_333' title='bbox 1103 3045 1359 3114; x_wconf 78' lang='grc' dir='ltr'>αὖτοφυεῖ</span> <span class='ocrx_word' id='word_1_334' title='bbox 1423 3045 1737 3117; x_wconf 75' lang='grc' dir='ltr'>διδασκαλία</span> 
     </span>
    </p>
   </div>
   <div class='ocr_carea' id='block_1_48' title="bbox 171 3134 1731 3209">
    <p class='ocr_par' dir='ltr' id='par_1_48' title="bbox 171 3134 1731 3209">
     <span class='ocr_line' id='line_1_48' title="bbox 171 3134 1731 3209; baseline 0.003 -24"><span class='ocrx_word' id='word_1_335' title='bbox 171 3134 602 3204; x_wconf 72' lang='grc' dir='ltr'>συνωμολόγουν·</span> <span class='ocrx_word' id='word_1_336' title='bbox 632 3135 694 3188; x_wconf 82' lang='grc' dir='ltr'>τὸ</span> <span class='ocrx_word' id='word_1_337' title='bbox 730 3136 786 3188; x_wconf 86' lang='grc' dir='ltr'>δὲ</span> <span class='ocrx_word' id='word_1_338' title='bbox 821 3135 894 3207; x_wconf 84' lang='grc' dir='ltr'>μὴ</span> <span class='ocrx_word' id='word_1_339' title='bbox 929 3135 1055 3188; x_wconf 82' lang='grc' dir='ltr'>ἄλλο</span> <span class='ocrx_word' id='word_1_340' title='bbox 1091 3153 1142 3188; x_wconf 91' lang='grc' dir='ltr'><strong>τι</strong></span> <span class='ocrx_word' id='word_1_341' title='bbox 1165 3136 1406 3208; x_wconf 73' lang='grc' dir='ltr'>νομίζειν</span> <span class='ocrx_word' id='word_1_342' title='bbox 1432 3138 1464 3209; x_wconf 84' lang='grc' dir='ltr'>ἢ</span> <span class='ocrx_word' id='word_1_343' title='bbox 1489 3138 1579 3191; x_wconf 80' lang='grc' dir='ltr'><strong>τὸν</strong></span> <span class='ocrx_word' id='word_1_344' title='bbox 1606 3137 1731 3190; x_wconf 83' lang='grc' dir='ltr'>ἐπέ-</span> 
     </span>
    </p>
   </div>
   <div class='ocr_carea' id='block_1_49' title="bbox 169 3223 1731 3298">
    <p class='ocr_par' dir='ltr' id='par_1_49' title="bbox 169 3223 1731 3298">
     <span class='ocr_line' id='line_1_49' title="bbox 169 3223 1731 3298; baseline 0.003 -22"><span class='ocrx_word' id='word_1_345' title='bbox 169 3243 316 3277; x_wconf 80' lang='grc' dir='ltr'>κεινα</span> <span class='ocrx_word' id='word_1_346' title='bbox 345 3226 563 3298; x_wconf 82' lang='grc' dir='ltr'>ἀπάσης</span> <span class='ocrx_word' id='word_1_347' title='bbox 596 3226 695 3296; x_wconf 76' lang='grc' dir='ltr'><strong>τῆς</strong></span> <span class='ocrx_word' id='word_1_348' title='bbox 723 3225 1004 3297; x_wconf 83' lang='grc' dir='ltr'>όρωμένης</span> <span class='ocrx_word' id='word_1_349' title='bbox 1035 3227 1242 3291; x_wconf 78' lang='grc' dir='ltr'>οὐσίας,</span> <span class='ocrx_word' id='word_1_350' title='bbox 1285 3228 1382 3281; x_wconf 81' lang='grc' dir='ltr'>οὐκ</span> <span class='ocrx_word' id='word_1_351' title='bbox 1419 3227 1496 3280; x_wconf 77' lang='grc' dir='ltr'><strong>ἔθ’</strong></span> <span class='ocrx_word' id='word_1_352' title='bbox 1529 3223 1629 3282; x_wconf 72' lang='grc' dir='ltr'>οἷοί</span> <span class='ocrx_word' id='word_1_353' title='bbox 1671 3245 1731 3280; x_wconf 91' lang='grc' dir='ltr'><strong>τε</strong></span> 
     </span>
    </p>
   </div>
   <div class='ocr_carea' id='block_1_50' title="bbox 166 3313 1728 3392">
    <p class='ocr_par' dir='ltr' id='par_1_50' title="bbox 166 3313 1728 3392">
     <span class='ocr_line' id='line_1_50' title="bbox 166 3313 1728 3392; baseline 0.004 -24"><span class='ocrx_word' id='word_1_354' title='bbox 166 3313 298 3386; x_wconf 77' lang='grc' dir='ltr'>ἦσαν</span> <span class='ocrx_word' id='word_1_355' title='bbox 329 3318 708 3388; x_wconf 80' lang='grc' dir='ltr'>ἀποδέχεσθαι.</span> <span class='ocrx_word' id='word_1_356' title='bbox 733 3319 929 3390; x_wconf 78' lang='grc' dir='ltr'>Διόπερ</span> <span class='ocrx_word' id='word_1_357' title='bbox 966 3339 982 3371; x_wconf 76' lang='grc' dir='ltr'><strong>ι</strong></span> <span class='ocrx_word' id='word_1_358' title='bbox 1012 3321 1060 3372; x_wconf 86' lang='grc' dir='ltr'>οἱ</span> <span class='ocrx_word' id='word_1_359' title='bbox 1097 3321 1194 3390; x_wconf 82' lang='grc' dir='ltr'>μὲν</span> <span class='ocrx_word' id='word_1_360' title='bbox 1225 3319 1406 3374; x_wconf 79' lang='grc' dir='ltr'>αὐτῶν</span> <span class='ocrx_word' id='word_1_361' title='bbox 1429 3319 1728 3392; x_wconf 83' lang='grc' dir='ltr'>ἐσεϐάσθη-</span> 
     </span>
    </p>
   </div>
   <div class='ocr_carea' id='block_1_51' title="bbox 171 3409 1728 3482">
    <p class='ocr_par' dir='ltr' id='par_1_51' title="bbox 171 3409 1728 3482">
     <span class='ocr_line' id='line_1_51' title="bbox 171 3409 1728 3482; baseline 0.003 -24"><span class='ocrx_word' id='word_1_362' title='bbox 171 3424 279 3466; x_wconf 81' lang='grc' dir='ltr'>σαν,</span> <span class='ocrx_word' id='word_1_363' title='bbox 311 3410 405 3462; x_wconf 79' lang='grc' dir='ltr'>καὶ</span> <span class='ocrx_word' id='word_1_364' title='bbox 450 3409 782 3480; x_wconf 78' lang='grc' dir='ltr'>ἐλάτρευσαν</span> <span class='ocrx_word' id='word_1_365' title='bbox 823 3412 888 3481; x_wconf 77' lang='grc' dir='ltr'>τῇ</span> <span class='ocrx_word' id='word_1_366' title='bbox 922 3413 1094 3463; x_wconf 86' lang='grc' dir='ltr'>κτίσει</span> <span class='ocrx_word' id='word_1_367' title='bbox 1135 3410 1287 3482; x_wconf 86' lang='grc' dir='ltr'><strong>παρά</strong></span> <span class='ocrx_word' id='word_1_368' title='bbox 1317 3410 1407 3463; x_wconf 84' lang='grc' dir='ltr'>τὸν</span> <span class='ocrx_word' id='word_1_369' title='bbox 1435 3409 1728 3464; x_wconf 78' lang='grc' dir='ltr'>κτίσαντα’</span> 
     </span>
    </p>
   </div>
   <div class='ocr_carea' id='block_1_52' title="bbox 169 3500 1732 3573">
    <p class='ocr_par' dir='ltr' id='par_1_52' title="bbox 169 3500 1732 3573">
     <span class='ocr_line' id='line_1_52' title="bbox 169 3500 1732 3573; baseline 0.002 -22"><span class='ocrx_word' id='word_1_370' title='bbox 169 3502 210 3552; x_wconf 87' lang='grc' dir='ltr'>οἱ</span> <span class='ocrx_word' id='word_1_371' title='bbox 241 3502 295 3554; x_wconf 72' lang='grc' dir='ltr'>δὲ</span> <span class='ocrx_word' id='word_1_372' title='bbox 333 3500 756 3572; x_wconf 80' lang='grc' dir='ltr'>ἐματαιώθησαν</span> <span class='ocrx_word' id='word_1_373' title='bbox 785 3503 842 3554; x_wconf 85' lang='grc' dir='ltr'><strong>ἐν</strong></span> <span class='ocrx_word' id='word_1_374' title='bbox 875 3503 987 3565; x_wconf 76' lang='grc' dir='ltr'>τοῖς</span> <span class='ocrx_word' id='word_1_375' title='bbox 1016 3501 1383 3573; x_wconf 85' lang='grc' dir='ltr'>διαλογισμοῖς</span> <span class='ocrx_word' id='word_1_376' title='bbox 1410 3502 1607 3566; x_wconf 79' lang='grc' dir='ltr'>αὐτῶν,</span> <span class='ocrx_word' id='word_1_377' title='bbox 1637 3503 1732 3554; x_wconf 72' lang='grc' dir='ltr'>καὶ</span> 
     </span>
    </p>
   </div>
   <div class='ocr_carea' id='block_1_53' title="bbox 169 3592 1729 3667">
    <p class='ocr_par' dir='ltr' id='par_1_53' title="bbox 169 3592 1729 3667">
     <span class='ocr_line' id='line_1_53' title="bbox 169 3592 1729 3667; baseline 0.001 -21"><span class='ocrx_word' id='word_1_378' title='bbox 169 3595 443 3664; x_wconf 83' lang='grc' dir='ltr'>ἐσκοτίσθη</span> <span class='ocrx_word' id='word_1_379' title='bbox 476 3597 509 3667; x_wconf 78' lang='grc' dir='ltr'><strong>ἡ</strong></span> <span class='ocrx_word' id='word_1_380' title='bbox 557 3592 812 3657; x_wconf 89' lang='grc' dir='ltr'>ἀσύνετος</span> <span class='ocrx_word' id='word_1_381' title='bbox 854 3593 1031 3647; x_wconf 79' lang='grc' dir='ltr'>αὐτῶν</span> <span class='ocrx_word' id='word_1_382' title='bbox 1064 3594 1282 3666; x_wconf 87' lang='grc' dir='ltr'>καρδία,</span> <span class='ocrx_word' id='word_1_383' title='bbox 1333 3594 1408 3657; x_wconf 82' lang='grc' dir='ltr'><strong>ὡς</strong></span> <span class='ocrx_word' id='word_1_384' title='bbox 1447 3593 1729 3659; x_wconf 76' lang='grc' dir='ltr'>ἐναλλάξαι</span> 
     </span>
    </p>
   </div>
   <div class='ocr_carea' id='block_1_54' title="bbox 165 3685 1731 3760">
    <p class='ocr_par' dir='ltr' id='par_1_54' title="bbox 165 3685 1731 3760">
     <span class='ocr_line' id='line_1_54' title="bbox 165 3685 1731 3760; baseline -0.002 -19"><span class='ocrx_word' id='word_1_385' title='bbox 165 3688 255 3760; x_wconf 81' lang='grc' dir='ltr'>τὴν</span> <span class='ocrx_word' id='word_1_386' title='bbox 280 3688 439 3752; x_wconf 78' lang='grc' dir='ltr'>δόξαν</span> <span class='ocrx_word' id='word_1_387' title='bbox 469 3687 564 3741; x_wconf 89' lang='grc' dir='ltr'><strong>τοῦ</strong></span> <span class='ocrx_word' id='word_1_388' title='bbox 598 3687 872 3758; x_wconf 76' lang='grc' dir='ltr'>ἀφθάρτου</span> <span class='ocrx_word' id='word_1_389' title='bbox 918 3685 1052 3740; x_wconf 86' lang='grc' dir='ltr'>Θεοῦ</span> <span class='ocrx_word' id='word_1_390' title='bbox 1084 3689 1141 3739; x_wconf 88' lang='grc' dir='ltr'><strong>ἐν</strong></span> <span class='ocrx_word' id='word_1_391' title='bbox 1173 3685 1476 3757; x_wconf 83' lang='grc' dir='ltr'>ὁμοιώματι</span> <span class='ocrx_word' id='word_1_392' title='bbox 1525 3685 1731 3750; x_wconf 85' lang='grc' dir='ltr'>εἰκόνος</span> 
     </span>
    </p>
   </div>
   <div class='ocr_carea' id='block_1_55' title="bbox 167 3776 1723 3850">
    <p class='ocr_par' dir='ltr' id='par_1_55' title="bbox 167 3776 1723 3850">
     <span class='ocr_line' id='line_1_55' title="bbox 167 3776 1723 3850; baseline -0.001 -20"><span class='ocrx_word' id='word_1_393' title='bbox 167 3778 397 3850; x_wconf 70' lang='grc' dir='ltr'>φθαρτοῦ</span> <span class='ocrx_word' id='word_1_394' title='bbox 451 3777 761 3848; x_wconf 88' lang='grc' dir='ltr'>ἀνθρώπου,</span> <span class='ocrx_word' id='word_1_395' title='bbox 801 3778 894 3832; x_wconf 74' lang='grc' dir='ltr'>καὶ</span> <span class='ocrx_word' id='word_1_396' title='bbox 936 3777 1196 3831; x_wconf 87' lang='grc' dir='ltr'>πετεινῶν</span> <span class='ocrx_word' id='word_1_397' title='bbox 1236 3777 1329 3830; x_wconf 73' lang='grc' dir='ltr'>καὶ</span> <span class='ocrx_word' id='word_1_398' title='bbox 1359 3776 1723 3848; x_wconf 85' lang='grc' dir='ltr'>τετραπόδων,</span> 
     </span>
    </p>
   </div>
   <div class='ocr_carea' id='block_1_56' title="bbox 168 3865 1728 3942">
    <p class='ocr_par' dir='ltr' id='par_1_56' title="bbox 168 3865 1728 3942">
     <span class='ocr_line' id='line_1_56' title="bbox 168 3865 1728 3942; baseline -0.001 -21"><span class='ocrx_word' id='word_1_399' title='bbox 168 3870 250 3921; x_wconf 74' lang='grc' dir='ltr'>καὶ</span> <span class='ocrx_word' id='word_1_400' title='bbox 281 3869 547 3941; x_wconf 79' lang='grc' dir='ltr'>ἑρπετῶν.</span> <span class='ocrx_word' id='word_1_401' title='bbox 580 3869 858 3942; x_wconf 75' lang='grc' dir='ltr'>ι’Νεκρῶν</span> <span class='ocrx_word' id='word_1_402' title='bbox 879 3870 934 3924; x_wconf 84' lang='grc' dir='ltr'>δὲ</span> <span class='ocrx_word' id='word_1_403' title='bbox 963 3865 1055 3923; x_wconf 82' lang='grc' dir='ltr'><strong>οῦν</strong></span> <span class='ocrx_word' id='word_1_404' title='bbox 1081 3869 1188 3923; x_wconf 78' lang='grc' dir='ltr'>οἵδε</span> <span class='ocrx_word' id='word_1_405' title='bbox 1227 3867 1431 3942; x_wconf 77' lang='grc' dir='ltr'>ἀνδρῶν</span> <span class='ocrx_word' id='word_1_406' title='bbox 1456 3867 1728 3922; x_wconf 87' lang='grc' dir='ltr'>δυναστῶν</span> 
     </span>
    </p>
   </div>
   <div class='ocr_carea' id='block_1_57' title="bbox 165 3957 1728 4032">
    <p class='ocr_par' dir='ltr' id='par_1_57' title="bbox 165 3957 1728 4032">
     <span class='ocr_line' id='line_1_57' title="bbox 165 3957 1728 4032; baseline 0 -23"><span class='ocrx_word' id='word_1_407' title='bbox 165 3975 335 4024; x_wconf 85' lang='grc' dir='ltr'>τινων,</span> <span class='ocrx_word' id='word_1_408' title='bbox 383 3960 418 4030; x_wconf 81' lang='grc' dir='ltr'>ἢ</span> <span class='ocrx_word' id='word_1_409' title='bbox 477 3960 567 4013; x_wconf 74' lang='grc' dir='ltr'>καὶ</span> <span class='ocrx_word' id='word_1_410' title='bbox 619 3961 896 4032; x_wconf 84' lang='grc' dir='ltr'>τυράννων</span> <span class='ocrx_word' id='word_1_411' title='bbox 940 3959 1109 4012; x_wconf 84' lang='grc' dir='ltr'>πάλαι</span> <span class='ocrx_word' id='word_1_412' title='bbox 1157 3957 1466 4028; x_wconf 81' lang='grc' dir='ltr'>γενομένων</span> <span class='ocrx_word' id='word_1_413' title='bbox 1515 3958 1728 4021; x_wconf 73' lang='grc' dir='ltr'>εἰκόνας</span> 
     </span>
    </p>
   </div>
   <div class='ocr_carea' id='block_1_58' title="bbox 166 4046 1729 4120">
    <p class='ocr_par' dir='ltr' id='par_1_58' title="bbox 166 4046 1729 4120">
     <span class='ocr_line' id='line_1_58' title="bbox 166 4046 1729 4120; baseline -0.001 -20"><span class='ocrx_word' id='word_1_414' title='bbox 166 4049 755 4120; x_wconf 85' lang='grc' dir='ltr'>ἁνειδωλοποιήσαντες,</span> <span class='ocrx_word' id='word_1_415' title='bbox 793 4050 887 4102; x_wconf 74' lang='grc' dir='ltr'><strong>καὶ</strong></span> <span class='ocrx_word' id='word_1_416' title='bbox 919 4048 1144 4113; x_wconf 84' lang='grc' dir='ltr'>ταύταις</span> <span class='ocrx_word' id='word_1_417' title='bbox 1167 4048 1228 4102; x_wconf 84' lang='grc' dir='ltr'>τὺ</span> <span class='ocrx_word' id='word_1_418' title='bbox 1258 4048 1400 4101; x_wconf 84' lang='grc' dir='ltr'>θεῖον</span> <span class='ocrx_word' id='word_1_419' title='bbox 1429 4046 1729 4119; x_wconf 73' lang='grc' dir='ltr'>περιάψαν-</span> 
     </span>
    </p>
   </div>
   <div class='ocr_carea' id='block_1_59' title="bbox 165 4137 1728 4205">
    <p class='ocr_par' dir='ltr' id='par_1_59' title="bbox 165 4137 1728 4205">
     <span class='ocr_line' id='line_1_59' title="bbox 165 4137 1728 4205; baseline -0.001 -14"><span class='ocrx_word' id='word_1_420' title='bbox 165 4157 243 4204; x_wconf 86' lang='grc' dir='ltr'><strong>τες</strong></span> <span class='ocrx_word' id='word_1_421' title='bbox 272 4141 462 4203; x_wconf 73' lang='grc' dir='ltr'>σέϐας,</span> <span class='ocrx_word' id='word_1_422' title='bbox 495 4142 593 4205; x_wconf 84' lang='grc' dir='ltr'><strong>τάς</strong></span> <span class='ocrx_word' id='word_1_423' title='bbox 623 4159 682 4194; x_wconf 90' lang='grc' dir='ltr'>τε</span> <span class='ocrx_word' id='word_1_424' title='bbox 723 4141 983 4205; x_wconf 69' lang='grc' dir='ltr'>ἐκτύπους</span> <span class='ocrx_word' id='word_1_425' title='bbox 1010 4141 1104 4194; x_wconf 75' lang='grc' dir='ltr'><strong>καὶ</strong></span> <span class='ocrx_word' id='word_1_426' title='bbox 1136 4139 1466 4202; x_wconf 80' lang='grc' dir='ltr'>ἀκολάστους</span> <span class='ocrx_word' id='word_1_427' title='bbox 1493 4137 1600 4190; x_wconf 87' lang='grc' dir='ltr'><strong>τῶν</strong></span> <span class='ocrx_word' id='word_1_428' title='bbox 1633 4138 1728 4190; x_wconf 88' lang='grc' dir='ltr'>αύ-</span> 
     </span>
    </p>
   </div>
   <div class='ocr_carea' id='block_1_60' title="bbox 164 4229 1727 4305">
    <p class='ocr_par' dir='ltr' id='par_1_60' title="bbox 164 4229 1727 4305">
     <span class='ocr_line' id='line_1_60' title="bbox 164 4229 1727 4305; baseline -0.001 -21"><span class='ocrx_word' id='word_1_429' title='bbox 164 4233 258 4287; x_wconf 87' lang='grc' dir='ltr'><strong>τῶν</strong></span> <span class='ocrx_word' id='word_1_430' title='bbox 293 4234 545 4305; x_wconf 72' lang='grc' dir='ltr'>πράξεις,</span> <span class='ocrx_word' id='word_1_431' title='bbox 572 4234 648 4296; x_wconf 85' lang='grc' dir='ltr'><strong>ὡς</strong></span> <span class='ocrx_word' id='word_1_432' title='bbox 673 4233 808 4286; x_wconf 89' lang='grc' dir='ltr'>θεῶν</span> <span class='ocrx_word' id='word_1_433' title='bbox 836 4233 1231 4304; x_wconf 75' lang='grc' dir='ltr'>κατορθώματα</span> <span class='ocrx_word' id='word_1_434' title='bbox 1271 4230 1554 4303; x_wconf 88' lang='grc' dir='ltr'>σεμνύνειν</span> <span class='ocrx_word' id='word_1_435' title='bbox 1583 4229 1727 4282; x_wconf 74' lang='grc' dir='ltr'>ἐθεσ-</span> 
     </span>
    </p>
   </div>
   <div class='ocr_carea' id='block_1_61' title="bbox 163 4321 1724 4398">
    <p class='ocr_par' dir='ltr' id='par_1_61' title="bbox 163 4321 1724 4398">
     <span class='ocr_line' id='line_1_61' title="bbox 163 4321 1724 4398; baseline -0.002 -20"><span class='ocrx_word' id='word_1_436' title='bbox 163 4327 410 4398; x_wconf 82' lang='grc' dir='ltr'>λόγησαν.</span> <span class='ocrx_word' id='word_1_437' title='bbox 449 4326 575 4390; x_wconf 91' lang='grc' dir='ltr'><strong>Πῶς</strong></span> <span class='ocrx_word' id='word_1_438' title='bbox 602 4321 693 4380; x_wconf 83' lang='grc' dir='ltr'><strong>οῦν</strong></span> <span class='ocrx_word' id='word_1_439' title='bbox 728 4327 838 4388; x_wconf 87' lang='grc' dir='ltr'>τοῖς</span> <span class='ocrx_word' id='word_1_440' title='bbox 874 4325 1228 4396; x_wconf 79' lang='grc' dir='ltr'>τυγχάνουσιν</span> <span class='ocrx_word' id='word_1_441' title='bbox 1262 4326 1320 4378; x_wconf 87' lang='grc' dir='ltr'><strong>ἐν</strong></span> <span class='ocrx_word' id='word_1_442' title='bbox 1350 4323 1576 4396; x_wconf 83' lang='grc' dir='ltr'>τοιαύτῃ</span> <span class='ocrx_word' id='word_1_443' title='bbox 1611 4322 1724 4393; x_wconf 86' lang='grc' dir='ltr'>βίου</span> 
     </span>
    </p>
   </div>
   <div class='ocr_carea' id='block_1_62' title="bbox 164 4411 1722 4488">
    <p class='ocr_par' dir='ltr' id='par_1_62' title="bbox 164 4411 1722 4488">
     <span class='ocr_line' id='line_1_62' title="bbox 164 4411 1722 4488; baseline -0.002 -19"><span class='ocrx_word' id='word_1_444' title='bbox 164 4421 486 4473; x_wconf 78' lang='grc' dir='ltr'>καταστάσει</span> <span class='ocrx_word' id='word_1_445' title='bbox 523 4421 550 4471; x_wconf 85' lang='grc' dir='ltr'>ὁ</span> <span class='ocrx_word' id='word_1_446' title='bbox 583 4419 852 4486; x_wconf 73' lang='grc' dir='ltr'>πάνσοφος</span> <span class='ocrx_word' id='word_1_447' title='bbox 884 4417 977 4470; x_wconf 79' lang='grc' dir='ltr'>καὶ</span> <span class='ocrx_word' id='word_1_448' title='bbox 1005 4415 1303 4488; x_wconf 84' lang='grc' dir='ltr'>πανάρετος</span> <span class='ocrx_word' id='word_1_449' title='bbox 1347 4414 1439 4468; x_wconf 91' lang='grc' dir='ltr'><strong>τοῦ</strong></span> <span class='ocrx_word' id='word_1_450' title='bbox 1486 4411 1722 4486; x_wconf 89' lang='grc' dir='ltr'>Χριστοῦ</span> 
     </span>
    </p>
   </div>
   <div class='ocr_carea' id='block_1_63' title="bbox 1841 1911 3416 1998">
    <p class='ocr_par' dir='ltr' id='par_1_63' title="bbox 1841 1911 3416 1998">
     <span class='ocr_line' id='line_1_63' title="bbox 1841 1911 3416 1998; baseline -0.006 -13"><span class='ocrx_word' id='word_1_451' title='bbox 1841 1932 1895 1986; x_wconf 89' lang='lat' dir='ltr'><strong>in</strong></span> <span class='ocrx_word' id='word_1_452' title='bbox 1943 1943 2154 1984; x_wconf 84' lang='lat' dir='ltr'><strong>summa</strong></span> <span class='ocrx_word' id='word_1_453' title='bbox 2196 1935 2530 1998; x_wconf 87' lang='lat' dir='ltr'><strong>repetentur.</strong></span> <span class='ocrx_word' id='word_1_454' title='bbox 2567 1927 2703 1981; x_wconf 92' lang='lat' dir='ltr'><strong>Cum</strong></span> <span class='ocrx_word' id='word_1_455' title='bbox 2736 1925 2938 1980; x_wconf 92' lang='lat' dir='ltr'><strong>multus</strong></span> <span class='ocrx_word' id='word_1_456' title='bbox 2966 1931 3111 1979; x_wconf 84' lang='lat' dir='ltr'><strong>esset</strong></span> <span class='ocrx_word' id='word_1_457' title='bbox 3141 1911 3416 1993; x_wconf 85' lang='lat' dir='ltr'><strong>quondam</strong></span> 
     </span>
    </p>
   </div>
   <div class='ocr_carea' id='block_1_64' title="bbox 1840 2017 3416 2091">
    <p class='ocr_par' dir='ltr' id='par_1_64' title="bbox 1840 2017 3416 2091">
     <span class='ocr_line' id='line_1_64' title="bbox 1840 2017 3416 2091; baseline -0.004 -16"><span class='ocrx_word' id='word_1_458' title='bbox 1840 2021 1934 2091; x_wconf 88' lang='lat' dir='ltr'><strong>qui</strong></span> <span class='ocrx_word' id='word_1_459' title='bbox 1983 2021 2253 2076; x_wconf 89' lang='lat' dir='ltr'><strong>humanas</strong></span> <span class='ocrx_word' id='word_1_460' title='bbox 2305 2021 2516 2075; x_wconf 86' lang='lat' dir='ltr'><strong>animas</strong></span> <span class='ocrx_word' id='word_1_461' title='bbox 2576 2018 2961 2072; x_wconf 90' lang='lat' dir='ltr'><strong>obtenebraret</strong></span> <span class='ocrx_word' id='word_1_462' title='bbox 3021 2017 3318 2086; x_wconf 83' lang='lat' dir='ltr'><strong>impietatis</strong></span> <span class='ocrx_word' id='word_1_463' title='bbox 3361 2022 3416 2070; x_wconf 86' lang='lat' dir='ltr'><strong>et</strong></span> 
     </span>
    </p>
   </div>
   <div class='ocr_carea' id='block_1_65' title="bbox 1841 2106 3415 2182">
    <p class='ocr_par' dir='ltr' id='par_1_65' title="bbox 1841 2106 3415 2182">
     <span class='ocr_line' id='line_1_65' title="bbox 1841 2106 3415 2182; baseline -0.004 -16"><span class='ocrx_word' id='word_1_464' title='bbox 1841 2114 2089 2168; x_wconf 73' lang='lat' dir='ltr'><strong>amentiae</strong></span> <span class='ocrx_word' id='word_1_465' title='bbox 2111 2113 2333 2182; x_wconf 90' lang='lat' dir='ltr'><strong>squalor</strong></span> <span class='ocrx_word' id='word_1_466' title='bbox 2358 2151 2373 2174; x_wconf 94' lang='lat'><strong>,</strong></span> <span class='ocrx_word' id='word_1_467' title='bbox 2405 2118 2459 2166; x_wconf 90' lang='lat' dir='ltr'><strong>et</strong></span> <span class='ocrx_word' id='word_1_468' title='bbox 2484 2110 2666 2180; x_wconf 86' lang='lat' dir='ltr'><strong>gravis</strong></span> <span class='ocrx_word' id='word_1_469' title='bbox 2683 2111 2927 2180; x_wconf 59' lang='lat' dir='ltr'><strong>quaedam</strong></span> <span class='ocrx_word' id='word_1_470' title='bbox 2961 2123 2989 2160; x_wconf 89' lang='lat' dir='ltr'><strong>a</strong></span> <span class='ocrx_word' id='word_1_471' title='bbox 3017 2107 3125 2162; x_wconf 90' lang='lat' dir='ltr'><strong>Deo</strong></span> <span class='ocrx_word' id='word_1_472' title='bbox 3157 2106 3415 2161; x_wconf 88' lang='lat' dir='ltr'><strong>alienatio</strong></span> 
     </span>
    </p>
   </div>
   <div class='ocr_carea' id='block_1_66' title="bbox 1840 2199 3416 2269">
    <p class='ocr_par' dir='ltr' id='par_1_66' title="bbox 1840 2199 3416 2269">
     <span class='ocr_line' id='line_1_66' title="bbox 1840 2199 3416 2269; baseline -0.003 -13"><span class='ocrx_word' id='word_1_473' title='bbox 1840 2218 2054 2257; x_wconf 89' lang='lat' dir='ltr'><strong>omnem</strong></span> <span class='ocrx_word' id='word_1_474' title='bbox 2081 2202 2244 2255; x_wconf 82' lang='lat' dir='ltr'><strong>vitam</strong></span> <span class='ocrx_word' id='word_1_475' title='bbox 2273 2200 2559 2254; x_wconf 88' lang='lat' dir='ltr'><strong>hominum</strong></span> <span class='ocrx_word' id='word_1_476' title='bbox 2605 2199 2914 2269; x_wconf 85' lang='lat' dir='ltr'><strong>sul-egisset</strong></span> <span class='ocrx_word' id='word_1_477' title='bbox 2944 2210 3107 2266; x_wconf 80' lang='lat' dir='ltr'><strong>atque</strong></span> <span class='ocrx_word' id='word_1_478' title='bbox 3149 2211 3416 2266; x_wconf 89' lang='lat' dir='ltr'><strong>occupas-</strong></span> 
     </span>
    </p>
   </div>
   <div class='ocr_carea' id='block_1_67' title="bbox 1843 2289 3414 2362">
    <p class='ocr_par' dir='ltr' id='par_1_67' title="bbox 1843 2289 3414 2362">
     <span class='ocr_line' id='line_1_67' title="bbox 1843 2289 3414 2362; baseline -0.006 -13"><span class='ocrx_word' id='word_1_479' title='bbox 1843 2303 1944 2354; x_wconf 90' lang='lat' dir='ltr'><strong>set,</strong></span> <span class='ocrx_word' id='word_1_480' title='bbox 1978 2293 2114 2349; x_wconf 91' lang='lat' dir='ltr'><strong>adeo</strong></span> <span class='ocrx_word' id='word_1_481' title='bbox 2145 2303 2204 2346; x_wconf 85' lang='lat' dir='ltr'><strong>ut</strong></span> <span class='ocrx_word' id='word_1_482' title='bbox 2234 2293 2302 2348; x_wconf 90' lang='lat' dir='ltr'><strong>ab</strong></span> <span class='ocrx_word' id='word_1_483' title='bbox 2335 2291 2645 2362; x_wconf 81' lang='lat' dir='ltr'><strong>agrestibus</strong></span> <span class='ocrx_word' id='word_1_484' title='bbox 2680 2299 2734 2346; x_wconf 90' lang='lat' dir='ltr'><strong>et</strong></span> <span class='ocrx_word' id='word_1_485' title='bbox 2777 2290 3077 2344; x_wconf 87' lang='lat' dir='ltr'><strong>immitibus</strong></span> <span class='ocrx_word' id='word_1_486' title='bbox 3107 2289 3236 2342; x_wconf 82' lang='lat' dir='ltr'><strong>feris</strong></span> <span class='ocrx_word' id='word_1_487' title='bbox 3276 2289 3414 2342; x_wconf 89' lang='lat' dir='ltr'><strong>nihil</strong></span> 
     </span>
    </p>
   </div>
   <div class='ocr_carea' id='block_1_68' title="bbox 1842 2380 3416 2450">
    <p class='ocr_par' dir='ltr' id='par_1_68' title="bbox 1842 2380 3416 2450">
     <span class='ocr_line' id='line_1_68' title="bbox 1842 2380 3416 2450; baseline -0.004 -11"><span class='ocrx_word' id='word_1_488' title='bbox 1842 2384 2058 2439; x_wconf 77' lang='lat' dir='ltr'><strong>diﬂ&#39;erre</strong></span> <span class='ocrx_word' id='word_1_489' title='bbox 2088 2384 2335 2438; x_wconf 89' lang='lat' dir='ltr'><strong>homines</strong></span> <span class='ocrx_word' id='word_1_490' title='bbox 2387 2381 2733 2446; x_wconf 86' lang='lat' dir='ltr'><strong>viderentur,</strong></span> <span class='ocrx_word' id='word_1_491' title='bbox 2763 2390 2876 2435; x_wconf 90' lang='lat' dir='ltr'><strong>tum</strong></span> <span class='ocrx_word' id='word_1_492' title='bbox 2912 2381 2987 2434; x_wconf 88' lang='lat' dir='ltr'><strong>illi</strong></span> <span class='ocrx_word' id='word_1_493' title='bbox 3017 2396 3193 2450; x_wconf 88' lang='lat' dir='ltr'><strong>neque</strong></span> <span class='ocrx_word' id='word_1_494' title='bbox 3225 2380 3416 2433; x_wconf 86' lang='lat' dir='ltr'><strong>civita-</strong></span> 
     </span>
    </p>
   </div>
   <div class='ocr_carea' id='block_1_69' title="bbox 1839 2471 3413 2546">
    <p class='ocr_par' dir='ltr' id='par_1_69' title="bbox 1839 2471 3413 2546">
     <span class='ocr_line' id='line_1_69' title="bbox 1839 2471 3413 2546; baseline -0.004 -14"><span class='ocrx_word' id='word_1_495' title='bbox 1839 2488 1940 2540; x_wconf 89' lang='lat' dir='ltr'><strong>tes,</strong></span> <span class='ocrx_word' id='word_1_496' title='bbox 1957 2491 2131 2546; x_wconf 73' lang='lat' dir='ltr'><strong>neque</strong></span> <span class='ocrx_word' id='word_1_497' title='bbox 2152 2475 2511 2544; x_wconf 90' lang='lat' dir='ltr'><strong>respublicas,</strong></span> <span class='ocrx_word' id='word_1_498' title='bbox 2532 2490 2709 2544; x_wconf 91' lang='lat' dir='ltr'><strong>neque</strong></span> <span class='ocrx_word' id='word_1_499' title='bbox 2734 2475 2896 2542; x_wconf 77' lang='lat' dir='ltr'><strong>leges,</strong></span> <span class='ocrx_word' id='word_1_500' title='bbox 2923 2488 3098 2542; x_wconf 89' lang='lat' dir='ltr'><strong>neque</strong></span> <span class='ocrx_word' id='word_1_501' title='bbox 3121 2471 3413 2528; x_wconf 88' lang='lat' dir='ltr'><strong>honestum</strong></span> 
     </span>
    </p>
   </div>
   <div class='ocr_carea' id='block_1_70' title="bbox 1838 2564 3417 2638">
    <p class='ocr_par' dir='ltr' id='par_1_70' title="bbox 1838 2564 3417 2638">
     <span class='ocr_line' id='line_1_70' title="bbox 1838 2564 3417 2638; baseline -0.002 -17"><span class='ocrx_word' id='word_1_502' title='bbox 1838 2569 2132 2638; x_wconf 89' lang='lat' dir='ltr'><strong>quidquam</strong></span> <span class='ocrx_word' id='word_1_503' title='bbox 2166 2575 2261 2619; x_wconf 86' lang='lat' dir='ltr'><strong>aut</strong></span> <span class='ocrx_word' id='word_1_504' title='bbox 2303 2567 2427 2621; x_wconf 73' lang='lat' dir='ltr'><strong>vita:</strong></span> <span class='ocrx_word' id='word_1_505' title='bbox 2479 2564 2826 2620; x_wconf 86' lang='lat' dir='ltr'><strong>conducibile</strong></span> <span class='ocrx_word' id='word_1_506' title='bbox 2879 2569 3178 2627; x_wconf 89' lang='lat' dir='ltr'><strong>noverant,</strong></span> <span class='ocrx_word' id='word_1_507' title='bbox 3237 2577 3417 2633; x_wconf 86' lang='lat' dir='ltr'><strong>neque</strong></span> 
     </span>
    </p>
   </div>
   <div class='ocr_carea' id='block_1_71' title="bbox 1837 2654 3417 2724">
    <p class='ocr_par' dir='ltr' id='par_1_71' title="bbox 1837 2654 3417 2724">
     <span class='ocr_line' id='line_1_71' title="bbox 1837 2654 3417 2724; baseline -0.004 -11"><span class='ocrx_word' id='word_1_508' title='bbox 1837 2675 1966 2715; x_wconf 82' lang='lat' dir='ltr'><strong>vero</strong></span> <span class='ocrx_word' id='word_1_509' title='bbox 1996 2659 2257 2714; x_wconf 85' lang='lat' dir='ltr'><strong>scientias</strong></span> <span class='ocrx_word' id='word_1_510' title='bbox 2292 2658 2430 2712; x_wconf 82' lang='lat' dir='ltr'><strong>ullas</strong></span> <span class='ocrx_word' id='word_1_511' title='bbox 2455 2666 2548 2710; x_wconf 87' lang='lat' dir='ltr'><strong>aut</strong></span> <span class='ocrx_word' id='word_1_512' title='bbox 2569 2668 2714 2710; x_wconf 84' lang='lat' dir='ltr'><strong>artes</strong></span> <span class='ocrx_word' id='word_1_513' title='bbox 2749 2655 2931 2708; x_wconf 89' lang='lat' dir='ltr'><strong>animo</strong></span> <span class='ocrx_word' id='word_1_514' title='bbox 2959 2654 3417 2724; x_wconf 81' lang='lat' dir='ltr'><strong>complecteban—</strong></span> 
     </span>
    </p>
   </div>
   <div class='ocr_carea' id='block_1_72' title="bbox 1838 2743 3416 2817">
    <p class='ocr_par' dir='ltr' id='par_1_72' title="bbox 1838 2743 3416 2817">
     <span class='ocr_line' id='line_1_72' title="bbox 1838 2743 3416 2817; baseline -0.006 -14"><span class='ocrx_word' id='word_1_515' title='bbox 1838 2759 1946 2817; x_wconf 90' lang='lat' dir='ltr'><strong>tur,</strong></span> <span class='ocrx_word' id='word_1_516' title='bbox 1978 2749 2196 2805; x_wconf 83' lang='lat' dir='ltr'><strong>virtutis</strong></span> <span class='ocrx_word' id='word_1_517' title='bbox 2213 2758 2394 2802; x_wconf 88' lang='lat' dir='ltr'><strong>autem</strong></span> <span class='ocrx_word' id='word_1_518' title='bbox 2414 2762 2476 2800; x_wconf 88' lang='lat' dir='ltr'><strong>ac</strong></span> <span class='ocrx_word' id='word_1_519' title='bbox 2512 2745 2874 2816; x_wconf 71' lang='lat' dir='ltr'><strong>philosophia:</strong></span> <span class='ocrx_word' id='word_1_520' title='bbox 2900 2758 2967 2797; x_wconf 87' lang='lat' dir='ltr'><strong>ne</strong></span> <span class='ocrx_word' id='word_1_521' title='bbox 2996 2745 3272 2798; x_wconf 89' lang='lat' dir='ltr'><strong>minimam</strong></span> <span class='ocrx_word' id='word_1_522' title='bbox 3290 2743 3416 2812; x_wconf 86' lang='lat' dir='ltr'><strong>qui-</strong></span> 
     </span>
    </p>
   </div>
   <div class='ocr_carea' id='block_1_73' title="bbox 1837 2833 3410 2900">
    <p class='ocr_par' dir='ltr' id='par_1_73' title="bbox 1837 2833 3410 2900">
     <span class='ocr_line' id='line_1_73' title="bbox 1837 2833 3410 2900; baseline -0.005 -4"><span class='ocrx_word' id='word_1_523' title='bbox 1837 2841 1958 2896; x_wconf 91' lang='lat' dir='ltr'><strong>dem</strong></span> <span class='ocrx_word' id='word_1_524' title='bbox 1989 2842 2265 2896; x_wconf 90' lang='lat' dir='ltr'><strong>notionem</strong></span> <span class='ocrx_word' id='word_1_525' title='bbox 2299 2838 2578 2900; x_wconf 87' lang='lat' dir='ltr'><strong>tenebant,</strong></span> <span class='ocrx_word' id='word_1_526' title='bbox 2603 2836 2698 2892; x_wconf 89' lang='lat' dir='ltr'><strong>sed</strong></span> <span class='ocrx_word' id='word_1_527' title='bbox 2734 2836 2788 2890; x_wconf 92' lang='lat' dir='ltr'><strong>in</strong></span> <span class='ocrx_word' id='word_1_528' title='bbox 2827 2835 2960 2891; x_wconf 91' lang='lat' dir='ltr'><strong>solis</strong></span> <span class='ocrx_word' id='word_1_529' title='bbox 2991 2833 3226 2889; x_wconf 87' lang='lat' dir='ltr'><strong>desertis</strong></span> <span class='ocrx_word' id='word_1_530' title='bbox 3251 2834 3410 2898; x_wconf 92' lang='lat' dir='ltr'><strong>locis,</strong></span> 
     </span>
    </p>
   </div>
   <div class='ocr_carea' id='block_1_74' title="bbox 1838 2927 3412 2999">
    <p class='ocr_par' dir='ltr' id='par_1_74' title="bbox 1838 2927 3412 2999">
     <span class='ocr_line' id='line_1_74' title="bbox 1838 2927 3412 2999; baseline -0.005 -13"><span class='ocrx_word' id='word_1_531' title='bbox 1838 2934 1893 2986; x_wconf 90' lang='lat' dir='ltr'><strong>in</strong></span> <span class='ocrx_word' id='word_1_532' title='bbox 1930 2932 2207 2988; x_wconf 85' lang='lat' dir='ltr'><strong>montibus</strong></span> <span class='ocrx_word' id='word_1_533' title='bbox 2238 2946 2300 2984; x_wconf 91' lang='lat' dir='ltr'><strong>ac</strong></span> <span class='ocrx_word' id='word_1_534' title='bbox 2329 2929 2608 2999; x_wconf 88' lang='lat' dir='ltr'><strong>speluncis</strong></span> <span class='ocrx_word' id='word_1_535' title='bbox 2651 2939 2705 2983; x_wconf 87' lang='lat' dir='ltr'><strong>et</strong></span> <span class='ocrx_word' id='word_1_536' title='bbox 2747 2929 2886 2982; x_wconf 81' lang='lat' dir='ltr'><strong>vicis</strong></span> <span class='ocrx_word' id='word_1_537' title='bbox 2941 2927 3201 2996; x_wconf 84' lang='lat' dir='ltr'><strong>degentes</strong></span> <span class='ocrx_word' id='word_1_538' title='bbox 3224 2941 3412 2980; x_wconf 90' lang='lat' dir='ltr'><strong>versa-</strong></span> 
     </span>
    </p>
   </div>
   <div class='ocr_carea' id='block_1_75' title="bbox 1837 3017 3414 3087">
    <p class='ocr_par' dir='ltr' id='par_1_75' title="bbox 1837 3017 3414 3087">
     <span class='ocr_line' id='line_1_75' title="bbox 1837 3017 3414 3087; baseline -0.004 -11"><span class='ocrx_word' id='word_1_539' title='bbox 1837 3023 2057 3087; x_wconf 86' lang='lat' dir='ltr'><strong>bantur,</strong></span> <span class='ocrx_word' id='word_1_540' title='bbox 2075 3023 2417 3076; x_wconf 91' lang='lat' dir='ltr'><strong>etlatrouum</strong></span> <span class='ocrx_word' id='word_1_541' title='bbox 2451 3020 2626 3073; x_wconf 88' lang='lat' dir='ltr'><strong>instar</strong></span> <span class='ocrx_word' id='word_1_542' title='bbox 2651 3033 2749 3072; x_wconf 85' lang='lat' dir='ltr'><strong>eos</strong></span> <span class='ocrx_word' id='word_1_543' title='bbox 2773 3017 2864 3087; x_wconf 91' lang='lat' dir='ltr'><strong>qui</strong></span> <span class='ocrx_word' id='word_1_544' title='bbox 2900 3017 3126 3087; x_wconf 89' lang='lat' dir='ltr'><strong>propius</strong></span> <span class='ocrx_word' id='word_1_545' title='bbox 3152 3021 3414 3071; x_wconf 75' lang='lat' dir='ltr'><strong>accessis~</strong></span> 
     </span>
    </p>
   </div>
   <div class='ocr_carea' id='block_1_76' title="bbox 1837 3111 3409 3180">
    <p class='ocr_par' dir='ltr' id='par_1_76' title="bbox 1837 3111 3409 3180">
     <span class='ocr_line' id='line_1_76' title="bbox 1837 3111 3409 3180; baseline -0.004 -11"><span class='ocrx_word' id='word_1_546' title='bbox 1837 3122 1957 3169; x_wconf 88' lang='lat' dir='ltr'><strong>sent</strong></span> <span class='ocrx_word' id='word_1_547' title='bbox 1991 3113 2320 3168; x_wconf 86' lang='lat' dir='ltr'><strong>invadebant</strong></span> <span class='ocrx_word' id='word_1_548' title='bbox 2359 3153 2374 3178; x_wconf 93' lang='lat'><strong>,</strong></span> <span class='ocrx_word' id='word_1_549' title='bbox 2410 3128 2509 3168; x_wconf 88' lang='lat' dir='ltr'><strong>nec</strong></span> <span class='ocrx_word' id='word_1_550' title='bbox 2555 3111 2775 3166; x_wconf 87' lang='lat' dir='ltr'><strong>aliunde</strong></span> <span class='ocrx_word' id='word_1_551' title='bbox 2828 3111 2931 3166; x_wconf 89' lang='lat' dir='ltr'><strong>sibi</strong></span> <span class='ocrx_word' id='word_1_552' title='bbox 2969 3111 3168 3164; x_wconf 90' lang='lat' dir='ltr'><strong>victum</strong></span> <span class='ocrx_word' id='word_1_553' title='bbox 3197 3125 3409 3180; x_wconf 61' lang='lat' dir='ltr'><strong>quaare-</strong></span> 
     </span>
    </p>
   </div>
   <div class='ocr_carea' id='block_1_77' title="bbox 1757 3172 3406 3275">
    <p class='ocr_par' dir='ltr' id='par_1_77' title="bbox 1757 3172 3406 3275">
     <span class='ocr_line' id='line_1_77' title="bbox 1757 3172 3406 3275; baseline -0.005 -16"><span class='ocrx_word' id='word_1_554' title='bbox 1757 3172 1798 3228; x_wconf 74' lang='lat' dir='ltr'><strong>C‘</strong></span> <span class='ocrx_word' id='word_1_555' title='bbox 1833 3207 1982 3268; x_wconf 86' lang='lat' dir='ltr'><strong>bant,</strong></span> <span class='ocrx_word' id='word_1_556' title='bbox 2017 3220 2182 3275; x_wconf 87' lang='lat' dir='ltr'><strong>quam</strong></span> <span class='ocrx_word' id='word_1_557' title='bbox 2223 3219 2290 3259; x_wconf 80' lang='lat' dir='ltr'><strong>ex</strong></span> <span class='ocrx_word' id='word_1_558' title='bbox 2320 3218 2510 3257; x_wconf 89' lang='lat' dir='ltr'><strong>eorum</strong></span> <span class='ocrx_word' id='word_1_559' title='bbox 2564 3202 2920 3272; x_wconf 83' lang='lat' dir='ltr'><strong>oppressione</strong></span> <span class='ocrx_word' id='word_1_560' title='bbox 2969 3215 3108 3270; x_wconf 92' lang='lat' dir='ltr'><strong>quos</strong></span> <span class='ocrx_word' id='word_1_561' title='bbox 3158 3200 3406 3254; x_wconf 86' lang='lat' dir='ltr'><strong>imbecil-</strong></span> 
     </span>
    </p>
   </div>
   <div class='ocr_carea' id='block_1_78' title="bbox 1828 3296 3405 3365">
    <p class='ocr_par' dir='ltr' id='par_1_78' title="bbox 1828 3296 3405 3365">
     <span class='ocr_line' id='line_1_78' title="bbox 1828 3296 3405 3365; baseline -0.004 -13"><span class='ocrx_word' id='word_1_562' title='bbox 1828 3299 1992 3354; x_wconf 86' lang='lat' dir='ltr'><strong>liores</strong></span> <span class='ocrx_word' id='word_1_563' title='bbox 2023 3299 2164 3353; x_wconf 91' lang='lat' dir='ltr'><strong>nacti</strong></span> <span class='ocrx_word' id='word_1_564' title='bbox 2199 3304 2385 3352; x_wconf 90' lang='lat' dir='ltr'><strong>essent</strong></span> <span class='ocrx_word' id='word_1_565' title='bbox 2413 3317 2425 3350; x_wconf 92' lang='lat'>:</span> <span class='ocrx_word' id='word_1_566' title='bbox 2480 3296 2643 3349; x_wconf 81' lang='lat' dir='ltr'><strong>iidem</strong></span> <span class='ocrx_word' id='word_1_567' title='bbox 2685 3309 2851 3365; x_wconf 92' lang='lat' dir='ltr'><strong>porro</strong></span> <span class='ocrx_word' id='word_1_568' title='bbox 2883 3309 3060 3364; x_wconf 85' lang='lat' dir='ltr'><strong>neque</strong></span> <span class='ocrx_word' id='word_1_569' title='bbox 3090 3309 3405 3364; x_wconf 90' lang='lat' dir='ltr'><strong>supremum</strong></span> 
     </span>
    </p>
   </div>
   <div class='ocr_carea' id='block_1_79' title="bbox 1829 3387 3408 3460">
    <p class='ocr_par' dir='ltr' id='par_1_79' title="bbox 1829 3387 3408 3460">
     <span class='ocr_line' id='line_1_79' title="bbox 1829 3387 3408 3460; baseline -0.001 -17"><span class='ocrx_word' id='word_1_570' title='bbox 1829 3391 2019 3456; x_wconf 91' lang='lat' dir='ltr'><strong>Deum,</strong></span> <span class='ocrx_word' id='word_1_571' title='bbox 2053 3406 2230 3460; x_wconf 92' lang='lat' dir='ltr'><strong>neque</strong></span> <span class='ocrx_word' id='word_1_572' title='bbox 2259 3390 2428 3444; x_wconf 92' lang='lat' dir='ltr'><strong>ullum</strong></span> <span class='ocrx_word' id='word_1_573' title='bbox 2495 3389 2779 3459; x_wconf 80' lang='lat' dir='ltr'><strong>religionis</strong></span> <span class='ocrx_word' id='word_1_574' title='bbox 2815 3404 2960 3442; x_wconf 72' lang='lat' dir='ltr'><strong>verm</strong></span> <span class='ocrx_word' id='word_1_575' title='bbox 2991 3387 3215 3442; x_wconf 87' lang='lat' dir='ltr'><strong>modum</strong></span> <span class='ocrx_word' id='word_1_576' title='bbox 3238 3405 3408 3442; x_wconf 90' lang='lat' dir='ltr'><strong>nove-</strong></span> 
     </span>
    </p>
   </div>
   <div class='ocr_carea' id='block_1_80' title="bbox 1831 3476 3405 3551">
    <p class='ocr_par' dir='ltr' id='par_1_80' title="bbox 1831 3476 3405 3551">
     <span class='ocr_line' id='line_1_80' title="bbox 1831 3476 3405 3551; baseline -0.002 -17"><span class='ocrx_word' id='word_1_577' title='bbox 1831 3493 1971 3544; x_wconf 88' lang='lat' dir='ltr'><strong>rant.</strong></span> <span class='ocrx_word' id='word_1_578' title='bbox 2001 3481 2096 3538; x_wconf 91' lang='lat' dir='ltr'><strong>sed</strong></span> <span class='ocrx_word' id='word_1_579' title='bbox 2127 3482 2259 3537; x_wconf 89' lang='lat' dir='ltr'><strong>solis</strong></span> <span class='ocrx_word' id='word_1_580' title='bbox 2301 3479 2632 3551; x_wconf 86' lang='lat' dir='ltr'><strong>quihusdam</strong></span> <span class='ocrx_word' id='word_1_581' title='bbox 2684 3479 3030 3533; x_wconf 85' lang='lat' dir='ltr'><strong>naturalibus</strong></span> <span class='ocrx_word' id='word_1_582' title='bbox 3083 3476 3405 3532; x_wconf 84' lang='lat' dir='ltr'><strong>notionibus</strong></span> 
     </span>
    </p>
   </div>
   <div class='ocr_carea' id='block_1_81' title="bbox 1826 3567 3407 3640">
    <p class='ocr_par' dir='ltr' id='par_1_81' title="bbox 1826 3567 3407 3640">
     <span class='ocr_line' id='line_1_81' title="bbox 1826 3567 3407 3640; baseline -0.006 -12"><span class='ocrx_word' id='word_1_583' title='bbox 1826 3573 2094 3637; x_wconf 88' lang='lat' dir='ltr'><strong>instincti,</strong></span> <span class='ocrx_word' id='word_1_584' title='bbox 2130 3571 2395 3627; x_wconf 80' lang='lat' dir='ltr'><strong>exsistere</strong></span> <span class='ocrx_word' id='word_1_585' title='bbox 2428 3569 2649 3640; x_wconf 86' lang='lat' dir='ltr'><strong>quidem</strong></span> <span class='ocrx_word' id='word_1_586' title='bbox 2683 3567 2846 3639; x_wconf 64' lang='grc'><strong>364.</strong></span> <span class='ocrx_word' id='word_1_587' title='bbox 2879 3569 2931 3621; x_wconf 90' lang='lat' dir='ltr'><strong>in</strong></span> <span class='ocrx_word' id='word_1_588' title='bbox 2971 3568 3134 3623; x_wconf 84' lang='lat' dir='ltr'><strong>rebus</strong></span> <span class='ocrx_word' id='word_1_589' title='bbox 3168 3567 3407 3620; x_wconf 87' lang='lat' dir='ltr'><strong>divinam</strong></span> 
     </span>
    </p>
   </div>
   <div class='ocr_carea' id='block_1_82' title="bbox 1827 3660 3405 3736">
    <p class='ocr_par' dir='ltr' id='par_1_82' title="bbox 1827 3660 3405 3736">
     <span class='ocr_line' id='line_1_82' title="bbox 1827 3660 3405 3736; baseline -0.006 -17"><span class='ocrx_word' id='word_1_590' title='bbox 1827 3665 2097 3736; x_wconf 88' lang='lat' dir='ltr'><strong>quandam</strong></span> <span class='ocrx_word' id='word_1_591' title='bbox 2128 3666 2254 3727; x_wconf 89' lang='lat' dir='ltr'><strong>vim,</strong></span> <span class='ocrx_word' id='word_1_592' title='bbox 2291 3662 2570 3732; x_wconf 90' lang='lat' dir='ltr'><strong>Deumque</strong></span> <span class='ocrx_word' id='word_1_593' title='bbox 2616 3677 2738 3715; x_wconf 89' lang='lat' dir='ltr'><strong>esse</strong></span> <span class='ocrx_word' id='word_1_594' title='bbox 2783 3675 2847 3712; x_wconf 89' lang='lat' dir='ltr'><strong>ac</strong></span> <span class='ocrx_word' id='word_1_595' title='bbox 2878 3660 3171 3720; x_wconf 89' lang='lat' dir='ltr'><strong>nominari,</strong></span> <span class='ocrx_word' id='word_1_596' title='bbox 3204 3667 3259 3712; x_wconf 90' lang='lat' dir='ltr'><strong>et</strong></span> <span class='ocrx_word' id='word_1_597' title='bbox 3285 3671 3405 3712; x_wconf 88' lang='lat' dir='ltr'><strong>eam</strong></span> 
     </span>
    </p>
   </div>
   <div class='ocr_carea' id='block_1_83' title="bbox 1827 3751 3406 3822">
    <p class='ocr_par' dir='ltr' id='par_1_83' title="bbox 1827 3751 3406 3822">
     <span class='ocr_line' id='line_1_83' title="bbox 1827 3751 3406 3822; baseline -0.008 -10"><span class='ocrx_word' id='word_1_598' title='bbox 1827 3758 2119 3812; x_wconf 89' lang='lat' dir='ltr'><strong>salutarem</strong></span> <span class='ocrx_word' id='word_1_599' title='bbox 2151 3769 2214 3809; x_wconf 90' lang='lat' dir='ltr'><strong>ac</strong></span> <span class='ocrx_word' id='word_1_600' title='bbox 2235 3755 2535 3809; x_wconf 80' lang='lat' dir='ltr'><strong>beneﬁcam</strong></span> <span class='ocrx_word' id='word_1_601' title='bbox 2580 3753 2788 3807; x_wconf 88' lang='lat' dir='ltr'><strong>sentire</strong></span> <span class='ocrx_word' id='word_1_602' title='bbox 2835 3751 3274 3822; x_wconf 87' lang='lat' dir='ltr'><strong>appellationem,</strong></span> <span class='ocrx_word' id='word_1_603' title='bbox 3307 3763 3406 3801; x_wconf 85' lang='lat' dir='ltr'><strong>na-</strong></span> 
     </span>
    </p>
   </div>
   <div class='ocr_carea' id='block_1_84' title="bbox 1827 3844 3405 3917">
    <p class='ocr_par' dir='ltr' id='par_1_84' title="bbox 1827 3844 3405 3917">
     <span class='ocr_line' id='line_1_84' title="bbox 1827 3844 3405 3917; baseline -0.005 -14"><span class='ocrx_word' id='word_1_604' title='bbox 1827 3848 1990 3904; x_wconf 89' lang='lat' dir='ltr'><strong>turali</strong></span> <span class='ocrx_word' id='word_1_605' title='bbox 2042 3846 2278 3917; x_wconf 86' lang='lat' dir='ltr'><strong>quadam</strong></span> <span class='ocrx_word' id='word_1_606' title='bbox 2343 3846 2596 3900; x_wconf 88' lang='lat' dir='ltr'><strong>doctrina</strong></span> <span class='ocrx_word' id='word_1_607' title='bbox 2636 3844 2988 3908; x_wconf 78' lang='lat' dir='ltr'><strong>fatebantur;</strong></span> <span class='ocrx_word' id='word_1_608' title='bbox 3046 3851 3104 3896; x_wconf 93' lang='lat' dir='ltr'><strong>ut</strong></span> <span class='ocrx_word' id='word_1_609' title='bbox 3134 3856 3264 3896; x_wconf 92' lang='lat' dir='ltr'><strong>vero</strong></span> <span class='ocrx_word' id='word_1_610' title='bbox 3296 3857 3405 3895; x_wconf 89' lang='lat' dir='ltr'><strong>non</strong></span> 
     </span>
    </p>
   </div>
   <div class='ocr_carea' id='block_1_85' title="bbox 1827 3936 3405 4009">
    <p class='ocr_par' dir='ltr' id='par_1_85' title="bbox 1827 3936 3405 4009">
     <span class='ocr_line' id='line_1_85' title="bbox 1827 3936 3405 4009; baseline -0.006 -15"><span class='ocrx_word' id='word_1_611' title='bbox 1827 3939 1974 3994; x_wconf 90' lang='lat' dir='ltr'><strong>aliud</strong></span> <span class='ocrx_word' id='word_1_612' title='bbox 2003 3939 2300 4009; x_wconf 92' lang='lat' dir='ltr'><strong>quidquam</strong></span> <span class='ocrx_word' id='word_1_613' title='bbox 2331 3947 2604 4007; x_wconf 85' lang='lat' dir='ltr'><strong>putarent,</strong></span> <span class='ocrx_word' id='word_1_614' title='bbox 2640 3951 2801 4007; x_wconf 84' lang='lat' dir='ltr'><strong>quam</strong></span> <span class='ocrx_word' id='word_1_615' title='bbox 2827 3951 2949 3990; x_wconf 93' lang='lat' dir='ltr'><strong>eum</strong></span> <span class='ocrx_word' id='word_1_616' title='bbox 2983 3936 3076 4004; x_wconf 84' lang='lat' dir='ltr'><strong>qui</strong></span> <span class='ocrx_word' id='word_1_617' title='bbox 3105 3941 3186 3988; x_wconf 89' lang='lat' dir='ltr'><strong>est</strong></span> <span class='ocrx_word' id='word_1_618' title='bbox 3238 3948 3405 4002; x_wconf 88' lang='lat' dir='ltr'><strong>supra</strong></span> 
     </span>
    </p>
   </div>
   <div class='ocr_carea' id='block_1_86' title="bbox 1825 4024 3404 4100">
    <p class='ocr_par' dir='ltr' id='par_1_86' title="bbox 1825 4024 3404 4100">
     <span class='ocr_line' id='line_1_86' title="bbox 1825 4024 3404 4100; baseline -0.004 -15"><span class='ocrx_word' id='word_1_619' title='bbox 1825 4045 2040 4086; x_wconf 87' lang='lat' dir='ltr'><strong>omnem</strong></span> <span class='ocrx_word' id='word_1_620' title='bbox 2071 4045 2192 4100; x_wconf 74' lang='lat' dir='ltr'><strong>qua:</strong></span> <span class='ocrx_word' id='word_1_621' title='bbox 2213 4030 2458 4083; x_wconf 88' lang='lat' dir='ltr'><strong>cernitur</strong></span> <span class='ocrx_word' id='word_1_622' title='bbox 2489 4037 2764 4090; x_wconf 89' lang='lat' dir='ltr'><strong>naturam,</strong></span> <span class='ocrx_word' id='word_1_623' title='bbox 2806 4041 3152 4096; x_wconf 84' lang='lat' dir='ltr'><strong>nequaquam</strong></span> <span class='ocrx_word' id='word_1_624' title='bbox 3205 4024 3404 4079; x_wconf 88' lang='lat' dir='ltr'><strong>adduci</strong></span> 
     </span>
    </p>
   </div>
   <div class='ocr_carea' id='block_1_87' title="bbox 1826 4119 3400 4196">
    <p class='ocr_par' dir='ltr' id='par_1_87' title="bbox 1826 4119 3400 4196">
     <span class='ocr_line' id='line_1_87' title="bbox 1826 4119 3400 4196; baseline -0.006 -16"><span class='ocrx_word' id='word_1_625' title='bbox 1826 4131 2095 4196; x_wconf 88' lang='lat' dir='ltr'><strong>poterant.</strong></span> <span class='ocrx_word' id='word_1_626' title='bbox 2126 4123 2358 4177; x_wconf 85' lang='lat' dir='ltr'><strong>Proinde</strong></span> <span class='ocrx_word' id='word_1_627' title='bbox 2385 4140 2404 4173; x_wconf 78' lang='grc' dir='ltr'><strong>ι</strong></span> <span class='ocrx_word' id='word_1_628' title='bbox 2447 4122 2691 4176; x_wconf 86' lang='lat' dir='ltr'><strong>nonnulli</strong></span> <span class='ocrx_word' id='word_1_629' title='bbox 2719 4121 2936 4191; x_wconf 86' lang='lat' dir='ltr'><strong>quidem</strong></span> <span class='ocrx_word' id='word_1_630' title='bbox 2969 4134 3161 4173; x_wconf 88' lang='lat' dir='ltr'><strong>eorum</strong></span> <span class='ocrx_word' id='word_1_631' title='bbox 3189 4119 3400 4172; x_wconf 90' lang='lat' dir='ltr'><strong>cultum</strong></span> 
     </span>
    </p>
   </div>
   <div class='ocr_carea' id='block_1_88' title="bbox 1826 4211 3400 4279">
    <p class='ocr_par' dir='ltr' id='par_1_88' title="bbox 1826 4211 3400 4279">
     <span class='ocr_line' id='line_1_88' title="bbox 1826 4211 3400 4279; baseline -0.007 -7"><span class='ocrx_word' id='word_1_632' title='bbox 1826 4233 1984 4273; x_wconf 91' lang='lat' dir='ltr'><strong>suum</strong></span> <span class='ocrx_word' id='word_1_633' title='bbox 2006 4217 2330 4276; x_wconf 86' lang='lat' dir='ltr'><strong>tribuerunt,</strong></span> <span class='ocrx_word' id='word_1_634' title='bbox 2351 4229 2414 4267; x_wconf 88' lang='lat' dir='ltr'><strong>ac</strong></span> <span class='ocrx_word' id='word_1_635' title='bbox 2432 4215 3016 4268; x_wconf 64' lang='lat' dir='ltr'><strong>servicruntcreaturae</strong></span> <span class='ocrx_word' id='word_1_636' title='bbox 3034 4211 3217 4279; x_wconf 89' lang='lat' dir='ltr'><strong>potius</strong></span> <span class='ocrx_word' id='word_1_637' title='bbox 3235 4224 3400 4279; x_wconf 89' lang='lat' dir='ltr'><strong>quam</strong></span> 
     </span>
    </p>
   </div>
   <div class='ocr_carea' id='block_1_89' title="bbox 1824 4297 3402 4367">
    <p class='ocr_par' dir='ltr' id='par_1_89' title="bbox 1824 4297 3402 4367">
     <span class='ocr_line' id='line_1_89' title="bbox 1824 4297 3402 4367; baseline -0.007 -5"><span class='ocrx_word' id='word_1_638' title='bbox 1824 4306 2112 4362; x_wconf 90' lang='lat' dir='ltr'><strong>Creatori:</strong></span> <span class='ocrx_word' id='word_1_639' title='bbox 2148 4305 2242 4358; x_wconf 86' lang='lat' dir='ltr'><strong>alii</strong></span> <span class='ocrx_word' id='word_1_640' title='bbox 2300 4319 2428 4358; x_wconf 90' lang='lat' dir='ltr'><strong>vero</strong></span> <span class='ocrx_word' id='word_1_641' title='bbox 2472 4307 2814 4356; x_wconf 83' lang='lat' dir='ltr'><strong>evanuerunt</strong></span> <span class='ocrx_word' id='word_1_642' title='bbox 2863 4301 2917 4352; x_wconf 90' lang='lat' dir='ltr'><strong>in</strong></span> <span class='ocrx_word' id='word_1_643' title='bbox 2970 4297 3402 4367; x_wconf 82' lang='lat' dir='ltr'><strong>cogitationibus</strong></span> 
     </span>
    </p>
   </div>
   <div class='ocr_carea' id='block_1_90' title="bbox 1826 4386 3404 4462">
    <p class='ocr_par' dir='ltr' id='par_1_90' title="bbox 1826 4386 3404 4462">
     <span class='ocr_line' id='line_1_90' title="bbox 1826 4386 3404 4462; baseline -0.008 -9"><span class='ocrx_word' id='word_1_644' title='bbox 1826 4399 1963 4462; x_wconf 89' lang='lat' dir='ltr'><strong>suis,</strong></span> <span class='ocrx_word' id='word_1_645' title='bbox 2003 4406 2057 4453; x_wconf 89' lang='lat' dir='ltr'><strong>et</strong></span> <span class='ocrx_word' id='word_1_646' title='bbox 2080 4397 2432 4450; x_wconf 86' lang='lat' dir='ltr'><strong>obscuratum</strong></span> <span class='ocrx_word' id='word_1_647' title='bbox 2465 4404 2548 4448; x_wconf 91' lang='lat' dir='ltr'><strong>est</strong></span> <span class='ocrx_word' id='word_1_648' title='bbox 2582 4391 2848 4461; x_wconf 85' lang='lat' dir='ltr'><strong>insipiens</strong></span> <span class='ocrx_word' id='word_1_649' title='bbox 2875 4404 2972 4443; x_wconf 92' lang='lat' dir='ltr'><strong>cor</strong></span> <span class='ocrx_word' id='word_1_650' title='bbox 3024 4403 3236 4451; x_wconf 89' lang='lat' dir='ltr'><strong>eormn,</strong></span> <span class='ocrx_word' id='word_1_651' title='bbox 3265 4386 3404 4441; x_wconf 90' lang='lat' dir='ltr'><strong>adeo</strong></span> 
     </span>
    </p>
   </div>
   <div class='ocr_carea' id='block_1_91' title="bbox 163 4477 1733 4582">
    <p class='ocr_par' dir='ltr' id='par_1_91' title="bbox 163 4477 1724 4582">
     <span class='ocr_line' id='line_1_91' title="bbox 163 4477 1724 4582; baseline -0.002 -23"><span class='ocrx_word' id='word_1_652' title='bbox 163 4508 302 4579; x_wconf 80' lang='grc' dir='ltr'>λόγος</span> <span class='ocrx_word' id='word_1_653' title='bbox 343 4511 446 4582; x_wconf 76' lang='grc' dir='ltr'>τὴν</span> <span class='ocrx_word' id='word_1_654' title='bbox 493 4512 574 4573; x_wconf 84' lang='grc' dir='ltr'><strong>εἰς</strong></span> <span class='ocrx_word' id='word_1_655' title='bbox 613 4477 780 4580; x_wconf 75' lang='grc' dir='ltr'>ἄκρον</span> <span class='ocrx_word' id='word_1_656' title='bbox 819 4477 1207 4576; x_wconf 72' lang='grc' dir='ltr'>καταγγέλλων</span> <span class='ocrx_word' id='word_1_657' title='bbox 1243 4477 1578 4574; x_wconf 75' lang='grc' dir='ltr'>φιλοσοφίαν,</span> <span class='ocrx_word' id='word_1_658' title='bbox 1614 4506 1724 4567; x_wconf 84' lang='grc' dir='ltr'>τοῖς</span> 
     </span>
    </p>
   </div>
   <div class='ocr_carea' id='block_1_92' title="bbox 1835 4477 3398 4582">
    <p class='ocr_par' dir='ltr' id='par_1_92' title="bbox 1835 4477 3398 4560">
     <span class='ocr_line' id='line_1_92' title="bbox 1835 4477 3398 4560; baseline -0.008 -16"><span class='ocrx_word' id='word_1_659' title='bbox 1835 4491 2042 4560; x_wconf 81' lang='lat' dir='ltr'><strong>quidem</strong></span> <span class='ocrx_word' id='word_1_660' title='bbox 2075 4496 2132 4542; x_wconf 91' lang='lat' dir='ltr'><strong>ut</strong></span> <span class='ocrx_word' id='word_1_661' title='bbox 2166 4485 2499 4540; x_wconf 85' lang='lat' dir='ltr'><strong>mutaverint</strong></span> <span class='ocrx_word' id='word_1_662' title='bbox 2537 4484 2767 4554; x_wconf 83' lang='lat' dir='ltr'><strong>gloriam</strong></span> <span class='ocrx_word' id='word_1_663' title='bbox 2798 4481 3233 4549; x_wconf 81' lang='lat' dir='ltr'><strong>incorruptibilis</strong></span> <span class='ocrx_word' id='word_1_664' title='bbox 3281 4477 3398 4542; x_wconf 88' lang='lat' dir='ltr'><strong>Dei,</strong></span> 
     </span>
    </p>
   </div>
   <div class='ocr_carea' id='block_1_93' title="bbox 163 4595 1721 4672">
    <p class='ocr_par' dir='ltr' id='par_1_93' title="bbox 163 4595 1721 4672">
     <span class='ocr_line' id='line_1_93' title="bbox 163 4595 1721 4672; baseline -0.001 -21"><span class='ocrx_word' id='word_1_665' title='bbox 163 4615 212 4652; x_wconf 88' lang='grc' dir='ltr'><strong>τε</strong></span> <span class='ocrx_word' id='word_1_666' title='bbox 237 4604 291 4654; x_wconf 85' lang='grc' dir='ltr'>ὲν</span> <span class='ocrx_word' id='word_1_667' title='bbox 319 4600 564 4672; x_wconf 87' lang='grc' dir='ltr'>τοσούτῳ</span> <span class='ocrx_word' id='word_1_668' title='bbox 596 4599 749 4670; x_wconf 75' lang='grc' dir='ltr'>βάθει</span> <span class='ocrx_word' id='word_1_669' title='bbox 784 4599 982 4662; x_wconf 87' lang='grc' dir='ltr'>κακίας</span> <span class='ocrx_word' id='word_1_670' title='bbox 1029 4596 1462 4667; x_wconf 80' lang='grc' dir='ltr'>καλινδουμένοις</span> <span class='ocrx_word' id='word_1_671' title='bbox 1501 4595 1721 4651; x_wconf 88' lang='grc' dir='ltr'>δύναται</span> 
     </span>
    </p>
   </div>
   <div class='ocr_carea' id='block_1_94' title="bbox 163 4688 1720 4764">
    <p class='ocr_par' dir='ltr' id='par_1_94' title="bbox 163 4688 1720 4764">
     <span class='ocr_line' id='line_1_94' title="bbox 163 4688 1720 4764; baseline 0 -22"><span class='ocrx_word' id='word_1_672' title='bbox 163 4691 474 4762; x_wconf 74' lang='grc' dir='ltr'>ἁρμόττεινς</span> <span class='ocrx_word' id='word_1_673' title='bbox 505 4692 583 4746; x_wconf 81' lang='grc' dir='ltr'>διὸ</span> <span class='ocrx_word' id='word_1_674' title='bbox 606 4692 668 4764; x_wconf 77' lang='grc' dir='ltr'>δὴ</span> <span class='ocrx_word' id='word_1_675' title='bbox 698 4691 934 4754; x_wconf 85' lang='grc' dir='ltr'>ἐκείνους</span> <span class='ocrx_word' id='word_1_676' title='bbox 960 4693 993 4762; x_wconf 80' lang='grc' dir='ltr'>ἠ</span> <span class='ocrx_word' id='word_1_677' title='bbox 1018 4689 1134 4742; x_wconf 90' lang='grc' dir='ltr'>θεία</span> <span class='ocrx_word' id='word_1_678' title='bbox 1165 4689 1260 4742; x_wconf 71' lang='grc' dir='ltr'>καὶ</span> <span class='ocrx_word' id='word_1_679' title='bbox 1285 4690 1497 4744; x_wconf 76' lang='grc' dir='ltr'>πάντων</span> <span class='ocrx_word' id='word_1_680' title='bbox 1528 4688 1720 4761; x_wconf 76' lang='grc' dir='ltr'>ἔφορος</span> 
     </span>
    </p>
   </div>
   <div class='ocr_carea' id='block_1_95' title="bbox 160 4778 1722 4853">
    <p class='ocr_par' dir='ltr' id='par_1_95' title="bbox 160 4778 1722 4853">
     <span class='ocr_line' id='line_1_95' title="bbox 160 4778 1722 4853; baseline -0.001 -21"><span class='ocrx_word' id='word_1_681' title='bbox 160 4781 378 4853; x_wconf 83' lang='grc' dir='ltr'>δίκη,ὼς</span> <span class='ocrx_word' id='word_1_682' title='bbox 417 4782 616 4853; x_wconf 83' lang='grc' dir='ltr'>ἀγρίαν</span> <span class='ocrx_word' id='word_1_683' title='bbox 645 4783 736 4835; x_wconf 73' lang='grc' dir='ltr'>καὶ</span> <span class='ocrx_word' id='word_1_684' title='bbox 767 4780 1183 4852; x_wconf 78' lang='grc' dir='ltr'>βλαϐερωτάτην</span> <span class='ocrx_word' id='word_1_685' title='bbox 1207 4778 1339 4850; x_wconf 75' lang='grc' dir='ltr'>ὓλην</span> <span class='ocrx_word' id='word_1_686' title='bbox 1365 4778 1722 4850; x_wconf 85' lang='grc' dir='ltr'>περικόπτου-</span> 
     </span>
    </p>
   </div>
   <div class='ocr_carea' id='block_1_96' title="bbox 163 4869 1722 4945">
    <p class='ocr_par' dir='ltr' id='par_1_96' title="bbox 163 4869 1722 4945">
     <span class='ocr_line' id='line_1_96' title="bbox 163 4869 1722 4945; baseline -0.001 -21"><span class='ocrx_word' id='word_1_687' title='bbox 163 4891 241 4936; x_wconf 77' lang='grc' dir='ltr'><strong>σα,</strong></span> <span class='ocrx_word' id='word_1_688' title='bbox 285 4876 410 4928; x_wconf 80' lang='grc' dir='ltr'>τοτὲ</span> <span class='ocrx_word' id='word_1_689' title='bbox 464 4874 563 4945; x_wconf 81' lang='grc' dir='ltr'>μὲν</span> <span class='ocrx_word' id='word_1_690' title='bbox 616 4873 1038 4944; x_wconf 86' lang='grc' dir='ltr'>κατακλυσμοῖς,</span> <span class='ocrx_word' id='word_1_691' title='bbox 1084 4873 1204 4924; x_wconf 86' lang='grc' dir='ltr'><strong>τοτέ</strong></span> <span class='ocrx_word' id='word_1_692' title='bbox 1247 4871 1304 4924; x_wconf 88' lang='grc' dir='ltr'><strong>δέ</strong></span> <span class='ocrx_word' id='word_1_693' title='bbox 1349 4869 1722 4942; x_wconf 83' lang='grc' dir='ltr'>πυρπολήσεσι</span> 
     </span>
    </p>
   </div>
   <div class='ocr_carea' id='block_1_97' title="bbox 165 4959 1718 5037">
    <p class='ocr_par' dir='ltr' id='par_1_97' title="bbox 165 4959 1718 5037">
     <span class='ocr_line' id='line_1_97' title="bbox 165 4959 1718 5037; baseline -0.006 -17"><span class='ocrx_word' id='word_1_694' title='bbox 165 4967 367 5037; x_wconf 73' lang='grc' dir='ltr'>μετῄει·</span> <span class='ocrx_word' id='word_1_695' title='bbox 403 4964 525 5018; x_wconf 86' lang='grc' dir='ltr'><strong>τοτέ</strong></span> <span class='ocrx_word' id='word_1_696' title='bbox 563 4963 620 5017; x_wconf 82' lang='grc' dir='ltr'>δὲ</span> <span class='ocrx_word' id='word_1_697' title='bbox 658 4963 852 5026; x_wconf 58' lang='grc' dir='ltr'>αὐτοὺς</span> <span class='ocrx_word' id='word_1_698' title='bbox 884 4965 993 5026; x_wconf 88' lang='grc' dir='ltr'>τοῖς</span> <span class='ocrx_word' id='word_1_699' title='bbox 1019 4963 1137 5015; x_wconf 83' lang='grc' dir='ltr'>κατ’</span> <span class='ocrx_word' id='word_1_700' title='bbox 1166 4960 1410 5032; x_wconf 86' lang='grc' dir='ltr'>ἀλλήλων</span> <span class='ocrx_word' id='word_1_701' title='bbox 1444 4959 1718 5031; x_wconf 79' lang='grc' dir='ltr'>πολέμοις,</span> 
     </span>
    </p>
   </div>
   <div class='ocr_carea' id='block_1_98' title="bbox 161 5051 1718 5128">
    <p class='ocr_par' dir='ltr' id='par_1_98' title="bbox 161 5051 1718 5128">
     <span class='ocr_line' id='line_1_98' title="bbox 161 5051 1718 5128; baseline -0.003 -21"><span class='ocrx_word' id='word_1_702' title='bbox 161 5057 565 5128; x_wconf 65' lang='grc' dir='ltr'>ἀνδροκτασίαι.</span> <span class='ocrx_word' id='word_1_703' title='bbox 580 5073 638 5108; x_wconf 89' lang='grc' dir='ltr'><strong>τε</strong></span> <span class='ocrx_word' id='word_1_704' title='bbox 669 5056 763 5108; x_wconf 70' lang='grc' dir='ltr'>καὶ</span> <span class='ocrx_word' id='word_1_705' title='bbox 793 5053 1124 5125; x_wconf 87' lang='grc' dir='ltr'>πολιορκίαις</span> <span class='ocrx_word' id='word_1_706' title='bbox 1156 5053 1241 5105; x_wconf 87' lang='grc' dir='ltr'><strong>ἐπ’</strong></span> <span class='ocrx_word' id='word_1_707' title='bbox 1265 5051 1526 5123; x_wconf 82' lang='grc' dir='ltr'>ἀλλήλους</span> <span class='ocrx_word' id='word_1_708' title='bbox 1548 5066 1718 5121; x_wconf 87' lang='grc' dir='ltr'>παρε-</span> 
     </span>
    </p>
   </div>
   <div class='ocr_carea' id='block_1_99' title="bbox 160 5141 1720 5220">
    <p class='ocr_par' dir='ltr' id='par_1_99' title="bbox 160 5141 1720 5220">
     <span class='ocr_line' id='line_1_99' title="bbox 160 5141 1720 5220; baseline -0.003 -22"><span class='ocrx_word' id='word_1_709' title='bbox 160 5146 306 5214; x_wconf 80' lang='grc' dir='ltr'>δίδου,</span> <span class='ocrx_word' id='word_1_710' title='bbox 336 5147 476 5220; x_wconf 76' lang='grc' dir='ltr'>πρὸς</span> <span class='ocrx_word' id='word_1_711' title='bbox 513 5146 693 5199; x_wconf 80' lang='grc' dir='ltr'>αὐτῶν</span> <span class='ocrx_word' id='word_1_712' title='bbox 710 5145 818 5198; x_wconf 89' lang='grc' dir='ltr'><strong>τῶν</strong></span> <span class='ocrx_word' id='word_1_713' title='bbox 851 5145 1136 5216; x_wconf 89' lang='grc' dir='ltr'>δαιμόνων,</span> <span class='ocrx_word' id='word_1_714' title='bbox 1161 5142 1268 5196; x_wconf 85' lang='grc' dir='ltr'><strong>τῶν</strong></span> <span class='ocrx_word' id='word_1_715' title='bbox 1287 5142 1350 5214; x_wconf 82' lang='grc' dir='ltr'>δὴ</span> <span class='ocrx_word' id='word_1_716' title='bbox 1378 5141 1514 5196; x_wconf 90' lang='grc' dir='ltr'>θεῶν</span> <span class='ocrx_word' id='word_1_717' title='bbox 1542 5141 1720 5204; x_wconf 82' lang='grc' dir='ltr'>αὐτοῖς</span> 
     </span>
    </p>
   </div>
   <div class='ocr_carea' id='block_1_100' title="bbox 160 5232 1716 5309">
    <p class='ocr_par' dir='ltr' id='par_1_100' title="bbox 160 5232 1716 5309">
     <span class='ocr_line' id='line_1_100' title="bbox 160 5232 1716 5309; baseline -0.002 -22"><span class='ocrx_word' id='word_1_718' title='bbox 160 5238 571 5309; x_wconf 80' lang='grc' dir='ltr'>νενομισμένων,</span> <span class='ocrx_word' id='word_1_719' title='bbox 608 5237 701 5289; x_wconf 72' lang='grc' dir='ltr'>ἐπὶ</span> <span class='ocrx_word' id='word_1_720' title='bbox 742 5237 834 5290; x_wconf 73' lang='grc' dir='ltr'>τὸν</span> <span class='ocrx_word' id='word_1_721' title='bbox 882 5237 1000 5290; x_wconf 80' lang='grc' dir='ltr'>κατ’</span> <span class='ocrx_word' id='word_1_722' title='bbox 1025 5235 1267 5305; x_wconf 84' lang='grc' dir='ltr'>ἀλλήλων</span> <span class='ocrx_word' id='word_1_723' title='bbox 1301 5234 1533 5304; x_wconf 88' lang='grc' dir='ltr'>πόλεμον</span> <span class='ocrx_word' id='word_1_724' title='bbox 1576 5232 1716 5298; x_wconf 83' lang='grc' dir='ltr'>ἐξοι-</span> 
     </span>
    </p>
   </div>
   <div class='ocr_carea' id='block_1_101' title="bbox 163 5323 1715 5399">
    <p class='ocr_par' dir='ltr' id='par_1_101' title="bbox 163 5323 1715 5399">
     <span class='ocr_line' id='line_1_101' title="bbox 163 5323 1715 5399; baseline -0.003 -18"><span class='ocrx_word' id='word_1_725' title='bbox 163 5329 509 5399; x_wconf 80' lang='grc' dir='ltr'>στρουμένους</span> <span class='ocrx_word' id='word_1_726' title='bbox 531 5345 544 5359; x_wconf 79' lang='grc'><em>’</em></span> <span class='ocrx_word' id='word_1_727' title='bbox 577 5327 715 5380; x_wconf 85' lang='grc' dir='ltr'>ῶστε</span> <span class='ocrx_word' id='word_1_728' title='bbox 737 5327 931 5382; x_wconf 72' lang='grc' dir='ltr'>ἄϐατον</span> <span class='ocrx_word' id='word_1_729' title='bbox 965 5323 1098 5381; x_wconf 74' lang='grc' dir='ltr'>εἶναι</span> <span class='ocrx_word' id='word_1_730' title='bbox 1144 5331 1255 5392; x_wconf 85' lang='grc' dir='ltr'>τοῖς</span> <span class='ocrx_word' id='word_1_731' title='bbox 1300 5323 1715 5397; x_wconf 86' lang='grc' dir='ltr'>πλησιοχώροις,</span> 
     </span>
    </p>
   </div>
   <div class='ocr_carea' id='block_1_102' title="bbox 161 5414 1717 5490">
    <p class='ocr_par' dir='ltr' id='par_1_102' title="bbox 161 5414 1717 5490">
     <span class='ocr_line' id='line_1_102' title="bbox 161 5414 1717 5490; baseline -0.001 -22"><span class='ocrx_word' id='word_1_732' title='bbox 161 5416 501 5489; x_wconf 76' lang='grc' dir='ltr'>ἀνεπίμικτον</span> <span class='ocrx_word' id='word_1_733' title='bbox 523 5436 582 5472; x_wconf 91' lang='grc' dir='ltr'><strong>τε</strong></span> <span class='ocrx_word' id='word_1_734' title='bbox 610 5419 703 5472; x_wconf 71' lang='grc' dir='ltr'>καὶ</span> <span class='ocrx_word' id='word_1_735' title='bbox 728 5419 1087 5490; x_wconf 86' lang='grc' dir='ltr'>ἀκοινώνητον</span> <span class='ocrx_word' id='word_1_736' title='bbox 1114 5418 1204 5472; x_wconf 80' lang='grc' dir='ltr'>τὸν</span> <span class='ocrx_word' id='word_1_737' title='bbox 1232 5418 1351 5472; x_wconf 90' lang='grc' dir='ltr'>τότε</span> <span class='ocrx_word' id='word_1_738' title='bbox 1379 5417 1487 5469; x_wconf 88' lang='grc' dir='ltr'><strong>τῶν</strong></span> <span class='ocrx_word' id='word_1_739' title='bbox 1509 5414 1717 5486; x_wconf 76' lang='grc' dir='ltr'>ανθρώ-</span> 
     </span>
    </p>
   </div>
   <div class='ocr_carea' id='block_1_103' title="bbox 162 5504 1717 5580">
    <p class='ocr_par' dir='ltr' id='par_1_103' title="bbox 162 5504 1717 5580">
     <span class='ocr_line' id='line_1_103' title="bbox 162 5504 1717 5580; baseline -0.001 -21"><span class='ocrx_word' id='word_1_740' title='bbox 162 5521 263 5560; x_wconf 80' lang='grc' dir='ltr'><strong>πων</strong></span> <span class='ocrx_word' id='word_1_741' title='bbox 295 5509 431 5580; x_wconf 87' lang='grc' dir='ltr'>βίον.</span> <span class='ocrx_word' id='word_1_742' title='bbox 459 5509 690 5580; x_wconf 86' lang='grc' dir='ltr'>Βραχεῖς</span> <span class='ocrx_word' id='word_1_743' title='bbox 721 5508 777 5560; x_wconf 79' lang='grc' dir='ltr'>δέ</span> <span class='ocrx_word' id='word_1_744' title='bbox 811 5525 980 5573; x_wconf 87' lang='grc' dir='ltr'>τινας,</span> <span class='ocrx_word' id='word_1_745' title='bbox 1002 5509 1076 5572; x_wconf 85' lang='grc' dir='ltr'>ὡς</span> <span class='ocrx_word' id='word_1_746' title='bbox 1110 5510 1168 5562; x_wconf 87' lang='grc' dir='ltr'><strong>ἐν</strong></span> <span class='ocrx_word' id='word_1_747' title='bbox 1203 5507 1426 5580; x_wconf 80' lang='grc' dir='ltr'>τοιαύτῃ</span> <span class='ocrx_word' id='word_1_748' title='bbox 1455 5504 1717 5559; x_wconf 77' lang='grc' dir='ltr'>καταστά-</span> 
     </span>
    </p>
   </div>
   <div class='ocr_carea' id='block_1_104' title="bbox 165 5593 1714 5671">
    <p class='ocr_par' dir='ltr' id='par_1_104' title="bbox 165 5593 1714 5671">
     <span class='ocr_line' id='line_1_104' title="bbox 165 5593 1714 5671; baseline 0.005 -18"><span class='ocrx_word' id='word_1_749' title='bbox 165 5611 254 5662; x_wconf 82' lang='grc' dir='ltr'>σει,</span> <span class='ocrx_word' id='word_1_750' title='bbox 305 5602 400 5655; x_wconf 80' lang='grc' dir='ltr'><strong>καὶ</strong></span> <span class='ocrx_word' id='word_1_751' title='bbox 451 5600 670 5670; x_wconf 82' lang='grc' dir='ltr'>ἀριθμῷ</span> <span class='ocrx_word' id='word_1_752' title='bbox 721 5599 978 5671; x_wconf 75' lang='grc' dir='ltr'>ληπτοὺς,</span> <span class='ocrx_word' id='word_1_753' title='bbox 1016 5593 1091 5655; x_wconf 85' lang='grc' dir='ltr'>ὧν</span> <span class='ocrx_word' id='word_1_754' title='bbox 1144 5601 1211 5655; x_wconf 74' lang='grc' dir='ltr'>τὰ</span> <span class='ocrx_word' id='word_1_755' title='bbox 1256 5601 1386 5669; x_wconf 87' lang='grc' dir='ltr'>παρ’</span> <span class='ocrx_word' id='word_1_756' title='bbox 1447 5597 1714 5668; x_wconf 77' lang='grc' dir='ltr'>Ἑϐραίοις</span> 
     </span>
    </p>
   </div>
   <div class='ocr_carea' id='block_1_105' title="bbox 225 5774 924 5844">
    <p class='ocr_par' dir='ltr' id='par_1_105' title="bbox 225 5774 924 5844">
     <span class='ocr_line' id='line_1_105' title="bbox 225 5774 924 5844; baseline 0.006 -16"><span class='ocrx_word' id='word_1_757' title='bbox 225 5774 266 5805; x_wconf 67' lang='grc'><strong>’⁸</strong></span> <span class='ocrx_word' id='word_1_758' title='bbox 303 5774 462 5832; x_wconf 76' lang='lat' dir='ltr'><strong>Rom.</strong></span> <span class='ocrx_word' id='word_1_759' title='bbox 504 5793 556 5841; x_wconf 86' lang='grc' dir='ltr'><strong>ι,</strong></span> <span class='ocrx_word' id='word_1_760' title='bbox 593 5776 699 5844; x_wconf 76' lang='grc'><strong>23,</strong></span> <span class='ocrx_word' id='word_1_761' title='bbox 733 5775 924 5832; x_wconf 72' lang='grc'><strong>2123.</strong></span> 
     </span>
    </p>
   </div>
   <div class='ocr_carea' id='block_1_106' title="bbox 1827 4571 3402 4646">
    <p class='ocr_par' dir='ltr' id='par_1_106' title="bbox 1827 4571 3402 4646">
     <span class='ocr_line' id='line_1_106' title="bbox 1827 4571 3402 4646; baseline -0.008 -10"><span class='ocrx_word' id='word_1_762' title='bbox 1827 4584 1881 4637; x_wconf 89' lang='lat' dir='ltr'><strong>in</strong></span> <span class='ocrx_word' id='word_1_763' title='bbox 1907 4579 2322 4636; x_wconf 88' lang='lat' dir='ltr'><strong>similitudinem</strong></span> <span class='ocrx_word' id='word_1_764' title='bbox 2359 4577 2612 4646; x_wconf 84' lang='lat' dir='ltr'><strong>imaginis</strong></span> <span class='ocrx_word' id='word_1_765' title='bbox 2643 4573 3021 4645; x_wconf 85' lang='lat' dir='ltr'><strong>corruptibilis</strong></span> <span class='ocrx_word' id='word_1_766' title='bbox 3057 4571 3316 4634; x_wconf 87' lang='lat' dir='ltr'><strong>hominis,</strong></span> <span class='ocrx_word' id='word_1_767' title='bbox 3345 4578 3402 4626; x_wconf 86' lang='lat' dir='ltr'><strong>et</strong></span> 
     </span>
    </p>
   </div>
   <div class='ocr_carea' id='block_1_107' title="bbox 1825 4661 3402 4738">
    <p class='ocr_par' dir='ltr' id='par_1_107' title="bbox 1825 4661 3402 4738">
     <span class='ocr_line' id='line_1_107' title="bbox 1825 4661 3402 4738; baseline -0.007 -11"><span class='ocrx_word' id='word_1_768' title='bbox 1825 4673 2128 4735; x_wconf 87' lang='lat' dir='ltr'><strong>volucrum,</strong></span> <span class='ocrx_word' id='word_1_769' title='bbox 2149 4677 2204 4723; x_wconf 90' lang='lat' dir='ltr'><strong>et</strong></span> <span class='ocrx_word' id='word_1_770' title='bbox 2223 4667 2658 4738; x_wconf 86' lang='lat' dir='ltr'><strong>quadrupedum,</strong></span> <span class='ocrx_word' id='word_1_771' title='bbox 2684 4673 2736 4720; x_wconf 90' lang='lat' dir='ltr'><strong>et</strong></span> <span class='ocrx_word' id='word_1_772' title='bbox 2755 4664 3160 4734; x_wconf 72' lang='lat' dir='ltr'><strong>serpentium&quot;.</strong></span> <span class='ocrx_word' id='word_1_773' title='bbox 3177 4682 3194 4715; x_wconf 77' lang='grc' dir='ltr'><strong>ι</strong></span> <span class='ocrx_word' id='word_1_774' title='bbox 3215 4661 3402 4732; x_wconf 80' lang='lat' dir='ltr'><strong>Itaque</strong></span> 
     </span>
    </p>
   </div>
   <div class='ocr_carea' id='block_1_108' title="bbox 1825 4760 3400 4830">
    <p class='ocr_par' dir='ltr' id='par_1_108' title="bbox 1825 4760 3400 4830">
     <span class='ocr_line' id='line_1_108' title="bbox 1825 4760 3400 4830; baseline -0.006 -10"><span class='ocrx_word' id='word_1_775' title='bbox 1825 4773 2169 4820; x_wconf 84' lang='lat' dir='ltr'><strong>mortuorum</strong></span> <span class='ocrx_word' id='word_1_776' title='bbox 2213 4764 2460 4817; x_wconf 82' lang='lat' dir='ltr'><strong>virorum</strong></span> <span class='ocrx_word' id='word_1_777' title='bbox 2513 4760 2873 4830; x_wconf 86' lang='lat' dir='ltr'><strong>quorumdam</strong></span> <span class='ocrx_word' id='word_1_778' title='bbox 2919 4760 3219 4828; x_wconf 89' lang='lat' dir='ltr'><strong>potentium</strong></span> <span class='ocrx_word' id='word_1_779' title='bbox 3247 4797 3262 4821; x_wconf 93' lang='lat'><strong>,</strong></span> <span class='ocrx_word' id='word_1_780' title='bbox 3306 4766 3400 4810; x_wconf 87' lang='lat' dir='ltr'><strong>aut</strong></span> 
     </span>
    </p>
   </div>
   <div class='ocr_carea' id='block_1_109' title="bbox 1825 4849 3399 4928">
    <p class='ocr_par' dir='ltr' id='par_1_109' title="bbox 1825 4849 3399 4928">
     <span class='ocr_line' id='line_1_109' title="bbox 1825 4849 3399 4928; baseline -0.008 -17"><span class='ocrx_word' id='word_1_781' title='bbox 1825 4857 1986 4911; x_wconf 89' lang='lat' dir='ltr'><strong>etiam</strong></span> <span class='ocrx_word' id='word_1_782' title='bbox 2005 4865 2359 4928; x_wconf 86' lang='lat' dir='ltr'><strong>tyrannorum</strong></span> <span class='ocrx_word' id='word_1_783' title='bbox 2389 4854 2481 4924; x_wconf 93' lang='lat' dir='ltr'><strong>qui</strong></span> <span class='ocrx_word' id='word_1_784' title='bbox 2507 4853 2809 4922; x_wconf 79' lang='lat' dir='ltr'><strong>antiquitus</strong></span> <span class='ocrx_word' id='word_1_785' title='bbox 2837 4850 3089 4914; x_wconf 81' lang='lat' dir='ltr'><strong>fuissent,</strong></span> <span class='ocrx_word' id='word_1_786' title='bbox 3112 4865 3235 4903; x_wconf 89' lang='lat' dir='ltr'><strong>cum</strong></span> <span class='ocrx_word' id='word_1_787' title='bbox 3262 4849 3399 4901; x_wconf 84' lang='lat' dir='ltr'><strong>ima-</strong></span> 
     </span>
    </p>
   </div>
   <div class='ocr_carea' id='block_1_110' title="bbox 1826 4939 3396 5018">
    <p class='ocr_par' dir='ltr' id='par_1_110' title="bbox 1826 4939 3396 5018">
     <span class='ocr_line' id='line_1_110' title="bbox 1826 4939 3396 5018; baseline -0.008 -18"><span class='ocrx_word' id='word_1_788' title='bbox 1826 4949 1979 5018; x_wconf 85' lang='lat' dir='ltr'><strong>gines</strong></span> <span class='ocrx_word' id='word_1_789' title='bbox 2011 4962 2109 5017; x_wconf 91' lang='lat' dir='ltr'><strong>pro</strong></span> <span class='ocrx_word' id='word_1_790' title='bbox 2140 4946 2454 5001; x_wconf 87' lang='lat' dir='ltr'><strong>simulacris</strong></span> <span class='ocrx_word' id='word_1_791' title='bbox 2513 4944 2821 4999; x_wconf 80' lang='lat' dir='ltr'><strong>erexissent</strong></span> <span class='ocrx_word' id='word_1_792' title='bbox 2850 4981 2864 5004; x_wconf 95' lang='lat'><strong>,</strong></span> <span class='ocrx_word' id='word_1_793' title='bbox 2905 4941 3099 5009; x_wconf 88' lang='lat' dir='ltr'><strong>bisque</strong></span> <span class='ocrx_word' id='word_1_794' title='bbox 3152 4939 3396 4992; x_wconf 89' lang='lat' dir='ltr'><strong>divimun</strong></span> 
     </span>
    </p>
   </div>
   <div class='ocr_carea' id='block_1_111' title="bbox 1825 5026 3398 5101">
    <p class='ocr_par' dir='ltr' id='par_1_111' title="bbox 1825 5026 3398 5101">
     <span class='ocr_line' id='line_1_111' title="bbox 1825 5026 3398 5101; baseline -0.01 -7"><span class='ocrx_word' id='word_1_795' title='bbox 1825 5040 2144 5094; x_wconf 88' lang='lat' dir='ltr'><strong>tribuissent</strong></span> <span class='ocrx_word' id='word_1_796' title='bbox 2172 5038 2400 5101; x_wconf 84' lang='lat' dir='ltr'><strong>cultum,</strong></span> <span class='ocrx_word' id='word_1_797' title='bbox 2434 5044 2549 5090; x_wconf 89' lang='lat' dir='ltr'><strong>tum</strong></span> <span class='ocrx_word' id='word_1_798' title='bbox 2587 5034 2849 5089; x_wconf 80' lang='lat' dir='ltr'><strong>deformia</strong></span> <span class='ocrx_word' id='word_1_799' title='bbox 2912 5041 3074 5101; x_wconf 91' lang='lat' dir='ltr'><strong>atque</strong></span> <span class='ocrx_word' id='word_1_800' title='bbox 3123 5026 3398 5097; x_wconf 82' lang='lat' dir='ltr'><strong>impudica</strong></span> 
     </span>
    </p>
   </div>
   <div class='ocr_carea' id='block_1_112' title="bbox 1826 5120 3421 5199">
    <p class='ocr_par' dir='ltr' id='par_1_112' title="bbox 1826 5120 3421 5199">
     <span class='ocr_line' id='line_1_112' title="bbox 1826 5120 3421 5199; baseline -0.012 -12"><span class='ocrx_word' id='word_1_801' title='bbox 1826 5131 2139 5188; x_wconf 91' lang='lat' dir='ltr'><strong>eorumdem</strong></span> <span class='ocrx_word' id='word_1_802' title='bbox 2196 5129 2339 5184; x_wconf 84' lang='lat' dir='ltr'><strong>facta</strong></span> <span class='ocrx_word' id='word_1_803' title='bbox 2386 5128 2544 5199; x_wconf 91' lang='lat' dir='ltr'><strong>quasi</strong></span> <span class='ocrx_word' id='word_1_804' title='bbox 2597 5127 2820 5181; x_wconf 90' lang='lat' dir='ltr'><strong>deorum</strong></span> <span class='ocrx_word' id='word_1_805' title='bbox 2855 5130 3005 5191; x_wconf 86' lang='lat' dir='ltr'><strong>gesta</strong></span> <span class='ocrx_word' id='word_1_806' title='bbox 3031 5120 3421 5190; x_wconf 71' lang='lat' dir='ltr'><strong>pulcherrima-</strong></span> 
     </span>
    </p>
   </div>
   <div class='ocr_carea' id='block_1_113' title="bbox 1823 5214 3392 5293">
    <p class='ocr_par' dir='ltr' id='par_1_113' title="bbox 1823 5214 3392 5293">
     <span class='ocr_line' id='line_1_113' title="bbox 1823 5214 3392 5293; baseline -0.009 -17"><span class='ocrx_word' id='word_1_807' title='bbox 1823 5225 2094 5288; x_wconf 83' lang='lat' dir='ltr'><strong>venerari,</strong></span> <span class='ocrx_word' id='word_1_808' title='bbox 2110 5223 2431 5293; x_wconf 85' lang='lat' dir='ltr'><strong>theologicis</strong></span> <span class='ocrx_word' id='word_1_809' title='bbox 2448 5219 2774 5292; x_wconf 89' lang='lat' dir='ltr'><strong>quibusdam</strong></span> <span class='ocrx_word' id='word_1_810' title='bbox 2793 5217 2990 5268; x_wconf 84' lang='lat' dir='ltr'><strong>ritibus</strong></span> <span class='ocrx_word' id='word_1_811' title='bbox 3014 5214 3392 5267; x_wconf 85' lang='lat' dir='ltr'><strong>instituerunt.</strong></span> 
     </span>
    </p>
   </div>
   <div class='ocr_carea' id='block_1_114' title="bbox 1823 5303 3393 5385">
    <p class='ocr_par' dir='ltr' id='par_1_114' title="bbox 1823 5303 3393 5385">
     <span class='ocr_line' id='line_1_114' title="bbox 1823 5303 3393 5385; baseline -0.008 -16"><span class='ocrx_word' id='word_1_812' title='bbox 1823 5316 1926 5383; x_wconf 86' lang='lat' dir='ltr'><strong>Qui</strong></span> <span class='ocrx_word' id='word_1_813' title='bbox 1964 5315 2128 5385; x_wconf 78' lang='lat' dir='ltr'><strong>igitur</strong></span> <span class='ocrx_word' id='word_1_814' title='bbox 2162 5313 2276 5368; x_wconf 85' lang='lat' dir='ltr'><strong>ﬁeri</strong></span> <span class='ocrx_word' id='word_1_815' title='bbox 2330 5314 2599 5383; x_wconf 90' lang='lat' dir='ltr'><strong>potuisset</strong></span> <span class='ocrx_word' id='word_1_816' title='bbox 2633 5320 2690 5365; x_wconf 92' lang='lat' dir='ltr'><strong>ut</strong></span> <span class='ocrx_word' id='word_1_817' title='bbox 2742 5311 2795 5364; x_wconf 88' lang='lat' dir='ltr'><strong>iu</strong></span> <span class='ocrx_word' id='word_1_818' title='bbox 2831 5308 2923 5361; x_wconf 89' lang='lat' dir='ltr'><strong>tali</strong></span> <span class='ocrx_word' id='word_1_819' title='bbox 2957 5314 3102 5361; x_wconf 84' lang='lat' dir='ltr'><strong>statu</strong></span> <span class='ocrx_word' id='word_1_820' title='bbox 3139 5305 3263 5358; x_wconf 65' lang='lat' dir='ltr'><strong>vitae</strong></span> <span class='ocrx_word' id='word_1_821' title='bbox 3297 5303 3393 5357; x_wconf 90' lang='lat' dir='ltr'><strong>de-</strong></span> 
     </span>
    </p>
   </div>
   <div class='ocr_carea' id='block_1_115' title="bbox 1821 5398 3395 5480">
    <p class='ocr_par' dir='ltr' id='par_1_115' title="bbox 1821 5398 3395 5480">
     <span class='ocr_line' id='line_1_115' title="bbox 1821 5398 3395 5480; baseline -0.008 -18"><span class='ocrx_word' id='word_1_822' title='bbox 1821 5408 2093 5480; x_wconf 85' lang='lat' dir='ltr'><strong>gentibus,</strong></span> <span class='ocrx_word' id='word_1_823' title='bbox 2131 5413 2293 5476; x_wconf 90' lang='lat' dir='ltr'><strong>atque</strong></span> <span class='ocrx_word' id='word_1_824' title='bbox 2321 5406 2372 5458; x_wconf 89' lang='lat' dir='ltr'><strong>in</strong></span> <span class='ocrx_word' id='word_1_825' title='bbox 2401 5413 2547 5458; x_wconf 89' lang='lat' dir='ltr'><strong>tanta</strong></span> <span class='ocrx_word' id='word_1_826' title='bbox 2600 5402 2974 5472; x_wconf 81' lang='lat' dir='ltr'><strong>profunditate</strong></span> <span class='ocrx_word' id='word_1_827' title='bbox 3014 5398 3235 5453; x_wconf 59' lang='lat' dir='ltr'><strong>malitia:</strong></span> <span class='ocrx_word' id='word_1_828' title='bbox 3265 5412 3395 5451; x_wconf 83' lang='lat' dir='ltr'><strong>ver-</strong></span> 
     </span>
    </p>
   </div>
   <div class='ocr_carea' id='block_1_116' title="bbox 1821 5489 3388 5569">
    <p class='ocr_par' dir='ltr' id='par_1_116' title="bbox 1821 5489 3388 5569">
     <span class='ocr_line' id='line_1_116' title="bbox 1821 5489 3388 5569; baseline -0.01 -12"><span class='ocrx_word' id='word_1_829' title='bbox 1821 5501 2092 5564; x_wconf 88' lang='lat' dir='ltr'><strong>santibus,</strong></span> <span class='ocrx_word' id='word_1_830' title='bbox 2125 5498 2587 5569; x_wconf 90' lang='lat' dir='ltr'><strong>sapientissimum</strong></span> <span class='ocrx_word' id='word_1_831' title='bbox 2617 5504 2779 5566; x_wconf 90' lang='lat' dir='ltr'><strong>atque</strong></span> <span class='ocrx_word' id='word_1_832' title='bbox 2814 5508 3030 5547; x_wconf 88' lang='lat' dir='ltr'><strong>onmem</strong></span> <span class='ocrx_word' id='word_1_833' title='bbox 3054 5492 3306 5545; x_wconf 86' lang='lat' dir='ltr'><strong>virtutem</strong></span> <span class='ocrx_word' id='word_1_834' title='bbox 3333 5489 3388 5543; x_wconf 87' lang='lat' dir='ltr'><strong>in</strong></span> 
     </span>
    </p>
   </div>
   <div class='ocr_carea' id='block_1_117' title="bbox 1822 5581 3379 5655">
    <p class='ocr_par' dir='ltr' id='par_1_117' title="bbox 1822 5581 3379 5655">
     <span class='ocr_line' id='line_1_117' title="bbox 1822 5581 3379 5655; baseline -0.008 -7"><span class='ocrx_word' id='word_1_835' title='bbox 1822 5609 1881 5648; x_wconf 89' lang='lat' dir='ltr'><strong>se</strong></span> <span class='ocrx_word' id='word_1_836' title='bbox 1903 5594 2187 5648; x_wconf 85' lang='lat' dir='ltr'><strong>continens</strong></span> <span class='ocrx_word' id='word_1_837' title='bbox 2215 5589 2420 5645; x_wconf 88' lang='lat' dir='ltr'><strong>Christi</strong></span> <span class='ocrx_word' id='word_1_838' title='bbox 2451 5587 2709 5652; x_wconf 84' lang='lat' dir='ltr'><strong>Verbum,</strong></span> <span class='ocrx_word' id='word_1_839' title='bbox 2733 5586 2860 5640; x_wconf 90' lang='lat' dir='ltr'><strong>dum</strong></span> <span class='ocrx_word' id='word_1_840' title='bbox 2895 5598 3164 5642; x_wconf 89' lang='lat' dir='ltr'><strong>summam</strong></span> <span class='ocrx_word' id='word_1_841' title='bbox 3199 5581 3379 5655; x_wconf 75' lang='lat' dir='ltr'><strong>perle-</strong></span> 
     </span>
    </p>
   </div>
  </div>
