3928 6564
432 373 530 432 571

1116 366 1385 421 EUSLBII
1419 363 1894 422 CESARIENSIS
1933 366 2081 422 OPP.
2123 363 2304 420 PARS
2339 361 2494 418 ll.—
2529 351 3034 420 APOLOGETICA.‘

3578 365 3687 423 572

433 495 690 559 ctamque
720 489 938 542 nuntiat
989 487 1413 558 philosophiam,
1453 486 1964 542 accommodaretur
1995 487 2020 540 ?

2127 485 2449 557 μνημονεύει
2499 484 2675 554 λόγια,
2733 483 2997 554 θεοφιλεῖς
3047 481 3304 554 εὑροῦσα,
3355 481 3549 550 τούτοις
3592 489 3686 544 διὰ

435 577 782 650 Quapropter
808 581 930 634 illos
965 579 1151 634 divina
1207 579 1497 648 omniaque
1549 594 1752 634 curans
1776 579 2010 648 justitia,

435 671 596 741 quasi
630 679 900 742 agrestem
932 679 985 725 ct
1011 671 1461 726 nocentissimam
1499 670 1694 725 silvam
1726 670 2015 727 attondens

437 770 601 832 atque
631 771 946 832 amputans,
967 775 1114 815 nunc
1144 762 1364 831 quidem
1386 761 1630 826 diluviis,
1668 776 1816 816 nunc
1833 769 2014 816 autem

436 852 704 909 incendiis
728 854 1028 923 castigabat
1053 871 1067 908 :
1102 852 1376 908 interdum
1407 869 1538 909 vero
1555 852 1778 909 eosdem
1809 853 2016 908 mutuis

439 946 598 1001 bellis
641 952 697 1000 et
747 946 990 1001 caedibus
1021 955 1075 1001 et
1108 944 1494 1001 obsidionibus
1542 946 1784 1002 assiduis
1833 945 2019 1001 trade-

437 1039 550 1104 bat,
595 1038 800 1110 quippe
841 1054 980 1109 quos
1010 1039 1114 1108 ipsi
1148 1039 1444 1103 daemones,
1485 1040 1627 1109 ipsi,
1658 1040 1904 1110 inquam,
1939 1039 2017 1094 illi

436 1148 576 1202 quos
601 1131 733 1186 deos
764 1147 895 1186 suos
923 1131 1245 1196 censebant,
1272 1132 1327 1184 in
1347 1131 1563 1187 furores
1589 1132 1878 1196 bellorum,
1896 1131 2021 1202 qui-

439 1227 542 1278 bus
573 1230 766 1278 contra
805 1238 864 1278 se
898 1221 1131 1276 invicem
1167 1228 1569 1291 grassarentur,
1596 1220 2017 1279 inllammarent.

440 1313 521 1369 Ex
566 1328 678 1384 quo
725 1312 889 1367 liehat
940 1321 999 1366 ut
1032 1313 1214 1367 nullos
1244 1312 1385 1368 inter
1427 1327 1488 1368 se
1541 1311 1722 1368 aditus
1757 1312 2023 1370 haberent

441 1405 682 1471 ﬁnitimi,
734 1405 830 1460 sed
863 1405 1202 1476 impermista
1238 1404 1886 1476 incommunicabilisque
1919 1405 2022 1460 ho-

440 1508 650 1561 minum
683 1513 838 1563 esset
873 1506 985 1562 illis
1022 1505 1364 1577 temporibus
1406 1507 1538 1562 vita.
1573 1506 1786 1564 Paucos
1839 1515 2021 1565 autem

441 1595 731 1665 quosdam,
769 1603 828 1649 ut
863 1597 920 1649 in
950 1595 1222 1666 ejusmodi
1258 1604 1425 1660 statu,
1479 1603 1534 1651 et
1577 1595 1736 1651 facile
1767 1609 2016 1650 numera-

441 1686 855 1756 biles,quorum
905 1702 1064 1742 sacra
1095 1686 1242 1758 apud
1266 1687 1523 1743 Hebraeos
1570 1689 1795 1742 oracula
1827 1686 2021 1742 memi-

441 1774 774 1843 nerunt,Dei
794 1777 1074 1833 studiosos
1109 1779 1425 1847 amicosque
1457 1786 1642 1847 nacta,
1671 1779 1772 1834 hos
1804 1779 1954 1850 ipsos
1969 1784 2023 1832 et

2115 575 2379 648 χρησμῶν
2425 577 2519 629 καὶ
2564 575 2844 647 θειοτέρας
2875 574 3196 642 ἐπιφανείας
3239 574 3455 644 ὡμίλει,
3492 576 3690 642 δεξιου-

2121 668 2258 740 μένη
2291 670 2416 734 τοὺς
2453 669 2652 740 ἄνδρας
2673 668 2767 722 καὶ
2790 667 3164 740 θεραπεύουσα
3188 667 3373 739 νόμοις
3403 672 3508 732 τοῖς
3537 673 3692 742 παρὰ.

2117 760 2397 824 Μωῡσέως
2429 762 2810 829 είσαγωγικοτς
2841 760 2934 812 καὶ
2965 757 3303 830 βιωφελέσιν.
3338 758 3472 812 Ἀλλ’
3495 761 3575 814 ὅτε
3613 763 3692 835 δὴ

2118 853 2184 904 ἐκ
2236 852 2335 923 τῆς
2391 851 2601 915 τούτοις
2647 851 2998 922 διαταγείσης
3047 850 3370 922 νομοθεσίας
3396 851 3458 905 εκ
3493 869 3546 906 τε
3575 855 3693 908 τῶν

2122 943 2258 1014 μετά
2289 943 2463 998 ταῦτα
2495 942 2847 1016 προφητικῶν
2883 942 3223 1014 μαθημάτων
3254 945 3337 1007 είς
3365 943 3561 1008 πάντας
3591 946 3695 998 ἀν-

2119 1033 2367 1107 θρώπους
2416 1034 2643 1098 εὐωδίας
2689 1035 2848 1105 δίκην
2908 1034 3311 1106 προχεομὲνων,
3348 1033 3448 1105 ήδη
3505 1033 3695 1087 λοιπὸν

2119 1125 2372 1196 ήμέρωτο
2400 1124 2504 1178 τῶν
2529 1123 2738 1180 πολλῶν
2768 1125 2837 1178 τὰ
2869 1124 3214 1196 φρονήματα,
3245 1126 3359 1187 τοῖς
3391 1141 3446 1176 τε
3480 1124 3696 1190 πολλοῖς

2119 1217 2295 1272 ἔθνεσι
2338 1218 2602 1271 πολιτεῖαι
2643 1219 2736 1271 καὶ
2770 1216 3083 1288 νομοθεσίαι
3131 1218 3467 1284 συνίσταντο,
3494 1219 3696 1288 ἀρετῆς

2120 1326 2178 1362 τε
2226 1310 2318 1362 καὶ
2351 1309 2664 1379 φιλοσοφίας
2707 1309 2879 1381 ὄνομα
2926 1307 3076 1380 παρὰ
3106 1313 3218 1374 τοῖς
3242 1310 3455 1373 πολλοῖς
3481 1311 3691 1376 ἐϐοᾶτο,

2119 1401 2194 1464 ὠς
2218 1401 2282 1456 ἂν
2319 1401 2676 1473 πεπαυμένης
2714 1402 2812 1472 τῆς
2849 1401 3083 1466 παλαιᾶς
3131 1402 3440 1475 θηριωδίας,
3480 1420 3683 1474 μετατιο

2122 1493 2356 1565 θεμένης
2399 1493 2456 1547 δὲ
2493 1494 2594 1565 τῆς
2628 1494 2826 1565 ἀγρίας
2865 1495 2958 1547 καὶ
2991 1494 3231 1566 ἀπηνοῦς
3261 1494 3472 1564 διαίτης
3497 1495 3584 1547 ἐπὶ
3623 1496 3694 1548 τὸ

2123 1587 2442 1656 πραότερον,
2468 1585 2631 1649 αὐτὸς
2662 1585 2762 1658 ἥδη
2801 1586 2984 1640 λοιπὸν
3017 1585 3157 1640 κατά
3202 1586 3391 1658 καιρὸν
3420 1585 3509 1639 τὸν
3527 1604 3682 1659 προσ-

2121 1680 2321 1750 ήκοντα
2361 1680 2389 1732 ὁ
2429 1678 2538 1731 τῶν
2569 1678 2788 1733 τελείων
2817 1697 2874 1732 τε
2899 1680 2990 1733 καὶ
3014 1679 3279 1751 οὐρανίων
3311 1680 3589 1749 δογμάτων
3628 1697 3695 1733 τε

2123 1771 2216 1824 καὶ
2249 1769 2583 1842 μαθημάτων
2616 1771 2820 1836 τέλειος
2867 1772 2962 1826 καὶ
3008 1772 3256 1843 οὐράνιος
3294 1770 3628 1833 διδάσκαλος,
3668 1773 3699 1824 ὁ

440 1867 726 1936 responsis
757 1868 1163 1940 alloquebatur,
1192 1876 1247 1924 et
1277 1869 1344 1924 ad
1380 1868 1599 1926 divinas
1630 1871 1873 1926 visiones
1920 1869 2018 1923 ad-

2127 1862 2218 1933 τῆς
2249 1861 2482 1933 ἀληθοῦς
2525 1863 2854 1932 θεογνωσίας
2901 1865 3257 1933 εἰσαγωγεύς,
3291 1866 3320 1916 ὁ
3355 1863 3488 1927 Θεὸς
3525 1863 3699 1931 Λόγος

440 1965 714 2030 mittebat,
748 1968 1081 2038 eosdemque
1132 1968 1350 2023 interim
1381 1970 1540 2040 quasi
1574 1984 1741 2023 manu
1796 1977 2024 2039 captans

442 2060 693 2124 curabat,
725 2070 779 2116 et
813 2061 1045 2131 legibus,
1089 2076 1230 2132 quas
1271 2060 1450 2117 Moses
1503 2063 1721 2126 ﬁxerat,
1765 2061 2027 2116 cultiores

442 2151 723 2219 reddebat.
751 2151 856 2208 Sed
883 2153 972 2208 ubi
993 2152 1108 2223 jam
1133 2169 1200 2208 ex
1232 2153 1445 2224 legibus
1460 2170 1583 2224 quae
1601 2154 1687 2209 his
1716 2154 1851 2222 ipsis
1888 2152 2026 2207 data:

442 2241 682 2311 fuerant,
729 2251 894 2315 atque
926 2261 992 2300 ex
1024 2246 1362 2316 pr0pheticis
1417 2246 1648 2316 posthac
1693 2244 2024 2315 disciplinis,

440 2338 499 2392 in
523 2353 713 2393 omnes
743 2338 996 2394 homines
1029 2339 1342 2410 fragrantia:
1375 2339 1667 2409 cujusdam
1698 2339 1874 2394 instar
1895 2351 2024 2407 pro-

443 2431 602 2495 fusis,
624 2432 768 2503 quod
793 2441 1100 2502 supererat,
1124 2434 1419 2490 multorum
1435 2433 1603 2487 animi
1629 2431 2027 2488 mansuetiores

443 2547 751 2603 evaserant,
771 2537 932 2609 365
951 2540 1245 2610 multisque
1267 2539 1520 2610 gentibus
1539 2546 1594 2594 et
1610 2538 1800 2594 civiles
1821 2551 2024 2602 mores,

443 2639 496 2681 et
540 2628 717 2698 legum
765 2630 1143 2687 institutiones
1199 2632 1572 2696 constabant,
1605 2631 1935 2701 virtutisque
1963 2644 2030 2687 ac

443 2720 806 2790 phil050phiae
831 2737 1035 2777 nomen
1063 2722 1209 2799 apud
1244 2723 1448 2778 multos
1475 2721 1823 2790 audiebatur,
1860 2721 2024 2793 quasi

441 2812 623 2880 prisca
656 2813 746 2866 illa
803 2812 1019 2868 feritate
1040 2813 1346 2877 desinente,
1377 2822 1431 2868 et
1463 2813 1665 2883 agresti
1693 2813 2030 2884 immanique

443 2903 594 2957 victu
656 2905 714 2958 in
764 2905 1037 2958 mitiorem
1063 2904 1177 2974 jam
1221 2912 1580 2969 commutato,
1613 2905 1733 2976 ipse
1759 2905 1871 2976 jam
1915 2914 2028 2960 tum

447 2997 712 3064 temporis
743 2997 1206 3066 opportunitatem
1240 3007 1454 3062 nactus,
1490 2998 1608 3069 ipse
1640 2998 1866 3069 inquam
1913 3014 2032 3071 per-

447 3084 714 3142 fectorum
742 3089 1159 3160 ctelestiumque
1187 3089 1565 3144 institutorum
1589 3091 2031 3160 disciplinarum-

445 3195 552 3248 que
581 3178 856 3248 perfectus
873 3181 1222 3254 caelestisque
1239 3181 1516 3252 magister,
1543 3198 1784 3252 veraeque
1805 3183 1897 3239 Dei
1917 3199 2030 3238 no—
2057 3199 2097 3255 ο

447 3271 581 3326 titize
637 3270 981 3328 introductor
1017 3273 1160 3329 Deus
1192 3272 1436 3330 Verbum
1469 3273 1711 3344 seipsum
1753 3274 2024 3338 exhibuit,

447 3363 516 3417 ad
564 3365 943 3435 przescriptum
996 3367 1250 3421 humana:
1280 3383 1313 3422 a
1346 3382 1406 3422 se
1430 3367 1776 3423 assumenda:
1822 3375 2030 3422 naturae

446 3472 683 3535 tempus,
714 3481 988 3537 unamque
1044 3469 1298 3539 gentibus
1355 3467 1630 3524 universis
1665 3478 1774 3521 tam
1828 3467 2030 3524 Graecis

447 3549 912 3626 quam'barbaris,
948 3561 1098 3615 omni
1130 3562 1320 3632 utique
1351 3561 1596 3617 humano
1625 3561 1832 3632 generi,
1853 3560 2031 3615 Patris

449 3647 535 3702 sui
565 3649 909 3704 clementiam
937 3651 1302 3723 pietatemque
1335 3653 1596 3707 nuntiare
1619 3660 1736 3706 tum
1764 3651 1953 3721 cmpit,
1978 3657 2032 3706 et

449 3743 517 3796 ad
548 3758 711 3797 unam
740 3752 971 3800 cunctos
1004 3745 1256 3800 homines
1308 3745 1364 3798 in
1398 3744 1508 3800 Deo
1537 3744 1817 3799 adhortari
1869 3743 2033 3798 salu-

450 3841 582 3896 tem,
616 3835 900 3905 ipsamque
930 3835 1215 3890 veritatem
1246 3850 1497 3904 verzeque
1528 3834 2030 3905 religionislumen,

451 3943 553 3982 nec
584 3941 693 3982 non
726 3929 951 3984 caeleste
1012 3943 1241 3998 regnum
1272 3941 1336 3979 ac
1368 3926 1716 3996 sempiterna:
1747 3925 1874 3980 vita:
1906 3941 2032 3995 pro-

453 4017 794 4080 n‘iissionem,
817 4017 1075 4072 omnibus
1099 4018 1214 4088 ipse
1243 4015 1393 4086 prior
1423 4015 1695 4086 spondere
1724 4028 1789 4070 ac
1818 4029 2029 4084 parare.

456 4105 733 4163 llactenus
789 4109 956 4179 igitur
1012 4109 1126 4163 hac
1183 4108 1331 4162 dicta
1390 4106 1502 4163 sint
1552 4107 1622 4162 de
1677 4105 2030 4176 temporibus,

455 4223 618 4278 quam
679 4209 866 4280 utique
895 4210 965 4266 ob
994 4225 1218 4265 causam
1262 4225 1375 4266 non
1417 4211 1531 4282 jam
1579 4210 1672 4265 diu
1699 4251 1714 4275 ,
1758 4209 1855 4266 scd
1888 4225 2035 4266 nunc

455 4307 696 4374 demum,
733 4310 989 4366 Christus
1027 4309 1120 4364 Dei
1149 4310 1206 4364 in
1236 4325 1428 4366 omnes
1476 4309 1728 4366 homines
1760 4325 1921 4365 suum
1949 4312 2038 4365 lu-

458 4423 583 4463 men
643 4409 904 4464 emiserit.
960 4407 1231 4463 Czeterum
1279 4407 1346 4462 ad
1386 4407 1672 4478 superiora
1720 4408 2034 4471 redeuntes,

2125 1954 2388 2024 ὲπέφανεν
2431 1955 2642 2017 ἑαυτὸν,
2678 1955 2820 2009 κατά
2849 1956 2942 2010 τὸν
2974 1957 3360 2027 ὑπογραφέντα
3411 1955 3513 2026 τῆς
3542 1957 3699 2008 tvm-

2125 2045 2456 2118 θρωπήσεως
2489 2047 2652 2100 αὑτοῦ
2686 2046 2896 2119 χρόνον,
2948 2046 3072 2118 μίαν
3118 2050 3228 2110 τοῖς
3271 2048 3436 2101 πᾶσιν
3468 2045 3700 2110 ἔθνεσιν,

2129 2136 2348 2207 Ἕλλησί
2397 2153 2455 2190 τε
2509 2137 2604 2190 καὶ
2660 2137 2972 2209 βαρϐάροις,
2998 2137 3075 2209 τῷ
3107 2155 3166 2191 τε
3214 2137 3378 2191 παντὶ
3413 2135 3558 2191 ἔθνει
3590 2136 3702 2191 τῶν

2125 2227 2426 2301 ἀνθρώπων
2472 2229 2572 2302 τὴν
2608 2229 2704 2284 τοῦ
2743 2230 2956 2302 Πατρὸς
2989 2229 3393 2302 φιλανθρωπίαν
3426 2230 3700 2298 εὐαγγελι-

2128 2319 2372 2391 ζόμενος,
2404 2321 2496 2374 ἐπὶ
2529 2322 2658 2392 μίαν
2686 2339 2745 2374 τε
2776 2323 2903 2385 τοὺς
2945 2322 3149 2386 πάντας
3173 2321 3473 2393 παρορμῶν
3501 2324 3559 2375 ὲν
3583 2323 3703 2394 Θεῷ

2131 2411 2420 2482 σωτηρίαν,
2457 2411 2711 2482 ἀλήθειάν
2737 2427 2796 2465 τε
2829 2412 2996 2484 αὐτὴν
3022 2413 3116 2465 καὶ⁵
3143 2413 3259 2482 φῶς
3285 2411 3520 2484 ἀληθοῦς
3552 2411 3703 2464 stiss-

2129 2501 2299 2566 ϐείας,
2321 2501 2593 2572 βασιλείαν
2622 2519 2680 2556 τε
2713 2503 2771 2556 ού
2782 2502 2977 2574 ρανῶν,
3002 2503 3094 2556 καὶ
3117 2503 3334 2557 αἰωνίου
3361 2501 3509 2574 ζωῆς
3531 2503 3703 2572 ἐπαγ-

2128 2592 2313 2662 γελίαν
2343 2595 2456 2656 τοῖς
2487 2594 2622 2646 πᾶσι
2662 2593 3070 2665 προμνώμενος.
3104 2593 3287 2648 Ταῦτα
3322 2595 3420 2666 μὲν
3447 2589 3542 2652 οῦν
3576 2594 3705 2665 περὶ

2127 2683 2235 2736 τῶν
2261 2683 2466 2754 χρόνων
2494 2682 2750 2754 εἰρήσθω,
2784 2683 2851 2736 δι’
2877 2685 2942 2755 ἦν
2966 2684 3145 2738 αἰτίαν
3175 2684 3288 2750 νῦν,
3308 2683 3421 2737 ἀλλ’
3442 2685 3506 2737 οὐ
3537 2684 3704 2738 πάλαι

2131 2775 2392 2848 πρότερον
2439 2777 2468 2827 ὁ
2499 2773 2728 2846 Χριστὸς
2758 2773 2850 2828 τοῦ
2880 2774 3013 2829 Θεοῦ
3043 2777 3122 2840 εἰς
3147 2776 3353 2840 πάντας
3399 2774 3706 2846 ἐξέλαμψεν

2131 2865 2472 2937 ἀνθρώπους.
2505 2865 2641 2937 Φέρε
2685 2864 2744 2918 δὲ
2787 2865 3171 2930 ἐπανελθόντες
3207 2866 3314 2919 τῶν
3359 2867 3569 2938 χρόνων
3607 2867 3704 2936 τῆς

2129 2956 2364 3026 ἀφίξεως
2393 2956 2556 3010 αὐτοῦ
2585 2955 2652 3009 τά
2683 2958 2884 3027 σημεῖα
2904 2957 3045 3011 κατά
3069 2958 3230 3030 μέρος
3256 2957 3707 3028 ἐπισκεψώμεθα,

2127 3048 2227 3112 τὰς
2272 3047 2632 3118 εύαγγελικάς
2667 3049 2794 3121 περὶ
2822 3049 2923 3122 τῆς
2951 3050 3215 3119 γενέσεως
3245 3048 3405 3103 αὐτοῦ
3441 3049 3627 3119 φωνὰς
3651 3051 3706 3102 ἐν

2132 3139 2366 3212 πρώτοις
2389 3141 2554 3212 ὲπιση
2564 3141 2949 3213 μειωσάμενοι.
2997 3144 3052 3195 Ὁ
3084 3142 3181 3213 μὲν
3208 3137 3300 3196 οὖν
3319 3140 3598 3205 Ματθαῖος
3618 3141 3708 3196 τὸν

2132 3232 2318 3304 χρόνον
2336 3232 2436 3302 τῆς
2464 3231 2730 3304 ὲνσάρκου
2763 3232 2930 3286 αὑτοῦ
2960 3232 3274 3303 ἐπιφανείας
3293 3226 3396 3285 ὧδέ
3424 3249 3541 3296 πως
3569 3235 3706 3285 ἱστο-

2133 3328 2217 3396 ρεῖ
2245 3323 2446 3393 λέγων’
2488 3344 2506 3377 ι
2549 3325 2656 3380 Τοῦ
2689 3326 2747 3380 δὲ
2788 3326 2961 3398 Ἰησοῦ
2992 3326 3338 3397 γεννηθέντος
3367 3327 3426 3378 ἐν
3459 3325 3708 3397 Βηθλεὲμ

2130 3415 2232 3486 τῆς
2275 3417 2556 3483 Ἰουδαίας,
2589 3422 2649 3473 ὲν
2695 3420 2930 3491 ἡμέραις
2968 3417 3202 3491 Ἡρώδου
3235 3418 3327 3471 τοῦ
3364 3417 3704 3487 βασιλέως»

2132 3510 2226 3562 καὶ
2258 3511 2373 3580 μετ’
2405 3510 2561 3580 ὀλίγα
2589 3513 2753 3584 φησίν
2773 3529 2786 3542 °
2813 3531 2831 3564 ι
2875 3513 3139 3576 Ἀκούσας
3167 3512 3244 3576 δὲ,
3275 3512 3356 3565 ὅτι
3419 3511 3708 3582 Ἀρχέλαος

2135 3599 2406 3670 βασιλεύει
2447 3602 2548 3674 τῆς
2593 3603 2849 3668 Ἰουδαίας
2895 3604 3015 3657 ἀντὶ⁸
3059 3602 3295 3674 Ἡρώδου
3351 3601 3444 3655 τοῦ
3506 3601 3708 3672 πατρὸς

2133 3693 2321 3748 αὑτοῦ.
2367 3713 2385 3745 ι
2431 3694 2490 3748 '0
2532 3694 2587 3748 δὲ
2641 3695 2856 3758 Λουκᾶς
2886 3695 2980 3748 τὸν
3009 3695 3108 3765 τῆς
3155 3693 3507 3756 διδασκαλίας
3545 3690 3708 3746 αὐτοῦ

2134 3785 2228 3838 καὶ
2255 3785 2570 3851 ἀναδείξεως
2601 3785 2791 3857 χρόνον
2825 3785 3136 3859 παρέστησε
3164 3785 3340 3855 λέγων
3361 3803 3374 3816 ·
3417 3805 3435 3837 ι
3478 3785 3566 3838 Ἐν
3605 3786 3708 3837 ἔτει

2135 3877 2602 3948 πεντεκαιδεκάτῳ
2645 3878 2744 3948 τῆς
2785 3877 3081 3949 ἡγεμονίας
3121 3878 3371 3949 Τιϐερίου
3410 3876 3706 3950 Καίσαρος,

2134 3969 2579 4041 ἐπιτροπεύοντος
2623 3970 2844 4022 Ποντίου
2879 3971 3111 4024 Πιλάτου
3153 3971 3251 4041 τῆς
3305 3968 3590 4033 Ἰουδαίας,
3623 3984 3708 4020 τε-

2134 4062 2496 4133 τραρχοῦντος
2521 4063 2577 4116 δὲ
2599 4065 2697 4134 τῆς
2729 4064 3017 4129 Γαλιλαίας
3061 4065 3321 4136 Ἡρώδου,
3356 4063 3624 4116 Φιλίππου
3657 4061 3708 4113 δὲ

2133 4154 2225 4209 τοῦ
2251 4155 2476 4226 ἀδελφοῦ
2511 4157 2675 4211 αὐτοῦ
2713 4157 3134 4229 τετραρχοῦντος
3160 4158 3261 4228 τῆς
3296 4157 3597 4229 Ἰτουραίας
3623 4154 3708 4208 καὶ

2136 4248 2530 4319 Τραχωνίτιδος
2574 4246 2776 4320 χώρας,
2827 4248 2922 4302 καὶ
2971 4248 3238 4302 Λυσανίου
3283 4248 3384 4318 τῆς
3425 4245 3707 4317 Ἀϐιληνῆς

2136 4339 2580 4411 τετραρχοῦντος,
2623 4339 2714 4392 ἐπὶ
2752 4339 3054 4411 ἀρχιερέως
3086 4341 3254 4394 Ἂννα
3294 4341 3386 4394 καὶ
3418 4338 3663 4407 Καῖάφα.
3685 4355 3702 4386 ι

2137 4430 2360 4493 Τούτοις
2402 4430 2465 4503 δὴ
2509 4425 2601 4484 οῦν
2646 4430 2827 4495 καλῶς
2884 4432 2996 4502 ἔχει
3049 4432 3390 4504 παραθέσθαι
3433 4431 3535 4503 τὴν
3565 4425 3705 4500 παρὰ

458 4514 763 4579 temporum
791 4509 1062 4564 adventus
1107 4508 1256 4564 illius
1285 4507 1653 4579 particulatim
1709 4523 1831 4578 quae
1878 4509 2025 4580 signa

2137 4522 2328 4575 Μωσεῖ
2357 4521 2449 4574 τοῦ
2500 4520 2692 4575 Ἰακὼϐ
2724 4522 3080 4594 προφητείαν,
3114 4523 3301 4578 τοῦτον
3346 4523 3576 4595 ἔχουσαν
3623 4521 3707 4575 τὸν

457 4608 788 4674 exstiterint,
818 4609 1253 4673 consideremus,
1279 4609 1730 4680 evangelicasque
1759 4609 1813 4662 in
1837 4609 2032 4678 primis

2137 4611 2356 4682 τρόπον.

456 4701 525 4756 dc
571 4710 696 4756 ortu
736 4703 854 4772 ejus
888 4719 1051 4758 voces
1107 4703 1454 4758 adnotemus.
1513 4700 1800 4758 Matthaeus
1860 4702 2026 4773 igitur
2063 4712 2279 4775 tempus
2306 4719 2416 4774 quo
2448 4705 2539 4762 ille
2562 4707 2618 4761 in
2673 4721 2902 4778 corpore
2933 4699 3174 4762 humano
3200 4705 3375 4761 videri
3415 4704 3606 4774 cmpit,
3656 4702 3705 4756 in

461 4795 608 4848 hunc
641 4795 858 4850 modum
878 4807 1066 4851 narrat
1092 4815 1140 4851 τι
1169 4795 1308 4851 Cum
1339 4801 1504 4861 esset,
1524 4795 1721 4865 inquit,
1742 4803 1904 4852 natus
1940 4795 2100 4853 Jesus
2129 4798 2183 4852 in
2201 4796 2513 4854 Bcthlehem
2542 4798 2741 4854 Judmze
2775 4799 2830 4853 in
2851 4800 3043 4856 diebus
3076 4796 3304 4855 Herodis
3321 4796 3464 4867 regis
3492 4795 3564 4848 ⁸⁸.
3603 4817 3618 4846 ν
3647 4791 3705 4844 Ει

459 4888 622 4957 paulo
655 4897 816 4958 post:
853 4909 872 4941 ι
897 4889 1164 4954 Audiens,
1194 4890 1392 4960 inquit,
1426 4888 1574 4960 quod
1595 4888 1898 4944 Archelaus
1928 4899 2187 4961 regnaret
2221 4891 2276 4946 in
2313 4889 2502 4947 Judaaa
2558 4908 2656 4963 pro
2709 4891 2925 4948 Herode
2979 4900 3134 4964 patre
3196 4906 3298 4947 suo
3334 4890 3402 4944 “.
3460 4907 3479 4940 ι
3538 4886 3704 4941 Lucas

461 4989 643 5037 autem
663 4999 771 5052 quo
801 4989 1044 5054 tempore
1069 4985 1160 5040 ille
1187 4990 1244 5040 et
1287 4983 1486 5038 docere
1537 4991 1594 5038 et
1663 4982 1908 5052 seipsum
1945 4984 2235 5039 ostendere
2284 4985 2533 5056 cmperit,
2563 4983 2925 5052 demonstrat,
2983 4983 3074 5038 ubi
3097 4983 3215 5038 ait:
3250 4999 3268 5031 ι
3311 4979 3467 5056 A_nno
3509 4994 3581 5032 xv
3615 4977 3701 5029 imo

464 5074 600 5142 perii
653 5047 857 5130 Tiberii
909 5047 1166 5139 Caesaris,
1217 5085 1546 5146 procurante
1588 5047 1782 5130 Pontio
1821 5072 1992 5130 Pilato
2040 5073 2306 5141 Judaeam,
2353 5047 2631 5133 tetrarcba
2661 5085 2842 5131 autem
2885 5047 3117 5132 Calilaxe
3175 5047 3408 5138 Herode,
3465 5070 3703 5140 Philippo

463 5179 640 5226 autem
682 5169 846 5227 fratre
868 5171 988 5242 ejus
1037 5172 1314 5227 tetrarcha
1343 5171 1522 5227 lturia:
1541 5179 1595 5227 et
1614 5169 2017 5227 Trachonitidis
2055 5173 2316 5242 regionis,
2377 5182 2430 5229 et
2457 5173 2690 5246 Lysania
2721 5173 2964 5230 Abilcuae
3005 5174 3298 5241 tctrarcha,
3331 5173 3435 5228 sub
3465 5167 3686 5241 principi

461 5263 566 5318 bus
593 5264 938 5320 sacerdotum
974 5265 1132 5320 Anna
1172 5274 1228 5320 et
1256 5265 1465 5336 Caipha
1497 5267 1563 5322 ”.
1610 5285 1629 5318 ι
1673 5264 1769 5321 His
1799 5266 1964 5337 igitur
1989 5265 2036 5321 si
2072 5264 2245 5323 Jacob
2272 5269 2611 5340 prophetiam
2640 5284 2762 5340 qua:
2786 5276 2872 5325 cst
2924 5269 3067 5340 apud
3126 5268 3329 5326 Mosen)
3353 5277 3700 5340 apponamus,

461 5368 641 5425 Operae
673 5355 904 5424 pretium
933 5355 1252 5420 fecerimus,
1307 5370 1428 5425 quae
1461 5355 1515 5409 in
1548 5354 1693 5410 hunc
1725 5355 1945 5410 modum
1977 5370 2035 5411 se
2069 5355 2252 5412 habet.

536 5561 580 5593 “
626 5557 811 5616 Matth.
853 5575 928 5626 ιι,
965 5560 1014 5615 ί.
1094 5561 1141 5592 ²⁶
1183 5559 1315 5616 ibid.
1354 5557 1443 5614 26.
1522 5559 1565 5589 ’⁷
1608 5571 1739 5613 Luc.
1773 5571 1867 5622 ιιι,
1904 5557 1953 5610 l.
