3928 6512
220 406 345 464 573

293 595 649 678 ἀνθρώ-τους
713 591 1063 678 suspicata;
1108 593 1314 678 αύτοιξ.
1337 663 1347 678 Ι
1374 595 1658 678 ξΩςηκαςΙῖ
1705 591 1812 662 οὓς

379 661 561 726 ὅνους
579 661 645 730 τῷ
670 662 804 728 παρ’
839 661 1130 728 Ἑϐραίοις
1154 662 1450 730 ἐπιλείψει
1467 661 1809 728 βασίλειον,

293 727 359 784 ξύ
391 727 721 799 τηνικαῦτα
744 727 781 799 ἦ
806 732 921 784 τῶν
934 727 1129 801 ἐθνῶν
1148 727 1534 797 ἐπιστήσεται
1557 727 1813 801 προσδοὲ

293 802 431 855 κία·
465 801 497 854 ὃ
526 801 625 873 καὶ
658 801 906 871 γέγονεν
936 802 1035 855 ἐπὶ
1067 800 1175 870 τῆς
1207 801 1313 856 τοῦ
1345 800 1618 871 Σωτῆρος
1644 804 1812 873 ἡμῶν

290 872 675 942 ἐπιφανείας.

293 1025 316 1056 α
369 1005 628 1060 Ἐκάλεσε
679 1005 734 1058 δὲ
776 1003 971 1058 Ἰακὼϐ
1003 1005 1130 1068 τοὺς
1159 1004 1310 1068 υἱοὺς
1330 1003 1495 1058 αὑτοῦ
1529 1006 1625 1059 καὶ
1655 1000 1806 1058 εἴπεο

213 1099 532 1170 Συνάχθητε
567 1098 654 1151 ἵνα
687 1098 998 1167 ὲπαγγείλω
1031 1099 1159 1170 ὑμῖν
1201 1097 1254 1151 τί
1289 1099 1658 1170 ἀπαντήσεται
1683 1099 1810 1169 ὑμῖν

213 1189 308 1241 ἐπ’
341 1187 575 1258 ἐσχάτου
607 1187 716 1240 τῶν
748 1186 970 1259 ἡμερῶν
989 1204 1004 1218 ο
1038 1187 1382 1259 ἁθροίσθητε,
1402 1187 1495 1242 καὶ
1519 1188 1808 1253 ἀκούσατε,

221 1281 336 1332 υἱοὶ
382 1279 604 1344 Ἰακὼϐ,
636 1279 926 1345 ἀκούσατε,
957 1279 1191 1352 Ἰσραὴλ,
1214 1278 1307 1333 τοῦ
1343 1281 1547 1351 πατρὸς
1580 1278 1752 1351 ὑμῶν.
1785 1298 1804 1332 ι

214 1368 356 1424 Εἶτα
415 1371 626 1434 τούτοις
678 1371 804 1442 ἑξῆς
860 1370 1309 1442 ἐπιμεμψάμενός
1365 1372 1486 1426 τινά
1532 1388 1641 1425 τισι
1699 1373 1811 1436 τοῖς

216 1463 514 1534 πφτέροις
566 1464 720 1527 υἱοῖς,
753 1463 829 1525 ὼς
863 1462 951 1516 διά
990 1479 1112 1516 τινα
1150 1461 1328 1516 αὐτῶν
1362 1463 1809 1534 πλημμελήματα

211 1553 536 1623 γενομένοις
558 1552 795 1618 ἀναξίοις
814 1554 914 1624 τῆς
941 1552 1237 1625 μελλούσης
1265 1553 1613 1622 ἐπιλέγεσθαι
1640 1555 1810 1626 προρ-

214 1647 456 1716 ρήσεως,
498 1645 576 1715 τῷ
609 1645 854 1716 τετάρτῳ
882 1644 957 1708 ὡς
989 1644 1079 1697 τὸν
1108 1644 1219 1715 βίον
1252 1645 1536 1717 κρείττονα
1566 1643 1674 1699 τῶν
1700 1644 1809 1698 λοι-

213 1737 336 1790 πῶν
379 1737 626 1806 ἀδελφῶν
675 1737 1098 1808 ὲπιδεδειγμένῳ
1132 1737 1257 1792 τάδε
1291 1737 1536 1802 θεσπίζει
1561 1755 1578 1769 ο
1614 1758 1634 1791 ι
1673 1736 1808 1791 Ἰού-

211 1829 301 1892 δα,
340 1830 402 1882 σὲ
441 1831 748 1884 αίνέσουσιν
777 1834 824 1884 οἱ
861 1831 1074 1900 ἀδελφοί
1109 1847 1230 1884 σου’
1267 1832 1322 1884 αἱ
1352 1831 1532 1902 χεῖρές
1578 1847 1671 1883 σου
1715 1830 1808 1882 ἐπὶ

212 1918 390 1971 νώτου
416 1919 525 1972 τῶν
564 1920 773 1992 ἐχθρῶν
807 1939 898 1974 σου
919 1938 933 1952 ο
961 1921 1396 1994 προσκυνήσουσί
1413 1938 1472 1974 σε
1499 1922 1548 1973 οἱ
1580 1921 1687 1973 υἱοὶ
1711 1920 1804 1973 τοῦ

217 2011 429 2083 πατρός
469 2029 584 2064 σου.
615 2011 861 2082 Σκύμνος
893 2013 1124 2076 λέοντος,
1154 2012 1419 2077 Ἰούδα,ὲκ
1451 2011 1702 2083 βλαστοῦ,
1722 2013 1805 2066 υἰέ

219 2119 346 2171 μοι’.
381 2103 620 2175 ἀνέϐηςο
656 2103 943 2157 ἀναπεσὼν
978 2105 1275 2176 ἐκοιμήθης
1304 2107 1378 2170 ὼς
1422 2106 1557 2160 λέων
1606 2108 1700 2160 καὶ
1732 2107 1808 2171 ὡς

217 2191 485 2263 σκύμνος.
516 2191 612 2256 Τίς
664 2194 845 2266 ἐγερεῖ
886 2193 1081 2261 αύτὸν;
1113 2195 1213 2248 οὐκ
1260 2195 1497 2264 ἐκλείψει
1535 2195 1717 2268 ἄρχων
1749 2198 1808 2264 ἐξ

227 2281 425 2345 Ἰούδα,
460 2281 582 2336 cibi;-
618 2282 920 2354 ἡγούμενος
940 2284 1004 2336 ὲκ
1037 2282 1142 2336 τῶν
1172 2283 1359 2355 μηρῶν
1385 2285 1573 2348 αὐτοῦ,
1602 2286 1707 2349 ἕως
1743 2285 1810 2338 ἂν

217 2374 344 2444 ἔλθῃ
396 2373 471 2426 τά
521 2374 859 2444 ἀποκείμενα
924 2372 1104 2445 αὐτῷ’
1149 2375 1243 2428 καὶ
1301 2375 1464 2439 αὐτὸς
1513 2375 1809 2447 προσδοκία

217 2465 407 2521 ἐθνῶν.
453 2485 473 2517 ι
514 2465 712 2519 Σκόπει
745 2465 809 2537 δὴ
841 2465 1056 2538 πρῶτον
1084 2466 1205 2519 τίνα
1237 2465 1345 2537 ἄρα
1371 2467 1536 2537 φησὶν
1567 2462 1706 2521 εἶναι
1743 2469 1810 2523 τὰ

217 2559 563 2628 ἀποκείμενα
612 2558 794 2630 αὐτῷ·
829 2560 924 2613 καὶ
965 2559 1068 2630 ὅρα
1099 2561 1146 2612 εί
1185 2558 1259 2630 μὴ
1293 2559 1432 2612 αύτά
1476 2555 1567 2630 ῆν,
1619 2558 1663 2614 ἃ
1697 2562 1810 2622 τοῖς

216 2651 361 2720 αμφὶ
415 2650 510 2703 τὸν
547 2651 800 2722 Ἀϐραὰμ
843 2651 1182 2721 προπάτορσι
1209 2652 1336 2721 περὶ
1367 2651 1465 2722 τῆς
1496 2651 1606 2704 τῶν
1641 2651 1810 2705 ἐθνῶν

214 2743 469 2814 κλήσεως
495 2745 523 2796 6
550 2743 684 2806 Θεὸς
709 2743 986 2816 ἀνείρηκε,
1016 2742 1301 2808 θεσπίσας,
1326 2744 1642 2816 Γέγραπται
1659 2747 1806 2817 γοῦν,

216 2833 289 2897 ὡς
318 2835 432 2906 ἄρα
468 2835 624 2888 εἶπεν
654 2836 681 2888 6
705 2835 838 2898 Θεὸς
861 2834 940 2906 τῷ
970 2835 1220 2907 Ἀϐραάμ
1239 2852 1252 2867 ο
1296 2855 1314 2888 ι
1361 2837 1471 2890 Καὶ
1506 2835 1606 2908 ἔσῃ
1662 2837 1809 2888 εὐλο-

216 2926 408 2997 γητὸς,
444 2928 541 2979 καὶ
567 2926 846 2998 εὐλογήσω
873 2926 998 2989 τοὺς
1047 2926 1401 2995 εύλογοῦντάς
1434 2943 1515 2990 σε,
1567 2922 1811 2988 καὶτοὺς

220 3019 654 3090 καταρωμένους
703 3035 761 3071 σε
793 3018 1208 3089 καταράσομαιο
1246 3019 1340 3072 καὶ
1372 3016 1812 3088 ὲνευλογήσονται

217 3113 272 3165 ὲν
352 3113 437 3165 σοὶ
514 3113 685 3164 πᾶσαι
739 3112 794 3164 αἱ
853 3111 1017 3180 φυλαὶ
1061 3112 1161 3182 τῆς
1239 3111 1362 3181 γῆς.
1419 3129 1438 3162 ι
1478 3110 1588 3162 Καὶ
1657 3103 1812 3171 αὖθις

221 3222 240 3254 ι
292 3203 554 3274 Ἀϐραὰμ
604 3204 681 3268 δὲ,
733 3223 751 3255 ι
807 3205 961 3274 φησὶ,
996 3222 1014 3254 ι
1052 3204 1334 3275 γινόμενος
1362 3202 1513 3257 ἔσται
1548 3204 1627 3264 είς
1662 3199 1812 3262 ἔθνος

221 3297 366 3365 μέγα
415 3296 512 3350 καί
555 3295 708 3363 πολὺ,
744 3297 839 3350 καὶ
879 3294 1320 3366 ὲνευλογήσονται
1354 3297 1410 3347 ἐν
1446 3292 1594 3363 αὐτῷ
1633 3293 1811 3346 πάντα

217 3390 280 3442 τὰ
317 3389 448 3461 έθνη
479 3391 579 3460 τῆς
608 3390 729 3460 γῆς.
758 3409 775 3441 ι
804 3387 884 3441 Τὰ
915 3389 1077 3458 ὃμοια
1104 3387 1160 3439 δὲ
1187 3387 1280 3440 καὶ
1309 3386 1387 3457 τῷ
1419 3385 1604 3438 Ἰσαὰκ
1628 3386 1656 3438 6
1677 3400 1813 3455 χρη-

221 3484 358 3553 σμὸς
407 3481 595 3535 τοῦτον
652 3483 888 3550 ὲκφωνεῖ
931 3481 1022 3534 τὸν
1072 3481 1300 3550 τρόπον·
1346 3498 1364 3531 ι
1406 3477 1516 3531 Καὶ
1561 3475 1813 3545 πληθυνῶ

218 3573 276 3626 τὸ
342 3574 570 3644 σπέρμα
633 3591 724 3626 σου
776 3559 852 3636 ὼς
904 3574 1030 3638 τοὺς
1102 3572 1340 3642 ἀστέρας
1393 3568 1487 3621 τοῦ
1559 3565 1809 3639 ούρανοῦ,

221 3667 312 3719 καὶ
363 3663 805 3736 ὲνευλογήσονται
852 3667 910 3717 ὲν
951 3664 1028 3735 τῷ
1074 3662 1348 3734 σπέρματί
1400 3677 1492 3713 σου
1527 3660 1702 3713 πάντα
1745 3661 1815 3714 τὰ

222 3755 346 3826 ἔθνη
371 3756 472 3827 τῆς
508 3756 634 3826 γῆς.
681 3776 698 3807 i
748 3757 868 3809 Ἔτι
911 3755 967 3808 δὲ
991 3756 1084 3809 καὶ
1125 3755 1204 3824 τῷ
1245 3752 1437 3806 Ἰακὼϐ
1485 3751 1712 3804 τοιαῦτα
1748 3751 1812 3824 δὴ

223 3847 468 3918 εἴρηαι-αι’
505 3866 525 3898 ι
568 3845 711 3917 Ἐγὼ
739 3847 940 3918 Κύριος
963 3850 991 3901 6
1034 3846 1166 3909 Θεὸς
1199 3844 1450 3916 Ἀϐραὰμ
1487 3842 1579 3896 τοῦ
1609 3844 1815 3915 πατρός

227 3953 340 3999 σου,
367 3938 465 3989 καὶ
496 3939 526 3991 6
548 3936 678 4000 Θεὸς
720 3937 920 3990 Ἰσαάκ·
963 3937 1036 4009 μὴ
1072 3933 1261 4006 φοϐοῦ,
1301 3953 1319 3986 ι
1351 3934 1446 3987 καὶ
1486 3934 1631 4005 ἑξῆς·
1661 3950 1680 3984 ι
1720 3934 1814 3986 καὶ

227 4029 744 4101 ὲνευλογηθήσονται
784 4032 841 4083 ἐν
882 4031 966 4084 σοὶ
1007 4031 1177 4082 πᾶσαι
1203 4029 1258 4081 αἱ
1299 4026 1464 4096 φυλαὶ
1491 4025 1592 4096 τῆς
1622 4027 1746 4096 γῆς.
1790 4045 1808 4077 ι

225 4122 332 4173 Καὶ
374 4120 566 4175 ἄλλοτε
609 4116 760 4173 εἶπεν
785 4119 934 4190 αύτῷ
968 4123 996 4174 ὁ
1036 4119 1196 4183 Θεός’
1237 4139 1256 4171 ι
1303 4115 1444 4186 Ἐγὼ
1482 4119 1511 4170 6
1535 4117 1667 4179 Θεὸς
1696 4133 1811 4180 σου,

225 4213 456 4279 αὑξάνου
505 4212 601 4266 καὶ
633 4211 924 4282 πληθύνου·
973 4210 1099 4282 ἔθνη
1147 4211 1242 4264 καὶ
1288 4208 1599 4278 συναγωγαὶ
1645 4205 1814 4260 ἐθνῶν

226 4306 598 4370 ἐξελεύσονται
635 4305 699 4357 ἐκ
727 4303 842 4366 σού,
881 4304 974 4356 καὶ
1013 4302 1250 4374 βασιλεῖς
1286 4303 1349 4355 ὲκ
1372 4301 1472 4371 τῆς
1497 4300 1694 4370 ὀσφύος
1721 4316 1812 4353 σου

229 4399 618 4462 ἐξελεύσονται.
661 4419 678 4449 ι
704 4397 983 4460 Τοσαύτας
1031 4397 1159 4467 περὶ
1199 4396 1297 4466 τῆς
1326 4395 1434 4448 τῶν
1474 4393 1641 4447 ἐθνῶν
1685 4393 1816 4464 κλή-

230 4505 363 4554 σεως
395 4492 732 4562 προρρήσεις
757 4489 852 4542 τοῦ
879 4488 1013 4541 Θεοῦ
1046 4486 1489 4559 προμεμαθηκὼς
1517 4488 1545 4539 6
1589 4484 1808 4548 Ἰακὼϐ,

1087 403 1742 461 DEMONSTRATIONIS
1781 404 2236 462 EVANGELleE
2277 402 2414 458 LIB.
2453 401 2588 457 Vill.

227 521 374 576 Ἀπὸ
409 519 518 587 τῆς
561 519 1142 595 Γενέζτεως--ίηερῖ
1165 521 1294 595 τῶν
1320 526 1552 591 χρόνων
1594 523 1702 590 τῆς
1729 527 1817 592 εἰς
1845 532 1888 587 Α
1919 525 1968 595 3

3379 397 3481 453 574

2112 527 2150 578 Α
2193 524 2397 580 Genesi.
2425 554 2495 563 —
2525 520 2727 588 Quibus
2769 517 3084 588 temporibus
3125 516 3367 571 Christus
3413 520 3485 570 ad

2007 587 2222 650 io'miues
2269 587 2558 649 aduenerit;
2588 587 3038 653 Quemadmodum
3067 587 3252 656 quibus
3287 598 3476 656 tempo-

1985 667 2130 720 ribus
2163 683 2377 735 regnum
2407 661 2544 732 apud
2583 660 2830 735 Hebraeos
2847 658 3110 735 defecerit,
3140 656 3326 735 iisdem
3361 674 3477 727 gen-

1989 737 2119 789 tium
2145 729 2363 790 instabit
2394 729 2712 802 eispectatio
2741 746 2757 782 :
2785 729 2923 802 quod
2945 745 3069 802 sane
3089 729 3248 780 etiam
3283 729 3482 796 factum

1983 816 2061 859 est
2100 810 2195 860 sub
2222 806 2393 874 ipsum
2420 799 2713 857 salvatoris
2747 799 2918 854 nostri
2952 800 3249 852 adventum.

1989 1026 2007 1059 ι
2036 1005 2266 1062 Vocavit
2299 1011 2478 1060 autem
2509 1003 2678 1059 Jacob
2709 1003 2850 1058 ﬁlios
2879 1017 3014 1058 suos
3040 1009 3093 1056 et
3121 999 3257 1055 dixit
3289 1018 3302 1054 :
3337 996 3479 1054 Cone

1911 1097 2209 1168 gregamini
2248 1104 2307 1148 ut
2332 1094 2651 1149 annuntiem
2699 1093 2856 1148 vobis
2891 1093 3022 1163 quid
3058 1098 3378 1147 eventurum
3410 1089 3487 1144 sit

1911 1189 2067 1245 vobis
2102 1188 2156 1241 in
2187 1187 2379 1242 diebus
2424 1185 2784 1242 novissimis:
2819 1184 3223 1256 congregamini
3256 1189 3310 1236 et
3333 1179 3488 1234 audi-

1909 1289 1984 1346 te,
2015 1279 2110 1334 ﬁlii
2141 1277 2330 1342 Jacob.
2361 1278 2568 1344 audite,
2603 1277 2789 1344 Israel,
2820 1285 3033 1347 patrem
3062 1285 3306 1332 vestrum
3356 1275 3422 1330 ³⁸.
3456 1292 3479 1325 ι

1910 1369 2115 1427 Deinde
2163 1371 2254 1425 ubi
2285 1370 2560 1440 prioribus
2591 1368 2717 1425 ﬁliis
2765 1369 2870 1422 alia
2901 1367 3023 1422 aliis
3056 1366 3287 1422 crimina
3330 1365 3486 1435 obje-

1910 1460 2015 1524 cit,
2070 1468 2330 1530 tanquam
2361 1459 2428 1516 iis
2453 1460 2546 1530 qui
2572 1460 2644 1515 ob
2675 1474 2833 1515 suam
2864 1459 3109 1528 ipsorum
3149 1457 3383 1526 culpam,
3417 1469 3486 1510 eo

1911 1539 2056 1623 quod
2084 1568 2232 1606 nunc
2287 1552 2578 1607 dicendum
2613 1558 2734 1616 est,
2769 1550 2994 1605 oraculo
3038 1547 3246 1619 indigni
3276 1548 3488 1602 evasis-

1910 1657 2051 1708 sent,
2087 1651 2286 1715 quarto
2312 1660 2500 1700 eorum
2533 1655 2793 1714 tanquam
2825 1643 2874 1698 ei
2903 1641 2995 1712 qui
3025 1641 3266 1710 reliquos
3289 1638 3487 1694 fratres

1909 1738 2179 1810 probitate
2195 1738 2318 1791 vitm
2343 1735 2595 1798 anteiret,
2620 1735 2737 1788 haec
2770 1733 2952 1787 futura
3000 1729 3247 1800 praedicit
3280 1749 3292 1782 :
3341 1747 3358 1780 (
3396 1727 3490 1782 Ju-

1908 1830 1998 1894 da,
2026 1838 2078 1885 te
2104 1830 2402 1884 laudabunt
2420 1826 2611 1882 fratres
2634 1827 2712 1880 tui
2747 1839 2977 1879 :manus
2999 1831 3105 1876 tuae
3137 1821 3192 1876 in
3221 1829 3373 1891 tergo
3403 1820 3491 1874 in-

1909 1923 2195 1977 imicorum
2243 1929 2510 1974 tuorum:
2580 1917 2888 1972 adorabunt
2923 1925 2978 1970 te
3027 1913 3120 1968 ﬁlii
3178 1913 3349 1983 patris
3384 1912 3484 1967 tui.

1906 2016 2133 2072 Catulus
2153 2013 2327 2069 leonis
2350 2011 2510 2073 Iuda,
2537 2011 2604 2067 de
2637 2009 2902 2081 germine,
2933 2005 3007 2060 ﬁli
3032 2006 3128 2070 mi,
3150 2003 3446 2060 ascendisti
3469 2022 3484 2070 ;

1907 2111 2232 2165 recumbens
2279 2103 2585 2163 dormivisti
2637 2110 2697 2157 ut
2748 2102 2832 2155 leo
2871 2108 2925 2155 et
2971 2108 3030 2153 ut
3061 2099 3295 2153 catulus.
3350 2096 3486 2163 Quis

1908 2201 2165 2257 excitabit
2198 2201 2380 2271 ipsum
2407 2197 2429 2250 ?
2460 2195 2575 2249 Non
2599 2193 2815 2249 deﬁciet
2839 2191 3095 2262 princeps
3117 2189 3183 2245 de
3199 2187 3359 2254 Juda,
3385 2203 3486 2243 ne-

1907 2308 2012 2364 que
2028 2295 2136 2346 dux
2167 2290 2236 2345 de
2263 2290 2560 2344 femoribus
2606 2288 2747 2358 ejus,
2779 2287 2951 2341 donec
2979 2282 3200 2337 veniant
3228 2295 3347 2350 quae
3380 2280 3485 2350 ipsi

1908 2384 2148 2454 reposita
2201 2390 2376 2436 sunt:
2429 2387 2483 2436 et
2533 2382 2650 2450 ipse
2697 2376 3034 2448 exspectatio
3082 2373 3329 2443 gentium
3351 2371 3420 2425 ”.
3461 2388 3484 2424 ο

1909 2473 2209 2530 Considera
2231 2513 2245 2538 ,
2282 2487 2488 2542 quaso,
2522 2472 2759 2541 primum
2790 2481 3038 2540 quamam
3075 2479 3140 2520 ea
3171 2477 3293 2518 esse
3341 2460 3490 2515 dicat

1909 2562 2150 2632 quaeipsi
2173 2561 2411 2632 reposita
2434 2569 2598 2626 sunt;
2633 2567 2687 2614 et
2705 2559 2826 2613 vide
2842 2571 2973 2611 num
3017 2568 3081 2610 ea
3112 2553 3223 2608 sint
3271 2564 3392 2622 qua:
3418 2548 3489 2603 ad

1908 2655 2183 2709 Abraham
2208 2660 2263 2706 et
2290 2651 2356 2706 ad
2385 2660 2596 2706 veteres
2657 2650 2835 2706 eidem
2893 2647 3100 2703 similes
3163 2651 3368 2714 patres.
3421 2639 3491 2694 de

1909 2747 2195 2803 vocatione
2235 2744 2476 2814 gentium
2527 2742 2671 2798 Deus
2701 2741 2830 2797 olim
2863 2753 3069 2794 canens
3123 2732 3487 2806 responderit.

1913 2837 2189 2907 Scriptum
2229 2835 2398 2906 igitur
2430 2841 2536 2902 est,
2591 2829 3052 2906 quemadmodum
3105 2826 3174 2881 ad
3215 2823 3491 2879 Abraham

1913 2928 2053 2983 Deus
2079 2927 2317 2983 dixerit:
2369 2945 2386 2977 ι
2426 2925 2491 2978 Ει
2531 2925 2643 2979 eris
2677 2922 3022 2985 benedictus,
3063 2927 3118 2975 et
3171 2916 3492 2972 benedicam

1911 3019 2361 3076 benedicentibus
2392 3017 2572 3078 tibi,et
2611 3013 3064 3071 maledicentibus
3114 3010 3212 3064 tibi
3258 3006 3491 3062 maledi-

1913 3125 2053 3174 cam,
2081 3118 2135 3164 et
2156 3108 2548 3164 benedicentur
2587 3105 2643 3159 iu
2689 3111 2742 3161 te
2768 3117 2960 3158 omnes
2989 3099 3166 3153 tribus
3189 3107 3346 3151 terra:
3377 3094 3488 3162 ³⁰.;»

1913 3199 1979 3252 Et
2005 3215 2243 3254 rursus:
2293 3216 2312 3248 ι
2369 3195 2645 3250 Abraham
2702 3206 2858 3254 vero,
2911 3187 3109 3258 inquit,
3162 3185 3381 3239 futurus
3409 3188 3496 3236 cst

1915 3293 1969 3346 in
2003 3300 2216 3362 gentem
2250 3302 2499 3358 magnam
2557 3294 2611 3340 et
2652 3284 2960 3345 multam,et
2995 3277 3393 3335 benedicentur
3438 3274 3495 3327 in

1914 3383 2033 3452 ipso
2075 3395 2266 3435 omnes
2301 3387 2490 3449 gentes
2524 3384 2682 3429 terra:
2704 3373 2769 3426 ³⁸.
2804 3391 2822 3424 ›
2867 3368 2972 3424 Sed
3006 3368 3171 3423 etiam
3206 3365 3308 3434 ipsi
3341 3363 3497 3417 Isaac

1914 3467 2112 3523 similia
2166 3467 2222 3519 in
2279 3465 2425 3518 hunc
2497 3460 2718 3515 modum
2777 3456 3076 3528 respondet
3143 3452 3428 3508 oraculum
3475 3468 3493 3506 :

1920 3579 1938 3610 ε
1985 3558 2050 3611 Et
2093 3556 2468 3626 multiplicabo
2521 3568 2709 3608 semen
2739 3560 2894 3605 tuum
2929 3551 3072 3606 sicut
3121 3548 3308 3603 stellas
3341 3544 3494 3609 caeli,

1913 3651 2074 3721 367
2098 3659 2152 3705 et
2182 3647 2573 3703 benedicentur
2604 3644 2659 3697 in
2690 3643 2898 3698 semine
2930 3648 3026 3694 tuo
3060 3653 3254 3695 omnes
3300 3644 3496 3707 gentes

1915 3745 2151 3801 terrae”.
2195 3764 2212 3795 ι
2244 3742 2350 3813 Ipsi
2400 3741 2526 3796 item
2571 3736 2740 3792 Jacob
2771 3735 2900 3789 olim
2947 3733 3078 3787 talia
3119 3730 3265 3785 dicta
3311 3735 3438 3784 sunt
3477 3746 3492 3782 :

1921 3858 1939 3890 ι
1971 3838 2082 3910 Ego
2107 3836 2369 3891 Dominus
2403 3833 2541 3889 Deus
2589 3829 2866 3885 Abraham
2911 3826 3085 3898 patris
3135 3823 3238 3887 tui,
3271 3831 3324 3876 et
3355 3819 3497 3874 Deus

1914 3929 2067 3987 Isaac
2095 3946 2109 3983 :
2141 3944 2208 3982 ne
2241 3928 2431 3982 timeas
2451 3925 2516 3989 ³⁸,
2557 3944 2574 3975 ι
2613 3931 2665 3978 et
2693 3928 2910 3986 caatcra,
2963 3937 2980 3969 ‹
3023 3926 3078 3973 et
3105 3914 3499 3971 benedicentur

1915 4024 1971 4078 in
2022 4030 2077 4078 te
2121 4035 2310 4076 omnes
2362 4020 2540 4072 tribus
2592 4023 2753 4070 terra:
2771 4013 2838 4068 ³⁵.
2880 4030 2899 4064 ι
2950 4009 3016 4064 Ει
3056 4009 3192 4064 alias
3237 4005 3377 4060 dixit
3429 4001 3496 4056 ad

1915 4116 2095 4187 ipsum
2135 4113 2278 4169 Deus
2312 4128 2325 4164 :
2363 4131 2381 4163 ι
2414 4109 2526 4180 Ego
2556 4107 2701 4163 Deus
2737 4116 2887 4170 tuus,
2926 4117 3114 4158 cresce
3147 4109 3201 4155 et
3232 4094 3498 4165 multipli-

1917 4222 2064 4271 care,
2097 4212 2286 4277 gentes
2305 4210 2358 4258 et
2389 4198 2841 4270 congregationes
2875 4193 3118 4265 gentium
3149 4187 3500 4259 egredientur

1917 4301 1984 4355 de
2013 4308 2084 4364 te,
2109 4307 2163 4352 et
2197 4311 2354 4367 reges
2385 4295 2452 4349 de
2483 4292 2684 4346 lumbis
2706 4289 2818 4344 tuis
2834 4285 3181 4357 egredientur
3204 4281 3270 4335 ³⁵.
3310 4298 3329 4330 ι
3359 4278 3498 4367 Cum

1919 4399 2028 4445 tam
2088 4366 2372 4444 multaide
2425 4382 2713 4439 vocatione
2761 4379 3003 4450 gentium
3058 4371 3280 4429 oracula
3328 4366 3500 4421 Jacob

1921 4491 2083 4538 antea
2117 4480 2471 4551 percepisset,
2508 4482 2562 4530 et
2591 4476 2792 4530 liberos
2839 4483 3021 4522 mares
3062 4460 3352 4518 duodecim
3395 4473 3499 4511 nn-

227 4583 434 4637 παίδων
475 4581 625 4652 αὐτῷ
676 4581 768 4634 τὸν
819 4581 1049 4653 ἀριθμὸν
1097 4581 1508 4650 γεγεννημένων
1553 4578 1811 4640 δεκαδύο,

1921 4591 2076 4632 mero
2114 4577 2417 4646 genuisset,
2472 4568 2730 4622 omnibus
2771 4562 2882 4617 illis
2933 4565 3187 4614 extremo
3221 4567 3321 4608 suo
3369 4559 3500 4603 tem-

229 4673 362 4742 πρὸς
388 4675 456 4743 τῇ
482 4672 706 4743 τελευτῇ
738 4671 1076 4740 συγκαλέσας
1099 4672 1224 4733 τοὺς
1257 4670 1486 4733 πάντας,
1528 4669 1816 4740 περιεσκό-

231 4781 339 4829 πει,
367 4764 429 4830 ἐξ
472 4765 659 4818 ὁποίου
689 4764 795 4836 ἄρα
843 4765 1018 4817 αὐτῶν
1057 4765 1156 4834 τῆς
1194 4763 1441 4833 διαδοχῆς
1476 4763 1544 4815 τὰ
1591 4761 1699 4815 τῶν
1722 4762 1815 4814 τοῦ

231 4857 362 4910 Θεοῦ
403 4858 761 4929 προρρήσεων
791 4855 884 4909 ἐπὶ
914 4855 1066 4918 τέλος
1105 4854 1243 4926 ἥξει.
1275 4851 1391 4906 Εἶτ’
1429 4853 1636 4917 ἐπιθεὶς
1674 4855 1820 4925 τρισὶ

236 4951 330 5018 μὲν
360 4953 474 5012 τοῖς
516 4947 749 5020 πρώτοις
796 4946 945 5018 αὐτῷ
990 4947 1305 5016 γενομένοις
1351 4946 1538 5000 παισὶν
1570 4944 1822 5016 ἐλέγχους

233 5036 304 5096 ὧν
329 5042 782 5114 ἐπλημμέλησαν,
805 5041 1054 5112 ἐπιφέρει
1077 5040 1362 5102 διδάσκων,
1396 5041 1478 5092 ὅτι
1509 5039 1618 5092 τῶν
1639 5037 1821 5092 τετολ-

239 5135 497 5206 μημένων
525 5135 708 5196 αὐτοῖς
749 5133 911 5187 ἕνεκα
939 5134 998 5186 οὐ
1042 5133 1108 5186 δι’
1133 5132 1310 5186 αὐτῶν
1335 5131 1819 5204 εκπληρωθήσεται

233 5227 296 5280 τά
318 5225 428 5278 τῶν
451 5227 805 5299 προρρήσεων
827 5225 1240 5297 ἀποτελέσματα
1261 5242 1276 5257 '
1308 5225 1402 5278 ἐπὶ
1427 5224 1482 5277 δὲ
1503 5225 1596 5278 τὸν
1633 5224 1821 5296 τέταρ-

234 5335 321 5370 τον
347 5317 518 5371 ἐλθὼν
543 5319 636 5371 τὸν
666 5317 884 5382 Ἰούδαν,
913 5318 1047 5389 ὁμοῦ
1087 5318 1178 5371 τὸν
1210 5319 1459 5389 φήσαντα
1498 5316 1647 5387 αὐτῷ
1688 5335 1822 5388 χρη-

238 5411 395 5483 σμὸν,
423 5429 440 5462 ι
485 5410 731 5475 Βασιλεῖς
766 5412 830 5463 ὲκ
847 5409 1156 5482 τῆςόσφύος
1173 5411 1346 5464 αὐτοῦ’
1367 5410 1756 5475 ἐξελεύσονται,
1795 5429 1812 5462 ι

236 5504 320 5557 διὰ
359 5503 462 5573 τῆς
503 5503 694 5557 τούτου
743 5505 990 5576 διαδοχῆς
1023 5505 1176 5569 τέλος
1223 5504 1485 5575 λήψεσθαι
1536 5502 1814 5568 θεσπίζει·

238 5596 503 5668 πρόδηλον
529 5597 639 5670 γὰρ
684 5598 759 5661 ὡς
805 5600 868 5652 ὲκ
895 5599 994 5670 τῆς
1027 5597 1194 5651 Ἰούδα
1231 5596 1402 5668 φυλῆς
1438 5597 1499 5651 τὸ
1543 5595 1818 5668 βασιλικὸν

307 5797 352 5827 ’⁸
391 5795 526 5851 Gen.
565 5813 729 5855 nix.
771 5797 821 5849 l.
869 5855 878 5863 ,
931 5796 974 5827 ³³
1017 5797 1145 5851 ibid.
1185 5797 1334 5850 8-10.

244 5881 433 5930 xxvul,
465 5869 550 5921 15.
600 5868 672 5940 *⁵⁸
713 5867 841 5922 ibid.
887 5867 965 5920 li.
1047 5869 1088 5899 ³³
1133 5868 1266 5922 Gen.
1306 5884 1481 5924 xxxv.
1525 5868 1606 5921 ll.

1445 5797 1489 5826 3°
1532 5796 1664 5851 Cen.
1708 5813 1814 5863 xu,
1852 5799 1902 5852 5.

1920 4687 2052 4743 pore
2078 4644 2418 4729 convocatis,
2452 4656 2954 4729 circumspiciebat,
2984 4653 3052 4707 de
3081 4647 3238 4718 cujus
3279 4644 3499 4698 illorum

1919 4763 2307 4836 propagatione
2328 4757 2512 4813 divina
2551 4750 2776 4808 oracula
2806 4747 2966 4801 ﬁnem
2999 4755 3160 4800 suum
3190 4746 3373 4794 essent
3410 4749 3502 4836 ac-

1926 4828 2180 4928 ceptura;
2214 4851 2409 4909 deinde
2441 4862 2565 4904 cum
2600 4844 2777 4899 tribus
2808 4839 3000 4913 primis
3026 4835 3257 4892 crimina
3280 4828 3500 4902 propria

1925 4926 2241 5020 objecisset,
2277 4945 2465 5000 docuit
2496 4943 2754 5010 deinceps
2787 4927 3250 5020 quemadmodum
3275 4926 3501 5020 prapter

1929 5041 2157 5103 scelera,
2194 5054 2314 5108 qua:
2351 5037 2456 5108 ipsi
2505 5034 2626 5089 ausi
2659 5031 2899 5090 fuerant,
2943 5039 3054 5077 non
3088 5022 3141 5074 in
3185 5016 3320 5087 ipsis
3349 5026 3500 5066 com-

1925 5133 2122 5204 plenda
2175 5138 2380 5194 essent,
2420 5144 2541 5198 qua:
2596 5143 2648 5179 ιη
2694 5122 2967 5193 prioribus
3022 5111 3260 5170 oraculis
3307 5110 3499 5161 eventa

1927 5201 2364 5278 continebantur.
2409 5221 2546 5275 Cum
2596 5225 2775 5269 autem
2826 5210 3064 5264 venisset
3114 5201 3181 5256 ad
3219 5203 3498 5268 quartum,

1925 5315 2018 5385 qui
2045 5311 2213 5367 Iudas
2245 5311 2370 5378 fuit,
2397 5319 2510 5364 tum
2544 5322 2676 5361 vero
2704 5300 2989 5358 oraculum
3036 5292 3182 5364 quod
3220 5288 3323 5360 ipsi
3350 5285 3498 5385 olim

1925 5378 2250 5477 responsum
2277 5405 2504 5466 fueram
2539 5399 2712 5468 Reges
2727 5396 2794 5451 dc
2824 5389 3025 5448 lumbis
3055 5385 3179 5456 ejus
3202 5378 3492 5453 egredien-

1924 5507 2036 5562 tur,
2070 5518 2088 5550 ι
2121 5514 2188 5552 ex
2217 5495 2382 5566 hujus
2403 5492 2726 5564 posteritate
2760 5500 2918 5542 suum
2949 5481 3108 5535 ﬁnem
3141 5480 3498 5566 accepturum

1928 5591 2243 5664 planissime
2292 5565 2529 5644 cecinit:
2577 5589 2796 5638 constat
2844 5576 2991 5634 enim
3039 5565 3498 5643 quemadmodum

2014 5798 2050 5826 ³¹
2096 5793 2228 5848 Cen.
2269 5809 2434 5857 um,
2494 5791 2575 5844 18.
2686 5788 2725 5817 ³³
2770 5786 2902 5839 Gen.
2945 5795 3106 5846 “vt,
3144 5777 3193 5831 4.
3273 5771 3316 5804 ³³
3355 5768 3490 5825 Gell.
