3928 6568
425 370 532 428 575

1094 371 1363 428 EUSEBII
1402 372 1880 428 ΟᾸΞΞΛΒΙΕΝΞΙΒ
1907 373 1983 428 0F

2103 371 2282 428 PARS
2319 369 2380 427 11.
2403 404 2470 412 -
2488 371 2991 429 AFOLOGETICA.
3643 365 3736 422 576

423 485 492 542 de
524 485 670 540 tribu
699 484 838 540 Juda
866 486 1079 556 regium
1106 502 1279 557 genus
1308 488 1600 548 exstiterit,
1631 497 1685 542 et
1710 488 1872 542 simul
1905 486 1983 540 De1

2102 486 2329 556 συνέστη
2365 486 2552 554 γένος’
2594 485 2729 557 ὁμοῦ
2775 483 3000 548 καὶτὰς
3026 482 3137 538 τοῦ
3192 478 3352 535 Θεοῦ
3404 480 3737 550 προρρήσεις

426 591 688 646 responsa
741 579 1093 648 gentiumque
1142 579 1414 647 promissa
1472 580 1673 650 quibus
1730 581 1999 634 instarent

423 668 782 737 temporibus,
807 670 1062 724 ostendit.
1099 670 1277 740 Atq‘ue
1303 687 1370 725 ex
1403 687 1468 726 eo
1505 672 1845 742 proditurum
1877 686 1998 726 esse

422 760 610 814 docuit
634 778 779 827 eum,
815 762 909 832 qui
942 755 1086 817 esset
1119 763 1372 818 omnibus
1397 765 1650 833 gentibus
1677 765 1998 833 cunctisque

422 853 675 908 tribubus
703 863 862 908 terrm
890 855 1084 908 similis
1132 855 1238 923 ipsi
1284 855 1558 908 Abraham
1599 856 1998 910 benedictionis

423 953 617 997 auctor
661 943 902 1000 futurus.
935 944 1060 1000 Haec
1102 946 1272 1016 igitur
1316 946 1570 1002 universa
1611 947 1832 1002 fuerunt
1878 963 1998 1018 qua:

420 1035 521 1104 ipsi
559 1034 700 1090 Juda
744 1037 981 1104 reposita
1012 1044 1188 1101 erant,
1223 1051 1288 1090 ea
1333 1037 1582 1093 videlicet
1605 1054 1725 1108 quia
1772 1040 1838 1094 de
1862 1041 1996 1110 ipsis

417 1128 672 1197 gentibus
703 1129 831 1180 olim
878 1143 1141 1197 responsa
1186 1126 1404 1182 fuerant
1433 1148 1446 1183 :
1473 1137 1527 1184 et
1569 1130 1726 1194 illud,
1767 1150 1785 1183 ι
1821 1131 1996 1201 lleges

417 1218 486 1272 de
515 1218 717 1274 lumbis
764 1220 873 1273 tuis
921 1218 1288 1288 egredientur,
1331 1239 1348 1271 ι
1390 1237 1560 1290 quare
1582 1223 1743 1277 etiam
1773 1223 1995 1293 reliquis

420 1308 682 1366 fratribus
738 1312 1083 1380 antepositus
1139 1313 1344 1382 regiam
1412 1313 1621 1383 ipsam,
1674 1315 1996 1386 ceterisque

415 1402 767 1465 illustriorem
807 1405 1007 1458 tribum
1039 1405 1268 1460 sortitus
1315 1413 1421 1460 est.
1466 1405 1741 1461 Continuo
1765 1408 1909 1462 enim
1939 1411 1992 1462 in

417 1495 588 1550 totius
619 1496 804 1566 populi
849 1496 1198 1552 ordinatione
1233 1497 1407 1566 ipsius
1446 1496 1612 1554 Mosis
1655 1500 1995 1569 temporibus

416 1584 643 1654 reliquis
678 1585 932 1640 tribubus
967 1587 1106 1640 hanc
1138 1602 1370 1656 praeesse
1394 1587 1624 1657 imperat
1649 1587 1810 1644 Deus.
1849 1588 1995 1644 Scri-

416 1680 566 1742 ptum
592 1685 675 1728 est
710 1675 878 1741 enim,
913 1694 932 1726 ‹
966 1675 1029 1729 Ει
1055 1677 1270 1732 locutus
1295 1686 1379 1732 est
1406 1677 1668 1734 Dominus
1700 1678 1766 1732 ad
1789 1678 1992 1737 Mosem

414 1771 468 1817 et
493 1764 674 1818 Aaron
707 1766 900 1822 dicens
930 1785 942 1820 :
977 1769 1185 1838 Singuli
1215 1785 1310 1838 per
1343 1777 1573 1836 turmas,
1609 1771 1787 1841 signa,
1829 1781 1991 1842 atque

416 1857 610 1910 vexilla
647 1866 699 1911 et
739 1857 936 1914 domus
973 1847 1357 1930 cognationum
1405 1878 1652 1926 suarum,
1699 1873 1995 1920 castrame-

415 1955 597 2002 tentur
627 1949 717 2003 filii
765 1949 928 2006 Israel
965 1952 1016 2005 in
1066 1962 1360 2022 conspectu
1415 1955 1626 2010 Domini
1670 1973 1767 2027 per
1803 1975 1992 2030 gyrum

413 2040 752 2096 tabernaculi
790 2044 1114 2109 testimonii,
1147 2056 1202 2101 et
1250 2057 1701 2105 castrametantes
1737 2052 1896 2122 primi
1928 2052 1994 2106 ad

413 2134 706 2197 orientem,
740 2136 887 2190 acies
935 2144 1239 2192 castrorum
1275 2139 1505 2194 filiorum
1550 2140 1711 2205 Juda,
1745 2159 1867 2197 cum
1896 2159 1992 2197 co-

410 2223 515 2292 piis
551 2225 754 2279 suis".
793 2245 811 2277 ι
845 2228 921 2280 Ac
957 2227 1215 2298 deinceps
1253 2230 1306 2283 in
1339 2230 1406 2284 iis
1440 2247 1560 2301 quae
1591 2233 1657 2286 ad
1687 2233 1994 2288 innovatio-

407 2330 533 2369 nem
584 2318 920 2372 tabernaculi
977 2319 1331 2376 referuntur:
1363 2341 1382 2373 ι
1421 2322 1565 2377 Dixit
1615 2322 1876 2380 Dominus
1925 2325 1992 2379 ad

408 2402 609 2460 Mosem
639 2427 651 2461 :
677 2405 938 2486 Princeps
966 2427 1105 2466 unus
1123 2428 1218 2481 per
1242 2413 1488 2483 singulos
1517 2413 1634 2470 dies
1664 2415 1850 2470 oderet
1872 2432 1993 2470 mu-

365 2523 370 2528 ο
404 2514 534 2554 nera
559 2514 656 2553 sua
688 2518 702 2566 ;
733 2507 786 2556 et
820 2500 922 2555 fuit
955 2502 1191 2557 offerens
1230 2505 1406 2574 primo
1437 2506 1524 2561 die
1571 2522 1772 2562 munus
1804 2523 1986 2574 suum,

402 2590 646 2646 Naasson
685 2592 825 2650 filius
865 2593 1189 2662 Aminadab,
1233 2597 1920 2676 princepstribusJuda".
1964 2619 1984 2652 ι

401 2683 569 2754 368
605 2681 670 2737 Et
707 2685 760 2738 in
796 2686 936 2740 libro
965 2686 1094 2742 Jesu
1133 2688 1278 2743 Nave
1327 2705 1451 2743 cum
1491 2697 1636 2745 terra
1671 2691 1990 2760 promissio-

402 2759 490 2827 nis
535 2780 681 2826 sorte
736 2775 948 2829 eieteris
1000 2776 1253 2832 tribubus
1309 2778 1600 2833 distributa
1657 2790 1822 2844 esset,
1870 2783 1990 2836 sine

402 2871 550 2917 sorte
566 2865 921 2936 omniumque
951 2870 1122 2937 prima
1151 2871 1327 2925 tribus
1351 2869 1492 2926 Juda
1525 2875 1800 2943 prepriam
1830 2882 1988 2930 terrae

399 2965 610 3023 partem
648 2959 880 3026 accepit.
916 2956 1020 3014 Sed
1051 2962 1214 3014 etiam
1247 2970 1370 3032 post
1401 2973 1632 3018 mortem
1663 2963 1790 3021 Jesu
1826 2981 1988 3036 roga-

397 3051 597 3097 verunt
630 3044 723 3098 lilii
755 3044 918 3101 lsrael
944 3048 996 3102 in
1019 3047 1247 3104 Domino
1270 3053 1517 3108 dicentes
1547 3072 1561 3106 :
1586 3073 1604 3104 ι
1637 3053 1771 3121 Quis
1794 3070 1987 3111 ascen-

2101 578 2191 630 καὶ
2215 576 2313 640 τὰς
2339 577 2447 630 τῶν
2474 577 2641 631 ἐθνῶν
2659 577 2998 648 ὑποσχέσεις,
3021 575 3166 630 καθ’
3185 573 3439 634 ὁποίους
3465 571 3740 643 ἐνστήσον-

2098 682 2186 719 ται
2216 667 2440 738 χρόνους
2473 667 2818 740 παρίστησιν,
2863 665 2923 731 ἐξ
2949 665 3126 719 αὑτοῦ
3174 681 3246 716 τε
3296 659 3735 734 προελεύσεσθαι

2097 759 2334 814 διδάσκει
2354 759 2444 812 τὸν
2476 760 2734 831 μέλλοντα
2756 760 2924 813 αἴτιον
2948 754 3443 827 καταστήσεσθαι
3471 756 3610 807 πᾶσι
3633 757 3736 818 τοῖς

2099 851 2294 915 ἔθνεσι,
2325 853 2417 906 καὶ
2466 852 2665 916 πάσαις
2702 855 2820 917 ταῖς
2849 851 3038 920 φυλαῖς
3077 852 3200 921 τῆς
3253 849 3377 918 γῆς
3415 847 3524 916 τῆς
3559 863 3731 918 παρα-

2099 944 2331 1013 πλησίας
2375 943 2453 1014 τῷ
2496 944 2746 1015 Ἀϐραὰμ
2794 944 3059 1013 εὐλογίας.
3105 943 3330 1005 Ταῦτα.
3376 936 3478 993 οὖν
3527 941 3734 994 ἅπαντα

2095 1031 2163 1107 ἦν
2192 1035 2258 1088 τὰ
2284 1035 2617 1106 ἀποκείμενα
2653 1035 2730 1104 τῷ
2766 1035 2954 1107 Ἰούδᾳ,
2981 1035 3202 1106 δηλαδὴ
3257 1033 3338 1086 τὰ
3375 1031 3558 1087 πάλαι
3603 1050 3730 1104 προ-

2097 1125 2452 1177 θεσπισθέντα
2485 1125 2610 1197 περὶ
2652 1125 2754 1178 τῶν
2789 1123 2976 1188 ἐθνῶν,
3005 1126 3102 1178 καὶ
3159 1125 3254 1187 τὸ,
3293 1143 3314 1174 ι
3370 1123 3632 1185 Βασιλεῖς
3669 1124 3726 1176 ἐκ

2095 1215 2194 1285 τῆς
2220 1215 2418 1284 ὀσφύος
2456 1233 2547 1269 σου
2576 1215 2965 1280 ἐξελεύσονται·
3000 1236 3017 1267 ι
3049 1217 3139 1270 διὸ
3193 1216 3306 1270 καὶ
3361 1215 3481 1270 τῶν
3526 1213 3718 1267 λοιπῶν

2095 1306 2336 1375 ἀδελφῶν
2381 1307 2690 1378 προκριθεὶς
2720 1307 3002 1380 βασιλικῆς
3046 1307 3244 1378 φυλῆς
3281 1309 3388 1360 καὶ
3423 1308 3720 1378 διαπρεπε-

2098 1398 2296 1468 στέρας
2344 1398 2494 1467 παρά
2539 1398 2637 1464 τὰς
2668 1399 2858 1464 λοιπὰς
2902 1398 3134 1470 ἠξιώθη.
3198 1399 3438 1451 Αὐτίκα
3482 1397 3577 1449 ἐπὶ
3624 1397 3714 1467 τῆς

2094 1486 2383 1552 διατάξεως
2413 1489 2504 1542 τοῦ
2527 1491 2725 1554 παντὸς
2763 1490 2891 1544 λαοῦ
2927 1491 3067 1544 κατὰ
3089 1491 3236 1552 τοὺς
3262 1489 3569 1552 Μωῦσέως
3595 1489 3712 1559 χρό-

2096 1597 2217 1642 νους
2237 1581 2482 1650 ἡγεῖσθαι
2509 1582 2711 1652 ταύτην
2731 1585 2758 1636 ὁ
2781 1583 2914 1646 Θεὸς
2941 1582 3047 1635 τῶν
3069 1581 3302 1635 λοιπῶν
3339 1580 3534 1650 φυλῶν
3559 1597 3715 1653 προσο

2095 1675 2296 1727 τάττει.
2334 1672 2647 1744 Γέγραπται
2678 1673 2807 1746 γάρ’
2850 1693 2868 1726 ε
2906 1676 3014 1728 Καὶ
3035 1674 3292 1746 ἐλάλησε
3331 1674 3551 1747 Κύριος
3591 1675 3714 1744 πρὸς

2097 1767 2335 1836 Μωῦσῆν
2386 1767 2478 1819 καὶ
2544 1767 2774 1839 Ἀαρὼν,
2826 1767 3027 1836 λέγων’
3081 1767 3408 1838 ἄνθρωπος
3464 1766 3712 1837 ἐχόμενος

2097 1857 2239 1911 κατά
2268 1858 2523 1928 τάγματα
2547 1858 2735 1918 αὑτοῦ,
2765 1858 2905 1912 κατά
2933 1859 3206 1930 σημαίας,
3245 1858 3382 1913 κατ’
3405 1859 3595 1921 οἴκους
3617 1873 3710 1909 πα-

2095 1948 2261 2021 τριῶν
2283 1947 2463 2002 αὐτῶν
2492 1949 2988 2020 παρεμϐαλέτωσαν
3017 1952 3066 2003 οί
3102 1951 3224 2003 υίοὶ
3277 1950 3515 2021 Ἰσραὴλ
3543 1948 3710 2001 ἔναντι

2096 2040 2325 2111 Κυρίου,
2358 2038 2541 2109 κύκλῳ
2586 2039 2684 2108 τῆς
2732 2039 2937 2109 σκηνῆς
2966 2038 3060 2092 τοῦ
3111 2039 3475 2110 μαρτυρίου,
3530 2037 3622 2091 καὶ
3661 2040 3706 2090 οἱ

2095 2131 2567 2203 παρεμϐάλλοντες
2599 2130 2806 2202 πρῶτοι
2837 2131 2978 2185 κατά
3007 2131 3316 2195 ἀνατολὰς,
3351 2130 3550 2201 τάγμα
3579 2147 3707 2200 παρ-

2093 2223 2329 2293 εμϐολῆς
2375 2223 2507 2276 υἱῶν
2558 2221 2760 2286 Ἰούδα,
2818 2224 2914 2276 σὺν
2967 2223 3204 2293 δυνάμει
3261 2222 3478 2276 αὐτῶν.
3535 2240 3554 2273 ι
3601 2221 3698 2273 Kal

2093 2313 2220 2384 ἑξῆς
2250 2314 2341 2366 ἐπὶ
2364 2313 2468 2366 τῶν
2487 2315 2566 2377 είς
2594 2315 2683 2366 τὸν
2710 2315 3062 2386 ἐγκαινισμὸν
3095 2314 3204 2385 τῆς
3258 2314 3481 2384 σκηνῆς
3513 2313 3703 2381 ἀναφε-

2098 2405 2338 2476 ρομένων
2364 2422 2376 2435 ⁸
2413 2424 2432 2456 ι
2474 2402 2608 2459 Είπε
2638 2405 2840 2477 Κύριος
2887 2407 3023 2479 πρὸς
3064 2407 3365 2475 Μωξῦσῆν⁹
3409 2406 3594 2476 ἄρχων
3625 2399 3695 2468 εἷς

2093 2497 2212 2552 καθ’
2257 2499 2468 2570 ἡμέραν
2525 2500 2872 2570 προσοίσουσι
2928 2499 2997 2554 τὰ
3045 2499 3204 2572 δῶρα
3255 2498 3472 2553 αὐτῶν.
3510 2493 3696 2568 Καὶῆν

2090 2591 2462 2662 όπροσφέρων
2508 2594 2573 2662 τῇ
2621 2591 2802 2663 ἡμέρα
2828 2596 2894 2664 τῇ
2942 2591 3135 2665 πρώτῃ
3189 2593 3258 2646 τὸ
3286 2592 3472 2664 δῶρον
3515 2589 3687 2655 αὐτοῦ,

2091 2679 2358 2734 Ναασσὼν
2390 2681 2503 2744 υἱὸς
2540 2682 2854 2752 Ἀμιναδάϐ,
2887 2683 3068 2757 ἄρχων
3090 2684 3196 2754 τῆς
3231 2684 3420 2754 φυλῆς
3457 2682 3639 2763 Ἰούδα.
3668 2701 3684 2733 ι

2090 2770 2197 2823 Kal
2225 2773 2281 2823 ἐν
2312 2772 2377 2840 τῇ
2431 2768 2597 2842 βίϐλῳ
2632 2771 2689 2825 δέ
2731 2771 2824 2824 τοῦ
2872 2772 3044 2843 Ἰησοῦ
3097 2773 3197 2825 τοῦ
3236 2773 3404 2843 Ναυῆ
3459 2769 3687 2844 τῆςηγῆς

2087 2860 2183 2932 τῆς
2212 2861 2544 2929 ἐπαγγελίας
2573 2862 2759 2934 κλήρῳ
2798 2865 2938 2918 κατά
2970 2865 3078 2918 τῶν
3114 2865 3332 2920 λοιπῶν
3367 2866 3551 2936 φυλῶν
3575 2865 3682 2919 δια-

2086 2955 2450 3026 νεμηθείσης,
2506 2955 2786 3028 ἀκληρωτὶ
2845 2956 2938 3009 καὶ
2999 2956 3193 3010 πασῶν
3251 2957 3452 3029 πρώτη
3513 2959 3544 3027 ὴ
3596 2954 3680 3010 τοῦ

2099 3047 2265 3101 Ἰούδα
2315 3047 2454 3120 φυλὴ
2493 3048 2553 3100 τὸ
2579 3049 2778 3101 οἰκεῖον
2808 3048 2973 3120 μέρος
3005 3048 3105 3119 τῆς
3130 3049 3246 3119 γῆς
3286 3048 3673 3120 ἀπολαμϐάνει.

398 3137 492 3189 det
525 3142 652 3190 ante
696 3153 799 3192 nos
834 3150 1026 3194 contra
1066 3140 1459 3208 Cbananaeum,
1491 3155 1544 3199 et
1584 3147 1688 3200 erit
1715 3146 1824 3201 dux
1856 3149 1981 3203 belli

2101 3139 2258 3193 Ἀλλὰ
2300 3142 2391 3194 καὶ
2429 3140 2566 3210 μετά
2609 3139 2709 3210 τὴν
2759 3137 3015 3212 τελευτὴν
3058 3142 3240 3212 Ἰησοῦ
3287 3139 3590 3212 ἐπηρώτων
3631 3141 3672 3192 oi

399 3226 453 3280 in
484 3227 647 3282 eum?
680 3227 746 3282 Et
780 3229 922 3284 dixit
965 3231 1251 3298 Dominus,
1298 3233 1469 3290 Judas
1517 3237 1813 3291 ascendet:
1855 3253 1983 3294 ecce

397 3320 522 3374 dedi
571 3328 775 3376 terram
827 3323 881 3376 in
916 3339 1109 3380 manus
1136 3327 1256 3394 ejus
1280 3327 1344 3382 ³⁸.
1382 3346 1400 3379 ι
1439 3326 1604 3382 Plane
1635 3329 1800 3398 igitur
1834 3333 1980 3385 omni

397 3411 564 3466 lsrael
599 3428 836 3483 praesse
872 3416 1075 3470 tribum
1125 3415 1266 3471 Juda
1297 3416 1439 3473 Deus
1480 3418 1535 3472 in
1567 3417 1653 3473 his
1684 3419 1868 3475 verbis
1893 3420 1983 3490 ju-

397 3503 507 3560 bet.
537 3507 808 3570 Quocirca
839 3508 1100 3584 deinceps
1129 3511 1395 3579 scriptum
1422 3517 1508 3564 est
1541 3526 1554 3562 :
1589 3529 1608 3563 ι
1641 3510 1705 3565 Et
1737 3514 1984 3569 ascendit

395 3593 589 3662 Judas,
621 3605 674 3650 et
706 3598 932 3653 tradidit
983 3598 1246 3655 Dominus
1279 3601 1646 3657 Cliananteum
1689 3612 1743 3658 et
1781 3602 1984 3661 Phere-

398 3703 571 3741 zaeum
603 3689 656 3742 in
685 3706 910 3745 manum
939 3692 1138 3761 ejus”.
1171 3713 1189 3744 ι
1229 3692 1294 3746 Ει
1317 3710 1549 3749 rursus:
1587 3713 1606 3747 ι
1644 3693 1709 3748 Et
1745 3696 1979 3757 bellave-

397 3787 524 3834 runt
561 3781 656 3836 filii
702 3781 840 3836 Juda
873 3785 924 3839 in
965 3784 1305 3848 Jerusalem,
1355 3795 1410 3841 et
1449 3787 1979 3857 comprehenderunt

391 3887 536 3937 eam,
567 3881 620 3927 et
653 3875 1056 3930 descenderunt
1086 3876 1180 3930 filii
1204 3877 1344 3932 Juda
1373 3879 1429 3933 in
1458 3878 1830 3937 Cliananteum
1854 3883 1919 3938 ⁸ο.
1955 3904 1972 3935 ι

395 3963 462 4016 Et
510 3979 749 4020 rursus:
799 3987 818 4019 ι
867 3967 930 4021 Et
965 3970 1097 4023 abiit
1140 3969 1312 4026 Judas
1363 3988 1486 4026 cum
1527 3970 1765 4046 Symeon
1812 3976 1978 4032 fratre

394 4072 496 4110 suo
520 4056 588 4110 “.
622 4077 639 4110 ι
672 4058 738 4112 Et
767 4059 1027 4130 deinceps
1055 4081 1068 4116 :
1097 4087 1116 4114 ς
1154 4061 1218 4117 Et
1248 4061 1350 4117 fuit
1376 4063 1640 4123 Dominus
1663 4083 1785 4122 cum
1811 4067 1970 4132 Juda,

390 4157 446 4202 et
476 4149 724 4218 possedit
744 4153 1064 4207 montem“.
1087 4152 1191 4207 ιΕι
1213 4165 1336 4226 post
1361 4157 1477 4213 haec
1513 4175 1526 4212 :
1559 4177 1577 4210 ‹
1608 4159 1673 4213 Ει
1711 4162 1974 4217 ascende-

392 4245 520 4291 runt
556 4237 649 4292 filii
689 4237 891 4313 Ioseph
937 4244 1040 4314 ipsi
1089 4261 1308 4317 quoque
1357 4251 1411 4304 in
1458 4249 1659 4306 Bietliel
1707 4261 1758 4309 et
1803 4252 1973 4310 Judas

389 4344 512 4382 cum
541 4330 678 4399 ipsis
699 4331 765 4387 ".
806 4352 825 4385 ›
853 4333 1040 4406 Itaque
1071 4353 1196 4393 cum
1225 4341 1278 4394 in
1311 4341 1452 4397 libro
1479 4340 1754 4408 Judicum,
1787 4346 1972 4401 diver-

390 4421 468 4475 sis
510 4425 854 4492 temporibus
905 4426 1148 4499 (tametsi
1179 4431 1524 4488 diversarum
1575 4435 1817 4498 tribuum
1848 4452 1971 4494 esse

2087 3232 2192 3285 υἱοὶ
2237 3231 2451 3304 Ἰσραὴλ
2489 3234 2547 3284 ἐν
2577 3233 2788 3304 Κυρίῳ,
2831 3232 3079 3301 λέγοντες
3103 3251 3116 3263 ⁸
3158 3251 3180 3284 ι
3217 3234 3320 3298 Τίς
3357 3232 3674 3303 ἀναϐήσεται

2086 3326 2216 3396 ἡμῖν
2245 3325 2380 3398 πρὸς
2405 3324 2496 3378 τὸν
2531 3323 2855 3393 Καναναῖον,
2895 3326 3282 3397 ἀφηγούμενος
3322 3326 3421 3380 τοῦ
3452 3323 3673 3394 πολεμῆι

2087 3433 2174 3469 σαι
2226 3417 2284 3468 ἐν
2349 3415 2536 3486 αύτῷς
2589 3417 2699 3469 Kal
2747 3413 2867 3471 εἷπε
2910 3416 3110 3490 Κύριος
3141 3434 3154 3446 ·
3231 3418 3437 3481 Ἰούδας
3487 3414 3669 3484 ἀναϐή-

2086 3525 2252 3561 σεται.
2302 3507 2430 3560 Ἰδοὺ
2480 3508 2686 3562 δέδωκα
2729 3510 2828 3579 τὴν
2882 3510 2983 3578 γῆν
3039 3510 3120 3573 είς
3175 3514 3379 3582 χεῖρας
3427 3504 3608 3561 αὑτοῦ.
3645 3521 3663 3554 ι

2084 3599 2279 3668 Σαφῶς
2338 3594 2432 3652 οὖν
2482 3598 2574 3652 τοῦ
2620 3602 2821 3664 παντὸς
2869 3599 3083 3672 Ἰσραὴλ
3121 3600 3384 3672 ἡγεῖσθαι
3435 3600 3531 3671 τὴν
3579 3592 3661 3649 τοῦ

2098 3692 2262 3746 Ἰούδα
2290 3692 2460 3764 φυλὴν
2488 3694 2516 3746 ὁ
2557 3693 2689 3755 Θεὸς
2726 3691 2811 3745 διὰ
2857 3692 3057 3746 τούτων
3109 3695 3445 3764 προστάττει
3470 3709 3483 3721 ·
3547 3687 3656 3742 ὅθεν

2083 3785 2210 3855 ἑξῆς
2243 3786 2550 3858 γέγραπται
2579 3801 2592 3814 ·
2630 3803 2647 3835 ι
2677 3783 2784 3837 Kal
2809 3783 2976 3854 ἀνέϐη
3020 3784 3246 3848 Ἰούδας,
3274 3785 3371 3838 καὶ
3395 3781 3658 3855 παρέδωκε

2081 3877 2283 3949 Κύριος
2304 3877 2393 3928 τὸν
2421 3878 2722 3929 Χαναναῖον
2749 3875 2840 3928 καὶ
2867 3875 2958 3929 τὸν
2982 3875 3278 3948 Φερεζαῖον
3316 3877 3377 3930 ἐν
3403 3874 3544 3946 χειρὶ
3574 3871 3659 3924 αύ-

2079 3968 2191 4023 τοῦο
2231 3989 2248 4019 ι
2298 3969 2392 4022 καὶ
2437 3968 2616 4022 πάλιν·
2660 3985 2678 4018 ι
2728 3968 2836 4020 Kal
2876 3967 3223 4040 ἐπολέμησαν
3264 3971 3313 4023 οί
3359 3969 3462 4021 υίοὶ
3498 3962 3653 4018 Ἰούδα

2079 4063 2134 4113 ἐν
2181 4058 2555 4129 Ἰερουσαλὴμ,
2605 4059 2699 4111 καὶ
2742 4059 3106 4113 κατελάϐοντο
3148 4061 3344 4132 αὐτὴν,
3379 4059 3472 4113 καὶ
3535 4071 3652 4110 κατ·

2078 4153 2280 4223 έϐησαν
2331 4153 2438 4204 υἱοὶ
2483 4151 2673 4214 Ἰούδα,
2718 4149 3023 4221 πολεμῆσαι
3074 4153 3131 4205 ἐν
3177 4151 3258 4223 τῷ
3280 4148 3578 4217 Χαναναίῳ.
3624 4163 3642 4196 ι

2077 4244 2186 4295 Kal
2241 4237 2421 4306 αὖθις·
2462 4259 2480 4292 ι
2517 4244 2625 4295 Kal
2675 4241 2946 4315 ἐπορεύθη
2993 4243 3191 4307 Ἰούδας
3258 4241 3400 4314 μετά
3442 4235 3646 4310 Συμεὼν

2074 4338 2166 4391 τοῦ
2214 4337 2442 4407 ἀδελφοῦ
2491 4336 2676 4392 αὑτοῦ.
2740 4358 2757 4390 ι
2810 4339 2918 4392 Kal
2967 4337 3123 4408 ἑξῆς·
3171 4338 3284 4391 Καὶ
3340 4333 3408 4408 ἦν
3463 4333 3645 4402 Κύριος

2077 4430 2215 4502 μετά
2245 4431 2432 4493 Ἰούδα,
2469 4431 2562 4484 καὶ
2607 4431 3012 4502 ἐκληρονόμησε
3045 4431 3105 4484 τὸ
3153 4431 3281 4502 ὅρος
3305 4447 3320 4463 ο
3365 4451 3383 4483 ι
3440 4429 3529 4482 καὶ
3561 4441 3644 4497 με·

387 4509 752 4583 τὶόεὺιιηιιιγ),
773 4515 988 4583 judices
1019 4521 1220 4590 populo
1244 4532 1564 4591 przeessent,
1591 4525 1765 4581 tribus
1785 4533 1968 4582 tamen

2085 4523 2139 4576 τὰ
2169 4523 2371 4577 ταῦτα·
2413 4543 2430 4574 ι
2462 4525 2569 4576 Καὶ
2600 4524 2870 4596 ἀνέϐησαν
2936 4525 2985 4576 οἱ
3031 4525 3136 4577 υἰοι
3181 4525 3412 4595 Ἰωσὴφ,
3462 4519 3548 4575 καί
3587 4533 3636 4584 γε

385 4598 526 4656 .‘uda
563 4603 616 4656 in
647 4607 965 4664 universum
1007 4613 1175 4668 totius
1206 4616 1383 4683 gentis
1411 4616 1520 4669 dux
1549 4623 1704 4670 erat:
1734 4618 1970 4688 idipsum

387 4709 517 4748 vero
548 4699 892 4766 temporibus
929 4701 1096 4757 David
1125 4721 1623 4776 successurumque
1652 4709 1772 4776 ejus
1801 4711 1972 4766 multo

387 4785 582 4854 magis,
609 4789 810 4858 quippe
844 4806 967 4845 cum
1003 4795 1261 4862 plane'de
1287 4797 1434 4850 tribu
1468 4795 1608 4850 Juda
1645 4798 1721 4851 illi
1747 4801 1975 4856 exsiste-

387 4884 531 4938 rent,
578 4885 631 4932 et
677 4893 907 4950 regnum
953 4899 1127 4954 usque
1183 4887 1249 4940 ad
1304 4886 1690 4958 Babylonicam
1728 4891 1970 4960 ipsorum

387 4966 600 5020 cladem
643 4970 1021 5039 produxerim,
1060 4984 1183 5046 post
1218 4993 1383 5048 quam
1422 4975 1632 5033 cladem
1667 4979 1734 5036 iis
1774 4981 1866 5051 qui
1900 4981 1968 5037 de

386 5056 475 5108 illa
507 5061 770 5116 servitute
794 5062 849 5117 in
882 5065 1112 5133 patriam
1145 5077 1344 5122 terram
1365 5069 1570 5125 reversi
1598 5079 1746 5137 sunt,
1773 5088 1966 5129 rursus

384 5148 604 5213 praefuit
634 5150 960 5220 Zorobabel,
1013 5154 1272 5212 Salatliiel
1321 5157 1465 5214 filius
1505 5159 1571 5214 de
1616 5162 1760 5216 tribu
1799 5161 1962 5218 Juda.

383 5239 514 5293 Inde
559 5243 722 5296 etiam
770 5243 1056 5316 Scriptura
1087 5264 1209 5318 quae
1254 5248 1710 5321 Paralipomenon
1740 5253 1962 5319 dicitur,

382 5331 668 5387 duodecim
705 5337 945 5392 tribuum
989 5338 1153 5394 lsrael
1181 5342 1380 5397 seriem
1415 5345 1630 5412 generis
1675 5361 1961 5415 enarrans,

385 5424 454 5477 ab
477 5439 539 5478 ea
573 5442 694 5496 quae
720 5439 803 5483 est
836 5430 1008 5500 ipsius
1036 5431 1175 5487 Juda
1209 5433 1339 5490 fecit
1390 5435 1609 5491 initium
1642 5455 1654 5491 :
1689 5455 1818 5510 ergo
1844 5441 1964 5510 ipso

382 5513 575 5572 ordine
606 5522 857 5590 sequitur
883 5531 942 5577 ut
980 5525 1142 5580 etiam
1195 5530 1590 5598 posterioribus
1623 5535 1964 5604 temporibus

383 5607 650 5666 fateamur
678 5616 923 5672 eamdem
958 5621 1159 5673 tribum
1183 5623 1409 5695 reliquis
1431 5626 1734 5697 praefuisse,
1767 5645 1963 5700 quam-

2078 4617 2230 4669 αὐτοὶ
2277 4618 2334 4669 ἐν
2376 4616 2598 4688 Βαιθὴλ,
2646 4618 2739 4669 καὶ
2791 4615 2988 4679 Ἰούδας
3019 4617 3131 4683 μετ³
3177 4618 3374 4670 αὐτῶν.
3414 4634 3431 4664 ι
3469 4612 3568 4666 Kal
3588 4610 3636 4660 ἐν

2075 4711 2141 4779 τῇ
2201 4707 2367 4778 βίϐλῳ
2405 4708 2461 4761 δὲ
2521 4708 2629 4763 τῶν
2677 4707 2892 4779 Κριτῶν
2937 4707 3206 4780 διαφόρων
3255 4708 3394 4762 κατὰ
3436 4702 3634 4777 χρόνους

2077 4800 2485 4872 προϊσταμένων
2516 4799 2610 4852 τοῦ
2653 4799 2802 4862 λαοῦ,
2838 4801 2886 4852 εί
2920 4801 3013 4853 καὶ
3041 4802 3106 4854 ἐκ
3143 4801 3410 4872 διαφόρων
3437 4797 3630 4850 ἐδόκουν

2075 4886 2214 4943 εἶναι
2247 4890 2428 4960 φυλῶν
2461 4894 2507 4944 οἱ
2539 4892 2742 4963 κριταὶ,
2765 4892 2912 4962 ὅμως
2942 4892 2998 4944 δέ
3031 4892 3256 4945 καθόλου
3293 4895 3324 4964 ὴ
3352 4889 3443 4944 τοῦ
3482 4882 3627 4940 Ἰούδα

2077 4983 2216 5054 φυλὴ
2249 4982 2343 5035 τοῦ
2375 4984 2575 5046 παντὸς
2607 4983 2792 5047 ἔθνους
2823 4986 3006 5054 ἠγεῖτο
3028 5001 3042 5014 ο
3075 4983 3252 5055 πολλῷ
3282 4984 3339 5038 δὲ
3373 4981 3521 5035 πλέον
3545 4973 3624 5028 ἐπὶ

2074 5076 2181 5130 τῶν
2213 5077 2421 5148 χρόνων
2452 5075 2546 5128 τοῦ
2581 5076 2764 5141 Δαϐὶδ,
2799 5076 2892 5128 καὶ
2925 5074 3033 5127 τῶν
3063 5075 3252 5129 τούτου
3285 5073 3547 5143 διαδόχων,
3568 5066 3624 5118 ἐκ

2074 5169 2246 5240 φυλῆς
2288 5169 2384 5240 μὲν
2415 5169 2509 5222 τοῦ
2552 5169 2721 5222 Ἰούδα
2770 5168 3088 5238 γεγονότων,
3127 5169 3290 5241 μέχρι
3336 5167 3391 5222 δέ
3420 5164 3512 5233 τῆς
3551 5157 3620 5220 εις

2073 5262 2368 5315 Βαϐυλῶνα
2396 5261 2770 5332 αἰχμαλωσίας
2795 5260 2893 5331 τὴν
2929 5259 3204 5330 βασιλείαν
3235 5256 3616 5328 διενεγκάντωνν

2075 5354 2190 5424 μεθ’
2223 5355 2288 5425 ἣν
2315 5353 2424 5406 τῶν
2456 5355 2520 5405 ἐκ
2551 5354 2648 5424 τῆς
2669 5351 3044 5423 αἰχμαλωσίας
3076 5354 3167 5406 ἐπὶ
3198 5353 3296 5424 τὴν
3319 5348 3507 5405 οἰκείαν
3526 5342 3613 5412 γῆν

2070 5445 2398 5499 ἐπανιόντων
2425 5441 2579 5506 αὖθις
2603 5446 2815 5515 ἡγεῖται
2841 5443 3165 5515 Ζοροϐάϐελ,
3197 5447 3225 5497 ὁ
3255 5443 3346 5498 τοῦ
3375 5431 3612 5504 Σαλαθιὴλ

2071 5539 2134 5590 ὲκ
2168 5537 2338 5606 φυλῆς
2385 5535 2570 5592 Ἰούδα,
2610 5538 2638 5588 ὀ
2671 5534 2878 5589 καὶτὸν
2899 5533 3035 5589 νεὼν
3070 5538 3306 5610 ἐγείρας.
3337 5531 3508 5587 Ἔνθεν
3527 5523 3607 5579 καὶ

2073 5631 2246 5701 ἡτῶν
2283 5629 2772 5702 Παραλειπομένων
2821 5630 3029 5702 γραφὴ,
3079 5631 3177 5694 τὰς
3219 5630 3418 5684 δώδεκα
3460 5619 3606 5694 φυλὰς

452 5725 708 5817 fuﬁum;
736 5734 1006 5817 "’32-'31
1065 5737 1129 5817 :7“
1155 5735 1315 5793 Num.
1359 5759 1454 5809 γη,
1499 5745 1578 5810 Η,
1624 5748 1699 5801 12.
1781 5749 1824 5779 ⁸⁸
1861 5746 1983 5802 Judi

2096 5765 2144 5813 ι,
2182 5752 2231 5814 l,
2271 5751 2323 5804 2.
2401 5749 2441 5781 ³⁸
2481 5749 2609 5803 ibid.
2645 5751 2698 5807 σί.
2775 5751 2817 5782 ⁸ο
2858 5751 2988 5807 ibid:
3050 5751 3104 5817 8,
3137 5751 3185 5804 9.
3269 5752 3305 5782 "
3349 5746 3463 5802 ibid.
3526 5736 3596 5792 l7-

384 5799 429 5830 "
470 5797 601 5854 ibid.
643 5800 726 5856 i9.
820 5807 865 5837 ⁸³
895 5805 1028 5861 Ibid.
1064 5806 1150 5864 2‘2.
