3928 6520
211 382 345 437 577

1095 338 1745 438 nauousrnmoxts
1765 372 2223 433 evasurum
2261 377 2387 431 LIB.
2426 378 2563 433 vui.

3384 391 3492 447 578

212 504 326 559 τοῦ
388 502 594 574 Ἰσραὴλ
640 500 1056 571 γενεαλογοῦσα,
1088 501 1198 555 ἀπὸ
1243 501 1339 571 τῆς
1379 499 1471 552 τοῦ
1514 498 1681 551 Ἰούδα
1720 492 1774 547 τῦ

1875 500 1894 550 ι
1922 493 2007 546 vis
2060 493 2115 547 in
2170 506 2321 563 parte
2355 498 2536 565 aliqua
2566 497 2698 550 varii
2730 496 3040 569 diversique
3076 504 3277 573 populo
3312 510 3489 575 praeti-

209 598 518 670 xutapfhv
568 596 878 665 ἐποιήσατο.
921 596 1149 648 Ἐπεται
1193 593 1257 664 δὴ
1301 590 1393 647 οὖν
1444 592 1649 655 τούτοις
1688 591 1774 644 ἁκι

1914 593 2190 648 cerentur,
2214 603 2447 656 quorum
2478 589 2792 659 singillatim
2828 606 2998 660 genus
3027 595 3184 647 solita
3205 597 3485 667 diligentia

210 689 443 752 λούθως
490 688 583 740 καὶ
614 689 672 740 ἐν
702 689 813 749 τοῖς
847 686 984 757 μετὰ
1024 686 1197 740 ταῦτα
1243 686 1453 756 χρόνοις
1499 682 1597 753 τὴν
1646 682 1812 753 αὐτὴν

211 780 407 851 φυλὴν
464 779 572 833 τῶν
634 778 835 831 λοιπῶν
881 776 1157 848 ὁμολογεῖν
1210 776 1477 847 ἡγεῖσθαι,
1512 777 1559 828 εἰ
1604 776 1697 828 καὶ
1754 777 1811 827 ἐν

213 871 394 942 μέρει
424 870 672 941 διάφοροι
705 871 1154 942 προειστήκεισαν
1184 868 1277 921 τοῦ
1306 868 1433 921 λαοῦ
1453 884 1465 897 ·
1502 861 1577 921 ὧν
1604 868 1664 919 οὐ
1691 865 1809 921 καθ’

205 961 365 1027 ἡμῖν
397 957 619 1012 δυνατὸν
651 958 1098 1031 ἐξακριϐάζεσθαι
1133 958 1200 1012 τὰ
1242 959 1393 1029 γένη,
1436 958 1514 1030 τῷ
1546 958 1676 1030 μηδέ
1711 958 1807 1027 φέ-

208 1049 423 1119 ρεσθαι
470 1050 619 1103 θείαν
657 1050 837 1121 βίϐλον
874 1050 933 1115 ἐξ
982 1051 1188 1104 ἐκείνου
1222 1053 1315 1105 καὶ
1364 1051 1523 1122 μέχρι
1555 1050 1663 1103 τῶν
1711 1050 1805 1103 τοῦ

206 1142 480 1213 Σωτῆρος
511 1143 741 1215 χρόνων.
785 1143 930 1213 Πλὴν
964 1146 1043 1206 είς
1070 1144 1319 1197 τοσοῦτον
1348 1143 1631 1216 διαρκέσαι
1652 1143 1805 1212 λόγος

204 1235 460 1305 φανερὸς
486 1236 635 1307 αἱρεῖ
658 1237 756 1307 τὴν
787 1236 882 1290 τοῦ
921 1236 1085 1291 Ἰούδα
1119 1236 1308 1307 φυλὴν,
1342 1239 1421 1301 είς
1452 1239 1573 1290 ὅσον
1604 1236 1665 1290 τὸ
1699 1238 1804 1290 πᾶν

203 1327 377 1391 ἐθνος
402 1328 687 1400 ἐλευθερίᾳ
715 1330 810 1382 καὶ
833 1328 1124 1399 αὐτονομίᾳ
1153 1328 1427 1400 χρώμενον
1455 1328 1560 1382 ὐπὸ
1584 1329 1803 1391 οἰκείοις

202 1420 479 1490 ἄρχουσιν
507 1421 602 1473 καὶ
636 1419 955 1490 ἡγουμένοις
979 1418 1335 1473 ἐπολιτεύετο.
1363 1418 1531 1472 Τοῦτο
1546 1420 1603 1473 δὲ
1623 1420 1801 1484 αὐτοῖς

1912 693 2168 733 enarrare
2188 696 2529 751 nequaquam
2557 698 2657 737 nos
2685 699 2998 752 possumus,
3021 697 3305 759 propterea
3336 696 3481 760 quod

1911 771 2093 827 nullus
2145 774 2378 842 amplius
2441 773 2613 827 fertur
2660 774 2879 829 divinus
2927 778 3083 844 liber,
3134 781 3227 849 qui
3274 799 3338 837 ex
3388 786 3483 841 illo

1912 878 2084 933 usque
2126 865 2194 918 ad
2240 874 2485 935 tempora
2540 866 2842 921 Salvatoris
2888 872 3063 923 nostri
3108 875 3479 930 narrationem

1908 956 2331 1011 continuaverit.
2376 957 2763 1014 Verumtamen
2794 970 2847 1014 et
2877 961 3015 1015 fama
3051 971 3104 1017 et
3134 966 3273 1019 ratio
3306 968 3483 1021 dicta-

1906 1046 1986 1099 bit
2009 1046 2237 1101 durasse
2262 1048 2449 1101 tandiu
2478 1049 2677 1102 tribum
2706 1048 2865 1113 Juda,
2919 1054 3162 1121 quandiu
3190 1064 3301 1109 tota
3346 1074 3480 1127 gens

1907 1137 2156 1193 libertate
2184 1146 2237 1193 ct
2266 1140 2382 1193 suis
2414 1140 2622 1210 legibus
2650 1150 2829 1204 utens,
2857 1144 2959 1197 sub
2991 1144 3307 1201 domesticis
3335 1149 3482 1218 prin-

1905 1228 2119 1297 cipibus
2160 1229 2502 1299 ducibusque
2556 1232 2722 1284 vitam
2768 1234 2958 1302 egerit.
3012 1232 3183 1289 Porro
3220 1237 3324 1291 hoc
3367 1240 3479 1295 illis

1903 1321 2132 1391 contigit
2180 1312 2269 1375 ab‘
2300 1321 2457 1375 initio
2498 1338 2671 1391 usque
2712 1324 2780 1376 ad
2828 1333 3068 1394 tempora
3116 1327 3366 1397 Augusti,
3420 1331 3477 1384 in

1902 1415 2102 1484 quibus
2136 1430 2259 1468 cum
2291 1412 2542 1469 Salvator
2570 1425 2755 1471 uoster
2783 1416 2943 1472 Jesus
2969 1419 3277 1481 hominibus
3311 1439 3369 1478 se
3390 1425 3476 1478 vi-

1901 1506 2136 1561 dendum
2164 1508 2473 1577 praabuerit,
2493 1517 2606 1563 tum
2633 1525 2759 1564 vero
2784 1510 2837 1563 in
2867 1512 3181 1566 servitutem
3214 1513 3475 1570 Romanis

200 1510 264 1577 ἐξ
287 1512 476 1581 ἀρχῆς
518 1509 752 1581 ὑπῆρξε,
788 1510 881 1563 καὶ
918 1510 1079 1580 μέχρι
1102 1508 1208 1562 τῶν
1235 1508 1541 1577 Αὐγούστου
1571 1509 1796 1581 χρόνων,

198 1602 337 1655 καθ’
374 1600 489 1665 οὓς,
540 1602 712 1673 Ἰησοῦ
743 1602 837 1655 τοῦ
878 1602 1127 1671 Σωτῆρος
1154 1600 1309 1671 ἡμῶν
1335 1601 1590 1669 φανέντος
1622 1602 1680 1655 ἐν
1704 1602 1774 1654 ἀνι

1902 1600 2153 1654 universa
2181 1616 2313 1668 gens
2338 1603 2506 1657 cessit
2535 1619 2545 1652 :
2574 1603 2740 1673 369
2769 1612 2821 1656 et
2850 1620 2949 1673 pro
2975 1606 3167 1673 patriis
3203 1623 3264 1661 ac
3299 1609 3475 1678 legiti-

198 1690 478 1762 θρώποις,
512 1692 575 1746 τὸ
606 1694 717 1747 πᾶν
750 1693 899 1756 ἔθνος
938 1693 1121 1746 δοῦλον
1166 1693 1451 1764 Ῥωμαίοις
1480 1693 1774 1746 καθίστατα

1899 1690 2004 1745 mis
2029 1691 2262 1747 ducibus
2299 1694 2508 1763 primus
2538 1693 2777 1749 lierodes
2801 1707 3060 1751 externus
3092 1698 3202 1753 illis
3233 1701 3470 1769 prmfuit,

197 1786 304 1837 καὶ
333 1787 459 1839 ἀντὶ
488 1785 602 1840 τῶν
631 1787 894 1858 πατρόθεν
926 1786 1107 1850 αὐτοῖς
1128 1788 1219 1840 καὶ
1248 1787 1386 1841 κατά
1406 1788 1601 1859 νόμους
1627 1790 1774 1859 ἡγου-

1899 1790 1953 1836 et
1994 1799 2087 1837 rex
2116 1783 2411 1854 Augustus.
2441 1785 2694 1851 Quandiu
2739 1786 2905 1856 igitur
2938 1804 3046 1842 non
3089 1789 3287 1845 defecit
3316 1792 3471 1860 prin-

202 1877 392 1945 μένων
421 1878 639 1949 πρῶτος
669 1851 913 1949 Ἡρώδης
941 1876 1233 1947 ἀλλόφυλος
1256 1878 1431 1932 αὐτῶν
1464 1851 1774 1949 ἧγεῖταίκα

1892 1890 2020 1945 ceps
2050 1875 2116 1929 de
2146 1851 2306 1942 Juvda,
2326 1894 2505 1946 neque
2529 1878 2638 1932 dux
2664 1878 2731 1933 de
2754 1851 3056 1938 femoribus
3077 1883 3220 1951 ejus,
3248 1851 3474 1954 prophe-

199 1967 470 2035 βασιλεὺς
509 1968 836 2037 Αὔγουστος.
863 1970 1008 2033 Ἐως
1052 1969 1150 2039 μὲν
1196 1966 1287 2023 οὖν
1331 1970 1451 2023 οὐδέ
1503 1988 1590 2023 πω
1622 1971 1774 2024 διελε-

1892 1968 2088 2021 tiarum
2127 1975 2371 2038 tempora
2411 1971 2677 2040 appositis
2724 1972 3034 2042 principum
3070 1977 3250 2043 gentis
3296 1978 3466 2031 nomi-

197 2056 385 2111 λοίςτει
418 2059 606 2130 ἄρχων
638 2060 697 2126 ἐξ
739 2059 927 2126 Ἰούδα,
961 2060 1081 2112 οὐδὲ
1113 2059 1413 2131 ⁴ἡγούμενος
1443 2062 1506 2114 ἐκ
1538 2062 1645 2114 τῶν
1682 2080 1787 2134 μη-

199 2149 317 2217 ρῶν
351 2148 546 2215 αὐτοῦ,
588 2150 697 2204 τῶν
745 2150 1091 2221 προφητειῶν
1135 2153 1183 2204 οἱ
1232 2152 1409 2222 χρόνοι
1457 2152 1519 2205 ἐκ
1551 2154 1648 2224 τῆς
1680 2154 1788 2206 τῶν

197 2241 487 2311 ἀρχόντων
508 2241 604 2295 τοῦ
627 2242 811 2306 ἔθνους
836 2244 1186 2315 παραθέσεως
1204 2244 1587 2315 ἀνεγράφοντό.
1603 2244 1788 2309 Οὐτως

195 2329 293 2386 οὖν
350 2333 585 2395 Ἡσαΐας
628 2334 685 2385 ἐν
736 2333 982 2404 βασιλείᾳ
1044 2334 1218 2397 Ὀζίου
1274 2337 1365 2389 καὶ
1398 2336 1656 2401 Ἰωάθαν,
1693 2338 1786 2391 καὶ

201 2422 409 2493 Ἄχας,
444 2426 540 2477 καὶ
592 2425 862 2491 Ἐζεκίου,
890 2427 940 2479 οἳ
986 2426 1337 2480 ἐϐασίλευσαν
1374 2428 1473 2499 τῆς
1511 2428 1781 2493 Ἰουδαίας,

197 2517 574 2586 προφητεύει·
612 2517 813 2588 ὁμοίως
861 2518 917 2571 δὲ
968 2521 1061 2573 καὶ
1094 2519 1273 2591 Ὠσηέ.
1316 2520 1371 2573 '0
1412 2520 1467 2573 δὲ
1522 2520 1698 2591 Ἀμὼς
1726 2524 1781 2574 ἐν

196 2608 444 2680 ἡμέραις
485 2610 662 2673 Ὀζίου
718 2610 981 2679 βασιλέως
1022 2611 1224 2676 Ἰούδα,
1293 2614 1386 2666 καὶ
1442 2614 1499 2665 ἐν
1550 2614 1782 2684 ἡμέραις

209 2700 501 2771 Ἰεροϐοάμ
539 2701 656 2754 υἱοῦ
699 2702 867 2765 Ἰωὰς,
908 2702 1171 2773 βασιλέως
1214 2705 1447 2776 Ἰσραὴλ,
1493 2706 1585 2758 καὶ
1619 2706 1782 2774 Σοφο-

194 2792 316 2855 νίας
380 2794 439 2847 ἐν
493 2793 729 2863 ἡμέραις
777 2794 1019 2858 Ἰωσίου,
1068 2794 1185 2848 υίοῦ
1244 2796 1459 2867 Ἀμὼς,
1519 2795 1781 2866 βασιλέως

211 2883 403 2937 Ἰούδα.
454 2884 685 2956 Ὁμοίως
732 2884 787 2936 δὲ
837 2886 930 2938 καὶ
981 2886 1266 2957 Ἱερεμίας.
1321 2887 1457 2939 Ἀλλ’
1504 2888 1593 2940 ὅτε
1630 2886 1780 2939 ἐκλέ-

194 2972 384 3025 λοιπεν
424 2974 607 3044 ἄρχων
647 2973 707 3039 ἐξ
751 2975 938 3039 Ἰούδα,
970 2977 1063 3029 καὶ
1100 2976 1399 3047 ἡγούμενος
1432 2979 1494 3030 ἐκ
1535 2976 1641 3029 τῶν
1678 2992 1779 3047 μη-

198 3064 307 3134 ρῶν
344 3065 551 3130 αὐτοῦ,
603 3066 700 3137 τῆς
728 3066 815 3120 διὰ
869 3067 961 3121 τοῦ
1012 3067 1246 3139 Χριστοῦ
1297 3068 1778 3139 προφητευομένης

1890 2059 2051 2113 nibus
2080 2060 2412 2114 notabantur
2438 2081 2450 2115 :
2483 2062 2563 2116 sic
2589 2063 2734 2117 enim
2765 2064 2930 2119 Isaias
2955 2066 3058 2119 sub
3080 2068 3297 2136 regibus
3315 2068 3467 2135 Ozia,

1886 2144 2141 2231 Joathan,
2185 2148 2388 2214 Acbaz,
2424 2159 2478 2205 et
2519 2151 2772 2216 Ezecliia,
2820 2155 2913 2223 qui
2962 2156 3015 2209 in
3042 2154 3226 2212 Iudaea
3272 2174 3468 2229 regna-

1888 2248 2036 2302 runt,
2077 2242 2418 2311 prophetiam
2462 2260 2616 2299 suam
2678 2248 2919 2300 contexit
2956 2266 2967 2301 :
3013 2250 3270 2304 similiter
3306 2250 3462 2306 Osee.

1886 2332 2053 2387 Amos
2081 2349 2210 2387 vero
2245 2334 2296 2388 in
2332 2334 2523 2391 diebus
2554 2336 2700 2391 Oziae
2733 2340 2876 2408 regis
2906 2339 3066 2406 Juda,
3105 2353 3157 2396 et
3191 2344 3244 2396 in
3272 2344 3465 2399 diebus

1884 2423 2012 2478 Jesu
2047 2425 2137 2478 lilii
2164 2423 2295 2482 Joas
2353 2428 2496 2497 regis
2527 2430 2695 2484 Israel
2724 2448 2737 2486 :
2764 2440 2816 2485 et
2849 2429 3154 2500 Soplionias
3178 2434 3236 2487 in
3269 2434 3465 2492 diebus

1882 2515 2045 2571 Josite
2096 2518 2188 2571 lilii
2241 2520 2407 2574 Amos
2452 2522 2595 2591 regis
2645 2520 2786 2575 Juda
2832 2542 2843 2575 :
2880 2524 3133 2577 similiter
3175 2523 3459 2581 Jeremias.

1886 2607 1991 2663 Sed
2021 2610 2109 2663 ubi
2139 2610 2336 2665 defecit
2371 2613 2622 2682 princeps
2652 2614 2719 2668 de
2746 2613 2883 2668 Juda
2913 2625 2966 2670 et
2998 2617 3108 2670 dux
3142 2620 3208 2672 de
3252 2619 3465 2672 femori-

1881 2699 1983 2754 bus
2009 2699 2151 2768 ejus,
2174 2715 2297 2755 cmn
2322 2704 2657 2771 exspectatio
2681 2704 2942 2773 gentium,
2965 2707 3031 2759 tle
3053 2722 3158 2775 qua
3185 2708 3462 2777 propheta:

1882 2790 2047 2843 locuti
2104 2791 2342 2855 fuerant,
2389 2792 2615 2860 jamjam
2648 2809 2743 2862 per
2782 2793 3065 2849 Christum
3123 2798 3285 2850 vitam
3315 2806 3462 2853 esset

1881 2879 2243 2943 illustratura.
2266 2898 2372 2936 non
2406 2884 2639 2952 amplius
2672 2900 2826 2955 reges
2842 2884 2981 2941 Juda
3016 2891 3253 2950 censeri,
3282 2904 3458 2959 neque

1879 2971 2045 3027 duces
2070 2973 2233 3027 Israel
2266 2988 2499 3043 erepere,
2544 2975 2640 3030 sed
2685 2976 2769 3031 his
2800 2978 2953 3046 ipsis,
3000 2979 3457 3047 quemadmodum

1880 3067 2177 3136 prephetite
2228 3068 2695 3137 signiﬁcaverant,
2735 3086 2835 3126 suo
2870 3080 3023 3125 certo
3053 3083 3105 3128 et
3140 3073 3289 3128 ﬁnito
3322 3082 3460 3128 tem-

198 3158 531 3228 προσδοκίας
580 3158 689 3211 τῶν
736 3159 904 3213 ἐθνῶν
945 3161 1067 3214 ὅσον
1114 3160 1267 3215 οῦπω
1313 3162 1610 3233 μελλούσης
1659 3163 1774 3213 ἐπι-

1881 3173 2010 3227 pore
2054 3160 2451 3224 deﬁcientibus.
2488 3164 2697 3232 primus
2747 3165 2967 3233 quidem
3021 3164 3323 3233 Augustus,
3380 3180 3459 3220 se-

196 3248 437 3319 λάμπειν
470 3250 550 3320 τῷ
586 3250 713 3322 βίῳ,
749 3251 930 3304 οὐκέτι
978 3257 1075 3324 μὲν
1124 3253 1359 3323 βασιλεῖς
1404 3255 1775 3326 ἐχρημάτισαν

206 3344 412 3409 Ἰούδα,
472 3344 591 3397 οὐδὲ
641 3344 929 3415 ἡγούμενοι
985 3347 1221 3418 Ἰσραήλ.
1277 3348 1493 3402 Τούτων
1550 3348 1605 3401 δὲ
1655 3352 1775 3413 ταῖς

193 3437 555 3507 προφητείαις
599 3438 905 3501 ἀκολούθως
950 3438 1091 3492 κατά
1123 3441 1248 3502 τοὺς
1282 3440 1618 3511 ὡρισμένους
1650 3442 1775 3512 χρό-

192 3550 307 3596 νους
328 3531 768 3595 διαλελοιπότων,
795 3532 1010 3604 πρῶτος
1041 3534 1138 3603 μὲν
1169 3531 1493 3602 Αὔγουστος,
1524 3534 1771 3605 δεύτερος

190 3625 242 3676 δὲ
288 3623 568 3694 Τιϐέριος,
628 3623 764 3694 μετά
807 3623 914 3678 τῶν
958 3624 1132 3679 ἄλλων
1184 3626 1277 3678 καὶ
1341 3625 1434 3679 τοῦ
1503 3626 1770 3680 Ἰουδαίων

190 3715 375 3777 ἔθνους
412 3714 862 3786 ἀνηγορεύθησαν
898 3714 1153 3785 βασιλεῖς,
1186 3716 1239 3768 οἵ
1279 3733 1338 3768 τε
1373 3716 1514 3771 κατὰ
1548 3717 1771 3783 τούτους

191 3808 283 3875 τῆς
322 3807 591 3870 Ἰουδαίας
625 3808 907 3879 ἐπίτροποι
943 3810 1036 3863 καὶ
1066 3809 1382 3881 τετράρχαι,
1418 3810 1478 3863 οὐ
1505 3810 1609 3882 μὴν
1634 3812 1768 3865 ἀλλά

189 3901 277 3951 καὶ
318 3898 591 3971 Ἡρώδης,
625 3900 699 3964 ὡς
737 3902 872 3971 ἔφην
907 3901 1003 3973 ἤδη
1050 3903 1142 3955 καὶ
1177 3902 1456 3973 πρότερον,
1500 3904 1561 3956 οὐ
1600 3921 1767 3975 προσ-

188 3993 335 4063 ήκων
386 3992 659 4055 Ἰουδαίοις
691 3992 750 4046 τὺ
792 3993 966 4061 γένος,
995 3993 1053 4055 ὃς
1096 3992 1193 4046 καὶ
1236 3994 1397 4057 αὐτὸς
1430 3995 1579 4065 παρά
1636 3994 1766 4047 Ῥω-

196 4083 368 4151 μαίων
421 4084 522 4154 τὴν
549 4084 722 4155 ἀρχὴν
766 4084 864 4156 τὴν
897 4083 1037 4137 κατά
1083 4084 1349 4139 Ἰουδαίων
1380 4087 1759 4158 ἐγχειρίζεται.

186 4175 402 4229 Τούτων
438 4178 569 4246 ἡμῖν
599 4177 1107 4247 προτετηρημένων,
1138 4178 1327 4249 καιρὸς
1358 4179 1457 4250 ἤδη
1485 4179 1639 4232 καλεῖ
1662 4180 1763 4249 τῆς

186 4268 258 4329 εἰς
278 4267 383 4337 τὴν
414 4267 751 4339 προφητείαν
786 4266 1016 4339 θεωρίας
1055 4267 1383 4336 ἐφάψασθαι,
1418 4289 1436 4319 ι
1472 4271 1661 4334 Ἰούδα,
1702 4271 1761 4323 σὲ

185 4360 490 4413 αἰνέσουσιν
520 4361 569 4413 οἱ
591 4359 807 4429 ἀδελφοί
832 4376 926 4412 σου
946 4376 959 4389 ·
996 4378 1013 4410 ι
1047 4358 1253 4413 δώδεκα
1280 4360 1387 4413 τῶν
1412 4360 1548 4414 ὅλων
1584 4362 1759 4433 ύπάρ-

184 4453 384 4520 χόντων
411 4452 617 4505 παίδων
649 4451 726 4522 τῷ
771 4452 982 4517 Ἰακὼϐ,
1024 4452 1281 4524 τέταρτος
1334 4453 1529 4516 Ἰούδας
1560 4449 1647 4524 ἦν,
1682 4454 1756 4517 ὼς

1879 3253 2092 3307 cundus
2112 3268 2291 3309 autem
2321 3252 2574 3310 Tiberius
2618 3263 2671 3309 et
2692 3256 2919 3310 aliarum
2947 3264 2998 3311 et
3019 3256 3257 3311 Jutlaiem
3279 3258 3456 3327 gentis

1876 3345 2173 3413 nuneupati
2228 3353 2360 3399 sunt
2401 3360 2575 3415 reges,
2612 3361 2713 3400 nec
2748 3363 2856 3400 non
2897 3347 2987 3400 alii
3022 3348 3322 3402 secundum
3357 3348 3456 3401 hos

1874 3436 2023 3504 ipsos
2051 3434 2252 3491 Judaraz
2283 3446 2670 3505 procuratores
2708 3446 2872 3503 atque
2902 3441 3212 3498 tetrarchae.
3251 3440 3454 3507 quibus

1872 3526 2260 3581 adnumeretur
2286 3527 2548 3587 Herodes,
2577 3544 2605 3581 ιι
2642 3527 2953 3582 Judzeorum
2996 3545 3216 3598 genere,
3248 3536 3306 3582 ut
3333 3529 3449 3598 jam

1870 3627 2030 3672 antea
2063 3618 2196 3682 dixi,
2228 3620 2461 3682 alienus,
2493 3620 2584 3688 qui
2629 3620 2794 3673 etiam
2847 3620 2960 3687 ipse
3003 3634 3033 3673 a
3063 3618 3322 3674 Romanis
3353 3619 3452 3673 Ju-

1869 3710 2109 3765 daeorum
2152 3712 2517 3782 principatum
2568 3713 2801 3782 acc-epit.
2849 3713 2983 3768 Cum
3034 3713 3302 3768 hactenus
3332 3714 3449 3769 hate

1867 3803 2359 3870 observaverimus,
2396 3814 2609 3875 tempus
2657 3806 2768 3875 jam
2801 3806 2965 3860 fuerit
3011 3808 3184 3876 ipsius
3214 3809 3451 3877 prophe-

1867 3897 1956 3951 tia:
1999 3898 2517 3967 contemplationem
2554 3900 2843 3967 attingere,
2881 3918 2899 3949 ι
2931 3898 3102 3963 Juda,
3162 3910 3213 3955 te
3268 3902 3450 3955 lauda-

1865 3988 2002 4044 bunt
2053 3992 2248 4046 fratres
2293 3992 2407 4045 tui:
2448 4010 2468 4044 ι
2502 4007 2624 4045 cum
2666 3992 2954 4047 duodecim
2995 3994 3219 4049 omnino
3257 4003 3447 4050 essent

1866 4083 1959 4136 [iiii
1990 4082 2182 4148 Iacob,
2223 4099 2411 4138 eorum
2455 4092 2686 4153 quartus
2740 4084 2839 4139 fuit
2883 4085 3045 4149 Juda,
3082 4087 3445 4156 quemadmo-

1862 4175 1991 4229 dum
2027 4185 2188 4230 antea
2233 4176 2493 4238 diximus,
2524 4193 2666 4231 uuus
2693 4178 2856 4232 etiam
2907 4179 3024 4249 ipse
3077 4179 3145 4234 de
3180 4179 3445 4250 principi-

1861 4266 1963 4322 bus
1996 4269 2235 4321 tribuum
2259 4268 2435 4338 gentis
2463 4267 2739 4325 liebraicae
2768 4270 2913 4325 :sed
2945 4270 3089 4340 quod
3123 4286 3233 4325 non
3260 4274 3440 4341 ipsum

1862 4359 2015 4412 illum
2048 4359 2386 4427 respicerent
2414 4375 2500 4421 ea,
2525 4377 2646 4431 qua:
2676 4364 2834 4431 quasi
2885 4364 2952 4417 ad
3004 4364 3181 4432 ipsum
3215 4378 3243 4416 ιι
3286 4375 3439 4433 patre

1860 4448 2005 4503 dicta
2038 4460 2187 4511 sunt,
2236 4449 2271 4501 ii
2310 4450 2628 4517 planissime
2689 4451 3077 4515 intellexerint,
3127 4452 3222 4521 qui
3275 4455 3437 4508 verba

186 4545 268 4596 mi.
305 4544 619 4611 φθάσαντες
658 4545 978 4616 εἰρήκαμεν,
1029 4542 1109 4608 εἷς
1143 4545 1236 4598 καὶ
1267 4546 1426 4608 αὐτὸς
1462 4545 1759 4616 ἀρχίφυλος

1875 4541 2058 4595 livinze
2090 4539 2387 4609 Scriptura:
2432 4540 2722 4610 diligenter
2770 4543 3122 4605 attenderint,
3154 4554 3207 4597 et
3234 4544 3287 4597 in
3322 4546 3437 4613 pri~

182 4635 266 4687 τοῦ
310 4634 582 4705 Ἐϐραίων
618 4634 819 4698 ἔθνους.
863 4635 1001 4688 Ἀλλ’
1029 4636 1108 4688 ὃτι
1136 4653 1198 4704 γε
1232 4636 1331 4688 οὐκ
1361 4636 1519 4688 αὐτὸν
1553 4637 1757 4689 ἐκεῖνον

182 4728 323 4800 ἐώρα
352 4728 445 4781 τὸν
483 4728 654 4798 ἄνδρα
686 4727 755 4781 τὰ
794 4728 870 4791 ὡς
903 4726 1039 4799 πρὸς
1080 4727 1240 4781 αὐτὸν
1272 4728 1378 4780 ὐπὸ
1412 4726 1505 4780 τοῦ
1553 4727 1758 4798 πατρὸς

183 4819 477 4889 εἰρημένα,
516 4819 684 4885 σαφὲς
729 4817 794 4871 ἂν
842 4816 1049 4886 γένοιτο
1100 4819 1214 4880 τοῖς
1260 4817 1584 4888 ἐπιστήσασι
1638 4820 1757 4879 ταῖς

182 4911 351 4978 λέξεσι
377 4910 479 4981 τῆς
514 4909 663 4973 θείας
704 4910 945 4981 Γραφῆς,
992 4909 1205 4981 πρῶτον
1245 4909 1339 4962 τοῦ
1394 4909 1586 4962 Ἰακὼϐ
1620 4910 1756 4981 πρὸς

180 5009 295 5071 τοὺς
351 5007 504 5069 υἱοὺς
558 5005 738 5075 φωνῆς
780 5004 1076 5077 λεγούσης·
1109 5025 1127 5057 ι
1165 5005 1419 5059 Ὲκάλεσε
1464 5005 1519 5057 δὲ
1560 5002 1754 5057 Ἰακὼϐ

178 5100 294 5162 τοὺς
318 5099 470 5161 υἱοὺς
492 5097 677 5158 αὐτοῦ,
697 5098 789 5151 καὶ
815 5094 934 5150 εἶπε
955 5116 967 5128 ·
991 5098 1321 5169 Συνάχθητε,
1346 5098 1438 5151 καὶ
1469 5095 1752 5165 ἀναγγελῶ

179 5187 317 5257 ύμῖν,
346 5190 400 5241 τί
435 5191 562 5260 ὑμῖν
589 5191 957 5261 ἀπαντήσεται
983 5192 1068 5244 ἐπ’
1102 5192 1345 5261 ἐσχάτων
1371 5191 1480 5244 τῶν
1499 5190 1747 5263 ἡμερῶν·

178 5281 529 5353 ἁθροίσθητε,
574 5284 667 5334 καὶ
710 5282 998 5346 ἀκούσατε,
1057 5284 1162 5336 υἱοὶ
1224 5282 1438 5346 Ἰακὼϐ,
1482 5283 1748 5336 ἀκούσατε

188 5371 419 5444 Ἰσραὴλ,
456 5370 552 5423 τοῦ
582 5373 785 5443 πατρὸς
819 5372 990 5443 ὑμῶν.
1019 5392 1036 5423 ι
1058 5372 1251 5442 Σαφῶς
1280 5374 1390 5443 γὰρ
1423 5370 1751 5438 ἐπαγγέλλε-

177 5477 255 5515 ται
278 5463 648 5535 προφητεύειν
682 5464 861 5527 αὐτοῖς
894 5464 960 5516 τὰ
997 5464 1258 5534 μέλλοντα
1293 5465 1475 5526 αὐτοῖς
1510 5464 1751 5534 ἀπαντή-

181 5556 357 5608 σεσθαι
390 5557 621 5627 μακροῖς
649 5554 874 5627 ὓστερον
903 5556 1133 5625 χρόνοις,
1158 5557 1250 5609 καὶ
1275 5556 1349 5619 ὡς
1372 5555 1531 5619 αὐτός
1560 5573 1745 5625 φησιν,

180 5643 253 5698 ἐπ’
286 5648 518 5716 ἐσχάτου
557 5647 665 5700 τῶν
696 5650 727 5717 ἡ
738 5647 938 5719 μερῶν.
977 5650 1084 5701 Καὶ
1116 5648 1289 5711 ἄλλως
1313 5648 1370 5701 δέ
1404 5648 1471 5701 τὰ
1501 5649 1575 5711 ὡς
1611 5647 1749 5718 πρὸς

180 5735 261 5789 τὸν
304 5738 506 5792 Ἰούδαν
554 5740 821 5812 εἰρημένα
852 5741 951 5794 οὐκ
993 5741 1056 5794 ἂν
1102 5740 1336 5809 εὐλόγως
1378 5740 1749 5811 ἐφαρμόσαιεν

182 5828 249 5900 τῷ
279 5832 479 5904 πρώτῳ
510 5834 703 5903 ἐκείνῳ
735 5832 888 5903 ἀνδρί
910 5852 922 5864 ο
959 5834 1019 5886 οὐ
1047 5834 1153 5902 γὰρ
1181 5834 1382 5886 ἐκεῖνον
1416 5834 1504 5890 τὸν
1546 5831 1745 5888 Ἰούδαν

1859 4631 1963 4686 mis
1994 4645 2057 4685 ea
2088 4646 2208 4699 quae
2237 4632 2291 4684 in
2326 4647 2577 4686 sermone
2598 4630 2766 4686 Jacob
2800 4634 3173 4695 continentur,
3196 4634 3262 4688 ad
3295 4634 3436 4690 ﬁlios

1856 4722 2132 4778 dicentis:
2174 4740 2191 4773 ι
2232 4720 2459 4777 Vocavit
2492 4728 2673 4775 autem
2711 4720 2880 4775 Jacob
2929 4720 3068 4776 filios
3098 4736 3229 4777 suos
3266 4732 3320 4775 et
3347 4723 3434 4776 di-

1858 4816 1955 4879 xit,
1985 4815 2426 4887 Congregamini,
2464 4828 2516 4870 et
2548 4816 2885 4870 annuntiabo
2922 4815 3078 4869 vobis
3108 4814 3237 4885 quid
3266 4830 3433 4870 even-

1855 4917 2037 4963 turum
2088 4910 2159 4964 sit
2187 4909 2345 4964 vobis
2386 4908 2442 4962 in
2490 4907 2685 4963 diebus
2736 4908 3085 4973 novissimis;
3135 4922 3433 4978 congrega-

1856 5004 1987 5056 mini
2022 5010 2077 5056 et
2123 5002 2327 5064 audite,
2376 5001 2469 5056 lilii
2521 5000 2711 5065 Jacoh,
2771 5002 2953 5055 audite
3006 5000 3169 5055 Israel
3219 5007 3428 5067 patrem

1852 5106 2113 5150 vestrum.
2154 5113 2171 5145 ι
2207 5092 2374 5148 Plane
2409 5094 2553 5147 enim
2590 5094 2643 5146 in
2692 5092 2778 5146 his
2819 5092 3105 5162 pollicetur
3143 5105 3200 5145 se
3230 5090 3430 5157 praedi-

1852 5197 2068 5243 cturum
2103 5184 2185 5241 eis
2217 5184 2498 5255 quaeipsis
2527 5194 2787 5239 eventura
2828 5184 2937 5238 sint
2960 5183 3119 5250 longo
3150 5191 3269 5249 post
3296 5188 3428 5234 tem-

1850 5294 1982 5350 pore
2008 5285 2083 5339 et,
2110 5285 2167 5330 ut
2203 5276 2318 5346 ipse
2346 5277 2443 5339 ait,
2466 5276 2520 5329 in
2554 5276 2868 5329 novissimis
2896 5274 3089 5327 diebus
3114 5290 3127 5325 :
3164 5283 3424 5341 praeterea

1852 5372 1945 5425 illa
1992 5370 2109 5439 ipsa
2159 5384 2281 5438 quae
2319 5369 2477 5437 quasi
2528 5368 2592 5421 ad
2632 5365 2828 5421 Judam
2884 5365 3028 5419 dicta
3083 5374 3233 5426 sunt,
3272 5364 3426 5418 nullo

1848 5458 2013 5515 modo
2067 5461 2121 5513 iu
2165 5459 2343 5529 primo
2392 5458 2511 5511 viro
2557 5456 2959 5511 accommodari
3000 5464 3253 5525 possunt.
3302 5452 3421 5507 Non

1848 5555 1993 5610 enim
2024 5552 2218 5607 fratres
2248 5553 2332 5606 sui
2376 5548 2573 5605 Judam
2605 5550 2755 5603 illum
2790 5548 3142 5604 laudaveraut
3171 5568 3182 5603 :
3218 5556 3419 5602 etenim

1849 5658 1949 5714 pro
1977 5644 2175 5713 quibus
2224 5641 2440 5695 tandem
2481 5640 2741 5710 praeclare
2774 5642 2942 5708 gestis
2972 5639 3280 5693 debuerunt
3315 5640 3420 5690 hoc

1850 5736 2065 5792 facere?
2099 5734 2203 5789 Sed
2247 5750 2317 5789 ne
2349 5733 2653 5788 adorarunt
2693 5734 2913 5801 quidem
2947 5733 3098 5786 illum
3130 5730 3221 5784 filii
3247 5729 3419 5799 patris

1849 5829 1957 5885 sui.
1987 5827 2149 5901 370
2178 5825 2362 5898 Longe
2391 5832 2573 5882 autem
2605 5826 2779 5897 magis
2822 5825 3105 5880 oraculum
3161 5820 3419 5878 conveni-
