3928 6504
493 371 630 429 ’5Ἱ9

1195 369 1461 427 EUSEBII
1490 369 1968 426 CrESARIENSIS
2004 369 2155 426 OPP.
2206 368 2385 424 PARS
2423 368 2488 424 ll.
2516 402 2582 410 -—
2621 369 3134 429 APOLOGETICA.
3705 381 3794 436 580

526 498 630 551 ret,
673 487 717 542 si
757 487 861 558 ipsi
913 487 1106 557 Ioseph
1158 488 1364 543 dictum
1415 500 1593 551 esset,
1642 485 2083 558 quandoquidem

2198 485 2382 556 ᾔνεσαν
2420 487 2469 538 οἱ
2521 486 2753 554 ἀδελφοί.
2787 487 2910 540 Ἐπὶ
2954 487 3095 557 ποίῳ
3154 485 3278 556 γὰρ
3315 487 3490 541 αὑτοῦ
3546 497 3790 563 κατορθὼ-

527 583 672 636 hunc
700 583 816 652 ipse
840 579 1010 636 ludas
1051 595 1157 634 una
1202 595 1325 635 cum
1375 581 1602 652 reliquis
1647 581 1911 636 fratribus
1966 577 2097 633 ado-

525 687 682 727 rasse
708 671 1047 740 perhibetur,
1091 672 1307 727 tametsi
1340 671 1394 725 id
1425 673 1600 741 ipsum
1627 681 1751 726 ante
1785 671 1946 740 hujus
1969 686 2095 742 pro-

526 761 720 830 phetize
741 763 906 817 verba
932 781 945 816 :
971 762 1201 831 posthac
1240 762 1383 816 enim
1418 777 1487 816 ne
1512 762 1618 831 ipsi
1647 761 1869 831 quidem
1893 758 2091 830 Ioseph

524 853 635 906 tale
677 851 974 921 quidquam
1019 852 1342 922 contigisse,
1387 866 1452 906 ac
1490 851 1661 905 multo
1707 850 1870 905 etiam
1911 851 2095 904 minus

526 939 628 1008 ipsi
653 938 810 1003 Juda,
837 939 1065 996 historia
1085 939 1376 1011 signiﬁcat.
1401 939 1464 994 Et
1493 940 1622 994 illud
1651 956 1664 990 :
1698 959 1716 990 ι
1752 940 2095 996 Recumbens

523 1038 705 1085 autem
733 1030 1039 1104 dormivisti
1078 1040 1135 1085 ut
1165 1032 1270 1095 leo,
1300 1039 1355 1086 et
1395 1039 1456 1084 ut
1495 1032 1730 1096 catulus,
1776 1051 1794 1083 ι
1833 1032 2093 1101 majorem

523 1136 658 1187 sane
708 1123 1070 1192 postulaverit
1112 1123 1659 1195 contemplationem,
1701 1138 1863 1194 quam
1915 1138 1979 1177 ea
2023 1123 2096 1177 sit

522 1229 646 1283 qua:
665 1212 860 1268 ludam
890 1215 1168 1285 respiciat.
1187 1213 1331 1280 Quin
1354 1214 1517 1268 etiam
1548 1214 1680 1269 illud
1699 1213 1843 1284 quod
1876 1221 2001 1284 post
2029 1228 2091 1268 ea

521 1305 732 1359 dictum
759 1314 844 1361 est
877 1321 891 1356 :
920 1324 939 1357 ‹
976 1305 1091 1360 Non
1118 1305 1331 1361 deﬁciet
1361 1305 1614 1374 princeps
1639 1304 1705 1359 de
1729 1302 1889 1366 Juda,
1917 1319 2094 1373 neque

523 1398 634 1453 dux
665 1398 732 1452 de
764 1396 1062 1452 femoribus
1095 1397 1236 1465 ejus,
1275 1397 1448 1451 donec
1480 1396 1700 1451 veniant
1727 1411 1848 1466 qua
1875 1395 1978 1465 ipsi
2007 1411 2094 1451 re-

524 1490 702 1560 posita
732 1496 882 1553 sunt,
910 1497 964 1543 et
992 1489 1110 1558 ipse
1137 1488 1472 1558 exspectatio
1500 1488 1763 1558 gentium,
1797 1506 1814 1538 ι
1848 1494 2093 1556 tempora

525 1579 660 1633 mihi
703 1578 1013 1648 signiﬁcare
1043 1579 1255 1633 videtur
1282 1581 1423 1647 ejus,
1454 1579 1522 1634 de
1558 1593 1666 1647 quo
1699 1578 1984 1647 prophetia
2008 1578 2091 1632 lo-

520 1669 732 1740 quitur,
765 1668 1049 1723 adventus.
1084 1668 1197 1723 lloc
1221 1670 1389 1733 enim,
1409 1669 1606 1738 inquit,
1629 1683 1737 1722 non
1765 1667 1888 1731 erit,
1919 1668 2092 1723 donec

525 1759 659 1814 illud
683 1759 930 1826 eveniat;
961 1775 1135 1829 neque
1161 1760 1305 1815 enim
1338 1760 1493 1830 prius
1509 1759 1760 1814 desinent
1791 1759 1845 1812 in
1865 1757 2090 1814 Judaica

2206 594 2335 647 ματι
2363 577 2518 630 τοῦτο
2545 577 2804 648 ἐποίησαν
2836 579 2935 642 ἂν;
2976 580 3100 633 ούδέ
3151 579 3271 650 μὴν
3312 580 3520 650 ἐκείνῳ
3556 587 3792 652 προσεκά.

2202 681 2370 735 νησαν
2406 667 2454 718 οἱ
2487 667 2591 718 υἱοὶ
2639 667 2734 720 τοῦ
2783 669 3006 740 πατρός.
3065 668 3318 724 Μᾶλλον
3352 667 3403 722 δ’
3458 669 3528 724 ἂν
3578 673 3606 725 ὁ
3662 673 3790 741 λόγος

2201 756 2472 827 ἥρμοσεν,
2508 759 2556 810 εί
2599 758 2676 828 τῷ
2719 760 2912 831 Ἰωσὴφ
2947 761 3143 832 εἴρητο
3169 778 3185 792 ⁸
3243 761 3449 832 ἐπειδὴ
3491 762 3673 817 τοῦτον
3696 768 3789 837 ἃμα

2200 851 2311 911 τοῖς
2342 847 2546 913 λοιποῖς
2574 851 2818 920 ἀδελφοῖς
2847 853 2939 906 καὶ
2967 853 3136 916 αὐτὸς
3185 853 3408 917 Ἰούδας
3437 859 3791 928 προσκυνήσας

2203 943 2483 1010 φαίνεται·
2513 942 2652 1012 πλὴν
2674 943 2810 997 ἀλλά
2833 945 2938 1015 πρὸ
2964 946 3070 998 τῶν
3095 945 3293 1013 λόγων
3329 947 3436 1016 τῆς
3465 950 3788 1016 προφητείας.

2201 1034 2352 1086 Μετά
2385 1033 2492 1104 γὰρ
2515 1034 2736 1097 τούτους
2769 1035 2920 1088 οὐδέν
2958 1054 3010 1089 τι
3058 1036 3363 1100 τοιοῦτον,
3401 1036 3530 1090 ούδέ
3565 1039 3686 1110 περὶ
3716 1041 3788 1094 τὸν

2213 1125 2430 1196 Ἰωσὴφ,
2453 1126 2592 1195 ἦπου
2631 1142 2695 1193 γε
2723 1128 2850 1198 περὶ
2880 1127 2971 1180 τὸν
3003 1127 3218 1182 Ἰούδαν
3251 1146 3353 1198 re}
3366 1129 3492 1194 ῡνδς
3532 1132 3565 1200 ἡ
3610 1132 3788 1202 ἱστορία

2201 1216 2512 1287 παρίστησι.
2528 1217 2637 1269 Καὶ
2665 1217 2745 1280 τὸ,
2765 1238 2782 1269 ε
2807 1218 3122 1273 ’Λναπεσὼν
3151 1220 3214 1273 δὲ
3238 1219 3564 1293 ἐκοιμήθης
3583 1221 3654 1284 ὡς
3676 1223 3785 1276 λέων

2201 1306 2294 1358 κα)⁸
2311 1305 2386 1369 ὡς
2407 1306 2664 1377 σκύμνος,
2693 1325 2710 1356 θ
2724 1307 2963 1377 μείζονος
2983 1308 3048 1363 ἂν
3062 1310 3251 1364 δέοιτο
3268 1311 3305 1382 ἢ
3330 1311 3481 1365 κατὰ
3502 1317 3591 1366 τὸν
3616 1312 3784 1366 Ἰούδαν

2201 1397 2452 1470 θεωρίας.
2490 1398 2650 1452 Ἀλλά
2682 1400 2776 1452 καὶ
2805 1400 2866 1452 τὸ
2909 1401 3044 1471 μετά
3075 1401 3268 1455 ταῦτα
3301 1401 3634 1474 εἰρημένον·
3657 1421 3673 1454 ι
3694 1403 3784 1457 Οὐκ

2200 1488 2436 1558 ἐκλείψει
2487 1489 2667 1560 ἄρχων
2703 1491 2761 1557 ἐξ
2813 1492 3013 1556 Ἰούδα,
3061 1493 3193 1546 οὐδὲ
3243 1493 3568 1564 ἡγούμενος
3607 1495 3668 1546 ἐκ
3693 1493 3780 1545 τῶν

2203 1581 2390 1651 μηρῶν
2420 1581 2603 1644 αὐτοῦ,
2637 1583 2740 1647 ἕως
2765 1582 2829 1637 ἂν
2853 1583 2982 1659 ἔλθῃ
3011 1585 3080 1638 τά
3111 1586 3484 1656 ἀποκείμενα
3526 1585 3682 1656 αὐτῷ,
3707 1588 3778 1638 καὶ

2199 1671 2360 1732 αὐτὸς
2407 1671 2698 1743 προσδοκία
2731 1673 2927 1739 ἐθνῶν,
2960 1695 2980 1728 9
3023 1677 3154 1740 τοὺς
3191 1677 3442 1748 χρόνους
3477 1676 3776 1729 αἰνίττεσθαί

2204 1780 2292 1832 μοι
2313 1761 2459 1816 δοκεῖ
2480 1763 2577 1832 τῆς
2607 1764 2702 1817 τοῦ
2751 1768 3240 1839 προφητευομέωυ
3297 1768 3630 1839 παρουσίας.
3672 1768 3776 1820 Τόδε

523 1865 684 1922 gente
733 1852 1010 1922 principes
1059 1867 1123 1907 ac
1177 1853 1370 1917 duces,
1412 1868 1574 1923 quam
1629 1853 1870 1923 gentium
1914 1855 2094 1909 veniat

2198 1853 2321 1926 γὰρ,
2370 1858 2552 1925 φησὶν,
2591 1858 2692 1910 ούκ
2740 1857 2915 1923 ἔσται,
2953 1859 3060 1913 ἐστ’
3102 1861 3173 1914 ἂν
3223 1861 3452 1929 γένοιτο
3483 1861 3632 1913 τόδε·
3676 1860 3773 1912 οὐδὲ

517 1945 881 2013 exspectatio,
910 1954 965 1999 et
991 1959 1112 2014 quae
1127 1945 1366 2014 reposita
1387 1950 1516 2000 sunt
1536 1943 1583 1999 ei
1607 1944 1677 1998 de
1702 1961 1812 2016 quo
1834 1945 2094 2016 propheta

524 2038 786 2106 loquitur.
819 2037 945 2092 Haec
993 2048 1177 2092 autem
1228 2038 1594 2108 interpretans
1627 2037 1987 2104 Theodotion,
2028 2039 2097 2094 ab

523 2131 661 2201 ipsis
684 2131 825 2184 LXX
859 2146 967 2184 non
989 2129 1188 2184 diﬁ‘ert.
1223 2129 1419 2200 Aquila
1447 2145 1577 2186 vero
1608 2131 1662 2184 in
1694 2130 1839 2184 hunc
1876 2130 2095 2186 modum

525 2223 798 2293 exposuit,
829 2241 848 2274 ι
882 2238 989 2278 non
1035 2221 1392 2276 suscitabitur
1439 2231 1712 2291 sceptrum
1750 2222 1816 2278 de
1859 2220 2018 2287 Juda,
2045 2231 2098 2277 et

518 2311 621 2382 qui
647 2311 918 2382 exquisite
958 2319 1254 2382 cognoscat
1286 2310 1354 2366 de
1385 2311 1566 2366 medio
1603 2313 1799 2382 pedum
1830 2315 1972 2384 ejus,
2000 2313 2100 2368 do-

527 2419 627 2459 nec
676 2405 860 2460 veniat
909 2413 964 2459 et
1012 2405 1114 2474 ipsi
1163 2405 1512 2475 congregatio
1554 2407 1898 2474 populorum.
1940 2427 1957 2458 ι
1996 2405 2098 2461 Ubi

524 2511 651 2550 cum
671 2494 904 2557 dicatur,
945 2515 962 2544 ‹
995 2511 1103 2548 non
1133 2494 1344 2550 deﬁciet
1371 2495 1625 2567 princeps
1650 2496 1717 2553 de
1745 2497 1903 2560 Juda,
1938 2517 1956 2550 ι
1996 2498 2100 2552 hoc

526 2586 656 2640 item
689 2585 757 2640 de
787 2585 908 2655 ipso
944 2585 1037 2638 illo
1073 2585 1248 2654 primo
1273 2582 1414 2638 Juda
1442 2600 1550 2640 non
1585 2593 1797 2656 oportet
1825 2587 2092 2657 accipere,

523 2679 669 2734 sicut
700 2691 802 2732 nec
830 2675 984 2740 illud,
1011 2694 1028 2726 ι
1055 2673 1216 2740 Juda,
1245 2685 1296 2730 te
1323 2675 1622 2730 laudabunt
1651 2676 1846 2734 fratres
1873 2679 1974 2736 tui.
2008 2698 2026 2730 ι
2044 2686 2100 2735 et

525 2782 648 2839 qua
680 2774 1007 2837 sequuntur,
1049 2767 1115 2820 ad
1148 2767 1400 2821 eumdem
1434 2767 1586 2821 illum
1615 2767 1806 2822 referri
1834 2776 2095 2839 possunt:

528 2859 716 2916 multis
743 2859 890 2914 enim
929 2859 1145 2913 saeculis
1175 2858 1451 2928 principes
1476 2873 1541 2913 ac
1575 2857 1744 2914 duces
1777 2861 1831 2914 in
1873 2859 2099 2916 Judaica

524 2960 684 3022 gente
715 2951 1067 3014 etStiterunt,
1099 2951 1192 3022 qui
1223 2951 1291 3006 de
1318 2951 1466 3008 illius
1492 2953 1594 3008 viri
1629 2968 1825 3024 genere
1871 2953 2099 3022 profecti

531 3062 642 3101 non
673 3053 820 3126 sunt.
855 3043 1074 3101 Primus
1122 3061 1360 3115 namque
1408 3047 1526 3117 ipse
1557 3045 1736 3101 Moses
1767 3046 1875 3100 dux
1916 3046 2099 3116 populi

527 3136 653 3203 fuit,
685 3141 776 3208 qui
800 3154 909 3193 non
931 3139 998 3194 de
1021 3137 1184 3204 Juda,
1217 3139 1313 3194 sed
1337 3138 1406 3194 de
1427 3137 1556 3194 Levi
1578 3147 1740 3193 natus
1768 3146 1879 3205 est;
1903 3137 2100 3194 deinde

527 3227 659 3284 Jesu
694 3230 762 3285 de
804 3231 951 3285 tribu
984 3229 1241 3301 Ephrem,
1275 3237 1398 3301 post
1420 3246 1580 3301 quem
1611 3229 1821 3302 praefuit
1855 3229 2098 3285 Dehbora

527 3320 599 3376 de
637 3321 784 3376 tribu
810 3321 939 3376 item
969 3320 1229 3392 Ephrem,
1272 3329 1328 3376 et
1353 3320 1524 3376 Barac
1556 3321 1624 3376 de
1648 3321 1795 3377 tribu
1823 3319 2099 3390 Nephtha-

529 3416 646 3480 lim,
693 3424 817 3486 post
865 3430 1003 3484 quos
1043 3414 1264 3471 Gedeon
1295 3415 1363 3471 de
1387 3416 1534 3470 tribu
1585 3414 1855 3483 Manasse,
1903 3414 2100 3472 deinde

531 3506 674 3563 ﬁlius
712 3507 954 3574 Gedeon,
993 3518 1051 3564 et
1082 3519 1206 3580 post
1235 3510 1382 3564 hunc
1411 3507 1584 3563 Thola
1619 3507 1688 3564 de
1709 3509 1897 3564 eadem
1931 3508 2096 3572 tribu,

527 3607 717 3667 postea
742 3598 954 3656 Esebon
979 3617 1045 3656 ex
1068 3601 1404 3666 Bethlehem,
1437 3609 1492 3657 et
1523 3607 1645 3670 post
1674 3601 1819 3655 hunc
1846 3601 2005 3655 Ailon
2032 3601 2100 3656 de

527 3693 673 3746 tribu
706 3692 988 3760 Zahulon;
1023 3694 1168 3749 hunc
1207 3702 1429 3750 secutus
1476 3704 1560 3749 est
1594 3692 1819 3748 Labdon
1850 3692 1919 3748 de
1947 3693 2096 3748 tribu

528 3781 780 3853 Ephrem,
834 3785 1030 3842 deinde
1085 3785 1355 3856 Sampson
1399 3785 1468 3842 de
1509 3787 1658 3841 tribu
1695 3785 1860 3853 Dan;
1909 3795 2097 3856 postea

525 3885 652 3926 cum
686 3875 804 3929 sine
831 3875 1074 3945 principe
1100 3884 1308 3939 essent,
1349 3875 1562 3946 praefuit
1591 3877 1725 3947 ipsis
1768 3877 1883 3932 Heli
1916 3894 2098 3933 sacer-

526 3962 629 4018 dos
657 3964 726 4020 de
757 3966 903 4020 tribu
931 3964 1060 4021 Levi
1085 3985 1100 4019 :
1128 3966 1184 4020 hi
1211 3969 1397 4022 cuncti
1419 3968 1634 4037 judices
1663 3968 1757 4038 qui
1779 3968 2098 4037 judicabant

529 4055 699 4112 Israel
719 4074 827 4113 non
851 4059 917 4114 de
939 4075 1138 4129 genere
1168 4059 1340 4130 ipsius
1361 4059 1522 4126 Juda,
1548 4060 1641 4116 sed
1672 4075 1736 4115 ex
1755 4060 1986 4115 diversis
2008 4060 2099 4113 tri-

531 4149 709 4205 bubus
731 4165 798 4206 ex
821 4152 928 4206 alia
957 4154 1102 4208 alius
1129 4153 1372 4220 oriundi,
1405 4160 1460 4208 et
1483 4153 1576 4223 qui
1603 4159 1729 4224 post
1760 4151 1858 4207 hos
1886 4152 2095 4221 primus

528 4240 674 4309 apud
698 4255 794 4297 eos
827 4244 1032 4313 regiam
1062 4245 1381 4315 dignitatem
1426 4245 1637 4314 accepit
1671 4241 1824 4309 Saul,
1856 4242 1924 4298 de
1951 4241 2096 4296 tribu

528 4332 632 4386 fuit
681 4333 985 4404 Benjamin.
1027 4335 1312 4402 Quomodo
1366 4337 1530 4409 igitur
1571 4336 1748 4392 illud:
1784 4354 1803 4388 ι
1843 4334 1964 4390 Νοη
1997 4335 2094 4391 de-

530 4419 674 4475 ﬁciet
726 4422 980 4491 princeps
1045 4425 1112 4481 de
1177 4424 1354 4492 Juda,
1402 4441 1578 4496 neque
1631 4427 1742 4480 dux
1792 4424 1862 4481 de
1928 4424 2096 4481 femo—

2196 1946 2304 2018 γάρ
2333 1947 2593 2020 πρότερον
2626 1949 2922 2005 παύσονται
2954 1952 3048 2005 τοῦ
3086 1953 3380 2006 Ἰουδαίων
3407 1952 3594 2015 ἐθνους
3614 1951 3774 2022 ἄρχον-

2195 2055 2287 2101 τες
2333 2039 2424 2092 καὶ
2480 2040 2858 2113 ήγούμενοι,ἢ
2907 2043 3007 2114 τὴν
3046 2044 3155 2098 τῶν
3227 2044 3415 2098 ἐθνῶν
3475 2042 3768 2117 προσδοκίαν

2198 2130 2403 2194 ἐλθεῖν,
2469 2132 2563 2186 καὶ¹
2631 2133 2701 2187 τά
2767 2136 3101 2206 ἀποκείμενα
3163 2136 3252 2207 τῷ
3311 2133 3766 2208 προφητευομένῳ.

2199 2222 2383 2277 Ταῦτα
2409 2223 2464 2276 δὲ
2491 2225 2691 2295 ὁμοίως
2721 2229 2831 2290 τοῖς
2875 2227 3285 2299 Ἐὁδομήκοντα
3319 2228 3419 2281 καὶ
3447 2230 3477 2281 ὁ
3509 2226 3764 2280 Θεοδοτίων

2199 2313 2557 2384 ἡρμήνευσεν.
2596 2315 2652 2367 '0
2702 2315 2759 2369 δὲ
2801 2316 3030 2380 Ἀκύλας
3068 2318 3268 2371 τοῦτον
3318 2318 3555 2384 ἐξέδωκε
3585 2315 3766 2371 καὶτὸν

2200 2405 2425 2475 τρόπον’
2470 2423 2488 2457 ι
2525 2406 2638 2460 υύκ
2676 2408 3037 2478 ἀναστήσεται
3077 2409 3377 2481 σκῆπτρον
3432 2408 3542 2462 ἀπὸ
3602 2408 3759 2470 Ἰούδα,

2201 2495 2293 2547 καὶ
2317 2495 2746 2568 ἀκριϐαζόμενος
2776 2498 2882 2551 ἀπὸ
2916 2498 3115 2568 μεταξὺ
3152 2500 3344 2553 ποδῶν
3370 2499 3562 2561 αὐτοῦ,
3590 2499 3683 2560 ἕως
3709 2497 3761 2549 ἂν

2201 2584 2329 2659 ἔλθῃ
2354 2588 2446 2639 κα)⁸
2468 2587 2616 2658 αὐτῷ
2643 2588 2892 2659 σύστημα
2918 2590 3080 2644 λαῶν.
3103 2609 3120 2641 ι
3147 2591 3332 2645 Ἔνθα
3352 2590 3642 2661 λεγομένου
3664 2587 3755 2644 τοῦ.

2205 2694 2224 2726 ι
2248 2677 2361 2729 Ούκ
2394 2676 2631 2746 ἐκλείψει
2662 2677 2842 2750 ἄρχων
2865 2679 2926 2744 ἐξ
2959 2677 3152 2743 Ἰούδα,
3184 2700 3202 2732 ι
3243 2681 3420 2735 πάλιν
3446 2681 3509 2733 ού
3541 2677 3659 2749 περὶ
3683 2675 3756 2728 τοῦ

2213 2769 2400 2833 Ἰούδα,
2429 2771 2590 2824 αὑτοῦ
2625 2771 2687 2842 δὴ
2719 2774 2927 2826 ἐκείνου
2952 2773 3046 2827 τοῦ
3075 2773 3308 2846 πρώτου
3336 2773 3535 2845 ἀνδρὸς
3575 2769 3756 2824 ἀκούειν

2198 2861 2417 2932 δεήσει,
2451 2861 2638 2934 ῶσπερ
2671 2864 2789 2916 οὐδὲ
2821 2865 2915 2929 τὸ,
2959 2883 2976 2916 ι
3028 2865 3223 2928 Ἰούδα,
3266 2867 3329 2919 σὲ
3381 2865 3672 2918 αἰνὲσουσιν
3715 2859 3753 2910 οἱ

2200 2951 2418 3020 ἀδελφοί
2435 2969 2549 3015 σου,
2583 2973 2601 3004 ι
2636 2955 2729 3008 καὶ
2769 2955 2838 3009 τὰ
2871 2956 3020 3027 ἐξῆς,
3045 2957 3129 3009 ἐπ’
3181 2959 3408 3011 ἐκεῖνον
3447 2954 3750 3023 ἀναφέροιτο.

2202 3043 2480 3108 Πλείστοις
2515 3044 2557 3098 δ’
2583 3041 2676 3099 οὖν
2718 3046 2929 3118 χρόνοις
2956 3049 3219 3120 ἄρχοντες
3242 3050 3343 3103 καὶ
3376 3047 3656 3118 ῆχούμενοι
3677 3038 3749 3092 τοῦ

2216 3134 2484 3188 Ἰουδαίων
2516 3135 2700 3200 ἔθνους
2756 3138 3128 3210 κατέστησαν,
3181 3141 3288 3194 ούκ
3335 3141 3402 3192 ἐκ
3440 3137 3540 3207 τῆς
3578 3133 3751 3188 ἐκείνου

2198 3226 2292 3280 τοῦ
2322 3225 2512 3298 ἀνδρὸς
2537 3227 2806 3298 διαδοχῆς.
2835 3228 3056 3300 Πρῶτος
3083 3229 3180 3301 μὲν
3215 3230 3330 3302 γὰρ
3359 3226 3594 3295 Μωῡσῆς
3619 3222 3749 3284 αὐτὸς

2198 3318 2440 3389 ἡγήσατο
2475 3317 2568 3371 τοῦ
2619 3317 2772 3382 λαοῦ,
2810 3321 2884 3390 μὴ
2924 3321 2989 3374 ἐκ
3032 3320 3127 3374 τοῦ
3180 3322 3359 3375 Ἰούδα
3382 3362 3398 3384 ,
3449 3319 3558 3373 ἀλλ’
3586 3318 3643 3369 ἐκ
3673 3311 3747 3366 τοῦ

2197 3407 2329 3464 Acut
2363 3409 2619 3479 γεγονώς.
2655 3409 2787 3465 Εἶτα
2822 3411 3029 3484 Ἰησοῦς
3062 3413 3126 3465 ἐκ
3158 3413 3339 3484 φυλῆς
3380 3411 3627 3481 Ἐφραὶμ,
3651 3403 3744 3475 μεθ’

2193 3501 2254 3556 ὃν
2304 3498 2484 3574 ἦρξεν·
2509 3504 2688 3558 αὐτῶν
2725 3503 2984 3577 Δεϐὁώρα
3037 3507 3100 3559 ἐκ
3133 3506 3314 3577 φυλῆς
3383 3503 3645 3574 Ἐφραὶμ,
3673 3498 3747 3551 καὶ

2196 3593 2388 3666 Βαράκ
2423 3596 2488 3648 ὲκ
2531 3596 2704 3666 φυλῆς
2749 3596 3092 3667 Νεφθαλείμο
3145 3597 3267 3668 μεθ’
3327 3596 3425 3660 οὓς
3471 3591 3658 3648 Γεδεὼν
3694 3590 3744 3641 ἐκ

2197 3685 2370 3756 φυλῆς
2427 3687 2727 3758 Μανασσῆ·
2784 3687 2972 3741 ἔπειτα
3015 3690 3044 3742 ὁ
3086 3689 3178 3742 τοῦ
3235 3688 3450 3742 Γεδεὼν
3493 3689 3630 3749 παῖς,
3671 3681 3743 3736 καὶ

2200 3779 2320 3846 μετ’
2352 3778 2514 3831 αὑτὸν
2541 3777 2695 3832 Θωλά
2720 3779 2786 3833 ὲκ
2824 3779 2994 3849 φυλῆς
3021 3780 3119 3850 τῆς
3159 3781 3366 3852 αὐτῆς
3394 3780 3580 3833 ἔπειτα
3621 3775 3740 3827 Ἐσε-

2199 3869 2307 3922 ϐὼν
2340 3871 2405 3923 ἐκ
2437 3870 2715 3941 Βηθλεέμ·
2757 3873 2850 3926 καὶ
2895 3871 3033 3942 μετά
3065 3871 3254 3926 τοῦτον
3287 3872 3464 3926 Αίλὼν
3497 3872 3559 3924 ἐκ
3601 3865 3740 3936 φυλῆς

2197 3960 2507 4014 Ζαϐουλὼν·
2547 3961 2732 4015 ἔπειτα
2765 3962 2987 4017 Λῶδὼν
3045 3965 3108 4016 ἐκ
3138 3964 3318 4035 φυλῆς
3361 3962 3623 4034 Ἐφραίμ·
3663 3954 3736 4010 καὶ

2198 4049 2350 4116 αὖθις
2369 4051 2607 4122 Σαμψὼν
2633 4055 2697 4107 ἐκ
2728 4053 2900 4124 φυλῆς
2921 4055 3057 4108 Δάν’
3084 4055 3276 4110 ἔπειτα
3306 4055 3566 4127 ἀναρχίας
3589 4046 3735 4105 αὐτῶν

2196 4143 2511 4216 γενομένης,
2560 4146 2746 4216 ἡγεῖτο
2795 4145 2975 4200 αὐτῶν
3013 4145 3162 4200 Ἦλεῖ
3197 4150 3226 4201 ὁ
3279 4149 3461 4220 ἱερεὺς
3503 4147 3563 4198 ἐκ
3593 4140 3735 4212 φυλῆς

2197 4238 2328 4290 Λευΐ
2344 4254 2358 4268 °
2394 4232 2538 4292 οὗτοι
2571 4237 2772 4301 πάντες
2794 4239 2977 4310 κριταὶ
3003 4241 3286 4312 κρίναντες
3311 4242 3403 4295 τὸν
3435 4235 3632 4306 Ἰσραὴλ
3655 4232 3733 4285 οὒκ

2195 4330 2260 4382 ὲκ
2299 4329 2542 4400 διαδοχῆς
2579 4329 2763 4395 Ἰούδα,
2805 4332 2871 4384 ἐκ
2914 4331 3182 4404 διαφόρων
3206 4333 3261 4386 δὲ
3304 4331 3507 4403 φυλῶν,
3549 4325 3733 4384 ἄλλοθεν

2195 4421 2352 4485 ἄλλος
2396 4421 2716 4492 γενόμενος·
2759 4424 2852 4476 καὶ
2897 4424 2926 4476 ὅ
2967 4441 3031 4492 γε
3097 4425 3234 4495 μετά
3283 4425 3507 4488 τούτους
3550 4418 3730 4490 πρῶτος

534 4511 686 4567 ribus
741 4513 884 4582 ejus,
938 4535 958 4568 ι
995 4525 1052 4571 ut
1125 4508 1395 4588 quispiam
1461 4519 1692 4574 fortasse
1763 4519 2090 4588 putaverit,

2198 4515 2376 4568 αὐτῶν
2432 4514 2750 4586 βασιλεύσας
2811 4517 2982 4571 Σαοὺλ
3037 4519 3102 4571 ἐκ
3160 4518 3332 4590 φυλῆς
3374 4515 3442 4589 ἦν
3494 4508 3725 4580 Βενιαμίν.

527 4600 685 4670 371
716 4603 783 4657 ad
814 4607 1085 4676 principes
1112 4610 1180 4664 dc
1213 4611 1357 4666 tribu
1409 4609 1550 4666 Juda
1587 4627 1650 4665 ac
1689 4611 1858 4666 duces
1891 4610 2092 4668 refere-

2198 4607 2316 4670 Πῶς
2345 4603 2436 4662 οὖν
2478 4608 2559 4669 τὸ,
2595 4626 2614 4658 ί
2648 4609 2762 4662 Ούκ
2804 4608 3044 4679 ἐκλείψει
3085 4609 3267 4681 ἄρχων
3309 4610 3370 4676 ἐξ
3419 4606 3595 4667 Ἰούδα,
3628 4596 3725 4654 οὐδὲ

2189 4698 2489 4771 ἡγούμενος
2513 4700 2578 4752 ἐκ
2602 4699 2709 4753 τῶν
2741 4699 2930 4771 μηρῶν
2954 4699 3118 4754 αὐτοῦ
3149 4701 3242 4771 (ὼς
3271 4702 3337 4756 ἄν
3366 4691 3722 4768 τιςῇοίηθείη),»

2192 4793 2285 4844 ἐπὶ
2313 4793 2440 4855 τοὺς
2479 4791 2543 4845 ἐκ
2573 4791 2742 4862 φυλῆς
2787 4791 2954 4848 Ἰούδα
2990 4793 3254 4864 ἄρχοντας
3285 4794 3380 4848 καὶ
3423 4784 3717 4862 ἡγουμένους

2191 4881 2628 4952 ἀνενεχθήσεται,
2667 4883 2755 4936 ὅτε
2791 4881 3069 4952 φαίνονται
3114 4884 3221 4937 ἀπὸ
3271 4885 3382 4938 τῶν
3414 4881 3604 4952 χρόνων
3644 4870 3723 4937 τῆς

2191 4974 2283 5028 τοῦ
2329 4975 2522 5028 Ἰακὼϐ
2555 4975 2810 5046 τελευτῆς
2836 4976 2976 5040 ὅλοις
3006 4975 3181 5029 ἐτεσιν
3220 4977 3386 5046 ἐγγύς
3425 4990 3521 5026 που
3563 4963 3718 5038 χιλίοις

2191 5067 2292 5119 ούκ
2337 5069 2400 5119 ἐκ
2446 5065 2610 5137 μόνης
2656 5067 2754 5137 τῆς
2799 5067 2968 5120 Ἰούδα
3011 5068 3184 5137 φυλῆς
3235 5065 3598 5141 προαχθέντες,
3628 5049 3719 5106 ἀλλ’

2192 5157 2379 5211 ἄλλοτε
2413 5157 2473 5221 ἐξ
2504 5158 2690 5229 ἄλλης,
2737 5158 2898 5228 μέχρι
2945 5158 3050 5211 τῶν
3097 5159 3262 5213 Δαϐὶδ
3317 5159 3540 5230 χρόνων;
3583 5148 3636 5201 Εἰ
3671 5141 3716 5194 δὲ

2196 5248 2334 5318 μετά
2355 5249 2475 5312 τοὺς
2505 5249 2788 5311 τοσούτους
2816 5250 2844 5300 ὁ
2869 5249 3028 5302 Δαόὶδ
3051 5251 3101 5303 οἴ
3124 5267 3183 5304 τε
3213 5253 3276 5306 ἐκ
3304 5251 3401 5320 τῆς
3436 5245 3606 5299 τούτου
3631 5236 3716 5288 δια·

2191 5339 2349 5409 δοχῆς
2381 5339 2792 5409 βασιλεύσαντες
2822 5339 2914 5392 τού
2957 5341 3222 5394 Ἰουδαίων
3263 5341 3443 5401 ἔθνους
3476 5338 3533 5387 ἐκ
3574 5323 3713 5397 φυλῆς

2193 5432 2477 5500 γεγόνασιν
2518 5431 2706 5495 Ἰούδα,
2734 5430 2868 5483 ἀλλὰ
2906 5433 3008 5502 χρή
3043 5449 3103 5484 σε
3135 5433 3329 5485 εἰδέναι
3353 5433 3430 5484 ὃτι
3460 5424 3568 5479 οὐδὲ
3601 5417 3711 5471 ὅλοις

2196 5521 2568 5584 πεντακοσίοις
2592 5521 2734 5575 ἔτεσι
2758 5523 3048 5594 διήρκεσαν
3075 5517 3241 5585 οὗτοι,
3265 5523 3324 5576 ού
3354 5517 3538 5576 παντὸς
3559 5508 3710 5594 ἓθνογξ

2195 5612 2626 5682 βασιλεύσαντες,
2666 5612 2802 5665 ἀλλά
2849 5611 3022 5682 μόνων
3057 5613 3237 5682 φυλῶν
3278 5612 3456 5683 τριῶν,
3497 5599 3579 5655 καὶ
3611 5588 3706 5687 οὖδξ

2193 5704 2326 5757 ὅλων
2351 5703 2581 5756 τούτων·
2625 5703 2744 5756 καθ’
2791 5703 2883 5767 οὓς
2927 5704 3104 5777 ἕτεροί
3157 5722 3296 5766 τινες
3338 5701 3599 5768 ἐτύγχανον
3633 5696 3706 5735 του

2193 5796 2434 5859 πλείονος
2464 5795 2668 5861 ἔθνους,
2699 5797 2790 5849 καὶ
2815 5797 2948 5850 ὅλων
2977 5813 3039 5865 γε
3075 5799 3230 5852 ἐννέα
3258 5795 3430 5867 φυλῶν
3466 5790 3550 5856 τὴν
3579 5779 3702 5850 pa”

529 4695 637 4755 tur,
662 4693 880 4760 quando
908 4695 1158 4751 videntur
1179 4714 1244 4753 ex
1295 4716 1404 4769 quo
1435 4707 1680 4770 tempore
1711 4708 1960 4757 mortuus
2009 4712 2094 4758 est

525 4777 697 4836 Iacob
737 4785 866 4840 totis
894 4789 1284 4855 prapemodum
1341 4791 1489 4846 mille
1515 4792 1694 4856 annis,
1745 4809 1855 4848 non
1893 4810 1959 4849 ex
1985 4811 2092 4849 una

528 4871 674 4927 tribu
716 4873 887 4944 ipsius
925 4875 1066 4931 Juda
1097 4879 1322 4948 profecti
1350 4920 1366 4945 ,
1393 4881 1488 4936 sed
1513 4897 1581 4937 ex
1611 4883 1716 4937 alia
1753 4885 1892 4941 alius
1922 4901 2096 4955 usque

527 4961 598 5017 ad
620 4969 864 5034 tempora
897 4964 1064 5021 David
1086 4967 1110 5020 ?
1132 4970 1278 5042 quod
1307 4972 1353 5025 si
1393 4981 1516 5041 post
1537 4978 1647 5026 tam
1683 4976 1884 5031 multos
1907 4985 1961 5032 et
1988 4976 2094 5030 Da-

527 5052 642 5117 vid,
673 5063 728 5108 et
760 5055 852 5124 qui
887 5056 989 5126 ipsi
1016 5055 1182 5113 David
1208 5060 1262 5113 in
1285 5075 1454 5131 regno
1485 5063 1628 5132 apud
1657 5063 1938 5120 Judaicam
1962 5083 2094 5138 gen-

528 5153 635 5198 tem
660 5149 1144 5213 successerunt,de
1162 5152 1303 5204 tribu
1330 5149 1468 5206 Juda
1494 5154 1605 5208 nati
1635 5165 1780 5222 sunt,
1813 5157 2091 5212 sciendum

528 5242 709 5290 tamen
738 5237 835 5292 tibi
856 5247 960 5304 est,
997 5240 1143 5310 quod
1180 5242 1235 5296 bi
1276 5243 1380 5315 ipsi
1407 5261 1475 5300 ne
1504 5253 1647 5302 totos
1676 5248 1896 5318 quidem
1928 5250 2091 5319 quin-

526 5336 718 5394 gentos
748 5343 920 5386 annos
951 5331 1120 5387 totius
1149 5336 1324 5404 gentis
1356 5352 1583 5406 regnum
1637 5339 1882 5394 obtinere
1905 5347 2094 5409 potue—

530 5425 678 5480 runt,
709 5420 803 5474 sed
834 5422 999 5476 trium
1073 5423 1337 5480 duntaxat
1388 5413 1755 5495 tribuumpac
1804 5445 1870 5484 ne
1899 5429 2091 5484 harum

528 5509 748 5578 quidem
781 5514 1074 5568 solidarum
1095 5556 1112 5580 ,
1141 5519 1341 5588 quippe
1369 5535 1494 5574 cum
1527 5521 1718 5577 iisdem
1755 5522 2092 5592 temporibus

529 5599 623 5651 alii
664 5601 881 5668 quidam
913 5605 968 5658 in
999 5620 1148 5675 parte
1201 5611 1405 5682 gentis}
1435 5613 1719 5682 ampliore,
1760 5623 1813 5669 et
1857 5615 1912 5668 in
1962 5614 2092 5669 totis

531 5705 722 5744 novem
783 5693 1030 5751 tribubus
1082 5703 1463 5769 regnaverint:
1510 5721 1634 5760 nam
1681 5714 1802 5776 post
1861 5713 2090 5761 mortem

528 5779 860 5856 §alomonis,
885 5801 1006 5841 cum
1039 5797 1148 5844 tota
1179 5807 1312 5861 gens
1335 5795 1400 5849 ab
1429 5793 1566 5852 Juda
1599 5797 1774 5854 divisa
1807 5796 1986 5862 fuerit,
2009 5797 2088 5870 ip-
