3928 6506
196 403 306 456 581

1050 385 1698 448 DEMONSTRATIONIS
1737 382 2192 440 EVANUELlczE
2227 384 2357 441 LIB.
2395 382 2529 439 Vill.

3340 384 3444 438 5δῖ

195 519 351 571 λείαν
375 515 648 578 διέποντες
668 530 679 543 ·
714 511 853 585 μετά
878 510 986 581 γὰρ
1007 510 1102 582 τὴν
1132 509 1221 563 τοῦ
1254 508 1561 579 Σολομῶνος
1583 506 1766 559 τελευ-

1874 503 1987 558 sius
2010 502 2177 556 David
2209 516 2557 557 successores
2576 499 2764 563 trium,
2801 506 2859 553 ut
2884 498 3153 564 dicebam,
3174 497 3442 563 tribuum,

193 612 305 681 τὴν
345 607 706 676 διαιρεθέντος
752 605 846 657 τοῦ
897 603 1097 665 παντὸς
1137 602 1321 665 ἔθνους
1344 602 1401 668 ἐξ
1442 600 1629 664 Ἰούδα,
1676 599 1771 651 τοῦ

196 702 366 757 Δαϐὶέ
395 700 625 770 διάδοχοι
665 698 852 769 τριῶν,
889 698 964 760 ὡς
995 696 1151 767 ἔφην,
1184 697 1291 749 οὐδ’
1314 696 1447 748 ὅλων
1476 694 1654 764 φυλῶν
1682 694 1774 747 ἐπὶ

116 792 123 796 ’
196 794 308 863 τῆς
343 789 696 862 Ἰερουσαλὴμ
718 788 1028 842 ἐϐασίλευον
1059 787 1218 859 μέχρι
1242 786 1341 855 τῆς
1371 788 1450 849 εἰς
1481 784 1773 838 Βαϐυλῶνα

197 884 598 956 αἰχμαλωσίας.
629 883 763 935 Κατ’
787 882 982 943 αὐτοὺς
1009 880 1063 932 δὲ
1090 879 1179 932 ἐπὶ
1200 878 1406 941 τούτοις
1433 878 1523 931 ἐπί⁸
1547 878 1646 947 τῆς
1667 877 1773 928 Σα-

200 974 433 1045 μαρείας
464 970 612 1025 οὕτω
637 969 975 1041 καλουμένης
1004 969 1230 1033 πόλεως,
1257 968 1365 1020 τῶν
1402 968 1557 1020 ἐννέα
1594 966 1772 1035 φυλῶν

200 1066 490 1137 ⁴ἡγούμενοι
521 1066 623 1118 ούκ
651 1064 710 1130 ἐξ
752 1063 941 1124 Ἰούδα,
971 1061 1084 1117 ἀλλ’
1119 1061 1178 1125 ἐξ
1218 1060 1417 1132 ἐτέρων
1443 1060 1621 1129 φυλῶν
1658 1060 1774 1112 ἓτε-

200 1173 292 1223 ροι
328 1155 651 1217 διετέλεσαν,
695 1146 770 1207 ὧν
812 1152 1027 1224 πρῶτος
1070 1146 1139 1222 ἦν
1172 1150 1451 1221 Ἰεροϐοάμ
1488 1151 1552 1202 ἐκ
1600 1150 1772 1219 φυλῆς

209 1245 468 1316 Ἐφραὶμ,
516 1246 609 1298 καὶ
640 1245 691 1298 οί
730 1243 965 1313 καθεξῆς
1008 1243 1144 1313 μετά
1179 1242 1398 1296 τοῦτον·
1449 1242 1525 1304 ὡς
1557 1241 1675 1312 μηδ’
1714 1242 1771 1293 ἐν

192 1340 315 1398 τοῖς
344 1337 543 1408 μεταξὺ
577 1337 788 1407 χρόνοις
828 1338 941 1398 τοῖς
969 1336 1076 1389 ἀπὸ
1113 1334 1276 1388 Δαϐὶδ
1302 1336 1395 1387 ἐπὶ
1430 1333 1527 1404 τὴν
1556 1335 1635 1396 εἰς
1668 1334 1773 1386 Βα-

193 1427 409 1484 ϐυλῶνα
438 1431 817 1500 αἰχμαλωσίαν
852 1430 979 1491 τοὺς
1005 1429 1068 1481 ἐκ
1095 1427 1265 1498 φυλῆς
1303 1426 1473 1480 Ἰούδα
1501 1425 1593 1479 τοῦ
1641 1444 1772 1479 παν-

191 1524 292 1587 τὸς
322 1524 502 1585 ἔθνους
539 1521 870 1592 ἡγήσασθαι.
918 1520 982 1572 Τί
1016 1520 1095 1572 δεῖ
1135 1519 1332 1588 λέγειν,
1373 1520 1448 1578 ὡς
1496 1518 1630 1589 μετά
1674 1518 1771 1589 τὴν

192 1614 313 1668 ἀπὸ
343 1614 659 1675 Βαϐυλῶνος
695 1612 949 1664 ἐπάνοδον
981 1606 1136 1675 αὖθις
1167 1612 1307 1682 ὑπὲρ
1343 1610 1410 1663 τὰ
1446 1610 1770 1665 πεντακόσια

192 1707 297 1775 ἐτη
332 1705 491 1776 μέχρι
522 1706 620 1775 τῆς
657 1703 753 1756 τοῦ
786 1700 1022 1774 Χριστοῦ
1053 1702 1315 1771 γενέσεως
1346 1701 1647 1756 διετέλεσαν
1675 1719 1772 1755 πο-

194 1798 375 1870 λιτεία
405 1797 678 1869 χρώμενοι
704 1797 1152 1869 ἀριστοκρατικῇ,
1184 1795 1293 1848 τῶν
1339 1795 1435 1864 μὲν
1468 1794 1605 1849 κατὰ
1638 1796 1767 1866 χρό-

190 1906 321 1951 νους
348 1888 651 1958 ἀρχιερέων
690 1887 1008 1958 ἡγουμένων
1032 1886 1126 1939 τοῦ
1155 1884 1359 1950 ἔθνους,
1391 1884 1603 1949 οὐδενὸς
1627 1886 1684 1939 δὲ
1706 1888 1770 1938 ἐκ

190 1982 295 2051 τῆς
338 1980 430 2033 τοῦ
488 1979 659 2034 Ἰούδα
708 1979 923 2050 φυλῆς;
963 1979 1103 2032 ὥστε
1153 1979 1211 2045 ἐξ
1257 1978 1511 2034 ἁπάντων
1568 1979 1769 2033 τούτων

194 2071 581 2143 παρίστασθαι,
634 2073 708 2142 μὴ
741 2074 832 2125 ἐπὶ
865 2072 955 2125 τὸν
986 2072 1201 2144 πρῶτον
1242 2074 1444 2126 ἐκεῖνον
1480 2072 1649 2145 ἄνδρα
1679 2073 1771 2127 τὸν

205 2165 423 2227 Ἰούδαν,
454 2165 591 2237 μηδὲ
626 2166 717 2218 ἐπὶ
744 2164 872 2228 τοὺς
915 2166 1187 2235 διαδόχους
1219 2165 1380 2219 αὐτοῦ
1408 2165 1771 2237 ἀναφέρεσθαι

190 2254 256 2308 τὸ
286 2255 495 2324 φάσκον
525 2256 735 2325 λέγων’
778 2274 796 2307 ι
843 2255 956 2309 Ούκ
987 2256 1225 2326 ἐκλείψει
1253 2257 1434 2327 ἄρχων
1481 2256 1539 2320 ἐξ
1582 2256 1767 2318 Ἰούδα,

191 2347 311 2399 οὐδὲ
334 2347 643 2418 ἡγούμενος
669 2349 735 2401 ἐκ
762 2348 868 2400 τῶν
900 2348 1087 2419 μηρῶν
1129 2348 1293 2401 αὐτοῦ
1311 2366 1324 2380 ·
1358 2368 1375 2399 ι
1428 2348 1602 2418 μόνως
1631 2349 1675 2402 δ’
1706 2348 1772 2402 ἂν

196 2442 422 2512 συσταίη
454 2441 525 2493 τὰ
556 2442 697 2496 κατὰ
728 2442 819 2494 τὸν
847 2442 1028 2503 τόπον,
1059 2442 1107 2493 εί
1133 2440 1272 2494 κατά
1298 2442 1363 2495 τὰ
1386 2440 1619 2512 πρόσθεν
1640 2443 1772 2512 ἡμῖν

195 2532 586 2603 ἀποδεδομένα,
614 2534 741 2604 περὶ
766 2533 864 2604 τῆς
888 2532 1059 2602 φυλῆς
1088 2532 1303 2603 ἀπάσης
1324 2532 1574 2601 λέγεσθαι
1600 2531 1771 2586 ταῦτα

192 2625 507 2695 νοήσαιμεν.
540 2624 692 2694 Αύτη
721 2624 849 2693 γοῦν
881 2624 1142 2696 ἀρχῆθεν,
1186 2621 1245 2689 ἐξ
1277 2624 1453 2677 αὐτῶν
1485 2624 1595 2677 τῶν
1633 2624 1773 2678 κατά

192 2717 431 2770 Μωῦσέα
454 2717 691 2787 χρόνων,
716 2716 810 2770 τοῦ
841 2716 1040 2779 παντὸς
1082 2716 1267 2779 ἔθνους
1306 2716 1549 2786 ἡγήσατο
1571 2731 1585 2747 ο
1634 2716 1773 2770 κατά

192 2809 322 2877 γοῦν
348 2810 451 2880 τὴν
478 2807 682 2879 ταύτης
716 2808 1090 2880 ἐπικράτειαν,
1123 2807 1198 2870 ὡς
1238 2807 1304 2861 ἂν
1345 2806 1582 2877 ἀρχῆθεν
1621 2807 1772 2877 ἡγεῖ-

196 2901 315 2955 σθαι
334 2900 860 2973 προκεχειρισμένης
889 2899 992 2952 ὑπὸ
1014 2897 1107 2952 τοῦ
1131 2898 1286 2963 Θεοῦ,
1323 2897 1549 2952 Ἰουδαία
1578 2916 1636 2951 τε
1665 2901 1775 2951 εἰσ-

194 2994 273 3047 έτι
336 2994 434 3047 νῦν
465 2993 576 3046 ἀπὸ
607 2994 705 3064 τῆς
734 2992 906 3064 φυλῆς
925 2992 959 3062 ἦ
992 3008 1053 3059 γε
1094 2989 1244 3063 χώρα
1284 2988 1657 3061 ἐπικέκληται,
1678 2990 1774 3043 καὶ

194 3084 255 3136 τὸ
287 3085 397 3137 πᾶν
444 3082 622 3136 αὐτῶν
672 3080 925 3151 σύστημα
976 3079 1243 3132 Ἰουδαίων
1286 3076 1770 3149 προσαγορεύεται.

194 3174 349 3228 Οὕτω
377 3174 561 3228 τοίνυν
593 3174 886 3243 νοήσαιμεν
915 3172 975 3225 τὸ
998 3170 1307 3240 λεγόμενον,
1341 3169 1415 3232 ὡς
1439 3171 1487 3222 εἰ
1516 3168 1774 3237 σαφέστετ
1799 3210 1841 3269 C

197 3286 286 3339 ρον
328 3268 549 3335 ἔλεγεν·
589 3267 702 3319 Οὐκ
733 3265 971 3334 ἐκλείψει
1012 3264 1107 3317 τοῦ
1142 3262 1339 3325 παντὸς
1383 3261 1568 3324 ἔθνους
1607 3262 1773 3331 ἡγουο

197 3360 331 3430 μένη
357 3362 390 3428 ἡ
414 3357 512 3411 τοῦ
529 3358 699 3412 Ἰούδα
722 3357 881 3428 φυλή.
901 3358 958 3409 Ὀ
979 3355 1107 3424 γοῦν
1130 3355 1445 3426 Σύμμαχος,
1472 3372 1489 3403 ι
1528 3354 1587 3406 ού
1619 3370 1773 3424 περι-

196 3451 565 3524 αιρεθήσεται,
618 3450 802 3522 φησὶν,
834 3448 1045 3513 ἐξουσία
1076 3447 1183 3501 ἀπὸ
1238 3445 1426 3510 Ἰούδα,
1457 3464 1474 3496 ι
1525 3444 1585 3499 τὸ
1622 3444 1773 3511 ἐξου-

196 3543 477 3598 σιαστικὺν
499 3543 673 3614 δήπου
707 3541 801 3595 καὶ
825 3540 1049 3613 ἀρχικὸν
1076 3538 1291 3609 ἀξίωμα
1318 3538 1417 3608 τῆς
1446 3536 1581 3608 μετά
1603 3535 1774 3589 ταῦτα

195 3638 510 3707 ὑποστάσης
536 3634 631 3688 τοῦ
671 3634 836 3688 Ἰούδα
877 3634 1049 3704 φυλῆς
1078 3631 1368 3703 παριστάς.
1399 3628 1614 3701 Ταύτης
1644 3628 1774 3698 γοῦν

194 3728 311 3781 οὔτε
353 3728 414 3781 τὸ
447 3727 744 3797 σκῆπτρον,
770 3724 849 3789 ὡς
876 3725 905 3777 ὁ
943 3723 1173 3787 Ἀκύλας
1198 3722 1329 3792 φησὶ
1377 3720 1695 3792 (βασιλικῆς
1719 3720 1774 3773 δὲ

198 3822 352 3873 τοῦτο
390 3818 661 3889 σύμϐολον
701 3813 769 3887 ῆν
795 3815 1011 3888 ἀρχῆς),
1042 3814 1164 3868 οὔτε
1202 3814 1300 3883 τὴν
1335 3813 1600 3879 ἐξουσίαν,
1636 3812 1775 3865 κατὰ

193 3912 280 3967 τὸν
320 3911 643 3983 Σύμμαχον,
678 3907 1188 3979 περιαιρεθήσεσθαι
1214 3904 1476 3970 θεσπίζει,
1514 3925 1533 3957 ι
1575 3904 1678 3967 ἕως
1709 3903 1774 3957 ἂν

196 4002 341 4074 ἔλθῃ,
384 4003 576 4073 φησιν,
616 3993 661 4067 ᾧ
691 3999 998 4062 ἀπόκειται,
1032 4017 1050 4049 ι
1088 3997 1182 4050 καὶ
1226 3996 1389 4048 αὐτὸν
1419 3995 1636 4049 ἔσεσθαι
1666 3994 1773 4049 τῶν

195 4095 361 4147 ἐθνῶν
396 4092 747 4165 προσδοκίαν.
795 4090 962 4143 Ποίαν
995 4088 1197 4159 ταύτην
1244 4088 1568 4159 προσδοκίαν
1603 4086 1636 4157 ἢ
1677 4084 1774 4155 τὴν

197 4188 359 4239 πάλαι
408 4184 492 4254 τῷ
530 4182 780 4255 Ἀϐραὰμ
813 4182 906 4236 καὶ
950 4184 1061 4245 τοῖς
1097 4181 1213 4251 μετ’
1249 4179 1409 4235 αὑτὸν
1439 4180 1774 4252 προπάτορσι

196 4274 742 4349 κεχρηματισμένην;
769 4272 990 4344 Πρῶτον
1018 4271 1121 4342 μὲν
1148 4266 1239 4323 οὖν
1273 4269 1571 4340 θαυμάζειν
1603 4268 1771 4335 ἄξιον,

195 4370 360 4432 ὅπως,
394 4367 604 4421 δώδεκα
631 4365 807 4419 οὐσῶν
840 4364 948 4417 τῶν
988 4366 1117 4435 παρ’
1160 4364 1428 4434 Ἑϐραίοις
1472 4361 1676 4432 φυλῶν,
1715 4361 1774 4428 ἐξ

194 4462 307 4513 ούδε
318 4461 451 4531 μιᾶς
481 4457 646 4526 ἄλλης
674 4456 708 4528 ἢ
738 4455 844 4509 ἀπὸ
876 4455 1042 4526 μόνης
1072 4454 1167 4523 τῆς
1202 4452 1370 4506 Ἰούδα
1401 4454 1434 4524 ἡ
1464 4450 1558 4504 τοῦ
1592 4450 1774 4514 ἔθνους

1874 612 1938 651 ac
1969 611 2035 650 ne
2062 596 2253 648 harum
2287 594 2506 663 quidem
2555 592 2850 647 solidarum
2883 592 2932 644 in
2957 591 3257 647 Jerusalem
3288 606 3445 661 reges

1874 684 2093 739 fuerunt
2121 699 2292 752 usque
2322 682 2387 736 ad
2411 681 2791 752 Babylonicum
2816 681 3049 736 cladem.
3086 679 3284 737 Iisdem
3314 698 3445 737 vero

1874 774 2209 845 temporibus
2256 774 2311 826 in
2345 772 2562 826 civitate
2609 786 2729 840 qua:
2783 778 3012 825 vocatur
3039 770 3310 836 Samaria,
3342 791 3443 828 no-

1872 881 1991 919 vem
2017 865 2255 918 tribuum
2292 863 2459 917 duces
2483 878 2590 916 non
2631 861 2865 916 detrihu
2898 860 3058 924 Juda,
3095 864 3188 917 scd
3220 878 3284 917 ex
3320 864 3444 916 aliis

1872 957 1962 1010 alii
1996 956 2327 1012 exstiterunt
2362 973 2375 1008 :
2411 970 2640 1024 quorum
2666 953 2872 1023 primus
2919 953 3203 1008 Jeroboam
3229 954 3350 1016 fuit,
3377 953 3446 1008 de

1872 1050 2019 1103 tribu
2052 1047 2310 1119 Ephrem,
2343 1061 2406 1100 ac
2437 1046 2693 1115 deinceps
2720 1045 2812 1113 qui
2850 1046 2993 1099 hunc
3058 1047 3230 1101 secuti
3290 1055 3440 1108 sunt,

1872 1147 1933 1192 ut
1958 1156 2027 1193 ne
2048 1139 2242 1195 mediis
2289 1136 2511 1208 quidem
2546 1136 2882 1204 temporibus
2905 1151 2934 1188 a
2968 1135 3137 1189 David
3172 1153 3343 1207 usque
3373 1136 3441 1190 ad

1872 1240 2088 1300 tempus
2120 1245 2227 1300 quo
2258 1228 2314 1282 in
2353 1226 2682 1297 Babylonem
2714 1226 2914 1294 captivi
2968 1226 3116 1280 ducti
3162 1237 3313 1289 sunt,
3346 1226 3440 1280 ulli

1872 1323 1940 1377 de
1968 1324 2112 1376 tribu
2139 1322 2278 1376 Juda
2300 1320 2574 1375 universa:
2594 1317 2739 1387 genti
2774 1316 3107 1384 prmfuerint.
3145 1318 3316 1372 Porro
3338 1333 3441 1370 au-

1871 1421 1979 1468 tem
2005 1414 2134 1483 quid
2168 1415 2459 1470 dicendum
2497 1422 2601 1480 est,
2641 1413 3093 1485 quemadmodum
3150 1417 3270 1480 post
3303 1408 3445 1464 redi-

1872 1512 1987 1559 tum
2015 1505 2081 1560 de
2128 1504 2400 1576 Babylone
2444 1520 2636 1560 rursus
2673 1504 2985 1575 quingentis
3018 1502 3176 1557 annis
3206 1499 3443 1569 amplius

1870 1612 2045 1666 usque
2074 1596 2139 1651 ad
2164 1595 2369 1653 Christi
2418 1604 2596 1651 ortum
2632 1595 2865 1651 vixerint
2904 1611 2969 1650 eo
3006 1601 3151 1649 statu
3202 1591 3441 1645 civitatis

1871 1695 2106 1753 utentes,
2140 1688 2192 1741 in
2224 1704 2332 1757 quo
2378 1688 2481 1743 soli
2531 1688 2821 1758 optimates
2872 1702 2983 1741 rem
3024 1683 3444 1739 administrave-

1870 1781 2007 1843 rint,
2067 1780 2412 1849 pontificibus
2443 1781 2628 1850 utique
2679 1780 2777 1833 toti
2824 1779 2970 1850 genti
3022 1775 3439 1847 imperantibus,

1800 1865 1842 1921 Β
1870 1887 2101 1943 quorum
2130 1872 2313 1927 nullus
2344 1872 2503 1943 plane
2540 1873 2608 1928 de
2651 1872 2795 1925 tribu
2857 1869 2998 1924 Juda
3025 1866 3350 1922 oriebatur?
3383 1873 3443 1918 ut

1865 1964 1977 2033 jam
2010 1979 2076 2018 ex
2100 1963 2187 2018 his
2208 1963 2465 2019 omnibus
2493 1963 2729 2033 perspici
2760 1962 2952 2032 possit,
2981 1975 3087 2013 non
3116 1958 3179 2011 ad
3205 1958 3443 2028 primum

1872 2054 2022 2108 illum
2053 2052 2273 2117 Judam,
2327 2069 2505 2124 neque
2539 2053 2605 2107 ad
2634 2052 2780 2109 illius
2821 2066 3169 2107 successores
3200 2048 3445 2103 referen-

1870 2148 1998 2202 dum
2018 2162 2139 2203 esse
2158 2147 2437 2202 oraculum
2465 2146 2619 2213 illud,
2637 2147 2857 2202 dicens:
2883 2163 2899 2195 ι
2925 2158 3033 2197 non
3059 2141 3270 2196 deﬁciet
3289 2138 3442 2209 prin-

1870 2255 1998 2311 ceps
2026 2240 2092 2295 de
2116 2238 2274 2303 Iuda,
2305 2254 2481 2310 neque
2516 2239 2625 2292 dux
2656 2238 2723 2293 de
2772 2236 3069 2293 femoribus
3101 2237 3220 2303 ejus
3242 2271 3256 2295 ,
3288 2251 3309 2283 ι
3348 2231 3445 2285 sed

1871 2346 1933 2387 ea
1962 2346 2082 2401 qua:
2104 2329 2169 2383 ad
2193 2330 2526 2384 buncloeum
2551 2328 2973 2398 pertinent,uno
3000 2322 3443 2379 duntaxatmodo

1872 2431 2126 2479 constare
2150 2438 2331 2492 posse,
2374 2422 2420 2476 si
2452 2420 2752 2477 secundum
2794 2435 2857 2474 ea
2890 2434 3010 2488 qum
3039 2416 3190 2487 prius
3225 2429 3254 2467 a
3284 2414 3444 2467 nobis

1872 2517 1939 2573 de
1968 2524 2081 2570 tota
2121 2516 2263 2570 tribu
2297 2516 2541 2584 exposita
2575 2521 2744 2577 sunt,
2802 2512 2917 2566 haec
2949 2511 3063 2580 ipsa
3098 2507 3443 2578 intelligenda

1871 2624 1993 2665 esse
2023 2602 2340 2663 dixerimus.
2392 2606 2517 2661 Haec
2567 2606 2711 2661 enim
2768 2603 2946 2658 tribus
2995 2602 3064 2656 ab
3110 2600 3266 2653 initio
3293 2605 3348 2653 et
3377 2598 3445 2651 ab

1872 2700 2045 2771 ipsius
2072 2714 2246 2770 usque
2276 2697 2441 2753 Mosis
2469 2695 2807 2768 temporibus
2843 2695 3113 2748 universae
3134 2692 3310 2761 gentis
3334 2689 3446 2743 dux

1872 2790 1977 2845 fuit
2010 2810 2023 2846 :
2058 2789 2581 2860 itaquesecundum
2618 2787 2781 2855 hujus
2822 2784 3211 2855 principatum,
3262 2788 3447 2851 utpote

1872 2899 2036 2955 quam
2070 2881 2211 2938 Deus
2242 2880 2454 2936 caeteris
2481 2880 2548 2932 ab
2576 2878 2729 2932 initio
2754 2874 3078 2947 praal’ecerit,
3113 2880 3165 2927 et
3196 2873 3312 2941 ipsa
3358 2886 3447 2924 re-

1873 2976 1962 3048 gio
1983 2974 2307 3030 etiamnunc
2338 2972 2407 3027 ab
2435 2987 2498 3026 ea
2532 2971 2651 3042 ipsa
2683 2969 2853 3031 tribu,
2886 2964 3085 3020 Iudaea:
3108 2962 3445 3019 vocabulum

1873 3066 2105 3129 obtinet,
2134 3072 2188 3119 et
2216 3062 2393 3117 omnis
2423 3061 2638 3115 illorum
2678 3066 2978 3114 conventus
3008 3054 3319 3109 Iudaeorum
3350 3066 3448 3120 ap-

1873 3157 2124 3228 pellatur.
2157 3153 2247 3210 Sic
2279 3153 2441 3224 igitur
2491 3152 2860 3223 intelligamus
2897 3147 3042 3219 quod
3087 3146 3292 3201 dictum
3338 3152 3443 3206 est,

1875 3255 2135 3317 tanquam
2191 3246 2236 3301 si
2289 3242 2634 3299 manifestius
2672 3243 2916 3304 dixisset,
2951 3256 3060 3293 non
3101 3237 3313 3291 desinet
3345 3234 3447 3288 toti

1833 3336 1840 3343 ’
1874 3338 2019 3409 genti
2039 3350 2272 3406 praeesse
2289 3334 2468 3388 tribus
2483 3332 2644 3396 Juda,
2666 3331 2828 3402 312
2844 3347 2909 3385 ex
2931 3345 3040 3400 quo
3062 3325 3444 3397 Symmachus,

1880 3447 1899 3480 ι
1936 3427 2055 3497 Non
2108 3426 2405 3489 auferetur,
2454 3424 2651 3493 inquit,
2706 3429 2950 3492 potestas
2994 3419 3060 3473 de
3093 3416 3253 3479 Juda,
3288 3434 3310 3466 ι
3364 3414 3447 3467 sic

1874 3522 2064 3591 utique
2085 3518 2228 3588 juris
2254 3516 2536 3585 cujusdam
2560 3514 2861 3583 amplioris,
2890 3520 2943 3567 et
2977 3511 3315 3581 principatus
3345 3521 3446 3558 au-

1874 3612 2181 3667 ctoritatem
2224 3610 2343 3680 ejus
2385 3624 2504 3679 quae
2535 3613 2725 3677 postea
2756 3609 2939 3659 futura
2967 3610 3111 3657 esset
3144 3600 3320 3654 tribus
3344 3596 3445 3651 Ju-

1875 3704 1963 3765 da,
2005 3703 2164 3758 nobis
2216 3698 2620 3771 intelligendam
2677 3711 3006 3768 proponens.
3068 3691 3242 3760 Hujus
3299 3690 3444 3743 enim

1874 3813 2050 3867 neque
2073 3803 2368 3866 sceptrum,
2404 3790 2672 3863 utAquila
2706 3788 2881 3860 inquit
2909 3787 3061 3860 (regii
3091 3799 3253 3855 porro
3294 3782 3449 3852 prin-

1874 3892 2087 3961 cipatus
2120 3890 2334 3961 signum
2367 3888 2471 3943 hoc
2504 3883 2659 3956 erat)
2686 3926 2703 3951 ,
2760 3897 2936 3951 neque
2985 3885 3305 3950 potestatem
3340 3915 3352 3937 ,
3390 3880 3447 3926 ut

1878 3983 2257 4057 Symmachus,
2300 3983 2572 4038 sublatum
2608 3980 2674 4033 iri
2704 3976 3056 4038 vaticinatur,
3098 3990 3115 4022 ι
3151 3970 3325 4024 donec
3355 3980 3449 4018 ve-

1877 4078 2013 4140 niat,
2042 4078 2242 4147 inquit,
2266 4076 2353 4131 cui
2383 4073 2682 4144 repositum
2714 4064 2821 4131 est,
2855 4085 2872 4118 ι
2925 4074 3087 4132 atque
3120 4061 3297 4130 ipsum
3334 4054 3451 4109 fore

1875 4168 2335 4240 exspectationem
2360 4165 2618 4235 gentium.
2652 4159 2755 4216 Sed
2787 4168 2949 4229 quam
2981 4154 3201 4208 tandem
3224 4161 3452 4217 exspccv

1878 4237 2161 4323 tationem,
2190 4256 2295 4310 nisi
2343 4255 2410 4308 de
2442 4268 2548 4323 qua
2578 4252 2706 4307 olim
2750 4258 2802 4303 et
2842 4244 2946 4316 ipsi
2979 4242 3275 4304 Abraham,
3300 4249 3351 4292 et
3380 4237 3449 4289 iis

1876 4348 1971 4419 qui
2002 4347 2274 4402 Abraham
2308 4344 2478 4399 secuti
2514 4348 2642 4397 sunt
2686 4337 2954 4409 patribus,
2988 4332 3205 4388 oracula
3236 4328 3449 4383 reddita

1876 4439 2031 4495 sunt?
2055 4438 2297 4491 Primum
2327 4436 2490 4506 igitur
2517 4431 2968 4498 admirarioperaa
2990 4424 3224 4495 pretium
3260 4420 3448 4483 fuerit,

196 4516 357 4603 εἰσέτι
385 4516 483 4601 νύν
511 4516 899 4616 ἀναχορεύεται
930 4516 1266 4614 προσηχορία
1285 4558 1298 4572 ·
1332 4542 1392 4595 ού
1423 4516 1491 4594 δι’
1524 4541 1707 4611 ἕτερον
1738 4542 1770 4612 ἢ

1876 4531 2007 4602 quid
2040 4531 2134 4593 ita,
2163 4543 2286 4582 cum
2316 4525 2600 4581 duodecim
2628 4522 2975 4577 Hebraeorum
2995 4516 3172 4570 tribus
3195 4520 3447 4575 essent,a

196 4641 277 4694 διὰ
308 4642 370 4693 τὸ
404 4639 507 4708 τῆς
540 4636 871 4708 προφητείας
902 4634 1101 4702 λόγιον,
1131 4634 1197 4703 τῇ
1225 4630 1320 4685 τοῦ
1359 4630 1526 4684 Ἰούδα
1549 4630 1688 4701 φυλῇ
1718 4630 1776 4683 τὸ

197 4733 420 4806 ἀρχικὸν
477 4729 750 4801 περιάψειν
794 4727 1030 4797 ἀξίωμα.
1078 4723 1237 4776 Ἀλλὰ
1285 4722 1378 4777 καὶ
1420 4723 1520 4794 τὴν
1552 4723 1775 4793 πάτριον

198 4824 373 4877 αὐτῶν
408 4821 594 4893 χώραν
638 4818 897 4873 Ἰουδαίαν
942 4816 1029 4870 διὰ
1061 4815 1156 4887 τὴν
1183 4814 1350 4884 αὐτὴν
1389 4813 1778 4867 ἀποκαλεῖσθαι

201 4916 485 4987 συμϐαίνει
518 4914 715 4967 αἰτίαν.
771 4911 923 4964 Ἐπεὶ
958 4909 1046 4962 διά
1094 4907 1145 4960 τί
1182 4905 1255 4979 μὴ
1288 4906 1396 4959 ἀπὸ
1433 4904 1527 4958 τού
1561 4904 1777 4977 πρώτου

198 5011 302 5062 τῶν
325 5007 558 5068 δώδεκα,
594 5005 736 5072 λέγω
770 5004 827 5056 δὲ
860 5000 969 5056 ἀπὸ
1006 4999 1098 5053 τοῦ
1133 4998 1377 5069 Ῥουϐὶμ,
1407 4996 1467 5049 τὸ
1502 4996 1651 5059 ἔθνος
1679 4997 1778 5050 αύ-

200 5101 302 5154 τῶν
349 5099 723 5171 ἐχρημάτισες
759 5096 951 5149 Καίτοι
992 5092 1144 5165 παρά
1191 5092 1268 5163 τῷ
1317 5092 1445 5162 θείῳ
1489 5090 1638 5161 νόμῳ
1669 5088 1778 5142 τῶν

202 5192 560 5266 πρωτοτόκων
586 5187 995 5258 τετιμημένων;
1024 5184 1124 5237 Διά
1154 5184 1205 5236 τί
1233 5184 1288 5235 δὲ
1323 5183 1396 5253 μὴ
1427 5182 1533 5235 ἀπὸ
1557 5181 1656 5251 τῆς
1683 5180 1777 5233 τοῦ

202 5283 348 5349 Λευῖ,
384 5282 521 5353 ὁμοῦ
552 5282 647 5334 καὶ
674 5279 751 5351 τῷ
778 5278 953 5349 χρόνῳ
984 5277 1079 5331 καὶ
1106 5276 1184 5347 τῷ
1224 5276 1321 5345 τῆς
1367 5275 1663 5345 ἱερωσύνης
1700 5290 1779 5325 τι-

208 5376 413 5446 μήματι
442 5374 534 5427 τὸν
563 5370 761 5424 Ἰούδαν
795 5369 1231 5440 παρεξάγοντοςς
1260 5366 1324 5418 Τί
1348 5366 1404 5419 δὲ
1428 5365 1547 5435 οὐχὶ
1582 5364 1777 5435 μᾶλλον

205 5465 306 5519 ἀπὸ
335 5465 429 5519 τοῦ
467 5463 663 5533 Ἰωσὴφ
689 5462 1025 5533 χρηματίσαι
1062 5458 1258 5527 συνέϐη
1288 5457 1348 5510 τὸ
1375 5458 1480 5509 πᾶν
1511 5456 1661 5519 ἔθνος
1686 5456 1779 5508 καὶ

204 5560 297 5626 τὴν
328 5556 535 5629 χώραν,
569 5555 658 5608 διὰ
690 5555 750 5606 τὸ
780 5555 876 5607 καὶ
924 5552 1089 5607 πάλαι
1122 5551 1301 5621 πάσης
1340 5550 1399 5602 ού
1431 5549 1588 5620 μόνον
1614 5548 1781 5616 Αἰγύ-

208 5664 359 5714 πτου,
404 5648 541 5701 ἀλλά
585 5646 679 5699 καὶ
717 5643 826 5698 τῶν
874 5644 1089 5698 οἰκείων
1128 5642 1187 5696 τὸ
1219 5641 1420 5711 κράτος
1471 5639 1780 5708 ἀνάψασθαι

207 5740 407 5807 τοῦτον,
439 5740 568 5804 τούς
594 5757 651 5793 τε
686 5738 743 5806 ἐξ
776 5737 953 5792 αὐτῶν
987 5736 1308 5808 γενομένους
1358 5734 1589 5805 μακροῖς
1635 5730 1783 5784 ὓστε-

214 5849 297 5903 ρον
329 5834 544 5904 χρόνοις
572 5832 665 5886 ἐπὶ
695 5831 943 5886 πλεῖστον
972 5830 1093 5884 ὅσον
1120 5828 1255 5883 ὅλων
1285 5826 1438 5881 ἐννέα
1479 5823 1658 5896 φυλῶν
1687 5822 1779 5877 τοῦ
1807 5871 1849 5895 ε

1878 4624 2025 4678 nulla
2047 4623 2149 4676 alia
2171 4621 2277 4675 nisi
2302 4620 2368 4673 ab
2397 4632 2506 4673 una
2537 4618 2709 4686 ipsius
2740 4611 2901 4674 Juda,
2919 4608 3097 4681 gentis
3121 4606 3282 4661 etiam
3300 4617 3448 4657 nunc

1878 4713 2173 4787 appellatio
2199 4717 2511 4780 usurpetur.
2533 4707 2688 4774 Quod
2719 4720 2819 4774 ego
2836 4701 3055 4772 quidem
3088 4712 3195 4751 non
3219 4695 3287 4749 ob
3301 4692 3447 4746 aliud

1878 4808 2174 4878 contigisse
2198 4805 2455 4863 arbitror,
2492 4815 2652 4871 quam
2677 4799 2746 4853 ob
2776 4797 2952 4866 ipsius
2984 4792 3281 4864 prophetiae
3324 4801 3447 4842 ora-

1879 4902 2085 4961 culum,
2114 4897 2257 4968 quod
2291 4895 2381 4949 uni
2410 4892 2576 4947 tribui
2599 4889 2739 4945 Juda
2764 4887 3109 4958 principatus
3126 4881 3446 4952 dignitatem

1878 4993 2145 5048 attribuit.
2178 4988 2321 5055 Quin
2351 4987 2513 5042 etiam
2548 4984 2720 5053 patria
2766 4981 3009 5051 ipsorum
3060 4983 3227 5036 terra,
3261 4970 3450 5024 eadem

1879 5087 1945 5141 de
1971 5100 2136 5139 causa
2157 5080 2356 5135 Iudaeae
2373 5077 2786 5148 appellationem
2821 5070 3011 5126 sortita
3043 5072 3147 5121 est.
3180 5063 3291 5118 Cur
3305 5059 3451 5113 enim

1880 5194 2066 5252 quaeso
2096 5192 2221 5231 cum
2246 5173 2535 5229 duodecim
2563 5169 2787 5230 fuerint,
2823 5180 2931 5218 non
2963 5162 3032 5215 ab
3052 5173 3240 5215 eorum
3273 5153 3451 5225 primo

1879 5251 2069 5323 Ruben
2102 5281 2235 5337 gens
2263 5261 2577 5319 eorumdcm
2601 5257 2863 5327 appellata
2892 5259 2977 5305 est
3002 5251 3025 5301 ?
3049 5262 3172 5302 cum
3219 5257 3451 5313 praeser-

1882 5364 1978 5417 tim
2010 5332 2142 5413 natu
2163 5355 2384 5409 maximi
2408 5350 2715 5423 potioresin
2739 5348 2857 5416 lege
2872 5343 3057 5399 divina
3085 5332 3454 5395 haberentur?

1881 5452 1992 5509 Cur
2010 5466 2118 5505 non
2140 5450 2267 5503 item
2299 5463 2327 5500 a
2343 5445 2493 5508 Levi,
2518 5443 2679 5513 quiet
2708 5446 2867 5493 aatate
2882 5443 2935 5491 et
2951 5448 3126 5489 sacra:
3152 5427 3453 5485 functionis

1882 5548 2091 5602 honore
2127 5542 2324 5597 Judam
2377 5534 2666 5591 anteibat?
2730 5530 2866 5586 Cum
2912 5542 3043 5582 vero
3100 5524 3202 5596 ipsi
3248 5521 3450 5590 Joseph

1883 5637 2157 5711 quondam
2190 5649 2297 5688 non
2329 5630 2489 5685 modo
2534 5624 2756 5697 Egypti
2808 5622 3094 5683 universae,
3146 5614 3241 5673 sed
3286 5613 3451 5669 etiam

1884 5703 2106 5787 suorum
2137 5724 2422 5795 imperium
2457 5719 2733 5789 obtigerit,
2764 5728 2996 5783 cumque
3028 5712 3096 5767 ab
3122 5710 3213 5765 illo
3235 5703 3452 5762 oriundi

1884 5822 2072 5877 multis
2094 5826 2216 5890 post
2262 5813 2478 5873 saeculis
2509 5812 2603 5868 diu
2627 5806 2943 5873 admodum,
2982 5804 3111 5862 totis
3127 5802 3247 5874 ejus
3278 5794 3455 5870 gentis
