3928 6544
499 379 604 434 585

1095 379 1365 435 EUSEBII
1401 379 1880 436 CASSARIENSIS
1913 377 2062 434 OPP.

2181 375 2304 432 αις.
2349 375 2412 430 Il.
2451 405 2524 418 ——
2561 379 3060 436 AI‘OLOGETICA.
3710 381 3800 437 58A

501 475 978 548 novem'tribubus
1014 492 1331 562 praefuerint
1351 534 1366 556 ,
1391 509 1492 548 cur
1519 511 1630 550 non
1665 495 1734 548 ab
1758 507 1823 549 eo
1859 491 2079 564 potissi-

2188 488 2371 554 ἔθνους
2400 491 2726 562 ἡγήσασθαι,
2776 492 2846 545 δι’
2872 493 2966 556 οὓς
3011 494 3118 549 καὶ
3163 489 3396 562 μᾶλλον
3431 489 3586 554 εἰκὸς
3629 489 3694 564 ἦν
3719 499 3799 568 τὴν

482 597 648 637 mum
683 589 796 636 tota
829 597 982 652 gens,
1018 582 1243 652 ipsaque
1266 584 1416 656 regio
1435 600 1636 640 nomen
1661 586 1894 655 accepit,
1914 599 2085 654 quart-

501 675 793 746 doquidem
843 675 916 728 ob
954 689 1049 738 eos
1099 675 1281 745 ipsos,
1310 693 1448 746 quos
1483 679 1552 733 ab
1577 677 1782 748 Joseph
1816 677 2082 730 oriundos

497 759 932 836 diximusdonge
957 765 1242 821 honestius
1272 768 1719 840 probabiliusque
1748 775 1887 833 erat,
1913 779 2082 824 totam

495 867 715 930 gentem
775 865 1055 927 totamque
1111 861 1387 928 regionem
1420 877 1449 914 a
1481 863 1659 930 primo
1705 863 1800 916 illo
1833 863 2078 932 ipsorum

493 957 724 1018 parente
781 950 1166 1004 dcnominari?
1217 952 1457 1022 Denique
1491 963 1690 1024 praeter
1737 955 1835 1009 hos
1892 969 2084 1012 omnes

495 1043 622 1112 quis
675 1057 786 1095 non
820 1042 1106 1105 concedat,
1143 1045 1336 1098 merito
1367 1045 1490 1100 illos
1539 1061 1568 1099 a
1599 1045 1883 1115 Beniamin
1915 1046 2084 1102 fuisse

495 1135 955 1197 denominandos,
988 1135 1148 1203 cujus
1177 1139 1484 1205 posteritati
1515 1153 1578 1192 ac
1609 1139 1808 1202 tribui,
1842 1139 2086 1194 celeber-

496 1225 632 1277 rima
663 1226 905 1295 ipsorum
937 1227 1130 1281 civitas
1155 1270 1168 1292 ,
1203 1245 1324 1298 quae
1385 1245 1572 1300 regum
1621 1232 1764 1301 apud
1800 1231 1954 1301 ipsos
1984 1231 2082 1287 do-

495 1318 762 1370 micilium
812 1317 949 1384 fuit,
992 1326 1046 1374 et
1094 1319 1238 1389 quod
1299 1321 1354 1375 in
1409 1337 1470 1376 ea
1517 1323 1932 1378 sanctissimum
1987 1323 2080 1380 Dei

495 1411 760 1480 templum
790 1419 1035 1464 erectum
1067 1419 1172 1476 est,
1209 1414 1264 1466 in
1299 1424 1505 1468 sortem
1558 1416 1882 1470 concessit?
1930 1417 2083 1490 Atta-

495 1517 620 1554 men
657 1517 832 1558 neuue
870 1504 937 1557 ah
969 1503 1163 1556 harum
1202 1505 1410 1572 aliqua,
1459 1523 1637 1578 neque
1661 1523 1692 1562 a
1716 1509 2078 1579 reliquarum,

497 1605 588 1648 seu
617 1603 685 1648 at)
723 1612 832 1649 una
869 1595 1042 1666 ipsius
1069 1595 1210 1652 Juda
1247 1599 1392 1654 tribu
1415 1601 1581 1656 totius
1614 1604 1791 1671 gentis
1815 1617 1880 1656 ac
1911 1605 2085 1674 regio-

499 1687 585 1742 nis
614 1688 906 1756 appellatio
932 1691 1096 1744 ducta
1115 1702 1217 1755 est,
1243 1693 1386 1746 sicut
1412 1693 1700 1762 prophetia
1735 1694 2080 1765 praedixerat.

500 1777 590 1834 Sic
622 1797 754 1835 sane
793 1781 926 1836 illud
959 1802 970 1836 :
1008 1801 1026 1833 ι
1067 1782 1186 1837 Non
1225 1785 1442 1840 deliciet
1475 1787 1732 1856 princeps
1765 1788 1832 1842 de
1863 1787 2026 1854 Juda,
2057 1809 2077 1842 ι

2187 581 2280 632 τοῦ
2323 581 2666 652 προπάτορος
2715 585 3028 654 ἐπωνυμίαν
3083 584 3157 636 τὸ
3219 584 3344 636 πᾶν
3395 579 3556 645 ἔθνος
3602 585 3689 637 καὶ
3719 587 3800 657 τὴν

2187 671 2371 744 χώραν
2425 674 2868 745 ἐπιγράψασθαις
2924 678 3019 740 Τίς
3061 677 3113 730 δ’
3180 676 3298 729 οὐκ
3361 673 3435 730 ἂν
3494 675 3798 748 ὁμολογήσαι

2185 765 2335 834 παρὰ
2377 764 2598 828 τούτους
2631 765 2877 830 ἅπαντας
2909 769 3165 838 εὐλόγως
3207 767 3284 821 ἂν
3317 767 3390 818 ἐκ
3435 764 3532 819 τοῦ
3567 767 3799 839 Βενιαμὶν

2181 851 2283 922 τὴν
2317 853 2632 924 ἐπωνυμίαν
2663 857 2859 919 αὐτοὺς
2903 856 3116 920 λαῦεῖν,
3155 855 3491 928 ἐπειδήπερ
3519 859 3586 927 τῇ
3631 859 3795 914 τούτου

2185 945 2324 1017 φυλῇ
2355 948 2387 1017 ἡ
2419 949 2741 1019 περιϐόητος
2766 949 2944 1002 αὐτῶν
2975 949 3254 1022 βασιλικὴ
3305 949 3675 1020 μητρόπολις,
3699 953 3724 1005 ὃ
3747 971 3796 1006 τε

2184 1033 2278 1086 ἐπὶ
2325 1035 2529 1107 ταύτης
2570 1036 2869 1104 ἁγιώτατος
2920 1040 3013 1093 τοῦ
3059 1039 3218 1094 Θεοῦ
3261 1039 3416 1104 νεὼς
3459 1041 3792 1113 κεκλήρωτο;

2195 1127 2334 1180 ’Δλλ’
2363 1129 2510 1199 ὅμως
2543 1130 2650 1182 οὐδ’
2693 1131 2758 1183 ἐκ
2791 1131 3017 1192 τούτων.
3051 1133 3178 1186 οὐδ’
3213 1133 3282 1198 ἐξ
3333 1133 3544 1204 ἑτέρας
3581 1137 3615 1206 ἦ
3653 1137 3791 1207 μόνης

2183 1219 2250 1270 ἐκ
2281 1218 2380 1288 τῆς
2428 1220 2596 1272 Ἰούδα
2638 1221 2810 1291 φυλῆς
2855 1225 2886 1292 ή
2929 1225 3026 1293 τῆς
3067 1223 3282 1295 χώρας
3329 1225 3434 1277 καὶ
3479 1225 3578 1278 τοῦ
3621 1229 3788 1291 παντο,

2184 1309 2370 1374 ἔθνους
2413 1313 2754 1384 προσηγορία
2796 1313 3053 1385 διὲπρεψε
3087 1319 3164 1388 τῇ
3220 1317 3560 1388 προφητείᾳ
3591 1318 3788 1370 ἀκολούο

2183 1403 2310 1468 θως.
2335 1403 2492 1458 Οὕτω
2509 1407 2570 1474 γέ
2597 1423 2676 1459 τοι
2700 1407 2781 1470 τὸ,
2813 1425 2833 1458 ‹
2857 1409 2970 1461 Οὐκ
2993 1408 3256 1480 ἐκλείψει
3282 1409 3484 1481 ἄρχων
3507 1410 3568 1474 ἐξ
3595 1411 3782 1476 Ἰούδαν

2183 1499 2276 1550 ἐπὶ
2309 1497 2407 1569 τὴν
2447 1498 2618 1570 φυλήν
2651 1502 2784 1571 ημῖν
2813 1501 3200 1572 ἀνενήνεκται,
3255 1503 3364 1554 καὶ
3417 1503 3602 1578 μόνως
3641 1505 3785 1568 οὕτως

2183 1589 2398 1660 ἀληθῶς
2423 1593 2454 1662 ἡ
2483 1593 2785 1664 πρόρρησις
2803 1592 3151 1648 ἀποδέδοται.
3173 1595 3328 1646 Ἀπὸ
3358 1593 3501 1662 γοῦν
3529 1594 3634 1647 τῶν
3655 1597 3781 1650 Mur}-

2185 1681 2322 1744 σέως
2347 1683 2554 1753 χρόνων
2587 1683 2823 1754 καθεξῆς
2855 1687 2913 1739 οὐ
2943 1685 3196 1740 διέλιπον
3233 1689 3475 1758 μερικοὶ
3505 1688 3608 1758 μὲν
3631 1689 3783 1742 αὐτῶν

2183 1773 2461 1846 ἄρχοντες,
2485 1779 2546 1830 ὲκ
2587 1777 2880 1851 διαφόρων,
2901 1780 2976 1844 ὡς
3007 1781 3174 1853 ἔφην,
3215 1781 3422 1850 φυλῶν
3447 1783 3778 1853 ἡγησάμενοι,

497 1873 564 1925 ad
597 1871 771 1942 ipsam
816 1875 1019 1928 tribum
1048 1891 1078 1928 a
1107 1877 1267 1931 nobis
1314 1877 1546 1932 relatum
1593 1887 1700 1944 est,
1729 1887 1801 1950 ,et
1837 1881 1938 1935 hoc
1967 1898 2076 1935 uno

2183 1867 2410 1922 καθόλου
2436 1869 2490 1922 δὲ
2518 1872 2550 1940 ἡ
2584 1870 2675 1923 τοῦ
2723 1872 2892 1926 Ἰούδα
2922 1873 3062 1944 φυλὴ
3093 1875 3322 1938 παντὸς
3357 1875 3681 1946 προεστῶτα
3703 1871 3778 1929 τοέ

497 1961 768 2018 duntaxat
805 1966 967 2020 modo
999 1967 1207 2021 oraculi
1243 1968 1444 2023 veritas
1486 1969 1663 2023 locum
1699 1970 1884 2028 habet.
1910 1972 2079 2026 Nam-

497 2071 605 2126 que
628 2071 656 2109 a
681 2055 850 2112 Mosis
877 2075 1052 2128 usque
1088 2060 1451 2130 temporibus,
1487 2062 1749 2133 deinceps
1781 2080 1890 2118 non
1931 2065 2084 2121 defe-

497 2157 691 2202 cerunt
728 2151 1088 2218 particulares
1119 2150 1337 2220 quidem
1383 2153 1627 2222 ipsorum
1679 2153 1955 2225 principes
1988 2157 2080 2224 qui

497 2253 564 2292 ex
615 2237 873 2302 diversis,
910 2249 967 2293 ut
1001 2239 1206 2294 dictum
1235 2249 1339 2304 est,
1378 2243 1653 2306 tribubus,
1679 2245 1826 2314 genti
1855 2246 2084 2315 praefue-

497 2331 626 2394 tint,
660 2331 822 2404 3'73
861 2334 916 2387 in
945 2335 1266 2390 universum
1322 2344 1497 2390 autem
1537 2336 1868 2393 tribusJuda
1895 2379 1912 2405 ,
1961 2355 2082 2410 qua:

497 2427 664 2481 totius
687 2429 865 2498 gentis
917 2431 1285 2499 principatum
1311 2432 1572 2486 tenuerit.
1601 2431 1865 2502 Exemplo
1896 2441 2079 2488 autem

496 2519 550 2572 id
577 2521 725 2590 quod
777 2529 909 2575 tunc
941 2521 1148 2577 dictum
1191 2531 1294 2584 est,
1321 2525 1417 2578 tibi
1450 2526 1699 2594 apertius
1729 2526 1981 2596 liquebit.
2011 2525 2081 2582 Ut

496 2612 642 2665 enim
684 2612 740 2667 in
777 2611 1025 2668 Romano
1066 2616 1294 2685 imperio
1319 2615 1658 2685 singularum
1687 2618 1929 2687 gentium
1955 2633 2108 2688 pro--

496 2715 804 2768 curatores,
857 2713 910 2760 et
957 2707 1218 2776 prmsides
1250 2717 1623 2778 praetoresque
1669 2718 1725 2763 et
1770 2719 2080 2764 castrorum

497 2797 761 2864 prrefecti,
806 2805 860 2852 et
899 2801 994 2868 qui
1044 2815 1235 2854 omnes
1269 2801 1536 2870 dignitate
1583 2811 1866 2870 anteeunt,
1899 2821 2076 2874 reges,

497 2901 608 2938 non
634 2888 857 2941 omnino
887 2904 1078 2944 omnes
1106 2889 1172 2943 dc
1203 2890 1318 2958 ipsa
1347 2889 1590 2944 Romana
1625 2891 1756 2947 urbe
1787 2894 2080 2964 capiuntur

497 2993 674 3048 neque
697 2979 763 3034 de
789 2978 942 3034 Remi
975 2981 1089 3036 sive
1113 2981 1328 3036 Romuli
1358 2999 1576 3054 genere,
1607 2985 1702 3040 sed
1731 3002 1796 3042 ex
1826 2987 2080 3044 innume-

497 3071 786 3137 rabilibus,
818 3073 958 3128 alius
1007 3073 1248 3140 aliunde,
1290 3077 1630 3142 nationibus,
1665 3093 1856 3134 omnes
1899 3088 2080 3135 tamen

499 3171 554 3218 et
585 3178 740 3234 reges
779 3171 832 3219 et
865 3166 956 3235 qui
1003 3175 1125 3236 post
1163 3167 1311 3238 ipsos
1355 3169 1600 3224 secundo
1627 3172 1746 3226 loco
1774 3173 2074 3244 principes,

500 3255 868 3327 praesidesque
919 3258 1189 3313 habentur
1223 3299 1238 3323 ,
1290 3257 1668 3316 Romanorum
1719 3264 2079 3334 appellatione

497 3359 778 3416 notantur,
813 3362 866 3406 et
901 3351 1272 3409 Romanorum
1307 3355 1697 3412 denominatur
1760 3357 2074 3429 imperium,

495 3451 550 3496 et
589 3457 706 3495 eam
759 3443 1257 3502 denominationem
1302 3447 1358 3501 in
1385 3450 1702 3504 universum
1735 3464 1926 3506 omnes
1965 3467 2080 3504 ma-

495 3534 758 3604 gistratus
785 3539 1058 3609 attingunt
1093 3557 1107 3606 ;
1136 3540 1215 3595 sic
1237 3543 1400 3596 etiam
1429 3543 1484 3596 in
1519 3542 1684 3597 rebus
1725 3539 2078 3596 Hebraeorum

495 3628 834 3684 constituere
879 3631 1291 3704 intelligereque
1354 3643 1613 3704 oportet,
1657 3641 1923 3704 tanquam
1969 3651 2078 3688 una

495 3719 712 3790 quidem
746 3723 802 3776 in
833 3725 1150 3780 universum
1182 3728 1358 3782 tribus
1381 3727 1542 3792 Juda,
1569 3737 1740 3783 totam
1775 3738 1992 3798 gentem
2011 3727 2079 3783 dc

495 3827 597 3866 suo
623 3815 847 3870 nomine
875 3817 1145 3873 illustrem
1181 3820 1517 3887 reddiderit,
1551 3821 1916 3892 particularcs
1949 3836 2079 3875 vero

495 3905 665 3960 duces
694 3923 758 3961 ac
781 3925 937 3979 reges
972 3927 1038 3965 ex
1071 3913 1306 3966 diversis
1345 3915 1953 3978 cxstiterinttribubus,
1986 3915 2080 3984 qui

496 4003 680 4050 tamen
707 3999 982 4053 communi
1015 4001 1106 4054 illa
1132 3997 1285 4055 Iudae
1307 4003 1671 4072 appellatione
1695 4005 1955 4059 honorem
1984 4017 2078 4057 ac-

497 4089 763 4157 ceperint.
795 4089 913 4144 Non
944 4093 1053 4146 alio
1082 4109 1212 4164 ergo
1250 4109 1413 4164 quam
1453 4095 1519 4149 ad
1543 4103 1716 4150 totam
1757 4096 1960 4150 tribum
1989 4111 2066 4150 re-

497 4181 881 4248 feraturillud,
905 4184 1054 4255 quod
1081 4201 1108 4238 a
1143 4187 1406 4256 propheta
1431 4186 1640 4242 dictum
1681 4197 1766 4244 est
1805 4208 1819 4243 :
1861 4208 1879 4240 ι
1913 4188 2078 4259 Juda,

494 4282 549 4330 te
581 4275 882 4331 laudabunt
923 4277 1122 4332 fratres
1153 4279 1251 4333 tui.
1290 4299 1308 4330 ι
1342 4277 1744 4334 Noveratenim
1773 4281 1922 4335 illam
1951 4289 2078 4337 tan-

498 4383 662 4437 quam
695 4371 1074 4440 przerogativaa
1103 4386 1302 4427 munus
1326 4381 1702 4440 consecutam,
1733 4373 1940 4429 honore
1976 4391 2081 4429 caeo

496 4460 631 4514 teris
658 4461 912 4516 tribubus
938 4479 1063 4518 esse
1093 4465 1555 4534 anteponendam,
1579 4474 1633 4520 et
1654 4467 1912 4536 quoniam
1933 4467 2080 4536 prin-

2183 1960 2386 2026 ἔθνους.
2419 1963 2832 2036 Παραδείγματι
2863 1967 2919 2019 δὲ
2951 1967 3236 2040 καταδὲξῃ
3263 1967 3332 2020 τὸ
3357 1969 3669 2040 εἰρημένον.
3709 1969 3777 2030 Ὠς

2187 2053 2295 2123 γὰρ
2333 2054 2424 2107 ἐπὶ
2439 2054 2536 2124 τῆς
2579 2057 2862 2127 Ῥωμαίων
2895 2060 3068 2130 ἀρχῆς
3101 2062 3154 2112 οἱ
3189 2061 3304 2130 μὲν
3335 2061 3468 2112 κατ’
3503 2059 3652 2122 ἔθνος
3675 2061 3774 2112 ἐπὶ·

2179 2146 2370 2216 τροποί
2409 2164 2468 2199 τε
2503 2149 2596 2200 καὶ
2637 2150 2958 2220 ἡγούμενοι,
2991 2151 3238 2224 ἐπαρχοί
3267 2171 3334 2205 τε
3369 2156 3470 2205 καὶ
3505 2169 3773 2224 στρατοπε-

2179 2235 2372 2309 δάρχαι
2393 2278 2407 2301 ,
2441 2239 2496 2291 οἴ
2537 2257 2596 2292 τε
2633 2242 2846 2295 πάντων
2886 2244 3151 2298 ἀνωτάτω
3183 2243 3484 2315 βασιλεῖς,
3514 2246 3574 2297 ού
3601 2247 3770 2306 πάντες

2182 2333 2244 2383 ἐκ
2278 2331 2383 2384 τῶν
2437 2332 2720 2404 Ῥωμαίων
2765 2335 3038 2407 όρμῶνται
3084 2339 3356 2404 πόλεως,
3399 2339 3524 2391 οὐδε
3571 2339 3670 2392 ἀπὺ
3695 2337 3769 2391 τοῦ

2193 2421 2403 2494 Ῥώμου
2437 2427 2530 2478 καὶ
2568 2426 2844 2498 Ῥωμύλου
2877 2433 3101 2501 σπορᾶς,
3121 2432 3250 2486 ἀλλ’
3281 2435 3351 2486 ἐκ
3371 2434 3608 2505 μυρίων,
3636 2429 3765 2490 ἄλλος

2181 2514 2429 2583 ἄλλοθεν,
2465 2517 2651 2582 ἐθνῶν,
2686 2521 2834 2591 ὅμως
2859 2523 2915 2575 δὲ
2947 2525 2994 2576 οἱ
3030 2525 3244 2589 πάντες
3283 2525 3536 2596 βασιλεῖς
3573 2543 3657 2590 τε,
3690 2523 3763 2576 καὶ

2179 2607 2228 2658 οἱ
2261 2606 2378 2676 μετ’
2405 2608 2600 2668 αὐτοὺς
2615 2608 2874 2681 ἄρχοντες
2903 2613 2995 2664 καὶ
3013 2613 3326 2684 ἡγούμενοι
3351 2614 3465 2668 τῶν
3505 2611 3760 2683 Ῥωμαίων

2179 2696 2574 2768 ἐπιγράφονται
2607 2703 3007 2774 προσηγορίαν,
3057 2705 3372 2776 Ῥωμαίων
3405 2723 3468 2759 τε
3501 2707 3562 2758 τὸ
3591 2705 3761 2774 κράτος

2183 2790 2583 2860 ἐπωνόμασται,
2619 2793 2713 2846 καὶ
2742 2794 2944 2867 ταύτης
2974 2795 3216 2868 ἐξῆπται
3241 2798 3354 2869 τῆς
3399 2797 3704 2867 ἐπωνυμίας
3729 2795 3755 2864 ἡ

2181 2881 2299 2934 καθ’
2339 2883 2618 2955 Ἐϐραίους
2646 2889 2748 2958 χρὴ
2774 2891 2914 2942 νοεῖν
2951 2891 3306 2960 πραγμάτιον
3332 2909 3349 2922 ο
3389 2892 3524 2962 μιᾶς
3559 2889 3649 2960 μὲν
3677 2905 3756 2940 κα-

2182 2968 2337 3022 θόλου
2372 2971 2470 3041 τῆς
2505 2973 2597 3025 τοῦ
2639 2975 2806 3029 Ἰούδα
2845 2976 3018 3048 φυλῆς
3047 2980 3192 3033 κατὰ
3231 2979 3331 3033 τοῦ
3369 2981 3571 3042 παντὸς
3595 2979 3752 3039 ἔθνους

2181 3062 2719 3137 ἐπιπεφημισμὲνης,
2753 3067 2860 3120 τῶν
2886 3069 2943 3121 δὲ
2975 3070 3115 3123 κατὰ
3161 3073 3345 3144 μέρος
3367 3071 3678 3142 ἡγουμένων
3704 3084 3750 3118 τε

2183 3154 2277 3206 καὶ
2307 3152 2568 3222 βασιλέων
2600 3157 2662 3208 ἐκ
2694 3157 2962 3229 διαφόρων
2993 3159 3431 3232 καθισταμένων
3463 3159 3654 3230 φυλῶν,
3673 3175 3751 3210 κα-

2107 3243 2148 3320 _C
2183 3245 2334 3298 θόλου
2375 3247 2432 3299 δέ
2457 3249 2522 3318 τῇ
2557 3248 2649 3300 τοῦ
2695 3248 2863 3302 Ἰούδα
2897 3251 3229 3322 τιμωμένων
3267 3253 3630 3325 προσηγορίᾳ.
3668 3253 3750 3303 Λε-

2181 3337 2363 3405 γέσθω
2388 3339 2566 3392 τοίνυν
2599 3339 2674 3403 ὡς
2708 3341 2842 3411 πρὸς
2873 3343 2972 3414 τὴν
2994 3343 3121 3414 ὅλην
3153 3345 3342 3418 φυλὴν
3375 3346 3484 3398 ὑπὸ
3521 3342 3609 3398 τοῦ
3639 3358 3746 3412 προ-

2183 3431 2351 3500 φήτου
2393 3433 2452 3482 τὸ
2473 3471 2484 3486 .
2525 3451 2542 3482 ι
2595 3431 2780 3496 Ἰούδα,
2819 3434 2877 3486 σὲ
2905 3436 3222 3490 αίνὲσουσιν
3252 3441 3304 3492 οἱ
3333 3437 3556 3506 ἀδελφοί
3592 3453 3692 3488 σου.
3725 3451 3740 3484 ι

2182 3517 2302 3574 Οἷδε
2329 3521 2450 3594 γὰρ»
2469 3523 2658 3595 αὐτὴν,
2690 3523 2785 3576 ἆτε
2839 3528 3138 3596 προνομίας
3161 3529 3510 3601 ἠξιωμένην,
3540 3527 3637 3600 πρὸ
3657 3525 3746 3578 τῶν

2179 3615 2382 3669 λοιπῶν
2409 3617 2587 3686 φυλῶν
2617 3619 2940 3690 τετιμῆσθαι
2965 3637 2979 3650 ·
3015 3621 3106 3673 καὶ
3139 3623 3270 3676 ἐπεὶ
3303 3624 3536 3695 ἐξῆρχεν
3573 3623 3624 3674 ἐν
3655 3636 3744 3670 πο-

2179 3708 2398 3780 λέμοις,
2435 3711 2528 3764 καὶ
2573 3713 2708 3783 μόνη
2745 3713 2837 3764 τοῦ
2879 3714 3076 3776 παντὸς
3108 3713 3298 3779 ἔθνους
3333 3717 3520 3786 ἡγεῖτο
3556 3716 3610 3766 ἐν
3645 3711 3744 3769 ταῖς

2181 3802 2317 3873 πρὸς
2345 3805 2469 3866 τοὺς
2490 3804 2716 3875 ἐχθροὺς
2748 3807 3115 3877 παρατάξεσιν
3137 3848 3150 3872 ,
3194 3809 3433 3870 εἰκότως
3463 3804 3739 3872 ἐπιλέξσεται

2181 3896 2316 3966 πρὸς
2341 3896 2506 3966 αὐτήν
2529 3913 2542 3928 ’
2593 3915 2610 3946 ⁸
2643 3899 2707 3949 Αἰ
2743 3899 2920 3969 χεῖρές
2965 3915 3056 3951 σου
3093 3902 3188 3953 ἐπὶ
3215 3899 3396 3954 νώτου
3425 3899 3533 3952 τῶν
3561 3892 3740 3965 ἐχθρῶν

2182 4004 2296 4039 σου.
2336 4007 2353 4036 ι
2393 3984 2527 4040 Εἶτα
2562 3989 2650 4042 διὰ
2685 3991 2746 4042 τὺ
2785 3993 3008 4062 ἀρχικὸν
3043 3995 3138 4046 καὶ
3181 3991 3470 4064 βασιλικὸν
3517 3989 3733 4054 ἀξίωμα.

2187 4097 2204 4130 ι
2237 4079 2473 4149 σκύμνος
2500 4081 2709 4143 λέοντος
2731 4101 2748 4133 ι
2776 4076 2914 4136 εἶναι
2940 4083 3173 4152 λέγεται.
3208 4083 3612 4156 Σεμνυνόμενος
3646 4077 3692 4130 θλ
3715 4075 3738 4126 ὁ

2181 4176 2480 4247 προπάτωρ
2507 4175 2642 4246 ὁμοῦ
2669 4179 2760 4230 καὶ
2778 4180 3061 4252 προφήτης
3081 4181 3266 4252 ἐπἰτῷ
3287 4182 3392 4252 τῆς
3415 4177 3581 4249 φυλῆς
3600 4169 3736 4237 ἀξιῶ·

2183 4285 2344 4339 ματι,
2380 4269 2701 4341 προστίθησι
2735 4270 2940 4340 λέγων’
2983 4291 3000 4323 ι
3049 4273 3143 4325 Ἐκ
3185 4271 3460 4342 βλαστοῦ,
3501 4267 3579 4322 υἱέ
3619 4281 3732 4336 μου,

2179 4361 2399 4434 ἁνέΰης.
2440 4383 2457 4413 ι
2493 4363 2564 4415 Τὸ
2592 4363 2646 4416 δὲ
2671 4404 2683 4428 ,
2737 4381 2754 4414 ι
2806 4364 3107 4418 Ἀναπεσὼν
3147 4365 3455 4436 ἐκοιμήθης
3491 4361 3562 4422 ὡς
3599 4355 3729 4413 λέων,

2180 4455 2273 4507 καὶ
2308 4453 2382 4517 ὼς
2427 4453 2663 4524 σκύμνος
2700 4453 2938 4519 λέοντος,
2967 4475 2983 4505 ι
3023 4454 3082 4508 τὸ
3111 4455 3319 4526 γαῦρον
3343 4451 3478 4525 όμοῦ
3511 4448 3596 4503 καὶ
3625 4444 3733 4514 eap-

497 4565 628 4620 ceps
658 4552 760 4606 fuit
789 4555 842 4606 in
876 4555 1050 4620 hellis,
1083 4565 1135 4609 et
1165 4558 1279 4610 sola
1301 4559 1356 4610 in
1384 4559 1740 4628 apparatibus
1767 4559 2075 4628 prmliorum

2185 4546 2372 4599 πλέον
2391 4586 2404 4610 ¹
2435 4547 2528 4599 καὶ
2565 4546 2626 4599 τὸ
2657 4547 2764 4600 τῶν
2801 4548 2996 4613 ἔξωθεν
3031 4549 3295 4603 ἐπιόντων
3319 4541 3726 4611 ἀκατάπληκτον.

499 4641 765 4696 adversus
814 4645 1000 4700 hostes
1039 4649 1182 4716 genti
1221 4663 1334 4702 sua:
1375 4650 1646 4704 universa:
1687 4649 1922 4718 praefuit,
1964 4667 2078 4706 me-

495 4733 604 4789 rito
668 4732 924 4804 deinceps
969 4737 1035 4790 ad
1069 4740 1314 4794 eamdem
1367 4741 1500 4794 illud
1556 4757 1772 4810 quoque
1825 4741 2074 4798 dicitur:

503 4841 523 4874 ι
556 4819 751 4878 Manus
785 4833 886 4880 tua:
907 4828 962 4880 in
991 4836 1143 4898 tergo
1175 4831 1517 4886 inimicorum
1543 4841 1783 4888 tuorum.
1829 4854 1846 4886 ι
1875 4833 2080 4892 Deinde

499 4927 720 4990 propter
737 4919 1123 4989 principatum,
1151 4931 1480 4994 prepterque
1507 4925 1706 4995 regiam
1731 4927 2074 4998 dignitatem,

503 5028 524 5064 ι
566 5012 783 5067 catulus
831 5013 1006 5070 leonis
1049 5035 1068 5068 ›
1103 5031 1226 5071 esse
1273 5016 1496 5072 dicitur.
1531 5017 1730 5073 Gloria:
1780 5021 1946 5091 igitur
1973 5023 2076 5076 sibi

497 5105 748 5160 tribuens
777 5105 864 5162 hic
898 5115 1010 5162 tum
1053 5111 1268 5180 generis
1297 5111 1568 5180 princeps,
1606 5121 1720 5166 tum
1757 5116 1918 5168 etiam
1951 5131 2080 5186 pro~

495 5197 658 5270 pheta
689 5199 920 5270 hujusce
949 5203 1124 5256 tribus
1152 5203 1490 5274 dignitatem,
1529 5204 1774 5276 adjungit
1802 5213 1946 5276 quod
1977 5224 2078 5263 se—

497 5293 685 5362 quitur
719 5311 762 5348 :I
801 5293 878 5350 De
908 5296 1174 5366 germine,
1215 5297 1286 5350 lili
1315 5297 1412 5362 mi,
1442 5297 1760 5354 ascendiSti.
1798 5298 1960 5352 lllllld
1985 5314 2078 5352 au-

497 5391 610 5438 tem
645 5402 659 5439 :
696 5401 716 5436 ι
759 5387 1086 5443 recumbens
1121 5387 1428 5444 dormivisti
1457 5399 1514 5444 ut
1549 5391 1653 5457 leo,
1687 5400 1742 5444 et
1775 5398 1833 5444 ut
1863 5391 2074 5447 catulus

498 5474 702 5540 leonis,
741 5496 760 5528 ι
802 5478 1048 5547 ejusdem
1086 5481 1262 5536 tribus
1304 5482 1650 5552 magnificum
1701 5483 1868 5537 animi
1919 5485 2076 5553 ingc-~

497 5569 651 5626 nium
669 5579 722 5624 et
737 5571 1036 5639 conlidens,
1053 5575 1309 5638 ostendit,
1328 5576 1580 5648 quodque
1593 5577 1760 5632 nullis
1804 5578 2076 5633 extrinse-

495 5677 598 5718 cus
649 5663 1029 5736 ingruentibus
1082 5669 1247 5722 rebus
1281 5671 1652 5734 concutiatur,
1685 5677 1740 5724 et
1780 5669 1925 5739 quod
1959 5679 2074 5724 tum

493 5759 830 5830 intrepidum
854 5777 914 5817 se
946 5760 1204 5831 praebeat,
1241 5770 1352 5816 tttm
1382 5763 1716 5832 contemptui
1743 5761 1937 5818 habeat
1967 5761 2072 5814 ini-

494 5855 688 5912 micos.
735 5853 891 5909 Illum
927 5868 1056 5910 vero
1097 5853 1202 5909 hoc
1241 5853 1401 5910 modo
1432 5869 1492 5912 se
1536 5855 1845 5923 habentem,
1877 5870 1938 5908 ac
1975 5870 2072 5926 po-

2181 4641 2241 4694 τό
2277 4657 2332 4693 τε
2367 4641 2565 4711 ἄφοϐον
2612 4642 2706 4694 καὶ
2735 4639 2841 4693 τῶν
2873 4640 3080 4711 ἐχθρῶν
3109 4635 3573 4712 καταφρονητικὸν
3612 4643 3730 4696 παρ-

2183 4733 2377 4804 ίστησι.
2423 4733 2672 4789 Τοιοῦτον
2711 4733 2766 4786 δὲ
2800 4733 2958 4786 αὐτὸν
2985 4734 3145 4798 ὄντα,
3181 4733 3381 4804 μᾶλλον
3413 4729 3468 4783 δὲ
3503 4719 3726 4785 τοιαύτην

2177 4824 2342 4882 οὖσαν
2367 4827 2464 4897 τὴν
2492 4827 2682 4900 φυλὴν,
2716 4845 2734 4878 ι
2762 4829 2858 4892 Τίς
2877 4870 2891 4894 ,
2923 4828 3107 4900 φησὶν,
3147 4827 3442 4896 ἀναστήσει
3469 4837 3482 4886 ;
3527 4837 3543 4870 ι
3581 4813 3725 4886 μέγαν

2180 4919 2298 4972 τινὰ
2345 4921 2440 4973 καὶ
2476 4919 2820 4992 θαυμαστὸν,
2873 4920 3098 4972 σπάνιόν
3140 4937 3198 4972 τε
3251 4919 3345 4970 καὶ
3389 4907 3722 4975 δυσθεώρητον

2178 5013 2394 5066 ἔσεσθαι
2421 5013 2510 5066 τὸν
2541 5013 2798 5086 μέλλοντα
2829 5013 3154 5082 ἀναστήσειν
3175 5009 3269 5063 τοῦ
3299 5007 3505 5080 θρόνου,
3541 4997 3624 5051 καὶ
3653 5005 3726 5059 με’

2177 5107 2466 5177 ταστήσειν
2513 5105 2605 5159 τοῦ
2651 5105 2876 5178 ἀρχικοῦ
2932 5104 3238 5175 ἀξιώματος
3276 5101 3376 5172 τὴν
3426 5089 3720 5178 δηλωθεισίξν

2178 5201 2353 5272 φυλὴν
2385 5201 2750 5272 αἰνιξάμενος.
2795 5199 2890 5263 Τίς
2923 5199 2978 5250 δὲ
3007 5198 3114 5270 ἄρα
3137 5191 3290 5260 οὗτος
3314 5191 3380 5267 ἦν
3401 5233 3414 5256 ,
3449 5185 3565 5254 ἑξῆς
3596 5176 3716 5250 ἦμᾶῖ

2178 5294 2430 5366 ἐφίστησι
2453 5334 2468 5358 ,
2501 5293 2687 5346 τοῦτον
2717 5287 2854 5344 εἷναι
2878 5291 3145 5344 διδάσκων
3177 5290 3268 5342 τὸν
3303 5283 3557 5359 μέλλοντα
3579 5280 3717 5340 εἷρπ’

2176 5387 2358 5441 δοκίαν
2403 5385 2618 5440 ἔσεσθαι
2660 5384 2766 5439 τῶν
2805 5383 3006 5446 ἐθνῶν,
3033 5383 3090 5447 ὃς
3122 5383 3182 5436 ού
3223 5381 3478 5454 πρότερον
3508 5367 3708 5454 Nvt“:

2179 5484 2302 5536 σθαι
2341 5483 2400 5534 ἐν
2447 5479 2783 5551 ἀνθρώποις,
2816 5477 2848 5550 ἦ
2882 5475 3153 5531 ἐκλείπειν
3182 5475 3432 5547 ἄρχοντα,
3462 5461 3550 5564 Xa}
3577 5457 3711 5564 ’δγῗξς

2180 5593 2338 5648 μενον
2393 5571 2931 5646 μετασταθήσεσθαι,
2984 5570 3079 5624 καὶ
3132 5553 3704 5677 ἀπαναστήσεσθξῐξῖτξξ

2285 5669 2308 5677 -
2435 5667 2444 5677 .
2605 5667 2630 5677 ι.
2689 5666 2724 5677 ι.
2775 5665 2822 5677 ι-
2977 5663 3023 5677 ει
3329 5656 3488 5677 μ’--.η
3611 5652 3682 5677 :u

2177 5638 2351 5743 ἆρκῆς
2539 5667 2632 5720 τοῦ
2689 5638 2859 5719 Ἰούδα
2903 5663 3072 5735 φυλὴν
3107 5656 3511 5743 προφητεύεταξέ.

2174 5719 2348 5824 “alito:
2377 5719 2521 5830 ἦνιῆ
2574 5759 2602 5811 ὁ
2655 5759 2844 5830 Σωτὴρ
2888 5719 2981 5811 καὶ
3031 5719 3238 5824 Ἰίύριος
3281 5745 3430 5840 ἡμῶν
3473 5719 3698 5840 Ἰηςοξὶξ

2175 5827 2442 5927 Χριστόέῖ
2485 5827 2546 5906 ὦ
2585 5853 2676 5908 ἐπὶ
2715 5827 2824 5922 τῆζ-
2851 5849 3116 5922 γενέσεως
3138 5886 3152 5914 ,
3183 5838 3478 5900 ἀκολούθως
3506 5827 3562 5896 τῇ
3589 5827 3697 5886 πῖθ’
