3928 6504
607 410 712 467 587

1246 418 1513 476 EL’SEBII
1551 419 2029 481 CAESARIENSIS
2079 421 2231 481 OPP.
2272 422 2455 481 PARS
2500 421 2567 480 il.
2609 454 2680 467 -—
2717 422 3226 483 APOLOGETICA.

3781 427 3870 485 588

608 533 743 588 tium
778 547 809 589 a
848 534 960 593 Deo
1006 538 1366 598 vocationem.
1411 542 1609 599 Eodem
1657 545 1800 601 enim
1848 554 2089 618 tempore
2131 564 2158 603 e

2285 549 2467 612 αὐτοῖς
2508 548 2751 619 ἀπαντᾷν
2796 546 3046 618 ἔμελλενς
3094 544 3365 617 ἔκλειψις
3415 546 3523 617 μὲν
3577 546 3676 618 τῆς
3720 549 3868 622 ἀρχῆς

606 628 818 683 externi
852 627 1053 686 Iudaeis
1082 631 1441 702 imperabant,
1464 642 1518 690 et
1538 634 1813 693 Christum
1838 638 1955 703 Dei,
1975 638 2042 695 de
2067 654 2175 709 quo

608 719 1316 790 prophetatlocutil‘uerant,
1339 727 1548 782 externi
1567 730 1634 783 ab
1662 728 1898 786 Orientis
1926 732 2175 802 partibus

604 809 860 880 profecti,
883 820 937 869 et
964 823 1354 886 cognoverunt,
1372 823 1427 871 et
1452 816 1832 875 adoraverunt.
1856 821 1996 891 Ergo
2018 822 2174 891 plane

602 901 660 957 in
703 902 790 958 bis
818 902 978 959 ﬁnem
1008 921 1167 961 suum
1193 907 1512 977 contingens
1545 908 1828 980 prophetia
1864 910 2053 977 Iacob,
2078 928 2174 984 ap-

604 1002 760 1066 paret
801 997 1254 1067 quemadmodum
1299 1001 1563 1070 completa
1599 1003 1691 1069 sit,
1716 1018 1841 1057 cum
1891 1004 1957 1059 ad
1995 1013 2175 1061 extre-

602 1101 752 1141 mum
796 1088 880 1144 sui
926 1096 1101 1145 status
1130 1087 1357 1147 Iudaica
1407 1107 1539 1163 gens
1580 1094 1837 1159 venisset,
1867 1096 2009 1151 sicut
2056 1097 2171 1167 ipse

602 1196 824 1252 quoque
850 1181 917 1236 ad
950 1197 1081 1237 suos
1117 1182 1257 1239 ﬁlios
1288 1183 1487 1239 cecinit
1519 1200 1642 1239 cum
1665 1186 1832 1242 dixit:
1871 1206 1891 1237 ι
1929 1188 2171 1261 Congre-

603 1274 809 1342 gamini
832 1283 890 1328 ut
908 1274 1226 1329 annuntiem
1253 1274 1428 1332 vobis.
1455 1275 1583 1346 quid
1612 1284 1931 1333 eventurum
1968 1281 2040 1335 sit
2070 1297 2169 1335 vo-

600 1364 688 1421 bis
721 1365 778 1420 in
803 1373 1045 1421 extremo
1074 1366 1305 1422 dierum.
1345 1385 1363 1419 ι
1391 1365 1501 1423 Nos
1529 1368 1673 1422 enim
1709 1376 1979 1427 extremos
2009 1371 2170 1426 intel-

600 1455 822 1527 iigimus
870 1457 1010 1520 dies.
1063 1466 1303 1513 extrema
1333 1468 1508 1514 status
1556 1458 1796 1517 Iudaica:
1838 1463 2171 1547 genti§tem-

600 1562 753 1618 pora.
808 1547 1098 1614 Cazterum,
1154 1549 1283 1621 quid
1313 1550 1529 1605 tandem
1566 1553 1642 1606 illi
1675 1561 1993 1609 eventurum
2029 1555 2170 1611 fuit?

599 1637 803 1710 Nempe
843 1639 1086 1697 defectus
1133 1641 1357 1697 honoris
1399 1641 1571 1711 Iudae,
1632 1652 1686 1700 et
1737 1646 2001 1702 universae
2050 1649 2168 1718 ejus

600 1734 779 1802 gentis
811 1734 1063 1801 sublatio,
1094 1736 1249 1805 quies
1268 1743 1322 1788 et
1344 1735 1656 1791 terminatio
1683 1736 1881 1792 ducum
1898 1739 2165 1808 ejusdem,

600 1822 965 1895 tribusipsius
978 1825 1315 1895 principatus
1337 1866 1352 1892 ,
1382 1826 1651 1898 regiaeque
1679 1828 1962 1901 dignitatis
2003 1830 2168 1886 dissi-

2287 635 2484 699 Ἰούδα,
2538 635 2631 688 καὶ
2668 633 2763 689 τοῦ
2813 636 3014 700 παντὸς
3054 635 3255 699 ἔθνους
3312 635 3511 687 αὐτῶν
3559 636 3864 710 καθαίρεσις,

2275 729 2456 784 παῦλὰ
2486 745 2545 783 τε
2574 729 2669 783 καὶ
2707 727 2859 799 λῆξις
2896 727 3007 781 τῶν
3046 726 3395 798 ἡγουμένων
3432 726 3642 788 αὐτῶν,
3675 730 3762 782 καὶ
3783 730 3865 800 τῆς

2274 822 2446 894 φυλῆς
2488 821 2651 877 αὐτοῦ
2683 821 2777 875 τοῦ
2820 820 3096 892 βασιλικοῦ
3135 820 3244 886 καὶ
3290 818 3543 891 ἀρχικοῦ
3585 819 3865 891 ἀξιώματος

2274 915 2585 979 κατάλυσις,
2631 913 2865 986 Χριστοῦ
2919 912 2976 965 δὲ
3022 912 3164 984 ἀρχὴ
3219 911 3330 964 καὶ
3383 910 3662 981 βασιλεία,
3690 914 3747 966 ού
3782 914 3859 969 τοῦ

2285 1002 2518 1076 Ἰσραὴλ,
2545 1002 2682 1056 ἀλλὰ
2708 1001 2816 1055 τῶν
2848 1000 3017 1055 ἐθνῶν
3042 1001 3318 1055 ἁπάντων
3335 1001 3622 1072 ἄρχουσα,
3647 1003 3776 1056 κατὰ
3792 1004 3858 1059 τά

2279 1094 2416 1147 «Καὶ
2442 1094 2603 1157 αὐτὸς
2631 1091 2921 1166 προσδοκία
2950 1090 3139 1145 ἐθνῶν.
3173 1110 3195 1143 ι
3254 1092 3365 1155 Τίς
3407 1092 3457 1144 δ’
3480 1092 3584 1145 ούκ
3610 1092 3674 1147 ἂν
3695 1095 3855 1164 ὁμολο-

2272 1187 2456 1257 γήσειε
2516 1184 2687 1238 ταῦτα
2743 1183 2885 1237 οὓτω
2939 1182 3127 1247 σαφῶς
3181 1182 3289 1235 ἐπὶ
3361 1185 3434 1255 τῇ
3490 1182 3589 1236 τοῦ
3639 1184 3855 1255 Σωτῆρος

2270 1275 2426 1346 ἡμῶν
2468 1274 2757 1346 ἐπιφανείᾳ
2808 1272 3248 1345 πεπληρῶσθαι;
3307 1274 3407 1326 ὅτε
3459 1274 3513 1327 οἰ
3564 1273 3723 1328 πάλαι
3765 1277 3849 1346 πρὸ

2270 1368 2369 1438 τῆς
2410 1368 2504 1421 τοῦ
2537 1367 2771 1440 Χριστοῦ
2819 1368 3083 1438 γενέσεως
3113 1368 3204 1420 ἐπ’
3240 1366 3489 1430 οἰκείοις
3522 1367 3741 1440 ἄρχουσι
3776 1371 3851 1422 καὶ

2269 1460 2618 1532 ἡγουμένοις,
2665 1461 2760 1513 καί
2801 1462 3038 1521 quva-:ch
3067 1458 3174 1511 τῶν
3208 1457 3390 1512 θείων
3436 1459 3847 1531 ἀναγνωσμάτων

2269 1552 2583 1625 ἀκροαταῖς,
2631 1552 2905 1623 βασιλεῦσί
2949 1569 3010 1604 τε
3064 1550 3215 1615 ἰδίοις
3263 1551 3369 1605 καί
3417 1551 3734 1625 ἀρχιερεῦσι
3769 1555 3844 1606 καὶ

2270 1646 2573 1717 προφήταις
2626 1644 3096 1717 λαμπρυνόμενοι,
3159 1644 3314 1715 αὐτή
3386 1661 3451 1696 τε
3504 1645 3539 1714 ή
3579 1642 3672 1696 τοῦ
3706 1643 3842 1697 Ἰούδα

2270 1734 2409 1807 φυλὴ
2438 1735 2686 1808 βασιλικὴ
2728 1731 2883 1800 οὖσα,
2912 1734 3019 1788 τῶν
3052 1733 3274 1806 ἐχθρῶν
3309 1735 3413 1789 καὶ
3450 1732 3718 1804 πολεμίων
3745 1735 3837 1786 ἐπι-

2270 1827 2571 1898 κρατοῦσα,
2618 1825 2963 1899 κατάρχουσά
2991 1842 3050 1879 τε
3078 1825 3172 1880 καὶ
3207 1825 3510 1898 ἡγουμένη
3542 1824 3635 1878 τοῦ
3678 1826 3837 1886 παντὸς

502 1984 505 1993 η
602 1916 770 1987 patio,
811 1915 1014 1971 Christi
1049 1918 1334 1988 imperium
1394 1925 1447 1975 et
1471 1935 1721 1990 regnum,
1768 1938 1877 1978 non
1908 1923 2053 1993 quod
2110 1924 2158 1978 in

2266 1921 2471 1986 ἔθνους,
2502 1920 2557 1974 οἰ
2584 1937 2643 1973 τε
2673 1920 2731 1973 ἐν
2764 1919 2946 1984 αὐτοῖς
2978 1918 3145 1974 πάλαι
3169 1917 3613 1990 διαπρέποντες,
3637 1917 3693 1983 ἐξ
3721 1917 3831 1971 ἐκεῖ·

600 2006 786 2077 lsrael,
820 2008 915 2066 sed
948 2009 1091 2081 quod
1120 2012 1175 2064 in
1207 2011 1462 2068 omnibus
1490 2012 1741 2083 gentibus
1771 2012 2162 2085 dominaretur,

595 2100 753 2172 juxta
779 2101 948 2156 illud:
1004 2120 1023 2153 ι
1055 2101 1121 2157 Ει
1168 2103 1287 2174 ipse
1336 2105 1669 2175 exspectatio
1698 2106 1959 2177 gentium.
2002 2127 2020 2160 ι
2058 2107 2164 2164 Sed

546 2212 551 2217 ο
600 2193 725 2264 quis
781 2208 887 2249 non
922 2193 1081 2265 plane
1131 2193 1386 2261 fateatur,
1413 2196 1595 2251 omnia
1621 2196 1738 2252 haec
1773 2198 1826 2252 in
1860 2197 2165 2256 Salvatoris

601 2286 775 2341 nostri
801 2286 1037 2342 adventu
1068 2288 1336 2359 completa
1361 2289 1519 2344 esse?
1573 2287 1852 2361 Siquidem
1911 2294 2006 2363 qui
2041 2301 2164 2350 ante

598 2378 803 2435 Christi
855 2387 1035 2435 ortum
1065 2377 1378 2435 domesticis
1427 2380 1763 2451 principibus
1802 2396 1866 2437 ac
1911 2382 2163 2451 ducibus,

586 2479 651 2526 'et
678 2469 969 2527 solertibus
992 2470 1297 2525 divinarum
1330 2471 1623 2526 lectionum
1655 2471 2019 2538 auditoribus,
2048 2476 2164 2531 suis

596 2565 725 2618 item
759 2563 996 2634 propriis
1038 2563 1259 2634 regibus
1300 2570 1355 2618 et
1397 2562 1750 2633 pontificibus
1796 2573 1851 2621 et
1884 2568 2165 2637 prophetis

596 2654 989 2726 gloriabantur,
1026 2670 1255 2725 quaeque
1302 2655 1431 2709 olim
1463 2656 1660 2726 regalis
1693 2672 1817 2711 cum
1846 2667 2010 2723 esset,
2047 2668 2163 2715 tum

596 2761 726 2803 suos
751 2746 938 2803 hostes
970 2754 1131 2816 atque
1155 2746 1405 2803 inimicos
1432 2748 1742 2819 superabat,
1767 2757 1880 2804 tum
1899 2766 2011 2806 suae
2032 2767 2165 2821 gen-

595 2839 664 2894 tis
723 2839 990 2894 universae
1042 2839 1295 2910 princeps
1344 2849 1400 2895 et
1460 2841 1567 2895 dux
1618 2841 1935 2907 exsistebat,
1990 2844 2163 2899 tribus

592 2928 753 2984 Iuda.
774 2927 1077 2995 Postremo,
1104 2931 1413 3002 quicunque
1446 2932 1586 2987 inter
1608 2932 1731 2987 illos
1760 2933 2034 3003 quondam
2067 2951 2164 2990 ex-

595 3019 882 3085 cellebant,
909 3036 975 3077 ex
1008 3021 1101 3077 illo
1131 3022 1197 3076 ad
1242 3021 1389 3077 hunc
1414 3039 1588 3094 usque
1618 3023 1760 3078 diem
1789 3023 2163 3081 Romanistri-

595 3110 791 3165 butarii
825 3108 977 3169 facti.
1006 3119 1196 3181 parent
1223 3127 1289 3167 ac
1318 3115 1580 3170 serviunt.
1609 3113 1776 3171 Plane
1817 3116 1961 3171 enim
2002 3116 2162 3171 Chri-

594 3210 714 3258 stus
739 3200 833 3258 Dei
857 3201 1145 3258 videndum
1189 3220 1249 3261 se
1282 3206 1531 3277 praebuit.
1573 3207 1749 3279 Atque
1794 3223 1860 3263 ex
1891 3209 2005 3275 illo,
2041 3226 2161 3281 quae

590 3291 874 3347 dicebatur
922 3294 1257 3365 exspectatio
1314 3298 1576 3366 gentium,
1612 3300 1867 3355 omnibus
1905 3303 2156 3373 gentibus

591 3383 769 3453 palam
800 3385 1049 3440 nuntiata
1092 3394 1196 3443 est.
1222 3396 1329 3443 Aut
1359 3386 1505 3444 dicat
1549 3392 1679 3446 mihi
1706 3392 1925 3462 aliquis,
1974 3403 2156 3449 utrum

592 3475 650 3530 in
683 3475 917 3532 adventu
938 3476 1069 3534 Iesu
1095 3477 1391 3536 Salvatoris
1412 3483 1585 3539 nostri
1610 3525 1625 3548 ,
1655 3500 1992 3557 quaecunque
2014 3488 2157 3557 apud

592 3565 849 3624 Hebraeos
901 3570 1242 3641 majestatem
1303 3574 1537 3645 aliquam
1592 3574 1885 3642 haberent,
1942 3593 2155 3633 necnon

588 3667 762 3715 mater
794 3660 1034 3731 ipsorum
1068 3662 1263 3719 civitas
1296 3680 1404 3719 una
1433 3681 1556 3720 cum
1594 3669 1814 3739 templo,
1845 3677 1987 3724 eteo
2011 3670 2156 3739 quod

588 3752 644 3808 in
674 3756 877 3825 templo
904 3756 1284 3812 celebrabatur
1319 3760 1588 3815 sacrilicio
1607 3803 1621 3828 ,
1654 3776 1887 3832 cumque
1904 3762 2157 3817 domesti-

586 3844 667 3899 cis
696 3844 927 3902 ducibus
959 3861 1023 3902 ac
1056 3848 1391 3919 principibus
1422 3864 1530 3903 non
1552 3849 1870 3913 defecerint,
1900 3859 1954 3906 et
1972 3861 2153 3907 utrum

586 3949 706 4010 quae
733 3935 790 3991 in
818 3952 913 4007 spe
940 3938 1118 4008 posita
1161 3946 1339 4004 erant,
1392 3940 1745 4010 gentiumque
1784 3957 1905 4011 qua:
1947 3943 2002 3997 in
2039 3949 2154 3998 toto

586 4029 717 4084 orbe
774 4037 983 4095 essent,
1028 4032 1400 4102 exspectatio,
1445 4046 1512 4086 ex
1561 4031 1655 4086 illo
1689 4039 1931 4103 tempore
1988 4050 2154 4105 appa-

587 4118 814 4183 ruerint,
875 4120 1093 4189 quaudo
1153 4118 1320 4174 etiam
1343 4134 1430 4184 ea,
1471 4134 1591 4190 quae
1646 4118 1875 4177 Domino
1916 4122 2151 4192 reposita

583 4213 761 4274 erant,
786 4216 1071 4264 venerunt.
1102 4208 1208 4263 Sed
1225 4223 1345 4281 qua:
1359 4207 1576 4264 tandem
1599 4207 1716 4264 haec
1738 4209 1980 4266 habenda
2000 4221 2149 4274 sunt,

560 4297 688 4357 .nisi
717 4313 779 4354 ea
808 4314 929 4369 quae
954 4299 1194 4355 continet
1215 4300 1496 4356 oraculum
1531 4300 1703 4356 illud?
1723 4318 1742 4353 ι
1769 4299 1930 4366 Iuda,
1955 4309 2009 4357 te
2036 4302 2153 4357 lau-

584 4389 789 4445 dabunt
816 4389 1013 4447 fratres
1043 4391 1142 4452 tui.
1179 4407 1373 4449 manus
1403 4399 1510 4448 tua:
1543 4393 1597 4448 in
1615 4400 1768 4462 tergo
1801 4393 2151 4449 inimicorum

584 4490 825 4543 tuorum,
881 4482 1093 4536 catulus
1146 4481 1323 4538 leonis
1368 4481 1531 4547 Iuda,
1565 4481 1631 4538 de
1657 4484 1920 4554 germine,
1950 4483 2024 4539 (ili
2054 4487 2148 4551 mi,

580 4572 902 4637 ascendisti,
932 4574 1255 4630 recumbens
1280 4574 1586 4630 dormivisti
1625 4581 1685 4628 ut
1732 4575 1835 4639 leo,
1884 4583 1939 4631 et
1970 4583 2025 4630 ut
2056 4591 2149 4631 ca-

583 4664 731 4719 tulus
761 4660 967 4729 leonis,’
983 4664 1108 4734 quis
1135 4666 1393 4721 excitabit
1415 4668 1579 4723 eum?
1605 4687 1623 4719 ι
1650 4668 1815 4740 376
1848 4669 1972 4725 Haec
2001 4671 2147 4726 enim

581 4753 689 4807 alio
708 4767 871 4809 sensu
899 4768 962 4808 ea
988 4763 1138 4818 sunt,
1172 4772 1293 4825 qua:
1323 4757 1399 4811 illi
1422 4758 1662 4828 reposita
1691 4769 1867 4827 erant,
1890 4778 2009 4833 quae
2032 4762 2148 4833 ipsa

582 4857 799 4912 quoque
844 4844 957 4913 jam
992 4850 1207 4913 tempus
1246 4853 1330 4900 est
1368 4854 1427 4900 ut
1465 4850 1917 4920 contemplemur,
1953 4852 1999 4907 si
2043 4853 2148 4908 hoc

583 4935 817 5005 primum
847 4934 1238 4992 attenderimus
1270 4936 1576 5009 diligenter,
1607 4942 1777 4997 variis
1808 4942 2146 5012 diversisque

578 5026 859 5082 Christum
906 5026 1218 5084 nominibus
1246 5028 1430 5084 divina
1459 5032 1681 5086 oracula
1711 5034 1982 5104 appellare
2008 5049 2143 5088 con.-

577 5119 845 5176 suevisse.
882 5117 1018 5173 Nam
1062 5119 1224 5175 modo
1258 5119 1408 5175 illum
1448 5132 1647 5178 vocant
1672 5122 1838 5179 Iacob
1874 5144 1887 5181 :
1924 5143 1942 5176 ι
1977 5123 2145 5181 Iacob

578 5225 714 5284 puer
762 5227 937 5275 meus,
985 5210 1281 5283 suscipiam
1326 5228 1471 5278 eum,
1517 5213 1682 5271 Israel
1733 5216 1940 5272 electus
1969 5231 2142 5281 meus,

576 5303 821 5373 suscepit
855 5318 978 5358 eum
1021 5302 1204 5358 anima
1255 5318 1399 5369 mea,
1419 5305 1686 5375 judicium
1719 5308 1973 5378 gentibus
2015 5323 2143 5379 pro-

578 5392 797 5457 feret“,
835 5414 854 5445 ι
887 5402 942 5450 et
973 5410 1094 5466 quae
1138 5403 1463 5466 sequuntur;
1494 5399 1693 5469 quibus
1738 5399 1805 5453 ad
1843 5408 2141 5455 extremum

579 5482 712 5538 illud
746 5483 963 5540 additur
994 5504 1006 5539 :
1046 5503 1064 5537 ι
1104 5486 1284 5543 Donec
1326 5498 1491 5559 ponat
1520 5489 1573 5543 in
1603 5498 1744 5545 terra
1764 5490 2054 5560 judicium,
2076 5478 2144 5545 iet

577 5569 636 5625 in
668 5572 886 5627 nomine
904 5573 1024 5643 ejus
1041 5584 1229 5644 gentes
1247 5577 1627 5646 sperabunt“;
1650 5598 1667 5630 ι
1703 5578 1864 5633 modo
1891 5579 2141 5635 eumdem

576 5659 921 5720 Salomonem
964 5674 1019 5720 et
1058 5665 1229 5722 David
1274 5670 1589 5734 nominant,
1625 5669 1968 5727 Salomonem
2018 5672 2143 5743 qui-

622 5866 690 5957 f5
726 5866 831 5924 lsa.
862 5882 1008 5934 χιιι,
1047 5868 1097 5925 1,
1174 5869 1218 5899 ⁸⁸
1255 5868 1386 5924 ibid.
1422 5872 1473 5923 4.

2184 3257 2226 3317 C

2267 2029 2359 2067 νου
2389 2013 2483 2065 καὶ
2506 2012 2587 2076 εἰς
2612 2010 2771 2083 δεῦρο
2792 2010 3081 2080 Ῥωμαίοις
3110 2008 3413 2072 ὑποτελεῖς
3446 2007 3829 2079 καθεστήκασιν.

2279 2102 2551 2172 Ἐπεφάνη
2596 2100 2705 2173 γὰρ
2745 2100 2931 2170 σαφῶς
2977 2102 3006 2154 ὁ
3034 2101 3280 2179 Χριστὸς
3328 2098 3432 2153 τοῦ
3477 2098 3636 2162 Θεοῦ,
3678 2096 3756 2151 καὶ
3782 2096 3826 2160 ἐξ

2266 2196 2474 2249 ἐκείνου
2512 2198 2546 2265 ἠ
2570 2193 2835 2265 λεγομένη
2883 2192 3177 2265 προσδοκία
3208 2192 3332 2247 τῶν
3369 2190 3548 2246 ἐθνῶν
3578 2192 3656 2255 εἰς
3686 2190 3825 2243 πάντα

2265 2287 2332 2339 τὰ
2364 2285 2490 2356 ἔθνη
2523 2287 2979 2358 ἁνακεκήρυκται.
3023 2285 3095 2338 Ἥ
3121 2284 3344 2353 λεγέτω
3386 2301 3497 2349 τις,
3528 2285 3577 2337 εἰ
3612 2282 3681 2354 μή
3712 2280 3823 2335 κατὰ

2265 2376 2362 2448 τὴν
2401 2377 2722 2448 ἐπιφάνειαν
2759 2374 2933 2448 Ἰησοῦ
2974 2373 3069 2428 τοῦ
3110 2376 3379 2447 Σωτῆρος
3430 2374 3609 2448 ήμῶν,
3647 2372 3709 2426 τὰ
3746 2370 3821 2442 μὲν

2266 2467 2417 2541 παρὰ
2455 2469 2725 2533 Ἰουδαίοις
2760 2466 2952 2539 σεμνὰ,
2985 2467 3020 2537 ἥ
3050 2483 3108 2520 τε
3136 2467 3492 2540 μητρόπολις
3538 2464 3702 2520 αὐτῶν
3727 2464 3815 2534 ἅμα

2265 2559 2342 2630 τῷ
2384 2558 2542 2632 ἱερῷ,
2578 2561 2673 2614 καὶ
2714 2562 2779 2630 τῇ
2814 2561 2872 2612 ἐν
2909 2557 3083 2628 τούτῳ
3122 2558 3541 2629 συντελουμένῃ
3587 2555 3811 2625 ἁγιστείι,

2264 2652 2404 2723 μετὰ
2444 2653 2539 2706 καὶ
2575 2651 2683 2705 τῶν
2714 2650 2929 2705 οἰκείων
2971 2650 3301 2722 ἡγουμένων
3346 2667 3407 2703 τε
3443 2650 3538 2703 καὶ
3583 2647 3810 2719 ἀρχόντων

2263 2743 2627 2797 διαλέλοιπενο
2685 2741 3052 2797 ἀναδέδεικται
3118 2742 3175 2796 δὲ
3243 2740 3310 2807 ἐξ
3381 2741 3592 2795 ἐκείνου
3639 2737 3700 2792 τὰ
3736 2736 3808 2803 τῆς

2265 2834 2494 2901 ἐλπίδος,
2526 2836 2619 2888 καὶ
2649 2834 2945 2906 προσδοκία
2969 2835 3074 2888 τῶν
3107 2833 3284 2888 ἐθνῶν
3316 2833 3432 2887 τῶν
3460 2831 3579 2886 καθ’
3604 2830 3715 2901 ὅλης
3731 2828 3804 2894 τῆς

2263 2926 2618 2997 οἰκουμένης,
2674 2927 2765 2980 ὅτε
2828 2928 2923 2980 καὶ
2972 2925 3199 2997 ἐλήλυθε
3266 2924 3341 2979 τὰ
3392 2923 3711 2993 ἀποκείμενα
3746 2916 3802 2986 τῷ

2264 3017 2471 3088 Κυρίῳ.
2497 3018 2630 3071 Τίνα
2655 3017 2711 3071 δὲ
2745 3017 2777 3089 ἢ
2816 3017 2885 3071 τὰ
2924 3017 3230 3089 δηλούμενα
3259 3017 3355 3070 διὰ
3384 3014 3503 3070 τοῦ’
3534 3033 3553 3063 ι
3575 3012 3733 3072 Ἰούδα,
3756 3008 3797 3060 σὲ

2263 3108 2562 3163 αἰνέσουσιν
2589 3110 2637 3162 οἰ
2667 3108 2885 3177 ἀδελφοί
2927 3125 3052 3172 σου,
3094 3110 3151 3161 αἰ
3179 3108 3373 3180 χεῖρές
3408 3122 3500 3160 σου
3553 3103 3637 3156 ἐπὶ
3666 3099 3794 3153 νώτου

2262 3198 2371 3254 τῶν
2390 3199 2597 3271 ἐχθρῶν
2621 3214 2734 3255 σου.
2759 3199 3002 3270 Σκύμνος
3024 3200 3241 3264 λέοντος
3266 3198 3463 3263 Ἰούδα,
3505 3198 3567 3250 ἐκ
3589 3187 3791 3265 βλαστοῦ.

2260 3280 2343 3345 υἷέ
2402 3304 2524 3357 μου,
2564 3291 2779 3363 ἀνέὸης.
2828 3290 3139 3346 Ἀναπεσὼν
3203 3288 3514 3362 ἐκοιμήθης
3555 3285 3625 3348 ὡς
3670 3280 3790 3339 λέων,

2257 3382 2349 3436 καί⁵
2379 3380 2455 3447 ὡς
2487 3380 2724 3452 σκύμνος
2766 3381 2996 3447 λέοντος.
3026 3383 3122 3448 Τίς
3158 3384 3353 3455 ἐγερεῖ
3382 3379 3572 3443 αύτόν;
3597 3396 3615 3429 ι
3647 3371 3789 3427 Ταῦτα

2255 3473 2362 3546 γὰρ
2410 3473 2531 3530 καθ’
2565 3474 2757 3547 ἑτέραν
2813 3474 3051 3529 διάνοιαν
3092 3474 3163 3528 τὰ
3208 3473 3367 3545 αὐτῷ
3408 3458 3784 3538 ἀποκείμενα³θ

2256 3569 2349 3622 καλ⁸
2375 3568 2536 3636 αὐτὰ,
2568 3569 2723 3640 φέρε,
2752 3571 3198 3640 κατανοήσωμεν,
3251 3566 3477 3640 πρῶτον
3504 3559 3663 3628 τούτῳ
3696 3556 3785 3606 ἐπι-

2257 3664 2570 3735 στήσαντες,
2605 3663 2681 3727 ὼς
2721 3663 2994 3734 διαφόροις
3013 3662 3103 3715 τὸν
3134 3662 3376 3733 Χριστὸν
3414 3658 3628 3727 ὀνόμασι
3652 3660 3780 3719 προσο

2254 3755 2534 3823 αγορεύειν
2576 3750 2830 3805 εἰώθασιν
2867 3753 2916 3804 οἰ
2975 3752 3105 3805 θεῖοι
3140 3748 3408 3821 χρησμοί.
3442 3745 3569 3801 Τοτὲ
3600 3740 3682 3812 μὲν
3699 3734 3780 3803 γὰρ

2254 3845 2414 3898 αὑτὸν
2445 3844 2700 3897 καλοῦσιν
2740 3843 2953 3897 Ἰακώϐ·
2999 3863 3017 3896 ι
3041 3841 3239 3897 Ἰακὼϐ
3284 3845 3315 3897 ὸ
3356 3843 3482 3903 παῖς
3525 3852 3635 3907 μου,
3661 3832 3774 3884 ἀντι-

2253 3935 2491 4007 λήψομαι
2524 3935 2710 4000 αὐτοῦ,
2740 3935 2956 4009 Ἰσραὴλ
2986 3938 3014 3989 ὁ
3040 3934 3299 3999 ἐκλεκτός
3324 3951 3451 4005 μου,
3477 3920 3775 4001 προσεδέξατο

2252 4027 2410 4080 αὐτὸν
2450 4029 2482 4098 ή
2517 4027 2661 4098 ψυχή
2714 4044 2835 4098 μου·
2889 4028 3068 4097 κρίσιν
3120 4031 3236 4091 τοῖς
3293 4026 3500 4081 ἔθνεσιν
3549 4017 3765 4109 ἐξοίσειν.)

2253 4118 2345 4170 καὶ
2360 4117 2427 4171 τὰ
2455 4117 2601 4187 ἑξῆς·
2624 4112 2706 4181 οἷς
2738 4117 3024 4189 ἐπείρηται
3042 4136 3056 4149 ’
3087 4136 3105 4169 ι
3138 4118 3287 4181 Ἕως
3312 4116 3379 4171 ἂν
3404 4114 3468 4186 θῇ
3494 4111 3578 4165 ixi.
3591 4107 3675 4175 τῆς
3693 4107 3768 4169 γῆς

2250 4211 2450 4283 κρίσιν,
2486 4212 2579 4265 καὶ
2612 4213 2705 4265 ἐπὶ
2733 4210 2811 4282 τῷ
2844 4212 3064 4281 ὀνόματι
3112 4211 3282 4265 αὑτοῦ
3332 4209 3457 4279 ἔθνη
3487 4196 3724 4256 ἐλπιοῦσιο
3744 4209 3759 4240 ι

2249 4304 2369 4356 τοτέ
2404 4304 2461 4357 δὲ
2497 4304 2659 4358 αὐτὸν
2686 4304 2975 4375 Σολομῶνα
3011 4303 3102 4356 καὶ
3130 4304 3299 4357 Δαϐὶδ
3346 4296 3673 4371 ὀνομάζουσι·
3695 4283 3763 4375 Σὲ-

2250 4394 2465 4465 λομῶνα
2496 4396 2615 4465 μὲν,
2648 4395 2724 4459 ὡς
2763 4372 2927 4450 ἐνόαν
2961 4394 3181 4466 ψαλμῷ,
3223 4384 3659 4463 ἐπιγεγραμμένῳ

2251 4490 2354 4552 Εἰς
2374 4487 2713 4555 Σολομῶνα,
2745 4488 2997 4557 σαφῶςδέ
3025 4487 3094 4541 τὰ
3124 4487 3255 4559 περὶ
3280 4486 3375 4540 τοῦ
3406 4473 3621 4553 Χριστοῦ
3646 4480 3758 4559 ﬁt?"

2250 4576 2425 4646 έχοντι
2444 4594 2457 4606 ⁸
2503 4553 2564 4629 ’έδ
2594 4576 2725 4649 γὰρ,
2753 4598 2770 4628 ι
2796 4553 3227 4648 Κατακνριεύσεί
3261 4573 3370 4629 ἀπὸ
3413 4566 3657 4649 θαλάσσης
3681 4553 3757 4608 ἕως

2252 4668 2544 4739 θαλάσσης,
2577 4647 2803 4724 καὶ-ἀπὺ
2833 4647 3073 4741 ποταμοῦ
3102 4669 3204 4732 ἕως
3226 4665 3472 4739 περάτων
3505 4655 3593 4725 τῆς
3622 4647 3752 4741 ολίκξπν
3848 4720 3849 4737 ,

2252 4759 2438 4832 μένης,
2473 4762 2565 4814 καὶ
2593 4762 2769 4815 πάντα
2798 4762 2924 4831 ἔθνη
2959 4759 3334 4814 δουλεύσουσιν
3362 4747 3519 4820 αὐτῷ,
3543 4764 3557 4795 ι
3585 4737 3660 4832 itii

2246 4815 2457 4915 ‘Z‘Oﬁ‘tgl-s
2504 4851 2630 4924 ἑξῆς
2679 4853 2707 4906 ὁ
2747 4815 2958 4923 taxat;
2998 4850 3261 4922 περιέχει,
3474 4815 3555 4905 ’τῷ
3581 4815 3745 4924 Χριστρ

2247 4912 2474 5016 ἁρμόζοι
2509 4912 2802 5000 nime
2840 4912 2895 4999 δὲ
2921 4912 2978 4997 ἐν
3003 4912 3092 5014 πηῖ
3114 4912 3321 5013 ψᾶλμιῖί
3338 4912 3487 4991 πάλιν
3525 4912 3745 5016 διεριστδί

2245 5010 2635 5105 ἀνήγόρευταιι
2664 5035 2783 5087 ἐπεὶ
2815 5032 2889 5105 μὴ
2924 5032 3002 5104 τῷ
3033 5010 3394 5102 sumenda?
3422 5023 3474 5076 δὲ
3496 5010 3621 5105 αὐτῶ
3646 5015 3737 5105 ut:

2250 5088 2452 5196 άλλῆλα
2486 5126 2551 5181 ἂν
2584 5128 2667 5198 εἴη
2705 5088 2915 5180 καί-’τα
2961 5088 3018 5177 ἐν
3053 5088 3227 5193 τούτω
3253 5088 3541 5188 λεγύμεναν
3570 5088 3725 5197 (hic?

2257 5195 2466 5283 «Αὐτὸς
2510 5195 2889 5272 ἐπικαλέσεταί
2927 5234 3025 5287 με’
3068 5216 3255 5287 Πατήρ
3297 5228 3394 5284 μου
3429 5203 3475 5259 εἶ
3512 5198 3584 5259 σὺ,
3622 5195 3734 5287 ξάτω

2245 5309 2586 5380 πρωτότοκον
2612 5308 2847 5379 θήσομαι
2886 5307 3065 5371 αὐτδνν
3099 5306 3299 5378 ὑψηλὸν
3334 5295 3473 5402 “(id
3500 5289 3602 5402 fdi

2244 5366 2393 5455 λέῠσι
2419 5402 2517 5472 τῆς
2540 5366 2677 5472 γῆς..
2714 5366 2808 5463 Ei;
2839 5398 2930 5452 τὸν
2956 5366 3127 5452 αἰῶνα
3147 5366 3367 5467 ’φῦλάξω
3397 5366 3604 5479 αὐτῷ-τὸ

2249 5510 2348 5565 μου
2367 5510 2381 5524 ⁸
2415 5511 2434 5545 ι
2597 5464 2757 5545 πάλιν
2775 5508 2789 5523 ο
2834 5511 2851 5543 ι
2880 5491 2954 5545 Τὸ
2983 5464 3202 5562 σπέρμα
3225 5483 3381 5541 αὐτοῦ
3413 5480 3483 5539 εἷς
3509 5470 3584 5565 “ib.”

2249 5554 2417 5655 μενεῖ,
2453 5584 2547 5637 καὶ
2588 5584 2617 5636 ὁ
2654 5581 2839 5655 θρόνος
2886 5579 3048 5634 αὐτοῦ
3078 5554 3153 5643 ibi;
3187 5580 3215 5632 ὁ
3246 5576 3387 5648 ἥλιος
3413 5554 3721 5674 ἐγανῖίξξεθῗ

2244 5648 2337 5727 καὶ
2377 5674 2452 5737 ὡς
2496 5675 2531 5747 ή
2574 5648 2769 5746 σελήνη
2830 5670 3240 5745 κατηρτισμένη
3281 5667 3355 5729 εἱς
3411 5658 3491 5713 τὸν
3535 5648 3681 5703 “iam
