3928 6492
150 415 251 470 589

1047 410 1698 469 DEMONSTRATIONIS
1734 413 2194 468 EVANGELICIE
2235 414 2365 470 LIB.
2411 414 2547 471 VI‘J.

3310 406 3414 471 τοι*

150 532 342 594 ιὶῦτως
385 525 475 584 οὖν
507 529 649 602 μετὰ
698 529 907 601 μυρίων
948 529 1124 584 ἄλλων
1168 532 1260 584 τοῦ
1290 531 1524 602 Χριστοῦ
1566 551 1734 604 προσ-

1847 535 1980 598 lem,
2013 542 2074 587 ut
2103 534 2154 586 in
2191 550 2317 589 mu
2350 535 2579 604 psalmo,
2612 533 2702 606 qui
2737 521 2802 586 In
2832 531 3166 588 Salomonem
3197 534 3414 606 quidem

148 623 416 693 ηγοριῶν,
440 622 508 676 δι’
542 615 620 675 ὧν
649 622 809 675 αὐτὸν
841 624 889 675 0i
920 621 1052 674 θεῖοι
1090 621 1238 691 λόγοι
1268 622 1614 693 σημαίνουσι,
1644 626 1737 678 καὶ

158 715 368 777 Ἰούδας
396 715 601 785 ὁμοίως
629 713 717 768 διά
749 713 856 767 τῶν
887 715 1264 786 προκειμένων
1286 715 1604 787 ἀνειρῆσθαι
1649 715 1739 769 δύ-

151 823 330 869 ναται,
343 809 426 860 δτι
443 807 539 859 καὶ
556 807 620 859 ἐκ
636 806 735 877 τῆς
751 806 918 860 Ἰούδα
935 809 1122 876 γέγονε
1145 807 1334 878 φυλῆς.
1349 808 1617 879 Πρόδηλον
1632 807 1739 877 γὰρ

152 898 293 951 κατὰ
321 898 416 950 τον
451 897 793 964 Ἀπόστολον,
826 898 907 950 ὃτι
935 900 998 951 ἐκ
1026 897 1195 969 φυλῆς
1234 898 1403 952 Ἰούδα
1443 899 1738 952 ἀνατέταλ-

151 1003 243 1039 κεν
277 989 309 1040 ὁ
340 986 534 1058 Σωτὴρ
581 988 674 1040 καὶ
703 987 906 1058 Κύριος
942 988 1117 1058 ἡμῶν.
1155 987 1340 1059 Τούτῳ
1365 987 1428 1060 δὴ
1467 983 1559 1041 οὖν
1599 988 1740 1042 κατὰ

149 1080 392 1133 διάνοιαν
417 1080 496 1150 τῷ
523 1080 695 1135 Ἰούδα
717 1081 1056 1152 ἀποκείμενα
1081 1077 1148 1152 ἦν
1173 1081 1240 1136 τά
1267 1081 1734 1153 προφητευόμενα.

151 1173 284 1227 Τίνα
315 1173 376 1226 δὲ
409 1171 478 1244 ἦν
503 1173 714 1238 ταῦτας
765 1173 981 1246 πρῶτον
1029 1174 1128 1245 μὲν
1159 1173 1220 1226 τὺ
1252 1174 1600 1246 ἐπαινεθῆναι
1632 1174 1738 1228 ὑπδ

150 1263 255 1316 τῶν
319 1264 570 1333 ἀδελφῶν
629 1265 826 1318 αὐτοῦ’
903 1264 1152 1338 δεύτερον
1198 1268 1340 1322 κατὰ
1403 1267 1572 1322 νώτου
1633 1271 1740 1324 τῶν

154 1355 366 1426 ἐχθρῶν
389 1355 554 1408 αὑτοῦ
575 1356 674 1419 τὰς
689 1358 878 1426 χεῖρας
906 1356 1178 1410 ἐπιϐαλεῖν
1195 1376 1208 1389 ’
1239 1358 1418 1430 τρίτον
1435 1377 1741 1431 προσκυνη-

153 1444 306 1514 θῆναι
329 1445 440 1497 ὑπὸ
457 1443 567 1498 τῶν
600 1443 733 1498 υἱῶν
754 1444 846 1498 τοῦ
869 1446 1076 1517 πατρὸς
1104 1447 1291 1504 αὐτοῦ.
1317 1449 1383 1500 "A
1417 1450 1511 1502 καὶ
1557 1449 1740 1515 τέλους

152 1537 450 1607 ἐτύγχανεν
468 1537 704 1609 ὁπηνίκα
719 1538 856 1601 τέως
882 1538 979 1608 μὲν
995 1539 1092 1603 τὰς
1114 1541 1444 1612 παραδόξους
1458 1541 1737 1613 δυνάμεις,

152 1631 240 1682 καὶ
284 1629 362 1682 τὰ
415 1631 679 1702 τεράστια
748 1630 1003 1702 θαύματα
1065 1632 1328 1685 ἐπιτελῶν
1377 1632 1737 1705 ἐθαυμάζετο,

153 1724 242 1775 καὶ
275 1724 570 1793 ἐπῃνεῖτο,
629 1723 722 1776 καὶ
772 1726 1162 1794 προσεκυνεῖτο
1211 1725 1346 1796 πρὸς
1385 1724 1494 1778 τῶν
1546 1726 1738 1780 ἐαυτοῦ

156 1803 412 1881 μαθητῶν
447 1830 506 1865 τε
545 1814 638 1865 καὶ
661 1814 990 1878 ἀποστόλων,
1043 1813 1137 1879 οὒς
1177 1817 1268 1869 καὶ
1308 1816 1571 1886 ἀδελφοὺς
1602 1819 1738 1873 ἀπο-

1845 625 2142 695 inscriptus
2173 636 2279 691 est,
2317 629 2476 697 plane
2505 635 2685 683 autem
2714 642 2835 697 quae
2863 628 2928 681 ad
2961 626 3242 682 Christum
3275 629 3416 684 refc-

1845 717 2012 772 renda
2057 725 2207 783 sunt,
2255 723 2518 774 continet.
2548 719 2685 774 Illud
2724 719 2868 773 enim
2901 738 2914 772 :
2961 738 2978 770 ‹
3016 719 3080 772 Et
3107 719 3416 797 dominabi-

1843 819 1933 861 tur
1963 824 1992 861 a
2017 810 2153 862 mari
2189 826 2361 880 usque
2391 811 2460 864 ad
2496 815 2665 874 mare,
2700 817 2751 865 et
2801 824 2831 862 a
2867 809 3091 865 flumine
3140 826 3314 881 usque
3347 811 3417 865 ad

1845 902 1980 957 ﬁnes
2008 903 2158 957 orbis
2190 911 2367 967 terrae,
2409 913 2463 959 et
2490 919 2681 958 omnes
2712 911 2900 974 gentes
2931 903 3170 957 servient
3195 905 3244 957 ei
3277 903 3343 966 "7,
3394 923 3413 956 ι

1842 1005 1895 1052 et
1915 1013 2252 1068 quaecunque
2275 1006 2398 1068 post
2426 999 2541 1068 ipsa
2573 998 2686 1052 haec
2714 997 2970 1067 deinceps
3003 995 3256 1053 Psalmus
3286 1012 3421 1051 con-

1844 1089 2000 1152 tinet,
2031 1090 2124 1142 uni
2155 1089 2343 1158 utique
2373 1088 2594 1144 Christo
2625 1096 2752 1144 sunt
2786 1087 3272 1143 accommodanda.
3311 1087 3419 1143 Da-

1842 1179 1933 1233 vid
1963 1195 2091 1234 vero
2122 1195 2314 1236 rursus
2349 1180 2650 1250 appellatus
2690 1189 2773 1235 est
2803 1179 3077 1244 Christus,
3111 1179 3166 1234 in
3205 1181 3419 1250 psalmo

1843 1287 2111 1338 Lxxxvm,
2165 1271 2607 1342 quandoquidem
2637 1286 2907 1342 nusquam
2951 1272 3052 1342 ipsi
3095 1271 3288 1336 David,
3323 1271 3419 1328 sed

1845 1364 1940 1418 uni
1972 1364 2070 1428 illi,
2102 1380 2223 1435 quae
2248 1366 2301 1418 in
2344 1365 2446 1418 hoc
2481 1367 2608 1419 item
2643 1362 2923 1431 dicuntur,
2957 1365 3256 1421 convenire
3290 1382 3420 1436 pos-

1844 1463 1991 1521 sunt,
2025 1456 2190 1510 veluti
2220 1456 2350 1510 illud
2392 1475 2403 1510 :
2447 1473 2464 1507 ι
2507 1457 2627 1525 Ipse
2667 1457 2883 1510 vocabit
2915 1473 3037 1513 me:
3068 1455 3230 1513 Pater
3264 1474 3420 1513 meus

1841 1564 1902 1603 es
1933 1556 2012 1612 tu,
2048 1557 2102 1604 et
2129 1564 2230 1618 ego
2255 1548 2674 1619 primogenitum
2723 1562 2921 1618 ponam
2955 1563 3104 1612 eum,
3141 1549 3418 1604 excelsum

1844 1657 1954 1712 pra:
1979 1641 2196 1712 regibus
2233 1648 2412 1704 terrae,
2445 1641 2498 1694 in
2527 1648 2792 1695 :eternum
2832 1640 3063 1696 servabo
3089 1640 3162 1694 illi
3206 1642 3421 1696 miseri—

1843 1733 2086 1788 cordiam
2135 1747 2309 1788 meam
2337 1732 2403 1786 ⁸⁸.
2448 1751 2467 1783 ι
2512 1731 2577 1786 Et
2631 1747 2863 1788 rursus:
2907 1751 2926 1784 ι
2967 1730 3164 1787 Semen
3213 1732 3333 1802 ejus
3365 1734 3419 1787 in

1842 1834 2105 1880 aeternum
2139 1832 2340 1889 manet,
2372 1833 2426 1879 et
2459 1824 2616 1880 sedes
2648 1823 2770 1893 ejus
2812 1833 2871 1877 ut
2907 1824 2989 1878 sol
3032 1823 3085 1877 in
3120 1833 3420 1894 conspectu

155 1905 339 1958 καλεῖν
373 1906 474 1959 οὐκ
505 1905 666 1959 ῶκνει
691 1947 706 1970 ,
741 1906 829 1960 διὰ
867 1907 962 1978 μὲν
996 1907 1085 1961 τοῖ
1113 1907 1325 1980 ψαλμοῦ
1356 1909 1549 1979 λέγων,
1582 1931 1599 1961 ι
1623 1911 1746 1965 ’Λπ-

1847 1928 1989 1976 meo,
2021 1921 2075 1968 et
2125 1920 2184 1966 ut
2229 1913 2355 1966 luna
2386 1912 2624 1982 perfecta
2655 1915 2710 1967 in
2743 1921 3008 1969 aaternum
3040 1913 3103 1969 ".
3146 1933 3165 1964 ι
3197 1913 3288 1968 Sic
3319 1915 3424 1985 igi-

156 1996 372 2065 αγγελῶ
423 1997 483 2051 τὸ
519 1999 690 2070 ὄνομά
722 2017 816 2052 σου
863 2003 974 2064 τοῖς
1018 1999 1265 2069 ἀδελφοῖς
1317 2019 1449 2073 μου,
1498 2004 1556 2057 ἐν
1592 2004 1742 2074 μέσῳ

169 2088 498 2159 Ἐκκλησίας
531 2091 758 2161 ὑμνήσω
778 2107 834 2142 σε
863 2107 874 2121 υ
905 2109 922 2142 ι
968 2092 1087 2154 ταῖς
1122 2091 1177 2144 δὲ
1207 2093 1351 2162 ἀμφὶ
1383 2093 1482 2164 τὴν
1514 2095 1748 2167 Μαριὰμ

158 2181 511 2250 προστάττων
575 2180 1021 2251 εὐαγγελίζεσθαι
1095 2183 1277 2246 αὐτοῖς
1334 2183 1409 2246 ὡς
1468 2184 1734 2256 ἀδελφοῖς·

164 2289 179 2319 ι
230 2270 668 2339 Ἀπαγγείλατε,
711 2292 724 2323 ι
761 2272 868 2343 γάρ
899 2289 1064 2342 φησι,
1104 2291 1122 2322 ι
1162 2276 1276 2337 τοῖς
1323 2274 1572 2344 ἀδελφοῖς
1621 2295 1742 2349 μου,

157 2363 231 2414 ὅτι
278 2363 584 2435 ἀνέρχομαι
629 2365 764 2436 προς
807 2363 900 2418 τὸν
961 2362 1178 2438 Πατέρα
1228 2386 1350 2439 μου,
1396 2371 1493 2423 καὶ
1530 2373 1745 2444 Πατέρα

161 2455 327 2526 ὑμῶν,
358 2459 457 2510 καὶ
471 2457 603 2511 Θεόν
638 2475 762 2528 μου,
795 2459 889 2511 καὶ
905 2457 1037 2512 Θεὸν
1061 2461 1217 2531 ἡμῶν
1241 2461 1338 2532 (1).
1378 2482 1395 2514 ι
1427 2461 1582 2516 Οὕτω
1611 2465 1744 2536 δῆτα

164 2551 316 2603 αὑτὸν
335 2552 384 2604 oi
408 2551 630 2621 ἀδελφοὶ
650 2552 718 2605 τὰ
746 2553 842 2623 μὲν
869 2553 1060 2625 πρῶτα
1087 2557 1180 2609 ἐπὶ
1203 2558 1314 2620 τοῖς
1330 2557 1651 2628 παραδόξοις
1671 2560 1745 2625 ὡς

164 2638 461 2715 θαυμάσιον
494 2647 664 2716 ἄνδρα
696 2648 854 2715 μόνον
885 2647 1118 2718 ἐπῄνουν
1137 2691 1152 2714 ,
1174 2647 1269 2701 ’ένα
1301 2649 1443 2715 τινὰ,
1474 2651 1550 2714 ὡς
1578 2653 1742 2719 εἰκὸς,

163 2737 261 2789 τῶν
288 2737 588 2808 προφητῶν
618 2734 756 2792 εἶναι
797 2739 1186 2810 ὑπειληφότες’
1220 2742 1343 2794 ἐπεὶ
1371 2742 1426 2795 δέ
1460 2745 1516 2795 ἐν
1541 2743 1618 2815 τῷ
1651 2763 1746 2815 με-

163 2829 286 2896 ταξὺ
320 2829 421 2895 τὰς
457 2831 796 2902 θαυμασίους
825 2832 1282 2902 παραδοξοποιίας
1301 2833 1465 2886 αὐτοῦ
1489 2834 1742 2906 ὁρῶντες,

165 2923 251 2974 καὶ
274 2923 350 2985 ὡς
375 2922 626 2976 καθεῖλεν
659 2922 850 2995 ἐχθρόν
883 2941 940 2977 τε
974 2926 1066 2979 καὶ
1102 2926 1410 2997 ἐκδικητὴν,
1436 2925 1525 2980 τόν
1554 2943 1618 2996 γε
1653 2925 1747 2980 θά-

165 3031 314 3068 νατον
357 3016 597 3087 ἄρχοντα
622 3016 715 3070 τοῦ
751 3017 945 3077 αἰῶνος
989 3017 1179 3072 τούτου
1202 3058 1216 3083 ,
1243 3019 1360 3091 ἅμα
1383 3023 1502 3084 ταῖς
1531 3019 1744 3086 λοιπαῖς

166 3108 409 3179 ἀοράτοις
439 3108 534 3161 καὶ
550 3108 769 3180 ἐχθραῖς
797 3109 1089 3178 δυνάμεσι,
1110 3110 1173 3163 τὸ
1199 3111 1452 3182 τηνικάδε
1479 3111 1611 3165 Θεὸν
1642 3114 1744 3166 αὐ-

168 3199 248 3251 τὸν
277 3196 418 3253 εῖναι
461 3201 871 3268 πιστεύσαντες,
908 3202 1339 3276 προσεκύνησαν.
1372 3205 1438 3256 Al
1479 3205 1534 3257 δὲ
1564 3208 1744 3276 χεῖρες

169 3291 253 3344 τοῦ
276 3293 704 3364 Σωτῆροςήμῶν
728 3294 868 3347 κατὰ
887 3294 1056 3348 νώτου
1073 3295 1180 3349 τῶν
1207 3296 1416 3369 ἐχθρῶν
1439 3299 1602 3352 αὑτοῦ
1631 3300 1691 3367 ἐγ
1701 3300 1743 3352 ί-
1770 3336 1812 3393 C

169 3401 327 3449 νοντο,
367 3386 458 3437 ὅτε
481 3385 659 3449 πάσας
691 3386 786 3450 τάς
811 3387 1036 3458 πράξεις
1067 3389 1256 3454 αὑτοῦ,
1278 3389 1376 3454 τάς
1400 3407 1456 3443 τε
1483 3390 1740 3461 δυνάμεις

170 3475 252 3527 γι).
268 3477 744 3548 παραδοξοποιίας,
770 3480 859 3532 ἐπὶ
879 3479 1193 3552 καθαιρέσει
1224 3480 1331 3534 τῶν
1351 3478 1618 3552 δαιμόνων
1645 3482 1739 3536 καὶ

171 3564 264 3617 τῶν
288 3567 540 3638 πονηρῶν
571 3569 894 3639 πνευμάτων
921 3571 1174 3623 ἐποιεῖτο.
1205 3569 1362 3622 Ἀλλὰ
1393 3569 1486 3623 καὶ
1506 3571 1738 3642 ὁπηνίκα

173 3655 455 3719 ἐξεπέτασε
507 3658 606 3722 τὰς
644 3662 833 3731 χεῖρας
877 3661 1042 3714 αὑτοῦ
1078 3663 1170 3714 ἐπὶ
1198 3661 1289 3714 τοῦ
1352 3662 1608 3734 σταυροῦ,
1645 3663 1740 3716 καὶ

173 3747 334 3812 οὕτως
376 3751 434 3803 αἱ
466 3753 647 3823 χεῖρες
685 3750 850 3804 αὑτοῦ
872 3789 886 3814 ,
917 3753 1225 3820 φευγόντων
1263 3752 1371 3806 τῶν
1403 3751 1612 3825 ἐχθρῶν
1646 3755 1740 3806 καὶ

173 3838 229 3890 τὰ
272 3841 420 3895 νῶτα
475 3843 947 3914 παραχωρούντων
998 3843 1146 3914 αὐτῷ
1170 3883 1184 3905 ,
1230 3843 1371 3896 κατὰ
1423 3843 1590 3897 νώτου
1630 3844 1738 3896 τῶν

173 3933 369 4004 ἐχθρῶν
400 3934 660 4004 ἐγίνοντο,
681 3936 774 3989 καὶ
801 3935 998 4007 μᾶλλον
1024 3936 1110 3988 ὅτε
1135 3936 1196 3988 τὸ
1231 3935 1444 4007 πνεῦμα
1469 3937 1740 4008 παραδοὺς

175 4023 240 4094 τῷ
260 4027 455 4099 Πατρὶ,
482 4028 718 4100 ἄσαρκος
737 4029 830 4082 καὶ
855 4046 922 4098 γυ
931 4029 1058 4099 μνὸς
1076 4021 1136 4081 οὗ
1164 4028 1440 4100 ἀνειλήφει
1469 4029 1737 4100 σώματος,

175 4120 255 4171 ἐπὶ
289 4119 348 4172 τὸ
384 4120 490 4172 τῶν
534 4120 740 4191 ἐχθρῶν
782 4121 974 4192 κατῄει
1003 4120 1230 4191 χωρίον,
1261 4121 1505 4192 αὑτοζωὴ
1537 4125 1741 4192 τυγχά-

175 4228 289 4274 νων,
338 4211 569 4265 θάνατον
632 4209 972 4273 καταλύσων,
1025 4213 1119 4264 καὶ
1160 4212 1258 4276 τὰς
1305 4215 1741 4284 ἐπανισταμένας

175 4303 310 4375 αὐτῷ
344 4304 624 4372 δυνάμεις,
655 4303 720 4367 ἃς
753 4302 896 4367 εἰκός
932 4306 1052 4357 κατ’
1090 4305 1258 4376 ἀρχὰς
1305 4307 1402 4375 μὲν
1434 4305 1610 4359 κοινὸν
1645 4307 1739 4360 ἇν-

175 4393 399 4466 θρωπον,
439 4397 534 4448 καὶ
563 4398 674 4458 τοῖς
714 4393 924 4458 πολλοῖς
955 4396 1138 4466 ὅμοιον
1170 4396 1331 4450 αὑτὸν
1361 4397 1737 4468 ὑπειληφέναι,

173 4486 301 4540 οὕτω
324 4504 386 4539 τε
411 4484 685 4539 κυκλῶσαι
712 4485 872 4539 αὑτὸν
904 4488 997 4540 καὶ
1033 4485 1182 4538 ὠσὰν
1231 4486 1308 4558 τῷ
1334 4487 1548 4557 τυχόντι
1576 4489 1739 4560 ἐφορ-

181 4579 333 4649 μῆσαι
355 4596 368 4609 ·
408 4579 530 4632 ἐπεὶ
567 4578 622 4632 δὲ
658 4577 900 4647 ἔγνωσαν
926 4579 1207 4650 κρείττονα
1242 4579 1274 4650 ἦ
1310 4579 1427 4632 κατ’
1459 4579 1740 4651 ἄνθρωπον

185 4671 255 4724 ιαι
272 4671 554 4740 θειοτέραν
582 4669 762 4739 φύσιν,
793 4671 1066 4741 τραπῆναι
1095 4669 1190 4724 καὶ
1210 4671 1276 4725 τὰ
1309 4671 1453 4726 νῶτα
1486 4690 1742 4743 παραχω-

179 4761 324 4834 ρῆσαι
356 4763 509 4833 αὐτῷ
532 4803 546 4824 ,
588 4763 708 4816 καθ’
736 4757 810 4816 ὦν
834 4763 932 4827 τὰς
963 4766 1148 4834 χεῖρας
1183 4765 1370 4833 ἀφεὶς,
1393 4768 1504 4829 τοῖς
1538 4764 1740 4831 ἐνθέοις

176 4856 322 4910 αὑτοῦ
356 4857 453 4911 καὶ
475 4857 828 4927 ὴκονημένοις
850 4857 1026 4928 βέλεσι
1061 4861 1359 4926 φεύγοντας
1386 4859 1635 4930 ἤλαυνεν,
1664 4861 1739 4924 ὡς

175 4948 247 5002 διὰ
277 4950 439 5004 τοῦτο
479 4949 764 5022 εἰρῆσθαι·
805 4969 822 5000 ι
855 4951 918 5002 Αἱ
961 4949 1140 5022 χεῖρές
1183 4968 1276 5003 σου
1315 4952 1406 5004 ἐπι
1429 4950 1599 5005 νώτου
1633 4952 1739 5006 τῶν

176 5041 368 5114 ἐχθρῶν
402 5059 521 5095 σου.
561 5061 579 5094 ι
607 5043 669 5096 El
700 5041 757 5094 δὲ
791 5042 886 5095 καὶ
910 5041 1076 5095 εἰσέτι
1097 5042 1194 5096 νῦν
1229 5043 1410 5113 μυρίοι
1437 5042 1530 5095 τοῦ
1559 5043 1742 5114 Σωτῆ-

176 5135 298 5204 ροςὴ
307 5133 426 5204 μῶν
455 5132 660 5203 ἐχθροὶ,
682 5133 778 5204 τὴν
811 5133 1134 5205 Ἐκκλησίαν
1167 5133 1330 5187 αὑτοῦ
1354 5135 1492 5188 κατὰ
1517 5135 1742 5205 καιροὺς

178 5227 416 5298 πολεμεῖν
471 5225 835 5298 ἐπιχειροῦσιν
860 5267 874 5291 ,
925 5226 1058 5280 ἀλλὰ
1118 5228 1213 5280 καὶ
1256 5226 1478 5291 τούτους
1526 5227 1742 5298 ἀοράτῳ

175 5319 303 5390 χειρὶ
335 5319 431 5371 καὶ
462 5318 631 5389 ἐνθέῳ
659 5317 882 5386 δυνάμει
909 5318 1232 5389 τροποῦται,
1263 5319 1338 5382 ὡς
1359 5321 1452 5372 καὶ
1481 5321 1610 5390 περὶ
1639 5319 1740 5374 αὑ-

176 5409 268 5461 τῶν
317 5409 573 5483 εἰρῆσθαι
629 5410 709 5462 τό’
750 5431 767 5461 ι
817 5412 878 5464 Αἱ
913 5411 1095 5483 χεῖρές
1141 5427 1232 5462 σου
1272 5411 1364 5464 ἐπὶ
1417 5409 1588 5462 νώτου
1631 5410 1738 5463 τῶν

178 5500 369 5574 Ξχθρῶν
411 5520 531 5556 σου.
575 5521 593 5553 ι
633 5502 852 5575 Ἐπειδὴ
885 5502 941 5555 δὲ
983 5503 1083 5574 ἤδη
1109 5499 1292 5555 λοιπόν
1334 5501 1402 5556 τά
1451 5501 1592 5555 κατὰ
1635 5501 1742 5555 τῶν

175 5593 370 5667 ἐχθρῶν
418 5596 712 5666 νικητήρια
752 5596 1078 5667 ἀπειλήφει,
1106 5594 1404 5667 τηνικαῦτα
1442 5594 1744 5667 ἐπληροῦτο

177 5689 259 5741 καὶ
278 5689 356 5754 τὸ,
379 5710 398 5741 ‹
437 5689 882 5762 Προσκυνήσουσί
916 5706 975 5741 σε
1006 5689 1055 5741 οἱ
1084 5689 1189 5742 υἱοὶ
1213 5689 1304 5742 τοῦ
1332 5687 1545 5760 Πατρός
1573 5704 1689 5751 σου,
1721 5707 1740 5738 ι

238 5777 279 5811 ⁸⁷
317 5780 466 5836 Psal.
498 5797 648 5842 Lxxt.
697 5781 854 5836 8o“.

931 5780 976 5814 ⁸³
1013 5780 1161 5840 Psal.
1199 5797 1459 5845 Lxxxvut,
1490 5780 1583 5850 98,
1608 5781 1699 5835 29.
1776 5781 1822 5813 δ’
1861 5781 1994 5836 ibid.
2026 5781 2115 5843 37,
2142 5780 2229 5835 58.

1849 2012 1939 2057 tur
1966 2020 2073 2059 una
2102 2019 2228 2059 cum
2275 2005 2396 2060 aliis
2435 2005 2924 2060 innumerabilibus
2949 2005 3150 2060 Christi
3183 2008 3423 2076 appella-

1849 2095 2122 2161 tionibus,
2160 2095 2362 2165 quibus
2398 2095 2547 2149 illum
2591 2096 2774 2151 divina
2819 2098 3041 2152 oracula
3088 2098 3418 2168 significant,

1847 2185 2036 2240 eadem
2061 2185 2272 2241 ratione
2295 2195 2352 2240 ut
2379 2185 2551 2242 Judas
2577 2203 2792 2257 quoque
2824 2187 2879 2242 in
2900 2187 2968 2243 iis
2995 2205 3117 2258 qua:
3141 2190 3301 2243 modo
3324 2205 3422 2243 ex-

1850 2279 2205 2350 ponebamus,
2230 2279 2300 2334 sit
2327 2279 2649 2349 appellatus,
2672 2280 2788 2334 fieri
2821 2288 3018 2351 potest,
3040 2296 3162 2335 cum
3187 2281 3253 2336 de
3278 2283 3423 2334 tribu

1846 2369 2000 2426 Iudae
2023 2372 2093 2426 sit
2117 2378 2298 2426 natus.
2326 2370 2554 2425 Constat
2581 2371 2725 2425 enim
2759 2387 2827 2426 ex
2855 2371 3136 2442 Apostolo,
3172 2371 3422 2426 Salvato‘

1847 2478 1962 2516 rem
1993 2478 2058 2517 ac
2081 2460 2370 2516 Dominum
2392 2470 2641 2516 nostrum
2659 2460 2725 2516 de
2749 2463 2889 2518 tribu
2905 2461 3058 2517 Juda:
3079 2476 3259 2516 ortum
3279 2477 3422 2516 esse.

1847 2553 1987 2610 Huic
2017 2555 2180 2626 igitur
2221 2551 2394 2615 Judaa,
2456 2555 2501 2609 si
2565 2555 2861 2608 secundum
2897 2559 3218 2611 sententiam
3257 2554 3426 2607 inter-

1847 2657 2142 2720 pretemur,
2203 2645 2440 2716 reposita
2499 2655 2657 2700 erant
2727 2646 2838 2714 illa,
2893 2662 3014 2716 qua:
3075 2647 3131 2700 in
3187 2645 3424 2716 prophe-

1847 2741 1920 2795 tia
1942 2739 2313 2794 continentur.
2344 2737 2450 2792 Sed
2479 2752 2729 2805 quaenam
2760 2738 2875 2792 baec
2897 2738 3156 2793 fuerunt?
3179 2736 3423 2790 Primum

1847 2831 2067 2902 quidem
2093 2867 2107 2894 ,
2139 2829 2282 2899 quod
2326 2843 2356 2882 a
2411 2827 2675 2883 fratribus
2723 2831 2841 2884 suis
2885 2838 3030 2886 esset
3081 2829 3424 2894 laudandus;

1847 2922 2043 2978 deinde
2075 2921 2223 2992 quod
2252 2934 2447 2974 manus
2481 2922 2535 2974 in
2567 2927 2778 2990 tergum
2815 2921 3164 2976 inimicorum
3198 2936 3423 2975 suorum

1846 3022 1993 3069 esset
2020 3013 2359 3083 injecturus;
2395 3018 2673 3081 postremo
2711 3013 2854 3082 quod
2889 3012 3202 3069 adorandus
3235 3029 3265 3067 a
3300 3013 3428 3069 ﬁliis

1847 3105 2021 3177 patris
2066 3104 2172 3160 sui.
2205 3103 2338 3171 Qua:
2369 3104 2533 3160 etiam
2576 3121 2736 3161 suum
2775 3106 2934 3161 tinem
2969 3114 3263 3162 consecuta
3298 3116 3428 3163 sunt

1847 3213 1956 3269 quo
1995 3205 2273 3268 tempore,
2317 3195 2447 3251 dum
2487 3196 2842 3252 admirabiles
2875 3198 3104 3254 virtutes
3135 3206 3186 3253 et
3237 3198 3430 3269 prodi-

1846 3292 2001 3362 giosa
2045 3290 2307 3345 miracula
2347 3289 2550 3355 ederet,
2584 3290 2932 3346 admirationi
2980 3299 3121 3355 erat,
3155 3301 3208 3346 et
3239 3291 3428 3345 lauda-

1849 3385 2028 3450 batur,
2056 3389 2110 3438 et
2152 3381 2482 3436 adorabatur
2516 3397 2545 3434 a
2589 3383 2705 3438 suis
2739 3382 3023 3453 discipulis
3055 3396 3108 3438 et
3141 3385 3426 3454 apostolis.

1848 3488 1986 3542 quos
2012 3474 2175 3528 etiam
2206 3471 2404 3526 fratres
2432 3487 2628 3526 vocare
2657 3488 2767 3526 non
2799 3483 3056 3542 gravatus
3087 3483 3190 3536 est,
3218 3474 3347 3527 dum
3372 3475 3428 3527 in

1847 3566 2058 3636 psalmo
2076 3566 2154 3620 sic
2176 3563 2335 3619 dicit:
2365 3563 2749 3620 «Annuntiabo
2764 3579 2960 3618 nomen
2989 3573 3139 3619 tuum
3167 3565 3430 3619 fratribus

1847 3661 2016 3726 meis;
2044 3659 2099 3713 in
2121 3658 2302 3714 medio
2325 3657 2584 3715 Ecclesiae
2607 3658 2840 3714 laudabo
2861 3665 2911 3712 te
2937 3659 3004 3712 ⁵ο.
3043 3676 3060 3710 ι
3089 3656 3222 3711 Dum
3247 3667 3428 3713 autem

1849 3751 2028 3806 Mariae
2056 3759 2110 3807 et
2140 3751 2364 3821 reliquis
2409 3751 2730 3806 mulieribus
2765 3751 3016 3821 imperat,
3052 3757 3110 3804 ut
3134 3766 3254 3820 quae
3283 3750 3428 3805 bona

1850 3845 2084 3900 viderint
2114 3846 2384 3913 nuntient,
2413 3846 2570 3916 quasi
2598 3843 2858 3899 fratribus
2889 3845 3127 3898 nuntiari
3160 3845 3424 3914 imperat:

1847 3938 2008 4008 377
2039 3957 2056 3988 ι
2092 3937 2368 4002 Nuntiate,
2414 3939 2607 4008 inquit,
2652 3937 2913 3992 fratribus
2965 3937 3122 4001 meis,
3161 3935 3306 4006 quod
3341 3951 3426 3991 as-

1847 4033 2021 4088 cendo
2056 4033 2124 4088 ad
2160 4031 2378 4087 Patrem
2401 4037 2678 4094 meum,et
2709 4029 2922 4083 Patrem
2956 4036 3222 4090 vestrum,
3257 4026 3427 4082 Deum

1849 4140 2052 4191 meum,
2084 4133 2139 4180 et
2174 4123 2342 4178 Deum
2371 4133 2610 4180 vestrum
2663 4123 2729 4174 δι.
2771 4140 2789 4172 ι
2847 4119 2936 4174 Sic
2963 4135 3095 4177 sane
3128 4119 3279 4174 illum
3311 4119 3425 4172 fra-

1848 4226 1960 4272 tres
2017 4217 2410 4271 miraculorum
2467 4216 2664 4287 gratia,
2719 4220 2978 4281 tanquam
3049 4209 3425 4265 admirabilem

1848 4311 2026 4363 virum
2079 4310 2346 4363 duntaxat
2402 4309 2470 4362 ab
2517 4307 2674 4361 initio
2734 4305 3051 4368 laudabant,
3087 4303 3289 4372 quippe
3331 4302 3425 4370 qui

1850 4418 2016 4456 unum
2043 4402 2278 4472 aliquem
2313 4403 2380 4456 de
2403 4400 2703 4470 prophetis,-
2733 4406 2792 4451 ut
2824 4396 3119 4451 verisimile
3139 4403 3246 4458 est,
3271 4395 3425 4448 illum

1849 4509 1969 4548 esse
2017 4493 2454 4562 suspicarentur.
2491 4489 2598 4544 Sed
2639 4488 2730 4542 ubi
2780 4486 2998 4540 interim
3047 4483 3422 4544 admirabiles,

1850 4592 1902 4638 et
1932 4597 2148 4639 omnem
2185 4584 2342 4637 tidem
2388 4587 2714 4651 superantes
2756 4579 2903 4633 illius
2937 4579 3180 4631 actiones
3204 4576 3424 4630 intuen-

1777 4701 1819 4754 υ
1853 4685 1961 4739 tur,
1995 4685 2049 4732 et
2079 4674 2537 4747 quemadmodum
2575 4673 2856 4726 inimicum
2888 4679 2942 4725 et
2977 4670 3241 4733 ultorem,
3273 4682 3426 4722 mor-

1849 4776 2065 4838 temque
2097 4768 2283 4823 szeculi
2315 4766 2480 4836 hujus
2527 4765 2831 4828 dominum,
2868 4778 2976 4817 una
3026 4777 3152 4816 cum
3199 4760 3427 4830 reliquis

1849 4860 2220 4914 inuislbilibus
2272 4868 2327 4914 et
2378 4858 2620 4913 inimicis
2660 4855 3023 4926 potestatibus
3050 4853 3424 4913 sustinuisset,

1850 4961 1966 5006 tum
1996 4967 2127 5007 vero
2159 4949 2326 5005 Deum
2355 4951 2507 5004 illum
2531 4965 2654 5004 esse
2683 4948 2991 5014 credentes,
3025 4947 3422 5000 adoraverunt:

1848 5057 2048 5098 manus
2077 5051 2257 5097 autem
2309 5039 2614 5094 Salvatoris
2663 5039 2834 5094 nostri
2873 5039 2926 5091 in
2972 5045 3127 5104 tergo
3170 5032 3424 5087 inimico-

1850 5151 1968 5190 rum
2017 5149 2243 5190 suorum
2292 5134 2465 5201 fuere,
2513 5146 2623 5202 quo
2658 5139 2901 5200 tempore
2947 5128 3204 5182 videlicet
3233 5140 3425 5179 omnes

1850 5229 2095 5284 actiones
2124 5243 2274 5290 suas,
2306 5237 2358 5281 et
2409 5228 2660 5288 virtutes,
2694 5230 2748 5278 et
2795 5230 2945 5292 gesta
2995 5219 3329 5290 prodigiosa,
3358 5217 3423 5270 ad

1851 5319 2114 5374 delendos
2163 5320 2439 5373 daemones
2474 5326 2529 5372 et
2569 5318 2836 5386 malignos
2889 5313 3118 5382 spiritus
3173 5311 3426 5364 intende-

1848 5411 1962 5466 bat.
2022 5409 2163 5476 Quin
2204 5411 2366 5465 etiam
2402 5425 2525 5463 cum
2578 5423 2771 5463 manus
2815 5421 2944 5460 suas
2989 5402 3340 5474 expandisset
3367 5401 3426 5458 in

1849 5515 2034 5561 cruce.
2068 5511 2180 5554 tum
2223 5514 2440 5568 quoque
2470 5513 2665 5552 manus
2696 5496 2836 5566 ejus,
2867 5494 3206 5565 fugientibus
3235 5492 3420 5546 inimi—

1851 5596 1932 5650 cis
1975 5602 2027 5649 et
2067 5593 2243 5648 eidem
2288 5600 2436 5663 terga
2487 5590 2769 5654 dantibus,
2803 5591 2859 5645 in
2890 5597 3043 5659 tergo
3077 5587 3424 5642 inimicorum

1854 5689 2096 5750 fuerunt,
2135 5687 2418 5758 magisque
2449 5685 2611 5740 etiam
2645 5698 2769 5738 cum
2797 5681 2944 5737 Patri
2978 5680 3191 5736 reddito
3208 5679 3425 5748 spiritu,

2339 5781 2382 5812 ⁵ο
2423 5778 2570 5835 Psal.
2598 5793 2720 5842 xxt,
2749 5775 2839 5832 9.3.
2916 5777 2958 5809 ⁸¹
3001 5773 3158 5830 Joan.
3195 5789 3266 5826 xx
3289 5810 3306 5839 ,
3340 5769 3426 5828 17.

239 5868 311 5943 (1)
359 5871 578 5944 Ἦμῶν.
619 5872 776 5932 Forte
808 5874 982 5947 ὑμῶν,
1012 5882 1072 5932 ιιι
1109 5882 1163 5930 et
1200 5876 1470 5948 interpres
1511 5875 1710 5947 legisse
1749 5893 1755 5908 ι

1847 5882 1981 5930 ctur.
2006 5873 2163 5929 Enn.
