3928 6498
613 421 706 478 591

1240 418 1513 475 EUSLBH
1549 418 2030 477 CIESARIENSIS
2069 421 2219 478 OPP.
2260 423 2441 480 PARS
2475 424 2541 481 ll.
2586 455 2650 467 σε·
2689 423 3207 482 APOLOGETICA.

3786 432 3874 490 Μ

609 547 663 595 et
686 553 799 595 suae
843 538 1027 594 carnis
1059 552 1275 610 expers,
1305 546 1358 593 et
1388 554 1454 593 eo
1480 538 1624 608 quod
1660 545 2035 605 assumpserat
2064 553 2149 593 cor

2256 598 2257 601 η
2289 542 2486 605 πάντες
2515 542 2713 614 δηλαδὴ
2757 544 2805 595 οἱ
2834 542 2951 596 κατ’
2985 542 3232 611 οὐρανὸν
3267 541 3530 609 ἄγγελοι,
3556 543 3626 598 τά
3650 561 3706 597 τε
3735 549 3871 601 πνεύ-

606 648 738 706 pore
764 632 1027 698 nudatus,
1071 634 1161 703 qui
1198 634 1317 703 ipsa
1353 635 1459 687 vita
1489 642 1625 696 erat,
1662 632 1727 685 ad
1762 632 1879 685 loca
1925 631 2179 687 inimico-

604 739 726 781 rum
746 725 1050 788 descendit,
1075 732 1133 778 ut
1148 733 1199 779 et
1220 736 1446 780 mortem
1463 734 1517 779 et
1529 725 1766 795 reliquas
1780 739 1899 794 quae
1914 725 2177 780 adversus

602 819 783 890 ipsum
808 826 1157 873 surrexerunt
1188 824 1506 888 potestates,
1534 816 1862 888 dissiparet;
1891 833 2029 889 quas
2053 820 2177 889 qui-

603 912 726 966 dem
750 910 1042 967 verisimile
1073 919 1156 965 est
1176 925 1517 965 communem
1542 910 1830 980 quemdam
1868 912 2166 975 hominum,

602 1018 665 1059 ac
695 1004 925 1075 reliquis
956 1003 1189 1059 similem
1225 1013 1374 1057 ratas
1407 1018 1530 1058 esse
1552 1003 1726 1069 illttm,
1756 1004 1941 1074 itaque
1964 1004 2172 1058 circum

601 1096 851 1152 eumdem
881 1095 1121 1159 stetisse,
1155 1103 1208 1148 et
1230 1088 1388 1165 quasi
1426 1110 1591 1149 unum
1609 1094 1678 1149 de
1710 1095 1897 1149 multis
1927 1095 2168 1157 adortas,

601 1195 765 1258 atque
794 1184 885 1243 ubi
918 1187 1356 1257 praestantiorem
1388 1186 1729 1256 agnoverint,
1750 1203 1913 1258 quam
1932 1197 1991 1242 ut
2011 1189 2171 1242 homo

598 1281 900 1336 existimari
932 1290 1137 1352 posset,
1169 1295 1233 1335 ac
1260 1280 1517 1335 diviniori
1558 1288 1751 1335 natura
1781 1281 2087 1350 praeditum,
2118 1290 2173 1337 et

598 1388 894 1429 conversas
928 1388 1051 1428 esse
1100 1380 1152 1427 et
1184 1380 1335 1442 terga
1382 1372 1458 1426 illi
1503 1372 1744 1435 dedisse,
1784 1380 1979 1426 contra
2031 1387 2170 1442 quas

599 1462 861 1519 immissis
905 1464 1180 1526 manibus,
1224 1461 1423 1517 divinis
1453 1462 1569 1516 suis
1608 1468 1662 1515 et
1709 1462 1883 1516 acutis
1932 1462 2164 1531 sagittis,

599 1553 871 1627 fugientes
904 1556 1107 1625 exegit,
1137 1563 1196 1610 ut
1228 1561 1515 1626 propterea
1546 1554 1752 1608 dictum
1780 1555 1885 1608 sit:
1925 1575 1942 1606 ι
1975 1555 2168 1610 Manus

598 1652 703 1700 tua:
736 1645 793 1700 in
844 1655 995 1717 tergo
1028 1634 1377 1701 inimicorum
1409 1655 1653 1702 tuorum.
1681 1666 1701 1700 ι
1739 1646 1895 1714 Quod
1924 1648 1970 1703 si
2000 1647 2164 1703 etiam

596 1752 745 1793 nunc
779 1738 1211 1817 innumerabiles
1238 1738 1539 1793 Salvatoris
1586 1739 1762 1794 nostri
1792 1738 2025 1802 inimici,
2056 1737 2165 1793 Ec-

594 1829 817 1885 clesiam
843 1830 965 1898 ejus
994 1831 1159 1885 variis
1196 1829 1583 1885 occasionibus
1611 1844 1928 1900 Oppugnare
1954 1845 2163 1884 conan-

2285 649 2427 703 ματα
2463 632 2530 685 τὰ.
2564 631 2939 703 λειτουργικὰ,
2981 634 3074 685 καὶ
3114 633 3179 685 αἱ
3217 630 3376 684 θεῖαι
3423 631 3723 702 δυνάμεις,
3760 636 3867 691 alta

2280 725 2371 778 ἐπὶ
2399 725 2502 794 γῆς
2540 724 2823 779 ἀπόστολοι
2859 724 2953 778 καὶ
2985 723 3412 793 εύαγγελισταὶ
3433 763 3449 787 ,
3486 725 3585 777 καὶ
3619 728 3747 796 μετά
3767 732 3865 783 τού-

2276 832 2401 877 τους
2448 816 2685 879 ἆπαντες
2730 816 2781 867 οἱ
2823 814 2883 881 ἐξ
2928 813 3096 867 ἐθνῶν
3151 815 3227 869 δι’
3287 813 3502 877 αὑτοῦ,
3550 816 3642 868 τὸν
3676 818 3763 871 ἕνα
3791 823 3864 872 καὶ

2280 908 2438 979 μόνον
2479 905 2649 977 ἀληθῆ
2697 906 2918 977 Πατέρα
2959 906 3093 959 Θεὸν
3138 904 3641 977 ἐπιγραψάμενοι,
3670 910 3859 974 οἵτινες,

2275 997 2406 1051 Θεὸν
2440 998 2610 1066 Λόγον
2637 997 2763 1050 ὄντα
2790 998 2881 1050 τὸν
2910 996 3147 1067 Χριστὸν
3186 997 3627 1068 μεμαθηκότες,
3659 999 3729 1062 ὡς
3755 1000 3860 1053 Θεὸν

2275 1091 2597 1159 προσκυνεῖν
2623 1088 2784 1141 αὐτὸν
2811 1084 3233 1158 ὁμολογοῦνται.
3272 1087 3426 1141 Ἀλλ’
3460 1090 3589 1142 ἐπεὶ
3610 1090 3763 1161 ἐχρῆν
3783 1093 3855 1145 καὶ

2272 1182 2341 1236 τὰ
2368 1182 2466 1252 τῆς
2489 1180 2751 1250 γενέσεως
2780 1180 2944 1234 αὑτοῦ
2972 1180 3067 1234 καὶ
3090 1181 3166 1234 τὰ
3206 1181 3312 1234 τοῦ
3356 1180 3602 1234 θανάτου
3625 1183 3854 1254 μυστήρια

2271 1276 2336 1345 τῇ
2386 1274 2511 1345 περὶ
2561 1273 2727 1326 αὑτοῦ
2776 1273 3084 1344 προφητείᾳ
3132 1272 3631 1345 συμπεριλαϐεῖν,
3668 1274 3850 1340 εἰκότως

2274 1365 2411 1437 μετὰ
2446 1365 2516 1417 τὰ
2563 1364 2935 1436 προειρημένα
2964 1365 3249 1429 θεσπίζων
3287 1368 3319 1419 ὁ
3370 1365 3573 1419 Ἰακὼϐ
3618 1367 3846 1435 ἐπιλέγειν

2275 1475 2293 1506 ι
2308 1455 2550 1525 Σκύμνος
2581 1455 2789 1520 λέοντος
2819 1455 3007 1520 Ἰούδα,
3027 1458 3091 1509 ἐκ
3108 1456 3390 1526 βλαστοῦ,
3416 1457 3503 1509 υίέ
3523 1473 3644 1527 μου,
3666 1456 3843 1526 ἀνέϐης,

2269 1546 2556 1601 ἀναπεσὼν
2593 1546 2892 1617 ἐκοιμήθης
2915 1547 2989 1610 ὡς
3018 1548 3182 1611 λέων,
3226 1549 3332 1601 καὶ
3371 1548 3454 1610 ὼς
3487 1547 3718 1618 σκύμνος
3745 1564 3757 1576 ·
3781 1550 3844 1610 τίς

2268 1632 2451 1701 ἐγερεῖ
2488 1631 2677 1695 αύτόν;
2718 1651 2734 1682 ι
2770 1632 3015 1701 Σκύμνον
3044 1632 3145 1702 μὲν
3187 1627 3292 1685 οὖν
3328 1631 3555 1695 λέοντος
3578 1632 3728 1693 αὑτὸν
3749 1632 3839 1684 ὀνο-

2270 1724 2431 1797 μάζει
2453 1766 2466 1787 ,
2492 1724 2578 1777 διὰ
2611 1725 2671 1777 τὸ
2707 1726 2772 1775 ὲκ
2813 1722 3095 1792 βασιλικῆς
3129 1722 3313 1776 αὑτὸν
3355 1722 3645 1791 γεγονέναι
3671 1722 3833 1792 φυλῆς·

2267 1814 2331 1865 ἐκ
2348 1811 2661 1882 σπέρματος
2694 1809 2823 1877 γοῦν
2856 1805 2922 1880 ἦν
2951 1808 3045 1861 τοῦ
3064 1807 3246 1861 Δαϐὶδ
3284 1807 3440 1861 κατὰ
3471 1808 3647 1879 σάρκα
3673 1823 3688 1837 ’
3715 1825 3731 1857 ι
3766 1806 3834 1859 Ἐκ

592 1928 703 1983 tur,
733 1930 975 1975 attamen
1006 1922 1106 1975 hos
1152 1936 1373 1992 quoque
1414 1921 1674 1975 invisibili
1705 1899 1940 1992 quadam
1972 1937 2149 1983 manu,

2267 1903 2493 1974 βλαστοῦ
2538 1902 2594 1955 δὲ
2630 1901 2849 1972 ἀνέϐης,
2895 1900 2976 1953 υἱέ
3025 1917 3146 1972 μου,
3196 1919 3215 1951 ι
3276 1901 3488 1971 φησὶν,
3536 1899 3747 1969 ἐπείπερ
3783 1901 3830 1950 ἐκ

586 2020 642 2065 et
666 2027 764 2067 sua
800 2014 982 2069 divina
1010 2015 1209 2069 virtute
1233 2015 1285 2067 in
1319 2013 1499 2084 fugam
1526 2013 1704 2077 vertit,
1732 2022 1791 2067 ut
1822 2013 1891 2069 de
1923 2014 2009 2068 bis
2032 2015 2159 2068 item

588 2106 790 2162 dictum
820 2108 890 2161 sit
914 2106 1045 2160 illud
1080 2121 1093 2157 :
1132 2124 1151 2156 ι
1198 2104 1387 2159 Manus
1412 2112 1517 2159 tuae
1544 2105 1596 2159 in
1618 2113 1774 2175 tergo
1806 2105 2158 2160 inimicorum

586 2207 827 2251 tuorum.
874 2216 892 2250 ι
930 2195 1032 2251 Ubi
1065 2212 1194 2251 vero
1218 2197 1354 2265 jam,
1405 2196 1551 2266 quod
1602 2196 1872 2266 reliquum
1919 2195 2040 2264 fuit,
2075 2199 2161 2252 in-

585 2290 761 2361 signia
799 2289 947 2345 illius
973 2288 1217 2344 victoriae
1249 2289 1508 2358 praeclara
1538 2288 1607 2341 de
1644 2289 1895 2343 hostibus
1926 2291 2155 2359 recepit,

583 2392 699 2437 tum
728 2396 859 2437 vero
884 2381 1016 2436 illud
1042 2381 1373 2450 completum
1405 2388 1490 2435 est
1524 2399 1536 2434 :
1571 2398 1589 2430 ‹
1623 2379 1943 2435 Adorabunt
1976 2389 2030 2435 te
2060 2381 2157 2436 ﬁlii

583 2475 756 2544 patris
784 2475 887 2535 tui,
924 2492 942 2525 ι
979 2487 1170 2528 omnes
1200 2472 1469 2537 videlicet,
1503 2472 1595 2543 qui
1629 2472 1684 2525 in
1717 2472 1857 2527 caelo
1904 2485 2032 2529 sunt
2058 2489 2156 2528 an-

580 2564 706 2633 geli,
739 2563 1077 2634 spiritusque
1110 2561 1492 2624 inservientes,
1527 2578 1590 2615 ac
1611 2563 1810 2617 divinae
1832 2571 2151 2633 potestates,

582 2670 795 2710 necnon
851 2654 1108 2725 degentes
1139 2655 1193 2709 in
1238 2661 1381 2708 terra
1438 2654 1669 2723 apostoli
1702 2662 1755 2708 et
1782 2655 2150 2725 evangelista,

579 2753 704 2816 post
736 2761 874 2816 quos
902 2747 1214 2817 quicunque
1244 2761 1340 2817 per
1370 2747 1571 2817 ipsum,
1637 2746 1728 2799 uni
1778 2754 1832 2800 et
1877 2747 1979 2801 soli
2023 2762 2152 2802 vero

581 2835 727 2892 Patri
753 2837 862 2892 Deo
896 2837 1104 2907 seipsos
1136 2837 1481 2898 addixerunt,
1508 2838 1600 2906 qui
1622 2837 1842 2907 quidem
1871 2836 1959 2891 ubi
1980 2835 2148 2891 Deum

584 2927 816 2985 Verbum
851 2928 1130 2985 Christum
1171 2944 1293 2985 esse
1320 2928 1584 2992 didicere,
1632 2937 1748 2982 tum
1793 2943 1853 2984 se
1902 2928 2055 2983 illum
2089 2939 2150 2983 ut

578 3022 748 3077 Deum
782 3020 1013 3077 adorare
1039 3019 1276 3076 confessi
1299 3028 1451 3076 sunt.
1482 3020 1648 3092 378
1677 3018 1785 3075 Sed
1808 3021 2066 3091 quoniam
2096 3031 2152 3076 et

576 3123 730 3170 ortus
754 3113 997 3184 ejusdem
1033 3123 1086 3169 et
1111 3112 1304 3168 mortis
1336 3113 1619 3183 mysteria,
1649 3112 1840 3169 eadem
1864 3114 2147 3185 prophetia

575 3205 861 3276 complecti
888 3205 1195 3276 oportebat,
1223 3205 1417 3259 merito
1446 3214 1568 3274 post
1596 3206 1686 3259 illa
1718 3219 1841 3275 qua:
1866 3205 1979 3276 jam
2004 3205 2147 3260 dicta

576 3307 707 3352 sunt
739 3298 1045 3352 vaticinans
1078 3295 1269 3361 Jacob,
1322 3296 1570 3368 adjungit
1608 3316 1621 3351 :
1656 3316 1674 3347 ι
1715 3298 1944 3354 Catulus
1973 3298 2147 3352 leonis
2174 3334 2217 3392 C

573 3387 733 3455 Juda,
761 3388 827 3443 de
842 3389 1103 3459 germine,
1132 3388 1201 3441 fili
1233 3389 1324 3453 iui,
1343 3388 1658 3453 ascendisti,
1689 3390 2012 3445 recumbens
2027 3390 2149 3444 dor-

572 3479 775 3535 mivisti
805 3488 862 3533 ut
887 3480 990 3542 leo,
1014 3486 1067 3534 et
1103 3486 1161 3534 ut
1182 3479 1398 3533 catulus
1434 3494 1450 3533 :
1479 3478 1604 3549 quis
1632 3478 1893 3535 excitabit
1923 3479 2083 3535 eum?
2122 3499 2141 3531 ι

571 3573 826 3627 Catulum
870 3573 1055 3643 itaque
1101 3572 1276 3627 leonis
1322 3571 1498 3641 ipsum
1545 3573 1812 3638 nominat,
1854 3582 2145 3645 propterea

570 3664 717 3733 quod
740 3663 808 3719 de
835 3664 984 3735 regia
1016 3664 1158 3719 tribu
1188 3664 1259 3718 sit
1289 3672 1471 3720 natus.
1508 3663 1584 3719 De
1617 3666 1824 3721 semine
1852 3664 2020 3736 igitur
2040 3665 2147 3719 Da-

570 3757 660 3811 vid
697 3755 799 3811 fuit
829 3758 1041 3811 ratione
1082 3760 1351 3826 corporis,
1377 3775 1396 3807 ι
1423 3755 1491 3811 de
1506 3757 1751 3828 germine
1781 3777 1800 3810 ι
1824 3766 2027 3826 autem,
2058 3760 2145 3812 in-

569 3842 707 3912 quit,
736 3860 755 3894 ‹
797 3842 868 3896 fili
891 3844 985 3907 mi,
1011 3844 1323 3907 ascendisti,
1342 3862 1361 3896 ι
1394 3846 1650 3914 quoniam
1672 3845 1741 3900 de
1765 3846 2133 3902 semineetra-

569 3935 692 3989 dice
733 3934 874 4003 ejus,
922 3936 1015 4005 qui
1074 3936 1189 3991 haec
1243 3936 1570 4007 praadicebat
1606 3936 1798 4007 Jac-ob,
1829 3940 2139 4010 pullulavit,

568 4040 693 4080 cum
726 4027 878 4097 prius
908 4026 1127 4097 quidem
1152 4036 1300 4083 esset
1324 4027 1466 4083 Deus
1503 4027 1765 4096 Verbum,
1802 4041 1992 4101 postea
2014 4049 2144 4087 vero

566 4119 731 4172 etiam
764 4118 934 4175 Filius
967 4120 1202 4176 hominis
1232 4118 1302 4175 sit
1325 4118 1526 4187 factus,
1562 4131 1787 4193 propter
1824 4139 1945 4179 eam
1976 4140 2140 4196 quam

568 4225 666 4280 pro
694 4210 852 4267 nobis
879 4212 1198 4281 assumpsit.
1233 4212 1719 4283 dispensationem.
1754 4214 1941 4273 Potest
1970 4218 2138 4273 etiam

566 4305 795 4355 mortem
822 4300 1066 4370 ejusdem
1085 4299 1395 4372 significare
1424 4302 1584 4359 illud:
1604 4322 1624 4356 ι
1649 4302 1996 4362 Recumbens
2010 4306 2142 4361 dor-

565 4390 767 4446 mivis‘ti
819 4399 879 4447 ut
908 4392 1011 4455 leo,
1070 4400 1125 4446 et
1165 4402 1225 4447 ut
1271 4394 1506 4458 catulus,
1543 4414 1561 4446 ι
1598 4410 1665 4450 ex
1697 4396 1931 4467 quadam
1967 4398 2141 4469 ipsius

568 4479 866 4551 Scriptum
896 4482 1315 4549 consuetudine,
1362 4499 1483 4554 qua:
1523 4500 1623 4540 sua
1652 4486 1887 4556 quadam
1920 4490 2140 4560 propria

564 4572 1018 4638 consideratione,
1045 4574 1210 4627 etiam
1249 4574 1398 4629 mille
1430 4574 1555 4631 aliis
1603 4577 1656 4631 in
1714 4579 1850 4635 locis
1879 4589 2135 4644 mortem,

2265 1989 2576 2059 σπέρματος
2624 1988 2718 2041 καὶ
2764 1986 2919 2058 ῥίζης
2960 1985 3053 2038 τού
3110 1984 3301 2039 ταῦτα
3347 1982 3828 2057 προανασωνούντω

2278 2072 2471 2126 Ἰακὼό
2510 2073 2679 2141 ἀνέφυ
2702 2111 2715 2135 ,
2752 2073 3015 2144 πρότερον
3056 2070 3155 2142 μὲν
3197 2070 3345 2133 Θεὸς
3373 2070 3551 2138 Λόγος
3578 2068 3649 2121 ῶν
3667 2108 3681 2131 ,
3708 2066 3822 2133 γενὼ

2266 2180 2425 2233 μενος
2462 2164 2518 2217 δὲ
2560 2164 2808 2235 δεύτερον
2847 2164 2959 2227 υίὸς
3006 2161 3332 2234 ἀνθρώπου,
3372 2162 3443 2215 δι’
3477 2162 3545 2233 ἢν
3587 2159 3824 2223 ἀνεδέξατο

2261 2255 2401 2325 ὑπὲρ
2447 2254 2603 2325 ήμῶν
2642 2254 2971 2324 οἰκονομίαν.
3004 2254 3103 2323 Είη
3150 2253 3201 2307 δ’
3244 2253 3316 2306 ἂν
3362 2254 3460 2307 καὶ
3499 2250 3589 2305 τοῦ
3633 2250 3814 2305 θανάτου

2259 2346 2424 2400 αὑτοῦ
2455 2346 2749 2418 δηλωτικὸν
2771 2348 2877 2411 τὸ,ι
2902 2345 3224 2400 Ἀναπεσὼν
3266 2346 3580 2418 ἐκοιμήθης
3605 2345 3673 2408 ὡς
3694 2344 3813 2399 λέων.

2258 2439 2352 2490 καὶ
2382 2437 2457 2501 ὡς
2486 2436 2740 2509 σκύμνος,
2782 2458 2799 2488 ι
2833 2437 2893 2502 ἐξ
2931 2437 3082 2501 ἔθους
3100 2438 3207 2509 τῆς
3244 2438 3499 2508 Γραφῆς,
3524 2436 3656 2489 κατά
3685 2452 3727 2487 τι
3752 2434 3807 2484 οἰ-

2256 2525 2402 2575 κεῖον
2443 2520 2704 2593 θεώρημα
2725 2562 2739 2584 ,
2769 2522 2859 2574 τὸν
2890 2521 3117 2576 θάνατον
3153 2523 3255 2574 καὶ
3295 2523 3395 2572 ἐπὶ
3440 2519 3641 2591 μυρίων
3676 2515 3809 2571 ἄλλων

2255 2612 2510 2682 κοίμησιν
2548 2610 2946 2682 ἀποκαλούσης.
2977 2612 3049 2664 Τὸ
3086 2611 3166 2676 δὲ,
3223 2630 3240 2663 ι
3272 2612 3375 2674 Τίς
3404 2611 3587 2681 ἐγερεῖ
3608 2606 3799 2666 αὐτῶν

2255 2695 2384 2761 περὶ
2416 2695 2516 2766 τῆς
2549 2697 2612 2748 ὲκ
2644 2694 2848 2766 νεκρῶν
2881 2695 3237 2759 ἀναστάσεως
3268 2694 3442 2749 αὐτοῦ
3473 2688 3801 2763 θαυμαστικῶς

2253 2784 2488 2856 εἴρηταιο
2545 2784 3001 2856 Ἐγεροησόμενον
3050 2783 3161 2856 γὰρ
3207 2784 3380 2838 αὐτὸν
3421 2782 3603 2853 σαφῶς
3637 2774 3800 2833 032M

2254 2876 2476 2942 φάσκων
2495 2915 2510 2937 ,
2560 2894 2577 2926 ι
2599 2876 2693 2939 Τίς
2711 2878 2893 2947 ἐγερεῖ
2914 2874 3108 2940 αύτόν;
3144 2895 3162 2925 ι
3202 2871 3597 2945 θαυμαστικῶς
3615 2869 3663 2921 δὲ
3704 2869 3785 2918 ἐπι·

2250 2958 2395 3025 λέγει
2444 2959 2523 3022 τὸ,
2550 2957 2641 3021 Τίς
2686 2958 2791 3029 ἄρα
2836 2959 2864 3011 ὁ
2906 2958 3062 3011 τοῦτο
3101 2960 3353 3028 ποιήσων
3401 2956 3495 3011 καὶ
3534 2951 3793 3020 ἀναστήσων

2250 3043 2432 3108 αὐτὸν,
2464 3044 2610 3113 ἡμᾶς
2639 3043 2731 3095 ἐπὶ
2763 3042 2823 3095 τὸ
2844 3042 3027 3115 ζητεῖν
3053 3042 3366 3114 διεγείρων,
3389 3042 3474 3104 τίς
3496 3038 3559 3093 ἂν
3582 3035 3656 3105 εἴη
3681 3036 3706 3085 ὁ
3725 3030 3791 3082 τὸν

2250 3135 2454 3206 Κύριον
2485 3133 2641 3205 ἡμῶν
2673 3135 2764 3188 τὸν
2804 3135 2942 3206 ὑπὲρ
2964 3134 3121 3206 ήμῶν
3151 3134 3393 3188 θάνατον
3426 3128 3787 3215 ἀναδεξάμενον.

2252 3223 2316 3274 ὲκ
2351 3219 2561 3289 νεκρῶν
2610 3220 2947 3290 ἀναστήσων.
3010 3220 3051 3271 Τ
3060 3219 3105 3281 ίς
3126 3218 3171 3270 δ’
3200 3218 3270 3272 ἂν
3305 3220 3393 3289 εῖη
3426 3215 3577 3276 ἀλλος
3607 3212 3635 3280 ἦ
3665 3210 3787 3290 aco»

2251 3303 2391 3358 ὅλων
2421 3287 2552 3368 Θεὸς
2592 3305 2686 3357 καὶ
2729 3287 2919 3375 Πατὴρ
2952 3302 3139 3367 αὑτοῦ,
3164 3295 3217 3370 ᾧ
3253 3287 3406 3373 μόνῴ
3432 3294 3691 3353 ἀναθετέον
3713 3287 3787 3357 τὴν

2249 3394 2344 3448 τοῦ
2388 3395 2640 3467 Σωτῆρος
2681 3394 2835 3465 ήμῶν
2877 3395 3197 3458 ἀνάστασιν,
3256 3392 3400 3446 κατά
3438 3389 3536 3461 τὴν
3572 3384 3782 3467 λέγουσαν

2248 3488 2289 3541 Γ
2293 3486 2491 3559 ραφὴν,
2514 3506 2533 3538 ι
2559 3488 2697 3541 Ὃνὸ
2719 3485 2907 3557 Πατὴρ
2932 3487 3150 3557 ἤγειρεν
3175 3486 3248 3538 ὲκ
3274 3482 3520 3555 νεκρῶν;
3554 3497 3570 3528 ι
3605 3466 3780 3527 ’Δντὶὸὲ

2247 3581 2365 3647 τοῦ,
2396 3600 2414 3633 ι
2440 3580 2684 3652 Σκύμνος
2715 3580 2925 3643 λέοντος
2967 3579 3156 3643 Ἰούδα,
3205 3581 3275 3633 ὲκ
3321 3572 3567 3649 βλαστοῦ,
3593 3566 3662 3621 υἰέ
3681 3579 3776 3636 μου,

2246 3674 2465 3746 ἀνέϐης,
2492 3671 2777 3728 ἀναπεσὼν
2800 3671 3123 3743 ἐκοιμήθης,
3152 3689 3171 3722 ι
3201 3660 3685 3743 ὲμφαντικώταταό
3700 3653 3773 3746 μὲν

2260 3741 2487 3826 Ἀκύλας
2524 3764 2656 3835 φησι
2695 3779 2711 3794 ο
2736 3782 2755 3814 ι
2787 3741 2995 3827 Σκύλαξ
3022 3741 3249 3824 λέοντοςή
3299 3758 3498 3820 Ἰούδα»
3534 3750 3632 3807 ἀπὸ

2249 3873 2385 3919 eam;
2405 3895 2419 3919 ,
2451 3831 2547 3908 υἱέ⁷
2564 3831 2669 3925 μου
2689 3893 2704 3918 ,
2737 3852 2934 3922 ἀνέὃης
2953 3892 2968 3916 ,
3005 3850 3234 3921 κάμψας
3256 3845 3572 3914 κατεκλίθης
3593 3859 3606 3871 ⁸
3640 3858 3657 3891 ³

2247 3944 2536 4016 Σύμμαχὸς
2565 3922 2703 4015 *φησι
2725 3958 2738 3974 ·
2786 3961 2804 3993 ι
2841 3941 3085 4013 Σκύμνος
3114 3940 3335 4003 λέοντος
3376 3934 3568 3996 Ἰούδα.
3608 3930 3663 3981 ἐκ
3698 3922 3768 4016 of}:

2247 4009 2688 4107 meridie-smack
2713 4051 2834 4105 μου,
2865 4009 3081 4105 ἁνέθης,
3103 4032 3346 4095 ὀκλάσας
3374 4024 3649 4101 ήδράσθης·
3680 4035 3697 4068 ⁹
3713 4009 3765 4107 δέ.

2244 4122 2320 4182 ὦν
2352 4128 2537 4197 σαφῶς
2564 4127 2892 4199 παρίσταται
2923 4128 2957 4197 ή
2992 4128 3056 4180 ὲκ
3076 4126 3288 4197 νεκρῶν
3311 4123 3591 4180 ἀνάστασις
3607 4155 3620 4176 .
3644 4105 3763 4172 καὶὴ

2245 4221 2302 4289 ἐξ
2334 4220 2485 4292 ᾅδου,
2516 4220 2704 4291 ὥσπερ
2735 4219 2798 4274 εκ
2821 4236 2967 4283 τινος
2998 4217 3387 4291 θηριαλώσεως
3408 4256 3423 4279 ,
3450 4210 3538 4266 τοῦ

2244 4286 2399 4385 ἡμῶν
2428 4286 2705 4383 ἀποφυγή.
2731 4313 2806 4365 Τὸ
2831 4311 2887 4365 δὲ
2916 4286 3167 4373 ὀκλάσαι,
3193 4311 3289 4363 καὶ
3311 4286 3758 4393 ἑδρασθῆναξν

2345 4381 2693 4468 καταπεσεῖν,
2725 4402 2861 4476 ὁμοῦ
2884 4404 2976 4457 τὸν
3000 4401 3231 4456 θάνατον
3252 4400 3415 4466 ἔδειξε
3435 4394 3517 4450 διὰ
3535 4386 3617 4481 to?

2244 4463 2332 4544 ξςαί
2359 4508 2371 4520 ’
2417 4490 2512 4544 καὶ
2543 4490 2604 4543 τὸ
2760 4463 3112 4559 ’ὑποσυρῆναι
3158 4463 3514 4557 ὁμοίωςνταῖς
3554 4470 3649 4562 τῶξ

2242 4582 2360 4637 πῶν
2406 4560 2719 4655 ἀνθρώπων
2752 4581 2986 4652 ψυχαῖς,
3035 4578 3122 4633 διὰ
3163 4577 3258 4630 τοῦ
3302 4568 3572 4655 ήδράσθαι·
3614 4560 3749 4655 “ff”

563 4659 947 4716 dormitionem
1017 4677 1384 4734 somnumque
1435 4666 1692 4734 appellat.
1741 4666 1875 4722 Illud
1925 4641 2131 4737 autem,

2256 4676 2342 4730 ιὲν
2409 4671 2501 4731 οὖν
2560 4673 2736 4730 πάντα
2799 4671 3163 4743 προαπὲκειτο
3220 4667 3298 4740 τῷ
3360 4654 3596 4748 Χριστῷ·
3643 4641 3744 4707 πλὴν

567 4766 590 4804 ι
622 4749 757 4818 Quis
785 4751 1045 4807 excitabit
1097 4755 1261 4808 eum?
1298 4774 1318 4807 ι
1348 4755 1415 4810 de
1451 4756 1626 4811 reditu
1655 4758 1777 4825 ejus
1805 4774 1834 4812 a
1870 4769 2045 4817 morte
2065 4762 2136 4816 ad

561 4844 730 4899 vitam
750 4857 878 4897 cum
905 4843 1265 4901 admiratione
1292 4846 1499 4901 dictum
1525 4856 1631 4904 est.
1661 4847 1719 4903 Si
1747 4850 1967 4921 quidem
1995 4855 2140 4908 exci-

560 4934 789 4990 tandum
820 4934 887 4988 ad
918 4935 1084 4990 vitam
1111 4935 1261 4991 illum
1289 4938 1449 5008 plane
1478 4942 1648 5006 novit,
1674 4942 1767 5014 qui
1798 4943 1871 4997 ait
1900 4959 1913 4995 :
1946 4963 1965 4994 ι
1999 4944 2134 5011 Quis

560 5032 819 5088 excitabit
859 5032 1077 5103 ipsum?
1118 5052 1138 5085 ι
1165 5048 1289 5089 cum
1322 5035 1682 5093 admiratione
1721 5054 1855 5094 vero
1902 5039 2139 5097 interro-

560 5136 671 5196 gat,
702 5128 955 5203 quisnam
988 5127 1092 5182 hoc
1123 5126 1373 5185 facturus
1403 5130 1476 5185 sit
1514 5139 1678 5202 atque
1725 5133 1879 5188 illum
1917 5135 2127 5190 excita-

556 5228 737 5284 turus,
779 5228 837 5274 ut
886 5220 967 5275 sic
1009 5235 1111 5277 nos
1141 5222 1207 5276 ad
1247 5223 1599 5292 quaerendum
1634 5225 1846 5291 invitet,
1876 5230 2132 5298 quisnam

558 5310 646 5365 hic
674 5312 770 5374 sit,
793 5312 887 5382 qui
921 5310 1211 5367 Dominum
1257 5323 1508 5369 nostrum
1539 5326 1660 5384 post
1692 5327 2003 5389 susceptam
2034 5335 2134 5391 pro

556 5403 717 5459 nobis
765 5411 997 5459 mortem
1041 5419 1072 5459 a
1119 5412 1298 5462 morte
1328 5407 1401 5462 sit
1441 5418 1797 5465 revocaturus
1827 5411 1893 5465 ad
1941 5413 2131 5470 vitam.

556 5494 691 5560 Quis
727 5510 891 5565 porro
912 5497 1004 5552 hic
1034 5496 1108 5554 sit
1134 5497 1275 5554 alius
1305 5514 1471 5571 quam
1503 5502 1745 5558 universi
1792 5502 1937 5560 Deus
1970 5515 2025 5560 et
2059 5506 2129 5559 il-

556 5586 663 5640 lius
696 5587 872 5657 ipsius
895 5586 1077 5655 Pater,
1113 5590 1200 5645 cui
1230 5591 1333 5645 soli
1380 5592 1676 5647 tribuenda
1710 5606 1794 5650 est
1824 5595 2128 5652 Salvatoris

552 5680 728 5735 nostri
760 5680 815 5733 in
848 5682 1007 5735 vitam
1048 5683 1343 5747 restitutio,
1379 5684 1522 5740 sicut
1553 5685 1837 5758 Scriptura
1868 5688 2132 5745 testifica-

550 5781 661 5835 tar,
690 5786 811 5842 qua:
832 5772 930 5837 ait,
960 5791 974 5824 ι
1007 5771 1176 5839 Quem
1209 5774 1372 5830 Pater
1394 5779 1679 5835 suscitavit
1708 5795 1736 5834 a
1767 5782 1995 5837 mortuis
2008 5782 2128 5836 ιη»

621 5883 668 5917 ⁸¹
706 5880 807 5939 Gal
863 5898 913 5948 ι,
951 5883 1000 5940 1.
1058 5886 1076 5940 1
1112 5884 1306 5942 Thess.
1340 5901 1398 5953 ι,
1435 5887 1526 5947 10.

2241 4745 2348 4832 ἕως
2397 4768 2607 4822 οὐδέπω
2669 4765 2855 4829 τέλους
2908 4763 3168 4833 ἐτύγχανε
3187 4801 3202 4826 ,
3258 4760 3319 4813 τὸ
3382 4745 3745 4838 Ἰουδαίωνμσνΐ

2241 4866 2483 4936 ειστήκει
2513 4862 2661 4921 ἔθνος
2685 4904 2699 4924 ,
2737 4862 2830 4914 καὶ
2850 4860 2899 4913 οἱ
2932 4857 2992 4923 ἐξ
3016 4855 3195 4911 αὐτῶν
3233 4854 3483 4936 ἄρχοντεές
3519 4838 3602 4893 καὶ

2244 4926 2415 5025 μενοί,
2464 4953 2520 5005 οῖ
2566 4967 2627 5005 τε
2682 4947 3160 5021 ὲξακριδαζόμενοι
3221 4942 3319 5006 τὰς
3371 4935 3510 5029 θείας

2241 5005 2483 5118 περῖντού
2521 5005 2753 5114 Χριστού
2790 5005 3124 5112 προφητείας
3167 5034 3453 5106 διέπρεπον
3494 5024 3552 5118 ἐκ(

2253 5103 2403 5191 Ἑὲ-..ςι
2426 5135 2483 5190 δὲ
2511 5103 2738 5207 ἐλήλυθε
2764 5103 3199 5200 τά1ἀποκείμενα
3225 5103 3309 5198 τῷ
3338 5118 3513 5187 Ἰούδᾳ,
3538 5103 3734 5207 ὲςῖάνᾙε

2501 5186 3034 5300 δῖπρογρητεύόμενος
3064 5186 3132 5275 εκ
3179 5186 3481 5291 σπέρματος
3523 5197 3604 5255 καὶ

2244 5320 2368 5374 στού
2394 5284 2680 5391 γενόμενος
2710 5316 2803 5369 τοῦ
2830 5314 3003 5388 ταῦτα
3022 5308 3414 5367 τεθεσπικότος,
3437 5284 3729 5397 ἀναπεσέἶῗ

2242 5370 2677 5484 aegesta;
2700 5410 2733 5482 ῆ
2768 5377 3002 5471 ὀκλάσοὶς
3034 5403 3177 5459 κατὰ
3204 5402 3295 5455 τὸν
3314 5370 3707 5491 segmenti:

2244 5505 2345 5576 σθη
2375 5467 2470 5559 καί
2493 5467 2787 5575 ἀνήγειρθη,
2812 5501 2913 5565 τὰς
2938 5467 3124 5571 χεῖρας
3146 5492 3307 5550 αὐτοῦ
3333 5467 3726 5576 κατάῌνιῆοὲἇίῗῖ

2233 5541 2481 5668 ἐξ
2493 5541 2621 5650 “at;
2877 5541 2970 5663 ἕχθ
2979 5541 3087 5666 ρῶν
3102 5541 3142 5643 ⁹ὲ
3149 5580 3378 5685 πιόαλών
3395 5594 3407 5608 ·
3432 5572 3481 5627 οῖ
3494 5541 3719 5685 rigat:

2235 5653 2399 5745 αὐτοῦ
2439 5690 2535 5744 καὶ
2569 5653 2811 5765 μαθηταὶ
2843 5653 3109 5759 πρότερον
3152 5674 3477 5790 ἐπαινοῦντες
3506 5653 3703 5790 alii}:

2241 5783 2257 5790 ‘
2401 5780 2455 5790 ···
2648 5781 2671 5790 -·
2964 5779 2976 5790 .
3028 5777 3039 5790 .
3112 5774 3199 5790 η.
3280 5773 3371 5790 ..-Α
3429 5767 3577 5790 ,κυεην

2237 5744 2626 5855 θαυμάζοντές.
2647 5744 2871 5852 ὕστερον
2889 5744 2988 5833 καὶ
3012 5744 3087 5840 ῶς
3109 5774 3241 5829 Θεὸν
3264 5763 3577 5841 ὡμολόγησαν
3597 5744 3715 5794 ‘M"
