3928 6528
176 407 316 465 597

1083 397 1731 456 DEMONSTBATIONIS
1776 396 2232 454 ΕνΑΝιςΕιιιιιΕ
2254 397 2380 452 LIB.
2422 396 2554 451 Vlll.

3322 393 3426 449 598

176 518 511 593 ἑσπερινῆς,
560 517 657 572 καὶ
693 515 933 570 συνέτισέ
964 532 1054 586 με,
1084 516 1179 569 καὶ
1206 514 1433 585 ἐλάλησε
1474 514 1588 586 μετ’
1614 512 1762 585 ἐμοῦ,

1875 519 1964 569 tus
2000 520 2085 568 est
2122 528 2369 578 mecum,
2409 520 2464 568 et
2502 509 2638 566 dixit
2669 527 2682 564 :
2724 507 2947 574 Daniel,
2989 522 3134 562 nunc
3172 520 3427 577 egressus

174 615 299 667 aeni.
329 608 439 665 εἷπε
457 626 471 639 ·
489 608 712 680 Δανιὴλ,
735 606 826 661 νῦν
855 606 1074 678 ἐξῆλθον
1085 605 1418 677 συμϐιϐάσαι
1434 622 1495 658 σε
1519 604 1730 658 σύνεσιν
1750 621 1764 635 α

178 708 253 759 ἐν
290 705 431 776 ἀρχῇ
467 702 570 771 τῆς
608 698 844 770 δεήσεὼς
886 715 979 751 σου
1029 697 1249 770 ἐξῆλθεν
1274 699 1303 750 ὁ
1334 697 1508 766 λόγος,
1541 696 1636 751 καὶ
1657 694 1767 765 ἐγὼ

169 789 360 866 ἦλθον
400 790 720 861 ἀναγγεῖλαί
751 808 853 853 σοι,
888 790 971 843 ὃτι
996 790 1135 862 ἀνὴρ
1163 789 1463 860 ἐπιθυμιῶν
1490 790 1553 843 σὺ
1580 783 1649 853 εἴ,
1675 788 1769 842 καὶ

174 885 478 958 ἐννοήθητι
517 886 576 937 ἐν
622 883 698 954 τῷ
742 884 966 955 ῥήματι,
995 883 1091 937 καὶ
1125 881 1284 946 σύνες
1316 883 1372 934 ἐν
1405 883 1470 952 τῇ
1509 881 1764 950 ὀπτασίᾳ,

174 982 275 1035 δέει
301 978 436 1051 ἀνὴρ
468 976 773 1049 ἐπιθυμιῶν
821 973 872 1030 εἴ
923 977 1008 1031 σύ.
1052 976 1449 1047 Ἑϐδομήκοντα
1477 973 1767 1046 ἐδδομάδες

179 1070 616 1143 συνετμήθησαν
680 1071 773 1124 ἐπὶ
811 1070 902 1124 τὸν
938 1069 1065 1124 λαόν
1099 1086 1214 1133 σου,
1246 1068 1340 1122 καὶ
1369 1068 1460 1121 ἐπὶ
1485 1068 1585 1139 τὴν
1613 1067 1766 1122 πόλιν

174 1166 297 1234 τὴν
354 1164 536 1232 ἁγίαν,
591 1162 686 1216 τοῦ
728 1160 1143 1232 συντελεσθῆναι
1193 1161 1486 1233 ἁμαρτίαν,
1540 1164 1631 1214 καὶ
1671 1161 1764 1214 τοῦ

179 1258 495 1328 σφραγίσαι
522 1254 817 1327 ἁμαρτίας,
836 1253 1047 1308 καὶτοῦ
1076 1253 1373 1324 ἀπαλεῖψαι
1393 1253 1493 1317 τὰς
1516 1252 1763 1324 ἀνομίας,

178 1350 291 1401 καὶ
315 1348 409 1403 τοῦ
451 1346 801 1414 ἐξιλάσασθαι
843 1346 1075 1409 ἀδικίας,
1125 1347 1219 1401 καὶ
1245 1348 1472 1417 ἀγαγεῖν
1494 1345 1765 1400 δικαιοσύ-

179 1456 296 1511 νην
342 1439 581 1502 αίώνιον,
639 1440 733 1492 καὶ
765 1437 858 1491 τοῦ
889 1438 1184 1509 σφραγίσαι
1210 1438 1397 1510 ὅρασιν
1427 1438 1522 1492 καὶ
1552 1455 1766 1510 προφη-

177 1529 367 1595 τείαν,
404 1530 496 1582 καὶ
522 1528 620 1582 τοῦ
647 1531 831 1600 χρῖσαι
869 1528 1021 1597 ἅγιον
1070 1528 1239 1596 ἁγίων
1259 1546 1271 1558 ·
1324 1528 1419 1581 καὶ
1460 1527 1640 1599 γνώσῃ
1675 1529 1766 1582 καὶ

180 1619 448 1689 συνήσεις
475 1617 584 1671 ἀπὸ
617 1616 796 1682 ἐξόδου
827 1616 1008 1685 λόγου,
1029 1615 1123 1670 τοῦ
1152 1618 1531 1689 ἀποκριθῆναι,
1566 1618 1765 1672 καὶτοῦ

176 1710 543 1780 οἰκοδομῆσαι
598 1708 952 1781 Ἰερουσαλὴμ
1015 1709 1120 1773 ἕως
1160 1710 1392 1779 Χριστοῦ
1438 1711 1762 1783 ἡγουμένου.

192 1800 532 1871 Ἑϐδομάδες
594 1801 755 1866 ἐπτά,
812 1802 907 1856 καὶ
945 1801 1234 1873 ἑϐδομάδες
1275 1802 1649 1873 ἑξηκονταδύο,
1674 1805 1766 1859 καὶ

178 1893 510 1964 ἐπιστρέψει
532 1933 547 1953 ,
573 1894 669 1948 καὶ
684 1892 1165 1965 οἰκοδομηθήσεται
1195 1893 1422 1949 πλατεῖα
1452 1897 1545 1949 καὶ
1567 1897 1763 1966 τείχος,

179 1985 287 2037 καὶ
314 1984 716 2057 κενωθήσονται
748 1988 796 2038 οί
822 1987 1038 2059 καιροί·
1070 1987 1166 2041 καὶ
1185 1986 1320 2058 μετὰ
1341 1986 1437 2052 τὰς
1467 1987 1766 2060 ἑϐδομάδας

180 2078 289 2142 τὰς
307 2078 687 2150 ἑξηκονταδύο,
708 2077 1213 2150 ἐξολοθρευθήσεται
1234 2080 1460 2152 χρίσμα,
1479 2082 1571 2135 καὶ
1594 2083 1767 2153 κρῖμα

179 2169 289 2221 οὐκ
316 2169 465 2222 ἐστιν
520 2170 580 2222 ἐν
628 2168 796 2240 αὐτῷ,
830 2170 925 2223 καὶ
948 2170 1048 2241 τὴν
1082 2170 1234 2223 πόλιν
1261 2171 1355 2224 καὶ
1383 2171 1442 2224 τὸ
1470 2172 1622 2240 ἀγιον
1653 2171 1767 2225 δια-

182 2259 380 2331 φθερεῖ
409 2261 509 2315 σὺν
543 2260 620 2331 τῷ
673 2260 960 2332 ἡγουμένῳ
1010 2260 1086 2332 τῷ
1122 2262 1419 2334 ἐρχομένῳ,
1480 2263 1574 2316 καὶ
1606 2265 1765 2316 ἐκκο-

183 2350 454 2419 πήσονται
504 2353 563 2404 ἐν
623 2351 1012 2423 κατακλυσμῷ,
1052 2353 1148 2406 καὶ
1183 2354 1287 2416 ἕως
1319 2354 1503 2419 τέλους
1532 2354 1764 2427 πολέμου

185 2443 634 2513 συντετμημένού
665 2444 1014 2514 ἀφανισμοῖς,
1046 2445 1142 2497 καὶ
1168 2444 1474 2517 δυναμὼσει
1501 2446 1764 2519 διαθήκην

184 2532 403 2597 πολλοῖς
423 2533 659 2605 ἐὸδομάς
691 2534 808 2605 μία,
839 2537 934 2589 καὶ
953 2537 1010 2589 ὲν
1034 2535 1111 2608 τῷ
1137 2536 1324 2607 ἡμίσει
1350 2538 1449 2609 τῆς
1477 2539 1766 2610 ἑϐδομάδος

184 2624 489 2696 ἀρθήσεται
542 2625 701 2679 θυσία
759 2627 853 2680 καὶ
884 2627 1101 2698 σπονδὴ,
1128 2630 1220 2681 καὶ
1261 2631 1354 2682 ἐπὶ
1383 2629 1443 2683 τὸ
1476 2626 1617 2702 ἱερὸν
1648 2629 1765 2700 βδέ-

185 2715 371 2786 λυγμα
423 2717 533 2770 τῶν
575 2718 909 2790 ἐρημώσεων
952 2720 1124 2785 ἔσται,
1173 2720 1266 2773 καὶ
1319 2721 1423 2786 ἓως
1458 2721 1764 2788 συντελείας

186 2808 380 2880 καιροῦ
403 2810 680 2864 συντέλεια
712 2810 993 2883 δοθήσεται
1025 2813 1119 2867 ἐπὶ
1141 2811 1236 2884 τὴν
1261 2815 1558 2885 ἐρήμωσιν.
1597 2834 1614 2866 ι
1653 2815 1764 2887 Τῆς

190 2897 280 2951 τοῦ
308 2900 581 2957 Ἰουδαίων
608 2902 792 2967 ἔθνους
807 2904 886 2967 είς
915 2902 1209 2958 Βαϐυλῶνα
1241 2904 1763 2976 ἐϐδομηκονταετοῦς

185 2990 569 3061 αἰχμαλωσίας
591 2987 670 3057 είς
685 2993 858 3066 πέρας
877 2994 978 3066 ήδη
1003 2993 1445 3066 συνελαυνούσης,
1464 2996 1541 3068 τῷ
1567 2996 1762 3070 Δανιὴλ

187 3083 495 3155 εὐξαμένῳ,
527 3079 607 3150 εἷς
630 3085 737 3139 τῶν
783 3087 953 3155 ἁγίων
983 3086 1307 3159 λειτουργῶν
1339 3087 1433 3143 τοῦ
1466 3089 1622 3157 Θεοῦ,
1658 3090 1698 3142 Γ
1700 3107 1762 3143 α-

1870 616 1990 656 sum
2026 609 2086 656 ut
2114 601 2334 657 all'eram
2375 602 2472 657 tibi
2513 599 2928 672 intelligentiam
2960 617 2973 652 :
3005 598 3075 652 ab
3112 597 3267 652 initio
3304 611 3429 667 pre-

1869 708 1993 747 cum
2034 700 2253 747 tuarum
2290 708 2545 764 egressus
2584 699 2668 748 est
2706 705 2922 756 sermo,
2968 698 3022 744 et
3063 704 3162 760 ego
3206 687 3329 744 veni
3368 695 3428 741 ut

1868 784 2164 839 indicarem
2215 784 2343 846 tibi,
2395 785 2538 854 quod
2583 783 2665 836 vir
2706 780 3098 836 desideriorum
3138 788 3199 834 tu
3237 794 3338 840 es,
3372 785 3427 833 et

1869 876 2239 930 animadverte
2272 875 2325 929 in
2354 875 2542 938 verbo,
2577 881 2631 928 et
2659 872 2899 943 intellige
2931 872 2984 925 in
3018 871 3250 935 visione,
3283 870 3427 940 quod

1867 963 1952 1019 vir
1998 963 2393 1018 desideriorum
2429 978 2489 1018 es
2539 971 2617 1017 tu.
2669 959 3022 1031 Septuaginta
3065 958 3428 1015 hebdomades

1867 1053 2250 1126 compendium
2308 1068 2570 1124 accepere
2620 1069 2784 1124 super
2836 1053 3093 1123 populum
3139 1061 3325 1117 tuum,
3373 1061 3429 1107 et

1867 1161 2032 1216 super
2062 1144 2338 1201 civitatem
2378 1151 2653 1208 sanctam,
2690 1154 2751 1198 ut
2790 1153 3202 1200 consummetur
3235 1158 3429 1214 pecca-

1867 1246 2016 1304 tum,
2046 1244 2100 1292 et
2131 1237 2417 1307 signentur
2446 1236 2604 1308 quasi
2647 1236 2849 1290 annulo
2890 1244 3112 1305 peccata
3135 1232 3164 1301 ,’
3190 1244 3245 1292 et
3283 1236 3429 1292 dele-

1868 1340 2029 1385 antur
2058 1328 2378 1399 iniquitates
2398 1370 2413 1394 ,
2441 1336 2496 1385 et
2524 1329 2810 1399 expientur
2838 1328 3147 1397 iniustitiae,
3173 1337 3228 1383 et
3258 1329 3422 1384 addu-

1866 1432 2024 1476 catur
2049 1420 2267 1490 justitia
2298 1421 2623 1491 sempiterna
2644 1461 2658 1485 ,
2690 1428 2744 1475 et
2774 1422 2930 1492 quasi
2964 1422 3117 1492 signo
3163 1422 3429 1491 impresso

1865 1513 2153 1568 claudatur
2197 1513 2333 1569 visio
2354 1553 2370 1579 ,
2401 1520 2456 1567 et
2488 1512 2773 1584 prophetia
2794 1552 2808 1577 ,
2842 1520 2896 1569 et
2930 1520 3165 1583 ungatur
3204 1521 3427 1569 sanctus

1867 1611 2181 1659 sanctorum
2203 1644 2217 1669 ,
2247 1611 2299 1658 et
2329 1618 2628 1674 cognosces
2657 1611 2710 1658 et
2740 1603 3008 1675 intelliges
3030 1603 3100 1657 ab
3137 1602 3285 1657 exitu
3317 1618 3427 1659 ser-

1867 1695 2079 1760 monis,
2110 1701 2171 1749 nt
2206 1694 2633 1764 respondeatur,
2666 1705 2720 1751 et
2751 1695 3049 1751 aediﬁcetur
3088 1693 3425 1749 Hierusalem

1866 1805 2042 1859 usque
2079 1790 2146 1845 ad
2193 1789 2472 1845 Christum
2521 1790 2737 1845 ducem.
2778 1788 3152 1845 Hebdomades
3192 1796 3427 1859 septem,

1867 1888 1922 1934 et
1942 1879 2307 1936 hebdomades
2337 1882 2618 1952 sexaginta
2646 1881 2808 1951 382
2840 1880 2961 1935 dua:
2980 1922 2995 1946 ,
3024 1887 3077 1935 et
3107 1886 3429 1944 revertetur,

1867 1982 1920 2028 et
1959 1972 2321 2027 mdiﬁcabitur
2354 1974 2533 2044 platea
2571 1980 2624 2027 et
2662 1988 2888 2038 murus,
2930 1978 2984 2026 et
3019 1970 3430 2026 evacuebuntur

1869 2074 2144 2136 tempora:
2168 2072 2221 2122 et
2250 2076 2376 2136 post
2393 2064 2762 2121 hebdomadas
2793 2062 3072 2133 sexaginta
3102 2062 3238 2117 duas
3261 2101 3276 2127 ,
3307 2076 3435 2132 per-

1868 2160 1964 2214 ibit
2004 2160 2188 2215 unctio
2214 2200 2232 2227 ,
2278 2167 2333 2215 et
2391 2159 2657 2231 judicium
2697 2171 2804 2211 non
2844 2164 2927 2212 est
2968 2157 3021 2211 in
3062 2171 3125 2212 ea
3149 2195 3164 2218 .
3203 2163 3257 2211 et
3295 2156 3429 2213 civi-.-

1867 2261 2031 2308 tatem
2067 2262 2120 2307 et
2153 2259 2402 2308 sanctum
2441 2249 2715 2322 disperdet
2750 2265 2875 2303 cum
2904 2247 3042 2302 duce
3078 2256 3342 2310 venturo,
3377 2253 3432 2300 et

1865 2345 2187 2401 excidentur
2225 2345 2280 2399 in
2321 2344 2557 2408 diluvio,
2597 2350 2653 2399 et
2692 2356 2864 2413 usque
2901 2339 2970 2395 ad
3009 2338 3169 2399 ﬁnem
3209 2338 3332 2394 belli
3373 2337 3427 2390 in

1866 2437 2245 2511 compendium
2278 2436 2482 2493 redacti
2512 2433 2981 2493 internecionibus
3001 2472 3017 2500 ,
3048 2439 3102 2489 et
3135 2430 3430 2487 conﬁrma-

1866 2532 1944 2585 bit
1986 2538 2203 2601 pactum
2240 2530 2428 2584 multis
2465 2528 2804 2584 hebdomade
2845 2540 2988 2590 una,
3049 2531 3105 2580 et
3155 2524 3209 2579 in
3248 2523 3429 2579 medio

1866 2623 2220 2679 hebdomadis
2247 2621 2524 2676 auferetur
2555 2619 2883 2676 sacriﬁcium
2913 2624 2966 2672 et
2997 2612 3220 2682 libatio,
3252 2622 3304 2669 et
3336 2630 3428 2669 su-

1865 2731 1961 2787 per
1998 2715 2256 2786 templum
2296 2712 2633 2769 abominatio
2666 2709 3098 2771 desolationum,
3150 2714 3207 2763 et
3253 2721 3427 2775 usque

1866 2807 1931 2862 ad
1954 2806 2480 2863 consummationem
2517 2802 2811 2873 temporis,
2837 2797 3239 2855 consummatio
3273 2794 3426 2847 dabi-

1866 2907 1953 2953 tur
1997 2899 2051 2953 in
2093 2897 2486 2955 desolationem
2517 2896 2585 2950 ⁸⁸.
2622 2914 2643 2947 ι
2667 2893 2803 2949 Cum
2843 2890 3085 2946 Iudaica:
3121 2889 3299 2961 gentis
3339 2902 3428 2942 se-

1864 2990 2217 3062 ptuagenaria
2244 2988 2384 3061 apud
2410 2986 2737 3059 Babylonios
2770 2983 3004 3040 servitus
3032 2982 3144 3052 jam
3174 2979 3241 3034 ad
3266 2978 3428 3034 linem

1864 3081 2143 3147 tenderet,
2185 3079 2392 3135 Danieli
2428 3077 2603 3133 oranti
2654 3062 2800 3145 unus
2838 3089 2903 3129 ex
2947 3071 3151 3128 sanctis
3187 3068 3282 3124 Dei
3324 3068 3430 3121 mis

187 3174 347 3247 δριὴλ
390 3178 421 3229 ὁ
468 3177 824 3248 ἀρχάγγελος,
858 3178 1162 3247 ἐπιφανεὶς,
1198 3180 1294 3252 τὴν
1350 3182 1644 3236 ἀνανέωσιν
1662 3184 1759 3256 τῆς

1864 3175 2054 3230 nistris
2107 3173 2260 3229 visus
2310 3169 2526 3226 Gabriel
2575 3167 2962 3238 archangelus,
3019 3162 3425 3219 renovationem

197 3268 559 3341 Ἰερουσαλὴμ
616 3271 815 3325 αὐτίκα
848 3288 908 3327 τε
934 3272 1027 3325 καὶ
1054 3273 1154 3326 οὐκ
1194 3273 1272 3336 είς
1297 3273 1513 3345 μακρὰν
1543 3274 1760 3329 ἔσεσθαι

187 3351 457 3419 θεσπίζει,
516 3357 612 3411 τόν
650 3374 708 3411 τε
738 3357 879 3412 κατά
925 3359 1023 3429 τὴν
1053 3360 1348 3415 ἀνανέωσιν
1373 3362 1540 3434 αὐτῆς
1573 3364 1761 3437 χρόνον

189 3447 266 3509 εἰς
305 3446 445 3501 ἐτῶν
500 3449 731 3520 ἀριθμὸν
790 3450 1122 3522 περιορίζει·
1153 3452 1481 3524 προλέγει-τε
1515 3456 1590 3519 ὡς
1621 3457 1761 3511 κατά

189 3539 285 3610 τὴν
346 3539 661 3611 ὡρισμένην
711 3542 1044 3614 προθεσμίαν
1084 3539 1239 3607 αὖθις
1284 3543 1758 3618 καθαιρεθήσεται,

190 3635 280 3687 καὶ
298 3635 395 3698 ὡς,
428 3634 529 3707 τὴν
549 3636 807 3710 δευτέραν
836 3638 1174 3710 ὑπομείνασα
1196 3640 1397 3695 ἅλωσιν
1420 3641 1515 3694 καὶ
1543 3641 1759 3713 πολιορ-

190 3724 332 3789 κίαν,
362 3725 548 3779 οὖκέτι
579 3728 678 3799 τῆς
704 3729 768 3782 ἐκ
802 3727 936 3783 Θεοῦ
968 3729 1212 3795 τεύξεται
1250 3731 1574 3802 ἐπισκοπῆς,
1610 3734 1763 3803 μενεῖ

190 3816 243 3868 δέ
288 3816 520 3889 ἔρημος,
573 3819 1112 3895 συγκαθαιρουμένης
1158 3822 1292 3894 αὐτῇ
1335 3825 1434 3895 τῆς
1486 3822 1628 3877 κατὰ
1670 3824 1770 3878 τὸν

191 3908 432 3973 Μωσέως
489 3910 651 3981 νόμον
724 3912 1001 3985 λατρείας,
1058 3915 1250 3988 ἑτέρας
1290 3915 1346 3969 δὲ
1399 3916 1515 3969 ἀντ’
1547 3915 1758 3987 ἐκείνης

189 3997 263 4068 τῷ
292 3998 532 4071 βίφντῶν
558 4001 859 4075 ἀνθρώπων
887 4006 1093 4079 Καινῆς
1113 4007 1384 4080 Διαθήκης
1412 4007 1761 4080 ἁντεισαχθη-

193 4091 444 4169 σομένης.
497 4094 609 4148 Καὶ
640 4094 812 4150 ταῦτα
836 4097 866 4148 ὁ
891 4097 1130 4171 Γαϐριὴλ
1159 4098 1233 4164 ὡς
1261 4101 1317 4153 ἐν
1349 4103 1614 4172 χρησμοῖς
1643 4102 1762 4156 ἐπι-

192 4183 590 4255 κεκρυμμένως
624 4186 904 4258 ἐκφαίνειν
935 4190 1187 4260 ὁμολογεῖ
1216 4190 1294 4262 τῷ
1329 4194 1599 4265 προφήτῃ.
1623 4193 1761 4265 (Ιιησλ⁵

191 4272 315 4339 γοῦν
346 4274 427 4345 τῷ
450 4276 676 4348 Δανιήλ·
714 4295 735 4330 ι
773 4276 888 4333 Νῦν
919 4279 1139 4351 ἐξῆλθον
1174 4282 1504 4353 συμϐιϐάσαι
1530 4301 1588 4337 σε
1637 4283 1761 4338 σύν·

193 4382 332 4421 εσινο
376 4370 435 4421 ἐν
487 4370 629 4443 ἀρχῇ
682 4371 783 4446 τῆς
844 4373 1079 4446 δεήσεώς
1128 4393 1221 4429 σου
1272 4375 1490 4448 ἐξῆλθεν
1526 4378 1756 4448 ὁλόγος,

1863 3267 2016 3323 urbis
2058 3264 2397 3322 Hierusalem
2444 3260 2621 3333 primo
2667 3273 2884 3330 quoque
2922 3264 3169 3326 tempore
3209 3260 3263 3310 et
3307 3252 3427 3308 sine

1862 3374 2013 3414 mora
2049 3357 2288 3413 futuram
2333 3353 2518 3419 canit,
2550 3359 2605 3408 et
2632 3359 2849 3423 tempus
2876 3363 3049 3419 usque
3083 3346 3151 3402 ad
3184 3360 3305 3402 eam
3334 3358 3424 3398 re-

1862 3451 2206 3506 novationem
2245 3463 2476 3503 numero
2505 3462 2776 3502 annorum
2819 3445 3188 3502 determinat:
3226 3441 3428 3513 praedi-

1861 3542 2046 3613 citque
2074 3548 2145 3595 .ut
2186 3549 2310 3610 post
2354 3538 2635 3593 deﬁnitum
2681 3537 2815 3593 illud
2852 3536 3114 3607 temporis
3145 3533 3381 3604 spatium
3406 3572 3422 3595 ,

1860 3650 2056 3690 rursus
2087 3639 2379 3695 evertetur,
2428 3638 2595 3700 utque
2634 3638 2758 3701 post
2805 3627 3106 3685 secundam
3148 3638 3425 3694 expugna-

1861 3724 2062 3779 tionem
2098 3730 2262 3795 atque
2304 3721 2683 3789 obsidionem,
2732 3735 2846 3777 non
2893 3720 3035 3775 ultra
3088 3717 3199 3774 Deo
3244 3722 3424 3773 tutore

1860 3815 2148 3888 gaudebit,
2181 3814 2275 3871 sed
2306 3814 2422 3870 sola
2452 3830 2515 3870 ac
2552 3814 2768 3870 deserta
2812 3826 2996 3869 secum
3033 3824 3138 3865 una
3174 3807 3423 3862 Mosaicm

1861 3909 1995 3979 legis
2022 3908 2129 3963 ritu
2158 3896 2402 3973 Sublato,
2429 3906 2803 3978 permanebit,
2831 3903 3031 3975 quippe
3060 3916 3183 3956 cum
3215 3900 3271 3954 in
3302 3898 3422 3968 ejus

1861 4002 2000 4057 ritus
2029 4001 2240 4067 locum,
2271 4003 2325 4056 in
2361 4002 2526 4058 vitam
2560 4000 2844 4057 hominum
2881 3997 3111 4051 alterum
3142 3992 3215 4049 sit
3252 3991 3397 4046 intro

1860 4091 2166 4148 ducendum
2198 4092 2627 4155 Testamentum,
2663 4090 2811 4160 quod
2846 4085 3058 4141 Novum
3092 4085 3324 4140 dicatur.
3360 4079 3426 4132 Et

1859 4183 2005 4249 lucc,
2036 4191 2096 4237 ut
2129 4184 2185 4237 in
2219 4182 2460 4237 oraculis
2488 4195 2608 4235 mos
2637 4189 2755 4243 est,
2792 4178 3026 4232 latenter
3056 4188 3115 4229 se
3154 4172 3259 4244 ipsi
3297 4185 3425 4241 pro-

1861 4276 2038 4346 pheta:
2070 4275 2314 4330 indicare
2341 4273 2559 4329 Gabriel
2591 4271 2899 4343 proﬁtetur.
2933 4268 3026 4321 Ait
3058 4266 3226 4337 igitur
3258 4264 3328 4318 ad
3359 4262 3426 4319 il-

1858 4369 1971 4423 lum
2001 4386 2014 4422 :
2055 4386 2074 4419 ι
2102 4366 2257 4422 Nunc
2288 4381 2543 4437 egressus
2575 4379 2694 4419 sum
2732 4371 2792 4417 ut
2822 4360 3042 4415 alleram
3082 4358 3180 4411 tibi
3221 4354 3425 4410 intelli-

192 4458 341 4527 κάγὼ
371 4455 539 4541 ἦλθον
581 4463 895 4535 ἀναγγεῖλαί
925 4484 1027 4532 σοι,
1078 4468 1160 4522 ὅτι
1187 4469 1327 4541 ἀνὴρ
1360 4470 1663 4543 ἐπιθυμιῶν
1692 4475 1756 4527 σὺ

1863 4462 2096 4532 gentiam
2124 4480 2138 4515 :
2166 4460 2233 4515 ab
2264 4458 2417 4513 initio
2444 4471 2664 4528 precum
2690 4460 2905 4508 tuarum
2928 4464 3182 4521 egressus
3206 4453 3290 4502 est
3311 4460 3427 4501 serv

192 4546 255 4616 εἴ,
308 4538 410 4606 καὶ
476 4554 756 4627 ἐννοήθητι
797 4558 855 4610 ἐν
910 4558 986 4631 τῷ
1028 4560 1249 4631 ῥήματι,
1277 4535 1377 4616 καὶ
1425 4535 1581 4628 σύνες
1609 4567 1666 4618 ἐν
1691 4568 1762 4637 τῇ.

1863 4570 1989 4617 mo,
2029 4560 2085 4608 et
2129 4566 2229 4623 ego
2259 4552 2379 4605 veni
2426 4555 2487 4605 ut
2526 4546 2822 4601 indicarem
2866 4541 3000 4606 tibi,
3035 4538 3182 4610 quod
3211 4537 3296 4592 vir
3324 4535 3425 4594 dev

194 4642 454 4718 ὀπτασίᾳο
496 4666 514 4697 ι
555 4649 739 4718 σαφῶς
788 4651 1067 4723 διεγείρων
1123 4654 1284 4709 αὐτὸν
1323 4657 1401 4720 είς
1457 4656 1759 4730 βαθυτέραν

194 4733 395 4789 ἔννοιαν
454 4737 550 4790 καὶ
607 4738 819 4796 σύνεσιν
883 4744 981 4813 τῆς
1008 4742 1117 4797 τῶν
1161 4743 1466 4816 λεγομένων
1507 4747 1755 4819 θεωρίας.

205 4823 498 4881 ὐπτασίαν
553 4830 684 4897 γοῦν
745 4832 886 4886 αὑτά
930 4834 993 4903 γέ
1046 4853 1176 4906 φησι
1221 4836 1308 4889 διά
1349 4838 1411 4891 τὸ
1460 4838 1760 4913 βαθυτέρας

196 4913 405 4986 ἔχεσθαι
432 4918 688 4987 διανοίας,
729 4922 823 4975 καὶ
845 4924 905 4976 οὐ
946 4923 1044 4994 τῆς
1073 4927 1341 4998 τυχούσης
1370 4928 1636 4993 συνέσεως
1656 4930 1759 4984 δεῖ-

197 5005 341 5062 σθαιο
360 5009 554 5082 διόπερ
573 5013 666 5065 καὶ
682 5013 836 5066 αὐτοὶ
852 5014 942 5067 τὸν
956 5014 1294 5087 δωρούμενον
1319 5012 1532 5073 σύνεσιν
1555 5020 1763 5095 ἀνθρώ-

196 5113 330 5165 ποις,
376 5100 833 5172 ἐπικαλεσάμενοι
866 5121 925 5156 τε
951 5105 1041 5157 ὑπ’
1066 5105 1229 5158 αὑτοῦ
1274 5107 1610 5178 φωτισθῆναι
1638 5112 1763 5175 τοὺς

194 5188 283 5259 τῆς
330 5190 575 5256 διανοίας
627 5192 960 5265 ὀφθαλμοὺς,
1008 5196 1464 5270 ἐπιθαρῤήσωμεν
1511 5203 1577 5273 τῇ
1623 5202 1762 5256 κατὰ

194 5284 310 5348 τοὺς
338 5285 541 5349 τόπους
565 5284 786 5359 θεωρίᾳ·
812 5308 829 5339 ι
869 5289 1287 5362 Ἑϐδομήκοντα,
1323 5310 1342 5343 ›
1388 5294 1572 5363 φησιν,
1608 5313 1628 5346 ι
1672 5296 1762 5349 ἐδ-

194 5370 411 5444 δομάδες
445 5375 859 5448 συνετμήθησαν
887 5377 984 5432 ἐπὶ
1003 5378 1093 5432 τὸν
1124 5378 1249 5434 λαόν
1283 5396 1377 5433 σου
1409 5381 1504 5433 καὶ
1536 5380 1629 5433 ἐπὶ⁵
1653 5381 1753 5452 τὴν

197 5464 340 5520 πόλιν
362 5467 465 5537 τὴν
485 5467 646 5536 ἁγίαν
665 5485 782 5532 σου,
798 5468 892 5522 τοῦ
915 5469 1327 5542 συντελεσθῆναι
1346 5470 1641 5545 ἁμαρτίαν,
1658 5472 1754 5524 καὶ

196 5554 481 5628 ἀπαλεῖψαι
509 5558 607 5622 τὰς
639 5559 885 5630 ἀνομίας,
914 5561 1006 5614 καὶ
1023 5561 1117 5615 τοῦ
1146 5560 1490 5627 ἐξιλάσασθαι
1519 5561 1749 5626 ἀδικίας,

195 5645 282 5702 καὶ
324 5649 558 5717 ἀγαγεῖν
586 5648 932 5725 δικαιοσύνην
954 5650 1187 5718 αἰώνιον,
1214 5654 1309 5709 καὶ
1337 5655 1433 5709 τοῦ
1459 5654 1751 5725 σφραγίσαι

265 5842 307 5877 ⁸⁸
344 5843 478 5901 Dan.
513 5860 591 5912 ιι,
623 5845 814 5906 20-27.

1863 4644 2189 4702 sideriorum
2243 4650 2301 4696 tu
2349 4657 2440 4707 es,
2493 4649 2546 4694 et
2594 4635 2970 4692 animadverte
3018 4632 3073 4687 in
3120 4629 3323 4695 verbo,
3374 4636 3429 4683 et

1863 4735 2103 4805 intellige
2154 4735 2213 4789 in
2256 4732 2488 4789 visione.
2522 4750 2540 4783 ι
2567 4729 2780 4796 Quibus
2830 4726 3013 4782 verbis
3063 4724 3222 4794 plane
3273 4720 3428 4808 illum

1861 4828 2103 4894 excitat,
2138 4835 2198 4883 ut
2231 4824 2557 4896 profundius
2598 4820 3031 4882 animadvertat,
3074 4811 3427 4887 profundius-

1860 4935 1967 4991 que
2005 4918 2271 4990 intelligat
2305 4932 2368 4972 ea
2406 4930 2526 4986 qua:
2568 4915 2622 4969 in
2663 4912 2844 4969 verbis
2880 4910 2949 4965 ab
2986 4910 3107 4979 ipso
3145 4903 3427 4977 proferen-

1859 5012 1947 5066 dis
1973 5011 2435 5079 contemplatione
2493 5007 2655 5077 digna
2689 5013 2837 5060 sunt.
2887 5001 3165 5071 Siquidem
3206 4997 3295 5050 illa
3346 4995 3428 5048 vi-

1859 5102 2071 5158 sionem
2128 5100 2411 5171 appellat,
2462 5107 2751 5168 propterea
2807 5091 2954 5164 quod
3012 5087 3423 5162 profundiorem

1859 5175 2147 5265 quemdam
2188 5205 2409 5246 sensum
2455 5189 2760 5257 attingunt,
2810 5197 2988 5254 neque
3027 5178 3238 5250 vulgari
3288 5192 3425 5246 qua-

1857 5287 1982 5342 dam
2025 5282 2310 5354 prudentia
2357 5279 2604 5347 indigent
2635 5295 2648 5329 :
2682 5272 3036 5346 quamobrem
3072 5267 3176 5339 ipsi
3208 5276 3426 5336 quoque

1861 5392 1984 5433 eum
2029 5376 2385 5435 invocantes,
2429 5369 2524 5440 qui
2566 5368 2659 5422 dat
2698 5363 3017 5422 hominibus
3060 5357 3382 5429 sapientiam
3407 5395 3422 5420 ,

1859 5476 2225 5541 rogantesque
2254 5472 2313 5519 ut
2338 5463 2536 5517 mentis
2562 5459 2752 5516 oculos
2778 5455 2937 5513 nobis
2963 5452 3232 5510 illuminet
3250 5491 3266 5519 ,
3292 5464 3426 5504 con-

1861 5562 2090 5618 ﬁdenter
2143 5556 2541 5629 aggrediamur,
2577 5567 2698 5624 quae
2731 5550 2798 5605 ad
2831 5550 3029 5604 horum
3061 5547 3309 5601 locorum
3339 5542 3426 5597 in-

1860 5650 2303 5724 terpretationem
2350 5646 2619 5718 pertinent
2652 5663 2668 5701 :
2711 5662 2730 5696 ι
2767 5640 3149 5713 Septuaginta,
3210 5631 3428 5710 inquit,
