3928 6504
525 395 630 452 599

1191 390 1459 448 EUSEBH
1497 387 1973 448 CAESARIENSIS
2008 388 2159 448 OPP.
2199 389 2379 448 PARS
2414 388 2479 449 ll.
2518 419 2574 430 —
2606 383 3112 444 APOLOGETICA.

3687 381 3773 437 600

523 503 889 562 hebdomades
929 504 1304 574 compendium
1355 517 1610 572 accepere
1630 515 1792 571 super
1833 502 2087 572 populum

2207 506 2378 574 5ρασιν
2398 503 2492 556 καὶ
2515 499 2870 572 προφητείαν,
2889 498 2982 551 καὶ
3007 495 3111 549 τοῦ
3149 494 3355 565 χρῖσαι
3385 490 3546 560 ἅγιον
3571 491 3771 559 ἁγίων..

525 607 680 651 tuum
702 593 796 659 ,ἐι
819 611 982 666 super
1001 595 1269 650 civitatem
1292 604 1534 650 sanctam
1551 634 1567 660 ,
1594 599 1654 647 ut
1679 599 2087 646 consummetur

527 695 840 758 peccatum,
879 695 931 742 et
968 687 1127 757 quasi
1164 687 1366 741 annulo
1404 686 1688 756 signentur
1727 690 1989 752 peccata:
2033 690 2087 737 et

528 779 816 834 deleantur
862 779 1217 849 iniquitates,
1262 786 1317 832 et
1360 777 1646 847 expientur
1686 774 2000 843 injustitiaa,
2036 781 2089 827 et

531 872 836 926 adducatur
863 871 1077 941 justitia
1119 872 1480 940 sempiterna,
1515 875 1569 924 et
1598 870 1754 939 quasi
1800 868 1955 938 signo
1989 866 2089 919 im-

530 977 724 1034 presso
774 963 1060 1017 claudatur
1111 963 1248 1017 visio
1289 969 1342 1016 et
1388 961 1668 1031 prophetia
1695 999 1710 1023 ,
1763 966 1818 1014 et
1859 965 2090 1027 ungatur

534 1053 770 1109 Sanctus
820 1062 1156 1110 sanctorum.
1194 1073 1211 1105 ι
1248 1053 1408 1123 383
1440 1052 1594 1118 Quod
1650 1051 1820 1121 igitur
1872 1056 2091 1119 septua-

533 1146 680 1216 ginta
711 1145 1173 1201 hebdomadarum
1208 1145 1442 1214 spatium
1468 1185 1484 1209 ,
1519 1143 1566 1198 si
1614 1143 1670 1197 in
1714 1157 1887 1196 annos
1918 1139 2093 1194 resol-

530 1243 713 1300 vatur,
765 1237 1059 1308 nonaginta
1119 1250 1284 1306 supra
1343 1233 1769 1305 quadringentos
1822 1245 2089 1287 summam

533 1327 810 1394 conficiat,
866 1328 1102 1393 nemini,
1135 1333 1266 1399 puto
1290 1369 1305 1396 ,
1336 1325 1560 1383 dubium
1589 1333 1692 1380 est.
1729 1323 1963 1378 Tantum
1994 1322 2094 1394 igi-

530 1427 624 1474 tur
652 1421 915 1490 temporis
947 1419 1326 1492 compendium
1375 1419 1585 1489 accepit
1633 1433 1799 1487 super
1836 1416 2093 1488 populum

534 1522 685 1564 tuum
706 1550 723 1577 ,
755 1511 1006 1566 ubi'sane
1037 1526 1250 1566 omnem
1285 1508 1521 1564 Iudaica:
1549 1509 1726 1580 gentis
1757 1507 2098 1563 terminatio-

535 1619 659 1657 nem
707 1603 983 1658 concludit
1019 1621 1033 1659 :
1076 1619 1178 1658 nec
1225 1609 1409 1658 tamen
1466 1603 1587 1658 illos
1633 1602 1688 1656 in
1731 1600 1819 1655 bis
1863 1598 2096 1670 amplius

534 1693 630 1750 Dei
663 1695 921 1766 populum
952 1702 1143 1760 vocat,
1187 1695 1281 1751 sed
1326 1695 1610 1765 alloquens
1654 1695 1831 1764 ipsum
1875 1690 2094 1756 Daniel,

541 1802 560 1836 ι
587 1782 874 1855 Populum,
914 1787 1149 1856 «inquit,
1176 1806 1194 1836 ι
1228 1792 1410 1840 tuum:
1434 1805 1452 1836 ι
1479 1785 1858 1856 namquealias
1884 1796 2098 1854 quoque

2188 598 2306 649 ’Ότι
2333 595 2439 648 τῶν
2474 595 2838 666 ἐϐδομήκοντα
2860 590 3187 662 ἑϐδομάδων
3227 589 3260 640 ὁ
3295 586 3519 656 χρόνος,
3545 585 3602 636 ὲν
3627 586 3779 638 ἐτεσιν

2186 688 2565 758 ἀναλυόμενος,
2621 685 2969 756 ἐννενήκοντα
3044 681 3206 754 πρὸς
3260 681 3386 742 τοῖς
3428 679 3779 749 τετρακοσίοις

2187 780 2413 852 ἀριθμὸν
2441 778 2677 847 συνάγει,
2710 775 2868 830 παντί
2898 792 2998 828 που
3018 774 3213 846 δῆλον.
3257 768 3540 831 Τοσοῦτος
3571 786 3648 821 τοι
3664 786 3781 841 γαρ-

2187 872 2280 925 οῦν
2331 869 2635 939 συνετμήθη
2689 866 2877 938 χρόνος
2925 866 3017 919 ἐπὶ
3069 862 3177 916 τὸν
3227 860 3370 914 λαόν
3429 876 3548 925 σου,
3589 858 3648 912 τὸ
3686 862 3777 912 πᾶν

2191 963 2564 1035 συμπέρασμα
2606 959 2701 1013 τοῦ
2743 956 3007 1013 Ἰουδαίων
3041 954 3410 1026 περιορίζων
3450 951 3670 1014 ἔθνους·
3701 953 3780 1004 καὶ

2190 1056 2371 1111 οὐκέτι
2392 1072 2453 1124 γε
2485 1054 2680 1116 αὐτοὺς
2703 1053 2759 1104 ἐν
2793 1050 3003 1113 τούτοις
3029 1047 3179 1102 Θεοῦ
3210 1046 3353 1099 λαὸν
3383 1042 3776 1116 προσαγορεύει,

2191 1148 2324 1202 ἀλλὰ
2354 1146 2432 1218 τῷ
2465 1145 2665 1216 Δανιὴλ
2688 1161 2839 1214 φησι,
2873 1161 2891 1193 ‹
2915 1141 3040 1196 λαόν
3074 1158 3205 1193 σου.
3239 1157 3259 1188 ι
3293 1138 3520 1207 ’Ὠσπερ
3540 1134 3646 1206 γὰρ
3675 1137 3784 1188 ἁσε-

2193 1238 2437 1309 6ἠσαντά
2461 1253 2589 1290 ποτε
2618 1236 2712 1288 καὶ
2741 1233 3296 1305 είδωλολατρὴσαντα
3324 1229 3426 1281 ἐπὶ
3452 1228 3554 1299 τῆς
3573 1228 3778 1300 ἐρήμου,

2191 1331 2374 1385 οὐκέτι
2419 1329 2549 1382 λαὸν
2587 1327 2778 1381 ἑαυτοῦ
2810 1329 2838 1380 ὁ
2865 1326 3014 1392 Θεὸς,
3047 1323 3194 1378 ἀλλὰ
3227 1321 3333 1376 τοῦ
3361 1321 3612 1383 Μωσέως
3639 1338 3782 1390 προσ-

2193 1425 2311 1476 εῖπε
2336 1462 2351 1487 ,
2388 1421 2596 1491 φήσας·
2636 1438 2654 1470 ι
2684 1417 2899 1482 Βάδιζε,
2933 1416 3219 1486 κατάϐηθι
3241 1431 3256 1444 °
3319 1413 3574 1485 ἠνόμησε
3624 1414 3722 1485 γὰρ
3756 1415 3780 1466 ὁ

2193 1512 2320 1575 λαός
2353 1527 2473 1564 σουο
2508 1528 2527 1562 ι
2565 1509 2656 1564 τὸν
2702 1507 2862 1562 αὐτὸν
2895 1508 3092 1578 τρόπον
3159 1504 3466 1559 κάνταῦθα
3505 1503 3600 1557 τοῦ
3649 1521 3780 1574 περι-

2193 1601 2421 1674 ωρίσθαι
2453 1601 2573 1655 κατ’
2604 1597 2782 1654 αὐτῶν
2832 1597 2921 1650 τὸν
2954 1594 3279 1666 δηλωθέντα
3315 1591 3519 1664 χρόνον
3546 1590 3606 1643 τὸ
3634 1589 3779 1643 αἴτιον

2196 1695 2527 1752 ἐκδιδάσκει·
2573 1691 2730 1746 τοῦτο
2776 1690 2818 1744 δ’
2858 1685 2925 1760 ἦν
2970 1688 3030 1742 τὸ
3080 1687 3300 1759 μηκέτι
3355 1684 3457 1738 τοῦ
3511 1683 3643 1736 Θεοῦ
3673 1683 3779 1734 λαὸν

2197 1786 2391 1850 αὐτοὺς
2421 1783 2800 1851 καταξιοῦσθαι
2824 1779 3210 1852 χρηματίζειν.
3245 1776 3536 1844 Ἐπιλέγει
3557 1775 3630 1835 δὲ,
3659 1775 3779 1826 «Kal.

533 1884 793 1946 tanquam
825 1893 949 1932 eum
985 1877 1076 1951 qui
1114 1877 1278 1948 impie
1304 1877 1540 1947 egisset,
1581 1885 1634 1932 et
1679 1874 1986 1930 simulacris
2037 1888 2096 1930 se

2207 1878 2288 1931 ἐπὶ
2317 1875 2415 1948 τὴν
2442 1873 2592 1928 πόλιν
2610 1873 2709 1943 τὴν
2737 1870 2899 1940 ἁγίαν
2917 1886 2929 1899 ·
2962 1887 2979 1920 ι
3004 1868 3064 1922 τὸ
3093 1867 3198 1921 σοῦ
3230 1865 3406 1920 πάλιν
3437 1864 3776 1928 ἐξακουόντων

537 1967 869 2034 addixisset,
903 1984 1011 2024 non
1040 1968 1272 2038 amplius
1304 1983 1462 2023 suum
1499 1969 1756 2038 populum
1790 1965 1934 2022 Deus
1955 2006 1969 2031 ,
2002 1963 2097 2021 sed

538 2058 704 2114 Musis
762 2059 1079 2130 appellavit,
1132 2075 1254 2114 cum
1304 2059 1476 2114 dixit:
1509 2081 1526 2112 ι
1559 2059 1738 2124 Vade,
1793 2057 2096 2123 descende,

539 2153 783 2222 peccavit
806 2153 949 2208 enim
979 2155 1210 2222 populus
1243 2162 1368 2209 tuus
1394 2155 1459 2207 ⁸ο.
1492 2172 1510 2205 ›
1535 2151 1689 2206 Nunc
1717 2151 1882 2220 igitur
1908 2148 2098 2205 eodem

538 2243 700 2298 modo
733 2258 988 2308 causam,
1022 2259 1120 2299 cur
1152 2242 1281 2297 illud
1329 2244 1589 2312 temporis
1631 2243 1866 2312 spatium
1911 2248 2102 2296 contra

537 2335 660 2391 illos
712 2335 1026 2407 praelinierit
1065 2337 1270 2390 docet:
1320 2336 1423 2389 hoc
1464 2342 1643 2389 autem
1684 2343 1802 2400 est,
1849 2347 1945 2388 eos
1991 2347 2101 2385 non

540 2428 774 2497 amplius
803 2427 996 2499 dignos
1029 2443 1150 2483 esse
1170 2469 1183 2492 ,
1219 2428 1311 2498 qui
1342 2427 1575 2497 populus
1612 2425 1706 2480 Dei
1738 2426 2097 2495 appellentur.

537 2518 742 2576 Deinde
786 2520 1030 2592 adjungit
1079 2519 1245 2584 illud,
1280 2539 1298 2571 ‹
1330 2519 1396 2573 Et
1447 2518 1620 2590 Super
1654 2519 1925 2573 civitatem
1976 2532 2104 2572 san-

538 2619 680 2666 ctam
712 2630 727 2680 ;
760 2631 780 2664 ι
805 2613 895 2668 ubi
929 2613 1060 2666 illud
1109 2621 1252 2666 tuam
1287 2628 1480 2668 rursus
1511 2628 1542 2666 a
1586 2610 1852 2680 superiori
1902 2607 2107 2663 subau-

538 2705 775 2760 divimus
806 2725 818 2760 :
856 2713 915 2759 ut
947 2707 1024 2759 ita
1057 2705 1267 2760 dictum
1294 2719 1417 2760 esse
1449 2703 1723 2766 videatur,
1754 2719 1771 2752 ‹
1804 2716 1969 2771 super
2006 2715 2106 2769 po-

540 2797 726 2867 pulum
768 2805 921 2852 tuum
966 2807 1018 2851 et
1056 2814 1222 2868 super
1262 2799 1541 2852 civitatem
1585 2803 1830 2850 sanctam
1863 2801 2049 2859 tuam,
2083 2812 2100 2842 ι

539 2903 649 2943 non
680 2904 840 2945 secus
873 2905 936 2943 ac
969 2892 1014 2943 si
1042 2890 1270 2945 dixisset
1292 2908 1304 2943 :
1330 2889 1459 2955 Qum
1481 2896 1586 2942 ate
1616 2894 1803 2941 sancta
1831 2885 2109 2940 existima-

539 2989 650 3036 tur.
704 2979 840 3034 Nam
870 2991 922 3036 et
949 2981 1248 3035 llebraicus
1296 2988 1603 3043 contextus,
1635 2985 1689 3032 et
1719 2976 1911 3046 reliqui
1944 2977 2109 3029 inter-

539 3081 724 3144 pretes
783 3089 892 3127 uno
947 3088 1073 3138 ore,
1125 3087 1235 3128 non
1287 3072 1464 3127 solum
1528 3071 1594 3124 ad
1655 3069 1914 3140 populum
1972 3067 2102 3122 illud

547 3183 566 3216 ‹
598 3173 751 3219 ιιιυιη
774 3206 788 3229 ,
825 3185 842 3218 ι
872 3165 965 3221 sed
1004 3166 1166 3220 etiam
1215 3163 1282 3218 ad
1332 3164 1605 3218 civitatem
1627 3202 1642 3226 ,
1684 3161 1815 3216 illud
1850 3179 1869 3211 ι
1902 3169 2048 3214 tuam
2080 3178 2097 3210 ι
2137 3200 2179 3253 c

540 3255 859 3324 adiungunt.
888 3254 1080 3324 Aquila
1113 3252 1293 3324 igitur,
1317 3271 1335 3304 ‹
1358 3251 1533 3322 Super
1559 3250 1838 3321 populum,
1865 3269 1883 3301 ι
1913 3248 2107 3318 inquit,

543 3365 564 3398 ι
597 3354 770 3410 tuum,
820 3355 874 3402 et
902 3363 1065 3416 super
1111 3347 1383 3401 civitatem
1435 3342 1829 3398 sanctiﬁcatam
1873 3351 2057 3394 tuam:
2089 3359 2107 3390 ι

541 3437 902 3511 Symmachus
931 3447 1109 3494 autem
1133 3458 1146 3494 :
1174 3457 1192 3489 ι
1224 3438 1500 3492 Adversus
1538 3434 1802 3507 populum
1831 3441 2020 3496 tuum,
2057 3440 2110 3487 et

541 3532 815 3586 civitatem
853 3538 1098 3586 sanctam
1133 3538 1301 3583 tuam.
1339 3547 1358 3580 ι
1387 3526 1655 3594 Quocirca
1693 3526 1749 3579 in
1783 3525 1942 3581 bonis
1975 3540 2112 3594 quo-

540 3639 647 3694 que
699 3621 836 3680 LXX
881 3621 1240 3693 lnterpretum
1285 3619 1601 3678 codicibus.
1635 3617 1768 3672 illud
1817 3634 1836 3668 ‹
1867 3624 2050 3680 tuam,
2091 3634 2107 3666 ι

545 3715 760 3773 stellula
811 3715 1058 3785 apposita
1102 3712 1374 3783 adjectum
1425 3717 1510 3766 est
1543 3729 1555 3765 :
1591 3724 1715 3764 nam
1773 3723 1894 3763 cum
1947 3722 2112 3761 orans

544 3807 734 3862 Daniel
780 3807 835 3860 in
878 3807 986 3861 illis
1037 3821 1150 3861 sua:
1199 3802 1616 3874 supplicationis
1661 3801 1878 3862 verbis,
1912 3799 2112 3869 saepius

542 3899 805 3969 populum
828 3938 842 3962 ,
875 3897 973 3953 Dei
1015 3896 1273 3967 populum
1317 3896 1692 3957 nominasset,
1727 3892 1968 3946 civitatis
2015 3906 2112 3943 au-

544 3997 652 4042 tem
688 3987 900 4048 locum,
936 3991 1188 4039 sanctum
1223 3980 1316 4036 Dei
1347 3982 1528 4036 locum
1553 4019 1569 4045 ,
1597 3987 1817 4035 vertens
1851 3979 1905 4032 in
1935 3979 2114 4031 diver-

544 4091 667 4132 sum
717 4075 810 4147 qui
856 4073 1256 4146 respondebat,
1311 4086 1488 4142 neque
1544 4071 1816 4126 civitatem
1869 4079 2112 4124 sanctam

543 4165 673 4232 Dei,
701 4181 879 4237 neque
906 4164 1165 4236 populum
1194 4162 1292 4218 Dei
1317 4178 1441 4219 esse
1470 4161 1693 4225 fatetur,
1723 4161 1817 4216 sed
1838 4179 1856 4211 ι
1876 4170 2028 4214 tuum
2053 4199 2067 4222 ,
2091 4178 2108 4209 ι

544 4259 757 4332 inquit,
785 4258 879 4330 qui
910 4272 1068 4322 oras,
1099 4264 1152 4311 et
1181 4255 1274 4327 qui
1309 4255 1438 4309 talia
1473 4254 1540 4310 de
1574 4253 1776 4324 populo
1807 4260 1862 4307 et
1889 4251 1956 4306 de
1995 4251 2116 4304 loco

546 4351 785 4407 civitatis
810 4349 1021 4406 dixisti.
1058 4345 1235 4404 Verba
1267 4347 1440 4418 ipsius
1487 4345 1673 4401 Daniel
1718 4345 1821 4398 hoc
1864 4343 2025 4399 modo
2056 4357 2115 4397 se

547 4443 790 4499 habent:
827 4460 846 4494 ι
875 4442 1167 4497 Avertatur
1208 4439 1362 4495 furor
1401 4449 1532 4494 tuus
1573 4446 1628 4494 et
1671 4438 1753 4492 ira
1795 4444 1891 4491 tua
1921 4451 1949 4489 a
1981 4435 2116 4491 civi-

544 4539 658 4587 tate
689 4540 782 4586 tua
813 4529 1116 4587 Jerusalem
1148 4537 1203 4586 et
1236 4537 1420 4585 monte
1453 4537 1642 4585 sancto
1667 4536 1763 4582 tuo
1789 4527 1854 4582 ⁶¹.
1889 4546 1909 4580 ι
1936 4526 2066 4581 Item
2095 4545 2109 4581 :
2143 4557 2189 4612 Β

552 4643 572 4676 ι
601 4623 840 4693 Populus
879 4632 1007 4678 tuus
1037 4622 1212 4678 factus
1240 4632 1324 4677 est
1356 4622 1412 4675 in
1456 4620 1809 4691 opprobrium
1855 4618 2110 4674 omnibus

546 4714 606 4768 in
633 4714 862 4767 circuitu
895 4720 1084 4768 nostro
1112 4713 1178 4765 ⁶¹.
1207 4731 1224 4764 ι
1253 4711 1316 4765 Et
1344 4725 1537 4766 rursus
1567 4729 1579 4765 :
1610 4728 1630 4761 ι
1653 4707 1891 4764 Ostende
1917 4708 2112 4761 faciem

544 4814 696 4861 tuam
753 4822 917 4875 super
961 4807 1337 4861 sanctuarium
1380 4815 1568 4868 tuum,
1627 4805 1773 4874 quod
1835 4803 2112 4858 desertum

545 4905 631 4954 est
662 4897 733 4950 ⁸³.
769 4915 786 4948 ι
818 4898 884 4952 Ει
914 4912 1105 4952 rursus
1136 4915 1150 4951 :
1179 4915 1200 4946 ‹
1234 4894 1369 4951 Vide
1409 4895 1689 4950 interitum
1730 4894 1968 4950 civitatis
2006 4901 2113 4948 tuae

547 5005 714 5062 super
757 5005 921 5061 quam
969 4990 1279 5044 invocatum
1328 4998 1412 5043 est
1463 5002 1661 5043 nomen
1691 4996 1842 5041 tuum
1879 4986 1946 5044 “.
1984 5005 2004 5040 ι
2036 4988 2114 5041 Ac

547 5085 850 5155 deinceps:
879 5103 897 5134 ι
933 5081 1071 5148 Quia
1117 5095 1316 5135 nomen
1347 5086 1500 5134 tuum
1547 5080 1858 5134 invocatum
1893 5088 1976 5134 est
2015 5093 2112 5134 su.

549 5188 648 5244 per
677 5171 952 5228 civitatem
985 5181 1133 5226 tuam
1156 5209 1172 5233 ,
1205 5179 1258 5225 et
1296 5184 1460 5240 super
1500 5170 1760 5240 populum
1795 5177 1948 5236 tuum
1986 5168 2050 5220 ⁸⁸.
2088 5188 2108 5220 ι

550 5267 779 5324 Talibus
823 5281 948 5322 cum
992 5273 1237 5328 orasset,
1273 5263 1524 5335 adiunxit
1553 5283 1566 5320 :
1598 5281 1617 5315 ι
1652 5262 1718 5317 Et
1766 5277 1890 5318 cum
1935 5261 2114 5316 adhuc

549 5358 804 5428 loquerer
838 5367 892 5416 et
933 5373 1182 5424 orarem,
1225 5373 1353 5414 ecce
1403 5355 1619 5414 Gabriel
1667 5372 1826 5429 quem
1872 5355 2112 5411 videram

553 5449 610 5504 in
641 5449 851 5505 visiOne
881 5467 1031 5516 mea,
1063 5451 1254 5506 volans
1289 5450 1463 5521 tetigit
1495 5463 1579 5505 me
1603 5489 1619 5517 ,
1655 5457 1710 5504 et
1741 5449 1877 5504 dixit
1909 5463 1973 5502 ea
2007 5447 2115 5500 uti-

553 5552 661 5608 que
706 5553 826 5608 quae
869 5542 1119 5611 superius
1155 5539 1430 5610 descripta
1473 5539 1663 5595 habes.
1698 5558 1716 5592 ι
1755 5537 1922 5610 384,
1949 5535 2117 5592 Plane

555 5628 721 5701 igitur
749 5631 808 5686 in
840 5632 923 5685 his
976 5633 1240 5702 propheta
1283 5649 1392 5689 non
1435 5631 1757 5703 simpliciter
1800 5631 2108 5697 civitatem,

2197 1969 2352 2041 ἡμῶν
2383 1966 2520 2022 κατὰ
2555 1963 2756 2027 κοινοῦ,
2802 1963 2875 2026 ὡς
2907 1958 3042 2015 εἶναι
3087 1963 3153 2014 τὸ
3184 1960 3503 2031 λεγόμενον
3546 1954 3776 2015 τοιοῦτον,

2203 2079 2222 2113 ι
2247 2061 2367 2114 Ἐπὶ
2385 2060 2474 2113 τὸν
2494 2059 2618 2112 λαόν
2644 2073 2759 2120 σου,
2784 2056 2878 2110 καὶ
2906 2055 2996 2108 ἐπὶ
3023 2054 3120 2125 τὴν
3145 2053 3316 2107 πόλιν
3342 2051 3448 2122 τὴν
3467 2049 3624 2118 ἁγίαν
3649 2064 3772 2107 σον,›

2200 2153 2277 2216 ὼς
2318 2154 2366 2205 εί
2414 2153 2636 2220 ἔφασκε·
2698 2147 2807 2220 Τὴν
2870 2149 2952 2201 σοὶ
3011 2145 3431 2218 νενομισμένην
3498 2140 3673 2209 ἁγίαν.
3719 2135 3777 2188 Τὸ

2201 2243 2333 2313 γοῦν
2357 2242 2660 2314 Ἐϐραῖκὸν,
2685 2240 2779 2294 καὶ
2806 2239 2855 2293 oi
2881 2239 3054 2292 λοιποὶ
3087 2236 3418 2309 συμφώνως
3447 2230 3772 2306 έρμηνευταὶ,

2203 2339 2264 2390 οῦ
2303 2336 2459 2408 μόνον
2488 2335 2580 2387 επὶ
2611 2332 2704 2386 τοῦ
2736 2330 2889 2396 λαοῦ,
2925 2330 3058 2383 ἀλλὰ
3087 2331 3188 2383 καί⁷
3226 2329 3328 2381 ἐπὶ
3359 2327 3462 2397 τῆς
3501 2324 3696 2377 nolam:
3725 2319 3774 2372 τὸ

2202 2425 2317 2480 σοῦ
2350 2421 2736 2496 προσκείμενον
2758 2420 3114 2492 περιέχουσιν.
3152 2419 3216 2471 Ὁ
3251 2415 3392 2486 γοῦν
3435 2412 3656 2474 Ἀκύλας
3685 2426 3771 2477 φη·

2206 2516 2308 2569 σίν*
2345 2535 2362 2566 ι
2402 2514 2524 2568 Ἐπὶ
2555 2513 2644 2566 τὸν
2684 2511 2810 2565 λαόν
2841 2529 2954 2573 σου,
2987 2510 3079 2563 καὶ
3112 2508 3210 2560 ἐπὶ
3260 2506 3425 2559 πόλιν
3465 2499 3770 2574 ἡγιασμένην

2207 2627 2322 2662 σουο
2354 2628 2371 2661 ι
2395 2609 2423 2662 ὁ
2449 2608 2506 2661 δὲ
2534 2605 2844 2677 Σύμμαχοςο
2873 2623 2890 2655 ι
2920 2601 3082 2657 Κατὰ
3129 2601 3230 2655 τοῦ
3264 2598 3406 2652 λαοῦ
3436 2613 3551 2657 σου,
3579 2594 3662 2648 καὶ
3691 2591 3768 2659 τῆς

2207 2701 2414 2764 πόλεως
2446 2699 2545 2770 τῆς
2570 2697 2730 2766 ἁγίας
2763 2713 2877 2748 σου.
2904 2714 2922 2746 ›
2951 2692 3110 2746 Ὅθεν
3145 2692 3248 2745 καὶ
3284 2688 3444 2761 παρὰ
3487 2688 3596 2746 τοῖς
3636 2683 3766 2750 ἀκρι-

2207 2792 2357 2845 ϐέσιν
2394 2789 2743 2861 ἀντιγράφοις
2795 2786 2903 2840 τῶν
2944 2782 3356 2854 Ἐὃδομήκοντα
3409 2779 3471 2832 τὸ
3503 2775 3615 2832 σοῦ
3654 2770 3765 2843 μετὰ

2209 2882 2530 2955 ἀστερίσκου
2566 2879 2917 2952 παραθέσεως
2957 2876 3310 2949 πρόσκειται.
3365 2871 3523 2924 Ἐπεὶ
3566 2866 3666 2935 γάρ
3696 2862 3765 2914 εὑ-

2211 2971 2436 3042 ξάμενος
2467 2968 2664 3040 Δανιὴλ
2704 2969 2760 3019 ὲν
2786 2969 2897 3029 τοῖς
2926 2965 3024 3034 τῆς
3078 2963 3298 3026 ἱκεσίας
3355 2957 3524 3013 αὑτοῦ
3567 2956 3761 3024 ῥήμασι,

2211 3037 2470 3124 πολλάκις
2494 3060 2585 3114 τὸν
2621 3037 2725 3130 μὲν
2757 3057 2903 3121 λαὸν,
2938 3055 3071 3109 Θεοῦ
3117 3054 3252 3107 λαὸν
3282 3052 3540 3120 ὠνόμασε
3559 3087 3572 3111 ,
3603 3044 3683 3096 τὸν
3716 3037 3763 3092 δὲ

2211 3156 2308 3226 τῆς
2343 3152 2549 3214 πόλεως
2584 3151 2766 3213 τόπον,
2805 3149 2958 3216 ἅγιον
2983 3146 3114 3198 Θεοῦ
3153 3145 3348 3205 τόπον,
3385 3131 3763 3207 ἀντιστρέψαςὸ

2216 3242 2586 3317 χρηματίζων,
2638 3239 2760 3293 οὔτε
2799 3239 2896 3309 τὴν
2941 3237 3092 3289 πόλιν
3140 3235 3308 3303 ἁγίαν
3335 3231 3432 3286 τοῦ
3467 3225 3627 3289 Θεοῦ,
3661 3223 3760 3276 οὔτε

2214 3337 2302 3390 τὸν
2333 3333 2460 3388 λαὸν
2489 3331 2582 3385 τοῦ
2605 3329 2739 3384 Θεοῦ
2772 3324 2908 3381 εἶναι
2935 3327 3205 3398 ὁμολογεῖ,
3236 3323 3380 3378 ἀλλὰ
3417 3339 3436 3372 ι
3468 3317 3558 3372 σοῦ
3597 3336 3612 3367 ι
3653 3327 3760 3382 φησι

2213 3427 2306 3481 τοῦ
2375 3423 2828 3497 προσευχομένου,
2900 3419 2993 3472 καὶ
3041 3418 3272 3471 τοιαῦτα
3330 3415 3462 3485 περὶ
3509 3408 3598 3463 τοῦ
3651 3401 3758 3456 λαοῦ

2215 3519 2308 3572 καί¹
2330 3516 2423 3570 τοῦ
2451 3515 2616 3568 τόπου
2644 3514 2736 3566 καὶ
2768 3513 2868 3582 τῆς
2891 3509 3097 3571 πόλεως
3132 3506 3447 3578 εἰρηκότος.
3483 3501 3686 3570 Ἔχουσι
3714 3492 3758 3543 δὲ

2213 3609 2306 3662 τοῦ
2355 3606 2550 3676 Δανιὴλ
2578 3606 2632 3658 αἱ
2684 3603 2856 3673 φωναὶ
2882 3600 3078 3663 οὕτως·
3108 3619 3125 3650 ι
3165 3593 3601 3667 Ἀποστραφήτω
3649 3586 3703 3654 δὴ
3735 3583 3758 3634 ὁ

2215 3701 2383 3771 θυμός
2418 3716 2542 3765 σου,
2594 3697 2686 3750 καὶ
2720 3698 2753 3766 ἡ
2805 3694 2938 3763 ὀργή
2999 3708 3090 3744 σου
3126 3690 3238 3742 ἀπὸ
3288 3689 3392 3757 τῆς
3444 3680 3639 3742 πόλεώς
3684 3691 3758 3728 σου

2226 3770 2578 3860 Ἰερουσαλὴμ
2607 3785 2766 3856 ὅρους
2808 3781 2960 3850 ἁγίου
3015 3797 3107 3832 σου
3128 3796 3142 3810 ο
3172 3799 3188 3829 ι
3220 3778 3346 3836 καί·
3389 3795 3408 3826 ι
3450 3775 3506 3826 Ὁ
3542 3770 3755 3860 λαόςῌσον

2214 3879 2432 3945 ἐγένετο
2453 3877 2530 3938 είς
2550 3872 2848 3943 ὀνειδισμὸν
2869 3873 2926 3924 ἐν
2949 3871 3080 3923 πᾶσι
3101 3872 3212 3932 τοῖς
3237 3864 3555 3940 περικύκλῳ
3578 3856 3752 3930 ἡμῶν»

2216 3943 2310 4021 καὶ
2343 3967 2532 4020 πάλιν·
2579 3985 2598 4016 ι
2645 3964 2934 4034 Ἐπίφανον
2987 3963 3046 4015 τὸ
3099 3960 3399 4033 πρόσωπόν
3452 3974 3539 4010 σου
3585 3950 3666 4005 ἐπὶ
3707 3943 3753 3996 τὸ

2217 4059 2462 4129 ἁγίασμά
2489 4074 2582 4110 σου
2609 4057 2669 4108 τὸ
2695 4055 2900 4126 ἔρημον
2918 4071 2931 4083 ·
2971 4075 2990 4106 ι
3026 4054 3119 4107 καὶ
3146 4048 3304 4116 αὖθις
3324 4069 3336 4081 ’
3365 4070 3383 4101 ι
3412 4047 3513 4101 Ἴδε
3535 4043 3617 4096 τὸν
3638 4040 3750 4129 citatis

2217 4124 2405 4221 vtapbv
2438 4150 2538 4219 τῆς
2570 4124 2775 4207 πόλεώς
2805 4163 2919 4210 σου,
2945 4147 3027 4215 ἐφ’
3053 4142 3120 4217 ἧς
3146 4142 3508 4212 ἐπικέκληται
3533 4136 3589 4188 τὸ
3612 4124 3751 4198 ὄνομά

2219 4258 2311 4294 σου
2340 4242 2424 4293 ἐπ’
2457 4239 2624 4310 αὐτῆς
2643 4255 2655 4267 ·
2682 4257 2698 4288 ι
2738 4237 2832 4290 καὶ
2860 4236 2985 4308 ἑξῆς
3005 4253 3017 4267 '
3047 4237 3168 4289 Ὅτι
3219 4235 3284 4288 τὸ
3327 4229 3498 4302 δνομά
3551 4240 3634 4279 σου
3673 4221 3749 4272 ὲπ·

2216 4334 2415 4405 εκλήθη
2462 4332 2553 4385 ἐπὶ
2585 4332 2682 4402 τὴν
2735 4329 2886 4383 πόλιν
2936 4346 3028 4382 σου
3073 4329 3166 4382 καὶ
3196 4328 3292 4380 ἐπὶ
3335 4325 3426 4378 τὸν
3455 4321 3575 4375 λαόν
3613 4328 3744 4367 σου.)

2219 4425 2452 4480 Τοιαῦτα
2477 4422 2771 4492 εὐξάμενος
2789 4420 3028 4488 ἐπιλέγει
3051 4436 3063 4448 ·
3095 4439 3112 4469 ε
3133 4418 3242 4472 Kal.
3272 4418 3351 4471 ἔτι
3381 4431 3480 4486 μου
3505 4405 3746 4463 λαλοῦντος

2218 4521 2312 4574 καὶ
2347 4514 2780 4590 προσευχομένου
2803 4555 2818 4578 ,
2857 4514 2964 4566 ἰδοὺ
3012 4510 3288 4583 Γαϐριὴλ,
3329 4510 3390 4562 ὃν
3422 4503 3554 4559 εἶδον
3604 4501 3653 4552 ἐν

2217 4581 2403 4684 ὁράσει
2432 4581 2899 4680 μουξπετόμενος,
2927 4603 3020 4659 καὶ
3051 4581 3224 4674 ἣψατό
3252 4620 3379 4673 μου,
3411 4599 3501 4654 καὶ
3530 4591 3635 4684 εἷπε
3657 4607 3671 4637 δ
3691 4581 3742 4634 τὰ

2218 4682 2698 4770 ἀναγεγραμμένα.
2745 4695 2938 4765 Σαφῶς
2967 4689 3059 4747 οὖν
3102 4693 3190 4746 διὰ
3236 4691 3440 4745 τούτων
3464 4687 3497 4738 ὁ
3526 4682 3613 4754 μὲν
3637 4687 3744 4770 FP?‘

2219 4761 2575 4865 cpﬁ1ng‘itélitv
2594 4791 2691 4860 οὐχ
2704 4761 2908 4853 ἁπλιῦς,
2935 4785 3067 4841 ἁλλὰ
3102 4803 3119 4837 ι
3144 4784 3238 4839 τοῦ
3270 4782 3405 4838 Θεοῦ
3430 4778 3573 4832 πόλιν
3636 4761 3739 4865 ὠνέ-

2222 4854 2385 4957 tia-cs,
2408 4881 2582 4936 καὶτὸ
2611 4854 2856 4951 ἁγ-ίασμα
2888 4897 2907 4931 ι
2933 4877 3025 4932 τοῦ
3054 4877 3186 4931 Θεοῦ
3211 4879 3476 4946 ἁγίασμα,
3502 4887 3519 4921 ι
3548 4861 3638 4957 καί
3672 4854 3742 4957 ξὺν

2220 4946 2347 5030 λαὸν
2409 4973 2503 5028 τοῦ
2525 4946 2820 5037 Θεοῦ-λαὸν,
2833 4993 2850 5025 ι
2869 4971 3096 5025 διαθέσει
3109 4973 3174 5041 τῇ
3192 4969 3325 5040 πρὸς
3335 4967 3424 5019 τὸν
3435 4946 3738 5015 λαόν.οὐκέτι

2225 5072 2330 5142 μὴν
2356 5069 2452 5123 καὶ
2479 5070 2508 5122 ὁ
2539 5067 2779 5139 Γαϐριὴλ
2803 5066 3003 5138 ὁμοίως
3027 5062 3175 5134 αὐτῷ
3197 5056 3432 5115 καλεῖτὰ
3457 5043 3736 5142 δηλούμενσν

2222 5131 2456 5235 έιίπαλιν
2489 5163 2566 5225 δὲ,
2589 5183 2605 5213 ι
2639 5131 2761 5214 Ἐπὶ
2795 5131 2885 5212 τον
2908 5157 3034 5211 λαόν
3067 5131 3180 5220 σου,
3203 5155 3387 5228 »φησὶν
3412 5171 3430 5203 ⁸
3461 5147 3547 5203 καὶ
3561 5140 3638 5235 ad.
3660 5131 3735 5235 τὴν

2223 5223 2376 5311 πόλιν
2396 5257 2494 5328 τὴν
2518 5223 2676 5323 ἁγίαν
2703 5269 2817 5317 σου,
2831 5249 3148 5321 »μονονουχὶ
3169 5223 3259 5301 καί
3280 5223 3376 5315 τὴν
3391 5231 3649 5328 πόλινὶκαὶ
3664 5223 3735 5277 τὸν

2216 5349 2362 5416 λαὸν,
2381 5325 2475 5402 καλ.
2495 5346 2554 5400 τὸ
2577 5345 2821 5414 ἁγίασμα
2849 5339 3064 5404 ἀνάξιον
3082 5335 3217 5394 εἶναι
3241 5340 3336 5410 τῆς
3351 5333 3440 5389 τοῦ
3456 5325 3577 5383 Θεοῦ
3601 5327 3734 5416 τίφθ’

2214 5406 2443 5514 ηγορ’ίας
2487 5406 2787 5509 ἁποφήναξ.
2831 5433 3092 5489 Τοσοῦτον
3118 5433 3183 5505 δὴ
3211 5406 3304 5486 οὖν
3342 5428 3519 5502 χρόνον

2219 5534 2359 5588 κατὰ
2395 5533 2490 5586 τοῦ
2522 5530 2652 5585 λαοῦ
2677 5530 2911 5603 πρῶτον,
2944 5528 3134 5583 ἔπειτα
3167 5527 3261 5580 καὶ
3293 5521 3429 5579 κατὰ
3450 5515 3542 5584 τῆς

2216 5585 2488 5690 έιῦὰσκει,
2522 5624 2616 5679 καὶ
2656 5585 2909 5687 τοσοῦτοιέ
2931 5637 2994 5691 γε
3032 5620 3106 5680 ὣν
3157 5616 3514 5677 ἀποδείκνυται
3547 5594 3638 5656 ἀπὸ
3653 5585 3730 5656 *ἧς

628 5787 672 5818 ⁶⁶
713 5785 882 5843 Exod.
917 5801 1098 5852 xxx",
1131 5787 1184 5846 Ἰ..
1262 5790 1304 5822 ⁸⁸
1346 5790 1480 5844 Dan.
1522 5806 1602 5855 lx,
1642 5789 1722 5844 l6.
1800 5789 1843 5820 "
1885 5785 2014 5842 ibid.
2092 5786 2135 5816 "
2175 5783 2304 5840 ibid.
2343 5783 2425 5837 l7.
2505 5781 2548 5813 “
2590 5779 2718 5836 ibid.
2763 5779 2844 5835 l8.
2923 5780 2966 5811 "
3009 5776 3140 5832 ibid.
3176 5774 3259 5830 19.
