3928 6538
201 406 332 462 σοι

1080 392 1731 456 DEMONSTRATIONIS
1768 390 2226 448 EVANGELICAE
2267 390 2394 448 LIB.
2435 387 2569 443 Vlll.

3345 380 3451 457 692

202 519 571 582 ἀνανεώσεως
599 517 700 588 τῆς
735 514 1102 588 Ἰερουσαλὴμ,
1125 513 1152 567 ὃ
1175 514 1394 583 γέγονεν
1425 514 1517 566 ἐπὶ
1563 509 1786 581 Δαρείου

1894 505 1984 563 sed
2014 524 2033 558 ι
2066 505 2159 562 Dei
2193 507 2472 562 civitatem
2495 545 2508 570 ,
2542 524 2560 558 ι
2595 503 2926 566 nominavit,
2956 509 3009 556 et
3039 502 3409 556 sanctuarium
3431 542 3448 569 ,

198 615 322 670 τοῦ
375 609 595 682 Περσῶν
632 607 928 679 βασιλέως,
961 605 1120 678 μέχρι
1159 607 1257 676 τῆς
1303 603 1609 673 Αὐγούστου
1661 602 1787 653 Ῥω-

207 707 401 780 μαίων
431 703 878 772 ἐπικρατήσεως,
928 698 1165 770 Ἡρώδου
1209 715 1268 751 τε
1320 696 1585 750 Ἰουδαίων
1637 695 1788 766 βασι-

203 797 382 862 λέως,
412 792 712 864 ἀλλοφύλου
746 793 806 845 τὸ
829 791 1006 861 γένος,
1039 791 1159 846 καθ’
1187 789 1279 854 οὓς
1308 789 1376 843 τὰ
1404 789 1503 859 τῆς
1527 788 1790 858 γενέσεως

205 890 514 960 ἱστορεῖται
556 886 652 938 τοῦ
697 884 946 955 Σωτῆρος
972 885 1004 954 ὴ
1015 882 1128 954 μῶν
1151 922 1164 947 ,
1216 882 1290 944 ὡς
1334 882 1363 933 6
1390 880 1546 948 λόγος
1586 875 1788 948 προῖὼν

206 979 492 1042 ἐπιδείξει.
542 977 701 1048 Ἑξῆς
745 977 801 1029 δὲ
852 975 1126 1043 ἐπιλέγειο
1180 992 1198 1025 ι
1239 971 1345 1025 Τοῦ
1383 969 1792 1038 συντελεσθῆναι

206 1071 532 1143 ἁμαρτίαν,
580 1070 676 1122 καὶ
720 1068 813 1122 τοῦ
865 1067 1158 1140 σφραγίσαι
1209 1064 1506 1137 ἁμαρτίαν,
1537 1063 1628 1116 καὶ
1679 1063 1788 1115 ἁπ-

206 1163 436 1231 αλεῖψαι
481 1160 744 1230 ἀνομίας,
784 1159 998 1212 καὶτοῦ
1023 1157 1367 1221 ἐξιλάσασθαι
1418 1156 1648 1218 ἀδικίας,
1695 1154 1791 1207 καὶ

208 1254 448 1322 ἀγαγεῖν
489 1250 838 1320 δικαιοσύνην
893 1248 1146 1312 αἰώνιον,
1198 1249 1292 1301 καὶ
1343 1245 1436 1299 τοῦ
1497 1244 1790 1316 σφραγίσαι

207 1343 432 1412 ὅρασιν,
461 1340 557 1393 καὶ
590 1341 898 1411 προφήτην,
932 1339 1025 1392 καὶ
1055 1336 1148 1391 τοῦ
1172 1339 1353 1408 χρῖσαι
1378 1335 1530 1404 ἅγιον
1551 1335 1740 1404 ἁγίων.
1767 1353 1786 1386 ι

222 1432 382 1486 ’Δντὶ
417 1431 512 1503 μὲν
542 1427 635 1484 οῦν
665 1450 682 1482 ι
707 1430 800 1483 τοῦ
827 1429 1240 1499 συντελεσθῆναι
1267 1428 1558 1499 ἁμαρτίαν,
1589 1427 1788 1482 καὶτοῦ

213 1522 518 1594 σφραγίσαι
551 1523 855 1593 ἁμαρτίαν,
894 1540 912 1572 ι
948 1522 976 1574 6
1015 1520 1240 1583 Ἀκύλας
1287 1520 1582 1591 πεποίηκε,
1634 1539 1650 1570 ι
1683 1516 1789 1570 Τοῦ

208 1615 532 1669 συντελέσαι
577 1613 676 1685 τὴν
725 1611 976 1678 ἀθεσίαν,
1025 1611 1242 1664 καὶτοῦ
1287 1611 1566 1664 τελειῶσαι
1617 1611 1792 1680 ἁμαρ-

206 1711 358 1762 τίαν.
386 1727 403 1758 ι
432 1707 503 1760 Τὸ
527 1705 657 1778 γὰρ,
685 1723 702 1756 ι
728 1702 1058 1774 Πληρώσατε
1083 1703 1143 1756 τὸ
1182 1704 1374 1773 μέτρον
1401 1702 1507 1755 τῶν
1542 1701 1791 1771 πατέρων

207 1801 396 1872 ὑμῶν,
427 1819 445 1852 ι
477 1800 766 1871 εἰρημένον
795 1799 900 1852 ὑπὸ
923 1797 1018 1850 τοῦ
1046 1797 1292 1867 Σωτῆρος
1319 1793 1473 1865 ἡμῶν
1500 1793 1634 1865 πρὸς
1666 1793 1792 1856 τοὺς

209 1895 279 1946 ἐκ
316 1892 654 1963 περιτομῆς,
702 1892 795 1943 καὶ
840 1888 928 1942 διά
966 1887 1167 1941 τούτων
1211 1882 1362 1957 οἶμαι
1401 1883 1783 1955 παρίστασθαι.

222 1984 355 2036 Ἐπὶ
380 1982 488 2053 γὰρ
518 1983 618 2052 τῆς
648 1983 768 2035 κατ’
802 1979 965 2034 αὑτοῦ
992 1978 1352 2050 τολμηθείσης
1391 1977 1484 2030 τοῦ
1522 1976 1789 2030 Ἰουδαίων

209 2075 404 2140 ἔθνους
421 2076 714 2147 ἐπιϐουλῆς
744 2075 1094 2145 συνετελέσθη
1127 2074 1304 2128 αὐτῶν
1344 2075 1376 2145 ή
1406 2073 1668 2144 ἁμαρτία,
1699 2072 1792 2124 καὶ⁵

209 2170 244 2240 ἡ
278 2169 422 2240 πρὸς
446 2169 538 2222 τὸν
585 2169 750 2232 Θεὸν,
780 2167 921 2222 κατὰ
965 2167 1057 2220 τὸν
1095 2166 1356 2230 Ἀκύλαν,
1408 2165 1601 2220 ἁθεσία
1643 2163 1794 2227 τέλος

211 2263 427 2333 εἴληφε.
483 2262 658 2315 Πάλαι
705 2262 803 2332 μὲν
851 2261 960 2332 γὰρ
1004 2261 1265 2331 πρότερον
1304 2259 1494 2330 ἔφερεν
1531 2259 1726 2319 αὐτοὺς
1756 2258 1789 2326 ἡ

210 2355 309 2408 τοῦ
330 2356 468 2408 Θεοῦ
497 2355 866 2426 μακροθυμία,
897 2354 1064 2425 μυρία
1091 2355 1190 2408 ὅσα
1216 2352 1662 2425 πλημμελοῦντας
1689 2353 1792 2421 πρὸ

212 2453 315 2521 τῆς
342 2449 438 2502 τοῦ
469 2449 723 2520 Σωτῆρος
747 2447 902 2518 ήμῶν
927 2447 1244 2518 παρουσίας,
1267 2445 1550 2517 ὡσπεροῦν
1573 2445 1660 2498 διὰ
1684 2443 1790 2498 τῶν

213 2541 574 2613 προφητικῶν
601 2541 980 2595 ἀποδείκνυται
1011 2540 1210 2609 λόγων·
1267 2539 1404 2611 πλὴν
1449 2538 1562 2592 ἀλλ’
1605 2538 1792 2608 ὥσπερ

214 2635 448 2689 ἐπὶτῶν
492 2634 660 2688 πάλαι
707 2633 804 2703 τὴν
846 2634 946 2702 γῆν
989 2633 1090 2701 τῆς
1127 2631 1457 2700 ἐπαγγελίας
1505 2627 1792 2682 οἰκούντων

214 2726 531 2796 ἀλλοφύλων
565 2725 750 2796 εἴρητο
773 2723 848 2794 τῷ
889 2723 1140 2794 Ἀϐραάμ
1169 2737 1181 2750 ’
1215 2742 1233 2774 ι
1268 2720 1433 2774 Οὔπω
1459 2720 1567 2793 γὰρ
1594 2721 1794 2773 ἀναπε-

216 2818 534 2888 πλὴρωνται
565 2819 619 2869 αἱ
660 2815 923 2886 ἁμαρτίαι
966 2815 1075 2868 τῶν
1116 2813 1454 2885 Ἀμορραίων
1475 2831 1488 2842 ·
1523 2833 1540 2863 ι
1570 2814 1663 2866 καὶ
1689 2812 1792 2876 ἕως

220 2909 446 2979 μηδέπω
469 2905 610 2979 ἦσαν
661 2907 1187 2979 ἐκπεπληρωμέναι,
1227 2907 1326 2959 ούκ
1373 2905 1662 2975 ὴλαύνοντό
1706 2923 1794 2958 πω

215 3001 263 3052 οἱ
299 3001 618 3070 Ἀμορραῖοι
673 3002 771 3070 τῆς
806 3000 1060 3069 πατρῴας
1096 3000 1217 3069 γῆς.
1272 2997 1424 3049 Ἐπεὶ
1456 2996 1512 3048 δὲ
1547 2993 1794 3066 ἐπληρὼ-

219 3089 391 3159 θησαν
444 3092 501 3143 αἱ
563 3090 831 3162 ἁμαρτίαι
867 3087 1063 3151 αὐτῶν,
1119 3085 1416 3154 τηνικαῦτα
1468 3085 1666 3147 πάντες
1710 3084 1795 3150 ἐξ·

1896 621 1913 651 ι
1946 600 2038 655 Dei
2065 601 2436 655 sanctuarium
2455 640 2470 664 ,
2493 619 2511 652 ι
2531 608 2583 659 et
2607 599 2862 670 populum
2887 636 2902 662 ,
2935 616 2952 647 ι
2984 595 3079 650 Dei
3108 595 3363 665 p0pnlum
3385 635 3399 657 ,
3426 613 3444 646 ι

1890 691 1966 744 ita
1997 691 2250 746 videlicet
2279 691 2461 744 animo
2502 705 2633 759 erga
2677 689 2829 742 illiilli
2880 686 3135 758 populum
3181 686 3448 741 allectus:

1891 794 1944 836 at
1976 798 2106 837 vero
2135 780 2353 836 Gabriel
2383 797 2495 836 non
2533 781 2662 835 item
2695 787 2754 833 ut
2785 780 2903 848 ipse
2927 818 2941 842 ,
2979 793 3042 832 ea
3073 794 3194 848 quas
3223 775 3333 847 jam
3367 777 3452 832 di-

1889 884 1974 928 eta
2007 882 2135 928 sunt
2160 883 2350 937 vocat,
2381 872 2475 928 sed
2506 887 2573 927 ex
2601 873 2910 934 contrario,
2941 889 2958 921 ι
2991 867 3167 940 Super
3193 870 3450 939 p0pulum

1889 976 2041 1022 tuum
2062 1009 2076 1030 ,
2111 968 2320 1037 inquit,
2354 974 2408 1022 et
2439 980 2602 1035 συνοι-
2635 964 2910 1018 civitatem
2945 971 3187 1017 sanctam
3222 970 3401 1028 tuam,
3428 982 3447 1015 ι

1892 1062 1982 1116 ubi
2015 1058 2404 1131 propemodum
2436 1068 2488 1112 et
2513 1056 2788 1111 civitatem
2811 1097 2824 1123 ,
2856 1065 2903 1109 et
2931 1055 3186 1126 populum
3210 1097 3224 1121 ,
3249 1065 3301 1108 et
3325 1071 3454 1109 san-

1891 1155 2159 1225 ctuarium
2193 1152 2283 1205 illa
2308 1150 2401 1206 Dei
2426 1149 2788 1220 appellatione
2822 1148 3044 1218 indigna
3077 1163 3198 1202 esse
3228 1147 3453 1201 demon-

1891 1253 2048 1302 strat.
2073 1243 2304 1299 Tantum
2330 1243 2496 1312 igitur
2517 1239 2778 1309 temporis
2799 1240 3030 1308 spatium
3057 1238 3287 1307 primum
3321 1253 3454 1290 con-

1855 1327 1974 1425 ;tra
2015 1334 2306 1404 populum,
2345 1331 2542 1387 deinde
2575 1337 2766 1384 contra
2805 1330 3077 1384 civitatem
3125 1327 3452 1397 praatinitnm

1891 1440 2013 1482 esse
2042 1426 2200 1479 docet
2229 1443 2241 1479 :
2274 1433 2328 1478 et
2357 1421 2502 1493 quod
2539 1429 2751 1475 tantum
2786 1421 2886 1482 sit,
2919 1418 3157 1474 ostendit
3187 1435 3251 1472 ex
3285 1434 3449 1472 reno-

1895 1519 2108 1573 vatione
2140 1515 2477 1570 ‘Jerusalem.
2536 1513 2595 1568 ld
2647 1528 2810 1582 porro
2864 1511 3177 1564 continetur
3217 1525 3245 1562 a
3291 1509 3452 1563 Dario

1894 1609 2182 1664 Persarum
2226 1622 2355 1676 rege
2403 1621 2574 1675 usque
2623 1603 2689 1657 ad
2734 1601 2964 1672 Augusti
3015 1602 3349 1656 dominatum
3397 1599 3454 1654 in

1893 1700 2189 1762 Romanos,
2215 1708 2268 1754 et
2293 1697 2557 1752 Herodem
2584 1695 2893 1750 Judazorum
2922 1708 3101 1762 regem
3121 1733 3136 1754 ,
3159 1693 3250 1762 qui
3279 1692 3457 1745 alieno

1893 1809 2091 1866 genere
2132 1799 2293 1846 natus
2328 1800 2442 1853 est,
2477 1804 2709 1860 quorum
2747 1787 3085 1856 temporibus
3127 1801 3188 1840 ea
3238 1801 3358 1855 quae
3389 1783 3457 1837 ad

1893 1897 2069 1943 ortum
2089 1883 2571 1940 Salvatorisnostri
2587 1882 2876 1952 pertinent,
2899 1886 3244 1942 enarrantur,
3269 1892 3461 1946 quem-

1892 1981 2181 2034 admodum
2215 1977 2431 2047 longius
2484 1987 2772 2044 progressa
2819 1971 2992 2024 oratio
3038 1965 3455 2022 demonstrabit.

1891 2069 2094 2126 Ordine
2127 2067 2384 2136 deinceps
2433 2064 2681 2135 sequitur
2710 2081 2723 2116 :
2756 2081 2772 2110 ι
2793 2059 2862 2115 Ut
2893 2065 3303 2114 οοηειιιιιηιριυι·
3334 2071 3461 2125 pec-

1893 2171 2073 2219 catum
2094 2201 2110 2225 ,
2141 2170 2196 2216 et
2233 2157 2389 2230 quasi
2431 2156 2635 2211 annulo
2681 2155 2967 2221 signentur
2999 2158 3218 2219 peccata
3239 2188 3253 2211 ,
3284 2156 3337 2201 et
3366 2147 3462 2200 de-

1893 2256 2108 2311 leantur
2147 2251 2496 2322 iniquitates,
2534 2255 2588 2302 et.
2617 2242 2906 2313 expientur
2943 2241 3224 2310 injustitia:
3244 2280 3258 2304 ,
3291 2245 3345 2293 et
3375 2238 3460 2290 in-

1893 2349 2125 2403 ducatur
2145 2343 2359 2415 justitia
2382 2340 2733 2409 sempiterna,
2753 2345 2806 2390 et
2827 2333 2984 2404 quasi
3008 2333 3162 2402 signo
3190 2331 3459 2399 impresso

1894 2440 2184 2495 claudatur
2213 2436 2352 2491 visio
2383 2442 2436 2489 et
2479 2429 2799 2502 prophetia,
2845 2435 2899 2481 et
2942 2432 3178 2495 ungatur
3224 2421 3462 2475 Sanctus

1895 2539 2230 2590 sanctorum.
2258 2546 2277 2581 ›
2306 2526 2413 2580 Pro
2442 2541 2506 2579 eo
2538 2530 2716 2576 autem
2748 2518 2891 2590 quod
2923 2524 3006 2572 est
3026 2556 3040 2578 ,
3071 2535 3087 2565 ‹
3115 2513 3182 2569 Ut
3211 2528 3460 2568 consum-

1894 2634 2071 2680 metur
2099 2628 2413 2694 peccatum.
2457 2625 2512 2671 et
2557 2613 2717 2685 quasi
2763 2611 2968 2666 annulo
3011 2609 3293 2678 signentur
3332 2620 3460 2675 pec-

1893 2729 2035 2783 cata,
2067 2737 2085 2770 l
2116 2715 2310 2786 Aquila
2341 2712 2536 2771 vertit.
2569 2728 2587 2761 ι
2622 2708 2700 2762 Ad
2731 2701 3218 2760 consummandam
3254 2713 3464 2770 prteva-

1895 2797 2246 2871 ricationem,
2279 2813 2330 2860 et
2373 2805 2532 2858 tinem
2577 2796 2965 2870 imponendum
2998 2799 3241 2863 peccato.
3275 2809 3294 2842 ι
3326 2788 3462 2842 Illud

1894 2905 2062 2966 enim,
2114 2919 2132 2952 ι
2163 2899 2388 2968 lmplete
2415 2907 2726 2950 mensuram
2759 2897 2973 2960 patrum
3000 2894 3307 2941 vestrorum
3340 2882 3406 2946 ⁸⁸,
3439 2900 3458 2932 ι

1894 2994 2040 3064 quod
2081 3011 2110 3046 a
2153 2991 2434 3044 Salvatore
2472 2993 2662 3040 nostro
2702 2982 2770 3036 ad
2815 2980 3033 3035 Judaeos
3085 2976 3290 3030 dictum
3335 2981 3460 3036 est,

1896 3090 2057 3144 etiam
2093 3088 2148 3141 in
2179 3085 2264 3140 his
2293 3083 2529 3136 arbitror
2560 3076 2827 3132 contineri
2861 3090 2924 3128 ac
2957 3069 3253 3142 significari
3283 3087 3296 3122 :
3329 3081 3455 3120 nam

217 3182 627 3253 ωλοθρεύθησαν
658 3183 750 3235 ἐπὶ
782 3180 888 3233 τῶν
931 3179 1101 3251 Ἰησοῦ
1143 3178 1235 3231 τοῦ
1277 3178 1518 3242 Μωσέως
1551 3177 1791 3246 διαδόχου

1899 3184 2026 3237 dum
2069 3180 2298 3235 insidias
2334 3177 2410 3231 illi
2441 3172 2669 3228 Judaica
2701 3185 2836 3241 gens
2869 3167 3094 3221 molitur
3123 3172 3176 3219 et
3207 3160 3460 3221 coniicit,

217 3275 424 3345 χρόνων
448 3289 461 3303 ·
495 3272 638 3326 οὕτω
666 3274 760 3326 καὶ
805 3273 898 3325 ἐπὶ
931 3272 1024 3325 τοῦ
1074 3271 1337 3342 προτέρου
1387 3271 1600 3340 νοήσεις
1641 3267 1788 3320 λαοῦ.

220 3367 360 3429 Ἕως
386 3367 486 3437 μὲν
516 3365 626 3436 γὰρ
656 3364 756 3417 οὐκ
785 3363 1119 3436 ἐπληροῦντο
1149 3361 1325 3415 αὐτῶν
1351 3365 1404 3415 αἱ
1434 3361 1718 3432 ἁμαρτίαι,
1758 3363 1790 3431 ή

218 3457 306 3511 τοῦ
333 3456 472 3510 Θεοῦ
509 3458 675 3527 ἀνοχὴ
704 3456 798 3509 καὶ
841 3455 1188 3528 μακροθυμία
1231 3454 1422 3525 ἔφερεν
1463 3455 1678 3518 αὐτοὺς,
1715 3454 1795 3516 εἰς

220 3545 553 3617 ἐπιστροφὴν
581 3547 836 3599 ἑκάστοτε
858 3543 1310 3616 προσκαλουμένη
1345 3542 1431 3596 διὰ
1454 3542 1560 3595 τῶν
1587 3558 1796 3612 προφη-

219 3638 340 3696 τῶν.
360 3639 516 3692 Ἐπεὶ
541 3638 596 3690 δὲ
617 3635 756 3690 κατὰ
776 3636 874 3707 τὴν
897 3633 1164 3706 σωτηρίαν
1193 3633 1372 3702 φωνὴν
1397 3633 1716 3702 ἐπλήρωσαν
1736 3631 1795 3684 τὸ

223 3730 415 3801 μέτρον
461 3729 572 3783 τῶν
606 3728 854 3799 πατέρων
897 3725 1094 3790 αὐτῶν,
1132 3725 1273 3778 οὕτω
1298 3724 1342 3776 δ’
1368 3724 1432 3776 ἂν
1456 3724 1630 3776 πάντα
1670 3739 1792 3775 συν-

221 3823 451 3892 αχθέντα
483 3821 624 3874 κατὰ
651 3821 712 3873 τὸ
740 3821 869 3873 αὐτὸ
901 3819 990 3871 τὸν
1035 3817 1258 3887 ἔσχατον
1286 3818 1469 3879 αὐτοῖς
1509 3815 1797 3887 κατειργά-

225 3932 346 3968 σατο
371 3915 615 3986 ὄλεθρον,
649 3910 930 3984 ῶσπεροῦν
964 3909 1123 3963 πάλιν
1151 3910 1311 3972 αύτὺς
1346 3909 1373 3960 ὁ
1405 3907 1607 3980 Κύριος
1641 3907 1796 3977 ἡμῶν

223 4008 457 4062 διδάσκει
490 4007 691 4074 λέγων·
729 4025 747 4056 ι
779 4006 893 4057 Πᾶν
933 3998 1070 4073 αἷμα
1102 4001 1326 4072 ἐκχυθὲν
1359 4000 1464 4062 ἁπὸ
1495 3999 1796 4071 καταϐολῆς

226 4102 447 4172 κόσμου,
481 4099 591 4152 ἀπὸ
617 4099 846 4169 αἵματος
874 4095 1039 4148 Ἀϐελ
1075 4094 1169 4172 τοῦ
1197 4093 1404 4146 δικαίου
1435 4093 1539 4158 ἓως
1571 4093 1795 4163 αἵματος

225 4166 510 4262 Ζαχαρίου,
543 4166 694 4258 ἥξειν
744 4187 836 4239 ἐπὶ
883 4186 981 4256 τὴν
1032 4166 1220 4253 γένεὰν
1252 4182 1469 4254 ταύτην.
1505 4202 1524 4234 ι
1562 4183 1635 4235 Τὸ
1666 4182 1796 4251 γοῦν

226 4282 442 4352 ἔσχατον
493 4281 747 4334 ἁπάντων
783 4277 880 4341 τὰς
920 4278 1103 4348 χεῖρας
1136 4275 1410 4329 ἐπιϐαλεῖν
1449 4275 1529 4346 τῷ
1558 4275 1672 4346 Υἱῷ
1704 4275 1794 4328 τοῦ

225 4375 349 4429 Θεοῦ
399 4373 790 4443 τολμήσαντες,
827 4369 1077 4423 ἐτέλεσαν
1126 4368 1223 4439 τὴν
1275 4367 1517 4433 ἀθεσίαν,
1549 4369 1642 4420 καὶ
1689 4369 1799 4420 ἐτε-

225 4467 448 4521 λείωσαν
478 4465 575 4535 τὴν
609 4463 812 4516 ἑαυτῶν
838 4461 1128 4533 ἁμαρτίαν,
1155 4460 1293 4512 κατὰ
1319 4460 1418 4530 τὴν
1451 4458 1674 4513 Ἀκύλου
1709 4461 1797 4531 ἐρ-

1896 3282 2177 3346 peccatum
2234 3284 2394 3325 suum
2465 3261 2910 3320 consummavit:
2963 3266 3018 3311 et
3069 3255 3351 3324 ejusdem,
3404 3257 3464 3303 ut

1894 3343 2090 3435 Aquila
2129 3364 2324 3425 vertit,
2366 3358 2633 3413 adversus
2676 3353 2841 3406 Deum
2883 3346 3262 3420 praevaricatio
3303 3343 3461 3397 tinem

1895 3454 2128 3523 accepit.
2159 3448 2490 3519 Jampridem
2521 3445 2663 3499 enim
2698 3444 2820 3496 illos
2861 3438 3111 3510 quamvis
3153 3435 3467 3488 innumera-

1896 3546 2026 3600 bilia
2081 3549 2307 3612 peccata
2354 3544 2735 3608 perpetrantes
2777 3537 2902 3585 ante
2939 3525 3243 3581 Salvatoris
3289 3523 3462 3576 nostri

1897 3639 2185 3693 adventum
2209 3673 2223 3697 ,
2261 3631 2354 3686 Dei
2384 3639 2566 3683 tamen
2600 3625 2889 3682 clementia
2923 3620 3168 3680 ferebat,
3203 3613 3464 3686 quemad-

1895 3729 2114 3785 modum
2166 3723 2420 3778 videlicet
2471 3718 2790 3791 pr0phetica
2847 3714 2966 3784 ipsa
3017 3710 3182 3765 verba
3235 3707 3462 3761 demon-

1896 3830 2070 3880 strant
2107 3841 2119 3877 :
2171 3829 2544 3875 verumtamen
2596 3812 2738 3868 sicut
2790 3808 2857 3863 de
2903 3807 3012 3860 illis
3041 3804 3133 3873 qui
3167 3815 3362 3872 genere
3393 3799 3461 3852 ab

1895 3914 2139 3971 Hebraeis
2183 3910 2531 3966 ditlerentes.
2597 3911 2796 3957 terram
2839 3895 3220 3968 promissionis
3261 3891 3466 3945 incoleo

1895 4009 2026 4064 bant
2049 4004 2116 4058 ad
2145 4001 2414 4057 Abraham
2445 3997 2648 4051 dictum
2667 3999 2749 4046 est
2777 4008 2788 4042 :
2819 4008 2835 4039 ι
2865 3985 3114 4040 Nondum
3144 3984 3286 4038 enim
3310 3994 3462 4033 com-

1895 4100 2039 4172 pleta
2095 4103 2220 4152 sunt
2256 4099 2477 4164 peccata
2532 4083 3014 4141 Amorrhzeorum:
3055 4097 3072 4126 ι
3106 4085 3158 4132 et
3208 4072 3465 4144 quamdiu

1896 4167 2166 4259 completa
2208 4201 2314 4240 non
2367 4183 2549 4245 fuere,
2579 4178 2646 4233 de
2683 4184 2827 4231 terra
2870 4175 3111 4243 ipsorum
3159 4167 3330 4238 patria
3370 4180 3466 4218 ex-

1898 4283 2035 4354 pulsi
2065 4295 2172 4334 non
2197 4283 2344 4332 sunt.
2371 4273 2473 4328 Ubi
2503 4280 2680 4324 autem
2710 4265 2976 4333 completa
3002 4268 3164 4322 sunt,
3193 4266 3308 4311 tum
3337 4269 3466 4309 vero

1897 4390 2086 4430 omnes
2127 4373 2180 4426 in
2228 4367 2506 4422 interitum
2554 4362 2892 4417 inciderunt,
2934 4369 3054 4423 quae
3107 4365 3238 4406 sane
3282 4348 3465 4401 clades

1900 4470 2020 4524 illos
2057 4465 2268 4532 excepit
2299 4457 2633 4527 temporibus
2683 4453 2829 4505 illius
2877 4448 3002 4502 Jesu
3043 4445 3134 4514 qui
3170 4441 3303 4495 Mosi
3339 4456 3464 4494 sue-

228 4561 446 4630 μηνείαν
471 4575 486 4588 ’
535 4555 676 4610 κατὰ
723 4555 778 4608 δὲ
829 4556 954 4616 τοὺς
989 4553 1400 4624 Ἐὅδομήκοντα,
1433 4551 1586 4622 ἐδέθη
1620 4553 1798 4606 αὐτῶν

1904 4561 2112 4617 cessit:
2147 4557 2220 4610 ita
2257 4555 2423 4608 etiam
2467 4551 2534 4604 de
2575 4547 2758 4616 priore
2796 4542 2894 4596 tibi
2936 4534 3344 4608 intelligendum
3380 4540 3466 4588 est

227 4653 314 4707 καὶ
340 4647 684 4722 ἐσφραγίσθη
719 4647 1036 4720 ήὰμαρτία.
1056 4645 1213 4698 Ἀλλὰ
1254 4646 1374 4698 ἐπεὶ
1405 4645 1478 4715 μὴ
1510 4645 1666 4714 μόνον
1715 4647 1794 4708 είς

227 4745 451 4806 πτῶσιν,
483 4741 620 4795 ἀλλὰ
647 4742 741 4794 καὶ
773 4743 851 4804 είς
885 4740 1178 4794 ἀνάστασιν
1209 4737 1416 4790 πολλῶν
1450 4735 1702 4807 ἐλήλυθεν
1736 4739 1794 4789 ἐν

227 4835 296 4906 τῷ
330 4833 570 4907 Ἰσραὴλ,
598 4832 740 4887 καθὰ
766 4850 893 4903 φησι
920 4833 1048 4904 περὶ
1087 4828 1272 4891 αὑτοῦ,
1308 4849 1326 4880 ‹
1350 4829 1478 4882 Ἰδοὺ
1504 4823 1657 4892 οὗτος
1683 4832 1792 4882 κεῖ-

227 4943 305 4980 ται
327 4930 410 4991 εἰς
434 4925 644 4980 πτῶσιν
668 4925 761 4977 καὶ
781 4925 1072 4978 ἀνάστασιν
1100 4922 1307 4976 πολλῶν
1337 4923 1393 4975 ἐν
1414 4921 1490 4992 τῷ
1519 4922 1752 4994 Ἰσραὴλ,
1769 4943 1785 4974 ι

230 5020 445 5082 είκότως
492 5021 607 5081 τοῖς
651 5016 959 5090 εἰρημένοις
992 5014 1121 5085 ἑξῆς
1163 5013 1400 5081 ἐπιλέγει
1429 5015 1456 5066 ὁ
1481 5013 1673 5083 Δανιὴλ
1713 5014 1794 5066 τὸ’

234 5129 248 5160 ι
276 5113 382 5164 Καὶ
419 5109 517 5162 τοῦ
547 5107 838 5175 ἀπαλεῖψαι
877 5105 1168 5178 ἁμαρτίας,
1199 5105 1292 5158 καὶ
1325 5103 1419 5155 τοῦ
1449 5103 1798 5167 ἐξιλάσασθαι

228 5201 453 5264 ἀδικίας.
487 5219 504 5252 ι
551 5199 649 5253 Διά
691 5199 799 5270 γὰρ
831 5199 892 5251 τὸ
924 5198 1182 5251 ἀδύνατον
1221 5193 1358 5250 εἶναι
1400 5190 1536 5267 αἷμα
1581 5195 1796 5268 ταύρων

227 5295 313 5347 καὶ
335 5295 558 5366 τράγων
577 5293 828 5362 ἀφαιρεῖν
857 5290 1149 5362 ἁμαρτίας,
1173 5289 1375 5343 δεῖσθαι
1401 5290 1455 5344 δὲ
1485 5292 1592 5344 πᾶν
1612 5290 1670 5344 τὸ
1689 5290 1794 5344 τῶν

228 5385 524 5458 ἀνθρώπων
557 5385 708 5453 γένος
744 5384 970 5454 ἱλασμοῦ
1028 5382 1227 5447 ζῶντος
1273 5383 1365 5436 καὶ
1405 5383 1658 5454 ἀληθινοῦ
1694 5383 1713 5454 (
1734 5377 1794 5437 οὗ

227 5479 386 5534 τύπον
412 5479 576 5549 ἔφερε
601 5478 662 5530 τὸ
693 5478 840 5548 παρὰ
872 5479 1058 5531 Μωσεῖ
1085 5477 1524 5530 κατασκευασθὲν
1576 5477 1796 5548 ἱλαστή-

232 5572 377 5643 ριον),
397 5566 553 5634 οὗτος
577 5566 714 5641 δὲῆν
733 5571 764 5622 6
784 5569 972 5641 Σωτὴρ
998 5569 1089 5622 καὶ
1115 5569 1316 5640 Κύριος
1345 5569 1518 5640 ἡμῶν,
1544 5570 1572 5620 6
1604 5569 1798 5639 Ἀμνὸς

230 5664 312 5717 τοῦ
342 5662 502 5728 Θεοῦ,
532 5663 657 5734 περὶ
699 5656 759 5717 οῦ
804 5662 1014 5732 εἴρηται
1036 5677 1050 5690 θ
1087 5678 1106 5711 ι
1129 5659 1224 5712 Ἱδὲ
1260 5659 1453 5730 Ἀμνὸς
1482 5659 1575 5715 τοῦ
1609 5659 1743 5714 Θεοῦ
1771 5663 1799 5714 6

294 5846 336 5876 “
375 5842 564 5897 Matth.
602 5855 769 5901 nm,
803 5839 887 5892 32.
969 5838 1012 5879 ⁸7
1054 5836 1181 5892 ibid.
1221 5836 1308 5892 55.

1902 4653 2142 4726 populo:
2178 4645 2443 4720 quamdiu
2490 4642 2634 4698 enim
2682 4639 2898 4692 illorum
2939 4639 3159 4704 peccata
3197 4629 3464 4698 completa

1902 4716 2010 4800 non
2045 4716 2211 4801 sunt,
2247 4737 2339 4792 Dei
2371 4735 2492 4788 illos
2523 4729 2778 4801 patientia
2806 4732 2860 4779 et
2888 4721 3192 4791 benignitas
3224 4716 3379 4777 tulit,
3411 4721 3466 4766 et

1896 4853 1992 4908 per
2030 4833 2328 4905 prophetas
2368 4826 2609 4894 undique
2647 4819 2712 4874 ad
2745 4816 3154 4872 conversionem
3197 4807 3468 4865 invitavit.

1895 4898 2057 4998 θεέ
2092 4898 2386 4992 Postquam
2418 4923 2626 4977 autem,
2661 4918 2716 4965 ut
2752 4907 2998 4963 Salvator
3026 4903 3091 4956 ad
3122 4903 3271 4970 ipsos
3305 4898 3462 4957 dixit,

1901 5018 2262 5087 impleverunt
2293 5021 2608 5065 mensuram
2650 5009 2862 5073 patrum
2895 5009 3151 5056 suorum,
3191 5000 3302 5044 tum
3339 5000 3466 5039 vero

1899 5111 1955 5165 in
2006 5107 2256 5162 eumdem
2303 5105 2483 5157 locum
2528 5105 2715 5153 coacta
2774 5091 2978 5156 omnia,
3010 5092 3310 5142 extremum
3356 5076 3464 5130 illis

1899 5203 2310 5256 maturaverunt
2347 5194 2651 5249 interitum,
2683 5200 2813 5242 sane
2851 5173 3303 5252 quemadmodum
3337 5169 3464 5222 item

1897 5289 2160 5345 Dominus
2191 5292 2375 5339 noster
2407 5295 2506 5335 nos
2537 5277 2713 5337 docet,
2748 5272 2836 5326 ubi
2873 5270 2946 5322 ait
2981 5286 2995 5320 :
3028 5282 3047 5315 ι
3074 5260 3299 5318 Omnem
3334 5268 3461 5308 san-

1897 5383 2114 5455 guinem
2143 5377 2375 5434 ell'usum
2416 5388 2446 5425 a
2474 5365 2864 5425 constitutione
2895 5354 3105 5416 mundi,
3141 5367 3170 5404 a
3199 5345 3464 5417 sanguine

1899 5444 2035 5528 Abel
2075 5469 2212 5541 justi
2259 5480 2435 5536 usque
2483 5461 2548 5515 ad
2594 5457 2910 5527 sanguinem
2949 5444 3248 5504 Zachariae,
3273 5444 3465 5541 ventu-

1901 5579 2022 5620 rum
2071 5575 2236 5631 super
2281 5555 2686 5630 generationem
2727 5548 2885 5601 istam
2933 5541 3000 5594 ⁸⁷.
3033 5557 3052 5591 ι
3108 5535 3244 5589 Cum
3298 5529 3464 5600 igitur

1904 5658 1970 5714 ad
2001 5625 2307 5714 extremum
2360 5661 2555 5707 manus
2604 5642 2828 5714 injicere
2861 5634 2995 5691 Fili)
3034 5629 3129 5686 Dei
3162 5625 3278 5682 ausi
3307 5627 3460 5686 sunt,
