3928 6498
501 371 608 429 ίῖῢό

1173 367 1442 424 EUSEBH
1474 349 1947 427 cmsamiaasns
1983 371 2132 429 ore.
2175 374 2351 428 rans
2391 375 2454 430 ιι.
2501 406 2563 417 -
2592 371 3089 430 APOLOGETICA.

3637 373 3746 428 60.!

505 505 527 542 ι
561 491 1080 542 consummaverunt
1107 487 1632 556 prazvaricationem,
1656 497 1710 544 et
1751 490 1910 545 tinem
1941 507 2059 561 pec-

2164 494 2332 565 αἵρων
2361 495 2454 564 τὴν
2483 493 2752 565 ἁμαρτίαν
2788 491 2880 544 τοῦ
2909 493 3112 562 κόσμου
3131 507 3145 520 '
3173 509 3190 540 ι
3221 491 3313 542 καλ¹
3343 488 3530 543 πάλιν·
3589 507 3611 540 ι
3648 489 3758 542 A6-

501 587 627 633 cato
653 591 754 634 suo
776 577 1174 644 imposuerunt,
1217 596 1234 628 ι
1275 577 1416 632 sicut
1452 581 1647 649 Aquila
1679 581 2063 652 interpretatus

501 677 608 734 est,
653 675 730 734 at,
779 669 920 724 sicut
973 667 1136 732 LXX,
1175 687 1194 719 ‹
1229 684 1416 724 eorum
1447 680 1734 740 peccatum
1783 673 2062 742 alligatum

503 763 884 832 signatumque
914 767 1016 814 est.
1056 779 1074 811 ι
1107 759 1210 815 Sed
1233 763 1486 830 quoniam
1519 766 1832 826 nonsolum
1863 765 1917 818 in
1951 767 2062 820 rui-

501 867 649 916 nam,
684 867 872 905 verum
901 852 1063 906 etiam
1099 853 1154 905 in
1177 855 1575 922 reparationem
1601 856 1895 910 multorum
1917 857 2062 912 venit

499 942 554 995 in
587 940 774 1007 Israel,
814 943 956 998 sicut
989 942 1057 997 de
1088 943 1208 1013 ipso
1273 944 1411 998 dixit
1461 944 1702 1010 Simeon,
1745 969 1762 1000 ι
1803 947 1944 1004 Ecce
1973 949 2061 1004 hic

500 1033 712 1102 positus
744 1041 827 1088 est
858 1034 912 1086 in
940 1034 1154 1086 ruinam
1182 1043 1236 1088 et
1277 1035 1332 1089 in
1375 1039 1832 1094 resurrectionem
1865 1042 2062 1094 multo-

499 1139 622 1178 rum
669 1125 723 1178 in
764 1123 932 1179 Israel
961 1125 1028 1192 °',
1069 1145 1087 1177 ι
1131 1127 1324 1181 merito
1353 1128 1542 1184 Daniel
1577 1130 1644 1182 ad
1670 1147 1730 1183 ea
1759 1148 1878 1202 qua:
1916 1134 2060 1188 dicta

500 1219 648 1277 sunt,
671 1213 917 1285 adjungit
941 1235 954 1268 :
977 1233 996 1265 ‹
1025 1213 1088 1268 Ει
1115 1223 1174 1268 ιιι
1205 1216 1486 1272 deleantur
1513 1229 1751 1288 peccata,
1770 1231 1822 1275 et
1842 1223 2061 1292 expien-
2085 1285 2100 1298 _

497 1313 590 1359 tur
644 1306 943 1374 injustitlae.
985 1326 1003 1358 ι
1037 1307 1172 1361 Cum
1227 1309 1371 1362 enim
1424 1312 1646 1380 sanguis
1697 1320 1975 1372 taurorum
2007 1323 2098 1384 et_

499 1396 776 1451 hircorum
810 1397 1027 1452 auferre
1057 1408 1276 1466 peccata
1309 1415 1416 1454 non
1455 1408 1660 1470 posset,
1691 1410 1744 1458 et
1773 1419 1934 1458 omne
1964 1405 2060 1460 ho-

499 1489 705 1543 minum
728 1505 900 1560 genus
929 1491 1232 1560 expiatione
1261 1493 1382 1546 viva
1413 1496 2061 1568 veraqueindigeret(cu-

495 1579 588 1649 jus
636 1579 863 1649 ﬁguram
920 1583 1141 1650 gerebat
1191 1581 1244 1636 id
1283 1584 1428 1653 quod
1484 1586 1626 1656 apud
1663 1586 1864 1642 Mosem
1925 1603 2058 1643 con-

499 1677 768 1725 structum
821 1681 1046 1726 vocatur
1113 1675 1616 1748 propitiatorium),
1673 1679 1820 1732 nulla
1880 1686 2060 1734 autem

499 1761 816 1830 propitiatio
843 1763 964 1816 viva
994 1778 1230 1833 veraque
1266 1774 1432 1832 esset,
1463 1768 1570 1822 nisi
1596 1767 1843 1824 Salvator
1867 1777 1920 1825 et
1949 1769 2054 1824 Do-

499 1851 677 1906 minus
711 1861 914 1916 noster,
955 1855 1044 1909 ille
1089 1855 1275 1926 Agnus
1317 1857 1431 1918 Dei,
1464 1857 1529 1912 de
1552 1875 1660 1930 quo
1688 1862 1890 1916 dictum
1925 1870 2010 1917 est
2041 1881 2054 1916 :
2091 1837 2135 1895 Β

503 1959 522 1989 ‹
559 1940 696 1997 Ecce
744 1943 930 2012 Agnus
972 1943 1068 1998 Dei
1117 1947 1210 2016 qui
1267 1947 1406 2001 tollit
1465 1958 1686 2019 peccata
1724 1953 1990 2006 mundi”.
2035 1973 2052 2005 ι

497 2031 632 2086 Nam
668 2049 883 2099 rursus,
938 2055 956 2086 ‹
1005 2036 1150 2090 Idem
1189 2040 1502 2108 propitiatio
1535 2049 1619 2096 est
1671 2057 1771 2112 pro
1821 2045 2058 2113 peccatis

501 2125 721 2188 nostris,
762 2145 780 2178 ι
819 2141 918 2180 nec
949 2143 1049 2196 pro
1083 2129 1287 2206 nostris
1322 2137 1528 2184 tantum
1571 2133 1687 2200 ipse
1715 2143 1798 2188 est
1825 2137 2057 2204 pretium

496 2228 561 2267 ac
604 2213 922 2284 redemptio,
964 2217 1058 2270 sed
1104 2217 1264 2271 etiam
1313 2233 1410 2287 pro
1461 2220 1628 2274 totius
1657 2223 1864 2288 mundi,
1896 2232 1956 2278 ut
1985 2225 2062 2278 ait

497 2304 788 2374 Apostolus
816 2305 898 2337 ’θ’
932 2323 944 2359 :
983 2324 1000 2356 ‹
1041 2305 1142 2372 Qui
1199 2305 1375 2362 factus
1423 2316 1528 2376 est,
1590 2308 1786 2378 inquit,
1845 2313 2062 2383 sapien-

495 2396 570 2449 tia
613 2396 772 2452 nohis
813 2411 841 2448 a
881 2395 1013 2460 Deo,
1041 2399 1362 2469 justitiaque
1389 2408 1444 2455 et
1477 2401 1836 2457 sanctiﬁcatio
1885 2415 1936 2460 et
1973 2420 2061 2460 re-

496 2487 828 2558 demptio".
869 2511 886 2542 ι
941 2490 1133 2544 Merito
1181 2493 1300 2561 ejus
1353 2493 1662 2558 adventum,
1695 2495 1858 2549 simul
1912 2511 2057 2550 com-

497 2577 822 2646 plementum
853 2581 1350 2652 perfectionemque
1380 2585 1589 2654 peccati
1635 2601 1757 2640 esse
1786 2585 1943 2642 docet
1971 2603 2061 2643 eo-

495 2683 640 2735 rum,
669 2671 760 2740 qui
796 2683 986 2728 contra
1011 2674 1188 2745 ipsum
1217 2676 1370 2745 impii
1393 2675 1632 2741 fuerunt,
1665 2678 1828 2732 simul
1861 2679 2061 2736 abster-

497 2758 706 2814 sionem
747 2769 798 2816 et
831 2765 1209 2833 purgationem
1261 2777 1608 2836 peccatorum
1659 2776 1714 2824 et
1762 2769 2057 2840 iniustitia-

497 2861 618 2901 rum
651 2853 1012 2920 expiationem
1053 2869 1240 2909 eorum
1259 2855 1350 2925 qui
1372 2855 1424 2909 in
1460 2857 1637 2926 ipsum
1669 2859 2056 2916 crediderunt:

497 2953 623 2992 nam
663 2957 786 2997 cum
813 2943 1026 3013 Aquila.
1061 2963 1080 2996 ι
1109 2945 1192 3000 Ad
1218 2949 1704 3004 consummandam
1735 2955 2058 3021 praevarica-

499 3035 720 3100 tionem,
769 3044 822 3092 et
855 3037 1012 3091 finem
1048 3047 1270 3108 peccato
1323 3041 1734 3110 imponendum,
1775 3064 1794 3096 ι
1835 3045 2054 3110 dixerit,

499 3133 614 3180 tum
649 3125 782 3180 illud
815 3127 1032 3197 adjecit,
1073 3147 1090 3179 ‹
1111 3128 1170 3184 Ει
1205 3131 1272 3184 ad
1302 3131 1629 3201 expiandum
1659 3133 2050 3206 iniquitatem,»

497 3215 582 3270 sic
617 3215 778 3286 plane
832 3217 982 3271 illum
1031 3220 1208 3274 omnis
1269 3221 1596 3292 iniquitatis,
1625 3241 1746 3295 quat
1785 3228 1914 3282 olim
1965 3245 2062 3300 per

499 3307 861 3378 ignorantiam
913 3309 1152 3365 admissa
1204 3313 1294 3379 sit,
1345 3315 1710 3384 expiationem
1765 3333 1908 3384 esse,
1964 3337 2062 3391 pro

497 3415 762 3456 concesso
799 3415 1042 3456 sumens.
1097 3402 1227 3458 Post
1265 3405 1384 3475 ipsa
1434 3406 1571 3472 haec,
1597 3409 1730 3464 illud
1765 3413 2011 3482 sequitur
2045 3433 2059 3469 :

505 3510 524 3543 ε
567 3491 638 3546 Ut
667 3492 959 3548 inducatur
990 3494 1206 3564 justitia
1231 3498 1579 3566 sempiterna.
1607 3517 1626 3552 ι
1663 3499 1759 3556 Est
1790 3517 1920 3558 sane
1947 3505 2064 3575 ipsc

503 3583 596 3637 Dei
623 3583 859 3640 Verbum
906 3586 1120 3656 justitia
1173 3590 1527 3658 sempiterna,
1559 3611 1577 3644 ‹
1607 3594 1700 3664 qui
1757 3595 1934 3653 factus
1981 3606 2064 3654 est

500 3672 660 3730 nobis
700 3675 964 3747 sapientia
1013 3692 1044 3731 a
1096 3677 1228 3742 Deo,
1256 3679 1584 3752 justitiaque
1615 3691 1670 3739 et
1699 3687 2063 3743 sanctificatio

499 3771 555 3818 ct
584 3763 905 3836 redemptio,
945 3785 964 3820 ι
993 3775 1050 3820 ιιι
1088 3769 1163 3821 ait
1211 3770 1530 3839 Apostolus,
1556 3782 1932 3831 verumtamen
1965 3777 2062 3831 ad-

501 3863 666 3910 ventu
695 3871 795 3910 suo
814 3858 1068 3914 omnibus
1097 3859 1411 3918 hominibus
1429 3865 1742 3918 conciliavit
1767 3866 2061 3936 justitiam,

504 3946 682 4015 reipsa
719 3947 1034 4012 ostendens,
1074 3951 1218 4019 quod
1253 3969 1270 4002 ι
1300 3968 1407 4008 non
1439 3954 1604 4026 386
1637 3956 1812 4011 solum
1848 3957 2060 4014 Judaeo-

501 4051 621 4090 rum
649 4045 732 4092 est
764 4038 930 4107 Deus,
962 4041 1056 4095 sed
1077 4042 1238 4096 etiam
1269 4046 1533 4114 gentium.
1558 4067 1576 4098 ι
1615 4047 2060 4120 Quandoquidem

501 4141 643 4182 unus
675 4137 758 4182 est
809 4128 953 4186 Deus
992 4132 1082 4201 qui
1111 4133 1434 4202 justiﬁcabit
1465 4138 1944 4196 circumcisionem
1994 4157 2060 4196 ex

501 4215 624 4286 ﬁde,
657 4227 711 4272 et
743 4221 1070 4290 prmputium
1101 4239 1198 4294 per
1227 4224 1388 4281 ﬁdem
1412 4229 1479 4282 τ’.
1517 4249 1532 4280 ι
1567 4228 1647 4283 Ex
1679 4246 1790 4298 quo
1833 4247 1928 4288 eos
1966 4233 2060 4303 qui

498 4322 624 4362 cum
655 4307 911 4367 Cornelio
964 4313 1211 4381 aderant,
1241 4318 1442 4388 quique
1489 4321 1602 4389 jam
1640 4319 1900 4392 Spiritum
1935 4340 2064 4379 san-

497 4407 644 4453 ctum
676 4404 924 4475 accipere
943 4413 1276 4474 meruerant,
1311 4409 1587 4466 admirans
1610 4411 1823 4478 Petrus,
1857 4433 1876 4464 ι
1899 4413 2057 4480 Vere,

497 4493 694 4563 inquit,
753 4497 878 4552 novi
919 4499 1062 4567 quod
1117 4515 1230 4554 non
1283 4509 1367 4556 est
1407 4513 1659 4574 acceptor
1699 4521 2053 4575 personarum

497 4583 663 4650 Deus,
693 4587 788 4642 sed
809 4589 864 4642 in
888 4591 1036 4642 omni
1063 4601 1244 4661 gente,
1277 4594 1368 4662 qui
1399 4594 1550 4650 timet
1583 4595 1732 4650 illum
1755 4606 1810 4652 et
1840 4608 2054 4655 exercet

492 4673 782 4742 justitiam,
810 4689 1065 4749 acceptus
1099 4689 1184 4738 est
1233 4684 1310 4739 illi
1340 4686 1408 4741 ⁷³.
1443 4705 1460 4736 ι
1498 4685 1640 4752 Quin
1697 4686 1899 4744 Paulus
1927 4705 2061 4759 quo-

493 4781 602 4836 que
653 4765 1008 4839 Evangelium
1059 4774 1288 4842 justitia:
1326 4776 1552 4832 allirmat
1604 4793 1747 4844 esse,
1779 4781 1870 4834 ubi
1924 4783 2049 4838 ait:

500 4877 518 4909 ι
557 4857 746 4914 Virtus
787 4864 934 4916 enim
991 4863 1084 4920 Dei
1133 4873 1218 4920 est
1253 4867 1318 4922 ad
1349 4869 1577 4924 salutem
1609 4871 1754 4924 omni
1787 4871 2052 4938 credenti,

490 4948 678 5006 Iudaeo
711 4953 947 5023 primum
989 4963 1044 5011 et
1093 4955 1283 5012 Graeco
1314 4977 1330 5014 :
1367 4959 1576 5028 justitia
1605 4962 1748 5015 enim
1781 4961 1874 5017 Dei
1904 4965 1959 5017 in
1993 4981 2058 5020 eo

491 5043 765 5100 revelatur
789 5045 854 5100 ⁷³.
887 5065 905 5100 ι
932 5045 990 5101 ln
1019 5045 1250 5105 Psalmis
1269 5067 1484 5122 quoque
1516 5053 1584 5108 de
1603 5053 1824 5110 Christo
1851 5056 2054 5110 dictum

490 5139 578 5185 est
609 5149 622 5186 :
649 5149 668 5182 ι
708 5129 925 5186 Orietur
948 5134 1003 5187 in
1025 5134 1218 5189 diebus
1244 5137 1362 5205 ejus
1389 5137 1606 5205 justitia
1637 5147 1691 5194 ct
1719 5140 2052 5196 abundantia

494 5221 646 5290 pacis
673 5222 740 5278 "".
775 5243 794 5276 ι
829 5223 895 5277 Et
921 5239 1052 5280 sane
1091 5225 1238 5281 illius
1267 5243 1404 5297 opus
1433 5245 1491 5283 re
1519 5245 1644 5284 vera
1673 5229 1766 5285 Dei
1785 5229 2054 5300 justitiam

493 5312 908 5382 demonstravit,
945 5325 1134 5388 utpote
1171 5319 1314 5388 quod
1343 5335 1503 5376 omne
1553 5337 1722 5392 genus
1773 5323 2054 5378 hominum

491 5403 612 5472 pari
647 5407 934 5464 vocatione
963 5409 1186 5481 dignum
1218 5411 1532 5467 reddiderit.
1552 5414 1620 5468 At
1649 5431 1768 5484 qua:
1805 5431 1901 5484 per
1951 5414 2058 5468 Mo-

495 5509 610 5552 sem
641 5497 786 5554 edita
818 5509 967 5570 sunt,
999 5517 1340 5574 nequaquam
1381 5505 1531 5570 talia,
1563 5506 1656 5562 sed
1699 5508 1792 5562 uni
1827 5507 1928 5562 soli
1958 5505 2055 5566 Ju-

568 5697 612 5728 ⁸⁸
651 5697 782 5752 Luc.
817 5717 850 5756 ιι
875 5742 888 5760 .
925 5703 1010 5757 54.
1089 5705 1131 5736 ⁸³
1167 5703 1324 5758 Joan.
1361 5723 1411 5767 ι,
1446 5708 1532 5762 29.

495 5781 568 5832 κ,
602 5767 690 5835 ιιι,
716 5770 804 5826 35.
881 5772 925 5802 "
967 5772 1120 5830 llom.
1157 5791 1194 5840 ι,
1229 5775 1426 5838 16,17.
1505 5779 1548 5810 ⁷⁸
1587 5777 1730 5834 Psal.
1771 5795 1928 5846 LXXI,
1961 5781 2015 5837 7.

1633 5709 1696 5740 σθ·
1741 5711 1758 5761 l
1793 5707 1950 5765 Joan.
1987 5727 2060 5779 ιι,
2090 5713 2142 5770 2.
2220 5713 2264 5747 "
2305 5713 2324 5770 Ι
2357 5713 2480 5768 Cor.
2515 5727 2568 5776 ι,
2605 5712 2692 5766 50.

2161 585 2251 648 τὸς
2281 585 2503 655 ἱλασμός
2523 587 2635 637 ἐστι
2663 584 2790 655 περὶ
2817 581 2923 636 τῶν
2949 581 3226 653 ἁμαρτιῶν
3258 584 3288 651 ἡ
3299 582 3444 662 μῶν,
3463 601 3480 632 ι
3507 582 3580 634 οὐ
3613 581 3758 650 περὶ

2161 676 2269 729 τῶν
2301 675 2580 748 ἡμετέρων
2605 675 2660 727 δὲ
2694 677 2869 746 μόνον,
2905 673 3040 728 ἀλλά
3071 674 3164 726 καὶ
3193 673 3322 744 περὶ
3353 673 3476 726 ὅλου
3505 671 3614 724 τοῦ
3651 671 3756 724 κό-

2165 784 2321 837 σμου,
2356 767 2518 830 αὐτὸς
2541 765 2613 819 ὣν
2651 766 2741 819 καὶ
2768 764 3158 836 ἀπολύτρωσις,
3199 763 3336 817 κατά
3369 764 3458 816 τὸν
3489 761 3756 826 Παῦλον,

2164 859 2464 927 φάσκονταο
2502 860 2633 921 «Ὃς
2675 857 2904 928 ἐγενήθη
2945 855 3106 925 σοφία
3137 858 3266 926 ἡμῖν
3306 854 3414 908 ἀπὸ
3451 853 3624 916 θεοῦ,
3669 852 3758 907 δι-

2163 949 2420 1020 καιοσύνη
2431 967 2488 1002 τε
2511 951 2603 1002 καὶ
2618 949 2906 1019 ἁγιασμὸς,
2925 949 3019 1001 καὶ
3034 947 3427 1018 ἀπολύτρωσις·
3458 966 3477 998 ι
3502 945 3758 1009 εἰκότως

2159 1041 2258 1110 τὴν
2283 1039 2578 1110 παρουσίαν
2607 1037 2770 1091 αὑτοῦ
2803 1036 2938 1108 ὁμοῦ
2969 1037 3066 1107 μὲν
3097 1036 3485 1107 συμπλήρωσιν
3509 1035 3622 1088 καὶ
3657 1051 3756 1088 τε·-

2161 1129 2372 1183 λείωσιν
2405 1129 2674 1200 ἁμαρτίας
2700 1125 2834 1181 εἶναι
2863 1127 3098 1180 διδάσκει
3146 1126 3250 1179 τῶν
3293 1128 3371 1188 εἰς
3405 1125 3574 1178 αὐτὸν
3607 1127 3648 1194 ἡ
3655 1142 3754 1176 σε-

2163 1219 2423 1289 δηκότων,
2455 1219 2589 1288 ὁμοῦ
2615 1219 2670 1271 δέ
2703 1217 2990 1286 ἀπάλειψιν
3028 1217 3122 1270 καὶ
3169 1216 3500 1286 καθαρισμὸν
3555 1215 3756 1284 ἁμαρ-

2161 1310 2310 1377 τιῶν,
2343 1311 2438 1363 καὶ
2484 1311 2704 1363 ἀδικιῶν
2751 1309 2974 1378 ἱλασμὸν
2999 1307 3106 1360 τῶν
3132 1310 3212 1370 εἰς
3241 1307 3400 1360 αὑτὸν
3429 1323 3754 1359 πεπιστευ-

2161 1401 2350 1456 κότων.
2379 1402 2487 1454 Καὶ
2513 1402 2542 1452 ὁ
2579 1401 2804 1464 Ἀκύλας
2829 1400 2906 1466 δὲ,
2937 1418 2954 1450 ι
2985 1398 3087 1452 Τοῦ
3115 1399 3330 1452 τελέσαι
3359 1398 3454 1468 τὴν
3481 1397 3750 1458 ἀθεσίαν,

2161 1493 2252 1544 καὶ
2275 1490 2367 1544 τοῦ
2394 1490 2674 1544 τελειῶσαι
2695 1489 3093 1561 τὴνὰμαρτίαν,
3126 1508 3144 1540 ι
3169 1487 3356 1550 simitu,
3379 1490 3644 1558 ἐπήγαγε
3669 1489 3750 1551 τὸ,

2169 1602 2187 1634 ι
2219 1581 2324 1636 Τοῦ
2367 1581 2710 1646 ἐξιλάσασθαι
2747 1581 2992 1652 ἀνομίαν,
3023 1599 3040 1631 ι
3079 1581 3265 1649 σαφῶς
3300 1581 3520 1650 ἱλασμὸν
3575 1580 3753 1632 αὑτὸν

2163 1669 2298 1727 εἶναι
2333 1673 2512 1744 πάσης
2545 1673 2770 1743 ἀνομίας
2801 1673 2902 1741 τῆς
2941 1673 3104 1726 πάλαι
3145 1672 3286 1726 κατὰ
3323 1672 3550 1740 ἄγνοιαν
3581 1689 3752 1740 γενο-

2168 1765 2332 1836 μένης
2380 1763 2775 1834 ὑποτιθέμενος.
2810 1764 2965 1835 Ἑξῆς
3016 1765 3218 1828 τούτοις
3272 1763 3520 1836 εἴρηται,
3585 1783 3605 1814 ι
3641 1762 3752 1816 Τοῦ

2163 1857 2388 1924 ἀγαγεῖν
2413 1854 2754 1926 δικαιοσύνην
2787 1856 3016 1909 αἰώνιον.
3053 1857 3237 1908 »Ἔστι
3273 1857 3369 1926 μὲν
3395 1851 3486 1909 οὖν
3511 1856 3694 1918 αὐτὸς
3721 1855 3752 1906 6

2163 1949 2254 2002 τοῦ
2283 1948 2416 2003 Θεοῦ
2448 1950 2618 2018 Λόγος
2644 1949 2858 2011 αἰώνιος
2879 1947 3208 2016 δικαιοσύνη,
3237 1965 3254 1996 ι
3289 1947 3346 2009 ὃς
3373 1947 3614 2018 ἐγενήθη
3659 1963 3751 1998 σο-

2165 2043 2260 2111 φία
2293 2044 2420 2112 ἡμῖν
2453 2042 2558 2094 ἀπὸ
2585 2041 2739 2104 Θεοῦ,
2768 2039 3077 2109 δικαιοσύνη
3105 2057 3162 2091 τε
3189 2039 3280 2090 καὶ
3314 2038 3614 2106 ἁγιασμὸς,
3653 2039 3750 2090 καὶ

2165 2133 2556 2202 ἀπολύτρωσις,
2589 2150 2608 2184 ιι
2640 2131 2778 2184 κατά
2803 2132 2896 2184 τὸν
2923 2129 3258 2183 Ἀπὸστολον.
3292 2127 3435 2198 Πλὴν
3469 2127 3616 2180 ἀλλὰ
3647 2127 3750 2180 σὺν

2162 2225 2227 2293 τῇ
2250 2222 2442 2275 ἐαυτοῦ
2465 2221 2737 2293 παρουσίᾳ
2761 2221 2856 2274 καὶ
2887 2219 3051 2272 πᾶσιν
3073 2215 3374 2289 ἀνθρώποις
3395 2216 3750 2287 προὺξένησε

2163 2312 2524 2384 δικαιοσύνην,
2547 2311 2724 2384 ἔργοις
2739 2309 3024 2373 ἐπιδείξας,
3041 2309 3121 2360 ὅτι
3144 2326 3162 2356 ί
3185 2306 3430 2378 μὴμόνον
3463 2306 3748 2360 Ἰουδαίων

2165 2406 2309 2458 ἐστὶν
2340 2405 2368 2456 ὁ
2401 2403 2552 2468 Θεὸς,
2576 2402 2709 2456 ἀλλά
2740 2402 2834 2456 καὶ¹
2861 2399 3050 2454 ἐθνῶν.
3078 2418 3096 2451 ι
3134 2399 3391 2468 Ἐπείπερ
3421 2392 3500 2461 εἷς
3523 2398 3554 2449 6
3581 2396 3742 2460 Θεὸς,

2162 2497 2220 2561 ὃς
2254 2497 2527 2550 δικαιώσει
2552 2494 2851 2567 περιτομὴν
2883 2495 2946 2546 ἐκ
2970 2493 3220 2554 πίστεως,
3244 2492 3336 2544 καὶ
3367 2489 3742 2560 ἀκροϐυστίαν

2162 2586 2250 2639 διὰ
2279 2586 2380 2656 τῆς
2429 2585 2680 2648 πίστεως.
2714 2583 2902 2636 »Ὅθεν
2935 2584 3060 2646 τοὺς
3107 2581 3249 2652 ἀμφὶ
3291 2579 3381 2634 τὸν
3429 2580 3744 2650 Κορνήλιον

2160 2677 2255 2730 τοῦ
2313 2677 2464 2746 ἁγίου
2518 2676 2832 2746 Πνεύματος
2885 2673 3214 2744 ἠξιωμένους
3262 2670 3670 2741 ἁποθαυμάσας
3715 2673 3743 2722 6

2163 2768 2384 2839 Πέτρος,
2425 2788 2442 2820 ι
2467 2769 2580 2820 Ἐπ’
2607 2767 2880 2840 ἀληθείας,
2915 2785 2933 2818 ι
2967 2768 3148 2838 φησὶν,
3178 2786 3195 2816 ι
3223 2760 3356 2827 οἴδα,
3380 2765 3460 2815 ὅτι
3487 2764 3594 2816 ούκ
3623 2763 3740 2814 ἔστι

2163 2858 2629 2932 προσωπολήπτης
2653 2860 2681 2912 6
2717 2858 2867 2922 θεὸς,
2903 2856 3014 2910 ἀλλ’
3049 2857 3106 2910 ἐν
3135 2855 3291 2909 παντὶ
3318 2855 3456 2907 ἔθνει
3477 2857 3505 2907 ό
3535 2853 3738 2922 φοϐού-

2167 2968 2322 3022 μενος
2369 2950 2550 3014 αὑτὸν,
2579 2949 2940 3020 ἐργαζόμενος
2977 2947 3338 3018 δικαιοσύνην,
3366 2947 3554 3010 δεκτὸς
3585 2945 3738 3016 αὐτῷ

2161 3045 2296 3096 ἐστι.
2327 3061 2345 3094 ι
2374 3041 2484 3094 Καὶ
2527 3043 2556 3094 6
2595 3039 2805 3101 Παῦλος
2832 3040 2886 3092 δὲ
2921 3039 2978 3092 τὸ
3019 3039 3343 3108 Εύαγγέλιον
3383 3039 3736 3108 δικαιοσύνης

2163 3133 2298 3190 εἷναί
2339 3152 2490 3206 φησι,
2520 3133 2690 3202 λέγων
2709 3151 2720 3163 ·
2749 3153 2766 3184 ι
2793 3132 3028 3204 Δύναμις
3053 3131 3160 3204 γὰρ
3182 3131 3313 3184 Θεοῦ
3341 3132 3486 3183 ἐστιν
3517 3131 3600 3193 εἰς
3633 3148 3736 3183 σω-

2161 3227 2356 3298 τηρίαν
2395 3225 2556 3280 παντὶ
2586 3224 2663 3295 τῷ
2695 3223 3020 3286 πιστεύοντι,
3039 3223 3268 3293 Ἰουδαίῳ
3298 3239 3356 3274 τε
3389 3221 3609 3293 πρῶτον
3643 3223 3736 3274 καὶ

2165 3318 2414 3390 Ἕλληνι·
2447 3316 2755 3387 δικαιοσύνη
2785 3315 2892 3387 γὰρ
2929 3315 3062 3368 Θεοῦ
3093 3317 3150 3368 ἐν
3181 3313 3327 3383 αὐτῷ
3351 3311 3736 3366 ἀποκαλύπτε-

2163 3427 2270 3463 ται.
2304 3429 2322 3461 ι
2357 3409 2466 3462 Καὶ
2493 3410 2552 3462 ἐν
2589 3406 2835 3478 Ψαλμοῖς
2862 3407 2917 3460 δὲ
2948 3406 3159 3477 εἴρηται
3187 3403 3429 3476 περὶτοῦ
3463 3403 3731 3476 Χριστοῦ·

2169 3501 2476 3556 «Ἀνατελεῖ
2517 3503 2575 3554 ἐν
2617 3502 2734 3563 ταῖς
2781 3499 3013 3570 ήμέραις
3057 3498 3220 3550 αὑτοῦ
3253 3495 3588 3566 δικαιοσύνη,
3641 3497 3734 3548 καὶ

2164 3594 2364 3664 πλῆθος
2391 3595 2630 3665 εἰρήνης.
2661 3612 2679 3644 ι
2715 3593 2823 3644 Καὶ
2847 3592 2908 3644 τὸ
2933 3591 3091 3661 ἔργον
3120 3590 3178 3642 δὲ
3215 3589 3376 3643 αὐτοῦ
3410 3589 3483 3652 ὡς
3511 3587 3736 3660 ἀληθῶς

2162 3687 2296 3741 Θεοῦ
2319 3685 2661 3755 δικαιοσύνην
2687 3683 2999 3747 ἐνεδείξατο,
3021 3681 3083 3734 τὸ
3105 3681 3211 3734 πᾶν
3239 3681 3392 3750 γένος
3421 3679 3734 3750 ἀνθρώπων

2163 3778 2222 3844 ἐξ
2255 3780 2368 3832 ἴσου
2410 3777 2508 3846 τῆς
2549 3776 2697 3848 παρά
2726 3773 2804 3846 τῷ
2831 3772 2951 3843 Θεῷ
2981 3771 3411 3836 καταξιώσαντος
3455 3770 3728 3841 κλήσεως.

2177 3869 2332 3922 Ἀλλά
2356 3869 2414 3922 οὐ
2442 3867 2661 3922 τοιαῦτα
2685 3863 2752 3937 ἦν
2773 3865 2841 3918 τὰ
2867 3864 2952 3918 διὰ
2983 3863 3247 3928 Μωσέως,
3279 3863 3358 3916 ἐνὶ
3393 3861 3449 3914 δὲ
3473 3863 3622 3932 μόνῳ
3655 3861 3734 3932 τῷ

2175 3959 2436 4012 Ἰουδαίων
2479 3955 3033 4027 έθνει,δεδωρημένα·
3077 3953 3156 4006 διὸ
3201 3955 3292 4006 καὶ
3339 3951 3472 4022 πρὸς
3538 3952 3732 4022 καιρὸν

2163 4049 2396 4120 φανέντα
2443 4047 2828 4120 παρελήλυθεν.
2847 4047 2910 4099 Ἦ
2952 4046 3009 4100 δέ
3051 4045 3136 4098 διὰ
3165 4044 3256 4097 τοῦ
3291 4043 3540 4114 Σωτῆρος
3569 4041 3732 4112 ἡμῶν

2163 4137 2571 4210 κατηγγελμένη
2615 4135 2946 4208 δικαιοσύνη,
2987 4136 3310 4207 διαμένουσα
3355 4137 3432 4197 εἰς
3463 4135 3525 4186 τὸ
3555 4135 3732 4204 διηνε-

2162 4232 2272 4294 κὲς,
2306 4229 2528 4293 είκότως
2556 4229 2770 4292 αἰώνιος
2797 4230 3228 4300 προσηγόρευται
3261 4225 3593 4296 δικαιοσύνη,
3629 4243 3732 4280 κα-

2159 4322 2228 4375 τὰ
2258 4321 2351 4374 τὸν
2377 4319 2611 4391 Γαϐριὴλ
2649 4320 2912 4390 φήσαντα·
2951 4337 2969 4368 ι
2997 4318 3106 4372 Καὶ
3136 4317 3228 4370 τοῦ
3257 4317 3482 4385 ἀγαγεῖν
3507 4316 3730 4370 δικαιο-

2163 4412 2326 4484 σύνην
2355 4411 2586 4465 αἰώνιον
2621 4430 2639 4464 ι
2665 4411 2784 4462 ἀντὶ
2809 4409 2886 4474 δὲ,
2918 4429 2936 4461 ι
2961 4411 3070 4463 Καὶ
3096 4409 3189 4462 τοῦ
3215 4410 3510 4478 σφραγῖσαι
3537 4408 3730 4478 ὅρασιν

2163 4505 2255 4558 καὶ
2281 4505 2580 4576 προφήτην,
2613 4522 2631 4555 ι
2661 4502 2988 4574 κυριώτερόν
3039 4519 3125 4571 μοι
3152 4500 3298 4553 δοκεῖ
3322 4499 3678 4568 πεποιηκέναι
3704 4503 3732 4552 ό

2171 4595 2418 4659 Ἀκύλας,
2455 4594 2638 4648 εἰπών·
2681 4612 2700 4644 ς
2729 4595 2838 4647 Καὶ
2873 4593 2965 4646 τοῦ
2991 4591 3198 4645 τελέσαι
3231 4590 3604 4662 ὁραματισμὸν
3637 4589 3732 4642 καὶ

2162 4685 2465 4756 προφήτην.
2501 4703 2517 4735 ι
2552 4683 2624 4736 Οὐ
2653 4682 2759 4754 γὰρ
2781 4681 3116 4746 ἀποκλεῖσαι,
3149 4681 3242 4734 καὶ
3275 4680 3460 4751 ὥσπερ
3491 4679 3730 4750 σφραγί-

2164 4795 2250 4830 σαι
2301 4777 2398 4840 τὰς
2440 4777 2782 4848 προφητικάς
2811 4776 3028 4847 ὁράσεις
3063 4773 3450 4844 ὲπιδεδήμηκεν
3476 4773 3504 4824 6
3537 4772 3730 4846 Σωτὴρ

2164 4871 2258 4922 καὶ
2284 4867 2486 4940 Κύριος
2513 4870 2544 4939 ή
2555 4867 2690 4938 μῶν,
2715 4869 2772 4932 ὃς
2799 4885 2862 4936 γε
2889 4868 2981 4920 καὶ
3010 4865 3174 4920 πάλαι
3198 4864 3358 4928 οὔσας
3379 4866 3606 4931 ἀσαφεῖς
3635 4865 3728 4918 καὶ

2165 4961 2750 5030 κατεσφραγισμένας,
2807 4958 2992 5028 ὥσπερ
3049 4956 3397 5026 ἐπικειμένας
3461 4955 3726 5026 περιελὼν

2162 5053 2480 5123 σφραγῖδας,
2519 5050 2717 5122 ἀνέῳξε
2769 5069 2826 5105 τε
2875 5053 2968 5104 καὶ
3016 5049 3320 5120 ἀνήπλωσε,
3373 5051 3482 5112 τοῖς
3530 5047 3722 5100 ἑαυτοῦ

2163 5141 2426 5212 μαθηταῖς
2451 5141 2540 5194 τὸν
2563 5141 2684 5195 νοῦν
2707 5141 2813 5194 τῶν
2841 5142 2998 5194 θείων
3019 5139 3340 5211 παραδιδοὺς
3361 5138 3720 5209 γραμμάτων.

2163 5233 2348 5301 Ὅθεν,
2385 5254 2403 5286 ι
2427 5235 2580 5300 Ἰδοὺ,
2609 5255 2626 5286 ι
2665 5236 2848 5304 φησιν,
2871 5253 2888 5284 ‹
2919 5235 3166 5304 ἐνίκησεν
3191 5235 3218 5285 6
3247 5231 3381 5284 λέων
3408 5233 3436 5284 6
3462 5233 3525 5284 ἐκ
3553 5229 3726 5300 φυλῆς

2171 5325 2360 5380 Ἰούδα·
2387 5345 2406 5380 ι
2441 5327 2535 5380 καὶ
2573 5325 2732 5388 αὐτὸς
2753 5324 2926 5395 ἤνοιξε
2948 5324 3044 5389 τὰς
3077 5324 3372 5396 σφραγῖδας
3403 5321 3497 5385 τὰς
3520 5323 3724 5375 ἐπικει-

2168 5419 2329 5488 μένας
2355 5418 2431 5488 τῷ
2461 5417 2668 5488 βιϐλίῳ,
2721 5417 2856 5470 κατὰ
2881 5417 2979 5488 τὴν
3039 5414 3394 5484 Ἀποκάλυψιν
3455 5413 3718 5466 Ἰωάννου.

2164 5511 2328 5574 Ποίας
2357 5511 2414 5564 δὲ
2444 5511 2740 5581 σφραγῖδας
2778 5510 2812 5580 ἢ
2843 5507 2949 5563 τῶν
2983 5507 3270 5580 προφητῶν
3301 5506 3398 5568 τὰς
3423 5501 3720 5570 ἀσαφείαςῖ

2797 5713 2838 5744 τι
2883 5709 3036 5766 Rom.
3079 5726 3171 5774 ιιι,
3203 5708 3404 5770 99,50.
3507 5709 3552 5738 "
3595 5705 3714 5762 Act.
