3928 6522
197 413 322 469 605

1078 409 1734 468 DEMONSTRATIONIS
1774 411 2230 468 EVANGELICAS
2273 411 2399 467 LIB.
2441 410 2574 467 Vill.

3347 413 3451 469 606

199 531 275 595 ἃς
305 525 374 585 εὖ
397 528 541 601 μάλα
573 527 930 598 ἐπιστάμενος
961 525 1201 596 ἀκριϐῶς
1235 527 1326 579 καὶ
1357 527 1385 578 ό
1420 526 1646 589 Ἡσαΐας
1687 525 1799 577 ἕλε-
1825 531 1848 585 ,Α

1934 527 2063 582 alca
2085 526 2228 596 genti
2259 525 2457 580 donata
2487 541 2502 577 :
2531 523 2787 593 quocirca
2817 522 2882 575 ad
2933 529 3142 594 tempus
3187 523 3453 579 duntaxat

199 640 274 692 γε
296 640 314 653 ·
352 641 372 674 ι
401 622 510 676 Καὶ
537 620 751 673 ἔσονται
783 621 831 672 οἱ
875 618 1022 686 λόγοι
1053 612 1194 671 οὗτοι
1220 617 1294 680 ὡς
1326 619 1374 669 οἱ
1398 617 1543 685 λόγοι
1585 620 1678 669 τοῦ
1709 618 1790 686 βι-

205 714 371 766 ϐλίου
404 711 497 766 τοῦ
528 709 987 782 ὲσφραγισμένου.
1021 727 1040 761 ι
1074 709 1188 762 Ούκ
1216 707 1323 778 ἄρα
1349 707 1442 760 τοῦ
1477 707 1795 760 ἀποκλεῖσαι

205 807 413 876 ὅρασιν
441 804 536 856 καὶ
567 803 850 873 προφήτην
883 799 1138 871 ἐλήλυθεν
1172 801 1200 852 ὁ
1234 799 1466 870 Χριστὸς
1503 797 1595 851 τοῦ
1637 798 1794 861 Θεοῦ,

213 897 430 968 μᾶλλον
464 895 520 950 δὲ
546 894 903 958 ἀναπετάσαι,
937 893 1032 946 καλ¹
1080 891 1160 955 είς
1213 891 1327 960 φῶς
1383 890 1798 959 ἀγαγεῖν.⁶Ὀθεν

208 985 371 1037 δοκεῖ
403 1001 491 1054 μοι
525 982 854 1054 κυριώτερον
887 983 915 1035 ό
947 980 1175 1043 Ἀκύλας
1192 979 1376 1048 φάναι·
1405 999 1424 1031 ι
1450 978 1556 1033 Τοῦ
1585 980 1799 1033 τελέσαι

212 1075 605 1148 δραματισμὺν
657 1075 752 1128 καὶ
798 1074 1107 1144 προφήτηνο
1153 1093 1171 1123 ι
1223 1073 1252 1126 ὃ
1297 1074 1390 1126 καὶ⁹
1437 1073 1650 1142 συνᾴδει
1699 1071 1798 1141 τῷ,

221 1187 241 1218 ι
275 1168 399 1220 Ούκ
431 1162 598 1237 ἦλθον
644 1165 942 1220 καταλῦσαι
969 1165 1060 1217 τὸν
1087 1164 1247 1235 νόμον
1280 1165 1312 1236 ἢ
1346 1165 1469 1228 τοὺς
1496 1165 1799 1235 προφήτας,

218 1259 365 1312 ἀλλά
398 1257 703 1330 πληρῶσαι,
730 1276 749 1309 ι
777 1255 912 1328 πρὸς
934 1254 1098 1309 αὐτοῦ
1119 1255 1211 1308 τοῦ
1235 1256 1484 1327 Σωτῆρος
1509 1255 1799 1326 εἰρημένῳ.

218 1352 396 1413 Τέλος
427 1350 536 1422 γὰρ
569 1349 734 1420 νόμου
762 1347 1016 1420 Χριστὸς,
1041 1347 1134 1400 καί
1163 1347 1331 1400 πᾶσαί
1360 1365 1423 1416 γε
1458 1349 1512 1401 αἱ
1545 1347 1672 1417 περὶ
1704 1345 1803 1399 αύ-

1893 616 2110 688 prodita
2141 618 2535 687 praeterierunt.
2557 613 2627 666 At
2654 612 2796 667 enim
2829 628 2946 682 quae
2978 629 3074 684 per
3117 614 3448 670 Salvatorem

1897 717 2144 765 nostrum
2166 707 2377 777 justitia
2403 706 2719 761 denuntiata
2753 714 2858 770 est,
2895 706 2947 759 in
2985 713 3302 775 perpetuum
3331 722 3456 776 per-

1896 814 2146 866 manens,
2208 799 2398 852 merito
2456 807 2657 852 aeterna
2720 797 2930 866 justitia
2985 806 3294 867 nuncupata
3346 804 3452 860 est,

1897 888 2347 958 quemadmodum
2399 886 2535 941 dixit
2588 887 2848 941 Gabriel:
2887 905 2904 936 ‹
2940 886 3004 940 Ει
3052 895 3108 940 ut
3153 887 3455 941 adducatur

1893 981 2105 1053 justitia
2127 985 2454 1050 sempiterna
2489 998 2501 1034 :
2555 999 2572 1030 ι
2608 993 2706 1049 pro
2734 993 2799 1034 eo
2823 987 3002 1033 autem
3035 978 3175 1048 quod
3210 985 3315 1040 est,
3343 997 3361 1028 ι
3391 977 3456 1030 lit

1905 1075 2060 1144 quasi
2088 1075 2245 1143 signo
2276 1075 2543 1142 impresso
2568 1071 2856 1125 claudatur
2881 1070 3018 1124 visio
3047 1075 3100 1123 et
3128 1069 3408 1138 propheta,
3431 1087 3452 1118 ι

1905 1169 2081 1236 magis
2105 1166 2386 1234 aliquanto
2415 1162 2629 1232 proprie
2662 1161 2794 1214 mihi
2821 1160 3036 1216 videtur
3056 1159 3247 1229 Aquila
3278 1157 3458 1213 reddi-

1907 1259 2054 1314 disse
2086 1277 2098 1311 :
2135 1276 2154 1307 ι
2193 1257 2259 1309 Ει
2288 1256 2354 1309 ad
2392 1253 2878 1310 consummandum
2903 1252 3130 1306 visionis
3163 1266 3360 1306 munus
3405 1257 3460 1302 et

1909 1349 2246 1420 prophetam.
2285 1366 2304 1398 ι
2352 1345 2468 1400 Νοη
2510 1346 2650 1399 enim
2694 1356 2752 1398 ut
2790 1342 3063 1398 clauderet
3087 1349 3139 1396 et
3171 1342 3327 1412 quasi
3362 1355 3459 1394 an-

215 1442 316 1495 τοῦ
367 1443 699 1512 προφητεῖαι
742 1440 1051 1511 ἀπλήρωτοι
1095 1439 1188 1491 καὶ
1215 1438 1421 1502 ἀτελεῖς
1453 1438 1660 1509 έμενον,
1695 1438 1810 1490 εἰσ-

1933 1441 2036 1494 ιυιο
2097 1439 2334 1509 signaret
2393 1437 2734 1507 propheticas
2788 1436 3046 1500 visiones,
3098 1432 3345 1486 Salvator
3398 1446 3461 1485 ac

217 1537 300 1592 61’
333 1535 501 1598 αὐτὸς
527 1533 752 1595 ὲπιστάς
776 1531 1107 1584 ἐπιτέθεικεν
1149 1531 1318 1584 ἆπασι
1361 1530 1512 1594 τέλος
1537 1531 1649 1593 τοῖς
1678 1531 1806 1600 περὶ

219 1629 396 1682 αὑτοῦ
425 1623 1072 1698 προαναπεφωνημένοις.
1099 1622 1324 1676 Δύναται
1348 1622 1402 1675 δὲ
1425 1621 1519 1676 καὶ
1545 1620 1686 1675 κατὰ
1710 1621 1806 1692 τὴν

219 1720 337 1773 τῶν
368 1718 772 1788 Ἑϐδομήκοντα
791 1714 1104 1786 ἑρμηνείαν,
1126 1713 1378 1785 τοιαύτην
1404 1713 1548 1784 ἔχειν
1571 1712 1807 1766 διάνοιαν

221 1814 308 1875 τὸ,
347 1830 366 1863 ι
398 1810 495 1864 τοῦ
537 1810 831 1880 σφραγῖσαι
867 1806 1056 1877 ὅρασιν
1090 1806 1184 1860 καὶ
1217 1807 1498 1877 προφήτην
1518 1821 1530 1834 ο
1563 1824 1580 1856 ι
1616 1803 1736 1856 ἐπεὶ
1781 1805 1808 1855 ό

1906 1526 2168 1581 Dominus
2201 1536 2385 1580 noster
2440 1524 2677 1586 advenit,
2709 1523 2799 1592 qui
2845 1523 3006 1576 etiam
3044 1522 3184 1586 illas,
3217 1536 3334 1590 quae
3366 1537 3464 1574 an-

1908 1633 1993 1678 tea
2021 1622 2269 1677 obscura:
2295 1627 2348 1674 et
2378 1619 2530 1690 quasi
2575 1619 2729 1688 signo
2765 1616 3031 1687 impresso
3061 1615 3259 1669 clausae
3287 1622 3461 1676 erant,

1909 1720 1962 1768 et
1995 1713 2207 1782 aperuit
2255 1721 2309 1765 et
2355 1711 2514 1765 latius
2575 1709 2881 1779 explicavit,
2907 1722 3013 1776 quo
3069 1713 3306 1775 tempore
3353 1705 3472 1759 suis

1912 1802 2198 1873 discipulis
2231 1816 2449 1856 sensum
2498 1800 2804 1854 divinarum
2854 1797 3258 1867 Scripturarnm
3303 1809 3469 1864 expo-

226 1907 398 1975 νόμος
442 1903 538 1958 καὶ
580 1904 627 1956 οί
675 1901 950 1974 προφῆται
983 1903 1175 1973 μέχρις
1219 1900 1461 1954 Ἰωάννου
1493 1898 1806 1968 διήρκεσαν,
1842 1893 1848 1946 l

1933 1899 2039 1975 .uit.
2068 1895 2147 1950 Ex
2175 1910 2302 1966 quo,
2333 1913 2350 1944 ‹
2383 1893 2537 1957 Ecce,
2565 1892 2759 1962 inquit,
2788 1891 2916 1945 vicit
2949 1890 3032 1943 leo
3084 1887 3150 1942 de
3191 1886 3332 1940 tribu
3373 1883 3468 1938 Ju—

228 1997 289 2062 ὲξ
337 1994 556 2049 ἐκείνου
588 2011 647 2047 τε
675 1994 1072 2048 διαλελοίπασιν
1109 1994 1157 2046 οἱ
1186 1992 1352 2045 πάλαι
1381 1988 1528 2062 παρά
1571 1988 1649 2059 τῷ
1689 1990 1816 2041 Ἰου-

228 2089 400 2141 δαίων
429 2087 572 2141 έθνει
609 2085 1230 2157 πνευματοφορούμενοι,
1269 2083 1362 2136 καὶ
1393 2081 1490 2144 τὰς
1521 2081 1648 2154 περὶ
1680 2080 1813 2150 Χρι-

232 2181 365 2234 στοῦ
399 2181 732 2251 προρρήσεις
758 2177 1241 2249 ἁνακηρύττοντες,
1277 2174 1489 2235 καὶτὰς
1518 2173 1575 2226 ὲν
1600 2174 1711 2235 τοῖς
1745 2173 1819 2224 ia-

236 2276 350 2345 ροῑς
393 2271 574 2339 λόγοις
616 2257 833 2340 ὁράσεις
867 2267 1032 2337 ὑγιῶς
1060 2265 1466 2328 ἐποπτεύοντες,
1495 2266 1544 2318 οἳ
1579 2265 1675 2318 καὶ¹
1723 2263 1817 2316 ἆτε

234 2359 695 2430 ἁποκλεισθείσης
723 2357 896 2427 αὐτῆς
923 2359 1022 2429 τῆς
1065 2356 1212 2420 θείας
1244 2356 1482 2427 χάριτος,
1516 2353 1612 2407 καὶ
1648 2369 1818 2424 σφρα-

239 2458 386 2524 γῖσιν
435 2453 626 2524 ῶσπερ
669 2450 1074 2520 καταδεθείσης,
1112 2447 1388 2514 ἐξέλιπονο
1422 2445 1501 2498 διὸ
1537 2443 1820 2515 συμϐαίνει

242 2546 300 2612 ἐξ
330 2545 543 2598 ἐκείνου
578 2544 771 2615 μηκέτι
819 2543 1098 2614 προφήτην
1137 2534 1405 2610 ἓνεργεῖν,
1443 2536 1575 2607 μηδὲ
1614 2535 1823 2606 δρῶντα

241 2636 608 2710 χρηματίζειν
635 2638 692 2689 ὲν
724 2635 929 2698 αὐτοῖς,
960 2632 1068 2686 ἀπὸ
1094 2629 1201 2684 τῶν
1231 2627 1574 2700 δηλουμένων
1620 2626 1823 2697 χρόνων

242 2733 338 2784 καὶ
370 2732 455 2793 είς
499 2730 646 2800 ἡμᾶς
695 2726 900 2780 τούτων
945 2723 1198 2778 ἁπάντων
1230 2718 1662 2774 διαλελοιπότων.
1691 2715 1826 2768 T06-

240 2839 355 2886 τοις
387 2820 660 2890 ἐπιφέρειο
701 2837 719 2869 ι
753 2819 863 2871 Καὶ
890 2819 1070 2888 χρῖσαι
1105 2815 1255 2884 ἅγιον
1286 2813 1507 2882 ἁγίων.»
1532 2810 1643 2863 Καὶ
1670 2806 1827 2862 τοῦτο

244 2914 298 2967 δὲ
322 2911 552 2966 αὐτόθεν
574 2908 857 2981 πρόδηλον,
872 2907 947 2970 ὡς
970 2907 1129 2977 μέχρι
1149 2904 1254 2958 τῶν
1276 2902 1370 2956 τοῦ
1395 2899 1647 2971 Σωτῆρος
1666 2898 1826 2970 ἡμῶν

245 3006 452 3078 χρόνων
477 3003 622 3070 ἆγιοι
639 2999 867 3069 ἀγίωνοί
892 2999 1018 3070 παρ’
1035 2995 1302 3067 Ἑϐραίοις
1329 2994 1603 3065 ἀρχιερεῖς
1623 2990 1830 3062 ὲχρίον-
1856 3041 1865 3052 κ

247 3115 326 3160 το,
356 3094 504 3150 κατὰ
538 3094 638 3165 τήν
671 3091 811 3145 κατά
843 3090 933 3143 τὸν
977 3088 1070 3144 τοῦ
1106 3086 1347 3149 Μωσέως
1369 3085 1530 3156 νόμον
1561 3081 1829 3134 ἐπιτελουο

251 3190 420 3260 μένην
452 3185 761 3256 ἀγιστείαψ
800 3182 858 3249 ἐξ
885 3180 1094 3233 ἐκείνου
1121 3179 1176 3232 δὲ
1207 3177 1300 3230 καὶ
1324 3167 1470 3229 οὗτοι
1496 3171 1830 3228 διαλελοίπα-

251 3297 302 3337 σι
329 3276 686 3347 καταλλήλως
714 3276 783 3345 τῇ
815 3269 1136 3343 προφητείᾳ.
1153 3269 1218 3321 Ἦ
1253 3268 1349 3338 μὲν
1377 3261 1469 3320 οὖν
1505 3264 1598 3318 τοῦ
1643 3261 1833 3319 Ἰακὼϐ

253 3368 389 3440 πρὸς
414 3367 507 3420 τὸν
553 3363 754 3417 Ἰούδαν
791 3359 1138 3431 ἀναφώνησις
1167 3357 1484 3430 ἡγουμένων
1521 3355 1613 3411 καὶ
1643 3353 1835 3424 ἀρχόν·

253 3475 361 3514 των
410 3457 508 3510 τοῦ
547 3454 812 3509 Ἰουδαίων
858 3451 1040 3514 ἔθνους
1095 3447 1333 3518 ἔκλειψιν
1365 3447 1572 3517 ἐδήλου,
1600 3443 1738 3500 κατά
1767 3440 1835 3494 τά

258 3549 702 3624 προτεταγμέναο
764 3544 950 3616 ἐπειδὴ
994 3544 1051 3596 δὲ
1110 3542 1178 3596 τά
1227 3542 1327 3612 τῆς
1370 3538 1702 3614 προστασίας
1742 3534 1836 3588 τοῦ

256 3645 385 3698 λαοῦ
413 3641 708 3715 προφητῶν
749 3640 843 3693 καὶ
873 3637 1056 3709 ἱερέων
1103 3634 1268 3688 πάλαι
1314 3631 1577 3703 πρότερον
1614 3630 1836 3700 ἤρτητο,

259 3734 569 3796 ἀκολούθως
604 3729 972 3803 προθεσπίσας
1000 3730 1026 3780 ὁ
1055 3725 1211 3793 λόγος
1241 3723 1328 3779 διὰ
1355 3723 1456 3792 τῆς
1499 3735 1842 3794 προπαρατε-

261 3827 448 3896 θείσης
484 3819 821 3894 προψητείας
847 3818 944 3889 τὴν
965 3815 1072 3869 τῶν
1102 3814 1375 3886 ἀρχόντων
1405 3810 1499 3864 καὶ
1526 3808 1842 3880 ἡγουμένων

261 3919 355 3972 τοῦ
397 3915 669 3971 Ἰουδαίων
708 3911 892 3973 ἔθνους
925 3907 1242 3978 καθαίρεσιν
1275 3903 1366 3956 ἐπὶ
1388 3904 1454 3973 τῇ
1482 3900 1576 3953 τοῦ
1607 3896 1842 3970 Χριστοῦ

265 4007 561 4082 παρουσία,
590 4004 677 4058 διά
720 4003 820 4072 τῆς
869 3999 1015 4072 μετά·
1042 4000 1229 4068 χεῖρας
1258 3991 1587 4066 προφητείας
1613 3991 1712 4061 τὴν
1740 3988 1846 4041 τῶν

268 4099 566 4173 προφητῶν
615 4097 708 4151 καὶ
744 4094 851 4148 τῶν
905 4089 1089 4164 ἱερέων
1124 4088 1229 4142 τῶν
1284 4088 1412 4158 παρ’
1442 4085 1625 4146 αὐτοῖς
1681 4082 1847 4135 πάλαι

267 4192 677 4266 διαπρεπόντων
708 4185 943 4255 ἔκλειψιν
978 4183 1276 4253 ἀναφωνεῖ,
1306 4179 1381 4241 ὡς
1410 4176 1729 4230 καὶτούτων
1758 4175 1852 4228 ἐπὶ

269 4293 335 4359 τῇ
366 4286 462 4340 τοῦ
491 4281 729 4356 Χριστοῦ
780 4277 1068 4348 ἐπιφανείᾳ
1112 4273 1515 4342 διαλειψόντων·
1546 4270 1574 4322 ὃ
1601 4269 1696 4322 καὶ
1724 4267 1852 4320 αὐτὸ

271 4385 382 4443 τοῖς
415 4378 598 4449 ἔργοις
633 4378 666 4445 ή
699 4371 967 4445 παρουσία
1012 4369 1103 4424 τοῦ
1146 4369 1397 4438 Σωτῆρος
1432 4362 1588 4435 ἡμῶν
1620 4359 1852 4413 ἐπιστώ-

278 4469 597 4528 σατο.Ὲπεὶ
637 4468 695 4521 δὲ
742 4467 770 4519 ὁ
812 4463 1060 4526 Ἀκύλας,
1096 4481 1113 4512 ι
1142 4459 1236 4512 τοῦ
1278 4457 1492 4527 ἀλεῖψαι
1525 4452 1854 4525 ἡγιασμένον

1917 1967 2052 2044 da"
2091 2008 2104 2042 :
2142 2007 2159 2039 ι
2205 1995 2257 2041 et
2289 1987 2404 2056 ipse
2450 1985 2656 2054 aperuit
2706 1983 2879 2052 sigilla
2928 1980 3067 2034 libro
3112 1978 3379 2048 apposita,
3413 1985 3472 2028 ut

1917 2081 2060 2152 apud
2106 2078 2367 2133 Joannem
2425 2077 2648 2145 legimus
2702 2073 2758 2127 in
2810 2069 3151 2142 Apocalypsi.
3207 2070 3472 2125 Caaterum

1918 2188 2039 2244 quae
2080 2171 2298 2225 tandem
2339 2169 2535 2239 sigilla,
2572 2166 2676 2222 nisi
2734 2165 3117 2235 prophetarum
3172 2159 3474 2216 obscurita-

1920 2265 2038 2320 tes?
2091 2278 2228 2333 quas
2273 2276 2396 2315 cum
2447 2260 2599 2328 plane
2648 2257 2785 2311 bene
2842 2265 2998 2309 notas
3053 2251 3274 2306 haberet
3312 2251 3472 2306 etiam

1921 2357 2113 2420 Isaias,
2145 2353 2319 2407 dixit:
2363 2369 2381 2402 ι
2417 2350 2483 2403 Et
2506 2358 2660 2403 erunt
2683 2348 2848 2402 verba
2888 2346 3001 2401 htec
3028 2350 3282 2412 tanquam
3310 2341 3475 2396 verba

1923 2446 2046 2500 libri
2097 2442 2293 2513 signati
2317 2442 2364 2472 7°
2396 2459 2408 2494 :
2443 2459 2462 2491 ›
2503 2455 2601 2492 non
2628 2452 2762 2509 ergo
2790 2444 2850 2490 ut
2894 2433 3170 2488 clauderet
3213 2431 3474 2485 visionem

1923 2544 1978 2591 et
2026 2534 2345 2606 prophetam
2380 2530 2524 2584 venit
2563 2526 2816 2582 Christus
2864 2522 2979 2587 Dei,
3013 2520 3103 2576 sed
3139 2527 3198 2573 ut
3245 2516 3478 2588 aperiret

1925 2627 2109 2695 potius
2155 2631 2208 2678 et
2265 2622 2318 2675 in
2368 2621 2541 2674 lucem
2592 2617 2879 2688 proferret.
2925 2615 3103 2679 Quare
3144 2610 3312 2680 magis
3347 2607 3480 2662 mihi

1927 2717 2146 2788 proprie
2171 2714 2384 2769 videtur
2408 2710 2590 2779 Aquila
2625 2708 2828 2762 dixisse
2859 2725 2871 2760 :
2914 2724 2930 2753 ι
2968 2705 3047 2758 Ad
3097 2714 3480 2756 consumman-

1928 2811 2056 2864 dum
2107 2805 2339 2862 visionis
2377 2815 2572 2856 munus
2619 2806 2672 2852 et
2729 2796 3068 2867 prophetam,
3103 2812 3120 2844 δ
3156 2789 3301 2861 quod
3353 2804 3483 2844 sane

1929 2918 2052 2958 cum
2094 2901 2187 2955 illo
2215 2896 2506 2953 concordat
2540 2913 2552 2947 :
2585 2910 2602 2942 ι
2650 2890 2767 2944 Non
2800 2889 2922 2942 veni
2961 2887 3169 2940 solvere
3196 2883 3367 2952 legem
3392 2886 3485 2932 aut

1930 2991 2244 3064 prophetas,
2281 2986 2375 3042 sed
2413 2982 2678 3051 complere
2707 2980 2754 3010 ""
2795 3019 2810 3041 ,
2853 2997 2872 3027 ι
2908 2973 3052 3044 quod
3085 2987 3113 3025 a
3142 2978 3330 3024 nostro
3364 2965 3485 3019 Sal-

1929 3091 2116 3139 vatore
2151 3081 2354 3135 dictum
2401 3073 2762 3144 agnoscimus.
2808 3067 2968 3138 387
3001 3063 3151 3118 Finis
3181 3061 3324 3116 enim
3354 3057 3487 3126 legis

1935 3176 2207 3236 Christus,
2231 3179 2285 3226 et
2310 3184 2500 3224 omnes
2534 3167 2595 3220 de
2627 3165 2718 3218 illo
2765 3158 3059 3232 prephetia:
3094 3155 3284 3208 inanes
3329 3159 3489 3219 atque

1937 3265 2266 3338 imperfecta:
2297 3265 2629 3323 manserunt,
2659 3256 2830 3308 donec
2885 3251 2973 3304 ille
3026 3247 3265 3316 seipsum
3307 3249 3492 3298 osten-

1936 3330 2090 3424 dens,
2123 3353 2376 3410 omnibus
2405 3365 2520 3420 qua:
2566 3347 2630 3400 de
2674 3345 2792 3414 ipso
2839 3357 2868 3395 a
2918 3337 3197 3410 prophetis
3236 3330 3490 3403 praedicta

1939 3448 2175 3510 fuerant,
2213 3442 2370 3496 linem
2409 3437 2678 3508 imposuit.
2715 3433 2902 3488 Potest
2925 3430 3086 3483 etiam
3124 3442 3185 3479 ex
3231 3426 3496 3489 interpre-

1940 3540 2147 3594 tatione
2201 3533 2550 3605 Septuaginta
2593 3527 2754 3582 talem
2812 3524 3012 3578 habere
3058 3532 3314 3579 sensum,
3359 3511 3493 3566 illud

1941 3630 2083 3702 quod
2112 3603 2316 3683 dictum
2360 3631 2440 3680 est
2469 3642 2480 3677 :
2517 3640 2531 3671 ι
2579 3619 2649 3674 Ut
2677 3616 2832 3688 quasi
2861 3615 3014 3683 signo
3045 3612 3312 3679 impresso
3344 3603 3496 3657 clau-

1941 3694 2100 3779 datur
2145 3719 2283 3774 visio
2315 3726 2369 3772 et
2419 3713 2676 3786 propheta
2711 3727 2722 3762 :
2780 3728 2797 3760 ι
2834 3720 2955 3760 cum
2996 3703 3077 3756 lex
3133 3709 3183 3755 et
3221 3694 3498 3767 propheta:

1945 3830 2116 3885 usque
2140 3811 2206 3866 ad
2242 3809 2500 3864 Joannem
2533 3797 2951 3874 permanserint,
2975 3801 3028 3848 et
3069 3808 3135 3846 ex
3168 3790 3257 3844 illo
3289 3786 3500 3841 defece-

1945 3881 2074 3969 rint,
2101 3905 2194 3975 qui
2244 3903 2394 3972 prius
2440 3897 2644 3969 Spiritu
2671 3892 2854 3947 divino
2883 3885 3042 3944 aﬂlati
3092 3881 3428 3944 divinabam,
3449 3884 3504 3932 et

1947 3970 2202 4056 vaticinia
2232 3970 2299 4050 de
2331 3993 2545 4049 Christo
2574 3986 2827 4044 omnibus
2850 3982 3024 4053 palam
3056 3970 3508 4049 prodebant,qui-

1949 4112 2053 4167 que
2093 4096 2148 4148 in
2189 4091 2363 4148 sacris
2395 4083 2676 4156 responsis
2706 4080 2944 4136 visiones
2970 4088 3134 4145 puras
3163 4078 3217 4126 et
3262 4069 3506 4123 sinceras

1951 4159 2480 4256 contemplabantur,
2514 4187 2766 4244 tanquam
2793 4171 2839 4226 si
2886 4168 3019 4238 ipsis
3045 4165 3228 4219 divina
3254 4159 3427 4231 gratia
3453 4165 3506 4210 et

1952 4251 2239 4340 clausa,—et
2281 4270 2436 4341 quasi
2488 4266 2656 4334 signis
2709 4255 2990 4328 impressis
3039 4251 3287 4318 colligata
3337 4251 3505 4306 esset,

1952 4369 2150 4424 merito
2177 4363 2353 4419 evenit
2378 4367 2436 4413 ut
2460 4359 2525 4415 ab
2554 4356 2666 4418 illo,
2686 4353 2750 4406 de
2779 4364 2886 4420 quo
2920 4346 3124 4400 dictum
3165 4345 3268 4404 est,
3299 4345 3506 4403 tempo-

1957 4475 2034 4522 re,
2067 4471 2175 4510 non
2204 4451 2439 4522 amplius
2471 4445 2608 4518 apud
2638 4444 2759 4496 illos
2795 4450 3017 4492 nmnere
3054 4445 3154 4486 suo
3198 4428 3509 4494 fungeretur

276 4561 646 4637 ἡγιασμένων,
677 4579 694 4611 ι
727 4557 1004 4622 ἐξέδωκεν,
1037 4555 1276 4624 οἰήσεται
1311 4550 1408 4620 μέν
1439 4566 1522 4611 τις
1566 4545 1658 4599 τὸν
1691 4543 1848 4597 πάλαι

1960 4549 2244 4628 propheta,
2274 4558 2448 4612 neque
2482 4516 2570 4608 qui
2609 4535 2676 4590 ab
2720 4533 2828 4591 illis
2867 4528 3058 4582 videns
3103 4516 3506 4575 nominabatur,

2308 4635 2316 4637 λ
2713 4625 2728 4637 ’
2875 4629 2887 4637 -
3047 4621 3254 4637 μησί...-
3299 4606 3506 4637 “manu

278 4609 429 4728 παρὰ
447 4606 741 4714 ⁶’Ἰουδαίοις
760 4606 1035 4722 τάρχιερ-έια
1075 4606 1384 4715 δηλοῦσθαι,
1414 4606 1522 4691 τῶν
1557 4637 1655 4709 μὲν
1686 4635 1848 4705 τούτῳ

1960 4606 2054 4697 sed
2083 4638 2262 4694 omnia
2306 4635 2421 4689 haac
2456 4645 2625 4701 usque
2666 4625 2732 4680 ad
2769 4629 3013 4679 nostram
3044 4621 3256 4670 mtatem
3299 4606 3510 4663 sublata

2329 4727 2338 4728 “
2404 4726 2411 4728 “
2755 4717 2786 4728 ⁸-
3003 4707 3061 4728 π·
3106 4711 3342 4728 --ιλι-ιιο---ι
3376 4696 3510 4728 απ,

281 4747 700 4818 ὑποϐεϐηκότων
737 4741 946 4796 πολλῶν
975 4737 1160 4811 ἱερέων
1193 4735 1358 4804 ἁγίων
1392 4729 1861 4805 προσαγορευομέ-

282 4862 407 4906 νων,
437 4840 593 4910 ἀγίου
635 4837 692 4891 δὲ
742 4836 910 4906 ἁγίων
942 4833 1100 4904 μόνου
1128 4829 1222 4882 τοῦ
1279 4828 1418 4899 ὑπὲρ
1480 4825 1686 4887 πάντας
1730 4822 1863 4892 ἀρχ-

288 4937 496 5007 ιερέως.
515 4931 731 5000 Ἐπειδὴ
771 4927 929 4982 τοῦτο
956 4925 1048 4978 καὶ
1070 4923 1370 4995 προχείρως
1406 4917 1524 4971 νοού
1535 4915 1688 4987 μενόν
1718 4916 1861 4966 ἐστιν

285 5005 502 5097 ἀληθές.
527 5023 705 5095 Μέχρι
731 5020 840 5091 γάρ
871 5017 979 5071 τῶν
1010 5015 1104 5069 τοῦ
1127 5015 1376 5083 Σωτῆρος
1400 5008 1557 5081 ἡμῶν
1586 5007 1792 5078 χρόνων
1813 5005 1862 5057 οί

288 5118 550 5172 ἀνέκαθεν
581 5113 721 5168 κατὰ
747 5110 996 5182 διαδοχὴν
1031 5109 1305 5181 ἀρχιερεῖς
1330 5102 1464 5174 ὁμοῦ
1483 5101 1577 5155 καὶ
1604 5098 1696 5153 τοῦ
1727 5114 1862 5150 παν-

287 5211 374 5275 τὸς
399 5208 632 5280 ἡγοῦντο
659 5204 811 5269 λαοῦ,
844 5205 938 5257 καὶ
979 5202 1048 5255 τὰ
1093 5201 1192 5272 τῆς
1235 5196 1328 5251 τοῦ
1377 5193 1511 5249 Θεοῦ
1544 5190 1859 5264 θεραπείας,

290 5302 596 5364 ἀκολούθως
638 5301 704 5370 τῇ
735 5297 884 5368 παρά
919 5297 1108 5350 Μωσεῖ
1142 5287 1605 5363 νενομοθετημένῃ
1643 5283 1865 5355 λατρεία

289 5394 526 5468 διαρκῶς
555 5390 860 5445 ἐπετέλουν.
881 5387 1010 5440 Ἀπὸ
1047 5386 1103 5440 δὲ
1135 5385 1242 5437 τῶν
1287 5381 1380 5435 τοῦ
1426 5379 1677 5448 Σωτῆρος
1705 5378 1737 5447 ἡ
1748 5374 1863 5445 μῶν

296 5465 502 5563 χρόνων
530 5486 744 5558 πρῶτον
777 5483 873 5554 μὲν
905 5477 1166 5549 συνεχύθη
1198 5476 1290 5529 καὶ
1310 5475 1346 5544 ή
1364 5470 1504 5525 κατά
1523 5468 1744 5528 τούτους
1771 5465 1866 5524 τά-

301 5555 398 5653 ξις,
449 5555 644 5652 μικρδν
689 5576 745 5630 δὲ
789 5575 1012 5644 ὕστερον
1039 5571 1132 5623 καὶ
1171 5563 1448 5627 παντελῶς
1476 5558 1708 5630 ἀπέσϐη.
1731 5555 1866 5609 Ἀλλ’

300 5649 472 5759 ἔγωγε
517 5649 811 5741 τῆς-θείας
857 5664 1077 5741 Γραφῆς
1117 5656 1350 5731 οὐδαμοῦ
1381 5655 1552 5726 εὑρὼν
1593 5652 1684 5706 τὸν
1719 5649 1869 5720 παρᾶ

1956 4730 2292 4793 evanuerint.
2325 4726 2584 4793 Deinceps
2618 4717 2898 4790 sequitur:
2937 4731 2954 4763 ι
3003 4707 3068 4761 Ει
3106 4711 3342 4774 ungatur
3376 4696 3514 4751 San-

1957 4833 2081 4881 ctus
2132 4828 2464 4877 sanctorum.
2507 4836 2522 4867 ι
2559 4811 2672 4865 Hoc
2733 4809 2858 4862 item
2907 4801 3066 4856 nobis
3121 4795 3310 4850 eodem
3356 4802 3514 4857 argu-

1962 4921 2144 4969 mento
2175 4909 2446 4966 constabit
2477 4924 2490 4960 :
2517 4918 2636 4958 nam
2675 4912 2847 4970 usque
2884 4893 2950 4948 ad
2983 4899 3227 4958 tempora
3278 4881 3519 4935 Salvato-

1961 5010 2038 5064 ris
2066 5005 2259 5068 nostri,
2299 5002 2390 5072 qui
2428 4997 2612 5053 Sancti
2652 5000 2964 5050 sanctorum
3025 4979 3308 5052 pontiﬁces
3362 4977 3519 5072 erant

1965 5097 2108 5170 apud
2132 5095 2408 5157 Hebraeos,
2439 5090 2472 5143 ii
2504 5083 2826 5142 ceremoniis
2859 5091 2997 5146 quas
3017 5090 3084 5128 ex
3123 5065 3357 5122 Mosaica
3403 5059 3520 5127 lege

1966 5157 2217 5258 acceptas
2259 5184 2562 5245 servabant,
2612 5175 2999 5244 ungehantur:
3047 5161 3141 5218 sed
3181 5157 3257 5258 ‘hi
3303 5165 3522 5258 quoque

1965 5242 2206 5348 posthaec
2239 5273 2377 5327 sicut
2416 5242 3073 5340 proplietia—przedixerat,
3108 5247 3374 5305 defecere.
3410 5242 3525 5294 lta‘

1969 5336 2072 5441 que
2097 5365 2238 5436 quod
2268 5365 2335 5418 ab
2363 5336 2530 5417 Jacoh
2561 5358 2627 5412 ad
2652 5356 2845 5411 Judam
2868 5346 3148 5403 oraculum
3182 5336 3526 5394 enuntiatum

1968 5469 2071 5522 est,
2105 5456 2400 5514 secundum
2423 5469 2485 5510 ea
2511 5465 2630 5521 quae
2662 5447 2812 5518 prius
2846 5458 2875 5495 a
2909 5439 3066 5495 nobis
3092 5430 3337 5502 exposita
3373 5433 3522 5487 sunt,

1971 5518 2211 5616 Iudaica:
2243 5549 2416 5620 gentis
2455 5518 2652 5599 ducum
2693 5535 3108 5610 principumque
3139 5525 3408 5620 defectum
3439 5518 3524 5572 di~

1975 5614 2215 5709 vinahat.
2245 5614 2348 5696 Sed
2383 5629 2634 5720 quouiam
2668 5632 3053 5715 prophetarum
3076 5629 3130 5679 et
3158 5614 3531 5680 sacerdotum,

372 5853 417 5884 "
457 5853 625 5922 Apoc.
660 5865 722 5914 v,
758 5846 809 5901 5.
887 5843 932 5874 ⁷⁸
971 5841 1053 5896 lsa
1114 5855 1275 5906 nix,
1316 5837 1400 5898 ll.
1472 5836 1519 5867 ’⁷
1564 5830 1752 5886 Matth.
1789 5845 1850 5885 v.
1892 5827 1978 5890 Π,
