3928 6568
411 425 513 482 607

1075 424 1342 481 EUSEBII
1379 421 1857 481 CAESARIENSIS
1893 420 2045 478 OPP.
2087 416 2266 474 PARS
2304 417 2366 475 ll.
2406 449 2479 462 -—
2508 415 3002 474 APOLOGETICA.

3615 407 3714 465 603

409 542 504 613 qui
537 542 738 614 populo
772 550 1062 613 praeerant,
1083 541 1407 613 jampridem
1442 542 1618 599 honor
1638 541 1839 597 dilatus
1862 540 1974 596 fue-

2086 537 2356 603 Ἰουδαίοις
2393 537 2653 611 ἀρχιερέα
2685 536 2836 606 ἅγιον
2865 535 3034 604 ἁγίων
3064 529 3542 603 ὠνομασμένον,
3568 529 3722 598 ἡγοῦ.

412 640 521 700 rat,
548 631 742 689 ordine
769 632 1030 704 deinceps
1084 648 1285 696 sermo,
1312 632 1404 687 ubi
1440 634 1716 688 interitum
1738 632 1977 689 Judaieae

415 723 596 794 gentis
617 723 816 779 ducum
865 734 914 778 et
961 724 1267 794 principum
1321 724 1424 781 sub
1454 724 1630 794 ipsum
1657 722 1857 780 Christi
1882 723 1980 777 ad-

416 826 662 879 ventum,
700 830 799 886 per
818 831 937 869 eam
963 830 1085 885 qua
1113 816 1267 885 prius
1304 814 1577 869 citabatur
1611 813 1976 885 propbetiam,

418 908 690 980 praedixit,
718 924 816 977 per
865 923 983 963 eam
1023 922 1146 977 quae
1188 923 1333 961 nunc
1377 907 1431 961 in
1484 907 1734 961 manibus
1784 916 1888 970 est,
1924 914 1978 961 et

409 1002 803 1075 prophetarum
861 1009 915 1055 et
960 1000 1329 1064 sacerdotum,
1360 1000 1452 1071 qui
1499 999 1629 1053 olim
1678 1000 1820 1070 apud
1854 1001 1978 1056 illos

409 1095 696 1158 ﬂorebant,
739 1091 1012 1148 defectum
1067 1093 1229 1163 plane
1284 1092 1573 1164 signiﬁcat,
1615 1100 1872 1163 tanquam
1920 1093 1975 1148 hi

411 1202 631 1260 quoque
656 1186 749 1240 ubi
780 1185 1037 1240 Christus
1084 1185 1395 1240 advenisset
1444 1183 1713 1240 defecturi
1770 1193 1974 1250 essent,

412 1281 558 1351 quod
586 1279 803 1351 quidem
820 1276 1161 1343 vaticinium,
1192 1275 1491 1332 Salvatoris
1516 1278 1692 1333 nostri
1714 1278 1978 1334 adventus

412 1390 472 1430 re
523 1373 642 1443 ipsa
688 1370 1084 1441 comprobavit.
1120 1369 1257 1434 Quia
1300 1384 1428 1425 vero
1452 1369 1670 1439 Aquila,
1710 1389 1729 1421 ‹
1760 1369 1845 1425 Ad
1870 1387 1977 1426 un-

412 1465 649 1537 gendum
674 1461 1087 1518 Sanctiﬁcatum
1119 1459 1606 1525 sanctiﬁcatorum,
1651 1482 1670 1515 ι
1708 1461 1978 1532 interpre-

410 1564 560 1612 tatus
584 1563 688 1621 est,
713 1572 777 1611 ex
802 1570 868 1611 eo
893 1554 1090 1624 aliquis
1113 1554 1476 1624 suspicabitur
1503 1564 1733 1611 veterem
1761 1554 1979 1610 Iudaeo-

412 1665 535 1704 rum
559 1648 873 1720 pontiﬁcem
906 1648 1182 1720 designari
1216 1664 1230 1703 :
1261 1648 1461 1718 quippe
1510 1663 1634 1702 cum
1670 1648 1825 1702 multi
1849 1647 1976 1718 qui-

413 1741 536 1798 dem
573 1742 666 1797 illo
698 1741 819 1811 ipso
851 1740 1137 1797 inferiores
1173 1741 1486 1797 sacerdotes
1517 1741 1694 1796 sancti
1737 1741 1978 1812 appella-

411 1841 626 1897 rentur,
657 1833 811 1889 solus
851 1841 1032 1887 autem
1072 1831 1338 1902 pontifex,
1371 1831 1461 1902 qui
1492 1847 1682 1888 omnes
1712 1830 1977 1904 dignitate

413 1924 676 1988 anteibat,
702 1922 937 1979 Sanctus
967 1930 1298 1979 sanctorum.
1338 1921 1611 1992 Siquidem
1660 1923 1763 1977 hoc
1804 1923 1887 1977 vel
1912 1938 1977 1978 eo

413 2029 581 2069 sensu
609 2022 889 2084 acceptum
921 2012 1063 2083 quod
1098 2013 1389 2082 unicuique
1428 2013 1480 2066 in
1506 2020 1756 2082 promptu
1781 2012 1870 2075 sit,
1887 2027 1978 2067 ve~

414 2121 538 2160 rum
567 2112 674 2161 est.
706 2104 842 2159 Nam
873 2119 1046 2175 usque
1078 2103 1146 2157 ad
1174 2112 1412 2174 tempora
1448 2101 1750 2158 Salvatoris
1781 2102 1974 2166 nostri,

411 2198 562 2270 quia
590 2197 767 2268 prima
793 2197 1002 2267 origine
1028 2210 1126 2266 per
1151 2195 1550 2251 successionem
1576 2201 1733 2249 erant
1756 2193 1977 2263 pontiﬁ-

411 2305 527 2354 ces,
562 2289 726 2344 iidem
784 2290 947 2344 etiam
996 2287 1097 2342 toti
1148 2286 1345 2358 pepulo
1400 2295 1685 2356 praeerant,
1719 2286 1887 2357 388
1925 2293 1979 2340 et

411 2394 533 2450 quae
563 2377 630 2433 ad
668 2378 876 2434 cultum
904 2377 998 2432 Dei
1029 2378 1324 2447 pertinent,
1350 2375 1514 2430 ritum
1560 2375 1711 2428 illum
1759 2383 1980 2429 sectan-

412 2483 519 2536 tes,
547 2470 643 2542 qui
675 2470 729 2525 in
756 2470 873 2541 lege
905 2468 1070 2524 Mosis
1092 2468 1338 2523 sancitus
1365 2466 1562 2531 fuerat,
1593 2466 1809 2521 abunde
1842 2466 1977 2522 satis

412 2565 898 2621 administrabant.
934 2562 1013 2618 Ex
1047 2578 1156 2634 quo
1186 2569 1359 2619 autem
1388 2560 1640 2616 Salvator
1667 2568 1853 2616 noster
1882 2560 1981 2615 ad-

410 2659 582 2720 venit,
611 2657 847 2728 primum
881 2655 1097 2726 quidem
1146 2666 1332 2710 eorum
1359 2670 1577 2725 quoque
1621 2655 1755 2708 ordo
1786 2654 1978 2709 confu-

413 2765 510 2806 sus
538 2756 623 2805 est
649 2768 663 2804 :
693 2765 800 2804 non
838 2749 1009 2802 multo
1042 2755 1223 2801 autem
1258 2753 1396 2816 post,
1432 2747 1593 2801 etiam
1633 2747 1847 2817 penitus
1881 2762 1978 2800 ex-

413 2842 673 2898 stinctus.
705 2839 1000 2903 Caeterum,
1049 2853 1172 2892 cum
1222 2852 1324 2908 ego
1359 2837 1576 2908 quidem
1626 2852 1895 2908 nusquam
1924 2837 1979 2890 in

414 2933 593 2988 sacris
652 2932 849 2986 litteris
897 2930 1236 2996 invenerim,
1287 2927 1589 2985 Iudaeorum
1667 2929 1977 3000 pontiﬁcem

415 3023 679 3078 Sanctum
715 3032 1031 3076 sanctorum
1078 3022 1364 3086 nominari,
1389 3021 1626 3075 arbitror
1670 3022 1724 3076 in
1754 3021 1976 3076 unicum

413 3116 680 3170 duntaxat
704 3113 800 3169 Dei
843 3112 1038 3167 Filium
1073 3112 1305 3169 Verbum
1336 3121 1385 3169 et
1426 3113 1642 3185 proprie
1675 3113 1975 3183 designari,

413 3216 468 3264 et
479 3223 606 3263 vere
621 3206 841 3276 dignum
863 3206 955 3260 tali
974 3207 1333 3277 appellatione
1346 3206 1621 3262 constitui.
1640 3206 1710 3262 lis
1724 3205 1868 3260 enim
1884 3206 1975 3276 qui

412 3315 481 3355 ex
502 3299 814 3355 hominibus
845 3298 1075 3369 profecti
1114 3299 1244 3361 sint,
1280 3309 1331 3354 ct
1357 3300 1420 3352 ad
1448 3315 1569 3354 eum
1600 3300 1819 3355 virtutis
1850 3314 1974 3370 gra-

415 3392 544 3445 dum
577 3391 947 3461 pervenerint,
979 3406 1138 3461 quem
1168 3399 1360 3445 natura
1384 3390 1627 3445 mortalis
1660 3392 1975 3459 contingere

414 3487 616 3551 potest,
645 3480 779 3534 satis
811 3495 1083 3550 superque
1114 3477 1299 3543 fuerit,
1331 3479 1376 3533 si
1408 3478 1620 3548 quando
1668 3477 1722 3531 in
1764 3484 1975 3548 partem

414 3581 470 3628 et
492 3566 1044 3628 communicationem
1095 3572 1384 3642 quamdam
1428 3572 1690 3640 assumpti
1732 3571 1852 3641 ejus
1883 3569 1975 3641 qui

416 3665 576 3731 dixit,
613 3683 631 3716 ι
665 3662 853 3720 Sancti
889 3663 1066 3728 eritis,
1099 3663 1357 3734 quoniam
1393 3671 1615 3719 sanctus
1664 3678 1763 3734 ego
1794 3662 1979 3717 Domi-

416 3772 523 3813 nus
552 3757 622 3822 ⁷⁸,
662 3777 680 3809 ι
716 3758 890 3812 sancti
923 3757 1283 3828 appellentur.
1306 3755 1536 3811 Sanctus
1562 3764 1742 3809 autem
1767 3762 1979 3810 sancto-

416 3863 561 3913 rum,
587 3849 710 3918 quis
739 3848 957 3902 tandem
1007 3848 1079 3902 sit
1125 3847 1267 3918 apud
1300 3846 1545 3901 homines
1590 3847 1975 3922 nominandus,

416 3950 616 4015 praeter
651 3957 816 3995 unum
858 3942 1033 3995 sancti
1063 3941 1316 3996 dilectum
1353 3940 1604 4005 Puerum,
1632 3940 1723 4010 qui
1773 3948 1833 3995 ut
1866 3940 1978 3995 ilex

417 4048 630 4102 regum,
669 4039 722 4087 et
751 4032 1096 4087 dominorum
1150 4031 1428 4097 Dominus,
1459 4031 1531 4085 ita
1561 4031 1724 4089 etiam
1758 4042 1978 4086 sancto-

418 4140 539 4179 rum
570 4122 804 4179 Sanctus
834 4134 918 4180 est
958 4124 1303 4194 appellatus?
1348 4124 1437 4179 uni
1470 4125 1635 4194 igitur
1679 4126 1748 4190 ei,
1798 4133 1981 4195 utpote

418 4217 510 4288 qui
546 4217 910 4287 praastantiori
965 4216 1197 4288 quodam
1243 4216 1402 4271 modo
1440 4217 1512 4271 sit
1559 4224 1777 4283 unctus,
1819 4234 1979 4287 quam

418 4321 609 4361 omnes
653 4308 746 4376 qui
802 4323 1041 4377 unquam
1091 4315 1309 4362 terreno
1354 4308 1445 4363 illo
1494 4320 1657 4382 atque
1703 4310 1982 4364 elaborato

420 4396 587 4453 Mosis
635 4400 754 4453 oleo
813 4399 961 4453 uncti
1005 4398 1227 4464 fuerint,
1260 4400 1462 4456 dictum
1507 4410 1589 4458 est
1624 4401 1757 4458 illud
1789 4421 1801 4457 :
1836 4422 1853 4453 ι
1890 4402 1984 4457 Di-

422 4488 607 4545 lexisti
638 4490 933 4560 justitiam,
967 4499 1020 4546 et
1066 4493 1228 4547 odisti
1281 4494 1617 4565 iniquitatem
1651 4513 1664 4550 :
1697 4502 1982 4565 prepterea

425 4582 583 4636 unxit
628 4590 682 4637 te
738 4581 881 4638 Deus
934 4582 1078 4640 Deus
1111 4595 1237 4641 tuus
1274 4586 1392 4641 oleo
1448 4587 1829 4641 exsultationis
1873 4601 1983 4656 pra:

425 4674 781 4744 participibus
809 4674 919 4732 tuis
946 4676 1013 4730 τ’.
1044 4694 1062 4728 ι
1102 4677 1221 4742 Quo
1242 4677 1457 4747 quidem
1506 4679 1624 4734 oleo
1670 4688 1866 4733 unctus
1918 4694 1984 4732 ex

424 4764 645 4835 propria
692 4780 922 4834 persona
969 4767 1109 4837 apud
1155 4767 1349 4821 isaiam
1400 4768 1513 4837 ipse
1542 4769 1657 4822 ait:
1689 4786 1707 4817 ι
1748 4766 1985 4837 Spiritus

425 4854 640 4907 Domini
690 4870 854 4925 super
894 4872 1001 4922 me,
1065 4867 1287 4928 propter
1334 4860 1475 4929 quod
1525 4860 1676 4912 unxit
1723 4873 1809 4913 me
1836 4859 1901 4913 ⁸ο.
1960 4877 1978 4910 ι

424 4943 691 5012 Quoniam
722 4945 887 5015 igitur
933 4948 1222 5002 excellenti
1272 4956 1327 5003 et
1377 4949 1643 5019 spirituali
1688 4964 1753 5003 ac
1801 4948 1983 5018 potius

423 5038 599 5109 ipsius
628 5036 935 5094 divinitatis
970 5048 1247 5109 unguento
1314 5042 1463 5098 solus
1522 5049 1716 5112 prmter
1769 5056 1981 5109 omnes,

423 5131 517 5199 qui
547 5144 785 5200 unquam
822 5129 1044 5194 fuerint,
1083 5129 1332 5187 Salvator
1387 5144 1573 5189 noster
1631 5140 1827 5189 unctus
1861 5149 1983 5190 esse

424 5221 761 5292 perhibetur,
798 5223 992 5277 merito
1026 5222 1260 5280 Sanctus
1288 5234 1620 5292 srmctorum,
1642 5233 1902 5297 tanquam
1938 5228 1984 5283 si

425 5312 720 5381 diceretur,
749 5312 1000 5371 Pontifex
1038 5317 1377 5388 pontificum,
1421 5327 1503 5373 est
1534 5319 1864 5381 nominatus,
1891 5328 1986 5375 aut

424 5403 588 5458 etiam
623 5402 1009 5462 Sanctiﬁcatus
1054 5408 1538 5472 sanctiﬁcatorum,
1573 5417 1629 5463 ut
1659 5417 1743 5465 est
1789 5410 1843 5464 in
1874 5408 1985 5465 Ga-

425 5494 613 5551 brielis
645 5500 888 5553 oraculo.
936 5499 1061 5556 Haec
1118 5516 1283 5572 porro
1329 5503 1511 5557 omnia
1560 5502 1840 5573 completis
1890 5502 1980 5559 lie-

425 5587 790 5645 bdomadibus
840 5594 1203 5665 septuaginta,
1257 5597 1429 5657 tinem.
1472 5612 1627 5652 suum
1684 5578 1979 5668 contigere,

427 5694 536 5734 non
561 5678 696 5735 alias
729 5695 862 5738 sane
888 5700 1051 5753 quam
1085 5702 1192 5757 quo
1223 5695 1463 5760 tempore
1506 5687 1753 5744 Salvator
1798 5697 1983 5745 noster

499 5854 543 5887 "‘
581 5855 751 5913 Lavit.
792 5874 856 5914 xx
882 5900 894 5924 ,
927 5861 1013 5916 26.
1092 5864 1137 5896 ⁷⁸
1177 5862 1318 5920 Psal.
1353 5881 1494 5928 sur,
1531 5865 1581 5920 8.
1660 5866 1704 5896 ”
1743 5864 1846 5921 lsa.
1880 5882 1991 5935 ut,
2030 5869 2081 5922 i.

2082 649 2179 703 μαι
2214 633 2271 685 ὲν
2304 631 2515 694 τούτοις
2547 630 2706 703 μόνον
2734 626 2895 683 αὑτὸν
2943 627 3035 680 τὸν
3082 622 3398 697 μονογενῆ
3453 618 3558 673 τοῦ
3589 619 3721 676 Θεοῦ

2078 723 2248 792 Λόγον
2272 722 2584 795 δηλοῦσθαι,
2612 721 2818 793 κυρίως
2844 736 2903 772 τε
2924 719 3018 773 καὶ
3037 715 3292 789 άληθῶς
3324 712 3555 784 ταύτης
3576 713 3723 781 ἄξιον

2077 817 2175 887 τῆς
2199 815 2530 886 ἐπωνυμίας.
2570 813 2695 877 Τοῖς
2729 813 2826 884 μὲν
2845 811 2954 884 γὰρ
2975 811 3033 878 ἐξ
3061 807 3420 882 ἀνθρώπων
3452 823 3725 876 προκεκο-

2080 907 2224 977 φόσι,
2256 908 2349 961 καὶ
2379 908 2458 971 εἰς
2493 906 2555 959 τὸ
2585 905 2806 974 ἐφικτὸν
2833 904 3033 976 ἀρετῆς
3078 903 3475 975 χωρήσασιν,
3507 900 3723 971 ἀγαπη·

2076 999 2169 1052 τὸν
2198 998 2373 1067 ἁγίοις
2402 998 2530 1052 ποτὲ
2558 997 2910 1070 χρηματίσαι,
2938 995 3072 1067 μετὰ
3096 994 3379 1067 μετοχὴν
3399 991 3507 1045 καὶ
3533 1007 3721 1061 μετου-

2082 1091 2200 1143 σίαν
2228 1088 2320 1143 τοῦ
2351 1091 2635 1161 φήσαντος·
2659 1090 2868 1157 «Ἅγιοι
2903 1086 3108 1151 ἔσεσθε,
3136 1086 3238 1140 δτι
3273 1085 3455 1154 ἅγιος
3478 1080 3597 1152 ἐγὼ
3619 1081 3721 1136 [(5-

2082 1199 2214 1255 ριος.
2248 1202 2264 1233 ι
2286 1182 2477 1250 ’Λγίων
2519 1182 2577 1236 δὲ
2616 1181 2769 1251 ἅγιος
2812 1181 2897 1245 τίς
2943 1178 3008 1233 ἂν
3038 1178 3268 1251 κυρίως
3300 1179 3368 1229 ὲν
3404 1173 3723 1245 ἀνθρώποις

2078 1273 2423 1345 όνομασθείη,
2452 1274 2485 1345 ἢ
2532 1273 2691 1345 μόνος
2734 1274 2763 1326 ό
2802 1271 3164 1343 ἠγαπημένοις
3200 1268 3316 1323 τοῦ
3353 1267 3530 1336 ἁγίου
3564 1267 3715 1331 Παῖς,

2078 1365 2266 1438 ὥσπερ
2302 1364 2554 1436 βασιλεὺς
2586 1364 2870 1435 βασιλέων,
2901 1366 2994 1420 καὶ
3038 1361 3265 1435 κυρίων
3299 1360 3556 1431 Κύριος,
3582 1357 3720 1412 οὕτω

2079 1459 2173 1511 καὶ
2203 1458 2371 1525 ἁγίων
2401 1456 2552 1526 ἆγιος
2580 1456 3075 1527 άναγορευόμενος;
3127 1453 3306 1526 μόνῳ
3355 1448 3504 1519 γοῦν
3552 1450 3715 1522 αὐτῷ,

2080 1550 2177 1605 ἅτε
2205 1549 2567 1621 διαφερόντως
2598 1548 2747 1621 παρὰ
2788 1549 2915 1612 τοὺς
2971 1546 3199 1600 πώποτε
3242 1542 3523 1606 Μωσέως
3557 1541 3718 1612 ἐλαίῳ

2078 1641 2267 1711 γεώδει
2290 1641 2384 1695 καὶ
2413 1639 2694 1711 σκευαστῴ
2714 1639 3121 1711 κεχρισμένοιδς,
3146 1637 3392 1708 εἴρητο-
3422 1654 3443 1686 ι
3470 1632 3717 1704 Ἠγάπηο

2081 1752 2178 1799 σας
2204 1733 2573 1806 δικαιοσύνην,
2604 1733 2698 1786 καὶ
2747 1731 3015 1803 ἐμίσησας
3065 1730 3327 1801 ἀνομίαν
3355 1744 3372 1757 °
3417 1725 3518 1780 διὰ
3561 1726 3715 1780 τοῦτο

2078 1827 2260 1900 ἔχρισέ
2291 1844 2349 1881 σε
2381 1830 2410 1881 ό
2436 1827 2587 1890 Θεὸς,
2606 1825 2784 1889 όΘεός
2813 1842 2927 1888 σου,
2948 1824 3123 1878 ἔλαιον
3155 1819 3586 1892 ἀγαλλιάσεως
3612 1836 3712 1873 παι

2085 1920 2154 1992 ρὰ
2180 1921 2306 1983 τοὺς
2335 1919 2594 1990 μετόχους
2629 1936 2722 1974 σου
2746 1935 2761 1951 ·
2787 1936 2806 1970 ι
2839 1910 2883 1986 ᾧ
2915 1916 3184 1989 χρισθεὶς,
3222 1915 3296 1980 ἐξ
3351 1914 3498 1968 [δίου
3547 1928 3710 1985 προσ-

2078 2010 2228 2065 ώπου
2273 2012 2367 2065 καὶ
2391 2012 2554 2076 αὐτός
2592 2028 2755 2083 φησιν
2788 2010 2847 2065 ὲν
2882 2010 3079 2080 Ἡσαΐᾳ
3100 2027 3113 2040 ·
3156 2027 3177 2061 ε
3212 2007 3478 2078 Πνεῦμα
3506 2005 3709 2077 Κυρίου

2079 2104 2165 2157 ἐπ’
2192 2103 2312 2174 ἐμὲ,
2335 2096 2396 2156 οὗ
2436 2103 2641 2156 εἵνεκεν
2672 2102 2854 2174 ἔχρισε
2895 2119 2981 2174 με.
3011 2121 3030 2155 ι
3051 2102 3213 2155 Ἐπεὶ
3250 2096 3363 2154 οὖν
3388 2099 3704 2169 διαφέροντι

2079 2195 2173 2249 καὶ
2206 2194 2575 2265 πνευματικῷ,
2611 2194 2808 2267 μᾶλλον
2840 2194 2898 2248 δὲ
2928 2193 3184 2265 θεότητος
3216 2193 3521 2265 χρίσματι
3555 2190 3709 2260 μόνος

2080 2286 2233 2359 παρὰ
2262 2288 2389 2352 τοὺς
2423 2287 2641 2341 πώποτε
2670 2290 2699 2341 ό
2725 2287 2992 2360 ἡμέτερος
3017 2286 3216 2358 Σωτὴρ
3270 2283 3586 2357 κεκρίσθαι
3617 2299 3705 2353 με-

2083 2379 2447 2452 μαρτύρηται,
2475 2380 2700 2444 εἰκότως
2734 2399 2753 2431 ι
2782 2380 2936 2449 ἆγιος
2979 2378 3171 2447 ἁγίων,
3204 2398 3226 2432 ι
3264 2378 3353 2442 ὡς
3406 2378 3477 2431 ἄν
3520 2393 3606 2439 τις
3632 2375 3702 2428 εἴ·

2080 2488 2191 2534 ποι,
2231 2490 2251 2523 ι
2277 2473 2568 2544 ἀρχιερεὺς
2594 2472 2893 2546 ἀρχιερέων
2921 2491 2939 2524 ι
2974 2471 3329 2543 ὠνόμασται,
3370 2471 3473 2524 καὶ
3511 2489 3531 2519 ι
3560 2470 3701 2539 ἡγια-

2082 2563 2280 2635 σμένος
2333 2565 2700 2637 ἡγιασμένων,
2734 2584 2752 2617 ι
2789 2563 2930 2619 κατά
2979 2564 3071 2618 τὸν
3124 2563 3224 2617 τοῦ
3278 2563 3545 2636 Γαϐριὴλ
3576 2578 3700 2634 χρη.

2083 2655 2234 2726 σμόν.
2265 2655 2450 2710 Ταῦτα
2482 2655 2539 2709 δὲ
2573 2656 2769 2720 πάντα,
2798 2656 3342 2728 συμπεραιουμένων
3394 2654 3511 2710 τῶν
3553 2654 3694 2707 €660—

2084 2748 2328 2818 μήκοντα
2373 2748 2700 2820 ἑϐδομάδων,
2733 2748 2886 2812 τέλος
2931 2748 3241 2820 ἐλάμϐανεν
3288 2749 3403 2801 οὐκ
3453 2746 3694 2816 ἄλλοτεῆ

2081 2841 2174 2894 ἐπὶ
2208 2841 2319 2893 τῶν
2349 2842 2554 2913 χρόνων
2580 2843 2679 2914 τῆς
2720 2840 2815 2894 τοῦ
2849 2841 3099 2913 Σωτῆρος
3141 2840 3315 2911 ἡμῶν
3347 2840 3688 2909 ἐπιφανείας.

2095 2931 2313 3003 Ἐπειδὴ
2360 2932 2538 2986 τοίνυν
2585 2932 2739 2986 ταῦθ’
2770 2931 2944 2996 οὕτως
2995 2931 3218 2987 ἔσεσθαι
3257 2934 3290 2986 ὁ
3320 2928 3691 3004 προδηλωθεὶς

2082 3024 2312 3093 ἄγγελος
2364 3025 2752 3094 κεφαλαιωδῶς
2798 3023 3050 3089 ἐθέσπιζε
3093 3023 3172 3095 τῷ
3210 3025 3513 3097 προφήτῃ,
3545 3017 3689 3085 αὖθις

2083 3116 2525 3189 ὲπαναλαμϐάνει
2551 3119 2646 3172 τὸν
2679 3118 2935 3191 περὶτῶν
2964 3117 3350 3188 ἑϐδομήκοντα
3385 3113 3688 3185 ἑϐδομάδων

2082 3208 2258 3279 λόγον,
2288 3210 2556 3265 διδάσκων
2604 3211 2746 3264 κατὰ
2806 3210 2969 3282 μέρος
3014 3209 3221 3262 ἕκαστα
3261 3206 3542 3278 ἀκριϐῶς,
3575 3203 3685 3257 ὅθεν

2082 3303 2429 3375 ἀπάρχεσθαι
2458 3303 2539 3356 δεῖ
2575 3302 2679 3374 τῆς
2711 3300 2817 3355 τῶν
2852 3300 3057 3373 χρόνων
3097 3299 3569 3371 ἀπαριθμήσεως,
3601 3293 3686 3347 καὶ

2081 3397 2199 3450 τίνα
2239 3394 2381 3449 κατὰ
2431 3397 2557 3461 τοὺς
2603 3396 2964 3469 δηλουμένους
3009 3394 3235 3467 καιροὺς
3281 3392 3678 3466 ἀπαντήσεται.

2081 3490 2241 3559 Λέγει
2269 3490 2312 3544 δ’
2336 3486 2460 3544 οὖν’
2503 3510 2519 3540 ι
2551 3490 2660 3544 Καὶ
2693 3489 2896 3563 γνώσῃ,
2933 3490 3026 3544 καὶ
3064 3491 3329 3559 συνήσεις
3369 3488 3484 3542 άπὸ
3510 3484 3677 3550 ἐξόδου

2083 3581 2263 3651 λόγου,
2283 3582 2377 3635 τοῦ
2406 3581 2901 3655 άποκριθῆναι,κα“ι
2920 3581 3011 3635 τοῦ
3036 3583 3402 3655 οἰκοδομῆσαι
3435 3582 3680 3650 ’Ῐερθνσι

2082 3672 2196 3745 λήμ
2211 3691 2223 3704 ·
2273 3674 2565 3746 ἐϐδομάδες
2602 3673 2742 3728 ἑπτὰ
2763 3674 2855 3727 καὶ
2877 3674 3166 3744 ὲϐδομάδες
3187 3670 3576 3746 ἑξηκονταδύο,
3594 3667 3679 3722 καὶ

2084 3766 2419 3837 ἐπιστρέφει,
2436 3767 2529 3819 καὶ
2555 3764 3034 3837 οἰκοδομηθήσεται
3050 3765 3280 3820 πλατεῖα
3302 3766 3404 3821 καὶ
3432 3766 3625 3833 τεῖχος.
3653 3776 3672 3809 ι

2098 3858 2184 3910 Ἐν
2235 3854 2316 3923 οἷς
2364 3859 2512 3912 δοκεῖ
2565 3876 2656 3929 μοι
2711 3858 2887 3921 καλῶς
2931 3857 3073 3929 ἔχειν
3130 3860 3222 3911 καὶ
3271 3858 3375 3929 τὴν
3427 3855 3522 3908 τοῦ
3578 3846 3676 3919 πρὸ

2084 3950 2242 4021 ἡμῶν
2276 3953 2356 4013 είς
2408 3952 2533 4014 τοὺς
2585 3942 2782 4014 τόπους
2827 3950 3055 4019 θεωρίαν
3109 3950 3183 4021 μὴ
3228 3943 3671 4020 ἀποκρύψασθαι,

2087 4041 2408 4112 παραθεῖναι
2448 4041 2503 4094 δὲ
2555 4042 2647 4094 καὶ
2697 4041 2899 4113 ταύτην
2948 4042 3022 4105 ὼς
3068 4041 3277 4095 οἰκείαν
3328 4044 3445 4103 τοῖς
3504 4038 3671 4088 ἐντευ·

2089 4132 2350 4204 ξομένοις.
2408 4133 2576 4186 Κοινὰ
2641 4133 2813 4202 γοῦν,
2872 4133 3048 4197 καλῶς
3109 4132 3371 4204 εἴρηται,
3448 4127 3519 4181 τά
3570 4122 3668 4177 τῶν

2088 4225 2255 4294 φίλων
2282 4241 2295 4254 ·
2330 4224 2424 4279 καὶ
2458 4225 2645 4297 ἐπειδὴ
2671 4226 2938 4297 προσήκει
2975 4224 3312 4297 συγχρῆσθαι
3349 4223 3455 4295 μὲν
3476 4221 3667 4287 εὐγνω-

2092 4317 2386 4389 μονοῦντας
2458 4319 2573 4382 τοῖς
2650 4317 2831 4382 καλῶς
2895 4318 2982 4388 ὑφ’
3043 4317 3241 4388 ἐτέρων
3321 4311 3663 4391 είρημένοιςο

2092 4408 2167 4480 μὴ
2226 4407 2330 4479 μὴν
2389 4408 2709 4480 ἀποστερεῖν
2768 4410 2894 4473 τοὺς
2950 4408 3190 4480 πατέρας
3245 4408 3359 4461 τῶν
3416 4403 3659 4474 ἐγγόνων,

2094 4498 2229 4570 μηδὲ
2261 4499 2385 4562 τοὺς
2421 4500 2669 4572 πρώτους
2704 4500 3068 4570 φυτεύσαντας
3099 4498 3207 4552 τῶν
3253 4497 3476 4551 οἰκείων
3510 4504 3661 4560 σπερ-

2019 4619 2062 4675 D
2095 4589 2278 4659 μάτων
2307 4630 2321 4653 ,
2374 4591 2472 4654 τὰς
2518 4591 2682 4644 αὑτοῦ
2735 4591 3119 4663 παραθήσομαι
3180 4590 3376 4657 λέξεις.
3417 4586 3657 4657 Φέρονται

2089 4680 2145 4735 δὲ
2201 4676 2360 4737 αὗται
2424 4683 2752 4756 Ἀφρικανοῦ
2798 4687 2855 4737 ἐν
2906 4683 2982 4754 τῷ
3012 4683 3245 4755 πέμπτῳ
3284 4683 3398 4736 τῶν
3449 4682 3656 4746 Χρσνοο

2089 4782 2351 4851 wagner
2375 4824 2389 4848 ,
2426 4784 2610 4837 τοῦτον
2634 4784 2852 4856 ἔχουσαι
2896 4784 2986 4838 τὸν
3015 4785 3244 4857 τρόπον*
3290 4802 3309 4836 ι
3334 4783 3399 4836 Ἠ
3449 4778 3542 4850 μὲν
3571 4767 3653 4827 οὖν

2089 4884 2359 4955 περικοπὴ
2408 4884 2550 4939 οὕτω
2590 4904 2705 4949 πως
2741 4886 2937 4957 ἔχουσα
2968 4884 3135 4939 πολλά
3168 4903 3227 4939 τε
3264 4886 3360 4939 καὶ
3392 4873 3652 4954 ’πταρςὶδθξει

2090 4985 2343 5058 σημαίνει
2368 5002 2382 5016 ·
2437 4986 2532 5041 νῦν
2568 4988 2625 5042 δὲ
2675 4981 2751 5041 ὧν
2783 4988 2937 5061 χρεία
2990 4989 3118 5060 περὶ
3166 4990 3289 5051 τοὺς
3322 4986 3540 5059 χρόνους
3568 4976 3649 5032 καὶ

2085 5087 2154 5142 τά
2186 5088 2394 5154 τούτοις
2437 5089 2778 5145 συντείνοντα
2805 5093 2897 5146 τδν
2945 5092 3098 5162 λόγον
3133 5088 3486 5163 ποιησόμεθα.
3539 5080 3649 5134 '0‘“

2090 5191 2190 5263 μὲν
2235 5186 2326 5246 οὖν
2361 5192 2490 5261 περὶ
2532 5192 2632 5263 τῆς
2680 5194 3047 5266 τοῦ,Χριστοῦ
3099 5193 3398 5266 παρουσίας
3446 5187 3641 5255 λέγεται

2086 5292 2261 5346 ταῦτα
2286 5335 2300 5357 ,
2337 5294 2473 5364 μετά
2507 5295 2805 5367 ἑϐδομάδας
2831 5295 3196 5367 ἐϐδομήκοντα
3230 5295 3506 5366 μέλλοντος
3537 5285 3643 5336 ἐπι·

2092 5398 2416 5467 φαίνεσθαι,
2474 5398 2648 5470 δῆλον.
2721 5399 2843 5453 Ἐπὶ
2898 5398 3005 5470 γάρ
3035 5400 3127 5453 τοῦ
3161 5398 3407 5468 Σωτῆρος
3429 5433 3443 5457 ,
3484 5388 3515 5460 ἢ
3544 5376 3639 5439 ἀπὸ

2090 5500 2319 5565 τούτου,
2374 5500 2443 5554 τά
2488 5517 2547 5552 τε
2599 5499 3020 5572 παραπτώματα
3066 5496 3423 5559 παλαιοῦται,
3478 5484 3562 5543 κειὶ
3590 5479 3637 5534 συί

2092 5597 2352 5668 ἁμαρτίαι
2413 5600 2804 5655 συντελῶνται.
2893 5601 2989 5653 Διὰ
3079 5600 3134 5653 δὲ
3202 5575 3300 5671 τήν
3357 5595 3535 5664 ἄφεσιν
3583 5574 3636 5633 ατ

2089 5712 2147 5747 τε
2208 5697 2424 5767 ἀνομίαι
2496 5697 2768 5772 ἐξιλασμῷ
2825 5699 2962 5771 μετὰ
3023 5698 3131 5752 τῶν
3187 5694 3403 5753 ἀδικιῶν
3452 5676 3630 5752 tam“
