3928 6530
263 437 380 494 609

262 567 452 622 φονται
479 590 492 615 ,
587 546 897 621 δικαιοσύνη

259 642 416 713 παρὰ
459 640 554 712 τὴν
608 643 672 694 ὲκ
722 643 923 713 νόμου,
983 641 1199 713 ὁράσεις
1252 660 1309 694 τε
1360 643 1453 696 καὶ
1503 646 1826 714 προφητεῖαι

261 738 455 807 μέχρις
524 733 810 797 Ἰωάννου,
873 735 1082 805 χρίεται
1138 735 1193 787 δὲ
1248 736 1399 802 ἅγιος
1447 736 1637 803 ἁγίων.
1714 735 1826 806 Πρὸ

252 827 374 898 γὰρ
418 825 511 895 τῆς
559 822 654 876 τού
707 823 956 894 Σωτῆρος
1005 822 1158 894 ἡμῶν
1207 823 1506 894 παρουσίας
1552 825 1652 877 οὐκ
1700 825 1827 878 ὄντα

252 918 430 972 ταῦτα
509 916 876 987 προσεδοκᾶτο
959 915 1132 984 μόνον.
1240 913 1536 986 ’Ἀρξασθαι
1596 914 1650 966 δὲ
1718 915 1826 966 τῶν

248 1007 536 1082 ἀριθμῶν,
607 1007 850 1060 τουτέστι
910 1008 1016 1059 τῶν
1073 1007 1438 1079 ἑϐδομήκοντα
1499 1008 1823 1079 ἑϐδομάδων,

247 1100 294 1156 ὃ.
359 1105 496 1155 ἐστιν
573 1101 667 1170 ἔτη
739 1099 1064 1171 τετρακόσια
1128 1101 1521 1171 ἐννενήκοντα,
1576 1103 1604 1154 ὁ
1666 1102 1827 1170 ἄγγε..

247 1193 349 1256 λος
416 1193 724 1246 ὑποτίθεται
793 1191 898 1244 ἀπὸ
974 1191 1152 1257 ἐξόδου
1212 1190 1371 1260 λόγου
1442 1191 1534 1246 τοῦ
1595 1193 1823 1262 ἀποκρι-

248 1285 407 1354 Θῆναι
461 1285 550 1337 καὶ
609 1283 705 1337 τοῦ
767 1283 1115 1353 οἰκοδομῆσαι
1184 1284 1552 1355 Ἰερουσαλήμ.
1617 1285 1819 1356 Συνέϐη

242 1376 310 1428 δὲ
378 1376 545 1428 ταῦτα
600 1377 695 1428 ἐπὶ
775 1374 1124 1445 Ἀρταξέρξου
1203 1375 1296 1428 τού
1363 1374 1587 1446 Περσῶν
1666 1375 1820 1445 βασι-

242 1467 493 1530 λεύοντος
549 1467 778 1538 εἰκοστῷ
837 1470 964 1522 ἔτει.
1090 1471 1329 1540 Νεεμίας
1385 1471 1492 1540 γὰρ
1549 1473 1577 1524 ὁ
1632 1469 1818 1523 τούτου

242 1557 520 1627 οἰνοχόος,
578 1557 824 1624 δεηθεὶς,
903 1559 1243 1630 ἀποκρίσεως
1298 1561 1484 1630 ἔτυχεν
1537 1562 1819 1632 οἰκοδομη-

241 1647 406 1716 θῆναι
478 1648 830 1720 Ἰερουσαλὴμ
858 1689 872 1712 ,
953 1650 1044 1702 καὶ
1120 1649 1272 1717 λόγος
1329 1650 1517 1720 ἐξῆλθε
1586 1651 1817 1703 κελεύων

237 1738 436 1790 ταῦτα.
550 1740 725 1810 Μέχρι
786 1739 884 1808 μὲν
937 1739 1041 1812 γὰρ
1096 1740 1302 1792 ἐκείνου
1361 1739 1454 1792 τοῦ
1518 1741 1708 1812 χρόνου
1780 1743 1813 1811 ἡ

237 1831 398 1892 πόλις
455 1832 731 1901 ἠρήμωτο.
787 1831 967 1901 Κύρου
1027 1831 1154 1902 γὰρ,
1219 1831 1353 1902 μετᾶ
1427 1833 1523 1900 τὴν
1584 1833 1813 1904 ἑϐδομη-

236 1924 556 1977 κονταετίαν
629 1924 728 1993 τῆς
815 1924 1206 1994 αἰχμαλωσίας,
1280 1924 1388 1977 τῶν
1477 1925 1812 1996 βουλομένων

232 2015 465 2068 ἕκαστον
515 2017 826 2069 ἑκουσιαστὶ
879 2016 1359 2086 καταπέμτζιαντος,
1414 2018 1462 2069 οἰ
1509 2017 1646 2088 μετὰ
1707 2020 1811 2090 ’1η-

236 2102 335 2157 σοῦ
392 2105 486 2158 τοῦ
559 2107 797 2176 μεγάλου
870 2107 1057 2176 ἱερέως
1112 2108 1204 2159 καί
1268 2108 1569 2178 Ζοροϐάϐελ
1623 2109 1813 2162 κατελ-

231 2195 457 2262 θόντες,
542 2201 636 2252 καὶ
698 2201 745 2252 οἱ
805 2200 897 2252 ἐπὶ
955 2199 1164 2263 τούτοις
1221 2200 1337 2271 ἅμα
1399 2203 1643 2274 Ἔσδρα,
1720 2203 1810 2255 τὸν

232 2290 372 2343 νεὼν
442 2291 742 2362 οἰκοδομεῖν
811 2291 1106 2345 ἐκωλύοντο
1158 2291 1225 2345 τὰ
1272 2293 1503 2364 πρῶτα,
1562 2295 1654 2347 καὶ
1705 2297 1812 2347 τεῖ-

230 2399 327 2451 χος
380 2385 455 2453 τῇ,
502 2383 653 2435 πόλει
705 2384 1084 2455 περιϐάλλειν,
1153 2384 1228 2446 ὡς
1279 2386 1338 2436 οὐ
1389 2384 1809 2452 κεκελευσμένου

557 2476 808 2546 Ἐμεινεν
847 2470 939 2529 οὖν
974 2478 1077 2540 ἕως
1123 2478 1355 2546 Νεεμίου
1397 2476 1488 2528 καὶ
1538 2475 1810 2545 βασιλείας

245 2562 644 2635 Ἀρταξέρξου,
713 2567 806 2619 καὶ
879 2569 978 2637 τῆς
1038 2569 1260 2640 Περσῶν
1312 2567 1605 2638 ἡγεμονίας
1660 2566 1811 2630 ἔτους

233 2655 719 2709 πεντεκαιδεκάτου
755 2657 846 2710 καὶ
894 2657 1223 2712 ἑκατοστοῦδ
1281 2658 1387 2711 ἀπὸ
1438 2658 1494 2711 δὲ
1543 2659 1639 2728 τῆς
1674 2655 1812 2710 ἁλώ-

234 2765 374 2812 σεως
436 2748 789 2818 Ἰερουσαλὴμ
848 2750 1037 2802 ἑκατὸν
1095 2751 1421 2821 ὀγδοήκοντα
1500 2750 1660 2800 πέντε
1714 2748 1808 2814 ἔτη

231 2836 460 2906 γίνεται.
556 2839 666 2890 Καὶ
725 2839 844 2892 τότε
890 2839 1139 2909 βασιλεὺς
1181 2838 1536 2910 Ἀρταξέρξης
1593 2838 1809 2891 ἐκέλευ-

232 2946 323 2982 σεν
385 2929 804 3001 οἰκοδομηθῆναι
853 2930 947 3002 τὴν
1003 2931 1177 2985 πόλιν.
1256 2931 1493 3001 Νεεμίας
1539 2930 1594 2983 δὲ
1645 2948 1808 2983 κατα-

228 3020 522 3090 πεμφθεὶς,
582 3022 675 3075 τοῦ
722 3022 880 3094 ἔργου
939 3023 1214 3094 προέστηο
1287 3025 1319 3093 ή
1374 3023 1430 3076 δὲ
1485 3021 1801 3094 ᾠκοδομήθη

231 3108 460 3164 πλατεῖα
515 3110 609 3162 καὶ
659 3112 999 3181 περίτειχος,
1069 3111 1144 3174 ὡς
1201 3111 1598 3183 προεφητεύθη.
1686 3112 1802 3164 Κά-

231 2474 444 2526 τούτου.

1083 432 1737 491 DEMONSTRATIONIS
1776 431 2236 490 EVANGELICAE
2271 431 2396 486 LIB.
2438 430 2573 486 Vlll.

975 566 1033 602 τε
1119 551 1331 615 αἰώνιος
1405 551 1808 620 καταγγέλλετα

1901 604 1904 612 ,
1934 549 2246 605 hominibus
2279 565 2339 605 se
2383 547 2676 602 videndum
2710 546 2978 603 exhibuit.
3033 547 3174 619 Ergo
3207 562 3331 603 cum
3384 549 3498 604 haec

3398 435 3502 490 610

1930 643 2009 697 sic
2042 642 2155 697 fore
2184 642 2411 711 angelus
2441 641 2509 703 is,
2536 640 2603 694 de
2653 655 2762 709 quo
2812 639 3016 694 dictum
3048 648 3152 703 est,
3184 643 3498 697 summatim

1931 735 2032 805 ipsi
2061 736 2339 805 prophetae
2360 732 2644 796 cecinerit,
2689 747 2885 786 rursus
2925 747 3247 788 sermonem
3281 737 3349 792 de
3389 749 3498 792 ιιι

1931 827 2361 881 hebdomadibus
2413 832 2674 888 renovat,
2730 825 3156 893 exquisitissime
3215 842 3311 897 per
3365 830 3496 894 ,εἰη-

1928 919 2082 989 gulas
2117 927 2300 987 partes
2333 916 2556 979 docens,
2609 917 2753 970 unde
2799 917 3035 986 incipere
3094 926 3338 986 oporteat
3390 935 3495 974 num

1927 1022 2138 1061 merare
2157 1015 2422 1075 tempora,
2438 1013 2488 1060 et
2508 1005 2764 1075 quidnam
2782 1007 2978 1061 talibus
2992 1008 3328 1075 temporibus
3339 1025 3499 1064 even-

1926 1104 2104 1150 turum
2122 1099 2210 1152 sit.
2226 1117 2242 1148 ι
2264 1097 2328 1150 Et
2354 1114 2652 1168 cognosces
2675 1107 2728 1152 et
2746 1099 3012 1167 intelliges
3036 1099 3104 1152 ab
3119 1100 3267 1153 exitu
3285 1115 3494 1156 sermo-

1925 1189 2012 1242 nis
2043 1229 2057 1253 ,
2110 1197 2168 1242 ut
2221 1192 2616 1260 respondeatur
2674 1198 2727 1244 et
2777 1189 3074 1245 aediﬁcetur
3129 1189 3430 1247 Jerusalem
3472 1211 3489 1248 :

1923 1279 2288 1334 hebdomades
2375 1291 2624 1352 septem,
2683 1292 2736 1337 et
2779 1281 3146 1337 hebdomades
3209 1287 3489 1354 sexaginta

1920 1370 2129 1432 dum,et
2158 1379 2463 1426 revertetur
2491 1384 2541 1428 et
2561 1374 2918 1428 aediﬁcabitur
2943 1374 3116 1442 platea
3146 1385 3194 1429 et
3229 1391 3439 1430 murus.
3462 1394 3483 1429 ι

1918 1458 2082 1528 389
2108 1458 2236 1524 Qua:
2267 1475 2397 1515 sane
2425 1463 2588 1516 verba
2618 1471 2679 1516 ut
2707 1463 2925 1517 reddam
2964 1463 3231 1532 planiora,
3259 1465 3487 1533 pulchre

1916 1552 2050 1605 mihi
2081 1553 2255 1608 cilicio
2285 1554 2508 1611 functus
2548 1572 2672 1613 esse
2702 1557 2948 1623 videbor,
2985 1557 3030 1611 si
3068 1561 3486 1615 commentatio-

1915 1659 2036 1698 nem
2069 1645 2122 1697 in
2151 1645 2418 1714 ejusmodi
2452 1649 2601 1704 locos
2631 1649 2750 1717 ejus
2781 1648 2905 1711 viri,
2931 1649 3022 1717 qui
3052 1657 3180 1704 ante
3216 1665 3316 1704 nos
3342 1651 3482 1706 idem

1917 1735 2156 1789 studium
2179 1739 2432 1802 coluerit,
2467 1756 2574 1795 non
2608 1742 2980 1806 occultavere,
3007 1742 3100 1796 sed
3129 1756 3248 1796 eam
3267 1758 3484 1812 quoque

1919 1836 2242 1892 apposuero,
2288 1837 2346 1881 ut
2391 1831 2802 1884 accommodata
2861 1829 2948 1893 iis,
2993 1830 3086 1899 qui
3138 1831 3330 1885 lecturi
3371 1833 3484 1887 sint

1848 1895 1890 1955 Β
1920 1915 2052 1969 haec.
2093 1915 2326 1972 Pulchre
2359 1918 2502 1973 enim
2538 1919 2670 1973 illud
2704 1918 2811 1972 dici
2845 1919 3002 1982 solet,
3035 1933 3155 1988 quae
3179 1921 3479 1974 amicorum

1914 2015 2060 2071 sunt,
2089 2022 2151 2061 ea
2174 2023 2296 2062 esse
2325 2010 2634 2063 communia
2663 2025 2676 2060 :
2709 2016 2763 2063 et
2784 2008 2913 2078 quia
2950 2010 3028 2063 uti
3061 2011 3282 2080 quidem
3319 2009 3478 2080 quasi

1912 2105 2296 2160 communibus
2323 2107 2575 2160 convenit
2607 2107 2695 2170 iis,
2739 2122 2859 2175 quae
2888 2106 2977 2159 alii
3013 2108 3182 2176 probe
3216 2107 3475 2174 dixerint,

1913 2195 2006 2250 sed
2041 2195 2114 2248 ita
2151 2203 2209 2248 ut
2236 2211 2600 2266 agnoscamus
2628 2207 2903 2264 auctores,
2941 2215 3118 2268 neque
3143 2210 3234 2253 aut
3264 2215 3362 2254 sua
3396 2215 3481 2257 so-

1910 2288 2030 2342 bole
2065 2299 2264 2357 patres,
2308 2299 2401 2343 aut
2431 2306 2545 2353 eos,
2577 2293 2670 2360 qui
2706 2292 2869 2360 primi
2910 2293 3314 2358 consueverint,
3346 2309 3476 2364 pro-

1911 2379 2044 2447 priis
2081 2379 2381 2435 seminibus
2410 2379 2818 2443 defraudemus,
2851 2382 2996 2436 illius
3028 2382 3190 2436 verba
3221 2398 3330 2436 non
3357 2397 3479 2454 gra-

1909 2472 2079 2524 vabor
2122 2487 2414 2541 apponere.
2456 2471 2530 2525 Ea
2576 2472 2829 2527 feruntur
2887 2473 3131 2527 Africani
3178 2475 3232 2527 in
3281 2475 3475 2543 quinto

1909 2575 2097 2615 eorum
2129 2578 2250 2632 quae
2286 2562 2352 2618 de
2375 2565 2712 2633 temporibus
2742 2565 2980 2634 scripsit,
3023 2581 3142 2634 quae
3171 2566 3386 2635 quidem
3418 2567 3474 2621 iu

1912 2654 2055 2707 hunc
2082 2656 2299 2710 modum
2338 2671 2394 2711 se
2423 2656 2623 2710 habent
2657 2675 2670 2711 :
2715 2676 2733 2708 ι
2774 2655 2896 2726 Ipsa
2923 2656 3140 2726 quidem
3186 2658 3470 2727 particula,

1909 2744 2102 2814 inquit,
2141 2761 2260 2816 quae
2293 2745 2403 2801 fere
2461 2747 2541 2801 sic
2572 2763 2629 2800 se
2661 2747 2842 2812 habet,
2887 2756 2999 2801 tum
3042 2749 3206 2802 multa
3237 2759 3350 2804 tum
3380 2749 3476 2804 ad-

1906 2839 2175 2892 mirabilia
2205 2839 2474 2909 signiﬁcat
2503 2858 2514 2893 :
2549 2848 2784 2894 attamen
2829 2856 2975 2895 nunc
3011 2841 3080 2896 de
3108 2843 3176 2896 iis
3207 2843 3473 2898 duntaxat

1905 2945 2025 2999 quae
2075 2931 2231 2985 nobis
2258 2931 2323 2985 ad
2355 2932 2619 2986 rationem
2669 2941 2993 3001 temporum,
3025 2942 3078 2988 et
3120 2949 3312 2988 eorum
3351 2948 3475 3005 quae

1904 3021 1969 3075 ad
2002 3029 2242 3090 tempora
2274 3023 2540 3092 pertinent
2572 3025 2910 3080 conductura
2944 3025 3074 3091 sint,
3113 3027 3273 3080 verba
3304 3026 3474 3082 facie-

1903 3127 2045 3166 mus.
2077 3111 2229 3177 Quod
2257 3113 2420 3182 igitur
2447 3115 2560 3168 [uec
2591 3115 2658 3169 de
2687 3116 2922 3171 adventu
2955 3116 3158 3173 Christi
3195 3118 3468 3184 dicantur,

226 3205 408 3258 κεῖθεν
480 3203 803 3276 ἀριθμοῦσιν
870 3206 1000 3275 ἡμῖν
1071 3205 1438 3277 ἑϐδομήκοντα
1513 3205 1802 3276 ἑϐδομάδες

1905 3201 1998 3270 qui
2041 3209 2164 3270 post
2208 3201 2581 3258 hebdomadas
2617 3220 2718 3258 tu
2777 3206 2845 3260 ab
2876 3206 3187 3263 hominibus
3215 3217 3360 3264 esset
3388 3210 3470 3264 vi-

227 3295 304 3355 εἰς
365 3292 460 3346 τὸν
517 3293 747 3364 Χριστὸν
813 3294 1223 3349 συντελούνταιο
1287 3297 1334 3348 εἰ
1415 3294 1522 3368 γὰρ
1581 3295 1800 3350 ἄλλοθέν

226 3384 390 3438 ποθεν
456 3386 708 3458 ἀριθμεῖν
773 3385 1114 3456 ἀρξαίμεθα,
1200 3391 1292 3440 καὶ
1364 3389 1462 3440 ούκ
1533 3388 1798 3450 ἐντεῦθεν,

226 3473 344 3528 οὔτε
405 3478 434 3528 ὁ
481 3477 670 3547 χρόνος
720 3477 1140 3549 συνδραμείται,
1204 3480 1297 3532 καὶ
1349 3479 1571 3533 πλεῖστα
1624 3480 1798 3534 ἄτοπα

226 3569 550 3640 ἀπαντήσει.
645 3570 768 3623 Ἐάν
821 3589 880 3624 τε
939 3571 1048 3643 γὰρ
1125 3572 1231 3625 ἀπὸ
1301 3572 1482 3643 Κύρου
1548 3573 1642 3626 καὶ
1701 3575 1799 3645 τῆς

225 3661 450 3734 πρώτης
504 3664 868 3734 καταπομπῆς
923 3663 1021 3735 τὴν
1079 3663 1250 3735 ἀρχὴν
1302 3661 1655 3734 ποιησώμεθα
1701 3665 1797 3736 τῆς

225 3753 577 3826 ἁριθμήσεως
654 3755 762 3808 τῶν
840 3755 1207 3825 ἑϐδομήκοντα
1284 3753 1630 3825 ἑϐδομάδων,
1717 3758 1796 3818 είς

226 3844 312 3915 ἔτη
388 3845 586 3897 ἑκατὸν
637 3845 730 3897 καὶ
783 3844 1001 3915 προσέτι
1055 3843 1366 3916 περισσεύει
1395 3884 1410 3902 .
1484 3844 1682 3899 πλείων
1739 3844 1793 3898 δὲ

226 3936 453 4005 χρόνος,
526 3937 574 3987 εἰ
627 3935 720 4004 ἀφ’
770 3929 839 4007 ἧς
877 3933 1088 4006 ἡμέρας
1162 3933 1238 4006 τῷ
1305 3934 1498 4005 Δανιὴλ
1548 3937 1575 3987 ὁ
1628 3939 1791 4004 ἄγγεα

224 4025 306 4089 λος
349 4029 765 4098 προεφήτευσε,
823 4027 999 4098 πολλῷ
1052 4027 1108 4080 δὲ
1156 4026 1395 4092 πλείων,
1443 4030 1491 4080 εἰ
1538 4029 1630 4080 ἀπ’
1693 4030 1791 4098 ἀρ-

223 4117 318 4188 χῆς
361 4119 466 4188 τῆς
510 4119 901 4188 αἰχμαλωσίας.
980 4119 1317 4189 Εὑρίσκομεν
1370 4116 1478 4188 γὰρ
1516 4117 1612 4189 τὴν
1657 4120 1791 4191 Περ-

225 4210 327 4263 σῶν
412 4209 690 4279 βασιλείαν
744 4208 886 4262 ἔτεσι
951 4207 1243 4270 διακοσίοις
1299 4208 1588 4279 τριάκοντα
1636 4223 1788 4277 περι-

221 4301 610 4372 γραφομένην,
670 4301 768 4371 τήν
836 4317 895 4352 τε
948 4299 1270 4354 Μακεδόνων
1335 4301 1414 4362 εἰς
1480 4299 1573 4369 ἔτη
1629 4316 1785 4370 τρια-

220 4394 373 4448 κόσια
427 4394 796 4465 ἑϐδομήκοντα
850 4392 1276 4465 παρατείνουσαν
1304 4432 1318 4457 ,
1387 4391 1641 4445 κάκεῖθεν
1695 4393 1786 4446 ἐπὶ

218 4484 274 4538 τὸ
319 4485 576 4557 Τιϐερίου
629 4485 904 4556 Καίσαρος
966 4481 1344 4536 ἑκκαιδέκατον
1398 4482 1515 4545 ἔτος
1569 4485 1648 4545 εἰς
1689 4482 1782 4554 ἔτη

219 4575 496 4642 ἑξήκοντα.

219 4664 507 4738 ἑϐδομάδες
551 4667 630 4728 εἰς
685 4664 775 4719 τὸν
833 4665 926 4718 ἐπὶ
969 4663 1202 4733 Χριστὸν
1257 4664 1626 4718 συντελοῦνται
1667 4665 1785 4737 χρό-

220 4775 332 4824 νον,
415 4758 563 4813 κατὰ
629 4760 754 4822 τοὺς
815 4757 1080 4811 Ἰουδαίων
1128 4755 1413 4827 ἀριθμούς.
1483 4757 1615 4810 Ἀπὸ
1675 4757 1783 4828 γὰρ

219 4848 486 4922 Νεεμίου,
568 4848 626 4912 ὂς
711 4847 814 4901 ὑπὸ
899 4846 1250 4920 Ἀρταξέρξου
1337 4848 1436 4918 τὴν
1513 4848 1782 4919 Ἰερουσα-

215 4938 315 5012 λὴμ
364 4939 804 5011 ἀνοικοδομήσων
858 4937 1114 5010 ἐπέμφθη
1164 4937 1273 4990 ἔτει
1319 4936 1780 5006 πεντεκαιδεκάτῳ

218 5033 300 5084 καὶ
351 5029 632 5099 ἑκατοστῷ
682 5029 782 5099 τῆς
830 5029 1055 5101 Περσῶν
1113 5027 1384 5099 βασιλείας
1416 5068 1430 5092 ,
1505 5026 1670 5081 αὑτοῦ
1724 5027 1779 5080 δὲ

227 5120 576 5194 Ἀρταξέρξου
631 5119 903 5190 βασιλείας
950 5118 1178 5190 εἰκοστῷ
1225 5119 1375 5182 ἔτει,
1431 5119 1524 5172 καὶ
1580 5119 1776 5190 Ὀλυμ-

217 5211 394 5276 πιάδος
435 5211 798 5283 ὀγδοηκοστῆς
848 5211 1036 5281 τρίτης
1076 5210 1184 5263 ἔτει
1223 5211 1466 5281 τετάρτῳ
1489 5250 1503 5275 ,
1540 5210 1631 5263 ἐπὶ
1661 5209 1780 5263 τοῦ-

214 5319 296 5360 τον
347 5306 443 5360 τὸν
494 5304 720 5376 χρόνον,
786 5303 844 5367 ὃς
883 5299 951 5375 ἦν
1007 5302 1360 5373 Ὀλυμπιάδος
1410 5302 1777 5374 διακοσιοστῆς

216 5392 458 5469 δευτέρας
530 5397 650 5461 ἔτος
721 5395 1025 5477 δεύτερον,
1087 5393 1334 5463 Τιϐερίου
1396 5392 1451 5445 δὲ
1504 5393 1776 5464 Καίσαρος

216 5483 498 5558 ἡγεμονίας
551 5485 669 5550 ἔτος
722 5485 1102 5538 ἑκκαιδέκατον
1126 5523 1140 5546 ,
1193 5483 1285 5554 ἔτη
1349 5483 1635 5550 συνάγεται
1689 5500 1777 5535 τε-

215 5579 468 5648 τρακόσια
543 5578 912 5650 ἑϐδομήκοντα
991 5576 1148 5630 πέντε
1174 5615 1190 5639 ,
1287 5576 1427 5648 ἅπερ
1514 5576 1773 5646 Ἑϐραϊκὰ

215 5671 531 5741 τετρακόσια
593 5670 946 5741 ἐννενήκοντα
1008 5669 1236 5737 γίνεται,
1286 5668 1429 5721 κατὰ
1475 5667 1566 5720 τὸν
1617 5668 1772 5738 σελη-

217 5764 367 5816 νιιιῖον
425 5762 622 5833 δρόμον
669 5762 798 5824 τοὺς
841 5759 1116 5824 ἐνιαυτοὺς
1171 5759 1394 5813 ἐκείνων
1451 5759 1774 5834 ἐξαριθμου-

224 5851 418 5919 μένων,
476 5855 552 5917 ὡς
598 5855 713 5907 ἔστι
772 5853 1059 5924 πρόχειρον
1092 5851 1292 5917 εἰπεῖν,
1347 5851 1570 5923 ἡμερῶν
1620 5869 1774 5923 τρια-

1909 3292 2138 3355 dendus,
2169 3293 2482 3362 neutiquam
2508 3293 2729 3348 dubium
2760 3302 2844 3350 est
2871 3315 2884 3350 :
2914 3303 3155 3365 tempore
3181 3299 3327 3352 enim
3361 3297 3472 3353 Sal-

1903 3384 2107 3438 vatoris
2136 3385 2310 3438 nostri
2357 3395 2449 3438 aut
2477 3401 2541 3440 ex
2574 3385 2666 3439 illo
2706 3386 2846 3455 ipso,
2879 3396 2930 3441 et
2975 3388 3332 3457 antiquantur
3371 3390 3468 3444 de-

1902 3475 2052 3537 licta,
2081 3482 2134 3529 et
2174 3484 2396 3544 peccata
2425 3487 2880 3531 consummantur
2911 3495 2926 3532 :
2963 3493 3060 3547 per
3087 3480 3465 3536 remissionem

1901 3577 2101 3632 autem,
2128 3567 2443 3637 iniquitates
2471 3583 2594 3622 cum
2625 3567 2911 3637 injustitiis
2953 3570 3257 3639 expiatione
3279 3571 3466 3627 deleu-

1899 3664 2008 3721 tur,
2059 3658 2383 3728 justitiaque
2435 3659 2767 3729 sempiterna
2815 3659 3204 3726 denuntiatur,
3266 3671 3466 3732 prater

1895 3762 2014 3802 eam
2043 3763 2163 3817 quae
2190 3765 2256 3802 ex
2305 3749 2422 3820 lege
2449 3749 2855 3819 acquirebatur.
2902 3749 3154 3808 Visiones
3196 3762 3462 3828 autemet

1897 3839 2190 3909 prophetia)
2229 3856 2400 3910 usque
2451 3840 2516 3894 ad
2565 3840 2849 3907 Joannem,
2882 3853 2935 3898 et
2977 3843 3210 3900 Sanctus
3241 3853 3460 3903 sancto—

1893 3947 2012 3986 rum
2045 3933 2266 4003 ungitur
2298 3951 2310 3986 :
2350 3947 2475 3986 nam
2509 3948 2634 3987 cum
2664 3943 2791 3989 ante
2826 3935 3124 3992 Salvatoris
3157 3938 3332 3993 nostri
3361 3937 3460 3993 ad-

1891 4033 2108 4079 ventum
2153 4026 2266 4080 haec
2307 4039 2417 4079 non
2461 4031 2685 4088 essent,
2734 4028 3194 4096 exspectabantur
3251 4039 3454 4086 tamen.

1888 4114 2110 4171 Numeri
2141 4132 2268 4171 vero
2302 4117 2518 4171 iuitiuru
2545 4116 2813 4186 accipere,
2846 4117 2948 4173 hoc
2981 4127 3065 4174 est
3104 4135 3210 4174 Lxx
3249 4119 3457 4175 hebdo-

1889 4205 2192 4269 madarum,
2238 4206 2331 4276 qui
2368 4213 2498 4261 sunt
2545 4207 2674 4260 anni
2715 4207 3098 4278 quadringenti
3134 4210 3449 4279 nonaginta,

1887 4298 2112 4367 angelus
2144 4298 2386 4368 praecipit
2428 4299 2495 4351 ab
2527 4297 2674 4352 exitu
2719 4300 2988 4354 sermonis
3019 4308 3076 4352 ut
3122 4301 3452 4370 respondea-

1887 4396 1996 4450 tur,
2038 4399 2090 4443 et
2131 4389 2434 4443 aediﬁcetur
2479 4387 2804 4443 Jerusalem.
2845 4389 3016 4444 Porro
3061 4389 3178 4444 hac
3204 4391 3444 4460 contige-

1885 4492 2013 4535 runt
2035 4483 2186 4552 regni
2208 4481 2544 4548 Artaxerxis,
2570 4485 2661 4554 'qui
2693 4482 2982 4538 Persarum
3015 4498 3109 4536 rex
3143 4481 3264 4548 fuit,
3305 4498 3449 4539 anno

601 4574 730 4627 Ἀπὸ
771 4574 827 4626 δὲ
891 4572 1242 4644 Ἀρταξέρξου
1305 4573 1360 4625 αἱ
1416 4572 1781 4644 ἑϐδομήκοντα

1901 4572 2145 4627 rieesimo
2171 4592 2183 4627 :
2214 4573 2378 4642 hujus
2399 4575 2542 4628 enim
2570 4574 2825 4645 pincerna
2854 4571 3142 4630 Nehemias
3171 4589 3295 4628 cum
3323 4590 3448 4630 eum

1879 4662 2060 4731 ipsum
2088 4673 2353 4732 rogasset,
2390 4679 2710 4734 respousurn
2747 4665 2974 4734 accepit,
3004 4676 3062 4718 ut
3089 4665 3452 4724 aediﬁcaretur

1879 4751 2201 4810 Jerusalem.
2255 4753 2320 4808 Et
2372 4770 2552 4809 sermo
2581 4755 2749 4810 exivit
2777 4771 2886 4825 quo
2937 4757 3113 4826 ipsum
3146 4757 3250 4812 hoc
3287 4759 3450 4829 jube-

1880 4845 2039 4899 batur
2065 4865 2078 4899 :
2114 4861 2238 4900 nam
2276 4845 2342 4900 ad
2373 4846 2506 4901 illud
2536 4862 2713 4917 usque
2756 4855 2971 4918 tempus
3001 4849 3200 4904 civitas
3230 4850 3451 4906 deserta

1882 4941 2176 4990 manserat.
2224 4934 2359 4992 Cum
2405 4937 2551 4990 enim
2591 4921 2768 5008 Cyrus
2810 4945 2934 5008 post
2976 4941 3448 5009 septuagenariam

1881 5027 2196 5082 servitutem
2224 5028 2491 5083 volentem
2511 5045 2951 5101 unumquemque
2980 5031 3282 5086 voluntarie
3312 5032 3448 5086 emi-

1879 5125 2061 5184 sisset,
2095 5123 2187 5191 qui
2223 5138 2347 5176 cum
2390 5121 2519 5178 Jesu
2552 5139 2748 5194 magno
2783 5125 3066 5180 sacerdote
3093 5134 3148 5179 et
3197 5124 3444 5179 Zoroba-

1878 5213 1984 5278 bel,
2019 5214 2219 5283 quique
2245 5221 2369 5284 post
2396 5214 2496 5270 hos
2518 5216 2668 5285 ipsos
2689 5231 2812 5270 cum
2838 5215 3004 5270 Esdra
3027 5215 3440 5280 descenderant,

1877 5304 2142 5360 mdiﬁcare
2194 5306 2453 5372 templum
2505 5316 2558 5361 et
2607 5322 2822 5361 murum
2863 5307 3068 5360 civitati
3106 5307 3445 5363 circumdare

1878 5395 2036 5450 initio
2064 5392 2520 5463 prohibebantur,
2545 5400 2807 5464 tanquam
2842 5396 2945 5449 hoc
2976 5394 3300 5465 imperatum
3332 5412 3445 5452 non

1878 5493 2042 5541 esset.
2074 5484 2273 5539 Mansit
2301 5484 2465 5554 igitur
2497 5500 2670 5554 usque
2698 5483 2765 5538 ad
2790 5483 3101 5540 Nehemiam
3139 5495 3194 5540 et
3216 5501 3444 5558 regnum

1878 5575 2216 5638 Artaxerxis,
2263 5591 2574 5646 annumque
2613 5575 2828 5645 imperii
2867 5573 3160 5630 Persarum
3206 5574 3444 5632 centesi-

1879 5682 2028 5722 mum
2063 5676 2116 5723 et
2151 5668 2402 5738 quintum
2429 5667 2703 5723 decimum
2738 5682 2902 5722 :eum
2937 5682 3064 5723 vero
3096 5682 3126 5720 a
3152 5674 3309 5738 capta
3354 5666 3444 5724 Je-

1881 5761 2118 5816 rusalem
2147 5775 2324 5816 annus
2353 5761 2683 5817 centesimus
2714 5766 2874 5830 attlue
2913 5762 3280 5832 octogesimus
3310 5775 3437 5832 age-

1878 5859 2048 5918 retur,
2091 5851 2256 5924 390
2299 5860 2414 5908 tum
2460 5868 2553 5910 rex
2596 5853 2925 5911 Artaxerxes
2961 5853 3131 5925 jussit
3181 5851 3440 5908 aediﬁcari
