3928 6554
581 418 676 472 6H

1215 417 1484 476 EUSEBH
1517 415 1990 474 CAESARIENSIS
2027 415 2176 472 OPP.
2215 413 2394 470 PARS
2433 414 2494 472 ll.
2535 447 2604 457 —
2639 415 3134 476 APOLOGETICA.

3663 430 3738 486 619.

579 531 874 596 civitatem,
907 539 959 586 et
989 531 1295 594 Nehemias,
1321 548 1466 588 unus
1481 547 1670 588 eorum
1699 532 1792 601 qui
1823 531 2008 588 emissi
2037 529 2110 584 fut

2213 546 2229 590 ι
2257 530 2452 584 κοσίων
2485 531 2816 603 πεντήκοντα
2863 534 3142 604 τεσσάρων
3165 571 3179 594 ,
3233 533 3324 586 τοῦ
3352 535 3557 606 ἡλιακοῦ
3589 544 3743 600 κύκλου

579 632 722 687 rant,
753 623 903 694 Operi
927 623 1145 692 prefuit
1171 639 1183 674 :
1218 632 1272 678 et
1303 624 1479 693 platea
1513 633 1568 678 et
1593 625 1734 678 muri
1763 624 2000 680 ambitus
2020 623 2146 678 δεᾱὶ-

579 713 737 768 ﬁcata
765 724 912 778 sunt,
945 715 1089 770 sicut
1129 713 1374 768 futurum
1409 716 1694 786 prophetia
1723 716 2139 784 signiﬁcaverat.

576 801 706 858 Inde
739 805 900 874 igitur
927 805 1086 860 nobis
1127 821 1420 860 numerare
1450 807 1838 876 incipientibus
1869 821 1974 859 Lxx
2011 806 2144 858 heb-

575 894 834 950 domades
863 897 916 950 in
944 896 1220 952 Christum
1259 898 1664 952 terminantur:
1697 913 1820 950 nam
1853 898 1900 951 si
1947 897 2016 950 ab
2048 897 2142 950 illo

575 989 765 1058 quovis
796 995 1036 1057 tempore
1079 989 1401 1043 numerandi
1453 989 1665 1043 initium
1707 989 2016 1052 fecerimus,
2045 1004 2142 1044 ηις·-

571 1093 676 1147 que
699 1084 913 1148 tempus
941 1080 1116 1150 ipsum
1155 1080 1464 1146 conveniet,
1495 1087 1548 1134 et
1581 1081 1747 1134 multa
1795 1080 2140 1135 incommoda

571 1167 759 1222 subire
816 1183 1044 1223 necesse
1074 1171 1198 1223 erit.
1233 1168 1358 1224 Sive
1401 1171 1544 1224 enim
1579 1187 1608 1222 a
1651 1171 1813 1240 Cyro,
1859 1172 2139 1242 primaque

565 1259 879 1324 emissione,
913 1261 1252 1331 septuaginta
1285 1261 1653 1316 hebdomadas
1693 1278 1980 1318 numerare
2027 1278 2138 1318 ca:-

567 1353 829 1421 perimus,
864 1355 990 1406 anni
1018 1361 1236 1406 centum
1276 1363 1330 1408 et
1359 1356 1592 1424 amplius
1642 1367 1989 1426 supererunt,
2021 1359 2136 1414 sive

566 1441 634 1494 ab
659 1456 726 1496 eo
749 1443 836 1498 die
866 1457 974 1514 quo
1012 1445 1237 1514 angelus
1289 1445 1394 1514 ipsi
1427 1443 1614 1500 Daniel
1642 1446 1920 1500 oraculum
1955 1447 2138 1502 reddi-

563 1533 663 1600 dit,
696 1535 856 1588 etiam
889 1536 1062 1602 major
1107 1536 1196 1590 ﬁet
1237 1552 1504 1590 annorum
1533 1554 1814 1594 numerus.
1845 1537 2015 1594 Multo
2035 1554 2132 1594 au-

562 1633 672 1678 tem
723 1629 915 1695 major,
943 1628 988 1682 si
1042 1628 1111 1682 ab
1167 1629 1321 1682 initio
1367 1638 1538 1700 capta:
1586 1631 1759 1686 urbis.
1821 1629 2132 1690 Invenimus

561 1717 704 1769 enim
737 1733 964 1787 regnum
998 1717 1290 1774 Persarum
1343 1721 1484 1774 intra
1529 1737 1702 1776 annos
1741 1736 1803 1774 cc
1836 1729 1996 1792 atque
2023 1739 2132 1776 xxx

557 1806 850 1860 contineri.
881 1806 1082 1863 Deinde
1123 1809 1474 1864 Macedonum
1513 1812 1578 1865 ad
1632 1827 1902 1866 annorum
1939 1828 2130 1868 nume-

2245 621 2578 692 ὑπάρχοντος
2644 624 2867 696 ἡμερῶν
2926 625 3250 696 τριακοσίων
3315 625 3556 699 ἐξήκοντα
3621 638 3744 691 πέντε

2241 713 2518 782 τετάρτου.
2627 714 2737 784 Τὴν
2789 715 2896 786 γὰρ
2949 717 3088 772 κατὰ
3139 716 3364 790 σελήνην
3425 719 3740 798 δωδεκάμηνον

2243 801 2610 872 παραλλάσσει
2685 805 2918 876 ἡμέραις
2978 807 3167 860 ’ἐνδεκα
3235 809 3328 862 καὶ
3381 812 3614 883 τετάρτῳ.
3671 819 3744 872 Διὰ

2240 893 2400 946 τοῦτο
2463 895 2722 966 Ἕλληνες
2781 900 2874 950 καὶ
2955 899 3196 954 Ἰουδαῖοι
3266 904 3410 972 τρεῖς
3470 905 3621 975 μῆνας
3667 909 3742 980 ἐμ-

2240 985 2494 1056 ϐολίμους
2532 987 2706 1042 ἐτεσιν
2730 987 2872 1042 ὀκτὼ
2913 992 3400 1062 παρεμϐάλλουσιν·
3439 996 3634 1062 ὀκτάκις
3661 1003 3741 1074 γάρ

2238 1075 2308 1128 τὰ
2349 1076 2538 1130 ἕνδεκα
2582 1078 2837 1150 τέταρτον
2887 1083 3030 1132 ποιεῖ
3058 1081 3335 1152 τρίμηνον.
3412 1083 3489 1136 Τὰ
3511 1085 3658 1141 τοίνυν
3681 1105 3744 1142 τε-

2238 1170 2497 1240 τρακόσια
2523 1169 2886 1241 ἐϐδομήκοντα
2908 1173 3068 1226 πέντε
3091 1173 3208 1244 ἐτη,
3235 1174 3587 1246 όκταετηρίδες
3611 1181 3742 1247 γίνον-

2239 1278 2325 1314 ται
2379 1263 2713 1332 πεντήκοντα
2759 1263 2912 1316 ἐννέα
2966 1265 3058 1316 ml.
3107 1265 3275 1335 μῆνες
3330 1267 3508 1336 τρεῖς·
3553 1269 3618 1331 ὡς
3657 1288 3742 1342 τρι-

2242 1351 2410 1420 μήνου
2471 1351 2526 1402 δὲ
2581 1351 2871 1420 ἐμϐολίμου
2921 1354 2986 1423 τῇ
3039 1353 3294 1426 δκταετία
3324 1355 3621 1426 γινομένης,
3671 1359 3738 1430 έτη

2239 1442 2620 1495 πεντεκαίδεκα
2666 1442 2858 1510 ὀλίγων
2890 1445 2922 1513 ἡ
2933 1443 3111 1516 μερῶν
3151 1444 3477 1498 ἀποδεόντων
3503 1448 3736 1518 γίγνονται.

2237 1531 2420 1584 Ταῦτα
2446 1531 2502 1584 δὲ
2532 1531 2664 1602 πρὸς
2689 1535 2801 1596 τοῖς
2842 1534 3211 1603 τετρακοσίοις
3249 1535 3594 1606 ἑϐδομήκοντα
3617 1539 3736 1591 πέντε

2235 1621 2429 1686 ἔτεσιν,
2483 1625 2539 1676 αἱ
2585 1625 2952 1695 ἑϐδομήκοντα
2999 1626 3290 1697 ἑϐδομάδες
3341 1628 3733 1683 συντελοῦνται.»

2234 1711 2418 1765 Ταῦτα
2449 1714 2546 1785 μὲν
2590 1711 2680 1768 οὖν
2720 1715 3060 1786 Ἀφρικανός.
3097 1719 3158 1771 El
3202 1718 3258 1771 δὲ
3296 1721 3396 1791 χρὴ
3427 1721 3514 1773 καὶ
3545 1721 3666 1791 ἡμᾶς
3682 1725 3736 1774 ol-

2233 1805 2389 1858 κείαν
2421 1809 2500 1870 είς
2541 1809 2666 1872 τοὺς
2704 1810 2902 1873 τόπους
2943 1809 3196 1863 ἀπόδοσιν
3232 1813 3310 1874 είς
3352 1811 3504 1880 μέσον
3540 1813 3733 1880 ἀγαγεῖν,

561 1909 682 1948 rum
726 1897 1034 1951 continuari
1083 1906 1448 1954 trecentorum
1499 1909 1552 1956 et
1587 1905 1946 1973 septuaginta.
1997 1903 2110 1958 lndt

2232 1896 2374 1964 φημὶ
2419 1896 2491 1966 μὴ
2539 1897 2732 1968 μάτην,
2781 1899 2912 1970 μηδὲ
2961 1898 3036 1963 ὡς
3075 1899 3232 1970 ἔτυχε
3403 1877 3734 1974 διαίρεσιν-πε-

558 2001 691 2040 vero
722 1989 787 2042 ad
824 1989 1026 2046 Tiberii
1073 1991 1308 2047 Caesaris
1339 2009 1539 2047 annum
1573 2005 1784 2050 sextum
1817 1994 2086 2050 decimum
2107 2037 2121 2060 ,

558 2095 734 2137 annos
769 2084 1071 2152 sexaginta.
1104 2084 1186 2136 Al)
1229 2085 1530 2141 Artaxerxe
1568 2095 1750 2143 autem
1785 2091 2125 2161 septuaginta

559 2173 922 2231 hebdomades
971 2175 1038 2228 ad
1065 2174 1268 2230 Christi
1314 2186 1526 2248 tempus
1559 2181 1903 2246 perveniunt,
1939 2183 1984 2237 si
2023 2182 2122 2237 Ju-

553 2263 794 2318 daeorum
830 2281 1084 2322 numeros
1117 2269 1417 2338 sequimur.
1463 2268 1740 2342 Siquidem
1777 2288 1808 2326 a
1843 2273 2119 2338 Nehemia,

557 2357 649 2424 qui
681 2365 738 2412 ut
761 2359 1052 2415 aediﬁcaret
1102 2360 1406 2417 Jerusalem
1434 2370 1518 2418 est
1544 2365 1766 2429 missus,
1803 2381 1946 2420 anno
1967 2365 2121 2437 regni

555 2447 843 2504 Persarum
893 2453 1194 2507 centesimo
1227 2461 1279 2508 et
1310 2456 1500 2524 quinto
1521 2457 1752 2524 decimo,
1783 2457 1876 2526 qui
1906 2457 2006 2510 fuit
2036 2460 2120 2526 ip-

555 2541 670 2595 sius
716 2543 868 2612 regni
904 2543 1224 2600 Artaxerxis
1257 2547 1570 2612 vicesimus,
1603 2555 1763 2617 atque
1801 2547 1944 2602 idem
1967 2555 2118 2603 octo-

553 2631 767 2700 gesimm
801 2634 972 2687 tertia:
1008 2635 1329 2705 Olympiadis
1365 2649 1611 2706 quartus,
1637 2637 1704 2690 ad
1737 2638 1870 2693 illud
1905 2647 2116 2710 tempus

552 2721 646 2788 qui
680 2720 781 2774 fuit
829 2721 1156 2792 Olympiadis
1205 2724 1596 2780 ducentesima:
1648 2726 1901 2781 secundae
1941 2742 2116 2783 annus

553 2811 846 2874 secundus,
877 2813 1088 2882 imperii
1111 2823 1288 2870 autem
1320 2813 1522 2870 Tiberii
1547 2814 1778 2872 Caasaris
1812 2827 1999 2873 sextus
2022 2819 2116 2874 de-

551 2903 746 2966 cimus,
773 2903 902 2956 anni
949 2912 1304 2960 numerantur
1347 2907 1726 2977 quadringenti
1773 2911 2114 2980 septuaginta

551 2997 806 3066 quinque,
849 2997 942 3066 qui
986 2995 1252 3052 llebraica
1294 2999 1505 3053 ratione
1552 2999 1686 3054 ﬁunt
1733 3001 2114 3074 quadringenti

551 3086 844 3153 nonaginta
873 3105 886 3139 :
913 3093 1120 3156 utpote,
1151 3102 1274 3140 cum
1316 3088 1392 3142 illi
1423 3088 1491 3142 ad
1515 3105 1736 3143 cursum
1768 3091 1908 3146 luna:
1940 3107 2113 3150 annos

545 3186 864 3245 computare
885 3179 1290 3242 consueverint,
1329 3187 1388 3232 ut
1419 3180 1522 3234 hac
1553 3181 1766 3236 ratione
1807 3198 1982 3239 annus
2007 3187 2110 3249 sit,

547 3269 691 3338 quod
720 3269 866 3324 dictu
899 3270 1056 3325 facile
1083 3279 1188 3336 est,
1225 3271 1435 3326 dierum
1465 3279 1829 3326 trecentorum
1855 3274 2114 3345 quinqua-

547 3362 694 3431 ginta
725 3369 982 3432 quatuor,
1029 3379 1151 3417 cum
1183 3371 1362 3416 tamen
1386 3363 1582 3416 solaris
1609 3378 1806 3420 cursus
1835 3364 1951 3420 dies
1977 3382 2112 3422 con-

547 3454 690 3508 ﬁciat
719 3461 992 3509 trecentos
1035 3455 1315 3524 sexaginta
1353 3454 1596 3524 quinque
1626 3469 1750 3508 cum
1795 3455 1958 3512 unius
2001 3457 2108 3513 diei

543 3554 696 3614 parte
720 3553 934 3616 quarta.
967 3543 1043 3598 Ex
1083 3561 1191 3616 quo
1235 3553 1459 3616 apparet
1495 3547 1716 3603 lunares
1749 3563 1945 3604 cursus
1969 3549 2097 3604 duo-

539 3639 739 3700 decim,
794 3637 863 3690 ab
907 3652 1016 3690 uno
1067 3637 1234 3692 solari
1289 3652 1478 3700 cursu,
1531 3639 1784 3694 undecim
1823 3642 2014 3697 diebus
2055 3648 2109 3696 et

541 3738 735 3800 quarta
767 3730 932 3784 unius
947 3729 1053 3783 diei
1076 3729 1344 3798 superari.
1369 3729 1577 3786 Idcirco
1599 3739 1654 3787 et
1675 3730 1846 3786 Graeci
1870 3733 2106 3788 etJudaai

540 3829 722 3874 ternos
760 3821 1115 3876 intercalares
1143 3837 1358 3878 menses
1381 3832 1574 3878 octavo
1605 3825 1804 3894 cuique
1835 3838 1982 3880 anno
2008 3824 2106 3879 ad—

539 3909 748 3972 iiciunt.
791 3909 1000 3965 Etenim
1029 3913 1074 3966 si
1107 3911 1353 3969 undenos
1387 3929 1512 3968 cum
1533 3916 1695 3970 unius
1725 3924 1878 3986 parte
1909 3923 2104 3986 quarta

539 4001 708 4056 octies
755 4003 1105 4070 repetiveris,
1153 4004 1318 4058 trium
1369 4007 1634 4062 mensium
1687 4008 1922 4076 spatium
1969 4023 2102 4062 con-

538 4091 706 4147 ﬁcies.
757 4091 1152 4164 Quadringenti
1209 4098 1372 4167 igitur
1446 4099 1786 4168 septuaginta
1861 4099 2100 4171 quinque

538 4189 698 4251 anui,
753 4190 1008 4242 octcunia
1065 4189 1298 4242 reddunt
1348 4191 1740 4261 quinquaginta
1798 4207 1992 4247 novem
2047 4203 2101 4248 et

537 4293 708 4334 annos
767 4288 1030 4349 praeterea
1088 4287 1219 4333 tres.
1283 4281 1418 4335 Cum
1465 4297 1596 4336 vero
1651 4291 1844 4336 octavo
1902 4283 2100 4354 cuique

536 4386 679 4424 anno
723 4373 866 4426 terni
921 4374 1312 4428 intercalentur
1361 4389 1612 4434 menses,
1665 4373 1952 4428 conﬁcitur
2003 4390 2099 4428 au—

533 4479 726 4517 norum
765 4481 834 4518 xv
867 4481 1102 4531 summa,
1147 4466 1338 4536 paucis
1379 4465 1634 4520 detractis
1678 4465 1891 4520 diebus.
1936 4466 2090 4536 391

2232 1989 2480 2060 ποιῆσθαι
2506 1991 2594 2044 τὸν
2619 1991 2772 2060 λόγον
2807 1992 2915 2045 τῶν
2954 1993 3319 2064 ἑϐδομήκοντα
3344 1995 3734 2064 ἐϐδομάδων.Διε-

2229 2079 2336 2134 λὼν
2363 2081 2471 2152 γὰρ
2497 2080 2667 2144 αὐτὰς
2695 2085 2774 2140 είς
2809 2082 3028 2153 πρώτας
3053 2083 3214 2146 ἑπτὰ,
3261 2083 3428 2136 ἔπειθ’
3455 2083 3623 2154 ἑτέρας
3642 2083 3731 2152 ἐξή-

2229 2189 2390 2225 κοντα
2414 2171 2526 2235 δύο,
2552 2174 2645 2226 καὶ
2675 2171 2812 2242 μετὰ
2842 2171 3067 2226 πλεῖστα
3095 2171 3164 2225 τὰ
3192 2173 3391 2244 μεταξὺ
3416 2173 3729 2244 ἐπιλεγόμενα,

2227 2261 2323 2332 τὴν
2357 2262 2482 2331 μίαν
2506 2263 2731 2326 ἐπιθεὶς,
2759 2261 2898 2316 οὕτω
2927 2263 3017 2316 τόν
3045 2264 3277 2336 ἀριθμὸν
3299 2265 3402 2319 τῶν
3429 2266 3730 2336 ἑϐδομήκοντα

2227 2353 2527 2424 ἑϐδομάδων
2571 2355 2900 2426 ἀφωρίσατο.
2937 2354 3098 2423 Λέγει
3137 2357 3182 2408 δ’
3230 2353 3342 2410 οὖν·
3387 2377 3404 2408 ι
3438 2357 3538 2408 Καὶ
3571 2353 3727 2425 γνώῃ»

2227 2446 2319 2497 καὶ
2349 2445 2596 2514 συνήσεις
2633 2445 2738 2498 ἀπὸ
2768 2444 2944 2511 ἐξόδου
2981 2446 3137 2515 λόγου
3173 2447 3267 2500 τοῦ
3307 2446 3628 2520 ἀποκριθῆναι
3661 2445 3728 2497 καὶ

2225 2533 2316 2585 τοῦ
2359 2534 2707 2606 οἰκοδομῆσαι
2749 2537 3095 2608 Ἰερουσαλὴμ
3137 2539 3245 2602 ἕως
3285 2537 3506 2608 Χριστοῦ
3541 2537 3725 2607 ἡγουμέ-

2225 2643 2335 2689 νου,
2367 2625 2655 2697 ἐϐδομάδες
2697 2627 2854 2692 ἑπτὰ,
2899 2628 2994 2680 καὶ
3038 2627 3328 2699 ἑϐδομάδες
3357 2627 3720 2699 ἑξηκονταδύο.»

2223 2715 2335 2770 Εἶθ’
2382 2719 2556 2792 ἐτερά-
2579 2739 2700 2774 τινα
2749 2718 2949 2790 μεταξὺ
2994 2721 3312 2790 ἐπαγαγὼν,
3349 2721 3440 2792 τὴν
3474 2719 3724 2773 τελευταίαν

2222 2811 2562 2884 προστίθησι,
2577 2814 2771 2884 φήσας·
2797 2831 2815 2863 ι
2835 2815 2944 2866 Καὶ
2967 2813 3277 2884 δυναμὼσει
3299 2813 3544 2885 διαθήκην
3563 2809 3724 2870 πολλοῖς

2221 2901 2453 2972 ἑϐδομὰς
2498 2903 2613 2972 μία.
2660 2922 2677 2953 ι
2736 2905 2856 2955 ’Ὁτι
2883 2903 2928 2956 δ’
2959 2903 3018 2955 οὐ
3063 2903 3245 2976 μάτην
3281 2904 3464 2968 ταῦτα,
3505 2901 3598 2956 οὐδ’
3629 2900 3720 2952 ἄνευ

2218 2993 2318 3062 τῆς
2367 2993 2516 3056 Θείας
2563 2995 2846 3058 ἐπιπνοίας
2897 2995 3261 3065 ἑσχεδίασται,
3311 2995 3459 3049 πάνθ’
3505 2989 3720 3048 ὁντιναοῦν

2217 3085 2324 3137 τῶν
2349 3084 2424 3148 ὡς
2455 3083 2588 3136 Θεοῦ
2626 3085 2860 3156 ῥήμασιν
2898 3087 3080 3148 αὐτοῖς
3113 3086 3480 3158 προσεχόντων
3511 3081 3720 3153 ὁμολογή-

2219 3192 2330 3228 σειν
2378 3175 2634 3247 ήγοῦμαι.
2681 3175 2848 3228 Τοῦτο
2898 3177 2996 3246 μὲν
3043 3173 3134 3231 οῦν
3189 3177 3396 3249 πρῶτον
3435 3177 3554 3246 ἡμῖν
3584 3170 3719 3232 καλῶς

2214 3268 2386 3334 ἔδοξεν
2418 3267 2876 3340 ἐπισημήνασθαι,
2916 3269 3237 3325 καταλιπεῖν
3274 3287 3331 3324 τε
3375 3273 3480 3332 τοῖς
3507 3263 3716 3334 ἐντυγχάο

2209 3377 2355 3413 νουσι
2376 3360 2474 3432 τὴν
2493 3360 2585 3412 τοῦ
2613 3360 2935 3432 ζητηθέντος
2959 3362 3160 3433 ἀκριϐῆ
3187 3363 3357 3416 λύσιν.
3384 3363 3441 3414 Εί
3465 3359 3514 3412 δὲ
3541 3358 3627 3429 χρὴ
3649 3355 3717 3408 καὶ

2209 3451 2353 3522 ἡμᾶς
2379 3451 2439 3505 τὸ
2481 3452 2717 3506 ἐπεισιὺν
2757 3453 2830 3524 μὴ
2876 3453 3474 3526 ἀποκρύψασθαι,-φημὶ
3507 3445 3716 3504 καθ’ἑτέ·

2209 3560 2308 3614 ραν
2330 3543 2562 3597 διάνοιαν
2589 3545 2704 3614 ἦτοι
2729 3545 2954 3616 ἐκδοχὴν
2978 3546 3067 3598 τὸν
3093 3547 3150 3598 ἐν
3177 3549 3244 3618 τῇ
3273 3543 3584 3618 προκειμένῃ
3613 3555 3714 3608 γρα-

2207 3639 2278 3706 φῇ
2304 3636 2626 3708 δηλούμενον
2653 3639 2889 3710 Χριστὸν
2929 3637 3254 3709 ἡγούμενον,
3288 3637 3423 3692 κατὰ
3456 3635 3533 3696 τά,
3563 3652 3580 3684 ι
3615 3629 3712 3682 Ἀπὸ

2206 3723 2384 3790 ἐξῶου
2419 3727 2575 3796 λόγου
2614 3729 2709 3781 τοῦ
2753 3729 3115 3800 ἀποκριθῆναι
3164 3731 3258 3784 καὶ
3297 3729 3388 3782 τοῦ
3419 3721 3710 3792 οἰκοδομῆσαι

2218 3815 2564 3889 Ἰερουσαλὴμ
2591 3819 2696 3881 ’έως
2727 3819 2961 3889 Χριστοῦ
2988 3822 3310 3891 ἡγουμένου,
3342 3839 3360 3872 ›
3389 3819 3481 3872 οὐκ
3501 3815 3634 3869 ἄλλον
3651 3805 3708 3862 εἷ-

2205 3925 2290 3960 ναι
2313 3909 2405 3962 τοῦ
2431 3909 2726 3978 καταλόγου
2754 3912 2861 3964 τῶν
2893 3913 3028 3982 μετὰ
3053 3913 3150 3983 τὴν
3179 3910 3519 3986 προφητείαν,
3542 3905 3620 3960 καὶ
3637 3900 3708 3969 τὴν

2203 4001 2309 4052 ἀπὸ
2339 4001 2649 4064 Βαϐυλῶνος
2676 4003 2953 4066 ἐπάνοδον,
2999 4005 3359 4075 ἡγησαμένων
3397 3999 3484 4054 τοῦ
3511 3995 3620 4050 λαοῦ
3642 3993 3709 4060 ἀρ·

2203 4091 2448 4162 χιερέων,
2491 4091 2580 4154 οὒς
2627 4093 2894 4163 Χριστοὺς
2947 4094 3066 4157 ἔθος
3113 4096 3403 4149 ἀποκαλεῖν
3441 4093 3500 4162 τῇ
3538 4087 3572 4140 Γ
3577 4085 3703 4158 βαφῇ·

2201 4182 2408 4246 Μόνους
2429 4183 2536 4254 γὰρ
2559 4184 2780 4248 τούτους
2806 4185 3220 4257 καθηγήσασθαι
3254 4186 3344 4239 τοῦ
3371 4183 3556 4242 ἔθνους,
3578 4173 3706 4245 ἀρξα-

2203 4273 2394 4342 μένους
2422 4271 2528 4324 ὰπὸ
2562 4272 2736 4343 Ἰησοῦ
2774 4273 2868 4326 τοῦ
2903 4275 3165 4338 Ἰωσεδὲκ,
3206 4275 3297 4328 τοῦ
3325 4272 3502 4345 ἱερέως
3526 4265 3606 4320 τοῦ·
3629 4277 3702 4332 με·

2199 4363 2382 4431 γάλου,
2421 4362 2558 4433 μετὰ
2601 4363 2698 4434 τὴν
2742 4363 2849 4416 ἀπὺ
2889 4365 3208 4431 Βαϐυλῶνος
3237 4363 3496 4424 ἐπάνοδον,
3519 4357 3597 4412 καὶ
3632 4349 3703 4422 μέ-

2199 4474 2288 4526 χρι
2318 4455 2424 4510 τῶν
2451 4455 2655 4528 χρόνων
2695 4458 2791 4529 τῆς
2818 4457 2909 4511 τοῦ
2953 4459 3200 4530 Σωτῆρος
3226 4459 3376 4531 ήμῶν
3410 4450 3564 4526 Ἰησοῦ
3595 4449 3699 4516 XF"

531 4554 682 4618 Quos
711 4555 756 4608 si
789 4555 854 4608 ad
889 4557 1321 4626 quadringentos
1347 4557 1690 4626 septuaginta
1729 4557 1969 4626 quinque
1999 4557 2094 4612 ad-

2213 4549 2322 4602 ττοῦ
2362 4551 2661 4622 παρουσίας
2694 4552 3126 4622 παρειλήφαμεν.
3168 4549 3332 4623 Οἶμαι
3371 4548 3489 4618 γοῦν
3519 4543 3596 4596 τὸν
3631 4553 3702 4608 με·

529 4646 753 4708 dideris,
787 4647 1154 4702 hebdomadas
1177 4663 1280 4702 ιιι
1307 4649 1586 4702 conﬁcies.
1623 4667 1641 4698 ι
1675 4647 1950 4703 Hactenus
1971 4649 2092 4718 qui-

529 4737 652 4790 dem
701 4736 1007 4792 Al‘ricanus.
1073 4739 1230 4804 Quod
1273 4741 1318 4794 si
1359 4755 1460 4794 nos
1515 4755 1732 4809 quoque
1773 4747 1988 4808 Oportet
2035 4740 2089 4792 in

527 4825 800 4895 ejusmodi
859 4829 1006 4882 locos
1075 4829 1348 4897 propriam
1407 4829 1980 4883 commemorationem
2031 4828 2088 4882 in

518 4911 757 4964 medium
812 4911 1035 4978 afferre,
1076 4914 1200 4968 dico
1257 4929 1364 4968 non
1423 4917 1622 4972 frustra
1675 4933 1850 4987 neque
1892 4932 2095 4974 temere

515 5000 842 5056 divisionem
903 5005 971 5058 ab
1031 5007 1254 5062 oraculo
1313 5023 1436 5062 esse
1497 5008 1695 5064 factam
1755 5010 2090 5081 septuaginta

521 5095 1005 5151 hebdomadarum.
1037 5096 1172 5152 Nam
1219 5116 1340 5154 cum
1389 5118 1482 5156 eas
1515 5103 1758 5158 diviserit
1791 5103 1844 5158 in
1885 5104 2090 5174 primas

517 5199 744 5259 septem,
781 5206 844 5246 ac
882 5191 1074 5246 deinde
1123 5192 1175 5246 in
1209 5195 1344 5250 alias
1387 5197 1664 5266 sexaginta
1696 5199 1854 5260 duas,
1885 5209 1940 5253 et
1969 5207 2092 5268 post

515 5280 784 5348 plurima,
810 5298 932 5352 qua:
953 5283 1126 5338 media
1152 5285 1588 5354 interponuntur,
1629 5305 1789 5342 unam
1819 5290 2084 5358 reliquam

517 5371 798 5438 adiecerit,
843 5389 910 5428 eo
943 5375 1102 5430 modo
1155 5393 1440 5431 numerum
1487 5380 1828 5449 septuaginta
1875 5379 2080 5436 hebdo-

515 5462 734 5516 madum
755 5467 1066 5535 complevit.
1117 5467 1256 5522 Dicit
1291 5470 1458 5540 igitur
1491 5490 1504 5525 :
1544 5489 1562 5521 ι
1601 5471 1664 5524 Et
1698 5485 1996 5543 cognosces
2023 5480 2076 5528 et

514 5553 783 5625 intelliges
818 5558 887 5612 ab
930 5561 1077 5614 exitu
1127 5563 1416 5627 sermonis,
1459 5570 1518 5616 ut
1557 5569 1986 5633 respondeatur,
2021 5571 2072 5620 et

511 5645 809 5702 auliﬁcetur
853 5649 1156 5708 Jerusalem
1209 5669 1384 5724 usque
1420 5656 1484 5710 ad
1530 5655 1808 5712 Christum
1853 5656 2068 5720 ducem,

511 5735 876 5794 hebdomades
892 5749 1119 5809 septem,
1139 5752 1192 5798 et
1211 5745 1576 5801 hebdomades
1598 5747 1874 5815 sexaginta
1889 5746 2030 5799 dum.
2047 5767 2064 5798 ι

509 5825 714 5883 Deinde
743 5829 866 5886 aliis
891 5833 1218 5902 quibusdam
1251 5837 1590 5910 interpositis
1617 5837 1801 5902 rebus,
1831 5835 2071 5894 novissi-

2194 4638 2324 4705 ταξὺ
2366 4641 2552 4712 χρόνον
2594 4641 2691 4710 τῆς
2729 4641 2931 4692 τούτων
2971 4643 3322 4712 προστασίας,
3363 4637 3475 4692 καθ’
3505 4633 3556 4688 ὃν

2194 4748 2374 4796 σαντο,
2409 4731 2696 4800 δηλοῦσθαι
2744 4731 2832 4784 διὰ
2872 4731 2986 4794 τοῦ,
3027 4751 3045 4782 ί
3093 4733 3226 4786 Ἀπὸ
3249 4731 3419 4797 ἐξόδου
3457 4727 3592 4794 λόγου
3623 4733 3694 4770 του

2191 4821 2550 4892 ἀποκριθῆναι
2589 4823 2680 4874 καὶ
2716 4817 2808 4874 τοῦ
2851 4821 3199 4892 οἰκοδομῆσαι
3259 4815 3579 4893 Ἰερουσαλὴμ
3615 4809 3694 4866 ἕως

2187 4913 2424 4985 Χριστοῦ
2455 4913 2774 4984 ἡγουμένου,
2811 4913 3099 4984 ἑϐδομάδες
3139 4915 3298 4977 ἑπτὰ,
3335 4913 3422 4966 καὶ
3455 4901 3693 4973 ἐϐδομάδες

2187 5008 2569 5080 ἑξηκονταδύο·
2605 5028 2624 5060 ι
2665 5010 2772 5062 τῶν
2797 5009 2931 5062 ἑτῶν
2955 5010 3010 5062 δέ
3041 5011 3141 5076 τὰς
3169 5011 3474 5083 ἑϐδομάδας,
3511 5013 3694 5065 συνατο·

2187 5102 2352 5172 μένας
2377 5102 2456 5164 εἰς
2488 5100 2580 5172 ἔτη
2611 5101 2932 5171 τετρακόσια
2976 5102 3298 5172 ὀγδοήκοντα
3325 5101 3464 5172 τρία,
3505 5092 3596 5148 ἀπὸ
3618 5088 3693 5154 τῆς

2183 5191 2365 5264 Κύρου
2408 5191 2683 5262 βασιλείας
2725 5195 2814 5246 ἐπὶ
2846 5194 2942 5264 τὴν
2981 5195 3263 5264 Ῥωμαίων
3303 5177 3691 5262 παρεκτείνεσθαι

2181 5285 2372 5357 ἀρχὴν,
2406 5285 2524 5337 καθ’
2553 5285 2618 5356 ἢν
2661 5285 2936 5356 Πομπήϊος
2977 5287 3256 5357 Ῥωμαίων
3282 5277 3559 5366 στρατηγὸς
3593 5274 3688 5366 ἐπι-

2181 5375 2311 5438 στὰς
2337 5377 2447 5438 τοῖς
2489 5371 2894 5444 Ἱεροσολύμοις,
2921 5368 3034 5425 εἷλε
3071 5375 3167 5444 μὲν
3208 5369 3478 5443 πολιορκίᾳ
3501 5363 3586 5432 τὴν
3615 5363 3688 5408 πσ¹

2177 5468 2277 5532 λιν,
2312 5469 2372 5521 τὸ
2395 5468 2451 5522 δὲ
2483 5470 2590 5520 πᾶν
2629 5466 2778 5530 ἔθνος
2813 5465 2996 5520 δοῦλον
3032 5467 3316 5538 Ῥωμαίοις
3346 5455 3681 5526 κατεστήσατο.

2176 5562 2250 5626 ὡς
2283 5563 2375 5614 καὶ
2407 5560 2602 5630 φόρους
2647 5555 2704 5622 ἐξ
2728 5549 2934 5612 ἐκείνου
2969 5557 3160 5624 τελεῖν,
3189 5559 3281 5612 καὶ
3307 5557 3412 5615 τοῖς
3447 5541 3682 5630 Ῥωμαίῳν

2175 5621 2892 5722 πειθαρχεῖν-ἐπιτάγμασιν.
2943 5648 3063 5700 Ἐπὶ
3108 5647 3293 5701 τοῦτον
3327 5641 3446 5712 γοῦν
3483 5621 3682 5699 τὺνχρόν

2173 5761 2262 5798 νον
2285 5745 2312 5796 ὁ
2335 5743 2438 5794 τῶν
2463 5737 2822 5812 τετρακοσίων
2845 5739 3169 5812 ὀγδοήκοντα
3219 5736 3378 5810 τριῶν
3401 5729 3522 5785 ἐτῶν
3557 5733 3682 5812 περι·

2172 5833 2406 5907 ορίζεται
2437 5803 2684 5903 ἀριθμὸς,
2719 5833 2804 5902 ἐφ’
2933 5803 3026 5886 καὶ
3055 5803 3342 5902 κατέληξαν
3375 5825 3419 5878 οἰ
3461 5813 3582 5874 κατὰ
3604 5803 3678 5864 τδν
