3928 6518
253 381 346 437 615
1064 387 1710 454 DEMONSTRATIONIS
1747 400 2202 464 EVANGELICAE
2244 408 2370 467 LIB.
2420 410 2549 467 Vlll.
3364 425 3468 477 hu

252 496 473 561 Μωσέως
512 497 673 569 νόμον
726 501 790 554 ὲκ
842 502 1092 575 πατέρων
1135 507 1380 582 διαδοχῆς
1423 513 1522 584 τὴν
1562 531 1751 586 προστι

1854 541 1869 581 ι
1897 535 2038 574 mam
2073 523 2342 596 adjungit,
2373 529 2457 583 his
2480 531 2658 586 verbis
2685 545 2699 583 :
2740 551 2758 582 ι
2796 531 3219 592 Etconflrmahit
3248 546 3465 607 pactum

245 589 351 642 σίαν
370 589 457 643 τοῦ
481 589 684 655 ἔθνους,
721 595 816 646 καὶ
843 595 938 666 τὴν
969 598 1265 671 ἱερωσύνην
1296 603 1626 675 διειληφότες
1649 626 1662 638 °
1695 609 1751 662 οὒ

1893 612 2079 667 multis
2127 589 2470 671 hebdomada
2517 636 2644 674 una.
2692 641 2709 672 ι
2745 621 2901 688 Quod
2948 633 3126 682 autem
3180 589 3296 684 ber
3354 646 3465 686 non

240 681 451 752 Χριστὸν
477 682 778 752 ἡγούμενον
802 686 901 757 τὴν
925 687 1071 743 θείαν
1108 691 1200 743 ἐπὶ
1229 692 1321 746 τοῦ
1353 697 1615 767 παρόντος
1648 700 1751 772 Γρα

1891 699 2095 757 frustra
2129 719 2305 774 neque
2337 708 2543 779 absque
2585 711 2772 766 divino
2819 714 2998 770 aﬂlatu
3049 727 3252 775 temere
3293 720 3463 777 ell'usa

240 771 334 840 φῆν
355 773 627 842 ὀνομάζειν
653 774 1036 846 ὑπολαμϐάνω.
1072 781 1134 833 Εἰ
1160 781 1214 834 δὲ
1243 785 1345 856 χρὴ
1377 787 1470 839 καὶ
1498 788 1586 841 τὸν
1619 771 1751 845 κατά

1887 794 2019 855 sint,
2054 810 2242 850 eorum
2274 799 2365 866 qui
2386 799 2499 854 haec
2527 809 2786 872 tanquam
2817 803 2912 860 Dei
2939 807 3106 862 verba
3126 813 3462 882 acceperint,

240 862 379 930 λογον
419 864 666 918 ἐκθέσθαι
703 868 800 937 τῆς
829 869 936 921 τῶν
964 871 1260 943 ἀρχιερέων
1298 877 1568 950 διαδοχῆς,
1599 881 1706 937 τῶν
1731 885 1751 936 ἐ

2292 862 2306 866 -
2641 862 2652 872 .
3173 862 3181 864 “
3203 862 3288 882 --ι-
3303 862 3344 866 -ν
3359 862 3460 881 ----›

1886 890 2208 953 negaturum
2264 889 2502 944 arbitror
2533 894 2823 949 neminem.
2860 896 2972 952 lloc
3013 898 3182 969 igitur
3224 903 3460 971 primum

238 955 310 1021 τῷ
335 953 632 1027 δηλουμένῳ
661 957 860 1028 μεταξὺ
887 962 1062 1032 χρόνῳ
1083 963 1493 1036 διαγενομένων,
1518 972 1611 1024 καὶ
1631 974 1751 1027 τοῦτ

240 1045 286 1064 -.’
303 1044 360 1064 3-ἱ
381 1062 392 1064 _
441 1063 444 1064 ν
472 1045 496 1064 It
515 1046 527 1064 Ι
697 1051 708 1064 ο
916 1053 926 1064 ι
1209 1056 1235 1064 .-
1363 1058 1387 1064 ..
1519 1063 1527 1064 κ

1886 982 2169 1037 commode
2203 985 2361 1039 nobis
2412 987 2591 1041 visum
2631 999 2716 1044 est
2761 991 3010 1047 adnotari
3060 1007 3334 1064 Oportere,
3383 999 3462 1054 le-

237 1044 394 1106 οὐδεὶς
433 1045 620 1114 φθόνος
664 1051 741 1110 εἰς
786 1053 1124 1122 παράστασιν
1175 1056 1273 1126 τῆς
1322 1058 1429 1111 τῶν
1483 1063 1751 1133 εἰρημένω

244 1135 438 1156 ὲἿ-Λ-ἔς
459 1154 470 1156 _
525 1155 532 1156 η
568 1155 571 1156 ,
621 1141 632 1156 ι
755 1139 779 1156 Λ

3067 1044 3334 1064 -r-_-_--,
3383 1044 3432 1054 ,ν

1887 1072 2246 1142 gentibusque
2278 1082 2336 1128 ut
2383 1076 2610 1146 hujusce
2641 1083 2961 1150 quaestionis
2993 1087 3322 1156 exquisitam
3369 1105 3460 1144 so-

238 1135 471 1203 ἀληθείας
516 1139 862 1209 ποιήσασθαι.

1891 1135 1910 1139 -
2158 1135 2175 1142 _
2454 1135 2472 1146 .
2658 1135 2674 1150 ,
2896 1135 2957 1139 ην
2998 1135 3322 1156 --η----ψη
3369 1135 3429 1144 -..

1884 1160 2143 1216 lutionem
2189 1165 2488 1232 inveniant,
2535 1169 2715 1223 locum
2759 1173 3082 1242 relinquere.
3115 1176 3371 1234 Attamen
3410 1180 3457 1236 si

238 1241 301 1278 ne
339 1241 430 1280 nos
456 1230 672 1296 quidem
719 1233 860 1301 quod
899 1233 958 1286 in
1003 1245 1240 1292 mentem
1288 1241 1456 1304 venit,
1499 1245 1776 1302 occultare
1816 1257 2047 1318 oportet,
2117 1253 2240 1308 dico
2303 1257 2409 1310 alio
2439 1230 2674 1327 quodam
2713 1277 2882 1318 sensu
2916 1230 3202 1321 .Christum
3235 1269 3452 1332 ducem,

237 1317 319 1386 qui
356 1318 406 1372 in
431 1321 674 1388 proxime
699 1325 943 1393 exposita
978 1328 1246 1398 scriptura
1281 1332 1619 1402 signiﬁcatur
1677 1354 1798 1394 esse
1838 1343 2234 1413 accipiendum,
2269 1348 2324 1402 in
2369 1349 2477 1404 illis
2525 1353 2713 1422 utique
2743 1356 2922 1410 verbis
2951 1373 2962 1407 :
3004 1377 3022 1408 ‹
3048 1358 3130 1412 Ab
3157 1361 3305 1414 exitu
3337 1377 3453 1417 sero

234 1409 397 1461 monis
449 1417 505 1462 ut
551 1413 964 1480 respondeatur,
996 1426 1046 1472 et
1107 1420 1404 1475 aediﬁcetur
1444 1422 1743 1482 Jerusalem
1782 1409 2060 1499 usquead
2110 1409 2389 1492 Christum
2426 1409 2642 1504 ducem:
2700 1462 2718 1494 ι
2761 1444 3004 1514 nihilque
3044 1449 3191 1502 aliud
3252 1451 3458 1507 intelli-

236 1500 450 1568 gendum
501 1518 664 1571 quam
721 1506 951 1570 seriem,
1002 1514 1515 1585 successionemque
1562 1519 1898 1586 pontiﬁcum,
1960 1525 2053 1594 qui
2110 1535 2233 1595 post
2287 1529 2432 1583 illam
2483 1535 2655 1602 ipsam
2709 1536 3072 1606 prophetiam,
3110 1542 3454 1612 reditumque

1979 1592 1990 1594 -
2113 1592 2130 1595 _
2504 1592 2520 1602 .
2709 1592 2728 1605 ι
2814 1592 2831 1606 ι
3060 1592 3072 1605 ι
3113 1592 3122 1594 ~
3147 1592 3453 1612 '—-'—'—1"'

233 1592 296 1646 de
324 1593 584 1664 Babylone
614 1598 810 1665 populo
836 1598 1062 1656 Judaico
1093 1603 1423 1672 prmluerint,
1450 1625 1586 1678 quos
1611 1610 1862 1669 Christos
1910 1618 2191 1674 nominare
2245 1637 2415 1677 sacrze
2462 1623 2680 1681 Litterae
2721 1640 3144 1686 consueverunt.
3175 1632 3285 1690 llos
3306 1636 3453 1692 enim

233 1688 477 1741 duntaxat
504 1690 652 1760 genti
679 1693 960 1760 praetulisse
1021 1695 1176 1751 initio
1211 1697 1355 1754 facto
1396 1703 1464 1756 ab
1510 1702 1739 1761 Josedec
1786 1711 2067 1766 sacerdote
2118 1729 2334 1784 magno,
2382 1725 2504 1785 post
2569 1720 2802 1775 reditum
2846 1724 2913 1778 de
2957 1722 3232 1795 Babylone
3281 1744 3454 1798 usque

232 1778 292 1829 ad
321 1785 558 1847 tempore
592 1782 854 1838 adventus
897 1783 1196 1843 Salvatoris
1261 1792 1435 1847 nostri
1485 1797 1817 1865 accepimus.
1865 1799 2112 1857 Arbitror
2145 1778 2310 1874 igitur
2361 1808 2744 1864 intermedium
2798 1824 3008 1883 tempus
3053 1778 3161 1886 quo
3198 1818 3276 1872 illi
3313 1835 3451 1890 prae-

2168 1867 2193 1874 ν
2907 1867 2921 1883 ι
2952 1867 3000 1869 ”‘
3061 1867 3154 1886 1"
3198 1867 3276 1872 ’““”
3313 1867 3422 1890 r'"

232 1867 433 1922 inerunt
497 1871 792 1940 signiﬁcari
851 1875 958 1931 illis
1023 1878 1260 1936 verbis:
1325 1901 1345 1933 ι
1425 1883 1506 1938 Ab
1553 1888 1702 1942 exitu
1763 1892 2031 1948 sermonis
2091 1901 2149 1947 ut
2210 1897 2619 1965 respondeatur,
2655 1908 2711 1954 et
2786 1901 3081 1958 aediﬁcetur
3150 1904 3453 1964 Jerusalem

231 1974 390 2030 usque
437 1961 503 2015 ad
553 1963 829 2020 Christum
885 1967 1102 2032 ducem,
1163 1970 1526 2031 hebdomades
1563 1989 1765 2048 septem
1805 1988 1859 2036 et
1912 1983 2276 2042 hebdomades
2300 1961 2582 2060 sexaginta
2608 1961 2779 2058 duae;
2811 2011 2828 2042 ι
2861 2008 3127 2048 annorum
3157 2013 3286 2052 vero
3319 1998 3453 2056 heb-

226 2050 494 2119 domadas,
552 2055 596 2110 si
629 2057 944 2130 redigantur
990 2062 1045 2116 in
1096 2079 1302 2132 annos,
1355 2071 1779 2142 quadringentos
1817 2078 2092 2147 octoginta
2122 2088 2254 2146 tres,
2291 2095 2320 2133 a
2355 2097 2524 2152 regno
2552 2083 2678 2154 Cyri
2723 2102 2896 2156 usque
2966 2089 3033 2142 ad
3078 2088 3448 2147 Romanorum

225 2140 496 2208 imperium
515 2150 824 2217 prepagari,
877 2167 986 2222 quo
1043 2161 1288 2226 tempore
1343 2158 1634 2231 Pompeius
1687 2164 2054 2224 Romanorum
2084 2172 2380 2240 imperator
2409 2172 2782 2246 Hierosolyma
2811 2193 3127 2248 aggressus,
3149 2181 3438 2238 obsidione

223 2237 429 2304 quidem
453 2241 643 2295 urbem
667 2243 837 2313 ipsam
869 2249 1034 2318 cepit,
1098 2259 1266 2306 totam
1321 2270 1451 2309 vero
1504 2266 1715 2327 gentem
1751 2259 2012 2318 Romanis
2045 2265 2204 2334 392
2265 2266 2471 2322 servire
2518 2270 2716 2339 coegit,
2770 2287 2940 2341 usque
2979 2273 3135 2340 adeo,
3171 2281 3228 2328 ut
3261 2289 3327 2329 ex
3353 2276 3447 2329 illo

220 2337 453 2398 tempore
481 2341 535 2386 et
563 2335 760 2390 tributa
797 2340 1036 2408 pendens
1063 2350 1116 2398 ct
1139 2343 1508 2402 Romanorum
1535 2350 1784 2419 jussibus
1822 2355 2207 2427 obtemperans
2233 2356 2414 2413 fuerit.
2443 2360 2524 2413 Ad
2573 2335 2676 2415 hoc
2713 2363 2880 2432 igitur
2920 2372 3154 2434 tempus,
3185 2366 3445 2436 quadrin-

220 2432 499 2488 gentorum
550 2429 824 2498 octoginta
887 2435 1050 2489 trium
1095 2452 1361 2493 annorum
1408 2458 1670 2499 numerus
1716 2446 1956 2511 ducitur,
2025 2449 2079 2503 in
2123 2464 2232 2519 quo
2301 2451 2620 2518 desierunt,
2666 2455 2759 2521 qui
2807 2456 3108 2510 secundum
3150 2456 3445 2513 Mosaicam

216 2509 374 2579 legem
438 2530 503 2569 ex
540 2517 806 2586 majorum
859 2528 1209 2585 successione
1265 2547 1327 2586 ac
1384 2537 1544 2600 serie,
1573 2538 1740 2594 totius
1768 2542 1944 2610 gentis
1988 2542 2354 2611 principatum
2402 2551 2455 2597 et
2503 2546 2867 2601 sacerdotium
2920 2549 3243 2618 capiebant,
3296 2567 3440 2620 quos

219 2600 275 2620 η,
319 2605 329 2614 .
368 2612 380 2620 ,
541 2607 555 2620 .
842 2612 872 2620 -
947 2617 957 2620 -

1768 2600 1797 2610 ν
1990 2600 2005 2611 .
2169 2600 2186 2611 .
2861 2600 2865 2601 ν
2933 2600 3013 2618 ητ
3299 2600 3438 2620 γ---

217 2600 484 2658 Christum
525 2607 716 2664 ducem
761 2626 792 2665 a
839 2612 1126 2686 Scriptura
1167 2621 1347 2678 divina
1389 2625 1493 2681 hoc
1525 2629 1581 2683 in
1631 2631 1750 2687 loco
1812 2634 2083 2688 nominari
2141 2633 2409 2702 suspicor.
2444 2633 2601 2700 Quod
2639 2638 2686 2692 si
2709 2653 2846 2707 opus
2880 2649 2964 2695 est
3023 2642 3438 2697 enumeratione

216 2711 419 2765 quoque
451 2699 552 2762 uti,
581 2708 636 2754 et
684 2703 904 2771 quinam
948 2709 1040 2764 illo
1071 2710 1392 2771 intermedio
1433 2725 1675 2792 tempore
1707 2723 1770 2777 de
1799 2739 1907 2794 quo
1965 2699 2256 2794 loquimur,
2291 2699 2490 2794 quibus
2555 2730 2943 2795 successerint,
2976 2731 3263 2803 locumque
3289 2733 3442 2788 illum

214 2788 359 2840 tutati
403 2790 536 2856 sint,
572 2809 861 2862 exponere,
922 2815 989 2856 ne
1035 2802 1139 2860 hoc
1180 2808 1396 2876 quidem
1449 2788 1625 2869 facere
1666 2788 2035 2884 gravabimur,
2080 2823 2140 2870 ut
2191 2831 2378 2871 eorum
2401 2833 2522 2889 qua:
2549 2819 2692 2873 dicta
2733 2830 2881 2885 sunt,
2927 2824 3212 2877 veritatem
3266 2831 3446 2880 osten-

215 2880 414 2936 damus.

273 2973 492 3042 Πρῶτος
522 2977 697 3030 τοίνυν
737 2982 873 3050 μετὰ
918 2985 1014 3057 τὴν
1051 2989 1142 3042 τοῦ
1180 2994 1374 3066 Δανιὴλ
1427 3001 1751 3073 προφητείαν

1950 2997 2192 3054 Primum
2234 2999 2401 3070 igitur
2443 3006 2565 3068 post
2614 2999 2787 3069 ipsius
2833 2999 3024 3057 Daniel
3066 3003 3437 3073 prophetiam,

213 3064 294 3117 ἐπὶ
338 3066 523 3137 Κύρου
577 3067 669 3121 τοῦ
728 3070 989 3140 βασιλέως
1033 3080 1276 3152 Περσῶν,
1333 3064 1482 3156 μετὰ.
1660 3093 1751 3146 ἁπὲ

1869 3090 2014 3162 Cyro
2050 3091 2192 3161 apud
2238 3064 2460 3144 15ersas_
2481 3064 2763 3160 regnante,
2797 3099 2921 3160 post
2966 3064 3199 3147 reditum
3243 3095 3310 3149 de
3341 3064 3443 3150 Ba;

214 3153 520 3222 Βαϐυλῶνος
564 3160 837 3229 ἐπάνοδον,
878 3167 1080 3239 Ἰησοῦς
1124 3177 1152 3227 6
1189 3176 1282 3229 τοῦ
1335 3153 1596 3245 Ἰωσεδὲκ,
1631 3185 1659 3238 6
1695 3185 1751 3236 ἰε·

1867 3153 2082 3255 bydone,
2113 3182 2275 3238 Jesus
2318 3185 2462 3239 ﬁlius
2489 3182 2738 3246 Josedec,
2774 3183 2866 3253 qui
2913 3184 3170 3240 sacerdos
3201 3202 3431 3257 magnus

211 3251 323 3318 ρεὺς
377 3253 408 3304 ὁ
471 3254 642 3323 μέγας
692 3263 1057 3330 χρηματίσας,
1108 3268 1222 3338 ἅμα
1272 3273 1574 3342 Ζοροϐάϐελ
1625 3277 1751 3331 ἄνει-

1867 3251 1951 3330 est
1981 3276 2180 3342 dictus,
2215 3290 2321 3328 una
2354 3289 2477 3328 cum
2515 3251 2814 3326 Zorobabel
2861 3273 2928 3326 de
2966 3251 3439 3345 Babylonica'ser-

210 3357 284 3392 σιν
340 3343 448 3395 ἀπὸ
507 3347 606 3416 τῆς
665 3352 1068 3422 αἰχμαλωσίας,
1120 3360 1210 3412 καὶ
1267 3360 1546 3432 θεμελίους
1604 3385 1751 3421 κατα-

1864 3365 2036 3418 vitute
2065 3364 2384 3426 revertitur,
2424 3371 2478 3416 et
2508 3361 2588 3416 sic
2615 3360 2970 3414 fundamenta
3005 3343 3190 3432 templi
3217 3365 3436 3434 jaciun-

207 3430 448 3487 ϐάλλεται
512 3438 605 3491 τοῦ
674 3443 839 3514 ἱεροῦ.
900 3445 1035 3498 Ἀλλ’
1094 3430 1468 3520 ὲπισχεθέντος
1531 3457 1624 3510 τοῦ
1671 3458 1763 3529 ἔρ-

207 3538 290 3589 γου
333 3525 439 3578 ὑπὸ
478 3528 585 3581 τῶν
619 3533 928 3604 περιοίκων,
962 3539 1016 3590 αἱ
1059 3541 1270 3610 πρῶται
1305 3544 1444 3598 ἑπτὰ
1477 3547 1763 3618 ἑϐδομάδες

205 3613 300 3667 τῶν
332 3617 468 3671 ἐτῶν
500 3621 555 3672 αἱ
602 3622 688 3676 διὰ
719 3626 811 3679 τοῦ
880 3632 1154 3700 προφήτου
1199 3634 1521 3706 δηλούμεναι
1555 3657 1761 3711 συμπε-

207 3707 492 3776 ραιοῦνται,
529 3715 648 3792 καθ’
685 3717 749 3779 ἃς
776 3720 959 3784 ἀτελὲς
988 3722 1199 3793 διέμενε
1240 3726 1300 3778 τὸ
1349 3727 1506 3800 ἔργον
1667 3733 1760 3785 τοῦ

203 3797 319 3850 ναοῦ
347 3801 657 3874 οἰκοδομῆς.
689 3811 887 3882 Διόπερ
932 3816 958 3866 6
1009 3814 1148 3879 θεῖος
1189 3815 1344 3886 λόγος
1381 3797 1483 3887 τῆς
1519 3797 1760 3893 συναφῆς

200 3891 299 3942 τῶν
333 3894 536 3949 λοιπῶν
566 3900 871 3972 ἑϐδομάδων
915 3907 1159 3979 ἀφορίζει
1204 3911 1303 3975 τὰς
1341 3912 1558 3984 πρώτας
1597 3917 1755 3981 ἑπτὰ,

204 3986 408 4055 εἰπὼν,‹
431 3991 752 4064 Ἐϐδομάδες
770 3999 926 4064 ἑπτὰ,
943 4020 959 4052 ι
980 4001 1146 4055 ἔπειθ’
1173 4004 1299 4075 ἑξῆς
1325 4007 1460 4076 μετὰ
1482 4008 1759 4081 διαστολῆς

201 4076 505 4149 ἐπαγαγών,
551 4104 569 4134 ι
611 4088 718 4140 Καὶ
761 4089 1051 4160 ἑϐδομάδες
1096 4094 1464 4165 ἑξηκονταδύο.
1521 4118 1539 4151 ι
1589 4101 1758 4155 Ἑπτὰ

199 4169 317 4236 γοῦν
347 4173 459 4225 ἀπὸ
495 4174 677 4246 Κύρου
711 4179 804 4231 καὶ
836 4181 927 4232 ἐπὶ
972 4183 1069 4254 τὴν
1105 4186 1494 4258 συμπλήρωσιν
1525 4191 1624 4260 τῆς
1663 4191 1755 4244 τοῦ

199 4261 331 4331 ἰεροῦ
363 4265 656 4336 οἰκοδομῆς
690 4269 980 4341 ἑϐδομάδες
1012 4274 1145 4327 ἐτῶν
1172 4278 1526 4348 εὑρίσκονται.
1567 4281 1755 4335 Ἔνθεν

1864 3462 1976 3512 tur.
2025 3453 2128 3508 Sed
2176 3455 2306 3507 dum
2351 3469 2381 3508 a
2429 3452 2622 3507 vicinis
2675 3451 2968 3520 impeditur
3019 3468 3179 3522 opus,
3231 3466 3434 3526 septem

1863 3548 2051 3618 primte
2078 3561 2344 3600 annorum
2375 3544 2764 3607 hebdomades,
2798 3559 2935 3612 quas
2975 3546 3240 3614 propheta
3278 3547 3435 3613 dicit,

1863 3639 2130 3702 abierunt,
2162 3637 2361 3707 quibus
2386 3637 2573 3706 templi
2603 3635 2889 3690 aediﬁcatio
2930 3635 3182 3690 inchoata
3217 3651 3433 3693 reman-

1862 3731 1953 3784 sit.
1980 3729 2096 3795 Qua
2127 3728 2193 3782 de
2225 3743 2388 3782 causa
2417 3726 2660 3780 divinum
2691 3727 2970 3780 oraculum
2997 3727 3200 3795 primas
3226 3735 3431 3798 septem

1862 3821 2232 3876 hebdomadas
2262 3837 2292 3875 a
2325 3820 2534 3888 reliqua
2559 3833 2770 3874 summa
2809 3817 3096 3888 disjungit,
3127 3818 3253 3872 dum
3276 3820 3429 3883 dicit,

1875 3932 1893 3964 ι
1934 3913 2310 3968 Hebdomades
2356 3920 2598 3981 septem,
2634 3929 2652 3962 ›
2689 3926 2752 3964 ac
2787 3910 2983 3964 deinde
3032 3927 3098 3965 ex
3147 3911 3434 3969 intervallo

1860 4005 2105 4076 adjungit
2126 4025 2137 4059 :
2162 4025 2179 4056 ι
2207 4005 2270 4059 Et
2296 4002 2663 4060 hebdomades
2688 4003 2965 4071 sexaginta
2990 4003 3131 4058 duae.
3162 4022 3182 4054 ›
3213 4001 3429 4074 Septem

1860 4099 2082 4167 igitura
2123 4097 2266 4168 Cyro
2316 4098 2384 4150 ad
2433 4096 2613 4165 templi
2663 4095 3076 4150 aediﬁcationem
3125 4096 3430 4151 absolutam

1859 4205 2125 4244 annorum
2194 4188 2558 4243 hebdomades
2617 4187 2988 4256 reperiuntur.
3039 4186 3169 4242 Inde
3216 4187 3429 4243 animos

1858 4290 2135 4337 sumentes
2164 4280 2332 4334 Judati
2373 4281 2437 4334 ad
2478 4279 2812 4334 Salvatorem
2848 4289 3094 4334 nostrum
3127 4279 3417 4335 dicebant:

197 4353 495 4424 ὁρμώμενοι
550 4358 628 4428 τῷ
680 4361 890 4432 Σωτῆρι
948 4366 1101 4435 ἡμῶν
1146 4367 1328 4437 ἔλεγον
1383 4373 1429 4424 οἰ
1477 4373 1749 4426 Ἰουδαῖοι·

1861 4393 1877 4422 ι
1919 4373 2284 4442 Quadraginta
2313 4381 2367 4426 et.
2397 4388 2488 4425 sex
2520 4371 2678 4425 annis
2706 4370 3028 4425 azdilicatum
3060 4377 3144 4424 est
3167 4372 3425 4440 templum

201 4462 216 4493 ι
242 4445 656 4518 Τεσσαράκοντα
682 4454 772 4505 καὶ
805 4455 861 4520 ἒξ
888 4455 1061 4511 ἔτεσιν
1093 4459 1408 4534 ᾠκοδομήθη
1441 4464 1470 4515 ὁ
1507 4465 1630 4528 ναὸς
1663 4461 1750 4520 οὖ·-

194 4550 291 4599 70;,
318 4538 414 4590 καὶ
446 4540 510 4592 σὺ
546 4541 604 4594 ἐν
629 4544 804 4613 τρισὶν
839 4546 1069 4616 ἡμέραις
1094 4550 1305 4622 ἐγερεῖς
1331 4553 1522 4618 adadv;
1557 4575 1576 4607 ι
1614 4556 1748 4609 Ἀλλ’

195 4617 320 4680 οὗτοι
357 4628 462 4699 μὲν
498 4633 904 4704 τεσσαράκοντα
947 4640 1038 4690 καὶ
1071 4638 1128 4703 ἒξ
1168 4640 1341 4694 ἔτεσιν
1375 4643 1749 4716 ᾠκοδομῆσθαι

192 4718 270 4771 τὸν
309 4722 436 4774 ναὸν
489 4723 724 4792 ἔφασανσ
760 4729 997 4782 τοσαῦτα
1028 4730 1136 4802 γὰρ
1173 4733 1280 4784 ἀπὸ
1317 4732 1529 4804 πρώτου
1565 4735 1747 4806 Κύρου

195 4808 476 4877 βασιλείας,
500 4814 560 4876 ὃς
583 4816 795 4884 πρῶτος
818 4819 986 4890 ἀνῆκε
1018 4821 1118 4891 τῆς
1152 4823 1464 4888 Βαϐυλῶνος
1486 4828 1611 4889 τοὺς
1636 4827 1749 4896 βου-

191 4898 436 4969 λομένους
475 4904 587 4957 τῶν
625 4909 886 4962 Ἰουδαίων
923 4914 1006 4975 εἰς,
1037 4913 1134 4983 τὴν
1163 4915 1368 4967 οἰκείαν
1393 4916 1496 4985 γῆν
1535 4917 1748 4970 ἐπανιέ-

191 5006 286 5055 ναι,
321 4994 414 5046 ὲπὶ
438 4994 500 5047 τὸ
524 4995 677 5050 ἕκτον
703 4998 820 5063 ἔτος
854 5002 1077 5073 Δαρείου
1120 5002 1392 5074 βασιλείας
1434 5008 1743 5075 συνάγεται,

191 5081 300 5134 καθ’
324 5082 381 5136 ὃν
405 5086 470 5137 τὸ
502 5089 610 5139 πᾶν
643 5088 798 5159 ἔργον
823 5092 922 5162 τῆς
948 5095 1229 5166 οἰκοδομῆς
1260 5097 1408 5160 τέλος
1435 5097 1655 5169 εἴληφεν
1674 5116 1686 5128 °
1718 5100 1746 5152 ὅ

190 5189 246 5240 γε
277 5175 380 5246 μὴν
408 5176 468 5242 ἐξ
507 5179 784 5251 Ἑϐραίων
807 5183 1064 5254 Ἰώσηπος
1097 5187 1188 5239 καὶ
1225 5188 1380 5241 ἄλλον
1411 5191 1594 5260 τριετῆ
1629 5191 1746 5262 χρό-

189 5281 269 5317 νον
292 5268 368 5330 εἰς
389 5267 489 5340 τὴν
512 5269 621 5322 τῶν
649 5272 843 5338 ἔξωθεν
865 5275 972 5328 τῶν
993 5278 1134 5347 ἀμφὶ
1158 5279 1248 5332 τὸν
1271 5279 1394 5332 ναδν
1418 5298 1746 5334 κατασκευα-

190 5357 398 5424 σμάτων
452 5361 843 5434 συμπλήρωσιν
907 5367 1138 5439 ἔφησεν,
1199 5369 1326 5422 ὥστ’
1380 5373 1602 5435 εἰκότως
1657 5372 1744 5425 διὰ

186 5445 344 5500 ταῦτα
367 5449 466 5514 τὰς
490 5452 630 5506 ἑπτὰ
657 5455 875 5526 πρώτας
897 5459 1211 5530 ἑϐδομάδας,
1237 5464 1316 5524 εἰς
1349 5462 1443 5530 ἐτη
1471 5463 1624 5516 ἐννέα
1652 5463 1743 5516 καὶ

185 5541 580 5612 τεσσαράκοντα
635 5551 1024 5614 συντεινούσας,
1073 5554 1398 5626 ἀφωρίσθαι,
1457 5556 1597 5608 κατὰ
1651 5557 1742 5610 τὸν

183 5630 276 5702 τῆς
314 5637 646 5705 προφητείας
690 5640 876 5710 λόγον’
913 5643 1009 5708 τὰς
1052 5645 1108 5697 δὲ
1152 5645 1342 5709 λοιπὰς
1388 5645 1742 5718 ἑξηκονταδύο

249 5786 288 5818 ⁸¹
317 5785 474 5845 Joan.
508 5807 568 5857 ιι,
610 5791 664 5849 8.

1853 4467 1974 4530 hoc,
2007 4475 2060 4521 et
2103 4473 2158 4518 tu
2185 4466 2238 4518 in
2283 4465 2459 4518 tribus
2493 4464 2688 4518 diebus
2723 4463 2986 4518 excitabis
3031 4461 3163 4516 illud
3184 4462 3268 4515 ⁸ίί
3305 4481 3323 4514 ›
3355 4464 3425 4516 At

1853 4555 1930 4607 illi
1968 4554 2186 4624 quidem
2234 4553 2592 4623 quadraginta
2641 4560 2695 4607 ct
2743 4551 3052 4623 sex.annis
3098 4551 3421 4607 aediﬁcatum

1851 4661 1973 4700 esse
2002 4644 2259 4714 templum
2291 4644 2475 4698 dixere
2513 4660 2526 4696 :
2561 4650 2640 4697 tot
2680 4643 2825 4697 enim
2857 4658 2885 4696 a
2915 4658 3082 4713 regno
3123 4643 3250 4714 Cyri
3279 4643 3424 4712 prio—

1849 4737 1949 4798 ris,
1995 4735 2088 4806 qui
2140 4735 2349 4804 primus
2390 4733 2702 4788 Judzeorum
2751 4734 3056 4802 quibusque
3111 4733 3422 4788 volentibus

1848 4829 2119 4883 concessit
2147 4828 2214 4882 de
2238 4827 2508 4897 Babylone
2538 4828 2589 4879 in
2623 4827 2854 4896 patriam
2887 4835 3088 4881 terram
3106 4827 3324 4890 reverti,
3353 4826 3417 4880 ad

1849 4927 2060 4976 sextum
2113 4918 2261 4971 Darii
2302 4919 2454 4988 regni
2498 4933 2724 4980 annum,
2771 4917 3138 4987 colliguntur:
3173 4917 3274 4972 sub
3309 4933 3418 4986 quo

1847 5011 2026 5065 omnis
2071 5008 2360 5064 aediﬁcatio
2390 5007 2548 5062 ﬁnem
2589 5008 2820 5076 accepit.
2855 5007 2961 5061 Sed
2998 5005 3293 5076 Josephus,
3324 5021 3419 5057 au-

1847 5108 1966 5154 ctor
1989 5098 2268 5161 Hebraeus,
2304 5099 2441 5152 alios
2464 5104 2578 5152 tres
2609 5113 2782 5152 annos
2803 5096 3052 5165 adjungit
3100 5096 3167 5149 ad
3191 5110 3275 5157 ea,
3299 5110 3419 5162 quae

1848 5189 2046 5258 templo
2071 5187 2414 5242 extrinsecus
2436 5186 2700 5240 accedunt
2720 5194 3042 5239 ornamenta
3061 5184 3414 5244 absolvenda,

1846 5287 1904 5333 ut
1918 5287 2203 5347 propterea
2223 5277 2418 5331 merito
2431 5284 2636 5346 septem
2658 5276 2866 5346 primas
2889 5274 3276 5336 hebdomadas,
3297 5289 3417 5343 qua:

1846 5383 2114 5425 summam
2142 5367 2503 5437 quadraginta
2537 5381 2728 5419 novem
2775 5380 3042 5419 annorum
3086 5365 3413 5430 conﬁciunt,

1845 5477 1875 5515 a
1904 5459 2114 5515 czeteris
2144 5458 2425 5513 oraculum
2454 5457 2832 5526 propheticum
2871 5457 3227 5526 separavcrit,
3247 5464 3301 5512 et
3329 5472 3415 5512 re-

1846 5553 2022 5622 liquas
2079 5551 2355 5621 sexaginta
2408 5549 2546 5603 duas
2597 5564 2624 5602 a
2687 5547 2834 5604 Darii
2902 5565 3068 5619 regno
3126 5564 3416 5605 numerare

1844 5646 2122 5718 contingat
2171 5660 2184 5695 :
2236 5643 2340 5699 sub
2394 5657 2504 5714 quo
2560 5657 2780 5698 rursum
2845 5639 3004 5699 Jesus
3061 5643 3204 5699 ﬁlius
3255 5640 3417 5698 lose.-
