3928 6528
571 404 678 459 615

1172 397 1443 457 EUSEBII
1482 395 1957 454 CIESARIENSIS
1992 396 2145 455 OPP.
2182 395 2365 453 PARS
2397 395 2466 454 ll.
2503 427 2574 439 —
2609 394 3112 456 APOLOGE'I‘ICA.
3679 409 3759 468 διε

570 521 709 584 dec,
753 525 808 573 et
852 500 1156 572 Zorobabel
1212 514 1357 570 filius
1422 511 1720 579 Salatbiel,
1783 529 1910 568 cum
1959 514 2130 571 adhuc

2239 512 2347 568 ἀπὸ
2382 513 2484 585 τῆς
2522 513 2745 586 Δαρείου
2787 511 3250 585 καταριθμεῖσθαι
3284 512 3552 584 βασιλείας
3581 522 3760 592 cuped-

569 611 731 682 393
750 610 1021 673 viverent,
1050 606 1211 661 ambo
1238 606 1625 662 instaurationi
1664 606 1852 677 templi
1905 606 2140 677 praefue-

569 708 721 766 runt,
756 697 1053 770 prophetiae
1106 711 1307 750 munus
1338 696 1555 750 interim
1606 697 1990 752 exercentibus
2030 697 2140 766 Ag-

568 806 686 864 gaeo
711 799 767 847 et
793 790 1080 855 Zacharia,
1110 800 1231 860 post
1252 803 1391 859 quos
1417 787 1622 845 Esdras
1663 796 1717 844 et
1752 788 2045 845 Neliemias
2073 790 2142 845 de

568 885 841 955 Babylone
883 882 1069 937 itidem
1119 880 1348 940 reversi,
1383 896 1601 934 murum
1663 880 2141 936 circumdederunt

567 975 800 1030 civitati.
862 972 1017 1027 Tune
1076 983 1256 1027 autem
1304 971 1679 1040 pontificatum
1725 972 2141 1027 administrabat

566 1063 839 1129 Joacbim,
869 1064 961 1127 qui
1005 1062 1133 1119 Jcsu
1160 1064 1254 1117 ﬁlii
1302 1063 1534 1119 Jnsedec
1588 1063 1733 1120 ﬁlius
1790 1064 1985 1129 fuerat,
2016 1073 2141 1137 post

567 1174 728 1230 quem
762 1160 1030 1215 successit
1062 1158 1304 1225 Eliasib;
1343 1158 1539 1213 deinde
1568 1156 1759 1221 .lodae,
1791 1172 1952 1227 quem
1982 1171 2142 1210 secu-

567 1257 658 1305 tus
704 1258 789 1306 est
829 1248 1131 1315 Jonatbas;
1183 1249 1330 1302 hunc
1389 1248 1602 1318 excepit
1647 1246 1874 1303 Jaddus.
1932 1246 2138 1303 Horum

567 1342 731 1395 etiam
765 1341 909 1411 apud
948 1339 1175 1394 Esdram
1206 1340 1503 1401 litmentio,
1529 1339 1616 1394 his
1644 1338 1863 1394 verbis:
1902 1357 1921 1390 ι
1956 1337 2023 1391 Et
2048 1336 2141 1393 Je-

565 1445 662 1485 sus
700 1433 888 1500 genuit
912 1428 1183 1492 Joacbim,
1218 1439 1272 1483 et
1324 1428 1570 1483 Joachim
1605 1428 1790 1499 genuit
1822 1427 2046 1495 Eliasib,
2085 1435 2139 1482 et

566 1521 772 1575 Eliasib
817 1522 1004 1590 genuit
1042 1519 1233 1583 Jodae,
1260 1532 1311 1574 et
1336 1519 1506 1575 Jodae
1549 1521 1735 1590 genuit
1760 1520 2054 1583 Jonatban,
2085 1527 2139 1574 et

562 1612 834 1667 Jonathan
865 1614 1049 1683 genuit
1074 1612 1388 1667 Jaddum”.
1423 1632 1441 1664 ι
1476 1611 1742 1683 Tempore
1763 1620 1942 1666 autem
1973 1611 2137 1681 hujus

562 1705 761 1769 Jaddu,
794 1707 1100 1761 Alexander
1122 1706 1344 1761 Macedo
1369 1706 1753 1760 Alexandriam
1783 1704 2045 1772 condidit,
2078 1712 2138 1758 ut

562 1798 838 1868 Josephns
864 1799 1130 1868 scriptum
1170 1798 1413 1866 reliquit,
1442 1804 1495 1851 et
1526 1797 1900 1868 Hierosolyma
1923 1797 2137 1866 ingres-

2241 621 2340 669 νει,
2370 605 2490 660 καθ’
2524 604 2583 658 ὃν
2614 600 2768 667 αὖθις
2801 602 3009 675 Ἰησοῦς
3032 604 3060 656 6
3089 602 3190 657 τοῦ
3231 604 3495 669 Ἰωσεδὲκ,
3527 610 3612 663 καὶ
3632 613 3760 684 Ζορο-

2241 696 2406 752 ϐάϐελ
2446 700 2474 751 6
2498 695 2592 751 τοῦ
2620 696 2889 768 Σαλαθιὴλ
2915 697 2996 760 είς
3018 697 3230 749 ἐκεῖνον
3261 697 3363 767 τὴν
3389 695 3526 770 ζωὴν
3549 705 3762 773 παρατεε.

2238 801 2445 848 ναντες,
2466 786 2632 856 ἄμφω
2655 784 2995 857 προέστησαν
3015 785 3113 857 τῆς
3139 784 3238 838 τοῦ
3273 786 3420 858 ἱεροῦ
3448 788 3759 859 ἀνανεώσεως,

2240 874 2686 945 προφητευόντων
2732 872 2983 942 Ἀγγαίου
3036 876 3131 927 καὶ
3188 875 3458 946 Ζαχαρίου
3482 893 3496 906 ·
3546 877 3650 948 μεθ’
3689 880 3761 946 οὓς

2242 966 2479 1037 Ἔσδρας
2518 967 2612 1019 καὶ
2661 967 2920 1037 Νεεμίας,
2952 966 3155 1038 ὁμοίως
3205 968 3272 1020 ἐκ
3305 965 3609 1032 Βαϐυλῶνος
3637 971 3761 1024 ἀνελ-

2240 1058 2441 1123 θόντες,
2473 1058 2534 1111 τὸ
2562 1061 2737 1128 τεῖχος
2767 1058 3047 1129 ὲδείμαντο
3080 1062 3148 1131 τῇ
3194 1058 3372 1122 πόλει,
3413 1060 3508 1129 τὴν
3545 1060 3761 1133 ἀρχιερω-

2241 1150 2404 1222 σύνην
2436 1149 2709 1213 διέποντος
2751 1150 3065 1222 Ἰωακείμου
3089 1168 3101 1181 '
3145 1153 3280 1215 παῖς
3311 1151 3370 1204 δὲ
3408 1147 3556 1216 οὗτος
3591 1148 3650 1223 ἦν
3679 1155 3760 1226 ’1η-

2240 1242 2333 1296 σοῦ
2365 1241 2459 1295 τοῦ
2505 1240 2742 1295 Ἱωσεδέκ
2764 1258 2777 1272 ·
2819 1242 2935 1313 μεθ’
2978 1243 3039 1295 ὃν
3069 1242 3378 1312 διαδέχεται
3409 1244 3504 1314 τὴν
3542 1244 3759 1317 ἀρχιερωὲ

2239 1331 2403 1403 σύνην
2447 1330 2819 1395 Ἐλιασοῦϐος·
2861 1331 3050 1386 ἔπειτα
3096 1332 3317 1386 Ἱωδαέ’
3358 1332 3474 1404 μεθ’
3513 1334 3566 1387 ὃν
3614 1336 3758 1390 Ἰωνά-

2238 1424 2369 1477 θαν·
2428 1423 2545 1495 μεθ’
2603 1425 2663 1477 δν
2711 1423 2954 1486 Ἰαδδοῦς.
3013 1423 3234 1477 Τούτων
3300 1424 3564 1496 μέμνηται
3617 1427 3755 1499 καὶὴ

2240 1516 2444 1587 Ἕσδρα
2471 1516 2678 1588 γραφὴ,
2704 1515 2937 1585 λέγουσα
2954 1531 2967 1544 ’
3010 1534 3027 1567 ι
3057 1516 3169 1569 Καὶ
3210 1516 3418 1588 Ἰησοῦς
3440 1518 3669 1589 ἐγέννησε
3689 1520 3758 1572 τὸν

2249 1608 2523 1678 Ἰωακεὶμ,
2562 1609 2654 1661 καὶ
2695 1609 2946 1679 ἰωακεὶμ
2986 1608 3247 1680 ἐγέννησε
3283 1610 3376 1663 τὸν
3424 1610 3661 1675 Ἐλιασὶϐ,
3688 1611 3759 1664 καὶ

2249 1699 2485 1757 Ἐλιασὶϐ
2524 1700 2777 1771 ἐγέννησε
2819 1700 2908 1752 τὸν
2949 1700 3150 1765 Ἰωδαὲ,
3184 1704 3282 1757 καὶ
3328 1702 3505 1757 Ἰωδαὲ
3548 1703 3755 1775 ἐγέννησε

2235 1790 2325 1844 τὸν
2366 1791 2637 1857 Ἰωνάθαν,
2673 1793 2766 1846 καὶ
2807 1791 3060 1846 Ἰωνάθαν
3102 1794 3363 1863 ἐγέννησε
3408 1794 3497 1847 τὸν
3528 1793 3753 1848 Ἰαδδοῦ.»

565 1904 659 1943 sus
690 1889 857 1943 Deum
889 1890 1159 1945 adoravit.
1193 1888 1439 1943 Mortuus
1474 1896 1558 1944 est
1598 1897 1778 1944 autem
1831 1887 2130 1942 Alexander

2235 1884 2391 1938 Κατὰ
2429 1883 2617 1937 τοῦτον
2662 1884 2754 1938 τὸν
2811 1884 3007 1938 Ἰαδδοῦ
3056 1887 3084 1938 6
3129 1884 3401 1940 Μακεδὼν
3470 1885 3756 1956 Ἀλέξανδρος

563 1978 785 2032 ineunte
834 1981 1132 2033 centesima
1192 1986 1246 2033 et
1291 1986 1486 2047 quarta
1538 1977 1751 2032 decima
1806 1976 2130 2047 Olympiade,

562 2078 685 2139 post
718 2068 920 2140 Cyrum
951 2070 1203 2124 ducentis
1263 2070 1483 2139 triginta
1527 2085 1624 2123 sex
1655 2068 1836 2131 annis,
1868 2067 1961 2137 qui
1992 2065 2134 2136 apud

561 2158 758 2217 Persas
801 2176 1033 2231 regnare
1078 2162 1246 2231 cmpit
1306 2163 1529 2216 ineunte
1583 2160 1890 2231 Olympiade
1944 2159 2135 2229 quinta

560 2266 726 2321 supra
758 2253 1251 2323 quadragesimani.
1278 2253 1405 2309 Post
1431 2262 1662 2308 mortem
1694 2266 1820 2305 vero
1841 2248 2133 2305 Alexandri

562 2344 896 2406 Macedonis,
917 2352 971 2398 et
1009 2352 1130 2413 post
1171 2361 1335 2414 quem
1365 2345 1609 2415 proxime
1637 2341 1877 2397 diximus
1914 2340 2133 2411 pontifi-

558 2451 700 2500 cem,
731 2436 900 2491 Onias
944 2436 1058 2505 ipse
1083 2451 1300 2507 quoque
1343 2436 1692 2508 pontiﬁcatus
1714 2435 1919 2489 honore
1942 2449 2131 2489 susce-

558 2538 674 2598 pto,
701 2529 846 2598 genti
880 2528 1097 2599 praefuit
1128 2548 1139 2583 :
1165 2528 1325 2597 cujus
1348 2526 1687 2597 temporibus
1717 2542 1841 2581 cum
1871 2526 2131 2580 Seleucus

557 2619 887 2691 Babylonem
915 2621 1173 2689 cepisset,
1203 2621 1347 2674 Asia:
1384 2619 1492 2674 sibi
1541 2618 1791 2673 diadema
1820 2617 2130 2674 circumde-

556 2709 658 2772 dit,
688 2726 832 2764 anno
860 2718 982 2780 post
1024 2710 1321 2764 Alexandri
1369 2718 1597 2763 mortem
1646 2707 1990 2763 duodecimo.
2046 2707 2129 2761 Ad

556 2816 718 2871 quem
746 2818 778 2855 a
812 2802 957 2872 Cyro
981 2802 1396 2872 incipientibus,
1422 2802 1602 2855 omnis
1631 2800 1892 2870 temporis
1916 2814 2130 2854 summa

558 2909 823 2947 annorum
874 2894 1232 2948 ducentorum
1276 2893 1637 2963 quadraginta
1670 2900 1794 2945 octo
1834 2893 2125 2962 colligitur.

554 2982 640 3037 Ab
671 2985 775 3039 hoe
807 2985 924 3053 ipso
955 2994 1198 3054 tempore
1237 2983 1552 3039 Graecorum
1582 2999 1807 3053 regnum
1839 2997 2128 3037 numerare

556 3077 748 3146 incipit
823 3075 1255 3131 Machabzeorum
1330 3076 1578 3131 historia.
1637 3076 1941 3141 Caeterum,
2005 3085 2129 3144 post

556 3165 750 3223 Oniam
799 3165 1111 3222 Iudaeorum
1168 3169 1414 3237 suscepit
1469 3168 1834 3237 principatum
1885 3168 2128 3238 pontifex

555 3258 870 3323 Eleazarus,
903 3260 1006 3314 sub
1037 3276 1145 3329 quo
1186 3258 1331 3313 LXX
1371 3260 1475 3312 viri
1515 3259 1731 3315 divinas
1784 3260 2127 3330 interpretati

557 3349 903 3421 Scripturas,
948 3351 1334 3407 Alexandrinis
1384 3351 1731 3407 bibliothecis
1782 3351 2125 3407 dedicarunt.

553 3442 684 3499 Post
715 3446 860 3499 hunc
913 3452 1138 3500 secutus
1185 3452 1269 3499 est
1321 3445 1459 3499 alter
1488 3442 1692 3500 Onias:
1724 3445 1813 3499 cui
1862 3445 2129 3501 successit

554 3530 769 3601 Simon,
794 3536 954 3606 cujus
990 3545 1315 3606 tempestate
1344 3535 1506 3592 Jesus
1544 3537 1686 3592 filius
1736 3536 1934 3592 ‘Sirach
1986 3538 2129 3592 fama

548 3628 786 3687 celebris
815 3630 937 3695 fuit,
969 3631 1062 3701 qui
1098 3630 1427 3699 Sapientiam
1456 3631 1618 3686 titulo
1650 3632 1833 3686 omnia
1863 3633 2129 3685 virtutum

546 3736 753 3790 genera
784 3723 1127 3793 profitentem
1152 3725 1485 3793 composuit.
1517 3722 1649 3778 Post
1679 3738 1839 3793 quem
1872 3723 2013 3777 alius
2037 3738 2130 3777 eo-

549 3811 674 3866 dem
707 3829 831 3867 cum
879 3816 1160 3884 prioribus
1206 3817 1427 3871 nomine
1468 3813 1638 3871 Onias
1679 3814 1917 3886 praefuit.
1953 3814 2128 3885 Hujus

551 3906 827 3974 pontiﬁcis
854 3915 1102 3977 tempore
1128 3907 1452 3968 Antiochus,
1486 3923 1611 3963 cum
1636 3908 1857 3964 Judteos
1888 3908 2123 3963 obsidio-

551 4012 622 4051 ne
651 3996 955 4068 fatigasset,
985 3997 1303 4054 Grazcorum
1358 4000 1557 4056 ritibus
1608 4001 1687 4055 uti
1735 4001 1935 4070 coegit.
1968 3998 2127 4054 Hunc

550 4097 774 4142 secutus
804 4085 994 4151 Judas,
1025 4096 1386 4157 cognomento
1417 4088 1781 4154 Machabams,
1807 4089 1936 4143 dum
1965 4087 2128 4142 rebus

546 4176 862 4235 Iudaeorum
913 4188 1132 4251 praeest,
1170 4180 1445 4250 regionem
1493 4183 1562 4236 ab
1595 4182 1778 4253 impiis
1804 4188 1858 4236 et
1882 4179 2127 4250 profanis

548 4284 900 4343 expurgatam
943 4273 1212 4328 liberavit.
1238 4272 1338 4327 Cui
1370 4273 1613 4329 succedit
1646 4274 1814 4330 frater
1840 4273 2125 4341 Jonathas,

547 4364 745 4419 deinde
782 4362 972 4419 Simon
1002 4383 1017 4419 :
1056 4364 1160 4420 sub
1189 4365 1351 4435 cujus
1382 4373 1610 4420 mortem
1641 4366 1794 4436 regni
1815 4366 1962 4437 quod
1983 4366 2127 4437 apud

550 4455 719 4526 Syros
733 4456 927 4526 viguit,
957 4471 1138 4511 annus
1173 4467 1501 4519 numeratur
1529 4458 1798 4527 septimus
1824 4466 1879 4514 et
1903 4468 2128 4531 septua-

2248 1975 2649 2046 Ἀλεξάνδρειαν
2685 1976 2877 2040 κτίζει,
2913 1976 2987 2041 ὡς
3032 1968 3297 2047 Ἰώσηπος
3342 1978 3554 2048 ἱστορεῖ,
3600 1976 3754 2045 ἀφικό·

2236 2067 2394 2138 μενός
2442 2086 2503 2121 τε
2544 2070 2624 2132 είς
2661 2069 2728 2123 τὰ
2782 2069 3145 2140 Ἱεροσόλυμα,
3201 2068 3282 2140 τῷ
3329 2067 3449 2140 Θεῷ
3492 2070 3751 2141 προσκυνεῖ.

2233 2160 2469 2233 Τελευτᾷ
2511 2162 2568 2215 δὲ
2599 2162 2690 2215 τὸν
2726 2161 2837 2232 βίον
2882 2161 3231 2233 Ἀλέξανδρος
3262 2163 3324 2213 ἐν
3358 2162 3496 2232 ἀρχῇ
3535 2162 3623 2231 τῆς
3653 2161 3751 2213 Eiu-

2230 2252 2425 2321 τοστῆς
2468 2251 2563 2305 καὶ
2603 2249 3205 2324 τεσσαρεσκαιδεκάτης
3257 2249 3619 2321 Ὀλυμπιάδος,
3649 2246 3753 2320 μετὰ

2231 2342 2323 2415 ἔτη
2372 2343 2617 2397 διακόσια
2663 2344 2952 2416 τριάκοντα
3003 2345 3069 2398 ὲκ
3120 2342 3330 2415 Κύρου,
3380 2342 3439 2406 ὃς
3490 2341 3750 2396 ὲὸασίλευσε

2231 2434 2456 2504 Περσῶν
2482 2434 2622 2489 κατὰ
2647 2436 2708 2489 τὸ
2743 2437 2954 2508 πρῶτον
2980 2434 3098 2499 έτος
3128 2436 3391 2507 πέμπτης
3419 2435 3510 2487 καὶ
3540 2448 3752 2502 πεντηκο-

2233 2527 2363 2598 στῆς
2406 2528 2782 2599 Ὀλυμπιάδος.
2819 2527 2972 2583 Μετὰ
3005 2528 3063 2582 δὲ
3110 2528 3212 2600 τὴν
3255 2525 3509 2596 τελευτὴν
3552 2521 3751 2587 Ἀλεξάν-

2230 2619 2354 2692 δρου
2386 2619 2479 2673 τοῦ
2513 2620 2837 2685 Μακεδόνος,
2900 2621 2992 2674 καὶ
3031 2619 3170 2691 μετὰ
3213 2619 3305 2673 τὸν
3344 2616 3627 2689 δηλωθέντα
3651 2615 3751 2683 ἀρχ-

2234 2711 2402 2783 ιερέα,
2439 2712 2615 2776 Ὀνίας
2649 2715 2859 2783 ἡγεῖται
2882 2711 2974 2765 τοῦ
3006 2711 3213 2776 ἔθνους,
3254 2711 3353 2783 τῆς
3385 2708 3489 2762 τῶν
3507 2704 3748 2778 ἀρχιερέων

2230 2804 2324 2857 καὶ
2368 2804 2528 2868 αὐτὸς
2574 2804 2969 2877 ἐπειλημμένος
3014 2804 3182 2875 τιμῆς
3203 2820 3218 2834 ο
3264 2803 3384 2856 καθ’
3423 2801 3479 2854 ὃν
3519 2800 3747 2857 Σέλευκος,

2229 2894 2524 2949 Βαϐυλῶνα
2550 2897 2849 2967 κρατήσας,
2879 2896 2940 2949 τὸ
2966 2895 3064 2966 τῆς
3109 2895 3298 2957 Ἀσίας
3330 2890 3643 2965 περιτίθεται
3662 2885 3747 2940 διὰ-

2228 2987 2374 3059 δημα
2400 2987 2508 3041 ἔτει
2535 2987 2819 3063 δωδεκάτῳ
2843 2986 2979 3058 μετὰ
3002 2986 3101 3057 τὴν
3141 2983 3491 3055 Ἀλεξάνδρου
3520 2976 3745 3046 relaxavi

2230 3079 2351 3133 καθ’
2380 3080 2440 3132 ὃν
2468 3080 2756 3148 συνάγεται
2783 3082 2812 3132 6
2836 3080 2943 3142 πᾶς
2973 3077 3164 3148 χρόνος
3186 3080 3216 3131 6
3244 3076 3354 3131 ἀπὸ
3380 3074 3550 3146 Κύρου
3578 3072 3644 3133 είς
3674 3067 3745 3135 ἔτη

2230 3171 2473 3226 διακόσια
2506 3170 3074 3243 τεσσαρακονταοκτώ.
3128 3169 3411 3224 Ἐντεῦθεν
3459 3165 3550 3238 τὴν
3598 3159 3746 3228 Ἐλλή-

2232 3280 2336 3317 νων
2369 3262 2642 3334 βασιλείαν
2673 3265 2705 3334 ἡ
2728 3262 2834 3316 τῶν
2858 3260 3236 3317 Μακκαεαίων
3259 3258 3442 3333 γραφὴ
3461 3250 3747 3327 καταριθμεῖ·

2232 3355 2354 3409 σθαι
2384 3356 2628 3428 ἄρχεται.
2672 3355 2824 3409 Μετὰ
2856 3355 2913 3408 δὲ
2946 3356 3037 3408 τὸν
3079 3355 3261 3409 Ὀνίαν
3292 3355 3499 3423 ἡγεῖται
3521 3347 3619 3402 τῶν
3650 3345 3749 3397 Ἰον·

2229 3448 2390 3502 δαίων
2437 3448 2729 3519 ἀρχιερεὺς
2778 3446 3119 3519 Ἐλεάζαρος,
3165 3447 3290 3501 καθ’
3333 3445 3392 3498 ὃν
3435 3444 3482 3496 0t
3532 3434 3743 3505 Ἕϐδομή-

2229 3556 2412 3603 κοντα,
2457 3539 2556 3603 τὰς
2593 3538 2742 3602 θείας
2768 3537 3203 3610 έρμηνεύσαντες
3235 3535 3470 3608 Γραφάς,
3503 3533 3610 3592 ταῖς
3635 3522 3742 3580 κατά

2241 3630 2641 3702 ’Δλεξάνδρειαν
2690 3628 3057 3700 βιϐλιοθήκαις
3103 3627 3511 3683 ἀνατεθείκασι·
3564 3616 3663 3692 μεθ’
3700 3614 3744 3666 ὃν

2227 3722 2413 3793 ἕτερος
2454 3722 2648 3786 Ὀνίας,
2683 3722 2742 3775 ὃν
2774 3721 3077 3792 διαδέχεται
3118 3722 3324 3794 Σίμων,
3356 3718 3474 3774 καθ’
3500 3715 3553 3770 ὃν
3586 3704 3746 3779 Ἰησοῦς

2226 3815 2255 3867 6
2286 3813 2380 3867 τοῦ
2430 3812 2597 3886 Σιρὰχ
2630 3813 2974 3884 ἐγνωρίζετο,
3005 3815 3033 3867 6
3064 3814 3162 3885 τὴν
3192 3804 3526 3884 καλουμένην
3554 3802 3745 3870 irai/695'

2226 3928 2318 3964 τον
2343 3910 2570 3980 Σοφίαν
2601 3908 2865 3974 συντάξας
2887 3927 2901 3940 σ
2932 3909 3049 3981 μεθ’
3072 3909 3130 3963 ὃν
3163 3909 3353 3981 ἕτερος
3377 3904 3637 3977 ὁμώνυμος
3662 3894 3745 3951 τοῖς

2228 4000 2461 4073 πρόσθεν
2499 4000 2674 4064 Ὀνίας
2699 4002 2931 4071 ἡγεῖται,
2966 3999 3087 4053 καθ’
3111 4000 3170 4054 ὃν
3207 3997 3489 4067 Ἀντίοχος,
3512 3989 3623 4084 τίξδς
3647 3984 3744 4084 ’Ῑοῖές

2228 4068 2409 4155 δαίους
2461 4068 2843 4163 πολιορκήσας,
2883 4089 3211 4162 Ἐλληνίζειν
3241 4079 3620 4159 κατηνάγκαξε⁹
3654 4068 3728 4163 Ρίβ

2225 4184 2286 4239 δν
2332 4183 2573 4257 προστὰς
2618 4161 2727 4238 τῶν
2773 4183 3117 4256 πραγμάτων
3157 4183 3379 4245 Ἰούδας,
3411 4178 3451 4240 ,ό
3489 4161 3744 4257 ἐπικληθεξς

2225 4252 2601 4342 Μακκαϐαῖος,
2632 4252 2941 4347 ὲξεκάθηρεή
2961 4274 3073 4327 τῶν
3104 4275 3319 4328 ἀσεϐῶν
3351 4270 3446 4342 τὴν
3488 4262 3676 4359 χῶραν
3697 4252 3741 4359 ὃς

2226 4367 2255 4420 6
2287 4367 2512 4437 ἀδελφὸς
2552 4366 2803 4437 Ἰωνάθης
2825 4364 3125 4435 διαδέχεται
3149 4380 3163 4394 ⁸
3198 4365 3293 4419 καὶ
3325 4360 3480 4416 πάλιν
3505 4352 3741 4437 Σίμωνυοίξ

2228 4458 2370 4513 κατὰ
2402 4432 2503 4530 τὴν
2545 4432 2800 4529 τελευτήν
2850 4432 3079 4527 ἕϐδομον
3121 4457 3218 4509 καὶ
3269 4443 3636 4523 ἑϐδομηκοστὸν
3656 4432 3741 4530 afui

547 4546 786 4615 gesimus
832 4561 998 4615 supra
1045 4549 1433 4609 centesimum.
1462 4550 1527 4603 ad
1559 4550 1704 4617 quod
1754 4565 1889 4605 sane
1910 4557 2127 4620 tempus

2232 4526 2515 4606 ἑκατοστδν
2541 4549 2660 4613 ἔτος
2683 4526 3057 4621 ἐξαριθμεῖται
3082 4548 3181 4619 τῆς
3210 4546 3350 4601 κατὰ
3377 4538 3561 4612 Συρίαν
3588 4526 3738 4621 ἁρχῆξν

548 4638 780 4704 primus,
811 4638 904 4704 qui
939 4634 1368 4691 Machabworum
1400 4615 1627 4694 vocatur
1653 4641 1812 4701 liber.
1840 4615 2125 4697 historiam

2232 4646 2262 4717 ἦ
2290 4660 2348 4697 τε
2376 4640 2564 4715 πρώτη
2592 4615 2897 4712 καλουμένη
2930 4639 3038 4694 τῶν
3075 4615 3466 4693 Μακκαϐαιων
3496 4624 3651 4697 βίϐλος
3679 4615 3739 4673 εἰς

550 4723 792 4788 deducit,
854 4740 917 4778 ac
979 4725 1267 4780 deductam
1330 4727 1611 4797 relinquit.
1649 4729 1815 4802 395,
1862 4731 2049 4800 Itaque
2094 4747 2124 4785 a

2232 4735 2384 4789 τοῦτο
2410 4734 2505 4787 τοῦ
2537 4733 2728 4805 χρόνου
2760 4732 3025 4787 κατέλυσε
3056 4729 3156 4801 τὴν
3184 4727 3439 4799 ἱστορίαν.
3477 4719 3738 4805 Ὠστεμσυ*

548 4814 726 4884 primo
747 4830 891 4868 anno
914 4814 1062 4886 Cyri,
1094 4817 1357 4887 regnique
1377 4816 1693 4882 Persarum,
1724 4824 1790 4875 ad
1815 4830 2121 4876 extremum

2232 4825 2454 4897 άγεσθαι
2624 4823 2838 4896 πρώτου
2868 4823 3019 4887 ἔτους
3050 4822 3233 4894 Κύρου
3258 4821 3350 4875 καί¹
3388 4808 3593 4885 Περσῶν
3618 4802 3735 4897 βαπῖ

546 4905 787 4960 historia:
818 4904 1254 4960 Machabaaorum
1276 4886 1478 4970 ﬁnem,
1514 4906 1863 4980 Simonisque
1902 4913 2121 4982 pontiﬁ-

2232 4886 2374 4982 λέίας
2401 4919 2494 4971 ἐπὶ
2516 4918 2578 4970 τὸ
2600 4886 2750 4980 τέλος
2778 4916 2877 4988 τῆς
2907 4886 3017 4969 τῶν
3042 4886 3412 4971 Μακκαδαίων
3436 4898 3646 4977 γραφῆς.
3667 4886 3737 4943 καὶ

547 4993 627 5049 eis
670 5001 935 5058 mortem,
985 4994 1115 5049 anni
1141 4996 1475 5067 colliguntur
1505 4998 1891 5071 quadringenti
1924 5000 2118 5072 viginti

2232 5009 2319 5061 ἐπὶ
2338 5006 2437 5079 τὴν
2464 5007 2706 5079 Σίμωνος
2735 5004 2832 5060 τοῦ
2856 5003 3154 5077 ἀρχιερέως
3182 4998 3449 5070 τελευτὴν,
3472 4992 3558 5060 ἐτη
3587 4989 3736 5079 τετρα-

546 5086 809 5158 quinque.
840 5086 1078 5143 Posthac
1128 5103 1261 5144 vero
1300 5087 1589 5155 Jonathas,
1617 5100 1677 5147 ut
1721 5094 1914 5148 scribit
1960 5093 2119 5152 lose-

546 5179 710 5249 phus,
737 5179 1113 5255 pontiﬁcatum
1151 5188 1442 5252 exceptum
1474 5199 1571 5253 per
1599 5199 1773 5241 annos
1802 5186 1994 5255 viginti
2020 5203 2121 5243 no-

544 5286 666 5327 rem
702 5271 1067 5329 administrat.
1092 5270 1249 5328 Hunc
1267 5286 1492 5331 secutus
1517 5275 1886 5345 Aristobulus,
1912 5294 2119 5335 annum

548 5379 715 5421 unum
741 5373 961 5436 pmest.
993 5364 1093 5421 Hic
1127 5368 1340 5438 primus
1373 5376 1495 5439 post
1518 5370 1755 5425 reditum
1785 5370 1854 5427 de
1885 5370 2119 5445 Babylo-

548 5471 618 5512 ne
645 5455 713 5511 ad
751 5455 1086 5527 pontiﬁcium
1132 5458 1453 5529 dignitatem
1497 5462 1732 5532 amplius
1766 5462 1972 5534 regium
1999 5463 2119 5518 dia-

547 5547 704 5604 dema
735 5550 979 5605 additum
1002 5550 1109 5606 sibi
1151 5549 1431 5623 imposuit.
1467 5550 1608 5608 Huic
1648 5555 1893 5610 succe’dit
1917 5563 1973 5611 et
2019 5572 2115 5613 rex

547 5639 691 5696 idem
733 5648 788 5696 et
827 5641 1073 5710 pontifex
1126 5642 1433 5702 Alexander
1463 5685 1479 5712 ,
1533 5647 1629 5718 qui
1677 5654 1733 5703 et
1779 5647 1897 5718 ipse
1938 5663 2114 5705 annos

628 5809 675 5844 ⁸³
710 5811 753 5865 ιι
785 5813 946 5876 Esdr.
977 5836 1077 5891 xit,
1109 5821 1196 5893 to,
1228 5824 1315 5890 ll.

2223 5100 2380 5155 κόσια
2422 5099 2756 5154 εἰκοσιπέντε
2779 5116 2793 5129 ο
2826 5098 2940 5170 μεθ’
2970 5096 3007 5152 ἃ
3042 5094 3296 5168 Ἰωνάθης
3325 5092 3420 5162 τὴν
3452 5083 3733 5170 “rem.

2225 5213 2344 5267 νην,
2368 5194 2445 5257 ὡς
2465 5194 2494 5246 6
2527 5190 2785 5263 Ἰώσηπός
2812 5157 2964 5261 ιρησι,
2996 5157 3293 5258 διαδέχεται
3315 5157 3405 5238 ἐπὶ
3430 5179 3586 5267 ἐτεσιν
3612 5157 3732 5267 {Wa

2226 5258 2320 5341 καὶ
2345 5286 2556 5340 εἴκοσι’
2592 5258 2709 5355 μεθ’
2742 5282 2800 5336 ὃν
2827 5258 3239 5353 γ’Ᾰριστόὸουλος
3278 5269 3509 5332 ἐνιαυτὸν
3542 5258 3728 5355 inditi?

2310 5338 2531 5450 '7‘95‘06
2575 5338 2713 5447 tit-31¢
2748 5373 2845 5445 τὴν
2883 5338 2991 5426 άπὸ
3020 5338 3347 5433 Βαϐυλῶνος
3385 5354 3615 5418 ἐπάνοδον

2224 5444 2375 5541 amni
2417 5444 2693 5538 βασιλικὸν
2737 5444 3074 5538 περιτίθεται
3119 5465 3256 5538 πρὸς
3295 5464 3359 5532 τῇ
3382 5444 3725 5541 ,ἀρχιερωσθ

2222 5519 2440 5615 ﬂagro;
2455 5519 2770 5629 ⁷διαδέχεται
2813 5519 3179 5631 ζΔλέξανδρος;
3232 5519 3487 5629 Suriaci-0C"
3519 5519 3619 5609 al“

2220 5610 3203 5721 ἆρέζέρεδξζιτέσίκαιαιέδςὶπὶἓι
3232 5610 3325 5703 ἔται
3347 5638 3509 5696 εικοσι
3535 5610 3727 5696 προστάς
