3928 6520
100 428 189 483 M7
969 427 1620 485 DEMONSTRATIONIS
1659 427 2113 486 EVANGELICAS
2155 428 2282 486 LIB.
2317 428 2454 486 Vill.

3225 432 3328 486 6l8

97 543 192 596 τῶν
239 541 612 613 πραγμάτωνθ
654 540 735 603 είς
779 541 839 594 ὃν
883 543 1173 610 συνάγεται
1219 544 1287 598 τὰ
1333 545 1510 598 πάντα
1555 543 1652 598 ἀπὶ

1765 555 1968 616 septem
1995 553 2048 600 et
2067 545 2255 616 viginti
2277 545 2438 600 rebus
2466 543 2776 598 Judmorum
2810 552 3024 614 pmest.
3058 544 3137 598 Ad
3167 548 3329 614 cujus

97 634 305 706 spuit-con
339 634 487 696 ἔτους
509 633 787 702 βασιλείας
819 634 1001 706 Κύρου
1033 637 1247 707 καὶτῆς
1271 637 1378 690 ἀπὸ
1411 635 1662 690 Βαϐυλῶ-

96 745 172 789 νος
215 717 478 779 ἐπανόδου
525 725 620 778 τοῦ
670 726 938 779 Ἰουδαίων
978 727 1163 790 ἔθνους
1209 727 1301 801 ἔτη
1335 727 1660 799 τετρακόσια

93 817 523 888 δγὼηκονταδύο,
564 813 624 872 οὗ
670 819 1012 888 προέστησαν
1044 819 1335 890 ἀρχιερεῖς,
1369 819 1462 883 οὓς
1493 820 1660 891 ἡγοῦ-

98 929 183 980 μαι
207 908 442 980 Χριστὸν
468 909 766 980 ἡγούμενον
797 909 901 962 ὑπὸ
925 910 1023 980 τῆς
1049 912 1380 982 προφητείας
1402 911 1661 983 ὀνομάζε-

98 1003 237 1054 :03:-
282 1000 405 1071 μεθ’
451 999 566 1063 οὓς,
601 1001 1020 1071 τελευτήσαντος
1065 1003 1159 1056 τοῦ
1203 1004 1431 1056 ὑστάτου
1480 1004 1659 1059 αὐτῶν

98 1090 381 1162 ἀρχιερέως
439 1091 809 1163 Ἀλεξάνδρου,
856 1093 1067 1166 ἄναρχα
1121 1095 1216 1147 καὶ
1272 1096 1659 1168 ἀπροστάτητα

97 1184 152 1235 τὰ
177 1184 265 1236 τοῦ
304 1182 579 1236 Ἰουδαίων
616 1183 801 1246 ἑθνους
841 1185 1215 1252 ἀπολείπεται,
1255 1186 1394 1240 ὥστε
1436 1191 1515 1252 είς
1562 1206 1658 1257 γυ-

97 1277 238 1326 ναῖκα
272 1275 601 1344 περιστῆναι
632 1277 733 1346 τὴν
762 1276 1035 1346 βασιλείαν
1072 1277 1268 1333 αὐτῶν.
1310 1281 1430 1334 Τῶν
1475 1283 1531 1334 δὲ
1566 1282 1658 1335 δύο

99 1365 303 1423 παίδων,
341 1363 754 1436 Ἀριστοϐούλου
794 1369 888 1420 καὶ
929 1367 1216 1438 Ὑρκανοῦ,
1254 1372 1656 1426 στασιασάντων

99 1455 215 1526 :96;
240 1455 525 1525 ἀλλήλους,
551 1456 778 1520 ἐπιστὰς
798 1460 908 1522 τοῖς
943 1459 1330 1531 Ἱεροσολύμοις
1353 1463 1653 1536 Πομπήϊος,

110 1547 374 1618 Ῥωμαίων
409 1549 718 1619 στρατηγὸς
745 1548 841 1612 ὢν,
890 1550 1037 1621 αίρεῖ
1087 1552 1185 1621 μὲν
1231 1551 1514 1625 πολιορκίᾳ
1557 1555 1656 1625 τὴν

99 1641 248 1706 πολιν,
287 1641 491 1711 μιαίνει
512 1659 572 1694 τε
595 1642 666 1695 τὰ
700 1643 850 1711 ἅγια,
881 1644 1042 1715 μέχρι
1073 1645 1182 1698 τῶν
1209 1645 1416 1699 ἀδύτων
1436 1647 1543 1699 τῶν
1577 1649 1654 1700 ἱε-

104 1733 180 1803 μιῦ
212 1731 507 1801 προελθών.
555 1733 665 1786 Καὶ
705 1733 874 1786 ταῦτα
918 1735 1204 1806 συμϐαίνει
1247 1737 1400 1801 ἔτους
1438 1739 1654 1810 πρώτου

100 1827 178 1895 τῆς
219 1825 520 1894 ἑκατοστῆς
561 1825 969 1898 ἑϐδομηκοστῆς
1007 1828 1236 1900 ἐννάτης
1272 1829 1650 1902 Ὀλυμπιάδος,

105 1916 217 1985 μετά
254 1917 586 1988 τετρακόσια
615 1919 968 1990 ἐννενήκοντα
1009 1921 1171 1974 πέντε
1205 1922 1298 1994 ἔτη
1333 1924 1431 1994 τῆς
1472 1924 1653 1997 Κύρου
1687 1902 1728 1956 Β

102 2007 368 2075 βασιλείας,
402 2010 527 2080 ἥτις
575 2008 780 2081 ἦρξατο
817 2013 911 2066 ἐπί⁹
956 2012 1057 2082 τῆς
1102 2017 1471 2088 πεντηκοστῆς
1517 2018 1656 2088 πέμ-

105 2118 220 2170 πτης
259 2102 644 2172 Ὀλυμπιάδος.
696 2105 829 2158 Τότε
877 2105 921 2158 δ’
963 2101 1056 2160 οὖν
1094 2109 1122 2160 6
1168 2109 1468 2181 Πομπήϊος,
1521 2109 1655 2162 ἐλὼν

103 2192 218 2244 κατά
266 2193 470 2264 κράτος
529 2193 628 2265 τὴν
677 2195 1052 2269 Ἰερουσαλὴμ,
1109 2198 1199 2251 τδν
1259 2201 1654 2272 προειρημένον

112 2285 493 2354 Ἀριστόϐουλον
546 2286 838 2358 ἐκπέμψας
881 2288 1098 2360 δέσμιον
1152 2291 1242 2342 ἐπὶ
1291 2289 1527 2362 Ῥώμης,
1578 2291 1656 2362 τῷ

104 2377 260 2428 τούτου
302 2377 524 2448 ἀδελφῷ
569 2379 822 2452 Ὑρκανῷ
862 2380 960 2452 τὴν
993 2381 1402 2453 ἀρχιερωσύνην
1437 2383 1656 2455 παραδί-

105 2467 228 2531 δωσι,
249 2470 307 2522 τὸ
335 2487 392 2522 τε
421 2471 529 2522 πᾶν
568 2470 721 2534 ἔθνος
747 2470 803 2538 ἐξ
827 2472 1035 2536 ἐκείνου
1070 2473 1324 2537 ὑποτελὲς
1369 2475 1655 2545 Ῥωμαίοις

107 2564 473 2631 κατεστήσατο·
503 2562 622 2633 μεθ’
660 2562 720 2615 ὃν
759 2563 1002 2636 Ἡρώδης
1040 2566 1069 2617 6
1102 2565 1455 2637 Ἀντιπάτρου
1503 2568 1650 2630 παῖς,

117 2650 350 2720 ’Υρκανδν
387 2653 616 2717 ἀνελὼν,
663 2653 761 2725 τὴν
792 2654 902 2708 τῶν
931 2657 1198 2710 Ἰουδαίων
1242 2657 1516 2728 βασιλείαν
1550 2658 1653 2712 ὑπὸ

107 2741 185 2809 τῆς
207 2742 486 2812 Ῥωμαίων
515 2744 818 2814 συγκλήτου
846 2744 1039 2816 βουλῆς
1073 2745 1458 2818 ἐγχειρίζεται,
1498 2748 1650 2820 πρῶ-

107 2831 179 2893 τε
219 2851 272 2886 τε
327 2834 489 2898 αύτδς
541 2835 600 2900 ἐξ
657 2835 952 2906 ἀλλοφύλου
1003 2837 1190 2906 γένους
1246 2837 1513 2908 βασιλεύει
1552 2841 1651 2909 ,τοῦ

109 2924 278 2990 ἔθνους,
311 2926 408 2997 τὴν
440 2927 552 2979 τῶν
583 2929 888 3000 ἀρχιερέων
932 2929 1072 2983 κατά
1117 2929 1207 2982 τὸν
1251 2932 1530 2996 Μωῦσέως
1561 2933 1649 2986 νό-

113 3034 189 3085 μον
215 3017 526 3088 διαφθείρας
555 3019 727 3086 τάξιν.
774 3021 832 3073 Ὀ
883 3020 982 3091 μὲν
1029 3020 1136 3092 γὰρ
1183 3021 1324 3086 θεῖος
1367 3023 1528 3095 νόμος
1564 3013 1651 3080 δίά

113 3107 202 3175 βίου
253 3109 502 3181 ἱερᾶσθαι
559 3110 637 3181 τῷ
687 3109 806 3181 Θεῴ
856 3111 946 3163 τὸν
1009 3113 1264 3166 ἀνωτάτω
1328 3117 1649 3186 προστάττει

112 3200 334 3274 ἀρχιερέα
369 3217 382 3230 ⁸
443 3205 472 3255 6
537 3203 581 3255 δ’
651 3202 896 3274 Ἡρώδης
958 3205 1017 3257 ού
1080 3209 1190 3270 τοῖς
1252 3206 1360 3260 ἀπὸ
1418 3207 1606 3276 γένους
1631 3249 1645 3272 ,

115 3293 195 3345 οὐδ’
243 3289 320 3357 οἷς
377 3295 655 3365 προσῆκον
711 3290 780 3367 ἦν
836 3297 1083 3350 ἀπεδίδου
1135 3298 1234 3370 τὴν
1287 3299 1646 3370 λειτουργίαν,

115 3379 508 3454 ἀπεξενωμένοις
562 3384 619 3436 δέ
679 3402 819 3451 τισι,
887 3388 980 3440 καὶ
1034 3387 1334 3460 ἀλλοτρίοις
1383 3389 1484 3459 τῆς
1543 3389 1651 3443 τῶν

115 3471 373 3545 ἀρχιερέων
433 3477 720 3549 διαδοχῆς,
777 3479 870 3531 καὶ
925 3479 1044 3532 οὐδὲ
1097 3480 1306 3545 τούτοις
1379 3481 1647 3554 διαρκῶς,

266 3568 474 3640 βραχὺν
529 3569 587 3622 δέ
635 3588 754 3623 τινα
813 3571 907 3623 καὶ
962 3572 1389 3642 περιωρισμένον
1441 3573 1648 3645 χρόνον,

118 3655 262 3712 more
293 3660 474 3724 ἄλλοις
493 3661 594 3731 τὴν
609 3661 775 3733 τιμὴν
793 3663 1086 3735 ἀντιδωρού
1095 3681 1271 3734 μενος,
1288 3663 1427 3716 ὥστε
1443 3664 1540 3728 τὰς
1555 3665 1652 3735 μὲν

120 3747 299 3818 πρώτας
325 3751 464 3805 ἐπτά
488 3751 788 3823 ἑϐδομάδας
817 3753 925 3806 ἀπὸ
949 3755 1132 3824 Κύρου
1162 3755 1255 3808 καὶ
1281 3755 1374 3808 ἐπὶ
1403 3759 1648 3827 Δαρεῖον,

117 3836 188 3902 τάς
229 3843 278 3896 δὲ
320 3845 516 3907 λοιπάς
565 3844 924 3917 ἑξηκονταδύο
963 3847 1072 3900 ἀπὸ
1112 3848 1338 3919 Δαρείου
1409 3849 1501 3902 καὶ
1559 3850 1652 3901 ἐπὶ

122 3930 354 4006 Πομπήϊον
396 3937 486 3990 τὸν
541 3937 822 4008 Ῥωμαίων
874 3937 1175 4010 στρατηγὸν
1227 3939 1646 4012 περιορίζεσθαι.

123 4020 200 4073 Καὶ
242 4026 376 4079 κατά
413 4027 605 4098 τρίτην
639 4026 695 4079 δέ
729 4026 960 4099 θεωρίαν
987 4027 1168 4100 εὕροις
1200 4029 1266 4082 ἂν
1316 4029 1491 4094 ἄλλως
1551 4031 1651 4082 ἐπ-

123 4113 475 4188 αριθμούμενος
499 4121 626 4182 τοὺς
654 4117 878 4191 χρόνους
893 4118 1000 4173 τῶν
1024 4119 1164 4173 ἑπτά
1185 4121 1276 4174 καὶ
1295 4120 1649 4193 ἑξηκονταδύο

122 4203 402 4276 ἐῧδομὰδων,
430 4213 488 4265 αἳ
513 4211 874 4264 συντείνουσιν
896 4215 976 4274 είς
995 4211 1091 4285 ἐτη
1115 4213 1439 4284 τετρακόσια
1455 4213 1646 4283 ὀγδοη-

123 4305 361 4373 κοντατρία
386 4344 400 4366 ,
444 4305 531 4355 ἐπ’
575 4303 737 4356 αὑτὸν
784 4302 1092 4371 Αὔγουστον
1130 4305 1220 4356 καὶ
1261 4305 1353 4357 ἐπὶ
1405 4305 1648 4377 Ἡρώδην

120 4390 212 4454 τοὺς
249 4393 494 4467 πρώτους
538 4393 599 4459 ἐξ
635 4395 930 4464 ἀλλοφύλου
972 4395 1161 4464 γένους
1207 4395 1644 4465 βασιλεύσαντας,

123 4478 208 4529 καθ’
235 4483 315 4547 οῦς
335 4486 369 4554 ἠ
399 4482 495 4538 τοῦ
520 4485 769 4555 Σωτῆρος
791 4485 946 4555 ἡμῶν
989 4479 1160 4554 Ἰησοῦ
1181 4485 1416 4556 Χριστοῦ
1437 4487 1647 4554 γένεσις

1763 637 2125 709 principatum
2158 652 2188 690 a
2219 638 2394 706 primo
2429 637 2570 708 regis
2599 637 2725 708 Cyri
2782 652 2948 703 anno,
2989 646 3043 693 et
3085 637 3328 694 Iudaica:

1760 730 1936 800 gentis
1963 729 2168 784 reditus
2200 731 2265 785 de
2287 730 2581 801 Babylone,
2611 731 2788 784 omnis
2813 747 3024 784 summa
3056 748 3325 787 annorum

1760 820 2038 891 colligitur
2068 821 2590 891 quadringentorum
2631 823 2903 893 octoginta
2928 823 3186 893 duorum,
3218 842 3328 895 quo

1761 919 1876 966 toto
1907 920 2151 981 tempore
2179 912 2464 982 pontiﬁces
2502 911 2868 981 prml’uertmt,
2901 930 3039 984 quos
3073 931 3172 986 ego
3201 917 3328 984 qni-

1759 1004 1880 1059 dem
1913 1005 2115 1060 Christi
2151 1005 2307 1059 ducis
2353 1005 2734 1074 appellatione,
2763 1021 2791 1058 a
2842 1008 3122 1077 prOphetia
3156 1009 3325 1080 signi-

1761 1095 1911 1150 ﬁcari
1965 1097 2205 1150 arbitror
2257 1116 2270 1151 :
2333 1103 2455 1165 post
2517 1111 2676 1164 quos,
2717 1096 2959 1165 ipsorum
3023 1099 3324 1153 novissimo

1759 1187 2071 1242 Alexandro
2097 1187 2413 1248 decedente,
2440 1203 2526 1241 res
2552 1185 2862 1241 Iudaeorum
2904 1189 3021 1242 sine
3052 1190 3320 1260 principe,

1760 1279 1877 1333 sine
1907 1279 2066 1341 duce,
2093 1280 2365 1334 neminem
2404 1279 2495 1350 qui
2551 1287 2804 1350 praeesset
2852 1279 3135 1348 habentes,
3158 1285 3324 1338 relin-

1757 1379 2019 1440 quuntur.
2055 1370 2276 1424 Factum
2310 1372 2492 1440 itaque
2527 1377 2631 1431 est,
2660 1379 2718 1423 ut
2766 1386 2952 1424 eorum
3012 1388 3236 1437 regnum
3269 1373 3322 1426 in

1759 1460 2014 1516 feminam
2039 1462 2254 1516 tandem
2282 1461 2553 1516 reciderit.
2582 1461 2751 1531 Cujus
2783 1463 2874 1516 ﬁlii
2898 1463 3006 1517 duo
3039 1465 3324 1518 Aristobu-

1759 1549 1842 1603 lus
1875 1556 2037 1618 atque
2095 1549 2404 1620 Hyrcanus,
2440 1548 2569 1602 dum
2618 1549 2759 1603 inter
2798 1566 2857 1605 se
2907 1551 2974 1606 de
3010 1552 3320 1623 principatu

1756 1639 2115 1703 contendunt,
2149 1639 2439 1710 Pompeius
2462 1641 2665 1696 interea
2697 1640 3064 1696 Boruanorum
3088 1643 3324 1714 impera-

1755 1739 1863 1795 tor,
1889 1730 2265 1801 llierosolyma
2296 1745 2611 1801 aggressus,
2644 1747 2766 1784 cum
2797 1732 3080 1787 obsidione
3133 1734 3321 1788 urbem

1755 1825 1922 1895 capit,
1954 1831 2068 1878 tum
2105 1840 2280 1894 usque
2313 1825 2379 1879 ad
2414 1825 2709 1894 penetralia
2760 1827 2943 1896 templi
2974 1842 3318 1897 progressus,

1757 1931 1879 1985 qua:
1909 1925 2094 1970 sancta
2149 1915 2204 1968 in
2248 1915 2355 1970 illis
2407 1914 2752 1975 dicebantur.
2788 1913 3060 1984 profanat.
3111 1915 3176 1968 Et
3209 1916 3324 1970 lucc

1755 2006 1960 2062 .ludazis
2034 2006 2289 2060 accidunt
2335 2007 2645 2061 centesima:
2697 2009 3106 2078 septuagesima:
3169 2024 3324 2064 noua:

1755 2099 2079 2170 olympiadis
2100 2113 2244 2153 anno
2268 2099 2464 2170 primo,
2491 2099 2582 2168 qui
2610 2099 2710 2153 fuit
2740 2115 2917 2154 annus
2947 2115 2975 2153 a
2997 2100 3120 2170 Cyri
3156 2115 3322 2168 regno

1755 2191 2323 2261 quavlringentesimus
2384 2191 2770 2260 nonagesimus
2828 2190 3095 2260 quintus.
3162 2191 3322 2259 cujus

1754 2282 1905 2352 regni
1938 2282 2151 2335 initium
2184 2282 2638 2351 quinquagesima
2679 2281 2867 2352 quinta
2897 2281 3203 2352 Olympiade
3243 2281 3323 2335 fa-

1754 2381 1902 2426 ctum
1944 2379 2048 2426 est.
2102 2370 2206 2426 Per
2255 2372 2308 2426 id
2361 2373 2526 2442 igitur
2583 2372 2846 2441 temporis
2895 2371 3216 2442 Pompeius,
3267 2372 3318 2425 vi

1755 2463 1929 2531 captis
1965 2461 2375 2534 Hierosolymis,
2407 2474 2460 2516 et
2492 2463 2732 2518 vinctum
2798 2464 3169 2518 Aristolmlum
3212 2465 3321 2519 Ro-

1752 2569 1894 2606 mam
1944 2555 2127 2616 mittit,
2151 2562 2205 2608 et
2250 2555 2414 2624 hujus
2445 2553 2599 2609 fratri
2654 2554 2904 2626 Hyrcano
2955 2558 3319 2612 sacerdotium

1755 2647 1940 2704 tradit.
1977 2655 2139 2717 atque
2171 2663 2233 2701 ex
2281 2648 2373 2700 illo
2421 2655 2662 2716 tempore
2707 2648 2959 2704 universa
3007 2648 3319 2704 .Iudzcorum

1752 2741 1902 2795 natio
1933 2739 2192 2792 Romanis
2216 2739 2503 2793 tributaria
2534 2741 2675 2793 l'acta
2717 2747 2819 2794 est.
2855 2739 2983 2795 Post
3011 2741 3319 2812 Hyrcanum

1753 2829 2014 2892 Herodes,
2056 2828 2322 2899 Antipatri
2376 2829 2536 2892 (ilius,
2570 2829 2689 2897 ipso
2718 2829 3006 2884 interfecto
3048 2830 3318 2903 Hyrcano,

1751 2922 2015 2993 largiente
2067 2920 2314 2975 llomano
2369 2929 2584 2986 senatu,
2638 2919 2948 2976 Judteorum
2995 2923 3206 2978 obtinet
3235 2939 3323 2978 re-

1751 3031 1937 3086 gnum.
1972 3013 2071 3068 llic
2117 3014 2328 3084 primus
2357 3015 2537 3068 alieno
2569 3022 2722 3068 ortus
2747 3029 2964 3084 genere,
3004 3015 3322 3085 perturbato

1749 3104 2066 3174 pontiﬁcum
2099 3101 2312 3164 ordine,
2351 3104 2446 3173 qui
2496 3102 2732 3158 Mosaiea
2786 3105 2898 3176 lege
2935 3108 3180 3161 saneitus
3207 3106 3323 3160 fue-

1751 3202 1856 3258 rat,
1885 3196 1937 3248 in
1970 3195 2057 3248 illa
2081 3203 2240 3266 gente
2268 3202 2478 3266 regnat.
2505 3193 2610 3250 Lex
2657 3197 2799 3250 enim
2849 3196 3028 3249 divina
3073 3197 3320 3267 jubebat,

1752 3297 1810 3343 ut
1841 3290 2110 3345 maximus
2137 3290 2380 3360 pontifex
2417 3305 2580 3360 quam
2617 3291 2709 3345 diu
2761 3291 2967 3348 vireret
3015 3293 3323 3350 sacerdotio

1753 3379 2090 3450 fungeretur.
2127 3381 2196 3434 At
2227 3381 2470 3438 Herodes
2505 3397 2612 3436 non
2645 3383 2713 3437 iis
2734 3385 2826 3453 qui
2859 3385 3100 3454 legitimo
3123 3401 3322 3454 genere

1751 3474 1856 3527 orti
1894 3483 2100 3536 essent,
2145 3490 2320 3544 neque
2369 3476 2435 3529 iis
2486 3475 2577 3544 qui
2631 3475 2684 3529 id
2715 3475 2858 3544 juris
2900 3477 3179 3540 haberent,
3224 3479 3318 3533 sed

1753 3565 2118 3635 supposititiis
2149 3566 2501 3635 quibusdam,
2538 3578 2702 3637 atque
2736 3583 2766 3621 a
2810 3569 2954 3622 serie
3001 3585 3064 3623 ac
3097 3584 3320 3624 succes-

1751 3655 1904 3710 sione
1929 3656 2246 3724 pontiﬁcum
2286 3658 2479 3714 alienis
2512 3658 2564 3712 id
2587 3660 2828 3713 muneris
2848 3659 3115 3724 attribuit,
3153 3676 3216 3716 ac
3251 3677 3320 3716 ne

1751 3747 1820 3803 iis
1853 3746 2086 3835 quidem.
2124 3749 2178 3802 in
2232 3759 2577 3820 perpetuum,
2608 3751 2700 3806 sed
2752 3751 2818 3804 ad
2855 3751 3015 3806 breve
3045 3752 3317 3822 quoddam

1750 3840 2280 3912 determinatumque
2335 3851 2550 3912 tempus
2608 3845 2940 3914 gratiﬁcans,
2963 3844 3124 3916 395
3158 3852 3322 3913 atque

1750 3932 1856 3986 alio
1891 3941 2133 4002 tempore
2185 3934 2308 3988 aliis
2342 3935 2611 4004 ejusmodi
2667 3936 2926 3992 honorem
2979 3937 3318 4007 impertiens,

1753 4037 1810 4081 ut
1839 4028 1942 4083 hac
1978 4029 2206 4088 ratione,
2242 4031 2429 4099 prima}
2464 4030 2683 4100 quidem
2715 4030 3082 4087 hebdomades
3113 4039 3319 4101 septem

1750 4135 1780 4172 a
1803 4118 1946 4189 Cyro
1977 4120 2042 4174 ad
2091 4119 2337 4184 Darium,
2372 4121 2594 4191 reliquae
2617 4137 2749 4176 vero
2785 4123 3066 4192 sexaginta
3112 4122 3254 4186 dum,
3288 4141 3318 4175 ιι

1751 4209 1913 4265 Dario
1941 4211 2008 4264 ad
2041 4213 2420 4281 imperatorem
2449 4210 2815 4267 Romanorum
2847 4213 3159 4284 Pompeium
3189 4229 3319 4268 cono

1752 4301 2047 4358 tineantur.
2078 4305 2144 4355 At
2175 4303 2220 4358 si
2247 4304 2462 4358 tertiam
2502 4312 2761 4373 praeterea
2801 4307 3319 4374 contemplationem

1752 4391 1886 4445 velis
1925 4391 2202 4454 insistere,
2235 4401 2398 4461 atque
2437 4391 2542 4444 alia
2569 4391 2802 4460 quadam
2843 4396 3049 4444 ratione
3073 4401 3318 4459 tempora

1749 4491 1954 4553 septem
2003 4490 2057 4535 tt
2089 4484 2366 4551 sexaginta
2414 4481 2645 4536 duarutn
2690 4481 3084 4536 bebdomadum
3127 4497 3320 4536 nume-

124 4568 359 4642 ἱστορεῖται
398 4577 870 4648 περιγραφομένη,
912 4578 991 4642 εί,
1038 4575 1341 4648 ἀρξάμενος
1383 4577 1490 4630 ἀπὸ
1542 4579 1645 4630 Δα-

1753 4589 1891 4639 rare,
1926 4587 2046 4643 qua:
2075 4589 2248 4629 annos
2271 4575 2554 4629 continent
2586 4574 3012 4644 quadringentos
3041 4575 3318 4642 octoginta

125 4662 227 4729 ριίου
252 4670 339 4720 καὶ
371 4668 472 4738 τῆς
503 4667 950 4740 συμπληρώσεως
989 4667 1082 4720 τοῦ
1123 4668 1251 4721 ναοῦ
1273 4711 1287 4735 ,
1328 4669 1420 4722 τδν
1458 4670 1650 4742 δηλού-

127 4769 242 4817 μενον
287 4761 520 4832 ἀριθμὸν
575 4760 889 4832 άναλογίσῃ.
971 4761 1196 4833 Δαρείου
1239 4763 1348 4830 γὰρ
1404 4761 1544 4817 κὶτά
1590 4763 1652 4816 τὸ

124 4839 319 4919 δεύτερον
360 4851 480 4914 ἔτος
500 4890 515 4914 ,
542 4851 636 4903 τὸν
676 4850 1142 4922 ἐϐδομηκονταετῆ
1175 4852 1365 4923 χρόνον
1397 4853 1495 4922 τῆς
1524 4855 1651 4926 ἐρη-

126 4935 300 5005 μώσεως
351 4943 708 5014 Ἰερουσαλὴμ
769 4943 1221 5013 συμπεπεράσθαι
1275 4945 1302 4996 6
1366 4946 1650 5017 προφήτης

125 5025 338 5103 ῖιχαρίας
365 5035 517 5107 δηλοί
547 5036 720 5104 λέγων
739 5051 752 5064 °
809 5053 827 5085 ι
859 5034 938 5105 Τῇ
977 5036 1193 5108 τετράδι
1225 5037 1318 5088 καὶ
1349 5037 1552 5102 simiai,
1586 5039 1644 5090 ἐν

122 5118 174 5187 τῷ
193 5125 433 5200 ἑνδεκάτῳ
471 5129 620 5200 μηνὶ,
653 5129 813 5194 αὑτός
839 5132 954 5183 ἐστι
977 5129 1177 5195 Σαὸἀτ,
1215 5131 1272 5183 ἐν
1301 5129 1380 5202 τῷ
1408 5130 1644 5203 δευτέρῳ

123 5204 197 5262 ἔτει
226 5218 465 5288 Δαρείου,
499 5219 716 5287 ἐγένετο
763 5219 917 5288 λόγος
965 5220 1172 5290 Κυρίου
1206 5219 1340 5291 πρὸς
1369 5222 1646 5293 Ζαχαρίαν

122 5297 184 5350 τὸν
208 5307 279 5360 τοῦ
309 5309 600 5381 Βαραχίου.
639 5329 656 5361 ι
695 5308 806 5363 Εἶθ’
845 5310 971 5380 ἑξῆς
1007 5310 1280 5379 ἐπιλέγει·
1321 5331 1339 5363 ι
1370 5313 1479 5366 Καὶ
1506 5315 1642 5368 ἀπε-

125 5395 238 5470 κρίθη
278 5403 303 5453 ὁ
335 5403 566 5472 ἄγγελος
634 5406 861 5476 Κυρίου,
906 5405 1002 5458 καὶ
1058 5401 1179 5457 εἶπε
1207 5421 1222 5436 ·
1281 5405 1452 5476 Κύριε
1505 5422 1640 5458 παν-

125 5492 366 5568 τοκράτωρ,
389 5497 496 5560 ἕως
528 5497 672 5562 τίνος
698 5499 757 5550 οῦ
792 5498 864 5569 μὴ
882 5499 1111 5570 ἐλεήσῃς
1139 5498 1239 5568 τὴν
1267 5495 1638 5568 Ἰερουσαλὴμ,

127 5582 189 5631 κιιί
217 5589 300 5651 τὰς
342 5592 522 5655 πόλεις
565 5589 765 5654 Ἰούδα,
801 5591 866 5654 ἃς
906 5591 1184 5664 ὑπερεῖδες
1213 5590 1372 5644 τοῦτο
1414 5590 1641 5660 ἑϐδομη-

128 5673 265 5726 κοπδν
304 5677 434 5742 ἕτος;
475 5697 493 5728 ›
530 5679 731 5732 Τοῦτον
773 5679 835 5750 δὴ
873 5676 964 5733 οῦν
1001 5680 1160 5758 αυτὸν
1191 5680 1268 5752 τῷ
1311 5680 1440 5753 θείῳ
1471 5677 1640 5733 Πνεύ-

177 5852 209 5885 ⁸³
239 5856 453 5916 Zarltar.
495 5879 546 5923 ι,
583 5861 630 5916 7.

402 5960 664 6019 larum.
716 5961 830 6016 (in.
888 5956 1086 6017 XXII.

1443 5923 1467 5941 δ

1752 4674 1882 4731 tres,
1903 4667 2150 4722 invenias
2174 4665 2316 4722 idem
2343 4667 2609 4737 temporis
2638 4666 2874 4738 spatium
2903 4666 2968 4721 ad
3011 4668 3318 4740 Augustum

1750 4774 1926 4828 usque
1959 4766 2123 4830 atque
2149 4757 2548 4831 Herodem,qui
2574 4759 2963 4831 primiexterni
2987 4761 3201 4832 generis
3234 4776 3322 4815 re-

1748 4861 2007 4923 gnarunt,
2032 4869 2378 4924 quorumque
2410 4854 2747 4923 temporibus
2797 4853 3099 4908 Salvatoris
3146 4855 3319 4908 nostri

1747 4943 1875 5000 Jesu
1906 4945 2110 4998 Christi
2170 4953 2326 5000 ortus
2381 4945 2552 5000 luisse
2599 4954 2955 5011 memoratur,
3010 4947 3319 5016 propagari,

1750 5035 1797 5089 si
1828 5035 1986 5088 modo
2018 5037 2160 5089 hunc
2189 5051 2351 5105 quem
2397 5036 2510 5090 dixi
2565 5052 2851 5090 numerum
2911 5047 3128 5106 sumpto
3167 5037 3324 5089 initio

1752 5142 1782 5180 a
1807 5126 1968 5181 Dario
1997 5127 2292 5196 templique
2315 5127 2661 5182 absolutione
2691 5128 2998 5197 recolligas.
3025 5127 3105 5180 Ad
3131 5141 3324 5181 secun-

1754 5219 1881 5272 dum
1910 5219 2054 5273 enim
2117 5217 2262 5270 Darii
2319 5233 2546 5283 annum,
2580 5229 2795 5290 tempus
2824 5219 3138 5273 solitudinis
3171 5217 3324 5272 urbis

1746 5310 2048 5364 Jerusalem
2075 5351 2088 5368 .
2120 5309 2265 5379 quod
2305 5312 2781 5380 septuagenarium
2835 5311 2957 5374 fuit,
3006 5311 3324 5381 pervenisse

1750 5403 2013 5473 propheta
2043 5400 2338 5456 Zacharias
2373 5402 2579 5456 indicat
2604 5405 2690 5459 his
2718 5404 2903 5458 verbis
2939 5422 2952 5455 :
2985 5422 3002 5453 ι
3035 5403 3091 5456 ln
3121 5402 3209 5457 die
3245 5404 3324 5456 vi-

1749 5497 1953 5550 cesimo
1983 5504 2180 5565 quarto
2216 5495 2491 5547 undecimi
2541 5498 2748 5552 mensis
2800 5497 2869 5563 (is
2910 5504 2993 5550 est
3040 5495 3224 5566 Sabat)
3265 5497 3320 5550 in

1751 5604 1894 5641 anno
1916 5585 2156 5642 secundo
2187 5585 2354 5648 Darii,
2393 5583 2595 5640 factttm
2643 5598 2725 5643 est
2759 5589 2982 5642 verbum
3010 5585 3220 5641 Domini
3253 5588 3320 5640 ad

1751 5679 2067 5736 Zachariam
2097 5681 2265 5735 ﬁlium
2290 5678 2565 5735 Barachiae
2597 5682 2662 5737 ⁸³.
2707 5699 2724 5734 >
2764 5680 2968 5735 Deinde
2995 5695 3322 5751 progressus

2889 5955 2966 6015 20
