3928 6514
539 401 643 458 599

1205 395 1473 454 EUSEBli
1509 392 1987 452 CESARIENSIS
2022 392 2172 452 OPP.
2212 393 2394 452 PARS
2427 391 2493 453 ll.
2532 423 2589 434 —
2620 386 3114 447 APOLOGETICA.

3667 387 3752 442 600

538 511 903 598 hebdomades
943 509 1318 580 compendium
1369 521 1624 577 accepere
1644 519 1806 575 super
1846 505 2100 575 populum

2222 509 2392 578 Spactv
2412 507 2506 559 καὶ
2529 502 2884 575 προφητείαν,
2903 501 2996 554 καὶ
3022 498 3114 552 τοῦ
3146 500 3337 570 χρῖσαι
3367 496 3528 565 ἆγιον
3551 496 3750 565 ἁγίων.»

539 613 695 657 tuum
717 643 732 666 ,
757 611 811 657 et
833 618 996 673 super
1015 601 1282 656 civitatem
1306 609 1548 654 sanctam
1564 639 1580 664 ,
1607 605 1667 651 ut
1692 602 2101 650 consummetur

542 702 855 765 peccatum,
893 701 944 748 et
982 692 1140 763 quasi
1177 692 1380 746 annulo
1418 689 1702 760 signentur
1741 694 2003 756 peccata:
2048 693 2102 741 et

543 787 830 841 deleantur
876 784 1231 854 iniquitates,
1276 791 1331 836 et
1373 782 1659 851 expientur
1699 778 2014 848 injustitize,
2050 784 2103 831 et

545 879 850 933 adducatur
877 877 1091 946 justitia
1133 876 1458 946 sempiterna
1479 913 1494 938 ,
1529 880 1584 928 et
1612 874 1769 943 quasi
1815 872 1970 943 signo
2003 870 2104 923 im-

545 983 738 1040 presso
788 969 1073 1023 claudatur
1125 969 1262 1022 visio
1303 974 1356 1020 et
1402 965 1725 1035 prophetia,
1779 971 1832 1018 et
1872 969 2105 1032 ungatur

548 1059 784 1115 Sanctus
833 1067 1170 1115 sanctorum.
1208 1078 1224 1110 ι
1262 1058 1423 1128 383
1455 1056 1609 1122 Quod
1665 1056 1834 1126 igitur
1887 1060 2106 1122 septua-

547 1152 694 1222 ginta
724 1151 1187 1207 hebdomadarum
1223 1149 1457 1219 spatium
1483 1189 1499 1214 ,
1534 1147 1581 1202 si
1629 1148 1684 1201 in
1729 1161 1902 1200 annos
1933 1143 2106 1198 resol-

544 1249 727 1306 vatur,
779 1243 1072 1313 nonaginta
1134 1255 1299 1311 supra
1357 1238 1784 1309 quadringentos
1836 1248 2103 1291 summam

547 1333 825 1400 conficiat,
881 1334 1116 1398 nemini,
1149 1337 1281 1404 puto
1305 1373 1319 1400 ,
1351 1329 1574 1388 dubium
1603 1337 1707 1384 est.
1743 1327 1977 1383 Tantum
2009 1326 2109 1398 igi-

545 1432 638 1479 tur
667 1426 930 1496 temporis
961 1424 1340 1497 compendium
1391 1423 1600 1494 accepit
1648 1437 1814 1492 super
1850 1420 2108 1492 populum

548 1527 700 1570 tuum
721 1555 738 1583 ,
771 1516 860 1570 ubi
873 1530 1021 1571 'sane
1052 1531 1266 1571 omnem
1299 1513 1536 1569 Iudaicae
1565 1513 1742 1584 gentis
1771 1510 2113 1567 terminatio-

549 1624 675 1663 nem
722 1608 1048 1664 concludit:
1092 1623 1193 1663 nec
1239 1613 1424 1662 tamen
1481 1607 1602 1662 illos
1649 1606 1703 1660 in
1747 1604 1834 1660 his
1879 1601 2112 1673 amplius

549 1699 645 1755 Dei
679 1700 936 1771 populum
967 1707 1159 1766 vocat,
1202 1700 1298 1756 sed
1341 1700 1625 1770 alloquens
1669 1699 1846 1768 ipsum
1891 1693 2109 1759 Daniel,

555 1808 576 1842 ι
602 1787 889 1859 Populum,
930 1807 950 1842 ι
970 1792 1164 1861 inquit,
1190 1810 1209 1841 ›
1244 1797 1425 1845 tuum:
1449 1809 1467 1841 ι
1494 1789 1873 1861 namquealias
1899 1800 2113 1858 quoque

548 1889 809 1952 tanquam
841 1897 966 1937 eum
1000 1882 1093 1954 qui
1129 1882 1293 1953 impie
1319 1881 1555 1952 egisset,
1596 1889 1650 1937 et
1694 1879 2002 1934 simulacris
2052 1892 2112 1934 se

553 1972 884 2039 addixisset,
917 1988 1026 2028 non
1056 1973 1288 2043 amplius
1319 1988 1477 2028 suum
1514 1973 1771 2043 populum
1806 1969 1949 2025 Deus
1970 2009 1984 2034 ,
2017 1966 2112 2025 sed

553 2063 720 2120 Musis
778 2065 1095 2135 appellavit,
1148 2080 1270 2119 cum
1320 2064 1492 2119 dixit:
1524 2085 1542 2116 ι
1574 2063 1754 2128 Vade,
1808 2061 2111 2126 descende,

554 2158 798 2228 peccavit
822 2159 965 2212 enim
995 2159 1226 2228 populus
1259 2167 1384 2214 tuus
1409 2159 1474 2212 ⁸ο.
1508 2177 1526 2209 ι
1550 2156 1704 2210 Nunc
1732 2155 1897 2225 igitur
1924 2152 2113 2210 eodem

553 2248 715 2303 modo
749 2263 1004 2312 causam,
1038 2265 1136 2304 cur
1167 2247 1298 2302 illud
1344 2248 1604 2317 temporis
1647 2247 1881 2316 spatium
1927 2252 2116 2301 contra

553 2341 676 2396 illos
727 2340 1041 2413 prmﬁnierit
1080 2341 1285 2395 docet:
1335 2341 1438 2394 hoc
1479 2346 1658 2393 autem
1699 2347 1817 2405 est,
1865 2352 1961 2393 eos
2006 2351 2116 2390 non

555 2433 790 2503 amplius
819 2433 1012 2504 dignos
1045 2449 1198 2497 esse,
1235 2433 1327 2502 qui
1359 2432 1590 2502 populus
1627 2430 1722 2485 Dei
1753 2431 2112 2500 appellentur.

553 2523 758 2581 Deinde
801 2526 1046 2596 adjungit
1095 2523 1261 2590 illud,
1297 2543 1314 2575 ‹
1346 2523 1411 2578 Et
1463 2523 1636 2595 Super
1669 2524 1941 2577 civitatem
1991 2536 2120 2576 san-

553 2625 695 2671 ctam
727 2635 742 2686 ;
775 2636 795 2670 t
821 2618 910 2673 ubi
944 2617 1075 2671 illud
1124 2625 1267 2670 tuam
1304 2633 1496 2672 rursus
1527 2633 1558 2670 a
1602 2614 1869 2685 superiori
1918 2611 2122 2667 subau-

554 2711 790 2766 divimus
822 2730 834 2766 :
872 2718 931 2764 ut
963 2713 1040 2764 ita
1072 2709 1282 2764 dictum
1310 2725 1432 2764 esse
1466 2708 1739 2771 videatur,
1770 2723 1788 2756 ‹
1820 2720 1985 2775 super
2023 2719 2122 2773 po-

555 2803 742 2872 pulum
784 2810 937 2857 tuum
981 2812 1034 2856 et
1073 2819 1238 2873 super
1279 2803 1556 2857 civitatem
1601 2807 1846 2855 sanctam
1880 2805 2065 2862 tuam,
2099 2815 2116 2846 ι

555 2909 665 2949 non
695 2909 856 2950 secus
889 2910 952 2949 ac
985 2897 1031 2948 si
1058 2895 1320 2949 dixisset:
1346 2893 1476 2960 Quce
1498 2900 1602 2946 ate
1633 2899 1819 2946 saneta
1847 2889 2126 2944 existima—

555 2994 666 3042 tur.
720 2985 856 3040 Nam
885 2996 938 3041 et
965 2985 1265 3040 ilebraicus
1313 2993 1620 3048 contextus,
1652 2990 1705 3037 et
1736 2981 1926 3050 reliqui
1960 2981 2125 3034 inter-

555 3087 739 3150 pretes
799 3095 909 3133 uno
963 3094 1090 3143 ore,
1142 3092 1250 3133 non
1304 3077 1481 3132 solum
1545 3077 1611 3130 ad
1672 3074 1930 3145 populum
1989 3072 2118 3126 illud

2202 601 2320 653 Ὅτι
2348 599 2454 651 τῶν
2488 598 2854 669 ἑϐδομήκοντα
2873 593 3179 666 ἑϐδομάδων
3212 594 3243 645 ὁ
3277 591 3501 662 χρόνος,
3526 591 3583 643 ἐν
3608 591 3758 644 ἐτεσιν

2201 691 2580 762 ἀναλυόμενος,
2635 689 2983 759 ἐννενήκοντα
3059 686 3194 758 πρὸς
3243 687 3370 747 τοῖς
3412 683 3760 754 τετρακοσίοις

2201 784 2427 855 ἀριθμὸν
2455 781 2692 850 συνάγει,
2724 778 2884 832 παντί
2913 795 3013 831 που
3033 777 3202 848 δῆλον.
3241 773 3523 836 Τοσοῦτος
3553 791 3629 827 τοι
3645 791 3760 846 γαρ.

2201 876 2294 929 οῦν
2345 872 2650 942 συνετμήθη
2704 869 2892 941 χρόνος
2940 869 3032 922 ἐπὶ
3081 866 3172 919 τὸν
3215 865 3354 918 λαόν
3412 881 3532 930 σου,
3572 863 3630 916 τὸ
3667 866 3758 918 πᾶν

2206 966 2579 1039 συμπέρασμα
2621 962 2716 1016 τοῦ
2757 959 3021 1016 Ἰουδαίων
3055 958 3395 1030 περιορίζων
3434 956 3650 1018 ἔθνους·
3681 959 3760 1009 καὶ

2204 1059 2385 1114 οὐκέτι
2405 1075 2468 1126 γε
2499 1057 2694 1119 αὐτοὺς
2717 1056 2774 1108 ὲν
2809 1053 3017 1116 τούτοις
3043 1050 3177 1105 Θεοῦ
3203 1050 3339 1103 λαὸν
3369 1047 3758 1119 προσαγορεύει,

2206 1151 2338 1206 ἁλλὰ
2368 1149 2446 1220 τῷ
2479 1148 2680 1219 Δανιὴλ
2702 1163 2854 1218 φησι,
2887 1164 2905 1196 ι
2929 1145 3055 1198 λαόν
3089 1161 3201 1196 σου.
3228 1161 3246 1192 ι
3281 1142 3504 1211 Ὥσπερ
3524 1138 3628 1211 γὰρ
3657 1141 3764 1192 ἀσε-

2207 1241 2451 1314 ϐήσαντὰ
2475 1257 2604 1292 ποτε
2632 1239 2728 1292 καὶ
2755 1235 3284 1307 είδωλολατρήσαντα
3312 1233 3413 1285 ἐπὶ
3439 1232 3538 1301 τῆς
3558 1232 3760 1303 ἐρήμου,

2206 1334 2388 1389 οὐκέτι
2434 1332 2563 1385 λαὸν
2602 1329 2793 1384 ἑαυτοῦ
2824 1332 2852 1383 ὁ
2879 1328 3028 1394 Θεὸς,
3062 1326 3193 1380 ἀλλὰ
3221 1325 3321 1379 τοῦ
3349 1324 3596 1387 Μωσέως
3623 1342 3763 1395 προσ.

2207 1429 2326 1479 εἷπε
2351 1465 2365 1490 ,
2403 1424 2578 1494 φήσας
2598 1438 2611 1451 ο
2651 1441 2669 1474 ι
2698 1420 2913 1485 Βάδιζε,
2947 1419 3247 1489 κατάϐηθι·
3308 1416 3560 1487 ἡνόμησε
3609 1417 3706 1487 γὰρ
3739 1419 3762 1470 ὁ

2207 1515 2334 1578 λαός
2368 1530 2488 1568 σου·
2523 1531 2542 1566 ι
2580 1513 2671 1567 τὸν
2717 1510 2876 1565 αὐτὸν
2910 1511 3107 1582 τρόπον
3165 1507 3455 1562 κάνταῦθα
3492 1506 3585 1560 τοῦ
3635 1525 3762 1579 περι-

2209 1605 2436 1678 ωρίσθαι
2467 1604 2587 1658 κατ’
2619 1600 2797 1657 αὐτῶν
2847 1599 2935 1653 τὸν
2969 1597 3270 1669 δηλωθέντα
3306 1594 3507 1667 χρόνον
3533 1593 3592 1646 τὸ
3620 1592 3762 1646 αἴτιον

2211 1698 2542 1754 ὲκδιδὰσκεν
2588 1695 2744 1749 τοῦτο
2790 1693 2832 1746 δ’
2873 1689 2940 1763 ἧν
2985 1691 3046 1744 τὸ
3094 1690 3292 1762 μηκέτι
3347 1687 3447 1740 τοῦ
3500 1685 3629 1740 Θεοῦ
3658 1685 3760 1738 λαὸν

2212 1789 2406 1853 αὐτοὺς
2435 1786 2815 1854 καταξιοῦσθαι
2839 1782 3210 1856 χρηματίζειν.
3241 1778 3525 1847 Ἐπιλέγει
3545 1778 3618 1839 δὲ,
3644 1778 3764 1828 «Καὶ

2142 1859 2186 1915 Β
2212 1881 2303 1934 ἐπὶ
2331 1879 2430 1951 τὴν
2456 1877 2606 1931 πόλιν
2625 1875 2723 1947 τὴν
2751 1873 2914 1943 ἁγίαν
2931 1889 2944 1902 ·
2977 1891 2994 1923 ι
3019 1871 3079 1924 τὸ
3108 1870 3200 1924 σοῦ
3229 1868 3400 1922 πάλιν
3430 1866 3762 1932 ὲξακουὸντων

2211 1972 2368 2044 ἡμῶν
2397 1969 2536 2025 κατὰ
2569 1967 2770 2031 κοινοῦ,
2817 1967 2890 2030 ὡς
2921 1960 3058 2019 εἷναι
3103 1965 3162 2017 τὸ
3190 1963 3493 2034 λεγόμενον
3537 1957 3762 2019 τοιοῦτον,

2219 2083 2238 2117 ι
2262 2065 2382 2117 Ἐπὶ
2401 2063 2489 2116 τὸν
2509 2062 2633 2115 λαόν
2659 2077 2774 2124 σου,
2799 2059 2893 2114 καὶ
2920 2058 3012 2111 ἐπὶ
3038 2057 3134 2128 τὴν
3156 2056 3311 2110 πόλιν
3337 2054 3443 2125 τὴν
3462 2051 3616 2121 ἁγίαν
3639 2067 3758 2110 σου,›

2215 2156 2292 2220 ὼς
2333 2158 2382 2209 εἰ
2429 2157 2651 2224 ἔφασκεο
2713 2150 2823 2223 Τὴν
2885 2152 2967 2204 σοὶ
3026 2148 3425 2220 νενομισμένην
3491 2143 3662 2212 ἁγίαν.
3705 2139 3763 2192 Th

2217 2246 2348 2317 γοῦν
2372 2245 2676 2316 Ἐῧραῖκδν,
2700 2243 2794 2298 καὶ
2821 2243 2870 2296 οἱ
2895 2242 3070 2296 λοιποὶ⁸
3102 2239 3414 2312 συμφώνως
3444 2232 3760 2308 ἑρμηνευταὶ,

2218 2343 2280 2394 οὺ
2318 2339 2475 2411 μόνον
2503 2337 2595 2391 ἐπὶ
2626 2335 2720 2389 τοῦ
2752 2333 2904 2399 λαοῦ,
2941 2333 3074 2386 ἀλλὰ
3102 2333 3195 2386 καὶ
3229 2332 3326 2384 ἐπὶ
3355 2330 3456 2400 τῆς
3495 2326 3685 2380 πόλεως
3713 2322 3762 2374 τὸ

2217 2429 2332 2484 σοῦ
2366 2425 2752 2500 προσκείμενον
2773 2423 3129 2495 περιέχουσιν.
3165 2421 3221 2474 Ὀ
3252 2418 3389 2488 γοῦν
3431 2415 3650 2476 Ἀκύλας
3679 2429 3762 2480 φη-

2221 2519 2323 2573 σίν·
2360 2538 2378 2570 ι
2418 2517 2540 2572 Ἐπὶ
2570 2516 2660 2569 τὸν
2700 2514 2826 2568 λαόν
2857 2531 2970 2576 σου,
3002 2513 3095 2566 καὶ
3127 2511 3217 2563 ἐπὶ
3261 2509 3423 2562 πόλιν
3462 2502 3758 2576 ἡγιασμένην

2222 2631 2338 2666 σουο
2370 2632 2387 2664 ι
2411 2613 2439 2665 ὁ
2465 2611 2521 2665 δὲ
2549 2609 2860 2680 Σύμμαχος
2890 2626 2906 2657 ι
2935 2604 3096 2659 Κατὰ
3143 2603 3236 2657 τοῦ
3265 2601 3405 2656 λαοῦ
3435 2616 3548 2659 σου,
3574 2597 3657 2650 καὶ
3684 2593 3760 2662 τῆς

2222 2704 2430 2767 πόλεως
2463 2703 2561 2773 τῆς
2585 2700 2747 2769 ἁγίας
2779 2716 2892 2752 σου.
2920 2717 2938 2748 ι
2967 2695 3125 2749 Ὅθεν
3158 2695 3252 2748 καὶ
3285 2691 3444 2764 παρὰ
3485 2690 3591 2748 τοῖς
3631 2686 3757 2753 ἀκρι-

2223 2796 2372 2849 ϐέσιν
2409 2772 2759 2864 ἀντιγράφοις
2811 2789 2919 2842 τῶν
2959 2785 3358 2857 Ἐὅδομήκοντα
3409 2781 3470 2834 τὸ
3502 2778 3611 2834 σοῦ
3652 2772 3759 2846 μετὰ

2224 2886 2546 2958 ἁστερίσκου
2583 2882 2933 2954 παραθέσεως
2973 2879 3312 2952 πρόσκειται.
3368 2873 3522 2927 Ἐπεὶ
3564 2869 3660 2938 γὰρ
3691 2865 3758 2917 εὐ-

2227 2975 2453 3046 ξάμενος
2483 2972 2679 3044 Δανιὴλ
2721 2972 2776 3022 ἐν
2802 2972 2913 3032 τοῖς
2942 2968 3040 3037 τῆς
3094 2965 3302 3028 ἱκεσίας
3357 2960 3523 3016 αὑτοῦ
3567 2959 3756 3027 ῥήμασι,

2227 3039 2486 3128 πολλάκις
2510 3064 2601 3117 τὸν
2636 3039 2741 3133 μὲν
2773 3061 2920 3124 λαὸν,
2954 3059 3086 3112 Θεοῦ
3132 3057 3259 3110 λαὸν
3287 3054 3540 3134 ὠνόμασε
3559 3089 3571 3113 ,
3603 3046 3680 3099 τὸν
3711 3039 3757 3096 δὲ

563 3189 582 3223 ‹
614 3179 768 3225 tuum
790 3211 805 3235 ,
841 3191 858 3223 ι
889 3170 982 3226 sed
1021 3171 1183 3225 etiam
1232 3169 1298 3223 ad
1350 3169 1621 3223 civitatem
1644 3207 1658 3231 ,
1700 3165 1832 3220 illud
1867 3183 1885 3216 ι
1918 3173 2065 3218 tuam
2096 3182 2114 3213 ι

2226 3160 2324 3230 τῆς
2359 3155 2565 3218 πόλεως
2600 3155 2782 3217 τόπον,
2822 3152 2974 3219 ἅγιον
2999 3148 3130 3201 Θεοῦ
3167 3147 3354 3209 τόπον,
3390 3134 3758 3210 ἀντιστρέψαςὸ

2460 3246 2507 3257 η’
2687 3242 2708 3257 ⁸
2853 3242 2863 3257 “
3011 3241 3044 3257 ⁸⁸
3166 3239 3184 3257 ’ν
3219 3237 3291 3257 νθνη
3346 3235 3434 3257 _-.~.
3471 3229 3596 3257 our:
3661 3226 3754 3257 ,κη

556 3260 875 3330 adiungunt.
904 3259 1097 3329 Aquila
1131 3258 1310 3329 igitur,
1335 3276 1352 3308 ι
1375 3255 1550 3326 Super
1575 3254 1854 3326 populum,
1882 3273 1899 3304 ι
1930 3252 2124 3322 inquit,

559 3370 582 3404 ι
614 3359 787 3416 tuum,
837 3359 891 3407 et
919 3367 1082 3422 super
1128 3352 1400 3406 civitatem
1453 3347 1845 3403 sanctiﬁcatam
1889 3356 2073 3398 tuam:
2105 3363 2123 3394 ι

559 3443 919 3516 Symmachus
948 3452 1126 3498 autem
1151 3463 1163 3498 :
1191 3462 1209 3494 ‹
1241 3442 1517 3496 Adversus
1555 3438 1818 3510 populum
1848 3445 2001 3491 tuum
2023 3477 2036 3499 ,
2074 3444 2126 3490 et

557 3537 832 3591 civitatem
869 3543 1115 3591 sanctam
1150 3543 1319 3587 tuam.
1357 3550 1375 3584 ι
1405 3530 1671 3598 Quoclrca
1709 3529 1766 3583 in
1800 3529 1958 3584 bonis
1992 3543 2128 3598 quo-

557 3644 664 3698 que
715 3626 853 3684 LXX
897 3625 1257 3697 Interpretum
1302 3623 1617 3683 codicibus.
1653 3621 1784 3676 illud
1834 3637 1852 3671 ι
1884 3627 2067 3684 tuam,
2106 3638 2123 3670 ι

562 3719 776 3777 stellula
828 3719 1074 3790 apposita
1119 3717 1390 3788 adjectum
1442 3721 1527 3770 est
1561 3733 1572 3768 :
1607 3727 1732 3767 nam
1790 3726 1911 3767 cum
1963 3725 2129 3765 orans

561 3812 751 3866 Daniel
797 3811 852 3865 in
895 3811 1004 3866 illis
1054 3825 1167 3866 sua:
1216 3805 1633 3878 supplicationis
1678 3805 1895 3866 verbis,
1929 3803 2129 3872 saepius

559 3904 822 3974 populum
845 3943 860 3968 ,
892 3901 990 3958 Dei
1032 3901 1290 3972 populum
1335 3900 1710 3962 nominasset,
1744 3895 1985 3949 civitatis
2031 3910 2129 3947 au-

561 4003 669 4048 tem
705 3991 917 4053 locum,
953 3996 1204 4044 sanctum
1240 3985 1332 4041 Dei
1365 3986 1545 4040 locum
1571 4023 1586 4049 ,
1614 3991 1835 4038 vertens
1869 3982 1923 4035 in
1953 3982 2132 4035 diver—

561 4097 685 4138 sum
735 4080 828 4152 qui
874 4078 1273 4150 respondebat,
1329 4091 1506 4146 neque
1561 4075 1834 4130 civitatem
1887 4082 2129 4128 sanctam

561 4171 691 4237 Dei,
718 4185 896 4242 neque
923 4170 1182 4241 pepulum
1211 4167 1308 4223 Dei
1335 4182 1458 4224 esse
1487 4165 1711 4228 fatetur,
1740 4164 1835 4219 sed
1855 4183 1874 4214 ι
1893 4174 2046 4218 tuum
2071 4203 2084 4226 ,
2108 4181 2125 4212 ›

562 4265 774 4337 inquit,
803 4264 896 4335 qui
928 4277 1085 4327 oras,
1116 4269 1169 4316 et
1199 4260 1291 4332 qui
1327 4260 1456 4314 talia
1490 4259 1557 4314 de
1591 4257 1794 4328 populo
1825 4264 1879 4311 et
1906 4255 1974 4310 de
2012 4254 2133 4307 loco

564 4355 802 4412 civitatis
828 4353 1038 4410 dixisti.
1076 4351 1252 4408 Verba
1285 4352 1457 4422 ipsius
1504 4349 1690 4406 Daniel
1735 4349 1839 4402 hoc
1880 4346 2042 4402 modo
2073 4360 2132 4401 se

564 4449 808 4504 habent:
844 4465 863 4498 ι
892 4447 1184 4501 Avertatur
1227 4444 1380 4500 furor
1419 4452 1550 4499 tuus
1590 4449 1646 4498 et
1689 4442 1770 4496 ira
1812 4448 1908 4494 tua
1938 4455 1966 4494 a
1999 4439 2133 4494 civi-

561 4545 675 4593 tate
706 4545 800 4591 tua
831 4534 1133 4592 Jerusalem
1165 4542 1220 4590 et
1252 4541 1437 4590 monte
1470 4541 1660 4589 sancto
1685 4540 1781 4587 tuo
1807 4531 1872 4586 “.
1907 4551 1926 4584 ι
1953 4529 2084 4585 Item
2114 4549 2120 4585 :

2236 4524 2330 4578 καὶ
2364 4518 2797 4594 προσευχομένου
2820 4559 2834 4582 ,
2874 4517 2981 4570 ίδοὺ

570 4648 590 4681 ι
619 4628 858 4699 Populus
897 4636 1025 4682 tuus
1054 4626 1229 4682 factus
1258 4636 1341 4682 est
1373 4626 1430 4680 in
1474 4624 1827 4696 opprobrium
1873 4622 2128 4678 omnibus

563 4719 624 4773 in
650 4719 880 4772 circuitu
913 4725 1102 4772 nostro
1130 4717 1196 4769 ⁶¹.
1224 4736 1242 4768 ι
1270 4715 1335 4770 Ει
1361 4730 1555 4771 rursus
1585 4734 1596 4770 :
1628 4732 1646 4766 ι
1671 4711 1910 4768 Ostende
1936 4711 2130 4765 faciem

562 4820 714 4866 tuam
771 4827 934 4881 super
979 4811 1354 4866 sanctuarium
1398 4821 1586 4873 tuum,
1645 4809 1792 4879 quod
1853 4807 2130 4863 desertum

563 4909 649 4958 est
680 4903 751 4955 ".
786 4921 804 4953 ι
836 4904 902 4957 Ει
933 4917 1124 4957 rursus
1153 4919 1169 4956 :
1197 4919 1218 4952 ι
1251 4899 1388 4956 Vide
1427 4900 1708 4955 interitum
1747 4899 1986 4954 civitatis
2025 4905 2131 4952 tuae

565 5010 732 5066 super
775 5010 939 5066 quam
987 4995 1296 5049 invocatum
1345 5003 1430 5049 est
1481 5007 1679 5048 nomen
1709 5000 1860 5045 tuum
1897 4992 1964 5049 “.
2002 5010 2022 5044 ι
2054 4991 2132 5046 Ac

565 5089 867 5160 deinceps:
897 5107 915 5139 ι
951 5085 1089 5154 Quia
1136 5099 1334 5140 nomen
1365 5091 1519 5139 tuum
1565 5085 1876 5138 invocatum
1911 5093 1994 5140 est
2033 5098 2130 5138 suo

567 5192 666 5250 per
695 5175 970 5233 civitatem
1003 5185 1151 5231 tuam
1174 5215 1190 5238 ,
1223 5184 1276 5230 et
1314 5189 1478 5245 super
1518 5175 1778 5244 populum
1814 5181 1967 5241 tuum
2005 5173 2070 5224 ⁸⁸.
2107 5192 2126 5224 ι

567 5273 797 5328 Talibus
840 5285 966 5326 cum
1010 5277 1255 5334 orasset,
1291 5268 1542 5340 adjunxit
1572 5288 1589 5329 :_
1617 5286 1634 5320 ι
1671 5267 1737 5322 Et
1784 5282 1909 5322 cum
1953 5265 2133 5320 adhuc

567 5363 821 5434 loquerer
856 5371 911 5421 et
950 5371 1200 5428 orarem,
1243 5378 1371 5419 ecce
1421 5361 1637 5418 Gabriel
1685 5376 1844 5434 quem
1890 5360 2130 5416 videram

571 5455 628 5510 in
659 5457 869 5511 visione
899 5472 1050 5519 mea,
1081 5456 1273 5511 volans
1307 5455 1482 5526 tetigit
1513 5468 1597 5510 me
1621 5494 1637 5521 ,
1673 5462 1728 5509 et
1759 5453 1896 5508 dixit
1927 5467 1992 5507 ea
2027 5451 2134 5505 uti-

571 5558 680 5614 que
725 5558 845 5614 quaa
887 5545 1137 5615 superius
1175 5544 1448 5615 descripta
1492 5544 1682 5600 habes.
1717 5563 1735 5596 ι
1773 5541 1940 5614 384
1968 5540 2137 5596 Plane

573 5633 739 5706 igitur
769 5636 826 5690 in
859 5636 941 5690 his
995 5638 1259 5707 propheta
1301 5653 1410 5693 non
1454 5636 1776 5707 simpliciter
1818 5635 2127 5700 civitatem,

2232 3246 2603 3321 χρηματίζων,
2655 3242 2776 3296 οῦτε
2815 3242 2912 3312 τὴν
2957 3241 3108 3292 πόλιν
3156 3237 3314 3306 ἁγίαν
3342 3235 3437 3289 τοῦ
3471 3229 3626 3292 Θεοῦ,
3660 3226 3754 3278 οὔτε

2230 3320 2319 3394 τὸν
2350 3337 2476 3391 λαὸν
2505 3334 2599 3388 τοῦ
2622 3333 2755 3386 Θεοῦ
2789 3328 2925 3385 εἶναι
2951 3330 3218 3400 ὁμολογεῖ,
3245 3327 3386 3381 ἀλλὰ
3423 3343 3440 3375 ι
3471 3320 3560 3376 σοῦ
3599 3339 3613 3370 ι
3652 3330 3756 3384 φησι

2230 3430 2323 3484 τοῦ
2392 3425 2845 3500 προσευχομένου,
2916 3421 3010 3476 καὶ
3057 3420 3279 3474 τοιαῦτα
3339 3418 3468 3489 περὶ
3514 3411 3600 3466 τοῦ
3652 3404 3755 3459 λαοῦ

2231 3523 2324 3576 καὶ
2347 3520 2440 3573 τοῦ
2466 3519 2632 3572 τόπου
2661 3517 2753 3570 καὶ
2785 3515 2883 3584 τῆς
2907 3512 3113 3574 πόλεως
3149 3509 3454 3580 εἰρηκότος.
3489 3505 3685 3572 Ἔχουσι
3712 3495 3754 3546 δὲ

2229 3613 2322 3666 τοῦ
2371 3609 2566 3680 Δανιὴλ
2595 3609 2649 3661 αἱ
2701 3606 2872 3676 φωναὶ
2899 3603 3096 3666 οὕτως’
3125 3621 3142 3652 ι
3180 3597 3606 3670 Ἀποστραφήτω
3652 3589 3704 3656 δὴ
3736 3586 3757 3636 ὁ

2233 3705 2399 3775 θυμός
2434 3719 2559 3768 σου,
2609 3699 2769 3768 καὶὴ
2821 3697 2955 3766 ὀργή
3016 3711 3107 3746 σου
3143 3692 3249 3745 ἀπὸ
3295 3691 3399 3761 τῆς
3450 3682 3640 3744 πόλεώς
3683 3694 3754 3730 σου

2243 3773 2594 3864 Ἰερουσαλὴμ
2623 3788 2781 3859 ὅρους
2825 3784 2977 3852 ἁγίου
3033 3799 3124 3835 σου
3145 3798 3158 3812 ·
3187 3801 3204 3832 ι
3236 3780 3352 3838 καί·
3395 3799 3413 3829 ι
3455 3778 3510 3829 '0
3545 3773 3754 3864 Mdg—sou

2231 3883 2448 3948 ἐγένετο
2469 3880 2547 3942 είς
2566 3875 2864 3946 ὀνειδισμὸν
2886 3876 2942 3926 ὲν
2965 3874 3097 3926 πᾶσι
3119 3874 3229 3934 τοῖς
3251 3867 3559 3943 περικύκλῳ
3581 3859 3750 3932 ἠμῶνη

2233 3945 2327 4024 καὶ
2360 3971 2549 4023 πάλιν
2596 3988 2614 4019 ι
2662 3945 2951 4037 Ἐπίφανον
3004 3965 3063 4018 τὸ
3115 3963 3406 4035 πρόσωπόν
3459 3976 3545 4013 σου
3590 3952 3670 4007 ἐπὶ
3710 3945 3754 3998 τὸ

2234 4062 2479 4132 ἁγίασμά
2507 4078 2599 4113 σου
2626 4060 2686 4112 τὸ
2713 4058 2917 4129 ἔρημον
2935 4075 2948 4087 ο
2988 4078 3006 4109 ›
3043 4057 3136 4110 καὶ
3163 4051 3313 4117 αὖθις
3333 4071 3346 4083 ο
3375 4073 3392 4103 ι
3419 4049 3519 4104 Ἴδε
3541 4047 3621 4098 τὸν
3642 4043 3750 4132 dea:

2234 4127 2422 4224 ve:pr
2456 4153 2556 4222 τῆς
2587 4127 2792 4211 πόλεώς
2822 4127 2936 4212 σου,
2961 4151 3044 4218 ἐφ’
3069 4145 3137 4220 ἦς
3162 4145 3515 4215 ἐπικέκληται
3539 4139 3596 4191 τὸ
3619 4127 3754 4201 ὄνομά

2236 4262 2329 4297 σου
2357 4246 2442 4296 ἐπ’
2474 4242 2642 4313 αὐτῆς
2661 4259 2673 4271 ·
2699 4261 2716 4292 ›
2756 4241 2849 4294 καὶ
2877 4240 3002 4311 ἑξῆς
3022 4256 3034 4270 ο
3063 4240 3185 4292 Ὅτι
3235 4237 3296 4289 τὸ
3339 4232 3507 4304 ὄνομα
3559 4244 3639 4281 σου
3679 4224 3752 4274 ἑπ-

2233 4337 2432 4410 εκλήθη
2480 4336 2571 4389 ἐπὶ
2602 4336 2700 4406 τὴν
2753 4333 2902 4387 πόλιν
2953 4349 3045 4384 σου
3089 4332 3182 4384 καὶ
3213 4329 3304 4382 ἐπὶ
3347 4329 3437 4381 τὸν
3465 4323 3583 4378 λαόν
3620 4330 3748 4410 σου.)

2236 4408 2469 4484 Τοιαῦτα
2495 4427 2788 4496 εὐξάμενος
2806 4423 3044 4492 ἐπιλέγει
3067 4439 3080 4452 θ
3111 4442 3129 4472 ‹
3150 4420 3259 4475 Καὶ
3286 4420 3366 4473 ἔτι
3394 4435 3491 4490 μου
3517 4408 3751 4496 λαλοῦντος

3029 4513 3303 4585 Γαϐριὴλ,
3343 4513 3403 4565 ὃν
3434 4506 3563 4563 εἶδον
3613 4504 3661 4554 ὲν
3701 4495 3750 4585 τῇ

2235 4584 2420 4688 ὁράσει
2450 4584 2916 4684 μουξπετόμενος,
2944 4607 3038 4661 καὶ
3068 4584 3240 4678 ἧψατὸ
3269 4623 3394 4676 μου,
3425 4603 3513 4658 καὶ
3541 4595 3645 4651 εἷπε
3667 4610 3680 4640 ι
3700 4584 3748 4638 τὰ

2236 4686 2716 4775 ἀναγεγραμμένα.
2761 4699 2955 4768 Σαφῶς
2984 4692 3076 4750 οὖν
3119 4697 3207 4750 διὰ
3252 4694 3454 4748 τούτων
3478 4691 3510 4742 ὁ
3538 4686 3750 4775 μὲν

2237 4765 2592 4869 φήτῆςῖπὸλιν
2611 4794 2708 4864 οὐχ
2721 4765 2924 4856 ἁπλῶς,
2952 4789 3084 4844 ἀλλὰ
3120 4808 3137 4841 ι
3162 4787 3255 4842 τοῦ
3287 4785 3421 4840 Θεοῦ
3446 4782 3587 4837 πόλιν
3648 4765 3749 4869 ὠνέ-

2240 4858 2404 4960 tia-0's,
2425 4888 2518 4940 καὶ
2539 4885 2599 4940 τὸ
2629 4858 2873 4954 ἁγίασμα
2905 4901 2924 4934 ι
2951 4881 3043 4935 τοῦ
3071 4881 3204 4935 Θεοῦ
3227 4881 3490 4950 ἁγίασμα,
3516 4891 3533 4925 t
3562 4865 3651 4960 καὶΔ
3682 4858 3749 4960 ξὺν

2238 4949 2365 5034 λαὸν
2427 4977 2520 5032 τοῦ
2542 4949 2837 5040 Θεοῦνλαδν,
2850 4996 2868 5028 ι
2887 4975 3114 5028 διαθέσει
3127 4977 3191 5045 τῇ
3209 4972 3342 5043 πρὸς
3352 4949 3442 5024 τον
3452 4963 3582 5019 λαόν.
3595 4949 3748 5009 Οὐκέτι

2243 5076 2348 5146 μὴν
2374 5073 2469 5127 καὶ
2497 5073 2525 5126 ὁ
2557 5071 2797 5142 Γαϐριὴλ
2821 5069 3021 5141 ὁμοίως
3046 5066 3192 5137 αὐτῷ
3214 5063 3365 5118 καλεῖ
3383 5060 3449 5116 τὰ
3473 5047 3744 5146 δηλούμενον

2240 5135 2474 5238 ἔμπαλιν
2507 5166 2583 5229 δὲ,
2606 5186 2623 5216 ι
2657 5135 2778 5218 ἰετὲι
2813 5135 2904 5216 τδν
2927 5161 3052 5215 λαόν
3085 5135 3198 5224 σου,
3221 5159 3406 5231 umet,
3431 5176 3447 5207 ι
3477 5151 3564 5207 καὶ
3577 5144 3652 5238 ἐπί
3675 5135 3747 5238 τῂν

2241 5225 2394 5314 πόλιν
2414 5260 2511 5332 τὴν
2536 5225 2694 5326 ἁγίαν
2721 5273 2835 5322 σου,
2849 5275 2867 5307 ι
2889 5253 3166 5326 μονονουχὶ
3186 5225 3278 5305 καί
3298 5225 3394 5319 τὴν
3409 5234 3661 5332 πόλινὶκαὶ
3676 5225 3744 5332 τον

2234 5353 2380 5420 λαὸν,
2399 5328 2493 5405 καὶ
2513 5350 2572 5404 τὸ
2595 5349 2840 5418 ἁγίασμα
2867 5345 3082 5409 ἀνάξιον
3100 5339 3236 5397 εἶναι
3259 5344 3355 5413 τῆς
3369 5338 3458 5393 τοῦ
3473 5328 3593 5388 Θεοῦ
3617 5330 3747 5420 προσο

2233 5409 2461 5518 arcela;
2505 5409 2805 5512 ἀποοήναξ·
2849 5438 3110 5492 Τοσοῦτον
3136 5437 3201 5509 δὴ
3229 5409 3323 5489 οὒκ)
3361 5433 3536 5506 Χρόνον
3559 5409 3744 5518 ὠρίσᾳέῖ

2237 5537 2377 5592 κατὰ
2414 5536 2508 5590 τοῦ
2541 5533 2671 5589 λαοῦ
2696 5533 2930 5606 πρῶτον,
2963 5531 3152 5586 ἔπειτα
3185 5530 3278 5582 καὶ
3311 5525 3448 5583 κατὰ
3468 5519 3558 5588 τῆς

2674 5587 2928 5690 τοσοῦτός
2950 5640 3013 5694 γε
3050 5623 3124 5683 ὢν
3175 5587 3531 5681 ἀποδείκνυται
3563 5596 3653 5658 ἀπὺ
3667 5587 3742 5657 τῆς

647 5792 691 5824 ⁸⁸
730 5791 901 5848 Exod.
936 5806 1117 5856 xxx",
1149 5792 1203 5850 7.
1281 5794 1323 5825 “
1365 5793 1499 5846 Dan.
1540 5809 1621 5858 Ix,
1661 5792 1741 5847 16.
1819 5792 1862 5822 ⁶’
1903 5789 2033 5845 ibid.
2111 5789 2154 5821 “
2194 5786 2323 5844 ibid.
2361 5786 2444 5840 l7.
2524 5785 2567 5816 “
2609 5783 2736 5840 ibid.
2783 5782 2863 5838 l8.
2942 5782 2984 5814 "
3027 5779 3158 5835 ibid.
3193 5776 3277 5832 i9.
