  <div class='ocr_page' id='page_1' title='image "/cluster/home/n/w/nwhite01/storage/ocr_20150623/22/hvd.32044020605168/330.png"; bbox 0 0 3928 6540; ppageno 0'>
   <div class='ocr_carea' id='block_1_1' title="bbox 218 394 343 450">
    <p class='ocr_par' dir='ltr' id='par_1_1' title="bbox 218 394 343 450">
     <span class='ocr_line' id='line_1_1' title="bbox 218 394 343 450; baseline 0 -1"><span class='ocrx_word' id='word_1_1' title='bbox 218 394 343 450; x_wconf 76' lang='grc' dir='ltr'><strong>σοι</strong></span> 
     </span>
    </p>
   </div>
   <div class='ocr_carea' id='block_1_2' title="bbox 1087 387 2577 449">
    <p class='ocr_par' dir='ltr' id='par_1_2' title="bbox 1087 387 2577 449">
     <span class='ocr_line' id='line_1_2' title="bbox 1087 387 2577 449; baseline -0.001 -5"><span class='ocrx_word' id='word_1_2' title='bbox 1087 387 1739 449; x_wconf 77' lang='lat' dir='ltr'><strong>DEMONSTRATIONIS</strong></span> <span class='ocrx_word' id='word_1_3' title='bbox 1776 387 2234 446; x_wconf 64' lang='lat' dir='ltr'><strong>EVANGELICE</strong></span> <span class='ocrx_word' id='word_1_4' title='bbox 2277 390 2403 448; x_wconf 83' lang='lat' dir='ltr'><strong>LIB.</strong></span> <span class='ocrx_word' id='word_1_5' title='bbox 2443 388 2577 444; x_wconf 81' lang='lat' dir='ltr'><strong>Vlll.</strong></span> 
     </span>
    </p>
   </div>
   <div class='ocr_carea' id='block_1_3' title="bbox 3353 386 3458 463">
    <p class='ocr_par' dir='ltr' id='par_1_3' title="bbox 3353 386 3458 463">
     <span class='ocr_line' id='line_1_3' title="bbox 3353 386 3458 463; baseline -0.01 -20"><span class='ocrx_word' id='word_1_6' title='bbox 3353 386 3458 463; x_wconf 64' lang='lat' dir='ltr'><strong>eos</strong></span> 
     </span>
    </p>
   </div>
   <div class='ocr_carea' id='block_1_4' title="bbox 217 503 1799 578">
    <p class='ocr_par' dir='ltr' id='par_1_4' title="bbox 217 504 1794 578">
     <span class='ocr_line' id='line_1_4' title="bbox 217 504 1794 578; baseline -0.005 -14"><span class='ocrx_word' id='word_1_7' title='bbox 217 507 579 570; x_wconf 69' lang='grc' dir='ltr'><strong>ἀνανεώσεως</strong></span> <span class='ocrx_word' id='word_1_8' title='bbox 606 507 707 578; x_wconf 87' lang='grc' dir='ltr'><strong>τῆς</strong></span> <span class='ocrx_word' id='word_1_9' title='bbox 743 504 1108 578; x_wconf 83' lang='grc' dir='ltr'>Ἰερουσαλὴμ,</span> <span class='ocrx_word' id='word_1_10' title='bbox 1131 506 1159 559; x_wconf 87' lang='grc' dir='ltr'><strong>ὃ</strong></span> <span class='ocrx_word' id='word_1_11' title='bbox 1182 506 1401 576; x_wconf 84' lang='grc' dir='ltr'>γέγονεν</span> <span class='ocrx_word' id='word_1_12' title='bbox 1433 508 1525 560; x_wconf 73' lang='grc' dir='ltr'><strong>ἐπὶ</strong></span> <span class='ocrx_word' id='word_1_13' title='bbox 1571 504 1794 576; x_wconf 81' lang='grc' dir='ltr'><strong>Δαρείου</strong></span> 
     </span>
    </p>
   </div>
   <div class='ocr_carea' id='block_1_5' title="bbox 1886 503 3456 578">
    <p class='ocr_par' dir='ltr' id='par_1_5' title="bbox 1898 503 3456 575">
     <span class='ocr_line' id='line_1_5' title="bbox 1898 503 3456 575; baseline -0.002 -15"><span class='ocrx_word' id='word_1_14' title='bbox 1898 503 1992 560; x_wconf 89' lang='lat' dir='ltr'><strong>sed</strong></span> <span class='ocrx_word' id='word_1_15' title='bbox 2022 522 2041 556; x_wconf 79' lang='grc' dir='ltr'><strong>ι</strong></span> <span class='ocrx_word' id='word_1_16' title='bbox 2073 503 2168 561; x_wconf 88' lang='lat' dir='ltr'><strong>Dei</strong></span> <span class='ocrx_word' id='word_1_17' title='bbox 2201 506 2480 562; x_wconf 89' lang='lat' dir='ltr'><strong>civitatem</strong></span> <span class='ocrx_word' id='word_1_18' title='bbox 2502 546 2515 571; x_wconf 87' lang='lat'><strong>,</strong></span> <span class='ocrx_word' id='word_1_19' title='bbox 2549 525 2568 559; x_wconf 72' lang='grc' dir='ltr'><strong>ι</strong></span> <span class='ocrx_word' id='word_1_20' title='bbox 2603 505 2934 569; x_wconf 87' lang='lat' dir='ltr'><strong>nominavit,</strong></span> <span class='ocrx_word' id='word_1_21' title='bbox 2963 513 3016 560; x_wconf 93' lang='lat' dir='ltr'><strong>et</strong></span> <span class='ocrx_word' id='word_1_22' title='bbox 3046 506 3416 560; x_wconf 88' lang='lat' dir='ltr'><strong>sanctuarium</strong></span> <span class='ocrx_word' id='word_1_23' title='bbox 3437 548 3456 575; x_wconf 85' lang='grc'><strong>,</strong></span> 
     </span>
    </p>
   </div>
   <div class='ocr_carea' id='block_1_6' title="bbox 213 597 1794 671">
    <p class='ocr_par' dir='ltr' id='par_1_6' title="bbox 213 597 1794 671">
     <span class='ocr_line' id='line_1_6' title="bbox 213 597 1794 671; baseline -0.006 -14"><span class='ocrx_word' id='word_1_24' title='bbox 213 603 332 657; x_wconf 80' lang='grc' dir='ltr'><strong>τοῦ</strong></span> <span class='ocrx_word' id='word_1_25' title='bbox 384 598 601 671; x_wconf 89' lang='grc' dir='ltr'>Περσῶν</span> <span class='ocrx_word' id='word_1_26' title='bbox 638 597 900 668; x_wconf 85' lang='grc' dir='ltr'>βασιλέως</span> <span class='ocrx_word' id='word_1_27' title='bbox 920 639 934 663; x_wconf 93' lang='grc'><strong>,</strong></span> <span class='ocrx_word' id='word_1_28' title='bbox 967 597 1127 670; x_wconf 85' lang='grc' dir='ltr'>μέχρι</span> <span class='ocrx_word' id='word_1_29' title='bbox 1165 599 1264 669; x_wconf 89' lang='grc' dir='ltr'><strong>τῆς</strong></span> <span class='ocrx_word' id='word_1_30' title='bbox 1309 598 1616 666; x_wconf 83' lang='grc' dir='ltr'><strong>Αὐγούστου</strong></span> <span class='ocrx_word' id='word_1_31' title='bbox 1669 598 1794 649; x_wconf 84' lang='grc' dir='ltr'><strong>Ῥω-</strong></span> 
     </span>
    </p>
   </div>
   <div class='ocr_carea' id='block_1_7' title="bbox 221 689 1795 767">
    <p class='ocr_par' dir='ltr' id='par_1_7' title="bbox 221 689 1795 767">
     <span class='ocr_line' id='line_1_7' title="bbox 221 689 1795 767; baseline -0.002 -21"><span class='ocrx_word' id='word_1_32' title='bbox 221 694 410 767; x_wconf 71' lang='grc' dir='ltr'>μαίων</span> <span class='ocrx_word' id='word_1_33' title='bbox 440 692 884 762; x_wconf 76' lang='grc' dir='ltr'>ἐπικρατήσεως,</span> <span class='ocrx_word' id='word_1_34' title='bbox 935 689 1171 762; x_wconf 82' lang='grc' dir='ltr'><strong>Ἡρώδου</strong></span> <span class='ocrx_word' id='word_1_35' title='bbox 1215 708 1274 744; x_wconf 89' lang='grc' dir='ltr'><strong>τε</strong></span> <span class='ocrx_word' id='word_1_36' title='bbox 1327 691 1592 744; x_wconf 86' lang='grc' dir='ltr'><strong>Ἰουδαίων</strong></span> <span class='ocrx_word' id='word_1_37' title='bbox 1644 689 1795 761; x_wconf 84' lang='grc' dir='ltr'>βασι-</span> 
     </span>
    </p>
   </div>
   <div class='ocr_carea' id='block_1_8' title="bbox 215 781 1796 854">
    <p class='ocr_par' dir='ltr' id='par_1_8' title="bbox 215 781 1796 854">
     <span class='ocr_line' id='line_1_8' title="bbox 215 781 1796 854; baseline -0.003 -16"><span class='ocrx_word' id='word_1_38' title='bbox 215 785 389 850; x_wconf 72' lang='grc' dir='ltr'>λέως,</span> <span class='ocrx_word' id='word_1_39' title='bbox 421 781 717 853; x_wconf 81' lang='grc' dir='ltr'>ἀλλοφύλου</span> <span class='ocrx_word' id='word_1_40' title='bbox 751 783 812 836; x_wconf 84' lang='grc' dir='ltr'>τὸ</span> <span class='ocrx_word' id='word_1_41' title='bbox 835 782 1012 852; x_wconf 84' lang='grc' dir='ltr'>γένος,</span> <span class='ocrx_word' id='word_1_42' title='bbox 1045 783 1164 837; x_wconf 88' lang='grc' dir='ltr'>καθ’</span> <span class='ocrx_word' id='word_1_43' title='bbox 1193 782 1284 846; x_wconf 82' lang='grc' dir='ltr'><strong>οὓς</strong></span> <span class='ocrx_word' id='word_1_44' title='bbox 1313 782 1383 836; x_wconf 88' lang='grc' dir='ltr'><strong>τὰ</strong></span> <span class='ocrx_word' id='word_1_45' title='bbox 1410 783 1509 854; x_wconf 90' lang='grc' dir='ltr'><strong>τῆς</strong></span> <span class='ocrx_word' id='word_1_46' title='bbox 1533 784 1796 852; x_wconf 89' lang='grc' dir='ltr'>γενέσεως</span> 
     </span>
    </p>
   </div>
   <div class='ocr_carea' id='block_1_9' title="bbox 217 871 1794 947">
    <p class='ocr_par' dir='ltr' id='par_1_9' title="bbox 217 871 1794 947">
     <span class='ocr_line' id='line_1_9' title="bbox 217 871 1794 947; baseline -0.003 -18"><span class='ocrx_word' id='word_1_47' title='bbox 217 878 520 947; x_wconf 80' lang='grc' dir='ltr'><strong>ἱστορεῖται</strong></span> <span class='ocrx_word' id='word_1_48' title='bbox 562 875 658 928; x_wconf 86' lang='grc' dir='ltr'><strong>τοῦ</strong></span> <span class='ocrx_word' id='word_1_49' title='bbox 701 875 952 945; x_wconf 81' lang='grc' dir='ltr'><strong>Σωτῆρος</strong></span> <span class='ocrx_word' id='word_1_50' title='bbox 977 874 1133 946; x_wconf 80' lang='grc' dir='ltr'>ἡμῶν</span> <span class='ocrx_word' id='word_1_51' title='bbox 1156 915 1170 939; x_wconf 92' lang='grc'><strong>,</strong></span> <span class='ocrx_word' id='word_1_52' title='bbox 1221 875 1296 938; x_wconf 84' lang='grc' dir='ltr'>ὡς</span> <span class='ocrx_word' id='word_1_53' title='bbox 1339 875 1368 926; x_wconf 98' lang='lat'><strong>6</strong></span> <span class='ocrx_word' id='word_1_54' title='bbox 1396 873 1551 942; x_wconf 86' lang='grc' dir='ltr'>λόγος</span> <span class='ocrx_word' id='word_1_55' title='bbox 1592 871 1794 943; x_wconf 84' lang='grc' dir='ltr'>προῖὼν</span> 
     </span>
    </p>
   </div>
   <div class='ocr_carea' id='block_1_10' title="bbox 217 964 1798 1037">
    <p class='ocr_par' dir='ltr' id='par_1_10' title="bbox 217 964 1798 1037">
     <span class='ocr_line' id='line_1_10' title="bbox 217 964 1798 1037; baseline -0.003 -16"><span class='ocrx_word' id='word_1_56' title='bbox 217 967 499 1030; x_wconf 70' lang='grc' dir='ltr'>ἐπιδείξει.</span> <span class='ocrx_word' id='word_1_57' title='bbox 547 966 705 1037; x_wconf 77' lang='grc' dir='ltr'>Ἑξῆς</span> <span class='ocrx_word' id='word_1_58' title='bbox 749 967 805 1020; x_wconf 81' lang='grc' dir='ltr'>δὲ</span> <span class='ocrx_word' id='word_1_59' title='bbox 857 966 1131 1035; x_wconf 76' lang='grc' dir='ltr'><strong>ἐπιλέγει⁸</strong></span> <span class='ocrx_word' id='word_1_60' title='bbox 1185 985 1202 1018; x_wconf 75' lang='grc' dir='ltr'><strong>ι</strong></span> <span class='ocrx_word' id='word_1_61' title='bbox 1243 965 1350 1019; x_wconf 93' lang='grc' dir='ltr'><strong>Τοῦ</strong></span> <span class='ocrx_word' id='word_1_62' title='bbox 1388 964 1798 1034; x_wconf 88' lang='grc' dir='ltr'>συντελεσθῆναι</span> 
     </span>
    </p>
   </div>
   <div class='ocr_carea' id='block_1_11' title="bbox 213 1058 1793 1131">
    <p class='ocr_par' dir='ltr' id='par_1_11' title="bbox 213 1058 1793 1131">
     <span class='ocr_line' id='line_1_11' title="bbox 213 1058 1793 1131; baseline -0.003 -16"><span class='ocrx_word' id='word_1_63' title='bbox 213 1059 536 1131; x_wconf 81' lang='grc' dir='ltr'>ἁμαρτίαν,</span> <span class='ocrx_word' id='word_1_64' title='bbox 584 1059 680 1112; x_wconf 77' lang='grc' dir='ltr'><strong>καὶ</strong></span> <span class='ocrx_word' id='word_1_65' title='bbox 724 1058 817 1112; x_wconf 86' lang='grc' dir='ltr'><strong>τοῦ</strong></span> <span class='ocrx_word' id='word_1_66' title='bbox 869 1059 1163 1131; x_wconf 81' lang='grc' dir='ltr'>σφραγίσαι</span> <span class='ocrx_word' id='word_1_67' title='bbox 1212 1058 1511 1131; x_wconf 75' lang='grc' dir='ltr'>ἁμαρτίαν,</span> <span class='ocrx_word' id='word_1_68' title='bbox 1542 1059 1633 1111; x_wconf 59' lang='grc' dir='ltr'><strong>καὶ⁴</strong></span> <span class='ocrx_word' id='word_1_69' title='bbox 1684 1059 1793 1111; x_wconf 81' lang='grc' dir='ltr'>ἁπ-</span> 
     </span>
    </p>
   </div>
   <div class='ocr_carea' id='block_1_12' title="bbox 214 1149 1795 1219">
    <p class='ocr_par' dir='ltr' id='par_1_12' title="bbox 214 1149 1795 1219">
     <span class='ocr_line' id='line_1_12' title="bbox 214 1149 1795 1219; baseline -0.001 -15"><span class='ocrx_word' id='word_1_70' title='bbox 214 1149 443 1219; x_wconf 76' lang='grc' dir='ltr'>αλεῖψαι</span> <span class='ocrx_word' id='word_1_71' title='bbox 486 1149 747 1219; x_wconf 83' lang='grc' dir='ltr'>ἀνομίας,</span> <span class='ocrx_word' id='word_1_72' title='bbox 788 1151 882 1203; x_wconf 69' lang='grc' dir='ltr'><strong>καὶ</strong></span> <span class='ocrx_word' id='word_1_73' title='bbox 909 1150 1002 1204; x_wconf 87' lang='grc' dir='ltr'><strong>τοῦ</strong></span> <span class='ocrx_word' id='word_1_74' title='bbox 1027 1149 1371 1214; x_wconf 77' lang='grc' dir='ltr'>ἐξιλάσασθαι</span> <span class='ocrx_word' id='word_1_75' title='bbox 1422 1150 1652 1213; x_wconf 82' lang='grc' dir='ltr'>ἀδικίας,</span> <span class='ocrx_word' id='word_1_76' title='bbox 1700 1151 1795 1203; x_wconf 74' lang='grc' dir='ltr'>καὶ</span> 
     </span>
    </p>
   </div>
   <div class='ocr_carea' id='block_1_13' title="bbox 215 1239 1794 1311">
    <p class='ocr_par' dir='ltr' id='par_1_13' title="bbox 215 1239 1794 1311">
     <span class='ocr_line' id='line_1_13' title="bbox 215 1239 1794 1311; baseline 0.001 -18"><span class='ocrx_word' id='word_1_77' title='bbox 215 1241 454 1308; x_wconf 75' lang='grc' dir='ltr'>ἀγαγεῖν</span> <span class='ocrx_word' id='word_1_78' title='bbox 495 1239 842 1310; x_wconf 79' lang='grc' dir='ltr'>δικαιοσύνην</span> <span class='ocrx_word' id='word_1_79' title='bbox 896 1240 1149 1305; x_wconf 82' lang='grc' dir='ltr'>αἰώνιον,</span> <span class='ocrx_word' id='word_1_80' title='bbox 1201 1243 1294 1294; x_wconf 73' lang='grc' dir='ltr'>καὶ</span> <span class='ocrx_word' id='word_1_81' title='bbox 1347 1239 1440 1293; x_wconf 87' lang='grc' dir='ltr'><strong>τοῦ</strong></span> <span class='ocrx_word' id='word_1_82' title='bbox 1500 1240 1794 1311; x_wconf 80' lang='grc' dir='ltr'>σφραγίσαι</span> 
     </span>
    </p>
   </div>
   <div class='ocr_carea' id='block_1_14' title="bbox 214 1329 1788 1401">
    <p class='ocr_par' dir='ltr' id='par_1_14' title="bbox 214 1329 1788 1401">
     <span class='ocr_line' id='line_1_14' title="bbox 214 1329 1788 1401; baseline 0.001 -20"><span class='ocrx_word' id='word_1_83' title='bbox 214 1330 437 1399; x_wconf 82' lang='grc' dir='ltr'>ὅρασιν,</span> <span class='ocrx_word' id='word_1_84' title='bbox 467 1329 561 1382; x_wconf 75' lang='grc' dir='ltr'>καὶ</span> <span class='ocrx_word' id='word_1_85' title='bbox 593 1331 900 1401; x_wconf 76' lang='grc' dir='ltr'>προφήτην,</span> <span class='ocrx_word' id='word_1_86' title='bbox 935 1331 1028 1384; x_wconf 75' lang='grc' dir='ltr'><strong>καὶ</strong></span> <span class='ocrx_word' id='word_1_87' title='bbox 1058 1330 1151 1383; x_wconf 88' lang='grc' dir='ltr'><strong>τοῦ</strong></span> <span class='ocrx_word' id='word_1_88' title='bbox 1175 1332 1356 1401; x_wconf 87' lang='grc' dir='ltr'>χρῖσαι</span> <span class='ocrx_word' id='word_1_89' title='bbox 1381 1329 1533 1399; x_wconf 75' lang='grc' dir='ltr'>ἅγιον</span> <span class='ocrx_word' id='word_1_90' title='bbox 1554 1331 1742 1399; x_wconf 86' lang='grc' dir='ltr'>ἁγίων.</span> <span class='ocrx_word' id='word_1_91' title='bbox 1771 1349 1788 1382; x_wconf 74' lang='grc' dir='ltr'><strong>ι</strong></span> 
     </span>
    </p>
   </div>
   <div class='ocr_carea' id='block_1_15' title="bbox 227 1416 1791 1493">
    <p class='ocr_par' dir='ltr' id='par_1_15' title="bbox 227 1416 1791 1493">
     <span class='ocr_line' id='line_1_15' title="bbox 227 1416 1791 1493; baseline 0.003 -21"><span class='ocrx_word' id='word_1_92' title='bbox 227 1420 385 1474; x_wconf 76' lang='grc' dir='ltr'>’Δντὶ</span> <span class='ocrx_word' id='word_1_93' title='bbox 420 1420 515 1491; x_wconf 86' lang='grc' dir='ltr'>μὲν</span> <span class='ocrx_word' id='word_1_94' title='bbox 545 1416 637 1474; x_wconf 79' lang='grc' dir='ltr'><strong>οὖν</strong></span> <span class='ocrx_word' id='word_1_95' title='bbox 667 1441 685 1472; x_wconf 80' lang='grc' dir='ltr'><strong>ι</strong></span> <span class='ocrx_word' id='word_1_96' title='bbox 710 1421 802 1474; x_wconf 88' lang='grc' dir='ltr'><strong>τοῦ</strong></span> <span class='ocrx_word' id='word_1_97' title='bbox 829 1422 1242 1492; x_wconf 89' lang='grc' dir='ltr'>συντελεσθῆναι</span> <span class='ocrx_word' id='word_1_98' title='bbox 1269 1423 1560 1493; x_wconf 80' lang='grc' dir='ltr'>ἁμαρτίαν,</span> <span class='ocrx_word' id='word_1_99' title='bbox 1593 1424 1683 1477; x_wconf 70' lang='lat' dir='ltr'><strong>rati</strong></span> <span class='ocrx_word' id='word_1_100' title='bbox 1700 1421 1791 1476; x_wconf 85' lang='grc' dir='ltr'><strong>τοῦ</strong></span> 
     </span>
    </p>
   </div>
   <div class='ocr_carea' id='block_1_16' title="bbox 218 1511 1790 1586">
    <p class='ocr_par' dir='ltr' id='par_1_16' title="bbox 218 1511 1790 1586">
     <span class='ocr_line' id='line_1_16' title="bbox 218 1511 1790 1586; baseline 0.003 -25"><span class='ocrx_word' id='word_1_101' title='bbox 218 1511 521 1582; x_wconf 73' lang='grc' dir='ltr'>σφραγίσαι</span> <span class='ocrx_word' id='word_1_102' title='bbox 553 1513 857 1582; x_wconf 82' lang='grc' dir='ltr'>ἁμαρτίαν,</span> <span class='ocrx_word' id='word_1_103' title='bbox 897 1532 914 1564; x_wconf 74' lang='grc' dir='ltr'><strong>ι</strong></span> <span class='ocrx_word' id='word_1_104' title='bbox 951 1514 979 1566; x_wconf 89' lang='lat'><strong>6</strong></span> <span class='ocrx_word' id='word_1_105' title='bbox 1017 1513 1242 1576; x_wconf 77' lang='grc' dir='ltr'>Ἀκύλας</span> <span class='ocrx_word' id='word_1_106' title='bbox 1288 1515 1584 1586; x_wconf 88' lang='grc' dir='ltr'>πεποίηκε,</span> <span class='ocrx_word' id='word_1_107' title='bbox 1637 1535 1652 1566; x_wconf 80' lang='grc' dir='ltr'><strong>ι</strong></span> <span class='ocrx_word' id='word_1_108' title='bbox 1685 1513 1790 1567; x_wconf 91' lang='grc' dir='ltr'><strong>Τοῦ</strong></span> 
     </span>
    </p>
   </div>
   <div class='ocr_carea' id='block_1_17' title="bbox 213 1603 1794 1676">
    <p class='ocr_par' dir='ltr' id='par_1_17' title="bbox 213 1603 1794 1676">
     <span class='ocr_line' id='line_1_17' title="bbox 213 1603 1794 1676; baseline 0.001 -20"><span class='ocrx_word' id='word_1_109' title='bbox 213 1604 533 1657; x_wconf 79' lang='grc' dir='ltr'>συντελέσαι</span> <span class='ocrx_word' id='word_1_110' title='bbox 577 1603 678 1674; x_wconf 83' lang='grc' dir='ltr'>τὴν</span> <span class='ocrx_word' id='word_1_111' title='bbox 727 1603 978 1669; x_wconf 80' lang='grc' dir='ltr'>ἀθεσίαν,</span> <span class='ocrx_word' id='word_1_112' title='bbox 1026 1603 1243 1657; x_wconf 76' lang='grc' dir='ltr'>καὶτοῦ</span> <span class='ocrx_word' id='word_1_113' title='bbox 1287 1605 1568 1659; x_wconf 82' lang='grc' dir='ltr'>τελειῶσαι</span> <span class='ocrx_word' id='word_1_114' title='bbox 1619 1606 1794 1676; x_wconf 82' lang='grc' dir='ltr'>ἁμαρ-</span> 
     </span>
    </p>
   </div>
   <div class='ocr_carea' id='block_1_18' title="bbox 210 1683 1792 1767">
    <p class='ocr_par' dir='ltr' id='par_1_18' title="bbox 210 1683 1792 1767">
     <span class='ocr_line' id='line_1_18' title="bbox 210 1683 1792 1767; baseline -0.002 -17"><span class='ocrx_word' id='word_1_115' title='bbox 210 1698 358 1750; x_wconf 87' lang='grc' dir='ltr'>τίαν.</span> <span class='ocrx_word' id='word_1_116' title='bbox 384 1715 402 1747; x_wconf 76' lang='grc' dir='ltr'><strong>ι</strong></span> <span class='ocrx_word' id='word_1_117' title='bbox 432 1696 505 1748; x_wconf 87' lang='grc' dir='ltr'>Τὸ</span> <span class='ocrx_word' id='word_1_118' title='bbox 528 1683 705 1767; x_wconf 49' lang='grc' dir='ltr'><strong>γὰρμ</strong></span> <span class='ocrx_word' id='word_1_119' title='bbox 730 1694 1058 1765; x_wconf 84' lang='grc' dir='ltr'>Πληρώσατε</span> <span class='ocrx_word' id='word_1_120' title='bbox 1084 1696 1144 1748; x_wconf 83' lang='grc' dir='ltr'><strong>τὸ</strong></span> <span class='ocrx_word' id='word_1_121' title='bbox 1182 1697 1375 1766; x_wconf 85' lang='grc' dir='ltr'>μέτρον</span> <span class='ocrx_word' id='word_1_122' title='bbox 1403 1696 1508 1749; x_wconf 88' lang='grc' dir='ltr'><strong>τῶν</strong></span> <span class='ocrx_word' id='word_1_123' title='bbox 1543 1697 1792 1766; x_wconf 82' lang='grc' dir='ltr'>πατέρων</span> 
     </span>
    </p>
   </div>
   <div class='ocr_carea' id='block_1_19' title="bbox 211 1788 1792 1861">
    <p class='ocr_par' dir='ltr' id='par_1_19' title="bbox 211 1788 1792 1861">
     <span class='ocr_line' id='line_1_19' title="bbox 211 1788 1792 1861; baseline -0.003 -18"><span class='ocrx_word' id='word_1_124' title='bbox 211 1789 395 1861; x_wconf 84' lang='grc' dir='ltr'>ὑμῶν,</span> <span class='ocrx_word' id='word_1_125' title='bbox 427 1808 446 1840; x_wconf 72' lang='grc' dir='ltr'><strong>ι</strong></span> <span class='ocrx_word' id='word_1_126' title='bbox 479 1790 767 1860; x_wconf 81' lang='grc' dir='ltr'>εἰρημένον</span> <span class='ocrx_word' id='word_1_127' title='bbox 795 1790 900 1843; x_wconf 79' lang='grc' dir='ltr'><strong>ὑπὸ</strong></span> <span class='ocrx_word' id='word_1_128' title='bbox 923 1789 1018 1842; x_wconf 87' lang='grc' dir='ltr'><strong>τοῦ</strong></span> <span class='ocrx_word' id='word_1_129' title='bbox 1047 1789 1294 1859; x_wconf 82' lang='grc' dir='ltr'>Σωτῆρος</span> <span class='ocrx_word' id='word_1_130' title='bbox 1319 1788 1473 1858; x_wconf 80' lang='grc' dir='ltr'>ἡμῶν</span> <span class='ocrx_word' id='word_1_131' title='bbox 1500 1788 1634 1860; x_wconf 73' lang='grc' dir='ltr'>πρὸς</span> <span class='ocrx_word' id='word_1_132' title='bbox 1666 1789 1792 1851; x_wconf 75' lang='grc' dir='ltr'>τοὺς</span> 
     </span>
    </p>
   </div>
   <div class='ocr_carea' id='block_1_20' title="bbox 211 1875 1782 1952">
    <p class='ocr_par' dir='ltr' id='par_1_20' title="bbox 211 1875 1782 1952">
     <span class='ocr_line' id='line_1_20' title="bbox 211 1875 1782 1952; baseline -0.001 -19"><span class='ocrx_word' id='word_1_133' title='bbox 211 1883 279 1933; x_wconf 78' lang='grc' dir='ltr'>ὲκ</span> <span class='ocrx_word' id='word_1_134' title='bbox 314 1881 653 1952; x_wconf 82' lang='grc' dir='ltr'>περιτομῆς,</span> <span class='ocrx_word' id='word_1_135' title='bbox 703 1881 795 1933; x_wconf 76' lang='grc' dir='ltr'><strong>καὶ</strong></span> <span class='ocrx_word' id='word_1_136' title='bbox 841 1879 929 1933; x_wconf 79' lang='grc' dir='ltr'>διὰ</span> <span class='ocrx_word' id='word_1_137' title='bbox 966 1879 1167 1932; x_wconf 79' lang='grc' dir='ltr'>τούτων</span> <span class='ocrx_word' id='word_1_138' title='bbox 1211 1875 1363 1950; x_wconf 84' lang='grc' dir='ltr'>οἶμαι</span> <span class='ocrx_word' id='word_1_139' title='bbox 1401 1879 1782 1950; x_wconf 72' lang='grc' dir='ltr'>παρίστασθαι.</span> 
     </span>
    </p>
   </div>
   <div class='ocr_carea' id='block_1_21' title="bbox 223 1970 1788 2042">
    <p class='ocr_par' dir='ltr' id='par_1_21' title="bbox 223 1970 1788 2042">
     <span class='ocr_line' id='line_1_21' title="bbox 223 1970 1788 2042; baseline 0.001 -18"><span class='ocrx_word' id='word_1_140' title='bbox 223 1971 352 2024; x_wconf 77' lang='grc' dir='ltr'>Ἐπὶ</span> <span class='ocrx_word' id='word_1_141' title='bbox 377 1970 489 2041; x_wconf 78' lang='grc' dir='ltr'>γὰρ</span> <span class='ocrx_word' id='word_1_142' title='bbox 517 1971 617 2042; x_wconf 87' lang='grc' dir='ltr'><strong>τῆς</strong></span> <span class='ocrx_word' id='word_1_143' title='bbox 647 1973 767 2024; x_wconf 73' lang='grc' dir='ltr'>κατ’</span> <span class='ocrx_word' id='word_1_144' title='bbox 802 1970 964 2024; x_wconf 85' lang='grc' dir='ltr'>αὐτοῦ</span> <span class='ocrx_word' id='word_1_145' title='bbox 991 1970 1352 2042; x_wconf 82' lang='grc' dir='ltr'>τολμηθείσης</span> <span class='ocrx_word' id='word_1_146' title='bbox 1391 1971 1483 2024; x_wconf 88' lang='grc' dir='ltr'><strong>τοῦ</strong></span> <span class='ocrx_word' id='word_1_147' title='bbox 1521 1972 1788 2026; x_wconf 80' lang='grc' dir='ltr'>Ἰουδαίων</span> 
     </span>
    </p>
   </div>
   <div class='ocr_carea' id='block_1_22' title="bbox 210 2062 1791 2139">
    <p class='ocr_par' dir='ltr' id='par_1_22' title="bbox 210 2062 1791 2139">
     <span class='ocr_line' id='line_1_22' title="bbox 210 2062 1791 2139; baseline 0.003 -24"><span class='ocrx_word' id='word_1_148' title='bbox 210 2062 401 2128; x_wconf 71' lang='grc' dir='ltr'>ἔθνους</span> <span class='ocrx_word' id='word_1_149' title='bbox 420 2065 713 2137; x_wconf 78' lang='grc' dir='ltr'>ἐπιϐουλῆς</span> <span class='ocrx_word' id='word_1_150' title='bbox 743 2066 1092 2136; x_wconf 82' lang='grc' dir='ltr'>συνετελέσθη</span> <span class='ocrx_word' id='word_1_151' title='bbox 1126 2067 1303 2120; x_wconf 82' lang='grc' dir='ltr'>αὐτῶν</span> <span class='ocrx_word' id='word_1_152' title='bbox 1343 2069 1375 2138; x_wconf 82' lang='grc' dir='ltr'><strong>ἡ</strong></span> <span class='ocrx_word' id='word_1_153' title='bbox 1404 2068 1666 2139; x_wconf 86' lang='grc' dir='ltr'>ἁμαρτία,</span> <span class='ocrx_word' id='word_1_154' title='bbox 1698 2068 1791 2120; x_wconf 77' lang='grc' dir='ltr'><strong>καὶ</strong></span> 
     </span>
    </p>
   </div>
   <div class='ocr_carea' id='block_1_23' title="bbox 209 2157 1792 2228">
    <p class='ocr_par' dir='ltr' id='par_1_23' title="bbox 209 2157 1792 2228">
     <span class='ocr_line' id='line_1_23' title="bbox 209 2157 1792 2228; baseline 0.003 -20"><span class='ocrx_word' id='word_1_155' title='bbox 209 2157 244 2227; x_wconf 82' lang='grc' dir='ltr'><strong>ή</strong></span> <span class='ocrx_word' id='word_1_156' title='bbox 276 2157 418 2228; x_wconf 81' lang='grc' dir='ltr'>πρὸς</span> <span class='ocrx_word' id='word_1_157' title='bbox 444 2158 536 2210; x_wconf 76' lang='grc' dir='ltr'>τὸν</span> <span class='ocrx_word' id='word_1_158' title='bbox 583 2158 747 2222; x_wconf 87' lang='grc' dir='ltr'>Θεὸν,</span> <span class='ocrx_word' id='word_1_159' title='bbox 778 2158 919 2212; x_wconf 87' lang='grc' dir='ltr'><strong>κατὰ</strong></span> <span class='ocrx_word' id='word_1_160' title='bbox 964 2159 1054 2212; x_wconf 77' lang='grc' dir='ltr'>τὸν</span> <span class='ocrx_word' id='word_1_161' title='bbox 1093 2159 1353 2223; x_wconf 82' lang='grc' dir='ltr'>Ἀκύλαν,</span> <span class='ocrx_word' id='word_1_162' title='bbox 1405 2159 1598 2213; x_wconf 86' lang='grc' dir='ltr'>ἁθεσία</span> <span class='ocrx_word' id='word_1_163' title='bbox 1641 2158 1792 2223; x_wconf 84' lang='grc' dir='ltr'>τέλος</span> 
     </span>
    </p>
   </div>
   <div class='ocr_carea' id='block_1_24' title="bbox 209 2250 1786 2324">
    <p class='ocr_par' dir='ltr' id='par_1_24' title="bbox 209 2250 1786 2324">
     <span class='ocr_line' id='line_1_24' title="bbox 209 2250 1786 2324; baseline 0.003 -23"><span class='ocrx_word' id='word_1_164' title='bbox 209 2250 424 2321; x_wconf 81' lang='grc' dir='ltr'>εἴληφε.</span> <span class='ocrx_word' id='word_1_165' title='bbox 482 2251 656 2305; x_wconf 79' lang='grc' dir='ltr'>Πάλαι</span> <span class='ocrx_word' id='word_1_166' title='bbox 703 2252 802 2322; x_wconf 87' lang='grc' dir='ltr'><strong>μὲν</strong></span> <span class='ocrx_word' id='word_1_167' title='bbox 849 2252 958 2324; x_wconf 84' lang='grc' dir='ltr'>γὰρ</span> <span class='ocrx_word' id='word_1_168' title='bbox 1001 2253 1262 2324; x_wconf 78' lang='grc' dir='ltr'>πρότερον</span> <span class='ocrx_word' id='word_1_169' title='bbox 1302 2253 1491 2324; x_wconf 80' lang='grc' dir='ltr'>ἔφερεν</span> <span class='ocrx_word' id='word_1_170' title='bbox 1529 2253 1786 2322; x_wconf 75' lang='grc' dir='ltr'>αὐτοὺςή</span> 
     </span>
    </p>
   </div>
   <div class='ocr_carea' id='block_1_25' title="bbox 210 2343 1790 2419">
    <p class='ocr_par' dir='ltr' id='par_1_25' title="bbox 210 2343 1790 2419">
     <span class='ocr_line' id='line_1_25' title="bbox 210 2343 1790 2419; baseline 0.004 -25"><span class='ocrx_word' id='word_1_171' title='bbox 210 2343 305 2395; x_wconf 87' lang='grc' dir='ltr'><strong>τοῦ</strong></span> <span class='ocrx_word' id='word_1_172' title='bbox 326 2344 464 2396; x_wconf 87' lang='grc' dir='ltr'>Θεοῦ</span> <span class='ocrx_word' id='word_1_173' title='bbox 494 2346 864 2416; x_wconf 85' lang='grc' dir='ltr'>μακροθυμία,</span> <span class='ocrx_word' id='word_1_174' title='bbox 894 2345 1062 2416; x_wconf 87' lang='grc' dir='ltr'>μυρία</span> <span class='ocrx_word' id='word_1_175' title='bbox 1087 2347 1188 2400; x_wconf 84' lang='grc' dir='ltr'><strong>ὅσα</strong></span> <span class='ocrx_word' id='word_1_176' title='bbox 1213 2346 1660 2419; x_wconf 74' lang='grc' dir='ltr'>πλημμελοῦντας</span> <span class='ocrx_word' id='word_1_177' title='bbox 1687 2349 1790 2416; x_wconf 85' lang='grc' dir='ltr'><strong>πρὸ</strong></span> 
     </span>
    </p>
   </div>
   <div class='ocr_carea' id='block_1_26' title="bbox 209 2437 1786 2511">
    <p class='ocr_par' dir='ltr' id='par_1_26' title="bbox 209 2437 1786 2511">
     <span class='ocr_line' id='line_1_26' title="bbox 209 2437 1786 2511; baseline 0.003 -22"><span class='ocrx_word' id='word_1_178' title='bbox 209 2441 310 2509; x_wconf 82' lang='grc' dir='ltr'><strong>τῆς</strong></span> <span class='ocrx_word' id='word_1_179' title='bbox 338 2437 434 2490; x_wconf 84' lang='grc' dir='ltr'><strong>τοῦ</strong></span> <span class='ocrx_word' id='word_1_180' title='bbox 466 2438 720 2509; x_wconf 83' lang='grc' dir='ltr'>Σωτῆρος</span> <span class='ocrx_word' id='word_1_181' title='bbox 743 2438 898 2508; x_wconf 76' lang='grc' dir='ltr'>ἡμῶν</span> <span class='ocrx_word' id='word_1_182' title='bbox 923 2439 1241 2510; x_wconf 84' lang='grc' dir='ltr'>παρουσίας,</span> <span class='ocrx_word' id='word_1_183' title='bbox 1264 2439 1546 2511; x_wconf 85' lang='grc' dir='ltr'>ὡσπεροῦν</span> <span class='ocrx_word' id='word_1_184' title='bbox 1569 2440 1657 2494; x_wconf 79' lang='grc' dir='ltr'><strong>διὰ</strong></span> <span class='ocrx_word' id='word_1_185' title='bbox 1681 2440 1786 2494; x_wconf 88' lang='grc' dir='ltr'><strong>τῶν</strong></span> 
     </span>
    </p>
   </div>
   <div class='ocr_carea' id='block_1_27' title="bbox 211 2530 1788 2604">
    <p class='ocr_par' dir='ltr' id='par_1_27' title="bbox 211 2530 1788 2604">
     <span class='ocr_line' id='line_1_27' title="bbox 211 2530 1788 2604; baseline 0.002 -23"><span class='ocrx_word' id='word_1_186' title='bbox 211 2530 570 2599; x_wconf 74' lang='grc' dir='ltr'>προφητικῶν</span> <span class='ocrx_word' id='word_1_187' title='bbox 597 2531 976 2584; x_wconf 83' lang='grc' dir='ltr'>ἀποδείκνυται</span> <span class='ocrx_word' id='word_1_188' title='bbox 1007 2531 1206 2600; x_wconf 76' lang='grc' dir='ltr'>λόγων·</span> <span class='ocrx_word' id='word_1_189' title='bbox 1263 2532 1400 2604; x_wconf 83' lang='grc' dir='ltr'>πλὴν</span> <span class='ocrx_word' id='word_1_190' title='bbox 1445 2533 1558 2586; x_wconf 86' lang='grc' dir='ltr'>ἁλλ’</span> <span class='ocrx_word' id='word_1_191' title='bbox 1601 2533 1788 2604; x_wconf 83' lang='grc' dir='ltr'>ὥσπερ</span> 
     </span>
    </p>
   </div>
   <div class='ocr_carea' id='block_1_28' title="bbox 210 2622 1787 2693">
    <p class='ocr_par' dir='ltr' id='par_1_28' title="bbox 210 2622 1787 2693">
     <span class='ocr_line' id='line_1_28' title="bbox 210 2622 1787 2693; baseline 0.002 -20"><span class='ocrx_word' id='word_1_192' title='bbox 210 2623 303 2676; x_wconf 72' lang='grc' dir='ltr'>ἐπὶ</span> <span class='ocrx_word' id='word_1_193' title='bbox 332 2624 443 2676; x_wconf 88' lang='grc' dir='ltr'><strong>τῶν</strong></span> <span class='ocrx_word' id='word_1_194' title='bbox 487 2622 656 2676; x_wconf 79' lang='grc' dir='ltr'>πάλαι</span> <span class='ocrx_word' id='word_1_195' title='bbox 702 2623 799 2693; x_wconf 84' lang='grc' dir='ltr'><strong>τὴν</strong></span> <span class='ocrx_word' id='word_1_196' title='bbox 841 2625 941 2693; x_wconf 85' lang='grc' dir='ltr'><strong>γῆν</strong></span> <span class='ocrx_word' id='word_1_197' title='bbox 984 2623 1086 2693; x_wconf 86' lang='grc' dir='ltr'><strong>τῆς</strong></span> <span class='ocrx_word' id='word_1_198' title='bbox 1123 2623 1453 2692; x_wconf 77' lang='grc' dir='ltr'>ἐπαγγελίας</span> <span class='ocrx_word' id='word_1_199' title='bbox 1501 2623 1787 2677; x_wconf 83' lang='grc' dir='ltr'>οίκούντων</span> 
     </span>
    </p>
   </div>
   <div class='ocr_carea' id='block_1_29' title="bbox 210 2713 1788 2787">
    <p class='ocr_par' dir='ltr' id='par_1_29' title="bbox 210 2713 1788 2787">
     <span class='ocr_line' id='line_1_29' title="bbox 210 2713 1788 2787; baseline -0.001 -20"><span class='ocrx_word' id='word_1_200' title='bbox 210 2713 526 2783; x_wconf 68' lang='grc' dir='ltr'>ἀλλοφύλων</span> <span class='ocrx_word' id='word_1_201' title='bbox 560 2713 744 2785; x_wconf 78' lang='grc' dir='ltr'>εἴρητο</span> <span class='ocrx_word' id='word_1_202' title='bbox 767 2714 843 2784; x_wconf 82' lang='grc' dir='ltr'>τῷ</span> <span class='ocrx_word' id='word_1_203' title='bbox 884 2715 1134 2785; x_wconf 80' lang='grc' dir='ltr'>’Λϐραάμ</span> <span class='ocrx_word' id='word_1_204' title='bbox 1163 2729 1176 2742; x_wconf 90' lang='grc'><strong>·</strong></span> <span class='ocrx_word' id='word_1_205' title='bbox 1211 2735 1228 2766; x_wconf 73' lang='grc' dir='ltr'><strong>ι</strong></span> <span class='ocrx_word' id='word_1_206' title='bbox 1263 2713 1428 2767; x_wconf 75' lang='grc' dir='ltr'>Οὔπω</span> <span class='ocrx_word' id='word_1_207' title='bbox 1453 2715 1562 2787; x_wconf 83' lang='grc' dir='ltr'>γὰρ</span> <span class='ocrx_word' id='word_1_208' title='bbox 1589 2716 1788 2768; x_wconf 84' lang='grc' dir='ltr'>ἀναπε-</span> 
     </span>
    </p>
   </div>
   <div class='ocr_carea' id='block_1_30' title="bbox 212 2805 1786 2877">
    <p class='ocr_par' dir='ltr' id='par_1_30' title="bbox 212 2805 1786 2877">
     <span class='ocr_line' id='line_1_30' title="bbox 212 2805 1786 2877; baseline 0.003 -21"><span class='ocrx_word' id='word_1_209' title='bbox 212 2805 528 2876; x_wconf 81' lang='grc' dir='ltr'>πλήρωνται</span> <span class='ocrx_word' id='word_1_210' title='bbox 559 2808 613 2858; x_wconf 80' lang='grc' dir='ltr'>αἱ</span> <span class='ocrx_word' id='word_1_211' title='bbox 654 2806 917 2876; x_wconf 82' lang='grc' dir='ltr'>ἁμαρτίαι</span> <span class='ocrx_word' id='word_1_212' title='bbox 961 2805 1069 2859; x_wconf 84' lang='grc' dir='ltr'><strong>τῶν</strong></span> <span class='ocrx_word' id='word_1_213' title='bbox 1110 2807 1448 2877; x_wconf 66' lang='grc' dir='ltr'>Ἀμορραίων</span> <span class='ocrx_word' id='word_1_214' title='bbox 1469 2825 1482 2837; x_wconf 74' lang='grc' dir='ltr'><strong><em>ο</em></strong></span> <span class='ocrx_word' id='word_1_215' title='bbox 1518 2827 1534 2857; x_wconf 74' lang='grc' dir='ltr'><strong>ι</strong></span> <span class='ocrx_word' id='word_1_216' title='bbox 1564 2809 1658 2861; x_wconf 73' lang='grc' dir='ltr'><strong>καὶ</strong></span> <span class='ocrx_word' id='word_1_217' title='bbox 1684 2807 1786 2872; x_wconf 72' lang='grc' dir='ltr'><strong>ἕως</strong></span> 
     </span>
    </p>
   </div>
   <div class='ocr_carea' id='block_1_31' title="bbox 214 2893 1787 2970">
    <p class='ocr_par' dir='ltr' id='par_1_31' title="bbox 214 2893 1787 2970">
     <span class='ocr_line' id='line_1_31' title="bbox 214 2893 1787 2970; baseline 0.004 -22"><span class='ocrx_word' id='word_1_218' title='bbox 214 2897 440 2966; x_wconf 71' lang='grc' dir='ltr'>μηδέπω</span> <span class='ocrx_word' id='word_1_219' title='bbox 464 2893 603 2967; x_wconf 78' lang='grc' dir='ltr'>ἦσαν</span> <span class='ocrx_word' id='word_1_220' title='bbox 655 2898 1181 2970; x_wconf 81' lang='grc' dir='ltr'>ὲκπεπληρωμέναι,</span> <span class='ocrx_word' id='word_1_221' title='bbox 1221 2900 1320 2952; x_wconf 81' lang='grc' dir='ltr'><strong>οὐκ</strong></span> <span class='ocrx_word' id='word_1_222' title='bbox 1367 2898 1655 2969; x_wconf 70' lang='grc' dir='ltr'>ἠλαύνοντό</span> <span class='ocrx_word' id='word_1_223' title='bbox 1701 2919 1787 2954; x_wconf 90' lang='grc' dir='ltr'><strong>πω</strong></span> 
     </span>
    </p>
   </div>
   <div class='ocr_carea' id='block_1_32' title="bbox 209 2988 1787 3061">
    <p class='ocr_par' dir='ltr' id='par_1_32' title="bbox 209 2988 1787 3061">
     <span class='ocr_line' id='line_1_32' title="bbox 209 2988 1787 3061; baseline 0.003 -23"><span class='ocrx_word' id='word_1_224' title='bbox 209 2988 256 3038; x_wconf 76' lang='grc' dir='ltr'><strong>οἱ</strong></span> <span class='ocrx_word' id='word_1_225' title='bbox 291 2988 611 3058; x_wconf 74' lang='grc' dir='ltr'>Ἀμορραῖοι</span> <span class='ocrx_word' id='word_1_226' title='bbox 665 2992 764 3059; x_wconf 85' lang='grc' dir='ltr'><strong>τῆς</strong></span> <span class='ocrx_word' id='word_1_227' title='bbox 799 2990 1054 3060; x_wconf 81' lang='grc' dir='ltr'>πατρῴας</span> <span class='ocrx_word' id='word_1_228' title='bbox 1089 2992 1210 3060; x_wconf 86' lang='grc' dir='ltr'>γῆς.</span> <span class='ocrx_word' id='word_1_229' title='bbox 1265 2991 1416 3042; x_wconf 72' lang='grc' dir='ltr'>Ἐπεὶ</span> <span class='ocrx_word' id='word_1_230' title='bbox 1449 2990 1506 3042; x_wconf 81' lang='grc' dir='ltr'><strong>δὲ</strong></span> <span class='ocrx_word' id='word_1_231' title='bbox 1540 2989 1787 3061; x_wconf 75' lang='grc' dir='ltr'>ἐπληρὼ-</span> 
     </span>
    </p>
   </div>
   <div class='ocr_carea' id='block_1_33' title="bbox 212 3075 1787 3150">
    <p class='ocr_par' dir='ltr' id='par_1_33' title="bbox 212 3075 1787 3150">
     <span class='ocr_line' id='line_1_33' title="bbox 212 3075 1787 3150; baseline 0.001 -21"><span class='ocrx_word' id='word_1_232' title='bbox 212 3075 385 3146; x_wconf 78' lang='grc' dir='ltr'>θησαν</span> <span class='ocrx_word' id='word_1_233' title='bbox 437 3079 495 3130; x_wconf 85' lang='grc' dir='ltr'>αἱ</span> <span class='ocrx_word' id='word_1_234' title='bbox 556 3080 823 3150; x_wconf 85' lang='grc' dir='ltr'>ἁμαρτίαι</span> <span class='ocrx_word' id='word_1_235' title='bbox 859 3079 1056 3142; x_wconf 76' lang='grc' dir='ltr'>αὐτῶν,</span> <span class='ocrx_word' id='word_1_236' title='bbox 1112 3079 1409 3146; x_wconf 76' lang='grc' dir='ltr'>τηνικαῦτα</span> <span class='ocrx_word' id='word_1_237' title='bbox 1461 3079 1658 3142; x_wconf 83' lang='grc' dir='ltr'>πάντες</span> <span class='ocrx_word' id='word_1_238' title='bbox 1703 3080 1787 3147; x_wconf 78' lang='grc' dir='ltr'><strong>ἐξ·</strong></span> 
     </span>
    </p>
   </div>
   <div class='ocr_carea' id='block_1_34' title="bbox 1903 597 3452 671">
    <p class='ocr_par' dir='ltr' id='par_1_34' title="bbox 1903 597 3452 671">
     <span class='ocr_line' id='line_1_34' title="bbox 1903 597 3452 671; baseline 0.003 -23"><span class='ocrx_word' id='word_1_239' title='bbox 1903 617 1920 648; x_wconf 78' lang='grc' dir='ltr'><strong>ι</strong></span> <span class='ocrx_word' id='word_1_240' title='bbox 1954 597 2045 653; x_wconf 89' lang='lat' dir='ltr'><strong>Dei</strong></span> <span class='ocrx_word' id='word_1_241' title='bbox 2072 600 2442 654; x_wconf 90' lang='lat' dir='ltr'><strong>sanctuarium</strong></span> <span class='ocrx_word' id='word_1_242' title='bbox 2462 640 2477 666; x_wconf 92' lang='lat'><strong>,</strong></span> <span class='ocrx_word' id='word_1_243' title='bbox 2499 620 2518 653; x_wconf 68' lang='grc' dir='ltr'><strong>ι</strong></span> <span class='ocrx_word' id='word_1_244' title='bbox 2537 609 2590 662; x_wconf 88' lang='lat' dir='ltr'><strong>et</strong></span> <span class='ocrx_word' id='word_1_245' title='bbox 2614 601 2868 671; x_wconf 88' lang='lat' dir='ltr'><strong>populum</strong></span> <span class='ocrx_word' id='word_1_246' title='bbox 2893 639 2908 665; x_wconf 93' lang='lat'><strong>,</strong></span> <span class='ocrx_word' id='word_1_247' title='bbox 2942 619 2960 650; x_wconf 84' lang='lat'><strong>(</strong></span> <span class='ocrx_word' id='word_1_248' title='bbox 2991 598 3086 654; x_wconf 86' lang='lat' dir='ltr'><strong>Dei</strong></span> <span class='ocrx_word' id='word_1_249' title='bbox 3115 599 3405 669; x_wconf 90' lang='lat' dir='ltr'><strong>populum,</strong></span> <span class='ocrx_word' id='word_1_250' title='bbox 3433 619 3452 652; x_wconf 76' lang='grc' dir='ltr'><strong>ι</strong></span> 
     </span>
    </p>
   </div>
   <div class='ocr_carea' id='block_1_35' title="bbox 1897 689 3454 761">
    <p class='ocr_par' dir='ltr' id='par_1_35' title="bbox 1897 689 3454 761">
     <span class='ocr_line' id='line_1_35' title="bbox 1897 689 3454 761; baseline 0.004 -21"><span class='ocrx_word' id='word_1_251' title='bbox 1897 689 1972 742; x_wconf 88' lang='lat' dir='ltr'><strong>ita</strong></span> <span class='ocrx_word' id='word_1_252' title='bbox 2003 689 2255 744; x_wconf 90' lang='lat' dir='ltr'><strong>videlicet</strong></span> <span class='ocrx_word' id='word_1_253' title='bbox 2285 691 2468 744; x_wconf 92' lang='lat' dir='ltr'><strong>animo</strong></span> <span class='ocrx_word' id='word_1_254' title='bbox 2508 706 2638 760; x_wconf 87' lang='lat' dir='ltr'><strong>erga</strong></span> <span class='ocrx_word' id='word_1_255' title='bbox 2683 691 2835 744; x_wconf 73' lang='lat' dir='ltr'><strong>illiilli</strong></span> <span class='ocrx_word' id='word_1_256' title='bbox 2886 689 3142 761; x_wconf 88' lang='lat' dir='ltr'><strong>populum</strong></span> <span class='ocrx_word' id='word_1_257' title='bbox 3187 690 3454 746; x_wconf 73' lang='lat' dir='ltr'><strong>aliectus:</strong></span> 
     </span>
    </p>
   </div>
   <div class='ocr_carea' id='block_1_36' title="bbox 1897 779 3458 852">
    <p class='ocr_par' dir='ltr' id='par_1_36' title="bbox 1897 779 3458 852">
     <span class='ocr_line' id='line_1_36' title="bbox 1897 779 3458 852; baseline 0.002 -18"><span class='ocrx_word' id='word_1_258' title='bbox 1897 792 1950 834; x_wconf 87' lang='lat' dir='ltr'><strong>at</strong></span> <span class='ocrx_word' id='word_1_259' title='bbox 1983 795 2112 835; x_wconf 83' lang='lat' dir='ltr'><strong>vero</strong></span> <span class='ocrx_word' id='word_1_260' title='bbox 2141 779 2359 836; x_wconf 84' lang='lat' dir='ltr'><strong>Gabriel</strong></span> <span class='ocrx_word' id='word_1_261' title='bbox 2389 797 2501 836; x_wconf 90' lang='lat' dir='ltr'><strong>non</strong></span> <span class='ocrx_word' id='word_1_262' title='bbox 2537 782 2668 836; x_wconf 90' lang='lat' dir='ltr'><strong>item</strong></span> <span class='ocrx_word' id='word_1_263' title='bbox 2701 789 2760 834; x_wconf 93' lang='lat' dir='ltr'><strong>ut</strong></span> <span class='ocrx_word' id='word_1_264' title='bbox 2791 783 2909 851; x_wconf 87' lang='lat' dir='ltr'><strong>ipse</strong></span> <span class='ocrx_word' id='word_1_265' title='bbox 2933 821 2946 845; x_wconf 91' lang='lat'><strong>,</strong></span> <span class='ocrx_word' id='word_1_266' title='bbox 2985 797 3048 835; x_wconf 89' lang='lat' dir='ltr'><strong>ea</strong></span> <span class='ocrx_word' id='word_1_267' title='bbox 3079 798 3199 852; x_wconf 59' lang='lat' dir='ltr'><strong>qua!</strong></span> <span class='ocrx_word' id='word_1_268' title='bbox 3228 779 3339 852; x_wconf 84' lang='lat' dir='ltr'><strong>jam</strong></span> <span class='ocrx_word' id='word_1_269' title='bbox 3373 783 3458 837; x_wconf 84' lang='lat' dir='ltr'><strong>di-</strong></span> 
     </span>
    </p>
   </div>
   <div class='ocr_carea' id='block_1_37' title="bbox 1894 871 3455 944">
    <p class='ocr_par' dir='ltr' id='par_1_37' title="bbox 1894 871 3455 944">
     <span class='ocr_line' id='line_1_37' title="bbox 1894 871 3455 944; baseline 0.004 -20"><span class='ocrx_word' id='word_1_270' title='bbox 1894 881 1980 925; x_wconf 86' lang='lat' dir='ltr'><strong>cta</strong></span> <span class='ocrx_word' id='word_1_271' title='bbox 2013 880 2140 926; x_wconf 90' lang='lat' dir='ltr'><strong>sunt</strong></span> <span class='ocrx_word' id='word_1_272' title='bbox 2166 882 2355 937; x_wconf 91' lang='lat' dir='ltr'><strong>vocat,</strong></span> <span class='ocrx_word' id='word_1_273' title='bbox 2387 872 2480 928; x_wconf 88' lang='lat' dir='ltr'><strong>sed</strong></span> <span class='ocrx_word' id='word_1_274' title='bbox 2511 888 2578 928; x_wconf 79' lang='lat' dir='ltr'><strong>ex</strong></span> <span class='ocrx_word' id='word_1_275' title='bbox 2606 876 2915 937; x_wconf 88' lang='lat' dir='ltr'><strong>contrario,</strong></span> <span class='ocrx_word' id='word_1_276' title='bbox 2947 892 2964 925; x_wconf 75' lang='grc' dir='ltr'><strong>ι</strong></span> <span class='ocrx_word' id='word_1_277' title='bbox 2997 871 3172 944; x_wconf 88' lang='lat' dir='ltr'><strong>Super</strong></span> <span class='ocrx_word' id='word_1_278' title='bbox 3197 875 3455 944; x_wconf 91' lang='lat' dir='ltr'><strong>populum</strong></span> 
     </span>
    </p>
   </div>
   <div class='ocr_carea' id='block_1_38' title="bbox 1895 966 3452 1036">
    <p class='ocr_par' dir='ltr' id='par_1_38' title="bbox 1895 966 3452 1036">
     <span class='ocr_line' id='line_1_38' title="bbox 1895 966 3452 1036; baseline 0.001 -18"><span class='ocrx_word' id='word_1_279' title='bbox 1895 972 2046 1019; x_wconf 87' lang='lat' dir='ltr'><strong>tuum</strong></span> <span class='ocrx_word' id='word_1_280' title='bbox 2068 1006 2081 1029; x_wconf 89' lang='lat'><strong>,</strong></span> <span class='ocrx_word' id='word_1_281' title='bbox 2115 967 2325 1036; x_wconf 89' lang='lat' dir='ltr'><strong>inquit,</strong></span> <span class='ocrx_word' id='word_1_282' title='bbox 2359 975 2413 1021; x_wconf 93' lang='lat' dir='ltr'><strong>et</strong></span> <span class='ocrx_word' id='word_1_283' title='bbox 2443 982 2608 1036; x_wconf 88' lang='lat' dir='ltr'><strong>super</strong></span> <span class='ocrx_word' id='word_1_284' title='bbox 2639 966 2914 1021; x_wconf 88' lang='lat' dir='ltr'><strong>civitatem</strong></span> <span class='ocrx_word' id='word_1_285' title='bbox 2949 975 3192 1021; x_wconf 87' lang='lat' dir='ltr'><strong>sanctam</strong></span> <span class='ocrx_word' id='word_1_286' title='bbox 3227 975 3405 1033; x_wconf 91' lang='lat' dir='ltr'><strong>tuam,</strong></span> <span class='ocrx_word' id='word_1_287' title='bbox 3433 988 3452 1020; x_wconf 72' lang='grc' dir='ltr'><strong>ι</strong></span> 
     </span>
    </p>
   </div>
   <div class='ocr_carea' id='block_1_39' title="bbox 1897 1057 3458 1129">
    <p class='ocr_par' dir='ltr' id='par_1_39' title="bbox 1897 1057 3458 1129">
     <span class='ocr_line' id='line_1_39' title="bbox 1897 1057 3458 1129; baseline 0 -16"><span class='ocrx_word' id='word_1_288' title='bbox 1897 1059 1986 1113; x_wconf 90' lang='lat' dir='ltr'><strong>ubi</strong></span> <span class='ocrx_word' id='word_1_289' title='bbox 2019 1057 2408 1129; x_wconf 83' lang='lat' dir='ltr'><strong>propemodum</strong></span> <span class='ocrx_word' id='word_1_290' title='bbox 2441 1068 2492 1112; x_wconf 88' lang='lat' dir='ltr'><strong>et</strong></span> <span class='ocrx_word' id='word_1_291' title='bbox 2517 1057 2792 1112; x_wconf 88' lang='lat' dir='ltr'><strong>civitatem</strong></span> <span class='ocrx_word' id='word_1_292' title='bbox 2815 1100 2829 1125; x_wconf 88' lang='lat'><strong>,</strong></span> <span class='ocrx_word' id='word_1_293' title='bbox 2859 1069 2908 1112; x_wconf 91' lang='lat' dir='ltr'><strong>et</strong></span> <span class='ocrx_word' id='word_1_294' title='bbox 2935 1060 3191 1129; x_wconf 88' lang='lat' dir='ltr'><strong>populum</strong></span> <span class='ocrx_word' id='word_1_295' title='bbox 3214 1102 3228 1125; x_wconf 90' lang='lat'><strong>,</strong></span> <span class='ocrx_word' id='word_1_296' title='bbox 3253 1070 3305 1114; x_wconf 90' lang='lat' dir='ltr'><strong>et</strong></span> <span class='ocrx_word' id='word_1_297' title='bbox 3329 1076 3458 1114; x_wconf 88' lang='lat' dir='ltr'><strong>san-</strong></span> 
     </span>
    </p>
   </div>
   <div class='ocr_carea' id='block_1_40' title="bbox 1895 1149 3457 1222">
    <p class='ocr_par' dir='ltr' id='par_1_40' title="bbox 1895 1149 3457 1222">
     <span class='ocr_line' id='line_1_40' title="bbox 1895 1149 3457 1222; baseline 0 -18"><span class='ocrx_word' id='word_1_298' title='bbox 1895 1153 2163 1222; x_wconf 72' lang='lat' dir='ltr'><strong>ctuarium</strong></span> <span class='ocrx_word' id='word_1_299' title='bbox 2197 1151 2286 1204; x_wconf 90' lang='lat' dir='ltr'><strong>illa</strong></span> <span class='ocrx_word' id='word_1_300' title='bbox 2312 1149 2405 1204; x_wconf 89' lang='lat' dir='ltr'><strong>Dei</strong></span> <span class='ocrx_word' id='word_1_301' title='bbox 2429 1150 2792 1220; x_wconf 75' lang='lat' dir='ltr'><strong>appellatione</strong></span> <span class='ocrx_word' id='word_1_302' title='bbox 2826 1151 3048 1222; x_wconf 79' lang='lat' dir='ltr'><strong>indigna</strong></span> <span class='ocrx_word' id='word_1_303' title='bbox 3081 1167 3202 1207; x_wconf 89' lang='lat' dir='ltr'><strong>esse</strong></span> <span class='ocrx_word' id='word_1_304' title='bbox 3231 1152 3457 1206; x_wconf 88' lang='lat' dir='ltr'><strong>demon-</strong></span> 
     </span>
    </p>
   </div>
   <div class='ocr_carea' id='block_1_41' title="bbox 1895 1241 3457 1311">
    <p class='ocr_par' dir='ltr' id='par_1_41' title="bbox 1895 1241 3457 1311">
     <span class='ocr_line' id='line_1_41' title="bbox 1895 1241 3457 1311; baseline -0.002 -13"><span class='ocrx_word' id='word_1_305' title='bbox 1895 1251 2051 1299; x_wconf 88' lang='lat' dir='ltr'><strong>strat.</strong></span> <span class='ocrx_word' id='word_1_306' title='bbox 2076 1241 2308 1296; x_wconf 88' lang='lat' dir='ltr'><strong>Tantum</strong></span> <span class='ocrx_word' id='word_1_307' title='bbox 2334 1242 2500 1311; x_wconf 89' lang='lat' dir='ltr'><strong>igitur</strong></span> <span class='ocrx_word' id='word_1_308' title='bbox 2521 1241 2782 1311; x_wconf 89' lang='lat' dir='ltr'><strong>temporis</strong></span> <span class='ocrx_word' id='word_1_309' title='bbox 2803 1243 3033 1310; x_wconf 86' lang='lat' dir='ltr'><strong>spatium</strong></span> <span class='ocrx_word' id='word_1_310' title='bbox 3060 1242 3291 1311; x_wconf 89' lang='lat' dir='ltr'><strong>primum</strong></span> <span class='ocrx_word' id='word_1_311' title='bbox 3324 1258 3457 1295; x_wconf 85' lang='lat' dir='ltr'><strong>con-</strong></span> 
     </span>
    </p>
   </div>
   <div class='ocr_carea' id='block_1_42' title="bbox 1861 1323 3454 1402">
    <p class='ocr_par' dir='ltr' id='par_1_42' title="bbox 1861 1323 3454 1402">
     <span class='ocr_line' id='line_1_42' title="bbox 1861 1323 3454 1402; baseline 0 -17"><span class='ocrx_word' id='word_1_312' title='bbox 1861 1323 1978 1385; x_wconf 40' lang='lat' dir='ltr'><strong>‘tra</strong></span> <span class='ocrx_word' id='word_1_313' title='bbox 2017 1332 2309 1402; x_wconf 91' lang='lat' dir='ltr'><strong>populum,</strong></span> <span class='ocrx_word' id='word_1_314' title='bbox 2348 1331 2544 1387; x_wconf 88' lang='lat' dir='ltr'><strong>deinde</strong></span> <span class='ocrx_word' id='word_1_315' title='bbox 2577 1339 2768 1385; x_wconf 89' lang='lat' dir='ltr'><strong>contra</strong></span> <span class='ocrx_word' id='word_1_316' title='bbox 2807 1333 3080 1388; x_wconf 89' lang='lat' dir='ltr'><strong>civitatem</strong></span> <span class='ocrx_word' id='word_1_317' title='bbox 3128 1331 3454 1401; x_wconf 73' lang='lat' dir='ltr'><strong>praefinitum</strong></span> 
     </span>
    </p>
   </div>
   <div class='ocr_carea' id='block_1_43' title="bbox 1893 1421 3451 1493">
    <p class='ocr_par' dir='ltr' id='par_1_43' title="bbox 1893 1421 3451 1493">
     <span class='ocr_line' id='line_1_43' title="bbox 1893 1421 3451 1493; baseline -0.003 -13"><span class='ocrx_word' id='word_1_318' title='bbox 1893 1437 2016 1480; x_wconf 88' lang='lat' dir='ltr'><strong>esse</strong></span> <span class='ocrx_word' id='word_1_319' title='bbox 2044 1424 2202 1478; x_wconf 89' lang='lat' dir='ltr'><strong>docet</strong></span> <span class='ocrx_word' id='word_1_320' title='bbox 2231 1442 2243 1478; x_wconf 90' lang='lat'><strong>:</strong></span> <span class='ocrx_word' id='word_1_321' title='bbox 2277 1432 2330 1478; x_wconf 88' lang='lat' dir='ltr'><strong>et</strong></span> <span class='ocrx_word' id='word_1_322' title='bbox 2360 1422 2504 1493; x_wconf 90' lang='lat' dir='ltr'><strong>quod</strong></span> <span class='ocrx_word' id='word_1_323' title='bbox 2541 1430 2752 1476; x_wconf 91' lang='lat' dir='ltr'><strong>tantum</strong></span> <span class='ocrx_word' id='word_1_324' title='bbox 2788 1423 2888 1485; x_wconf 82' lang='lat' dir='ltr'><strong>sit,</strong></span> <span class='ocrx_word' id='word_1_325' title='bbox 2921 1421 3159 1477; x_wconf 79' lang='lat' dir='ltr'><strong>ostendit</strong></span> <span class='ocrx_word' id='word_1_326' title='bbox 3189 1439 3253 1476; x_wconf 82' lang='lat' dir='ltr'><strong>ex</strong></span> <span class='ocrx_word' id='word_1_327' title='bbox 3287 1440 3451 1477; x_wconf 77' lang='lat' dir='ltr'><strong>reno-</strong></span> 
     </span>
    </p>
   </div>
   <div class='ocr_carea' id='block_1_44' title="bbox 1897 1514 3454 1583">
    <p class='ocr_par' dir='ltr' id='par_1_44' title="bbox 1897 1514 3454 1583">
     <span class='ocr_line' id='line_1_44' title="bbox 1897 1514 3454 1583; baseline -0.001 -13"><span class='ocrx_word' id='word_1_328' title='bbox 1897 1516 2110 1570; x_wconf 80' lang='lat' dir='ltr'><strong>vatione</strong></span> <span class='ocrx_word' id='word_1_329' title='bbox 2142 1514 2479 1570; x_wconf 85' lang='lat' dir='ltr'><strong>‘Jerusalem.</strong></span> <span class='ocrx_word' id='word_1_330' title='bbox 2538 1514 2597 1568; x_wconf 89' lang='lat' dir='ltr'><strong>ld</strong></span> <span class='ocrx_word' id='word_1_331' title='bbox 2649 1530 2812 1583; x_wconf 92' lang='lat' dir='ltr'><strong>porro</strong></span> <span class='ocrx_word' id='word_1_332' title='bbox 2865 1514 3178 1568; x_wconf 85' lang='lat' dir='ltr'><strong>continetur</strong></span> <span class='ocrx_word' id='word_1_333' title='bbox 3219 1529 3247 1566; x_wconf 91' lang='lat' dir='ltr'><strong>a</strong></span> <span class='ocrx_word' id='word_1_334' title='bbox 3291 1514 3454 1568; x_wconf 89' lang='lat' dir='ltr'><strong>Dario</strong></span> 
     </span>
    </p>
   </div>
   <div class='ocr_carea' id='block_1_45' title="bbox 1895 1604 3454 1676">
    <p class='ocr_par' dir='ltr' id='par_1_45' title="bbox 1895 1604 3454 1676">
     <span class='ocr_line' id='line_1_45' title="bbox 1895 1604 3454 1676; baseline 0 -16"><span class='ocrx_word' id='word_1_335' title='bbox 1895 1606 2183 1661; x_wconf 81' lang='lat' dir='ltr'><strong>Persarum</strong></span> <span class='ocrx_word' id='word_1_336' title='bbox 2227 1621 2356 1676; x_wconf 85' lang='lat' dir='ltr'><strong>rege</strong></span> <span class='ocrx_word' id='word_1_337' title='bbox 2404 1621 2576 1676; x_wconf 87' lang='lat' dir='ltr'><strong>usque</strong></span> <span class='ocrx_word' id='word_1_338' title='bbox 2624 1605 2688 1658; x_wconf 93' lang='lat' dir='ltr'><strong>ad</strong></span> <span class='ocrx_word' id='word_1_339' title='bbox 2736 1605 2964 1674; x_wconf 80' lang='lat' dir='ltr'><strong>Augusti</strong></span> <span class='ocrx_word' id='word_1_340' title='bbox 3016 1606 3350 1659; x_wconf 80' lang='lat' dir='ltr'><strong>dominatum</strong></span> <span class='ocrx_word' id='word_1_341' title='bbox 3398 1604 3454 1660; x_wconf 88' lang='lat' dir='ltr'><strong>in</strong></span> 
     </span>
    </p>
   </div>
   <div class='ocr_carea' id='block_1_46' title="bbox 1893 1696 3458 1766">
    <p class='ocr_par' dir='ltr' id='par_1_46' title="bbox 1893 1696 3458 1766">
     <span class='ocr_line' id='line_1_46' title="bbox 1893 1696 3458 1766; baseline -0.001 -15"><span class='ocrx_word' id='word_1_342' title='bbox 1893 1697 2190 1761; x_wconf 85' lang='lat' dir='ltr'><strong>Romanos,</strong></span> <span class='ocrx_word' id='word_1_343' title='bbox 2216 1707 2270 1753; x_wconf 90' lang='lat' dir='ltr'><strong>et</strong></span> <span class='ocrx_word' id='word_1_344' title='bbox 2293 1697 2558 1752; x_wconf 88' lang='lat' dir='ltr'><strong>llerudem</strong></span> <span class='ocrx_word' id='word_1_345' title='bbox 2585 1696 2892 1751; x_wconf 84' lang='lat' dir='ltr'><strong>Judaeorum</strong></span> <span class='ocrx_word' id='word_1_346' title='bbox 2923 1712 3102 1766; x_wconf 81' lang='lat' dir='ltr'><strong>regem</strong></span> <span class='ocrx_word' id='word_1_347' title='bbox 3122 1737 3136 1758; x_wconf 83' lang='lat'><strong>,</strong></span> <span class='ocrx_word' id='word_1_348' title='bbox 3160 1697 3250 1766; x_wconf 85' lang='lat' dir='ltr'><strong>qui</strong></span> <span class='ocrx_word' id='word_1_349' title='bbox 3280 1697 3458 1750; x_wconf 83' lang='lat' dir='ltr'><strong>alieno</strong></span> 
     </span>
    </p>
   </div>
   <div class='ocr_carea' id='block_1_47' title="bbox 1893 1788 3457 1862">
    <p class='ocr_par' dir='ltr' id='par_1_47' title="bbox 1893 1788 3457 1862">
     <span class='ocr_line' id='line_1_47' title="bbox 1893 1788 3457 1862; baseline -0.002 -16"><span class='ocrx_word' id='word_1_350' title='bbox 1893 1807 2091 1862; x_wconf 79' lang='lat' dir='ltr'><strong>genere</strong></span> <span class='ocrx_word' id='word_1_351' title='bbox 2131 1798 2294 1844; x_wconf 87' lang='lat' dir='ltr'><strong>natus</strong></span> <span class='ocrx_word' id='word_1_352' title='bbox 2328 1801 2442 1854; x_wconf 89' lang='lat' dir='ltr'><strong>est,</strong></span> <span class='ocrx_word' id='word_1_353' title='bbox 2477 1805 2709 1860; x_wconf 90' lang='lat' dir='ltr'><strong>quorum</strong></span> <span class='ocrx_word' id='word_1_354' title='bbox 2746 1790 3084 1858; x_wconf 87' lang='lat' dir='ltr'><strong>temporibus</strong></span> <span class='ocrx_word' id='word_1_355' title='bbox 3127 1805 3188 1844; x_wconf 91' lang='lat' dir='ltr'><strong>ea</strong></span> <span class='ocrx_word' id='word_1_356' title='bbox 3238 1805 3358 1859; x_wconf 74' lang='lat' dir='ltr'><strong>quze</strong></span> <span class='ocrx_word' id='word_1_357' title='bbox 3388 1788 3457 1843; x_wconf 88' lang='lat' dir='ltr'><strong>ad</strong></span> 
     </span>
    </p>
   </div>
   <div class='ocr_carea' id='block_1_48' title="bbox 1893 1883 3461 1953">
    <p class='ocr_par' dir='ltr' id='par_1_48' title="bbox 1893 1883 3461 1953">
     <span class='ocr_line' id='line_1_48' title="bbox 1893 1883 3461 1953; baseline -0.003 -14"><span class='ocrx_word' id='word_1_358' title='bbox 1893 1894 2069 1939; x_wconf 91' lang='lat' dir='ltr'><strong>ortum</strong></span> <span class='ocrx_word' id='word_1_359' title='bbox 2089 1883 2386 1939; x_wconf 83' lang='lat' dir='ltr'><strong>Salvatoris</strong></span> <span class='ocrx_word' id='word_1_360' title='bbox 2400 1884 2570 1938; x_wconf 88' lang='lat' dir='ltr'><strong>nostri</strong></span> <span class='ocrx_word' id='word_1_361' title='bbox 2586 1884 2874 1953; x_wconf 88' lang='lat' dir='ltr'><strong>pertinent,</strong></span> <span class='ocrx_word' id='word_1_362' title='bbox 2899 1890 3244 1947; x_wconf 78' lang='lat' dir='ltr'><strong>enarrantur,</strong></span> <span class='ocrx_word' id='word_1_363' title='bbox 3269 1897 3461 1950; x_wconf 82' lang='lat' dir='ltr'><strong>quem-</strong></span> 
     </span>
    </p>
   </div>
   <div class='ocr_carea' id='block_1_49' title="bbox 1891 1971 3454 2047">
    <p class='ocr_par' dir='ltr' id='par_1_49' title="bbox 1891 1971 3454 2047">
     <span class='ocr_line' id='line_1_49' title="bbox 1891 1971 3454 2047; baseline -0.001 -17"><span class='ocrx_word' id='word_1_364' title='bbox 1891 1977 2180 2032; x_wconf 82' lang='lat' dir='ltr'><strong>admodum</strong></span> <span class='ocrx_word' id='word_1_365' title='bbox 2214 1976 2430 2047; x_wconf 84' lang='lat' dir='ltr'><strong>longius</strong></span> <span class='ocrx_word' id='word_1_366' title='bbox 2484 1989 2771 2044; x_wconf 89' lang='lat' dir='ltr'><strong>progressa</strong></span> <span class='ocrx_word' id='word_1_367' title='bbox 2819 1973 2990 2026; x_wconf 87' lang='lat' dir='ltr'><strong>oratio</strong></span> <span class='ocrx_word' id='word_1_368' title='bbox 3037 1971 3454 2028; x_wconf 83' lang='lat' dir='ltr'><strong>demonstrabit.</strong></span> 
     </span>
    </p>
   </div>
   <div class='ocr_carea' id='block_1_50' title="bbox 1890 2061 3460 2136">
    <p class='ocr_par' dir='ltr' id='par_1_50' title="bbox 1890 2061 3460 2136">
     <span class='ocr_line' id='line_1_50' title="bbox 1890 2061 3460 2136; baseline -0.005 -14"><span class='ocrx_word' id='word_1_369' title='bbox 1890 2066 2093 2123; x_wconf 88' lang='lat' dir='ltr'><strong>Ordine</strong></span> <span class='ocrx_word' id='word_1_370' title='bbox 2125 2066 2382 2136; x_wconf 87' lang='lat' dir='ltr'><strong>deinceps</strong></span> <span class='ocrx_word' id='word_1_371' title='bbox 2431 2065 2680 2134; x_wconf 88' lang='lat' dir='ltr'><strong>sequitur</strong></span> <span class='ocrx_word' id='word_1_372' title='bbox 2709 2083 2721 2118; x_wconf 93' lang='lat'>:</span> <span class='ocrx_word' id='word_1_373' title='bbox 2754 2082 2770 2112; x_wconf 73' lang='grc' dir='ltr'><strong>ι</strong></span> <span class='ocrx_word' id='word_1_374' title='bbox 2792 2061 2861 2116; x_wconf 88' lang='lat' dir='ltr'><strong>Ut</strong></span> <span class='ocrx_word' id='word_1_375' title='bbox 2891 2070 3302 2117; x_wconf 87' lang='lat' dir='ltr'><strong>consununetur</strong></span> <span class='ocrx_word' id='word_1_376' title='bbox 3333 2077 3460 2131; x_wconf 88' lang='lat' dir='ltr'><strong>pec-</strong></span> 
     </span>
    </p>
   </div>
   <div class='ocr_carea' id='block_1_51' title="bbox 1891 2152 3459 2228">
    <p class='ocr_par' dir='ltr' id='par_1_51' title="bbox 1891 2152 3459 2228">
     <span class='ocr_line' id='line_1_51' title="bbox 1891 2152 3459 2228; baseline -0.006 -13"><span class='ocrx_word' id='word_1_377' title='bbox 1891 2169 2071 2216; x_wconf 91' lang='lat' dir='ltr'><strong>catum</strong></span> <span class='ocrx_word' id='word_1_378' title='bbox 2091 2198 2107 2225; x_wconf 84' lang='lat'><strong>,</strong></span> <span class='ocrx_word' id='word_1_379' title='bbox 2139 2167 2194 2214; x_wconf 91' lang='lat' dir='ltr'><strong>et</strong></span> <span class='ocrx_word' id='word_1_380' title='bbox 2231 2157 2389 2228; x_wconf 90' lang='lat' dir='ltr'><strong>quasi</strong></span> <span class='ocrx_word' id='word_1_381' title='bbox 2429 2157 2633 2211; x_wconf 80' lang='lat' dir='ltr'><strong>annulo</strong></span> <span class='ocrx_word' id='word_1_382' title='bbox 2679 2156 2966 2223; x_wconf 87' lang='lat' dir='ltr'><strong>signentur</strong></span> <span class='ocrx_word' id='word_1_383' title='bbox 2997 2163 3215 2222; x_wconf 86' lang='lat' dir='ltr'><strong>peccata</strong></span> <span class='ocrx_word' id='word_1_384' title='bbox 3237 2193 3251 2217; x_wconf 92' lang='lat'><strong>,</strong></span> <span class='ocrx_word' id='word_1_385' title='bbox 3281 2161 3334 2206; x_wconf 91' lang='lat' dir='ltr'><strong>ct</strong></span> <span class='ocrx_word' id='word_1_386' title='bbox 3364 2152 3459 2205; x_wconf 86' lang='lat' dir='ltr'><strong>de-</strong></span> 
     </span>
    </p>
   </div>
   <div class='ocr_carea' id='block_1_52' title="bbox 1891 2243 3458 2320">
    <p class='ocr_par' dir='ltr' id='par_1_52' title="bbox 1891 2243 3458 2320">
     <span class='ocr_line' id='line_1_52' title="bbox 1891 2243 3458 2320; baseline -0.007 -14"><span class='ocrx_word' id='word_1_387' title='bbox 1891 2253 2105 2308; x_wconf 92' lang='lat' dir='ltr'><strong>leantur</strong></span> <span class='ocrx_word' id='word_1_388' title='bbox 2143 2250 2494 2320; x_wconf 87' lang='lat' dir='ltr'><strong>iniquitates,</strong></span> <span class='ocrx_word' id='word_1_389' title='bbox 2532 2255 2586 2302; x_wconf 89' lang='lat' dir='ltr'><strong>et</strong></span> <span class='ocrx_word' id='word_1_390' title='bbox 2615 2243 2904 2315; x_wconf 74' lang='lat' dir='ltr'><strong>expientur</strong></span> <span class='ocrx_word' id='word_1_391' title='bbox 2940 2244 3255 2314; x_wconf 62' lang='lat' dir='ltr'><strong>injustitiaa,</strong></span> <span class='ocrx_word' id='word_1_392' title='bbox 3288 2251 3342 2298; x_wconf 90' lang='lat' dir='ltr'><strong>et</strong></span> <span class='ocrx_word' id='word_1_393' title='bbox 3373 2244 3458 2296; x_wconf 58' lang='lat' dir='ltr'><strong>in.</strong></span> 
     </span>
    </p>
   </div>
   <div class='ocr_carea' id='block_1_53' title="bbox 1890 2336 3456 2413">
    <p class='ocr_par' dir='ltr' id='par_1_53' title="bbox 1890 2336 3456 2413">
     <span class='ocr_line' id='line_1_53' title="bbox 1890 2336 3456 2413; baseline -0.008 -13"><span class='ocrx_word' id='word_1_394' title='bbox 1890 2346 2122 2400; x_wconf 89' lang='lat' dir='ltr'><strong>ducatur</strong></span> <span class='ocrx_word' id='word_1_395' title='bbox 2141 2343 2355 2413; x_wconf 87' lang='lat' dir='ltr'><strong>justitia</strong></span> <span class='ocrx_word' id='word_1_396' title='bbox 2379 2341 2730 2410; x_wconf 84' lang='lat' dir='ltr'><strong>sempiterna,</strong></span> <span class='ocrx_word' id='word_1_397' title='bbox 2750 2347 2803 2392; x_wconf 90' lang='lat' dir='ltr'><strong>et</strong></span> <span class='ocrx_word' id='word_1_398' title='bbox 2825 2336 2981 2408; x_wconf 90' lang='lat' dir='ltr'><strong>quasi</strong></span> <span class='ocrx_word' id='word_1_399' title='bbox 3005 2337 3158 2405; x_wconf 85' lang='lat' dir='ltr'><strong>signo</strong></span> <span class='ocrx_word' id='word_1_400' title='bbox 3187 2336 3456 2404; x_wconf 89' lang='lat' dir='ltr'><strong>impresso</strong></span> 
     </span>
    </p>
   </div>
   <div class='ocr_carea' id='block_1_54' title="bbox 1891 2426 3457 2503">
    <p class='ocr_par' dir='ltr' id='par_1_54' title="bbox 1891 2426 3457 2503">
     <span class='ocr_line' id='line_1_54' title="bbox 1891 2426 3457 2503; baseline -0.006 -12"><span class='ocrx_word' id='word_1_401' title='bbox 1891 2437 2181 2492; x_wconf 86' lang='lat' dir='ltr'><strong>claudatur</strong></span> <span class='ocrx_word' id='word_1_402' title='bbox 2211 2435 2349 2489; x_wconf 84' lang='lat' dir='ltr'><strong>visio</strong></span> <span class='ocrx_word' id='word_1_403' title='bbox 2380 2441 2432 2489; x_wconf 90' lang='lat' dir='ltr'><strong>et</strong></span> <span class='ocrx_word' id='word_1_404' title='bbox 2476 2431 2795 2503; x_wconf 84' lang='lat' dir='ltr'><strong>prophetia,</strong></span> <span class='ocrx_word' id='word_1_405' title='bbox 2842 2437 2895 2484; x_wconf 91' lang='lat' dir='ltr'><strong>et</strong></span> <span class='ocrx_word' id='word_1_406' title='bbox 2939 2437 3176 2499; x_wconf 89' lang='lat' dir='ltr'><strong>ungatur</strong></span> <span class='ocrx_word' id='word_1_407' title='bbox 3221 2426 3457 2481; x_wconf 86' lang='lat' dir='ltr'><strong>Sanctus</strong></span> 
     </span>
    </p>
   </div>
   <div class='ocr_carea' id='block_1_55' title="bbox 1891 2518 3456 2591">
    <p class='ocr_par' dir='ltr' id='par_1_55' title="bbox 1891 2518 3456 2591">
     <span class='ocr_line' id='line_1_55' title="bbox 1891 2518 3456 2591; baseline -0.01 -6"><span class='ocrx_word' id='word_1_408' title='bbox 1891 2537 2227 2586; x_wconf 85' lang='lat' dir='ltr'><strong>sanctorum.</strong></span> <span class='ocrx_word' id='word_1_409' title='bbox 2255 2545 2273 2579; x_wconf 72' lang='grc' dir='ltr'><strong>ι</strong></span> <span class='ocrx_word' id='word_1_410' title='bbox 2303 2525 2409 2580; x_wconf 90' lang='lat' dir='ltr'><strong>Pro</strong></span> <span class='ocrx_word' id='word_1_411' title='bbox 2439 2541 2503 2580; x_wconf 89' lang='lat' dir='ltr'><strong>eo</strong></span> <span class='ocrx_word' id='word_1_412' title='bbox 2534 2531 2712 2577; x_wconf 90' lang='lat' dir='ltr'><strong>autem</strong></span> <span class='ocrx_word' id='word_1_413' title='bbox 2744 2521 2888 2591; x_wconf 91' lang='lat' dir='ltr'><strong>quod</strong></span> <span class='ocrx_word' id='word_1_414' title='bbox 2919 2528 3036 2582; x_wconf 88' lang='lat' dir='ltr'><strong>est,</strong></span> <span class='ocrx_word' id='word_1_415' title='bbox 3067 2539 3084 2569; x_wconf 75' lang='grc' dir='ltr'><strong>ι</strong></span> <span class='ocrx_word' id='word_1_416' title='bbox 3110 2518 3178 2573; x_wconf 88' lang='lat' dir='ltr'><strong>Ut</strong></span> <span class='ocrx_word' id='word_1_417' title='bbox 3207 2533 3456 2573; x_wconf 92' lang='lat' dir='ltr'><strong>consum-</strong></span> 
     </span>
    </p>
   </div>
   <div class='ocr_carea' id='block_1_56' title="bbox 1891 2613 3455 2692">
    <p class='ocr_par' dir='ltr' id='par_1_56' title="bbox 1891 2613 3455 2692">
     <span class='ocr_line' id='line_1_56' title="bbox 1891 2613 3455 2692; baseline -0.01 -15"><span class='ocrx_word' id='word_1_418' title='bbox 1891 2632 2066 2677; x_wconf 88' lang='lat' dir='ltr'><strong>metur</strong></span> <span class='ocrx_word' id='word_1_419' title='bbox 2094 2628 2408 2692; x_wconf 88' lang='lat' dir='ltr'><strong>peccatum,</strong></span> <span class='ocrx_word' id='word_1_420' title='bbox 2453 2625 2508 2672; x_wconf 91' lang='lat' dir='ltr'><strong>et</strong></span> <span class='ocrx_word' id='word_1_421' title='bbox 2553 2615 2711 2686; x_wconf 88' lang='lat' dir='ltr'><strong>quasi</strong></span> <span class='ocrx_word' id='word_1_422' title='bbox 2758 2614 2964 2668; x_wconf 83' lang='lat' dir='ltr'><strong>annulo</strong></span> <span class='ocrx_word' id='word_1_423' title='bbox 3006 2613 3289 2682; x_wconf 80' lang='lat' dir='ltr'><strong>signentur</strong></span> <span class='ocrx_word' id='word_1_424' title='bbox 3329 2626 3455 2681; x_wconf 86' lang='lat' dir='ltr'><strong>pec-</strong></span> 
     </span>
    </p>
   </div>
   <div class='ocr_carea' id='block_1_57' title="bbox 1889 2705 3459 2785">
    <p class='ocr_par' dir='ltr' id='par_1_57' title="bbox 1889 2705 3459 2785">
     <span class='ocr_line' id='line_1_57' title="bbox 1889 2705 3459 2785; baseline -0.011 -13"><span class='ocrx_word' id='word_1_425' title='bbox 1889 2727 2030 2781; x_wconf 85' lang='lat' dir='ltr'><strong>cata,</strong></span> <span class='ocrx_word' id='word_1_426' title='bbox 2063 2735 2081 2767; x_wconf 75' lang='grc' dir='ltr'><strong>ι</strong></span> <span class='ocrx_word' id='word_1_427' title='bbox 2111 2715 2304 2785; x_wconf 87' lang='lat' dir='ltr'><strong>Aquila</strong></span> <span class='ocrx_word' id='word_1_428' title='bbox 2335 2712 2532 2772; x_wconf 86' lang='lat' dir='ltr'><strong>vertit.</strong></span> <span class='ocrx_word' id='word_1_429' title='bbox 2564 2729 2582 2762; x_wconf 77' lang='grc' dir='ltr'><strong>ι</strong></span> <span class='ocrx_word' id='word_1_430' title='bbox 2617 2709 2696 2764; x_wconf 79' lang='lat' dir='ltr'><strong>Ad</strong></span> <span class='ocrx_word' id='word_1_431' title='bbox 2726 2705 3212 2762; x_wconf 88' lang='lat' dir='ltr'><strong>consummandam</strong></span> <span class='ocrx_word' id='word_1_432' title='bbox 3248 2719 3459 2775; x_wconf 56' lang='lat' dir='ltr'><strong>praeva-</strong></span> 
     </span>
    </p>
   </div>
   <div class='ocr_carea' id='block_1_58' title="bbox 1890 2793 3456 2871">
    <p class='ocr_par' dir='ltr' id='par_1_58' title="bbox 1890 2793 3456 2871">
     <span class='ocr_line' id='line_1_58' title="bbox 1890 2793 3456 2871; baseline -0.01 -8"><span class='ocrx_word' id='word_1_433' title='bbox 1890 2795 2240 2870; x_wconf 82' lang='lat' dir='ltr'><strong>ricationem,</strong></span> <span class='ocrx_word' id='word_1_434' title='bbox 2273 2812 2325 2859; x_wconf 92' lang='lat' dir='ltr'><strong>et</strong></span> <span class='ocrx_word' id='word_1_435' title='bbox 2367 2805 2525 2858; x_wconf 83' lang='lat' dir='ltr'><strong>linem</strong></span> <span class='ocrx_word' id='word_1_436' title='bbox 2570 2799 2960 2871; x_wconf 88' lang='lat' dir='ltr'><strong>imponendum</strong></span> <span class='ocrx_word' id='word_1_437' title='bbox 2991 2802 3235 2867; x_wconf 89' lang='lat' dir='ltr'><strong>peccato.</strong></span> <span class='ocrx_word' id='word_1_438' title='bbox 3269 2815 3288 2847; x_wconf 73' lang='grc' dir='ltr'><strong>ι</strong></span> <span class='ocrx_word' id='word_1_439' title='bbox 3320 2793 3456 2848; x_wconf 91' lang='lat' dir='ltr'><strong>Illud</strong></span> 
     </span>
    </p>
   </div>
   <div class='ocr_carea' id='block_1_59' title="bbox 1888 2887 3451 2968">
    <p class='ocr_par' dir='ltr' id='par_1_59' title="bbox 1888 2887 3451 2968">
     <span class='ocr_line' id='line_1_59' title="bbox 1888 2887 3451 2968; baseline -0.01 -13"><span class='ocrx_word' id='word_1_440' title='bbox 1888 2902 2055 2965; x_wconf 87' lang='lat' dir='ltr'><strong>enim,</strong></span> <span class='ocrx_word' id='word_1_441' title='bbox 2108 2917 2125 2949; x_wconf 77' lang='grc' dir='ltr'><strong>ι</strong></span> <span class='ocrx_word' id='word_1_442' title='bbox 2156 2897 2381 2968; x_wconf 90' lang='lat' dir='ltr'><strong>lmplete</strong></span> <span class='ocrx_word' id='word_1_443' title='bbox 2410 2909 2720 2951; x_wconf 87' lang='lat' dir='ltr'><strong>mensuram</strong></span> <span class='ocrx_word' id='word_1_444' title='bbox 2753 2900 2966 2962; x_wconf 90' lang='lat' dir='ltr'><strong>patrum</strong></span> <span class='ocrx_word' id='word_1_445' title='bbox 2995 2898 3300 2945; x_wconf 87' lang='lat' dir='ltr'><strong>vestrorum</strong></span> <span class='ocrx_word' id='word_1_446' title='bbox 3333 2887 3398 2952; x_wconf 76' lang='lat'><strong>“,</strong></span> <span class='ocrx_word' id='word_1_447' title='bbox 3431 2907 3451 2939; x_wconf 70' lang='grc' dir='ltr'><strong>ι</strong></span> 
     </span>
    </p>
   </div>
   <div class='ocr_carea' id='block_1_60' title="bbox 1887 2981 3453 3062">
    <p class='ocr_par' dir='ltr' id='par_1_60' title="bbox 1887 2981 3453 3062">
     <span class='ocr_line' id='line_1_60' title="bbox 1887 2981 3453 3062; baseline -0.01 -17"><span class='ocrx_word' id='word_1_448' title='bbox 1887 2992 2032 3062; x_wconf 90' lang='lat' dir='ltr'><strong>quod</strong></span> <span class='ocrx_word' id='word_1_449' title='bbox 2074 3009 2104 3044; x_wconf 71' lang='grc' dir='ltr'><strong>ιι</strong></span> <span class='ocrx_word' id='word_1_450' title='bbox 2146 2989 2428 3043; x_wconf 88' lang='lat' dir='ltr'><strong>Salvatore</strong></span> <span class='ocrx_word' id='word_1_451' title='bbox 2466 2995 2655 3041; x_wconf 88' lang='lat' dir='ltr'><strong>nostro</strong></span> <span class='ocrx_word' id='word_1_452' title='bbox 2695 2984 2763 3038; x_wconf 88' lang='lat' dir='ltr'><strong>ad</strong></span> <span class='ocrx_word' id='word_1_453' title='bbox 2808 2983 3026 3038; x_wconf 71' lang='lat' dir='ltr'><strong>Iudaeos</strong></span> <span class='ocrx_word' id='word_1_454' title='bbox 3078 2981 3282 3034; x_wconf 89' lang='lat' dir='ltr'><strong>dictum</strong></span> <span class='ocrx_word' id='word_1_455' title='bbox 3328 2987 3453 3042; x_wconf 89' lang='lat' dir='ltr'><strong>est,</strong></span> 
     </span>
    </p>
   </div>
   <div class='ocr_carea' id='block_1_61' title="bbox 1888 3074 3447 3146">
    <p class='ocr_par' dir='ltr' id='par_1_61' title="bbox 1888 3074 3447 3146">
     <span class='ocr_line' id='line_1_61' title="bbox 1888 3074 3447 3146; baseline -0.01 -7"><span class='ocrx_word' id='word_1_456' title='bbox 1888 3087 2050 3140; x_wconf 85' lang='lat' dir='ltr'><strong>etiam</strong></span> <span class='ocrx_word' id='word_1_457' title='bbox 2085 3086 2140 3139; x_wconf 92' lang='lat' dir='ltr'><strong>in</strong></span> <span class='ocrx_word' id='word_1_458' title='bbox 2172 3083 2257 3138; x_wconf 85' lang='lat' dir='ltr'><strong>his</strong></span> <span class='ocrx_word' id='word_1_459' title='bbox 2285 3083 2521 3135; x_wconf 76' lang='lat' dir='ltr'><strong>arbitror</strong></span> <span class='ocrx_word' id='word_1_460' title='bbox 2553 3079 2820 3134; x_wconf 86' lang='lat' dir='ltr'><strong>contineri</strong></span> <span class='ocrx_word' id='word_1_461' title='bbox 2853 3093 2916 3131; x_wconf 90' lang='lat' dir='ltr'><strong>ac</strong></span> <span class='ocrx_word' id='word_1_462' title='bbox 2949 3074 3245 3146; x_wconf 83' lang='lat' dir='ltr'><strong>signiﬁcari</strong></span> <span class='ocrx_word' id='word_1_463' title='bbox 3275 3092 3288 3127; x_wconf 87' lang='lat'>:</span> <span class='ocrx_word' id='word_1_464' title='bbox 3321 3088 3447 3126; x_wconf 90' lang='lat' dir='ltr'><strong>nam</strong></span> 
     </span>
    </p>
   </div>
   <div class='ocr_carea' id='block_1_62' title="bbox 210 3166 1799 3254">
    <p class='ocr_par' dir='ltr' id='par_1_62' title="bbox 210 3169 1783 3243">
     <span class='ocr_line' id='line_1_62' title="bbox 210 3169 1783 3243; baseline 0.002 -22"><span class='ocrx_word' id='word_1_465' title='bbox 210 3169 619 3240; x_wconf 78' lang='grc' dir='ltr'>ωλοθρεύθησαν</span> <span class='ocrx_word' id='word_1_466' title='bbox 650 3172 742 3224; x_wconf 73' lang='grc' dir='ltr'>ἐπὶ</span> <span class='ocrx_word' id='word_1_467' title='bbox 774 3171 881 3223; x_wconf 89' lang='grc' dir='ltr'><strong>τῶν</strong></span> <span class='ocrx_word' id='word_1_468' title='bbox 923 3170 1093 3243; x_wconf 79' lang='grc' dir='ltr'>Ἰησοῦ</span> <span class='ocrx_word' id='word_1_469' title='bbox 1136 3171 1227 3224; x_wconf 83' lang='grc' dir='ltr'><strong>τοῦ</strong></span> <span class='ocrx_word' id='word_1_470' title='bbox 1269 3171 1510 3237; x_wconf 86' lang='grc' dir='ltr'>Μωσέως</span> <span class='ocrx_word' id='word_1_471' title='bbox 1543 3172 1783 3242; x_wconf 76' lang='grc' dir='ltr'>διαδόχου</span> 
     </span>
    </p>
   </div>
   <div class='ocr_carea' id='block_1_63' title="bbox 1886 3166 3452 3254">
    <p class='ocr_par' dir='ltr' id='par_1_63' title="bbox 1891 3166 3452 3243">
     <span class='ocr_line' id='line_1_63' title="bbox 1891 3166 3452 3243; baseline -0.011 -8"><span class='ocrx_word' id='word_1_472' title='bbox 1891 3181 2017 3234; x_wconf 88' lang='lat' dir='ltr'><strong>dum</strong></span> <span class='ocrx_word' id='word_1_473' title='bbox 2060 3178 2290 3233; x_wconf 89' lang='lat' dir='ltr'><strong>insidias</strong></span> <span class='ocrx_word' id='word_1_474' title='bbox 2326 3177 2401 3230; x_wconf 90' lang='lat' dir='ltr'><strong>illi</strong></span> <span class='ocrx_word' id='word_1_475' title='bbox 2433 3173 2660 3229; x_wconf 78' lang='lat' dir='ltr'><strong>Judaica</strong></span> <span class='ocrx_word' id='word_1_476' title='bbox 2693 3188 2827 3243; x_wconf 85' lang='lat' dir='ltr'><strong>gens</strong></span> <span class='ocrx_word' id='word_1_477' title='bbox 2860 3171 3085 3225; x_wconf 91' lang='lat' dir='ltr'><strong>molitur</strong></span> <span class='ocrx_word' id='word_1_478' title='bbox 3114 3177 3168 3223; x_wconf 91' lang='lat' dir='ltr'><strong>et</strong></span> <span class='ocrx_word' id='word_1_479' title='bbox 3198 3166 3452 3228; x_wconf 77' lang='lat' dir='ltr'><strong>coniicit,</strong></span> 
     </span>
    </p>
   </div>
   <div class='ocr_carea' id='block_1_64' title="bbox 209 3261 1780 3335">
    <p class='ocr_par' dir='ltr' id='par_1_64' title="bbox 209 3261 1780 3335">
     <span class='ocr_line' id='line_1_64' title="bbox 209 3261 1780 3335; baseline 0.001 -21"><span class='ocrx_word' id='word_1_480' title='bbox 209 3261 416 3331; x_wconf 78' lang='grc' dir='ltr'>χρόνων</span> <span class='ocrx_word' id='word_1_481' title='bbox 442 3277 455 3290; x_wconf 89' lang='grc'>·</span> <span class='ocrx_word' id='word_1_482' title='bbox 487 3261 630 3314; x_wconf 74' lang='grc' dir='ltr'>οὕτω</span> <span class='ocrx_word' id='word_1_483' title='bbox 658 3263 752 3316; x_wconf 70' lang='grc' dir='ltr'><strong>καὶ</strong></span> <span class='ocrx_word' id='word_1_484' title='bbox 797 3263 889 3316; x_wconf 75' lang='grc' dir='ltr'>ἐπὶ</span> <span class='ocrx_word' id='word_1_485' title='bbox 922 3263 1016 3316; x_wconf 89' lang='grc' dir='ltr'><strong>τοῦ</strong></span> <span class='ocrx_word' id='word_1_486' title='bbox 1065 3264 1328 3335; x_wconf 73' lang='grc' dir='ltr'>προτέρου</span> <span class='ocrx_word' id='word_1_487' title='bbox 1378 3265 1592 3334; x_wconf 84' lang='grc' dir='ltr'>νοήσεις</span> <span class='ocrx_word' id='word_1_488' title='bbox 1632 3263 1780 3316; x_wconf 82' lang='grc' dir='ltr'>λαοῦ.</span> 
     </span>
    </p>
   </div>
   <div class='ocr_carea' id='block_1_65' title="bbox 212 3353 1780 3426">
    <p class='ocr_par' dir='ltr' id='par_1_65' title="bbox 212 3353 1780 3426">
     <span class='ocr_line' id='line_1_65' title="bbox 212 3353 1780 3426; baseline 0.001 -21"><span class='ocrx_word' id='word_1_489' title='bbox 212 3353 354 3416; x_wconf 83' lang='grc' dir='ltr'>Ἕως</span> <span class='ocrx_word' id='word_1_490' title='bbox 379 3354 479 3423; x_wconf 81' lang='grc' dir='ltr'><strong>μὲν</strong></span> <span class='ocrx_word' id='word_1_491' title='bbox 507 3353 617 3424; x_wconf 76' lang='grc' dir='ltr'><strong>γὰρ</strong></span> <span class='ocrx_word' id='word_1_492' title='bbox 647 3354 746 3406; x_wconf 83' lang='grc' dir='ltr'><strong>οὐκ</strong></span> <span class='ocrx_word' id='word_1_493' title='bbox 776 3354 1110 3426; x_wconf 83' lang='grc' dir='ltr'>ἐπληροῦντο</span> <span class='ocrx_word' id='word_1_494' title='bbox 1140 3354 1316 3408; x_wconf 76' lang='grc' dir='ltr'>αὐτῶν</span> <span class='ocrx_word' id='word_1_495' title='bbox 1343 3358 1396 3409; x_wconf 88' lang='grc' dir='ltr'>αἱ</span> <span class='ocrx_word' id='word_1_496' title='bbox 1425 3356 1708 3426; x_wconf 86' lang='grc' dir='ltr'>ἁμαρτίαι,</span> <span class='ocrx_word' id='word_1_497' title='bbox 1748 3358 1780 3426; x_wconf 82' lang='grc' dir='ltr'>ἡ</span> 
     </span>
    </p>
   </div>
   <div class='ocr_carea' id='block_1_66' title="bbox 208 3443 1785 3518">
    <p class='ocr_par' dir='ltr' id='par_1_66' title="bbox 208 3443 1785 3518">
     <span class='ocr_line' id='line_1_66' title="bbox 208 3443 1785 3518; baseline 0.002 -21"><span class='ocrx_word' id='word_1_498' title='bbox 208 3443 294 3497; x_wconf 81' lang='grc' dir='ltr'><strong>τοῦ</strong></span> <span class='ocrx_word' id='word_1_499' title='bbox 327 3444 465 3498; x_wconf 82' lang='grc' dir='ltr'>Θεοῦ</span> <span class='ocrx_word' id='word_1_500' title='bbox 500 3447 665 3516; x_wconf 80' lang='grc' dir='ltr'>ἁνοχὴ</span> <span class='ocrx_word' id='word_1_501' title='bbox 695 3446 788 3498; x_wconf 78' lang='grc' dir='ltr'><strong>καὶ</strong></span> <span class='ocrx_word' id='word_1_502' title='bbox 831 3447 1177 3517; x_wconf 87' lang='grc' dir='ltr'>μακροθυμία</span> <span class='ocrx_word' id='word_1_503' title='bbox 1221 3447 1412 3518; x_wconf 72' lang='grc' dir='ltr'>ἔφερεν</span> <span class='ocrx_word' id='word_1_504' title='bbox 1454 3449 1668 3514; x_wconf 74' lang='grc' dir='ltr'>αὐτοὺς,</span> <span class='ocrx_word' id='word_1_505' title='bbox 1705 3450 1785 3512; x_wconf 89' lang='grc' dir='ltr'><strong>είς</strong></span> 
     </span>
    </p>
   </div>
   <div class='ocr_carea' id='block_1_67' title="bbox 210 3533 1786 3607">
    <p class='ocr_par' dir='ltr' id='par_1_67' title="bbox 210 3533 1786 3607">
     <span class='ocr_line' id='line_1_67' title="bbox 210 3533 1786 3607; baseline 0.001 -21"><span class='ocrx_word' id='word_1_506' title='bbox 210 3533 544 3605; x_wconf 68' lang='grc' dir='ltr'>ἐπιστροφὴν</span> <span class='ocrx_word' id='word_1_507' title='bbox 571 3536 825 3588; x_wconf 79' lang='grc' dir='ltr'>ἑκάστοτε</span> <span class='ocrx_word' id='word_1_508' title='bbox 847 3535 1299 3607; x_wconf 85' lang='grc' dir='ltr'>προσκαλουμένη</span> <span class='ocrx_word' id='word_1_509' title='bbox 1335 3535 1421 3589; x_wconf 75' lang='grc' dir='ltr'>διὰ</span> <span class='ocrx_word' id='word_1_510' title='bbox 1444 3536 1550 3589; x_wconf 89' lang='grc' dir='ltr'><strong>τῶν</strong></span> <span class='ocrx_word' id='word_1_511' title='bbox 1577 3553 1786 3607; x_wconf 68' lang='grc' dir='ltr'>προφη-</span> 
     </span>
    </p>
   </div>
   <div class='ocr_carea' id='block_1_68' title="bbox 207 3625 1784 3697">
    <p class='ocr_par' dir='ltr' id='par_1_68' title="bbox 207 3625 1784 3697">
     <span class='ocr_line' id='line_1_68' title="bbox 207 3625 1784 3697; baseline 0.001 -19"><span class='ocrx_word' id='word_1_512' title='bbox 207 3625 330 3682; x_wconf 83' lang='grc' dir='ltr'>τῶν.</span> <span class='ocrx_word' id='word_1_513' title='bbox 349 3627 506 3678; x_wconf 77' lang='grc' dir='ltr'>Ἐπεὶ</span> <span class='ocrx_word' id='word_1_514' title='bbox 531 3626 586 3678; x_wconf 84' lang='grc' dir='ltr'>δὲ</span> <span class='ocrx_word' id='word_1_515' title='bbox 606 3625 745 3678; x_wconf 85' lang='grc' dir='ltr'><strong>κατὰ</strong></span> <span class='ocrx_word' id='word_1_516' title='bbox 766 3626 864 3696; x_wconf 79' lang='grc' dir='ltr'><strong>τὴν</strong></span> <span class='ocrx_word' id='word_1_517' title='bbox 887 3625 1154 3697; x_wconf 84' lang='grc' dir='ltr'>σωτηρίαν</span> <span class='ocrx_word' id='word_1_518' title='bbox 1182 3626 1361 3695; x_wconf 78' lang='grc' dir='ltr'>φωνὴν</span> <span class='ocrx_word' id='word_1_519' title='bbox 1386 3626 1705 3697; x_wconf 77' lang='grc' dir='ltr'>ἐπλήρωσαν</span> <span class='ocrx_word' id='word_1_520' title='bbox 1725 3627 1784 3680; x_wconf 78' lang='grc' dir='ltr'>τὸ</span> 
     </span>
    </p>
   </div>
   <div class='ocr_carea' id='block_1_69' title="bbox 213 3716 1780 3789">
    <p class='ocr_par' dir='ltr' id='par_1_69' title="bbox 213 3716 1780 3789">
     <span class='ocr_line' id='line_1_69' title="bbox 213 3716 1780 3789; baseline -0.002 -17"><span class='ocrx_word' id='word_1_521' title='bbox 213 3717 406 3788; x_wconf 80' lang='grc' dir='ltr'>μέτρον</span> <span class='ocrx_word' id='word_1_522' title='bbox 453 3717 561 3770; x_wconf 87' lang='grc' dir='ltr'><strong>τῶν</strong></span> <span class='ocrx_word' id='word_1_523' title='bbox 596 3718 842 3789; x_wconf 80' lang='grc' dir='ltr'>πατέρων</span> <span class='ocrx_word' id='word_1_524' title='bbox 885 3716 1083 3782; x_wconf 80' lang='grc' dir='ltr'>αὐτῶν,</span> <span class='ocrx_word' id='word_1_525' title='bbox 1120 3717 1261 3770; x_wconf 71' lang='grc' dir='ltr'>οὕτω</span> <span class='ocrx_word' id='word_1_526' title='bbox 1287 3717 1330 3769; x_wconf 84' lang='grc' dir='ltr'>δ’</span> <span class='ocrx_word' id='word_1_527' title='bbox 1356 3717 1420 3770; x_wconf 83' lang='grc' dir='ltr'><strong>ἂν</strong></span> <span class='ocrx_word' id='word_1_528' title='bbox 1444 3718 1618 3771; x_wconf 84' lang='grc' dir='ltr'>πάντα</span> <span class='ocrx_word' id='word_1_529' title='bbox 1658 3735 1780 3770; x_wconf 90' lang='grc' dir='ltr'>συν-</span> 
     </span>
    </p>
   </div>
   <div class='ocr_carea' id='block_1_70' title="bbox 209 3809 1785 3882">
    <p class='ocr_par' dir='ltr' id='par_1_70' title="bbox 209 3809 1785 3882">
     <span class='ocr_line' id='line_1_70' title="bbox 209 3809 1785 3882; baseline 0.001 -21"><span class='ocrx_word' id='word_1_530' title='bbox 209 3809 442 3879; x_wconf 81' lang='grc' dir='ltr'>αχθέντα</span> <span class='ocrx_word' id='word_1_531' title='bbox 473 3809 612 3863; x_wconf 86' lang='grc' dir='ltr'><strong>κατὰ</strong></span> <span class='ocrx_word' id='word_1_532' title='bbox 640 3810 700 3862; x_wconf 79' lang='grc' dir='ltr'>τὸ</span> <span class='ocrx_word' id='word_1_533' title='bbox 727 3811 857 3863; x_wconf 75' lang='grc' dir='ltr'>αὐτὸ</span> <span class='ocrx_word' id='word_1_534' title='bbox 889 3810 979 3862; x_wconf 74' lang='grc' dir='ltr'>τὸν</span> <span class='ocrx_word' id='word_1_535' title='bbox 1023 3809 1246 3879; x_wconf 78' lang='grc' dir='ltr'>ἔσχατον</span> <span class='ocrx_word' id='word_1_536' title='bbox 1275 3811 1457 3873; x_wconf 75' lang='grc' dir='ltr'>αὐτοῖς</span> <span class='ocrx_word' id='word_1_537' title='bbox 1496 3811 1785 3882; x_wconf 66' lang='grc' dir='ltr'>κατειργά-</span> 
     </span>
    </p>
   </div>
   <div class='ocr_carea' id='block_1_71' title="bbox 214 3901 1783 3974">
    <p class='ocr_par' dir='ltr' id='par_1_71' title="bbox 214 3901 1783 3974">
     <span class='ocr_line' id='line_1_71' title="bbox 214 3901 1783 3974; baseline 0.002 -21"><span class='ocrx_word' id='word_1_538' title='bbox 214 3920 334 3955; x_wconf 85' lang='grc' dir='ltr'>σατο</span> <span class='ocrx_word' id='word_1_539' title='bbox 360 3902 602 3974; x_wconf 74' lang='grc' dir='ltr'>ὄλεθρον,</span> <span class='ocrx_word' id='word_1_540' title='bbox 636 3901 918 3974; x_wconf 82' lang='grc' dir='ltr'>ὠσπεροῦν</span> <span class='ocrx_word' id='word_1_541' title='bbox 951 3901 1110 3954; x_wconf 82' lang='grc' dir='ltr'>πάλιν</span> <span class='ocrx_word' id='word_1_542' title='bbox 1139 3902 1298 3965; x_wconf 77' lang='grc' dir='ltr'>αὐτὸς</span> <span class='ocrx_word' id='word_1_543' title='bbox 1333 3903 1361 3954; x_wconf 87' lang='lat'><strong>6</strong></span> <span class='ocrx_word' id='word_1_544' title='bbox 1393 3901 1594 3974; x_wconf 82' lang='grc' dir='ltr'>Κύριος</span> <span class='ocrx_word' id='word_1_545' title='bbox 1629 3903 1783 3973; x_wconf 77' lang='grc' dir='ltr'>ἡμῶν</span> 
     </span>
    </p>
   </div>
   <div class='ocr_carea' id='block_1_72' title="bbox 211 3989 1783 4067">
    <p class='ocr_par' dir='ltr' id='par_1_72' title="bbox 211 3989 1783 4067">
     <span class='ocr_line' id='line_1_72' title="bbox 211 3989 1783 4067; baseline -0.001 -20"><span class='ocrx_word' id='word_1_546' title='bbox 211 3995 446 4050; x_wconf 75' lang='grc' dir='ltr'>διδάσκει</span> <span class='ocrx_word' id='word_1_547' title='bbox 478 3995 678 4064; x_wconf 87' lang='grc' dir='ltr'>λέγων·</span> <span class='ocrx_word' id='word_1_548' title='bbox 716 4014 734 4045; x_wconf 76' lang='grc' dir='ltr'><strong>ι</strong></span> <span class='ocrx_word' id='word_1_549' title='bbox 766 3995 880 4047; x_wconf 82' lang='grc' dir='ltr'><strong>Πᾶν</strong></span> <span class='ocrx_word' id='word_1_550' title='bbox 920 3989 1056 4064; x_wconf 75' lang='grc' dir='ltr'>αἷμα</span> <span class='ocrx_word' id='word_1_551' title='bbox 1089 3994 1313 4064; x_wconf 75' lang='grc' dir='ltr'>ἐκχυθὲν</span> <span class='ocrx_word' id='word_1_552' title='bbox 1346 3994 1451 4056; x_wconf 79' lang='grc' dir='ltr'>ᾁπὸ</span> <span class='ocrx_word' id='word_1_553' title='bbox 1483 3995 1783 4067; x_wconf 84' lang='grc' dir='ltr'>καταϐολῆς</span> 
     </span>
    </p>
   </div>
   <div class='ocr_carea' id='block_1_73' title="bbox 214 4085 1781 4167">
    <p class='ocr_par' dir='ltr' id='par_1_73' title="bbox 214 4085 1781 4167">
     <span class='ocr_line' id='line_1_73' title="bbox 214 4085 1781 4167; baseline 0 -27"><span class='ocrx_word' id='word_1_554' title='bbox 214 4088 436 4159; x_wconf 74' lang='grc' dir='ltr'>κόσμου,</span> <span class='ocrx_word' id='word_1_555' title='bbox 469 4087 577 4140; x_wconf 78' lang='grc' dir='ltr'><strong>ἁπδ</strong></span> <span class='ocrx_word' id='word_1_556' title='bbox 604 4088 832 4158; x_wconf 81' lang='grc' dir='ltr'>αἵματος</span> <span class='ocrx_word' id='word_1_557' title='bbox 861 4085 1025 4138; x_wconf 78' lang='grc' dir='ltr'>’Ἅϐελ</span> <span class='ocrx_word' id='word_1_558' title='bbox 1062 4085 1155 4167; x_wconf 75' lang='grc' dir='ltr'><strong>τοῦ</strong></span> <span class='ocrx_word' id='word_1_559' title='bbox 1183 4086 1390 4139; x_wconf 86' lang='grc' dir='ltr'>δικαίου</span> <span class='ocrx_word' id='word_1_560' title='bbox 1421 4087 1525 4152; x_wconf 70' lang='grc' dir='ltr'><strong>ἕως</strong></span> <span class='ocrx_word' id='word_1_561' title='bbox 1557 4087 1781 4158; x_wconf 76' lang='grc' dir='ltr'>αἵματος</span> 
     </span>
    </p>
   </div>
   <div class='ocr_carea' id='block_1_74' title="bbox 213 4175 1781 4249">
    <p class='ocr_par' dir='ltr' id='par_1_74' title="bbox 213 4175 1781 4249">
     <span class='ocr_line' id='line_1_74' title="bbox 213 4175 1781 4249; baseline 0.002 -21"><span class='ocrx_word' id='word_1_562' title='bbox 213 4177 496 4249; x_wconf 81' lang='grc' dir='ltr'>Ζαχαρίου,</span> <span class='ocrx_word' id='word_1_563' title='bbox 529 4177 678 4246; x_wconf 76' lang='grc' dir='ltr'>ἥξειν</span> <span class='ocrx_word' id='word_1_564' title='bbox 729 4177 822 4228; x_wconf 76' lang='grc' dir='ltr'><strong>ἐπὶ</strong></span> <span class='ocrx_word' id='word_1_565' title='bbox 869 4176 967 4247; x_wconf 82' lang='grc' dir='ltr'><strong>τὴν</strong></span> <span class='ocrx_word' id='word_1_566' title='bbox 1017 4175 1206 4244; x_wconf 77' lang='grc' dir='ltr'>γενεὰν</span> <span class='ocrx_word' id='word_1_567' title='bbox 1237 4175 1455 4247; x_wconf 84' lang='grc' dir='ltr'>ταύτην.</span> <span class='ocrx_word' id='word_1_568' title='bbox 1491 4196 1510 4228; x_wconf 73' lang='grc' dir='ltr'><strong>ι</strong></span> <span class='ocrx_word' id='word_1_569' title='bbox 1548 4177 1621 4230; x_wconf 86' lang='grc' dir='ltr'>Τὸ</span> <span class='ocrx_word' id='word_1_570' title='bbox 1652 4177 1781 4246; x_wconf 80' lang='grc' dir='ltr'>γοῦν</span> 
     </span>
    </p>
   </div>
   <div class='ocr_carea' id='block_1_75' title="bbox 213 4267 1780 4340">
    <p class='ocr_par' dir='ltr' id='par_1_75' title="bbox 213 4267 1780 4340">
     <span class='ocr_line' id='line_1_75' title="bbox 213 4267 1780 4340; baseline 0.003 -20"><span class='ocrx_word' id='word_1_571' title='bbox 213 4268 430 4339; x_wconf 75' lang='grc' dir='ltr'>ἔσχατον</span> <span class='ocrx_word' id='word_1_572' title='bbox 479 4269 732 4322; x_wconf 86' lang='grc' dir='ltr'>ἁπάντων</span> <span class='ocrx_word' id='word_1_573' title='bbox 767 4268 866 4331; x_wconf 75' lang='grc' dir='ltr'>τὰς</span> <span class='ocrx_word' id='word_1_574' title='bbox 906 4269 1089 4338; x_wconf 85' lang='grc' dir='ltr'>χεῖρας</span> <span class='ocrx_word' id='word_1_575' title='bbox 1121 4267 1395 4322; x_wconf 79' lang='grc' dir='ltr'>ἐπιϐαλεῖν</span> <span class='ocrx_word' id='word_1_576' title='bbox 1436 4270 1514 4340; x_wconf 85' lang='grc' dir='ltr'>τῷ</span> <span class='ocrx_word' id='word_1_577' title='bbox 1544 4269 1656 4340; x_wconf 82' lang='grc' dir='ltr'>Υίῷ</span> <span class='ocrx_word' id='word_1_578' title='bbox 1689 4271 1780 4324; x_wconf 88' lang='grc' dir='ltr'><strong>τοῦ</strong></span> 
     </span>
    </p>
   </div>
   <div class='ocr_carea' id='block_1_76' title="bbox 212 4359 1783 4433">
    <p class='ocr_par' dir='ltr' id='par_1_76' title="bbox 212 4359 1783 4433">
     <span class='ocr_line' id='line_1_76' title="bbox 212 4359 1783 4433; baseline 0.001 -19"><span class='ocrx_word' id='word_1_579' title='bbox 212 4361 335 4416; x_wconf 80' lang='grc' dir='ltr'>Θεοῦ</span> <span class='ocrx_word' id='word_1_580' title='bbox 387 4362 775 4433; x_wconf 82' lang='grc' dir='ltr'>τολμήσαντες,</span> <span class='ocrx_word' id='word_1_581' title='bbox 811 4359 1062 4413; x_wconf 80' lang='grc' dir='ltr'>ἐτέλεσαν</span> <span class='ocrx_word' id='word_1_582' title='bbox 1111 4360 1208 4430; x_wconf 85' lang='grc' dir='ltr'>τὴν</span> <span class='ocrx_word' id='word_1_583' title='bbox 1260 4360 1502 4427; x_wconf 86' lang='grc' dir='ltr'>ἀθεσίαν,</span> <span class='ocrx_word' id='word_1_584' title='bbox 1534 4364 1626 4415; x_wconf 79' lang='grc' dir='ltr'><strong>καὶ</strong></span> <span class='ocrx_word' id='word_1_585' title='bbox 1674 4365 1783 4415; x_wconf 82' lang='grc' dir='ltr'>ὲτε-</span> 
     </span>
    </p>
   </div>
   <div class='ocr_carea' id='block_1_77' title="bbox 211 4451 1781 4526">
    <p class='ocr_par' dir='ltr' id='par_1_77' title="bbox 211 4451 1781 4526">
     <span class='ocr_line' id='line_1_77' title="bbox 211 4451 1781 4526; baseline 0.003 -22"><span class='ocrx_word' id='word_1_586' title='bbox 211 4453 434 4508; x_wconf 84' lang='grc' dir='ltr'>λείωσαν</span> <span class='ocrx_word' id='word_1_587' title='bbox 461 4453 559 4523; x_wconf 79' lang='grc' dir='ltr'>τὴν</span> <span class='ocrx_word' id='word_1_588' title='bbox 594 4453 795 4506; x_wconf 79' lang='grc' dir='ltr'>ἑαυτῶν</span> <span class='ocrx_word' id='word_1_589' title='bbox 822 4451 1112 4524; x_wconf 81' lang='grc' dir='ltr'>ἁμαρτίαν,</span> <span class='ocrx_word' id='word_1_590' title='bbox 1139 4452 1277 4505; x_wconf 82' lang='grc' dir='ltr'><strong>κατὰ</strong></span> <span class='ocrx_word' id='word_1_591' title='bbox 1304 4453 1402 4522; x_wconf 75' lang='grc' dir='ltr'>τὴν</span> <span class='ocrx_word' id='word_1_592' title='bbox 1436 4453 1658 4508; x_wconf 84' lang='grc' dir='ltr'>Ἀκύλου</span> <span class='ocrx_word' id='word_1_593' title='bbox 1694 4456 1781 4526; x_wconf 80' lang='grc' dir='ltr'>ἐρ·-</span> 
     </span>
    </p>
   </div>
   <div class='ocr_carea' id='block_1_78' title="bbox 1888 3260 3454 3342">
    <p class='ocr_par' dir='ltr' id='par_1_78' title="bbox 1888 3260 3454 3342">
     <span class='ocr_line' id='line_1_78' title="bbox 1888 3260 3454 3342; baseline -0.012 -15"><span class='ocrx_word' id='word_1_594' title='bbox 1888 3280 2168 3342; x_wconf 91' lang='lat' dir='ltr'><strong>peccatum</strong></span> <span class='ocrx_word' id='word_1_595' title='bbox 2225 3284 2386 3324; x_wconf 88' lang='lat' dir='ltr'><strong>suum</strong></span> <span class='ocrx_word' id='word_1_596' title='bbox 2456 3265 2902 3320; x_wconf 80' lang='lat' dir='ltr'><strong>consummavit:</strong></span> <span class='ocrx_word' id='word_1_597' title='bbox 2955 3270 3008 3315; x_wconf 91' lang='lat' dir='ltr'><strong>et</strong></span> <span class='ocrx_word' id='word_1_598' title='bbox 3060 3260 3342 3329; x_wconf 86' lang='lat' dir='ltr'><strong>ejusdem,</strong></span> <span class='ocrx_word' id='word_1_599' title='bbox 3395 3264 3454 3309; x_wconf 90' lang='lat' dir='ltr'><strong>ut</strong></span> 
     </span>
    </p>
   </div>
   <div class='ocr_carea' id='block_1_79' title="bbox 1885 3349 3450 3432">
    <p class='ocr_par' dir='ltr' id='par_1_79' title="bbox 1885 3349 3450 3432">
     <span class='ocr_line' id='line_1_79' title="bbox 1885 3349 3450 3432; baseline -0.01 -16"><span class='ocrx_word' id='word_1_600' title='bbox 1885 3363 2080 3432; x_wconf 84' lang='lat' dir='ltr'><strong>Aquila</strong></span> <span class='ocrx_word' id='word_1_601' title='bbox 2119 3363 2314 3425; x_wconf 83' lang='lat' dir='ltr'><strong>vertit,</strong></span> <span class='ocrx_word' id='word_1_602' title='bbox 2357 3358 2623 3413; x_wconf 86' lang='lat' dir='ltr'><strong>adversus</strong></span> <span class='ocrx_word' id='word_1_603' title='bbox 2666 3355 2832 3409; x_wconf 87' lang='lat' dir='ltr'><strong>Deum</strong></span> <span class='ocrx_word' id='word_1_604' title='bbox 2874 3351 3252 3423; x_wconf 72' lang='lat' dir='ltr'><strong>przevarieatio</strong></span> <span class='ocrx_word' id='word_1_605' title='bbox 3293 3349 3450 3402; x_wconf 80' lang='lat' dir='ltr'><strong>tinem</strong></span> 
     </span>
    </p>
   </div>
   <div class='ocr_carea' id='block_1_80' title="bbox 1885 3440 3456 3520">
    <p class='ocr_par' dir='ltr' id='par_1_80' title="bbox 1885 3440 3456 3520">
     <span class='ocr_line' id='line_1_80' title="bbox 1885 3440 3456 3520; baseline -0.011 -15"><span class='ocrx_word' id='word_1_606' title='bbox 1885 3451 2118 3520; x_wconf 85' lang='lat' dir='ltr'><strong>accepit.</strong></span> <span class='ocrx_word' id='word_1_607' title='bbox 2150 3447 2481 3518; x_wconf 80' lang='lat' dir='ltr'><strong>.lampridcm</strong></span> <span class='ocrx_word' id='word_1_608' title='bbox 2511 3446 2653 3500; x_wconf 89' lang='lat' dir='ltr'><strong>enim</strong></span> <span class='ocrx_word' id='word_1_609' title='bbox 2688 3446 2809 3498; x_wconf 90' lang='lat' dir='ltr'><strong>illos</strong></span> <span class='ocrx_word' id='word_1_610' title='bbox 2851 3442 3100 3512; x_wconf 80' lang='lat' dir='ltr'><strong>quamvis</strong></span> <span class='ocrx_word' id='word_1_611' title='bbox 3144 3440 3456 3492; x_wconf 59' lang='lat' dir='ltr'><strong>innumera-</strong></span> 
     </span>
    </p>
   </div>
   <div class='ocr_carea' id='block_1_81' title="bbox 1885 3530 3452 3610">
    <p class='ocr_par' dir='ltr' id='par_1_81' title="bbox 1885 3530 3452 3610">
     <span class='ocr_line' id='line_1_81' title="bbox 1885 3530 3452 3610; baseline -0.01 -15"><span class='ocrx_word' id='word_1_612' title='bbox 1885 3542 2015 3596; x_wconf 90' lang='lat' dir='ltr'><strong>bilia</strong></span> <span class='ocrx_word' id='word_1_613' title='bbox 2072 3548 2296 3610; x_wconf 88' lang='lat' dir='ltr'><strong>peccata</strong></span> <span class='ocrx_word' id='word_1_614' title='bbox 2343 3545 2724 3607; x_wconf 89' lang='lat' dir='ltr'><strong>perpetrantes</strong></span> <span class='ocrx_word' id='word_1_615' title='bbox 2765 3540 2892 3587; x_wconf 90' lang='lat' dir='ltr'><strong>ante</strong></span> <span class='ocrx_word' id='word_1_616' title='bbox 2929 3531 3232 3584; x_wconf 66' lang='lat' dir='ltr'><strong>Salvator-is</strong></span> <span class='ocrx_word' id='word_1_617' title='bbox 3278 3530 3452 3582; x_wconf 89' lang='lat' dir='ltr'><strong>nostri</strong></span> 
     </span>
    </p>
   </div>
   <div class='ocr_carea' id='block_1_82' title="bbox 1885 3619 3452 3695">
    <p class='ocr_par' dir='ltr' id='par_1_82' title="bbox 1885 3619 3452 3695">
     <span class='ocr_line' id='line_1_82' title="bbox 1885 3619 3452 3695; baseline -0.011 -5"><span class='ocrx_word' id='word_1_618' title='bbox 1885 3636 2174 3690; x_wconf 87' lang='lat' dir='ltr'><strong>adventum</strong></span> <span class='ocrx_word' id='word_1_619' title='bbox 2198 3672 2212 3695; x_wconf 93' lang='lat'><strong>,</strong></span> <span class='ocrx_word' id='word_1_620' title='bbox 2250 3631 2343 3685; x_wconf 87' lang='lat' dir='ltr'><strong>Dei</strong></span> <span class='ocrx_word' id='word_1_621' title='bbox 2373 3639 2554 3683; x_wconf 89' lang='lat' dir='ltr'><strong>tamen</strong></span> <span class='ocrx_word' id='word_1_622' title='bbox 2589 3627 2878 3682; x_wconf 77' lang='lat' dir='ltr'><strong>clementia</strong></span> <span class='ocrx_word' id='word_1_623' title='bbox 2913 3623 3158 3684; x_wconf 80' lang='lat' dir='ltr'><strong>ferebat,</strong></span> <span class='ocrx_word' id='word_1_624' title='bbox 3192 3619 3452 3691; x_wconf 90' lang='lat' dir='ltr'><strong>quemad-</strong></span> 
     </span>
    </p>
   </div>
   <div class='ocr_carea' id='block_1_83' title="bbox 1884 3712 3450 3791">
    <p class='ocr_par' dir='ltr' id='par_1_83' title="bbox 1884 3712 3450 3791">
     <span class='ocr_line' id='line_1_83' title="bbox 1884 3712 3450 3791; baseline -0.012 -10"><span class='ocrx_word' id='word_1_625' title='bbox 1884 3727 2103 3782; x_wconf 89' lang='lat' dir='ltr'><strong>modum</strong></span> <span class='ocrx_word' id='word_1_626' title='bbox 2155 3722 2408 3776; x_wconf 78' lang='lat' dir='ltr'><strong>videlicet</strong></span> <span class='ocrx_word' id='word_1_627' title='bbox 2460 3719 2778 3791; x_wconf 87' lang='lat' dir='ltr'><strong>pr0phetica</strong></span> <span class='ocrx_word' id='word_1_628' title='bbox 2836 3717 2955 3786; x_wconf 87' lang='lat' dir='ltr'><strong>ipsa</strong></span> <span class='ocrx_word' id='word_1_629' title='bbox 3005 3713 3170 3769; x_wconf 87' lang='lat' dir='ltr'><strong>verba</strong></span> <span class='ocrx_word' id='word_1_630' title='bbox 3223 3712 3450 3766; x_wconf 85' lang='lat' dir='ltr'><strong>demou-</strong></span> 
     </span>
    </p>
   </div>
   <div class='ocr_carea' id='block_1_84' title="bbox 1884 3805 3449 3877">
    <p class='ocr_par' dir='ltr' id='par_1_84' title="bbox 1884 3805 3449 3877">
     <span class='ocr_line' id='line_1_84' title="bbox 1884 3805 3449 3877; baseline -0.012 0"><span class='ocrx_word' id='word_1_631' title='bbox 1884 3828 2057 3877; x_wconf 86' lang='lat' dir='ltr'><strong>strant</strong></span> <span class='ocrx_word' id='word_1_632' title='bbox 2095 3839 2107 3874; x_wconf 88' lang='lat'><strong>:</strong></span> <span class='ocrx_word' id='word_1_633' title='bbox 2159 3827 2532 3875; x_wconf 87' lang='lat' dir='ltr'><strong>verumtamen</strong></span> <span class='ocrx_word' id='word_1_634' title='bbox 2584 3813 2725 3868; x_wconf 90' lang='lat' dir='ltr'><strong>sicut</strong></span> <span class='ocrx_word' id='word_1_635' title='bbox 2777 3810 2845 3865; x_wconf 89' lang='lat' dir='ltr'><strong>de</strong></span> <span class='ocrx_word' id='word_1_636' title='bbox 2890 3810 2999 3863; x_wconf 89' lang='lat' dir='ltr'><strong>illis</strong></span> <span class='ocrx_word' id='word_1_637' title='bbox 3029 3808 3121 3877; x_wconf 89' lang='lat' dir='ltr'><strong>qui</strong></span> <span class='ocrx_word' id='word_1_638' title='bbox 3154 3821 3348 3876; x_wconf 86' lang='lat' dir='ltr'><strong>genere</strong></span> <span class='ocrx_word' id='word_1_639' title='bbox 3380 3805 3449 3858; x_wconf 91' lang='lat' dir='ltr'><strong>ab</strong></span> 
     </span>
    </p>
   </div>
   <div class='ocr_carea' id='block_1_85' title="bbox 1883 3896 3452 3970">
    <p class='ocr_par' dir='ltr' id='par_1_85' title="bbox 1883 3896 3452 3970">
     <span class='ocr_line' id='line_1_85' title="bbox 1883 3896 3452 3970; baseline -0.011 -3"><span class='ocrx_word' id='word_1_640' title='bbox 1883 3912 2126 3968; x_wconf 75' lang='lat' dir='ltr'><strong>Hebraeis</strong></span> <span class='ocrx_word' id='word_1_641' title='bbox 2170 3908 2518 3967; x_wconf 69' lang='lat' dir='ltr'><strong>differentes,</strong></span> <span class='ocrx_word' id='word_1_642' title='bbox 2584 3913 2784 3958; x_wconf 86' lang='lat' dir='ltr'><strong>terram</strong></span> <span class='ocrx_word' id='word_1_643' title='bbox 2826 3898 3206 3970; x_wconf 86' lang='lat' dir='ltr'><strong>promissionis</strong></span> <span class='ocrx_word' id='word_1_644' title='bbox 3249 3896 3452 3950; x_wconf 84' lang='lat' dir='ltr'><strong>incole-</strong></span> 
     </span>
    </p>
   </div>
   <div class='ocr_carea' id='block_1_86' title="bbox 1882 3987 3449 4061">
    <p class='ocr_par' dir='ltr' id='par_1_86' title="bbox 1882 3987 3449 4061">
     <span class='ocr_line' id='line_1_86' title="bbox 1882 3987 3449 4061; baseline -0.017 0"><span class='ocrx_word' id='word_1_645' title='bbox 1882 4005 2013 4061; x_wconf 88' lang='lat' dir='ltr'><strong>bant</strong></span> <span class='ocrx_word' id='word_1_646' title='bbox 2035 4002 2102 4056; x_wconf 90' lang='lat' dir='ltr'><strong>ad</strong></span> <span class='ocrx_word' id='word_1_647' title='bbox 2133 4000 2401 4056; x_wconf 82' lang='lat' dir='ltr'><strong>Abraham</strong></span> <span class='ocrx_word' id='word_1_648' title='bbox 2432 3997 2635 4051; x_wconf 86' lang='lat' dir='ltr'><strong>dictum</strong></span> <span class='ocrx_word' id='word_1_649' title='bbox 2653 4000 2735 4047; x_wconf 90' lang='lat' dir='ltr'><strong>est</strong></span> <span class='ocrx_word' id='word_1_650' title='bbox 2763 4010 2775 4044; x_wconf 87' lang='lat'><strong>:</strong></span> <span class='ocrx_word' id='word_1_651' title='bbox 2805 4010 2822 4041; x_wconf 73' lang='grc' dir='ltr'><strong>ι</strong></span> <span class='ocrx_word' id='word_1_652' title='bbox 2852 3987 3100 4043; x_wconf 85' lang='lat' dir='ltr'><strong>Nondum</strong></span> <span class='ocrx_word' id='word_1_653' title='bbox 3131 3988 3273 4042; x_wconf 90' lang='lat' dir='ltr'><strong>enim</strong></span> <span class='ocrx_word' id='word_1_654' title='bbox 3297 4000 3449 4038; x_wconf 86' lang='lat' dir='ltr'><strong>com-</strong></span> 
     </span>
    </p>
   </div>
   <div class='ocr_carea' id='block_1_87' title="bbox 1881 4077 3451 4169">
    <p class='ocr_par' dir='ltr' id='par_1_87' title="bbox 1881 4077 3451 4169">
     <span class='ocr_line' id='line_1_87' title="bbox 1881 4077 3451 4169; baseline -0.015 -17"><span class='ocrx_word' id='word_1_655' title='bbox 1881 4098 2025 4169; x_wconf 86' lang='lat' dir='ltr'><strong>pleta</strong></span> <span class='ocrx_word' id='word_1_656' title='bbox 2081 4101 2205 4150; x_wconf 89' lang='lat' dir='ltr'><strong>sunt</strong></span> <span class='ocrx_word' id='word_1_657' title='bbox 2242 4098 2463 4163; x_wconf 84' lang='lat' dir='ltr'><strong>peccata</strong></span> <span class='ocrx_word' id='word_1_658' title='bbox 2518 4084 3000 4141; x_wconf 64' lang='lat' dir='ltr'><strong>Amorrhmorum:</strong></span> <span class='ocrx_word' id='word_1_659' title='bbox 3042 4100 3058 4130; x_wconf 73' lang='grc' dir='ltr'>δ</span> <span class='ocrx_word' id='word_1_660' title='bbox 3093 4089 3144 4136; x_wconf 91' lang='lat' dir='ltr'><strong>et</strong></span> <span class='ocrx_word' id='word_1_661' title='bbox 3194 4077 3451 4148; x_wconf 86' lang='lat' dir='ltr'><strong>quamdiu</strong></span> 
     </span>
    </p>
   </div>
   <div class='ocr_carea' id='block_1_88' title="bbox 1881 4173 3452 4256">
    <p class='ocr_par' dir='ltr' id='par_1_88' title="bbox 1881 4173 3452 4256">
     <span class='ocr_line' id='line_1_88' title="bbox 1881 4173 3452 4256; baseline -0.014 -13"><span class='ocrx_word' id='word_1_662' title='bbox 1881 4189 2151 4256; x_wconf 89' lang='lat' dir='ltr'><strong>completa</strong></span> <span class='ocrx_word' id='word_1_663' title='bbox 2193 4200 2300 4239; x_wconf 93' lang='lat' dir='ltr'><strong>non</strong></span> <span class='ocrx_word' id='word_1_664' title='bbox 2352 4182 2534 4246; x_wconf 78' lang='lat' dir='ltr'><strong>fuere,</strong></span> <span class='ocrx_word' id='word_1_665' title='bbox 2564 4179 2631 4234; x_wconf 89' lang='lat' dir='ltr'><strong>de</strong></span> <span class='ocrx_word' id='word_1_666' title='bbox 2669 4185 2813 4232; x_wconf 90' lang='lat' dir='ltr'><strong>terra</strong></span> <span class='ocrx_word' id='word_1_667' title='bbox 2855 4178 3097 4246; x_wconf 89' lang='lat' dir='ltr'><strong>ipsorum</strong></span> <span class='ocrx_word' id='word_1_668' title='bbox 3144 4173 3316 4242; x_wconf 85' lang='lat' dir='ltr'><strong>patria</strong></span> <span class='ocrx_word' id='word_1_669' title='bbox 3355 4186 3452 4223; x_wconf 79' lang='lat' dir='ltr'><strong>ex-</strong></span> 
     </span>
    </p>
   </div>
   <div class='ocr_carea' id='block_1_89' title="bbox 1882 4267 3451 4350">
    <p class='ocr_par' dir='ltr' id='par_1_89' title="bbox 1882 4267 3451 4350">
     <span class='ocr_line' id='line_1_89' title="bbox 1882 4267 3451 4350; baseline -0.013 -17"><span class='ocrx_word' id='word_1_670' title='bbox 1882 4280 2020 4350; x_wconf 87' lang='lat' dir='ltr'><strong>pulsi</strong></span> <span class='ocrx_word' id='word_1_671' title='bbox 2050 4294 2156 4332; x_wconf 91' lang='lat' dir='ltr'><strong>non</strong></span> <span class='ocrx_word' id='word_1_672' title='bbox 2182 4282 2328 4330; x_wconf 88' lang='lat' dir='ltr'><strong>sunt.</strong></span> <span class='ocrx_word' id='word_1_673' title='bbox 2357 4273 2458 4328; x_wconf 89' lang='lat' dir='ltr'><strong>Ubi</strong></span> <span class='ocrx_word' id='word_1_674' title='bbox 2487 4279 2665 4325; x_wconf 90' lang='lat' dir='ltr'><strong>autem</strong></span> <span class='ocrx_word' id='word_1_675' title='bbox 2695 4267 2962 4336; x_wconf 88' lang='lat' dir='ltr'><strong>completa</strong></span> <span class='ocrx_word' id='word_1_676' title='bbox 2987 4273 3150 4326; x_wconf 85' lang='lat' dir='ltr'><strong>sunt,</strong></span> <span class='ocrx_word' id='word_1_677' title='bbox 3177 4270 3292 4316; x_wconf 87' lang='lat' dir='ltr'><strong>tum</strong></span> <span class='ocrx_word' id='word_1_678' title='bbox 3323 4276 3451 4315; x_wconf 89' lang='lat' dir='ltr'><strong>vero</strong></span> 
     </span>
    </p>
   </div>
   <div class='ocr_carea' id='block_1_90' title="bbox 1881 4354 3449 4427">
    <p class='ocr_par' dir='ltr' id='par_1_90' title="bbox 1881 4354 3449 4427">
     <span class='ocr_line' id='line_1_90' title="bbox 1881 4354 3449 4427; baseline -0.013 0"><span class='ocrx_word' id='word_1_679' title='bbox 1881 4388 2070 4427; x_wconf 89' lang='lat' dir='ltr'><strong>omnes</strong></span> <span class='ocrx_word' id='word_1_680' title='bbox 2111 4371 2164 4425; x_wconf 89' lang='lat' dir='ltr'><strong>in</strong></span> <span class='ocrx_word' id='word_1_681' title='bbox 2213 4367 2490 4421; x_wconf 87' lang='lat' dir='ltr'><strong>iuteritmn</strong></span> <span class='ocrx_word' id='word_1_682' title='bbox 2539 4363 2876 4420; x_wconf 87' lang='lat' dir='ltr'><strong>inciderunt,</strong></span> <span class='ocrx_word' id='word_1_683' title='bbox 2919 4374 3039 4427; x_wconf 73' lang='lat' dir='ltr'><strong>qua:</strong></span> <span class='ocrx_word' id='word_1_684' title='bbox 3092 4371 3222 4410; x_wconf 89' lang='lat' dir='ltr'><strong>sane</strong></span> <span class='ocrx_word' id='word_1_685' title='bbox 3267 4354 3449 4407; x_wconf 78' lang='lat' dir='ltr'><strong>clades</strong></span> 
     </span>
    </p>
   </div>
   <div class='ocr_carea' id='block_1_91' title="bbox 1885 4447 3448 4530">
    <p class='ocr_par' dir='ltr' id='par_1_91' title="bbox 1885 4447 3448 4530">
     <span class='ocr_line' id='line_1_91' title="bbox 1885 4447 3448 4530; baseline -0.015 -10"><span class='ocrx_word' id='word_1_686' title='bbox 1885 4467 2004 4520; x_wconf 90' lang='lat' dir='ltr'><strong>illos</strong></span> <span class='ocrx_word' id='word_1_687' title='bbox 2042 4463 2252 4530; x_wconf 76' lang='lat' dir='ltr'><strong>excepit</strong></span> <span class='ocrx_word' id='word_1_688' title='bbox 2283 4458 2617 4528; x_wconf 83' lang='lat' dir='ltr'><strong>temporibus</strong></span> <span class='ocrx_word' id='word_1_689' title='bbox 2668 4456 2813 4509; x_wconf 90' lang='lat' dir='ltr'><strong>illius</strong></span> <span class='ocrx_word' id='word_1_690' title='bbox 2862 4451 2986 4506; x_wconf 81' lang='lat' dir='ltr'><strong>Jesu</strong></span> <span class='ocrx_word' id='word_1_691' title='bbox 3027 4450 3118 4518; x_wconf 88' lang='lat' dir='ltr'><strong>qui</strong></span> <span class='ocrx_word' id='word_1_692' title='bbox 3154 4447 3288 4501; x_wconf 79' lang='lat' dir='ltr'><strong>Mosi</strong></span> <span class='ocrx_word' id='word_1_693' title='bbox 3322 4462 3448 4501; x_wconf 87' lang='lat' dir='ltr'><strong>suc-</strong></span> 
     </span>
    </p>
   </div>
   <div class='ocr_carea' id='block_1_92' title="bbox 214 4535 1799 4618">
    <p class='ocr_par' dir='ltr' id='par_1_92' title="bbox 214 4545 1781 4617">
     <span class='ocr_line' id='line_1_92' title="bbox 214 4545 1781 4617; baseline 0.001 -17"><span class='ocrx_word' id='word_1_694' title='bbox 214 4547 431 4617; x_wconf 80' lang='grc' dir='ltr'>μηνείαν</span> <span class='ocrx_word' id='word_1_695' title='bbox 454 4563 468 4575; x_wconf 74' lang='grc' dir='ltr'><strong>ο</strong></span> <span class='ocrx_word' id='word_1_696' title='bbox 519 4545 659 4598; x_wconf 77' lang='grc' dir='ltr'>κατὰ</span> <span class='ocrx_word' id='word_1_697' title='bbox 705 4545 760 4598; x_wconf 82' lang='grc' dir='ltr'>δὲ</span> <span class='ocrx_word' id='word_1_698' title='bbox 812 4547 936 4607; x_wconf 83' lang='grc' dir='ltr'>τοὺς</span> <span class='ocrx_word' id='word_1_699' title='bbox 973 4545 1384 4617; x_wconf 86' lang='grc' dir='ltr'>Ἑϐδομήκοντα,</span> <span class='ocrx_word' id='word_1_700' title='bbox 1417 4545 1570 4616; x_wconf 79' lang='grc' dir='ltr'>ἐδέθη</span> <span class='ocrx_word' id='word_1_701' title='bbox 1603 4548 1781 4601; x_wconf 79' lang='grc' dir='ltr'>αὐτῶν</span> 
     </span>
    </p>
   </div>
   <div class='ocr_carea' id='block_1_93' title="bbox 1886 4535 3449 4618">
    <p class='ocr_par' dir='ltr' id='par_1_93' title="bbox 1887 4541 3449 4618">
     <span class='ocr_line' id='line_1_93' title="bbox 1887 4541 3449 4618; baseline -0.013 -4"><span class='ocrx_word' id='word_1_702' title='bbox 1887 4558 2096 4614; x_wconf 89' lang='lat' dir='ltr'><strong>cessit:</strong></span> <span class='ocrx_word' id='word_1_703' title='bbox 2131 4555 2204 4608; x_wconf 90' lang='lat' dir='ltr'><strong>ita</strong></span> <span class='ocrx_word' id='word_1_704' title='bbox 2240 4554 2407 4608; x_wconf 89' lang='lat' dir='ltr'><strong>etiam</strong></span> <span class='ocrx_word' id='word_1_705' title='bbox 2451 4552 2517 4605; x_wconf 91' lang='lat' dir='ltr'><strong>de</strong></span> <span class='ocrx_word' id='word_1_706' title='bbox 2559 4549 2742 4618; x_wconf 90' lang='lat' dir='ltr'><strong>priore</strong></span> <span class='ocrx_word' id='word_1_707' title='bbox 2780 4546 2876 4599; x_wconf 91' lang='lat' dir='ltr'><strong>tibi</strong></span> <span class='ocrx_word' id='word_1_708' title='bbox 2919 4541 3328 4612; x_wconf 88' lang='lat' dir='ltr'><strong>intelligendum</strong></span> <span class='ocrx_word' id='word_1_709' title='bbox 3364 4547 3449 4595; x_wconf 88' lang='lat' dir='ltr'><strong>est</strong></span> 
     </span>
    </p>
   </div>
   <div class='ocr_carea' id='block_1_94' title="bbox 213 4635 1778 4709">
    <p class='ocr_par' dir='ltr' id='par_1_94' title="bbox 213 4635 1778 4709">
     <span class='ocr_line' id='line_1_94' title="bbox 213 4635 1778 4709; baseline 0.002 -19"><span class='ocrx_word' id='word_1_710' title='bbox 213 4639 297 4692; x_wconf 69' lang='grc' dir='ltr'>καὶ</span> <span class='ocrx_word' id='word_1_711' title='bbox 324 4635 666 4708; x_wconf 76' lang='grc' dir='ltr'>ὲσφραγίσθη</span> <span class='ocrx_word' id='word_1_712' title='bbox 701 4637 1018 4709; x_wconf 77' lang='grc' dir='ltr'>ήὰμαρτία.</span> <span class='ocrx_word' id='word_1_713' title='bbox 1039 4637 1195 4690; x_wconf 82' lang='grc' dir='ltr'><strong>Ἀλλὰ</strong></span> <span class='ocrx_word' id='word_1_714' title='bbox 1237 4639 1357 4691; x_wconf 77' lang='grc' dir='ltr'>ἐπεὶ</span> <span class='ocrx_word' id='word_1_715' title='bbox 1388 4639 1461 4709; x_wconf 78' lang='grc' dir='ltr'>μὴ</span> <span class='ocrx_word' id='word_1_716' title='bbox 1493 4639 1650 4709; x_wconf 84' lang='grc' dir='ltr'>μόνον</span> <span class='ocrx_word' id='word_1_717' title='bbox 1698 4643 1778 4704; x_wconf 85' lang='grc' dir='ltr'><strong>είς</strong></span> 
     </span>
    </p>
   </div>
   <div class='ocr_carea' id='block_1_95' title="bbox 212 4729 1776 4801">
    <p class='ocr_par' dir='ltr' id='par_1_95' title="bbox 212 4729 1776 4801">
     <span class='ocr_line' id='line_1_95' title="bbox 212 4729 1776 4801; baseline 0.001 -18"><span class='ocrx_word' id='word_1_718' title='bbox 212 4731 432 4794; x_wconf 80' lang='grc' dir='ltr'>πτῶσιν,</span> <span class='ocrx_word' id='word_1_719' title='bbox 464 4729 603 4782; x_wconf 88' lang='grc' dir='ltr'><strong>ἁλλὰ</strong></span> <span class='ocrx_word' id='word_1_720' title='bbox 629 4731 722 4782; x_wconf 73' lang='grc' dir='ltr'>καὶ</span> <span class='ocrx_word' id='word_1_721' title='bbox 754 4732 833 4794; x_wconf 88' lang='grc' dir='ltr'><strong>είς</strong></span> <span class='ocrx_word' id='word_1_722' title='bbox 868 4731 1161 4784; x_wconf 83' lang='grc' dir='ltr'>ἀνάστασιν</span> <span class='ocrx_word' id='word_1_723' title='bbox 1193 4730 1398 4782; x_wconf 83' lang='grc' dir='ltr'>πολλῶν</span> <span class='ocrx_word' id='word_1_724' title='bbox 1433 4729 1685 4801; x_wconf 76' lang='grc' dir='ltr'>ἐλήλυθεν</span> <span class='ocrx_word' id='word_1_725' title='bbox 1718 4734 1776 4784; x_wconf 82' lang='grc' dir='ltr'>ἐν</span> 
     </span>
    </p>
   </div>
   <div class='ocr_carea' id='block_1_96' title="bbox 213 4817 1774 4895">
    <p class='ocr_par' dir='ltr' id='par_1_96' title="bbox 213 4817 1774 4895">
     <span class='ocr_line' id='line_1_96' title="bbox 213 4817 1774 4895; baseline 0.003 -24"><span class='ocrx_word' id='word_1_726' title='bbox 213 4821 280 4890; x_wconf 83' lang='grc' dir='ltr'>τῷ</span> <span class='ocrx_word' id='word_1_727' title='bbox 313 4821 552 4894; x_wconf 76' lang='grc' dir='ltr'>Ἰσραὴλ,</span> <span class='ocrx_word' id='word_1_728' title='bbox 580 4821 720 4876; x_wconf 85' lang='grc' dir='ltr'>καθά</span> <span class='ocrx_word' id='word_1_729' title='bbox 747 4840 874 4892; x_wconf 75' lang='grc' dir='ltr'>φησι</span> <span class='ocrx_word' id='word_1_730' title='bbox 902 4824 1030 4895; x_wconf 62' lang='grc' dir='ltr'>περὶ</span> <span class='ocrx_word' id='word_1_731' title='bbox 1069 4820 1254 4884; x_wconf 78' lang='grc' dir='ltr'>αὐτοῦ,</span> <span class='ocrx_word' id='word_1_732' title='bbox 1291 4841 1308 4873; x_wconf 80' lang='grc' dir='ltr'><strong>ι</strong></span> <span class='ocrx_word' id='word_1_733' title='bbox 1333 4822 1460 4876; x_wconf 80' lang='grc' dir='ltr'>Ἰδοὺ</span> <span class='ocrx_word' id='word_1_734' title='bbox 1485 4817 1639 4887; x_wconf 71' lang='grc' dir='ltr'>οὗτος</span> <span class='ocrx_word' id='word_1_735' title='bbox 1665 4828 1774 4876; x_wconf 68' lang='grc' dir='ltr'><strong>κείς-</strong></span> 
     </span>
    </p>
   </div>
   <div class='ocr_carea' id='block_1_97' title="bbox 211 4913 1766 4988">
    <p class='ocr_par' dir='ltr' id='par_1_97' title="bbox 211 4913 1766 4988">
     <span class='ocr_line' id='line_1_97' title="bbox 211 4913 1766 4988; baseline 0.004 -25"><span class='ocrx_word' id='word_1_736' title='bbox 211 4928 287 4966; x_wconf 87' lang='grc' dir='ltr'><strong>ται</strong></span> <span class='ocrx_word' id='word_1_737' title='bbox 310 4916 392 4977; x_wconf 87' lang='grc' dir='ltr'>εἰς</span> <span class='ocrx_word' id='word_1_738' title='bbox 414 4913 623 4966; x_wconf 86' lang='grc' dir='ltr'>πτῶσιν</span> <span class='ocrx_word' id='word_1_739' title='bbox 649 4914 742 4966; x_wconf 73' lang='grc' dir='ltr'><strong>καὶ</strong></span> <span class='ocrx_word' id='word_1_740' title='bbox 763 4914 1053 4968; x_wconf 70' lang='grc' dir='ltr'>ἀνάστασιν</span> <span class='ocrx_word' id='word_1_741' title='bbox 1081 4913 1288 4967; x_wconf 86' lang='grc' dir='ltr'>πολλῶν</span> <span class='ocrx_word' id='word_1_742' title='bbox 1318 4915 1374 4968; x_wconf 83' lang='grc' dir='ltr'>ὲν</span> <span class='ocrx_word' id='word_1_743' title='bbox 1395 4915 1471 4986; x_wconf 81' lang='grc' dir='ltr'>τῷ</span> <span class='ocrx_word' id='word_1_744' title='bbox 1501 4916 1766 4988; x_wconf 77' lang='grc' dir='ltr'>Ἱσραὴλ,›</span> 
     </span>
    </p>
   </div>
   <div class='ocr_carea' id='block_1_98' title="bbox 214 5006 1774 5079">
    <p class='ocr_par' dir='ltr' id='par_1_98' title="bbox 214 5006 1774 5079">
     <span class='ocr_line' id='line_1_98' title="bbox 214 5006 1774 5079; baseline 0.004 -24"><span class='ocrx_word' id='word_1_745' title='bbox 214 5006 424 5069; x_wconf 76' lang='grc' dir='ltr'>εἰκότως</span> <span class='ocrx_word' id='word_1_746' title='bbox 473 5009 587 5069; x_wconf 86' lang='grc' dir='ltr'>τοῖς</span> <span class='ocrx_word' id='word_1_747' title='bbox 632 5006 940 5079; x_wconf 77' lang='grc' dir='ltr'>εἰρημένοις</span> <span class='ocrx_word' id='word_1_748' title='bbox 973 5006 1102 5076; x_wconf 78' lang='grc' dir='ltr'>ἑξῆς</span> <span class='ocrx_word' id='word_1_749' title='bbox 1143 5006 1380 5074; x_wconf 81' lang='grc' dir='ltr'>ἐπιλέγει</span> <span class='ocrx_word' id='word_1_750' title='bbox 1410 5009 1436 5059; x_wconf 91' lang='lat'><strong>6</strong></span> <span class='ocrx_word' id='word_1_751' title='bbox 1461 5007 1654 5078; x_wconf 82' lang='grc' dir='ltr'>Δανιὴλ</span> <span class='ocrx_word' id='word_1_752' title='bbox 1693 5009 1774 5062; x_wconf 85' lang='grc' dir='ltr'><strong>τό·</strong></span> 
     </span>
    </p>
   </div>
   <div class='ocr_carea' id='block_1_99' title="bbox 218 5096 1778 5169">
    <p class='ocr_par' dir='ltr' id='par_1_99' title="bbox 218 5096 1778 5169">
     <span class='ocr_line' id='line_1_99' title="bbox 218 5096 1778 5169; baseline 0.002 -19"><span class='ocrx_word' id='word_1_753' title='bbox 218 5114 233 5144; x_wconf 73' lang='grc' dir='ltr'><strong>ι</strong></span> <span class='ocrx_word' id='word_1_754' title='bbox 259 5099 362 5150; x_wconf 76' lang='grc' dir='ltr'>Καὶ</span> <span class='ocrx_word' id='word_1_755' title='bbox 399 5096 497 5150; x_wconf 83' lang='grc' dir='ltr'><strong>τοῦ</strong></span> <span class='ocrx_word' id='word_1_756' title='bbox 526 5096 818 5164; x_wconf 69' lang='grc' dir='ltr'>ἀπαλεῖψαι</span> <span class='ocrx_word' id='word_1_757' title='bbox 857 5097 1147 5169; x_wconf 84' lang='grc' dir='ltr'>ἁμαρτίας,</span> <span class='ocrx_word' id='word_1_758' title='bbox 1179 5098 1272 5150; x_wconf 74' lang='grc' dir='ltr'><strong>καὶ</strong></span> <span class='ocrx_word' id='word_1_759' title='bbox 1305 5096 1399 5149; x_wconf 88' lang='grc' dir='ltr'><strong>τοῦ</strong></span> <span class='ocrx_word' id='word_1_760' title='bbox 1429 5097 1778 5162; x_wconf 79' lang='grc' dir='ltr'>ἐξιλάσασθαι</span> 
     </span>
    </p>
   </div>
   <div class='ocr_carea' id='block_1_100' title="bbox 211 5185 1776 5262">
    <p class='ocr_par' dir='ltr' id='par_1_100' title="bbox 211 5185 1776 5262">
     <span class='ocr_line' id='line_1_100' title="bbox 211 5185 1776 5262; baseline 0.004 -24"><span class='ocrx_word' id='word_1_761' title='bbox 211 5185 431 5252; x_wconf 83' lang='grc' dir='ltr'>ἀδικίας.</span> <span class='ocrx_word' id='word_1_762' title='bbox 467 5207 484 5239; x_wconf 72' lang='grc' dir='ltr'><strong>ι</strong></span> <span class='ocrx_word' id='word_1_763' title='bbox 531 5188 628 5241; x_wconf 72' lang='grc' dir='ltr'><strong>Διί)⁴</strong></span> <span class='ocrx_word' id='word_1_764' title='bbox 671 5189 778 5260; x_wconf 77' lang='grc' dir='ltr'><strong>γὰρ</strong></span> <span class='ocrx_word' id='word_1_765' title='bbox 811 5189 871 5241; x_wconf 89' lang='grc' dir='ltr'><strong>τὸ</strong></span> <span class='ocrx_word' id='word_1_766' title='bbox 903 5189 1161 5242; x_wconf 79' lang='grc' dir='ltr'>ἀδύνατον</span> <span class='ocrx_word' id='word_1_767' title='bbox 1201 5185 1337 5242; x_wconf 79' lang='grc' dir='ltr'>εἶναι</span> <span class='ocrx_word' id='word_1_768' title='bbox 1379 5185 1516 5261; x_wconf 73' lang='grc' dir='ltr'>αἷμα</span> <span class='ocrx_word' id='word_1_769' title='bbox 1561 5191 1776 5262; x_wconf 80' lang='grc' dir='ltr'>ταύρων</span> 
     </span>
    </p>
   </div>
   <div class='ocr_carea' id='block_1_101' title="bbox 211 5281 1773 5353">
    <p class='ocr_par' dir='ltr' id='par_1_101' title="bbox 211 5281 1773 5353">
     <span class='ocr_line' id='line_1_101' title="bbox 211 5281 1773 5353; baseline 0.004 -20"><span class='ocrx_word' id='word_1_770' title='bbox 211 5281 294 5333; x_wconf 73' lang='grc' dir='ltr'>καὶ</span> <span class='ocrx_word' id='word_1_771' title='bbox 315 5282 537 5353; x_wconf 79' lang='grc' dir='ltr'>τράγων</span> <span class='ocrx_word' id='word_1_772' title='bbox 556 5281 807 5352; x_wconf 67' lang='grc' dir='ltr'>ἀφαιρεῖν</span> <span class='ocrx_word' id='word_1_773' title='bbox 836 5281 1128 5353; x_wconf 85' lang='grc' dir='ltr'>ἁμαρτίας,</span> <span class='ocrx_word' id='word_1_774' title='bbox 1152 5282 1354 5336; x_wconf 83' lang='grc' dir='ltr'>δεῖσθαι</span> <span class='ocrx_word' id='word_1_775' title='bbox 1381 5284 1434 5337; x_wconf 82' lang='grc' dir='ltr'>δὲ</span> <span class='ocrx_word' id='word_1_776' title='bbox 1464 5287 1571 5338; x_wconf 74' lang='grc' dir='ltr'>πᾶν</span> <span class='ocrx_word' id='word_1_777' title='bbox 1590 5285 1648 5338; x_wconf 85' lang='grc' dir='ltr'>τὸ</span> <span class='ocrx_word' id='word_1_778' title='bbox 1667 5285 1773 5339; x_wconf 86' lang='grc' dir='ltr'><strong>τῶν</strong></span> 
     </span>
    </p>
   </div>
   <div class='ocr_carea' id='block_1_102' title="bbox 211 5370 1772 5449">
    <p class='ocr_par' dir='ltr' id='par_1_102' title="bbox 211 5370 1772 5449">
     <span class='ocr_line' id='line_1_102' title="bbox 211 5370 1772 5449; baseline 0.006 -25"><span class='ocrx_word' id='word_1_779' title='bbox 211 5370 502 5445; x_wconf 80' lang='grc' dir='ltr'>ἀνθρώπων</span> <span class='ocrx_word' id='word_1_780' title='bbox 534 5375 686 5441; x_wconf 83' lang='grc' dir='ltr'>γένος</span> <span class='ocrx_word' id='word_1_781' title='bbox 723 5374 948 5445; x_wconf 85' lang='grc' dir='ltr'>ἱλασμοῦ</span> <span class='ocrx_word' id='word_1_782' title='bbox 1006 5374 1205 5438; x_wconf 81' lang='grc' dir='ltr'>ζῶντος</span> <span class='ocrx_word' id='word_1_783' title='bbox 1251 5377 1343 5429; x_wconf 71' lang='grc' dir='ltr'>καὶ</span> <span class='ocrx_word' id='word_1_784' title='bbox 1383 5377 1636 5449; x_wconf 82' lang='grc' dir='ltr'>ἀληθινοῦ</span> <span class='ocrx_word' id='word_1_785' title='bbox 1673 5379 1692 5448; x_wconf 92' lang='grc'>(</span> <span class='ocrx_word' id='word_1_786' title='bbox 1712 5373 1772 5433; x_wconf 76' lang='grc' dir='ltr'>οὗ</span> 
     </span>
    </p>
   </div>
   <div class='ocr_carea' id='block_1_103' title="bbox 212 5464 1773 5544">
    <p class='ocr_par' dir='ltr' id='par_1_103' title="bbox 212 5464 1773 5544">
     <span class='ocr_line' id='line_1_103' title="bbox 212 5464 1773 5544; baseline 0.006 -28"><span class='ocrx_word' id='word_1_787' title='bbox 212 5464 364 5520; x_wconf 76' lang='grc' dir='ltr'>τύπον</span> <span class='ocrx_word' id='word_1_788' title='bbox 390 5466 553 5538; x_wconf 73' lang='grc' dir='ltr'>ἔφερε</span> <span class='ocrx_word' id='word_1_789' title='bbox 578 5468 639 5519; x_wconf 88' lang='grc' dir='ltr'><strong>τὸ</strong></span> <span class='ocrx_word' id='word_1_790' title='bbox 671 5467 818 5538; x_wconf 84' lang='grc' dir='ltr'><strong>παρὰ</strong></span> <span class='ocrx_word' id='word_1_791' title='bbox 850 5471 1036 5521; x_wconf 87' lang='grc' dir='ltr'><strong>Μωσεῖ</strong></span> <span class='ocrx_word' id='word_1_792' title='bbox 1061 5471 1501 5524; x_wconf 81' lang='grc' dir='ltr'>κατασκευασθὲν</span> <span class='ocrx_word' id='word_1_793' title='bbox 1554 5471 1773 5544; x_wconf 85' lang='grc' dir='ltr'>ἱλαστή-</span> 
     </span>
    </p>
   </div>
   <div class='ocr_carea' id='block_1_104' title="bbox 215 5553 1776 5634">
    <p class='ocr_par' dir='ltr' id='par_1_104' title="bbox 215 5553 1776 5634">
     <span class='ocr_line' id='line_1_104' title="bbox 215 5553 1776 5634; baseline 0.006 -26"><span class='ocrx_word' id='word_1_794' title='bbox 215 5559 356 5629; x_wconf 82' lang='grc' dir='ltr'>ριον),</span> <span class='ocrx_word' id='word_1_795' title='bbox 375 5553 529 5622; x_wconf 75' lang='grc' dir='ltr'>οὗτος</span> <span class='ocrx_word' id='word_1_796' title='bbox 554 5555 690 5630; x_wconf 80' lang='grc' dir='ltr'><strong>δὲῆν</strong></span> <span class='ocrx_word' id='word_1_797' title='bbox 710 5561 741 5611; x_wconf 90' lang='lat'><strong>6</strong></span> <span class='ocrx_word' id='word_1_798' title='bbox 761 5559 949 5632; x_wconf 74' lang='grc' dir='ltr'>Σωτὴρ</span> <span class='ocrx_word' id='word_1_799' title='bbox 975 5561 1066 5613; x_wconf 74' lang='grc' dir='ltr'><strong>καὶ</strong></span> <span class='ocrx_word' id='word_1_800' title='bbox 1093 5561 1293 5632; x_wconf 76' lang='grc' dir='ltr'>Κύριος</span> <span class='ocrx_word' id='word_1_801' title='bbox 1322 5563 1495 5634; x_wconf 87' lang='grc' dir='ltr'>ἡμῶν,</span> <span class='ocrx_word' id='word_1_802' title='bbox 1521 5565 1550 5615; x_wconf 88' lang='lat'><strong>6</strong></span> <span class='ocrx_word' id='word_1_803' title='bbox 1583 5564 1776 5634; x_wconf 83' lang='grc' dir='ltr'>Ἀμνὺς</span> 
     </span>
    </p>
   </div>
   <div class='ocr_carea' id='block_1_105' title="bbox 215 5647 1775 5723">
    <p class='ocr_par' dir='ltr' id='par_1_105' title="bbox 215 5647 1775 5723">
     <span class='ocr_line' id='line_1_105' title="bbox 215 5647 1775 5723; baseline 0.006 -23"><span class='ocrx_word' id='word_1_804' title='bbox 215 5649 292 5702; x_wconf 81' lang='grc' dir='ltr'><strong>τοῦ</strong></span> <span class='ocrx_word' id='word_1_805' title='bbox 321 5650 477 5716; x_wconf 83' lang='grc' dir='ltr'>Θεοῦ,</span> <span class='ocrx_word' id='word_1_806' title='bbox 507 5652 633 5723; x_wconf 78' lang='grc' dir='ltr'>περὶ</span> <span class='ocrx_word' id='word_1_807' title='bbox 675 5647 736 5706; x_wconf 75' lang='grc' dir='ltr'>οὗ</span> <span class='ocrx_word' id='word_1_808' title='bbox 780 5653 990 5723; x_wconf 70' lang='grc' dir='ltr'>εἴρηται</span> <span class='ocrx_word' id='word_1_809' title='bbox 1013 5669 1026 5681; x_wconf 90' lang='grc'><strong>·</strong></span> <span class='ocrx_word' id='word_1_810' title='bbox 1063 5669 1082 5702; x_wconf 76' lang='grc' dir='ltr'><strong>ι</strong></span> <span class='ocrx_word' id='word_1_811' title='bbox 1105 5652 1201 5704; x_wconf 87' lang='grc' dir='ltr'>Ἰδὲ</span> <span class='ocrx_word' id='word_1_812' title='bbox 1236 5652 1429 5723; x_wconf 81' lang='grc' dir='ltr'>Ἀμνὺς</span> <span class='ocrx_word' id='word_1_813' title='bbox 1459 5653 1552 5709; x_wconf 86' lang='grc' dir='ltr'><strong>τοῦ</strong></span> <span class='ocrx_word' id='word_1_814' title='bbox 1586 5654 1720 5709; x_wconf 81' lang='grc' dir='ltr'>Θεοῦ</span> <span class='ocrx_word' id='word_1_815' title='bbox 1748 5659 1775 5710; x_wconf 91' lang='lat'><strong>6</strong></span> 
     </span>
    </p>
   </div>
   <div class='ocr_carea' id='block_1_106' title="bbox 274 5828 1284 5891">
    <p class='ocr_par' dir='ltr' id='par_1_106' title="bbox 274 5828 1284 5891">
     <span class='ocr_line' id='line_1_106' title="bbox 274 5828 1284 5891; baseline 0 -7"><span class='ocrx_word' id='word_1_816' title='bbox 274 5831 316 5861; x_wconf 84' lang='lat'>“</span> <span class='ocrx_word' id='word_1_817' title='bbox 353 5828 540 5884; x_wconf 74' lang='lat' dir='ltr'><strong>Matth.</strong></span> <span class='ocrx_word' id='word_1_818' title='bbox 577 5844 744 5891; x_wconf 69' lang='lat' dir='ltr'><strong>nm,</strong></span> <span class='ocrx_word' id='word_1_819' title='bbox 779 5829 862 5882; x_wconf 72' lang='lat'><strong>3‘2.</strong></span> <span class='ocrx_word' id='word_1_820' title='bbox 943 5829 987 5870; x_wconf 66' lang='lat'><strong>‘7</strong></span> <span class='ocrx_word' id='word_1_821' title='bbox 1029 5828 1156 5884; x_wconf 85' lang='lat' dir='ltr'><strong>ihid.</strong></span> <span class='ocrx_word' id='word_1_822' title='bbox 1197 5828 1284 5884; x_wconf 83' lang='lat'><strong>&#39;55.</strong></span> 
     </span>
    </p>
   </div>
   <div class='ocr_carea' id='block_1_107' title="bbox 1885 4635 3447 4722">
    <p class='ocr_par' dir='ltr' id='par_1_107' title="bbox 1885 4635 3447 4722">
     <span class='ocr_line' id='line_1_107' title="bbox 1885 4635 3447 4722; baseline -0.013 -16"><span class='ocrx_word' id='word_1_823' title='bbox 1885 4651 2124 4722; x_wconf 93' lang='lat' dir='ltr'><strong>populo:</strong></span> <span class='ocrx_word' id='word_1_824' title='bbox 2161 4645 2426 4718; x_wconf 85' lang='lat' dir='ltr'><strong>quamdiu</strong></span> <span class='ocrx_word' id='word_1_825' title='bbox 2473 4644 2616 4700; x_wconf 83' lang='lat' dir='ltr'><strong>enim</strong></span> <span class='ocrx_word' id='word_1_826' title='bbox 2665 4643 2881 4695; x_wconf 91' lang='lat' dir='ltr'><strong>illorum</strong></span> <span class='ocrx_word' id='word_1_827' title='bbox 2922 4644 3142 4708; x_wconf 90' lang='lat' dir='ltr'><strong>peccata</strong></span> <span class='ocrx_word' id='word_1_828' title='bbox 3180 4635 3447 4705; x_wconf 86' lang='lat' dir='ltr'><strong>completa</strong></span> 
     </span>
    </p>
   </div>
   <div class='ocr_carea' id='block_1_108' title="bbox 1883 4722 3448 4802">
    <p class='ocr_par' dir='ltr' id='par_1_108' title="bbox 1883 4722 3448 4802">
     <span class='ocr_line' id='line_1_108' title="bbox 1883 4722 3448 4802; baseline -0.014 -6"><span class='ocrx_word' id='word_1_829' title='bbox 1883 4758 1992 4796; x_wconf 91' lang='lat' dir='ltr'><strong>non</strong></span> <span class='ocrx_word' id='word_1_830' title='bbox 2027 4749 2154 4796; x_wconf 92' lang='lat' dir='ltr'><strong>sunt</strong></span> <span class='ocrx_word' id='word_1_831' title='bbox 2177 4779 2191 4800; x_wconf 89' lang='lat'><strong>,</strong></span> <span class='ocrx_word' id='word_1_832' title='bbox 2228 4737 2321 4791; x_wconf 89' lang='lat' dir='ltr'><strong>Dei</strong></span> <span class='ocrx_word' id='word_1_833' title='bbox 2354 4735 2475 4789; x_wconf 90' lang='lat' dir='ltr'><strong>illos</strong></span> <span class='ocrx_word' id='word_1_834' title='bbox 2505 4731 2760 4802; x_wconf 90' lang='lat' dir='ltr'><strong>patientia</strong></span> <span class='ocrx_word' id='word_1_835' title='bbox 2788 4736 2842 4783; x_wconf 85' lang='lat' dir='ltr'><strong>et</strong></span> <span class='ocrx_word' id='word_1_836' title='bbox 2871 4725 3174 4796; x_wconf 86' lang='lat' dir='ltr'><strong>benignitas</strong></span> <span class='ocrx_word' id='word_1_837' title='bbox 3205 4722 3361 4783; x_wconf 86' lang='lat' dir='ltr'><strong>tulit,</strong></span> <span class='ocrx_word' id='word_1_838' title='bbox 3393 4727 3448 4774; x_wconf 83' lang='lat' dir='ltr'><strong>et</strong></span> 
     </span>
    </p>
   </div>
   <div class='ocr_carea' id='block_1_109' title="bbox 1879 4814 3444 4904">
    <p class='ocr_par' dir='ltr' id='par_1_109' title="bbox 1879 4814 3444 4904">
     <span class='ocr_line' id='line_1_109' title="bbox 1879 4814 3444 4904; baseline -0.015 -15"><span class='ocrx_word' id='word_1_839' title='bbox 1879 4851 1974 4904; x_wconf 90' lang='lat' dir='ltr'><strong>per</strong></span> <span class='ocrx_word' id='word_1_840' title='bbox 2012 4832 2310 4903; x_wconf 89' lang='lat' dir='ltr'><strong>prophetas</strong></span> <span class='ocrx_word' id='word_1_841' title='bbox 2349 4826 2590 4894; x_wconf 89' lang='lat' dir='ltr'><strong>undique</strong></span> <span class='ocrx_word' id='word_1_842' title='bbox 2629 4822 2694 4876; x_wconf 91' lang='lat' dir='ltr'><strong>ad</strong></span> <span class='ocrx_word' id='word_1_843' title='bbox 2726 4819 3136 4874; x_wconf 81' lang='lat' dir='ltr'><strong>conversionem</strong></span> <span class='ocrx_word' id='word_1_844' title='bbox 3179 4814 3444 4869; x_wconf 83' lang='lat' dir='ltr'><strong>invitavit.</strong></span> 
     </span>
    </p>
   </div>
   <div class='ocr_carea' id='block_1_110' title="bbox 1877 4904 3445 4994">
    <p class='ocr_par' dir='ltr' id='par_1_110' title="bbox 1877 4904 3445 4994">
     <span class='ocr_line' id='line_1_110' title="bbox 1877 4904 3445 4994; baseline -0.019 -12"><span class='ocrx_word' id='word_1_845' title='bbox 1877 4923 2038 4994; x_wconf 81' lang='lat'><strong>385</strong></span> <span class='ocrx_word' id='word_1_846' title='bbox 2072 4921 2367 4991; x_wconf 88' lang='lat' dir='ltr'><strong>Postquam</strong></span> <span class='ocrx_word' id='word_1_847' title='bbox 2399 4924 2607 4978; x_wconf 89' lang='lat' dir='ltr'><strong>autem,</strong></span> <span class='ocrx_word' id='word_1_848' title='bbox 2641 4920 2697 4966; x_wconf 92' lang='lat' dir='ltr'><strong>ut</strong></span> <span class='ocrx_word' id='word_1_849' title='bbox 2733 4910 2980 4965; x_wconf 88' lang='lat' dir='ltr'><strong>Salvator</strong></span> <span class='ocrx_word' id='word_1_850' title='bbox 3007 4907 3072 4962; x_wconf 94' lang='lat' dir='ltr'><strong>ad</strong></span> <span class='ocrx_word' id='word_1_851' title='bbox 3103 4907 3252 4976; x_wconf 92' lang='lat' dir='ltr'><strong>ipsos</strong></span> <span class='ocrx_word' id='word_1_852' title='bbox 3287 4904 3445 4963; x_wconf 64' lang='lat' dir='ltr'><strong>dixit,</strong></span> 
     </span>
    </p>
   </div>
   <div class='ocr_carea' id='block_1_111' title="bbox 1880 5005 3447 5084">
    <p class='ocr_par' dir='ltr' id='par_1_111' title="bbox 1880 5005 3447 5084">
     <span class='ocr_line' id='line_1_111' title="bbox 1880 5005 3447 5084; baseline -0.018 -15"><span class='ocrx_word' id='word_1_853' title='bbox 1880 5015 2242 5084; x_wconf 87' lang='lat' dir='ltr'><strong>impleverunt</strong></span> <span class='ocrx_word' id='word_1_854' title='bbox 2274 5022 2588 5065; x_wconf 87' lang='lat' dir='ltr'><strong>mensuram</strong></span> <span class='ocrx_word' id='word_1_855' title='bbox 2630 5011 2844 5074; x_wconf 87' lang='lat' dir='ltr'><strong>patrum</strong></span> <span class='ocrx_word' id='word_1_856' title='bbox 2875 5014 3132 5062; x_wconf 85' lang='lat' dir='ltr'><strong>suorum,</strong></span> <span class='ocrx_word' id='word_1_857' title='bbox 3171 5005 3283 5049; x_wconf 91' lang='lat' dir='ltr'><strong>tum</strong></span> <span class='ocrx_word' id='word_1_858' title='bbox 3318 5007 3447 5084; x_wconf 80' lang='lat' dir='ltr'><strong>vero</strong></span> 
     </span>
    </p>
   </div>
   <div class='ocr_carea' id='block_1_112' title="bbox 1880 5082 3444 5161">
    <p class='ocr_par' dir='ltr' id='par_1_112' title="bbox 1880 5082 3444 5161">
     <span class='ocr_line' id='line_1_112' title="bbox 1880 5082 3444 5161; baseline -0.016 0"><span class='ocrx_word' id='word_1_859' title='bbox 1880 5082 2236 5161; x_wconf 72' lang='lat' dir='ltr'><strong>ineumdem</strong></span> <span class='ocrx_word' id='word_1_860' title='bbox 2282 5105 2463 5157; x_wconf 89' lang='lat' dir='ltr'><strong>locum</strong></span> <span class='ocrx_word' id='word_1_861' title='bbox 2508 5106 2695 5154; x_wconf 89' lang='lat' dir='ltr'><strong>coacta</strong></span> <span class='ocrx_word' id='word_1_862' title='bbox 2754 5095 2958 5158; x_wconf 89' lang='lat' dir='ltr'><strong>omnia,</strong></span> <span class='ocrx_word' id='word_1_863' title='bbox 2989 5097 3291 5145; x_wconf 75' lang='lat' dir='ltr'><strong>extremum</strong></span> <span class='ocrx_word' id='word_1_864' title='bbox 3336 5082 3444 5136; x_wconf 88' lang='lat' dir='ltr'><strong>illis</strong></span> 
     </span>
    </p>
   </div>
   <div class='ocr_carea' id='block_1_113' title="bbox 1879 5174 3443 5254">
    <p class='ocr_par' dir='ltr' id='par_1_113' title="bbox 1879 5174 3443 5254">
     <span class='ocr_line' id='line_1_113' title="bbox 1879 5174 3443 5254; baseline -0.016 -2"><span class='ocrx_word' id='word_1_865' title='bbox 1879 5202 2288 5252; x_wconf 90' lang='lat' dir='ltr'><strong>maturaverunt</strong></span> <span class='ocrx_word' id='word_1_866' title='bbox 2326 5194 2630 5251; x_wconf 82' lang='lat' dir='ltr'><strong>interitum,</strong></span> <span class='ocrx_word' id='word_1_867' title='bbox 2662 5203 2792 5244; x_wconf 92' lang='lat' dir='ltr'><strong>sane</strong></span> <span class='ocrx_word' id='word_1_868' title='bbox 2831 5178 3282 5254; x_wconf 84' lang='lat' dir='ltr'><strong>quemadmodum</strong></span> <span class='ocrx_word' id='word_1_869' title='bbox 3317 5174 3443 5227; x_wconf 90' lang='lat' dir='ltr'><strong>item</strong></span> 
     </span>
    </p>
   </div>
   <div class='ocr_carea' id='block_1_114' title="bbox 1876 5265 3440 5342">
    <p class='ocr_par' dir='ltr' id='par_1_114' title="bbox 1876 5265 3440 5342">
     <span class='ocr_line' id='line_1_114' title="bbox 1876 5265 3440 5342; baseline -0.02 -1"><span class='ocrx_word' id='word_1_870' title='bbox 1876 5287 2138 5341; x_wconf 92' lang='lat' dir='ltr'><strong>Dominus</strong></span> <span class='ocrx_word' id='word_1_871' title='bbox 2170 5291 2354 5338; x_wconf 87' lang='lat' dir='ltr'><strong>noster</strong></span> <span class='ocrx_word' id='word_1_872' title='bbox 2385 5295 2485 5335; x_wconf 91' lang='lat' dir='ltr'><strong>nos</strong></span> <span class='ocrx_word' id='word_1_873' title='bbox 2515 5278 2692 5342; x_wconf 87' lang='lat' dir='ltr'><strong>docet,</strong></span> <span class='ocrx_word' id='word_1_874' title='bbox 2727 5275 2814 5328; x_wconf 91' lang='lat' dir='ltr'><strong>ubi</strong></span> <span class='ocrx_word' id='word_1_875' title='bbox 2852 5273 2925 5325; x_wconf 90' lang='lat' dir='ltr'><strong>ait</strong></span> <span class='ocrx_word' id='word_1_876' title='bbox 2961 5289 2974 5324; x_wconf 88' lang='lat'><strong>:</strong></span> <span class='ocrx_word' id='word_1_877' title='bbox 3007 5285 3026 5319; x_wconf 85' lang='grc'><strong>‹</strong></span> <span class='ocrx_word' id='word_1_878' title='bbox 3053 5265 3278 5321; x_wconf 88' lang='lat' dir='ltr'><strong>Omnem</strong></span> <span class='ocrx_word' id='word_1_879' title='bbox 3313 5274 3440 5314; x_wconf 82' lang='lat' dir='ltr'><strong>san-</strong></span> 
     </span>
    </p>
   </div>
   <div class='ocr_carea' id='block_1_115' title="bbox 1876 5351 3442 5452">
    <p class='ocr_par' dir='ltr' id='par_1_115' title="bbox 1876 5351 3442 5452">
     <span class='ocr_line' id='line_1_115' title="bbox 1876 5351 3442 5452; baseline -0.02 -18"><span class='ocrx_word' id='word_1_880' title='bbox 1876 5379 2091 5452; x_wconf 80' lang='lat' dir='ltr'><strong>guinem</strong></span> <span class='ocrx_word' id='word_1_881' title='bbox 2121 5376 2352 5432; x_wconf 79' lang='lat' dir='ltr'><strong>elTusum</strong></span> <span class='ocrx_word' id='word_1_882' title='bbox 2395 5389 2424 5426; x_wconf 90' lang='lat' dir='ltr'><strong>a</strong></span> <span class='ocrx_word' id='word_1_883' title='bbox 2452 5368 2842 5426; x_wconf 90' lang='lat' dir='ltr'><strong>constitutione</strong></span> <span class='ocrx_word' id='word_1_884' title='bbox 2873 5358 3084 5421; x_wconf 88' lang='lat' dir='ltr'><strong>mundi,</strong></span> <span class='ocrx_word' id='word_1_885' title='bbox 3119 5372 3148 5409; x_wconf 90' lang='lat' dir='ltr'><strong>a</strong></span> <span class='ocrx_word' id='word_1_886' title='bbox 3177 5351 3442 5423; x_wconf 85' lang='lat' dir='ltr'><strong>sanguine</strong></span> 
     </span>
    </p>
   </div>
   <div class='ocr_carea' id='block_1_116' title="bbox 1876 5449 3443 5539">
    <p class='ocr_par' dir='ltr' id='par_1_116' title="bbox 1876 5449 3443 5539">
     <span class='ocr_line' id='line_1_116' title="bbox 1876 5449 3443 5539; baseline -0.02 -13"><span class='ocrx_word' id='word_1_887' title='bbox 1876 5449 2012 5525; x_wconf 50' lang='lat' dir='ltr'><strong>Abel</strong></span> <span class='ocrx_word' id='word_1_888' title='bbox 2053 5468 2189 5539; x_wconf 91' lang='lat' dir='ltr'><strong>justi</strong></span> <span class='ocrx_word' id='word_1_889' title='bbox 2237 5481 2412 5536; x_wconf 90' lang='lat' dir='ltr'><strong>usque</strong></span> <span class='ocrx_word' id='word_1_890' title='bbox 2460 5461 2526 5516; x_wconf 89' lang='lat' dir='ltr'><strong>ad</strong></span> <span class='ocrx_word' id='word_1_891' title='bbox 2572 5459 2888 5529; x_wconf 86' lang='lat' dir='ltr'><strong>sanguinem</strong></span> <span class='ocrx_word' id='word_1_892' title='bbox 2927 5449 3226 5510; x_wconf 66' lang='lat' dir='ltr'><strong>Zachariae,</strong></span> <span class='ocrx_word' id='word_1_893' title='bbox 3250 5450 3443 5539; x_wconf 81' lang='lat' dir='ltr'><strong>ventu-</strong></span> 
     </span>
    </p>
   </div>
   <div class='ocr_carea' id='block_1_117' title="bbox 1878 5535 3441 5630">
    <p class='ocr_par' dir='ltr' id='par_1_117' title="bbox 1878 5535 3441 5630">
     <span class='ocr_line' id='line_1_117' title="bbox 1878 5535 3441 5630; baseline -0.019 -14"><span class='ocrx_word' id='word_1_894' title='bbox 1878 5576 1998 5617; x_wconf 91' lang='lat' dir='ltr'><strong>rum</strong></span> <span class='ocrx_word' id='word_1_895' title='bbox 2048 5535 2213 5630; x_wconf 81' lang='lat' dir='ltr'><strong>super</strong></span> <span class='ocrx_word' id='word_1_896' title='bbox 2257 5535 2662 5629; x_wconf 79' lang='lat' dir='ltr'><strong>generationem</strong></span> <span class='ocrx_word' id='word_1_897' title='bbox 2704 5550 2863 5604; x_wconf 89' lang='lat' dir='ltr'><strong>istam</strong></span> <span class='ocrx_word' id='word_1_898' title='bbox 2910 5545 2977 5599; x_wconf 76' lang='lat'><strong>&quot;.</strong></span> <span class='ocrx_word' id='word_1_899' title='bbox 3011 5562 3028 5596; x_wconf 75' lang='grc' dir='ltr'><strong>ι</strong></span> <span class='ocrx_word' id='word_1_900' title='bbox 3085 5541 3221 5595; x_wconf 82' lang='lat' dir='ltr'><strong>Cum</strong></span> <span class='ocrx_word' id='word_1_901' title='bbox 3275 5535 3441 5606; x_wconf 82' lang='lat' dir='ltr'><strong>igitur</strong></span> 
     </span>
    </p>
   </div>
   <div class='ocr_carea' id='block_1_118' title="bbox 1880 5632 3437 5716">
    <p class='ocr_par' dir='ltr' id='par_1_118' title="bbox 1880 5632 3437 5716">
     <span class='ocr_line' id='line_1_118' title="bbox 1880 5632 3437 5716; baseline -0.021 -4"><span class='ocrx_word' id='word_1_902' title='bbox 1880 5655 1946 5712; x_wconf 90' lang='lat' dir='ltr'><strong>ad</strong></span> <span class='ocrx_word' id='word_1_903' title='bbox 1977 5661 2278 5712; x_wconf 83' lang='lat' dir='ltr'><strong>extremum</strong></span> <span class='ocrx_word' id='word_1_904' title='bbox 2335 5662 2531 5707; x_wconf 87' lang='lat' dir='ltr'><strong>manus</strong></span> <span class='ocrx_word' id='word_1_905' title='bbox 2581 5644 2804 5716; x_wconf 84' lang='lat' dir='ltr'><strong>injicere</strong></span> <span class='ocrx_word' id='word_1_906' title='bbox 2838 5637 2971 5694; x_wconf 74' lang='lat' dir='ltr'><strong>Fili)</strong></span> <span class='ocrx_word' id='word_1_907' title='bbox 3012 5634 3106 5691; x_wconf 72' lang='lat' dir='ltr'><strong>Dei</strong></span> <span class='ocrx_word' id='word_1_908' title='bbox 3139 5632 3255 5688; x_wconf 79' lang='lat' dir='ltr'><strong>ausi</strong></span> <span class='ocrx_word' id='word_1_909' title='bbox 3285 5633 3437 5693; x_wconf 69' lang='lat' dir='ltr'><strong>sunt,</strong></span> 
     </span>
    </p>
   </div>
  </div>
