3928 6524
494 391 600 449 ίῖϋδ

1163 383 1433 440 EUSEBII
1466 365 1938 442 CIESARIENSIS
1975 385 2124 443 OPP.
2165 387 2343 442 PARS
2383 387 2445 444 ll.
2493 419 2554 430 —
2585 383 3080 442 APOLOGETICA.

3619 383 3720 438 ΕΜ

497 523 520 561 ι
553 511 1072 562 consummaverunt
1098 503 1624 574 praevaricationem,
1648 513 1702 560 et
1742 505 1901 559 ﬁnem
1933 520 2056 576 pec-

2163 507 2324 579 αἴρων
2352 507 2447 578 τὴν
2475 506 2743 578 ἁμαρτίαν
2781 503 2872 556 τοῦ
2901 503 3104 573 κόσμου
3123 518 3136 531 ·
3165 519 3181 551 ι
3213 501 3306 554 καὶ
3333 498 3494 553 πάλιν
3512 517 3525 530 ι
3575 517 3595 550 ι
3629 499 3732 552 Αύ-

493 605 618 653 cato
645 609 744 651 suo
767 595 1166 663 imposuerunt,
1210 614 1228 645 ι
1267 595 1408 650 sicut
1444 597 1639 665 Aquila
1671 597 2054 666 interpretatus

491 697 598 753 est,
645 693 721 752 at,
770 688 912 742 sicut
966 685 1129 751 LXX,
1168 706 1186 737 ι
1223 701 1407 742 eorum
1439 696 1726 757 peccatum
1775 688 2054 758 alligatum

495 781 876 850 signatumque
907 785 1009 834 est.
1049 799 1068 830 ι
1100 778 1204 834 Sed
1226 779 1480 848 quoniam
1511 781 1824 842 nonsolum
1855 780 1910 834 in
1943 781 2054 834 rui-

495 886 642 936 nam,
677 886 866 924 verum
896 871 1056 926 etiam
1093 871 1148 924 in
1171 871 1567 941 reparationem
1593 872 1887 925 multorum
1909 872 2055 926 venit

493 961 550 1014 in
581 960 770 1026 Israel,
808 963 950 1017 sicut
984 961 1051 1016 de
1081 961 1202 1031 ipso
1266 961 1403 1016 dixit
1454 961 1694 1028 Simeon,
1737 984 1756 1016 ι
1797 963 1936 1019 Ecce
1965 963 2054 1018 hic

495 1053 706 1121 positus
739 1060 822 1108 est
852 1054 908 1105 in
935 1052 1148 1105 ruinam
1175 1060 1229 1106 et
1269 1053 1326 1106 in
1369 1055 1825 1110 resurrectionem
1857 1057 2055 1110 multo-

494 1159 616 1198 rum
664 1145 719 1198 in
759 1143 926 1198 Israel
956 1143 1023 1211 ⁵⁸,
1063 1163 1081 1195 ι
1123 1145 1318 1198 merito
1347 1145 1535 1200 Daniel
1571 1146 1636 1199 ad
1663 1162 1723 1200 ea
1752 1163 1872 1218 qua:
1909 1149 2054 1202 dicta

496 1240 643 1296 sunt,
667 1233 911 1304 adjungit
937 1253 949 1287 :
973 1252 990 1283 ι
1019 1231 1082 1286 Et
1109 1241 1167 1287 ut
1199 1233 1480 1289 deleantur
1505 1245 1745 1305 peccata,
1763 1247 1816 1291 et
1836 1238 2054 1308 expien-
2079 1299 2094 1312 _

493 1333 586 1380 tur
640 1325 937 1394 injustitlze.
979 1345 997 1377 ι
1031 1325 1166 1379 Cum
1222 1326 1364 1380 enim
1419 1329 1639 1397 sanguis
1691 1335 1969 1382 taurorum
2001 1339 2093 1398 et.

495 1417 772 1470 hircorum
805 1415 1022 1470 auferre
1051 1425 1270 1484 peccata
1303 1432 1411 1471 non
1449 1424 1654 1486 posset,
1685 1426 1739 1473 et
1768 1434 1928 1473 omne
1958 1421 2054 1474 lto-

495 1509 701 1562 minum
724 1524 895 1578 genus
923 1509 1226 1578 expiatione
1255 1509 1376 1563 viva
1407 1511 2056 1582 veraqueindigeret(cu-

491 1599 583 1668 jus
631 1598 858 1668 ﬁguram
915 1601 1136 1669 gerebat
1186 1600 1238 1654 id
1279 1600 1422 1671 quod
1479 1602 1620 1672 apud
1658 1601 1860 1657 Mosem
1921 1619 2053 1658 conc

495 1697 762 1746 structum
817 1699 1041 1745 vocatur
1109 1693 1611 1764 propitiatorium),
1667 1695 1815 1748 nulla
1875 1701 2056 1748 autem

495 1781 811 1850 propitiatio
839 1781 961 1836 viva
991 1797 1226 1851 veraque
1262 1791 1427 1848 esset,
1457 1784 1565 1838 nisi
1591 1783 1840 1839 Salvator
1863 1791 1916 1840 et
1945 1785 2050 1839 Do-

496 1872 674 1926 minus
707 1881 910 1935 noster,
951 1873 1042 1927 ille
1086 1873 1272 1944 Agnus
1312 1875 1426 1936 Dei,
1461 1874 1526 1929 de
1548 1891 1656 1946 quo
1685 1877 1887 1932 dictum
1922 1883 2005 1932 est
2037 1896 2050 1931 :

499 1979 518 2010 ‹
553 1961 693 2018 Ecce
741 1963 927 2033 Agnus
969 1963 1064 2017 Dei
1114 1965 1208 2034 qui
1263 1965 1403 2018 tollit
1459 1975 1682 2036 peccata
1721 1968 1986 2022 mundi".
2031 1988 2048 2020 ι

493 2051 629 2105 Nam
665 2069 880 2117 rursus,
935 2074 953 2105 ι
1003 2055 1146 2108 ldem
1187 2057 1499 2126 propitiatio
1532 2065 1616 2113 est
1669 2073 1768 2128 pro
1819 2060 2055 2129 peccatis

499 2145 718 2208 nostris,
760 2165 778 2197 ι
816 2159 916 2199 nec
947 2161 1046 2215 pro
1081 2147 1284 2224 nostris
1319 2155 1526 2201 tantum
1569 2149 1684 2218 ipse
1713 2158 1796 2205 est
1821 2152 2054 2220 pretium

495 2248 559 2288 ac
603 2233 919 2303 redemptio,
961 2236 1056 2289 sed
1101 2235 1262 2289 etiam
1311 2250 1408 2304 pro
1457 2237 1625 2291 totius
1655 2239 1861 2303 mundi,
1893 2248 1953 2293 ut
1982 2239 2058 2292 ait

495 2323 786 2394 Apostolus
814 2323 895 2356 ⁸³*
930 2342 943 2378 :
981 2342 998 2374 ι
1037 2324 1140 2391 Qui
1197 2323 1373 2380 factus
1421 2333 1526 2393 est,
1589 2325 1784 2396 inquit,
1843 2329 2058 2398 sapien-

493 2416 568 2469 tia
612 2415 770 2471 nobis
810 2430 840 2468 a
879 2414 1010 2478 Deo,
1039 2417 1361 2487 justitiaque
1389 2425 1442 2473 et
1475 2417 1834 2474 sanctiﬁcatio
1882 2429 1933 2476 et
1971 2435 2059 2475 re-

494 2507 826 2577 demptio".
867 2529 884 2562 ι
939 2509 1132 2563 Merito
1179 2509 1299 2578 ejus
1351 2509 1660 2576 adventum,
1693 2510 1856 2565 simul
1909 2525 2054 2566 com-

495 2597 822 2666 plementum
852 2600 1350 2671 perfectionemque
1379 2602 1588 2671 peccati
1633 2617 1755 2657 esse
1784 2601 1941 2658 docet
1969 2619 2060 2658 eo-

495 2704 640 2755 rum,
669 2690 760 2760 qui
795 2702 985 2746 contra
1009 2693 1188 2763 ipsum
1217 2693 1368 2763 impii
1393 2692 1630 2758 fuerunt,
1664 2693 1827 2749 simul
1860 2695 2060 2750 abster-

493 2779 705 2834 siouem
747 2789 798 2836 et
829 2785 1209 2852 purgationem
1261 2793 1607 2853 peccatorum
1658 2792 1713 2841 et
1761 2785 2057 2856 injustitia-

497 2882 618 2922 rum
651 2872 1012 2940 expiationem
1052 2873 1425 2943 eorumquiin
1460 2874 1636 2944 ipsum
1668 2874 2055 2931 crediderunt:

497 2975 623 3013 nam
662 2977 786 3017 cum
813 2963 1026 3033 Aquila.
1061 2981 1080 3016 ι
1109 2964 1191 3018 Ad
1219 2966 1704 3021 consummandam
1735 2970 2058 3037 praevarica-

499 3057 721 3120 tionem,
769 3064 821 3112 et
854 3057 1014 3110 ﬁnem
1048 3065 1270 3127 peccato
1325 3058 1734 3128 imponendum,
1775 3081 1794 3112 ι
1835 3061 2054 3126 dixerit,

499 3155 614 3200 tum
650 3145 782 3200 illud
815 3147 1034 3216 adjecit,
1074 3147 1172 3202 «Et
1206 3149 1272 3203 ad
1302 3149 1629 3218 expiandum
1659 3151 2050 3221 iniquitatem,»

497 3236 582 3290 sic
618 3235 778 3305 plane
833 3236 983 3290 illum
1033 3238 1210 3292 omnis
1270 3238 1596 3309 iniquitatis,
1625 3257 1746 3311 quae
1785 3245 1914 3298 olim
1965 3259 2061 3316 per

499 3327 862 3398 ignorantiam
915 3328 1154 3384 admissa
1205 3330 1296 3397 sit,
1347 3332 1712 3400 expiationem
1765 3350 1908 3400 esse,
1965 3351 2062 3407 pro

499 3435 764 3476 concesso
802 3435 1044 3474 sumens.
1099 3420 1228 3476 Post
1267 3423 1386 3492 ipsa
1437 3423 1573 3489 haec,
1599 3425 1732 3480 illud
1765 3427 2011 3497 sequitur
2046 3449 2059 3483 :

507 3530 526 3563 ι
569 3511 640 3566 Ut
669 3511 961 3566 inducatur
991 3512 1208 3582 justitia
1233 3515 1582 3583 sempiterna.
1609 3533 1627 3568 ι
1663 3515 1760 3572 Est
1791 3533 1921 3574 sane
1947 3520 2065 3590 ipse

505 3602 600 3656 Dei
626 3602 862 3660 Verbum
908 3604 1123 3674 justitia
1175 3607 1530 3674 sempiterna,
1561 3625 1580 3660 ι
1609 3609 1703 3679 qui
1759 3611 1935 3668 lactus
1982 3621 2065 3668 est

503 3693 662 3750 nobis
703 3694 966 3764 sapientia
1017 3709 1048 3748 a
1099 3693 1231 3758 Deo,
1259 3695 1587 3766 justitiaque
1617 3705 1672 3753 et
1701 3701 2064 3758 sanctiﬁcatio

503 3791 558 3838 et
587 3783 908 3854 redemptio,
948 3803 968 3838 ι
997 3792 1054 3838 ιιι
1091 3785 1166 3838 ait
1215 3786 1532 3856 Apostolus,
1559 3797 1934 3845 verumtamen
1967 3791 2064 3845 ad—

504 3881 668 3929 ventu
697 3890 798 3930 suo
817 3875 1072 3932 omnibus
1101 3877 1415 3934 hominibus
1432 3880 1746 3935 conciliavit
1769 3881 2064 3951 justitiam,

507 3965 687 4035 reipsa
723 3967 1038 4031 ostendens,
1078 3968 1223 4037 quod
1257 3987 1275 4020 ι
1305 3985 1412 4024 non
1443 3970 1608 4042 386
1640 3973 1814 4027 solum
1851 3972 2064 4028 Judazo-

505 4071 626 4110 rum
653 4065 736 4112 est
769 4057 935 4127 Deus,
966 4061 1061 4114 sed
1082 4061 1244 4115 etiam
1273 4063 1537 4132 gentium.
1562 4083 1580 4114 ‹
1619 4063 2064 4136 Quandoquidem

506 4161 647 4202 unus
679 4157 764 4202 est
813 4147 958 4204 Deus
997 4151 1086 4220 qui
1115 4151 1438 4220 justiﬁcabit
1469 4155 1948 4212 circumcisionem
1998 4172 2064 4212 ex

507 4234 630 4305 ﬁde,
663 4247 717 4292 et
749 4239 1075 4309 praeputium
1105 4257 1204 4312 per
1231 4242 1392 4299 ﬁdem
1417 4246 1484 4298 '“.
1521 4264 1536 4294 ι
1571 4245 1650 4299 Ex
1684 4262 1793 4314 quo
1837 4263 1932 4304 eos
1971 4248 2065 4318 qui

504 4341 630 4381 cum
661 4327 916 4385 Cornelio
969 4331 1217 4399 aderant,
1247 4335 1447 4405 quique
1494 4336 1606 4406 jam
1644 4335 1905 4408 Spiritum
1939 4355 2067 4394 sane

502 4427 650 4472 ctum
682 4423 930 4492 accipere
949 4432 1281 4492 meruerant,
1316 4425 1591 4482 admirans
1615 4427 1828 4494 Petrus,
1863 4447 1880 4480 ι
1905 4428 2062 4498 Vere,

503 4513 700 4582 inquit,
759 4515 884 4570 novi
926 4517 1068 4585 quod
1122 4532 1234 4571 non
1287 4525 1372 4574 cst
1411 4529 1664 4590 acceptor
1705 4537 2058 4591 personarum

501 4603 668 4671 Deus,
699 4607 794 4661 sed
817 4607 871 4661 in
895 4609 1042 4661 omni
1069 4618 1249 4679 gente,
1283 4611 1374 4679 qui
1404 4611 1556 4666 timet
1589 4611 1738 4666 illum
1761 4622 1815 4668 ct
1845 4623 2060 4670 exercet

497 4695 790 4764 justitiam,
817 4707 1072 4768 acceptus
1105 4709 1190 4756 est
1239 4702 1317 4757 illi
1345 4703 1414 4758 '“.
1449 4721 1467 4754 ι
1503 4702 1646 4768 Quin
1702 4702 1905 4760 Paulus
1934 4721 2067 4774 quo~

500 4803 609 4857 que
660 4787 1014 4860 Evangelium
1065 4793 1294 4861 iustitiae
1332 4794 1558 4849 allirmat
1609 4810 1753 4859 esse,
1785 4797 1877 4850 ubi
1930 4798 2056 4853 ait:

507 4898 526 4930 ι
563 4878 754 4936 Virtus
795 4885 940 4937 enim
998 4883 1090 4940 Dei
1141 4893 1224 4941 est
1258 4887 1325 4940 ad
1355 4887 1583 4941 salutem
1615 4887 1760 4940 omni
1793 4888 2059 4954 credenti,

498 4969 686 5026 Judaeo
719 4973 952 5043 primum
995 4984 1050 5032 et
1099 4975 1290 5032 Grazco
1321 4995 1336 5032 :
1375 4977 1582 5046 justitia
1613 4979 1756 5032 enim
1789 4979 1882 5033 Dei
1911 4981 1966 5033 in
1999 4997 2065 5037 eo

499 5064 772 5120 revelatur
796 5066 861 5120 ⁷³.
893 5086 912 5120 ι
939 5065 996 5122 In
1025 5066 1257 5123 Psalmis
1277 5085 1492 5139 quoque
1523 5070 1590 5124 de
1611 5069 1831 5126 Christo
1859 5073 2062 5126 dictum

497 5159 586 5205 est
617 5169 630 5206 :
658 5169 676 5202 ι
715 5149 932 5206 Orietur
955 5154 1010 5207 in
1031 5154 1226 5208 diebus
1251 5155 1370 5222 ejus
1399 5155 1614 5223 justitia
1645 5163 1698 5210 et
1727 5156 2060 5210 abundantia

499 5241 654 5311 pacis
681 5241 750 5298 “.
783 5262 802 5296 ι
837 5243 902 5297 Et
929 5259 1059 5299 sane
1097 5244 1244 5298 illius
1275 5259 1412 5314 opus
1441 5261 1500 5299 re
1527 5261 1652 5300 vera
1681 5245 1774 5302 Dei
1793 5245 2062 5315 justitiam

501 5333 917 5402 demonstravit,
953 5344 1142 5405 utpote
1179 5336 1324 5406 quod
1351 5352 1512 5392 omne
1561 5353 1731 5408 genus
1781 5339 2062 5394 hominum

501 5423 622 5494 pari
656 5427 943 5484 vocatione
972 5427 1193 5498 dignum
1225 5428 1542 5484 reddiderit.
1561 5431 1628 5485 At
1657 5447 1776 5501 qua:
1815 5447 1909 5500 per
1959 5429 2066 5484 Mo-

503 5531 620 5574 sem
650 5517 796 5574 edita
827 5527 976 5588 sunt,
1007 5535 1349 5592 nequaquam
1390 5523 1540 5588 talia,
1573 5523 1664 5580 sed
1708 5524 1800 5580 ιιιιὶ
1835 5523 1936 5578 soli
1967 5521 2064 5578 Ju-

577 5719 622 5752 ⁸⁸
661 5719 792 5775 Luc.
827 5737 862 5777 ιι
886 5763 898 5781 .
935 5723 1020 5777 54.
1097 5725 1141 5754 ⁸⁸
1177 5721 1334 5776 Juan.
1373 5741 1422 5785 ι,
1457 5725 1542 5779 29.

503 5803 576 5856 χ,
611 5790 700 5858 δι,
727 5792 814 5847 55.
892 5793 936 5824 ⁷³
978 5793 1130 5850 Ιιοιη.
1166 5794 1437 5858 ι,16,1“1.
1515 5795 1558 5826 ⁷⁸
1597 5795 1740 5851 Psal.
1779 5811 1937 5862 tul,
1971 5797 2024 5852 7.

1643 5727 1706 5758 ⁸⁸·
1749 5727 1768 5778 1
1802 5723 1958 5781 Joan.
1999 5743 2069 5794 ιι,
2099 5727 2152 5784 2.
2229 5729 2274 5762 "
2315 5727 2335 5784 Ι
2365 5727 2490 5783 Cor.
2525 5741 2578 5789 I,
2613 5725 2701 5780 50.

2153 599 2243 661 τὸς
2272 599 2495 668 ἱλασμός
2514 600 2628 650 ἐστι
2655 596 2782 667 περὶ
2809 594 2916 648 τῶν
2940 592 3218 664 αμαρτιῶν
3249 592 3434 672 ἡμῶν,
3453 611 3472 642 ι
3502 591 3566 644 ού
3599 591 3732 660 περὶ

2153 690 2261 743 τῶν
2293 689 2572 761 ἡμετέρων
2597 687 2652 740 δὲ
2687 690 2862 758 μόνον,
2897 685 3032 739 ἀλλά
3063 685 3156 738 καὶ
3185 684 3313 755 περὶ
3343 683 3468 736 ὅλου
3499 681 3598 735 τοῦ
3633 681 3732 734 κό-

2158 797 2313 851 σμου,
2348 781 2510 842 αὐτὸς
2533 779 2605 832 ῶν
2643 779 2734 831 καλ¹
2761 776 3150 848 ἀπολύτρωσις,
3191 773 3328 828 κατά
3361 775 3448 826 τὸν
3483 772 3730 836 Παῦλον,

2156 873 2457 941 φάσκοντα·
2495 873 2626 933 «Ὃς
2668 869 2897 940 ἐγενήθη
2939 867 3098 936 σοφία
3130 867 3258 936 ἡμῖν
3299 865 3406 918 ἀπὸ
3443 862 3608 926 Θεοῦ,
3649 863 3733 917 δι·-

2157 963 2412 1034 καιοσύνη
2423 980 2482 1016 τε
2505 963 2597 1015 καὶ
2612 960 2899 1031 ἁγιασμὸς,
2917 961 3012 1012 καὶ
3027 958 3419 1028 ἀπολύτρωσις·
3449 976 3470 1008 ι
3497 955 3734 1020 εἰκότως

2153 1055 2250 1124 τὴν
2276 1052 2572 1124 παρουσίαν
2601 1049 2764 1103 αὐτοῦ
2796 1047 2930 1119 ὁμοῦ
2963 1049 3060 1118 μὲν
3091 1046 3480 1118 συμπλήρωσιν
3505 1045 3605 1098 καὶ
3639 1061 3730 1097 τε-

2155 1143 2366 1196 λείωσιν
2399 1141 2668 1213 ἁμαρτίας
2694 1137 2828 1192 εἶναι
2857 1139 3092 1192 διδάσκει
3139 1137 3245 1190 τῶν
3285 1138 3364 1199 είς
3399 1135 3560 1188 αὐτὸν
3591 1137 3730 1202 ⁴ήσε-

2156 1234 2416 1302 6ηκότων,
2449 1231 2582 1302 ὁμοῦ
2609 1231 2664 1283 δὲ
2697 1229 2984 1297 ἀπάλειψιν
3022 1227 3116 1281 καὶ
3163 1226 3496 1296 καθαρισμὸν
3543 1225 3732 1294 ἁμαρ-

2155 1324 2304 1390 τιῶν,
2338 1323 2432 1377 καλ⁵
2479 1323 2698 1376 ἀδικιῶν
2746 1320 2970 1390 ἱλασμὸν
2995 1318 3100 1371 τῶν
3127 1321 3206 1381 εἰς
3235 1318 3394 1370 αὐτὸν
3423 1333 3732 1369 πεπιστευ-

2155 1415 2344 1470 κότων.
2373 1415 2482 1467 Καὶ
2508 1415 2536 1465 6
2573 1411 2800 1476 Ἀκύλας
2823 1411 2900 1478 δὲ,
2931 1430 2950 1462 ι
2979 1409 3082 1462 Τοῦ
3109 1409 3324 1462 τελέσαι
3352 1407 3447 1478 τὴν
3477 1407 3726 1468 ἀθεσίαν,

2157 1505 2247 1558 καὶ
2270 1503 2362 1557 τοῦ
2389 1502 2669 1556 τελειῶσαι
2691 1500 3088 1573 τὴνάμαρτίαν,
3121 1518 3138 1550 ι
3165 1498 3351 1560 εἰπὼν,
3373 1499 3628 1568 ἐπήγαγε
3651 1498 3728 1552 τὸ.

2163 1616 2182 1648 ι
2213 1595 2319 1649 Τοῦ
2363 1593 2706 1659 ἐξιλάσασθαι
2741 1593 2988 1663 ἀνομίαν,
3018 1611 3036 1642 ι
3076 1591 3258 1660 σαφῶς
3295 1591 3516 1658 ἱλασμὸν
3561 1589 3730 1642 αὐτὸν

2157 1683 2294 1742 εἶναι
2329 1686 2507 1756 πάσης
2539 1685 2764 1755 ἀνομίας
2797 1684 2897 1752 τῆς
2937 1684 3100 1736 πάλαι
3141 1682 3280 1736 κατά
3319 1683 3540 1749 ἄγνοιαν
3569 1697 3730 1748 γενο-

2163 1779 2328 1850 μένης
2375 1775 2771 1847 ύποτιθέμενος.
2806 1775 2960 1845 Ἑξῆς
3011 1775 3214 1838 τούτοις
3268 1773 3516 1845 εἴρηται,
3571 1792 3590 1823 ι
3624 1771 3730 1826 Τοῦ

2089 1851 2130 1910 Β
2159 1871 2383 1938 ἀγαγεῖν
2409 1867 2749 1938 δικαιοσύνην
2781 1867 3012 1920 αἰώνιον.
3049 1867 3232 1919 »Ἔστι
3269 1867 3364 1936 μὲν
3389 1861 3482 1918 οὖν
3509 1865 3676 1928 αὐτὸς
3703 1865 3732 1916 6

2157 1963 2249 2016 τοῦ
2279 1961 2412 2016 Θεοῦ
2445 1962 2614 2029 Λόγος
2641 1960 2854 2023 αἰώνιος
2875 1957 3205 2027 δικαιοσύνη,
3233 1975 3250 2006 ι
3285 1957 3342 2019 ὃς
3368 1956 3600 2026 ἐγενήθη
3643 1973 3732 2008 σο-

2159 2056 2257 2125 φία
2289 2057 2417 2125 ἡμῖν
2449 2055 2555 2107 ἀπὸ
2581 2053 2736 2116 Θεοῦ,
2765 2050 3074 2120 δικαιοσύνη
3102 2067 3160 2102 τε
3185 2049 3276 2101 καὶ
3311 2047 3600 2116 ἁγιασμὸς,
3637 2047 3732 2100 καὶ

2161 2147 2554 2214 ἀπολύτρωσις,
2586 2163 2606 2196 r
2637 2143 2776 2196 κατὰ
2799 2143 2892 2196 τὸν
2919 2139 3255 2194 Ἀπὸστολον.
3289 2138 3432 2208 Πλὴν
3465 2136 3603 2190 ἀλλά
3633 2137 3732 2190 σὺν

2159 2240 2224 2307 τῇ
2247 2235 2438 2289 ἑαυτοῦ
2463 2233 2734 2306 παρουσία
2757 2233 2852 2286 καὶ
2885 2232 3048 2284 πᾶσιν
3069 2227 3372 2300 ἀνθρώποις
3392 2225 3730 2297 προύξένησε

2159 2327 2522 2397 δικαιοσύνην,
2543 2325 2722 2396 ἔργοις
2737 2321 3021 2385 ἐπιδείξας,
3039 2320 3118 2372 ὅτι
3141 2337 3158 2368 ι
3183 2316 3428 2388 μὴμόνον
3460 2316 3730 2368 Ἰουδαίων

2163 2419 2306 2472 ἐστὶν
2337 2419 2366 2470 6
2385 2417 2550 2481 Θεὸς,
2574 2414 2707 2469 ἀλλά
2737 2414 2831 2468 καλ¹
2859 2412 3048 2466 ἐθνῶν.
3075 2429 3094 2462 ι
3132 2409 3388 2479 Ἐπείπερ
3419 2403 3496 2472 εἷς
3519 2409 3548 2460 6
3571 2407 3724 2472 Θεὸς,

2161 2511 2218 2575 ὃς
2251 2509 2525 2564 δικαιώσει
2551 2506 2850 2580 περιτομὴν
2881 2507 2944 2558 ὲκ
2967 2505 3218 2565 πίστεως,
3243 2503 3335 2554 καὶ
3366 2499 3726 2572 ἀκροϐυστίαν

2160 2601 2248 2653 διὰ
2277 2599 2378 2669 τῆς
2427 2599 2679 2660 πίστεως.
2713 2596 2900 2648 »Ὅθεν
2933 2595 3058 2657 τοὺς
3105 2592 3247 2662 ἀμφὶ
3289 2589 3380 2644 τὸν
3429 2589 3728 2660 Κορνήλιον

2159 2692 2253 2744 τοῦ
2313 2691 2463 2760 ἁγίου
2517 2689 2831 2758 Πνεύματος
2883 2685 3212 2756 ἠξιωμένους
3261 2681 3656 2752 ἀποθαυμάσας
3701 2683 3728 2732 ὁ

2161 2783 2383 2853 Πέτρος,
2424 2801 2442 2833 ι
2465 2783 2578 2834 Ἐπ’
2605 2779 2879 2852 ἀληθείας,
2913 2797 2932 2830 ι
2967 2779 3148 2849 φησιν,
3177 2797 3195 2827 ι
3222 2770 3356 2836 οἶδα,
3379 2775 3460 2826 ὅτι
3485 2775 3586 2826 οὐκ
3611 2771 3724 2824 ἐστι

2162 2871 2628 2946 προσωπολήπτης
2652 2873 2680 2924 6
2717 2871 2866 2934 Θεὸς,
2901 2868 3014 2922 ἀλλ’
3049 2869 3106 2921 ὲν
3134 2866 3292 2920 παντὶ
3318 2865 3456 2918 ἔθνει
3475 2867 3504 2916 6
3531 2863 3726 2931 φοϐού-

2166 2981 2323 3036 μενος
2369 2964 2549 3028 αὑτὸν,
2580 2962 2939 3034 ἐργαζόμενος
2975 2958 3340 3028 δικαιοσύνην,
3366 2957 3552 3020 δεκτὸς
3579 2956 3722 3026 αύτῷ

2161 3060 2296 3111 ἐστι.
2329 3075 2345 3107 ι
2373 3054 2484 3108 Kal.
2527 3057 2556 3107 6
2595 3053 2804 3114 Παῦλος
2831 3053 2886 3105 δὲ
2920 3052 2977 3105 τὸ
3019 3050 3344 3119 Εὑαγγέλιον
3384 3047 3722 3116 δικαιοσύνης

2163 3147 2298 3204 εἷναί
2339 3165 2491 3220 φησι,
2521 3147 2690 3215 λέγων
2709 3163 2720 3176 ·
2748 3165 2766 3196 ι
2793 3145 3028 3216 Δύναμις
3052 3143 3160 3215 γὰρ
3181 3141 3314 3195 Θεοῦ
3343 3143 3486 3194 ἐστιν
3517 3141 3592 3202 εἰς
3623 3157 3720 3192 σω-

2161 3241 2356 3312 τηρίαν
2395 3237 2556 3292 παντὶ
2587 3237 2664 3308 τῷ
2695 3234 3270 3304 πιστεύοντιριουδαίιε)
3299 3250 3358 3286 τε
3391 3230 3602 3303 πρῶτον
3633 3231 3720 3283 καὶ

2165 3333 2381 3403 Ἕλληνι
2401 3348 2414 3362 ·
2449 3329 2756 3400 δικαιοσύνη
2785 3328 2892 3400 γὰρ
2929 3327 3062 3380 Θεοῦ
3093 3330 3150 3379 ἐν
3181 3323 3328 3394 αὐτῷ
3353 3321 3720 3378 ἀποκαλύπτε-

2163 3441 2270 3476 ται.
2305 3442 2323 3475 ι
2357 3422 2468 3476 Kal.
2495 3423 2554 3476 ὲν
2589 3419 2836 3490 Ψαλμοῖς
2863 3419 2918 3472 δὲ
2949 3418 3160 3489 εἴρηται
3188 3415 3432 3488 περὶτοῦ
3465 3413 3714 3486 Χριστοῦ·

2169 3514 2478 3570 ιἈνατελεῖ
2520 3515 2578 3568 ὲν
2620 3515 2736 3576 ταῖς
2782 3511 3014 3583 ἡμέραις
3059 3509 3221 3562 αὑτοῦ
3254 3507 3586 3577 δικαιοσύνη,
3631 3505 3720 3558 καὶ

2165 3608 2365 3678 πλῆθος
2393 3609 2632 3678 εἰρήνης.
2665 3625 2682 3657 ι
2717 3605 2824 3657 Kal.
2849 3605 2909 3656 τὸ
2935 3603 3093 3673 ἔργον
3121 3602 3178 3654 δὲ
3216 3600 3378 3654 αὐτοῦ
3412 3601 3486 3664 ὡς
3513 3597 3720 3670 ἀληθῶς

2163 3700 2297 3754 Θεοῦ
2320 3698 2663 3768 δικαιοσύνην
2689 3695 3002 3760 ἐνεδείξατο,
3024 3695 3084 3746 τὸ
3107 3693 3212 3746 πᾶν
3241 3693 3394 3761 γένος
3423 3689 3718 3761 ἀνθρώπων

2166 3792 2225 3858 ἐξ
2257 3793 2370 3846 ῐσου
2413 3791 2510 3860 τῆς
2551 3788 2700 3860 παρά
2729 3785 2806 3858 τῷ
2833 3785 2954 3856 Θεῷ
2984 3783 3412 3848 καταξιώσαντος
3457 3781 3712 3852 κλήσεως.

2179 3883 2336 3936 Ἀλλά
2359 3883 2416 3935 ού
2445 3881 2664 3934 τοιαῦτα
2687 3875 2755 3950 ἦν
2777 3877 2844 3930 τὰ
2869 3875 2955 3930 διὰ
2987 3875 3249 3940 Μωσέως,
3281 3873 3359 3926 ἑνὶ
3395 3873 3452 3925 δὲ
3477 3873 3618 3943 μόνῳ
3645 3869 3720 3939 τῷ

2179 3973 2440 4028 Ἰουδαίων
2482 3965 3036 4038 ἕθνει,δεδωρημένα·
3079 3965 3158 4018 διὸ
3204 3965 3294 4016 καὶ
3341 3963 3476 4033 πρὸς
3539 3959 3718 4031 καιρὸν

2167 4063 2400 4135 φανέντα
2445 4059 2832 4132 παρελήλυθεν.
2851 4059 2914 4110 Ἦ
2956 4058 3012 4111 δὲ
3053 4057 3140 4110 διὰ
3168 4055 3258 4108 τοῦ
3294 4055 3542 4124 Σωτῆρος
3571 4051 3718 4122 ἡμῶν

2167 4151 2575 4224 κατηγγελμένη
2619 4147 2950 4220 δικαιοσύνη,
2991 4147 3314 4218 διαμένουσα
3357 4147 3436 4208 εἰς
3465 4145 3526 4197 τὸ
3557 4145 3720 4213 διηνε-

2167 4246 2277 4308 κὲς,
2310 4244 2532 4307 εἰκότως
2560 4242 2774 4304 αἰώνιος
2803 4241 3232 4312 προσηγόρευται
3265 4235 3596 4306 δικαιοσύνη,
3629 4253 3722 4288 κα-

2131 4357 2134 4360 ’
2164 4335 2232 4390 τὰ
2263 4335 2356 4388 τὸν
2381 4331 2616 4404 Γαϐριὴλ
2653 4333 2917 4403 φήσαντα·
2955 4349 2973 4381 ι
3001 4330 3110 4383 Kal.
3141 4328 3233 4382 τοῦ
3261 4329 3486 4396 ἀγαγεῖν
3527 4327 3720 4378 δικαιο-

2168 4426 2330 4497 σύνην
2359 4424 2590 4480 αἰώνιον·
2625 4443 2644 4477 ι
2669 4424 2789 4477 ἀντὶ
2813 4423 2890 4486 δὲ,
2923 4441 2940 4473 ι
2966 4423 3076 4476 Kal.
3101 4421 3194 4474 τοῦ
3221 4421 3516 4488 σφραγῖσαι
3541 4419 3722 4489 ὅρασιν

2168 4519 2260 4572 καὶ
2287 4519 2584 4590 προφήτην,
2619 4535 2637 4568 ι
2667 4515 2994 4588 κυριώτερόν
3045 4530 3130 4584 μοι
3159 4511 3302 4564 δοκεῖ
3327 4509 3674 4580 πεποιηκέναι
3699 4512 3724 4562 ὁ

2176 4610 2422 4674 Ἀκύλας,
2459 4607 2644 4662 εἰπών’
2687 4626 2704 4658 ι
2735 4608 2843 4660 Kal.
2879 4605 2970 4658 τοῦ
2997 4603 3204 4657 τελέσαι
3237 4600 3608 4674 ὀραματισμὸν
3639 4597 3726 4652 καὶ

2168 4700 2470 4770 προφήτην.
2506 4717 2523 4749 ι
2558 4698 2630 4750 Οὐ
2659 4696 2765 4767 γὰρ
2787 4694 3123 4758 ἀποκλεῖσαι,
3155 4693 3248 4745 καὶ
3280 4691 3466 4761 ὥσπερ
3497 4688 3726 4759 σφραγί-

2170 4810 2256 4846 σαι
2306 4792 2403 4855 τὰς
2445 4790 2788 4862 προφητικὰς
2816 4789 3034 4860 ὁράσεις
3069 4785 3456 4854 ἐπιδεδήμηκεν
3481 4781 3510 4834 6
3541 4781 3726 4854 Σωτήρ

2171 4886 2264 4938 καὶ
2289 4883 2492 4954 Κύριος
2519 4882 2695 4952 ήμῶν,
2721 4882 2778 4945 ὃς
2805 4897 2868 4948 γε
2895 4879 2988 4932 καὶ
3017 4878 3182 4930 πάλαι
3205 4875 3364 4938 οὔσας
3385 4876 3610 4941 ἀσαφεῖς
3639 4873 3726 4926 καὶ

2172 4974 2712 5044 κατεσφραγισμένας
2741 5011 2756 5034 ,
2813 4970 3000 5039 ὥσπερ
3057 4965 3404 5038 ἐπικειμένας
3467 4963 3722 5035 περιελὼν

2169 5067 2486 5138 σφραγῖδας,
2526 5062 2724 5135 ἀνέῳξε
2775 5081 2833 5116 τε
2881 5065 2974 5116 καὶ
3023 5059 3326 5132 ἀνήπλωσε,
3381 5059 3490 5122 τοῖς
3539 5055 3720 5110 ἑαυτοῦ

2171 5155 2434 5226 μαθηταῖς
2458 5155 2546 5208 τὸν
2569 5154 2690 5208 νοῦν
2713 5153 2820 5207 τῶν
2847 5153 3005 5206 θείων
3027 5150 3347 5223 παραδιδοὺς
3367 5148 3718 5220 γραμμάτων.

2171 5248 2356 5314 Ὅθεν,
2392 5267 2410 5299 ι
2435 5248 2587 5312 Ἰδοὺ,
2615 5267 2632 5298 ι
2672 5249 2854 5317 φησὶν,
2879 5267 2896 5297 ι
2927 5247 3172 5316 ἐνίκησεν
3198 5246 3226 5296 6
3254 5243 3388 5296 λέων
3415 5242 3444 5294 ὁ
3471 5243 3534 5294 ἐκ
3563 5239 3722 5309 φυλῆς

2180 5339 2368 5393 Ἰούδα’
2395 5357 2414 5392 ι
2449 5340 2542 5392 καὶ
2581 5339 2740 5402 αὐτὸς
2760 5337 2935 5408 ἤνοιξε
2956 5336 3053 5400 τὰς
3086 5334 3380 5407 σφραγῖδας
3410 5331 3508 5396 τὰς
3529 5333 3719 5384 ἐπικει-

2177 5432 2337 5502 μένας
2365 5431 2440 5502 τῷ
2469 5430 2677 5501 βιϐλίῳ,
2727 5429 2864 5484 κατά
2889 5430 2988 5500 τὴν
3047 5425 3402 5494 Ἀποκάλυψιν
3463 5422 3714 5477 Ἰωάνντυ.

2173 5525 2337 5588 Ποίας
2365 5524 2422 5578 δὲ
2453 5523 2748 5595 σφραγῖδας
2787 5523 2820 5592 ἢ
2851 5521 2958 5574 τῶν
2991 5518 3278 5592 προφητῶν
3309 5517 3406 5580 τὰς
3431 5511 3714 5580 ἀσαφείαςῖ

2806 5726 2847 5756 τ¹
2893 5723 3046 5778 Rom.
3089 5739 3182 5786 ιιι,
3213 5719 3413 5782 29,50.
3519 5719 3564 5748 "
3603 5714 3708 5770 Act.
