3928 6500
219 394 326 451 605

1069 389 1724 447 DEMONSTRATIONIS
1763 391 2221 448 EVANGELICE
2262 391 2390 447 LIB.
2431 389 2564 446 Vl".

3337 392 3443 448 606

219 513 288 576 ἃς
313 505 367 564 εὖ
390 507 531 580 μάλα
562 506 921 576 ἐπιστάμενος
950 504 1191 575 ἀκρι6ῶς
1224 505 1317 558 καὶ
1348 506 1376 557 ό
1411 505 1637 568 Ἡσαΐας
1678 503 1789 556 ἔλε-
1816 511 1838 564 Α

1924 506 2054 562 aicae
2076 506 2218 575 genti
2249 505 2448 559 donata
2478 521 2492 557 :
2521 502 2777 573 quocirca
2807 502 2872 556 ad
2923 509 3132 574 tempus
3177 503 3444 559 duntaxat

219 620 319 673 γε·
348 620 367 653 ι
394 600 499 655 Καὶ
527 599 741 652 ἔσονται
772 600 821 650 οἱ
866 597 1012 665 λόγοι
1043 591 1185 650 οὗτοι
1211 596 1285 659 ὠς
1317 598 1365 648 οἱ
1388 596 1533 664 λόγοι
1575 599 1669 648 τοῦ
1699 597 1780 666 βι-

223 694 365 746 ϐλίου
397 689 487 744 τοῦ
518 688 978 762 ἐσφραγισμένου.
1012 706 1030 740 ι
1065 688 1178 740 Οὐκ
1207 686 1313 757 ἄρα
1341 686 1433 739 τοῦ
1467 687 1785 739 ἀποκλεῖσαι

221 788 406 855 ὅρασιν
433 782 526 835 καὶ
558 782 840 852 προφήτην
873 778 1128 850 ἐλήλυθεν
1163 780 1191 831 ὁ
1225 778 1457 850 Χριστὸς
1493 776 1585 830 τοῦ
1628 777 1785 840 Θεοῦ,

1885 596 2100 668 prodita
2132 597 2525 666 praeterierunt.
2548 592 2617 646 At
2645 592 2786 646 enim
2819 607 2936 662 qua:
2968 609 3065 664 per
3107 593 3437 649 Salvatorem

1887 697 2134 744 nostrum
2156 687 2367 757 justitia
2394 686 2709 741 denuntiata
2744 693 2848 750 est,
2885 686 2937 738 in
2975 693 3292 755 perpetuum
3321 701 3446 755 per—

1887 793 2136 845 manens,
2198 779 2389 832 merito
2447 786 2647 832 aeterna
2710 777 2922 846 justitia
2974 785 3284 847 nuncupata
3337 783 3443 840 est,

229 875 423 948 μᾶλλον
455 874 510 930 δὲ
536 873 893 937 ἀναπετάσαι,
927 871 1022 925 καὶ
1071 871 1150 934 είς
1203 870 1317 939 φῶς
1373 869 1788 938 ἁγαγεῖν.Ὄθεν

1925 867 2337 923 uemadmodum
2390 865 2526 920 dixit
2578 865 2838 922 Gabriel:
2877 885 2894 916 ι
2931 866 2994 920 Et
3041 875 3098 920 ut
3144 867 3445 920 adducatur

223 965 368 1017 δοκεῖ
397 979 481 1033 μοι
515 961 845 1037 κυριώτερον
877 962 906 1014 ό
937 959 1166 1022 Ἀκύλας
1183 958 1367 1027 φάναι·
1396 979 1414 1010 ι
1441 957 1547 1012 Τοῦ
1575 959 1790 1011 τελέσαι

1923 961 2095 1015 astitia
2117 964 2444 1029 sempiterna
2479 977 2491 1013 :
2545 978 2562 1010 ι
2599 973 2696 1028 pro
2724 974 2789 1014 eo
2814 966 2993 1013 autem
3026 958 3165 1028 quod
3200 964 3305 1020 est,
3334 976 3352 1007 ι
3382 957 3447 1010 Ει

225 1054 595 1128 δραματισμδν
647 1054 742 1107 καὶ
788 1053 1098 1124 προφήτην
1144 1071 1161 1102 ι
1213 1051 1242 1105 ὃ
1286 1053 1380 1104 καὶ
1428 1051 1641 1121 συνᾴδει
1689 1049 1788 1120 τῷ,

233 1166 252 1198 ι
282 1148 394 1200 Οὐκ
424 1141 589 1216 ἦλθον
634 1143 932 1198 καταλῦσαι
959 1143 1050 1196 τὸν
1077 1143 1238 1213 νόμον
1270 1144 1302 1215 ἢ
1336 1144 1459 1207 τοὺς
1487 1143 1789 1214 προφήτας,

229 1238 364 1291 ἀλλά
392 1236 694 1308 πληρῶσαι,
721 1255 740 1287 ι
767 1234 902 1306 πρὸς
925 1233 1088 1288 αὐτοῦ
1110 1233 1201 1287 τοῦ
1225 1235 1475 1306 Σωτῆρος
1501 1235 1789 1306 εἰρημένῳ.

229 1331 390 1392 Τέλος
419 1329 526 1400 γὰρ
560 1328 725 1398 νόμου
753 1326 1006 1399 Χριστὸς,
1031 1326 1124 1378 καί
1153 1325 1322 1379 πᾶσαί
1350 1343 1412 1395 γε
1448 1329 1502 1380 αί
1536 1327 1663 1396 περὶ
1694 1324 1793 1378 αύ-

226 1421 317 1474 τού
364 1422 689 1492 προφητεῖαι
732 1418 1040 1490 ἀπλήρωτοι
1085 1418 1178 1470 καὶ
1205 1417 1411 1482 ἀτελεῖς
1443 1417 1650 1488 έμενον,
1685 1418 1800 1470 εἱσ-

226 1515 301 1572 ότ’
330 1514 492 1576 αὐτὸς
518 1512 743 1574 ἐπιστὰς
767 1510 1098 1564 ἐπιτέθεικεν
1139 1510 1309 1564 ἅπασι
1351 1509 1503 1573 τέλος
1527 1511 1639 1572 τοῖς
1670 1510 1797 1579 περὶ

228 1607 389 1662 αὐτοῦ
418 1602 1062 1677 προαναπεφωνημένοις.
1088 1601 1314 1656 Δύναται
1338 1601 1393 1654 δὲ
1416 1601 1509 1655 καὶ
1536 1599 1677 1654 κατά
1701 1600 1796 1671 τὴν

227 1700 334 1752 τῶν
363 1697 762 1768 Ἐϐδομήκοντα
781 1693 1095 1765 ἑρμηνείαν,
1116 1692 1369 1764 τοιαύτην
1394 1691 1538 1763 ἔχειν
1562 1691 1797 1744 διάνοιαν

228 1793 306 1853 τὸ,
343 1810 361 1842 ι
389 1789 484 1842 τοῦ
528 1789 822 1858 σφραγῖσαι
858 1785 1046 1856 ὅρασιν
1080 1785 1175 1838 καὶ
1208 1785 1489 1856 προφήτην
1509 1801 1521 1813 ·
1554 1803 1571 1835 ι
1606 1782 1726 1835 ἐπεὶ
1771 1784 1800 1835 ό

1895 1053 2050 1123 quasi
2079 1053 2235 1123 signo
2266 1054 2532 1121 impresso
2558 1051 2846 1104 claudatur
2871 1049 3008 1104 visio
3037 1055 3090 1102 et
3119 1049 3399 1118 propheta,
3421 1067 3443 1098 ι

1895 1149 2072 1215 magis
2096 1145 2376 1214 aliquanto
2407 1141 2619 1212 proprie
2651 1141 2784 1194 mihi
2811 1140 3026 1195 videtur
3046 1139 3236 1209 Aquila
3269 1137 3449 1193 reddi-

1897 1238 2044 1293 disse
2076 1256 2088 1291 :
2126 1255 2144 1286 ι
2183 1236 2249 1288 Εῑ
2278 1235 2345 1288 ad
2383 1234 2869 1290 consummandum
2894 1232 3120 1287 visionis
3153 1247 3351 1286 munus
3395 1236 3450 1282 et

1900 1328 2236 1399 prOphetam.
2276 1345 2295 1377 ι
2342 1324 2458 1379 Νοη
2500 1325 2641 1378 enim
2685 1335 2742 1378 ut
2781 1322 3054 1377 clauderet
3077 1329 3130 1376 et
3161 1321 3318 1392 quasi
3352 1335 3450 1374 an-

1898 1421 2026 1474 nulo
2087 1419 2324 1488 signaret
2383 1416 2724 1486 prophetieas
2779 1415 3036 1480 visiones,
3088 1411 3335 1466 Salvator
3389 1426 3452 1464 ac

1897 1505 2158 1561 Dominus
2192 1516 2376 1559 noster
2431 1504 2667 1566 advenit,
2699 1503 2790 1572 qui
2835 1503 2996 1556 etiam
3034 1502 3175 1564 illas,
3207 1516 3324 1570 qua:
3357 1516 3454 1554 an-

1899 1613 1984 1657 tea
2011 1602 2259 1656 obscura:
2285 1607 2339 1654 et
2369 1598 2521 1669 quasi
2565 1598 2720 1668 signo
2755 1595 3022 1666 impresso
3051 1595 3250 1648 clausae
3277 1603 3452 1656 erant,

1899 1699 1952 1746 et
1986 1692 2197 1761 aperuit
2245 1700 2299 1744 et
2346 1691 2504 1745 latius
2566 1689 2871 1758 explicavit,
2897 1701 3004 1756 quo
3059 1692 3297 1754 tempore
3343 1685 3461 1739 suis

1903 1782 2188 1852 discipulis
2221 1795 2438 1835 sensum
2489 1780 2794 1833 divinarum
2844 1777 3249 1847 Scripturarum
3294 1789 3459 1843 expo-

232 1885 390 1954 νόμος
435 1882 528 1936 καὶ
570 1883 618 1934 οί
665 1880 940 1952 προφῆται
974 1882 1165 1952 μέχρις
1210 1879 1451 1933 Ἰωάννου
1483 1877 1796 1948 διήρκεσαν,
1833 1873 1838 1924 i

1923 1879 2030 1966 suit.
2059 1875 2138 1929 Ex
2166 1889 2292 1945 quo,
2323 1892 2340 1924 ι
2374 1872 2527 1936 Ecce,
2555 1871 2749 1941 inquit,
2778 1871 2906 1924 vicit
2938 1869 3023 1922 leo
3074 1867 3140 1921 de
3181 1865 3323 1920 tribu
3363 1863 3458 1917 Ju—

233 1975 288 2041 ἐξ
333 1973 546 2027 ἐκείνου
578 1991 638 2026 τε
666 1972 1062 2027 διαλελοίπασιν
1099 1973 1147 2024 οί
1176 1971 1341 2024 πάλαι
1371 1968 1518 2041 παρὰ
1561 1967 1639 2038 τῷ
1679 1969 1806 2020 Ἰου-

233 2067 391 2120 δαίων
419 2065 563 2120 ἐθνει
600 2064 1221 2136 πνευματοφορούμενοι,
1259 2062 1353 2115 καὶ
1383 2060 1481 2123 τὰς
1512 2061 1638 2133 περὶ
1671 2059 1804 2129 Χρι-

236 2159 357 2213 στοῦ
389 2160 722 2229 προρρήσεις
749 2156 1231 2228 ἁνακηρύττοντες,
1267 2153 1479 2215 καὶτὰς
1508 2153 1566 2205 ἐν
1591 2153 1701 2214 τοῖς
1736 2152 1809 2203 ἱε-

238 2255 342 2323 ροῖς
383 2250 564 2318 λόγοις
607 2239 824 2319 ὁράσεις
857 2246 1023 2316 ὑγιῶς
1051 2245 1456 2309 ἐποπτεύοντες,
1485 2245 1534 2297 οἳ
1569 2245 1665 2296 καὶ
1713 2243 1808 2296 ἆτε

236 2339 686 2408 ἀποκλεισθείσης
714 2336 886 2406 αὐτῆς
913 2337 1012 2408 τῆς
1055 2335 1202 2399 θείας
1235 2335 1472 2406 χάριτος,
1506 2333 1602 2386 καὶ
1638 2348 1809 2403 σφρα-

239 2437 375 2503 γῖσιν
426 2431 616 2502 ὥσπερ
660 2429 1064 2506 καταδεθείσης,
1103 2426 1378 2493 ἐξέλιπονο
1412 2424 1492 2477 διὸ
1528 2423 1811 2494 συμϐαίνει

242 2525 294 2590 ἐξ
320 2524 534 2577 ἐκείνου
568 2523 762 2594 μηκέτι
809 2521 1089 2593 προφήτην
1127 2513 1395 2589 ἐνεργεῖν,
1434 2515 1566 2586 μηδὲ
1605 2514 1813 2585 ὁρῶντα

241 2615 598 2689 χρηματίζειν
626 2617 682 2667 ἐν
715 2614 920 2677 αὐτοῖς,
951 2611 1059 2665 ἀπὸ
1085 2609 1192 2663 τῶν
1222 2607 1564 2679 δηλουμένων
1611 2605 1813 2676 χρόνων

240 2712 325 2763 καὶ
358 2711 444 2772 είς
488 2709 637 2778 ἡμᾶς
686 2705 889 2759 τούτων
935 2703 1189 2757 ἁπάντων
1221 2697 1652 2753 διαλελοιπότων.
1681 2695 1816 2748 Τούη

239 2818 342 2864 τοις
375 2799 650 2869 ἐπιφέρει⁶
691 2816 708 2848 ι
743 2798 854 2850 Καὶ
879 2798 1061 2868 χρῖσαι
1095 2793 1245 2863 ἆγιον
1277 2791 1498 2860 ἁγίων.»
1523 2789 1633 2843 Καὶ
1660 2786 1817 2842 τοῦτο

241 2893 290 2945 δὲ
311 2890 542 2945 αὐτόθεν
564 2886 848 2960 πρόδηλον,
863 2886 938 2948 ὡς
960 2885 1119 2956 μέχρι
1139 2883 1245 2936 τῶν
1266 2881 1360 2934 τοῦ
1386 2878 1638 2950 Σωτῆρος
1656 2877 1815 2949 ήμῶν

241 2985 441 3056 χρόνων
465 2981 612 3049 ἆγιοι
629 2979 796 3048 ἁγίων
808 2978 858 3030 οἱ
882 2978 1009 3048 παρ’
1026 2974 1292 3046 Ἑϐραίοις
1319 2973 1593 3044 ἀρχιερεῖς
1614 2969 1819 3041 ἐχρίον-
1847 3021 1854 3032 ,

243 3093 314 3139 το,
343 3072 493 3128 κατὰ
529 3073 628 3143 τὴν
661 3070 801 3123 κατὰ
833 3069 923 3122 τὸν
967 3067 1060 3122 τοῦ
1096 3065 1337 3128 Μωσέως
1359 3063 1520 3134 νόμον
1551 3060 1819 3114 ἐπιτελου-

247 3168 410 3239 μένην
439 3163 751 3234 ἀγιστείαν·
790 3160 848 3228 ἐξ
875 3159 1084 3212 ἐκείνου
1111 3157 1166 3211 δὲ
1196 3156 1289 3210 καὶ
1314 3146 1459 3208 οὗτοι
1486 3149 1820 3206 διαλελοίπα-

245 3275 292 3315 σι
316 3254 676 3326 καταλλήλως
703 3255 773 3323 τῇ
805 3248 1125 3321 προφητείᾳ.
1143 3249 1207 3300 Ἦ
1243 3247 1339 3317 μὲν
1367 3240 1458 3298 οὖν
1495 3243 1588 3298 τοῦ
1633 3240 1822 3296 Ἰακὼὸ

247 3347 377 3418 πρὸς
402 3345 497 3398 τὸν
543 3342 743 3395 Ἰούδαν
781 3338 1128 3408 ἁναφώνησις
1157 3337 1474 3408 ἡγουμένων
1510 3334 1602 3389 καὶ
1632 3332 1826 3404 ἀρχόν-

247 3454 349 3492 των
397 3435 498 3488 τοῦ
536 3432 802 3488 Ἰουδαίων
848 3431 1030 3492 ἔθνους
1085 3426 1322 3496 ἔκλειψιν
1354 3426 1562 3496 ἐδήλου,
1589 3422 1729 3480 κατά
1758 3420 1825 3474 τὰ

251 3527 691 3602 προτεταγμένα·
753 3523 939 3595 ἐπειδὴ
984 3523 1041 3575 δὲ
1100 3521 1168 3575 τὰ
1216 3521 1316 3591 τῆς
1359 3517 1692 3591 προστασίας
1731 3514 1825 3567 τοῦ

249 3623 374 3677 λαοῦ
402 3620 697 3694 προφητῶν
739 3619 832 3671 καὶ
861 3616 1045 3688 ἱερέων
1091 3613 1258 3667 πάλαι
1304 3611 1567 3682 πρότερον
1603 3609 1826 3678 ἤρτητο,

253 3712 559 3774 ἀκολούθως
594 3708 962 3782 προθεσπίσας
989 3709 1016 3759 ό
1044 3704 1201 3772 λόγος
1231 3703 1318 3758 διὰ
1345 3702 1445 3772 τῆς
1487 3715 1831 3773 προπαρατε-

253 3805 438 3875 θείσης
474 3798 811 3873 προφητείας
837 3798 934 3868 τὴν
954 3794 1061 3848 τῶν
1091 3792 1364 3865 ἀρχόντων
1395 3790 1488 3843 καὶ
1515 3787 1830 3859 ἡγουμένων

253 3897 344 3950 τοῦ
387 3893 658 3949 Ἰουδαίων
697 3890 882 3952 ἔθνους
914 3885 1232 3957 καθαίρεσιν
1264 3882 1355 3934 ἐπὶ
1378 3883 1443 3952 τῇ
1471 3879 1565 3932 τοῦ
1597 3876 1831 3950 Χριστοῦ

258 3986 550 4060 παρουσίᾳ,
579 3983 667 4037 διὰ
709 3982 810 4050 τῆς
859 3977 1006 4051 μετὰ·
1031 3979 1218 4047 χεῖρας
1248 3970 1576 4044 προφητείας
1602 3970 1700 4040 τὴν
1729 3968 1835 4020 τῶν

261 4077 555 4152 προφητῶν
604 4076 698 4129 καὶ
733 4072 840 4126 τῶν
894 4068 1078 4142 ἱερέων
1113 4067 1218 4120 τῶν
1274 4067 1402 4137 παρ’
1431 4064 1614 4126 αὐτοῖς
1669 4062 1836 4115 πάλαι

258 4171 666 4245 διαπρεπόντων
697 4164 932 4234 ἔκλειψιν
967 4162 1265 4231 ἀναφωνεῖ,
1295 4159 1370 4220 ὡς
1399 4155 1718 4210 καὶτούτων
1747 4154 1841 4206 ἐπὶ

260 4271 322 4338 τῇ
354 4264 451 4318 τοῦ
482 4259 718 4334 Χριστοῦ
769 4255 1056 4326 ἐπιφανείᾳ
1101 4251 1504 4320 διαλειψόντων⁸
1535 4249 1563 4300 ὃ
1590 4249 1684 4301 καὶ
1712 4245 1840 4300 αὐτὸ

261 4363 370 4422 τοῖς
403 4356 588 4428 ἔργοις
623 4357 656 4424 ή
689 4349 956 4424 παρουσία
1001 4348 1093 4402 τοῦ
1136 4347 1386 4417 Σωτῆρος
1420 4341 1577 4414 ἡμῶν
1609 4338 1841 4392 ἐπιστώ-

267 4447 587 4506 σατο.Ἑπεὶ
627 4445 683 4499 δὲ
731 4445 759 4497 ὁ
801 4441 1050 4504 Ἀκύλας,
1086 4459 1103 4490 ι
1132 4437 1225 4490 τοῦ
1267 4435 1481 4505 ἀλεῖψαι
1514 4431 1843 4504 ἡγιασμένον

265 4539 635 4615 ἡγιασμένων,
664 4558 682 4589 ι
716 4536 994 4601 ἐξέδωκεν,
1027 4533 1265 4602 οἰήσεται
1300 4527 1397 4599 μέν
1428 4544 1511 4590 τις
1555 4525 1646 4578 τὸν
1681 4523 1844 4576 πάλαι

268 4614 417 4706 παρά
459 4630 730 4692 Ἰουδαίοις
765 4625 1024 4700 ἀρχιερέα
1065 4620 1372 4694 δηλοῦσθαι,
1403 4618 1511 4671 τῶν
1545 4617 1644 4688 μὲν
1675 4614 1846 4684 τούτῳ

269 4725 688 4797 ύποὸεὸηκότων
726 4719 935 4774 πολλῶν
964 4717 1149 4790 ἱερέων
1181 4714 1348 4784 ἁγίων
1381 4708 1849 4784 προσαγορευομέ-

1907 1957 2042 2024 da"
2081 1987 2094 2022 :
2132 1987 2150 2019 ι
2196 1975 2247 2020 et
2280 1966 2394 2035 ipse
2441 1964 2647 2034 aperuit
2696 1961 2869 2031 sigilla
2917 1960 3056 2014 libro
3101 1957 3369 2027 apposita,
3402 1964 3462 2008 ut

1908 2060 2050 2130 apud
2096 2057 2357 2113 Joannem
2416 2056 2638 2124 legimus
2693 2053 2748 2107 in
2801 2049 3141 2122 Apocalypsi.
3197 2050 3462 2104 Caeterum

1909 2168 2029 2223 qua:
2071 2150 2288 2204 tandem
2329 2149 2526 2218 sigilla,
2563 2145 2666 2201 nisi
2724 2143 3107 2214 prophetarum
3162 2139 3464 2195 obscurita-

1911 2244 2028 2300 tes?
2081 2257 2218 2313 quas
2264 2256 2386 2295 cum
2438 2239 2588 2308 plane
2637 2237 2775 2290 bene
2832 2243 2988 2288 notas
3043 2231 3264 2285 haberet
3302 2231 3462 2285 etiam

1913 2336 2103 2399 Isaias,
2135 2332 2309 2386 dixit:
2353 2349 2370 2382 ι
2407 2329 2473 2383 Ει
2497 2336 2651 2382 erunt
2673 2327 2838 2381 verba
2878 2325 2992 2381 haec
3017 2330 3271 2391 tanquam
3300 2321 3465 2375 verba

1915 2426 2036 2479 libri
2087 2421 2284 2492 signati
2308 2421 2354 2452 ⁷⁶
2386 2439 2398 2474 :
2433 2437 2452 2470 ι
2494 2434 2592 2472 non
2618 2432 2752 2488 ergo
2781 2424 2839 2469 ut
2883 2413 3160 2468 clauderet
3203 2411 3464 2465 visionem

1914 2523 1968 2570 et
2015 2514 2335 2585 prophetam
2370 2509 2514 2563 venit
2553 2506 2806 2561 Christus
2855 2502 2969 2566 Dei,
3004 2501 3094 2556 sed
3129 2507 3188 2552 ut
3235 2497 3469 2568 aperiret

1915 2607 2100 2674 potius
2146 2611 2198 2658 et
2256 2601 2308 2654 in
2359 2600 2531 2653 lucem
2583 2597 2869 2668 proferret.
2915 2594 3093 2659 Quare
3133 2590 3303 2660 magis
3337 2587 3470 2642 mihi

1919 2696 2137 2766 proprie
2161 2693 2374 2749 videtur
2398 2689 2581 2759 Aquila
2615 2688 2818 2742 dixisse
2849 2705 2862 2740 :
2904 2704 2920 2734 ι
2958 2680 3037 2738 Ad
3087 2693 3470 2737 consumman-

1917 2790 2046 2844 dum
2097 2785 2328 2842 visionis
2366 2795 2561 2836 munus
2609 2785 2662 2832 et
2719 2776 3058 2847 prophetam,
3093 2792 3110 2823 ι
3146 2770 3289 2840 quod
3343 2783 3473 2824 sane

1919 2898 2042 2938 cum
2083 2880 2177 2934 illo
2205 2875 2497 2932 concordat
2530 2893 2541 2926 :
2575 2890 2592 2922 ι
2640 2870 2756 2924 Non
2790 2869 2912 2922 veni
2951 2867 3158 2921 solvere
3188 2864 3356 2932 legem
3382 2866 3475 2912 aut

1919 2971 2233 3043 prophetas,
2270 2966 2365 3022 sed
2402 2962 2668 3032 complere
2697 2960 2744 2990 ⁷⁷
2785 2999 2800 3021 ,
2843 2977 2862 3008 ι
2897 2953 3041 3024 quod
3074 2968 3102 3005 a
3131 2958 3319 3004 nostro
3354 2945 3475 3000 Sal-

1919 3037 2106 3118 vatore
2141 3060 2344 3114 dictum
2390 3053 2751 3124 agnoscimus.
2797 3047 2958 3118 387
2991 3043 3140 3098 Finis
3169 3042 3315 3096 enim
3342 3037 3477 3107 legis

1924 3155 2196 3216 Christus,
2221 3158 2274 3206 et
2299 3163 2489 3204 omnes
2524 3147 2585 3200 de
2616 3145 2708 3198 illo
2755 3138 3048 3212 prephetia‘:
3083 3135 3273 3189 inanes
3318 3140 3479 3200 atque

1927 3244 2256 3317 imperfectae
2287 3245 2618 3303 manserunt,
2649 3236 2819 3288 donec
2875 3232 2962 3284 ille
3015 3228 3254 3296 seipsum
3296 3230 3482 3278 osten-

1926 3311 2080 3402 dens,
2113 3333 2365 3389 omnibus
2395 3345 2510 3400 quae
2555 3327 2620 3380 de
2663 3325 2781 3394 ipso
2828 3338 2857 3375 a
2907 3317 3186 3391 prophetis
3226 3311 3480 3383 praedicta

1928 3427 2164 3489 fuerant,
2201 3422 2360 3475 linem
2399 3417 2668 3488 imposuit.
2705 3413 2891 3467 Potest
2915 3411 3076 3463 etiam
3113 3422 3175 3459 ex
3220 3407 3485 3470 interpre-

1929 3519 2136 3573 tatione
2191 3512 2540 3584 Septuaginta
2583 3507 2744 3561 talem
2801 3503 3002 3557 habere
3047 3512 3303 3560 sensum,
3349 3493 3482 3546 illud

1930 3609 2073 3682 quod
2101 3583 2305 3663 dictum
2349 3612 2430 3660 est
2459 3621 2470 3656 ι
2506 3620 2521 3651 ι
2569 3599 2638 3654 Ut
2667 3597 2821 3668 quasi
2850 3595 3003 3663 signo
3034 3593 3301 3660 impresso
3333 3583 3485 3638 clau-

1931 3675 2089 3758 datur
2134 3698 2272 3754 visio
2304 3706 2358 3752 et
2409 3692 2665 3765 propheta
2699 3708 2712 3742 :
2769 3708 2786 3740 ι
2823 3700 2945 3740 eum
2985 3683 3066 3736 lex
3122 3688 3172 3734 et
3210 3675 3488 3747 propheta:

1934 3809 2106 3865 usque
2129 3791 2196 3845 ad
2232 3789 2489 3844 Joannem
2523 3777 2940 3854 permanserint,
2964 3782 3018 3828 et
3058 3788 3123 3826 cx
3157 3770 3246 3824 illo
3277 3767 3490 3822 deiece-

1933 3861 2063 3949 τιυὶ,
2091 3885 2182 3954 qui
2233 3883 2383 3952 prius
2430 3877 2632 3948 Spiritu
2660 3872 2843 3927 divino
2872 3866 3033 3924 aﬂlati
3081 3861 3416 3924 divinabam,
3438 3865 3492 3912 et

1935 3951 2192 4037 vaticinia
2221 3951 2288 4030 de
2321 3973 2534 4029 Christo
2563 3966 2816 4024 omnibus
2839 3962 3014 4033 palam
3045 3951 3496 4028 prodebant,qui-

1937 4091 2042 4147 que
2082 4075 2137 4128 in
2177 4071 2352 4128 sacris
2385 4063 2665 4136 responsis
2695 4060 2933 4115 visiones
2960 4068 3124 4125 puras
3152 4058 3206 4105 et
3251 4049 3494 4104 sinceras

1939 4139 2470 4236 contemplabantur,
2503 4167 2754 4224 tanquam
2782 4151 2827 4205 si
2874 4148 3008 4218 ipsis
3034 4145 3216 4199 divina
3243 4139 3416 4211 gratia
3441 4146 3495 4191 et

1941 4231 2228 4320 clausa,—et
2269 4249 2425 4321 quasi
2477 4245 2645 4314 signis
2697 4235 2979 4308 impressis
3028 4231 3276 4299 colligata
3326 4233 3494 4286 esset,

1941 4349 2139 4404 merito
2166 4342 2342 4399 evenit
2368 4347 2425 4393 ut
2449 4338 2514 4392 ab
2543 4335 2656 4396 illo,
2676 4333 2739 4386 de
2769 4343 2876 4400 quo
2909 4325 3113 4380 dictum
3154 4325 3257 4384 est,
3288 4325 3496 4383 tempo-

1946 4454 2023 4502 re,
2056 4451 2164 4490 non
2193 4430 2428 4501 amplius
2459 4425 2597 4498 apud
2627 4423 2748 4480 illos
2784 4430 3006 4472 munere
3043 4425 3143 4466 suo
3186 4408 3498 4474 fungeretur

1879 4559 1922 4614 ο
1949 4497 2232 4606 propheta,
2264 4497 2437 4592 neque
2470 4497 2558 4588 qui
2598 4515 2665 4570 ab
2709 4513 2816 4568 illis
2856 4509 3047 4562 videns
3092 4497 3495 4614 nominabatur,

2702 4605 2716 4614 ·
2866 4609 2875 4614 -
3038 4601 3242 4614 ηιμ-μ..
3287 4604 3347 4614 η..
3378 4606 3386 4614 .
3414 4592 3495 4614 ηρ..

1949 4586 2250 4676 sedbmnia
2295 4586 2410 4668 hmo
2444 4586 2613 4680 usque
2655 4605 2721 4660 ad
2757 4609 3001 4660 nostram
3033 4601 3244 4650 a‘tatem
3287 4586 3499 4642 sublata

1945 4709 2281 4774 evanuerint.
2313 4676 2572 4772 Deinceps
2607 4697 2887 4769 sequitur:
2926 4711 2942 4743 ι
2990 4687 3056 4742 Ει
3094 4691 3330 4753 ungatur
3364 4676 3502 4731 San-

269 4840 394 4886 νων,
730 4815 898 4885 ἁγίων
931 4775 1090 4883 μόνου
1118 4775 1239 4862 τοῦ.
1268 4807 1406 4877 ὑπὲρ
1426 4775 1437 4784 '
1469 4775 1675 4866 πάντας
1719 4775 1838 4872 ἀρχ-

1945 4812 2070 4859 etus
2121 4807 2452 4856 sanctorum.
2495 4815 2510 4847 ι
2548 4791 2661 4846 Hoc
2722 4789 2846 4841 item
2895 4779 3054 4836 nobis
3109 4775 3298 4830 eodem
3345 4783 3502 4837 argu-

2922 4872 2935 4888 ‘
2972 4880 2982 4888 -
3029 4880 3209 4888 κερ-.--Α
3266 4860 3502 4888 ραι-νηΙΛ-

274 4915 484 4986 ιερέως.
504 4910 720 4980 Ἐπειδὴ
760 4907 918 4961 τοῦτο
945 4905 1037 4957 καὶ
1059 4902 1359 4974 προχείρως
1395 4896 1513 4951 νοού
1524 4895 1677 4966 μενόν
1706 4895 1849 4945 ἐστιν

271 4984 491 5077 ἀληθές.
515 5003 694 5074 Μέχρι
720 5000 828 5070 γὰρ
859 4997 968 5051 τῶν
999 4994 1093 5048 τού
1117 4994 1364 5062 Σωτῆρος
1389 4987 1546 5060 ἡμῶν
1575 4986 1780 5058 χρόνων
1801 4984 1850 5036 οἱ

273 5097 539 5152 ἀνέκαθεν
570 5093 710 5148 κατά
736 5090 985 5161 διαδοχὴν
1020 5088 1293 5160 ἀρχιερεῖς
1319 5081 1452 5154 ὁμοῦ
1472 5081 1564 5134 καὶ
1592 5077 1684 5131 τοῦ
1716 5093 1849 5130 παν-

271 5191 360 5254 τδς
387 5187 620 5259 ἡγοῦντο
647 5182 799 5249 λαοῦ,
833 5184 928 5235 καῖ
967 5179 1036 5233 τὰ
1081 5180 1181 5250 τῆς
1223 5175 1316 5230 τοῦ
1365 5172 1498 5228 Θεοῦ
1532 5169 1847 5243 θεραπείας,

277 5281 585 5343 ἀκολούθως
627 5281 692 5348 τῇ
723 5277 872 5348 παρά
908 5274 1097 5329 Μωσεῖ
1130 5265 1593 5340 νενομοθετημένῃ
1630 5261 1853 5334 λατρεία

278 5373 516 5447 διαρκῶς
544 5369 847 5424 ἐπετέλουν.
868 5366 998 5419 Ἀπδ
1034 5365 1091 5421 δὲ
1123 5363 1230 5416 τῶν
1274 5359 1368 5413 τοῦ
1414 5357 1664 5427 Σωτῆρος
1693 5357 1725 5426 ἡ
1736 5353 1851 5425 μῶν

287 5445 491 5542 χρόνων
519 5465 732 5537 πρῶτον
764 5462 860 5533 μὲν
893 5457 1154 5529 συνεχύθη
1185 5455 1278 5510 κα)⁵
1298 5455 1334 5524 ἡ
1352 5449 1493 5506 κατά
1510 5447 1732 5509 τούτους
1760 5445 1854 5505 τά,-

294 5537 388 5631 ξίς,
439 5557 632 5631 μικρὸν
677 5555 732 5608 δὲ
777 5554 1000 5623 ὕστερον
1027 5550 1120 5603 καὶ
1159 5544 1436 5607 παντελῶς
1465 5537 1854 5611 ἀπέσϐη.Ἀλλ’

295 5629 461 5737 ἔγωγε
506 5647 799 5719 τῆςιθείας
843 5643 1065 5720 Γραφῆς
1105 5637 1338 5711 οὐδαμοῦ
1368 5635 1540 5706 εὑρὼν
1581 5632 1672 5686 τὸν
1706 5629 1858 5700 παρὰ

1949 4901 2133 4948 mento
2163 4888 2434 4943 constabit
2465 4903 2478 4939 :
2504 4898 2625 4938 nam
2663 4893 2834 4949 usque
2872 4872 2938 4927 ad
2971 4880 3216 4938 tempora
3266 4860 3507 4915 Salvato-

1949 4989 2026 5042 ris
2054 4983 2248 5046 nostri,
2287 4981 2380 5051 qui
2417 4977 2600 5032 Sancti
2640 4979 2952 5029 sanctorum
3013 4959 3297 5032 pontiﬁces
3350 4957 3507 5051 erant

1954 5075 2095 5148 apud
2121 5073 2396 5136 Hebraeos,
2427 5069 2460 5122 ii
2493 5062 2814 5122 ceremoniis
2848 5071 2985 5126 quas
3005 5069 3072 5108 ex
3111 5045 3344 5102 Mosaica
3391 5039 3509 5108 lege

1954 5137 2206 5237 acceptas
2247 5162 2550 5224 servabant,
2600 5155 2988 5224 ungebantur:
3034 5142 3130 5198 sed
3170 5137 3245 5237 -hi
3292 5147 3509 5237 quoque

1953 5223 2196 5327 posthaec
2228 5253 2366 5306 sicut
2404 5240 3061 5319 prophetiaprzedixerat,
3096 5227 3362 5285 defecere.
3399 5223 3510 5274 ltaa

1957 5316 2060 5420 que
2086 5345 2227 5416 quod
2257 5344 2324 5397 ab
2351 5316 2519 5396 Jacob
2549 5337 2615 5391 ad
2640 5335 2834 5391 Judam
2858 5327 3137 5383 oraculum
3171 5316 3513 5375 enuntiatum

1957 5449 2059 5503 est,
2093 5435 2388 5495 secundum
2411 5449 2472 5489 ea
2500 5445 2618 5501 qua:
2650 5426 2801 5497 prius
2836 5438 2864 5475 a
2898 5419 3054 5475 nobis
3081 5410 3325 5483 exposita
3361 5413 3510 5468 sunt,

1959 5498 2199 5588 Iudaicae
2231 5529 2403 5600 gentis
2443 5498 2640 5579 ducum
2681 5516 3096 5590 principumque
3127 5505 3395 5600 defectum
3426 5498 3512 5553 div

1964 5625 2202 5688 vinahat.
2233 5594 2336 5676 Sed
2371 5610 2622 5701 quoniam
2657 5611 3040 5694 prophetarum
3065 5609 3118 5658 et
3147 5594 3519 5661 sacerdotum,

365 5831 408 5862 "
447 5831 614 5900 Apoc.
648 5844 710 5893 v,
747 5825 798 5880 5.
875 5823 920 5854 ⁷⁸
960 5820 1041 5875 lsa
1102 5835 1263 5884 nix,
1303 5817 1388 5875 ll.
1460 5816 1507 5847 '”
1553 5810 1740 5872 Matth.
1777 5826 1837 5865 v.
1881 5807 1965 5870 ιῖ.
