3928 6564
429 419 531 477 607

1090 418 1359 475 EUSEBll
1396 416 1872 476 CAESARIENSIS
1908 415 2059 474 OPP.
2102 413 2281 470 PARS
2319 412 2382 471 ll.
2423 445 2496 458 -
2523 410 3018 469 APOLOGETICA.

3558 408 3666 465 603

427 537 521 607 qui
555 537 753 608 pOpulo
788 545 1077 608 praeerant,
1099 536 1423 608 jampridem
1457 537 1633 593 honor
1652 536 1854 593 dilatus
1876 536 1988 591 fue-

2100 532 2372 599 Ἰουδαίοις
2408 532 2669 606 ἀρχιερέα
2700 532 2851 601 ἅγιον
2880 530 3050 600 ἀγίων
3080 529 3487 600 ὠνομασμένον,
3512 528 3676 599 ὴγοῦο

430 635 538 696 rat,
565 626 757 684 ordine
785 627 1047 700 deinceps
1101 643 1300 692 sermo,
1328 627 1419 683 ubi
1455 629 1730 683 interitum
1752 627 1992 684 Iudaicae

433 718 613 789 gentis
634 717 832 774 ducum
881 729 931 774 et
976 718 1284 789 primipum
1337 719 1438 775 sub
1469 718 1644 788 ipsum
1672 718 1995 775 Cbristiad-

434 820 679 874 ventum,
716 825 816 881 per
835 826 953 865 eam
980 826 1102 881 qua
1130 811 1281 881 prius
1318 809 1591 864 citabatur
1625 808 1990 879 prophetiam,

435 903 706 976 praedixit,
735 919 833 973 per
883 918 1001 958 eam
1040 918 1163 973 quae
1204 917 1347 956 nunc
1392 902 1445 956 in
1499 902 1748 957 manibus
1799 911 1902 965 est,
1938 910 1991 956 et

427 998 819 1071 prophetarum
877 1004 932 1050 et
977 996 1344 1059 sacerdotum,
1374 994 1466 1065 qui
1513 994 1643 1048 olim
1693 996 1833 1065 apud
1868 996 1992 1050 illos

426 1091 713 1153 ﬂorebant,
755 1086 1028 1144 defectum
1082 1089 1243 1158 plane
1298 1087 1587 1158 signiﬁcat,
1629 1095 1886 1158 tanquam
1933 1089 1988 1143 bi

427 1198 647 1256 quoque
672 1182 764 1237 ubi
797 1180 1051 1236 Christus
1098 1180 1409 1235 advenisset
1458 1178 1726 1235 defecturi
1784 1187 1987 1245 essent,

428 1276 574 1347 quod
602 1275 818 1347 quidem
834 1272 1175 1338 vaticinium,
1207 1269 1505 1326 Salvatoris
1531 1272 1706 1328 nostri
1727 1273 1991 1329 adventus

428 1385 488 1426 re
539 1369 658 1439 ipsa
704 1365 1098 1436 comprobavit.
1134 1364 1271 1429 Quia
1314 1380 1441 1420 vero
1466 1364 1683 1434 Aquila,
1724 1384 1742 1417 ι
1774 1364 1857 1420 Ad
1883 1382 1990 1421 un-

428 1461 664 1533 gendum
690 1456 1101 1514 Sanctificatum
1133 1455 1618 1520 sanctificatorum,
1664 1477 1682 1509 ι
1721 1456 1991 1527 interpre-

426 1560 575 1608 tatus
600 1559 703 1618 est,
728 1566 791 1606 ex
816 1565 882 1606 eo
907 1549 1104 1619 aliquis
1126 1549 1490 1619 suspicabitur
1516 1558 1745 1606 veterem
1774 1548 1991 1605 Iudaeo-

428 1661 550 1700 rum
574 1643 886 1715 pontificem
918 1643 1196 1715 designari
1230 1660 1243 1697 :
1274 1643 1474 1713 quippe
1523 1657 1647 1697 cum
1683 1642 1837 1697 multi
1862 1642 1989 1713 qui-

428 1737 551 1793 dem
586 1737 680 1791 illo
712 1736 831 1807 ipso
863 1735 1150 1792 inferiores
1185 1735 1499 1792 sacerdotes
1530 1735 1706 1791 sancti
1750 1736 1991 1807 appella-

427 1835 639 1892 rentur,
670 1828 823 1884 solus
864 1837 1045 1882 autem
1086 1825 1351 1897 pontifex,
1384 1826 1474 1897 qui
1504 1842 1694 1882 omnes
1724 1826 1989 1899 dignitate

427 1918 689 1983 anteibat,
714 1916 950 1974 Sanctus
980 1925 1311 1973 sanctorum.
1350 1916 1622 1987 Siquidem
1672 1917 1776 1972 hoc
1816 1918 1900 1972 vel
1925 1932 1989 1974 eo

428 2023 594 2063 sensu
622 2016 902 2078 acceptum
933 2006 1077 2078 quod
1112 2008 1401 2077 unicuique
1441 2008 1493 2060 in
1518 2015 1768 2078 promptu
1793 2007 1883 2071 sit,
1900 2022 1992 2062 ve-

427 2115 550 2156 rum
581 2108 688 2157 est.
719 2098 856 2154 Nam
887 2114 1060 2169 usque
1090 2099 1159 2153 ad
1187 2107 1425 2169 tempora
1461 2096 1763 2153 Salvatoris
1794 2098 1986 2161 nostri,

425 2194 521 2265 qui
544 2208 576 2248 a
605 2192 781 2263 prima
807 2192 1015 2261 origine
1041 2205 1139 2261 per
1163 2190 1562 2246 successionem
1590 2196 1745 2245 erant
1768 2189 1990 2259 pontifi-

425 2301 541 2349 ces,
576 2285 740 2340 iidem
797 2285 960 2339 etiam
1009 2282 1110 2337 toti
1160 2282 1358 2353 populo
1413 2291 1697 2351 praeerant.
1731 2281 1899 2353 388
1936 2289 1991 2337 et

425 2389 547 2446 quae
578 2373 643 2428 ad
681 2373 889 2429 cultum
917 2372 1011 2427 Dei
1041 2373 1337 2442 pertinent,
1362 2371 1527 2425 ritum
1572 2370 1723 2424 illum
1771 2379 1993 2424 sectan-

425 2478 533 2531 tes,
561 2465 656 2537 qui
689 2465 742 2520 in
770 2465 887 2536 lege
918 2463 1083 2519 Mosis
1105 2462 1350 2518 sancitus
1378 2461 1575 2526 fuerat,
1605 2462 1821 2517 abunde
1854 2462 1989 2518 satis

426 2560 911 2617 administrabant.
948 2557 1025 2612 Ex
1060 2573 1168 2629 quo
1199 2564 1372 2613 autem
1401 2555 1652 2611 Salvator
1680 2564 1866 2611 noster
1894 2556 1993 2611 ad-

425 2653 595 2715 venit.
625 2652 860 2723 primum
893 2651 1109 2721 quidem
1160 2662 1345 2706 eorum
1371 2665 1589 2720 quoque
1632 2650 1768 2704 ordo
1798 2650 1990 2705 confu-

428 2761 524 2801 sus
552 2751 676 2801 est:
706 2760 813 2799 non
850 2744 1022 2797 multo
1055 2750 1235 2797 autem
1271 2749 1408 2812 post,
1444 2743 1605 2797 etiam
1645 2743 1859 2813 penitus
1893 2757 1991 2796 ex-

427 2837 685 2893 stinctus.
719 2834 1013 2899 Caeterum,
1062 2849 1184 2889 cum
1235 2848 1336 2904 ego
1372 2832 1588 2904 quidem
1636 2847 1907 2903 nusquam
1936 2833 1990 2886 in

428 2929 606 2984 sacris
664 2928 862 2982 litteris
910 2927 1248 2993 invenerim,
1299 2923 1600 2980 Iudaeorum
1680 2925 1989 2996 pontificem

429 3019 692 3074 Sanctum
728 3029 1045 3073 sanctorum
1091 3018 1376 3081 nominari,
1401 3017 1638 3071 arbitror
1682 3017 1735 3071 in
1767 3016 1988 3071 unicum

427 3113 693 3167 duntaxat
718 3110 813 3165 Dei
855 3109 1051 3163 Filium
1086 3109 1317 3165 Verbum
1348 3116 1396 3165 et
1438 3109 1655 3181 proprie
1687 3109 1987 3179 designari,

426 3213 619 3261 etvere
634 3203 854 3273 dignum
876 3203 968 3256 tali
987 3203 1345 3273 appellatione
1358 3202 1633 3258 constitui.
1653 3203 1669 3256 1
1678 3202 1722 3258 is
1735 3202 1879 3257 enim
1895 3202 1987 3272 qui

427 3312 495 3352 ex
515 3296 827 3351 hominibus
858 3294 1087 3365 profecti
1126 3295 1257 3358 sint,
1292 3305 1343 3350 et
1369 3295 1431 3348 ad
1460 3310 1581 3350 eum
1612 3296 1831 3351 virtutis
1862 3311 1985 3372 gra-

428 3388 558 3442 dum
591 3387 959 3457 pervenerint,
992 3402 1151 3457 quem
1180 3394 1372 3440 natura
1396 3386 1638 3442 mortalis
1671 3388 1987 3456 contingere

427 3482 629 3547 potest,
658 3475 792 3530 satis
823 3490 1097 3545 superque
1127 3473 1311 3538 fuerit,
1343 3475 1388 3529 si
1420 3474 1632 3544 quando
1679 3474 1734 3528 in
1776 3482 1986 3544 partem

428 3577 483 3624 et
506 3562 1057 3623 communicationem
1108 3567 1396 3638 quamdam
1440 3568 1701 3637 assumpti
1744 3567 1863 3638 ejus
1894 3566 1987 3637 qui

430 3661 589 3726 dixit,
625 3679 644 3711 ι
678 3657 866 3716 Sancti
902 3659 1079 3723 eritis,
1112 3659 1369 3730 quoniam
1405 3667 1626 3715 sanctus
1675 3674 1775 3730 ego
1805 3658 1991 3714 Domi-

429 3768 536 3809 nus
565 3752 635 3818 ⁷⁸,
675 3773 693 3804 ι
729 3753 904 3807 sancti
936 3753 1296 3823 appellentur.
1319 3751 1547 3807 Sanctus
1574 3760 1755 3805 autem
1779 3759 1992 3807 sancto-

429 3858 574 3908 rum,
600 3844 723 3913 quis
752 3843 970 3897 taudem
1020 3844 1092 3898 sit
1138 3843 1280 3913 apud
1313 3842 1556 3898 homines
1602 3843 1987 3917 nominandus,

429 3945 629 4010 praeter
664 3953 829 3991 unum
871 3937 1046 3991 sancti
1076 3937 1329 3992 dilectum
1364 3936 1616 4002 Puerum,
1643 3936 1736 4007 qui
1786 3944 1845 3991 ut
1877 3936 1990 3991 Rex

430 4043 643 4097 regum,
683 4035 736 4082 et
765 4027 1109 4082 dominorum
1160 4027 1440 4093 Dominus,
1471 4027 1542 4082 ita
1572 4028 1736 4085 etiam
1770 4038 1990 4082 sancto-

431 4135 553 4174 rum
584 4118 817 4175 Sanctus
847 4130 932 4176 est
971 4120 1315 4191 appellatus?
1359 4121 1449 4176 uni
1482 4121 1647 4191 igitur
1691 4123 1760 4185 ei,
1809 4129 1993 4191 utpote

430 4212 523 4283 qui
559 4213 925 4283 prazstantiori
978 4213 1209 4284 quodam
1254 4213 1413 4268 modo
1452 4214 1524 4268 sit
1571 4220 1789 4279 unctus,
1831 4230 1992 4283 quam

430 4315 622 4356 omnes
666 4302 759 4371 qui
814 4318 1053 4372 unquam
1103 4312 1320 4358 terreno
1365 4305 1457 4359 illo
1506 4316 1669 4378 atque
1716 4305 1995 4360 elaborato

432 4391 600 4448 Mosis
647 4394 767 4448 oleo
825 4395 974 4448 uncti
1018 4394 1239 4460 fuerint,
1272 4397 1473 4453 dictum
1519 4406 1601 4454 est
1636 4397 1767 4453 illud
1801 4417 1813 4453 :
1848 4418 1866 4450 ι
1902 4397 1996 4452 Di—

434 4484 619 4541 lexisti
650 4485 946 4555 justitiam,
980 4495 1034 4541 et
1079 4488 1240 4543 odisti
1292 4490 1630 4560 iniquitatem
1663 4508 1676 4545 :
1709 4498 1993 4560 propterea

436 4578 595 4632 unxit
640 4586 694 4633 te
750 4577 895 4633 Deus
948 4577 1091 4635 Deus
1124 4591 1248 4637 tuus
1286 4582 1404 4636 oleo
1460 4583 1840 4637 exsultationis
1884 4596 1994 4651 prae

436 4670 793 4740 participibus
823 4670 932 4727 tuis
960 4671 1027 4726 ⁷³.
1057 4690 1075 4724 ι
1115 4672 1233 4738 Quo
1255 4673 1469 4743 quidem
1518 4674 1636 4729 oleo
1681 4683 1877 4728 unctus
1930 4689 1996 4728 ex

434 4760 658 4831 propria
704 4776 936 4831 persona
982 4763 1122 4833 apud
1168 4763 1361 4818 Isaiam
1411 4764 1525 4834 ipse
1554 4764 1669 4817 ait:
1701 4781 1719 4814 ι
1760 4762 1996 4833 Spiritus

435 4850 651 4905 Domini
703 4868 867 4922 super
909 4869 1014 4921 me,
1078 4863 1299 4925 propter
1346 4856 1486 4926 quod
1536 4855 1689 4909 unxit
1735 4870 1821 4909 me
1848 4855 1912 4909 '°.
1972 4874 1989 4906 ι

435 4940 704 5008 Quoniam
734 4942 901 5012 igitur
947 4946 1234 5000 excellenti
1285 4953 1338 5001 et
1388 4945 1656 5016 spirituali
1700 4959 1765 4999 ac
1812 4944 1995 5015 potius

434 5034 611 5104 ipsius
640 5033 948 5091 divinitatis
982 5046 1260 5107 unguento
1326 5039 1475 5095 solus
1534 5046 1727 5108 praeter
1780 5052 1992 5104 omnes,

435 5127 529 5195 qui
560 5142 798 5197 unquam
835 5126 1057 5191 fuerint,
1097 5127 1344 5183 Salvator
1398 5138 1584 5184 noster
1643 5136 1839 5184 unctus
1873 5144 1995 5185 esse

435 5217 773 5288 perhibetur,
811 5221 1005 5274 merito
1039 5220 1273 5275 Sanctus
1300 5229 1632 5287 sanctorum,
1655 5229 1913 5292 tanquam
1949 5224 1995 5278 si

436 5308 732 5377 «liceretur,
762 5309 1014 5367 Pontifex
1052 5312 1388 5383 pontilicum,
1433 5321 1515 5368 est
1546 5314 1876 5377 nominatus,
1903 5324 1998 5370 aut

435 5400 600 5454 etiam
635 5398 1022 5457 Sanctificatus
1068 5400 1549 5467 sanctiﬁcatorum,
1584 5412 1641 5458 ut
1671 5412 1755 5460 est
1801 5406 1855 5460 in
1886 5404 1996 5461 Ga-

436 5491 625 5549 brielis
657 5495 901 5549 oraculo.
950 5494 1075 5549 Haec
1133 5510 1295 5565 porro
1342 5497 1522 5551 omnia
1572 5498 1852 5569 completis
1902 5498 1992 5555 be

436 5584 802 5642 bdomadibus
853 5587 1217 5659 septuaginta,
1269 5592 1442 5650 tinem,
1484 5607 1639 5646 suum
1696 5574 1991 5663 contigere,

438 5691 547 5730 non
573 5675 708 5732 alias
740 5692 875 5735 sane
901 5695 1064 5749 quam
1098 5697 1205 5752 quo
1236 5689 1475 5754 tempore
1518 5682 1765 5739 Salvator
1810 5692 1994 5740 noster

510 5851 555 5883 "
593 5852 763 5910 Levit.
804 5872 869 5910 xx
895 5897 908 5919 ,
940 5857 1027 5913 26.
1105 5859 1150 5891 ⁷³
1190 5857 1330 5915 Psal.
1366 5876 1506 5923 uir,
1544 5860 1594 5914 8.
1672 5860 1716 5891 “
1755 5859 1858 5915 lsa.
1893 5877 2003 5929 ut,
2042 5864 2093 5917 1.

2096 644 2194 699 μαι
2229 628 2286 679 ὲν
2319 626 2530 689 τούτοις
2562 625 2721 697 μόνον
2749 622 2910 678 αὐτὸν
2958 622 3051 676 τὸν
3099 621 3356 693 μονογενῆ
3402 619 3502 674 τοῦ
3532 619 3674 675 Θεοῦ

2092 718 2263 787 Λόγον
2288 716 2599 789 δηλοῦσθαι,
2627 716 2833 789 κυρίως
2859 731 2917 768 τε
2939 715 3033 769 καὶ
3052 713 3268 786 ἀληθῶς
3294 712 3501 784 ταύτης
3520 713 3677 780 ἀξιον

2090 812 2190 882 τῆς
2214 810 2545 881 ἐπωνυμίας.
2585 808 2711 873 Τοῖς
2744 809 2841 880 μὲν
2861 807 2968 880 γὰρ
2989 807 3047 874 ἐξ
3076 806 3376 880 ἀνθρώπων
3403 822 3679 876 προκεκο-

2093 902 2239 971 φόσι,
2270 903 2364 955 καὶ
2394 903 2472 966 εἰς
2508 901 2570 955 τὸ
2600 900 2820 970 ἐφικτὸν
2846 901 3047 973 ἀρετῆς
3093 901 3424 972 χωρήσασιν,
3454 901 3678 970 ἀγαπη·

2090 994 2182 1047 τὸν
2212 993 2387 1062 ἁγίοις
2416 993 2545 1047 ποτὲ
2572 993 2925 1066 χρηματίσαι,
2952 991 3086 1063 μετά
3112 992 3341 1063 μετοχὴν
3360 990 3453 1045 καὶ
3479 1006 3676 1061 μετουο

2094 1086 2214 1139 σίαν
2241 1084 2334 1138 τοῦ
2366 1087 2651 1156 φήσαντος·
2674 1086 2883 1153 «Ἅγιοι
2917 1082 3123 1147 ἔσεσθε,
3146 1084 3226 1136 ὄτι
3256 1083 3408 1153 ἅγιος
3429 1079 3542 1151 ἐγὼ
3567 1079 3678 1134 Κύ-

2095 1194 2227 1251 ριος.
2261 1197 2278 1228 ι
2299 1177 2491 1246 Ἀγίων
2534 1177 2591 1231 δὲ
2631 1177 2783 1247 ἅγιος
2826 1177 2911 1240 τίς
2957 1174 3023 1229 ἂν
3052 1174 3252 1247 κυρίως
3278 1176 3334 1227 ὲν
3364 1172 3679 1245 ἀνθρώποις

2090 1268 2437 1340 όνομασθείη,
2466 1269 2499 1340 ἢ
2546 1269 2705 1340 μόνος
2748 1270 2777 1322 ὁ
2816 1269 3002 1339 ἡγαπη
3012 1267 3170 1339 μένος
3199 1266 3292 1319 τοῦ
3322 1266 3480 1334 ἁγίου
3511 1265 3674 1329 Παῖς,

2090 1360 2280 1433 ὥσπερ
2315 1360 2569 1432 βασιλεὺς
2600 1360 2884 1431 βασιλέων,
2915 1362 3008 1416 καὶ
3052 1358 3251 1431 κυρίων
3279 1358 3505 1430 Κύριος,
3529 1355 3678 1410 οὕτω

2092 1454 2186 1507 κα)⁸
2216 1453 2385 1521 ἁγίων
2414 1452 2567 1523 ἀγιος
2594 1452 3089 1523 ἀναγορευόμενος;
3141 1450 3286 1523 μόνῳ
3326 1448 3455 1517 γοῦν
3501 1449 3678 1520 αὐτῷ,

2092 1546 2190 1600 ἅτε
2218 1545 2580 1617 διαφερόντως
2613 1544 2762 1617 παρὰ
2801 1544 2929 1608 τοὺς
2985 1542 3201 1597 πώποτε
3234 1541 3475 1605 Μωσέως
3508 1540 3678 1611 ἐλαίῳ

2092 1636 2281 1707 γεώδει
2303 1637 2398 1691 καὶ
2426 1636 2708 1707 σκευαστῷ
2727 1635 3135 1707 κεχρισμένους,
3159 1635 3359 1705 είρητο’
3384 1652 3404 1685 ι
3426 1632 3680 1704 111:in-

2094 1748 2191 1794 σας
2217 1729 2586 1801 δικαιοσύνην,
2618 1730 2711 1783 καὶ
2761 1728 3028 1800 ἐμίσησας
3078 1727 3307 1798 ἀνομίαν
3330 1742 3344 1755 ·
3383 1724 3474 1779 διὰ
3513 1725 3679 1780 τοῦτο

2091 1823 2273 1896 ἐχρισέ
2305 1840 2363 1876 σε
2394 1826 2422 1877 ό
2449 1823 2600 1887 Θεὸς,
2619 1822 2797 1886 όΘεός
2827 1839 2941 1885 σου,
2963 1821 3137 1875 ἔλαιον
3167 1818 3538 1889 ἀγαλλιάσεως
3565 1836 3677 1873 πα-

2098 1916 2167 1987 ρὰ
2193 1917 2320 1980 τοὺς
2349 1915 2608 1987 μετόχους
2642 1933 2736 1970 σου
2759 1932 2774 1947 ο
2800 1933 2819 1967 ι
2852 1907 2897 1983 ᾧ
2928 1913 3191 1986 χρισθεὶς,
3223 1913 3283 1978 ὲξ
3329 1913 3457 1967 ἰδίου
3504 1928 3677 1984 προσ-

2091 2006 2241 2061 ὡπου
2286 2009 2381 2061 καὶ
2405 2008 2568 2072 αὐτός
2606 2025 2768 2080 φησιν
2802 2008 2860 2061 ἐν
2895 2007 3093 2077 Ἡσαΐᾳ
3115 2024 3127 2037 ·
3168 2024 3187 2057 ι
3215 2005 3439 2076 Πνεῦμα
3466 2005 3675 2076 Κυρίου

2091 2100 2178 2152 ἐπ’
2205 2099 2326 2171 ἐμὲ,
2349 2092 2409 2152 οὗ
2450 2099 2654 2153 εἵνεκεν
2685 2099 2867 2172 ἔχρισέ
2907 2116 2995 2171 με.
3024 2118 3043 2151 ι
3066 2098 3217 2152 Ἐπεὶ
3248 2093 3341 2152 οὖν
3363 2097 3672 2167 διαφέροντι

2091 2191 2185 2246 καὶ
2218 2190 2588 2262 πνευματικῷ,
2625 2191 2821 2263 μᾶλλον
2853 2191 2911 2245 δὲ
2942 2189 3193 2262 Θεότητος
3219 2190 3482 2262 χρίσματι
3516 2187 3677 2258 μόνος

2093 2283 2246 2356 παρὰ
2276 2285 2403 2348 τοὺς
2437 2283 2655 2337 πώποτε
2684 2286 2713 2338 ό
2738 2284 3006 2357 ἡμέτερος
3030 2282 3220 2354 Σωτὴρ
3265 2280 3549 2354 κεχρίσοαι
3580 2298 3677 2352 με-

2096 2375 2461 2448 μαρτύρηται,
2488 2376 2714 2440 εἰκότως
2748 2395 2766 2428 ι
2795 2377 2949 2446 ἅγιος
2992 2375 3182 2444 ἁγίων,
3211 2394 3229 2428 ι
3261 2375 3336 2438 ὡς
3381 2375 3445 2429 ἄν
3484 2390 3568 2438 τις
3596 2374 3673 2426 εῖ-

2092 2484 2204 2530 ποι,
2244 2486 2263 2519 ι
2289 2468 2581 2541 ἀρχιερεὺς
2607 2469 2906 2542 ἀρχιερέων
2934 2487 2952 2520 ›
2986 2467 3317 2539 ὠνόμασται,
3352 2468 3444 2520 καὶ
3480 2486 3499 2518 ι
3528 2468 3676 2537 ἡγια-

2095 2559 2292 2631 σμένος
2345 2560 2713 2632 ⁴ίιγιασμςένων,
2747 2580 2765 2613 ι
2802 2559 2943 2615 κατά
2991 2561 3083 2615 τὸν
3136 2559 3229 2613 τοῦ
3274 2559 3514 2633 Γαϐριὴλ
3544 2577 3674 2633 χρη-

2095 2650 2247 2722 σμόν.
2277 2650 2462 2706 Ταῦτα
2496 2651 2553 2705 δὲ
2586 2652 2782 2715 πάντα,
2811 2652 3331 2724 συμπεραιουμένων
3375 2651 3484 2706 τῶν
3527 2653 3672 2707 ἑϐδο-

2097 2744 2341 2813 μήκοντα
2385 2743 2713 2815 ἑϐδομάδων,
2746 2744 2898 2807 τέλος
2943 2743 3243 2815 ἐλάμϐανεν
3284 2745 3384 2796 οὐκ
3430 2743 3671 2817 ἄλλοτεῆ

2093 2836 2186 2889 ἐπὶ
2221 2836 2332 2889 τῶν
2362 2837 2567 2909 χρόνων
2594 2838 2693 2909 τῆς
2733 2835 2828 2889 τοῦ
2862 2836 3111 2908 Σωτῆρος
3153 2835 3307 2907 ἡμῶν
3337 2838 3671 2906 ἐπιφανείας.

2107 2927 2325 2999 Ἐπειδὴ
2373 2928 2551 2981 τοίνυν
2598 2927 2752 2981 ταῦθ’
2783 2926 2957 2991 οὕτως
3007 2926 3226 2982 ἔσεσθαι
3259 2930 3288 2981 ό
3314 2927 3673 3000 προδηλωθείς

2095 3020 2325 3089 ἄγγελος
2377 3020 2765 3089 κεφαλαιωδῶς
2811 3019 3062 3085 ἐθέσπιζε
3106 3019 3184 3091 τῷ
3219 3021 3496 3094 προφήτῃ,
3530 3017 3674 3085 αὖθις

2095 3112 2538 3185 ὲπαναλαμϐἀνει
2563 3115 2659 3167 τὸν
2692 3114 2948 3186 περὶτῶν
2977 3112 3341 3184 ἐϐδομήκοντα
3373 3112 3675 3183 ἑϐδομάδων

2093 3204 2270 3275 λόγον,
2301 3206 2568 3261 διδάσκων
2617 3207 2759 3260 κατὰ
2818 3205 2982 3278 μέρος
3025 3205 3230 3258 ἕκαστα
3264 3204 3530 3274 ἀκριϐῶς,
3562 3203 3673 3257 ὅθεν

2094 3298 2442 3371 ἀπάρχεσθαι
2471 3299 2552 3351 δεῖ
2588 3298 2691 3370 τῆς
2723 3297 2830 3351 τῶν
2864 3296 3069 3369 χρόνων
3109 3295 3557 3367 ἀπαριθμήσεως,
3590 3295 3675 3348 καὶ

2093 3393 2211 3445 τίνα
2251 3390 2393 3445 κατὰ
2443 3394 2570 3456 τοὺς
2615 3392 2976 3465 δηλουμένους
3020 3390 3243 3463 καιροὺς
3284 3390 3671 3464 ἀπαντήσεται.

2093 3486 2253 3555 Λέγει
2281 3486 2324 3539 δ’
2349 3482 2440 3540 οὗν
2459 3502 2472 3515 ·
2515 3505 2532 3536 ι
2562 3486 2672 3539 Καὶ
2704 3484 2909 3559 γνώσῃ,
2945 3486 3038 3540 καὶ
3076 3487 3328 3555 συνήσεις
3364 3485 3475 3538 ἀπὸ
3500 3485 3670 3550 ἐξόδου

2095 3577 2275 3646 λόγου,
2295 3577 2389 3632 τοῦ
2418 3577 2804 3651 ἀποκριθῆναι,
2821 3578 2912 3631 καὶ
2931 3577 3023 3631 τοῦ
3047 3579 3395 3651 οἰκοδομῆσαι
3426 3580 3675 3649 Ἰερουσα-

2094 3668 2207 3741 λήμ
2222 3687 2235 3700 ·
2285 3670 2577 3741 ὲϐδομάδες
2614 3669 2753 3723 ἑπτὰ
2774 3671 2867 3724 καὶ
2889 3670 3178 3741 ἑϐδομάδες
3198 3670 3570 3742 ἑξηκονταδύο,
3589 3669 3676 3723 καὶ

2096 3761 2431 3833 ἐπιστρέψει,
2448 3763 2541 3815 καὶ
2567 3760 3287 3833 οἰκοδομηθήσεταιπλατεῖα
3305 3763 3399 3816 καὶ
3426 3766 3621 3833 τεῖχος.
3651 3779 3669 3812 ι

2110 3854 2196 3906 Ἐν
2247 3850 2328 3918 οἷς
2376 3855 2525 3908 δοκεῖ
2576 3872 2668 3925 μοι
2722 3854 2899 3917 καλῶς
2943 3853 3085 3924 ἔχειν
3142 3856 3234 3909 καὶ
3278 3853 3373 3925 τὴν
3423 3855 3519 3907 τοῦ
3575 3850 3676 3922 πρὸ

2096 3945 2254 4016 ἡμῶν
2288 3949 2368 4009 είς
2421 3948 2545 4010 τοὺς
2597 3940 2793 4009 τόπους
2838 3947 3067 4016 θεωρίαν
3121 3946 3195 4019 μὴ
3239 3945 3671 4018 ἀποκρύψασθαι,

2099 4037 2420 4109 παραθεῖναι
2460 4037 2516 4091 δὲ
2568 4039 2659 4091 καὶ
2709 4037 2911 4110 ταύτην
2959 4038 3034 4101 ὡς
3080 4038 3286 4092 οἰκείαν
3332 4041 3443 4100 τοῖς
3503 4038 3673 4089 ἐντευ-

2101 4128 2362 4199 ξομένοις.
2420 4130 2589 4183 Κοινά
2653 4130 2825 4198 γοῦν,
2883 4130 3059 4194 καλῶς
3120 4129 3373 4201 εἴρηται,
3447 4127 3519 4181 τὰ
3571 4127 3671 4180 τῶν

2100 4220 2267 4290 φίλων
2294 4238 2307 4251 ·
2343 4221 2436 4275 καὶ
2470 4221 2657 4293 ἐπειδὴ
2683 4223 2950 4294 προσήκει
2986 4220 3319 4293 ωγχρῆσθαι
3354 4220 3456 4291 μὲν
3479 4222 3673 4289 εύγνω-

2104 4312 2399 4384 μονοῦντας
2469 4315 2585 4379 τοῖς
2663 4313 2843 4378 καλῶς
2906 4314 2994 4384 ὑφ’
3054 4313 3253 4384 ἑτέρων
3327 4312 3669 4388 εἰρημένοις,

2104 4404 2178 4476 μὴ
2239 4403 2343 4475 μὴν
2401 4405 2721 4476 ἀποστερεῖν
2779 4406 2906 4468 τοὺς
2960 4404 3201 4475 πατέρας
3256 4403 3363 4456 τῶν
3419 4404 3669 4472 ἐγγόνων,

2106 4494 2240 4565 μηδὲ
2273 4495 2398 4558 τοὺς
2433 4496 2681 4567 πρώτους
2715 4494 3079 4565 φυτεύσαντας
3111 4493 3218 4547 τῶν
3264 4493 3480 4547 οἰκείων
3516 4509 3673 4565 σπερ-

2031 4614 2074 4670 D
2106 4584 2333 4655 μάτων,
2386 4587 2484 4650 τὰς
2530 4586 2693 4640 αὐτοῦ
2746 4587 3130 4659 παραθήσομαι
3191 4586 3382 4653 λέξεις.
3423 4585 3673 4658 Φέρονται

2100 4676 2156 4730 ὦ
2213 4672 2372 4732 αὗται
2437 4679 2763 4751 Ἀφρικανοῦ
2809 4682 2866 4733 ἐν
2917 4679 2993 4751 τῷ
3023 4680 3256 4751 πέμπτῳ
3294 4678 3405 4732 τῶν
3454 4682 3672 4747 chro-

2101 4777 2362 4848 ιηοαφιῶν
2387 4819 2401 4844 ,
2437 4779 2622 4833 τοῦτον
2646 4780 2863 4851 ἔχουσαι
2907 4780 2998 4834 τὸν
3026 4781 3223 4853 τρόπον
3242 4798 3256 4811 ⁵
3300 4798 3319 4832 ι
3343 4779 3407 4832 Ἡ
3457 4780 3557 4850 μὲν
3587 4774 3675 4833 οὖν

2100 4880 2371 4951 περικοπὴ
2419 4879 2562 4935 οὕτω
2602 4900 2717 4945 πως
2753 4881 2948 4952 ἔχουσα
2979 4881 3147 4935 πολλά
3179 4900 3239 4935 τε
3275 4882 3369 4935 καὶ
3401 4880 3674 4954 παράδοξα

2101 4981 2393 5053 σημαίνει·
2449 4982 2545 5037 νῦν
2580 4983 2637 5037 δὲ
2687 4976 2762 5037 ὧν
2795 4984 2949 5057 χρεία
3002 4986 3129 5057 περὶ
3177 4986 3301 5047 τοὺς
3333 4984 3557 5056 χρόνους
3588 4986 3674 5038 καὶ

2097 5084 2166 5138 τὰ
2198 5084 2405 5150 τούτοις
2448 5086 2789 5141 συντείνοντα
2817 5088 2909 5142 τὸν
2956 5088 3109 5157 λόγον
3144 5087 3499 5159 ποιησόμεθα.
3556 5087 3674 5140 Ὅτι

2102 5187 2201 5258 μὲν
2246 5182 2338 5241 οὖν
2373 5188 2502 5257 περὶ
2544 5188 2644 5259 τῆς
2692 5190 3059 5262 τοῦ,Χριστοῦ
3109 5189 3408 5262 παρουσίας
3459 5189 3671 5259 λέγεται

2097 5288 2272 5343 ταῦτα
2297 5330 2311 5353 ,
2348 5290 2485 5360 μετά
2519 5291 2817 5363 ἑϐδομάδας
2843 5292 3207 5364 ἐϐδομήκοντα
3241 5290 3524 5362 μέλλοντος
3558 5291 3672 5341 ἑπι-

2104 5394 2427 5463 φαίνεσθαι,
2486 5395 2660 5466 δῆλον.
2732 5396 2855 5449 Ἐπὶ
2910 5395 3017 5466 γὰρ
3047 5395 3139 5449 τοῦ
3173 5394 3421 5464 Σωτῆρος
3444 5432 3459 5456 ,
3503 5391 3537 5464 ἢ
3568 5387 3671 5445 ἀπό

2102 5495 2330 5560 τούτου,
2385 5496 2454 5550 τά
2500 5513 2558 5549 τε
2611 5495 3032 5568 παραπτώματα
3078 5492 3438 5558 παλαιοῦται,
3496 5490 3587 5546 καὶ
3616 5490 3666 5543 αἰ

2103 5592 2364 5663 ἁμαρτίαι
2425 5596 2816 5651 ουντελοῦνται.
2904 5598 3001 5651 Διά
3090 5597 3145 5649 δὲ
3213 5594 3310 5666 τὴν
3369 5593 3561 5663 ἄφεσιν
3611 5585 3668 5642 αῖ

2101 5707 2158 5742 τε
2220 5692 2436 5764 ἀνομίαι
2508 5694 2780 5768 ἐξιλασμῷ
2837 5696 2973 5767 μετὰ
3035 5695 3142 5748 τῶν
3198 5690 3418 5749 ἀδικιῶν
3470 5685 3661 5756 ἐξαλεί-
