3928 6500
251 419 344 478 609

366 551 419 590 αι

250 552 419 607 φονται
445 573 460 598 ,
554 552 865 604 οικαιοσυνη
942 552 1000 584 τε
1085 552 1299 597 αιωνιος
1373 552 1794 601 καταγγεΛΑεται

248 624 381 697 παρὰ
426 623 522 696 τὴν
576 626 641 677 ἐκ
688 624 890 696 νόμου,
950 622 1167 695 ὁράσεις
1219 640 1277 676 τε
1328 623 1421 677 καὶ
1471 625 1794 694 προφητεῖαι

248 720 423 792 μέχρις
491 716 778 780 Ἰωάννου,
839 716 1050 787 χρίεται
1106 716 1161 769 δὲ
1216 716 1368 784 ἅγιος
1414 715 1606 783 ἁγίων.
1682 715 1795 787 Πρὸ

240 810 341 882 γὰρ
386 808 480 878 τῆς
527 805 622 859 τοῦ
674 805 923 876 Σωτῆρος
972 804 1127 876 ἡμῶν
1175 804 1475 875 παρουσίας
1520 805 1621 857 οὐκ
1668 805 1795 859 ὅντα

238 901 399 956 ταῦτα
478 898 844 970 προσεδοκᾶτο
926 897 1101 966 μόνον.
1208 893 1505 967 Ἀρξασθαι
1564 894 1620 947 δὲ
1687 894 1795 947 τῶν

235 990 506 1066 ἀριθμῶν,
576 989 819 1043 τουτέστι
878 990 985 1041 τῶν
1040 988 1407 1061 ἐϐδομήκοντα
1468 988 1793 1060 ἑϐδομάδων,

234 1082 276 1141 ἃ
327 1087 465 1139 ἐστιν
541 1083 636 1153 ἐτη
706 1081 1033 1154 τετρακόσια
1096 1081 1490 1152 ἐννενήκοντα,
1544 1082 1574 1135 ό
1634 1082 1796 1150 ἄγγε-

232 1176 319 1241 ).o;
386 1175 693 1229 ὑποτίθεται
762 1174 868 1227 ἀπὸ
943 1172 1121 1239 ἐξόδου
1180 1172 1340 1241 λόγου
1411 1171 1504 1226 τοῦ
1564 1174 1793 1242 ἀποκριο

232 1268 378 1338 θῆναι
429 1268 521 1321 καὶ
577 1266 680 1320 τοῦ
736 1265 1085 1335 οἰκοδομῆσαι
1153 1264 1521 1337 Ἰερουσαλήμ.
1586 1264 1789 1336 Συνέϐη

227 1358 287 1412 δὲ
348 1358 515 1411 ταῦτα
569 1358 664 1411 ἐπὶ
744 1355 1094 1428 Ἀρταξέρξου
1173 1355 1266 1409 τοῦ
1332 1354 1556 1427 Περσῶν
1635 1355 1790 1426 βασι-

227 1450 463 1514 λεύοντος
518 1449 749 1521 εἰκοστῷ
806 1451 935 1504 ἔτει.
1060 1451 1299 1521 Νεεμίας
1355 1450 1462 1521 γὰρ
1518 1452 1547 1505 ό
1600 1449 1789 1503 τούτου

226 1539 490 1611 οἰνοχόος,
547 1539 795 1607 δεηθεὶς,
873 1540 1213 1613 ἀποκρίσεως
1267 1541 1454 1611 ἔτυχεν
1506 1541 1790 1612 οἰκοδομη-

226 1630 378 1700 θῆναι
448 1630 801 1703 Ἱερουσαλὴμ
828 1670 843 1695 ,
922 1631 1015 1684 καὶ
1090 1630 1243 1699 λόγος
1299 1630 1488 1701 ἐξῆλθε
1556 1630 1788 1684 κελεύων

222 1721 408 1774 ταῦτα.
519 1722 696 1792 Μέχρι
756 1721 855 1791 μέν
907 1721 1012 1794 γὰρ
1067 1721 1273 1775 ἐκείνου
1330 1720 1426 1773 τοῦ
1488 1720 1679 1793 χρόνου
1750 1722 1784 1791 ἡ

223 1813 371 1876 πόλις
425 1814 702 1885 ἠρήμωτο.
757 1813 939 1884 Κύρου
997 1812 1125 1884 γὰρ,
1190 1811 1324 1884 μετᾶ
1397 1812 1494 1881 τὴν
1554 1812 1784 1884 ἑϐδομη-

219 1906 527 1961 κονταετίαν
600 1906 699 1975 τῆς
786 1905 1177 1977 αἰχμαλωσίας,
1250 1904 1359 1959 τῶν
1448 1904 1784 1977 βουλομένων

217 1998 437 2052 ἕκαστον
485 1999 797 2053 ἐκουσιαστὶ
849 1998 1331 2068 καταπέμψαντος,
1385 1998 1434 2050 oi
1480 1997 1618 2068 μετὰ
1677 1999 1782 2069 Ἰη-

219 2085 309 2141 σοῦ
364 2087 458 2141 τοῦ
530 2089 769 2159 μεγάλου
841 2088 1029 2159 ἱερέως
1083 2088 1176 2141 καὶ
1238 2088 1542 2159 Ζοροϐάϐελ
1594 2087 1785 2142 κατελ-

216 2178 430 2246 θόντες,
513 2182 608 2235 καὶ
669 2183 717 2235 οί
777 2181 869 2234 ἐπὶ
927 2180 1136 2245 τούτοις
1192 2181 1309 2253 ἅμα
1369 2183 1615 2254 Ἔσδρᾳ,
1691 2182 1782 2236 τὸν

214 2273 346 2326 νεὼν
414 2273 714 2345 οἰκοδομεῖν
782 2273 1078 2327 ἐκωλύοντο
1129 2271 1198 2327 τὰ
1244 2272 1475 2345 πρῶτα,
1534 2275 1626 2328 καὶ
1675 2276 1784 2327 τεῖ-

213 2381 302 2435 χος
351 2368 420 2437 τῇ
474 2365 626 2418 πόλει
676 2364 1057 2438 περιϐάλλειν,
1124 2364 1202 2427 ὡς
1250 2366 1310 2417 ού
1360 2364 1781 2433 κεκελευσμένου

214 2456 418 2510 τούτου.
529 2458 781 2528 Ἐμεινεν
819 2452 912 2511 οὖν
946 2459 1050 2522 ἓως
1095 2458 1328 2527 Νεεμίου
1370 2456 1461 2510 καὶ
1510 2455 1783 2526 βασιλείας

226 2544 572 2618 Ἀρταξέρξου
601 2587 617 2611 ,
685 2549 780 2601 καὶ
851 2549 951 2619 τῆς
1010 2549 1234 2622 Περσῶν
1284 2546 1577 2618 ἡγεμονίας
1632 2546 1784 2610 ἔτους

214 2638 693 2692 αντεκαιδεκάτου
727 2638 819 2691 καὶ
867 2638 1196 2694 ἑκατοστοῠδ
1253 2638 1360 2692 ἀπὸ
1411 2638 1466 2691 δὲ
1515 2639 1612 2708 τῆς
1646 2634 1785 2690 ἁλώ-

217 2748 346 2795 σεως
407 2730 762 2801 Ἰερουσαλὴμ
821 2731 1010 2784 ἑκατὸν
1068 2731 1395 2802 ὀγδοήκοντα
1473 2730 1634 2782 πέντε
1687 2728 1781 2794 ἔτη

211 2819 434 2890 γίνεται.
528 2820 638 2874 Καὶ
698 2820 817 2874 τότε
863 2819 1113 2891 βασιλεὺς
1153 2818 1510 2892 Ἀρταξέρξης
1566 2817 1782 2871 ἐκέλευ-

214 2928 297 2965 σεν
357 2911 778 2984 οἰκοδομηθῆναι
826 2912 921 2984 τὴν
976 2912 1151 2966 πόλιν.
1230 2911 1467 2982 Νεεμίας
1511 2909 1569 2963 δὲ
1619 2927 1781 2964 κατα-

211 3003 494 3074 πεμφθεὶς,
554 3004 649 3059 τοῦ
695 3003 853 3076 ἔργου
912 3004 1188 3076 προέστη’
1260 3005 1293 3074 ή
1347 3003 1405 3056 δὲ
1458 3001 1775 3074 ᾠκοδομήθη

211 3091 433 3148 πλατεῖα
487 3092 583 3145 καὶ
631 3093 974 3164 περίτειχος,
1043 3092 1118 3156 ὡς
1174 3091 1573 3164 προειρητεύθη.
1659 3091 1776 3144 Kci-

1050 412 1704 472 DEMONSTRATIONIS
1743 409 2203 470 EVANGELICAE
2237 409 2364 465 ΜΒ.
2404 408 2541 465 VIII.

554 528 865 604 δικαιοσύνη
942 547 1000 584 τε
1085 532 1299 597 αἰώνιος
1373 530 1788 601 καταγγέλλεται

1900 528 2214 584 hominibus
2246 543 2307 584 se
2349 525 2643 581 videndum
2676 523 2946 581 exhibuit.
3000 522 3142 595 Ergo
3173 538 3299 579 cum
3351 524 3465 580 haec

3364 411 3469 466 610

1898 621 1977 677 sic
2009 621 2123 676 fore
2151 620 2379 691 angelus
2408 618 2477 681 is,
2503 618 2571 673 de
2620 631 2730 687 quo
2779 615 2984 672 dictum
3014 625 3119 680 est,
3150 617 3465 674 summatim

1894 714 2001 784 ipsi
2028 714 2307 785 prophetae
2327 710 2612 774 cecinerit,
2656 724 2853 764 rursus
2893 724 3216 765 sermonem'
3249 712 3318 768 de
3356 724 3465 767 ιιι

1899 806 2329 860 hebdomadibus
2380 810 2642 866 renovat,
2697 802 3124 871 exquisitissime
3182 817 3279 874 per
3332 805 3464 870 ,sin-

1895 898 2051 969 gulas
2085 906 2269 967 partes
2301 894 2524 958 docens,
2576 894 2721 948 unde
2766 894 3004 963 incipere
3062 901 3306 963 oporteat
3357 911 3463 949 nu--

1895 1001 2107 1041 merare
2124 995 2391 1054 tempora,
2406 991 2456 1038 et
2476 982 2732 1053 quidnam
2749 984 2946 1038 talibus
2959 984 3296 1052 temporibus
3306 999 3467 1039 even-

1893 1082 2073 1130 turum
2090 1077 2179 1131 sit.
2194 1095 2212 1126 ι
2232 1075 2296 1128 Et
2322 1091 2620 1146 cognosces
2643 1084 2697 1130 et
2713 1076 2981 1145 intelliges
3004 1075 3073 1129 ab
3086 1076 3235 1130 exitu
3253 1090 3463 1131 sermo-

1892 1167 1981 1221 nis
2011 1208 2025 1232 ,
2077 1175 2137 1222 ut
2188 1169 2585 1238 respondeatur
2642 1174 2696 1222 et
2745 1166 3043 1222 aediﬁcetur
3098 1165 3398 1223 Jerusalem
3440 1186 3458 1224 :

1891 1257 2257 1314 hebdomades
2344 1268 2548 1330 septem
2577 1302 2593 1328 ,
2652 1269 2705 1314 et
2747 1258 3115 1313 hebdomades
3176 1262 3458 1330 sexaginta

1890 1349 2029 1411 dum,
2044 1356 2098 1403 et
2128 1356 2432 1405 revertetur
2461 1360 2512 1406 et
2529 1350 2888 1406 mdiﬁcabitur
2911 1350 3086 1419 platea
3114 1360 3163 1405 et
3197 1366 3408 1406 murus.
3431 1369 3453 1404 ι

1887 1437 2052 1508 389
2077 1436 2205 1503 Qua:
2235 1454 2367 1494 sane
2394 1441 2557 1495 verba
2587 1448 2649 1494 ut
2675 1440 2895 1495 reddam
2932 1439 3200 1508 planiora,
3228 1440 3457 1509 pulchre

1884 1531 2020 1585 mihi
2050 1531 2224 1587 oﬂicio
2255 1532 2478 1589 functus
2518 1549 2643 1590 esse
2672 1533 2918 1600 videbor,
2954 1533 3001 1588 si
3036 1536 3455 1591 commentatio-

1885 1638 2007 1678 nem
2039 1623 2092 1676 in
2120 1624 2390 1693 ejusmodi
2421 1626 2571 1682 locos
2600 1626 2719 1695 e’jus
2750 1624 2875 1688 viri,
2900 1625 2992 1693 qui
3022 1632 3151 1680 ante
3185 1640 3286 1681 nos
3311 1626 3451 1681 idem

1887 1714 2127 1769 studium
2148 1717 2402 1781 coluerit,
2437 1734 2544 1773 non
2578 1719 2950 1782 occultavero,
2976 1717 3071 1773 sed
3099 1731 3218 1771 eam
3237 1733 3454 1788 quoque

1888 1815 2213 1872 apposuero,
2257 1814 2316 1860 ut
2362 1809 2773 1862 accommodata
2830 1806 2919 1869 iis,
2963 1805 3058 1876 qui
3106 1807 3300 1861 lecturi
3341 1807 3454 1862 sint

1818 1874 1861 1935 Β
1889 1893 2023 1948 Ιιαξο.
2063 1893 2297 1950 Pulchre
2329 1896 2472 1952 enim
2508 1896 2641 1951 illud
2674 1895 2781 1950 dici
2815 1874 3126 1965 solem—qum
3149 1895 3451 1953 amicorum

1884 1993 2031 2049 sunt,
2059 2000 2122 2040 ea
2145 2000 2267 2040 esse
2295 1987 2605 2042 communia
2633 2002 2647 2038 :
2679 1994 2734 2041 et
2754 1985 2884 2057 quia
2920 1986 2999 2040 uti
3031 1985 3253 2056 quidem
3290 1983 3449 2056 quasi

1883 2082 2267 2139 communibus
2294 2085 2547 2138 convenit
2577 2084 2666 2148 iis,
2709 2098 2830 2153 quae
2859 2083 2948 2136 alii
2984 2084 3152 2153 probe
3186 2082 3446 2149 dixerint,

1883 2173 1979 2229 sed
2012 2174 2087 2227 ita
2121 2181 2181 2227 ut
2206 2189 2571 2245 agnoscamus
2599 2184 2875 2240 auctores,
2912 2191 3089 2245 neque
3113 2185 3205 2229 aut
3234 2191 3333 2230 sua
3366 2190 3452 2233 so-

1880 2266 2002 2321 bole
2036 2276 2237 2336 patres,
2280 2277 2373 2322 aut
2402 2283 2517 2332 eos,
2548 2270 2642 2338 qui
2676 2268 2841 2338 primi
2881 2269 3286 2335 consueverint,
3316 2284 3448 2340 pro-

1882 2357 2017 2427 priis
2052 2358 2353 2414 seminibus
2382 2357 2790 2422 defraudemus,
2822 2359 2969 2413 illius
2999 2359 3162 2413 verba
3193 2373 3301 2413 non
3329 2373 3451 2430 gra-

1880 2451 2052 2504 vabor
2094 2465 2386 2521 apponere.
2427 2449 2503 2503 Ea
2548 2449 2802 2505 feruntur
2858 2450 3103 2504 Africani
3149 2452 3204 2505 in
3253 2451 3447 2520 quinto

1881 2554 2070 2595 eorum
2102 2557 2223 2611 quae
2258 2540 2325 2597 de
2348 2542 2684 2611 temporibus
2715 2542 2954 2612 scripsit,
2995 2558 3115 2611 quae
3142 2543 3360 2612 quidem
3390 2542 3447 2597 iu

1884 2633 2028 2687 hunc
2055 2634 2272 2689 modum
2311 2649 2368 2690 se
2396 2634 2596 2689 habent
2629 2652 2643 2688 :
2688 2652 2707 2685 ι
2748 2632 2869 2703 Ipsa
2897 2633 3114 2704 quidem
3159 2634 3443 2704 particula,

1881 2723 2075 2794 inquit,
2113 2740 2233 2795 quae
2266 2724 2376 2780 fere
2433 2725 2514 2780 sic
2544 2740 2602 2778 se
2633 2724 2815 2790 habet,
2859 2732 2972 2778 tum
3014 2725 3180 2779 multa
3209 2734 3323 2780 tum
3352 2724 3448 2780 ad-

1879 2817 2148 2872 mirabilia
2177 2817 2447 2888 significat
2475 2836 2487 2872 :
2521 2825 2759 2873 attamen
2800 2833 2949 2873 nunc
2983 2818 3053 2873 de
3081 2819 3149 2873 iis
3180 2819 3446 2875 duntaxat

1877 2924 1998 2979 quae
2047 2910 2205 2964 nobis
2231 2910 2297 2964 ad
2328 2910 2593 2964 rationem
2641 2918 2967 2979 temporum,
2997 2918 3051 2966 et
3093 2926 3285 2966 eorum
3324 2924 3448 2981 quae

1877 3000 1943 3056 ad
1975 3008 2216 3070 tempora
2247 3002 2514 3072 pertinent
2544 3002 2884 3058 conductura
2916 3002 3047 3068 sint,
3085 3003 3246 3057 verba
3277 3002 3447 3060 {acido

1876 3106 2019 3147 mus.
2051 3088 2202 3157 Quod
2228 3091 2394 3161 igitur
2420 3092 2533 3147 haec
2564 3092 2632 3148 de
2660 3094 2897 3149 adventu
2928 3093 3133 3151 Christi
3168 3095 3442 3161 dicantur,

208 3188 381 3243 κεῖθεν
450 3185 777 3260 ἀριθμοῦσιν
844 3187 975 3258 ἡμῖν
1044 3185 1413 3258 ἐϐδομήκοντα
1486 3184 1777 3256 ἑϐδομάδες

1878 3180 1973 3249 qui
2014 3188 2138 3249 post
2182 3179 2555 3237 hebdomadas
2590 3198 2693 3236 ιλιι
2750 3184 2819 3238 ab
2848 3184 3161 3241 horninibus
3188 3193 3335 3241 esset
3361 3186 3444 3241 vi-

208 3277 281 3339 είς
338 3274 433 3330 τόν
489 3275 722 3348 Χριστὸν
786 3275 1158 3331 συντελοῦνται
1184 3292 1198 3307 ο
1261 3278 1309 3330 εί
1388 3275 1497 3348 γὰρ
1555 3275 1775 3330 ἄλλοθέν

1883 3270 2113 3334 dendus,
2142 3272 2457 3341 neutiquam
2481 3271 2703 3327 dubium
2733 3279 2818 3328 est
2845 3292 2858 3328 :
2886 3280 3129 3343 tempore
3155 3275 3302 3329 enim
3334 3273 3446 3329 Sal-

208 3368 365 3421 ποθεν
428 3368 683 3441 ἀριθμεῖν
746 3367 1089 3440 άρξαίμεθα,
1174 3371 1267 3422 καὶ
1337 3369 1437 3421 οὐκ
1506 3367 1773 3430 ἐντεῦθεν,

207 3456 321 3512 οὔτε
380 3460 409 3512 ό
452 3460 644 3531 χρόνος
694 3459 1115 3531 συνδραμεῖται,
1178 3460 1273 3514 καὶ
1323 3460 1546 3513 πλεῖστα
1598 3460 1772 3514 ἄτοπα

207 3551 524 3623 ἀπαντήσει.
619 3551 743 3605 Ἐάν
795 3569 856 3606 τε
914 3552 1023 3625 γὰρ
1100 3553 1206 3607 ἀπὸ
1275 3552 1457 3625 Κύρου
1522 3552 1616 3606 καὶ
1674 3554 1774 3626 τῆς

205 3643 423 3717 πρώτης
478 3645 844 3716 καταπομπῆς
898 3644 996 3717 τὴν
1054 3643 1226 3715 ἀρχὴν
1277 3640 1630 3714 ποιησώμεθα
1675 3645 1771 3715 τῆς

205 3735 553 3809 ἀριθμήσεως
629 3736 737 3790 τῶν
815 3736 1183 3807 ἐϐδομήκοντα
1259 3732 1605 3805 ἑϐδομάδων,
1691 3737 1771 3798 είς

206 3826 288 3899 ἐτη
364 3826 563 3880 ἑκατὸν
613 3827 706 3879 καὶ¹
758 3825 977 3897 προσέτι
1029 3823 1385 3897 περισσεύει.
1458 3822 1657 3879 πλείων
1713 3823 1769 3878 δὲ

206 3918 428 3989 χρόνος,
501 3918 550 3970 εί
603 3917 696 3987 ἀφ’
745 3911 815 3989 ἦς
852 3914 1063 3989 ἡμέρας
1137 3914 1215 3988 τῷ
1281 3914 1473 3985 Δανιὴλ
1522 3916 1551 3968 ό
1603 3918 1767 3985 ἄγγε-

205 4006 283 4073 λος
325 4010 741 4081 προεφήτευσε,
798 4008 974 4079 πολλῷ
1027 4008 1083 4062 δὲ
1131 4007 1371 4073 πλείων,
1419 4010 1466 4061 εί
1513 4010 1606 4062 ἀπ’
1668 4010 1767 4078 ἀρ-

204 4100 295 4171 χῆς
337 4101 443 4171 τῆς
487 4099 878 4171 αἰχμαλωσίας.
955 4099 1293 4171 Εὑρίσκομεν
1346 4096 1453 4169 γὰρ
1491 4096 1588 4170 τὴν
1632 4100 1767 4171 Περ-

206 4192 304 4247 σῶν
388 4192 667 4262 βασιλείαν
720 4190 863 4245 ἔτεσι
927 4188 1219 4251 διακοσίοις
1275 4188 1565 4260 τριάκοντα
1611 4203 1765 4258 περι-

201 4283 548 4355 γραφομένην
572 4324 587 4346 ,
646 4283 744 4353 τήν
812 4298 872 4334 τε
924 4280 1247 4335 Μακεδόνων
1311 4281 1391 4343 είς
1455 4278 1550 4350 ἔτη
1605 4296 1761 4350 τρια-

201 4376 351 4431 κὸσια
402 4376 772 4447 ἑϐδομήκοντα
826 4372 1253 4446 παρατείνουσαν
1280 4412 1295 4437 ,
1364 4371 1618 4425 κάκεῖθεν
1672 4373 1763 4426 ἐπὶ

198 4466 253 4521 τό
295 4466 553 4540 Τιϐερίου
604 4466 881 4538 Καίσαρος
942 4462 1320 4518 ἑκκαιδέκατον
1375 4461 1492 4525 ἔτος
1545 4464 1625 4526 είς
1666 4462 1760 4533 ἔτη

200 4556 475 4625 ἐξήκοντα.

200 4646 484 4721 ἐϐδομάδες
527 4649 608 4711 είς
662 4645 752 4702 τὸν
810 4646 903 4699 ἐπὶ
946 4643 1179 4714 Χριστὸν
1234 4643 1604 4699 συντελοῦνται
1644 4645 1762 4717 χρό-

200 4758 311 4808 νον,
391 4740 542 4796 κατὰ
606 4741 731 4804 τοὺς
792 4738 1059 4793 Ἰουδαίων
1105 4735 1391 4815 ἀριθμούς.
1461 4737 1593 4791 Ἀπὸ
1652 4736 1761 4807 γὰρ

199 4830 465 4905 Νεεμίου,
545 4830 603 4894 ὃς
688 4829 793 4884 ὑπὸ
876 4826 1228 4901 Ἀρταξέρξου
1314 4828 1414 4900 τὴν
1490 4827 1760 4899 Ἰερουσα-

197 4920 294 4995 λὴμ
341 4921 783 4994 άνοικοδομήσων
835 4918 1092 4991 ἐπέμφθη
1142 4918 1251 4971 ἔτει
1297 4916 1759 4986 πεντεκαιδεκάτῳ

199 5015 279 5068 καὶ
328 5012 610 5082 ἑκατοστῷ
659 5011 761 5083 τῆς
808 5010 1033 5083 Περσῶν
1091 5008 1364 5080 βασιλείας
1393 5048 1409 5073 ,
1484 5005 1648 5061 αὑτοῦ
1702 5006 1759 5060 δὲ

208 5103 554 5177 Ἀρταξέρξου
608 5101 883 5173 βασιλείας
928 5099 1157 5171 εἰκοστῷ
1203 5099 1311 5152 ἔτει
1338 5137 1354 5162 ,
1408 5098 1504 5153 καὶ
1559 5097 1755 5170 Ὀλυμ-

198 5195 370 5260 πιάδος
412 5193 777 5265 ὀγδοηκοστῆς
826 5192 1015 5262 τρίτης
1055 5190 1163 5244 ἔτει
1202 5191 1482 5262 τετάρτῳ,
1519 5189 1611 5243 ἐπὶ
1639 5189 1759 5244 τοῦ·

197 5301 277 5344 τον
326 5288 422 5344 τὸν
473 5287 663 5360 χρόνον
684 5327 699 5351 ,
764 5284 823 5349 δς
862 5281 930 5357 ἦν
985 5283 1339 5354 Ὀλυμπιάδος
1389 5282 1757 5353 διακοσιοστῆς

198 5374 437 5454 δευτέρας
508 5379 629 5443 ἔτος
699 5376 946 5449 δεύτερον
973 5416 1005 5460 ,.
1066 5373 1313 5445 Τιϐερίου
1374 5372 1430 5425 δὲ
1482 5372 1756 5444 Καίσαρος

199 5466 478 5542 ἡγεμονίας
530 5468 648 5533 ἑτος
701 5466 1082 5521 ἑκκαιδέκατον
1104 5505 1119 5528 ,
1171 5464 1265 5536 ἐτη
1329 5463 1615 5531 συνάγεται
1668 5479 1757 5516 τε-

197 5563 447 5633 τρακόσια
522 5560 892 5631 ἑϐδομήκοντα
970 5557 1129 5612 πέντε
1154 5595 1170 5620 ,
1265 5556 1407 5628 ἅπερ
1493 5555 1753 5626 Ἑϐραϊκὰ

198 5653 511 5724 τετρακόσια
572 5652 927 5723 ἐννενήκοντα
988 5650 1216 5719 γίνεται,
1265 5648 1409 5702 κατὰ
1454 5646 1546 5701 τὸν
1596 5647 1751 5718 σελη-

200 5747 347 5800 νιαῖον
403 5744 603 5817 δρόμον
649 5743 779 5807 τοὺς
820 5740 1096 5805 ἐνιαυτοὺς
1151 5740 1374 5794 ἐκείνων
1430 5738 1754 5814 ἐξαριθμου-

207 5833 398 5901 μένων,
455 5837 533 5900 ὡς
579 5836 694 5890 ἔστι
752 5834 1040 5905 πρόχειρον
1072 5831 1273 5899 εἰπεῖν,
1326 5831 1550 5904 ἡμερῶν
1599 5849 1755 5903 τριαο

1876 3362 2082 3417 vatoris
2110 3363 2286 3416 nostri
2331 3372 2424 3417 aut
2450 3378 2516 3418 ex
2548 3363 2640 3417 illo
2679 3364 2820 3432 ipso,
2852 3373 2905 3418 et
2949 3365 3306 3434 antiquantur
3344 3366 3443 3421 de-

1875 3453 2026 3517 licta,
2055 3460 2109 3508 et
2146 3461 2372 3523 peccata
2399 3464 2854 3509 consummantur
2884 3472 2901 3510 :
2937 3470 3035 3525 per
3060 3456 3440 3512 remissionem

1875 3555 2076 3611 autem,
2102 3545 2419 3616 iniquitates
2446 3560 2569 3600 cum
2598 3544 2886 3614 injustitiis
2927 3546 3233 3616 expiatione
3253 3547 3441 3604 deleu-

1873 3643 1982 3700 tur,
2034 3636 2359 3707 justitiaque
2408 3636 2743 3707 sempiterna
2789 3635 3179 3703 denuntiatur,
3241 3647 3440 3709 praeter

1870 3741 1989 3782 eam
2018 3742 2139 3797 quae
2165 3742 2232 3782 ex
2280 3728 2397 3798 lege
2423 3726 2831 3797 acquirebatur.
2876 3725 3130 3784 Visiones
3171 3738 3348 3786 autem
3372 3738 3437 3804 _et

1872 3818 2166 3888 prophetia:
2202 3834 2376 3890 usque
2425 3818 2492 3873 ad
2539 3817 2825 3885 Joannem,
2856 3829 2910 3875 et
2951 3819 3186 3877 Sanctus
3217 3828 3436 3879 sancto-

1867 3926 1988 3966 rum
2020 3911 2242 3983 ungitur
2273 3930 2286 3965 :
2325 3925 2450 3964 nam
2484 3925 2609 3965 cum
2638 3919 2766 3967 ante
2801 3912 3101 3968 Salvator-is
3133 3912 3308 3969 nostri
3337 3912 3436 3969 ad-

1867 4012 2085 4058 ventum
2128 4005 2243 4059 haec
2282 4017 2393 4058 non
2436 4009 2662 4066 essent,
2709 4004 3170 4074 exspectabantur
3226 4014 3430 4062 tamen.

1863 4094 2086 4150 Numeri
2116 4111 2245 4151 vero
2277 4095 2493 4150 initium
2520 4094 2789 4164 accipere,
2820 4094 2925 4151 hoc
2956 4103 3041 4151 est
3080 4110 3187 4150 LXX
3225 4094 3433 4151 hebdo—

1864 4185 2169 4248 madarum,
2213 4185 2307 4255 qui
2344 4191 2474 4240 sunt
2521 4184 2651 4238 anni
2690 4184 3074 4255 quadringenti
3110 4186 3427 4256 nonaginta,

1862 4277 2088 4346 angelus
2119 4276 2363 4347 praecipit
2403 4276 2472 4330 ab
2503 4275 2651 4330 exitu
2695 4276 2965 4332 sermonis
2995 4285 3052 4331 ut
3098 4277 3430 4347 respondea-

1862 4374 1972 4429 tur,
2014 4376 2067 4422 et
2108 4367 2411 4422 aediﬁcetur
2455 4364 2780 4421 Jerusalem.
2821 4365 2993 4421 Porro
3036 4365 3155 4420 haec
3181 4367 3420 4437 contige-

1860 4470 1990 4514 runt
2011 4460 2163 4531 regni
2184 4459 2521 4526 Artaxerxis,
2546 4462 2638 4532 'qui
2669 4460 2959 4516 Persarum
2990 4474 3086 4514 rex
3118 4458 3241 4524 fuit,
3281 4474 3426 4516 anno

576 4555 707 4609 Ἀπὸ
748 4555 804 4608 δὲ
868 4552 1219 4626 Ἀρταξέρξου
1282 4553 1337 4605 αἱ
1393 4551 1759 4624 ἑϐδομήκοντα

1874 4550 2122 4606 vicesimo
2147 4569 2161 4606 :
2190 4550 2355 4621 hujus
2376 4551 2519 4605 enim
2546 4551 2802 4622 pincerna
2830 4549 3118 4607 Nebemias
3148 4565 3271 4605 cum
3299 4566 3429 4607 eum

1855 4640 2037 4710 ipsum
2063 4650 2331 4711 rogasset,
2366 4656 2688 4712 responsum
2723 4642 2952 4712 accepit,
2981 4652 3039 4696 ut
3065 4642 3430 4701 aediﬁcaretur

1857 4731 2179 4789 Jerusalem.
2232 4731 2298 4787 Et
2349 4747 2530 4788 sermo
2558 4733 2726 4788 exivit
2754 4748 2864 4803 quo
2913 4734 3090 4804 ipsum
3122 4734 3227 4790 hoc
3262 4736 3431 4805 jube-

1857 4824 2056 4879 batur:
2092 4839 2217 4879 nam
2253 4824 2320 4879 ad
2349 4823 2484 4880 illud
2514 4840 2691 4896 usque
2733 4833 2949 4896 tempus
2979 4825 3177 4881 civitas
3206 4827 3429 4883 deserta

1860 4919 2154 4968 manserat.
2201 4912 2337 4970 Cum
2383 4914 2529 4969 enim
2568 4897 2746 4986 Cyrus
2786 4921 2911 4985 post
2953 4916 3426 4985 septuagenariam

1858 5005 2175 5061 servitutem
2201 5006 2469 5062 volentem
2489 5022 2929 5078 unumquemque
2957 5008 3260 5063 voluntarie
3289 5008 3426 5063 emi-

1858 5103 2040 5164 sisset,
2072 5101 2166 5170 qui
2201 5116 2325 5155 cum
2367 5099 2497 5156 Jesu
2530 5116 2727 5172 magno
2760 5102 3045 5157 sacerdote
3071 5110 3126 5157 et
3175 5100 3422 5157 Zoroba-

1856 5191 1964 5258 bel,
1997 5192 2198 5262 quique
2224 5199 2348 5262 post
2373 5192 2475 5249 hos
2496 5193 2647 5264 ipsos
2667 5208 2790 5248 cum
2814 5192 2983 5248 Esdra
3004 5191 3419 5256 descenderant,

1856 5282 2121 5340 mdiﬂeare
2172 5284 2432 5352 templum
2483 5293 2537 5339 et
2584 5299 2801 5339 murum
2840 5283 3047 5339 civitati
3083 5282 3424 5340 circumdare

1857 5373 2016 5428 initio
2043 5369 2500 5442 prohibebantur,
2525 5379 2786 5442 tanquam
2819 5374 2925 5428 hoc
2954 5372 3279 5443 imperatum
3311 5387 3424 5428 non

1857 5471 2022 5521 esset.
2054 5461 2253 5518 Mansit
2280 5461 2445 5533 igitur
2474 5477 2649 5532 usque
2677 5462 2745 5516 ad
2768 5460 3080 5518 Nehemiam
3117 5472 3172 5518 et
3194 5477 3424 5535 regnum

1857 5553 2196 5617 Artaxerxis,
2242 5568 2554 5625 annumque
2592 5552 2808 5623 imperii
2847 5550 3139 5608 Persarum
3184 5550 3423 5609 centesi-

1857 5660 2008 5701 mum
2042 5653 2095 5702 et
2130 5645 2382 5717 quintum
2407 5645 2683 5702 decimum
2718 5658 2881 5700 :cum
2916 5658 3044 5700 vero
3075 5659 3105 5697 a
3130 5650 3288 5715 capta
3332 5641 3423 5700 Je—

1859 5739 2098 5796 rusalem
2127 5753 2305 5796 annus
2333 5739 2663 5795 centesimus
2692 5743 2855 5808 atque
2892 5738 3259 5809 octogesimus
3288 5750 3416 5808 age-

1857 5839 2028 5898 retur,
2071 5831 2237 5904 390
2278 5839 2394 5888 tum
2439 5846 2534 5889 rex
2576 5831 2905 5888 Artaxerxes
2941 5829 3111 5902 jussit
3160 5826 3419 5885 aediﬁcari
