3928 6558
563 419 660 472 ﬁll
1197 418 1468 477 EUSEBII
1501 417 1972 475 CAESARIENSIS
2008 416 2158 473 OPP.
2197 413 2376 471 PARS
2414 415 2475 473 II.
2516 447 2586 458 —-
2619 417 3116 478 APOLOGETlCA.
3635 433 3708 489 εις,

561 533 858 598 civitatem,
891 541 943 587 et
973 532 1278 596 Nehemias,
1305 549 1448 588 unus
1463 547 1652 588 eorum
1681 533 1774 602 qui
1804 532 1990 588 emissi
2019 531 2112 585 l‘ue

2165 535 2210 592 Α
2238 530 2434 584 κοσίων
2466 532 2798 604 πεντήκοντα
2845 535 3125 605 τεσσάρων
3146 572 3160 594 .
3213 534 3302 588 τοῦ
3330 537 3530 608 ἡλιακοῦ
3563 547 3711 604 κύκλου

561 633 705 688 rant,
736 625 887 694 operi
911 623 1128 694 praefuit
1153 640 1166 675 :
1201 633 1254 679 et
1285 625 1462 694 platea
1495 633 1550 679 et
1575 626 1716 678 muri
1745 625 1982 680 ambitus
2001 623 2112 678 aldi!

2227 621 2559 692 ὑπάρχοντος
2625 623 2849 696 ήμερῶν
2908 626 3230 696 τριακοσίων
3293 627 3530 700 ἑξήκοντα
3595 640 3713 694 πέντε

561 713 720 768 ﬁcata
749 725 896 780 sunt,
929 717 1072 770 sicut
1113 714 1355 769 futurum
1391 717 1676 787 prophetia
1704 717 2112 786 signiﬁcaverat.

2222 714 2500 784 τετάρτου.
2608 715 2718 785 Τὴν
2771 715 2878 787 γὰρ
2932 719 3072 772 κατά
3121 717 3342 791 σελήνην
3401 721 3709 800 δωδεκάμηνον

559 801 690 859 Inde
721 806 884 875 igitur
911 806 1070 860 nobis
1111 821 1402 860 numerare
1433 807 1820 876 incipientibus
1851 823 1956 861 Lxx
1993 807 2110 860 heli-

2224 803 2591 873 παραλλάσσει
2667 806 2900 878 ἡμέραις
2960 807 3149 862 ἕνδεκα
3215 811 3307 864 καὶ
3359 814 3588 886 τετάρτῳ.
3643 823 3714 874 Διὰ

559 895 818 951 domades
846 897 900 950 in
927 897 1203 952 Christum
1242 898 1645 953 terminantur:
1679 914 1801 952 nam
1835 900 1882 952 si
1929 899 1997 952 ab
2031 899 2110 952 illc

2222 894 2381 946 τοῦτο
2445 896 2703 966 Ἕλληνες
2763 901 2856 951 καὶ
2937 900 3178 955 Ἰουδαῖοι
3245 907 3388 974 τρεῖς
3446 907 3594 977 μ’ήνας
3640 912 3713 982 ἑμ-

558 989 748 1058 quovis
780 997 1019 1058 tempore
1061 990 1384 1044 numerandi
1434 991 1648 1044 initium
1689 991 1998 1053 fecerimus,
2027 1006 2109 1045 ne-

2221 985 2474 1056 δολίμους
2512 988 2687 1042 ἔτεσιν
2711 989 2853 1043 ὀκτὼ
2894 993 3378 1064 παρεμϐάλλουσιν·
3417 987 3711 1076 ὀκτάκιςγέιρ

555 1093 660 1148 quo
681 1085 896 1148 tempus
924 1081 1100 1150 ipsum
1138 1081 1445 1147 conveniet,
1477 1089 1530 1136 et
1563 1082 1730 1134 multa
1777 1081 2106 1136 incommoda

2218 1075 2288 1128 τὰ
2331 1077 2519 1130 ἕνδεκα
2563 1078 2819 1150 τέταρτον
2867 1084 3012 1133 ποιεῖ
3040 1082 3314 1153 τρίμηνον.
3390 1085 3465 1139 Τὰ
3488 1087 3631 1144 τοίνυν
3655 1075 3715 1144 τε·

554 1168 742 1223 subire
799 1183 1027 1224 necesse
1057 1172 1180 1224 erit.
1216 1169 1340 1225 Sive
1383 1173 1527 1224 enim
1561 1187 1588 1224 a
1633 1171 1795 1242 Cyro,
1841 1173 2105 1242 primaque

2219 1170 2478 1240 τρακόσια
2504 1171 2868 1242 ἑϐδομήκοντα
2889 1173 3050 1226 πέντε
3073 1173 3189 1245 ἔτη,
3216 1175 3563 1248 όκταετηρίδες
3586 1183 3714 1249 γίνον-

547 1259 862 1324 emissione,
895 1261 1234 1332 septuaginta
1269 1261 1636 1318 hebdomadas
1676 1279 1960 1319 numerare
2007 1279 2098 1318 cce

2219 1279 2306 1314 ται
2360 1263 2695 1334 πεντήκοντα
2741 1264 2893 1317 ὲννέα
2947 1267 3039 1318 καὶ
3089 1267 3254 1337 μῆνες
3309 1269 3485 1338 τρεῖς*
3529 1271 3593 1334 ὡς
3631 1290 3713 1344 τρι-

549 1353 812 1421 perimus,
847 1355 972 1406 anni
1001 1363 1220 1408 centum
1259 1363 1312 1410 et
1342 1357 1574 1425 amplius
1624 1368 1970 1427 supererunt,
2002 1359 2100 1415 εἰν(

2223 1351 2391 1421 μήνου
2452 1351 2506 1404 δὲ
2562 1352 2854 1422 ἐμϐολίμου
2903 1355 2968 1425 τῇ
3021 1355 3272 1427 όκταετίᾳ
3303 1358 3598 1429 γινομένης,
3646 1361 3711 1433 ἔτη

549 1442 618 1496 ab
643 1457 708 1496 eo
731 1443 818 1498 die
849 1459 957 1514 quo
995 1445 1220 1514 angelus
1271 1445 1376 1515 ipsi
1408 1445 1596 1501 Daniel
1624 1447 1900 1502 oraculum
1935 1447 2100 1502 reddi-

2219 1443 2601 1496 πεντεκαίδεκα
2647 1443 2840 1512 ὀλίγων
2872 1445 3092 1517 ἡμερῶν
3132 1446 3455 1501 ἀποδεόντων
3479 1450 3709 1519 γίγνονται.

543 1534 645 1600 dit,
678 1535 840 1589 etiam
871 1537 1045 1603 major
1089 1537 1178 1591 ﬁet
1219 1553 1486 1591 annorum
1516 1554 1796 1595 numerus.
1827 1538 1996 1595 Multo
2017 1555 2094 1594 ana

2218 1531 2401 1585 Ταῦτα
2427 1532 2482 1585 δὲ
2513 1533 2646 1603 πρὸς
2671 1536 2783 1598 τοῖς
2823 1536 3191 1604 τετρακοσίοις
3229 1537 3572 1608 ἑϐδομήκοντα
3593 1541 3711 1594 πέντε

545 1634 654 1680 tem
706 1629 898 1696 major,
926 1628 972 1682 si
1025 1629 1094 1682 ab
1150 1629 1304 1683 initio
1349 1639 1522 1700 captae
1569 1632 1741 1686 urbis.
1803 1630 2096 1689 lnvenimm

2217 1621 2410 1686 ἔτεσιν,
2463 1626 2520 1676 αἱ
2567 1625 2933 1696 ἑϐδομήκοντα
2981 1627 3269 1698 ἐϐδομὰδες
3320 1631 3708 1686 crux/relativus:

543 1718 686 1769 enim
719 1733 948 1788 regnum
981 1717 1272 1774 Persarum
1325 1721 1466 1774 intra
1512 1737 1684 1776 annos
1723 1736 1784 1775 cc
1817 1730 1976 1792 atque
2003 1739 2094 1778 xx:

2215 1711 2398 1765 Ταῦτα
2430 1715 2527 1786 μὲν
2571 1712 2662 1769 οὖν
2701 1717 3042 1788 Ἀφρικανός.
3077 1721 3139 1772 Εἰ
3181 1719 3237 1773 δὲ
3273 1723 3376 1793 χρὴ
3407 1723 3494 1775 καί
3523 1725 3643 1794 ἡμᾶς
3661 1727 3713 1778 υί-

539 1807 833 1862 contineri.
863 1807 1066 1863 Deinde
1105 1809 1456 1864 Macedonum
1494 1813 1560 1865 ad
1613 1827 1882 1865 annorum
1919 1828 2090 1868 nume-

2159 1879 2178 1884 _
2214 1806 2370 1858 κείαν
2401 1809 2481 1870 είς
2523 1811 2647 1873 τοὺς
2686 1811 2882 1874 τόπους
2926 1811 3176 1864 ἀπόδοσιν
3211 1815 3290 1876 είς
3332 1813 3485 1883 μέσον
3521 1816 3710 1884 ἀγαγεῖν,

544 1909 664 1948 rum
709 1898 1016 1952 continuari
1065 1907 1431 1954 trecentorum
1481 1909 1534 1957 et
1569 1904 1927 1973 septuaginta.
1977 1903 2095 1959 lndt

2161 1879 2355 1965 ³φἠμλ.
2399 1896 2472 1966 μὴ
2520 1898 2714 1970 μάτην,
2762 1901 2894 1971 μηδὲ
2943 1899 3018 1964 ὡς
3057 1901 3210 1972 ἔτυχε
3384 1877 3712 1976 διαίρεσινυπεέ

541 2001 674 2040 vero
705 1990 770 2044 ad
807 1990 1008 2046 Tiberii
1057 1993 1290 2048 Cmsaris
1321 2009 1520 2048 annum
1555 2005 1764 2049 sextum
1799 1993 2092 2060 decimum,

2213 1989 2461 2061 ποιῆσθαι
2487 1993 2576 2044 τὸν
2601 1991 2754 2062 λόγον
2789 1993 2898 2046 τῶν
2935 1995 3300 2065 ἑϐδομήκοντα
3325 1997 3713 2067 ὲϐδομάδων.Διε-

541 2096 716 2137 annos
753 2085 1054 2152 sexaginta.
1087 2085 1168 2136 Ab
1212 2085 1512 2141 Artaxerxe
1550 2095 1730 2142 autem
1766 2091 2092 2161 septuaginta

2210 2079 2316 2134 λὼν
2345 2081 2452 2152 γὰρ
2479 2082 2648 2145 αὑτὰς
2675 2087 2756 2142 είς
2790 2083 3010 2155 πρώτας
3035 2084 3193 2148 έπτά,
3238 2085 3409 2138 ἔπειθ’
3437 2087 3604 2158 ἐτέρας
3624 2087 3711 2158 ἑξή-

543 2173 905 2231 liehdomades
953 2175 1020 2228 ad
1047 2173 1250 2230 Christi
1295 2185 1508 2248 tempus
1541 2182 1884 2246 perveniunt,
1920 2183 1966 2236 si
2005 2181 2094 2238 Ju-

2209 2189 2372 2225 κοντα
2395 2171 2507 2236 δύο,
2533 2175 2626 2227 καὶ
2657 2172 2794 2244 μετά
2824 2173 3049 2227 πλεῖστα
3075 2173 3144 2227 τά
3171 2175 3373 2245 μεταξὺ
3399 2175 3709 2248 ἐπιλεγόμενα,

537 2263 778 2319 ὁποι-αα]
813 2281 1066 2322 numeros
1100 2269 1398 2338 sequimur.
1445 2268 1721 2341 Siquidem
1757 2287 1788 2326 a
1823 2273 2088 2329 Nehemia

2207 2261 2304 2333 τὴν
2338 2263 2463 2332 μίαν
2487 2265 2713 2328 ἐπιθεὶς,
2740 2263 2880 2317 οὕτω
2909 2265 2999 2318 τὸν
3027 2265 3256 2336 ἀριθμὸν
3277 2267 3384 2320 τῶν
3411 2269 3711 2340 ἑϐδομήκοντα

539 2357 629 2424 qui
661 2364 720 2411 ut
743 2359 1036 2414 aediﬁcaret
1083 2359 1388 2416 Jerusalem
1415 2371 1500 2418 est
1525 2365 1748 2429 missus,
1783 2381 1926 2420 anno
1949 2367 2090 2438 regni

2209 2353 2508 2425 ἑϐδομάδων
2552 2357 2882 2428 ἀφωρίσατο.
2919 2357 3079 2425 Λέγει
3118 2358 3161 2410 δ’
3209 2355 3324 2412 οὖν⁸
3369 2379 3387 2411 ι
3421 2361 3521 2412 Καὶ
3553 2359 3709 2430 γνώσῃ.

537 2447 825 2504 Persarum
876 2453 1175 2506 centesimo
1209 2460 1261 2507 et
1293 2455 1481 2523 quinto
1501 2455 1733 2524 decimo,
1763 2459 1856 2528 qui
1887 2458 1988 2512 fuit
2017 2462 2088 2528 ip-

2208 2448 2300 2498 καὶ
2331 2448 2578 2516 συνήσεις
2615 2449 2720 2500 ἀπὸ
2750 2447 2925 2512 ἐςξῶου
2962 2448 3118 2516 λόγου
3151 2449 3243 2502 τοῦ
3287 2451 3612 2524 ἀποκριθῆναι
3644 2451 3709 2502 καὶ

537 2541 652 2595 sius
697 2543 850 2612 regni
885 2543 1205 2599 Artaxerxis
1239 2545 1552 2612 vicesimus,
1585 2555 1746 2617 atque
1783 2549 1924 2603 idem
1947 2557 2088 2604 octo-

2207 2535 2298 2587 τοῦ
2341 2536 2688 2608 οἰκοδομῆσαι
2730 2537 3076 2609 Ἰερουσαλὴμ
3119 2540 3222 2604 ἕως
3261 2541 3490 2610 Χριποῦ
3525 2542 3709 2612 ήγουμέ-

533 2632 749 2701 gesimaa
783 2634 952 2687 tertiae
990 2634 1310 2705 Olympiadis
1347 2647 1592 2706 quartus,
1620 2637 1686 2690 ad
1721 2639 1850 2694 illud
1887 2647 2084 2710 tempus

2207 2643 2317 2690 νου,
2349 2627 2636 2698 ἐϐδομάδες
2678 2627 2836 2692 έπτά,
2881 2629 2975 2682 καὶ¹
3019 2629 3309 2701 ὲϐδομάδες
3338 2631 3703 2703 ἐξηκονταδύο.ι

533 2721 626 2788 qui
662 2721 763 2774 fuit
811 2722 1137 2792 Olympiadis
1187 2724 1580 2780 ducentesima:
1630 2727 1882 2782 secunda:
1922 2743 2084 2784 annus

2204 2716 2316 2772 Εἴθ’
2363 2721 2536 2792 ἕτερά.
2561 2739 2680 2774 τινα
2731 2720 2931 2792 μεταξὺ
2976 2723 3292 2792 ἐπαγαγὼν,
3329 2725 3424 2796 τὴν
3459 2725 3709 2778 τελευταίαν

534 2811 826 2875 secundus,
858 2814 1068 2883 imperii
1091 2822 1268 2870 autem
1302 2813 1504 2870 Tiberii
1529 2815 1760 2873 Caesaris
1794 2827 1980 2874 sextus
2003 2821 2085 2876 de-

2204 2812 2543 2884 προστίθησι,
2559 2815 2752 2884 φήσας·
2778 2833 2797 2865 ι
2817 2816 2926 2868 Καὶ⁸
2949 2815 3253 2887 δυναμώσει
3278 2817 3528 2889 διαθήκην
3547 2815 3709 2876 πολλοῖς

531 2903 728 2967 cimus,
755 2905 882 2957 anni
931 2913 1286 2960 numerantur
1329 2908 1709 2978 quadringenti
1755 2912 2082 2982 septuaginta

2203 2901 2434 2973 ἑϐδομὰς
2479 2903 2594 2974 μία.
2641 2923 2658 2955 ι
2717 2907 2838 2958 Ὅτι
2865 2905 2909 2959 δ’
2942 2906 3000 2957 οὺ
3046 2906 3222 2978 μάτην
3259 2907 3449 2973 ταῦτα,
3490 2907 3584 2962 οὐδ’
3616 2907 3707 2960 ἄνευ

532 2998 788 3067 quinque,
831 2997 922 3068 qui
967 2996 1232 3052 Hebraica
1275 3000 1486 3054 ratione
1535 3000 1668 3056 ﬁunt
1716 3003 2083 3075 quadringenti

2199 2994 2300 3064 τῆς
2347 2995 2496 3058 θείας
2543 2997 2827 3060 ἐπιπνοίας
2879 2997 3237 3067 ἐσχεδίασται,
3289 2999 3444 3054 πάνθ’
3490 2997 3707 3054 ὁντιναοῦν

532 3087 826 3154 nonaginta
855 3105 866 3139 :
895 3094 1100 3157 utpote,
1132 3103 1256 3142 cum
1297 3089 1374 3142 illi
1407 3089 1474 3144 ad
1497 3106 1718 3145 cursum
1751 3093 1890 3146 lunae
1921 3109 2083 3151 annos

2199 3086 2305 3138 τῶν
2331 3086 2405 3149 ὼς
2437 3085 2568 3140 Θεοῦ
2607 3087 2842 3158 ῥήμασιν
2879 3089 3062 3150 αὐτοῖς
3095 3089 3466 3160 προσεχόντων
3498 3087 3707 3160 ὁμολογήα

525 3187 844 3246 computare
867 3181 1272 3244 consueverint,
1311 3189 1370 3234 ut
1401 3181 1505 3235 hac
1537 3183 1748 3238 ratione
1789 3199 1964 3240 annus
1989 3187 2076 3240 sit.

2156 3233 2163 3252 Ι
2201 3193 2312 3230 σειν
2361 3177 2616 3248 ἡγοῦμαι.
2661 3177 2830 3231 Τοῦτο
2879 3179 2977 3248 μὲν
3025 3175 3116 3232 οὖν
3165 3180 3381 3251 πρῶτον
3421 3183 3542 3252 ἡμῖν
3572 3177 3707 3240 καλῶς

529 3271 672 3338 quod
701 3270 846 3324 dictu
881 3270 1038 3326 facile
1065 3279 1169 3336 est,
1207 3273 1416 3326 dierum
1447 3281 1810 3328 trecentorum
1836 3276 2080 3347 quinqua-

2154 3273 2164 3292 '
2195 3269 2368 3336 ἔδοξεν
2399 3269 2857 3342 ἐπισημήνασθαι,
2897 3271 3214 3327 καταλιπεῖν
3251 3290 3314 3326 τε
3358 3277 3466 3338 τοῖς
3494 3271 3705 3342 ἐντυγχὰ-

527 3363 676 3432 ginta
706 3369 964 3432 quatuor,
1011 3379 1132 3418 cum
1165 3371 1344 3419 tamen
1368 3365 1564 3419 solaris
1591 3380 1787 3421 cursus
1816 3367 1932 3422 dies
1958 3383 2078 3423 con

2190 3379 2337 3414 νουσι
2358 3361 2455 3433 τὴν
2475 3362 2567 3414 τοῦ
2595 3363 2918 3434 ζητηθέντος
2941 3365 3142 3436 ἀκριϐῆ
3164 3365 3340 3419 λύσιν.
3367 3367 3427 3418 Et
3451 3365 3502 3418 δὲ
3527 3365 3616 3436 χρὴ
3638 3362 3706 3416 καὶ

527 3455 672 3508 ﬁciat
701 3462 972 3510 trecentos
1017 3457 1296 3528 sexaginta
1335 3457 1578 3526 quinque
1608 3472 1732 3510 cum
1775 3457 1938 3514 unius
1981 3459 2078 3515 diei

2191 3453 2335 3524 ἡμᾶς
2360 3452 2421 3506 τὸ
2463 3454 2698 3508 ὲπεισιὺν
2739 3457 2812 3527 μὴ
2857 3455 3460 3529 ἀποκρύψασθαι,ιφημ“ι
3493 3456 3598 3510 καθ’
3619 3451 3705 3507 ἑτέ-

525 3554 676 3615 parte
701 3555 916 3618 quarta.
949 3547 1024 3600 Ex
1063 3565 1172 3620 quo
1216 3555 1440 3618 apparet
1475 3549 1698 3604 lunares
1730 3565 1925 3606 cursus
1949 3551 2076 3607 duo-

2190 3563 2289 3616 ραν
2311 3545 2544 3598 διάνοιαν
2571 3547 2686 3616 ἦτοι
2710 3547 2935 3619 ἐκδοχὴν
2959 3549 3049 3600 τὸν
3073 3550 3130 3601 ἐν
3155 3551 3221 3619 τῇ
3249 3549 3574 3621 προκειμένῃ
3603 3563 3705 3616 γρα-

519 3639 720 3702 dccim,
776 3639 845 3693 ab
889 3655 999 3693 uno
1049 3641 1216 3694 solari
1271 3655 1460 3702 cursu,
1513 3640 1765 3696 undecim
1803 3643 1994 3698 diebus
2035 3653 2070 3698 e‘

2188 3642 2259 3708 φῇ
2285 3638 2608 3710 δηλούμενον
2635 3641 2870 3713 Χριστὸν
2911 3639 3230 3712 ἡγούμενον,
3265 3643 3407 3696 κατὰ
3442 3641 3522 3702 τὰ,
3553 3659 3569 3691 ι
3605 3638 3704 3690 Ἀπὸ

521 3739 718 3801 quarta
749 3733 914 3786 unius
930 3732 1036 3786 diei
1058 3732 1325 3801 superari.
1351 3731 1558 3788 Idcirco
1580 3740 1634 3788 et
1656 3731 1826 3787 Grazci
1851 3735 2072 3790 etJudae.

2187 3727 2365 3792 ἐξόδου
2400 3729 2557 3797 λόγου
2596 3731 2690 3783 τοῦ
2735 3731 3096 3803 ἀποκριθῆναι
3144 3732 3235 3785 καὶ
3273 3733 3372 3786 τοῦ
3403 3730 3703 3801 οίκοδομῆσαι

519 3829 706 3878 ternos
743 3823 1096 3878 intercalares
1125 3838 1339 3879 menses
1361 3833 1556 3879 octavo
1586 3827 1786 3896 cuique
1818 3840 1963 3881 anno
1989 3827 2070 3881 ad-

2199 3817 2546 3892 Ἰερουσαλὴμ
2573 3821 2677 3884 ἓως
2709 3822 2942 3892 Χριστοῦ
2969 3823 3288 3893 ἡγουμένου,
3325 3843 3342 3876 ›
3373 3825 3468 3878 οὐκ
3489 3823 3625 3877 ἄλλον
3643 3815 3701 3872 εἷ-

519 3911 731 3974 iiciunt.
773 3913 982 3967 Etenim
1010 3915 1056 3968 si
1087 3913 1334 3969 undenos
1368 3930 1492 3969 cum
1515 3917 1676 3972 unius
1706 3925 1860 3986 parte
1891 3925 2070 3988 quarta

2185 3927 2270 3964 ναι
2293 3911 2386 3964 τοῦ
2411 3911 2708 3981 καταλόγου
2736 3915 2842 3967 τῶν
2873 3915 3010 3984 μετά
3033 3916 3131 3986 τὴν
3158 3917 3508 3988 προφητείαν,
3532 3915 3612 3968 καὶ
3631 3911 3702 3981 τὴν

519 4003 690 4058 octies
739 4005 1086 4072 repetiveris,
1133 4005 1298 4058 trium
1349 4008 1616 4063 mensium
1669 4009 1904 4078 spatium
1951 4025 2070 4064 con-

2183 4003 2289 4055 ἀπὸ
2319 4003 2630 4068 Βαϐυλῶνος
2657 4005 2934 4070 ἐπάνοδον,
2980 4008 3341 4078 ἡγησαμένων
3381 4007 3471 4060 τοῦ
3500 4005 3611 4058 λαοῦ
3635 4004 3703 4072 ἀρ-

519 4092 688 4148 ﬁcics.
739 4093 1132 4165 Quadringenti
1191 4098 1354 4168 igitur
1427 4100 1768 4170 septuaginta
1843 4101 2070 4172 quinque

2184 4093 2430 4165 χιερέων,
2472 4094 2564 4158 οὓς
2608 4097 2874 4166 Χριστοὺς
2929 4097 3046 4160 ἔθος
3094 4099 3388 4152 ἀποκαλεῖν
3428 4101 3489 4170 τῇ
3528 4097 3699 4168 Γραφῇ.

519 4189 681 4251 anni,
735 4191 988 4244 octennia
1045 4190 1278 4244 reddunt
1329 4193 1720 4263 quinquaginta
1780 4209 1973 4248 novem
2029 4205 2070 4249 et

2181 4184 2389 4248 Μόνους
2411 4185 2518 4256 γὰρ
2541 4187 2761 4252 τούτους
2788 4189 3197 4260 καθηγήσασθαι
3232 4190 3327 4243 τοῦ
3355 4189 3547 4251 ἔθνους,
3569 4185 3702 4256 ἀρξα-

518 4295 690 4335 annos
749 4290 1010 4350 praeterea
1069 4290 1200 4336 tres.
1263 4283 1399 4338 Cum
1446 4300 1577 4338 vero
1632 4293 1825 4338 octavo
1884 4285 2069 4356 cuique

2185 4274 2376 4344 μένους
2403 4273 2510 4326 ἀπὸ
2544 4275 2717 4346 Ἰησοῦ
2755 4276 2849 4329 τοῦ
2885 4277 3146 4341 Ἰωσεδὲκ,
3184 4277 3276 4330 τοῦ
3306 4279 3493 4350 ἱερέως
3517 4275 3600 4330 τοῦ·
3625 4291 3700 4344 με·

517 4387 661 4425 anno
705 4373 846 4427 terni
902 4375 1294 4429 intercalentur
1343 4391 1594 4437 menses,
1645 4375 1933 4429 conﬁcitur
1985 4391 2068 4430 an~

2180 4364 2364 4432 γάλου,
2403 4364 2539 4435 μετὰ
2583 4366 2679 4437 τὴν
2724 4367 2830 4420 ἀπὺ
2869 4367 3185 4432 Βαϐυλῶνος
3215 4368 3485 4432 ἐπάνοδον,
3509 4367 3592 4420 καὶ
3628 4361 3699 4434 μὲ-

513 4479 706 4519 norum
735 4471 813 4519 'xv
848 4483 1083 4531 summa,
1129 4468 1318 4537 paucis
1360 4468 1615 4522 detractis
1659 4468 1871 4522 diebus.
1917 4467 2064 4537 39]

2181 4475 2270 4529 χρι
2299 4458 2406 4512 τῶν
2433 4457 2637 4530 χρόνων
2677 4461 2772 4532 τῆς
2799 4461 2890 4513 τοῦ
2933 4461 3179 4532 Σωτῆρος
3204 4463 3360 4533 ἡμῶν
3396 4459 3558 4534 Ἰησοῦ
3590 4461 3699 4529 Χρι-

511 4555 662 4621 Quos
691 4557 736 4611 si
769 4556 834 4610 ad
869 4558 1303 4628 quadringentos
1329 4559 1670 4628 septuaginta
1709 4559 1950 4628 quinque
1979 4559 2062 4613 ad-

2149 4551 2304 4613 ,στοῦ
2344 4552 2642 4624 παρουσίας
2675 4554 3107 4624 παρειλήφαμεν.
3149 4550 3314 4625 Οἶμαι
3355 4556 3479 4624 γοῦν
3510 4555 3590 4606 τὸν
3627 4567 3700 4622 με·

509 4649 734 4711 dideris,
767 4649 1136 4703 hebdomadas
1158 4664 1262 4704 Lxx
1289 4651 1566 4705 conﬁcies.
1603 4670 1620 4701 ι
1655 4649 1930 4704 Hactenus
1951 4650 2060 4720 qui-

2175 4639 2305 4707 ταξὺ
2348 4643 2534 4713 χρόνον
2576 4643 2673 4713 τῆς
2711 4643 2912 4696 τούτων
2952 4645 3303 4714 προστασίας,
3345 4644 3464 4698 καθ’
3497 4643 3550 4697 ὃν
3587 4641 3697 4712 ἡγή-

510 4739 633 4794 dem
681 4739 988 4796 Africanus.
1053 4741 1212 4807 Quod
1255 4743 1300 4796 si
1341 4757 1440 4797 nos
1495 4757 1712 4811 quoque
1753 4750 1968 4810 Oportet
2015 4742 2061 4796 in

2175 4751 2356 4798 σαντο,
2391 4733 2679 4804 δηλοῦσθαι
2726 4733 2814 4788 διὰ
2853 4735 2967 4798 τοῦ,
3008 4754 3026 4786 ι
3073 4735 3203 4787 Ἀπὸ
3227 4735 3405 4798 ἐξόδου
3445 4735 3588 4802 λόγου
3621 4729 3695 4782 τοῦ

509 4828 782 4897 ejusmodi
839 4833 986 4886 locos
1055 4832 1332 4901 propriam
1389 4833 1960 4886 commemorationem
2013 4831 2060 4884 in

2173 4821 2532 4896 ἀποκριθῆναι
2570 4826 2662 4877 καὶ
2699 4821 2789 4877 τοῦ
2831 4825 3177 4896 οἰκοδομῆσαι
3237 4825 3576 4897 Ἰερουσαλὴμ
3613 4822 3695 4882 ἕως

499 4913 738 4968 medium
793 4915 1014 4982 aﬁ‘erre,
1057 4919 1181 4972 dico
1239 4933 1346 4972 non
1405 4921 1602 4975 frustra
1655 4937 1831 4990 neque
1873 4935 2050 4976 temeri

2169 4915 2406 4988 Χριστοῦ
2439 4916 2757 4986 ἡγουμένου,
2793 4915 3079 4987 ἑϐδομάδες
3117 4916 3277 4978 ἑπτὰ,
3316 4919 3408 4970 καὶ
3443 4913 3695 4985 ἐϐδομάδες

495 5002 823 5059 divisionem
885 5009 951 5060 ab
1011 5011 1234 5066 oraculo
1295 5026 1418 5066 esse
1479 5011 1676 5066 factam
1735 5013 2046 5084 septuagint;

2169 5011 2520 5082 ἑξηκονταδύο
2539 5029 2552 5042 ·
2587 5031 2606 5063 t
2647 5012 2754 5064 τῶν
2778 5011 2911 5064 ἑτῶν
2935 5013 2990 5064 δὲ
3021 5013 3119 5077 τὰς
3147 5014 3464 5085 ἑϐδομάδας,
3503 5028 3697 5080 συναγο-

502 5097 985 5155 hebdomadarum.
1017 5100 1153 5156 Nam
1200 5120 1322 5158 cum
1369 5121 1463 5159 eas
1496 5105 1738 5160 diviserit
1771 5107 1824 5160 in
1865 5107 2053 5176 prima:

2170 5105 2334 5176 μένας
2359 5104 2438 5166 εἰς
2471 5102 2563 5174 ἔτη
2593 5102 2912 5173 τετρακόσια
2956 5104 3277 5174 ὀγδοήκοντα
3305 5108 3453 5177 τρία,
3497 5105 3594 5158 ἀπὸ
3617 5103 3695 5170 τῆς

498 5199 726 5260 septem,
763 5209 824 5248 ac
863 5194 1054 5250 deinde
1103 5197 1156 5250 in
1189 5198 1326 5252 alias
1368 5199 1646 5268 sexaginta
1677 5201 1834 5262 duas,
1865 5210 1920 5254 et
1949 5217 2046 5270 pos

2165 5194 2346 5266 Κύρου
2389 5193 2666 5264 βασιλείας
2706 5197 2796 5247 ἐπὶ
2827 5195 2924 5264 τὴν
2961 5196 3242 5266 Ῥωμαίων
3282 5193 3694 5268 παρεκτείνεσθαι

495 5282 730 5351 plurima
753 5323 766 5347 ,
791 5301 912 5355 qua:
934 5287 1107 5342 media
1135 5287 1569 5356 interponuntur,
1610 5305 1770 5342 unam
1801 5291 2046 5360 reliquan

2163 5288 2354 5360 ἀρχὴν,
2387 5287 2506 5340 καθ’
2534 5288 2600 5358 ἣν
2643 5287 2918 5358 Πομπήϊος
2957 5288 3236 5360 Ῥωμαίων
3263 5290 3555 5360 στρατηγὸς
3591 5289 3691 5340 ἑπι-

497 5373 779 5440 adjecerit,
823 5391 890 5430 eo
923 5378 1083 5432 modo
1135 5393 1420 5432 numerum
1467 5381 1808 5450 septuaginta
1855 5381 2048 5436 hebdo-

2163 5377 2292 5440 στὰς
2319 5380 2429 5440 τοῖς
2470 5375 2876 5447 Ἰεροσολύμοις,
2903 5371 3014 5428 εἷλε
3050 5377 3146 5446 μὲν
3186 5376 3468 5448 πολιορκίᾳ
3493 5377 3584 5446 τήν
3614 5371 3691 5425 πό-

495 5465 715 5519 madum
737 5467 1047 5536 complevit.
1097 5467 1236 5524 Dicit
1273 5472 1439 5541 igitur
1471 5491 1484 5526 :
1525 5491 1542 5523 ι
1581 5473 1645 5526 Ει
1680 5488 1978 5544 cognosces
2006 5482 2046 5528 el

2159 5469 2260 5534 λιν,
2293 5471 2354 5522 τὸ
2377 5470 2432 5523 δὲ
2464 5473 2572 5522 πᾶν
2612 5469 2760 5532 ἔθνος
2795 5469 2976 5523 δοῦλον
3012 5469 3296 5540 Ῥωμαίοις
3328 5470 3685 5539 κατεστήσατο,

495 5555 765 5628 intelliges
799 5558 868 5612 ab
912 5561 1060 5614 exitu
1109 5565 1396 5628 sermonis,
1439 5571 1498 5618 ut
1539 5569 1968 5634 respondeatur,
2003 5573 2046 5620 el

2157 5563 2232 5626 ὡς
2265 5564 2357 5616 καὶ
2389 5562 2585 5632 φόρους
2629 5559 2686 5625 ἐξ
2711 5553 2914 5614 ἐκείνου
2949 5559 3138 5624 τελεῖν,
3168 5563 3260 5614 καὶ
3287 5564 3397 5623 τοῖς
3434 5557 3687 5630 Ῥωμαίων

491 5647 790 5704 aediﬁcetur
835 5649 1138 5708 Jerusalem
1191 5671 1364 5726 usque
1401 5658 1464 5710 ad
1510 5656 1790 5712 Christum
1833 5657 2042 5721 ducent,

2157 5651 2467 5723 πειθαρχεῖν
2495 5651 2872 5720 ἐπιτάγμασιν.
2922 5649 3043 5702 Ἐπὶ
3088 5649 3273 5703 τοῦτον
3306 5649 3435 5718 γοῦν
3474 5651 3559 5700 τὸν
3583 5643 3689 5717 χρό-

493 5735 857 5796 hebdomades
874 5751 1101 5811 septem,
1121 5752 1174 5798 et
1193 5745 1556 5802 liebdomades
1577 5748 1856 5817 sexaginta
1873 5748 2014 5802 dum.
2029 5769 2044 5799 ι

2155 5762 2244 5800 νον
2267 5747 2294 5797 ὁ
2316 5744 2421 5796 τῶν
2447 5741 2804 5814 τετρακοσίων
2827 5741 3147 5814 ὀγδοήκοντα
3197 5741 3360 5814 τριῶν
3386 5741 3516 5794 ἐτῶν
3554 5753 3687 5808 περι-

491 5827 696 5886 Deinde
724 5833 848 5890 aliis
874 5835 1202 5904 quibusdam
1234 5838 1570 5910 interpositis
1597 5839 1784 5905 rebus,
1813 5838 2042 5896 novissi<

2153 5835 2390 5908 ορίζεται
2420 5831 2667 5904 ἀριθμὸς,
2702 5834 2786 5903 ἐφ’
2829 5832 2886 5886 ὃν
2915 5833 3006 5887 καὶ
3035 5831 3323 5904 κατέληξαν
3357 5833 3406 5884 οἱ
3450 5829 3582 5884 κατὰ
3606 5825 3685 5882 τὸν
