3928 6536
239 385 336 442 613

1054 393 1701 460 DEMONSTRATIONIS
1737 406 2193 470 EVANGELICIE
2234 414 2360 472 LIB.
2410 416 2539 473 VIII.

3355 430 3458 482 θη

237 501 461 566 Μωσέως
501 503 663 574 νόμον
717 507 781 559 ὲκ
832 507 1082 580 πατέρων
1125 513 1370 588 διαδοχῆς
1413 517 1512 590 τὴν
1553 532 1831 592 προστα-λ

1888 541 2028 580 mam
2063 529 2332 601 adjungit,
2364 535 2448 589 his
2471 537 2648 592 verbis
2675 552 2689 588 :
2730 557 2748 588 ι
2787 537 2850 592 Et
2869 539 3209 598 conﬁrmabit
3238 552 3454 613 pactum

229 595 341 648 σίαν
359 594 446 648 τοῦ
470 595 674 660 ἔθνους,
711 600 806 652 καὶ
833 601 928 672 τὴν
959 604 1255 676 ἱερωσύνην
1286 609 1616 681 διειληφότες
1639 631 1652 644 ο
1685 614 1778 680 οὓς

225 686 440 757 Χριστὸν
466 687 768 757 ἡγούμενον
792 692 891 763 τὴν
915 693 1062 748 θείαν
1097 697 1190 749 ἐπὶ
1219 698 1311 751 τοῦ
1343 703 1604 772 παρόντος
1638 707 1776 778 Γρα-

225 775 324 846 φὴν
345 777 617 847 ὀνομάζειν
643 780 1026 852 ὑπολαμϐάνω.
1063 787 1124 838 Et
1151 787 1205 840 δὲ
1234 791 1336 861 χρὴ
1368 793 1460 844 και
1488 794 1576 846 τὸν
1609 775 1778 850 κατά-

223 866 368 940 λογον
408 869 656 924 ἐκθέσθαι
694 874 790 943 τῆς
819 873 926 928 τῶν
955 877 1251 948 ἀρχιερέων
1289 882 1558 955 διαδοχῆς,
1589 887 1697 942 τῶν
1721 891 1778 943 ἐν

222 959 300 1026 τῷ
324 958 623 1033 δηλουμένῳ
652 963 850 1034 μεταξὺ
877 968 1052 1038 χρόνῳ
1073 969 1484 1042 διαγενομένων,
1508 978 1778 1034 καὶτοῦτο

219 1049 382 1112 οὐδεὶς
421 1051 610 1120 φθόνος
653 1057 731 1116 εἰς
776 1059 1114 1127 παράστασιν
1166 1062 1264 1132 τῆς
1313 1064 1419 1118 τῶν
1473 1068 1778 1138 εἰρημένων

222 1139 460 1209 ἀληθείας
505 1146 853 1215 ποιήσασθαι.

1884 618 2069 673 multis
2116 619 2460 677 hebdomada
2507 642 2634 680 una.
2682 647 2699 678 ι
2735 627 2891 693 Quod
2938 639 3116 687 autem
3169 634 3286 690 haec
3343 651 3455 691 non

1881 705 2086 762 frustra
2119 725 2296 780 neque
2327 714 2533 784 absque
2575 717 2763 772 divino
2809 720 2988 776 aillatu
3039 732 3241 780 temere
3282 727 3452 782 eﬂ'usa

1877 800 2008 860 sint,
2043 816 2232 857 eorum
2264 805 2355 872 qui
2376 805 2488 860 haec
2517 813 2777 878 tanquam
2806 809 2902 865 Dei
2929 813 3096 868 verba
3116 819 3452 887 acceperint,

1877 896 2198 958 negaturum
2254 894 2491 949 arbitror
2523 899 2813 955 neminem.
2850 901 2963 957 IIoc
3002 905 3172 975 igitur
3213 908 3450 977 primum

1877 987 2159 1042 commode
2193 991 2351 1044 nobis
2402 992 2580 1046 visum
2621 1004 2706 1050 est
2752 996 3000 1053 adnotari
3051 1013 3324 1070 oportere,
3372 1004 3452 1058 1e-

1877 1077 2236 1148 gentihusque
2267 1087 2326 1133 ut
2374 1082 2600 1152 hujusce
2632 1088 2951 1155 quwstionis
2983 1092 3311 1162 exquisitam
3359 1109 3449 1150 so-

1875 1165 2134 1222 lutionem
2179 1171 2478 1237 inveniant,
2526 1175 2705 1229 locum
2749 1179 3072 1248 relinquere.
3106 1182 3360 1238 Attamen
3400 1185 3447 1241 si

221 1247 288 1284 ne
327 1247 420 1286 nos
446 1236 662 1302 quidem
709 1239 850 1307 quod
889 1239 949 1292 in
994 1251 1230 1297 mentem
1280 1247 1446 1309 venit,
1490 1251 1766 1308 occultare
1806 1264 2038 1324 oportet,
2108 1259 2231 1313 dico
2293 1263 2400 1315 alio
2429 1263 2665 1332 quodam
2704 1282 2873 1324 sensu
2915 1270 3193 1326 Christum
3225 1274 3442 1337 ducem,

219 1322 308 1392 qui
345 1324 397 1378 in
421 1327 664 1394 proxime
688 1331 934 1399 exposita
968 1334 1236 1403 scriptura
1271 1338 1609 1408 signiﬁcatur
1668 1360 1790 1400 esse
1829 1349 2225 1418 accipiendum,
2259 1353 2315 1407 in
2359 1354 2467 1409 illis
2516 1358 2704 1427 utique
2733 1361 2912 1415 verbis
2941 1378 2952 1412 :
2994 1382 3012 1413 ι
3037 1363 3120 1418 Ab
3147 1366 3295 1420 exitu
3327 1383 3444 1422 sero

218 1415 387 1467 monis
438 1422 496 1468 ut
541 1419 955 1486 respondeatur,
986 1432 1036 1478 et
1097 1425 1395 1481 aediﬁcetur
1435 1428 1735 1488 Jerusalem
1773 1415 1963 1505 usque
1983 1440 2050 1492 ad
2101 1415 2379 1498 Christum
2417 1415 2632 1509 ducem:
2691 1468 2708 1500 ι
2752 1449 2994 1520 nihilque
3034 1454 3181 1508 aliud
3243 1457 3448 1512 intelli-

219 1506 440 1574 gendum
490 1523 654 1577 quam
711 1512 942 1576 seriem,
993 1520 1506 1591 successionemque
1553 1524 1889 1592 pontificum,
1951 1531 2044 1599 qui
2101 1541 2224 1600 post
2277 1535 2423 1588 illam
2474 1540 2646 1607 ipsam
2701 1541 3063 1611 prophetiam,
3100 1547 3445 1618 reditumque

223 1598 493 1618 μαι,
559 1617 565 1618 ί
750 1604 761 1618 .
835 1603 855 1618 .
915 1605 979 1618 ..
1200 1609 1219 1618 -
1317 1613 1327 1618 -
1623 1616 1631 1618 μ

216 1598 282 1651 de
312 1598 574 1670 Babylone
605 1604 800 1671 populo
827 1603 1052 1662 Judaico
1083 1609 1414 1678 praefuerint,
1441 1630 1578 1684 quos
1601 1616 1852 1675 Christos
1901 1598 2182 1680 nominare
2235 1642 2406 1683 saera:
2453 1629 2670 1687 Littera:
2712 1645 3134 1692 consueverunt.
3165 1637 3274 1694 Hos
3296 1641 3443 1697 enirn

217 1693 466 1747 duiitaxat
494 1697 641 1765 genti
668 1699 950 1766 praetulisse
1012 1700 1167 1756 initio
1203 1703 1346 1760 facto
1387 1708 1455 1762 ab
1501 1707 1729 1766 Josedec
1777 1716 2058 1770 sacerdote
2109 1734 2325 1790 magno,
2372 1731 2495 1791 post
2559 1725 2793 1780 reditum
2837 1729 2903 1783 de
2947 1727 3222 1801 Babylone
3271 1749 3444 1804 usque

215 1784 278 1834 ad
309 1791 548 1853 tempora
582 1787 844 1844 adventus
888 1789 1186 1848 Salvatoris
1252 1798 1426 1853 nostri
1477 1802 1808 1871 accepimus.
1855 1804 2102 1862 Arbitror
2136 1810 2301 1879 igitur
2352 1814 2736 1870 intermedium
2788 1830 2998 1888 tempus
3044 1838 3152 1892 quo
3188 1823 3265 1877 illi
3302 1841 3441 1895 pra:-

2159 1873 2182 1879 _
2897 1873 2912 1888 .
2947 1873 2988 1874 η
3052 1873 3142 1892 ιη
3302 1873 3412 1895 ιη-

216 1873 424 1928 inerunt
487 1877 783 1946 signiﬁcari
841 1881 949 1937 illis
1012 1885 1251 1941 verbis:
1317 1907 1335 1939 ι
1415 1889 1497 1944 Ab
1545 1893 1693 1948 exitu
1753 1898 2022 1953 sermonis
2082 1907 2140 1952 ut
2201 1902 2610 1971 respondeatur,
2646 1914 2702 1959 et
2776 1907 3072 1963 aediﬁcetur
3140 1909 3444 1969 Jerusalem

215 1980 379 2035 usque
427 1967 494 2020 ad
542 1968 820 2026 Christum
876 1973 1093 2040 ducem,
1153 1976 1516 2036 hebdomades
1555 1994 1756 2054 septem
1796 1994 1850 2041 et
1903 1989 2267 2047 hebdomades
2291 1967 2573 2065 sexaginta
2599 1967 2769 2064 dua};
2801 2017 2819 2048 ι
2852 2013 3118 2054 annorum
3148 2019 3276 2058 vero
3309 2004 3443 2061 heb—

211 2056 485 2124 domadas,
543 2061 586 2116 si
621 2063 935 2136 redigantur
981 2068 1037 2122 in
1087 2085 1293 2138 annos,
1345 2077 1770 2148 quadringentos
1808 2083 2082 2152 octoginta
2113 2094 2245 2152 tres,
2282 2101 2310 2139 a
2346 2102 2514 2157 regno
2543 2089 2669 2160 Cyri
2714 2107 2886 2161 usque
2957 2094 3023 2147 ad
3069 2093 3438 2152 Romanorum

211 2145 486 2214 imperium
506 2156 814 2223 propagari,
868 2173 977 2227 quo
1034 2167 1278 2232 tempore
1334 2164 1624 2237 Pompeius
1677 2170 2044 2230 Romanorum
2074 2177 2371 2246 imperator
2401 2178 2773 2252 Hierosolyma
2801 2199 3117 2253 aggressus,
3139 2187 3428 2244 obsidione

211 2242 421 2310 quidem
445 2246 633 2301 urbem
658 2249 827 2319 ipsam
860 2254 1026 2324 cepit,
1088 2265 1256 2312 totam
1312 2276 1442 2315 vero
1495 2272 1706 2334 gentem
1742 2266 2003 2324 Romanis
2035 2271 2195 2340 392
2256 2271 2461 2328 servire
2509 2275 2707 2344 coegit,
2759 2293 2930 2346 usque
2970 2279 3126 2344 adeo,
3161 2287 3218 2333 ut
3252 2295 3317 2335 ex
3343 2281 3438 2334 illo

211 2341 444 2404 tempore
472 2347 525 2393 et
553 2340 750 2396 tributa
786 2346 1028 2413 pendens
1053 2357 1108 2403 et
1129 2349 1499 2408 Romanorum
1526 2356 1775 2424 jussibus
1813 2361 2198 2433 obtemperans
2223 2362 2405 2418 fuerit.
2434 2365 2515 2418 Ad
2564 2367 2667 2420 hoc
2704 2368 2871 2437 igitur
2911 2378 3145 2440 tempus,
3176 2372 3436 2442 quadrin—

213 2435 490 2494 gentorum
540 2435 815 2504 octoginta
879 2441 1042 2495 trium
1086 2458 1352 2498 annorum
1399 2463 1662 2505 numerus
1707 2452 1946 2518 ducitur,
2016 2455 2070 2509 in
2115 2471 2223 2525 quo
2292 2457 2611 2523 desierunt,
2657 2460 2749 2528 qui
2799 2461 3099 2515 secundum
3141 2462 3436 2519 Mosaicam

208 2515 365 2585 legem
428 2536 494 2574 ex
529 2523 796 2591 majorum
851 2533 1200 2590 successione
1256 2553 1319 2591 ac
1375 2542 1535 2605 serie,
1565 2544 1732 2600 totius
1759 2549 1935 2616 gentis
1978 2548 2345 2617 principatum
2393 2557 2446 2603 et
2495 2553 2858 2606 sacerdotium
2911 2555 3234 2624 capiebant,
3287 2573 3431 2626 quos

208 2606 267 2626 ,η
309 2610 320 2620 .
358 2619 370 2626 ,
533 2613 546 2626 .
834 2618 864 2626 η
939 2623 949 2626 -

1759 2606 1788 2616 ν
1981 2606 1996 2617 .
2160 2606 2176 2617 .
3291 2606 3428 2626 *ιν-’-

207 2606 475 2664 Christum
515 2613 706 2669 ducem
753 2633 782 2671 ιι
830 2618 1117 2692 Scriptura
1159 2627 1339 2684 divina
1380 2632 1573 2689 hocin
1621 2637 1742 2693 loco
1802 2640 2074 2694 nominari
2132 2639 2400 2709 suspicor.
2435 2639 2592 2706 Quod
2631 2644 2676 2698 si
2701 2659 2836 2713 opus
2871 2655 2955 2700 est
3015 2648 3430 2703 enumeratione

205 2717 410 2770 quoque
443 2705 542 2768 uti,
572 2714 626 2760 et
675 2709 896 2778 quinam
939 2714 1031 2770 illo
1062 2716 1382 2776 intermedio
1424 2731 1667 2798 tempore
1699 2729 1762 2783 de
1790 2745 1899 2799 quo
1956 2705 2247 2800 loquimur,
2282 2705 2481 2800 quibus
2546 2736 2934 2801 successerint,
2967 2737 3254 2809 locumque
3280 2739 3433 2793 illum

204 2795 350 2847 tutati
393 2795 526 2862 sint,
563 2814 852 2868 exponere,
913 2822 981 2862 ne
1027 2808 1130 2866 hoc
1171 2814 1387 2882 quidem
1440 2795 1616 2875 facere
1658 2795 2026 2890 gravabimur,
2071 2829 2132 2876 ut
2182 2837 2369 2877 eorum
2392 2839 2513 2895 quae
2540 2825 2683 2880 dicta
2725 2836 2872 2892 sunt,
2919 2830 3202 2883 veritatem
3257 2837 3437 2886 osten-

206 2886 404 2943 damus.

264 2978 482 3048 Πρῶτος
512 2982 688 3035 τοίνυν
729 2988 864 3056 μετὰ
909 2991 1006 3063 τήν
1042 2995 1133 3048 τοῦ
1172 3000 1364 3072 Δανιὴλ
1417 3007 1769 3079 προφητείαν,
1803 3017 1831 3071 Ε

1941 3004 2184 3060 Primum
2225 3006 2392 3077 igitur
2433 3013 2556 3075 post
2605 3005 2778 3076 ipsius
2823 3005 3014 3063 Daniel
3057 3010 3428 3079 prophetiam,

204 3070 285 3122 ἐπὶ
329 3072 513 3143 Κύρου
567 3074 660 3126 τοῦ
719 3076 980 3146 βασιλέως
1024 3086 1267 3158 Περσῶν,
1323 3070 1473 3163 μετὰ.
1651 3070 1762 3152 ἀπὸ,
1805 3070 1830 3071 Ῠ

1863 3096 2005 3168 Cyro
2041 3097 2184 3167 apud
2229 3070 2450 3150 βετωε-
2471 3070 2754 3166 regnante,
2788 3105 2912 3166 post
2957 3070 3189 3153 reditum
3235 3101 3301 3155 de
3331 3070 3434 3157 Ba;

205 3158 509 3228 Βαϐυλῶνος
555 3166 828 3234 ἐπάνοδον,
870 3173 1072 3245 Ἰησοῦς
1115 3182 1143 3233 6
1181 3182 1272 3235 τοῦ
1325 3186 1588 3252 Ἰωσεδὲκ,
1621 3191 1650 3243 6
1687 3191 1759 3242 ἱε-

1863 3158 2073 3261 Iiylone,
2104 3188 2266 3244 Jesus
2309 3190 2453 3245 [ilius
2481 3189 2729 3252 Josedec,
2765 3190 2857 3259 qui
2904 3191 3162 3246 sacerdos
3192 3208 3422 3263 magnus

204 3256 315 3322 ρεὺς
368 3258 398 3310 6
461 3259 633 3329 μέγας
683 3269 1048 3336 χρηματίσας,
1099 3273 1213 3344 ἅμα
1263 3279 1565 3348 Ζοροϐάϐελ
1616 3283 1758 3337 ἄνει-

1863 3256 1942 3336 cst
1973 3282 2171 3347 dictus,
2205 3296 2312 3334 una
2345 3295 2468 3334 cum
2505 3256 2806 3333 Zorobahel
2851 3279 2918 3333 de
2956 3256 3430 3351 Babylonica'sct-

202 3362 274 3398 σιν
333 3349 439 3401 ἀπὸ
497 3353 596 3421 τῆς
656 3358 1059 3427 αἰχμαλωσίας,
1110 3365 1201 3418 καὶ
1259 3366 1536 3438 θεμελίους
1594 3390 1757 3427 κατα-

1863 3371 2027 3424 vitute
2057 3369 2375 3432 revertitur,
2415 3376 2469 3422 et
2499 3367 2579 3421 sic
2606 3366 2962 3422 fundamenta
2996 3349 3180 3439 templi
3208 3372 3427 3440 jaciun-

198 3435 438 3492 ϐάλλεται
502 3443 596 3497 τοῦ
665 3448 830 3519 ἱεροῦ.
891 3451 1026 3504 Ἀλλ’
1086 3455 1459 3526 ὲπισχεθέντος
1522 3463 1614 3516 τοῦ
1662 3464 1754 3535 έρ-

1863 3468 1967 3517 tur.
2015 3459 2120 3514 Sed
2167 3461 2297 3513 dum
2342 3475 2372 3513 a
2419 3458 2613 3513 vicinis
2666 3457 2958 3526 impeditur
3010 3435 3170 3528 opus,
3221 3472 3425 3532 septeni

198 3543 278 3593 γου
327 3530 430 3583 ὑπὸ
469 3533 576 3588 τῶν
609 3539 919 3609 περιοίκων,
953 3545 1007 3595 αἱ
1050 3546 1261 3616 πρῶται
1296 3549 1435 3603 ἑπτά
1468 3553 1754 3623 ἑϐδομάδες

1863 3554 2042 3624 primae
2069 3567 2336 3605 annorum
2367 3550 2754 3612 hebdomades,
2788 3565 2926 3618 quas
2966 3551 3231 3620 propheta
3269 3553 3426 3618 dicit,

196 3618 287 3673 τῶν
325 3623 458 3676 ἐτῶν
490 3627 546 3678 αί
593 3628 679 3683 διὰ
711 3632 803 3684 τοῦ
871 3638 1144 3706 προφήτου
1189 3640 1512 3712 δηλούμεναι
1547 3663 1752 3716 συμπε-

200 3713 455 3743 aqu-.3“--.
520 3720 639 3743 -.ηιμ
678 3721 739 3743 ρ.-
777 3725 798 3743 ,γ
863 3725 908 3743 κε
985 3728 1008 3743 μ
1044 3729 1054 3743 ο
1266 3732 1279 3743 ι
1343 3733 1364 3743 κ
1569 3736 1593 3743 ..
1724 3739 1749 3743 _.

1863 3618 2121 3707 abierunt,
2153 3642 2352 3712 quibus
2377 3643 2564 3711 templi
2594 3641 2879 3695 aediﬁcatio
2921 3641 3173 3696 inchoata
3207 3658 3425 3699 reman-

200 3713 481 3780 Ριιφῦνται,
520 3720 639 3798 καθ’
676 3721 740 3785 ἃς
768 3725 950 3790 ἀτελὲς
980 3728 1190 3799 διέμενε
1231 3732 1290 3784 τὸ
1341 3733 1497 3805 ἔργον
1535 3736 1632 3806 τῆς
1658 3739 1750 3790 τοῦ

200 3803 308 3838 ψιρῦ
337 3808 629 3838 ρ.ιυιι.ἓ,κ..;-
689 3816 872 3838 Α-ι-,-
932 3821 945 3838 ι
1001 3820 1026 3838 n
1060 3823 1081 3836 υ
1180 3821 1236 3838 πο
1411 3827 1434 3836 .-
1687 3829 1711 3838 ...

1863 3736 1944 3790 sit.
1971 3734 2088 3800 Qua
2118 3734 2184 3788 de
2215 3747 2378 3787 causa
2408 3731 2650 3787 divinum
2682 3733 2961 3785 oraculum
2989 3732 3191 3801 primas
3217 3741 3422 3804 septem

196 3803 308 3856 ναοῦ
337 3793 648 3880 οἰκοδομῆς.
680 3816 878 3888 Διόπερ
923 3821 950 3871 6
1001 3793 1139 3884 Osiog
1180 3821 1336 3891 λόγος
1510 3793 1751 3899 συναφῆς

1863 3793 2222 3882 hebdomadas
2253 3841 2283 3880 a
2315 3825 2525 3893 reliqua
2551 3839 2760 3880 summa
2800 3793 3088 3894 disiungit,
3118 3824 3244 3878 dum
3267 3793 3420 3888 dicit,

195 3896 287 3948 τῶν
323 3899 526 3955 λοιπῶν
557 3905 862 3978 ἑϐδομάδων
906 3912 1150 3984 ἀφορίζει
1195 3917 1294 3980 τὰς
1332 3918 1549 3989 πρώτας
1588 3922 1746 3987 ἑπτὰ,

1866 3938 1884 3970 ‹
1925 3918 2300 3974 Hebdomades
2347 3925 2588 3986 septem,
2625 3935 2644 3968 ι
2680 3931 2744 3970 ac
2778 3915 2974 3970 deinde
3023 3932 3090 3971 ex
3138 3917 3424 3974 intervallo

198 3991 400 4060 είπὼν,«
422 3997 744 4070 Ἐϐδομάδες
761 4005 917 4069 ἑπτὰ,
933 4026 951 4057 ν
971 4006 1137 4061 ἔπειθ’
1163 4010 1289 4081 ἑξῆς
1316 4012 1451 4082 μετὰ
1472 4013 1750 4086 διαστολῆς

1863 4012 2095 4082 adjungit
2117 4031 2128 4064 :
2153 4030 2170 4062 ι
2197 4011 2262 4065 Et
2287 4008 2655 4065 hebdomades
2679 4009 2956 4077 sexaginta
2981 4008 3123 4064 duae.
3154 4028 3173 4059 ι
3205 4007 3420 4080 Septem

196 4080 496 4154 ἐπαγαγών,
543 4109 560 4140 ι
602 4093 710 4146 Καὶ
753 4095 1042 4166 ἑϐδομάδες
1087 4099 1455 4170 ἑξηκονταδύο.
1511 4124 1530 4157 ι
1579 4107 1749 4161 Ἑπτά

196 4173 306 4204 ...πη
342 4179 447 4204 ι-λ
484 4180 664 4204 ιτ.ιμ.,
705 4185 787 4204 “ex
831 4187 910 4204 1,\
1002 4189 1012 4204 ι
1249 4191 1264 4204 ς
1293 4195 1303 4204 ,
1551 4197 1575 4204 ..
1722 4197 1743 4204 -

1863 4080 2072 4174 δίων-ιι
2114 4103 2256 4175 Cyro
2307 4103 2375 4156 ad
2424 4101 2606 4170 templi
2655 4101 3067 4156 aediﬁcationem
3117 4101 3420 4156 absolutam

195 4173 306 4239 γοῦν
338 4179 450 4230 ἀπὸ
484 4180 667 4252 Κύρου
703 4185 794 4236 καὶ
827 4187 918 4238 ἐπὶ
963 4189 1060 4260 τὴν
1096 4191 1484 4265 συμπλήρωσιν
1515 4197 1615 4266 τῆς
1654 4197 1746 4250 τοῦ

1863 4211 2116 4249 annorum
2163 4173 2549 4249 hebdomades
2608 4193 2979 4261 reperiuntur.
3031 4192 3161 4248 Inde
3208 4193 3420 4249 animos

196 4265 322 4336 ἱεροῦ
355 4271 647 4342 οἰκοδομῆς
681 4274 972 4346 ἑϐδομάδες
1003 4280 1136 4333 ἐτῶν
1163 4284 1518 4354 εὑρίσκονται.
1559 4287 1746 4342 Ἔνθεν

1863 4295 2125 4343 sumentes
2155 4285 2324 4340 Judaai
2363 4287 2428 4339 ad
2469 4285 2803 4339 Salvatorem
2839 4295 3086 4340 nostrum
3119 4285 3408 4340 dicebant:

193 4356 486 4431 ὁρμώμενοι
541 4364 620 4434 τῷ
672 4366 881 4438 Σωτῆρι
939 4371 1092 4440 ἡμῶν
1137 4373 1318 4443 ἔλεγον
1373 4379 1420 4429 οἱ
1468 4379 1740 4432 Ἰουδαῖοιο
1772 4390 1813 4447 C

1863 4398 1869 4428 ι
1909 4378 2274 4447 Quadraginta
2303 4385 2358 4430 et
2387 4393 2478 4430 sex
2511 4376 2670 4429 annis
2697 4375 3020 4430 mdiﬁcatum
3051 4383 3136 4430 est
3158 4377 3416 4446 templum

198 4465 213 4496 ι
237 4449 648 4524 Τεσσαράκοντα
673 4459 764 4510 καὶ
797 4461 852 4526 ἓξ
879 4460 1052 4516 ἔτεσιν
1085 4465 1399 4539 ᾠκοδομήθη
1433 4469 1461 4520 6
1498 4471 1621 4534 ναὸς
1653 4467 1741 4526 οὗ-

198 4553 266 4570 -λρ
309 4544 401 4570 .,-ὶ
440 4545 501 4570 -3.
540 4547 794 4570 1-._-__\.r
832 4553 854 4570 ,1
919 4552 932 4570 ι
1089 4555 1102 4570 ο
1247 4560 1267 4570 ..
1365 4560 1376 4570 .
1437 4559 1448 4570 .
1605 4562 1739 4570 --...

1865 4489 1965 4536 ιος,
1998 4480 2052 4526 et
2093 4478 2150 4524 tu
2176 4471 2230 4523 in
2274 4470 2450 4522 tribus
2485 4469 2679 4534 diebus
2715 4469 2977 4523 excitabis
3022 4467 3154 4521 illud
3175 4467 3260 4520 81?
3296 4487 3314 4519 ›
3347 4469 3416 4522 At

192 4553 284 4603 τος,
309 4544 407 4596 καὶ
437 4545 503 4597 σὺ
538 4547 596 4598 ὲν
621 4550 795 4619 τρισὶν
829 4552 1060 4622 ἡμέραις
1085 4555 1296 4628 ἐγερεῖς
1322 4559 1513 4624 αὐτόν;
1547 4581 1567 4613 ι
1605 4562 1739 4614 Ἀλλ’

193 4621 308 4661 ατο...
351 4633 453 4661 ..ιη
492 4639 892 4661 ----,.-ι.----.-η
942 4660 947 4661 ,
1008 4645 1020 4661 ς
1063 4644 1118 4661 ιυ-
1162 4646 1184 4661 .o
1383 4648 1395 4661 .
1485 4650 1507 4661 μ
1583 4653 1609 4661 ..
1656 4651 1675 4661 ι.

1865 4561 1920 4613 lli
1959 4559 2177 4629 quidem
2225 4557 2583 4627 quadraginta
2633 4565 2686 4612 et
2735 4557 3043 4628 sex.annis
3089 4557 3412 4612 aediﬁcatum

193 4621 313 4684 οὗτοι
350 4633 453 4703 μὲν
490 4639 895 4708 τεσσαράκοντα
937 4645 1030 4696 καὶ
1061 4644 1119 4709 ἓξ
1159 4646 1332 4700 ἔτεσιν
1366 4648 1740 4722 ᾠκοδομῆσθαι

193 4719 264 4748 ιιι..
301 4727 427 4748 “ML.
484 4727 650 4748 1,-___,
707 4747 713 4748 ,
889 4733 913 4743 ~
1067 4735 1078 4748 ι
1175 4739 1187 4748 .
1245 4738 1257 4748 .
1402 4737 1414 4748 .
1557 4742 1635 4748 ---

1863 4621 2256 4719 esse-templum-
2281 4621 2466 4702 dixere
2504 4665 2518 4701 :
2552 4655 2632 4702 tot
2671 4648 2816 4703 enim
2848 4663 2875 4701 a
2907 4663 3073 4718 regno
3115 4648 3240 4719 Cyri
3270 4649 3416 4717 prio-

190 4719 264 4774 τὸν
301 4727 428 4779 ναὸν
481 4727 716 4797 ἔφασαν
752 4733 988 4787 τοσαῦτα
1019 4735 1126 4808 γὰρ
1164 4738 1270 4791 ἀπὸ
1308 4737 1520 4810 πρώτου
1556 4742 1739 4812 Κύρου

194 4809 447 4843 Luna..-
495 4819 786 4843 n-_-.~__-_
818 4825 839 4843 ι
878 4825 903 4843 -ι
965 4842 968 4843 ,
1045 4827 1070 4837 ιν
1142 4829 1181 4843 π
1224 4829 1252 4843 ιι
1290 4829 1355 4843 ς..
1543 4834 1555 4843 .
1630 4833 1652 4843 ..

1863 4742 1940 4804 is,
1987 4741 2078 4812 qui
2130 4741 2340 4810 primus
2381 4738 2693 4793 Judmorum
2741 4739 3047 4807 quibusque
3102 4739 3413 4794 volentibus

194 4809 468 4881 βασιλείας,
493 4819 552 4882 ὃς
576 4820 787 4889 πρῶτος
810 4825 978 4894 ἀνῆκε
1010 4827 1110 4896 τῆς
1142 4809 1455 4894 Βαϐυλῶνος
1478 4834 1602 4896 τοὺς
1628 4809 1740 4902 βου-

1863 4809 2110 4888 roncessit
2135 4809 2204 4888 de
2229 4832 2498 4903 Babylone
2528 4833 2580 4884 in
2614 4833 2845 4902 patriam
2878 4839 3079 4886 terram
3096 4832 3315 4895 reverti,
3344 4832 3408 4886 ad

191 4898 428 4972 λομένους
468 4910 579 4964 τῶν
617 4915 877 4968 Ἰουδαίων
914 4919 994 4981 εἰς
1029 4919 1125 4989 τὴν
1155 4920 1360 4973 οἰκείαν
1385 4922 1487 4991 γῆν
1527 4923 1740 4976 ἐπανιέ-

1863 4933 2051 4980 .extum
2103 4924 2252 4976 Darii
2293 4925 2445 4994 regni
2489 4939 2714 4986 annum,
2762 4922 3129 4992 colliguntur:
3165 4922 3265 4977 sub
3300 4939 3408 4992 quo

190 5007 281 5059 ναι,
313 4999 407 5052 ἐπὶ
430 5000 492 5052 τὸ
516 5001 669 5056 ἕκτον
696 5004 812 5068 ἔτος
845 5008 1069 5078 Δαρείου
1111 5009 1382 5079 βασιλείας
1425 5014 1734 5082 συνάγεται,

193 5086 294 5112 u-A’
319 5089 373 5112 Ω-.
401 5092 454 5112 _\
503 5111 524 5112 κν
545 5095 569 5112 ρ
637 5095 658 5112 ιι
848 5099 872 5110 ι-
974 5101 984 5112 .
1059 5101 1082 5112 σι
1157 5101 1183 5112 ~
1298 5102 1327 5112 ι.
1459 5103 1494 5112 .-
1713 5107 1736 5112 .-

1863 5017 2017 5070 minis
2062 5014 2350 5070 azdiﬁcatio
2380 5013 2539 5068 ﬁnem
2580 5013 2811 5081 accepit.
2847 5011 2951 5066 Sed
2989 5010 3283 5080 Iosephus,
3315 5027 3410 5063 au-

193 5086 294 5138 110’
317 5089 374 5142 ὃν
397 5092 462 5144 τὸ
494 5095 602 5146 πᾶν
635 5095 790 5165 ἔργον
815 5099 913 5167 τῆς
939 5101 1220 5171 οἰκοδομῆς
1251 5102 1400 5166 τέλος
1427 5103 1646 5176 εἴληφεν
1665 5122 1677 5134 ο
1709 5107 1737 5158 ὅ

1863 5113 1957 5158 stor
1979 5104 2259 5166 Hebraeus,
2295 5104 2432 5158 alios
2455 5111 2568 5158 tres
2599 5118 2772 5157 annos
2794 5101 3043 5171 adjungit
3091 5101 3158 5154 ad
3182 5115 3266 5161 ca,
3290 5115 3410 5167 quae

191 5190 243 5240 γε
272 5181 373 5252 μὴν
400 5183 460 5249 ἐξ
499 5185 763 5257 Ἐϐραίων
799 5189 1055 5261 Ἰώσηπος
1089 5193 1179 5245 καὶ
1217 5194 1372 5247 ἄλλον
1402 5197 1586 5267 τριετῆ
1620 5197 1738 5268 χρό-

1863 5195 2037 5264 emplo
2063 5193 2404 5248 extrinsecus
2427 5191 2691 5245 accedunt
2711 5200 3032 5245 ornamenta
3052 5189 3404 5249 absolvenda,

192 5281 265 5320 νον
286 5275 360 5337 είς
380 5275 482 5346 τὴν
504 5277 612 5328 τῶν
640 5278 834 5344 ἔξωθεν
857 5281 963 5334 τῶν
985 5284 1125 5354 ἀμφὶ
1150 5285 1240 5338 τὸν
1263 5285 1386 5338 ναὸν
1410 5304 1738 5341 κατασκευα-

1863 5293 1894 5338 ιι
1909 5293 2194 5353 propterea
2213 5283 2409 5336 merito
2422 5289 2627 5352 septem
2649 5282 2856 5351 primas
2879 5279 3268 5381 hebdomadas,
3287 5295 3408 5348 quae

1837 5389 2104 5431 summam
2132 5373 2493 5442 quadraginta
2528 5387 2718 5424 novem
2765 5385 3033 5424 annorum
3077 5369 3404 5434 coniiciunt,

1837 5482 1866 5520 a
1895 5465 2104 5520 caeteris
2135 5463 2416 5518 oraculum
2444 5462 2824 5532 propheticum
2863 5463 3218 5531 separavcrit,
3238 5469 3291 5518 et
3319 5477 3405 5516 re-

1838 5559 2012 5628 liquas
2070 5556 2346 5626 sexaginta
2399 5555 2537 5608 duas
2587 5569 2616 5607 a
2677 5553 2825 5608 Darii
2892 5570 3059 5624 regno
3117 5569 3406 5611 numerare

1837 5651 2113 5723 contingat
2163 5666 2174 5701 :
2227 5648 2332 5705 sub
2385 5662 2495 5719 quo
2551 5661 2770 5702 rursum
2836 5644 2995 5704 Jcsus
3053 5648 3195 5705 ﬁlius
3245 5647 3408 5704 Jose-

193 5361 390 5426 σμάτων
444 5367 835 5440 συμπλήρωσιν
899 5373 1129 5444 ἔφησεν,
1190 5375 1317 5429 ὥστ’
1372 5378 1594 5440 εἰκότως
1649 5378 1736 5431 διά

191 5449 337 5506 ταῦτα
359 5455 460 5520 τὰς
482 5459 622 5512 ἑπτά
649 5461 868 5532 πρώτας
889 5465 1202 5535 ἑϐδομάδας.
1229 5469 1307 5530 είς
1340 5468 1434 5535 ἔτη
1463 5469 1616 5521 ἐννέα
1644 5469 1735 5522 καὶ

190 5548 572 5618 τεσσαράκοντα
627 5556 1016 5620 συντεινούσας,
1065 5560 1390 5632 ἀφωρίσθαι,
1449 5560 1589 5614 κατὰ
1643 5562 1734 5615 τὸν

189 5629 272 5703 τῆς
307 5643 638 5711 προφητείας
682 5646 867 5716 λόγον’
904 5648 1002 5713 τὰς
1044 5650 1100 5703 δὲ
1144 5629 1334 5716 λοιπὰς
1379 5651 1733 5724 ἑξηκονταδύο

246 5787 284 5821 ⁸⁸
312 5791 466 5851 Joan.
500 5813 560 5862 ιι,
602 5797 656 5855 8.
