  <div class='ocr_page' id='page_1' title='image "/cluster/home/n/w/nwhite01/storage/ocr_20150623/22/hvd.32044020605168/337.png"; bbox 0 0 3928 6530; ppageno 0'>
   <div class='ocr_carea' id='block_1_1' title="bbox 571 404 678 460">
    <p class='ocr_par' dir='ltr' id='par_1_1' title="bbox 571 404 678 460">
     <span class='ocr_line' id='line_1_1' title="bbox 571 404 678 460; baseline 0.019 -2"><span class='ocrx_word' id='word_1_1' title='bbox 571 404 678 460; x_wconf 70' lang='grc'><strong>615</strong></span> 
     </span>
    </p>
   </div>
   <div class='ocr_carea' id='block_1_2' title="bbox 1173 394 3113 457">
    <p class='ocr_par' dir='ltr' id='par_1_2' title="bbox 1173 394 3113 457">
     <span class='ocr_line' id='line_1_2' title="bbox 1173 394 3113 457; baseline 0 -1"><span class='ocrx_word' id='word_1_2' title='bbox 1173 397 1443 457; x_wconf 83' lang='lat' dir='ltr'><strong>EUSEBII</strong></span> <span class='ocrx_word' id='word_1_3' title='bbox 1481 394 1958 454; x_wconf 64' lang='lat' dir='ltr'><strong>CESARIENSlS</strong></span> <span class='ocrx_word' id='word_1_4' title='bbox 1992 396 2144 455; x_wconf 88' lang='lat' dir='ltr'><strong>OPP.</strong></span> <span class='ocrx_word' id='word_1_5' title='bbox 2182 395 2365 453; x_wconf 72' lang='lat' dir='ltr'><strong>PARS</strong></span> <span class='ocrx_word' id='word_1_6' title='bbox 2398 395 2466 453; x_wconf 84' lang='lat' dir='ltr'><strong>ll.</strong></span> <span class='ocrx_word' id='word_1_7' title='bbox 2504 427 2574 438; x_wconf 89' lang='lat'><strong>—</strong></span> <span class='ocrx_word' id='word_1_8' title='bbox 2610 394 3113 456; x_wconf 77' lang='lat' dir='ltr'><strong>APOLOGETICA.</strong></span> 
     </span>
    </p>
   </div>
   <div class='ocr_carea' id='block_1_3' title="bbox 3626 410 3747 495">
    <p class='ocr_par' dir='ltr' id='par_1_3' title="bbox 3626 410 3747 495">
     <span class='ocr_line' id='line_1_3' title="bbox 3626 410 3747 495; baseline 0.033 -29"><span class='ocrx_word' id='word_1_9' title='bbox 3626 492 3629 495; x_wconf 13' lang='grc' dir='ltr'><em>Α</em></span> <span class='ocrx_word' id='word_1_10' title='bbox 3668 410 3747 470; x_wconf 75' lang='grc' dir='ltr'><strong>ιιι</strong></span> 
     </span>
    </p>
   </div>
   <div class='ocr_carea' id='block_1_4' title="bbox 570 500 2129 593">
    <p class='ocr_par' dir='ltr' id='par_1_4' title="bbox 570 500 2129 585">
     <span class='ocr_line' id='line_1_4' title="bbox 570 500 2129 585; baseline -0.003 -11"><span class='ocrx_word' id='word_1_11' title='bbox 570 521 709 585; x_wconf 85' lang='lat' dir='ltr'><strong>dcc,</strong></span> <span class='ocrx_word' id='word_1_12' title='bbox 752 525 807 573; x_wconf 89' lang='lat' dir='ltr'><strong>et</strong></span> <span class='ocrx_word' id='word_1_13' title='bbox 852 500 1156 572; x_wconf 59' lang='lat' dir='ltr'><strong>Zorobabcl</strong></span> <span class='ocrx_word' id='word_1_14' title='bbox 1211 514 1357 570; x_wconf 85' lang='lat' dir='ltr'><strong>ﬁlius</strong></span> <span class='ocrx_word' id='word_1_15' title='bbox 1422 511 1720 578; x_wconf 89' lang='lat' dir='ltr'><strong>Salathiel,</strong></span> <span class='ocrx_word' id='word_1_16' title='bbox 1782 528 1909 568; x_wconf 91' lang='lat' dir='ltr'><strong>cum</strong></span> <span class='ocrx_word' id='word_1_17' title='bbox 1959 514 2129 570; x_wconf 81' lang='lat' dir='ltr'><strong>adhuc</strong></span> 
     </span>
    </p>
   </div>
   <div class='ocr_carea' id='block_1_5' title="bbox 2231 500 3749 593">
    <p class='ocr_par' dir='ltr' id='par_1_5' title="bbox 2240 511 3749 593">
     <span class='ocr_line' id='line_1_5' title="bbox 2240 511 3749 593; baseline 0.005 -26"><span class='ocrx_word' id='word_1_18' title='bbox 2240 512 2347 567; x_wconf 81' lang='grc' dir='ltr'>ἀπὸ</span> <span class='ocrx_word' id='word_1_19' title='bbox 2382 513 2484 584; x_wconf 84' lang='grc' dir='ltr'>τῆς</span> <span class='ocrx_word' id='word_1_20' title='bbox 2523 512 2746 586; x_wconf 82' lang='grc' dir='ltr'><strong>Δαρείου</strong></span> <span class='ocrx_word' id='word_1_21' title='bbox 2787 511 3243 585; x_wconf 81' lang='grc' dir='ltr'><strong>καταριθμεῖσθαι</strong></span> <span class='ocrx_word' id='word_1_22' title='bbox 3274 514 3540 586; x_wconf 74' lang='grc' dir='ltr'><strong>βασιλείας</strong></span> <span class='ocrx_word' id='word_1_23' title='bbox 3569 523 3749 593; x_wconf 76' lang='grc' dir='ltr'>συμϐαί-</span> 
     </span>
    </p>
   </div>
   <div class='ocr_carea' id='block_1_6' title="bbox 570 606 2140 682">
    <p class='ocr_par' dir='ltr' id='par_1_6' title="bbox 570 606 2140 682">
     <span class='ocr_line' id='line_1_6' title="bbox 570 606 2140 682; baseline -0.001 -18"><span class='ocrx_word' id='word_1_24' title='bbox 570 611 731 682; x_wconf 79' lang='lat'><strong><em>393</em></strong></span> <span class='ocrx_word' id='word_1_25' title='bbox 750 609 1021 673; x_wconf 76' lang='lat' dir='ltr'><strong>viverent,</strong></span> <span class='ocrx_word' id='word_1_26' title='bbox 1050 606 1210 661; x_wconf 79' lang='lat' dir='ltr'><strong>ambo</strong></span> <span class='ocrx_word' id='word_1_27' title='bbox 1239 606 1624 662; x_wconf 89' lang='lat' dir='ltr'><strong>instaurationi</strong></span> <span class='ocrx_word' id='word_1_28' title='bbox 1662 606 1851 677; x_wconf 87' lang='lat' dir='ltr'><strong>templi</strong></span> <span class='ocrx_word' id='word_1_29' title='bbox 1905 606 2140 676; x_wconf 65' lang='lat' dir='ltr'><strong>praefue-</strong></span> 
     </span>
    </p>
   </div>
   <div class='ocr_carea' id='block_1_7' title="bbox 569 696 2140 773">
    <p class='ocr_par' dir='ltr' id='par_1_7' title="bbox 569 696 2140 773">
     <span class='ocr_line' id='line_1_7' title="bbox 569 696 2140 773; baseline -0.004 -18"><span class='ocrx_word' id='word_1_30' title='bbox 569 708 721 766; x_wconf 86' lang='lat' dir='ltr'><strong>runt,</strong></span> <span class='ocrx_word' id='word_1_31' title='bbox 756 697 1052 773; x_wconf 68' lang='lat' dir='ltr'><strong>prophetiae</strong></span> <span class='ocrx_word' id='word_1_32' title='bbox 1104 711 1306 750; x_wconf 87' lang='lat' dir='ltr'><strong>munus</strong></span> <span class='ocrx_word' id='word_1_33' title='bbox 1338 696 1555 750; x_wconf 89' lang='lat' dir='ltr'><strong>interim</strong></span> <span class='ocrx_word' id='word_1_34' title='bbox 1605 697 1990 752; x_wconf 76' lang='lat' dir='ltr'><strong>exercentibus</strong></span> <span class='ocrx_word' id='word_1_35' title='bbox 2030 696 2140 766; x_wconf 84' lang='lat' dir='ltr'><strong>Ag-</strong></span> 
     </span>
    </p>
   </div>
   <div class='ocr_carea' id='block_1_8' title="bbox 569 787 2142 864">
    <p class='ocr_par' dir='ltr' id='par_1_8' title="bbox 569 787 2142 864">
     <span class='ocr_line' id='line_1_8' title="bbox 569 787 2142 864; baseline -0.001 -17"><span class='ocrx_word' id='word_1_36' title='bbox 569 807 686 864; x_wconf 71' lang='lat' dir='ltr'><strong>gaao</strong></span> <span class='ocrx_word' id='word_1_37' title='bbox 711 799 766 847; x_wconf 89' lang='lat' dir='ltr'><strong>et</strong></span> <span class='ocrx_word' id='word_1_38' title='bbox 793 790 1079 855; x_wconf 83' lang='lat' dir='ltr'><strong>Zacharia,</strong></span> <span class='ocrx_word' id='word_1_39' title='bbox 1109 800 1229 860; x_wconf 91' lang='lat' dir='ltr'><strong>post</strong></span> <span class='ocrx_word' id='word_1_40' title='bbox 1252 804 1391 859; x_wconf 86' lang='lat' dir='ltr'><strong>quos</strong></span> <span class='ocrx_word' id='word_1_41' title='bbox 1418 787 1622 845; x_wconf 86' lang='lat' dir='ltr'><strong>Esdras</strong></span> <span class='ocrx_word' id='word_1_42' title='bbox 1663 796 1716 844; x_wconf 91' lang='lat' dir='ltr'><strong>et</strong></span> <span class='ocrx_word' id='word_1_43' title='bbox 1752 788 2045 844; x_wconf 88' lang='lat' dir='ltr'><strong>Nebemias</strong></span> <span class='ocrx_word' id='word_1_44' title='bbox 2074 789 2142 845; x_wconf 86' lang='lat' dir='ltr'><strong>de</strong></span> 
     </span>
    </p>
   </div>
   <div class='ocr_carea' id='block_1_9' title="bbox 569 880 2141 955">
    <p class='ocr_par' dir='ltr' id='par_1_9' title="bbox 569 880 2141 955">
     <span class='ocr_line' id='line_1_9' title="bbox 569 880 2141 955; baseline -0.003 -16"><span class='ocrx_word' id='word_1_45' title='bbox 569 885 841 955; x_wconf 81' lang='lat' dir='ltr'><strong>Babylone</strong></span> <span class='ocrx_word' id='word_1_46' title='bbox 882 881 1069 936; x_wconf 92' lang='lat' dir='ltr'><strong>itidem</strong></span> <span class='ocrx_word' id='word_1_47' title='bbox 1118 880 1348 940; x_wconf 84' lang='lat' dir='ltr'><strong>reversi,</strong></span> <span class='ocrx_word' id='word_1_48' title='bbox 1382 896 1600 934; x_wconf 89' lang='lat' dir='ltr'><strong>murum</strong></span> <span class='ocrx_word' id='word_1_49' title='bbox 1663 880 2141 936; x_wconf 87' lang='lat' dir='ltr'><strong>circumdederunt</strong></span> 
     </span>
    </p>
   </div>
   <div class='ocr_carea' id='block_1_10' title="bbox 567 971 2141 1040">
    <p class='ocr_par' dir='ltr' id='par_1_10' title="bbox 567 971 2141 1040">
     <span class='ocr_line' id='line_1_10' title="bbox 567 971 2141 1040; baseline -0.003 -11"><span class='ocrx_word' id='word_1_50' title='bbox 567 975 799 1030; x_wconf 74' lang='lat' dir='ltr'><strong>civitati.</strong></span> <span class='ocrx_word' id='word_1_51' title='bbox 861 972 1017 1027; x_wconf 90' lang='lat' dir='ltr'><strong>Tunc</strong></span> <span class='ocrx_word' id='word_1_52' title='bbox 1075 983 1255 1027; x_wconf 88' lang='lat' dir='ltr'><strong>autem</strong></span> <span class='ocrx_word' id='word_1_53' title='bbox 1304 971 1678 1040; x_wconf 87' lang='lat' dir='ltr'><strong>pontiﬁcatum</strong></span> <span class='ocrx_word' id='word_1_54' title='bbox 1725 971 2141 1027; x_wconf 80' lang='lat' dir='ltr'><strong>administrabat</strong></span> 
     </span>
    </p>
   </div>
   <div class='ocr_carea' id='block_1_11' title="bbox 566 1062 2140 1136">
    <p class='ocr_par' dir='ltr' id='par_1_11' title="bbox 566 1062 2140 1136">
     <span class='ocr_line' id='line_1_11' title="bbox 566 1062 2140 1136; baseline 0.002 -18"><span class='ocrx_word' id='word_1_55' title='bbox 566 1062 839 1129; x_wconf 80' lang='lat' dir='ltr'><strong>Joachim,</strong></span> <span class='ocrx_word' id='word_1_56' title='bbox 868 1063 960 1126; x_wconf 85' lang='lat' dir='ltr'><strong>qui</strong></span> <span class='ocrx_word' id='word_1_57' title='bbox 1004 1062 1133 1118; x_wconf 83' lang='lat' dir='ltr'><strong>Jesu</strong></span> <span class='ocrx_word' id='word_1_58' title='bbox 1160 1063 1255 1117; x_wconf 88' lang='lat' dir='ltr'><strong>ﬁlii</strong></span> <span class='ocrx_word' id='word_1_59' title='bbox 1302 1063 1533 1120; x_wconf 82' lang='lat' dir='ltr'><strong>Jnsedec</strong></span> <span class='ocrx_word' id='word_1_60' title='bbox 1588 1063 1733 1120; x_wconf 88' lang='lat' dir='ltr'><strong>ﬁlius</strong></span> <span class='ocrx_word' id='word_1_61' title='bbox 1789 1064 1984 1128; x_wconf 75' lang='lat' dir='ltr'><strong>fuerat,</strong></span> <span class='ocrx_word' id='word_1_62' title='bbox 2016 1073 2140 1136; x_wconf 89' lang='lat' dir='ltr'><strong>post</strong></span> 
     </span>
    </p>
   </div>
   <div class='ocr_carea' id='block_1_12' title="bbox 566 1156 2142 1230">
    <p class='ocr_par' dir='ltr' id='par_1_12' title="bbox 566 1156 2142 1230">
     <span class='ocr_line' id='line_1_12' title="bbox 566 1156 2142 1230; baseline -0.003 -16"><span class='ocrx_word' id='word_1_63' title='bbox 566 1173 727 1230; x_wconf 84' lang='lat' dir='ltr'><strong>quem</strong></span> <span class='ocrx_word' id='word_1_64' title='bbox 761 1159 1030 1214; x_wconf 86' lang='lat' dir='ltr'><strong>successit</strong></span> <span class='ocrx_word' id='word_1_65' title='bbox 1062 1158 1304 1225; x_wconf 79' lang='lat' dir='ltr'><strong>Eliasib;</strong></span> <span class='ocrx_word' id='word_1_66' title='bbox 1343 1157 1539 1212; x_wconf 88' lang='lat' dir='ltr'><strong>deinde</strong></span> <span class='ocrx_word' id='word_1_67' title='bbox 1568 1156 1759 1220; x_wconf 79' lang='lat' dir='ltr'><strong>.Iodae,</strong></span> <span class='ocrx_word' id='word_1_68' title='bbox 1790 1172 1951 1227; x_wconf 85' lang='lat' dir='ltr'><strong>quem</strong></span> <span class='ocrx_word' id='word_1_69' title='bbox 1982 1170 2142 1210; x_wconf 87' lang='lat' dir='ltr'><strong>secu-</strong></span> 
     </span>
    </p>
   </div>
   <div class='ocr_carea' id='block_1_13' title="bbox 567 1246 2138 1317">
    <p class='ocr_par' dir='ltr' id='par_1_13' title="bbox 567 1246 2138 1317">
     <span class='ocr_line' id='line_1_13' title="bbox 567 1246 2138 1317; baseline 0 -14"><span class='ocrx_word' id='word_1_70' title='bbox 567 1256 657 1304; x_wconf 93' lang='lat' dir='ltr'><strong>tus</strong></span> <span class='ocrx_word' id='word_1_71' title='bbox 703 1258 788 1305; x_wconf 87' lang='lat' dir='ltr'><strong>cst</strong></span> <span class='ocrx_word' id='word_1_72' title='bbox 829 1247 1131 1315; x_wconf 85' lang='lat' dir='ltr'><strong>Jouathas;</strong></span> <span class='ocrx_word' id='word_1_73' title='bbox 1183 1249 1330 1302; x_wconf 91' lang='lat' dir='ltr'><strong>hunc</strong></span> <span class='ocrx_word' id='word_1_74' title='bbox 1389 1248 1602 1317; x_wconf 76' lang='lat' dir='ltr'><strong>excepit</strong></span> <span class='ocrx_word' id='word_1_75' title='bbox 1646 1246 1873 1303; x_wconf 77' lang='lat' dir='ltr'><strong>Jaddus.</strong></span> <span class='ocrx_word' id='word_1_76' title='bbox 1932 1246 2138 1303; x_wconf 82' lang='lat' dir='ltr'><strong>Horum</strong></span> 
     </span>
    </p>
   </div>
   <div class='ocr_carea' id='block_1_14' title="bbox 566 1336 2141 1411">
    <p class='ocr_par' dir='ltr' id='par_1_14' title="bbox 566 1336 2141 1411">
     <span class='ocr_line' id='line_1_14' title="bbox 566 1336 2141 1411; baseline -0.001 -16"><span class='ocrx_word' id='word_1_77' title='bbox 566 1341 731 1395; x_wconf 85' lang='lat' dir='ltr'><strong>etiam</strong></span> <span class='ocrx_word' id='word_1_78' title='bbox 765 1341 909 1411; x_wconf 89' lang='lat' dir='ltr'><strong>apud</strong></span> <span class='ocrx_word' id='word_1_79' title='bbox 946 1339 1175 1394; x_wconf 85' lang='lat' dir='ltr'><strong>Esdram</strong></span> <span class='ocrx_word' id='word_1_80' title='bbox 1206 1341 1262 1393; x_wconf 89' lang='lat' dir='ltr'><strong>ﬁt</strong></span> <span class='ocrx_word' id='word_1_81' title='bbox 1280 1341 1503 1401; x_wconf 90' lang='lat' dir='ltr'><strong>mentio,</strong></span> <span class='ocrx_word' id='word_1_82' title='bbox 1530 1339 1616 1394; x_wconf 88' lang='lat' dir='ltr'><strong>his</strong></span> <span class='ocrx_word' id='word_1_83' title='bbox 1642 1338 1823 1393; x_wconf 81' lang='lat' dir='ltr'><strong>verbis</strong></span> <span class='ocrx_word' id='word_1_84' title='bbox 1850 1358 1862 1392; x_wconf 91' lang='lat'>:</span> <span class='ocrx_word' id='word_1_85' title='bbox 1902 1357 1921 1389; x_wconf 82' lang='grc' dir='ltr'><strong>ι</strong></span> <span class='ocrx_word' id='word_1_86' title='bbox 1956 1337 2022 1391; x_wconf 88' lang='lat' dir='ltr'><strong>Et</strong></span> <span class='ocrx_word' id='word_1_87' title='bbox 2048 1336 2141 1393; x_wconf 86' lang='lat' dir='ltr'><strong>Je-</strong></span> 
     </span>
    </p>
   </div>
   <div class='ocr_carea' id='block_1_15' title="bbox 565 1427 2139 1500">
    <p class='ocr_par' dir='ltr' id='par_1_15' title="bbox 565 1427 2139 1500">
     <span class='ocr_line' id='line_1_15' title="bbox 565 1427 2139 1500; baseline -0.003 -15"><span class='ocrx_word' id='word_1_88' title='bbox 565 1445 661 1485; x_wconf 90' lang='lat' dir='ltr'><strong>sus</strong></span> <span class='ocrx_word' id='word_1_89' title='bbox 700 1433 887 1500; x_wconf 82' lang='lat' dir='ltr'><strong>genuit</strong></span> <span class='ocrx_word' id='word_1_90' title='bbox 911 1428 1183 1492; x_wconf 83' lang='lat' dir='ltr'><strong>Joachim,</strong></span> <span class='ocrx_word' id='word_1_91' title='bbox 1219 1438 1272 1483; x_wconf 90' lang='lat' dir='ltr'><strong>et</strong></span> <span class='ocrx_word' id='word_1_92' title='bbox 1324 1428 1570 1483; x_wconf 84' lang='lat' dir='ltr'><strong>Joacbim</strong></span> <span class='ocrx_word' id='word_1_93' title='bbox 1605 1429 1790 1499; x_wconf 83' lang='lat' dir='ltr'><strong>genuit</strong></span> <span class='ocrx_word' id='word_1_94' title='bbox 1820 1427 2046 1495; x_wconf 86' lang='lat' dir='ltr'><strong>Eliasib,</strong></span> <span class='ocrx_word' id='word_1_95' title='bbox 2084 1435 2139 1482; x_wconf 88' lang='lat' dir='ltr'><strong>et</strong></span> 
     </span>
    </p>
   </div>
   <div class='ocr_carea' id='block_1_16' title="bbox 567 1519 2138 1591">
    <p class='ocr_par' dir='ltr' id='par_1_16' title="bbox 567 1519 2138 1591">
     <span class='ocr_line' id='line_1_16' title="bbox 567 1519 2138 1591; baseline -0.001 -17"><span class='ocrx_word' id='word_1_96' title='bbox 567 1520 771 1574; x_wconf 81' lang='lat' dir='ltr'><strong>Eliasib</strong></span> <span class='ocrx_word' id='word_1_97' title='bbox 816 1522 1003 1591; x_wconf 80' lang='lat' dir='ltr'><strong>genuit</strong></span> <span class='ocrx_word' id='word_1_98' title='bbox 1043 1519 1233 1582; x_wconf 83' lang='lat' dir='ltr'><strong>Jodae,</strong></span> <span class='ocrx_word' id='word_1_99' title='bbox 1261 1531 1312 1574; x_wconf 90' lang='lat' dir='ltr'><strong>et</strong></span> <span class='ocrx_word' id='word_1_100' title='bbox 1335 1519 1506 1575; x_wconf 83' lang='lat' dir='ltr'><strong>Jodae</strong></span> <span class='ocrx_word' id='word_1_101' title='bbox 1548 1520 1735 1590; x_wconf 79' lang='lat' dir='ltr'><strong>genuit</strong></span> <span class='ocrx_word' id='word_1_102' title='bbox 1759 1519 2054 1583; x_wconf 78' lang='lat' dir='ltr'><strong>Jouatban,</strong></span> <span class='ocrx_word' id='word_1_103' title='bbox 2085 1527 2138 1574; x_wconf 90' lang='lat' dir='ltr'><strong>et</strong></span> 
     </span>
    </p>
   </div>
   <div class='ocr_carea' id='block_1_17' title="bbox 562 1611 2137 1683">
    <p class='ocr_par' dir='ltr' id='par_1_17' title="bbox 562 1611 2137 1683">
     <span class='ocr_line' id='line_1_17' title="bbox 562 1611 2137 1683; baseline -0.001 -16"><span class='ocrx_word' id='word_1_104' title='bbox 562 1612 833 1667; x_wconf 78' lang='lat' dir='ltr'><strong>Jonathan</strong></span> <span class='ocrx_word' id='word_1_105' title='bbox 864 1615 1049 1683; x_wconf 79' lang='lat' dir='ltr'><strong>genuit</strong></span> <span class='ocrx_word' id='word_1_106' title='bbox 1074 1612 1388 1667; x_wconf 75' lang='lat' dir='ltr'><strong>Jaddum‘&quot;.</strong></span> <span class='ocrx_word' id='word_1_107' title='bbox 1422 1632 1441 1663; x_wconf 81' lang='grc' dir='ltr'>ι</span> <span class='ocrx_word' id='word_1_108' title='bbox 1476 1611 1742 1682; x_wconf 83' lang='lat' dir='ltr'><strong>Tempore</strong></span> <span class='ocrx_word' id='word_1_109' title='bbox 1763 1620 1942 1666; x_wconf 88' lang='lat' dir='ltr'><strong>autem</strong></span> <span class='ocrx_word' id='word_1_110' title='bbox 1972 1611 2137 1681; x_wconf 83' lang='lat' dir='ltr'><strong>hujus</strong></span> 
     </span>
    </p>
   </div>
   <div class='ocr_carea' id='block_1_18' title="bbox 562 1703 2137 1770">
    <p class='ocr_par' dir='ltr' id='par_1_18' title="bbox 562 1703 2137 1770">
     <span class='ocr_line' id='line_1_18' title="bbox 562 1703 2137 1770; baseline -0.002 -9"><span class='ocrx_word' id='word_1_111' title='bbox 562 1705 761 1769; x_wconf 82' lang='lat' dir='ltr'><strong>Jaddu,</strong></span> <span class='ocrx_word' id='word_1_112' title='bbox 793 1707 1100 1761; x_wconf 79' lang='lat' dir='ltr'><strong>Alexander</strong></span> <span class='ocrx_word' id='word_1_113' title='bbox 1122 1706 1344 1760; x_wconf 79' lang='lat' dir='ltr'><strong>Macedo</strong></span> <span class='ocrx_word' id='word_1_114' title='bbox 1369 1706 1753 1759; x_wconf 77' lang='lat' dir='ltr'><strong>Alexandriam</strong></span> <span class='ocrx_word' id='word_1_115' title='bbox 1782 1703 2044 1770; x_wconf 87' lang='lat' dir='ltr'><strong>condidit,</strong></span> <span class='ocrx_word' id='word_1_116' title='bbox 2076 1711 2137 1758; x_wconf 90' lang='lat' dir='ltr'><strong>ut</strong></span> 
     </span>
    </p>
   </div>
   <div class='ocr_carea' id='block_1_19' title="bbox 561 1797 2136 1868">
    <p class='ocr_par' dir='ltr' id='par_1_19' title="bbox 561 1797 2136 1868">
     <span class='ocr_line' id='line_1_19' title="bbox 561 1797 2136 1868; baseline -0.001 -17"><span class='ocrx_word' id='word_1_117' title='bbox 561 1797 839 1867; x_wconf 83' lang='lat' dir='ltr'><strong>Josephus</strong></span> <span class='ocrx_word' id='word_1_118' title='bbox 864 1799 1130 1868; x_wconf 89' lang='lat' dir='ltr'><strong>scriptum</strong></span> <span class='ocrx_word' id='word_1_119' title='bbox 1170 1798 1413 1866; x_wconf 74' lang='lat' dir='ltr'><strong>reliquit,</strong></span> <span class='ocrx_word' id='word_1_120' title='bbox 1442 1804 1495 1851; x_wconf 88' lang='lat' dir='ltr'><strong>et</strong></span> <span class='ocrx_word' id='word_1_121' title='bbox 1526 1797 1899 1867; x_wconf 80' lang='lat' dir='ltr'><strong>Hierosolyma</strong></span> <span class='ocrx_word' id='word_1_122' title='bbox 1924 1797 2136 1865; x_wconf 84' lang='lat' dir='ltr'><strong>ingres-</strong></span> 
     </span>
    </p>
   </div>
   <div class='ocr_carea' id='block_1_20' title="bbox 2241 600 3749 685">
    <p class='ocr_par' dir='ltr' id='par_1_20' title="bbox 2241 600 3749 685">
     <span class='ocr_line' id='line_1_20' title="bbox 2241 600 3749 685; baseline 0.003 -27"><span class='ocrx_word' id='word_1_123' title='bbox 2241 621 2340 668; x_wconf 88' lang='grc' dir='ltr'>νει,</span> <span class='ocrx_word' id='word_1_124' title='bbox 2370 604 2491 659; x_wconf 75' lang='grc' dir='ltr'>καθ’</span> <span class='ocrx_word' id='word_1_125' title='bbox 2524 603 2583 657; x_wconf 82' lang='grc' dir='ltr'><strong>δν</strong></span> <span class='ocrx_word' id='word_1_126' title='bbox 2614 600 2768 667; x_wconf 81' lang='grc' dir='ltr'>αὖθις</span> <span class='ocrx_word' id='word_1_127' title='bbox 2801 602 3009 675; x_wconf 78' lang='grc' dir='ltr'>Ἰησοῦς</span> <span class='ocrx_word' id='word_1_128' title='bbox 3032 605 3061 657; x_wconf 93' lang='lat'><strong>6</strong></span> <span class='ocrx_word' id='word_1_129' title='bbox 3091 603 3187 657; x_wconf 92' lang='grc' dir='ltr'><strong>τοῦ</strong></span> <span class='ocrx_word' id='word_1_130' title='bbox 3225 605 3484 670; x_wconf 82' lang='grc' dir='ltr'><strong>Ἰωσεδὲκ,</strong></span> <span class='ocrx_word' id='word_1_131' title='bbox 3515 611 3601 664; x_wconf 75' lang='grc' dir='ltr'>καὶ</span> <span class='ocrx_word' id='word_1_132' title='bbox 3620 614 3749 685; x_wconf 72' lang='grc' dir='ltr'>Ζορο-</span> 
     </span>
    </p>
   </div>
   <div class='ocr_carea' id='block_1_21' title="bbox 2241 695 3751 775">
    <p class='ocr_par' dir='ltr' id='par_1_21' title="bbox 2241 695 3751 775">
     <span class='ocr_line' id='line_1_21' title="bbox 2241 695 3751 775; baseline 0.001 -27"><span class='ocrx_word' id='word_1_133' title='bbox 2241 695 2406 752; x_wconf 84' lang='grc' dir='ltr'>ϐάϐελ</span> <span class='ocrx_word' id='word_1_134' title='bbox 2445 699 2475 751; x_wconf 97' lang='lat'><strong>6</strong></span> <span class='ocrx_word' id='word_1_135' title='bbox 2498 695 2592 751; x_wconf 89' lang='grc' dir='ltr'><strong>τοῦ</strong></span> <span class='ocrx_word' id='word_1_136' title='bbox 2619 695 2889 768; x_wconf 80' lang='grc' dir='ltr'>Σαλαθιὴλ</span> <span class='ocrx_word' id='word_1_137' title='bbox 2916 697 2996 760; x_wconf 86' lang='grc' dir='ltr'><strong>είς</strong></span> <span class='ocrx_word' id='word_1_138' title='bbox 3018 697 3224 750; x_wconf 87' lang='grc' dir='ltr'>ἐκεῖνον</span> <span class='ocrx_word' id='word_1_139' title='bbox 3254 698 3353 768; x_wconf 79' lang='grc' dir='ltr'>τὴν</span> <span class='ocrx_word' id='word_1_140' title='bbox 3378 696 3515 771; x_wconf 80' lang='grc' dir='ltr'>ζωὴν</span> <span class='ocrx_word' id='word_1_141' title='bbox 3538 706 3751 775; x_wconf 81' lang='grc' dir='ltr'>παρατει.</span> 
     </span>
    </p>
   </div>
   <div class='ocr_carea' id='block_1_22' title="bbox 2238 784 3748 861">
    <p class='ocr_par' dir='ltr' id='par_1_22' title="bbox 2238 784 3748 861">
     <span class='ocr_line' id='line_1_22' title="bbox 2238 784 3748 861; baseline 0.005 -24"><span class='ocrx_word' id='word_1_142' title='bbox 2238 800 2446 850; x_wconf 86' lang='grc' dir='ltr'>ναντες,</span> <span class='ocrx_word' id='word_1_143' title='bbox 2467 786 2632 855; x_wconf 82' lang='grc' dir='ltr'><strong>ἄμφω</strong></span> <span class='ocrx_word' id='word_1_144' title='bbox 2656 784 2996 856; x_wconf 81' lang='grc' dir='ltr'><strong>προέστησαν</strong></span> <span class='ocrx_word' id='word_1_145' title='bbox 3016 785 3114 857; x_wconf 84' lang='grc' dir='ltr'>τῆς</span> <span class='ocrx_word' id='word_1_146' title='bbox 3139 784 3233 838; x_wconf 88' lang='grc' dir='ltr'><strong>τοῦ</strong></span> <span class='ocrx_word' id='word_1_147' title='bbox 3265 786 3409 859; x_wconf 85' lang='grc' dir='ltr'>ἱεροῦ</span> <span class='ocrx_word' id='word_1_148' title='bbox 3436 790 3748 861; x_wconf 76' lang='grc' dir='ltr'><strong>ἀνανεώσεως,</strong></span> 
     </span>
    </p>
   </div>
   <div class='ocr_carea' id='block_1_23' title="bbox 2240 872 3750 949">
    <p class='ocr_par' dir='ltr' id='par_1_23' title="bbox 2240 872 3750 949">
     <span class='ocr_line' id='line_1_23' title="bbox 2240 872 3750 949; baseline 0.005 -23"><span class='ocrx_word' id='word_1_149' title='bbox 2240 873 2686 945; x_wconf 81' lang='grc' dir='ltr'><strong>προφητευόντων</strong></span> <span class='ocrx_word' id='word_1_150' title='bbox 2732 872 2984 942; x_wconf 80' lang='grc' dir='ltr'><strong>Ἀγγαίου</strong></span> <span class='ocrx_word' id='word_1_151' title='bbox 3037 875 3131 927; x_wconf 80' lang='grc' dir='ltr'><strong>καὶ</strong></span> <span class='ocrx_word' id='word_1_152' title='bbox 3185 876 3448 946; x_wconf 75' lang='grc' dir='ltr'>Ζαχαρίου</span> <span class='ocrx_word' id='word_1_153' title='bbox 3471 893 3484 907; x_wconf 73' lang='grc'><strong><em>⁸</em></strong></span> <span class='ocrx_word' id='word_1_154' title='bbox 3535 879 3639 949; x_wconf 80' lang='grc' dir='ltr'>μεθ’</span> <span class='ocrx_word' id='word_1_155' title='bbox 3678 881 3750 947; x_wconf 83' lang='grc' dir='ltr'>οὓς</span> 
     </span>
    </p>
   </div>
   <div class='ocr_carea' id='block_1_24' title="bbox 2243 957 3749 1037">
    <p class='ocr_par' dir='ltr' id='par_1_24' title="bbox 2243 957 3749 1037">
     <span class='ocr_line' id='line_1_24' title="bbox 2243 957 3749 1037; baseline 0.005 -19"><span class='ocrx_word' id='word_1_156' title='bbox 2243 966 2478 1036; x_wconf 84' lang='grc' dir='ltr'>Ἔσδρας</span> <span class='ocrx_word' id='word_1_157' title='bbox 2518 967 2612 1019; x_wconf 76' lang='grc' dir='ltr'>καὶ</span> <span class='ocrx_word' id='word_1_158' title='bbox 2660 967 2920 1036; x_wconf 83' lang='grc' dir='ltr'><strong>Νεεμίας,</strong></span> <span class='ocrx_word' id='word_1_159' title='bbox 2952 966 3153 1037; x_wconf 87' lang='grc' dir='ltr'>ὁμοίως</span> <span class='ocrx_word' id='word_1_160' title='bbox 3201 968 3265 1020; x_wconf 84' lang='grc' dir='ltr'><strong>ἐκ</strong></span> <span class='ocrx_word' id='word_1_161' title='bbox 3295 965 3598 1033; x_wconf 88' lang='grc' dir='ltr'>Βαϐυλῶνος</span> <span class='ocrx_word' id='word_1_162' title='bbox 3626 957 3749 1025; x_wconf 83' lang='grc' dir='ltr'>ἀνελ-</span> 
     </span>
    </p>
   </div>
   <div class='ocr_carea' id='block_1_25' title="bbox 2239 1057 3751 1133">
    <p class='ocr_par' dir='ltr' id='par_1_25' title="bbox 2239 1057 3751 1133">
     <span class='ocr_line' id='line_1_25' title="bbox 2239 1057 3751 1133; baseline 0.003 -22"><span class='ocrx_word' id='word_1_163' title='bbox 2239 1057 2440 1122; x_wconf 88' lang='grc' dir='ltr'>θόντες,</span> <span class='ocrx_word' id='word_1_164' title='bbox 2472 1057 2534 1111; x_wconf 82' lang='grc' dir='ltr'>τὸ</span> <span class='ocrx_word' id='word_1_165' title='bbox 2563 1060 2737 1128; x_wconf 84' lang='grc' dir='ltr'>τεῖχος</span> <span class='ocrx_word' id='word_1_166' title='bbox 2767 1058 3047 1129; x_wconf 83' lang='grc' dir='ltr'>ἐδείμαντο</span> <span class='ocrx_word' id='word_1_167' title='bbox 3080 1062 3147 1130; x_wconf 80' lang='grc' dir='ltr'>τῇ</span> <span class='ocrx_word' id='word_1_168' title='bbox 3190 1059 3362 1122; x_wconf 82' lang='grc' dir='ltr'>πόλει,</span> <span class='ocrx_word' id='word_1_169' title='bbox 3403 1060 3498 1129; x_wconf 76' lang='grc' dir='ltr'>τὴν</span> <span class='ocrx_word' id='word_1_170' title='bbox 3534 1062 3751 1133; x_wconf 70' lang='grc' dir='ltr'>ἀρχιερω-</span> 
     </span>
    </p>
   </div>
   <div class='ocr_carea' id='block_1_26' title="bbox 2240 1147 3749 1227">
    <p class='ocr_par' dir='ltr' id='par_1_26' title="bbox 2240 1147 3749 1227">
     <span class='ocr_line' id='line_1_26' title="bbox 2240 1147 3749 1227; baseline 0.001 -23"><span class='ocrx_word' id='word_1_171' title='bbox 2240 1149 2404 1222; x_wconf 87' lang='grc' dir='ltr'>σύνην</span> <span class='ocrx_word' id='word_1_172' title='bbox 2436 1148 2709 1212; x_wconf 83' lang='grc' dir='ltr'>διέποντος</span> <span class='ocrx_word' id='word_1_173' title='bbox 2751 1150 3065 1221; x_wconf 83' lang='grc' dir='ltr'>Ἰωακείμου</span> <span class='ocrx_word' id='word_1_174' title='bbox 3088 1167 3102 1181; x_wconf 75' lang='grc' dir='ltr'><strong><em>ο</em></strong></span> <span class='ocrx_word' id='word_1_175' title='bbox 3144 1153 3273 1214; x_wconf 86' lang='grc' dir='ltr'>παῖς</span> <span class='ocrx_word' id='word_1_176' title='bbox 3303 1150 3360 1204; x_wconf 88' lang='grc' dir='ltr'><strong>δέ</strong></span> <span class='ocrx_word' id='word_1_177' title='bbox 3399 1147 3546 1217; x_wconf 77' lang='grc' dir='ltr'>οὗτος</span> <span class='ocrx_word' id='word_1_178' title='bbox 3581 1148 3640 1224; x_wconf 78' lang='grc' dir='ltr'>ἦν</span> <span class='ocrx_word' id='word_1_179' title='bbox 3670 1156 3749 1227; x_wconf 87' lang='grc' dir='ltr'>Ἰη-</span> 
     </span>
    </p>
   </div>
   <div class='ocr_carea' id='block_1_27' title="bbox 2240 1240 3749 1317">
    <p class='ocr_par' dir='ltr' id='par_1_27' title="bbox 2240 1240 3749 1317">
     <span class='ocr_line' id='line_1_27' title="bbox 2240 1240 3749 1317; baseline 0.002 -21"><span class='ocrx_word' id='word_1_180' title='bbox 2240 1241 2333 1296; x_wconf 91' lang='grc' dir='ltr'><strong>σοῦ</strong></span> <span class='ocrx_word' id='word_1_181' title='bbox 2364 1240 2459 1295; x_wconf 89' lang='grc' dir='ltr'><strong>τοῦ</strong></span> <span class='ocrx_word' id='word_1_182' title='bbox 2504 1240 2743 1295; x_wconf 85' lang='grc' dir='ltr'>Ἰωσεδέκ</span> <span class='ocrx_word' id='word_1_183' title='bbox 2764 1258 2778 1271; x_wconf 85' lang='grc'><strong>·</strong></span> <span class='ocrx_word' id='word_1_184' title='bbox 2819 1242 2936 1312; x_wconf 87' lang='grc' dir='ltr'>μεθ’</span> <span class='ocrx_word' id='word_1_185' title='bbox 2979 1243 3038 1295; x_wconf 85' lang='grc' dir='ltr'>ὃν</span> <span class='ocrx_word' id='word_1_186' title='bbox 3070 1241 3369 1312; x_wconf 82' lang='grc' dir='ltr'>διαδέχεται</span> <span class='ocrx_word' id='word_1_187' title='bbox 3399 1244 3495 1314; x_wconf 80' lang='grc' dir='ltr'>τὴν</span> <span class='ocrx_word' id='word_1_188' title='bbox 3532 1245 3749 1317; x_wconf 76' lang='grc' dir='ltr'>ἀρχιερωὲ</span> 
     </span>
    </p>
   </div>
   <div class='ocr_carea' id='block_1_28' title="bbox 2239 1330 3747 1404">
    <p class='ocr_par' dir='ltr' id='par_1_28' title="bbox 2239 1330 3747 1404">
     <span class='ocr_line' id='line_1_28' title="bbox 2239 1330 3747 1404; baseline 0.004 -20"><span class='ocrx_word' id='word_1_189' title='bbox 2239 1330 2402 1403; x_wconf 89' lang='grc' dir='ltr'>σύνην</span> <span class='ocrx_word' id='word_1_190' title='bbox 2447 1331 2819 1395; x_wconf 79' lang='grc' dir='ltr'>Ἐλιασοῦϐος’</span> <span class='ocrx_word' id='word_1_191' title='bbox 2862 1331 3051 1386; x_wconf 80' lang='grc' dir='ltr'>ἔπειτα</span> <span class='ocrx_word' id='word_1_192' title='bbox 3097 1332 3307 1386; x_wconf 79' lang='grc' dir='ltr'>Ἰωδαέ’</span> <span class='ocrx_word' id='word_1_193' title='bbox 3349 1332 3465 1404; x_wconf 84' lang='grc' dir='ltr'>μεθ’</span> <span class='ocrx_word' id='word_1_194' title='bbox 3503 1335 3558 1387; x_wconf 84' lang='grc' dir='ltr'>ὃν</span> <span class='ocrx_word' id='word_1_195' title='bbox 3604 1336 3747 1391; x_wconf 79' lang='grc' dir='ltr'>Ἰωνά-</span> 
     </span>
    </p>
   </div>
   <div class='ocr_carea' id='block_1_29' title="bbox 2236 1423 3746 1500">
    <p class='ocr_par' dir='ltr' id='par_1_29' title="bbox 2236 1423 3746 1500">
     <span class='ocr_line' id='line_1_29' title="bbox 2236 1423 3746 1500; baseline 0.003 -23"><span class='ocrx_word' id='word_1_196' title='bbox 2236 1424 2368 1477; x_wconf 84' lang='grc' dir='ltr'>θαν’</span> <span class='ocrx_word' id='word_1_197' title='bbox 2427 1423 2546 1495; x_wconf 81' lang='grc' dir='ltr'>μεθ’</span> <span class='ocrx_word' id='word_1_198' title='bbox 2603 1424 2663 1477; x_wconf 88' lang='grc' dir='ltr'>ὃν</span> <span class='ocrx_word' id='word_1_199' title='bbox 2712 1423 2954 1486; x_wconf 81' lang='grc' dir='ltr'>Ἰαδδοῦς.</span> <span class='ocrx_word' id='word_1_200' title='bbox 3014 1423 3229 1477; x_wconf 84' lang='grc' dir='ltr'>Τούτων</span> <span class='ocrx_word' id='word_1_201' title='bbox 3292 1424 3556 1496; x_wconf 78' lang='grc' dir='ltr'><strong>μέμνηται</strong></span> <span class='ocrx_word' id='word_1_202' title='bbox 3607 1430 3746 1500; x_wconf 74' lang='grc' dir='ltr'>καὶὴ</span> 
     </span>
    </p>
   </div>
   <div class='ocr_carea' id='block_1_30' title="bbox 2240 1515 3749 1589">
    <p class='ocr_par' dir='ltr' id='par_1_30' title="bbox 2240 1515 3749 1589">
     <span class='ocr_line' id='line_1_30' title="bbox 2240 1515 3749 1589; baseline 0.003 -20"><span class='ocrx_word' id='word_1_203' title='bbox 2240 1515 2445 1587; x_wconf 87' lang='grc' dir='ltr'>Ἔσδρα</span> <span class='ocrx_word' id='word_1_204' title='bbox 2471 1516 2678 1588; x_wconf 67' lang='grc' dir='ltr'>γραφὴ,</span> <span class='ocrx_word' id='word_1_205' title='bbox 2704 1515 2936 1584; x_wconf 80' lang='grc' dir='ltr'>λέγουσα</span> <span class='ocrx_word' id='word_1_206' title='bbox 2954 1531 2966 1544; x_wconf 92' lang='grc'><strong>·</strong></span> <span class='ocrx_word' id='word_1_207' title='bbox 3009 1534 3027 1566; x_wconf 81' lang='grc' dir='ltr'><strong>ι</strong></span> <span class='ocrx_word' id='word_1_208' title='bbox 3058 1516 3166 1569; x_wconf 74' lang='grc' dir='ltr'><strong>Καὶ</strong></span> <span class='ocrx_word' id='word_1_209' title='bbox 3206 1517 3409 1587; x_wconf 88' lang='grc' dir='ltr'>Ἰησοῦς</span> <span class='ocrx_word' id='word_1_210' title='bbox 3431 1518 3660 1589; x_wconf 75' lang='grc' dir='ltr'>ἐγέννησε</span> <span class='ocrx_word' id='word_1_211' title='bbox 3681 1521 3749 1574; x_wconf 78' lang='grc' dir='ltr'>τὸν</span> 
     </span>
    </p>
   </div>
   <div class='ocr_carea' id='block_1_31' title="bbox 2249 1607 3749 1680">
    <p class='ocr_par' dir='ltr' id='par_1_31' title="bbox 2249 1607 3749 1680">
     <span class='ocr_line' id='line_1_31' title="bbox 2249 1607 3749 1680; baseline 0.003 -20"><span class='ocrx_word' id='word_1_212' title='bbox 2249 1607 2523 1679; x_wconf 73' lang='grc' dir='ltr'>Ἰωακεὶμ,</span> <span class='ocrx_word' id='word_1_213' title='bbox 2562 1609 2655 1661; x_wconf 67' lang='grc' dir='ltr'><strong>κα)⁸</strong></span> <span class='ocrx_word' id='word_1_214' title='bbox 2695 1609 2945 1679; x_wconf 74' lang='grc' dir='ltr'>Ἰωακεὶμ</span> <span class='ocrx_word' id='word_1_215' title='bbox 2986 1609 3240 1680; x_wconf 77' lang='grc' dir='ltr'>ἐγέννησε</span> <span class='ocrx_word' id='word_1_216' title='bbox 3276 1609 3367 1663; x_wconf 82' lang='grc' dir='ltr'>τὸν</span> <span class='ocrx_word' id='word_1_217' title='bbox 3417 1611 3652 1675; x_wconf 71' lang='grc' dir='ltr'>Ἐλιασὶϐ,</span> <span class='ocrx_word' id='word_1_218' title='bbox 3679 1613 3749 1665; x_wconf 80' lang='grc' dir='ltr'><strong>καί</strong></span> 
     </span>
    </p>
   </div>
   <div class='ocr_carea' id='block_1_32' title="bbox 2249 1699 3747 1775">
    <p class='ocr_par' dir='ltr' id='par_1_32' title="bbox 2249 1699 3747 1775">
     <span class='ocr_line' id='line_1_32' title="bbox 2249 1699 3747 1775; baseline 0.005 -24"><span class='ocrx_word' id='word_1_219' title='bbox 2249 1699 2484 1753; x_wconf 73' lang='grc' dir='ltr'>Ἐλιασὶϐ</span> <span class='ocrx_word' id='word_1_220' title='bbox 2524 1699 2777 1771; x_wconf 78' lang='grc' dir='ltr'>ἐγέννησε</span> <span class='ocrx_word' id='word_1_221' title='bbox 2819 1700 2908 1753; x_wconf 84' lang='grc' dir='ltr'>τὸν</span> <span class='ocrx_word' id='word_1_222' title='bbox 2949 1701 3149 1767; x_wconf 84' lang='grc' dir='ltr'>Ἰωδαέ,</span> <span class='ocrx_word' id='word_1_223' title='bbox 3180 1704 3275 1757; x_wconf 80' lang='grc' dir='ltr'><strong>καὶ</strong></span> <span class='ocrx_word' id='word_1_224' title='bbox 3320 1703 3497 1756; x_wconf 86' lang='grc' dir='ltr'>Ἰωδαέ</span> <span class='ocrx_word' id='word_1_225' title='bbox 3540 1704 3747 1775; x_wconf 79' lang='grc' dir='ltr'>ἐγέννησε</span> 
     </span>
    </p>
   </div>
   <div class='ocr_carea' id='block_1_33' title="bbox 2235 1790 3744 1864">
    <p class='ocr_par' dir='ltr' id='par_1_33' title="bbox 2235 1790 3744 1864">
     <span class='ocr_line' id='line_1_33' title="bbox 2235 1790 3744 1864; baseline 0.003 -20"><span class='ocrx_word' id='word_1_226' title='bbox 2235 1790 2324 1844; x_wconf 82' lang='grc' dir='ltr'><strong>τὸν</strong></span> <span class='ocrx_word' id='word_1_227' title='bbox 2366 1791 2637 1856; x_wconf 87' lang='grc' dir='ltr'>Ἰωνάθαν,</span> <span class='ocrx_word' id='word_1_228' title='bbox 2672 1793 2765 1846; x_wconf 72' lang='grc' dir='ltr'>καὶ</span> <span class='ocrx_word' id='word_1_229' title='bbox 2807 1792 3059 1847; x_wconf 86' lang='grc' dir='ltr'>Ἰωνάθαν</span> <span class='ocrx_word' id='word_1_230' title='bbox 3102 1794 3356 1864; x_wconf 78' lang='grc' dir='ltr'>ἐγέννησε</span> <span class='ocrx_word' id='word_1_231' title='bbox 3400 1794 3489 1847; x_wconf 83' lang='grc' dir='ltr'>τὸν</span> <span class='ocrx_word' id='word_1_232' title='bbox 3520 1794 3702 1848; x_wconf 78' lang='grc' dir='ltr'>Ἰαδδοῦ.</span> <span class='ocrx_word' id='word_1_233' title='bbox 3728 1814 3744 1847; x_wconf 82' lang='grc' dir='ltr'>ι</span> 
     </span>
    </p>
   </div>
   <div class='ocr_carea' id='block_1_34' title="bbox 565 1874 2129 1958">
    <p class='ocr_par' dir='ltr' id='par_1_34' title="bbox 565 1887 2129 1944">
     <span class='ocr_line' id='line_1_34' title="bbox 565 1887 2129 1944; baseline -0.002 -2"><span class='ocrx_word' id='word_1_234' title='bbox 565 1904 660 1942; x_wconf 88' lang='lat' dir='ltr'><strong>sus</strong></span> <span class='ocrx_word' id='word_1_235' title='bbox 690 1888 857 1943; x_wconf 84' lang='lat' dir='ltr'><strong>Deum</strong></span> <span class='ocrx_word' id='word_1_236' title='bbox 889 1889 1158 1944; x_wconf 70' lang='lat' dir='ltr'><strong>adoravit.</strong></span> <span class='ocrx_word' id='word_1_237' title='bbox 1193 1888 1438 1942; x_wconf 80' lang='lat' dir='ltr'><strong>Mortuus</strong></span> <span class='ocrx_word' id='word_1_238' title='bbox 1474 1895 1558 1943; x_wconf 88' lang='lat' dir='ltr'><strong>est</strong></span> <span class='ocrx_word' id='word_1_239' title='bbox 1597 1896 1777 1943; x_wconf 89' lang='lat' dir='ltr'><strong>autem</strong></span> <span class='ocrx_word' id='word_1_240' title='bbox 1830 1887 2129 1941; x_wconf 78' lang='lat' dir='ltr'><strong>Alexander</strong></span> 
     </span>
    </p>
   </div>
   <div class='ocr_carea' id='block_1_35' title="bbox 2231 1874 3748 1958">
    <p class='ocr_par' dir='ltr' id='par_1_35' title="bbox 2236 1883 3748 1958">
     <span class='ocr_line' id='line_1_35' title="bbox 2236 1883 3748 1958; baseline 0.002 -20"><span class='ocrx_word' id='word_1_241' title='bbox 2236 1883 2390 1938; x_wconf 81' lang='grc' dir='ltr'>Κατά</span> <span class='ocrx_word' id='word_1_242' title='bbox 2429 1883 2617 1937; x_wconf 86' lang='grc' dir='ltr'>τοῦτον</span> <span class='ocrx_word' id='word_1_243' title='bbox 2662 1883 2754 1937; x_wconf 82' lang='grc' dir='ltr'>τὸν</span> <span class='ocrx_word' id='word_1_244' title='bbox 2811 1884 3006 1938; x_wconf 83' lang='grc' dir='ltr'>Ἰαδδοῦ</span> <span class='ocrx_word' id='word_1_245' title='bbox 3056 1887 3084 1939; x_wconf 80' lang='lat'><strong>6</strong></span> <span class='ocrx_word' id='word_1_246' title='bbox 3128 1884 3393 1940; x_wconf 85' lang='grc' dir='ltr'>Μακεδὼν</span> <span class='ocrx_word' id='word_1_247' title='bbox 3463 1886 3748 1958; x_wconf 78' lang='grc' dir='ltr'>Ἀλέξανδρος</span> 
     </span>
    </p>
   </div>
   <div class='ocr_carea' id='block_1_36' title="bbox 564 1975 2130 2047">
    <p class='ocr_par' dir='ltr' id='par_1_36' title="bbox 564 1975 2130 2047">
     <span class='ocr_line' id='line_1_36' title="bbox 564 1975 2130 2047; baseline -0.001 -17"><span class='ocrx_word' id='word_1_248' title='bbox 564 1978 785 2031; x_wconf 79' lang='lat' dir='ltr'><strong>ineunte</strong></span> <span class='ocrx_word' id='word_1_249' title='bbox 833 1981 1131 2032; x_wconf 89' lang='lat' dir='ltr'><strong>centesima</strong></span> <span class='ocrx_word' id='word_1_250' title='bbox 1192 1986 1246 2032; x_wconf 91' lang='lat' dir='ltr'><strong>et</strong></span> <span class='ocrx_word' id='word_1_251' title='bbox 1290 1986 1486 2046; x_wconf 84' lang='lat' dir='ltr'><strong>quarta</strong></span> <span class='ocrx_word' id='word_1_252' title='bbox 1537 1976 1750 2031; x_wconf 79' lang='lat' dir='ltr'><strong>decium</strong></span> <span class='ocrx_word' id='word_1_253' title='bbox 1806 1975 2130 2047; x_wconf 80' lang='lat' dir='ltr'><strong>Olympiade,</strong></span> 
     </span>
    </p>
   </div>
   <div class='ocr_carea' id='block_1_37' title="bbox 562 2065 2133 2139">
    <p class='ocr_par' dir='ltr' id='par_1_37' title="bbox 562 2065 2133 2139">
     <span class='ocr_line' id='line_1_37' title="bbox 562 2065 2133 2139; baseline -0.002 -18"><span class='ocrx_word' id='word_1_254' title='bbox 562 2078 685 2138; x_wconf 83' lang='lat' dir='ltr'><strong>post</strong></span> <span class='ocrx_word' id='word_1_255' title='bbox 719 2069 919 2139; x_wconf 85' lang='lat' dir='ltr'><strong>Cyrum</strong></span> <span class='ocrx_word' id='word_1_256' title='bbox 951 2070 1203 2124; x_wconf 89' lang='lat' dir='ltr'><strong>ducentis</strong></span> <span class='ocrx_word' id='word_1_257' title='bbox 1263 2069 1483 2138; x_wconf 79' lang='lat' dir='ltr'><strong>triginta</strong></span> <span class='ocrx_word' id='word_1_258' title='bbox 1527 2084 1623 2122; x_wconf 78' lang='lat' dir='ltr'><strong>sex</strong></span> <span class='ocrx_word' id='word_1_259' title='bbox 1654 2067 1836 2131; x_wconf 90' lang='lat' dir='ltr'><strong>annis,</strong></span> <span class='ocrx_word' id='word_1_260' title='bbox 1867 2067 1960 2136; x_wconf 90' lang='lat' dir='ltr'><strong>qui</strong></span> <span class='ocrx_word' id='word_1_261' title='bbox 1991 2065 2133 2135; x_wconf 89' lang='lat' dir='ltr'><strong>apud</strong></span> 
     </span>
    </p>
   </div>
   <div class='ocr_carea' id='block_1_38' title="bbox 561 2158 2134 2231">
    <p class='ocr_par' dir='ltr' id='par_1_38' title="bbox 561 2158 2134 2231">
     <span class='ocr_line' id='line_1_38' title="bbox 561 2158 2134 2231; baseline -0.001 -19"><span class='ocrx_word' id='word_1_262' title='bbox 561 2158 758 2216; x_wconf 89' lang='lat' dir='ltr'><strong>Persas</strong></span> <span class='ocrx_word' id='word_1_263' title='bbox 802 2177 1033 2231; x_wconf 82' lang='lat' dir='ltr'><strong>regnare</strong></span> <span class='ocrx_word' id='word_1_264' title='bbox 1077 2162 1246 2231; x_wconf 76' lang='lat' dir='ltr'><strong>coepit</strong></span> <span class='ocrx_word' id='word_1_265' title='bbox 1305 2163 1528 2215; x_wconf 90' lang='lat' dir='ltr'><strong>ineunte</strong></span> <span class='ocrx_word' id='word_1_266' title='bbox 1582 2159 1889 2231; x_wconf 80' lang='lat' dir='ltr'><strong>Olympiade</strong></span> <span class='ocrx_word' id='word_1_267' title='bbox 1943 2158 2134 2228; x_wconf 87' lang='lat' dir='ltr'><strong>quinta</strong></span> 
     </span>
    </p>
   </div>
   <div class='ocr_carea' id='block_1_39' title="bbox 560 2248 2133 2322">
    <p class='ocr_par' dir='ltr' id='par_1_39' title="bbox 560 2248 2133 2322">
     <span class='ocr_line' id='line_1_39' title="bbox 560 2248 2133 2322; baseline 0 -18"><span class='ocrx_word' id='word_1_268' title='bbox 560 2266 726 2321; x_wconf 82' lang='lat' dir='ltr'><strong>supra</strong></span> <span class='ocrx_word' id='word_1_269' title='bbox 757 2252 1250 2322; x_wconf 82' lang='lat' dir='ltr'><strong>quadragesimam.</strong></span> <span class='ocrx_word' id='word_1_270' title='bbox 1276 2252 1405 2308; x_wconf 91' lang='lat' dir='ltr'><strong>Post</strong></span> <span class='ocrx_word' id='word_1_271' title='bbox 1431 2261 1661 2307; x_wconf 90' lang='lat' dir='ltr'><strong>mortem</strong></span> <span class='ocrx_word' id='word_1_272' title='bbox 1694 2265 1820 2305; x_wconf 79' lang='lat' dir='ltr'><strong>vero</strong></span> <span class='ocrx_word' id='word_1_273' title='bbox 1841 2248 2133 2304; x_wconf 80' lang='lat' dir='ltr'><strong>Alexandri</strong></span> 
     </span>
    </p>
   </div>
   <div class='ocr_carea' id='block_1_40' title="bbox 562 2339 2133 2414">
    <p class='ocr_par' dir='ltr' id='par_1_40' title="bbox 562 2339 2133 2414">
     <span class='ocr_line' id='line_1_40' title="bbox 562 2339 2133 2414; baseline -0.003 -17"><span class='ocrx_word' id='word_1_274' title='bbox 562 2343 895 2405; x_wconf 77' lang='lat' dir='ltr'><strong>Macedonis,</strong></span> <span class='ocrx_word' id='word_1_275' title='bbox 916 2352 970 2398; x_wconf 89' lang='lat' dir='ltr'><strong>et</strong></span> <span class='ocrx_word' id='word_1_276' title='bbox 1008 2352 1129 2412; x_wconf 88' lang='lat' dir='ltr'><strong>post</strong></span> <span class='ocrx_word' id='word_1_277' title='bbox 1169 2359 1334 2413; x_wconf 87' lang='lat' dir='ltr'><strong>quem</strong></span> <span class='ocrx_word' id='word_1_278' title='bbox 1365 2344 1609 2414; x_wconf 84' lang='lat' dir='ltr'><strong>proxime</strong></span> <span class='ocrx_word' id='word_1_279' title='bbox 1636 2341 1876 2397; x_wconf 80' lang='lat' dir='ltr'><strong>diximus</strong></span> <span class='ocrx_word' id='word_1_280' title='bbox 1914 2339 2133 2410; x_wconf 84' lang='lat' dir='ltr'><strong>pontiﬁ-</strong></span> 
     </span>
    </p>
   </div>
   <div class='ocr_carea' id='block_1_41' title="bbox 558 2434 2131 2507">
    <p class='ocr_par' dir='ltr' id='par_1_41' title="bbox 558 2434 2131 2507">
     <span class='ocr_line' id='line_1_41' title="bbox 558 2434 2131 2507; baseline -0.001 -17"><span class='ocrx_word' id='word_1_281' title='bbox 558 2451 700 2500; x_wconf 89' lang='lat' dir='ltr'><strong>cem,</strong></span> <span class='ocrx_word' id='word_1_282' title='bbox 731 2435 899 2490; x_wconf 81' lang='lat' dir='ltr'><strong>Onias</strong></span> <span class='ocrx_word' id='word_1_283' title='bbox 942 2436 1057 2505; x_wconf 89' lang='lat' dir='ltr'><strong>ipse</strong></span> <span class='ocrx_word' id='word_1_284' title='bbox 1081 2450 1299 2505; x_wconf 86' lang='lat' dir='ltr'><strong>quoque</strong></span> <span class='ocrx_word' id='word_1_285' title='bbox 1342 2436 1692 2507; x_wconf 85' lang='lat' dir='ltr'><strong>pontiﬁcatus</strong></span> <span class='ocrx_word' id='word_1_286' title='bbox 1713 2434 1919 2488; x_wconf 86' lang='lat' dir='ltr'><strong>honore</strong></span> <span class='ocrx_word' id='word_1_287' title='bbox 1942 2448 2131 2489; x_wconf 87' lang='lat' dir='ltr'><strong>susce-</strong></span> 
     </span>
    </p>
   </div>
   <div class='ocr_carea' id='block_1_42' title="bbox 557 2524 2131 2598">
    <p class='ocr_par' dir='ltr' id='par_1_42' title="bbox 557 2524 2131 2598">
     <span class='ocr_line' id='line_1_42' title="bbox 557 2524 2131 2598; baseline 0 -19"><span class='ocrx_word' id='word_1_288' title='bbox 557 2538 673 2597; x_wconf 72' lang='lat' dir='ltr'><strong>pto,</strong></span> <span class='ocrx_word' id='word_1_289' title='bbox 700 2528 845 2597; x_wconf 82' lang='lat' dir='ltr'><strong>genti</strong></span> <span class='ocrx_word' id='word_1_290' title='bbox 880 2526 1096 2598; x_wconf 70' lang='lat' dir='ltr'><strong>praefuit</strong></span> <span class='ocrx_word' id='word_1_291' title='bbox 1126 2547 1138 2583; x_wconf 90' lang='lat'>:</span> <span class='ocrx_word' id='word_1_292' title='bbox 1163 2527 1324 2596; x_wconf 81' lang='lat' dir='ltr'><strong>cujus</strong></span> <span class='ocrx_word' id='word_1_293' title='bbox 1348 2526 1687 2596; x_wconf 86' lang='lat' dir='ltr'><strong>temporibus</strong></span> <span class='ocrx_word' id='word_1_294' title='bbox 1717 2541 1841 2580; x_wconf 90' lang='lat' dir='ltr'><strong>cum</strong></span> <span class='ocrx_word' id='word_1_295' title='bbox 1870 2524 2131 2580; x_wconf 84' lang='lat' dir='ltr'><strong>Seleucus</strong></span> 
     </span>
    </p>
   </div>
   <div class='ocr_carea' id='block_1_43' title="bbox 558 2616 2129 2691">
    <p class='ocr_par' dir='ltr' id='par_1_43' title="bbox 558 2616 2129 2691">
     <span class='ocr_line' id='line_1_43' title="bbox 558 2616 2129 2691; baseline 0.001 -20"><span class='ocrx_word' id='word_1_296' title='bbox 558 2619 886 2691; x_wconf 77' lang='lat' dir='ltr'><strong>Babylonem</strong></span> <span class='ocrx_word' id='word_1_297' title='bbox 914 2620 1172 2688; x_wconf 83' lang='lat' dir='ltr'><strong>cepisset,</strong></span> <span class='ocrx_word' id='word_1_298' title='bbox 1202 2620 1346 2673; x_wconf 72' lang='lat' dir='ltr'><strong>Asia:</strong></span> <span class='ocrx_word' id='word_1_299' title='bbox 1383 2619 1493 2673; x_wconf 87' lang='lat' dir='ltr'><strong>sibi</strong></span> <span class='ocrx_word' id='word_1_300' title='bbox 1540 2618 1790 2673; x_wconf 87' lang='lat' dir='ltr'><strong>diadema</strong></span> <span class='ocrx_word' id='word_1_301' title='bbox 1819 2616 2129 2672; x_wconf 82' lang='lat' dir='ltr'><strong>circumde—</strong></span> 
     </span>
    </p>
   </div>
   <div class='ocr_carea' id='block_1_44' title="bbox 555 2706 2129 2779">
    <p class='ocr_par' dir='ltr' id='par_1_44' title="bbox 555 2706 2129 2779">
     <span class='ocr_line' id='line_1_44' title="bbox 555 2706 2129 2779; baseline -0.003 -16"><span class='ocrx_word' id='word_1_302' title='bbox 555 2708 657 2771; x_wconf 88' lang='lat' dir='ltr'><strong>dit,</strong></span> <span class='ocrx_word' id='word_1_303' title='bbox 687 2726 831 2763; x_wconf 87' lang='lat' dir='ltr'><strong>anno</strong></span> <span class='ocrx_word' id='word_1_304' title='bbox 859 2718 981 2779; x_wconf 91' lang='lat' dir='ltr'><strong>post</strong></span> <span class='ocrx_word' id='word_1_305' title='bbox 1024 2709 1321 2763; x_wconf 81' lang='lat' dir='ltr'><strong>Alexandri</strong></span> <span class='ocrx_word' id='word_1_306' title='bbox 1367 2718 1597 2762; x_wconf 88' lang='lat' dir='ltr'><strong>mortem</strong></span> <span class='ocrx_word' id='word_1_307' title='bbox 1646 2707 1991 2762; x_wconf 88' lang='lat' dir='ltr'><strong>duodecimo.</strong></span> <span class='ocrx_word' id='word_1_308' title='bbox 2046 2706 2129 2760; x_wconf 83' lang='lat' dir='ltr'><strong>Ad</strong></span> 
     </span>
    </p>
   </div>
   <div class='ocr_carea' id='block_1_45' title="bbox 555 2799 2130 2872">
    <p class='ocr_par' dir='ltr' id='par_1_45' title="bbox 555 2799 2130 2872">
     <span class='ocr_line' id='line_1_45' title="bbox 555 2799 2130 2872; baseline -0.001 -18"><span class='ocrx_word' id='word_1_309' title='bbox 555 2816 717 2871; x_wconf 86' lang='lat' dir='ltr'><strong>quem</strong></span> <span class='ocrx_word' id='word_1_310' title='bbox 746 2817 777 2855; x_wconf 91' lang='lat' dir='ltr'><strong>a</strong></span> <span class='ocrx_word' id='word_1_311' title='bbox 812 2802 956 2872; x_wconf 82' lang='lat' dir='ltr'><strong>Cyro</strong></span> <span class='ocrx_word' id='word_1_312' title='bbox 979 2801 1395 2871; x_wconf 86' lang='lat' dir='ltr'><strong>incipientibus,</strong></span> <span class='ocrx_word' id='word_1_313' title='bbox 1421 2801 1603 2854; x_wconf 89' lang='lat' dir='ltr'><strong>omnis</strong></span> <span class='ocrx_word' id='word_1_314' title='bbox 1630 2799 1892 2870; x_wconf 87' lang='lat' dir='ltr'><strong>temporis</strong></span> <span class='ocrx_word' id='word_1_315' title='bbox 1916 2813 2130 2853; x_wconf 83' lang='lat' dir='ltr'><strong>summa</strong></span> 
     </span>
    </p>
   </div>
   <div class='ocr_carea' id='block_1_46' title="bbox 557 2892 2125 2962">
    <p class='ocr_par' dir='ltr' id='par_1_46' title="bbox 557 2892 2125 2962">
     <span class='ocr_line' id='line_1_46' title="bbox 557 2892 2125 2962; baseline 0 -16"><span class='ocrx_word' id='word_1_316' title='bbox 557 2907 823 2947; x_wconf 86' lang='lat' dir='ltr'><strong>annorum</strong></span> <span class='ocrx_word' id='word_1_317' title='bbox 872 2894 1231 2947; x_wconf 85' lang='lat' dir='ltr'><strong>ducentorum</strong></span> <span class='ocrx_word' id='word_1_318' title='bbox 1275 2892 1637 2962; x_wconf 77' lang='lat' dir='ltr'><strong>quadraginta</strong></span> <span class='ocrx_word' id='word_1_319' title='bbox 1670 2900 1794 2945; x_wconf 92' lang='lat' dir='ltr'><strong>octo</strong></span> <span class='ocrx_word' id='word_1_320' title='bbox 1835 2892 2125 2961; x_wconf 84' lang='lat' dir='ltr'><strong>colligitur.</strong></span> 
     </span>
    </p>
   </div>
   <div class='ocr_carea' id='block_1_47' title="bbox 553 2982 2128 3054">
    <p class='ocr_par' dir='ltr' id='par_1_47' title="bbox 553 2982 2128 3054">
     <span class='ocr_line' id='line_1_47' title="bbox 553 2982 2128 3054; baseline 0 -18"><span class='ocrx_word' id='word_1_321' title='bbox 553 2983 639 3037; x_wconf 81' lang='lat' dir='ltr'><strong>Ab</strong></span> <span class='ocrx_word' id='word_1_322' title='bbox 671 2984 774 3039; x_wconf 88' lang='lat' dir='ltr'><strong>hoc</strong></span> <span class='ocrx_word' id='word_1_323' title='bbox 806 2985 923 3053; x_wconf 80' lang='lat' dir='ltr'><strong>ipso</strong></span> <span class='ocrx_word' id='word_1_324' title='bbox 955 2994 1197 3054; x_wconf 83' lang='lat' dir='ltr'><strong>tempore</strong></span> <span class='ocrx_word' id='word_1_325' title='bbox 1237 2982 1552 3038; x_wconf 82' lang='lat' dir='ltr'><strong>Graecorum</strong></span> <span class='ocrx_word' id='word_1_326' title='bbox 1582 2998 1806 3052; x_wconf 88' lang='lat' dir='ltr'><strong>regnum</strong></span> <span class='ocrx_word' id='word_1_327' title='bbox 1839 2996 2128 3036; x_wconf 85' lang='lat' dir='ltr'><strong>numerare</strong></span> 
     </span>
    </p>
   </div>
   <div class='ocr_carea' id='block_1_48' title="bbox 555 3075 2129 3146">
    <p class='ocr_par' dir='ltr' id='par_1_48' title="bbox 555 3075 2129 3146">
     <span class='ocr_line' id='line_1_48' title="bbox 555 3075 2129 3146; baseline 0 -17"><span class='ocrx_word' id='word_1_328' title='bbox 555 3076 747 3146; x_wconf 87' lang='lat' dir='ltr'><strong>incipit</strong></span> <span class='ocrx_word' id='word_1_329' title='bbox 822 3075 1255 3131; x_wconf 66' lang='lat' dir='ltr'><strong>Machabzeorum</strong></span> <span class='ocrx_word' id='word_1_330' title='bbox 1329 3076 1577 3131; x_wconf 89' lang='lat' dir='ltr'><strong>historia.</strong></span> <span class='ocrx_word' id='word_1_331' title='bbox 1637 3075 1941 3142; x_wconf 70' lang='lat' dir='ltr'><strong>Cazterum,</strong></span> <span class='ocrx_word' id='word_1_332' title='bbox 2006 3084 2129 3143; x_wconf 92' lang='lat' dir='ltr'><strong>post</strong></span> 
     </span>
    </p>
   </div>
   <div class='ocr_carea' id='block_1_49' title="bbox 555 3165 2128 3237">
    <p class='ocr_par' dir='ltr' id='par_1_49' title="bbox 555 3165 2128 3237">
     <span class='ocr_line' id='line_1_49' title="bbox 555 3165 2128 3237; baseline 0 -15"><span class='ocrx_word' id='word_1_333' title='bbox 555 3165 750 3222; x_wconf 88' lang='lat' dir='ltr'><strong>Oniam</strong></span> <span class='ocrx_word' id='word_1_334' title='bbox 798 3165 1111 3222; x_wconf 70' lang='lat' dir='ltr'><strong>Judzeorum</strong></span> <span class='ocrx_word' id='word_1_335' title='bbox 1166 3168 1413 3237; x_wconf 88' lang='lat' dir='ltr'><strong>suscepit</strong></span> <span class='ocrx_word' id='word_1_336' title='bbox 1470 3168 1834 3237; x_wconf 87' lang='lat' dir='ltr'><strong>principatum</strong></span> <span class='ocrx_word' id='word_1_337' title='bbox 1887 3168 2128 3237; x_wconf 81' lang='lat' dir='ltr'><strong>pontifex</strong></span> 
     </span>
    </p>
   </div>
   <div class='ocr_carea' id='block_1_50' title="bbox 554 3258 2127 3329">
    <p class='ocr_par' dir='ltr' id='par_1_50' title="bbox 554 3258 2127 3329">
     <span class='ocr_line' id='line_1_50' title="bbox 554 3258 2127 3329; baseline 0.001 -16"><span class='ocrx_word' id='word_1_338' title='bbox 554 3258 869 3323; x_wconf 77' lang='lat' dir='ltr'><strong>Eleazarus,</strong></span> <span class='ocrx_word' id='word_1_339' title='bbox 902 3260 1005 3313; x_wconf 89' lang='lat' dir='ltr'><strong>sub</strong></span> <span class='ocrx_word' id='word_1_340' title='bbox 1035 3276 1144 3329; x_wconf 88' lang='lat' dir='ltr'><strong>quo</strong></span> <span class='ocrx_word' id='word_1_341' title='bbox 1186 3258 1330 3313; x_wconf 77' lang='lat' dir='ltr'><strong>LXX</strong></span> <span class='ocrx_word' id='word_1_342' title='bbox 1370 3260 1475 3312; x_wconf 79' lang='lat' dir='ltr'><strong>viri</strong></span> <span class='ocrx_word' id='word_1_343' title='bbox 1515 3259 1731 3314; x_wconf 89' lang='lat' dir='ltr'><strong>divinas</strong></span> <span class='ocrx_word' id='word_1_344' title='bbox 1784 3260 2127 3329; x_wconf 89' lang='lat' dir='ltr'><strong>interpretati</strong></span> 
     </span>
    </p>
   </div>
   <div class='ocr_carea' id='block_1_51' title="bbox 555 3350 2125 3420">
    <p class='ocr_par' dir='ltr' id='par_1_51' title="bbox 555 3350 2125 3420">
     <span class='ocr_line' id='line_1_51' title="bbox 555 3350 2125 3420; baseline 0.002 -16"><span class='ocrx_word' id='word_1_345' title='bbox 555 3350 902 3420; x_wconf 87' lang='lat' dir='ltr'><strong>Scripturas,</strong></span> <span class='ocrx_word' id='word_1_346' title='bbox 948 3350 1333 3407; x_wconf 72' lang='lat' dir='ltr'><strong>Alexandrinis</strong></span> <span class='ocrx_word' id='word_1_347' title='bbox 1384 3351 1731 3407; x_wconf 86' lang='lat' dir='ltr'><strong>bibliothecis</strong></span> <span class='ocrx_word' id='word_1_348' title='bbox 1782 3351 2125 3407; x_wconf 82' lang='lat' dir='ltr'><strong>dedicarunt.</strong></span> 
     </span>
    </p>
   </div>
   <div class='ocr_carea' id='block_1_52' title="bbox 551 3442 2129 3500">
    <p class='ocr_par' dir='ltr' id='par_1_52' title="bbox 551 3442 2129 3500">
     <span class='ocr_line' id='line_1_52' title="bbox 551 3442 2129 3500; baseline 0 -3"><span class='ocrx_word' id='word_1_349' title='bbox 551 3442 683 3498; x_wconf 86' lang='lat' dir='ltr'><strong>Post</strong></span> <span class='ocrx_word' id='word_1_350' title='bbox 714 3445 859 3499; x_wconf 88' lang='lat' dir='ltr'><strong>hunc</strong></span> <span class='ocrx_word' id='word_1_351' title='bbox 912 3452 1137 3500; x_wconf 87' lang='lat' dir='ltr'><strong>secutus</strong></span> <span class='ocrx_word' id='word_1_352' title='bbox 1184 3452 1267 3499; x_wconf 89' lang='lat' dir='ltr'><strong>est</strong></span> <span class='ocrx_word' id='word_1_353' title='bbox 1320 3445 1457 3499; x_wconf 84' lang='lat' dir='ltr'><strong>alter</strong></span> <span class='ocrx_word' id='word_1_354' title='bbox 1487 3442 1692 3500; x_wconf 89' lang='lat' dir='ltr'><strong>Onias:</strong></span> <span class='ocrx_word' id='word_1_355' title='bbox 1723 3444 1812 3499; x_wconf 91' lang='lat' dir='ltr'><strong>cui</strong></span> <span class='ocrx_word' id='word_1_356' title='bbox 1861 3444 2129 3500; x_wconf 89' lang='lat' dir='ltr'><strong>successit</strong></span> 
     </span>
    </p>
   </div>
   <div class='ocr_carea' id='block_1_53' title="bbox 552 3530 2128 3606">
    <p class='ocr_par' dir='ltr' id='par_1_53' title="bbox 552 3530 2128 3606">
     <span class='ocr_line' id='line_1_53' title="bbox 552 3530 2128 3606; baseline 0.003 -20"><span class='ocrx_word' id='word_1_357' title='bbox 552 3530 768 3599; x_wconf 85' lang='lat' dir='ltr'><strong>Simon,</strong></span> <span class='ocrx_word' id='word_1_358' title='bbox 793 3536 953 3605; x_wconf 88' lang='lat' dir='ltr'><strong>cujus</strong></span> <span class='ocrx_word' id='word_1_359' title='bbox 990 3545 1314 3606; x_wconf 87' lang='lat' dir='ltr'><strong>tempestate</strong></span> <span class='ocrx_word' id='word_1_360' title='bbox 1343 3535 1504 3592; x_wconf 85' lang='lat' dir='ltr'><strong>Jesus</strong></span> <span class='ocrx_word' id='word_1_361' title='bbox 1542 3537 1685 3592; x_wconf 88' lang='lat' dir='ltr'><strong>ﬁlius</strong></span> <span class='ocrx_word' id='word_1_362' title='bbox 1736 3536 1934 3591; x_wconf 88' lang='lat' dir='ltr'><strong>Sirach</strong></span> <span class='ocrx_word' id='word_1_363' title='bbox 1985 3537 2128 3591; x_wconf 83' lang='lat' dir='ltr'><strong>fama</strong></span> 
     </span>
    </p>
   </div>
   <div class='ocr_carea' id='block_1_54' title="bbox 547 3627 2127 3700">
    <p class='ocr_par' dir='ltr' id='par_1_54' title="bbox 547 3627 2127 3700">
     <span class='ocr_line' id='line_1_54' title="bbox 547 3627 2127 3700; baseline 0.001 -18"><span class='ocrx_word' id='word_1_364' title='bbox 547 3627 785 3686; x_wconf 79' lang='lat' dir='ltr'><strong>celebris</strong></span> <span class='ocrx_word' id='word_1_365' title='bbox 814 3628 936 3693; x_wconf 70' lang='lat' dir='ltr'><strong>fuit,</strong></span> <span class='ocrx_word' id='word_1_366' title='bbox 968 3631 1061 3700; x_wconf 92' lang='lat' dir='ltr'><strong>qui</strong></span> <span class='ocrx_word' id='word_1_367' title='bbox 1096 3630 1426 3699; x_wconf 78' lang='lat' dir='ltr'><strong>Sapientiam</strong></span> <span class='ocrx_word' id='word_1_368' title='bbox 1457 3630 1617 3685; x_wconf 90' lang='lat' dir='ltr'><strong>titulo</strong></span> <span class='ocrx_word' id='word_1_369' title='bbox 1649 3631 1833 3685; x_wconf 87' lang='lat' dir='ltr'><strong>omnia</strong></span> <span class='ocrx_word' id='word_1_370' title='bbox 1863 3632 2127 3684; x_wconf 88' lang='lat' dir='ltr'><strong>virtutum</strong></span> 
     </span>
    </p>
   </div>
   <div class='ocr_carea' id='block_1_55' title="bbox 546 3721 2129 3792">
    <p class='ocr_par' dir='ltr' id='par_1_55' title="bbox 546 3721 2129 3792">
     <span class='ocr_line' id='line_1_55' title="bbox 546 3721 2129 3792; baseline 0.003 -19"><span class='ocrx_word' id='word_1_371' title='bbox 546 3735 752 3789; x_wconf 86' lang='lat' dir='ltr'><strong>genera</strong></span> <span class='ocrx_word' id='word_1_372' title='bbox 782 3722 1126 3792; x_wconf 88' lang='lat' dir='ltr'><strong>proﬁtentem</strong></span> <span class='ocrx_word' id='word_1_373' title='bbox 1150 3724 1484 3792; x_wconf 89' lang='lat' dir='ltr'><strong>composuit.</strong></span> <span class='ocrx_word' id='word_1_374' title='bbox 1517 3721 1648 3777; x_wconf 84' lang='lat' dir='ltr'><strong>Post</strong></span> <span class='ocrx_word' id='word_1_375' title='bbox 1678 3737 1838 3792; x_wconf 87' lang='lat' dir='ltr'><strong>quem</strong></span> <span class='ocrx_word' id='word_1_376' title='bbox 1871 3722 2011 3776; x_wconf 87' lang='lat' dir='ltr'><strong>alius</strong></span> <span class='ocrx_word' id='word_1_377' title='bbox 2036 3737 2129 3777; x_wconf 87' lang='lat' dir='ltr'><strong>eo-</strong></span> 
     </span>
    </p>
   </div>
   <div class='ocr_carea' id='block_1_56' title="bbox 547 3811 2127 3884">
    <p class='ocr_par' dir='ltr' id='par_1_56' title="bbox 547 3811 2127 3884">
     <span class='ocr_line' id='line_1_56' title="bbox 547 3811 2127 3884; baseline 0.003 -19"><span class='ocrx_word' id='word_1_378' title='bbox 547 3811 673 3865; x_wconf 87' lang='lat' dir='ltr'><strong>dem</strong></span> <span class='ocrx_word' id='word_1_379' title='bbox 706 3828 830 3867; x_wconf 91' lang='lat' dir='ltr'><strong>cum</strong></span> <span class='ocrx_word' id='word_1_380' title='bbox 879 3815 1159 3883; x_wconf 87' lang='lat' dir='ltr'><strong>prioribus</strong></span> <span class='ocrx_word' id='word_1_381' title='bbox 1204 3816 1426 3869; x_wconf 88' lang='lat' dir='ltr'><strong>nomine</strong></span> <span class='ocrx_word' id='word_1_382' title='bbox 1467 3812 1637 3870; x_wconf 88' lang='lat' dir='ltr'><strong>Onias</strong></span> <span class='ocrx_word' id='word_1_383' title='bbox 1679 3813 1916 3884; x_wconf 64' lang='lat' dir='ltr'><strong>praefuit.</strong></span> <span class='ocrx_word' id='word_1_384' title='bbox 1952 3812 2127 3884; x_wconf 82' lang='lat' dir='ltr'><strong>Hujus</strong></span> 
     </span>
    </p>
   </div>
   <div class='ocr_carea' id='block_1_57' title="bbox 550 3904 2123 3976">
    <p class='ocr_par' dir='ltr' id='par_1_57' title="bbox 550 3904 2123 3976">
     <span class='ocr_line' id='line_1_57' title="bbox 550 3904 2123 3976; baseline 0.002 -18"><span class='ocrx_word' id='word_1_385' title='bbox 550 3904 827 3973; x_wconf 89' lang='lat' dir='ltr'><strong>pontiﬁcis</strong></span> <span class='ocrx_word' id='word_1_386' title='bbox 853 3913 1101 3976; x_wconf 90' lang='lat' dir='ltr'><strong>tempore</strong></span> <span class='ocrx_word' id='word_1_387' title='bbox 1127 3906 1452 3967; x_wconf 83' lang='lat' dir='ltr'><strong>Antiochus,</strong></span> <span class='ocrx_word' id='word_1_388' title='bbox 1485 3922 1610 3962; x_wconf 91' lang='lat' dir='ltr'><strong>cum</strong></span> <span class='ocrx_word' id='word_1_389' title='bbox 1635 3907 1856 3963; x_wconf 81' lang='lat' dir='ltr'><strong>Judaeos</strong></span> <span class='ocrx_word' id='word_1_390' title='bbox 1886 3907 2123 3962; x_wconf 89' lang='lat' dir='ltr'><strong>obsidio-</strong></span> 
     </span>
    </p>
   </div>
   <div class='ocr_carea' id='block_1_58' title="bbox 551 3995 2127 4070">
    <p class='ocr_par' dir='ltr' id='par_1_58' title="bbox 551 3995 2127 4070">
     <span class='ocr_line' id='line_1_58' title="bbox 551 3995 2127 4070; baseline 0.003 -22"><span class='ocrx_word' id='word_1_391' title='bbox 551 4011 621 4049; x_wconf 89' lang='lat' dir='ltr'><strong>ne</strong></span> <span class='ocrx_word' id='word_1_392' title='bbox 651 3995 953 4066; x_wconf 79' lang='lat' dir='ltr'><strong>fatigasset,</strong></span> <span class='ocrx_word' id='word_1_393' title='bbox 984 3997 1302 4053; x_wconf 65' lang='lat' dir='ltr'><strong>Graecorum</strong></span> <span class='ocrx_word' id='word_1_394' title='bbox 1356 3999 1556 4055; x_wconf 88' lang='lat' dir='ltr'><strong>ritibus</strong></span> <span class='ocrx_word' id='word_1_395' title='bbox 1607 4000 1686 4054; x_wconf 92' lang='lat' dir='ltr'><strong>uti</strong></span> <span class='ocrx_word' id='word_1_396' title='bbox 1733 4000 1934 4070; x_wconf 83' lang='lat' dir='ltr'><strong>coegit.</strong></span> <span class='ocrx_word' id='word_1_397' title='bbox 1968 3997 2127 4053; x_wconf 83' lang='lat' dir='ltr'><strong>Hunc</strong></span> 
     </span>
    </p>
   </div>
   <div class='ocr_carea' id='block_1_59' title="bbox 550 4083 2127 4156">
    <p class='ocr_par' dir='ltr' id='par_1_59' title="bbox 550 4083 2127 4156">
     <span class='ocr_line' id='line_1_59' title="bbox 550 4083 2127 4156; baseline 0 -15"><span class='ocrx_word' id='word_1_398' title='bbox 550 4096 774 4141; x_wconf 83' lang='lat' dir='ltr'><strong>secutus</strong></span> <span class='ocrx_word' id='word_1_399' title='bbox 804 4083 993 4150; x_wconf 85' lang='lat' dir='ltr'><strong>Judas,</strong></span> <span class='ocrx_word' id='word_1_400' title='bbox 1024 4095 1386 4156; x_wconf 84' lang='lat' dir='ltr'><strong>cognomento</strong></span> <span class='ocrx_word' id='word_1_401' title='bbox 1416 4087 1780 4153; x_wconf 76' lang='lat' dir='ltr'><strong>Machabams,</strong></span> <span class='ocrx_word' id='word_1_402' title='bbox 1806 4088 1935 4142; x_wconf 90' lang='lat' dir='ltr'><strong>dum</strong></span> <span class='ocrx_word' id='word_1_403' title='bbox 1964 4087 2127 4142; x_wconf 89' lang='lat' dir='ltr'><strong>rebus</strong></span> 
     </span>
    </p>
   </div>
   <div class='ocr_carea' id='block_1_60' title="bbox 545 4174 2127 4252">
    <p class='ocr_par' dir='ltr' id='par_1_60' title="bbox 545 4174 2127 4252">
     <span class='ocr_line' id='line_1_60' title="bbox 545 4174 2127 4252; baseline 0.001 -20"><span class='ocrx_word' id='word_1_404' title='bbox 545 4174 862 4233; x_wconf 66' lang='lat' dir='ltr'><strong>Iudaeorum</strong></span> <span class='ocrx_word' id='word_1_405' title='bbox 912 4188 1131 4249; x_wconf 64' lang='lat' dir='ltr'><strong>praeest,</strong></span> <span class='ocrx_word' id='word_1_406' title='bbox 1170 4179 1445 4248; x_wconf 81' lang='lat' dir='ltr'><strong>regionem</strong></span> <span class='ocrx_word' id='word_1_407' title='bbox 1492 4182 1561 4234; x_wconf 88' lang='lat' dir='ltr'><strong>ab</strong></span> <span class='ocrx_word' id='word_1_408' title='bbox 1594 4181 1777 4252; x_wconf 84' lang='lat' dir='ltr'><strong>impiis</strong></span> <span class='ocrx_word' id='word_1_409' title='bbox 1803 4187 1858 4236; x_wconf 90' lang='lat' dir='ltr'><strong>et</strong></span> <span class='ocrx_word' id='word_1_410' title='bbox 1881 4178 2127 4249; x_wconf 79' lang='lat' dir='ltr'><strong>profanis</strong></span> 
     </span>
    </p>
   </div>
   <div class='ocr_carea' id='block_1_61' title="bbox 547 4270 2124 4340">
    <p class='ocr_par' dir='ltr' id='par_1_61' title="bbox 547 4270 2124 4340">
     <span class='ocr_line' id='line_1_61' title="bbox 547 4270 2124 4340; baseline 0.004 -16"><span class='ocrx_word' id='word_1_411' title='bbox 547 4281 901 4340; x_wconf 79' lang='lat' dir='ltr'><strong>expurgatam</strong></span> <span class='ocrx_word' id='word_1_412' title='bbox 943 4271 1210 4326; x_wconf 80' lang='lat' dir='ltr'><strong>liberavit.</strong></span> <span class='ocrx_word' id='word_1_413' title='bbox 1237 4270 1337 4325; x_wconf 88' lang='lat' dir='ltr'><strong>Cui</strong></span> <span class='ocrx_word' id='word_1_414' title='bbox 1369 4271 1613 4327; x_wconf 86' lang='lat' dir='ltr'><strong>succedit</strong></span> <span class='ocrx_word' id='word_1_415' title='bbox 1645 4273 1814 4329; x_wconf 81' lang='lat' dir='ltr'><strong>frater</strong></span> <span class='ocrx_word' id='word_1_416' title='bbox 1839 4272 2124 4340; x_wconf 86' lang='lat' dir='ltr'><strong>Jonathas,</strong></span> 
     </span>
    </p>
   </div>
   <div class='ocr_carea' id='block_1_62' title="bbox 547 4359 2127 4436">
    <p class='ocr_par' dir='ltr' id='par_1_62' title="bbox 547 4359 2127 4436">
     <span class='ocr_line' id='line_1_62' title="bbox 547 4359 2127 4436; baseline 0.003 -20"><span class='ocrx_word' id='word_1_417' title='bbox 547 4361 745 4417; x_wconf 88' lang='lat' dir='ltr'><strong>deinde</strong></span> <span class='ocrx_word' id='word_1_418' title='bbox 781 4359 971 4416; x_wconf 87' lang='lat' dir='ltr'><strong>Simon</strong></span> <span class='ocrx_word' id='word_1_419' title='bbox 1002 4380 1016 4416; x_wconf 92' lang='lat'><strong>:</strong></span> <span class='ocrx_word' id='word_1_420' title='bbox 1055 4362 1159 4416; x_wconf 88' lang='lat' dir='ltr'><strong>sub</strong></span> <span class='ocrx_word' id='word_1_421' title='bbox 1188 4362 1350 4431; x_wconf 85' lang='lat' dir='ltr'><strong>cujus</strong></span> <span class='ocrx_word' id='word_1_422' title='bbox 1380 4370 1609 4417; x_wconf 84' lang='lat' dir='ltr'><strong>mortem</strong></span> <span class='ocrx_word' id='word_1_423' title='bbox 1640 4366 1793 4435; x_wconf 81' lang='lat' dir='ltr'><strong>regni</strong></span> <span class='ocrx_word' id='word_1_424' title='bbox 1815 4366 1961 4436; x_wconf 92' lang='lat' dir='ltr'><strong>quod</strong></span> <span class='ocrx_word' id='word_1_425' title='bbox 1983 4365 2127 4436; x_wconf 87' lang='lat' dir='ltr'><strong>apud</strong></span> 
     </span>
    </p>
   </div>
   <div class='ocr_carea' id='block_1_63' title="bbox 549 4453 2128 4530">
    <p class='ocr_par' dir='ltr' id='par_1_63' title="bbox 549 4453 2128 4530">
     <span class='ocr_line' id='line_1_63' title="bbox 549 4453 2128 4530; baseline 0.004 -24"><span class='ocrx_word' id='word_1_426' title='bbox 549 4453 718 4524; x_wconf 79' lang='lat' dir='ltr'><strong>Syros</strong></span> <span class='ocrx_word' id='word_1_427' title='bbox 735 4453 925 4523; x_wconf 80' lang='lat' dir='ltr'><strong>viguit,</strong></span> <span class='ocrx_word' id='word_1_428' title='bbox 956 4468 1137 4507; x_wconf 88' lang='lat' dir='ltr'><strong>annus</strong></span> <span class='ocrx_word' id='word_1_429' title='bbox 1170 4464 1500 4515; x_wconf 88' lang='lat' dir='ltr'><strong>numeratur</strong></span> <span class='ocrx_word' id='word_1_430' title='bbox 1529 4456 1798 4525; x_wconf 89' lang='lat' dir='ltr'><strong>septimus</strong></span> <span class='ocrx_word' id='word_1_431' title='bbox 1824 4464 1879 4512; x_wconf 89' lang='lat' dir='ltr'><strong>et</strong></span> <span class='ocrx_word' id='word_1_432' title='bbox 1902 4466 2128 4530; x_wconf 89' lang='lat' dir='ltr'><strong>septua-</strong></span> 
     </span>
    </p>
   </div>
   <div class='ocr_carea' id='block_1_64' title="bbox 2247 1974 3745 2049">
    <p class='ocr_par' dir='ltr' id='par_1_64' title="bbox 2247 1974 3745 2049">
     <span class='ocr_line' id='line_1_64' title="bbox 2247 1974 3745 2049; baseline 0.003 -22"><span class='ocrx_word' id='word_1_433' title='bbox 2247 1974 2649 2046; x_wconf 76' lang='grc' dir='ltr'>Ἀλεξάνδρειαν</span> <span class='ocrx_word' id='word_1_434' title='bbox 2684 1975 2877 2040; x_wconf 82' lang='grc' dir='ltr'>κτίζει,</span> <span class='ocrx_word' id='word_1_435' title='bbox 2912 1976 2987 2041; x_wconf 88' lang='grc' dir='ltr'>ὡς</span> <span class='ocrx_word' id='word_1_436' title='bbox 3032 1975 3290 2047; x_wconf 79' lang='grc' dir='ltr'>Ἰώσηπος</span> <span class='ocrx_word' id='word_1_437' title='bbox 3334 1978 3546 2049; x_wconf 78' lang='grc' dir='ltr'>ἱστορεῖ,</span> <span class='ocrx_word' id='word_1_438' title='bbox 3593 1978 3745 2047; x_wconf 69' lang='grc' dir='ltr'>ἀφικό-</span> 
     </span>
    </p>
   </div>
   <div class='ocr_carea' id='block_1_65' title="bbox 2237 2067 3743 2141">
    <p class='ocr_par' dir='ltr' id='par_1_65' title="bbox 2237 2067 3743 2141">
     <span class='ocr_line' id='line_1_65' title="bbox 2237 2067 3743 2141; baseline 0.003 -22"><span class='ocrx_word' id='word_1_439' title='bbox 2237 2067 2394 2137; x_wconf 87' lang='grc' dir='ltr'>μενός</span> <span class='ocrx_word' id='word_1_440' title='bbox 2442 2085 2502 2120; x_wconf 89' lang='grc' dir='ltr'><strong>τε</strong></span> <span class='ocrx_word' id='word_1_441' title='bbox 2544 2070 2623 2131; x_wconf 88' lang='grc' dir='ltr'><strong>είς</strong></span> <span class='ocrx_word' id='word_1_442' title='bbox 2660 2068 2729 2122; x_wconf 83' lang='grc' dir='ltr'><strong>τά</strong></span> <span class='ocrx_word' id='word_1_443' title='bbox 2781 2068 3143 2140; x_wconf 85' lang='grc' dir='ltr'>Ἰεροσόλυμα,</span> <span class='ocrx_word' id='word_1_444' title='bbox 3196 2067 3276 2139; x_wconf 79' lang='grc' dir='ltr'>τῷ</span> <span class='ocrx_word' id='word_1_445' title='bbox 3323 2068 3443 2140; x_wconf 85' lang='grc' dir='ltr'><strong>Θεῷ</strong></span> <span class='ocrx_word' id='word_1_446' title='bbox 3483 2072 3743 2141; x_wconf 82' lang='grc' dir='ltr'>προσκυνεῖ.</span> 
     </span>
    </p>
   </div>
   <div class='ocr_carea' id='block_1_66' title="bbox 2232 2160 3743 2233">
    <p class='ocr_par' dir='ltr' id='par_1_66' title="bbox 2232 2160 3743 2233">
     <span class='ocr_line' id='line_1_66' title="bbox 2232 2160 3743 2233; baseline 0.001 -20"><span class='ocrx_word' id='word_1_447' title='bbox 2232 2160 2469 2233; x_wconf 82' lang='grc' dir='ltr'>Τελευτᾷ</span> <span class='ocrx_word' id='word_1_448' title='bbox 2511 2162 2567 2214; x_wconf 84' lang='grc' dir='ltr'>δὲ</span> <span class='ocrx_word' id='word_1_449' title='bbox 2598 2162 2689 2214; x_wconf 83' lang='grc' dir='ltr'>τὸν</span> <span class='ocrx_word' id='word_1_450' title='bbox 2724 2161 2836 2232; x_wconf 81' lang='grc' dir='ltr'>βίον</span> <span class='ocrx_word' id='word_1_451' title='bbox 2882 2160 3226 2232; x_wconf 80' lang='grc' dir='ltr'>Ἀλέξανδρος</span> <span class='ocrx_word' id='word_1_452' title='bbox 3257 2162 3318 2213; x_wconf 81' lang='grc' dir='ltr'><strong>ἐν</strong></span> <span class='ocrx_word' id='word_1_453' title='bbox 3352 2162 3490 2233; x_wconf 83' lang='grc' dir='ltr'>ἀρχῇ</span> <span class='ocrx_word' id='word_1_454' title='bbox 3528 2162 3616 2233; x_wconf 84' lang='grc' dir='ltr'>τῆς</span> <span class='ocrx_word' id='word_1_455' title='bbox 3646 2163 3743 2214; x_wconf 78' lang='grc' dir='ltr'>ἐκα-</span> 
     </span>
    </p>
   </div>
   <div class='ocr_carea' id='block_1_67' title="bbox 2229 2248 3746 2324">
    <p class='ocr_par' dir='ltr' id='par_1_67' title="bbox 2229 2248 3746 2324">
     <span class='ocr_line' id='line_1_67' title="bbox 2229 2248 3746 2324; baseline -0.001 -21"><span class='ocrx_word' id='word_1_456' title='bbox 2229 2251 2425 2320; x_wconf 84' lang='grc' dir='ltr'>τοστῆς</span> <span class='ocrx_word' id='word_1_457' title='bbox 2469 2251 2562 2304; x_wconf 77' lang='grc' dir='ltr'><strong>καὶ</strong></span> <span class='ocrx_word' id='word_1_458' title='bbox 2603 2249 3200 2324; x_wconf 83' lang='grc' dir='ltr'>τεσσαρεσκαιδεκάτης</span> <span class='ocrx_word' id='word_1_459' title='bbox 3252 2249 3613 2321; x_wconf 80' lang='grc' dir='ltr'>Ὀλυμπιάδος,</span> <span class='ocrx_word' id='word_1_460' title='bbox 3642 2248 3746 2321; x_wconf 67' lang='grc' dir='ltr'>μετὰ</span> 
     </span>
    </p>
   </div>
   <div class='ocr_carea' id='block_1_68' title="bbox 2231 2341 3742 2415">
    <p class='ocr_par' dir='ltr' id='par_1_68' title="bbox 2231 2341 3742 2415">
     <span class='ocr_line' id='line_1_68' title="bbox 2231 2341 3742 2415; baseline 0 -20"><span class='ocrx_word' id='word_1_461' title='bbox 2231 2341 2323 2414; x_wconf 79' lang='grc' dir='ltr'>ἔτη</span> <span class='ocrx_word' id='word_1_462' title='bbox 2372 2342 2617 2397; x_wconf 87' lang='grc' dir='ltr'>διακόσια</span> <span class='ocrx_word' id='word_1_463' title='bbox 2663 2344 2952 2415; x_wconf 89' lang='grc' dir='ltr'>τριάκοντα</span> <span class='ocrx_word' id='word_1_464' title='bbox 3002 2344 3069 2397; x_wconf 88' lang='grc' dir='ltr'><strong>ἐκ</strong></span> <span class='ocrx_word' id='word_1_465' title='bbox 3120 2342 3325 2414; x_wconf 84' lang='grc' dir='ltr'>Κύρου,</span> <span class='ocrx_word' id='word_1_466' title='bbox 3375 2342 3434 2406; x_wconf 77' lang='grc' dir='ltr'>ὃς</span> <span class='ocrx_word' id='word_1_467' title='bbox 3485 2343 3742 2397; x_wconf 73' lang='grc' dir='ltr'>ἐϐασίλευσε</span> 
     </span>
    </p>
   </div>
   <div class='ocr_carea' id='block_1_69' title="bbox 2231 2433 3745 2508">
    <p class='ocr_par' dir='ltr' id='par_1_69' title="bbox 2231 2433 3745 2508">
     <span class='ocr_line' id='line_1_69' title="bbox 2231 2433 3745 2508; baseline -0.001 -22"><span class='ocrx_word' id='word_1_468' title='bbox 2231 2433 2455 2504; x_wconf 87' lang='grc' dir='ltr'>Περσῶν</span> <span class='ocrx_word' id='word_1_469' title='bbox 2481 2433 2622 2488; x_wconf 88' lang='grc' dir='ltr'><strong>κατά</strong></span> <span class='ocrx_word' id='word_1_470' title='bbox 2647 2436 2708 2489; x_wconf 85' lang='grc' dir='ltr'>τὸ</span> <span class='ocrx_word' id='word_1_471' title='bbox 2743 2435 2954 2507; x_wconf 85' lang='grc' dir='ltr'>πρῶτον</span> <span class='ocrx_word' id='word_1_472' title='bbox 2980 2434 3098 2499; x_wconf 82' lang='grc' dir='ltr'>ἐτος</span> <span class='ocrx_word' id='word_1_473' title='bbox 3128 2436 3386 2508; x_wconf 84' lang='grc' dir='ltr'>πέμπτης</span> <span class='ocrx_word' id='word_1_474' title='bbox 3414 2435 3505 2488; x_wconf 80' lang='grc' dir='ltr'>καὶ</span> <span class='ocrx_word' id='word_1_475' title='bbox 3535 2450 3745 2504; x_wconf 84' lang='grc' dir='ltr'>πεντηκο-</span> 
     </span>
    </p>
   </div>
   <div class='ocr_carea' id='block_1_70' title="bbox 2233 2524 3745 2599">
    <p class='ocr_par' dir='ltr' id='par_1_70' title="bbox 2233 2524 3745 2599">
     <span class='ocr_line' id='line_1_70' title="bbox 2233 2524 3745 2599; baseline 0 -20"><span class='ocrx_word' id='word_1_476' title='bbox 2233 2526 2363 2597; x_wconf 81' lang='grc' dir='ltr'>στῆς</span> <span class='ocrx_word' id='word_1_477' title='bbox 2406 2527 2782 2598; x_wconf 90' lang='grc' dir='ltr'>Ὀλυμπιάδος.</span> <span class='ocrx_word' id='word_1_478' title='bbox 2819 2526 2973 2582; x_wconf 80' lang='grc' dir='ltr'><strong>Μετά</strong></span> <span class='ocrx_word' id='word_1_479' title='bbox 3005 2527 3063 2581; x_wconf 83' lang='grc' dir='ltr'><strong>δέ</strong></span> <span class='ocrx_word' id='word_1_480' title='bbox 3110 2527 3208 2599; x_wconf 83' lang='grc' dir='ltr'>τὴν</span> <span class='ocrx_word' id='word_1_481' title='bbox 3250 2526 3504 2598; x_wconf 79' lang='grc' dir='ltr'>τελευτὴν</span> <span class='ocrx_word' id='word_1_482' title='bbox 3548 2524 3745 2589; x_wconf 78' lang='grc' dir='ltr'>Ἀλεξάν-</span> 
     </span>
    </p>
   </div>
   <div class='ocr_carea' id='block_1_71' title="bbox 2230 2618 3745 2691">
    <p class='ocr_par' dir='ltr' id='par_1_71' title="bbox 2230 2618 3745 2691">
     <span class='ocr_line' id='line_1_71' title="bbox 2230 2618 3745 2691; baseline -0.001 -20"><span class='ocrx_word' id='word_1_483' title='bbox 2230 2619 2354 2691; x_wconf 86' lang='grc' dir='ltr'>δρου</span> <span class='ocrx_word' id='word_1_484' title='bbox 2386 2618 2479 2672; x_wconf 86' lang='grc' dir='ltr'><strong>τοῦ</strong></span> <span class='ocrx_word' id='word_1_485' title='bbox 2513 2619 2837 2684; x_wconf 83' lang='grc' dir='ltr'>Μακεδόνος,</span> <span class='ocrx_word' id='word_1_486' title='bbox 2899 2621 2992 2673; x_wconf 75' lang='grc' dir='ltr'>καὶ</span> <span class='ocrx_word' id='word_1_487' title='bbox 3031 2619 3168 2690; x_wconf 82' lang='grc' dir='ltr'>μετὰ</span> <span class='ocrx_word' id='word_1_488' title='bbox 3209 2619 3300 2672; x_wconf 83' lang='grc' dir='ltr'>τὸν</span> <span class='ocrx_word' id='word_1_489' title='bbox 3339 2618 3623 2690; x_wconf 86' lang='grc' dir='ltr'>δηλωθέντα</span> <span class='ocrx_word' id='word_1_490' title='bbox 3646 2618 3745 2686; x_wconf 87' lang='grc' dir='ltr'>ἀρχ-</span> 
     </span>
    </p>
   </div>
   <div class='ocr_carea' id='block_1_72' title="bbox 2234 2706 3743 2782">
    <p class='ocr_par' dir='ltr' id='par_1_72' title="bbox 2234 2706 3743 2782">
     <span class='ocr_line' id='line_1_72' title="bbox 2234 2706 3743 2782; baseline -0.003 -19"><span class='ocrx_word' id='word_1_491' title='bbox 2234 2710 2402 2782; x_wconf 82' lang='grc' dir='ltr'>ιερέα,</span> <span class='ocrx_word' id='word_1_492' title='bbox 2439 2710 2615 2775; x_wconf 83' lang='grc' dir='ltr'>Ὀνίας</span> <span class='ocrx_word' id='word_1_493' title='bbox 2649 2714 2858 2781; x_wconf 79' lang='grc' dir='ltr'>ἡγεῖται</span> <span class='ocrx_word' id='word_1_494' title='bbox 2881 2710 2974 2764; x_wconf 86' lang='grc' dir='ltr'><strong>τοῦ</strong></span> <span class='ocrx_word' id='word_1_495' title='bbox 3006 2710 3208 2775; x_wconf 78' lang='grc' dir='ltr'>ἔθνους,</span> <span class='ocrx_word' id='word_1_496' title='bbox 3249 2711 3349 2782; x_wconf 80' lang='grc' dir='ltr'>τῆς</span> <span class='ocrx_word' id='word_1_497' title='bbox 3382 2708 3486 2763; x_wconf 88' lang='grc' dir='ltr'><strong>τῶν</strong></span> <span class='ocrx_word' id='word_1_498' title='bbox 3504 2706 3743 2780; x_wconf 81' lang='grc' dir='ltr'>ἀρχιερέων</span> 
     </span>
    </p>
   </div>
   <div class='ocr_carea' id='block_1_73' title="bbox 2230 2801 3741 2876">
    <p class='ocr_par' dir='ltr' id='par_1_73' title="bbox 2230 2801 3741 2876">
     <span class='ocr_line' id='line_1_73' title="bbox 2230 2801 3741 2876; baseline -0.003 -20"><span class='ocrx_word' id='word_1_499' title='bbox 2230 2803 2324 2856; x_wconf 78' lang='grc' dir='ltr'>καὶ</span> <span class='ocrx_word' id='word_1_500' title='bbox 2368 2804 2528 2868; x_wconf 80' lang='grc' dir='ltr'>αὐτὸς</span> <span class='ocrx_word' id='word_1_501' title='bbox 2575 2804 2968 2876; x_wconf 76' lang='grc' dir='ltr'>ἐπειλημμένος</span> <span class='ocrx_word' id='word_1_502' title='bbox 3014 2803 3214 2874; x_wconf 76' lang='grc' dir='ltr'>τιμῆςο</span> <span class='ocrx_word' id='word_1_503' title='bbox 3259 2802 3381 2856; x_wconf 78' lang='grc' dir='ltr'>καθ’</span> <span class='ocrx_word' id='word_1_504' title='bbox 3418 2802 3476 2855; x_wconf 85' lang='grc' dir='ltr'>ὃν</span> <span class='ocrx_word' id='word_1_505' title='bbox 3515 2801 3741 2860; x_wconf 84' lang='grc' dir='ltr'>Σέλευκος,</span> 
     </span>
    </p>
   </div>
   <div class='ocr_carea' id='block_1_74' title="bbox 2229 2889 3743 2967">
    <p class='ocr_par' dir='ltr' id='par_1_74' title="bbox 2229 2889 3743 2967">
     <span class='ocr_line' id='line_1_74' title="bbox 2229 2889 3743 2967; baseline -0.003 -21"><span class='ocrx_word' id='word_1_506' title='bbox 2229 2893 2523 2948; x_wconf 88' lang='grc' dir='ltr'>Βαϐυλῶνα</span> <span class='ocrx_word' id='word_1_507' title='bbox 2550 2896 2848 2967; x_wconf 86' lang='grc' dir='ltr'>κρατήσας,</span> <span class='ocrx_word' id='word_1_508' title='bbox 2878 2895 2940 2948; x_wconf 82' lang='grc' dir='ltr'>τὸ</span> <span class='ocrx_word' id='word_1_509' title='bbox 2964 2895 3063 2965; x_wconf 82' lang='grc' dir='ltr'>τῆς</span> <span class='ocrx_word' id='word_1_510' title='bbox 3109 2894 3294 2957; x_wconf 84' lang='grc' dir='ltr'>Ἀσίας</span> <span class='ocrx_word' id='word_1_511' title='bbox 3326 2891 3640 2966; x_wconf 86' lang='grc' dir='ltr'>περιτίθεται</span> <span class='ocrx_word' id='word_1_512' title='bbox 3658 2889 3743 2943; x_wconf 78' lang='grc' dir='ltr'>διά-</span> 
     </span>
    </p>
   </div>
   <div class='ocr_carea' id='block_1_75' title="bbox 2228 2980 3739 3061">
    <p class='ocr_par' dir='ltr' id='par_1_75' title="bbox 2228 2980 3739 3061">
     <span class='ocr_line' id='line_1_75' title="bbox 2228 2980 3739 3061; baseline -0.003 -21"><span class='ocrx_word' id='word_1_513' title='bbox 2228 2987 2375 3059; x_wconf 86' lang='grc' dir='ltr'>δημα</span> <span class='ocrx_word' id='word_1_514' title='bbox 2400 2986 2508 3039; x_wconf 82' lang='grc' dir='ltr'>ἔτει</span> <span class='ocrx_word' id='word_1_515' title='bbox 2535 2986 2819 3061; x_wconf 78' lang='grc' dir='ltr'>δωδεκάτῳ</span> <span class='ocrx_word' id='word_1_516' title='bbox 2842 2985 2979 3057; x_wconf 87' lang='grc' dir='ltr'><strong>μετά</strong></span> <span class='ocrx_word' id='word_1_517' title='bbox 3002 2985 3101 3056; x_wconf 85' lang='grc' dir='ltr'>τὴν</span> <span class='ocrx_word' id='word_1_518' title='bbox 3141 2982 3488 3056; x_wconf 81' lang='grc' dir='ltr'>Ἀλεξάνδρου</span> <span class='ocrx_word' id='word_1_519' title='bbox 3518 2980 3739 3050; x_wconf 73' lang='grc' dir='ltr'>τελευτὴν,</span> 
     </span>
    </p>
   </div>
   <div class='ocr_carea' id='block_1_76' title="bbox 2230 3070 3741 3147">
    <p class='ocr_par' dir='ltr' id='par_1_76' title="bbox 2230 3070 3741 3147">
     <span class='ocr_line' id='line_1_76' title="bbox 2230 3070 3741 3147; baseline -0.005 -15"><span class='ocrx_word' id='word_1_520' title='bbox 2230 3078 2350 3132; x_wconf 86' lang='grc' dir='ltr'>καθ’</span> <span class='ocrx_word' id='word_1_521' title='bbox 2381 3079 2440 3132; x_wconf 82' lang='grc' dir='ltr'>ὃν</span> <span class='ocrx_word' id='word_1_522' title='bbox 2468 3079 2756 3147; x_wconf 85' lang='grc' dir='ltr'>συνάγεται</span> <span class='ocrx_word' id='word_1_523' title='bbox 2783 3080 2811 3131; x_wconf 90' lang='lat'><strong>6</strong></span> <span class='ocrx_word' id='word_1_524' title='bbox 2835 3079 2942 3140; x_wconf 80' lang='grc' dir='ltr'><strong>πᾶς</strong></span> <span class='ocrx_word' id='word_1_525' title='bbox 2972 3077 3163 3147; x_wconf 86' lang='grc' dir='ltr'>χρόνος</span> <span class='ocrx_word' id='word_1_526' title='bbox 3183 3078 3212 3129; x_wconf 94' lang='lat'><strong>6</strong></span> <span class='ocrx_word' id='word_1_527' title='bbox 3240 3076 3351 3130; x_wconf 82' lang='grc' dir='ltr'>ἀπὸ</span> <span class='ocrx_word' id='word_1_528' title='bbox 3376 3075 3548 3147; x_wconf 82' lang='grc' dir='ltr'>Κύρου</span> <span class='ocrx_word' id='word_1_529' title='bbox 3576 3075 3642 3137; x_wconf 81' lang='grc' dir='ltr'>εἰς</span> <span class='ocrx_word' id='word_1_530' title='bbox 3670 3070 3741 3140; x_wconf 70' lang='grc' dir='ltr'>ἔτη</span> 
     </span>
    </p>
   </div>
   <div class='ocr_carea' id='block_1_77' title="bbox 2230 3163 3742 3241">
    <p class='ocr_par' dir='ltr' id='par_1_77' title="bbox 2230 3163 3742 3241">
     <span class='ocr_line' id='line_1_77' title="bbox 2230 3163 3742 3241; baseline -0.005 -17"><span class='ocrx_word' id='word_1_531' title='bbox 2230 3171 2473 3225; x_wconf 88' lang='grc' dir='ltr'>διακόσια</span> <span class='ocrx_word' id='word_1_532' title='bbox 2505 3169 3074 3241; x_wconf 86' lang='grc' dir='ltr'>τεσσαρακονταοκτώ.</span> <span class='ocrx_word' id='word_1_533' title='bbox 3128 3169 3408 3224; x_wconf 85' lang='grc' dir='ltr'>Ἐντεῦθεν</span> <span class='ocrx_word' id='word_1_534' title='bbox 3456 3167 3547 3239; x_wconf 76' lang='grc' dir='ltr'>τὴν</span> <span class='ocrx_word' id='word_1_535' title='bbox 3595 3163 3742 3233; x_wconf 75' lang='grc' dir='ltr'>Ἐλλή-</span> 
     </span>
    </p>
   </div>
   <div class='ocr_carea' id='block_1_78' title="bbox 2231 3255 3744 3334">
    <p class='ocr_par' dir='ltr' id='par_1_78' title="bbox 2231 3255 3744 3334">
     <span class='ocr_line' id='line_1_78' title="bbox 2231 3255 3744 3334; baseline -0.006 -18"><span class='ocrx_word' id='word_1_536' title='bbox 2231 3279 2336 3316; x_wconf 88' lang='grc' dir='ltr'><strong>νων</strong></span> <span class='ocrx_word' id='word_1_537' title='bbox 2369 3261 2642 3332; x_wconf 86' lang='grc' dir='ltr'>βασιλείαν</span> <span class='ocrx_word' id='word_1_538' title='bbox 2672 3265 2705 3333; x_wconf 84' lang='grc' dir='ltr'><strong>ἡ</strong></span> <span class='ocrx_word' id='word_1_539' title='bbox 2728 3262 2834 3315; x_wconf 89' lang='grc' dir='ltr'><strong>τῶν</strong></span> <span class='ocrx_word' id='word_1_540' title='bbox 2858 3260 3231 3316; x_wconf 83' lang='grc' dir='ltr'>Μακκαϐαίων</span> <span class='ocrx_word' id='word_1_541' title='bbox 3254 3259 3440 3334; x_wconf 80' lang='grc' dir='ltr'>γραφὴ</span> <span class='ocrx_word' id='word_1_542' title='bbox 3460 3255 3744 3330; x_wconf 73' lang='grc' dir='ltr'>καταριθμεῖ·</span> 
     </span>
    </p>
   </div>
   <div class='ocr_carea' id='block_1_79' title="bbox 2232 3350 3746 3427">
    <p class='ocr_par' dir='ltr' id='par_1_79' title="bbox 2232 3350 3746 3427">
     <span class='ocr_line' id='line_1_79' title="bbox 2232 3350 3746 3427; baseline -0.005 -19"><span class='ocrx_word' id='word_1_543' title='bbox 2232 3354 2354 3409; x_wconf 88' lang='grc' dir='ltr'>σθαι</span> <span class='ocrx_word' id='word_1_544' title='bbox 2384 3355 2627 3427; x_wconf 83' lang='grc' dir='ltr'>ἄρχεται.</span> <span class='ocrx_word' id='word_1_545' title='bbox 2672 3354 2824 3409; x_wconf 87' lang='grc' dir='ltr'><strong>Μετά</strong></span> <span class='ocrx_word' id='word_1_546' title='bbox 2856 3354 2913 3407; x_wconf 84' lang='grc' dir='ltr'>δὲ</span> <span class='ocrx_word' id='word_1_547' title='bbox 2946 3355 3036 3409; x_wconf 79' lang='grc' dir='ltr'>τὸν</span> <span class='ocrx_word' id='word_1_548' title='bbox 3079 3354 3256 3409; x_wconf 85' lang='grc' dir='ltr'>Ὀνίαν</span> <span class='ocrx_word' id='word_1_549' title='bbox 3288 3357 3497 3423; x_wconf 79' lang='grc' dir='ltr'>ἡγεῖται</span> <span class='ocrx_word' id='word_1_550' title='bbox 3519 3351 3616 3405; x_wconf 86' lang='grc' dir='ltr'><strong>τῶν</strong></span> <span class='ocrx_word' id='word_1_551' title='bbox 3647 3350 3746 3402; x_wconf 58' lang='grc' dir='ltr'>Ἰουκ</span> 
     </span>
    </p>
   </div>
   <div class='ocr_carea' id='block_1_80' title="bbox 2228 3440 3740 3519">
    <p class='ocr_par' dir='ltr' id='par_1_80' title="bbox 2228 3440 3740 3519">
     <span class='ocr_line' id='line_1_80' title="bbox 2228 3440 3740 3519; baseline -0.003 -19"><span class='ocrx_word' id='word_1_552' title='bbox 2228 3447 2389 3501; x_wconf 90' lang='grc' dir='ltr'>δαίων</span> <span class='ocrx_word' id='word_1_553' title='bbox 2437 3448 2728 3518; x_wconf 81' lang='grc' dir='ltr'>ἀρχιερεὺς</span> <span class='ocrx_word' id='word_1_554' title='bbox 2778 3446 3118 3519; x_wconf 78' lang='grc' dir='ltr'>Ἐλεάζαρος,</span> <span class='ocrx_word' id='word_1_555' title='bbox 3163 3446 3285 3500; x_wconf 89' lang='grc' dir='ltr'>καθ’</span> <span class='ocrx_word' id='word_1_556' title='bbox 3329 3446 3388 3499; x_wconf 85' lang='grc' dir='ltr'>ὃν</span> <span class='ocrx_word' id='word_1_557' title='bbox 3433 3446 3481 3498; x_wconf 90' lang='grc' dir='ltr'><strong>οί</strong></span> <span class='ocrx_word' id='word_1_558' title='bbox 3530 3440 3740 3511; x_wconf 77' lang='grc' dir='ltr'>Ἑϐδομή-</span> 
     </span>
    </p>
   </div>
   <div class='ocr_carea' id='block_1_81' title="bbox 2229 3529 3740 3610">
    <p class='ocr_par' dir='ltr' id='par_1_81' title="bbox 2229 3529 3740 3610">
     <span class='ocr_line' id='line_1_81' title="bbox 2229 3529 3740 3610; baseline -0.007 -18"><span class='ocrx_word' id='word_1_559' title='bbox 2229 3556 2412 3602; x_wconf 88' lang='grc' dir='ltr'>κοντα,</span> <span class='ocrx_word' id='word_1_560' title='bbox 2457 3538 2556 3602; x_wconf 76' lang='grc' dir='ltr'>τὰς</span> <span class='ocrx_word' id='word_1_561' title='bbox 2593 3537 2741 3601; x_wconf 85' lang='grc' dir='ltr'>θείας</span> <span class='ocrx_word' id='word_1_562' title='bbox 2767 3536 3199 3610; x_wconf 79' lang='grc' dir='ltr'>ἐρμηνεύσαντες</span> <span class='ocrx_word' id='word_1_563' title='bbox 3229 3536 3468 3608; x_wconf 84' lang='grc' dir='ltr'>Γραφάς,</span> <span class='ocrx_word' id='word_1_564' title='bbox 3501 3536 3609 3596; x_wconf 86' lang='grc' dir='ltr'>ταῖς</span> <span class='ocrx_word' id='word_1_565' title='bbox 3634 3529 3740 3584; x_wconf 72' lang='grc' dir='ltr'>κατὰ</span> 
     </span>
    </p>
   </div>
   <div class='ocr_carea' id='block_1_82' title="bbox 2241 3620 3741 3702">
    <p class='ocr_par' dir='ltr' id='par_1_82' title="bbox 2241 3620 3741 3702">
     <span class='ocr_line' id='line_1_82' title="bbox 2241 3620 3741 3702; baseline -0.006 -19"><span class='ocrx_word' id='word_1_566' title='bbox 2241 3629 2641 3702; x_wconf 78' lang='grc' dir='ltr'>Ἀλεξάνδρειαν</span> <span class='ocrx_word' id='word_1_567' title='bbox 2690 3627 3057 3700; x_wconf 84' lang='grc' dir='ltr'>βιϐλιοθήκαις</span> <span class='ocrx_word' id='word_1_568' title='bbox 3102 3628 3510 3682; x_wconf 84' lang='grc' dir='ltr'>ἀνατεθείκασι·</span> <span class='ocrx_word' id='word_1_569' title='bbox 3563 3621 3660 3696; x_wconf 85' lang='grc' dir='ltr'>μεθ’</span> <span class='ocrx_word' id='word_1_570' title='bbox 3698 3620 3741 3671; x_wconf 85' lang='grc' dir='ltr'>ὃν</span> 
     </span>
    </p>
   </div>
   <div class='ocr_carea' id='block_1_83' title="bbox 2227 3710 3745 3792">
    <p class='ocr_par' dir='ltr' id='par_1_83' title="bbox 2227 3710 3745 3792">
     <span class='ocr_line' id='line_1_83' title="bbox 2227 3710 3745 3792; baseline -0.001 -18"><span class='ocrx_word' id='word_1_571' title='bbox 2227 3721 2414 3792; x_wconf 76' lang='grc' dir='ltr'>ἕτερος</span> <span class='ocrx_word' id='word_1_572' title='bbox 2454 3721 2648 3786; x_wconf 84' lang='grc' dir='ltr'>Ὀνίας,</span> <span class='ocrx_word' id='word_1_573' title='bbox 2682 3721 2742 3775; x_wconf 80' lang='grc' dir='ltr'>ὃν</span> <span class='ocrx_word' id='word_1_574' title='bbox 2774 3720 3076 3791; x_wconf 84' lang='grc' dir='ltr'>διαδέχεται</span> <span class='ocrx_word' id='word_1_575' title='bbox 3118 3720 3320 3791; x_wconf 84' lang='grc' dir='ltr'>Σίμων,</span> <span class='ocrx_word' id='word_1_576' title='bbox 3354 3720 3473 3775; x_wconf 82' lang='grc' dir='ltr'>καθ’</span> <span class='ocrx_word' id='word_1_577' title='bbox 3499 3719 3553 3773; x_wconf 84' lang='grc' dir='ltr'>ὃν</span> <span class='ocrx_word' id='word_1_578' title='bbox 3585 3710 3745 3785; x_wconf 68' lang='grc' dir='ltr'>Ἰησοῦς</span> 
     </span>
    </p>
   </div>
   <div class='ocr_carea' id='block_1_84' title="bbox 2226 3804 3744 3885">
    <p class='ocr_par' dir='ltr' id='par_1_84' title="bbox 2226 3804 3744 3885">
     <span class='ocr_line' id='line_1_84' title="bbox 2226 3804 3744 3885; baseline -0.003 -19"><span class='ocrx_word' id='word_1_579' title='bbox 2226 3814 2255 3866; x_wconf 87' lang='lat'><strong>6</strong></span> <span class='ocrx_word' id='word_1_580' title='bbox 2287 3812 2380 3865; x_wconf 88' lang='grc' dir='ltr'><strong>τοῦ</strong></span> <span class='ocrx_word' id='word_1_581' title='bbox 2429 3811 2597 3885; x_wconf 88' lang='grc' dir='ltr'>Σιράχ</span> <span class='ocrx_word' id='word_1_582' title='bbox 2630 3812 2973 3883; x_wconf 75' lang='grc' dir='ltr'>ἐγνωρίζετο,</span> <span class='ocrx_word' id='word_1_583' title='bbox 3005 3814 3033 3866; x_wconf 88' lang='lat'><strong>6</strong></span> <span class='ocrx_word' id='word_1_584' title='bbox 3062 3813 3160 3883; x_wconf 78' lang='grc' dir='ltr'>τὴν</span> <span class='ocrx_word' id='word_1_585' title='bbox 3189 3804 3525 3884; x_wconf 82' lang='grc' dir='ltr'>καλουμένην</span> <span class='ocrx_word' id='word_1_586' title='bbox 3552 3808 3744 3878; x_wconf 78' lang='grc' dir='ltr'>πανάρεο</span> 
     </span>
    </p>
   </div>
   <div class='ocr_carea' id='block_1_85' title="bbox 2226 3900 3745 3980">
    <p class='ocr_par' dir='ltr' id='par_1_85' title="bbox 2226 3900 3745 3980">
     <span class='ocr_line' id='line_1_85' title="bbox 2226 3900 3745 3980; baseline -0.003 -17"><span class='ocrx_word' id='word_1_587' title='bbox 2226 3927 2318 3963; x_wconf 90' lang='grc' dir='ltr'><strong>τον</strong></span> <span class='ocrx_word' id='word_1_588' title='bbox 2343 3909 2570 3979; x_wconf 71' lang='grc' dir='ltr'>Σοφίαν</span> <span class='ocrx_word' id='word_1_589' title='bbox 2600 3906 2864 3973; x_wconf 80' lang='grc' dir='ltr'>συντάξας</span> <span class='ocrx_word' id='word_1_590' title='bbox 2886 3925 2900 3939; x_wconf 79' lang='grc'><em>’</em></span> <span class='ocrx_word' id='word_1_591' title='bbox 2931 3907 3047 3979; x_wconf 87' lang='grc' dir='ltr'>μεθ’</span> <span class='ocrx_word' id='word_1_592' title='bbox 3071 3908 3130 3962; x_wconf 81' lang='grc' dir='ltr'>ὃν</span> <span class='ocrx_word' id='word_1_593' title='bbox 3162 3908 3350 3980; x_wconf 78' lang='grc' dir='ltr'>ἕτερος</span> <span class='ocrx_word' id='word_1_594' title='bbox 3374 3906 3637 3979; x_wconf 82' lang='grc' dir='ltr'>ὁμώνυμος</span> <span class='ocrx_word' id='word_1_595' title='bbox 3661 3900 3745 3959; x_wconf 77' lang='grc' dir='ltr'>τοῖς</span> 
     </span>
    </p>
   </div>
   <div class='ocr_carea' id='block_1_86' title="bbox 2227 3991 3744 4072">
    <p class='ocr_par' dir='ltr' id='par_1_86' title="bbox 2227 3991 3744 4072">
     <span class='ocr_line' id='line_1_86' title="bbox 2227 3991 3744 4072; baseline -0.007 -19"><span class='ocrx_word' id='word_1_596' title='bbox 2227 4000 2460 4072; x_wconf 84' lang='grc' dir='ltr'>πρόσθεν</span> <span class='ocrx_word' id='word_1_597' title='bbox 2499 3999 2675 4063; x_wconf 88' lang='grc' dir='ltr'>Ὀνίας</span> <span class='ocrx_word' id='word_1_598' title='bbox 2698 4001 2930 4070; x_wconf 82' lang='grc' dir='ltr'>ἡγεῖται,</span> <span class='ocrx_word' id='word_1_599' title='bbox 2965 3998 3086 4052; x_wconf 78' lang='grc' dir='ltr'>καθ’</span> <span class='ocrx_word' id='word_1_600' title='bbox 3110 3998 3168 4052; x_wconf 84' lang='grc' dir='ltr'>ὃν</span> <span class='ocrx_word' id='word_1_601' title='bbox 3204 3997 3489 4069; x_wconf 83' lang='grc' dir='ltr'>Ἀντίοχος,</span> <span class='ocrx_word' id='word_1_602' title='bbox 3512 3994 3623 4056; x_wconf 77' lang='grc' dir='ltr'>τοὺς</span> <span class='ocrx_word' id='word_1_603' title='bbox 3647 3991 3744 4043; x_wconf 79' lang='grc' dir='ltr'>Ἰου-</span> 
     </span>
    </p>
   </div>
   <div class='ocr_carea' id='block_1_87' title="bbox 2228 4073 3743 4162">
    <p class='ocr_par' dir='ltr' id='par_1_87' title="bbox 2228 4073 3743 4162">
     <span class='ocr_line' id='line_1_87' title="bbox 2228 4073 3743 4162; baseline -0.007 -16"><span class='ocrx_word' id='word_1_604' title='bbox 2228 4093 2409 4155; x_wconf 91' lang='grc' dir='ltr'>δαίους</span> <span class='ocrx_word' id='word_1_605' title='bbox 2461 4090 2842 4162; x_wconf 84' lang='grc' dir='ltr'>πολιορκήσας,</span> <span class='ocrx_word' id='word_1_606' title='bbox 2883 4088 3208 4161; x_wconf 76' lang='grc' dir='ltr'>Ἐλληνίξειν</span> <span class='ocrx_word' id='word_1_607' title='bbox 3237 4085 3621 4159; x_wconf 77' lang='grc' dir='ltr'>κατηνάγκαζεο</span> <span class='ocrx_word' id='word_1_608' title='bbox 3655 4073 3743 4149; x_wconf 72' lang='grc' dir='ltr'>μεθ’</span> 
     </span>
    </p>
   </div>
   <div class='ocr_carea' id='block_1_88' title="bbox 2225 4170 3745 4256">
    <p class='ocr_par' dir='ltr' id='par_1_88' title="bbox 2225 4170 3745 4256">
     <span class='ocr_line' id='line_1_88' title="bbox 2225 4170 3745 4256; baseline -0.007 -18"><span class='ocrx_word' id='word_1_609' title='bbox 2225 4184 2286 4238; x_wconf 82' lang='grc' dir='ltr'><strong>δν</strong></span> <span class='ocrx_word' id='word_1_610' title='bbox 2332 4182 2572 4256; x_wconf 80' lang='grc' dir='ltr'>προστὰς</span> <span class='ocrx_word' id='word_1_611' title='bbox 2617 4182 2726 4236; x_wconf 89' lang='grc' dir='ltr'><strong>τῶν</strong></span> <span class='ocrx_word' id='word_1_612' title='bbox 2773 4182 3115 4255; x_wconf 87' lang='grc' dir='ltr'>πραγμάτων</span> <span class='ocrx_word' id='word_1_613' title='bbox 3156 4181 3378 4245; x_wconf 84' lang='grc' dir='ltr'>Ἰούδας,</span> <span class='ocrx_word' id='word_1_614' title='bbox 3411 4180 3451 4241; x_wconf 78' lang='grc' dir='ltr'><strong>,ό</strong></span> <span class='ocrx_word' id='word_1_615' title='bbox 3489 4170 3745 4243; x_wconf 70' lang='grc' dir='ltr'>ἐπικληθεὶς</span> 
     </span>
    </p>
   </div>
   <div class='ocr_carea' id='block_1_89' title="bbox 2226 4260 3744 4346">
    <p class='ocr_par' dir='ltr' id='par_1_89' title="bbox 2226 4260 3744 4346">
     <span class='ocr_line' id='line_1_89' title="bbox 2226 4260 3744 4346; baseline -0.009 -15"><span class='ocrx_word' id='word_1_616' title='bbox 2226 4276 2600 4341; x_wconf 79' lang='grc' dir='ltr'>Μακκαϐαῖος,</span> <span class='ocrx_word' id='word_1_617' title='bbox 2630 4275 2926 4346; x_wconf 78' lang='grc' dir='ltr'>ἐξεκάθηρε</span> <span class='ocrx_word' id='word_1_618' title='bbox 2960 4272 3071 4326; x_wconf 89' lang='grc' dir='ltr'><strong>τῶν</strong></span> <span class='ocrx_word' id='word_1_619' title='bbox 3102 4273 3316 4326; x_wconf 81' lang='grc' dir='ltr'>ἀσεϐῶν</span> <span class='ocrx_word' id='word_1_620' title='bbox 3349 4271 3447 4343; x_wconf 77' lang='grc' dir='ltr'>τὴν</span> <span class='ocrx_word' id='word_1_621' title='bbox 3489 4266 3678 4341; x_wconf 84' lang='grc' dir='ltr'>χώραν·</span> <span class='ocrx_word' id='word_1_622' title='bbox 3699 4260 3744 4346; x_wconf 46' lang='grc' dir='ltr'>δι’</span> 
     </span>
    </p>
   </div>
   <div class='ocr_carea' id='block_1_90' title="bbox 2226 4342 3743 4435">
    <p class='ocr_par' dir='ltr' id='par_1_90' title="bbox 2226 4342 3743 4435">
     <span class='ocr_line' id='line_1_90' title="bbox 2226 4342 3743 4435; baseline -0.007 -16"><span class='ocrx_word' id='word_1_623' title='bbox 2226 4366 2254 4419; x_wconf 89' lang='lat'><strong>6</strong></span> <span class='ocrx_word' id='word_1_624' title='bbox 2287 4365 2511 4435; x_wconf 83' lang='grc' dir='ltr'>ἀδελφὸς</span> <span class='ocrx_word' id='word_1_625' title='bbox 2551 4364 2802 4435; x_wconf 77' lang='grc' dir='ltr'>Ἰωνάθης</span> <span class='ocrx_word' id='word_1_626' title='bbox 2825 4342 3162 4434; x_wconf 68' lang='grc' dir='ltr'>διαδέχεται*</span> <span class='ocrx_word' id='word_1_627' title='bbox 3196 4363 3290 4417; x_wconf 74' lang='grc' dir='ltr'>καὶ</span> <span class='ocrx_word' id='word_1_628' title='bbox 3323 4342 3480 4415; x_wconf 84' lang='grc' dir='ltr'>πάλιν</span> <span class='ocrx_word' id='word_1_629' title='bbox 3506 4342 3743 4427; x_wconf 74' lang='grc' dir='ltr'>Σίμων,οὗ</span> 
     </span>
    </p>
   </div>
   <div class='ocr_carea' id='block_1_91' title="bbox 2227 4440 3743 4528">
    <p class='ocr_par' dir='ltr' id='par_1_91' title="bbox 2227 4440 3743 4528">
     <span class='ocr_line' id='line_1_91' title="bbox 2227 4440 3743 4528; baseline -0.013 -17"><span class='ocrx_word' id='word_1_630' title='bbox 2227 4457 2369 4512; x_wconf 86' lang='grc' dir='ltr'>κατὰ</span> <span class='ocrx_word' id='word_1_631' title='bbox 2401 4457 2502 4528; x_wconf 81' lang='grc' dir='ltr'>τὴν</span> <span class='ocrx_word' id='word_1_632' title='bbox 2545 4456 2798 4528; x_wconf 78' lang='grc' dir='ltr'>τελευτὴν</span> <span class='ocrx_word' id='word_1_633' title='bbox 2849 4455 3077 4526; x_wconf 75' lang='grc' dir='ltr'>ἕϐδομον</span> <span class='ocrx_word' id='word_1_634' title='bbox 3120 4455 3215 4507; x_wconf 60' lang='grc' dir='ltr'><strong>καὶ⁵</strong></span> <span class='ocrx_word' id='word_1_635' title='bbox 3266 4448 3638 4524; x_wconf 79' lang='grc' dir='ltr'>ἑϐδομηκοστὸν</span> <span class='ocrx_word' id='word_1_636' title='bbox 3675 4440 3743 4495; x_wconf 78' lang='grc' dir='ltr'>καὶ</span> 
     </span>
    </p>
   </div>
   <div class='ocr_carea' id='block_1_92' title="bbox 546 4535 2129 4619">
    <p class='ocr_par' dir='ltr' id='par_1_92' title="bbox 546 4544 2127 4619">
     <span class='ocr_line' id='line_1_92' title="bbox 546 4544 2127 4619; baseline 0.004 -21"><span class='ocrx_word' id='word_1_637' title='bbox 546 4544 785 4613; x_wconf 85' lang='lat' dir='ltr'><strong>gesimus</strong></span> <span class='ocrx_word' id='word_1_638' title='bbox 831 4559 996 4614; x_wconf 88' lang='lat' dir='ltr'><strong>supra</strong></span> <span class='ocrx_word' id='word_1_639' title='bbox 1044 4546 1432 4608; x_wconf 76' lang='lat' dir='ltr'><strong>centesimum,</strong></span> <span class='ocrx_word' id='word_1_640' title='bbox 1460 4548 1527 4602; x_wconf 89' lang='lat' dir='ltr'><strong>ad</strong></span> <span class='ocrx_word' id='word_1_641' title='bbox 1559 4548 1704 4617; x_wconf 88' lang='lat' dir='ltr'><strong>quod</strong></span> <span class='ocrx_word' id='word_1_642' title='bbox 1754 4563 1888 4603; x_wconf 86' lang='lat' dir='ltr'><strong>sane</strong></span> <span class='ocrx_word' id='word_1_643' title='bbox 1910 4556 2127 4619; x_wconf 90' lang='lat' dir='ltr'><strong>tempus</strong></span> 
     </span>
    </p>
   </div>
   <div class='ocr_carea' id='block_1_93' title="bbox 2231 4535 3740 4619">
    <p class='ocr_par' dir='ltr' id='par_1_93' title="bbox 2231 4535 3740 4619">
     <span class='ocr_line' id='line_1_93' title="bbox 2231 4535 3740 4619; baseline -0.005 -16"><span class='ocrx_word' id='word_1_644' title='bbox 2231 4548 2514 4604; x_wconf 80' lang='grc' dir='ltr'>ἑκατοστὸν</span> <span class='ocrx_word' id='word_1_645' title='bbox 2540 4548 2659 4611; x_wconf 75' lang='grc' dir='ltr'>ἔτος</span> <span class='ocrx_word' id='word_1_646' title='bbox 2682 4547 3056 4619; x_wconf 80' lang='grc' dir='ltr'>ἐξαριθμεῖται</span> <span class='ocrx_word' id='word_1_647' title='bbox 3081 4546 3179 4617; x_wconf 81' lang='grc' dir='ltr'>τῆς</span> <span class='ocrx_word' id='word_1_648' title='bbox 3207 4545 3348 4598; x_wconf 75' lang='grc' dir='ltr'>κατὰ</span> <span class='ocrx_word' id='word_1_649' title='bbox 3377 4541 3563 4615; x_wconf 84' lang='grc' dir='ltr'>Συρίαν</span> <span class='ocrx_word' id='word_1_650' title='bbox 3590 4535 3740 4609; x_wconf 62' lang='grc' dir='ltr'>ἀρχῆς,</span> 
     </span>
    </p>
   </div>
   <div class='ocr_carea' id='block_1_94' title="bbox 548 4634 2124 4703">
    <p class='ocr_par' dir='ltr' id='par_1_94' title="bbox 548 4634 2124 4703">
     <span class='ocr_line' id='line_1_94' title="bbox 548 4634 2124 4703; baseline 0.003 -15"><span class='ocrx_word' id='word_1_651' title='bbox 548 4637 779 4703; x_wconf 82' lang='lat' dir='ltr'><strong>primus,</strong></span> <span class='ocrx_word' id='word_1_652' title='bbox 810 4636 903 4703; x_wconf 90' lang='lat' dir='ltr'><strong>qui</strong></span> <span class='ocrx_word' id='word_1_653' title='bbox 938 4634 1367 4692; x_wconf 69' lang='lat' dir='ltr'><strong>Machabworum</strong></span> <span class='ocrx_word' id='word_1_654' title='bbox 1397 4647 1627 4695; x_wconf 79' lang='lat' dir='ltr'><strong>vocatur</strong></span> <span class='ocrx_word' id='word_1_655' title='bbox 1654 4640 1811 4700; x_wconf 85' lang='lat' dir='ltr'><strong>liber.</strong></span> <span class='ocrx_word' id='word_1_656' title='bbox 1838 4640 2124 4696; x_wconf 88' lang='lat' dir='ltr'><strong>historiam</strong></span> 
     </span>
    </p>
   </div>
   <div class='ocr_carea' id='block_1_95' title="bbox 549 4722 2124 4801">
    <p class='ocr_par' dir='ltr' id='par_1_95' title="bbox 549 4722 2124 4801">
     <span class='ocr_line' id='line_1_95' title="bbox 549 4722 2124 4801; baseline 0.005 -24"><span class='ocrx_word' id='word_1_657' title='bbox 549 4722 792 4788; x_wconf 88' lang='lat' dir='ltr'><strong>deducit,</strong></span> <span class='ocrx_word' id='word_1_658' title='bbox 853 4740 917 4779; x_wconf 91' lang='lat' dir='ltr'><strong>ac</strong></span> <span class='ocrx_word' id='word_1_659' title='bbox 978 4725 1264 4780; x_wconf 88' lang='lat' dir='ltr'><strong>deductam</strong></span> <span class='ocrx_word' id='word_1_660' title='bbox 1328 4728 1610 4798; x_wconf 88' lang='lat' dir='ltr'><strong>relinquit.</strong></span> <span class='ocrx_word' id='word_1_661' title='bbox 1649 4728 1814 4801; x_wconf 64' lang='grc'><strong>394</strong></span> <span class='ocrx_word' id='word_1_662' title='bbox 1861 4731 2048 4799; x_wconf 84' lang='lat' dir='ltr'><strong>Itaque</strong></span> <span class='ocrx_word' id='word_1_663' title='bbox 2093 4745 2124 4784; x_wconf 88' lang='lat' dir='ltr'><strong>a</strong></span> 
     </span>
    </p>
   </div>
   <div class='ocr_carea' id='block_1_96' title="bbox 546 4814 2120 4887">
    <p class='ocr_par' dir='ltr' id='par_1_96' title="bbox 546 4814 2120 4887">
     <span class='ocr_line' id='line_1_96' title="bbox 546 4814 2120 4887; baseline 0.006 -22"><span class='ocrx_word' id='word_1_664' title='bbox 546 4814 726 4883; x_wconf 88' lang='lat' dir='ltr'><strong>primo</strong></span> <span class='ocrx_word' id='word_1_665' title='bbox 747 4830 891 4868; x_wconf 85' lang='lat' dir='ltr'><strong>anno</strong></span> <span class='ocrx_word' id='word_1_666' title='bbox 913 4814 1061 4887; x_wconf 88' lang='lat' dir='ltr'><strong>Cyri,</strong></span> <span class='ocrx_word' id='word_1_667' title='bbox 1093 4818 1355 4887; x_wconf 89' lang='lat' dir='ltr'><strong>regnique</strong></span> <span class='ocrx_word' id='word_1_668' title='bbox 1375 4816 1693 4881; x_wconf 89' lang='lat' dir='ltr'><strong>Persarum,</strong></span> <span class='ocrx_word' id='word_1_669' title='bbox 1724 4823 1790 4875; x_wconf 87' lang='lat' dir='ltr'><strong>ad</strong></span> <span class='ocrx_word' id='word_1_670' title='bbox 1815 4830 2120 4875; x_wconf 75' lang='lat' dir='ltr'><strong>extremum</strong></span> 
     </span>
    </p>
   </div>
   <div class='ocr_carea' id='block_1_97' title="bbox 544 4904 2120 4982">
    <p class='ocr_par' dir='ltr' id='par_1_97' title="bbox 544 4904 2120 4982">
     <span class='ocr_line' id='line_1_97' title="bbox 544 4904 2120 4982; baseline 0.004 -23"><span class='ocrx_word' id='word_1_671' title='bbox 544 4904 788 4960; x_wconf 69' lang='lat' dir='ltr'><strong>historiae</strong></span> <span class='ocrx_word' id='word_1_672' title='bbox 818 4905 1252 4961; x_wconf 67' lang='lat' dir='ltr'><strong>Machabaaorum</strong></span> <span class='ocrx_word' id='word_1_673' title='bbox 1294 4907 1477 4971; x_wconf 88' lang='lat' dir='ltr'><strong>ﬁnem,</strong></span> <span class='ocrx_word' id='word_1_674' title='bbox 1514 4907 1862 4980; x_wconf 89' lang='lat' dir='ltr'><strong>Simonisque</strong></span> <span class='ocrx_word' id='word_1_675' title='bbox 1901 4912 2120 4982; x_wconf 88' lang='lat' dir='ltr'><strong>pontiﬁ-</strong></span> 
     </span>
    </p>
   </div>
   <div class='ocr_carea' id='block_1_98' title="bbox 545 4993 2118 5071">
    <p class='ocr_par' dir='ltr' id='par_1_98' title="bbox 545 4993 2118 5071">
     <span class='ocr_line' id='line_1_98' title="bbox 545 4993 2118 5071; baseline 0.005 -24"><span class='ocrx_word' id='word_1_676' title='bbox 545 4993 626 5050; x_wconf 88' lang='lat' dir='ltr'><strong>cis</strong></span> <span class='ocrx_word' id='word_1_677' title='bbox 670 5001 933 5058; x_wconf 89' lang='lat' dir='ltr'><strong>mortem,</strong></span> <span class='ocrx_word' id='word_1_678' title='bbox 985 4995 1114 5049; x_wconf 91' lang='lat' dir='ltr'><strong>anni</strong></span> <span class='ocrx_word' id='word_1_679' title='bbox 1140 4997 1474 5067; x_wconf 90' lang='lat' dir='ltr'><strong>colliguntur</strong></span> <span class='ocrx_word' id='word_1_680' title='bbox 1505 4999 1890 5070; x_wconf 85' lang='lat' dir='ltr'><strong>quadringenti</strong></span> <span class='ocrx_word' id='word_1_681' title='bbox 1923 5000 2118 5071; x_wconf 85' lang='lat' dir='ltr'><strong>viginti</strong></span> 
     </span>
    </p>
   </div>
   <div class='ocr_carea' id='block_1_99' title="bbox 544 5085 2119 5158">
    <p class='ocr_par' dir='ltr' id='par_1_99' title="bbox 544 5085 2119 5158">
     <span class='ocr_line' id='line_1_99' title="bbox 544 5085 2119 5158; baseline 0.006 -18"><span class='ocrx_word' id='word_1_682' title='bbox 544 5086 808 5158; x_wconf 83' lang='lat' dir='ltr'><strong>quinque.</strong></span> <span class='ocrx_word' id='word_1_683' title='bbox 838 5085 1077 5142; x_wconf 83' lang='lat' dir='ltr'><strong>Posthac</strong></span> <span class='ocrx_word' id='word_1_684' title='bbox 1127 5103 1259 5144; x_wconf 89' lang='lat' dir='ltr'><strong>vero</strong></span> <span class='ocrx_word' id='word_1_685' title='bbox 1299 5088 1589 5154; x_wconf 83' lang='lat' dir='ltr'><strong>Jonathas,</strong></span> <span class='ocrx_word' id='word_1_686' title='bbox 1616 5099 1676 5145; x_wconf 91' lang='lat' dir='ltr'><strong>ut</strong></span> <span class='ocrx_word' id='word_1_687' title='bbox 1721 5092 1914 5147; x_wconf 89' lang='lat' dir='ltr'><strong>scribit</strong></span> <span class='ocrx_word' id='word_1_688' title='bbox 1958 5092 2119 5150; x_wconf 81' lang='lat' dir='ltr'><strong>Jose-</strong></span> 
     </span>
    </p>
   </div>
   <div class='ocr_carea' id='block_1_100' title="bbox 546 5177 2120 5253">
    <p class='ocr_par' dir='ltr' id='par_1_100' title="bbox 546 5177 2120 5253">
     <span class='ocr_line' id='line_1_100' title="bbox 546 5177 2120 5253; baseline 0.006 -22"><span class='ocrx_word' id='word_1_689' title='bbox 546 5179 709 5248; x_wconf 89' lang='lat' dir='ltr'><strong>phus,</strong></span> <span class='ocrx_word' id='word_1_690' title='bbox 735 5177 1111 5251; x_wconf 78' lang='lat' dir='ltr'><strong>pontiﬁcatum</strong></span> <span class='ocrx_word' id='word_1_691' title='bbox 1149 5186 1442 5251; x_wconf 73' lang='lat' dir='ltr'><strong>exceptum</strong></span> <span class='ocrx_word' id='word_1_692' title='bbox 1474 5197 1570 5252; x_wconf 85' lang='lat' dir='ltr'><strong>per</strong></span> <span class='ocrx_word' id='word_1_693' title='bbox 1598 5197 1773 5239; x_wconf 88' lang='lat' dir='ltr'><strong>annos</strong></span> <span class='ocrx_word' id='word_1_694' title='bbox 1803 5184 1993 5253; x_wconf 87' lang='lat' dir='ltr'><strong>viginti</strong></span> <span class='ocrx_word' id='word_1_695' title='bbox 2019 5201 2120 5240; x_wconf 87' lang='lat' dir='ltr'><strong>no-</strong></span> 
     </span>
    </p>
   </div>
   <div class='ocr_carea' id='block_1_101' title="bbox 544 5271 2118 5344">
    <p class='ocr_par' dir='ltr' id='par_1_101' title="bbox 544 5271 2118 5344">
     <span class='ocr_line' id='line_1_101' title="bbox 544 5271 2118 5344; baseline 0.007 -21"><span class='ocrx_word' id='word_1_696' title='bbox 544 5285 665 5326; x_wconf 84' lang='lat' dir='ltr'><strong>vem</strong></span> <span class='ocrx_word' id='word_1_697' title='bbox 701 5271 1065 5329; x_wconf 85' lang='lat' dir='ltr'><strong>administrat.</strong></span> <span class='ocrx_word' id='word_1_698' title='bbox 1091 5271 1248 5327; x_wconf 77' lang='lat' dir='ltr'><strong>Hulic</strong></span> <span class='ocrx_word' id='word_1_699' title='bbox 1266 5284 1491 5330; x_wconf 81' lang='lat' dir='ltr'><strong>secutus</strong></span> <span class='ocrx_word' id='word_1_700' title='bbox 1516 5274 1885 5344; x_wconf 80' lang='lat' dir='ltr'><strong>Aristobulus,</strong></span> <span class='ocrx_word' id='word_1_701' title='bbox 1911 5292 2118 5333; x_wconf 88' lang='lat' dir='ltr'><strong>annum</strong></span> 
     </span>
    </p>
   </div>
   <div class='ocr_carea' id='block_1_102' title="bbox 547 5365 2118 5443">
    <p class='ocr_par' dir='ltr' id='par_1_102' title="bbox 547 5365 2118 5443">
     <span class='ocr_line' id='line_1_102' title="bbox 547 5365 2118 5443; baseline 0.004 -24"><span class='ocrx_word' id='word_1_702' title='bbox 547 5378 715 5419; x_wconf 87' lang='lat' dir='ltr'><strong>unum</strong></span> <span class='ocrx_word' id='word_1_703' title='bbox 741 5372 959 5435; x_wconf 83' lang='lat' dir='ltr'><strong>praeest.</strong></span> <span class='ocrx_word' id='word_1_704' title='bbox 992 5365 1092 5421; x_wconf 87' lang='lat' dir='ltr'><strong>Hic</strong></span> <span class='ocrx_word' id='word_1_705' title='bbox 1125 5367 1340 5437; x_wconf 83' lang='lat' dir='ltr'><strong>primus</strong></span> <span class='ocrx_word' id='word_1_706' title='bbox 1372 5374 1495 5437; x_wconf 86' lang='lat' dir='ltr'><strong>post</strong></span> <span class='ocrx_word' id='word_1_707' title='bbox 1516 5368 1755 5423; x_wconf 85' lang='lat' dir='ltr'><strong>reditum</strong></span> <span class='ocrx_word' id='word_1_708' title='bbox 1785 5368 1854 5425; x_wconf 92' lang='lat' dir='ltr'><strong>de</strong></span> <span class='ocrx_word' id='word_1_709' title='bbox 1886 5368 2118 5443; x_wconf 83' lang='lat' dir='ltr'><strong>Babylo-</strong></span> 
     </span>
    </p>
   </div>
   <div class='ocr_carea' id='block_1_103' title="bbox 547 5454 2119 5531">
    <p class='ocr_par' dir='ltr' id='par_1_103' title="bbox 547 5454 2119 5531">
     <span class='ocr_line' id='line_1_103' title="bbox 547 5454 2119 5531; baseline 0.003 -22"><span class='ocrx_word' id='word_1_710' title='bbox 547 5469 618 5509; x_wconf 86' lang='lat' dir='ltr'><strong>ne</strong></span> <span class='ocrx_word' id='word_1_711' title='bbox 645 5454 713 5509; x_wconf 78' lang='lat' dir='ltr'><strong>ad</strong></span> <span class='ocrx_word' id='word_1_712' title='bbox 751 5454 1084 5526; x_wconf 87' lang='lat' dir='ltr'><strong>pontiﬁciam</strong></span> <span class='ocrx_word' id='word_1_713' title='bbox 1131 5457 1453 5528; x_wconf 88' lang='lat' dir='ltr'><strong>dignitatem</strong></span> <span class='ocrx_word' id='word_1_714' title='bbox 1497 5459 1732 5529; x_wconf 89' lang='lat' dir='ltr'><strong>amplius</strong></span> <span class='ocrx_word' id='word_1_715' title='bbox 1765 5460 1971 5531; x_wconf 82' lang='lat' dir='ltr'><strong>regium</strong></span> <span class='ocrx_word' id='word_1_716' title='bbox 1999 5461 2119 5516; x_wconf 78' lang='lat' dir='ltr'><strong>dia-</strong></span> 
     </span>
    </p>
   </div>
   <div class='ocr_carea' id='block_1_104' title="bbox 547 5544 2114 5621">
    <p class='ocr_par' dir='ltr' id='par_1_104' title="bbox 547 5544 2114 5621">
     <span class='ocr_line' id='line_1_104' title="bbox 547 5544 2114 5621; baseline 0.005 -20"><span class='ocrx_word' id='word_1_717' title='bbox 547 5544 704 5602; x_wconf 86' lang='lat' dir='ltr'><strong>dema</strong></span> <span class='ocrx_word' id='word_1_718' title='bbox 735 5548 977 5603; x_wconf 86' lang='lat' dir='ltr'><strong>additum</strong></span> <span class='ocrx_word' id='word_1_719' title='bbox 1000 5549 1108 5605; x_wconf 85' lang='lat' dir='ltr'><strong>sibi</strong></span> <span class='ocrx_word' id='word_1_720' title='bbox 1149 5548 1430 5621; x_wconf 90' lang='lat' dir='ltr'><strong>imposuit.</strong></span> <span class='ocrx_word' id='word_1_721' title='bbox 1467 5548 1608 5606; x_wconf 82' lang='lat' dir='ltr'><strong>Huic</strong></span> <span class='ocrx_word' id='word_1_722' title='bbox 1647 5552 1892 5608; x_wconf 84' lang='lat' dir='ltr'><strong>succe’dit</strong></span> <span class='ocrx_word' id='word_1_723' title='bbox 1917 5561 1972 5609; x_wconf 89' lang='lat' dir='ltr'><strong>et</strong></span> <span class='ocrx_word' id='word_1_724' title='bbox 2018 5569 2114 5611; x_wconf 74' lang='lat' dir='ltr'><strong>rex</strong></span> 
     </span>
    </p>
   </div>
   <div class='ocr_carea' id='block_1_105' title="bbox 547 5637 2114 5715">
    <p class='ocr_par' dir='ltr' id='par_1_105' title="bbox 547 5637 2114 5715">
     <span class='ocr_line' id='line_1_105' title="bbox 547 5637 2114 5715; baseline 0.005 -21"><span class='ocrx_word' id='word_1_725' title='bbox 547 5637 689 5694; x_wconf 81' lang='lat' dir='ltr'><strong>idem</strong></span> <span class='ocrx_word' id='word_1_726' title='bbox 732 5646 787 5695; x_wconf 91' lang='lat' dir='ltr'><strong>et</strong></span> <span class='ocrx_word' id='word_1_727' title='bbox 825 5639 1072 5709; x_wconf 78' lang='lat' dir='ltr'><strong>pontifex</strong></span> <span class='ocrx_word' id='word_1_728' title='bbox 1125 5641 1433 5700; x_wconf 80' lang='lat' dir='ltr'><strong>Alexander</strong></span> <span class='ocrx_word' id='word_1_729' title='bbox 1462 5684 1478 5710; x_wconf 94' lang='lat'><strong>,</strong></span> <span class='ocrx_word' id='word_1_730' title='bbox 1532 5644 1629 5715; x_wconf 89' lang='lat' dir='ltr'><strong>qui</strong></span> <span class='ocrx_word' id='word_1_731' title='bbox 1677 5652 1733 5700; x_wconf 88' lang='lat' dir='ltr'><strong>et</strong></span> <span class='ocrx_word' id='word_1_732' title='bbox 1778 5644 1896 5715; x_wconf 85' lang='lat' dir='ltr'><strong>ipse</strong></span> <span class='ocrx_word' id='word_1_733' title='bbox 1938 5661 2114 5702; x_wconf 82' lang='lat' dir='ltr'><strong>annos</strong></span> 
     </span>
    </p>
   </div>
   <div class='ocr_carea' id='block_1_106' title="bbox 626 5808 1315 5892">
    <p class='ocr_par' dir='ltr' id='par_1_106' title="bbox 626 5808 1315 5892">
     <span class='ocr_line' id='line_1_106' title="bbox 626 5808 1315 5892; baseline 0.009 -20"><span class='ocrx_word' id='word_1_734' title='bbox 626 5808 673 5844; x_wconf 80' lang='grc'><strong><em>⁸⁸</em></strong></span> <span class='ocrx_word' id='word_1_735' title='bbox 707 5812 750 5866; x_wconf 84' lang='lat' dir='ltr'><strong>ll</strong></span> <span class='ocrx_word' id='word_1_736' title='bbox 783 5814 945 5878; x_wconf 77' lang='lat' dir='ltr'><strong>Esdr.</strong></span> <span class='ocrx_word' id='word_1_737' title='bbox 976 5836 1076 5891; x_wconf 78' lang='grc' dir='ltr'>ιιι,</span> <span class='ocrx_word' id='word_1_738' title='bbox 1109 5820 1197 5892; x_wconf 72' lang='grc'><strong>10,</strong></span> <span class='ocrx_word' id='word_1_739' title='bbox 1229 5824 1315 5889; x_wconf 79' lang='lat' dir='ltr'><strong>tl,</strong></span> 
     </span>
    </p>
   </div>
   <div class='ocr_carea' id='block_1_107' title="bbox 2226 4624 3742 4714">
    <p class='ocr_par' dir='ltr' id='par_1_107' title="bbox 2226 4624 3742 4714">
     <span class='ocr_line' id='line_1_107' title="bbox 2226 4624 3742 4714; baseline -0.007 -19"><span class='ocrx_word' id='word_1_740' title='bbox 2226 4644 2261 4714; x_wconf 76' lang='grc' dir='ltr'>ἥ</span> <span class='ocrx_word' id='word_1_741' title='bbox 2288 4658 2348 4695; x_wconf 89' lang='grc' dir='ltr'><strong>τε</strong></span> <span class='ocrx_word' id='word_1_742' title='bbox 2375 4639 2563 4713; x_wconf 79' lang='grc' dir='ltr'>πρώτη</span> <span class='ocrx_word' id='word_1_743' title='bbox 2591 4639 2895 4710; x_wconf 86' lang='grc' dir='ltr'>καλουμένη</span> <span class='ocrx_word' id='word_1_744' title='bbox 2929 4638 3037 4692; x_wconf 90' lang='grc' dir='ltr'><strong>τῶν</strong></span> <span class='ocrx_word' id='word_1_745' title='bbox 3074 4636 3467 4691; x_wconf 75' lang='grc' dir='ltr'>Μακκαϐαίων</span> <span class='ocrx_word' id='word_1_746' title='bbox 3498 4629 3654 4703; x_wconf 81' lang='grc' dir='ltr'>βίϐλος</span> <span class='ocrx_word' id='word_1_747' title='bbox 3683 4624 3742 4684; x_wconf 71' lang='grc' dir='ltr'><strong>εἰς</strong></span> 
     </span>
    </p>
   </div>
   <div class='ocr_carea' id='block_1_108' title="bbox 2224 4724 3740 4804">
    <p class='ocr_par' dir='ltr' id='par_1_108' title="bbox 2224 4724 3740 4804">
     <span class='ocr_line' id='line_1_108' title="bbox 2224 4724 3740 4804; baseline -0.011 -17"><span class='ocrx_word' id='word_1_748' title='bbox 2224 4733 2382 4787; x_wconf 89' lang='grc' dir='ltr'>τοῦτο</span> <span class='ocrx_word' id='word_1_749' title='bbox 2409 4732 2503 4786; x_wconf 88' lang='grc' dir='ltr'><strong>τοῦ</strong></span> <span class='ocrx_word' id='word_1_750' title='bbox 2535 4731 2726 4804; x_wconf 86' lang='grc' dir='ltr'>χρόνου</span> <span class='ocrx_word' id='word_1_751' title='bbox 2758 4730 3024 4785; x_wconf 86' lang='grc' dir='ltr'>κατέλυσε</span> <span class='ocrx_word' id='word_1_752' title='bbox 3056 4727 3155 4800; x_wconf 82' lang='grc' dir='ltr'>τὴν</span> <span class='ocrx_word' id='word_1_753' title='bbox 3183 4728 3440 4800; x_wconf 76' lang='grc' dir='ltr'>ἱστορίαν.</span> <span class='ocrx_word' id='word_1_754' title='bbox 3478 4724 3623 4778; x_wconf 79' lang='grc' dir='ltr'>Ὥστε</span> <span class='ocrx_word' id='word_1_755' title='bbox 3645 4731 3740 4771; x_wconf 86' lang='grc' dir='ltr'>συν-</span> 
     </span>
    </p>
   </div>
   <div class='ocr_carea' id='block_1_109' title="bbox 2227 4810 3739 4895">
    <p class='ocr_par' dir='ltr' id='par_1_109' title="bbox 2227 4810 3739 4895">
     <span class='ocr_line' id='line_1_109' title="bbox 2227 4810 3739 4895; baseline -0.01 -16"><span class='ocrx_word' id='word_1_756' title='bbox 2227 4823 2453 4895; x_wconf 87' lang='grc' dir='ltr'>άγεσθαι</span> <span class='ocrx_word' id='word_1_757' title='bbox 2478 4824 2584 4878; x_wconf 86' lang='grc' dir='ltr'>ἀπὸ</span> <span class='ocrx_word' id='word_1_758' title='bbox 2622 4822 2836 4895; x_wconf 85' lang='grc' dir='ltr'>πρώτου</span> <span class='ocrx_word' id='word_1_759' title='bbox 2866 4822 3018 4885; x_wconf 77' lang='grc' dir='ltr'>ἔτους</span> <span class='ocrx_word' id='word_1_760' title='bbox 3049 4822 3232 4893; x_wconf 79' lang='grc' dir='ltr'>Κύρου</span> <span class='ocrx_word' id='word_1_761' title='bbox 3256 4821 3350 4874; x_wconf 71' lang='grc' dir='ltr'>καὶ</span> <span class='ocrx_word' id='word_1_762' title='bbox 3388 4814 3597 4889; x_wconf 85' lang='grc' dir='ltr'>Περσῶν</span> <span class='ocrx_word' id='word_1_763' title='bbox 3621 4810 3739 4882; x_wconf 74' lang='grc' dir='ltr'>βασι-</span> 
     </span>
    </p>
   </div>
   <div class='ocr_carea' id='block_1_110' title="bbox 2226 4897 3740 4986">
    <p class='ocr_par' dir='ltr' id='par_1_110' title="bbox 2226 4897 3740 4986">
     <span class='ocr_line' id='line_1_110' title="bbox 2226 4897 3740 4986; baseline -0.003 -16"><span class='ocrx_word' id='word_1_764' title='bbox 2226 4917 2373 4980; x_wconf 88' lang='grc' dir='ltr'>λείας</span> <span class='ocrx_word' id='word_1_765' title='bbox 2400 4917 2493 4970; x_wconf 75' lang='grc' dir='ltr'>ἐπὶ</span> <span class='ocrx_word' id='word_1_766' title='bbox 2516 4916 2576 4969; x_wconf 85' lang='grc' dir='ltr'>τὸ</span> <span class='ocrx_word' id='word_1_767' title='bbox 2599 4915 2748 4978; x_wconf 87' lang='grc' dir='ltr'>τέλος</span> <span class='ocrx_word' id='word_1_768' title='bbox 2776 4915 2876 4986; x_wconf 83' lang='grc' dir='ltr'>τῆς</span> <span class='ocrx_word' id='word_1_769' title='bbox 2905 4913 3015 4967; x_wconf 88' lang='grc' dir='ltr'><strong>τῶν</strong></span> <span class='ocrx_word' id='word_1_770' title='bbox 3040 4912 3413 4969; x_wconf 84' lang='grc' dir='ltr'>Μακκαϐαίων</span> <span class='ocrx_word' id='word_1_771' title='bbox 3436 4905 3650 4981; x_wconf 62' lang='grc' dir='ltr'>γραφῆς,</span> <span class='ocrx_word' id='word_1_772' title='bbox 3671 4897 3740 4952; x_wconf 65' lang='grc' dir='ltr'><strong>καὶ</strong></span> 
     </span>
    </p>
   </div>
   <div class='ocr_carea' id='block_1_111' title="bbox 2226 4996 3740 5078">
    <p class='ocr_par' dir='ltr' id='par_1_111' title="bbox 2226 4996 3740 5078">
     <span class='ocr_line' id='line_1_111' title="bbox 2226 4996 3740 5078; baseline -0.014 -15"><span class='ocrx_word' id='word_1_773' title='bbox 2226 5007 2317 5060; x_wconf 79' lang='grc' dir='ltr'>ἐπὶ</span> <span class='ocrx_word' id='word_1_774' title='bbox 2336 5005 2435 5078; x_wconf 82' lang='grc' dir='ltr'>τὴν</span> <span class='ocrx_word' id='word_1_775' title='bbox 2464 5005 2704 5077; x_wconf 87' lang='grc' dir='ltr'>Σίμωνος</span> <span class='ocrx_word' id='word_1_776' title='bbox 2734 5002 2830 5058; x_wconf 85' lang='grc' dir='ltr'><strong>τοῦ</strong></span> <span class='ocrx_word' id='word_1_777' title='bbox 2855 5002 3153 5075; x_wconf 85' lang='grc' dir='ltr'>ἀρχιερέως</span> <span class='ocrx_word' id='word_1_778' title='bbox 3182 4998 3452 5071; x_wconf 80' lang='grc' dir='ltr'>τελευτὴν,</span> <span class='ocrx_word' id='word_1_779' title='bbox 3475 4996 3562 5067; x_wconf 76' lang='grc' dir='ltr'><strong>ἐτη</strong></span> 
     </span>
    </p>
   </div>
   <div class='ocr_carea' id='block_1_112' title="bbox 2222 5075 3737 5168">
    <p class='ocr_par' dir='ltr' id='par_1_112' title="bbox 2222 5075 3737 5168">
     <span class='ocr_line' id='line_1_112' title="bbox 2222 5075 3737 5168; baseline -0.012 -15"><span class='ocrx_word' id='word_1_780' title='bbox 2222 5075 2756 5153; x_wconf 30' lang='grc' dir='ltr'>κάσις-εἰκοσιπέντε</span> <span class='ocrx_word' id='word_1_781' title='bbox 2777 5114 2792 5127; x_wconf 89' lang='grc'><strong>·</strong></span> <span class='ocrx_word' id='word_1_782' title='bbox 2824 5096 2939 5168; x_wconf 88' lang='grc' dir='ltr'>μεθ’</span> <span class='ocrx_word' id='word_1_783' title='bbox 2969 5095 3006 5151; x_wconf 80' lang='grc' dir='ltr'><strong>ἀ</strong></span> <span class='ocrx_word' id='word_1_784' title='bbox 3041 5093 3296 5167; x_wconf 77' lang='grc' dir='ltr'>Ἰωνάθης</span> <span class='ocrx_word' id='word_1_785' title='bbox 3325 5093 3421 5163; x_wconf 81' lang='grc' dir='ltr'>τὴν</span> <span class='ocrx_word' id='word_1_786' title='bbox 3454 5075 3737 5159; x_wconf 75' lang='grc' dir='ltr'>ἀρχιερωσῦ·</span> 
     </span>
    </p>
   </div>
   <div class='ocr_carea' id='block_1_113' title="bbox 2223 5168 3736 5265">
    <p class='ocr_par' dir='ltr' id='par_1_113' title="bbox 2223 5168 3736 5265">
     <span class='ocr_line' id='line_1_113' title="bbox 2223 5168 3736 5265; baseline -0.025 -2"><span class='ocrx_word' id='word_1_787' title='bbox 2223 5210 2342 5265; x_wconf 70' lang='grc' dir='ltr'>νην.</span> <span class='ocrx_word' id='word_1_788' title='bbox 2367 5192 2444 5255; x_wconf 72' lang='grc' dir='ltr'><strong>ὡς</strong></span> <span class='ocrx_word' id='word_1_789' title='bbox 2463 5191 2492 5244; x_wconf 69' lang='grc' dir='ltr'>ὁ</span> <span class='ocrx_word' id='word_1_790' title='bbox 2525 5188 2783 5262; x_wconf 81' lang='grc' dir='ltr'>Ἰώσηπός</span> <span class='ocrx_word' id='word_1_791' title='bbox 2810 5206 2964 5260; x_wconf 82' lang='grc' dir='ltr'>φησι,</span> <span class='ocrx_word' id='word_1_792' title='bbox 2996 5186 3293 5257; x_wconf 83' lang='grc' dir='ltr'>διαδέχεται</span> <span class='ocrx_word' id='word_1_793' title='bbox 3314 5184 3406 5237; x_wconf 77' lang='grc' dir='ltr'>ἐπὶ</span> <span class='ocrx_word' id='word_1_794' title='bbox 3432 5182 3590 5234; x_wconf 78' lang='grc' dir='ltr'>ἐτεσιν</span> <span class='ocrx_word' id='word_1_795' title='bbox 3616 5168 3736 5227; x_wconf 80' lang='grc' dir='ltr'>ἐννέα</span> 
     </span>
    </p>
   </div>
   <div class='ocr_carea' id='block_1_114' title="bbox 2225 5268 3732 5354">
    <p class='ocr_par' dir='ltr' id='par_1_114' title="bbox 2225 5268 3732 5354">
     <span class='ocr_line' id='line_1_114' title="bbox 2225 5268 3732 5354; baseline -0.012 -15"><span class='ocrx_word' id='word_1_796' title='bbox 2225 5285 2320 5339; x_wconf 74' lang='grc' dir='ltr'>καὶ</span> <span class='ocrx_word' id='word_1_797' title='bbox 2343 5284 2516 5338; x_wconf 76' lang='grc' dir='ltr'>εἴκοσι</span> <span class='ocrx_word' id='word_1_798' title='bbox 2540 5300 2554 5313; x_wconf 88' lang='grc'><strong>·</strong></span> <span class='ocrx_word' id='word_1_799' title='bbox 2591 5280 2708 5354; x_wconf 77' lang='grc' dir='ltr'>μεθ’</span> <span class='ocrx_word' id='word_1_800' title='bbox 2740 5281 2799 5335; x_wconf 82' lang='grc' dir='ltr'><strong>δν</strong></span> <span class='ocrx_word' id='word_1_801' title='bbox 2835 5279 3238 5353; x_wconf 76' lang='grc' dir='ltr'>Ἀριστόϐουλος</span> <span class='ocrx_word' id='word_1_802' title='bbox 3277 5272 3512 5332; x_wconf 82' lang='grc' dir='ltr'>ἐνιαυτὸν</span> <span class='ocrx_word' id='word_1_803' title='bbox 3545 5268 3732 5354; x_wconf 59' lang='grc' dir='ltr'>ἡγεῖται,</span> 
     </span>
    </p>
   </div>
   <div class='ocr_carea' id='block_1_115' title="bbox 2223 5350 3734 5448">
    <p class='ocr_par' dir='ltr' id='par_1_115' title="bbox 2223 5350 3734 5448">
     <span class='ocr_line' id='line_1_115' title="bbox 2223 5350 3734 5448; baseline -0.011 -16"><span class='ocrx_word' id='word_1_804' title='bbox 2223 5376 2284 5440; x_wconf 81' lang='grc' dir='ltr'>ὃς</span> <span class='ocrx_word' id='word_1_805' title='bbox 2314 5375 2529 5448; x_wconf 76' lang='grc' dir='ltr'>πρῶτος</span> <span class='ocrx_word' id='word_1_806' title='bbox 2573 5350 2712 5446; x_wconf 83' lang='grc' dir='ltr'><strong>μετά</strong></span> <span class='ocrx_word' id='word_1_807' title='bbox 2747 5372 2844 5444; x_wconf 80' lang='grc' dir='ltr'><strong>τὴν</strong></span> <span class='ocrx_word' id='word_1_808' title='bbox 2882 5350 2991 5426; x_wconf 81' lang='grc' dir='ltr'>ἀπὸ</span> <span class='ocrx_word' id='word_1_809' title='bbox 3032 5370 3346 5433; x_wconf 84' lang='grc' dir='ltr'>Βαϐυλῶνος</span> <span class='ocrx_word' id='word_1_810' title='bbox 3385 5361 3620 5420; x_wconf 78' lang='grc' dir='ltr'>ἐπάνοδον</span> <span class='ocrx_word' id='word_1_811' title='bbox 3647 5350 3734 5409; x_wconf 77' lang='grc' dir='ltr'><strong>διά⁶</strong></span> 
     </span>
    </p>
   </div>
   <div class='ocr_carea' id='block_1_116' title="bbox 2223 5447 3731 5539">
    <p class='ocr_par' dir='ltr' id='par_1_116' title="bbox 2223 5447 3731 5539">
     <span class='ocr_line' id='line_1_116' title="bbox 2223 5447 3731 5539; baseline -0.005 -17"><span class='ocrx_word' id='word_1_812' title='bbox 2223 5447 2370 5539; x_wconf 86' lang='grc' dir='ltr'>δημα</span> <span class='ocrx_word' id='word_1_813' title='bbox 2416 5466 2691 5537; x_wconf 80' lang='grc' dir='ltr'>βασιλικὸν</span> <span class='ocrx_word' id='word_1_814' title='bbox 2736 5464 3074 5537; x_wconf 86' lang='grc' dir='ltr'>περιτίθεται</span> <span class='ocrx_word' id='word_1_815' title='bbox 3118 5464 3254 5536; x_wconf 79' lang='grc' dir='ltr'>πρὸς</span> <span class='ocrx_word' id='word_1_816' title='bbox 3293 5464 3357 5533; x_wconf 80' lang='grc' dir='ltr'>τῇ</span> <span class='ocrx_word' id='word_1_817' title='bbox 3382 5447 3731 5539; x_wconf 65' lang='grc' dir='ltr'>,ἀρχιερωσύνης</span> 
     </span>
    </p>
   </div>
   <div class='ocr_carea' id='block_1_117' title="bbox 2221 5532 3734 5628">
    <p class='ocr_par' dir='ltr' id='par_1_117' title="bbox 2221 5532 3734 5628">
     <span class='ocr_line' id='line_1_117' title="bbox 2221 5532 3734 5628; baseline -0.018 -17"><span class='ocrx_word' id='word_1_818' title='bbox 2221 5532 2427 5613; x_wconf 54' lang='grc' dir='ltr'>Τοῦτονί</span> <span class='ocrx_word' id='word_1_819' title='bbox 2467 5556 2768 5627; x_wconf 86' lang='grc' dir='ltr'>διαδέχεται</span> <span class='ocrx_word' id='word_1_820' title='bbox 2812 5532 3178 5628; x_wconf 46' lang='grc' dir='ltr'>λΑλέξανδρος,</span> <span class='ocrx_word' id='word_1_821' title='bbox 3231 5552 3473 5626; x_wconf 75' lang='grc' dir='ltr'>βασιλεὺς</span> <span class='ocrx_word' id='word_1_822' title='bbox 3521 5547 3623 5617; x_wconf 71' lang='grc' dir='ltr'>ἅμα</span> <span class='ocrx_word' id='word_1_823' title='bbox 3661 5532 3734 5628; x_wconf 66' lang='grc' dir='ltr'>καὶ</span> 
     </span>
    </p>
   </div>
   <div class='ocr_carea' id='block_1_118' title="bbox 2219 5623 3732 5718">
    <p class='ocr_par' dir='ltr' id='par_1_118' title="bbox 2219 5623 3732 5718">
     <span class='ocr_line' id='line_1_118' title="bbox 2219 5623 3732 5718; baseline -0.007 -18"><span class='ocrx_word' id='word_1_824' title='bbox 2219 5646 2527 5718; x_wconf 79' lang='grc' dir='ltr'>ἀρχιερεὺς,</span> <span class='ocrx_word' id='word_1_825' title='bbox 2563 5623 2707 5699; x_wconf 72' lang='grc' dir='ltr'>ἔτεσι</span> <span class='ocrx_word' id='word_1_826' title='bbox 2736 5646 2830 5700; x_wconf 76' lang='grc' dir='ltr'>καὶ</span> <span class='ocrx_word' id='word_1_827' title='bbox 2870 5644 3031 5710; x_wconf 81' lang='grc' dir='ltr'>αὐτὸς</span> <span class='ocrx_word' id='word_1_828' title='bbox 3063 5623 3202 5702; x_wconf 67' lang='grc' dir='ltr'>ἐτιτά</span> <span class='ocrx_word' id='word_1_829' title='bbox 3230 5623 3323 5700; x_wconf 75' lang='grc' dir='ltr'>καὶ</span> <span class='ocrx_word' id='word_1_830' title='bbox 3345 5641 3512 5697; x_wconf 70' lang='grc' dir='ltr'>εἴκοσι</span> <span class='ocrx_word' id='word_1_831' title='bbox 3538 5623 3732 5706; x_wconf 66' lang='grc' dir='ltr'>προστάς</span> 
     </span>
    </p>
   </div>
  </div>
