3928 6502
128 415 208 472 617

964 412 1616 472 DEMONSTRATIONIS
1654 411 2108 472 EVANGELICA'I
2149 413 2277 473 LIB.
2312 414 2485 479 VIII._

3220 418 3324 473 618

124 529 209 583 τῶν
247 526 608 599 πραγμάτων
649 525 731 589 είς
774 526 835 580 ὃν
878 528 1169 597 συνάγεται
1214 529 1283 584 τὰ
1330 530 1505 584 πάντα
1550 528 1658 584 ἀπὸ

1760 539 1964 602 septem
1990 538 2044 585 et
2061 531 2250 603 viginti
2272 530 2434 586 rebus
2461 528 2773 585 Judaeorum
2806 536 3020 601 praeest.
3053 529 3134 585 Ad
3163 533 3325 601 cujus

121 621 306 695 πρώτου
332 618 483 682 ἔτους
504 618 783 689 βασιλείας
813 619 997 692 Κύρου
1029 624 1120 675 καὶ
1144 622 1244 693 τῆς
1266 623 1374 676 ἀπὸ
1406 621 1658 676 Βαϐυλῶ-

118 731 187 775 νος
224 702 475 765 ἐπανόδου
521 710 617 764 τοῦ
665 711 934 766 Ἰουδαίων
974 711 1159 777 ἔθνους
1204 712 1297 787 ἐτη
1330 713 1656 785 τετρακόσια

115 802 520 875 ὁγδοηκονταδύο,
559 798 620 858 οῦ
665 804 1008 874 προέστησαν
1039 805 1331 877 ἀρχιερεῖς,
1365 804 1459 869 οὒς
1489 804 1656 877 ἡγοῦ.

116 914 194 967 μαι
217 894 438 965 Χριστὸν
462 894 762 966 ἡγούμενον
792 894 897 949 ὑπὸ
919 896 1019 967 τῆς
1044 897 1376 969 προφητείας
1397 896 1657 969 ὀνομάζε-

115 988 243 1040 σθαι·
282 985 401 1058 μεθ’
445 984 561 1049 οῦς,
596 986 1017 1057 τελευτήσαντος
1060 988 1155 1042 τοῦ
1198 989 1427 1043 ὑστάτου
1475 989 1655 1046 αὐτῶν

112 1076 377 1149 ἀρχιερέως
433 1076 805 1149 Ἀλεξάνδρου,
852 1078 1063 1152 ἀναρχα
1117 1080 1211 1133 καὶ
1267 1081 1655 1154 ἀπροστάτητα

112 1169 165 1222 τὰ
185 1169 268 1222 τοῦ
303 1167 575 1223 Ἰουδαίων
611 1168 798 1233 ἔθνους
837 1170 1212 1238 ἀπολείπεται,
1251 1171 1390 1226 ὥστε
1432 1176 1512 1238 εἰς
1557 1191 1654 1243 γυ-

113 1262 244 1313 ναῖκα
274 1260 597 1331 περιστῆναι
626 1262 728 1333 τὴν
758 1261 1031 1333 βασιλείαν
1067 1262 1264 1319 αὐτῶν.
1305 1266 1426 1320 Τῶν
1470 1267 1527 1320 δὲ
1561 1267 1654 1322 δύο

112 1349 302 1410 παίδων,
336 1348 751 1421 Ἀριστοϐούλου
789 1354 885 1406 καὶ
924 1352 1212 1424 Ὑρκανοῦ,
1250 1357 1652 1412 στασιασάντων

112 1440 221 1511 πρὸς
242 1441 522 1510 ἀλλήλους,
546 1441 774 1506 ἐπιστὰς
793 1445 905 1507 τοῖς
939 1444 1197 1516 Ἰεροσολύ
1206 1464 1327 1517 μοις
1349 1448 1649 1522 Πομπήϊος,

119 1532 372 1604 Ῥωμαίων
406 1534 715 1604 στρατηγὸς
741 1532 838 1597 ὢν,
885 1536 1033 1607 αίρεῖ
1082 1537 1181 1607 μὲν
1226 1537 1511 1611 πολιορκίᾳ
1552 1540 1651 1611 τὴν

112 1627 251 1691 πολιν,
287 1626 489 1697 μιαίνει
508 1644 569 1680 τε
591 1626 662 1681 τὰ
695 1628 846 1697 ἅγια,
877 1629 1038 1701 μέχρι
1069 1630 1178 1684 τῶν
1204 1630 1413 1685 ἀδύτων
1432 1632 1539 1685 τῶν
1573 1634 1650 1687 ἱε-

114 1718 186 1790 ριῦ
215 1716 505 1788 προελθών.
550 1718 661 1772 Καὶ
700 1719 870 1773 ταῦτα
914 1720 1199 1791 συμϐαίνει
1242 1722 1396 1787 ἔτους
1434 1723 1650 1797 πρώτου

110 1812 185 1882 τῆς
222 1810 518 1881 ἑκατοστῆς
557 1810 965 1884 ἑϐδομηκοστῆς
1002 1813 1232 1886 ὲννάτης
1267 1814 1646 1887 Ὀλυμπιάδος,

1758 622 2121 695 principatum
2154 638 2183 677 a
2214 623 2391 693 primo
2425 623 2566 694 regis
2595 622 2722 694 Cyri
2777 637 2944 689 anno,
2985 630 3040 679 et
3080 622 3324 680 Iudaicae

1755 716 1932 786 gentis
1958 715 2164 771 reditus
2195 716 2261 771 de
2282 715 2577 787 Babylone,
2607 716 2784 771 omnis
2809 732 3020 771 summa
3051 733 3321 773 annorum

1755 805 2034 877 colligitur
2063 806 2586 877 quadringentorum
2626 809 2898 879 octoginta
2923 808 3181 879 duorum,
3213 828 3324 881 quo

1756 904 1872 953 toto
1902 905 2146 967 tempore
2174 897 2460 967 pontiﬁces
2497 896 2865 967 przufttcrunt,
2897 916 3035 971 quos
3068 916 3168 972 ego
3197 902 3324 971 qui-

1755 989 1876 1045 dem
1908 990 2111 1046 Christi
2146 990 2303 1045 ducis
2348 991 2729 1060 appellatione,
2758 1006 2787 1044 a
2837 994 3117 1063 prophetia
3152 995 3322 1067 signi-

1757 1081 1908 1136 ﬁcari
1961 1082 2200 1136 arbitror
2251 1101 2266 1137 :
2328 1088 2451 1151 post
2512 1096 2672 1151 quos,
2711 1081 2956 1152 ipsorum
3018 1084 3320 1140 novissimo

1754 1172 2066 1228 Alexandro
2092 1173 2409 1235 decedente,
2434 1187 2523 1228 res
2546 1170 2858 1227 ludat-orum
2900 1174 3016 1229 sine
3047 1176 3317 1246 principe,

1755 1265 1873 1320 sine
1903 1264 2062 1328 duce,
2088 1266 2362 1321 neminem
2399 1265 2491 1336 qui
2545 1272 2800 1336 praeesset
2848 1265 3131 1334 habentes,
3153 1270 3320 1324 relin-

1752 1365 2014 1426 quuntur.
2048 1355 2273 1410 Factum
2303 1358 2487 1426 itaque
2522 1363 2627 1419 est,
2655 1364 2714 1410 ut
2761 1371 2949 1410 eorum
3007 1373 3232 1423 regnum
3264 1358 3317 1412 in

1754 1445 2009 1501 feminam
2033 1448 2250 1503 tandem
2276 1447 2548 1502 reciderit.
2577 1446 2747 1517 Cujus
2778 1448 2871 1502 ﬁlii
2893 1449 3002 1502 duo
3032 1450 3319 1504 Aristobu-

1754 1534 1839 1590 lus
1870 1542 2033 1604 atque
2090 1534 2400 1607 Hyrcanus,
2434 1533 2565 1588 dum
2612 1535 2754 1589 inter
2793 1551 2853 1591 se
2901 1536 2969 1593 de
3005 1537 3317 1609 principatu

1751 1624 2111 1689 contendunt,
2144 1625 2434 1696 Pompeius
2457 1627 2660 1682 interea
2691 1626 3059 1682 Romanorum
3083 1629 3320 1700 impera-

1751 1724 1858 1781 tor,
1883 1715 2261 1788 Hierosolyma
2290 1730 2607 1787 aggressus,
2639 1732 2763 1771 cum
2792 1718 3076 1773 obsidione
3126 1720 3317 1774 urbem

1750 1810 1917 1881 capit,
1949 1816 2064 1865 tum
2099 1825 2276 1880 usque
2307 1810 2375 1865 ad
2409 1811 2706 1880 penetralia
2755 1812 2939 1882 templi
2969 1828 3314 1884 progressus,

114 1902 220 1972 μετὰ
254 1902 584 1974 τετρακόσια
611 1904 965 1975 ἐννενήκοντα
1004 1906 1167 1960 πέντε
1200 1907 1294 1980 ἔτη
1328 1908 1427 1980 τῆς
1467 1909 1648 1983 Κύρου

1753 1916 1875 1971 quae
1903 1910 2090 1956 sancta
2143 1900 2200 1954 in
2242 1900 2350 1955 illis
2402 1899 2747 1963 dicebantur,
2783 1899 3055 1970 profanat.
3106 1900 3172 1954 Et
3203 1902 3319 1957 inec

112 1992 366 2062 βασιλείας,
399 1995 524 2066 ἥτις
572 1993 775 2067 ἤρξατο
813 1998 907 2051 ἐπὶ
951 1997 1054 2069 τῆς
1097 2002 1467 2074 πεντηκοστῆς
1511 2003 1652 2075 πέμ-

110 2103 222 2157 πτης
259 2087 641 2159 Ὀλυμπιάδος.
691 2090 825 2143 Τότε
872 2091 918 2143 δ’
959 2086 1051 2146 οῦν
1090 2094 1119 2146 ὁ
1163 2093 1463 2167 Πομπήϊος,
1516 2094 1651 2148 ἑλὼν

110 2177 219 2231 κατά
265 2179 468 2250 κράτος
525 2179 625 2251 τὴν
674 2180 1047 2254 Ἰερουσαλὴμ,
1104 2183 1195 2237 τὸν
1253 2186 1650 2258 προειρημένον

118 2269 490 2340 Ἀριστόϐουλον
541 2271 833 2344 ἐκπέμψας
876 2273 1094 2346 δέσμιον
1147 2275 1238 2328 ἐπὶ
1286 2273 1523 2348 Ῥώμης,
1573 2275 1652 2347 τῷ

108 2361 261 2415 τούτου
302 2362 520 2434 ἀδελφῷ
565 2365 818 2437 Ὑρκανῷ
857 2365 956 2438 τὴν
987 2365 1397 2438 ἀρχιερωσύνην
1432 2367 1651 2440 παραδί-

109 2453 229 2518 δωσι,
248 2455 306 2507 τὸ
329 2472 390 2508 τε
415 2456 525 2508 πᾶν
564 2454 717 2519 ἔθνος
741 2455 799 2523 ἐξ
822 2456 1030 2523 ἐκείνου
1065 2457 1320 2522 ὑποτελὲς
1364 2459 1650 2531 Ῥωμαίοις

109 2548 470 2618 κατεστήσατο·
499 2546 618 2618 μεθ’
656 2546 715 2600 ὃν
754 2547 998 2621 Ἡρώδης
1035 2551 1065 2603 δ
1097 2550 1451 2622 ’Δντιπάτρου
1498 2554 1645 2615 παῖς,

118 2636 346 2707 Ὑρκανὸν
383 2638 612 2703 ἀνελὼν,
658 2638 756 2711 τὴν
788 2639 897 2693 τῶν
925 2642 1194 2695 Ἰουδαίων
1236 2642 1512 2714 βασιλείαν
1545 2643 1649 2698 ὑπὸ

106 2726 183 2797 τῆς
206 2727 483 2799 Ῥωμαίων
511 2728 814 2800 συγκλήτου
841 2729 1035 2802 βουλῆς
1068 2730 1453 2804 ἐγχειρίζεται,
1493 2733 1646 2806 πρῶ-

106 2817 177 2880 τός
216 2836 272 2872 τε
320 2819 487 2884 αὐτὸς
536 2819 597 2886 ἐξ
652 2820 947 2891 ἀλλοφύλου
998 2822 1186 2892 γένους
1241 2823 1509 2894 βασιλεύει
1546 2826 1647 2895 ίτυῦ

106 2910 276 2977 ἔθνους,
305 2911 404 2983 τὴν
435 2912 548 2965 τῶν
578 2913 883 2986 ἀρχιερέων
926 2914 1067 2969 κατά
1112 2914 1203 2968 τὸν
1245 2917 1527 2982 Μωῦσέως
1556 2919 1645 2972 νό-

108 3020 186 3074 μον
212 3003 522 3074 διαφθείρας
549 3002 722 3071 τάξιν.
769 3005 828 3059 '0
878 3004 978 3076 μὲν
1024 3004 1132 3077 γὰρ
1178 3005 1319 3071 θεῖος
1362 3008 1524 3081 νόμος
1559 2996 1647 3066 δΞά

106 3094 199 3162 βίον
250 3094 498 3166 ίερᾶσθαι
554 3094 633 3166 τῷ
681 3094 801 3167 Θεῷ
851 3096 942 3149 τὸν
1004 3097 1261 3151 ἀνωτάτω
1322 3102 1645 3172 προστάττει

106 3186 329 3259 ἀρχιερέα
362 3203 379 3216 ’
437 3189 468 3241 ὁ
531 3187 577 3241 δ’
646 3186 891 3260 Ἡρώδης
952 3189 1013 3242 οὐ
1076 3194 1186 3255 τοῖς
1248 3191 1355 3245 ἀπὸ
1413 3192 1601 3261 γένους
1626 3233 1640 3258 ,

105 3278 190 3332 οὐδ’
238 3275 315 3343 οἷς
372 3279 651 3351 προσῆκον
705 3274 775 3352 ἦν
831 3281 1079 3336 ἀπεδίδου
1131 3283 1230 3355 τὴν
1282 3283 1642 3356 λειτουργίαν,

105 3364 503 3439 ὰπεξενωμένοις
557 3369 615 3422 δέ
673 3386 815 3437 τισι,
882 3373 975 3426 καὶ
1029 3371 1329 3446 ἀλλοτρίοις
1378 3373 1479 3445 τῆς
1538 3374 1646 3429 τῶν

103 3459 368 3533 ἀρχιερέων
427 3462 716 3535 διαδοχῆς,
772 3463 866 3517 καὶ
919 3464 1040 3518 οὐδὲ
1091 3465 1301 3531 τούτοις
1373 3467 1643 3539 διαρκῶς,

107 3552 215 3622 πρὸς
264 3553 469 3627 βραχὺν
523 3554 582 3608 δέ
630 3573 750 3609 τινα
807 3555 902 3608 καὶ
957 3556 1384 3628 περιωρισμένον
1436 3558 1644 3630 χρόνον,

104 3642 260 3700 ἄλλοτε
288 3644 470 3710 ἄλλοις
488 3646 589 3717 τὴν
602 3646 770 3719 τιμὴν
787 3647 1082 3721 ἀντιδωρού
1090 3665 1267 3720 μενος,
1282 3647 1422 3702 ὥστε
1437 3648 1535 3713 τὰς
1550 3650 1648 3721 μὲν

106 3733 294 3807 πρώτας
319 3736 460 3791 ἐπτά
483 3737 784 3809 ἑϐδομάδας
811 3738 920 3792 ἀπὸ
944 3740 1128 3810 Κύρου
1156 3740 1250 3793 καί¹
1275 3739 1369 3793 ἐπὶ
1398 3743 1645 3812 Δαρεῖον,

104 3824 182 3890 τὰς
224 3828 276 3881 δὲ
314 3829 511 3893 λοιπὰς
561 3829 919 3903 ἑξηκονταδύο
958 3831 1068 3885 ἀπὸ
1107 3832 1333 3904 Δαρείου
1403 3834 1497 3887 καὶ
1554 3834 1648 3886 ἐπὶ

106 3919 349 3993 Πομπήϊον
389 3923 483 3976 τὸν
536 3922 818 3994 Ῥωμαίων
869 3922 1171 3996 στρατηγὸν
1222 3925 1641 3997 περιορίζεσθαι.

106 4008 192 4061 Καὶ
236 4009 372 4064 κατά
407 4011 600 4083 τρίτην
634 4010 690 4064 δὲ
725 4011 955 4085 θεωρίαν
981 4012 1162 4085 εὕροις
1194 4013 1261 4069 ἂν
1311 4013 1487 4079 ἄλλως
1546 4016 1646 4067 ἐπ-

106 4100 471 4173 αριθμούμενος
494 4104 622 4167 τοὺς
649 4102 874 4176 χρόνους
887 4103 996 4159 τῶν
1018 4105 1159 4159 ἑπτά
1179 4106 1271 4160 καὶ
1289 4105 1645 4179 ἑξηκονταδύο

105 4192 398 4264 ἑϐδομάδων,
426 4197 484 4250 αϊ
506 4196 869 4249 συντείνουσιν
890 4199 971 4261 είς
990 4196 1087 4271 ἔτη
1110 4198 1434 4269 τετρακόσια
1450 4197 1641 4269 ὀγδοη-

104 4288 358 4359 κοντατρέα
382 4328 397 4352 ,
439 4289 527 4340 ἐπ’
570 4288 732 4341 αὐτὸν
779 4287 1086 4356 Αὔγουστον
1125 4290 1215 4342 καὶ
1256 4290 1348 4342 ἐπὶ
1399 4289 1643 4362 Ἡρώδην

102 4378 199 4442 tab;
240 4377 489 4452 πρώτους
534 4378 595 4444 ἐξ
631 4379 926 4450 ἀλλοφύλου
966 4379 1156 4449 γένους
1201 4379 1640 4451 βασιλεύσαντας,

104 4466 195 4519 καθ’
225 4466 313 4533 οῦς
332 4470 367 4540 ἡ
395 4467 490 4523 τοῦ
515 4469 765 4541 Σωτῆρος
786 4470 942 4541 ἡμῶν
983 4464 1155 4540 Ἰησοῦ
1175 4470 1411 4542 Χριστοῦ
1431 4471 1642 4539 γένεσις

1750 1991 1956 2048 Judaeis
2029 1991 2284 2046 accidunt
2329 1992 2641 2047 centesimae
2692 1995 3102 2064 septuagesima:
3163 2010 3319 2050 nona:

1750 2084 2075 2156 Olympiadis
2095 2098 2240 2139 anno
2262 2084 2460 2155 primo,
2485 2085 2577 2153 qui
2605 2085 2705 2138 fuit
2734 2100 2913 2140 annus
2942 2101 2970 2139 a
2991 2085 3116 2156 Cyri
3150 2100 3317 2155 regno

1751 2176 2319 2247 quadringentesimus
2378 2176 2766 2245 nonagesimus
2823 2175 3090 2246 quintus,
3157 2175 3317 2245 cujus

1749 2267 1900 2338 regni
1933 2266 2147 2320 initium
2180 2267 2633 2337 quinquagesima
2673 2266 2862 2338 quinta
2891 2266 3198 2337 Olympiade
3238 2267 3319 2320 fa-

1749 2366 1899 2411 ctum
1939 2363 2043 2411 est.
2097 2355 2201 2411 Per
2250 2357 2305 2412 id
2356 2357 2522 2427 igitur
2578 2357 2842 2426 temporis
2889 2355 3211 2427 Pompeius,
3261 2357 3313 2411 vi

1750 2447 1925 2517 captis
1959 2446 2371 2519 Hierosolymis,
2401 2458 2456 2502 et
2487 2448 2728 2509 vinctum
2792 2448 3164 2504 Aristobulum
3206 2449 3316 2506 Ro-

1747 2553 1890 2592 mam
1939 2539 2122 2603 mittit,
2147 2547 2201 2595 et
2245 2540 2409 2609 hujus
2440 2539 2595 2594 fratri
2648 2539 2899 2612 Hyrcano
2950 2543 3315 2598 sacerdotium

1751 2632 1936 2692 tradit,
1971 2640 2135 2703 atque
2165 2648 2229 2688 ex
2275 2633 2369 2686 illo
2417 2640 2657 2702 tempore
2701 2633 2955 2689 universa
3001 2633 3314 2691 Judaeormn

1748 2725 1898 2781 natio
1926 2723 2187 2779 Romanis
2210 2725 2498 2780 tributaria
2528 2726 2671 2778 facta
2713 2732 2815 2780 est.
2849 2724 2978 2781 Post
3004 2726 3314 2798 Hyrcanum

1747 2815 2010 2878 Herodes,
2050 2814 2318 2885 Antipatri
2370 2814 2531 2878 ﬁlius,
2564 2815 2684 2883 ipso
2713 2814 3001 2871 interfecto
3041 2815 3314 2888 Hyrcano,

1746 2907 2011 2979 largiente
2062 2905 2310 2961 Romano
2364 2915 2579 2972 senatu,
2632 2904 2944 2962 Judceornm
2990 2908 3318 2964 obtinetre-

1746 3015 1933 3071 gnum.
1967 2998 2067 3054 llic
2111 2999 2324 3070 primus
2352 2999 2532 3054 alieno
2563 3007 2718 3053 ortus
2741 3015 2959 3071 genere,
2997 3001 3318 3071 perturbato

1744 3089 2061 3159 pontiﬁcum
2093 3086 2307 3151 ordine,
2346 3088 2441 3159 qui
2490 3087 2728 3144 Mosaiea
2781 3090 2894 3162 lege
2929 3093 3176 3147 sancitus
3201 3091 3318 3147 fue-

1746 3187 1852 3243 rat,
1879 3181 1933 3234 in
1964 3180 2052 3234 illa
2076 3188 2235 3251 gente
2263 3188 2472 3252 regnat.
2498 3178 2606 3236 Lex
2652 3182 2795 3236 enim
2844 3181 3023 3236 divina
3067 3182 3316 3252 jubebat,

1747 3282 1806 3328 ut
1836 3275 2106 3331 maximus
2132 3274 2376 3345 pontifex
2411 3290 2575 3345 quam
2611 3275 2705 3330 diu
2756 3276 2962 3334 vireret
3009 3279 3318 3336 sacerdotio

1748 3363 2086 3436 fungeretur.
2121 3365 2191 3420 At
2221 3366 2465 3423 Herodes
2498 3382 2608 3421 non
2639 3368 2709 3423 iis
2729 3370 2822 3438 qui
2852 3370 3094 3440 legitimo
3118 3386 3317 3440 genere

1745 3459 1852 3513 orti
1889 3467 2095 3521 essent,
2139 3475 2315 3529 neque
2363 3460 2430 3515 iis
2480 3460 2572 3530 qui
2625 3460 2680 3515 id
2711 3460 2853 3530 juris
2894 3462 3175 3527 haberent,
3218 3464 3314 3519 sed

1748 3550 2113 3621 supposititiis
2143 3551 2497 3621 quibusdam,
2533 3562 2697 3623 atque
2731 3568 2762 3607 a
2806 3554 2950 3608 serie
2997 3569 3060 3610 ac
3092 3570 3316 3610 succes-

1745 3640 1899 3695 sione
1923 3641 2242 3710 pontiﬁcum
2280 3643 2474 3700 alienis
2506 3643 2559 3698 id
2582 3645 2825 3699 muneris
2843 3645 3110 3710 attribuit,
3146 3662 3211 3701 ac
3245 3662 3315 3702 ne

1745 3732 1815 3788 iis
1848 3731 2080 3808 quidem‘
2118 3734 2173 3788 in
2226 3743 2573 3806 perpetuum,
2602 3735 2695 3792 sed
2746 3736 2814 3791 ad
2849 3736 3011 3793 breve
3040 3738 3313 3808 quoddam

1745 3800 2275 3898 determinatumque
2325 3800 2567 3898 tempus?
2602 3829 2936 3900 gratiﬁcans,
2959 3800 3120 3902 θέε
3153 3837 3317 3899 atque

1745 3917 1851 3971 alio
1886 3926 2128 3988 tempore
2180 3919 2304 3974 aliis
2336 3919 2606 3990 ejusmodi
2661 3921 2921 3977 honorem
2973 3922 3313 3994 impertiens,

1746 4022 1806 4066 ut
1834 4013 1937 4069 hac
1972 4014 2201 4075 ratione,
2236 4016 2425 4085 prima:
2459 4015 2677 4085 quidem
2709 4015 3078 4073 hebdomades
3108 4024 3314 4087 septem

1745 4119 1775 4158 a
1797 4103 1941 4174 Cyro
1971 4104 2038 4160 ad
2085 4103 2332 4169 Darium,
2366 4106 2590 4177 reliqua:
2612 4122 2744 4162 vero
2779 4108 3062 4179 sexaginta
3107 4107 3250 4171 dum,
3282 4126 3314 4162 a

1746 4194 1908 4250 Dario
1936 4195 2004 4250 ad
2035 4197 2415 4266 imperatorem
2443 4194 2811 4253 Romanorum
2842 4197 3155 4270 Pompeium
3184 4214 3315 4254 cono

1746 4286 2043 4342 tineantur.
2072 4289 2140 4340 At
2170 4288 2216 4342 si
2242 4288 2457 4343 tertiam
2496 4296 2756 4359 praeterea
2796 4291 3315 4360 contemplationem

1746 4376 1882 4431 velis
1919 4376 2198 4439 insistere,
2230 4385 2395 4446 atque
2431 4376 2536 4429 alia
2563 4376 2797 4445 quadam
2838 4380 3046 4429 ratione
3069 4385 3313 4445 tempora

1744 4476 1949 4539 septem
1998 4474 2053 4521 rt
2083 4468 2363 4537 sexaginta
2409 4466 2641 4522 duarum
2684 4466 3081 4522 hebdomadam
3124 4482 3316 4522 nurne-

105 4557 359 4631 ἱστορεῖται
391 4561 866 4634 περιγραφομένη,
907 4562 987 4627 εί,
1033 4560 1336 4634 ἀρξάμενος
1377 4563 1485 4615 ἀπὸ
1526 4565 1640 4638 ΛΔα-

1748 4574 1886 4625 rare,
1920 4573 2042 4629 quae
2069 4573 2243 4615 annos
2265 4559 2548 4615 continent
2580 4559 3008 4630 quadringentos
3037 4559 3314 4628 octoyzinta

105 4650 216 4719 ρείου
242 4655 334 4706 καὶ
367 4652 469 4723 τῆς
499 4652 946 4727 συμπληρώσεως
984 4651 1078 4705 τοῦ
1118 4652 1246 4706 ναοῦ
1267 4695 1282 4721 ,
1322 4653 1414 4707 τὸν
1453 4634 1645 4727 δηλού-

108 4758 231 4808 μενον
280 4745 516 4817 ἀριθμὸν
570 4745 885 4817 ἀναλογίσῃ.
966 4746 1191 4818 Δαρείου
1234 4747 1343 4815 γὰρ
1398 4749 1539 4803 κατὰ
1584 4748 1646 4802 τὸ

103 4828 313 4906 δεύτερον
355 4834 511 4900 ἔτος,
537 4835 631 4888 τὸν
670 4834 1138 4908 ἑϐδομηκονταετῆ
1170 4836 1360 4909 χρόνον
1392 4837 1491 4908 τῆς
1518 4841 1646 4911 ἐρη-

106 4924 293 4992 μώσεως
346 4927 703 4999 Ἰερουσαλὴμ
763 4927 1217 4998 συμπεπερόωθαι
1270 4929 1298 4981 ὁ
1361 4931 1645 5003 προφήτης

102 5014 333 5092 Ζαχαρίας
362 5019 513 5093 δηλοί
542 5019 715 5088 λέγων
734 5036 748 5050 ·
803 5038 823 5071 ι
855 5018 934 5091 Τῇ
971 5020 1188 5092 τετράδι
1220 5021 1313 5074 καὶ
1344 5021 1547 5087 εἰκάδι,
1580 5024 1639 5075 ὲν

101 5108 154 5178 τῷ
173 5113 430 5185 ἑνδεκάτῳ
466 5114 616 5186 μηνὶ,
648 5113 808 5179 αὑτός
834 5115 949 5167 ὲστι
971 5112 1173 5180 Σαὸἀτ,
1210 5115 1268 5168 ὲν
1296 5113 1375 5186 τῷ
1402 5114 1639 5188 δευτέρῳ

102 5194 180 5252 ἔτει
210 5204 460 5273 Δαρείου,
493 5204 711 5272 ἐγένετο
756 5203 913 5273 λόγος
958 5203 1168 5275 Κυρίου
1201 5202 1336 5277 πρὸς
1364 5206 1641 5278 Ζαχαρίαν

100 5288 163 5340 τὸν
190 5292 273 5345 τοῦ
302 5294 596 5367 Βαραχίου.
633 5314 651 5346 ι
689 5292 801 5348 Εἶθ’
840 5294 967 5365 ἑξῆς
1001 5294 1238 5364 ἐπιλέγει
1262 5312 1276 5326 ·
1316 5315 1334 5348 ι
1365 5296 1474 5350 Καὶ
1500 5298 1636 5352 ἁπε-
1662 5320 1665 5321 ν

103 5384 225 5457 κρίθη
270 5389 296 5439 ὁ
328 5387 562 5457 ἄγγελος
627 5390 856 5462 Κυρίου,
900 5390 997 5443 καὶ
1052 5385 1175 5442 εἷπε
1203 5405 1217 5421 ⁸
1275 5388 1447 5460 Κύριε
1499 5405 1636 5442 παν-

102 5479 360 5554 τοκράτωρ,
384 5482 492 5546 ἕως
522 5481 666 5547 τίνος
692 5483 752 5536 οὐ
786 5482 859 5553 μὴ
876 5483 1106 5555 ἐλεήσῃς
1134 5482 1235 5554 τὴν
1261 5479 1634 5553 Ἰερουσαλὴμ,

103 5572 167 5622 καί
201 5574 291 5637 τὰς
334 5576 518 5641 πόλεις
559 5575 761 5640 Ἰούδα,
794 5575 861 5639 ἀς
900 5576 1179 5649 ὑπερεῖδες
1207 5575 1367 5630 τοῦτο
1408 5574 1637 5646 ἑϐδομη-

103 5660 256 5712 κοττὸν
292 5662 429 5728 210;;
468 5682 488 5714 ι
525 5663 727 5717 Τοῦτον
767 5663 830 5736 δὴ
868 5660 959 5719 οὖν
995 5664 1155 5745 αύτδν
1185 5664 1263 5737 τῷ
1306 5664 1435 5738 θείῳ
1464 5662 1635 5718 Πνεῦ-

153 5842 191 5876 ⁸³
226 5842 447 5902 Zachar.
490 5863 542 5909 I,
577 5845 626 5901 7.

394 5945 659 6005 Parnm.
711 5945 826 6003 (in.
882 5941 1081 6002 XXII.

1747 4659 1877 4717 tres,
1897 4652 2145 4708 invenias
2168 4651 2312 4708 idem
2339 4652 2603 4723 temporis
2632 4651 2870 4724 spatium
2898 4651 2964 4708 ad
3005 4653 3313 4726 Augustum

1745 4759 1921 4815 usque
1954 4752 2118 4816 atque
2143 4743 2545 4817 Herodem,qui
2568 4744 2728 4818 primi
2747 4745 2959 4800 externi
2981 4747 3197 4817 generis
3228 4761 3317 4802 rc-

1742 4846 2003 4909 gnarunt,
2026 4854 2374 4909 quorumque
2404 4839 2743 4909 temporibus
2792 4839 3094 4894 Salvatoris
3139 4840 3316 4894 nostri

1741 4927 1870 4985 Jesu
1901 4929 2107 4984 Christi
2164 4938 2321 4985 ortus
2375 4930 2547 4986 luisse
2595 4939 2951 4998 memoratur,
3004 4933 3315 5002 propagari,

1744 5020 1792 5075 si
1822 5020 1982 5074 modo
2012 5021 2155 5074 hunc
2185 5037 2346 5091 quem
2391 5021 2506 5077 dixi
2559 5038 2847 5077 numerum
2906 5032 3124 5093 sumpto
3161 5022 3319 5076 initio

1746 5126 1777 5165 a
1802 5111 1963 5166 Dario
1992 5111 2288 5181 templique
2310 5112 2656 5169 absolutione
2685 5113 2993 5183 recolligas.
3019 5113 3100 5166 Ad
3125 5128 3321 5167 secun-

1748 5203 1877 5257 dum
1905 5203 2050 5257 enim
2112 5200 2258 5255 Darii
2314 5218 2541 5268 annum,
2575 5215 2791 5276 tempus
2819 5205 3133 5260 solitudinis
3166 5202 3319 5258 urbis

1741 5294 2044 5350 Jerusalem
2069 5335 2084 5354 ,
2114 5294 2261 5364 quod
2300 5298 2777 5366 septuagenarium
2830 5297 2952 5361 fuit,
3000 5296 3319 5367 pervenisse

1744 5387 2009 5458 propheta
2038 5385 2333 5442 Zacharias
2367 5386 2576 5442 indicat
2599 5390 2687 5445 his
2713 5390 2899 5446 verbis
2934 5408 2948 5442 :
2980 5408 2998 5440 ι
3030 5388 3088 5443 In
3115 5387 3204 5443 die
3239 5389 3320 5442 vi-

1743 5480 1949 5534 cesimo
1979 5487 2176 5549 quarto
2210 5479 2488 5533 undecimi
2537 5483 2745 5539 mensis
2795 5482 2865 5550 (is
2905 5490 2989 5537 est
3035 5480 3220 5553 Sabat)
3260 5482 3317 5536 in

1745 5587 1890 5627 anno
1912 5570 2153 5627 secundo
2182 5569 2350 5634 Darii,
2388 5568 2591 5626 factum
2639 5583 2723 5628 est
2754 5573 2977 5629 verbum
3005 5571 3216 5627 Domini
3248 5573 3316 5627 ad

1745 5662 2064 5721 Zachariam
2093 5664 2261 5720 ﬁlium
2286 5662 2561 5720 Baracltize
2592 5666 2659 5722 ⁸³.
2703 5684 2720 5719 ›
2759 5664 2963 5721 Deinde
2990 5680 3318 5737 progressus

2884 5939 2963 6000 '20
