3928 6518
534 451 639 505 619

1170 447 1438 504 EL'SEBII
1475 442 1956 501 C£SARIENSIS
1993 440 2144 499 OPP.
2184 440 2368 496 PARS
2414 437 2480 496 ll.
2508 469 2578 480 —-
2610 433 3113 492 APOLOGETICA.

3696 432 3807 485 (320

532 568 785 641 adiungit
816 587 828 623 :
868 586 886 619 ι
924 564 992 621 Et
1012 566 1293 636 respondit
1318 564 1545 635 angelus
1573 562 1788 617 Domini
1833 571 1888 617 et
1923 562 2100 616 dixit:

2220 576 2338 628 [tam
2394 556 2675 626 θεωρήσας
2717 556 2746 608 ὁ
2797 551 2996 623 Δανιὴλ
3042 550 3134 603 τόν
3186 548 3417 621 χρόνον,
3467 545 3803 617 misereare:

535 656 763 714 Domine
785 657 1151 727 omnipotens,
1178 669 1462 725 quousque
1491 653 1841 708 misereberis
1879 648 2101 706 Jerusa-

535 751 641 805 lem
664 758 717 804 et
745 749 962 804 urbium
992 745 1152 812 Juda,
1183 759 1321 816 quas
1346 745 1642 815 despexisti
1686 744 1832 799 hunc
1883 753 2103 813 septua-

536 844 802 910 gesimum
856 855 1056 894 annum
1105 839 1190 892 “2
1223 858 1240 889 ι
1292 837 1406 892 Hoc
1451 837 1617 907 igitur
1658 837 1835 907 ipsum
1889 843 2101 904 tempus

536 934 724 987 Daniel
754 946 877 987 cum
907 932 1092 985 divino
1120 930 1324 1001 Spiritu
1355 930 1564 984 alilatus
1599 929 1839 991 vidisset,
1872 928 1956 982 his
1984 943 2104 982 ver-

533 1026 620 1081 his
658 1024 901 1079 notavit:
934 1043 953 1074 ι
986 1024 1095 1095 Ego
1128 1023 1312 1079 Daniel
1361 1022 1600 1076 intellexi
1628 1021 1681 1074 iu
1715 1019 1872 1074 libris
1902 1035 2098 1073 mune-

544 1132 662 1171 rum
699 1117 1079 1179 annorumcde
1106 1132 1214 1187 quo
1240 1116 1416 1171 factus
1456 1121 1539 1169 est
1573 1128 1754 1169 sermo
1787 1110 1998 1165 Domini
2036 1111 2103 1164 ad

539 1207 830 1263 Jeremiam
860 1207 1202 1278 prophetam,
1236 1215 1293 1260 ut
1318 1206 1725 1275 complerentur
1750 1201 2105 1257 desolationis

535 1298 839 1354 Jerusalem
863 1300 1201 1370 septuaginta
1226 1299 1372 1361 anni,
1392 1306 1446 1353 et
1464 1296 1587 1352 dedi
1613 1296 1800 1351 faciem
1834 1311 2006 1350 meam
2038 1294 2105 1348 ad

536 1390 825 1445 Dominum
860 1389 1025 1445 Deum
1050 1404 1252 1456 meum,
1279 1400 1337 1445 ut
1363 1403 1550 1442 orarer
1573 1402 1634 1441 ac
1665 1387 1988 1458 deprecarer
2001 1385 2066 1439 “'.
2084 1404 2101 1435 ι

538 1483 741 1539 Deinde
774 1490 896 1554 post
940 1482 1383 1553 deprecationem
1441 1481 1687 1551 angelus,
1740 1479 1832 1549 qui
1889 1478 1963 1532 illi
2022 1494 2109 1533 se-

538 1576 720 1647 ipsum
778 1575 1039 1637 ostendit,
1094 1590 1156 1629 ea
1215 1574 1443 1637 divinat,
1483 1586 1603 1643 quae
1665 1571 1733 1627 ad
1766 1570 2107 1641 septuaginta

538 1666 908 1722 hebdomadas
937 1667 1231 1737 pertinent,
1258 1672 1311 1720 et
1348 1673 1572 1736 tempus
1614 1664 1757 1719 unde
1785 1661 2107 1717 numerandi

538 1757 753 1811 initium
778 1755 1103 1824 capiendum
1135 1762 1239 1819 est,
1276 1755 1548 1826 significat
1584 1754 1773 1810 dicens
1803 1773 1815 1808 :
1852 1771 1869 1804 ι
1920 1752 1985 1807 Ει
2014 1768 2107 1807 co-

538 1863 773 1917 gnosces
802 1856 855 1901 et
896 1846 1171 1911 intelliges
1212 1847 1280 1899 ab
1308 1847 1457 1900 exitu
1490 1846 1761 1901 sermonis
1792 1854 1851 1897 ut
1885 1856 2111 1914 rcSpon-

538 1939 732 1993 deatur
760 1946 812 1993 et
841 1938 1139 1993 zeditlcetur
1168 1935 1470 1992 Jerusalem
1508 1952 1682 2007 usque
1732 1936 1798 1990 ad
1831 1936 2108 1990 Christum

537 2033 754 2087 ducem.
805 2052 823 2083 ›
853 2030 1024 2085 Porro
1059 2039 1242 2085 autem
1285 2045 1314 2085 a
1340 2030 1483 2101 Cyro
1508 2031 1747 2100 primum
1778 2039 2107 2099 responsum

537 2135 644 2189 est,
676 2134 733 2178 ut
761 2125 1125 2181 aedificaretur
1162 2122 1488 2188 Jerusalem,
1538 2139 1637 2178 nec
1689 2130 1869 2178 tamen
1931 2124 2108 2193 ipsum

537 2233 677 2287 opus
702 2217 950 2272 etl‘ectum
978 2223 1081 2281 est,
1118 2231 1241 2271 cum
1270 2215 1322 2269 id
1347 2215 1511 2269 vicini
1539 2215 1781 2285 undique
1814 2214 2109 2285 prohibue-

537 2309 673 2363 rint.
701 2306 897 2362 Postea
930 2323 1059 2362 vero
1096 2323 1219 2361 cum
1270 2305 1467 2363 Darius
1513 2306 1764 2376 jusserit,
1800 2314 1975 2376 eoque
2025 2322 2113 2362 re-

537 2408 739 2467 gnante
769 2400 1079 2454 absolutqu
1113 2401 1184 2456 sit
1212 2400 1401 2470 templi
1427 2398 1742 2464 aadilicium,
1768 2399 1895 2454 inde
1920 2400 1988 2453 ab
2012 2400 2112 2455 hoc

538 2492 657 2561 ipso
686 2500 929 2561 tempore
958 2491 1235 2562 propheta:
1285 2489 1475 2546 Daniel
1506 2493 1791 2547 oraculum
1835 2494 1920 2548 sui
1951 2511 2112 2550 even-

536 2591 627 2638 tus
647 2581 860 2638 initium
888 2584 1077 2647 sttmit,
1099 2583 1257 2653 cujus
1283 2584 1448 2640 verba
1471 2585 1561 2639 illa
1588 2594 1737 2648 sunt,
1760 2605 1778 2637 ι
1804 2596 1862 2640 ιιι
1888 2592 2115 2657 respon-

538 2676 733 2730 deatur
756 2683 810 2731 et
847 2675 1148 2729 :ediﬂcvtur
1176 2674 1484 2732 Jerusalem
1507 2717 1523 2743 ,
1559 2698 1578 2730 ι
1614 2676 1667 2731 in
1700 2694 1810 2748 quo
1853 2679 2015 2733 etiam
2051 2678 2110 2732 il-

542 2767 632 2822 lud
672 2768 878 2824 dictum
907 2780 990 2824 est
1020 2773 1034 2822 ':
1074 2786 1093 2820 ι
1129 2766 1243 2840 Ego
1269 2768 1457 2825 Daniel
1488 2770 1728 2826 intellexi
1751 2772 1805 2826 in
1827 2772 1984 2827 libris
2009 2789 2115 2827 nu-

539 2873 747 2913 merum
784 2872 1076 2922 annorum,
1106 2858 1273 2932 396
1304 2860 1373 2914 de
1412 2875 1521 2930 quo
1561 2859 1740 2915 factus
1796 2868 1880 2916 est
1938 2876 2117 2917 sermo

541 2947 772 3004 Domini
802 2950 868 3003 ad
896 2948 1188 3005 Jeremiam
1239 2951 1576 3023 prophetam,
1611 2958 1670 3006 ut
1714 2954 2119 3024 complerentur

539 3040 1214 3099 desolatiouisJerusalem
1238 3044 1585 3114 septuaginta
1607 3043 1758 3099 anni.
1792 3046 1980 3101 :Anno
2004 3046 2097 3117 igi-

542 3143 631 3189 tur
655 3133 800 3188 Darii
844 3135 1084 3190 secundo
1107 3144 1332 3208 apparet
1366 3137 1668 3208 completos
1702 3152 1826 3193 esse
1852 3152 2027 3193 annos
2051 3138 2117 3192 il-

2203 648 2410 717 λέγων·
2464 665 2481 696 ε
2536 643 2676 713 Ἐγὼ
2724 643 2922 713 Δανιὴλ
2970 643 3177 712 συνῆκα
3218 642 3276 692 ἐν
3306 641 3428 702 ταῖς
3466 638 3683 714 βίϐλοις
3713 638 3806 691 τὸν

2204 739 2434 813 ἀριθμὸν
2471 738 2580 791 τῶν
2627 736 2795 799 ἐτῶν,
2850 735 2979 806 περ)⁵
3020 730 3082 788 οὗ
3127 731 3360 804 ἐγενήθη
3399 729 3561 798 λόγος
3592 731 3805 802 Κυρίου

2206 834 2341 907 πρὸς
2373 831 2642 903 Ἰερεμίαν
2670 829 2761 881 τὸν
2797 828 3106 900 προφήτην,
3140 827 3221 888 είς
3247 822 3650 895 συμπλήρωσιν
3678 825 3808 895 ἐρη-

2209 924 2431 997 μώσεως
2476 922 2574 991 τῆς
2635 917 2999 990 Ἰερουσαλὴμ
3027 958 3041 981 ,
3096 915 3471 985 ἑϐδομήκοντα
3529 912 3674 982 ετη,
3714 913 3808 965 καὶ

2206 1018 2382 1070 ἔδωκα
2412 1015 2473 1068 τὸ
2508 1012 2799 1086 πρόσωπόν
2829 1027 2929 1082 μου
2965 1009 3102 1081 πρὸς
3134 1008 3340 1080 Κύριον
3374 1007 3464 1060 τὸν
3492 1005 3632 1059 Θεόν
3677 1022 3803 1075 μου.

2205 1105 2299 1158 τοῦ
2345 1104 2643 1174 ἐκζητῆσαι
2682 1099 2991 1172 προσευχὴν
3035 1100 3130 1152 καὶ
3165 1098 3368 1169 δέησιν.
3404 1116 3423 1149 ι
3475 1091 3612 1150 Εἶτα
3667 1096 3805 1166 μετὰ

2205 1199 2305 1271 τὴν
2356 1197 2517 1269 εὐχὴν
2567 1193 2853 1264 ἐπιφανεὶς
2916 1191 3063 1262 αύτῷ
3116 1193 3144 1244 ό
3175 1189 3404 1259 ἄγγελος
3442 1189 3697 1246 θεσπίζει
3737 1188 3805 1242 τά

2209 1290 2335 1360 περὶ
2372 1288 2477 1341 τῶν
2527 1286 2902 1357 ἐϐδομήκοντα
2954 1282 3297 1353 ἑϐδομάδων,
3340 1283 3435 1336 καὶ
3478 1282 3574 1335 τὸν
3610 1281 3808 1353 χρόνον

2207 1382 2328 1436 ὅθεν
2362 1380 2442 1433 δεῖ
2466 1378 2729 1452 ἄρχεσθαι
2759 1379 3033 1450 ἀριθμεῖν,
3065 1378 3355 1449 σημαίνει,
3390 1377 3569 1446 λέγων
3591 1393 3606 1406 ’
3650 1394 3671 1427 ι
3696 1374 3807 1428 Καὶ

2209 1475 2393 1548 γνώσῃ
2427 1475 2520 1528 καὶ
2561 1474 2815 1545 συνήσεις
2854 1472 2965 1526 άπὸ
3004 1471 3184 1538 ἐξόδου
3223 1470 3416 1540 λόγου,
3449 1469 3543 1524 τοῦ
3572 1471 3807 1539 ἀποκριο

2211 1569 2365 1639 θῆναι
2396 1568 2489 1620 καὶ
2522 1566 2615 1620 τοῦ
2649 1566 3005 1638 οἰκοδομῆσαι
3027 1565 3401 1636 Ἰερουσαλὴμ,
3428 1564 3536 1629 ἕως
3565 1562 3811 1635 Χριστοῦι

2211 1658 2536 1730 ἡγουμένου.
2584 1677 2602 1709 ι
2670 1656 2868 1723 Γέγονε
2925 1656 3024 1729 μὲν
3082 1653 3174 1711 οὖν
3238 1657 3535 1728 ἀπόκρισις
3608 1654 3799 1727 πρώτη

2211 1752 2420 1824 Κύρου,
2465 1749 2885 1822 οἰκοδομηθῆναι
2915 1749 3016 1820 τὴν
3058 1747 3412 1821 Ἰερουσαλὴμ
3436 1789 3451 1811 ,
3486 1748 3548 1800 ού
3574 1746 3682 1819 μὴν
3715 1749 3793 1811 είς

2213 1844 2374 1917 ἔργον
2417 1844 2696 1915 ἐχώρησε,
2746 1844 2855 1897 τῶν
2896 1842 3191 1914 περιοίκων
3231 1840 3663 1895 κεκωλυκότων’
3702 1844 3796 1895 Δα-

2144 1916 2184 1974 Β
2215 1937 2362 2009 ρείου
2411 1937 2471 1990 δέ
2504 1936 2642 2008 μετὰ
2662 1936 2835 1990 ταῦτα
2856 1934 3233 1998 κελεύσαντος,
3265 1933 3362 1988 καὶ
3387 1933 3489 2006 τῆς
3514 1933 3797 2004 οἰκοδομῆς

2210 2028 2304 2082 τοῦ
2346 2028 2491 2101 ἱεροῦ
2530 2032 2649 2082 κατ’
2684 2024 2846 2081 αὑτὸν
2890 2026 3365 2098 συντελεσθείσης,
3402 2027 3436 2097 ἡ
3478 2011 3803 2096 τοῦ¹Δανιηλ

2211 2120 2461 2177 ἐντεῦθεν
2520 2120 2826 2193 προφητεία
2894 2119 2990 2191 τὴν
3040 2119 3325 2191 καταρχὴν
3377 2120 3479 2189 τῆς
3521 2118 3795 2183 ἐκϐάσεως

2211 2211 2518 2283 ἐλάμϐανεν
2540 2251 2555 2275 ,
2583 2212 2617 2283 ἦ
2647 2229 2706 2265 τε
2739 2212 3022 2280 φάσκουσα
3050 2226 3067 2242 σ
3129 2229 3148 2261 ι
3196 2209 3331 2262 Ἀπὸ
3377 2208 3561 2274 ἐξόδου
3605 2210 3759 2278 λόγου
3779 2249 3795 2271 ,

2210 2307 2305 2363 τοῦ
2338 2307 2697 2379 ἀποκριθῆναι
2732 2308 2942 2362 καὶτοῦ
2976 2307 3325 2377 οἰκοδομῆσαι
3376 2304 3791 2376 Ἰερουσαλὴμ,»

2213 2401 2307 2455 καὶ
2352 2396 2522 2474 δι’ᾕς
2564 2399 2777 2473 εἴρηται
2821 2405 2841 2433 λ
2884 2419 2902 2453 ‹
2942 2396 3082 2469 Ἐγὼ
3116 2398 3312 2469 Δανιὴλ
3352 2398 3562 2469 συνῆκα
3588 2397 3645 2448 ἐν
3687 2399 3801 2459 11E;

2217 2496 2416 2567 βίϐλοις
2442 2498 2532 2551 τὸν
2560 2496 2791 2570 ἀριθμὸν
2809 2496 2914 2549 τῶν
2942 2494 3105 2558 ἐτῶν,
3133 2494 3261 2565 περί
3283 2485 3345 2546 οὗ
3381 2489 3617 2561 ἐγενηθη
3642 2490 3790 2557 λόγος

2222 2591 2428 2662 Κυρίου
2458 2590 2594 2664 πρὸς
2650 2590 2917 2662 Ἱερεμίαν
2955 2588 3047 2642 τὸν
3102 2588 3408 2659 προφήτην,
3450 2586 3529 2648 είς
3559 2580 3793 2652 συμπλήο

2219 2700 2388 2755 ρωσιν
2432 2681 2765 2754 ἐρημώσεως
2822 2678 3200 2752 Ἰερουσαλὴμ,
3249 2677 3618 2748 ἑϐδομήκοντα
3652 2672 3789 2741 ἔτη..

2218 2772 2375 2828 Κατὰ
2418 2773 2547 2842 γοῦν
2590 2773 2651 2826 τὸ
2706 2772 2958 2845 δεύτερον
3014 2769 3138 2834 ἑτος
3186 2768 3409 2838 Δαρείου
3464 2770 3498 2838 ἡ
3556 2764 3793 2836 συμπλη-

2226 2882 2393 2938 ρωσις
2411 2865 2512 2935 τῆς
2546 2865 3011 2937 ἐϐδομηκονταετη
3022 2862 3161 2936 ρίδος
3177 2860 3551 2914 ἀποδέδεικται
3572 2876 3638 2911 πε
3646 2874 3793 2929 ραιω-

2220 2955 2407 3021 θεῖσα,
2448 2955 2588 3010 ὥστε
2638 2956 2697 3020 ἐξ
2748 2955 2984 3018 ἅπαντος
3029 2953 3292 3025 ἄρχεσθαι
3334 2951 3443 3004 δεῖν
3499 2952 3646 3022 ἡμᾶς
3696 2948 3794 3001 τῶν

2220 3049 2592 3119 ἐϐδομήκοντα
2617 3046 2926 3117 ἑϐδομάδων
2955 3044 3063 3099 ἀπὺ
3084 3044 3184 3115 τῆς
3206 3042 3507 3115 ἑξηκοστῆς
3532 3043 3627 3095 καλ⁵
3644 3043 3795 3112 ἕκτης

2237 3139 2597 3211 Ὀλυμπιάδος
2619 3178 2634 3202 ,
2675 3137 2770 3191 καὶ
2808 3134 2915 3190 ἀπὸ
2962 3136 3214 3208 δευτέρου
3260 3135 3413 3198 ἔτους
3450 3134 3707 3205 Δαρείου,
3740 3134 3791 3185 ἐν

543 3225 625 3280 los
653 3226 1019 3296 septuaginta,
1047 3234 1103 3280 ut
1135 3242 1237 3282 nos
1287 3228 1433 3281 omni
1470 3228 1683 3281 ratione
1740 3234 1988 3297 oporteat
2032 3242 2115 3283 se-

2220 3224 2265 3301 ᾧ
2291 3230 2361 3285 τά
2394 3231 2495 3300 τῆς
2528 3229 2816 3301 οἰκοδομῆς
2857 3227 3196 3300 περαιοῦται.
3257 3225 3539 3279 Ἐντεῦθεν
3591 3224 3713 3293 γοῦν
3749 3226 3795 3276 εί

545 3321 829 3390 ptuagiuta
848 3319 1248 3376 hebdomadum
1282 3319 1497 3373 initium
1523 3317 1703 3374 facere
1731 3333 1759 3371 a
1784 3334 1906 3372 wa
1938 3318 2115 3390 olym-

543 3410 724 3483 piade.
752 3419 915 3481 atque
945 3426 975 3464 a
1007 3410 1153 3465 Darii
1187 3426 1331 3466 anno
1372 3412 1637 3474 secundo,
1674 3412 1730 3465 in
1786 3426 1896 3480 quo
1939 3411 2120 3467 omnis

544 3501 637 3556 illa
670 3502 822 3558 urbis
847 3499 1153 3559 Jerusalem
1189 3502 1480 3557 mdilicatio
1531 3503 1784 3558 absoluta
1839 3510 1924 3558 est
1952 3520 1965 3556 :
1993 3502 2121 3558 inde

543 3593 711 3663 igitur
733 3595 779 3649 si
812 3601 1062 3665 tempora
1085 3610 1206 3665 quae
1232 3603 1539 3664 sequuntur
1565 3610 1840 3657 numeres,
1873 3595 2121 3648 invenias

542 3684 611 3739 ad
639 3685 816 3755 ipsum
861 3698 1036 3757 usque
1066 3685 1330 3741 llerolem
1366 3694 1420 3741 et
1455 3686 1808 3741 monarcham
1845 3684 2123 3741 Romano-

543 3789 666 3828 rum
703 3775 1034 3846 Augustum,
1061 3774 1164 3830 sub
1201 3774 1402 3846 quibus
1427 3774 1731 3831 Salvatoris
1760 3776 1935 3832 nostri
1965 3784 2121 3834 ortus

543 3867 671 3919 vitae
696 3865 979 3921 hominum
1006 3865 1204 3929 illuxit,
1240 3866 1668 3936 quadringentos
1701 3868 1978 3940 octoginta
2009 3876 2122 3924 tres

544 3973 724 4014 annos
756 3957 1047 4022 contineri,
1085 3958 1177 4029 qui
1210 3966 1416 4028 septem
1466 3965 1518 4011 ct
1575 3961 1858 4029 sexaginta
1887 3961 2118 4015 duarum

544 4050 945 4105 hebdomadam
1010 4065 1280 4105 summam
1348 4049 1651 4104 secundum
1709 4050 1882 4122 ipsius
1932 4052 2122 4106 Daniel

546 4141 887 4211 pr0phetiam
945 4142 1265 4197 coniiciunt.
1298 4140 1342 4195 A
1389 4142 1730 4213 sexagesima
1772 4146 1918 4199 enim
1968 4153 2121 4199 sexta

546 4228 855 4299 Olympiade
883 4229 950 4284 ad
982 4229 1337 4285 centesimam
1374 4232 1766 4302 ootogesimam
1797 4241 2005 4287 sextam
2037 4234 2123 4287 in-

546 4317 823 4372 termedia:
852 4318 1190 4390 olympiades
1230 4320 1564 4390 colliguntur
1594 4328 1814 4374 centum
1837 4326 1891 4374 et
1930 4320 2121 4390 viginti

547 4424 655 4463 una
681 4428 693 4463 :
718 4410 808 4480 qui
833 4419 961 4466 sunt
985 4412 1113 4466 anni
1133 4412 1519 4484 quadringenti
1548 4412 1827 4483 octoginta
1853 4422 2120 4483 quatuor,

546 4503 776 4572 singulis
816 4503 1002 4575 utique
1029 4491 1432 4576 olympiadibus
1454 4512 1750 4574 quaternos
1782 4512 1957 4562 annos
1990 4521 2123 4561 cou-

548 4594 869 4650 liuentibus.
936 4595 1057 4662 Quo
1115 4603 1359 4667 tempore
1415 4597 1695 4669 Augustus
1745 4595 2117 4655 Romanorum

547 4701 643 4740 rex
676 4689 927 4757 quintum
960 4687 1233 4744 decimum
1268 4690 1354 4744 sui
1398 4693 1550 4762 regni
1599 4704 1804 4745 annum
1850 4704 2038 4763 agens,
2072 4702 2126 4749 et

549 4777 847 4852 Egyptum
882 4790 936 4836 et
967 4782 1236 4853 reliquum
1277 4782 1465 4837 orbem
1517 4792 1785 4839 terrarum
1834 4785 2125 4855 imperium

551 4871 792 4939 obtinet;
826 4872 930 4927 sub
955 4888 1066 4942 quo
1090 4873 1303 4943 primus
1334 4874 1494 4928 alieni
1519 4877 1736 4945 generis
1768 4875 2012 4934 Herodes
2040 4877 2129 4935 Ju-

549 4963 792 5018 daeorum
827 4963 1032 5035 accipit
1075 4980 1329 5036 regnum,
1367 4973 1422 5021 et
1466 4964 2131 5041 SalvatorDominusque

550 5060 740 5110 noéter
772 5055 957 5117 Jesus.
992 5058 1086 5128 qui
1122 5057 1379 5114 Christus
1410 5066 1495 5114 cst
1534 5057 1652 5125 Dei,
1702 5062 1972 5127 nascitur,
2000 5062 2130 5117 dum

549 5149 806 5204 videlicet
834 5157 889 5205 et
914 5156 1071 5205 ortus
1095 5151 1242 5205 illius
1274 5158 1512 5221 tempus,
1555 5159 1609 5207 et
1649 5162 1851 5223 septem
1884 5168 1949 5209 ac
1974 5166 2134 5209 sexa-

547 5244 699 5315 ginta
738 5243 971 5297 duarum
1006 5243 1408 5298 hebdomadam
1458 5243 1603 5307 linis,
1630 5243 1697 5300 de
1725 5248 1926 5317 quibus
1956 5248 2134 5319 loqui-

547 5342 640 5389 tur
672 5336 937 5405 pmpheta
965 5334 1179 5397 Daniel,
1210 5336 1267 5389 in
1296 5335 1436 5391 idem
1464 5347 1824 5406 concurrunt,
1839 5347 1961 5411 post
1991 5352 2132 5411 quas

548 5442 673 5480 cum
700 5434 1037 5496 segregetur,
1064 5437 1119 5481 ct
1144 5427 1361 5498 longius
1390 5436 1513 5498 post
1535 5429 1770 5499 plurima
1787 5446 1850 5486 ea
1878 5432 2131 5487 videlicet

2220 3323 2348 3384 τοὺς
2390 3321 2690 3393 ἑπομένους
2738 3319 2967 3392 χρόνους
3008 3318 3364 3391 άριθμὴσεις,
3404 3317 3584 3388 εὕροις
3623 3316 3685 3370 ἂν
3716 3316 3793 3367 ἐπ’

2220 3414 2383 3468 αὐτὸν
2424 3412 2669 3485 Ἡρώδην
2714 3411 2983 3483 μόναρχόν
3018 3426 3077 3461 τε
3139 3408 3425 3478 Ῥωμαίων
3476 3406 3790 3474 Αὔγουστον,

2222 3506 2343 3560 καθ’
2370 3503 2463 3569 οὓς
2493 3506 2526 3576 ἡ
2560 3503 2653 3557 τοῦ
2691 3503 2942 3575 Σωτῆρος
2978 3499 3133 3571 ήμῶν
3180 3499 3416 3567 ἐπέφανε
3451 3498 3532 3569 τῷ
3582 3497 3677 3568 βίῳ
3712 3495 3795 3562 γέ-

2224 3616 2393 3663 νεσις,
2424 3597 2493 3650 τά
2530 3595 2855 3669 τετρακόσια
2893 3593 3223 3663 ὀγδοήκοντα
3251 3590 3377 3663 τρία
3414 3590 3509 3661 έτη
3529 3630 3543 3651 ,
3586 3589 3643 3641 αῖ
3672 3590 3792 3640 εἰσιν

2223 3690 2365 3745 ἑπτὰ
2436 3689 2531 3744 καὶ
2575 3684 2935 3759 ἑξηκονταδύο
2989 3673 3313 3755 ἑϐδομάδες,
3373 3682 3516 3735 κατὰ
3567 3680 3661 3751 τὴν
3708 3676 3789 3731 τοῦ

2223 3781 2420 3855 Δανιὴλ
2472 3778 2807 3853 προφητείαν
2856 3778 3299 3852 περιοριζόμενα.
3371 3775 3506 3831 Ἀπὸ
3559 3774 3664 3844 γάρ
3707 3772 3793 3841 τῆς

2223 3872 2524 3945 ἑξηκοστῆς
2561 3873 2654 3925 καὶ
2681 3872 2845 3943 ἑκτης
2886 3870 3244 3942 Ὀλυμπιάδος
3265 3869 3357 3922 ἐπὶ
3380 3867 3481 3938 τὴν
3517 3864 3793 3934 ἑκατοστὴν

2224 3964 2590 4037 ὀγδοηκοστὴν
2651 3964 2817 4037 ἕκτην
2884 3964 3124 4035 γίνονται
3194 3962 3554 4034 Ὀλυμπιάδες
3612 3957 3792 4031 μεταξὺ

2227 4054 2423 4113 ἑκατὸν
2463 4056 2745 4129 εἰκοσιμία
2768 4094 2784 4122 ,
2827 4056 2920 4129 έτη
2954 4056 3281 4128 τετρακόσια
3330 4054 3656 4124 ὀγδοήκοντα
3688 4050 3792 4103 τέσ-

2225 4166 2401 4221 σαρα,
2432 4149 2746 4222 τετραετίαν
2785 4150 2882 4222 τῆς
2917 4147 3277 4220 Ὀλυμπιάδος
3317 4144 3643 4216 ἐπεχούσης,
3685 4137 3791 4193 καθ’

2228 4240 2287 4294 δν
2319 4240 2511 4313 καιρὸν
2546 4239 2855 4311 Αὔγουστος
2894 4239 3181 4311 Ῥωμαίων
3213 4236 3464 4309 βασιλεὺς
3488 4274 3503 4299 ,
3535 4248 3792 4287 πεντεκαι-

2224 4332 2453 4387 δέκατον
2518 4331 2636 4397 ἔτος
2701 4331 2803 4402 τῆς
2878 4329 3162 4401 βασιλείας
3228 4328 3440 4400 ἐπέχων
3468 4366 3484 4389 ,
3547 4324 3792 4394 Αἰγύπτου

2226 4431 2435 4500 κρατεῖ,
2467 4430 2560 4482 καὶ
2611 4428 2711 4501 τῆς
2753 4422 2945 4498 λοιπῆς
3000 4420 3360 4496 οἰκουμένης,
3393 4424 3483 4493 ὑφ’
3514 4414 3576 4475 οὗ
3608 4418 3797 4492 πρῶτος

2225 4519 2522 4591 ἀλλόφυλος
2571 4518 2811 4594 Ἡρώδης
2853 4518 2951 4589 τὴν
3004 4518 3114 4571 τῶν
3153 4516 3424 4570 Ἰουδαίων
3457 4510 3795 4585 ἐγχειρίζεται

2163 4631 2204 4686 ο
2232 4611 2529 4683 βασιλείαν.
2571 4612 2827 4665 Γεννᾶται
2874 4606 2932 4663 δέ
2982 4600 3011 4665 ὁ
3055 4609 3245 4681 Σωτὴρ
3296 4608 3389 4661 καὶ
3422 4605 3625 4677 Κύριος
3661 4599 3795 4673 ἡμῶν

2244 4702 2453 4776 Ἰησοῦς
2489 4707 2518 4758 ὁ
2555 4694 2787 4776 Χριστὸς
2828 4701 2922 4755 τοῦ
2953 4701 3089 4755 Θεοῦ
3115 4740 3129 4764 ,
3166 4698 3307 4753 κατὰ
3343 4698 3405 4751 τὸ
3434 4695 3565 4750 αὐτὸ
3604 4707 3797 4763 συντρεο

2232 4795 2436 4872 χόντων
2484 4794 2593 4848 τῶν
2631 4793 2840 4866 χρόνων
2890 4791 2993 4863 τῆς
3049 4792 3314 4861 γενέσεως
3360 4787 3526 4843 αὑτοῦ
3579 4785 3670 4840 καὶ
3713 4782 3795 4850 τῆς

2237 4869 2681 4957 συμπληρώσεως
2707 4881 2816 4936 τῶν
2864 4882 3016 4954 παρὰ
3055 4879 3134 4952 τῷ
3176 4878 3374 4949 Δανιὴλ
3407 4877 3549 4929 ἑπτὰ
3579 4875 3667 4928 καὶ
3694 4869 3797 4937 ἐξὴ-

2236 4993 2403 5031 κοντα
2424 4976 2516 5029 δύο
2538 4974 2876 5046 ἑϐδομάδωνυ
2910 4963 3029 5045 μεθ⁴
3048 4972 3113 5036 ἃς
3131 4969 3464 5044 διῃρημένης
3485 4968 3583 5021 καὶ
3608 4961 3797 5037 μακρὰν

2236 5066 2755 5140 άπεσχοινισμένης,
2793 5064 2933 5138 μετὰ
2959 5064 3191 5117 πλεῖστα
3227 5063 3328 5115 ὅσα
3353 5059 3421 5113 τά
3456 5057 3655 5130 μεταξῦ
3687 5069 3798 5125 προ-

2236 5160 2598 5232 φητευόμενα,
2628 5158 2733 5230 τῆς
2767 5155 3065 5228 λειπούσης
3087 5156 3215 5227 μιᾶς
3240 5151 3554 5223 ἑϐδομάδος,
3577 5148 3646 5202 τά
3660 5142 3797 5199 λοιπὰ

2235 5252 2416 5307 πάντα
2467 5251 2558 5305 διά
2609 5251 2779 5322 μέσου
2837 5250 2941 5320 τῆς
2994 5239 3090 5302 τοῦ
3155 5243 3406 5318 χρησμοῦ
3470 5240 3797 5315 προρρήσεως

2233 5343 2499 5417 εἰρημένα
2554 5342 2880 5395 ἐπιτελεῖται
2910 5381 2924 5403 ,
2973 5339 3008 5393 ἃ
3064 5340 3157 5392 καὶ
3187 5336 3327 5390 αὑτά
3357 5333 3547 5388 τοῦτον
3590 5332 3694 5404 ἔχει
3724 5326 3798 5379 τόν

2229 5437 2432 5508 τρόπον
2460 5453 2475 5467 ο
2525 5456 2543 5487 ι
2568 5435 2725 5489 Μετὰ
2749 5434 2848 5499 τὰς
2874 5432 3174 5504 ἑϐδομάδας
3190 5428 3289 5494 τὰς
3318 5427 3457 5481 ἑπτὰ
3481 5426 3575 5479 καὶ
3609 5424 3799 5493 ἑξηκον-

548 5531 671 5585 quae
718 5516 772 5570 in
820 5516 999 5571 medio
1043 5517 1361 5588 prophetice
1392 5519 1783 5589 praedicuntur,
1813 5521 2115 5575 amandetul

2231 5528 2398 5582 ταδύο
2450 5525 2960 5599 ἑξολοθρευθήσεται
2985 5522 3213 5598 χρίσμα,
3236 5523 3327 5577 καὶ
3353 5522 3528 5593 κρῖμα
3565 5519 3660 5572 οὐκ
3678 5515 3797 5567 ἑστιν

551 5624 681 5673 una,
717 5624 838 5679 qua:
890 5610 1101 5681 reliqua
1134 5618 1247 5676 est,
1290 5610 1657 5674 hebdomada,
1706 5619 1901 5667 caetera
1950 5613 2115 5667 omni:

2234 5622 2294 5674 ἐν
2315 5619 2464 5692 αὐτῷ
2491 5636 2505 5650 ο
2528 5619 2622 5672 καὶ⁹
2652 5619 2754 5691 τὴν
2797 5617 2947 5673 πόλιν
2992 5618 3085 5671 καὶ
3127 5617 3189 5671 τὸ
3227 5614 3379 5683 ἅγιον
3418 5609 3691 5683 διαφθερεῖ
3718 5602 3798 5692 σύν

550 5712 895 5769 quaecunque
955 5702 1099 5755 inter
1170 5702 1404 5757 mediam
1459 5704 1669 5758 oraculi
1721 5704 2131 5774 praedictionem

2236 5706 2314 5779 τῷ
2359 5689 2651 5779 ἡγουμένῳ
2703 5689 2785 5778 τῷ
2839 5702 3159 5779 ἐρχομένῳ,
3213 5702 3308 5756 καὶ
3341 5699 3725 5769 ἐκκοπήσονται
3751 5689 3798 5744 ἐι

548 5790 695 5843 dic-ta
727 5803 879 5852 sunt.
915 5793 1277 5863 perﬁciuntur
1298 5835 1312 5857 ,
1346 5811 1469 5865 qua:
1502 5796 1559 5849 in
1589 5795 1738 5850 hunc
1770 5796 1989 5851 modum
2016 5797 2115 5868 ips:

2237 5796 2629 5869 κατακλυσμῷ,
2653 5798 2883 5870 Iulio);
2909 5798 3094 5861 τέλους
3126 5795 3361 5866 πολέμου
3391 5783 3794 5863 συντετμημένω

620 5884 667 5915 ⁸³
703 5884 935 5939 Zarltar.
974 5903 1010 5955 ι,
1058 5887 1141 5942 1‘2.
1217 5887 1263 5918 ⁸⁸
1303 5887 1437 5939 Dan.
1472 5902 1558 5947 ix,
1591 5884 1701 5949 2,3
