3928 6528
201 404 284 459 621
1015 402 1663 460 DEMONSTRATIONIS
1701 403 2160 462 EVANGELICIE
2198 407 2326 463 LIB.
2363 406 2508 463 Vlll.‘

3320 407 3426 462 6'32

199 517 522 587 ἀφανισμοῖς.
565 536 586 568 ι
642 517 754 573 Καὶ
800 517 972 572 ταῦτα
1019 520 1074 573 δὲ
1132 523 1331 593 ἐναργῆ
1381 522 1480 592 τὴν
1528 511 1750 576 ἔκϐασιν

1861 539 2070 594 quoque
2111 540 2171 580 se
2214 525 2415 580 habent
2453 544 2467 580 :
2509 543 2527 575 ι
2561 522 2691 579 Post
2737 523 3108 580 hebdomadas
3130 532 3334 595 septem
3373 535 3428 578 rt

195 610 368 678 εἴληφε
400 607 518 660 κατ’
552 609 716 662 αὐτὸν
755 609 1058 679 Αὔγουστον
1095 613 1190 665 καὶ
1229 613 1470 685 Ἡρώδην
1495 655 1509 677 ,
1550 617 1629 679 είς
1666 615 1760 679 οὓς

195 702 283 762 τὰς
309 699 704 770 προειρημένας
726 701 863 753 ἑπτὰ
889 701 1193 771 ἑϐδομάδας
1229 703 1758 772 συγκεφαλαιοῦσθαί

199 809 380 860 φαμεν.
417 791 552 861 Ὀδῷ
588 791 719 858 γοῦν
759 793 851 845 καὶ
879 793 1028 859 τάξει
1061 793 1156 846 τοῦ
1183 794 1324 847 κατά
1357 795 1455 864 τὴν
1495 797 1759 868 ἀρχιερω-

200 882 345 951 σύνην
363 881 684 950 χρίσματος,
726 881 886 954 μέχρι
924 883 1032 936 τῶν
1065 883 1300 953 Ἡρώδου
1330 886 1424 938 καὶ
1443 887 1763 956 Αὐγούστου

196 973 382 1043 χρόνων
428 972 856 1044 διαρκέσαντος,
901 975 998 1046 τῆς
1045 975 1103 1028 δὲ
1149 976 1396 1048 διαδοχῆς
1445 978 1554 1030 τῶν
1592 977 1756 1030 πάλαι

195 1064 476 1137 ἀρχιερέων
534 1066 630 1117 ἐπὶ
685 1066 1028 1139 Ἀλέξανδρον
1087 1069 1180 1121 τον
1230 1069 1499 1140 Ὑρκανοῦ
1546 1069 1757 1139 πατέρα

196 1156 651 1226 περιγραφείσης,
741 1156 984 1228 Ἡρώδης
1034 1159 1125 1211 τὸν
1196 1159 1457 1230 Ὑρκανὸν
1521 1157 1756 1218 ἀνελὼν,

195 1249 360 1302 οὐκέτι
404 1253 517 1312 τοῖς
552 1252 615 1303 ἑκ
655 1251 906 1322 πατέρων
945 1250 1209 1320 διαδόχοις
1238 1251 1523 1322 ἐπιτρέψαι
1543 1250 1758 1319 λέγεται

193 1341 281 1411 τὴν
322 1340 692 1413 λειτουργίαν,
746 1343 882 1395 ἀλλά
917 1350 1058 1395 τισιν
1097 1343 1330 1412 ἀσήμοις
1368 1343 1461 1396 καὶ
1499 1343 1759 1410 ἀφανέσιν

194 1433 505 1504 ἀνθρώποις.
539 1433 711 1487 Τοῦτο
741 1435 796 1488 δὲ
837 1436 931 1487 καὶ⁸
969 1436 998 1487 6
1037 1434 1282 1505 χρησμὸς
1315 1433 1602 1505 προλαϐὼν
1628 1436 1760 1487 ἑπε-

195 1524 457 1589 θέσπισεν,
511 1527 680 1579 εἰπών
709 1545 724 1557 ο
779 1547 798 1577 ι
837 1528 946 1581 Καὶ
999 1525 1136 1596 μετά
1170 1525 1267 1590 τὰς
1318 1525 1614 1598 ἑϐδομάδας
1663 1528 1759 1591 τὰς

193 1619 317 1670 ἑπτὰ
345 1619 440 1671 καὶ
472 1617 831 1687 ἑξηκονταδύο
864 1618 1375 1692 ἑξολοθρευθήσεται
1407 1621 1635 1691 χρίσμα,
1665 1622 1760 1673 καὶ

193 1714 349 1781 κρῖμα
376 1711 480 1762 οὐκ
515 1709 662 1762 ἐστιν
691 1711 749 1762 ὲν
775 1709 923 1779 αὐτῷ
945 1725 959 1739 ⁸
1004 1730 1021 1760 ι
1063 1711 1200 1781 ὅπερ
1239 1709 1422 1779 σαφῶς
1462 1712 1556 1763 καὶ⁵
1585 1709 1762 1764 λοιποὶ

190 1801 486 1853 τεθείκασιν
517 1801 848 1871 ἑρμηνευταί
875 1817 888 1829 ο
915 1802 942 1852 6
972 1802 1068 1870 μὲν
1109 1801 1338 1865 ’Δκύλας
1359 1803 1532 1872 φήσας
1553 1819 1566 1832 ο
1602 1820 1620 1852 ι
1651 1803 1760 1854 Καὶ

194 1894 319 1962 μετά
339 1893 442 1956 τὰς
466 1894 608 1946 ἑπτὰ
629 1893 929 1964 ἑϐδομάδας
954 1894 1048 1946 καὶ
1078 1891 1436 1963 ἑξηκονταδύο
1457 1891 1633 1958 ἑξολοθ
1643 1909 1760 1961 ρευ-

191 1985 402 2055 θὴσεται
450 1983 813 2055 ἠλειμμένος,
867 1987 961 2038 καὶ
1007 1985 1107 2038 ούκ
1155 1985 1300 2037 ἑστιν
1334 1983 1519 2054 αὐτῷ·
1561 2004 1578 2034 ι
1634 1985 1662 2035 6
1705 1983 1758 2035 δὲ

192 2075 476 2145 Σύμμαχος
494 2091 509 2104 ·
552 2095 570 2126 ι
606 2077 716 2129 Καὶ
743 2075 877 2146 μετά
909 2077 1006 2138 τὰς
1034 2075 1330 2146 ἑϐδομάδας
1352 2075 1490 2128 ἑπτά
1518 2075 1610 2128 καὶ
1641 2071 1761 2144 ἑξη-

191 2168 432 2222 κονταδύο
449 2170 810 2240 ἑκκοπήσεται
823 2171 868 2220 Χ
879 2169 1074 2240 ριστὸς,
1088 2170 1180 2221 καὶ
1195 2169 1294 2221 οὐκ
1311 2167 1537 2238 ὑπάρξει
1553 2167 1718 2238 αύτῷ.
1735 2187 1753 2219 ι

195 2263 339 2316 Ὀθεν
373 2262 615 2334 μάλιστα
643 2261 1012 2332 παρίστασθαί
1046 2278 1136 2331 μοι
1167 2260 1311 2312 δοκεῖ
1341 2260 1572 2332 Χριστὸς
1599 2259 1761 2330 ἡγού-

192 2372 336 2424 μενος
365 2351 512 2407 εἷναι
536 2356 564 2406 6
595 2353 736 2407 κατά
761 2353 858 2423 τὴν
889 2353 1159 2423 ἡμετέραν
1181 2351 1432 2404 ἀπόδοσιν
1459 2350 1760 2420 δεδηλωμέ-

189 2466 282 2510 νος.
306 2447 466 2502 Μετὰ
486 2445 618 2515 γοῦν
635 2445 730 2516 τὴν
748 2445 854 2498 τῶν
872 2444 1176 2516 εἰρημένων
1189 2442 1494 2513 ἑϐδομάδων
1509 2459 1572 2495 συ
1581 2443 1760 2514 μπλή-

188 2557 394 2610 pws-wn
419 2535 930 2608 ἑξολοθρευθησεται
950 2534 1202 2605 Χριστὸς,
1218 2533 1394 2604 umet.
1420 2534 1514 2596 Τίς
1530 2532 1586 2585 δὲ
1604 2527 1758 2597 οὗτος

188 2632 256 2701 ἢὸ
277 2629 603 2700 ἡγούμενος,
623 2629 754 2681 καὶὸ
771 2628 908 2680 κατά
922 2627 1169 2697 διαδοχὴν
1187 2626 1243 2692 ἐξ
1259 2623 1528 2696 ἱερατικοῦ
1545 2627 1755 2692 γένους,

187 2719 268 2772 τοῦ
308 2719 497 2781 ἔθνους
525 2716 841 2788 προεστώς;
893 2715 1116 2785 Διέμενε
1152 2713 1284 2782 γοῦν
1324 2706 1476 2785 οὗτος
1521 2714 1599 2774 εἰς
1633 2713 1756 2764 ὅσον

185 2815 326 2868 οὗπω
347 2815 418 2866 τά
439 2813 550 2866 τῶν
578 2811 885 2882 ἑϐδομάδων
913 2808 1218 2884 ἐπληροῦτο
1245 2825 1258 2837 ο
1313 2806 1500 2876 ἐπειδὴ
1529 2805 1584 2858 δὲ
1607 2804 1757 2869 τέλος

186 2902 480 2972 ἐλάμϐανον
516 2897 676 2956 αὗται
701 2942 716 2966 ,
755 2885 1061 2962 ἀκολούθως
1091 2900 1156 2968 τῇ
1188 2895 1490 2968 προφητεία
1524 2892 1754 2965 ἐξεκόπη

184 2997 296 3048 όὲι
326 2995 578 3065 διαδοχῆς
614 2993 802 3061 γένους
824 3033 838 3054 ,
876 2991 969 3044 τοῦ
1015 2991 1196 3058 ἔθνους
1239 2982 1533 3060 προεστώς.
1590 2981 1757 3048 Οὗτος

183 3085 235 3137 δὲ
258 3080 324 3155 ἦν
367 3083 655 3155 Ὑρκανὸς,
678 3083 734 3134 ὃν
760 3083 930 3149 αὐτὸς,
953 3079 1194 3152 Ἡρώδης
1221 3070 1422 3131 ἀνελὼν
1446 3117 1460 3141 ,
1489 3076 1586 3148 τὴν
1615 3075 1756 3129 κατά

183 3174 267 3226 τοῦ
294 3174 480 3237 Ξθνους
503 3165 780 3244 βασιλείαν
831 3172 995 3243 μηδὲν
1035 3169 1181 3238 αὐτῷ
1203 3168 1559 3238 διαφέρουσαν
1585 3166 1758 3237 ὑφαρ-
1785 3212 1824 3264 C

183 3266 340 3329 παζει
368 3305 384 3329 ,
446 3264 662 3336 πρῶτός
722 3281 779 3316 τε
828 3263 988 3325 αὐτὸς
1040 3259 1332 3330 ἀλλόφυλος
1384 3261 1618 3329 ἡγεῖται.
1680 3257 1754 3310 Οὐ

184 3363 340 3432 μόνος
372 3362 432 3414 δὲ
459 3363 566 3431 ἄρα
600 3361 628 3412 ὁ
665 3360 925 3431 Ὑρκανὸς
956 3360 1190 3429 Χριστὸς
1221 3355 1317 3420 ὢν,
1341 3354 1563 3408 καὶτῶν
1591 3353 1758 3408 πάλαι

182 3454 481 3526 ἀρχιερέων
537 3453 786 3517 ὕστατος,
828 3451 1082 3521 ἐξεκόπη»
1115 3443 1249 3502 ἀλλὰ
1282 3450 1375 3502 καὶ
1403 3451 1436 3520 ἡ
1464 3449 1526 3500 ἐκ
1561 3446 1759 3518 7:90”-

182 3564 281 3598 νων
343 3544 556 3598 ἄνωθεν
594 3546 657 3596 ἐκ
682 3543 788 3595 τῶν
833 3541 1110 3614 πρόπαλαι
1151 3529 1448 3611 ἀρχιερέων
1497 3538 1760 3591 κατιοῦσα

181 3635 434 3706 διαδοχὴ,
503 3635 635 3688 αὐτό
695 3651 752 3686 τε
817 3634 880 3686 τὸ
948 3632 1087 3686 κατὰ
1146 3632 1341 3702 νόμους
1397 3630 1604 3702 χρίσμα
1658 3631 1760 3684 οὐκ

184 3730 255 3782 ἔτι
286 3729 430 3781 κατά
497 3727 676 3800 κρίσιν
713 3727 994 3796 γινόμενον
1014 3766 1028 3790 ,
1075 3724 1324 3786 ἀτάκτως
1360 3723 1416 3775 δὲ
1444 3723 1537 3776 καὶ
1562 3740 1762 3792 συγκε-

182 3822 462 3892 χυμένως,
524 3821 586 3872 ού
640 3820 779 3872 κατά
829 3819 897 3870 τὰ
933 3817 1080 3888 παρὰ
1127 3818 1372 3876 Μωῦσεῖ,
1405 3817 1762 3888 νενομοθετη-

186 3913 634 3985 μένα,συνέτρεχε
673 3911 730 3963 δὲ
783 3911 915 3981 ὁμοῦ
952 3911 1129 3963 πάντα
1187 3908 1490 3972 ἀκολούθως
1533 3912 1596 3980 τῇ
1630 3927 1762 3980 προ-

186 4008 376 4078 φητεία
432 4007 688 4078 φησάσῃ·
729 4025 746 4056 ι
783 4003 1320 4077 Ἑξολοθρευθήσεται
1371 4005 1583 4075 χρίσμα
1607 4043 1622 4066 ,
1668 4006 1763 4058 καί

184 4101 352 4170 κρῖμα
398 4099 499 4150 ούκ
557 4096 702 4167 ἔστιν
763 4097 822 4148 ὲν
867 4095 1034 4165 αὐτῷ.
1065 4115 1084 4145 ι
1124 4094 1347 4165 Μάρτυς
1392 4096 1436 4148 δ’
1467 4095 1760 4166 ἀξιόχρεως

183 4191 382 4243 τούτων
424 4192 453 4243 6
511 4188 568 4253 ἐξ
614 4187 791 4240 αὐτῶν
847 4187 1109 4259 Ἐϐραίων
1161 4186 1454 4258 Ἰώσηπος,
1497 4181 1600 4239 ὦδέ
1644 4203 1764 4248 πως

186 4279 410 4352 ἱστορῶν
453 4277 524 4331 τὰ
574 4277 714 4330 κατά
761 4278 888 4340 τοὺς
933 4277 1157 4348 χρόνους
1209 4279 1265 4329 ὲν
1313 4275 1762 4345 ὀκτωκαιδεκάτῳ

184 4375 277 4446 τῆς
324 4371 665 4439 Ἰουδαϊκῆς
710 4371 1152 4440 Ἀρχαιολογίας
1172 4387 1186 4400 ο
1216 4389 1235 4420 ι
1271 4370 1382 4440 Τὴν
1405 4369 1462 4428 δὲ
1487 4367 1761 4438 βασιλείαν

195 4467 439 4538 Ἡρώδης
474 4465 623 4535 παρά
665 4463 946 4534 Ῥωμαίων
971 4460 1326 4533 ἐγχειρισθεὶς
1348 4501 1363 4522 ,
1395 4461 1495 4513 οὐκ
1527 4460 1605 4512 ἔτι
1639 4460 1763 4524 τοὺς

1860 618 2142 686 sexaginta
2176 619 2314 673 duas
2341 619 2535 688 peribit
2557 618 2763 682 unctio,
2790 626 2844 672 et
2885 619 3155 683 judicium
3203 635 3311 674 non
3344 625 3428 672 est

1861 707 1917 761 in
1954 723 2047 772 ea;
2069 715 2124 762 et
2157 710 2433 763 civitatem
2464 717 2518 762 et
2557 715 2807 762 sanctum
2838 705 3115 775 disperdet
3137 723 3260 760 eum
3292 705 3430 760 dure

1858 803 2088 854 venturo
2113 819 2125 853 :
2146 809 2200 852 et
2232 798 2517 854 excidelur
2547 798 2602 851 in
2635 797 2860 861 diluvio,
2883 805 2936 850 et
2962 808 3133 866 usque
3171 796 3237 850 ad
3268 795 3426 850 ﬁnem

1859 891 1986 946 belli
2021 892 2074 944 in
2106 891 2486 960 compendium
2514 889 2745 951 redacti,
2789 878 3278 953 internecionibus.
3319 906 3337 940 ι
3366 885 3427 938 Et

1858 983 1974 1038 haec
2006 983 2223 1053 quidem
2257 985 2602 1052 perspicuum
2633 983 2836 1037 exitum
2864 989 3024 1035 nacta
3047 988 3176 1036 sunt
3197 980 3426 1050 Augusti

1858 1073 2196 1144 Herodisque
2248 1074 2586 1144 temporibus
2625 1091 2639 1128 :
2674 1074 2727 1126 in
2772 1089 2911 1143 quos
2943 1088 3063 1137 eas,
3114 1072 3182 1127 de
3229 1071 3426 1140 quibus

1859 1165 2197 1227 dicebamus,
2236 1171 2439 1232 septem
2484 1162 2852 1216 hebdomadas
2887 1162 3257 1218 consummari
3287 1160 3429 1215 θωτ-

1859 1269 2090 1308 niamus.
2117 1251 2252 1306 Nam
2276 1266 2400 1306 cum
2425 1267 2583 1306 suum
2616 1265 2965 1321 progressum
2997 1235 3159 1320 atque
3181 1249 3426 1304 ordinem

1860 1346 2134 1417 pontiﬁcia
2165 1346 2258 1400 illa
2297 1346 2486 1400 unctio
2521 1361 2696 1414 usque
2743 1344 2808 1398 ad
2840 1343 3109 1399 Herodem
3153 1355 3202 1398 et
3242 1343 3428 1414 Augu-

1860 1445 2005 1492 stum
2058 1445 2372 1492 constanter
2399 1437 2720 1499 servaverit,
2755 1443 2808 1490 et
2834 1446 3078 1491 veterum
3109 1420 3426 1505 pontiﬁcum

1861 1530 2140 1584 successio
2175 1529 2231 1583 in
2254 1528 2565 1583 Alexandro
2606 1527 2841 1599 Hyrcani
2882 1519 3033 1596 patre
3079 1509 3423 1588 terminetur,

1859 1618 2103 1675 Herodes
2132 1623 2251 1692 ipso
2276 1619 2527 1692 Hyrcano
2558 1619 2842 1675 interfecto
2869 1617 3030 1689 397
3061 1634 3169 1672 non
3193 1618 3429 1688 amplius

1862 1711 1952 1774 iis,
1979 1712 2072 1781 qui
2107 1727 2136 1765 a
2179 1713 2500 1782 parentibus
2524 1711 2854 1766 succedendi
2885 1713 2978 1780 jus
3016 1711 3302 1778 haberent,
3329 1711 3430 1763 mi-

1863 1803 2153 1859 nisterium
2187 1803 2320 1858 illud
2348 1803 2690 1858 concessisse
2715 1802 2936 1865 dicitur,
2969 1801 3063 1867 sed
3105 1801 3430 1876 ignobilibus

1865 1896 2194 1965 quibusdam
2221 1896 2584 1966 obscurisque
2614 1895 2952 1951 hominibus.
2988 1894 3093 1950 Sed
3125 1897 3289 1950 etiam
3308 1909 3432 1948 ora-

1864 1987 2048 2040 culum
2098 1987 2240 2042 hanc
2281 1987 2453 2057 ipsam
2503 2003 2614 2042 rem
2669 1988 2975 2058 anticipans
3024 1987 3430 2050 divinavit,liis

1862 2077 2078 2132 verbis:
2111 2096 2130 2128 ι
2164 2078 2229 2130 Ει
2256 2087 2380 2147 post
2412 2077 2780 2133 hebdomadas
2830 2088 3035 2149 septem
3069 2086 3121 2132 et
3151 2067 3432 2149 sexaginta

1864 2170 2006 2225 duas
2053 2171 2251 2241 peribit
2282 2172 2486 2236 unctio,
2520 2177 2574 2223 et
2609 2169 2877 2240 judicium
2912 2184 3019 2224 non
3055 2178 3138 2224 est
3186 2169 3242 2224 in
3284 2185 3368 2225 ea.
3406 2187 3424 2246 ξ

1861 2262 2017 2327 Quod
2054 2261 2272 2332 quidem
2304 2263 2590 2332 perspicue
2630 2262 2826 2333 reliqui
2879 2245 3095 2334 quoque
3132 2272 3431 2332 posuerunt

1862 2355 2228 2424 interpretes:
2264 2354 2463 2424 Aquila
2497 2355 2718 2424 quidem
2772 2356 2892 2410 sic:
2928 2373 2946 2406 ι
2983 2354 3048 2408 Et
3071 2365 3194 2430 post
3224 2363 3429 2425 septem

1859 2447 2232 2502 hebdomadas
2263 2457 2316 2502 et
2380 2448 2658 2518 sexaginta
2693 2447 2830 2502 duas
2872 2447 3070 2517 peribit
3123 2453 3342 2510 unctus,
3377 2456 3430 2501 et

1860 2554 1970 2592 non
2017 2549 2101 2594 est
2137 2539 2208 2593 ei.
2251 2557 2270 2590 ι
2325 2536 2686 2609 Symmachus
2740 2547 2919 2592 autem
2957 2539 3076 2594 sic:
3116 2556 3135 2591 ι
3197 2537 3262 2592 Et
3309 2551 3432 2610 post

1863 2629 2228 2684 hebdomadas
2276 2638 2483 2699 septem
2531 2638 2585 2684 et
2628 2619 2906 2700 sexaginta
2971 2628 3108 2684 duas
3152 2629 3431 2685 excidetur

1859 2721 2132 2784 Christus,
2169 2726 2224 2773 et
2253 2734 2362 2773 non
2387 2719 2561 2774 aderit
2611 2720 2686 2775 ci.
2733 2738 2753 2772 ι
2777 2718 2854 2773 Ex
2881 2734 2990 2790 quo
3019 2719 3254 2774 maxime
3298 2719 3429 2774 mihi

1859 2819 2116 2866 constare
2139 2810 2376 2877 videtur,
2405 2810 2686 2864 Christum
2716 2808 2912 2865 ducem
2946 2825 3070 2865 esse
3091 2824 3241 2873 eum,
3267 2795 3431 2878 quem

1859 2905 2132 2973 expositio
2174 2911 2366 2958 nostra
2391 2903 2712 2958 declaravit.
2739 2901 2871 2958 Post
2893 2911 2995 2958 'eas
3026 2902 3193 2973 igitur
3215 2901 3282 2957 de
3308 2903 3430 2972 qui-

1859 2995 1964 3051 bus
1997 2996 2238 3054 diximus
2262 2995 2562 3065 completas
2579 2993 2974 3058 hebdomadas,
3009 3011 3030 3044 ι
3062 2994 3260 3064 peribit
3281 2993 3410 3048 Chri

1861 3095 1999 3149 stus,
2043 3108 2064 3141 ›
2097 3090 2296 3160 inquit.
2342 3087 2448 3144 Sed
2486 3088 2610 3158 quis
2646 3087 2865 3142 tandem
2896 3087 2986 3140 hic
3008 3085 3284 3150 Christus,
3325 3087 3429 3142 nisi

1859 3178 1968 3232 dux
2004 3180 2096 3249 qui
2127 3180 2362 3250 legitime
2386 3178 2690 3240 succedens
2705 3195 2769 3233 ex
2791 3177 3069 3248 pontiﬁcio
3084 3193 3300 3248 genere,
3321 3169 3432 3233 suae

1860 3272 2003 3340 genti
2031 3271 2325 3340 praeesset?
2348 3269 2544 3332 Mansit
2569 3270 2736 3340 igitur
2769 3270 2858 3324 hic
2887 3269 3160 3332 Christus,
3188 3269 3430 3344 quandiu

1863 3364 2228 3418 hebdomadcs
2272 3364 2386 3424 illa:
2423 3362 2794 3428 duraverunt;
2840 3361 2933 3416 ubi
2980 3369 3161 3416 autem
3214 3363 3430 3415 illarum

1862 3455 1986 3511 ﬁnis
2008 3455 2244 3521 advenit,
2275 3456 2493 3509 excisus
2525 3462 2629 3515 est,
2659 3454 2750 3522 qui
2782 3453 2849 3507 de
2875 3453 3093 3524 generis
3125 3452 3428 3509 successio”-

1861 3563 1930 3602 ne
1985 3546 2128 3615 genti
2159 3553 2435 3614 praeesset.
2458 3543 2628 3598 Porro
2665 3543 2758 3596 hic.
2800 3541 2902 3595 fuit
2935 3540 3240 3612 Hyrcanus,
3269 3555 3431 3604 quem

1861 3653 1984 3692 cum
2017 3635 2259 3692 Herodes
2308 3635 2700 3697 interfecisset,
2743 3649 2966 3702 regnum
3007 3633 3255 3703 protinus
3286 3635 3432 3704 quod

1861 3730 1932 3784 ad
1962 3729 2140 3798 ipsum
2174 3727 2309 3782 nihil
2349 3727 2650 3796 spectabat,
2675 3725 2926 3794 arripuit,
2963 3725 3282 3794 primusque
3315 3723 3428 3794 ips-2

1862 3819 2076 3892 pmfuit
2097 3834 2163 3873 ex
2193 3818 2369 3874 alieno
2407 3834 2626 3889 genere.
2675 3818 2943 3872 Caeterum
2971 3819 3077 3870 nan
3111 3817 3262 3872 s'olus
3293 3816 3430 3889 llyr-

1863 3929 2055 3975 canus,
2088 3912 2180 3982 qui
2220 3911 2471 3966 Christus
2505 3918 2646 3979 erat,
2677 3921 2731 3965 et
2758 3911 3066 3981 priscorum
3111 3910 3434 3981 pontiﬁcuur’

1862 3997 2220 4082 novissimus,
2252 4003 2471 4060 excisus
2522 4013 2624 4064 est,
2651 4003 2748 4060 sed
2774 4005 2936 4058 etiam
2964 4018 3028 4057 ea
3050 4019 3169 4073 qua:
3203 4003 3366 4059 altius
3401 4019 3432 4057 α

1865 4098 2164 4166 majoribus
2187 4096 2456 4165 longeque
2489 4095 2866 4166 superioribus
2899 4096 3252 4166 pontiﬁcibus
3277 4112 3433 4166 repe-

1866 4191 1964 4243 tita
2034 4189 2211 4244 fuerat
2260 4189 2562 4253 successio,
2625 4190 2850 4259 ipsaque
2907 4188 3146 4257 legitima
3196 4190 3430 4245 unctio:

1863 4282 2067 4352 quippe
2113 4296 2234 4350 quae
2265 4297 2372 4335 non
2408 4281 2548 4334 ultra
2575 4297 2640 4334 ex
2670 4279 2880 4348 judicio
2915 4279 3188 4342 facta‘sit,
3221 4279 3313 4334 sed
3351 4282 3436 4334 in-

1864 4372 2112 4426 ordinate
2139 4381 2192 4427 et
2217 4357 2464 4436 confuse,
2502 4386 2609 4425 non
2657 4354 2956 4424 secundum
2980 4385 3064 4426 ea.
3093 4386 3214 4439 qua:
3254 4370 3436 4426 Moses

1866 4464 1920 4518 in
1951 4465 2071 4520 suis
2105 4466 2316 4534 legibus
2346 4474 2621 4528 sanxerat,
2651 4471 3159 4530 concurreruntque
3180 4464 3237 4517 in
3265 4480 3435 4518 unum

185 4559 240 4610 ἐκ
257 4558 354 4610 τοῦ
399 4556 774 4627 Ἀσαμωναίου
796 4556 988 4624 γένους
1045 4551 1208 4621 (οὗτοι
1233 4554 1290 4606 δὲ
1321 4549 1457 4623 ἦσαν
1483 4553 1534 4617 οἱ
1565 4552 1758 4624 καλού-

1868 4558 2070 4620 omnia,
2098 4555 2552 4626 quemadmodum
2611 4556 2893 4626 prophetia
2946 4555 3291 4624 praedixerat,
3328 4557 3440 4610 illis

189 4667 329 4717 μενοι
399 4646 824 4717 Μακκαϐαῖοι),
879 4645 1194 4715 καθίστησιν
1252 4645 1567 4714 ἀρχιερεῖς,
1623 4644 1762 4696 ἀλλά

184 4755 327 4800 ἠνας
363 4740 611 4808 ἀσήμους
643 4742 736 4790 καὶ
775 4736 933 4806 μόνον
976 4734 1036 4798 ἐξ
1085 4734 1348 4804 Ἐϐραίων
1390 4734 1546 4796 ὄντας
1570 4773 1584 4797 ,
1620 4733 1759 4804 πλὴν

185 4831 293 4895 ἑνὸς
337 4829 776 4902 Ἃριστοϐούλου,
809 4830 868 4882 ὃν
923 4827 1187 4900 ’Υρκανοῦ
1227 4827 1339 4880 υἱὸν
1372 4827 1524 4888 ὄντα,
1587 4809 1758 4878 κατα-

189 4925 386 4994 στήσας
399 4922 680 4994 ἀρχιερέα,
702 4925 767 4992 τῇ
789 4921 990 4991 ἀδελφῇ
1006 4918 1174 4972 αὑτοῦ
1202 4918 1479 4990 συνῴκησε
1500 4918 1759 4990 Μαριάμ-

190 5030 285 5084 μῃ,
315 5013 416 5086 τὴν
445 5011 540 5064 τοῦ
576 5012 809 5084 πλήθους
842 5012 976 5082 πρὸς
1006 5012 1164 5064 αὑτὸν
1197 5009 1508 5082 θηρώμενος
1551 5009 1757 5062 εὖνοιαν

185 5103 264 5159 διὰ
295 5106 394 5176 τὴν
439 5103 708 5175 Ὑρκανοῦ
744 5105 982 5175 μνήμην.
1017 5099 1146 5156 Εἶτα
1176 5100 1360 5165 δεδιὼς
1396 5102 1468 5172 μὴ
1505 5101 1638 5173 πρὸς
1669 5098 1758 5153 τὸν

196 5197 600 5270 Ἀριστόϐουλον
634 5196 833 5257 πάντες
865 5197 1246 5260 ἀποκλίνωσιν,
1269 5197 1476 5250 ἀνεῖλεν
1511 5197 1672 5249 αὑτὸν
1700 5198 1757 5248 ἐν

194 5287 420 5364 Ἱεριχοῖ,
445 5291 701 5358 πνιγῆναι
739 5291 1184 5361 μηχανησάμενος
1217 5289 1592 5360 κολυμϐῶντα,
1628 5289 1759 5360 καθ-

187 5380 252 5443 ὼς
322 5384 427 5454 ἤδη
478 5382 876 5453 δεδηλώκαμεν.
935 5381 1090 5435 Μετά
1137 5381 1322 5434 τοῦτον
1371 5381 1471 5434 οὐκ
1517 5371 1594 5433 ἔτι
1645 5384 1756 5443 τοῖς

189 5470 422 5540 ἐκγόνοις
443 5473 550 5525 τῶν
596 5471 970 5542 Ἀσαμωναίου
997 5471 1201 5524 παίδων
1225 5471 1322 5541 τὴν
1345 5469 1755 5541 ἀρχιερωσύνην

188 5562 517 5620 ἐπίστευσεν.
564 5563 804 5634 Ἐπραξε
849 5563 903 5615 δὲ
942 5564 1099 5633 ὅμοια
1131 5563 1208 5633 τῷ
1253 5562 1465 5635 Ἡρώδῃ
1500 5562 1626 5632 περὶ
1658 5562 1756 5635 τῆς

189 5658 564 5718 καταστάσεως
612 5655 720 5708 τῶν
769 5655 1086 5726 ἀρχιερέων,
1137 5653 1421 5726 Ἀρχέλαός
1449 5670 1512 5705 τε
1558 5653 1756 5728 ὀπαῖς

191 5748 366 5809 αὑτοῦ,
400 5750 494 5801 καὶ
525 5748 660 5818 μετὰ
691 5745 877 5800 τοῦτον
924 5748 1180 5817 Ῥωμαῖοι
1215 5747 1314 5817 τὴν
1342 5746 1448 5798 τῶν
1493 5744 1757 5798 Ἰουδαίων

196 5830 458 5906 βασιλείαν
505 5839 917 5911 παρειληφότες.
966 5859 982 5888 ι
1024 5840 1189 5892 Πάλιν
1219 5841 1273 5892 ὲν
1339 5830 1546 5909 ἑτέροις
1583 5836 1753 5890 ταῦτα

1859 4650 2088 4705 verbis:
2131 4668 2148 4700 ι
2189 4647 2395 4702 Peribit
2423 4647 2630 4710 unctio,
2663 4655 2717 4702 et
2755 4646 3023 4716 judicium
3079 4663 3188 4700 non
3237 4657 3321 4702 est
3379 4648 3438 4702 in

1860 4757 1944 4796 ea.
1985 4761 2000 4792 ι
2030 4741 2206 4810 Atque
2233 4741 2471 4810 Optimus
2495 4739 2721 4807 hujusce
2746 4740 2822 4793 rei
2857 4738 3012 4793 testis
3038 4738 3438 4795 estllebraicus

1861 4845 2049 4890 auctor
2085 4835 2375 4906 Joseplius,
2427 4835 2518 4904 qui
2549 4834 2602 4887 in
2635 4849 2767 4886 xviii
2797 4831 3040 4886 Judaicte
3089 4834 3435 4902 Antiquitatis

1861 4928 2022 4992 libro,
2057 4945 2178 4998 qu1e
2212 4928 2278 4982 ad
2305 4928 2394 4981 illa
2431 4937 2676 4996 tempora
2699 4928 2999 4996 pertinent,
3033 4927 3089 4981 in
3133 4927 3279 4980 hunc
3323 4944 3439 4980 mo-

1866 5017 1994 5071 dum
2024 5019 2276 5087 exponit:
2299 5037 2317 5068 ι
2341 5017 2582 5073 Herodes
2610 5017 2979 5086 autem,regni
3013 5016 3441 5070 administratio-

1865 5126 1933 5164 ne
1963 5126 1990 5162 a
2039 5109 2300 5164 Romanis
2329 5123 2570 5181 accepta,
2604 5110 2780 5162 nullos
2826 5109 3058 5176 amplius
3102 5123 3170 5162 ex
3203 5107 3438 5162 Asamo-

1865 5217 1984 5256 nmo
2018 5217 2214 5270 genere
2245 5200 2322 5271 (lii
2365 5209 2545 5256 autem
2593 5209 2749 5255 erant
2779 5200 2866 5268 qui
2903 5198 3197 5252 Marhabaei
3239 5213 3439 5252 vocan«

1865 5296 1975 5362 tur)
2017 5291 2304 5361 pontiﬁces
2349 5292 2612 5354 declarat,
2646 5291 2740 5346 sed
2786 5292 3052 5360 ignobiles
3089 5291 3354 5359 quosdam
3383 5303 3436 5344 et

1865 5385 1932 5438 ab
1963 5383 2206 5439 Hebraeis
2261 5385 2639 5438 tantummodo
2697 5384 2984 5444 oriundos,
3015 5391 3213 5452 praeter
3266 5397 3433 5436 unum

1862 5473 2261 5536 Aristobulum,
2295 5474 2388 5542 qui
2422 5471 2657 5544 Hyrcani
2717 5472 2858 5526 ﬁlius
2912 5470 3032 5526 fuit.
3090 5470 3243 5526 llttnc
3287 5474 3434 5529 enim

1863 5578 1986 5617 eum
2018 5563 2323 5632 pontiﬁcem
2360 5562 2715 5623 declarasset,
2752 5576 2992 5616 sororem
3031 5562 3150 5630 ejus
3181 5561 3434 5616 Mariam-

1866 5671 2008 5708 mam
2043 5655 2198 5708 duxit
2231 5669 2477 5720 uxorem,
2533 5654 2732 5722 quippe
2766 5653 2858 5722 qui
2909 5653 3273 5708 multitudinis
3304 5669 3434 5717 erga

1867 5747 2016 5800 illum
2047 5755 2290 5814 captaret
2315 5745 2769 5808 benevolentiam,
2803 5751 3024 5814 propter
3053 5745 3286 5815 Hyrcani
3322 5763 3432 5799 me-

1865 5837 2113 5892 moriam.
2139 5834 2304 5906 398
2329 5834 2526 5890 Deinde
2553 5835 2758 5890 veritus
2790 5847 2855 5887 ne
2889 5847 3082 5888 omnes
3124 5833 3189 5888 ad
3222 5833 3430 5888 Aristo-
