3928 6536
485 413 594 468 625

1155 403 1422 462 EL‘SEBII
1447 400 1928 460 CESABIENSIS
1965 399 2116 460 OPP.
2157 398 2336 454 PARS
2373 397 2438 456 ll.
2475 427 2551 444 -—-
2585 395 3080 454 APOLOGETICA.

3619 395 3738 452 εει

487 535 674 590 bulum
706 529 1094 592 desciscerent,
1129 526 1402 580 hominem
1451 525 1519 578 de
1569 522 1749 577 medio
1800 521 2045 584 sustulit,

2151 517 2279 590 περὶ
2327 517 2508 570 αὐτῶν
2558 531 2720 586 φησιν
2745 531 2758 544 ⁸
2814 534 2832 565 ι
2883 512 3128 586 Ἡρώδης
3157 511 3214 564 δέ
3248 511 3596 582 βασιλεύσας,
3629 515 3739 582 τήν

485 629 613 682 dum
645 633 784 681 esset
819 623 872 677 in
903 620 1102 692 oppido
1125 617 1499 672 Hierichunte.
1535 616 1614 668 Illi
1636 613 1780 670 enim
1807 612 2042 674 natanti,

485 720 644 789 vique
677 715 892 771 interim
923 713 1028 768 sub
1055 723 1196 780 aqua
1231 707 1470 768 detento.
1506 719 1696 761 necem
1727 713 1812 760 est
1837 704 2048 758 machi-

483 815 665 870 natus,
699 803 774 858 uti
803 802 912 876 jam
941 800 1158 870 planmn
1197 796 1446 852 fecimus.
1473 795 1604 851 Post
1627 796 1770 850 hunc
1791 809 1900 849 non
1931 808 2048 847 am-

481 899 623 968 plius
671 911 736 952 ex
783 891 1083 950 Asamona‘j
1141 889 1291 958 prole
1347 889 1594 945 oriundis
1673 886 2044 959 pontiﬁcatum

478 987 774 1044 commisit.
809 984 1077 1040 Herodem
1119 982 1364 1038 imitatus
1411 990 1495 1036 est
1547 981 1601 1034 in
1657 980 2048 1035 constitutione

477 1081 791 1152 pontiﬁcum
826 1078 946 1147 ejus
974 1076 1117 1131 ﬁlius
1137 1075 1457 1138 Archelaus,
1477 1082 1530 1128 et
1553 1081 1676 1144 post
1695 1072 1840 1126 hunc
1868 1072 2046 1140 ipsum

475 1171 727 1235 Romani,
787 1169 880 1240 qui
933 1167 1242 1222 Judteorum
1319 1181 1544 1238 regnum
1607 1170 1966 1233 occuparunt.
2019 1180 2040 1214 ι

475 1263 690 1318 Rursus
715 1263 782 1318 de
809 1263 878 1318 iis
909 1261 1016 1315 alio
1039 1261 1092 1314 in
1125 1260 1246 1314 loco
1265 1259 1398 1314 dicit
1425 1259 1540 1314 haec
1576 1276 1588 1310 :
1627 1275 1646 1308 ι
1677 1256 1920 1312 Herodes
1949 1270 2050 1309 au-

476 1365 582 1414 tem
598 1373 690 1412 rex
717 1356 808 1411 ubi
838 1355 1032 1409 turrim
1058 1354 1198 1408 hanc
1223 1353 1278 1407 in
1298 1353 1495 1408 idoneo
1515 1352 1636 1406 loco
1665 1349 1826 1406 sitam
1847 1363 2048 1419 magno

475 1457 698 1521 sumptu
754 1447 1035 1512 instruxit,
1088 1447 1382 1500 Antoniam
1441 1445 1734 1516 appellavit
1778 1443 2040 1498 nomine:

475 1551 678 1597 vestem
705 1547 963 1610 praeterea
987 1538 1320 1608 pontiﬁciam
1358 1537 1674 1607 assumpsit,
1699 1543 1752 1592 et
1775 1551 1892 1590 eam
1926 1551 2046 1606 quae

474 1633 720 1704 deposita
751 1640 868 1688 erat
903 1631 1146 1685 retinuit.
1193 1628 1394 1685 llerodi
1428 1629 1627 1684 similia
1665 1629 1921 1699 patravit,
1950 1629 2044 1699 qui

475 1725 691 1795 abipso
711 1739 804 1779 rex
836 1723 1146 1778 declaratus
1174 1727 1260 1776 est
1289 1720 1590 1775 Archelaus
1619 1719 1792 1790 ipsius
1815 1719 1979 1782 ﬁlius,
2013 1736 2044 1775 a

475 1831 584 1885 quo
625 1813 860 1872 Romani
908 1821 1133 1884 accepto
1193 1813 1524 1884 principatu,
1571 1820 1720 1868 veste
1765 1811 2044 1882 pontiﬁcis

2145 627 2204 662 τε
2236 609 2389 680 βάριν
2418 609 2618 678 ταύτην
2645 609 2702 660 ἐν
2735 605 3024 675 ἐπιτηδείῳ
3057 604 3210 674 τύπῳ
3259 606 3518 674 κειμένην
3551 621 3726 658 κατα-

2149 701 2420 764 σκευάσας
2445 697 2772 762 πολυτελῶς,
2819 697 3105 750 Ἀντωνίαν
3148 697 3304 750 καλεῖ
3348 697 3516 766 δνομα
3535 736 3550 756 .
3635 694 3742 748 καὶ

2145 795 2244 866 τὴν
2274 793 2464 864 στολὴν
2493 793 2591 864 τὴν
2621 789 3010 863 ἀρχιερατικὴν
3036 789 3332 860 λαμϐάνει,
3366 789 3466 860 τὴν
3505 790 3566 841 δὲ
3615 806 3742 841 κει-

2150 885 2315 957 μένην
2377 889 2595 954 κατεῖχε
2622 921 2637 940 .
2691 879 2960 935 πιστεύων
3011 881 3162 935 οὐδὲν
3223 881 3564 952 νεωτερίσειν
3641 879 3744 932 τὸν

2146 977 2273 1032 λαὸν
2315 976 2379 1029 δι’
2413 977 2603 1048 αὑτήν.
2649 975 2892 1048 Ἐπραξε
2927 976 2972 1030 δ’
3007 975 3168 1046 ὅμοια
3199 973 3278 1044 τῷ
3321 971 3536 1044 Ἡρώδῃ
3571 973 3682 1026 καὶ.
3711 973 3744 1024 ὀ

2147 1065 2600 1130 ἐπικατασταθεὶς
2637 1067 2786 1137 αὐτῷ
2827 1065 3078 1136 βασιλεὺς
3141 1063 3462 1136 Ἀρχέλαος,
3505 1063 3626 1124 υἱὸς
3661 1061 3744 1114 ὢν

2146 1163 2344 1226 αὑτοῦ,
2388 1161 2516 1231 παρ’
2555 1155 2616 1214 οὗ
2674 1161 2928 1230 Ῥωμαῖοι
2951 1157 3320 1228 διαδεξάμενοι
3363 1155 3462 1225 τὴν
3517 1153 3738 1225 ἀρχὴν,

2147 1255 2408 1326 ἐκράτουν
2434 1254 2532 1324 τῆς
2560 1251 2751 1322 στολῆς
2777 1250 2872 1304 τοῦ
2905 1250 3210 1322 ἀρχιερέως
3253 1249 3628 1319 ἀποκειμένης
3679 1248 3744 1300 ἐν

2146 1347 2278 1418 οἴκῳ
2293 1345 2440 1399 λίθου
2463 1343 2884 1414 οἰκοδομηθέντι,
2904 1342 3007 1395 ὑπὸ
3034 1341 3304 1412 σφραγῖδι.
3343 1359 3362 1390 t
3391 1339 3490 1391 Διά
3523 1337 3744 1391 τούτων

2145 1437 2207 1490 τὺ
2233 1436 2578 1505 ἀποτέλεσμα
2609 1435 2771 1488 παντί
2800 1451 2879 1504 τῳ
2902 1431 3104 1504 νομίζω
3143 1431 3454 1500 καταφανὲς
3494 1429 3740 1500 γεγενῆ-

2149 1531 2266 1584 σθαι
2301 1529 2395 1582 τοῦ
2423 1529 2692 1599 φήσαντος
2725 1523 2972 1598 χρησμοῦ
2998 1540 3012 1554 ’
3051 1544 3068 1575 ι
3108 1523 3218 1576 Καὶ
3262 1522 3400 1594 μετὰ
3429 1523 3532 1584 τὰς
3571 1521 3740 1574 ἐϐδο-

2149 1622 2322 1694 μάδας
2369 1621 2468 1683 τὰς
2503 1618 2641 1672 ἑπτὰ
2685 1618 2778 1672 καὶ
2819 1614 3174 1687 ἑξηκονταδύο
3214 1613 3740 1685 ἐξολοθρευθὴσεται

2145 1715 2372 1788 χρίσμα,
2395 1715 2489 1768 καὶ⁸
2506 1715 2678 1785 κρῖμα
2709 1711 2811 1765 οὐκ
2835 1709 2980 1764 ἐστιν
3011 1709 3068 1762 ἐν
3099 1707 3271 1778 αύτῷ.
3299 1727 3318 1760 ι
3351 1708 3470 1761 Ἔτι
3503 1707 3562 1759 δέ
3593 1707 3740 1778 μᾶλ-

2145 1807 2234 1860 λον
2265 1807 2384 1879 ὄψει
2419 1805 2536 1870 πῶς
2562 1805 2776 1877 εἴρηται
2801 1803 2912 1866 τὺ,ι
2936 1801 3232 1874 Κρῖμαούκ
3266 1799 3411 1853 ἔστιν
3435 1801 3493 1852 ὲν
3521 1799 3734 1872 αὑτῷ,›

473 1921 595 1977 quae
615 1905 854 1976 reposita
884 1913 1002 1960 erat
1027 1903 1132 1960 sub
1167 1901 1325 1972 signo
1357 1902 1413 1956 in
1429 1901 1592 1958 domo
1608 1915 1674 1955 ex
1705 1899 1886 1970 lapide
1910 1913 2042 1954 con-

2149 1897 2204 1952 τὸ
2227 1899 2447 1970 ἄκριτον
2473 1897 2697 1951 συνιδὼν
2723 1896 2822 1968 τῆς
2840 1894 2948 1948 τῶν
2992 1892 3289 1966 ἀρχιερέων
3309 1893 3733 1954 καταστάσεως,

473 2007 684 2055 structa
721 1997 1096 2054 obtinuerunt.
1155 2015 1174 2047 ι
1219 1993 1297 2047 Ex
1329 1993 1415 2048 his
1469 1992 1629 2064 plane
1661 1991 1839 2046 cuivis
1885 1990 2046 2046 intel—

473 2093 672 2148 lectum
701 2105 824 2146 esse
841 2089 1098 2151 arbitror,
1117 2087 1370 2157 quisnam
1399 2085 1561 2140 fuerit
1581 2092 1810 2139 eventus
1837 2082 2042 2138 oraculi

474 2181 709 2238 dicentis
744 2200 762 2232 ι
795 2197 808 2234 :
843 2179 909 2233 Et
941 2185 1065 2248 post
1106 2166 1474 2232 hebdomadas
1507 2190 1582 2231 vn
1633 2183 1688 2230 et
1716 2190 1824 2228 Lxu
1848 2174 2046 2244 peribit

473 2273 679 2334 unctio,
711 2280 765 2326 et
789 2269 1062 2341 judicium
1091 2283 1200 2322 non
1223 2268 1380 2322 estin
1403 2283 1486 2323 ea.
1517 2286 1534 2317 ι
1571 2265 1738 2336 Magis
1765 2265 1930 2320 etiam
1962 2264 2046 2318 in-

473 2365 737 2430 tueberis,
755 2379 864 2435 quo
888 2377 1054 2418 sensu
1084 2361 1290 2416 dictum
1316 2360 1388 2414 sit
1420 2359 1552 2414 illud
1585 2379 1598 2414 :
1634 2376 1653 2410 ι
1683 2357 1750 2412 Ει
1772 2357 2044 2428 judicium

474 2471 580 2511 non
605 2462 688 2511 est
712 2455 765 2509 in
784 2469 869 2516 ea,
883 2473 902 2506 ι
926 2453 970 2508 si
999 2451 1148 2506 nullo
1163 2451 1370 2519 judicio
1387 2457 1602 2506 creatos
1619 2449 1902 2519 pontifices
1923 2463 2042 2512 eos,

472 2547 564 2618 qui
601 2554 724 2618 post.
768 2543 1056 2608 Herodem,
1101 2541 1305 2613 quique
1349 2541 1687 2612 temporibus
1743 2539 2046 2596 Salvatoris

474 2637 650 2695 nostri
679 2637 923 2699 fuerunt,
951 2635 1409 2690 consideraveris.
1435 2633 1572 2689 Cum
1597 2633 1744 2686 enim
1769 2649 1836 2686 ex
1861 2632 2044 2687 divina

472 2733 587 2802 lege
615 2727 859 2800 pontifex
883 2735 1056 2781 totum
1087 2741 1201 2782 suae
1226 2727 1348 2780 vitae
1372 2733 1586 2796 tempus
1605 2739 1821 2780 sacrum
1844 2739 2046 2779 munus

419 2883 426 2890 ,
471 2825 642 2882 obire.
679 2822 930 2890 idemque
959 2819 1197 2890 legitimo
1227 2818 1337 2874 ﬁlio
1371 2815 1682 2874 successori
1712 2817 1930 2871 tradere
1954 2815 2046 2886 ju-

472 2910 716 2972 heretur,
737 2924 832 2977 per
858 2924 922 2964 ea
963 2918 1208 2979 tempora
1231 2923 1354 2978 quae
1389 2907 1550 2963 modo
1597 2907 2042 2977 explorahamus,

473 3008 596 3071 post
627 3000 908 3056 interitum
945 3016 1117 3054 sacrae
1151 2999 1446 3063 unctionis,
1476 3000 1620 3054 sicut
1654 2999 1938 3070 prophetia
1969 2999 2044 3054 si-

471 3091 846 3162 gnificaverat,
869 3092 1079 3162 primus
1100 3091 1320 3163 quidem
1345 3091 1606 3158 Herodes,
1637 3099 1760 3163 post
1777 3090 2043 3146 Herodem

471 3197 604 3238 vero
632 3183 798 3238 etiam
835 3181 1091 3248 Romani,
1125 3185 1331 3255 absque
1375 3183 1606 3254 judicio,
1643 3185 1794 3238 nulla
1829 3189 2044 3239 servata

2145 1993 2253 2064 τῶν
2294 1991 2430 2064 μετά
2468 1989 2733 2063 Ἡρώδην,
2770 1990 2863 2042 καὶ
2889 1985 3032 2042 κατὰ
3066 1988 3189 2049 τοὺς
3220 1985 3445 2057 χρόνους
3476 1985 3574 2037 τοῦ
3611 1986 3738 2038 Σω-

2145 2085 2309 2157 τῆρος
2343 2085 2498 2156 ἡμῶν
2529 2081 2930 2154 γεγενημένων.
2974 2077 3080 2132 Τοῦ
3121 2077 3230 2150 γὰρ
3266 2076 3407 2131 κατά
3447 2078 3542 2130 τὸν
3585 2077 3736 2130 θεῖον

2145 2179 2307 2250 νόμον
2362 2177 2661 2249 ἀρχιερέως
2711 2175 2886 2227 πάντα
2929 2172 3018 2225 τὸν
3069 2171 3168 2242 τῆς
3216 2169 3360 2240 ζωῆς
3391 2170 3584 2242 χρόνον
3629 2170 3734 2240 τὴν

2145 2270 2484 2342 λειτουργίαν
2506 2267 2710 2321 διέπειν
2739 2266 3166 2336 κεκελευσμένον
3195 2265 3287 2318 ἐπὶ
3318 2263 3548 2336 διαδόχῳ
3577 2263 3736 2316 παιδὶ

2147 2361 2384 2433 γνησίῳ,
2421 2359 2562 2414 κατὰ
2591 2361 2718 2422 τοὺς
2747 2357 3168 2428 ἐξεταζομένους
3198 2356 3423 2427 καιροὺς
3445 2395 3460 2420 ,
3499 2354 3642 2426 μετά
3673 2353 3735 2408 τδ

2147 2450 2590 2524 ἐξολοθρευθῆναι
2626 2451 2688 2506 τὸ
2713 2451 2936 2522 χρίσμα,
2967 2452 3033 2521 τῇ
3059 2448 3362 2521 προφητείᾳ
3396 2445 3730 2516 συμφώνως.

2148 2544 2360 2616 πρῶτος
2393 2544 2492 2616 μὲν
2531 2543 2800 2615 Ἡρώδης,
2837 2542 3024 2595 ἔπειτα
3058 2541 3113 2594 δὲ
3143 2541 3237 2594 καὶ
3288 2541 3548 2610 Ῥωμαῖοι
3591 2539 3732 2608 μετά

2146 2639 2354 2703 τοῦτον,
2383 2637 2620 2710 ἀκρίτως
2649 2637 2742 2688 καὶ
2769 2636 2828 2688 ού
2863 2633 3003 2688 κατά
3035 2635 3125 2688 τὸν
3155 2633 3316 2704 νόμον
3340 2673 3356 2696 ,
3391 2633 3520 2694 τοὺς
3551 2631 3733 2701 ἀρχιε-

2149 2732 2262 2802 ρεῖς
2297 2729 2566 2783 καθίστων
2594 2727 2688 2790 οὒς
2717 2727 2889 2780 ἐδόκει
2917 2727 3127 2790 αὐτοῖς,
3151 2726 3466 2797 δημοτικοῖς
3492 2741 3606 2777 τισι
3633 2723 3732 2776 καὶ.

2147 2823 2377 2893 ἀσήμοις
2402 2820 2625 2892 ἀνδράσι
2652 2819 2750 2891 τὴν
2781 2819 2944 2890 τιμὴν
2977 2819 3320 2890 χαριζόμενοι
3344 2857 3358 2882 ,
3384 2815 3732 2888 ἐπίπρασκόν

2146 2931 2205 2968 τε
2226 2916 2318 2968 καὶ
2340 2913 2674 2986 ἐκαπήλευον
2698 2911 2954 2983 τοῦνομα,
2981 2911 3170 2965 ἄλλοτε
3197 2912 3375 2974 ἄλλοις
3402 2911 3730 2964 ἐνιαυσιαῖον

2147 3007 2207 3060 τὸ
2234 3005 2447 3077 ἀξίωμα
2473 3003 2824 3077 δωρούμενοι.
2843 3003 2931 3055 Διό
2965 3021 3052 3074 μοι
3085 3004 3233 3056 δοκεῖ
3264 3005 3292 3056 ὁ
3324 3003 3727 3077 ἱερὸςὲεὑαγγε-

2147 3099 2333 3169 λιστὴς
2366 3075 2578 3160 Λουκᾶς
2599 3138 2613 3162 ,
2640 3075 2733 3150 τὸν
2773 3096 2960 3167 χρόνον
2985 3095 3078 3148 τοῦ
3115 3075 3590 3167 κηρύγματοςτοῦ
3615 3093 3728 3145 Σω-

2147 3189 2314 3261 τῆρος
2337 3188 2494 3260 ἡμῶν
2527 3187 2880 3260 ὑπογράφων,
2920 3186 3278 3258 σημειοῦσθαι
3315 3185 3474 3239 τοῦτο
3495 3225 3510 3248 ,
3551 3185 3614 3237 δι’
3649 3175 3726 3236 ὧν

471 3273 612 3345 lege,
647 3275 908 3345 quosipsi
945 3251 1291 3346 probassent,
1322 3251 1611 3347 pontiﬁces
1652 3277 1935 3331 declarare
1963 3274 2044 3330 inv

2150 3298 2314 3352 φησιν
2342 3299 2356 3312 ·
2407 3300 2424 3332 ι
2479 3281 2566 3334 Ἐν
2613 3281 2724 3333 ἔτει
2770 3279 3242 3349 πεντεκαιδεκάτῳ
3288 3278 3390 3347 τῆς
3431 3275 3727 3347 ἡγεμονίας

472 3367 791 3432 stituerunt,
817 3369 1044 3438 plebeiis
1073 3369 1402 3440 quibusdam
1432 3369 1569 3424 viris
1602 3375 1767 3440 atque
1793 3367 2045 3440 ignobili-

2149 3373 2400 3445 Τιϐερίου
2441 3371 2736 3443 Καίσαρος,
2769 3369 3192 3444 ἡγεμονεύοντος
3221 3368 3445 3422 Ποντίου
3486 3366 3725 3418 Πιλάτου

471 3461 575 3515 bus
620 3459 766 3514 hunc
799 3460 1064 3516 honorem
1115 3461 1434 3532 largientes,
1473 3459 1640 3531 idque
1681 3461 1920 3515 nominis
1953 3476 2045 3516 ve-

2149 3465 2245 3534 τῆς
2277 3463 2556 3527 Ἰουδαίας,
2582 3462 3022 3535 τετραρχούντων
3043 3461 3100 3514 δὲ
3133 3459 3394 3532 Ἡρώδου,
3421 3459 3516 3512 καὶ
3537 3457 3728 3509 Φιλίπ-

471 3550 592 3606 nale
621 3550 838 3614 habere,
873 3560 928 3607 et
961 3566 1268 3623 cauponum
1293 3565 1442 3604 more
1467 3564 1567 3620 pro
1592 3565 1658 3606 eo
1686 3549 1920 3620 pretium
1954 3565 2049 3604 ac-

473 3643 677 3711 cipere,
711 3643 874 3698 modo
923 3644 1047 3708 hos,
1091 3643 1254 3698 modo
1295 3644 1418 3700 illos
1441 3659 1623 3698 annua
1657 3644 1922 3714 dignitate
1948 3645 2044 3698 do-

471 3741 685 3789 nantes.
725 3735 994 3802 Quocirca
1050 3743 1276 3792 sanctus
1323 3735 1662 3806 evangelista
1683 3733 1880 3800 Lucas,
1915 3734 2044 3789 dum

471 3828 833 3897 praedicanda:
865 3827 1174 3883 Salvatoris
1209 3829 1384 3883 nostri
1405 3827 1676 3882 doctrinm
1705 3835 1920 3898 tempus
1949 3826 2046 3881 de-

471 3920 802 3984 scribit,hoc
833 3920 1012 3990 ipsum
1045 3920 1179 3974 mihi
1207 3927 1404 3974 notare
1419 3918 1652 3984 videtur,
1673 3935 1797 3975 cum
1828 3921 1963 3973 aitzc
1990 3920 2047 3972 lu

475 4027 620 4066 anno
637 4013 827 4082 quinto
851 4012 1297 4083 decimoimperii
1329 4011 1535 4067 Tiberii
1561 4011 1819 4074 Caesaris,
1849 4028 2048 4082 procu-

473 4113 630 4161 rante
641 4101 1646 4164 PontiuPilatoJudaaam,tetrarchiam
1667 4119 1794 4158 vero
1805 4105 2050 4158 obtinen-

475 4195 870 4261 tibusllerode,
897 4204 950 4251 et
979 4194 1309 4266 Philippo,et
1329 4194 1564 4267 Lysania
1589 4195 1692 4251 sub
1709 4197 2048 4265 principibus

475 4286 822 4342 sacerdotum
859 4285 1083 4340 Annaet
1097 4285 1358 4355 Caipha.)
1391 4285 1638 4356 Namque
1659 4289 1704 4318 ⁸⁸
1735 4287 1788 4340 Ιιὶ
1811 4286 1924 4340 duo
1939 4303 2048 4356 quo

474 4375 692 4431 tandem
710 4383 872 4446 pacto
885 4377 1074 4432 eodem
1097 4384 1344 4448 tempore
1359 4379 1594 4434 fuissent
1613 4377 1920 4450 pontiﬁces,
1943 4379 2045 4432 nisi

473 4471 576 4540 legi
591 4485 710 4540 quae
725 4469 794 4524 de
817 4468 1168 4540 pontiﬁcibus
1187 4470 1398 4524 sancita
1425 4471 1622 4536 fuerat,
1643 4471 1724 4526 vis
1743 4470 1891 4524 illata
1916 4471 2050 4526 fuis-

475 4562 596 4618 set?
622 4561 785 4632 399
813 4560 940 4616 Haec
957 4560 1145 4616 eadem
1177 4559 1446 4632 Joscphus
1479 4577 1697 4632 quoque
1723 4562 2045 4625 testiﬁcaris,

475 4655 556 4708 sic
576 4656 764 4710 scribit
792 4674 804 4708 :
835 4673 853 4706 ι
893 4651 1376 4717 ValeriusGratus,
1406 4655 1776 4711 Romanorum
1808 4657 2044 4726 impera-

475 4760 720 4810 tor,cum
747 4745 940 4799 Anano
963 4747 1208 4816 pontiﬁci
1233 4763 1452 4801 sacrum
1470 4764 1670 4804 munus
1697 4749 2042 4818 abrogasset,

477 4838 761 4894 lsmaelum
805 4835 1066 4908 Tupheba
1097 4840 1414 4908 pontiﬁcem
1445 4841 1764 4906 declaravit,
1798 4842 1887 4896 cui
1914 4843 2044 4896 item

475 4931 582 5002 ipsi
640 4945 763 4984 cum
821 4929 965 4984 haud
1019 4931 1188 4985 multo
1240 4940 1363 5002 post
1411 4933 1674 4987 honorem
1736 4933 2046 4998 ademisset,

476 5025 817 5087 Eleazarum,
837 5023 1014 5077 Anani
1031 5025 1308 5094 pontiﬁcis
1331 5026 1522 5090 tilimn,
1547 5026 1856 5096 pontiﬁcem
1875 5036 2044 5081 creat;

479 5117 682 5171 Deinde
735 5131 879 5171 anno
927 5125 1150 5186 peracto
1199 5117 1344 5170 hunc
1389 5133 1608 5188 quoque
1647 5119 1844 5188 rejicit,
1875 5127 1928 5175 et
1959 5117 2046 5173 Si-

475 5207 647 5270 moni,
679 5206 918 5261 Cathimi
949 5205 1080 5270 lilio,
1113 5207 1490 5276 poutiticatum
1519 5207 1686 5261 tradit
1720 5227 1732 5262 :
1769 5209 1894 5262 huic
1915 5223 2051 5278 quo-

471 5317 580 5370 que
611 5315 718 5354 non
775 5301 898 5369 plus
926 5315 1112 5354 annuo
1156 5300 1362 5354 honore
1417 5299 1707 5370 perfuncto
1747 5301 1880 5355 abiit
1911 5309 2050 5356 tem-

473 5407 596 5461 pus,
627 5399 682 5446 et
707 5393 760 5445 in
793 5394 969 5446 locum
991 5393 1113 5460 ejus
1143 5393 1434 5464 Josephus,
1464 5395 1554 5463 qui
1591 5393 1754 5448 etiam
1789 5393 2048 5463 Caiphas,

475 5483 735 5538 suffectus
764 5493 867 5540 est.
909 5505 926 5536 ι
957 5485 1080 5539 llmc
1103 5487 1418 5540 necessario
1449 5485 1604 5555 posui
1633 5497 1852 5556 prepter
1877 5486 2006 5540 illud
2033 5505 2048 5540 :

480 5593 498 5626 ι
543 5573 746 5630 l’eribit
780 5578 988 5640 unctio,
1027 5587 1080 5632 ct.
1105 5579 1376 5648 judicium
1411 5596 1519 5634 non
1545 5587 1628 5634 est
1663 5583 1712 5632 in
1747 5595 1830 5642 ea,
1877 5597 1894 5630 ι
1929 5595 2050 5649 qua:

473 5683 575 5738 ego
603 5667 820 5738 quidem
854 5671 1090 5724 arbitror
1127 5671 1486 5727 indubitatam
1526 5673 2046 5727 demonstrationem

476 5762 696 5817 habere.
735 5759 828 5815 llis
867 5761 1062 5817 deinde
1093 5765 1240 5818 addit
1281 5764 1583 5835 prophetia,
1623 5783 1640 5815 ‹
1679 5763 1742 5818 Ει
1772 5765 2046 5820 civitatem

581 5855 626 5886 “
651 5853 783 5908 Luc.
827 5871 907 5918 Ill,
952 5855 998 5908 1.

2081 4607 2128 4666 D

2147 3572 2271 3618 που,
2291 3556 2385 3608 καὶ
2398 3553 2686 3618 Λυσανίου,
2710 3555 2802 3606 ἐπὶ
2820 3551 3119 3625 ἀρχιερέως
3141 3551 3306 3603 Ἀννα
3327 3549 3420 3603 καὶ
3441 3549 3686 3616 Καῖάφα’
3701 3564 3720 3596 ιι

2147 3647 2237 3700 δὺο
2259 3645 2366 3718 γὰρ
2387 3641 2532 3700 οὗτοι
2559 3644 2700 3698 κατά
2719 3643 2778 3697 τὸ
2791 3643 2920 3697 αὐτὸ
2942 3644 3220 3715 ἀρχιερεῖς
3244 3643 3360 3700 πῶς
3385 3639 3450 3692 ἂν
3479 3639 3728 3708 ιγένοντο

2145 3739 2179 3810 ἡ
2209 3738 2605 3809 καταλυθείσης
2633 3737 2731 3808 τῆς
2757 3735 2881 3806 περὶ
2910 3733 3018 3787 τῶν
3039 3731 3338 3804 ἀρχιερέων
3367 3729 3723 3802 νομοθεσίας;

2147 3830 2367 3894 Τούτοις
2396 3831 2524 3900 γοῦν
2551 3830 2643 3882 καὶ
2688 3825 2948 3898 Ἰώσηπος
2979 3822 3369 3896 ἐπιμαρτυρῶν
3394 3823 3570 3876 ταῦτα
3589 3823 3724 3890 γρά-

2149 3941 2239 3993 φει
2261 3939 2275 3953 ·
2307 3942 2326 3974 ι
2361 3922 2655 3992 Οὐαλέριος
2679 3921 2886 3992 Γράτος
2921 3920 3208 3990 Ῥωμαίων
3234 3918 3558 3990 στρατηγὸς,
3587 3917 3724 3971 παὺο

2151 4033 2250 4079 σας
2284 4013 2642 4085 ἀρχιερᾶσθαι
2689 4014 2940 4077 Ἀνανον,
2982 4011 3264 4082 Ἰσμαῆλον
3295 4009 3558 4082 ἀρχιερέα
3591 4006 3725 4058 ἀπο-

2151 4107 2332 4175 φαίνει
2360 4105 2453 4157 τον
2479 4102 2762 4174 Τουφὴϐα,
2785 4103 2882 4156 καὶ
2921 4101 3110 4156 τοῦτον
3139 4101 3255 4172 μετ’
3291 4101 3352 4154 οὐ
3381 4099 3516 4152 πολὺ
3555 4115 3722 4170 μετα-

2151 4197 2375 4268 στήσας,
2423 4193 2746 4265 Ἐλεάζαρον
2773 4193 2866 4246 τὸν
2897 4191 2992 4245 τοῦ
3047 4191 3266 4244 Ἀνάνου
3298 4187 3392 4243 τοῦ
3425 4190 3724 4260 ἀρχιερέως

2151 4288 2264 4341 υἱὸν
2293 4285 2670 4341 ἀποδείκνυσιν
2698 4284 2978 4356 ἀρχιερέα.
3024 4281 3300 4337 Ἐνιαυτοῦ
3329 4281 3385 4335 δέ
3415 4281 3724 4352 διαγενομέ-

2151 4397 2243 4435 νου
2291 4381 2386 4433 καὶ
2431 4379 2582 4433 τόνδε
2623 4379 2857 4442 παύσας,
2891 4377 3094 4447 Σίμωνι
3119 4375 3196 4446 τῷ
3223 4375 3474 4448 Καθίμου
3501 4376 3601 4446 τὴν
3627 4375 3722 4447 ἀρ-

2152 4475 2488 4549 χιερωσύνην
2537 4471 2920 4544 παραδίδωσιν.
2971 4471 3044 4524 Ού
3110 4465 3270 4523 πλέον
3327 4469 3382 4523 δὲ
3437 4469 3532 4523 καὶ
3593 4466 3721 4536 τῷδε

2153 4565 2400 4620 ἐνιαυτοῦ
2427 4565 2526 4636 τὴν
2547 4564 2712 4634 τιμὴν
2738 4561 2915 4633 ἔχοντι
2945 4561 3214 4630 διεγένετο
3249 4560 3457 4631 χρόνος,
3484 4559 3578 4611 καὶ
3619 4557 3724 4610 Ἰώ-

2155 4674 2345 4729 σηπος,
2379 4657 2407 4708 ὃ
2437 4673 2498 4707 τε
2531 4655 2804 4722 Καϊάφας,
2849 4653 3090 4722 διάδοχος
3134 4648 3202 4723 ἦν
3244 4651 3411 4721 αὐτῷ.
3473 4669 3492 4701 ι
3544 4648 3722 4703 Ταῦτα

2153 4749 2464 4818 ἀναγκαίως
2517 4745 2829 4819 παρεθέμην
2877 4745 2966 4798 διὰ
3005 4746 3087 4808 τὸ,
3123 4765 3144 4796 ι
3193 4743 3724 4815 Ἐξολοθρευθήσεται

2155 4843 2382 4914 χρίσμα,
2419 4841 2512 4894 καὶ
2535 4843 2710 4912 κρῖμα
2731 4839 2830 4892 ούκ
2855 4839 3000 4894 ἐστιν
3030 4842 3085 4894 ἐν
3110 4837 3278 4908 αὐτῷ,
3321 4857 3340 4888 ι
3377 4839 3413 4890 ἃ.
3439 4837 3534 4890 καὶ
3559 4836 3724 4908 ἡγοῦο

2161 4953 2258 5008 μαι
2281 4934 2678 5005 ἀναμφίλεκτον
2703 4932 2800 5004 τὴν
2825 4932 3098 5001 ἀπόδειξιν
3130 4933 3294 5004 ἔχειν.
3338 4931 3492 5001 Ἑξῆς
3517 4930 3726 4993 τούτοις

2157 5029 2322 5102 φησιν
2365 5031 2399 5100 ἡ
2450 5027 2773 5100 προφητεία,
2816 5047 2834 5078 ι
2869 5029 2977 5080 Καὶ
3002 5029 3099 5098 τὴν
3141 5027 3313 5091 πόλιν,
3347 5025 3438 5080 καὶ
3471 5024 3532 5078 τὸ
3573 5023 3724 5094 ἅγιον

2155 5121 2454 5193 διαφθερεῖ,
2493 5121 2588 5174 σὺν
2615 5119 2693 5192 τῷ
2723 5122 3012 5192 ἡγουμένῳ
3051 5119 3129 5191 τῷ
3159 5119 3454 5191 ἐρχομένῳ.
3501 5139 3519 5170 ι
3561 5119 3723 5172 Ἔνθα

2155 5215 2320 5268 πάλιν
2347 5213 2441 5266 τὸν
2482 5211 2726 5284 Ἡρώδην
2771 5213 2953 5275 αὐτὸν,
2977 5213 3070 5266 καὶ
3109 5213 3234 5274 τοὺς
3273 5210 3409 5282 μετὰ
3437 5213 3602 5265 αὑτὸν
3629 5213 3724 5283 ἆρ-

2157 5307 2357 5374 ξαντας
2388 5306 2447 5371 ἐξ
2467 5305 2762 5374 ἀλλοφύλου
2790 5305 2980 5374 γένους
3009 5302 3372 5374 ὑπολαμϐάνω
3402 5301 3718 5373 δηλοῦσθαι’

2159 5401 2235 5462 ὡς
2256 5399 2363 5472 γὰρ
2389 5397 2643 5470 ἀνωτέρω
2667 5396 2912 5467 ὠνόμαζε
2941 5396 3204 5466 Χριστοὺς
3233 5394 3569 5465 ἡγουμένους
3605 5395 3724 5454 τοὺς

2160 5495 2454 5564 ἀρχιερεῖς,
2493 5491 2691 5560 λέγων,
2741 5509 2758 5540 ι
2809 5491 2912 5553 ἓως
2956 5487 3190 5561 Χριστοῦ
3213 5488 3548 5560 ἡγουμένου·
3590 5507 3608 5539 ι
3641 5487 3722 5540 τὸν

2159 5584 2322 5637 αὐτὸν
2352 5583 2552 5652 τρόπον
2595 5579 2731 5650 μετά
2767 5580 3009 5643 ἐκείνους
3053 5579 3142 5632 καὶ
3169 5579 3268 5649 τὴν
3311 5577 3536 5630 ἐκείνων
3567 5575 3722 5629 κατά-

2158 5688 2358 5725 παυσιν
2382 5671 2482 5723 οὐκ
2514 5669 2669 5732 ἀλλος
2699 5669 2998 5741 ἡγούμενος
3027 5668 3316 5742 ἐρχόμενος
3347 5669 3378 5738 ἢ
3413 5669 3441 5720 ὁ
3473 5667 3719 5739 δηλωθεὶς

2157 5765 2216 5830 ἐξ
2241 5763 2536 5834 ἀλλοφύλου
2577 5763 2790 5831 γένους,
2817 5765 2908 5816 καὶ
2931 5765 2977 5818 οἱ
3008 5764 3184 5818 λοιποὶ
3209 5763 3320 5816 ὅσοι
3342 5761 3573 5833 καθεξῆς
3601 5761 3718 5832 μετ’
