3928 6526
951 581 1604 639 DEMONSTRATIONIS
1639 583 2094 640 EVA‘NGELICAE
2131 583 2258 640 LIB.
2285 583 2416 639 Vlll.

3265 584 3368 640 626

155 700 370 760 ἐκείνους
407 697 682 768 ἡγήσαντο
721 695 812 748 τοῦ
846 695 1051 760 ἔθνους,
1079 697 1174 750 σὺν
1210 690 1289 760 οἷς
1317 697 1410 750 καὶ⁸
1451 695 1567 768 μεθ’
1602 689 1674 749 ὧν

1801 705 1855 751 et
1886 704 2136 752 sanctum
2171 694 2448 766 disperdet
2475 710 2600 748 cum
2634 693 2772 748 duce
2795 701 3040 748 venturo.
3082 712 3098 744 ι
3136 692 3238 748 Ubi
3268 711 3366 766 ego

153 790 364 862 ὡσπερεὶ
402 791 683 859 συνεργοῖς
727 786 1028 858 χρώμενος,
1060 790 1089 841 6
1139 787 1424 859 μισόκαλος
1471 787 1564 839 καὶ
1592 785 1697 838 τῶν

154 883 348 953 ἀγαθῶν
385 881 641 952 φθορεὺς,
668 881 762 933 καὶ
785 879 882 951 τὴν
913 879 1066 933 πόλιν
1090 880 1182 933 καὶ
1209 879 1270 932 τὸ
1301 879 1453 948 ἆγιον
1477 877 1695 946 διαφθε-

155 979 251 1049 ρεῖν
289 975 518 1045 είρηται.
567 973 677 1024 Καὶ
717 971 825 1043 γὰρ
861 970 1162 1042 διέφθειρεν
1207 969 1421 1041 ἀληθῶς
1449 969 1592 1023 ἆπαν
1636 968 1698 1021 τὸ

152 1068 299 1129 ἰθνος,
329 1064 447 1116 τοτὲ
494 1063 592 1134 μὲν
615 1062 712 1133 τὴν
734 1063 833 1132 τῆς
864 1061 1161 1135 ἱερωσύνης
1183 1061 1334 1127 τάξιν
1359 1063 1438 1125 είς
1461 1076 1696 1131 παρανοο

154 1162 258 1233 μίαν
295 1159 456 1227 ἀγων,
487 1157 612 1210 τοτέ
636 1157 692 1209 δὲ
726 1156 818 1209 τὸν
860 1155 1037 1209 πάντα
1064 1155 1190 1210 λαὸν
1217 1150 1575 1226 διαστρέφων,
1602 1154 1696 1208 καὶ

150 1256 232 1326 τὴν
252 1255 416 1314 πόλιν,
451 1251 596 1304 οὕτω
627 1250 735 1303 τῶν
777 1249 1010 1304 πολιτῶν
1063 1248 1445 1320 μεταφορικῶς
1483 1247 1696 1318 ὠνομα-

151 1347 352 1418 σμένων,
379 1347 458 1408 είς
485 1343 739 1397 ἀσέϐειαν
774 1341 1418 1413 ἐκκαλούμενος.Συνᾲδει
1449 1339 1505 1392 δὲ
1535 1342 1566 1410 ἡ
1577 1340 1694 1410 μῶν

239 1437 477 1491 ἀποδόσει
520 1436 614 1488 καὶ
655 1436 683 1485 6
729 1434 959 1498 Ἀκύλας
1001 1433 1186 1487 τοῦτον
1231 1432 1573 1504 ἑρμηνεύσας
1601 1433 1692 1484 τὸν

146 1526 334 1597 τρόπον·
375 1543 392 1575 ι
431 1524 541 1578 Καὶ
563 1524 662 1595 τὴν
677 1523 832 1576 πόλιν
871 1524 965 1576 καὶ
988 1523 1047 1576 τὸ
1081 1523 1233 1592 ἀγιον
1265 1522 1544 1592 διαφθερεῖ
1567 1521 1692 1584 λαὸς

143 1617 415 1688 ἡγουμένου
460 1616 780 1688 ἐρχομένου.
825 1635 842 1668 ι
881 1616 954 1668 Ού
986 1615 1145 1686 μόνον
1176 1615 1283 1687 γὰρ
1310 1615 1338 1666 6
1374 1616 1689 1687 ἐρχόμενος,

141 1709 304 1762 όκατά
331 1707 400 1760 τά
425 1707 796 1778 ἀποδεδομένα
835 1709 966 1779 ἡμῖν
1007 1707 1266 1778 δηλωθεὶς
1291 1707 1557 1777 διέφθειρε
1591 1705 1688 1776 τὴν

142 1801 268 1854 πόλιν
306 1801 398 1853 καὶ
423 1800 485 1852 τὸ
518 1799 696 1867 ἅγιον,
723 1799 858 1852 ἀλλὰ
888 1800 981 1853 καὶ
1003 1801 1030 1854 6
1058 1798 1249 1852 τούτου
1279 1800 1424 1863 λαός.
1453 1800 1609 1852 Εἴποι
1641 1799 1688 1852 δ’

138 1893 190 1946 ἄν
223 1909 298 1955 τις
340 1892 440 1945 οὐκ
471 1889 582 1944 ἀπὸ
624 1890 828 1944 σκοποῦ
876 1891 970 1943 καὶ
1006 1891 1096 1944 τὸν
1134 1889 1416 1963 Ῥωμαίων
1445 1890 1686 1962 ἡγεμόνα

135 1985 206 2037 διὰ
231 1984 330 2036 τῶν
359 1983 738 2056 προκειμένων
767 1983 1077 2054 δηλοῦσθαι,
1103 1984 1194 2037 τόν
1222 2001 1281 2036 τε
1309 1982 1499 2038 τούτου
1525 1980 1683 2042 λαζν,

1803 806 1994 844 rursus
2030 797 2083 843 et
2122 790 2297 858 ipsum
2331 785 2599 842 Herodem
2621 825 2636 849 ,
2669 793 2723 841 et
2753 801 2846 840 eos
2899 786 2990 855 qui
3039 793 3160 855 post
3193 785 3366 841 Hero-

1799 881 1922 936 dem
1950 897 2014 937 ex
2045 881 2224 936 alieno
2251 894 2448 950 genere
2473 878 2876 947 imperaverint,
2902 887 3030 948 puto
3054 860 3365 948 intelligen-

1798 974 1898 1029 dos
1961 992 1974 1029 :
2035 988 2160 1027 nam
2217 971 2674 1042 quemadmodum
2737 972 2990 1040 superius
3048 972 3396 1025 nominabat-

1797 1067 2046 1122 Christos
2076 1065 2264 1127 duces,
2300 1079 2422 1119 cum
2456 1063 2511 1117 in
2560 1065 2668 1118 illis
2696 1064 2878 1120 verbis
2907 1063 3191 1133 pontiﬁces
3217 1063 3364 1118 dice-

1797 1165 1928 1222 ret,¢
1951 1172 2123 1228 usque
2138 1157 2205 1211 ad
2227 1156 2504 1211 Christum
2525 1155 2738 1220 ducem,
2767 1176 2784 1209 ι
2807 1159 2878 1212 ita
2899 1165 3020 1226 post
3036 1172 3152 1222 eos,
3171 1165 3222 1212 et
3241 1162 3365 1226 post

1795 1267 1983 1306 eorum
2045 1251 2477 1320 abrogationem,
2526 1266 2632 1304 non
2693 1251 2834 1306 alius
2882 1251 3044 1306 fuerit
3100 1261 3363 1305 venturus

1794 1361 1959 1415 quam
1997 1346 2043 1400 is
2077 1348 2167 1416 qui
2193 1347 2373 1402 dictus
2413 1353 2498 1403 est
2525 1361 2592 1401 ex
2621 1345 2800 1400 alieno
2827 1362 3044 1415 genere,
3074 1347 3363 1416 caeterique

1793 1437 2105 1507 quicunque
2153 1447 2276 1508 post
2321 1439 2444 1492 illos
2497 1437 2754 1506 deinceps
2802 1438 2948 1505 genti
3003 1437 3359 1507 praefuerunt.

1793 1528 1992 1598 quibus
2023 1536 2279 1598 tanquam
2313 1529 2656 1599 adiutoribus
2689 1536 2866 1591 utens,
2896 1542 2999 1582 una
3021 1542 3145 1582 cum
3170 1529 3358 1585 iisdem

1791 1622 1908 1691 ipse
1963 1622 2176 1679 honesti
2228 1623 2482 1677 inimicus
2529 1623 2906 1692 bonorumque
2954 1630 3264 1692 corruptor,
3309 1631 3362 1677 et

1789 1715 2061 1770 civitatem
2109 1723 2163 1770 et
2213 1724 2462 1770 sanctum
2510 1714 2824 1784 perditurus
2881 1712 3100 1768 dicitur.
3148 1713 3357 1767 Etenim

1790 1824 1914 1862 vere
1945 1807 2178 1878 perdidit
2227 1816 2393 1861 totam
2423 1817 2660 1878 gentem,
2694 1805 2856 1859 modo
2898 1805 3119 1874 quidem
3172 1821 3356 1860 sacer-

1787 1899 1922 1954 dotii
1957 1899 2201 1954 ordinem
2237 1908 2435 1970 prmter
2457 1901 2625 1969 legem
2649 1899 3000 1969 perturbans,
3036 1897 3197 1953 modo
3229 1913 3358 1953 vero

1789 2001 2045 2047 cunctum
2075 1993 2331 2063 populum
2355 2001 2690 2062 pervertens.
2710 1999 2765 2045 et
2785 1991 3057 2044 civitatem
3079 1988 3182 2060 (sic
3211 1990 3354 2044 enim

137 2077 192 2130 δι’
224 2071 278 2130 οῦ
305 2077 514 2147 νομίζω
544 2075 906 2146 σημαίνεσθαι
934 2076 1003 2130 τά
1027 2077 1362 2148 στρατόπεδα
1398 2075 1507 2128 τῶν
1552 2074 1675 2126 Ῥω-

1790 2085 1936 2138 cives
1986 2084 2212 2154 ﬁgurate
2253 2083 2626 2152 nominantur)
2653 2095 2889 2137 evocans
2918 2081 2983 2134 ad
3024 2081 3351 2151 impietatem

139 2171 284 2240 μαίων
311 2169 611 2240 ἀρχόντων,
631 2169 690 2233 ἐξ
717 2169 927 2222 ἐκείνου
951 2169 1341 2240 κρατησάντων
1360 2167 1454 2220 τοῦ
1472 2166 1680 2228 ἔθνους,

129 2258 372 2329 οῐκαὶτὴν
388 2257 540 2311 πολιν
571 2256 738 2328 αὐτὴν
757 2259 1130 2332 Ἰερουσαλὴμ,
1161 2261 1254 2313 καὶ
1284 2260 1375 2314 τὸν
1416 2259 1582 2312 πάλαι
1623 2259 1681 2310 ἐν

133 2354 246 2423 αὐτῇ
276 2353 471 2422 σεμνὸν
500 2352 594 2405 καὶ
619 2353 774 2421 ἅγιον
800 2351 936 2406 νεὼν
959 2351 1289 2424 διέφθειραν.
1322 2349 1456 2403 Ὑπὸ
1478 2348 1682 2402 τούτων

131 2445 240 2512 γοῦν
283 2445 376 2497 καὶ
410 2444 751 2514 ἐξεκόπησαν
795 2444 870 2508 ὡς
911 2446 968 2498 ἐν
1009 2441 1400 2512 κατακλυσμῷ,
1439 2440 1534 2494 καὶ
1578 2439 1682 2503 ἕως

129 2537 289 2601 τέλους
317 2537 559 2609 πολέμου
595 2539 1032 2610 συντετμημένου
1057 2538 1382 2606 ἀφανισμοῖς
1414 2534 1676 2605 ἔφθασαν,

127 2630 246 2684 ὥστε
271 2630 390 2702 ἤδη,
421 2630 561 2684 κατὰ
587 2631 686 2702 τὴν
730 2631 1084 2703 προφητείαν,
1123 2630 1358 2700 παντελῆ
1390 2630 1679 2699 ὑπομεῖναι

128 2725 332 2794 ἐρημίαν
373 2723 517 2776 κατά
557 2723 654 2795 τὴν
694 2723 834 2777 κατὰ
864 2723 958 2776 τοῦ
1000 2723 1248 2793 Σωτῆρος
1275 2721 1431 2793 ἡμῶν
1464 2720 1679 2773 ἐπιϐου-

127 2815 210 2884 λὴν
233 2816 424 2877 αὐτῶν,
454 2815 573 2886 μεθ’
611 2816 676 2886 ἣν
711 2815 804 2867 καὶ
839 2815 937 2885 τὴν
977 2814 1209 2884 ἐσχάτην
1246 2813 1542 2884 ὑπέμειναν
1580 2828 1677 2864 πο-

125 2905 360 2976 λιορκίαν.
405 2909 594 2976 Ἔχεις
623 2908 717 2960 καὶ
748 2906 919 2960 ταῦτα
947 2905 1190 2978 ἀκριϐῶς
1221 2907 1276 2957 ἐν
1303 2907 1422 2966 ταῖς
1449 2903 1678 2974 γραφεί-

126 3016 229 3062 σαις
267 2999 414 3070 αὐτῷ
455 3000 703 3070 Ἰωσήπῳ
747 2999 1021 3070 ἱστορίαις.
1055 2996 1270 3051 Τούτων
1301 2996 1357 3050 δὲ
1401 2997 1529 3067 περὶ
1569 2994 1677 3048 τῶν

125 3091 530 3162 συμϐεϐηκότων
581 3090 660 3160 τῷ
723 3090 993 3143 Ἰουδαίων
1041 3089 1183 3142 ἔθνει
1230 3091 1287 3142 ἐν
1339 3088 1416 3158 τῷ
1471 3087 1674 3158 μεταξὺ

123 3183 276 3255 χρύνῳ
305 3182 414 3236 τῶν
445 3181 585 3236 ἐπτὰ
624 3183 719 3235 καὶ
763 3181 1026 3253 ἐξήκοντα
1066 3180 1158 3234 δύο
1193 3180 1500 3251 ἑϐδομάδων
1543 3196 1676 3249 προ-

121 3280 552 3352 πεφητευμένων,
593 3277 904 3340 ἀκολούθως
945 3279 978 3348 ἡ
1032 3276 1261 3348 δήλωσις
1301 3275 1399 3345 τῆς
1447 3274 1551 3328 ὑπὸ
1578 3273 1673 3326 τοῦ

123 3370 349 3441 Σωτῆρος
372 3371 530 3441 ἡμῶν
553 3367 1016 3438 καταγγελθείσης
1052 3365 1244 3436 καινῆς
1273 3365 1548 3437 Διαθήκης
1583 3364 1671 3416 θε-

125 3462 367 3524 σπίζεται.
401 3461 684 3514 Τοσούτων
720 3459 849 3529 γοῦν
874 3459 961 3512 διὰ
991 3459 1154 3529 μέσου
1184 3458 1278 3510 καὶ
1323 3456 1524 3528 μεταξὺ
1564 3455 1672 3508 τῶν

124 3555 242 3608 ἑπτὰ
267 3557 357 3608 καὶ
384 3555 647 3626 ἐξήκοντα
671 3554 764 3606 δύο
797 3553 1105 3624 ἑϐδομάδων
1141 3551 1464 3622 εἰρημένων,
1491 3549 1675 3602 ἐπιλέ-

122 3664 278 3712 γεταιο
314 3668 331 3700 ι
366 3649 477 3700 Καὶ
523 3645 831 3718 δυναμώσει
872 3645 1146 3715 Διαθήκην
1183 3643 1399 3704 πολλοῖς
1441 3640 1674 3712 ἑϐδομὰς

126 3739 224 3807 μία,
246 3742 334 3793 καὶ
364 3743 422 3794 ἐν
443 3739 522 3810 τῷ
545 3740 732 3810 ἡμίσει
755 3739 853 3810 τῆς
876 3736 1165 3808 ἑϐδομάδος
1194 3734 1492 3807 ἀρθήσεται
1513 3733 1672 3787 θυσία

123 3833 200 3883 καὶ
227 3833 438 3899 σπονδὴ,
476 3832 572 3886 καὶ
607 3831 699 3884 ἐπὶ
741 3831 802 3884 τὸ
838 3830 981 3901 ἱερὸν
1013 3829 1284 3899 βδέλυγμα
1315 3827 1425 3880 τῶν
1452 3825 1672 3898 ἐρημώ-

124 3939 238 3976 σεων
263 3926 429 3987 ἔσται,
467 3925 562 3977 καὶ
596 3923 702 3986 ἕως
732 3922 1040 3984 συντελείας
1070 3919 1262 3991 καιροῦ
1300 3918 1575 3973 συντέλεια
1596 3919 1673 3972 δο-

124 4015 318 4083 θήσεται
363 4017 458 4070 ἐπὶ
503 4016 604 4086 τὴν
652 4016 949 4086 ἐρήμωσιν.
995 4034 1012 4067 ι
1060 4014 1192 4068 Τίνα
1232 4013 1288 4067 δὲ
1329 4013 1532 4085 τρόπον
1578 4013 1672 4067 καὶ

121 4107 263 4160 ταῦτα
312 4108 620 4180 ἐπληροῦτο
671 4107 1112 4175 κατανοήσωμεν.
1174 4106 1485 4176 Ἱστορεῖται
1537 4104 1593 4158 δὲ
1643 4105 1672 4156 ὁ

121 4199 208 4260 πᾶς
230 4200 322 4269 τῆς
345 4199 695 4263 δ;δασκαλίας
719 4199 810 4252 καὶ
827 4197 1277 4268 παραδοξοποιίας
1292 4197 1427 4267 ὁμοῦ
1456 4196 1548 4250 τοῦ
1564 4197 1676 4250 Σω-

122 4287 261 4357 τῆρος
286 4292 440 4362 ἡμῶν
469 4291 660 4362 χρόνος
701 4291 868 4362 τριῶν
894 4289 1064 4359 ἥμισυ
1091 4287 1327 4355 γεγονὼς
1353 4287 1510 4350 ἐτῶν,
1533 4289 1670 4360 ὅπερ

123 4380 243 4434 ἐστὶν
312 4384 607 4455 ἑϐδομάδος
663 4383 854 4453 ἥμισυ.
916 4380 1086 4433 Τοῦτὸ
1145 4399 1263 4444 πως
1325 4380 1578 4450 Ἰωάννης
1643 4383 1672 4433 6

121 4473 479 4547 εύαγγελιστὴς
523 4474 766 4546 ἀκριϐῶς
811 4474 1095 4543 ἐφιστᾶσιν
1118 4473 1281 4526 αὐτοῦ
1308 4473 1386 4544 τῷ
1424 4474 1668 4542 Εύαγγε-

122 4562 199 4635 λίῳ
221 4571 573 4640 παραστήσει.
605 4567 704 4636 Εῖη
733 4567 798 4621 ἂν
827 4562 920 4620 οῦν
945 4565 1177 4636 ἑϐδομὰς
1207 4566 1344 4619 ἐτῶν
1382 4565 1476 4636 μία
1506 4568 1534 4618 6
1562 4567 1669 4629 πᾶς

122 4659 277 4725 χρόνος
295 4662 398 4730 τῆς
427 4661 565 4731 μετὰ
601 4660 707 4714 τῶν
733 4659 1044 4713 ἀποστόλων
1069 4659 1233 4711 αὐτοῦ
1267 4659 1662 4730 συνδιατριϐἦς,

1782 2185 1837 2232 et
1865 2175 2054 2242 nefas;
2091 2177 2218 2231 huic
2245 2183 2424 2232 autem
2454 2173 2898 2230 commentationi
2924 2181 3124 2230 nostra:
3158 2173 3352 2242 Aquila

1783 2283 2002 2338 quoque
2049 2268 2368 2331 concordat,
2415 2270 2508 2338 qui
2542 2269 2931 2339 interpretatus
2973 2274 3056 2322 est
3109 2266 3164 2320 in
3207 2265 3353 2319 buue

1783 2359 2040 2414 modum:
2077 2378 2095 2410 ι
2135 2359 2200 2414 Et
2231 2361 2503 2414 civitatem
2530 2368 2582 2415 et
2605 2368 2856 2414 sanctum
2884 2359 3159 2429 disperdet
3180 2373 3351 2428 popu—

1783 2450 1868 2506 lus
1897 2451 2054 2508 ducis
2077 2453 2314 2507 venturi.
2361 2470 2379 2502 ι
2417 2450 2532 2506 Νοη
2578 2452 2752 2506 solum
2793 2452 2937 2504 enim
2967 2450 3057 2520 qui
3089 2459 3350 2504 venturus

1783 2543 1885 2597 fuit
1912 2544 2046 2606 dux,
2080 2559 2238 2613 quem
2281 2558 2382 2599 nos
2421 2542 2704 2613 superiore
2730 2543 3069 2612 expositione
3102 2539 3349 2612 prodidi-

1782 2651 1926 2698 mus,
1949 2636 2194 2705 corrupit
2212 2635 2489 2690 civitatem
2514 2643 2565 2690 et
2593 2644 2865 2700 sanctum,
2890 2635 2983 2689 sed
3007 2634 3170 2689 etiam
3203 2633 3348 2688 illius

1781 2728 2014 2798 populus
2048 2748 2064 2785 :
2102 2737 2361 2798 prieterea
2394 2745 2500 2783 non
2550 2727 2781 2783 forsitan
2827 2728 3095 2798 quispiam
3127 2743 3155 2779 a
3197 2733 3348 2781 recto

1780 2818 2114 2874 aberraverit
2149 2819 2194 2874 si
2225 2818 2465 2883 dixerit,
2491 2821 2653 2873 etiam
2687 2817 2989 2872 Romanum
3022 2817 3214 2871 ducem
3252 2817 3347 2872 iis-

1779 2911 1899 2964 dem
1937 2911 2118 2965 verbis
2152 2912 2447 2981 designari,
2479 2910 2707 2980 ejusque
2736 2911 2894 2966 ducis
2933 2909 3212 2981 populum.
3244 2905 3348 2964 Per

1777 3019 1898 3072 quae
1925 3005 2162 3058 arbitror
2184 3004 2478 3074 signiﬁcari
2507 3004 2784 3058 exercitus
2811 3002 3178 3056 Romanorum
3205 3001 3350 3071 prin-

1778 3097 1979 3166 cipum,
2025 3096 2116 3166 qui
2151 3111 2214 3152 εκ
2266 3096 2360 3151 illo
2412 3103 2656 3165 tempore
2703 3095 2880 3166 gentis
2925 3094 3212 3165 imperium
3262 3102 3345 3148 te-

1774 3206 1966 3250 nuere.
1999 3191 2201 3260 quique
2232 3189 2506 3246 civitatem
2543 3191 2714 3260 ipsam
2761 3187 3085 3249 Jerusalem,
3119 3195 3172 3242 et
3202 3187 3253 3241 in
3284 3202 3347 3242 ea

1775 3280 2050 3352 quondam
2084 3281 2393 3336 venerabile
2426 3288 2480 3334 et
2504 3289 2752 3334 sanctum
2795 3279 3051 3350 templum
3087 3293 3348 3347 corrupe-

1776 3384 1925 3431 runt.
1976 3374 2252 3443 Siquidem
2285 3375 2354 3428 ab
2397 3375 2464 3428 iis
2490 3374 2652 3428 etiam
2699 3374 2867 3428 excisi
2901 3381 3029 3427 sunt
3085 3381 3348 3442 tanquam

1778 3465 1832 3520 in
1868 3465 2094 3529 diluvio,
2127 3473 2180 3520 et
2229 3480 2402 3534 usque
2430 3464 2496 3517 ad
2528 3464 2685 3518 ﬁnem
2719 3463 2842 3518 belli
2880 3463 2933 3516 in
2962 3463 3342 3532 compendium

1775 3556 1882 3610 acti
1919 3556 2206 3610 itineribus
2230 3570 2522 3625 pervenere
2547 3595 2561 3617 ,
2593 3570 2768 3623 usque
2796 3552 2931 3608 adeo
2969 3561 3047 3614 ut.
3084 3554 3346 3625 quemado

1776 3647 1996 3701 modum
2025 3648 2308 3717 prophetia
2332 3646 2567 3706 dixerat,
2591 3653 2890 3699 extremam
2917 3654 3029 3697 tum
3057 3643 3202 3712 passi
3235 3642 3344 3696 sint

1775 3740 2144 3806 solitudinem,
2209 3746 2330 3810 post
2382 3738 2620 3808 ipsorum
2668 3736 2906 3791 nefarias
2952 3735 3115 3808 400
3156 3743 3342 3788 contra

1777 3831 2110 3886 Salvatorem
2177 3839 2423 3886 nostrum
2466 3829 2724 3896 insidias;
2786 3845 2911 3884 nam
2955 3835 3242 3898 postquam
3290 3825 3340 3879 id

1778 3924 1952 3978 moliti
2013 3931 2163 3990 sunt,
2209 3934 2505 3979 extremam
2530 3937 2661 3978 sane
2684 3921 3022 3977 obsidionem
3053 3919 3340 3991 pertulere.

1775 4014 1898 4070 llaec
1927 4030 2145 4086 quoque
2182 4017 2296 4086 ipsa
2325 4016 2655 4072 adamussim
2687 4015 2964 4085 explorata
2997 4013 3162 4068 babes
3191 4012 3246 4066 in
3277 4012 3344 4066 iis

1772 4122 1910 4176 quas
1929 4104 2202 4176 Josepbus
2234 4107 2456 4176 scripsit
2483 4106 2746 4161 historiis.
2777 4106 3042 4160 Ceterum
3075 4118 3198 4157 cum
3231 4102 3344 4156 habe

1771 4197 1839 4253 de
1864 4198 1932 4254 iis
1963 4215 2085 4268 quae
2118 4199 2441 4254 intermedio
2464 4214 2535 4252 vn
2559 4207 2612 4252 et
2642 4213 2751 4252 1.qu
2780 4195 3178 4252 hcbdomadum
3205 4202 3345 4248 tem-

1771 4307 1902 4360 pore
1943 4290 2184 4347 Judaicze
2238 4292 2386 4363 genti
2441 4290 2797 4350 acciderunt,
2857 4305 2953 4359 per
3001 4288 3340 4359 prophetiam

1771 4385 2030 4455 praedicta
2053 4385 2184 4448 sint,
2213 4384 2405 4439 ordine
2427 4384 2685 4454 deinceps
2710 4381 2841 4437 Novi
2875 4397 2970 4452 per
3002 4381 3340 4436 Salvatorem

1772 4485 2020 4529 nostrum
2062 4475 2424 4531 denuntiandi
2457 4473 2791 4530 Testamenti
2828 4473 3156 4544 signiﬁcatio
3184 4472 3340 4528 caui-

1769 4575 1878 4621 tur.
1910 4565 2053 4638 Ergo
2084 4567 2178 4622 ubi
2224 4577 2330 4622 tam
2370 4569 2538 4622 multa
2586 4567 2640 4622 in
2685 4566 2861 4621 medio
2887 4567 3026 4620 inter
3054 4573 3258 4635 septem
3287 4573 3340 4618 et

1769 4659 2051 4730 sexaginta
2083 4661 2222 4716 duas
2258 4660 2626 4716 hebdomadas
2652 4660 2797 4715 dicta
2824 4667 2971 4723 sunt,
3001 4667 3116 4712 tum
3147 4657 3343 4728 adjun-

122 4748 208 4802 ὅτε
232 4755 328 4823 πρὸ
368 4752 465 4806 τοῦ
505 4752 712 4816 πάθους
735 4751 828 4805 καὶ
852 4753 879 4803 6
909 4751 1047 4821 μετὰ
1075 4752 1172 4822 τὴν
1202 4753 1265 4804 ἐκ
1292 4751 1500 4822 νεκρῶν
1535 4752 1662 4804 ἀνά-

1777 4753 1914 4821 gitur
1947 4772 1959 4808 :
1995 4773 2013 4805 ι
2058 4752 2122 4808 Ει
2151 4753 2498 4810 conﬁrmabit
2537 4763 2754 4824 pactum
2788 4753 2975 4810 multis
3004 4752 3339 4807 hebdomada

124 4855 275 4897 στατιν
320 4845 510 4898 αὑτοῦ.
550 4846 664 4917 Πρὸ
693 4846 790 4915 μὲν
815 4845 923 4916 γὰρ
949 4844 1042 4897 τοῦ
1073 4844 1274 4907 πάθους
1299 4845 1392 4896 ἐπὶ
1414 4843 1540 4916 τρία
1571 4847 1664 4900 καὶ

122 4931 258 4999 ἥμισυ
294 4938 392 5007 ἔτη
431 4939 546 5000 τοῖς
586 4940 751 4990 πᾶσιν
791 4938 982 4990 ἑαυτὸν
1021 4936 1276 5008 παρέχων
1311 4937 1576 5008 μαθηταῖς
1603 4957 1663 4992 τε

122 5026 314 5091 καὶτοῖς
346 5028 424 5098 μὴ
450 5028 710 5092 τοιούτοις
733 5030 1164 5100 ἀναγέγραπται⁹
1195 5029 1314 5083 καθ’
1340 5031 1398 5084 δν
1419 5031 1665 5085 διδασκα-

122 5113 232 5180 λίαις
264 5123 588 5193 παραδόξοις
621 5140 679 5176 τε
723 5122 1059 5194 θεραπείαις,
1087 5125 1184 5195 τῆς
1214 5125 1464 5194 θεότητος
1499 5126 1660 5178 αὑτοῦ

120 5207 196 5272 τὰς
220 5214 471 5286 δυνάμεις
500 5219 665 5269 πᾶσιν
702 5217 891 5281 ἁπλῶς
921 5217 1142 5289 Ἕλλησί
1168 5236 1228 5271 τε
1258 5219 1350 5272 καὶ
1390 5219 1662 5282 Ἰουδαίοις

125 5305 406 5376 παρείχετο·
439 5308 580 5378 μετὰ
628 5308 683 5360 δέ
725 5307 824 5379 τὴν
858 5309 922 5362 ἐκ
971 5310 1180 5380 νεκρῶν
1229 5310 1524 5363 ἀνάστασιν
1568 5313 1659 5364 τὸν

125 5389 225 5458 ἶπον,
253 5400 324 5462 ὡς
351 5401 522 5464 είκὸς,
547 5401 656 5453 τῶν
679 5402 818 5455 ἐτῶν
838 5402 1026 5472 χρόνον
1046 5405 1158 5466 τοῖς
1176 5402 1368 5455 ἑαυτοῦ
1393 5403 1658 5474 μαθηταῖς

125 5486 194 5536 καὶ
215 5490 518 5555 ἀποστόλοις
539 5492 728 5562 συνῆν,
747 5493 812 5546 δι’
833 5495 1052 5565 ἡμερῶν
1066 5496 1472 5565 τεσσαράκοντα
1491 5497 1660 5549 ὀπτα-

125 5574 301 5646 ’θέμενος
316 5585 520 5649 αὐτοῖς,
541 5585 636 5637 καὶ
663 5585 1228 5656 συναυλιζόμενος,καὶ
1245 5587 1418 5656 λέγων
1445 5587 1512 5641 τὰ
1531 5589 1658 5658 περὶ

125 5665 199 5734 τῆς
215 5671 476 5740 βασιλείας
494 5675 591 5731 τοῦ
617 5677 774 5741 Θεοῦ,
795 5678 868 5741 ὡς
894 5679 1025 5746 γοῦν
1047 5681 1101 5732 αἱ
1127 5679 1361 5751 Πράξεις
1386 5680 1493 5733 τῶν
1524 5681 1658 5734 ἀπο-

127 5760 282 5817 στῶων
313 5769 652 5838 περιέχουσιν
669 5785 682 5799 ·
711 5769 786 5831 ὡς
812 5763 951 5820 εἶναι
976 5769 1180 5839 ταύτην
1201 5770 1297 5842 τὴν
1321 5771 1658 5842 δηλουμένην

127 5847 198 5917 τῆς
224 5861 548 5931 προφητείας
585 5860 695 5914 τῶν
733 5860 868 5913 ἐτῶν
915 5861 1204 5932 ἑϐδομάδα,
1230 5865 1352 5918 καθ’
1383 5864 1450 5933 ἣν
1482 5863 1657 5924 ἐνεδυ.

126 5941 301 6010 νὲζιωτε
328 5953 602 6027 Διαθήκην
630 5953 860 6016 πολλοῖς,
890 5953 986 6024 τὴν
1015 5955 1205 6024 καινὴν
1234 5955 1429 6026 δηλαδὴ
1459 5955 1656 6026 Ala”-

128 6044 202 6099 λῖν
224 6041 305 6096 τοῦ
343 6043 695 6113 εύαγγελικοῦ
729 6044 1082 6116 κηρύγματος
1112 6046 1409 6116 κρατύνων.
1439 6046 1561 6098 Τίσι
1599 6046 1653 6102 δὲ

1769 4863 1896 4905 una.
1929 4854 1983 4900 et
2013 4846 2068 4901 in
2098 4845 2278 4900 medio
2309 4845 2667 4902 hebdomadis
2697 4844 2976 4901 auferetur
3007 4845 3338 4900 sacriﬁcium

1765 4947 1819 4992 et
1850 4939 2056 5002 lihatio,
2105 4946 2159 4992 et
2188 4937 2242 4992 in
2291 4938 2496 5007 templo
2551 4938 2885 4992 abominatio
2944 4935 3338 4992 desolationum

1764 5029 1888 5092 erit,
1919 5037 1974 5082 et
2013 5044 2186 5092 usque
2239 5027 2306 5082 ad
2353 5029 2877 5084 consummationem
2915 5027 3176 5098 temporis
3207 5041 3341 5081 con-

1763 5119 2055 5174 summatio
2079 5119 2297 5174 dabitur
2329 5118 2382 5174 in
2416 5119 2832 5174 desolationem.
2872 5141 2890 5171 ι
2930 5120 3034 5175 Sed
3077 5119 3190 5188 jam
3226 5119 3340 5171 lia'c

1763 5228 2004 5283 quonam
2059 5221 2217 5282 pacto
2259 5212 2526 5282 completa
2584 5213 2714 5276 sint,
2777 5211 3148 5281 exploremus.
3194 5207 3339 5263 Sane

1763 5303 2036 5374 proditum
2065 5307 2150 5357 est
2181 5303 2458 5357 memoriae
2496 5317 2658 5357 omue
2685 5303 2949 5355 doctrina:
2987 5299 3340 5354 eruditionis-

1761 5413 1868 5467 que
1915 5395 2303 5451 miraculorum
2357 5393 2666 5449 Salvatoris.
2688 5394 2861 5449 nostri
2898 5401 3133 5464 tempus,
3171 5392 3336 5446 trium

1762 5502 2030 5542 annorum
2062 5493 2116 5540 et
2151 5485 2318 5542 semis
2355 5485 2526 5541 fuisse
2553 5504 2565 5539 :
2597 5485 2743 5555 quod
2772 5485 2988 5556 quidem
3009 5495 3091 5540 est
3129 5483 3335 5538 hebdo-

1762 5579 1936 5634 madis
1972 5580 2140 5634 unius
2169 5579 2478 5636 dimidium.
2514 5578 2628 5633 Hoc
2676 5580 2854 5651 ipsum
2897 5579 3133 5650 quodam
3178 5578 3338 5633 modo

1758 5671 1997 5728 Joannes
2043 5673 2373 5744 evangelista
2422 5672 2781 5728 attentissime
2827 5673 2947 5743 ejus
2984 5670 3333 5742 Evangelium

1759 5763 2180 5820 observantibus
2217 5763 2537 5820 declarabit.
2570 5763 2686 5820 Erit
2715 5764 2880 5836 igitur
2911 5764 3210 5820 bebdomas
3239 5778 3336 5817 au-

1759 5874 1954 5921 norum
1991 5873 2099 5912 una
2129 5873 2290 5912 omne
2325 5866 2559 5928 tempus,
2593 5858 2737 5928 quod
2769 5874 2891 5912 cum
2925 5856 3187 5928 apostolis
3217 5861 3335 5911 suis

1760 5961 2010 6008 versatus
2043 5959 2147 6014 est,
2196 5960 2310 6006 tum
2346 5962 2634 6022 antequam
2666 5969 2861 6022 passus
2891 5959 2996 6018 cst,
3029 5960 3141 6006 tum
3184 5957 3336 6020 post-

1757 6062 1921 6117 quam
1964 6045 2032 6102 de
2060 6053 2235 6101 morte
2266 6045 2331 6099 ad
2367 6045 2534 6100 vitam
2567 6045 2814 6113 revenit;
2848 6062 2970 6100 nam
3002 6043 3145 6115 quod
3176 6049 3334 6096 antc-
