3928 6550
539 609 634 664 6‘21

1171 609 1436 676 EUSEBII
1471 611 1949 668 CESARIENSIS
1985 611 2136 668 OPP.
2173 609 2354 665 PARS
2393 609 2454 666 ll.
2485 600 3072 662 —APOLOGETIC.-\.

3677 593 3766 649 σεδ

541 741 703 792 quam
738 725 807 777 sit
838 739 1032 794 passus
1061 740 1157 794 per
1198 731 1309 780 tres
1345 741 1518 782 annos
1546 737 1599 780 et
1634 726 1819 790 semis,
1861 725 2114 779 omnibus

2229 723 2432 786 πολλοῖς
2455 721 2657 792 ταύτην
2683 717 3106 786 ἐνεδυνάμωσεν,
3133 709 3166 781 ἢ
3189 709 3431 780 δηλονότι
3452 707 3564 768 τοῖς
3591 705 3768 758 ἑαυτοῦ

540 827 592 871 et
619 817 901 884 discipulis
935 823 988 870 et
1031 831 1138 870 non
1181 817 1462 887 discipulis
1492 818 1732 889 seipsum
1776 817 2101 880 exhibuerit,

544 905 718 974 palam
766 921 828 958 ex
880 905 946 959 iis
972 893 1115 974 qua:
1156 908 1358 975 scripta
1399 915 1524 962 sunt
1553 905 1620 961 de
1649 910 1788 978 ipso,
1831 909 2104 978 proditmn

527 999 677 1048 'cst:
727 1009 836 1062 quo
867 1001 1112 1064 tempore
1155 1003 1208 1049 et
1259 996 1602 1051 documentis
1647 1003 1701 1048 et
1749 995 2108 1048 admiratione

542 1086 726 1154 dignis
753 1087 1154 1149 curationibus,
1189 1071 1493 1142 divinitatis
1527 1103 1638 1142 Suae
1671 1089 1815 1144 vires
1853 1089 2110 1143 omnibus

544 1179 867 1246 simpliciter
914 1187 1021 1232 tam
1055 1173 1260 1234 Grzecis
1291 1196 1450 1249 quam
1480 1179 1680 1235 Judaeis
1713 1183 1969 1236 ostendit.
2009 1181 2110 1236 Ubi

547 1285 672 1324 vero
706 1285 735 1323 a
767 1256 941 1329 morte
994 1271 1058 1324 ad
1105 1272 1268 1325 vitam
1308 1279 1391 1324 est
1425 1276 1730 1334 restitutus,
1777 1271 1924 1341 quod
1969 1271 2112 1326 idem

545 1361 826 1436 temporis,
853 1363 1212 1432 eumdemque
1241 1377 1508 1440 annorum
1541 1379 1824 1417 numerum
1851 1377 1974 1416 cum
1998 1363 2116 1418 suis

547 1443 797 1507 versatus
835 1454 925 1514 sit,
983 1446 1269 1524 discipulis
1323 1463 1376 1509 et
1434 1455 1717 1524 apostolis.
1749 1454 1952 1510 rationi
1981 1469 2116 1510 sane

547 1549 973 1600 consentaneum
1021 1553 1137 1602 est,
1188 1559 1284 1612 per
1327 1543 1446 1597 dies
1495 1559 1563 1597 τι.
1601 1559 1869 1614 apparens
1903 1545 2022 1608 eis,
2063 1552 2118 1599 et

548 1647 936 1695 consuescens,
967 1641 1020 1686 ct
1047 1633 1115 1690 de
1147 1649 1312 1704 regno
1347 1633 1439 1689 Dei
1477 1635 1702 1704 loquens
1724 1676 1736 1699 ,
1765 1635 2120 1705 quemadmo-

549 1725 679 1778 dum
735 1725 952 1794 quidem
994 1725 1048 1779 in
1103 1727 1472 1794 apostolorum
1507 1727 1660 1781 Actis
1689 1728 2022 1790 continetur,
2059 1735 2120 1780 ut

551 1815 666 1869 hazc
699 1815 770 1869 sit
816 1815 928 1879 illa,
969 1815 1036 1870 de
1069 1829 1175 1884 qua
1225 1816 1508 1886 prophetia
1553 1817 1814 1885 loquitur,
1849 1831 2117 1869 annorum

552 1905 870 1970 bebdomas,
903 1907 956 1960 in
985 1921 1093 1976 qua
1135 1909 1472 1962 conﬁrmavit
1507 1917 1724 1978 pactum
1753 1909 1960 1974 multis,
1995 1923 2120 1961 mu-

551 1997 722 2062 nitius
743 1997 992 2052 videlicet
1017 1998 1248 2054 reddens
1275 2015 1472 2053 novum
1503 2001 1828 2070 evangelica:
1861 1999 2122 2070 praedica-

2167 803 2170 806 ⁴
2209 815 2477 887 μαθηταῖς
2514 813 2608 865 καὶ
2641 809 2981 870 ἀποστόλοις,
3009 807 3103 858 καὶ
3149 807 3260 866 τοῖς
3297 803 3356 868 ἐξ
3395 799 3664 870 ’Ἐϐραίων
3707 799 3770 861 εἰς

2209 908 2369 962 αὐτὸν
2420 904 2838 959 πεπιστευκόσιν
2875 902 3080 964 armat;
3127 896 3274 966 Πλὴν
3325 893 3458 946 ἀλλὰ
3507 893 3608 960 τῆς
3660 891 3772 960 μιᾶς

2206 1000 2407 1070 ταύτης
2434 998 2740 1068 ἑϐδομάδος,
2769 993 2886 1048 καθ’
2908 992 2974 1062 ἣν
2997 989 3364 1058 ἐνεδυνάμωσε
3391 987 3489 1055 τὴν
3511 982 3774 1070 δηλωθεί-¹

2215 1106 2314 1142 σαν
2342 1069 2618 1158 Διαθὴκην
2645 1087 2756 1148 τοῖς
2785 1081 3018 1142 πολλοῖς,
3049 1081 3106 1131 ἐν
3135 1075 3212 1146 τῷ
3241 1075 3428 1145 ἡμίσει
3451 1071 3594 1142 ἤρθη
3621 1069 3768 1122 θυσία

2215 1182 2310 1234 καὶ
2337 1179 2558 1248 σπονδὴ,
2585 1177 2647 1230 τό
2671 1194 2730 1228 τε
2759 1173 3032 1245 βδέλυγμα
3070 1171 3168 1238 τῆς
3195 1164 3528 1238 ἐρημώσεως
3555 1161 3774 1232 ἤρξατο·

2215 1273 2512 1344 ἐπειδήπερ
2557 1267 2897 1341 μεσαζούσης
2937 1264 3036 1333 τῆς
3079 1258 3369 1330 ἑϐδομάδος
3405 1254 3612 1323 ταύτης

2213 1364 2304 1418 τὸν
2331 1342 2502 1435 ἥμισύ
2528 1362 2621 1416 καὶ
2659 1360 2843 1432 τριετῆ
2887 1357 3076 1427 χρόνον
3103 1353 3198 1424 τῆς
3229 1347 3580 1408 διδασκαλίας
3601 1342 3778 1445 aia-:05:

2215 1456 2335 1508 καθ’
2369 1455 2428 1507 ὃν
2472 1453 2660 1523 καιρὸν
2705 1449 2959 1512 πέπονθε,
2993 1447 3054 1500 τὸ
3091 1442 3491 1511 καταπέτασμα
3533 1442 3630 1491 τοῦ
3663 1451 3780 1487 vaca

2217 1547 2426 1618 ὲρῤάγη
2454 1545 2560 1598 ἀπὸ
2581 1543 2785 1598 ἀνωθεν
2809 1541 2914 1603 ἓως
2935 1539 3112 1594 κάτω·
3141 1537 3216 1599 ὡς
3249 1534 3306 1602 ἐξ
3329 1533 3538 1586 ἐκείνου
3571 1527 3781 1596 δυνάμει

2218 1637 2383 1712 ἦρθαι
2415 1638 2474 1705 ἐξ
2507 1638 2684 1690 αὐτῶν
2715 1636 2813 1706 τὴν
2847 1632 3097 1702 σπονδὴν,
3127 1629 3223 1682 καὶ
3249 1627 3345 1698 τὴν
3373 1624 3586 1687 θυσίαν,
3617 1623 3712 1675 καὶ
3735 1623 3782 1674 τὸ

2221 1733 2492 1804 βδέλυγμα
2518 1730 2616 1800 τῆς
2648 1725 2977 1798 ἐρημώσεως
3001 1723 3093 1774 ἐπὶ
3114 1721 3174 1772 τὸ
3211 1718 3351 1790 ἱερὸν
3377 1713 3604 1787 ἦρχθαι,
3631 1729 3782 1765 κατα-

2219 1823 2480 1892 λιπούσης
2531 1819 2726 1880 αὐτοὺς
2778 1817 3016 1887 ἐρήμους
3071 1811 3170 1880 τῆς
3209 1807 3470 1862 ἀνέκαθεν
3503 1806 3584 1866 εἰς
3627 1805 3784 1855 ἐκεῖνο

2221 1913 2412 1984 καιροῦ
2455 1912 2546 1964 τὸν
2574 1910 2738 1963 τόπον
2779 1905 3061 1978 ἐφορώσης
3089 1904 3182 1957 καὶ
3213 1895 3618 1966 ἐπισκοπούσης
3641 1895 3784 1947 δυνάτ

2228 2023 2390 2076 μεως.
2426 2003 2603 2073 Μέχρι
2647 1999 2776 2068 γοῦν
2821 1998 2916 2050 τοῦ
2962 1995 3230 2066 σωτηρίου
3265 1991 3468 2052 πάθους
3513 1985 3652 2040 εἷναί
3681 2004 3786 2040 τινε

552 2090 716 2144 tionis
749 2097 1156 2156 testamentum.
1194 2091 1298 2146 Sed
1349 2092 1550 2162 quibus
1595 2093 1782 2148 multis
1823 2093 1876 2147 id
1925 2092 2126 2148 contir-

2229 2095 2358 2150 Θεοῦ
2390 2095 2616 2164 δύναμιν
2649 2087 3052 2144 ἐπισκοποῦσαν
3093 2086 3153 2138 τὸ
3203 2083 3345 2155 ἱερὸν
3393 2081 3486 2134 καὶ
3509 2080 3574 2132 τὸ
3615 2079 3786 2145 ’.ἅγιον

552 2183 761 2236 mavit?
791 2181 996 2252 Nempe
1031 2185 1148 2240 suis
1194 2185 1478 2254 discipulis
1519 2193 1574 2238 et
1613 2187 1900 2255 apostolis,
1955 2185 2130 2256 iisque

551 2273 806 2330 omnibus
837 2259 1148 2344 quicunque
1182 2291 1246 2328 ex
1269 2273 1511 2330 Hebraeis
1543 2277 1597 2329 in
1627 2276 1785 2332 ﬁdem
1809 2277 1928 2344 ejus
1959 2292 2126 2350 vene-

551 2373 701 2422 runt.
726 2367 992 2422 Caeterum
1025 2368 1078 2422 in
1111 2357 1337 2436 hujusce
1357 2369 1523 2424 unius
1547 2365 1902 2427 hebdomadis
1926 2357 2128 2446 medio,

555 2459 608 2512 in
643 2473 750 2528 qua
805 2459 936 2513 illud
988 2459 1166 2529 ipsum
1213 2460 1282 2514 de
1309 2475 1418 2529 quo
1460 2459 1698 2516 diximus
1741 2457 2130 2518 testamentum

554 2549 742 2602 multis
774 2549 1141 2612 conlirmavit,
1173 2549 1448 2604 sublatum
1475 2559 1560 2605 est
1590 2549 1940 2616 sacriﬁcium,
1967 2552 2124 2624 40],

553 2648 607 2696 et
635 2640 846 2702 lihatio,
881 2640 1329 2710 abominatioque
1359 2642 1718 2698 desoiationis
1749 2645 2002 2698 inchoata
2023 2655 2128 2710 est,

553 2730 994 2801 quandoquidem
1031 2731 1129 2786 hac
1157 2733 1274 2802 ipsa
1304 2733 1639 2788 hebdomade
1666 2737 1776 2804 jam
1804 2737 1868 2790 ad
1894 2738 2130 2792 medium

557 2823 642 2876 sui
672 2823 905 2891 spatium
957 2823 1144 2886 ducta,
1177 2833 1300 2893 post
1327 2825 1490 2877 trium
1521 2839 1788 2880 annorum
1829 2834 2046 2898 tempus
2077 2837 2132 2884 et

557 2913 724 2966 semis
753 2911 1014 2966 doctrina:
1047 2912 1214 2974 illius,
1243 2929 1351 2983 quo
1387 2921 1630 2983 tempore
1667 2931 1864 2985 passus
1897 2928 2002 2982 est,
2035 2931 2129 2971 ve-

559 3003 672 3057 lum
705 3005 890 3074 templi
927 3005 1176 3072 scissumj
1191 3013 1276 3060 est
1313 3019 1342 3058 a
1375 3022 1588 3061 summo
1621 3023 1795 3076 usque
1819 3008 2074 3064 deorsum
2112 3026 2126 3063 :

560 3107 620 3150 ut
649 3111 718 3152 ex
749 3097 842 3152 illo
869 3096 979 3166 jam
1009 3099 1059 3152 vi
1088 3097 1321 3168 quadam
1357 3099 1569 3152 sublata
1603 3097 1767 3153 fuerit
1795 3099 1862 3152 ab
1883 3100 1963 3155 eis
1991 3099 2128 3153 liba-

557 3192 634 3243 tio
662 3196 715 3242 et
741 3189 1067 3244 sacriﬁcium
1093 3197 1145 3244 et
1173 3190 1507 3244 abominatio
1529 3191 1882 3246 dcsolationis
1915 3191 1970 3246 in
1999 3199 2132 3245 tem-

559 3281 648 3350 plo
681 3281 904 3344 sederit,
938 3287 1122 3351 utpote
1156 3295 1280 3334 cum
1324 3295 1420 3336 eos
1478 3282 1656 3336 virtus
1702 3282 1792 3336 illa
1849 3281 2130 3351 reliquerit

557 3371 729 3436 solos,
760 3388 880 3443 quae
919 3374 988 3428 ab
1029 3374 1182 3429 initio
1212 3375 1280 3428 ad
1313 3375 1446 3430 illud
1478 3391 1651 3445 usque
1681 3384 1920 3446 tempus,
1953 3389 2004 3432 et
2035 3385 2126 3433 tu-

2229 2195 2336 2246 τῶν
2369 2193 2537 2260 ἁγίων
2563 2188 2809 2261 ἡγεῖσθαι
2839 2185 3126 2258 προσήκει.
3164 2180 3239 2233 Οὐ
3273 2177 3382 2248 γὰρ
3405 2177 3470 2230 ἂν
3503 2174 3676 2236 ἄλλως
3707 2173 3788 2226 καὶ

2229 2285 2388 2346 αὐτὸς
2422 2283 2537 2352 ἅμα
2565 2285 2678 2344 τοῖς
2719 2279 2931 2340 πολλοῖς
2970 2274 3288 2345 συνήδρευεν
3315 2272 3372 2322 ἐν
3409 2267 3490 2338 τῷ
3517 2263 3670 2337 ἱερῷ,
3703 2263 3788 2325 τὰς

2229 2375 2369 2432 κατά
2394 2375 2589 2444 νόμους
2612 2369 2804 2442 ἑορτὰς
2831 2365 3114 2427 ἐπιτελῶν,
3133 2363 3204 2434 μὴ
3227 2361 3346 2432 οὐχὶ
3365 2359 3447 2412 ἔτι
3471 2354 3786 2444 συνεστῶτα,

2229 2449 2326 2522 καὶ
2362 2443 2496 2518 Θεοῦ
2523 2459 2660 2516 εἶναι
2695 2461 2841 2525 ἄξιον
2873 2459 2963 2512 τὸν
3007 2457 3168 2508 τόπον
3209 2451 3386 2514 εἰδὼς.
3417 2447 3598 2502 ’Ἦσαν
3623 2443 3716 2500 οὖν
3745 2447 3788 2496 ἐν

2228 2561 2306 2630 τῷ
2340 2558 2468 2630 ἱερῷ
2497 2557 2592 2610 καὶ
2625 2549 3056 2626 προφητεύοντες
3080 2563 3222 2608 τινες
3249 2546 3329 2606 εἰς
3361 2543 3536 2600 ἐκεῖνο
3559 2537 3650 2591 τοῦ
3683 2553 3790 2630 xst-

2233 2651 2344 2722 ροῦ,
2390 2649 2577 2720 ὥσπερ
2617 2647 2782 2698 Ἀννα
2814 2645 2847 2713 ἡ
2893 2641 3159 2712 προφῆτις
3203 2639 3236 2708 ἡ
3283 2635 3380 2689 τοῦ
3415 2629 3676 2700 Φανουὴλ,
3709 2626 3790 2682 καὶ

2229 2741 2449 2812 Συμεὼν
2495 2743 2523 2794 6
2551 2740 2644 2793 ἐπὶ
2673 2739 2771 2801 τὰς
2813 2735 3057 2804 ἀγκάλας
3093 2731 3276 2794 αὑτὸν,
3307 2726 3499 2800 βρέφος
3539 2723 3618 2775 ἐτι
3651 2723 3784 2812 ὄντα,

2230 2810 2428 2893 λαθὼν,
2453 2831 2501 2883 οἳ
2537 2831 2628 2882 καὶ
2657 2825 3057 2899 προφητεύουσι
3081 2821 3150 2875 τὰ
3171 2814 3634 2890 ἀναγεγραμμένα
3651 2829 3662 2842 ο
3689 2810 3782 2863 οὐδ’

2231 2925 2295 2978 ἂν
2321 2925 2480 2986 αὐτὸς
2504 2925 2532 2976 6
2553 2917 2756 2991 Κύριος
2777 2918 2931 2990 ἡμῶν
2964 2915 3174 2988 εἰρήκει
3200 2912 3279 2984 τῷ
3310 2909 3512 2982 λεπρῷ·
3533 2907 3788 2971 ι’Υπαγε,

2227 3016 2396 3081 δεῖξον
2429 3015 2648 3070 σεαυτὸν
2678 3013 2755 3084 τῷ
2790 3009 2941 3084 ἱερεῖ,
2973 3012 3068 3063 καὶ
3093 3009 3434 3080 προσήνεγκε
3464 3005 3563 3074 τὴν
3598 3001 3788 3058 θυσίαν,

2229 3111 2294 3182 ἦν
2317 3107 2609 3181 προσέταξε
2642 3107 2846 3176 Μωσῆς
2873 3106 2952 3166 εἰς
2989 3101 3280 3174 μαρτύριον
3313 3099 3515 3160 αὐτοῖς,
3549 3115 3568 3147 ι
3593 3095 3663 3164 μὴ
3689 3091 3792 3161 οὐχὶ

2234 3203 2313 3256 ἔτι
2327 3203 2438 3256 δεῖν
2459 3198 2591 3270 ἠγού
2600 3193 2757 3268 μενος
2777 3196 2846 3248 τὰ
2861 3195 3001 3248 κατά
3011 3194 3204 3264 νόμους
3224 3187 3583 3243 ἐπιτελεῖσθαι
3601 3184 3790 3240 αὐτόθι,

2229 3295 2306 3358 ὼς
2323 3295 2378 3346 ἐν
2407 3292 2548 3361 ἁγίῳ
2572 3290 2666 3344 καὶ
2703 3289 2838 3358 Θεοῦ
2875 3287 3009 3356 ἀξίῳ
3045 3287 3212 3354 τόπῳ·
3239 3283 3342 3336 οὐδ’
3365 3283 3428 3336 ἂν
3449 3283 3581 3342 τοὺς
3607 3277 3790 3346 ἀγορα-

2239 3386 2429 3451 ζοντας
2449 3385 2541 3437 καὶ
2563 3381 2972 3453 πιπράσκοντας
2996 3377 3212 3450 ἐξωθῶν
3229 3375 3396 3443 ἐλεγέ·
3423 3392 3441 3423 ι
3473 3372 3790 3443 Γέγραπται,

559 3465 721 3519 telam
767 3473 822 3520 et
859 3467 1254 3536 providentiam
1307 3469 1428 3536 ejus
1460 3469 1560 3522 loci
1605 3469 1827 3538 gerebat
1860 3489 1874 3526 :
1904 3485 2028 3531 nam
2067 3469 2126 3524 ad

2237 3478 2318 3529 δτι
2351 3479 2380 3529 6
2419 3472 2568 3538 οἶκός
2598 3491 2697 3545 μου
2741 3468 2888 3534 οἶκος
2936 3468 3243 3542 προσευχῆς
3275 3463 3620 3536 κληθήσεται,
3655 3461 3793 3529 ὑμεῖς

559 3555 691 3609 illud
729 3572 900 3626 usque
928 3565 1142 3627 tempus
1178 3575 1286 3628 quo
1317 3561 1406 3614 ille
1435 3577 1533 3630 pro
1579 3562 1756 3617 salute
1785 3571 1973 3617 nostra
2007 3579 2133 3634 pas-

559 3663 654 3704 sus
688 3657 790 3710 est,
823 3649 1060 3704 divinam
1093 3652 1384 3720 quamdam
1409 3655 1518 3706 vim
1559 3652 1730 3709 fuisse
1761 3671 1882 3724 quae
1909 3663 1963 3710 et
1991 3663 2132 3710 tem-

559 3743 710 3811 plum
763 3749 818 3794 et
845 3741 1107 3796 Sanctum
1163 3753 1477 3798 sanctorum
1527 3753 1790 3810 lucretur,
1821 3746 2134 3800 existimare

561 3847 658 3903 par
679 3840 784 3887 est.
815 3834 1028 3904 Alioqui
1055 3835 1183 3904 quid
1216 3837 1525 3904 oportebat,
1549 3838 1698 3891 illum
1723 3852 1828 3891 una
1853 3853 1976 3890 cum
2012 3837 2134 3892 aliis

562 3925 750 3979 multis
784 3927 975 3980 sedere
1008 3926 1062 3979 in
1113 3929 1316 3996 templo
1355 3936 1409 3982 et
1441 3943 1508 3983 ex
1555 3929 1765 3997 legibus
1817 3929 1983 3983 festos
2017 3930 2134 3984 dies

560 4017 870 4078 celebrare,
903 4019 948 4072 si
989 4017 1230 4074 novisset
1269 4035 1376 4074 non
1426 4022 1660 4090 amplius
1701 4023 2004 4077 consistere
2053 4023 2136 4078 lo-

560 4123 684 4164 eum
715 4109 888 4172 illum,
917 4125 1094 4180 neque
1125 4109 1218 4166 Dei
1250 4113 1538 4182 praesentia
1565 4111 1788 4182 dignum
1817 4114 1970 4168 esse?
1991 4111 2128 4168 Fue-

561 4206 690 4253 runt
713 4199 877 4271 igitur
908 4202 974 4256 ad
1001 4202 1132 4256 illud
1161 4217 1331 4272 usque
1361 4205 1621 4273 temporis
1651 4205 1900 4258 nonnulli
1925 4208 1976 4259 in
2004 4213 2135 4259 tem-

560 4289 652 4360 pio
683 4290 1013 4356 divinantes,
1047 4295 1224 4362 qualis
1260 4293 1412 4347 Anna
1455 4295 1772 4364 prophetica
1809 4297 2002 4350 mulier
2025 4295 2134 4350 ﬁlia

560 4379 824 4447 Phanuel,
859 4391 914 4439 ct
957 4383 1174 4440 Simeou
1224 4385 1315 4454 qui
1351 4385 1404 4439 in
1439 4387 1596 4442 ulnas
1630 4388 1807 4458 ipsum
1837 4389 2014 4443 adhuc
2049 4389 2134 4442 in,

562 4474 764 4530 fantem
789 4477 1020 4546 accepit,
1059 4480 1150 4547 qui
1173 4481 1336 4532 etiam
1369 4480 1685 4532 cecinerunt
1717 4493 1779 4534 ea
1809 4495 1930 4549 qua:
1961 4480 2136 4549 PHb“!-

557 4581 638 4620 cac
667 4569 942 4624 memoriae
967 4570 1180 4639 prodita
1211 4579 1362 4634 sunt,
1386 4571 1480 4625 sed
1509 4587 1686 4640 neque
1717 4572 1832 4640 ipse
1875 4571 2134 4626 Dominus

2233 3569 2289 3621 δέ
2333 3569 2494 3621 αὑτὸν
2540 3569 2738 3620 ποιεῖτε
2791 3563 3051 3633 σπήλαιον
3101 3557 3350 3630 λῃστῶν·
3395 3576 3414 3606 ι
3479 3555 3574 3608 καὶ
3619 3549 3792 3614 αὖθις·

2241 3661 2476 3730 (Ἄρατε
2507 3657 2678 3711 ταῦτα
2707 3653 3083 3716 ἐντεῦθεν,κα“ι
3099 3652 3172 3723 μὴ
3197 3651 3398 3702 ποιεῖτε
3429 3646 3522 3700 τὸν
3548 3641 3690 3698 οἷκον
3711 3639 3794 3694 τοῦ

2234 3751 2447 3824 Πατρός
2481 3767 2580 3822 μου
2607 3746 2754 3802 οἷκον
2787 3743 3080 3818 ἐμπορείου
3105 3761 3118 3774 ο
3165 3763 3183 3794 ι
3223 3743 3270 3794 εί
3305 3740 3378 3811 μὴ
3412 3739 3493 3792 ἔτι
3515 3737 3690 3810 τίμιον
3717 3751 3795 3786 σα-

2236 3843 2350 3913 φῶς
2395 3842 2505 3896 δεῖν
2555 3841 2800 3910 ἐνόμιζεν
2848 3834 3248 3907 ὑπολαμϐάνειν
3295 3827 3432 3884 εἶναι
3486 3829 3576 3882 τὸν
3628 3827 3792 3878 τόπον.

2248 3931 2406 3986 Ἀλλά
2445 3932 2552 4004 γὰρ
2588 3929 2992 4001 πλησιαζούσης
3017 3924 3196 3982 αὐτῶν
3225 3922 3324 3991 τῆς
3355 3921 3588 3990 ἐσχάτης
3619 3917 3794 3972 δυσσε-

2235 4026 2405 4088 ϐείας,
2447 4023 2582 4094 μετὰ
2615 4022 2786 4074 ταῦτα
2823 4020 3000 4073 πάντα
3031 4017 3347 4086 ἀπεφήνατο
3381 4009 3577 4064 εἰπών·
3617 4027 3636 4058 ι
3677 4005 3792 4059 ’1δοῦ

2233 4118 2450 4186 ἀφίεται
2499 4116 2626 4185 ὑμῖν
2661 4117 2690 4167 6
2737 4108 2884 4176 οἶκος
2939 4109 3090 4181 ὑμῶν
3141 4108 3380 4179 ἕρημος·
3425 4123 3444 4154 ι
3483 4103 3510 4156 ὃ
3542 4102 3632 4155 καὶ
3675 4097 3796 4196 cini;

2235 4205 2536 4279 ἐπληροῦτο
2563 4207 2670 4268 ὅτε,
2705 4205 2965 4267 παθόντος
2998 4198 3184 4262 αὑτοῦ,
3205 4199 3266 4254 τὸ
3296 4195 3680 4262 καταπέτασμα
3707 4195 3794 4242 του

2235 4299 2362 4352 ναοῦ
2413 4298 2532 4352 ὅλον
2583 4297 2648 4350 δι’
2693 4297 2814 4350 ὅλου
2865 4295 3029 4366 μέσον
3081 4291 3313 4364 ἐρράγη,
3347 4287 3620 4360 καθῄρητό
3655 4301 3708 4338 τε
3739 4282 3796 4346 ἐξ

2237 4391 2444 4444 ἐκείνου
2475 4389 2700 4459 δυνάμει
2730 4391 2762 4460 ἡ
2799 4387 3076 4459 προσηνὴς
3111 4382 3190 4453 τῷ
3233 4381 3351 4452 Θεῷ
3397 4379 3538 4435 κατά
3575 4379 3668 4448 τὴν
3705 4373 3792 4426 τοῦ

2236 4482 2398 4552 νόμου
2432 4480 2674 4544 διάταξιν
2717 4481 2878 4533 θυσία
2913 4480 3004 4531 καὶ
3053 4475 3274 4544 σπονδὴ,
3308 4469 3376 4545 ἧς
3407 4473 3678 4545 ἀρθείσης,
3709 4467 3796 4530 ὶιαῖ

2235 4575 2296 4626 τὸ
2327 4573 2601 4643 βδέλυγμα
2624 4573 2724 4643 τῆς
2749 4570 3099 4642 ἐρημώσεως,
3133 4567 3274 4621 κατά
3301 4567 3398 4638 τὴν
3425 4569 3480 4619 ἐν
3507 4565 3656 4635 χερσὶ
3677 4577 3794 4632 προ·

561 4666 750 4712 noster
769 4658 998 4714 dixisset
1024 4661 1238 4730 lcprosu
1273 4682 1286 4715 :
1325 4680 1343 4712 ι
1374 4661 1498 4726 Abi,
1533 4664 1764 4718 ostende
1787 4671 1840 4718 te
1864 4662 2126 4718 sacerdoti

2239 4663 2484 4734 φητείαν,
2514 4659 2916 4732 ἐπηκολούθησε
2947 4657 3024 4727 τῷ
3051 4658 3220 4728 τόπῳ.
3251 4657 3314 4709 Εἰ
3343 4657 3398 4718 δὲ
3437 4657 3530 4708 καὶ
3562 4653 3648 4706 ἐπί
3683 4665 3790 4714 τινα

559 4753 615 4802 et
663 4739 795 4804 ul‘l‘er
823 4752 1174 4816 sacriﬁcium,
1199 4755 1341 4822 quod
1391 4756 1646 4824 praecepit
1679 4755 1853 4810 Moses
1891 4757 1943 4808 in
1984 4757 2126 4810 testi-

2239 4757 2424 4826 χρόνον
2459 4755 2788 4827 παραμένειν
2813 4749 2957 4815 ἔδοξε
2981 4749 3051 4802 τά
3075 4750 3174 4820 τῆς
3197 4751 3256 4802 ἐν
3283 4748 3362 4818 τῷ
3393 4749 3544 4816 τδπῳ
3575 4747 3794 4811 λειτουροο

2284 4849 2294 4856 .
2428 4847 2528 4856 .ι.-
2603 4846 2614 4856 ι
2677 4845 2687 4856 ι
2949 4843 2974 4852 -ι
3090 4843 3101 4856 ι
3259 4842 3271 4856 ι
3351 4841 3372 4852 η
3411 4841 3449 4856 Λ
3493 4836 3576 4854 *τ’
3669 4833 3772 4856 1,--3

561 4843 802 4898 monium
833 4845 911 4900 eis
939 4844 1007 4909 ³⁷,
1045 4865 1064 4898 ι
1094 4846 1139 4900 si
1165 4847 1258 4899 illo
1289 4848 1342 4900 in
1373 4849 1491 4902 loco
1515 4865 1620 4900 non
1657 4848 1798 4902 ultra
1825 4847 2135 4902 existimas-

559 4942 787 5002 setqutn
829 4935 900 4990 ad
963 4939 1100 4992 ritus
1151 4939 1405 5008 legesque
1453 4938 1722 5006 pertinent
1777 4945 2032 5004 tanquam
2079 4937 2135 4992 in

559 5035 754 5082 sancto
794 5036 846 5083 et
893 5027 984 5082 Dei
1021 5033 1308 5099 prmsentia
1351 5031 1514 5101 digno
1537 5015 1656 5082 loco
1683 5029 1945 5083 celebrari
1972 5043 2136 5096 opor-

556 5126 692 5180 tere,
727 5137 902 5190 neque
952 5124 1250 5190 renuentes
1283 5131 1338 5178 ct
1379 5130 1623 5177 ementes
1655 5122 1881 5189 ejiciens
1907 5121 2134 5176 dixisset

557 5213 722 5266 verba
752 5213 838 5265 illa
877 5232 889 5266 :
921 5232 940 5264 ‹
979 5213 1252 5283 Scriptum
1277 5221 1380 5274 est,
1406 5213 1600 5268 domus
1623 5229 1742 5268 mea
1769 5213 1965 5269 domus
2007 5229 2132 5267 ora-

557 5303 726 5356 tionis
755 5306 1064 5371 vocabitur,
1101 5321 1199 5361 vos
1234 5315 1414 5360 autem
1445 5321 1562 5360 eam
1601 5305 1782 5360 facitis
1814 5307 2128 5376 speluncam

557 5393 834 5449 latronum
865 5397 933 5452 ⁸⁸.
975 5418 993 5449 ι
1029 5397 1092 5451 Et
1141 5415 1374 5453 rursus:
1431 5417 1450 5449 ι
1491 5397 1712 5453 Auferte
1759 5399 1863 5453 ista
1895 5399 2042 5458 hinc,
2077 5405 2130 5451 et

557 5486 728 5539 nolite
759 5485 938 5541 facere
967 5487 1190 5554 domum
1219 5487 1405 5542 Patris
1428 5488 1534 5541 mei
1556 5487 1776 5540 domum
1813 5486 2134 5555 negotiatio-

559 5579 647 5631 nis
667 5577 734 5642 ⁸³,
765 5597 784 5629 ι
822 5581 938 5632 nisi
984 5580 1164 5646 adhuc
1205 5581 1365 5654 plane
1419 5582 1724 5635 censuisset
1770 5578 2130 5632 venerabilem

557 5683 682 5724 esse
722 5670 901 5722 locum
929 5679 1124 5738 putare
1161 5683 1434 5740 oportere.
1487 5673 1558 5725 At
1605 5671 1748 5726 enim
1783 5671 1876 5724 ubi
1917 5669 2130 5723 illorum

561 5771 861 5813 extremum
899 5763 1083 5818 scelus
1114 5765 1587 5832 appmpinquavit,
1629 5771 1742 5815 tum
1775 5764 1960 5816 omnia
1991 5761 2126 5816 indi-

559 5852 705 5906 cavit
743 5851 932 5908 diccns
971 5872 984 5908 :
1029 5873 1048 5904 ¢
1089 5855 1227 5909 Ecce
1259 5854 1589 5923 relinquitur
1622 5851 1780 5906 vobis
1809 5851 2006 5908 domus
2041 5869 2131 5908 vc-

627 6031 676 6066 "
709 6031 900 6086 Matth.
937 6051 1065 6100 vut,
1101 6035 1152 6089 4.
1230 6037 1274 6068 δ’
1311 6037 1500 6092 Matth.
1539 6051 1666 6102 ut,
1709 6035 1792 6092 15.

2239 4849 2382 4916 γίας,
2417 4847 2528 4900 ἀλλ’
2563 4845 2746 4898 οὐκέτι
2779 4861 2840 4913 γε
2876 4843 3047 4896 ταῦτα
3079 4842 3286 4914 ἀρεστά
3308 4841 3386 4910 τῷ
3409 4840 3528 4909 Θεῷ
3549 4836 3635 4908 ἦν,
3661 4833 3794 4904 ἀκρί-

2239 4955 2346 5000 τως
2399 4939 2493 4992 καὶ
2537 4936 2596 4988 ού
2645 4934 2782 4988 κατὰ
2809 4935 2969 5004 νόμον
3015 4931 3426 5002 ἐπιτελούμενα.
3465 4931 3668 4998 Ὠσπερ
3691 4923 3790 4992 γὰρ

2241 5029 2514 5099 πρόπαλαι
2559 5025 3024 5099 ἐξολοθρευθέντος
3069 5023 3164 5076 τοῦ
3215 5024 3534 5094 χρίσματος,
3581 5021 3667 5096 καὶ
3695 5015 3792 5067 τῶν

2241 5119 2379 5173 κατά
2409 5097 2668 5188 διαδοχὴν
2683 5116 2804 5186 νομί
2813 5134 2928 5187 μων
2955 5114 3257 5186 ἀρχιερέων
3299 5113 3673 5182 πεπαυμένων,
3695 5105 3794 5158 ἀπδ

2243 5213 2342 5281 τῆς
2397 5210 2660 5282 Ὑρκανοῦ
2704 5208 2977 5278 τελευτῆς,
3025 5209 3073 5260 οἱ
3125 5205 3262 5276 μετά
3310 5205 3482 5258 ταῦτα
3529 5202 3792 5274 παριόντες

2237 5303 2488 5366 ἁτᾴκτως
2532 5303 2626 5360 καὶ
2669 5300 3016 5371 παρανόμως,
3055 5299 3272 5350 ἐδόκουν
3312 5297 3410 5366 μέν
3441 5313 3495 5348 τι
3525 5297 3698 5352 ποιεῖν,
3727 5289 3790 5354 0'3

2242 5396 2347 5466 μὴν
2377 5393 2517 5448 κατὰ
2548 5395 2674 5456 τοὺς
2703 5393 3009 5463 πρέποντας
3043 5389 3308 5462 ἔπραττον
3342 5388 3592 5458 θεσμοὺς,
3621 5385 3678 5436 δι’
3703 5379 3790 5440 0'3;

2239 5489 2332 5542 καὶ
2389 5488 2623 5556 ἔφασκεν
2684 5487 2715 5556 ἡ
2783 5483 3120 5555 προφητεία·
3180 5502 3198 5532 ι
3281 5479 3790 5551 Ἐξολοθρευθὴσετ-ιι

2239 5581 2466 5652 χρίσμα,
2491 5579 2582 5632 καὶ
2609 5581 2782 5650 κρῖμα
2827 5578 2926 5629 οὐκ
2967 5575 3114 5628 ἔστιν
3158 5578 3212 5628 ἐν
3245 5573 3416 5642 αύτῷ,
3455 5593 3472 5624 ι
3499 5573 3556 5624 τὸ
3587 5569 3788 5636 ἄκριτον

2239 5673 2332 5726 καί
2353 5670 2666 5740 παράνομον
2703 5667 2880 5722 αὐτῶν
2907 5666 3260 5720 διαϐάλλουσα
3283 5683 3296 5694 ·
3335 5663 3474 5716 οὓτω
3507 5661 3566 5733 δὴ
3597 5659 3678 5712 καὶ
3699 5653 3788 5708 ἐπὶ

2237 5765 2335 5833 τῆς
2369 5762 2558 5824 θυσίας
2591 5761 2685 5816 καὶ
2733 5759 2832 5828 τῆς
2868 5758 3099 5829 σπονδῆς
3151 5755 3545 5828 συμϐεϐηκέναι
3593 5753 3784 5820 φήσειςν

2238 5853 2412 5925 ὀρθῶς
2449 5853 2546 5924 μὲν
2581 5855 2674 5912 καὶ
2721 5851 2862 5907 κατά
2888 5851 3046 5922 νόμον
3067 5849 3172 5922 πρὸ
3203 5849 3296 5902 τοῦ
3331 5848 3530 5910 πάθους
3565 5841 3648 5898 τοῦ
3674 5839 3776 5893 Σω-

1871 6037 1916 6069 ⁸⁹
1949 6035 2106 6094 Joan.
2141 6049 2216 6101 tt,
2251 6037 2337 6092 16.
