  <div class='ocr_page' id='page_1' title='image "/cluster/home/n/w/nwhite01/storage/ocr_20150623/22/hvd.32044020605168/344.png"; bbox 0 0 3928 6572; ppageno 0'>
   <div class='ocr_carea' id='block_1_1' title="bbox 210 423 325 477">
    <p class='ocr_par' dir='ltr' id='par_1_1' title="bbox 210 423 325 477">
     <span class='ocr_line' id='line_1_1' title="bbox 210 423 325 477; baseline -0.009 0"><span class='ocrx_word' id='word_1_1' title='bbox 210 423 325 477; x_wconf 69' lang='grc' dir='ltr'>σεε)</span> 
     </span>
    </p>
   </div>
   <div class='ocr_carea' id='block_1_2' title="bbox 1134 424 2641 485">
    <p class='ocr_par' dir='ltr' id='par_1_2' title="bbox 1134 424 2641 485">
     <span class='ocr_line' id='line_1_2' title="bbox 1134 424 2641 485; baseline 0.003 -6"><span class='ocrx_word' id='word_1_2' title='bbox 1134 424 1786 485; x_wconf 82' lang='lat' dir='ltr'><strong>DEMONSTRATlONlS</strong></span> <span class='ocrx_word' id='word_1_3' title='bbox 1826 425 2285 483; x_wconf 60' lang='lat' dir='ltr'><strong>EVANGELICE</strong></span> <span class='ocrx_word' id='word_1_4' title='bbox 2336 426 2446 480; x_wconf 85' lang='lat' dir='ltr'><strong>LIB</strong></span> <span class='ocrx_word' id='word_1_5' title='bbox 2509 425 2641 484; x_wconf 81' lang='lat' dir='ltr'><strong>Vlll.</strong></span> 
     </span>
    </p>
   </div>
   <div class='ocr_carea' id='block_1_3' title="bbox 3369 425 3474 474">
    <p class='ocr_par' dir='ltr' id='par_1_3' title="bbox 3369 425 3474 474">
     <span class='ocr_line' id='line_1_3' title="bbox 3369 425 3474 474; baseline 0 0"><span class='ocrx_word' id='word_1_6' title='bbox 3369 425 3474 474; x_wconf 73' lang='grc'><strong>650</strong></span> 
     </span>
    </p>
   </div>
   <div class='ocr_carea' id='block_1_4' title="bbox 209 538 1817 616">
    <p class='ocr_par' dir='ltr' id='par_1_4' title="bbox 209 538 1806 616">
     <span class='ocr_line' id='line_1_4' title="bbox 209 538 1806 616; baseline 0.009 -27"><span class='ocrx_word' id='word_1_7' title='bbox 209 545 395 608; x_wconf 74' lang='grc' dir='ltr'>τῆρος</span> <span class='ocrx_word' id='word_1_8' title='bbox 436 538 592 610; x_wconf 80' lang='grc' dir='ltr'>ἡμῶν</span> <span class='ocrx_word' id='word_1_9' title='bbox 629 539 1073 612; x_wconf 73' lang='grc' dir='ltr'><strong>ἐπιτελουμένης,</strong></span> <span class='ocrx_word' id='word_1_10' title='bbox 1113 544 1200 597; x_wconf 83' lang='grc' dir='ltr'>διὰ</span> <span class='ocrx_word' id='word_1_11' title='bbox 1231 547 1328 616; x_wconf 82' lang='grc' dir='ltr'><strong>τὴν</strong></span> <span class='ocrx_word' id='word_1_12' title='bbox 1370 548 1536 601; x_wconf 81' lang='grc' dir='ltr'><strong>εἰσέτι</strong></span> <span class='ocrx_word' id='word_1_13' title='bbox 1575 550 1695 602; x_wconf 89' lang='grc' dir='ltr'>τότε</span> <span class='ocrx_word' id='word_1_14' title='bbox 1738 549 1806 602; x_wconf 79' lang='grc' dir='ltr'>τὰ</span> 
     </span>
    </p>
   </div>
   <div class='ocr_carea' id='block_1_5' title="bbox 1907 538 3472 616">
    <p class='ocr_par' dir='ltr' id='par_1_5' title="bbox 1909 542 3472 616">
     <span class='ocr_line' id='line_1_5' title="bbox 1909 542 3472 616; baseline -0.007 -11"><span class='ocrx_word' id='word_1_15' title='bbox 1909 557 2021 605; x_wconf 85' lang='lat' dir='ltr'><strong>stra</strong></span> <span class='ocrx_word' id='word_1_16' title='bbox 2064 549 2279 604; x_wconf 86' lang='lat' dir='ltr'><strong>deserta</strong></span> <span class='ocrx_word' id='word_1_17' title='bbox 2317 549 2387 614; x_wconf 77' lang='grc' dir='ltr'><strong>⁸ο,</strong></span> <span class='ocrx_word' id='word_1_18' title='bbox 2424 568 2442 599; x_wconf 74' lang='grc' dir='ltr'><strong>ι</strong></span> <span class='ocrx_word' id='word_1_19' title='bbox 2485 545 2629 616; x_wconf 87' lang='lat' dir='ltr'><strong>quod</strong></span> <span class='ocrx_word' id='word_1_20' title='bbox 2665 544 2883 615; x_wconf 79' lang='lat' dir='ltr'><strong>quidem</strong></span> <span class='ocrx_word' id='word_1_21' title='bbox 2933 545 3110 616; x_wconf 79' lang='lat' dir='ltr'><strong>ipsum</strong></span> <span class='ocrx_word' id='word_1_22' title='bbox 3145 542 3472 612; x_wconf 80' lang='lat' dir='ltr'><strong>completum</strong></span> 
     </span>
    </p>
   </div>
   <div class='ocr_carea' id='block_1_6' title="bbox 207 630 1804 711">
    <p class='ocr_par' dir='ltr' id='par_1_6' title="bbox 207 630 1804 711">
     <span class='ocr_line' id='line_1_6' title="bbox 207 630 1804 711; baseline 0.008 -30"><span class='ocrx_word' id='word_1_23' title='bbox 207 630 330 682; x_wconf 77' lang='grc' dir='ltr'><strong>τῶν</strong></span> <span class='ocrx_word' id='word_1_24' title='bbox 365 631 532 698; x_wconf 78' lang='grc' dir='ltr'>ἁγίων</span> <span class='ocrx_word' id='word_1_25' title='bbox 560 631 742 685; x_wconf 85' lang='grc' dir='ltr'>τόπων</span> <span class='ocrx_word' id='word_1_26' title='bbox 769 633 1052 704; x_wconf 75' lang='grc' dir='ltr'>ἐφορῶσαν</span> <span class='ocrx_word' id='word_1_27' title='bbox 1077 635 1326 706; x_wconf 90' lang='grc' dir='ltr'>δύναμιν,</span> <span class='ocrx_word' id='word_1_28' title='bbox 1363 639 1804 711; x_wconf 86' lang='grc' dir='ltr'>περιαιρεθείσης</span> 
     </span>
    </p>
   </div>
   <div class='ocr_carea' id='block_1_7' title="bbox 208 721 1805 802">
    <p class='ocr_par' dir='ltr' id='par_1_7' title="bbox 208 721 1805 802">
     <span class='ocr_line' id='line_1_7' title="bbox 208 721 1805 802; baseline 0.007 -30"><span class='ocrx_word' id='word_1_29' title='bbox 208 721 266 773; x_wconf 72' lang='grc' dir='ltr'>δὲ</span> <span class='ocrx_word' id='word_1_30' title='bbox 299 722 503 774; x_wconf 82' lang='grc' dir='ltr'>αὐτίκα</span> <span class='ocrx_word' id='word_1_31' title='bbox 542 722 683 792; x_wconf 79' lang='grc' dir='ltr'>μετὰ</span> <span class='ocrx_word' id='word_1_32' title='bbox 712 724 811 794; x_wconf 83' lang='grc' dir='ltr'>τὴν</span> <span class='ocrx_word' id='word_1_33' title='bbox 838 724 1000 777; x_wconf 84' lang='grc' dir='ltr'>αὐτοῦ</span> <span class='ocrx_word' id='word_1_34' title='bbox 1034 727 1243 781; x_wconf 89' lang='grc' dir='ltr'>τελείαν</span> <span class='ocrx_word' id='word_1_35' title='bbox 1276 728 1369 782; x_wconf 75' lang='grc' dir='ltr'>καὶ</span> <span class='ocrx_word' id='word_1_36' title='bbox 1404 729 1678 802; x_wconf 81' lang='grc' dir='ltr'>θεοπρεπῆ</span> <span class='ocrx_word' id='word_1_37' title='bbox 1710 731 1805 783; x_wconf 88' lang='grc' dir='ltr'>θυ-</span> 
     </span>
    </p>
   </div>
   <div class='ocr_carea' id='block_1_8' title="bbox 209 811 1806 892">
    <p class='ocr_par' dir='ltr' id='par_1_8' title="bbox 209 811 1806 892">
     <span class='ocr_line' id='line_1_8' title="bbox 209 811 1806 892; baseline 0.006 -28"><span class='ocrx_word' id='word_1_38' title='bbox 209 811 366 873; x_wconf 82' lang='grc' dir='ltr'>σίαν,</span> <span class='ocrx_word' id='word_1_39' title='bbox 400 815 466 882; x_wconf 78' lang='grc' dir='ltr'><strong>ἣν</strong></span> <span class='ocrx_word' id='word_1_40' title='bbox 500 815 873 885; x_wconf 76' lang='grc' dir='ltr'><strong>προσήνεγκεν</strong></span> <span class='ocrx_word' id='word_1_41' title='bbox 915 816 1077 878; x_wconf 70' lang='grc' dir='ltr'>αὐτὸς</span> <span class='ocrx_word' id='word_1_42' title='bbox 1102 819 1292 872; x_wconf 74' lang='grc' dir='ltr'>ἑαυτὸν</span> <span class='ocrx_word' id='word_1_43' title='bbox 1325 820 1466 891; x_wconf 81' lang='grc' dir='ltr'>ὑπὲρ</span> <span class='ocrx_word' id='word_1_44' title='bbox 1497 820 1806 892; x_wconf 64' lang='grc' dir='ltr'>τῶνὰμαρφ</span> 
     </span>
    </p>
   </div>
   <div class='ocr_carea' id='block_1_9' title="bbox 209 905 1805 985">
    <p class='ocr_par' dir='ltr' id='par_1_9' title="bbox 209 905 1805 985">
     <span class='ocr_line' id='line_1_9' title="bbox 209 905 1805 985; baseline 0.006 -28"><span class='ocrx_word' id='word_1_45' title='bbox 209 905 352 958; x_wconf 78' lang='grc' dir='ltr'>τιῶν</span> <span class='ocrx_word' id='word_1_46' title='bbox 379 906 553 977; x_wconf 81' lang='grc' dir='ltr'>ἡμῶν,</span> <span class='ocrx_word' id='word_1_47' title='bbox 585 908 746 972; x_wconf 71' lang='grc' dir='ltr'>αὐτὸς</span> <span class='ocrx_word' id='word_1_48' title='bbox 779 909 854 962; x_wconf 83' lang='grc' dir='ltr'><strong>ὢν</strong></span> <span class='ocrx_word' id='word_1_49' title='bbox 896 912 924 963; x_wconf 99' lang='lat'><strong>6</strong></span> <span class='ocrx_word' id='word_1_50' title='bbox 956 911 1127 982; x_wconf 70' lang='grc' dir='ltr'>ἀμνὸς</span> <span class='ocrx_word' id='word_1_51' title='bbox 1157 911 1250 964; x_wconf 89' lang='grc' dir='ltr'><strong>τοῦ</strong></span> <span class='ocrx_word' id='word_1_52' title='bbox 1283 911 1440 975; x_wconf 85' lang='grc' dir='ltr'>Θεοῦ,</span> <span class='ocrx_word' id='word_1_53' title='bbox 1463 915 1491 965; x_wconf 89' lang='lat'><strong>6</strong></span> <span class='ocrx_word' id='word_1_54' title='bbox 1516 914 1684 984; x_wconf 72' lang='grc' dir='ltr'>αἴρων</span> <span class='ocrx_word' id='word_1_55' title='bbox 1707 915 1805 985; x_wconf 75' lang='grc' dir='ltr'>τὴν</span> 
     </span>
    </p>
   </div>
   <div class='ocr_carea' id='block_1_10' title="bbox 210 995 1808 1076">
    <p class='ocr_par' dir='ltr' id='par_1_10' title="bbox 210 995 1808 1076">
     <span class='ocr_line' id='line_1_10' title="bbox 210 995 1808 1076; baseline 0.004 -25"><span class='ocrx_word' id='word_1_56' title='bbox 210 998 493 1067; x_wconf 77' lang='grc' dir='ltr'><strong>ἁμαρτίαν</strong></span> <span class='ocrx_word' id='word_1_57' title='bbox 505 997 600 1051; x_wconf 90' lang='grc' dir='ltr'><strong>τοῦ</strong></span> <span class='ocrx_word' id='word_1_58' title='bbox 620 1000 847 1070; x_wconf 87' lang='grc' dir='ltr'>κόσμου,</span> <span class='ocrx_word' id='word_1_59' title='bbox 877 995 944 1073; x_wconf 84' lang='grc' dir='ltr'>ἦς</span> <span class='ocrx_word' id='word_1_60' title='bbox 961 1002 1149 1066; x_wconf 81' lang='grc' dir='ltr'><strong>θυσίας</strong></span> <span class='ocrx_word' id='word_1_61' title='bbox 1165 1005 1330 1056; x_wconf 78' lang='grc' dir='ltr'>πᾶσιν</span> <span class='ocrx_word' id='word_1_62' title='bbox 1346 1003 1650 1076; x_wconf 87' lang='grc' dir='ltr'>ἀνθρώποις</span> <span class='ocrx_word' id='word_1_63' title='bbox 1667 1005 1808 1058; x_wconf 84' lang='grc' dir='ltr'>κατὰ</span> 
     </span>
    </p>
   </div>
   <div class='ocr_carea' id='block_1_11' title="bbox 208 1088 1810 1167">
    <p class='ocr_par' dir='ltr' id='par_1_11' title="bbox 208 1088 1810 1167">
     <span class='ocr_line' id='line_1_11' title="bbox 208 1088 1810 1167; baseline 0.005 -26"><span class='ocrx_word' id='word_1_64' title='bbox 208 1088 282 1142; x_wconf 79' lang='grc' dir='ltr'>τὰ</span> <span class='ocrx_word' id='word_1_65' title='bbox 314 1091 484 1143; x_wconf 77' lang='grc' dir='ltr'>καινὰ</span> <span class='ocrx_word' id='word_1_66' title='bbox 516 1093 790 1162; x_wconf 74' lang='grc' dir='ltr'><strong>μυστήρια</strong></span> <span class='ocrx_word' id='word_1_67' title='bbox 816 1096 916 1165; x_wconf 85' lang='grc' dir='ltr'><strong>τῆς</strong></span> <span class='ocrx_word' id='word_1_68' title='bbox 943 1097 1134 1165; x_wconf 84' lang='grc' dir='ltr'>καινῆς</span> <span class='ocrx_word' id='word_1_69' title='bbox 1179 1095 1452 1167; x_wconf 81' lang='grc' dir='ltr'>Διαθήκης</span> <span class='ocrx_word' id='word_1_70' title='bbox 1495 1095 1810 1166; x_wconf 87' lang='grc' dir='ltr'>παραδοθεί-</span> 
     </span>
    </p>
   </div>
   <div class='ocr_carea' id='block_1_12' title="bbox 214 1183 1801 1259">
    <p class='ocr_par' dir='ltr' id='par_1_12' title="bbox 214 1183 1801 1259">
     <span class='ocr_line' id='line_1_12' title="bbox 214 1183 1801 1259; baseline 0.003 -24"><span class='ocrx_word' id='word_1_71' title='bbox 214 1198 340 1252; x_wconf 85' lang='grc' dir='ltr'>σης,</span> <span class='ocrx_word' id='word_1_72' title='bbox 364 1183 436 1236; x_wconf 75' lang='grc' dir='ltr'>τὰ</span> <span class='ocrx_word' id='word_1_73' title='bbox 465 1186 564 1254; x_wconf 82' lang='grc' dir='ltr'><strong>τῆς</strong></span> <span class='ocrx_word' id='word_1_74' title='bbox 598 1183 834 1248; x_wconf 83' lang='grc' dir='ltr'>παλαιᾶς</span> <span class='ocrx_word' id='word_1_75' title='bbox 868 1185 1186 1256; x_wconf 80' lang='grc' dir='ltr'>περιῄρητο.</span> <span class='ocrx_word' id='word_1_76' title='bbox 1227 1187 1392 1257; x_wconf 85' lang='grc' dir='ltr'>Ὁμοῦ</span> <span class='ocrx_word' id='word_1_77' title='bbox 1432 1186 1540 1258; x_wconf 81' lang='grc' dir='ltr'>γὰρ</span> <span class='ocrx_word' id='word_1_78' title='bbox 1571 1186 1648 1257; x_wconf 81' lang='grc' dir='ltr'><strong>τῷ</strong></span> <span class='ocrx_word' id='word_1_79' title='bbox 1672 1188 1801 1259; x_wconf 83' lang='grc' dir='ltr'>πλη-</span> 
     </span>
    </p>
   </div>
   <div class='ocr_carea' id='block_1_13' title="bbox 209 1274 1807 1350">
    <p class='ocr_par' dir='ltr' id='par_1_13' title="bbox 209 1274 1807 1350">
     <span class='ocr_line' id='line_1_13' title="bbox 209 1274 1807 1350; baseline 0.002 -23"><span class='ocrx_word' id='word_1_80' title='bbox 209 1274 448 1345; x_wconf 78' lang='grc' dir='ltr'>ροῦσθαι</span> <span class='ocrx_word' id='word_1_81' title='bbox 481 1276 542 1329; x_wconf 85' lang='grc' dir='ltr'>τὺ</span> <span class='ocrx_word' id='word_1_82' title='bbox 564 1276 772 1346; x_wconf 74' lang='grc' dir='ltr'>φάσκον</span> <span class='ocrx_word' id='word_1_83' title='bbox 805 1276 1001 1346; x_wconf 88' lang='grc' dir='ltr'>λόγιον,</span> <span class='ocrx_word' id='word_1_84' title='bbox 1042 1297 1062 1330; x_wconf 79' lang='grc' dir='ltr'><strong>ι</strong></span> <span class='ocrx_word' id='word_1_85' title='bbox 1093 1279 1200 1332; x_wconf 73' lang='grc' dir='ltr'>Καὶ</span> <span class='ocrx_word' id='word_1_86' title='bbox 1220 1278 1807 1350; x_wconf 81' lang='grc' dir='ltr'>δυναμώσειΔιαθήκην</span> 
     </span>
    </p>
   </div>
   <div class='ocr_carea' id='block_1_14' title="bbox 206 1369 1808 1442">
    <p class='ocr_par' dir='ltr' id='par_1_14' title="bbox 206 1369 1808 1442">
     <span class='ocr_line' id='line_1_14' title="bbox 206 1369 1808 1442; baseline 0.004 -20"><span class='ocrx_word' id='word_1_87' title='bbox 206 1369 436 1434; x_wconf 71' lang='grc' dir='ltr'>πολλοῖς</span> <span class='ocrx_word' id='word_1_88' title='bbox 456 1370 690 1441; x_wconf 76' lang='grc' dir='ltr'>ἑϐδομὰς</span> <span class='ocrx_word' id='word_1_89' title='bbox 712 1371 827 1442; x_wconf 85' lang='grc' dir='ltr'>μία,</span> <span class='ocrx_word' id='word_1_90' title='bbox 841 1370 934 1423; x_wconf 67' lang='grc' dir='ltr'><strong>»τὰ</strong></span> <span class='ocrx_word' id='word_1_91' title='bbox 956 1371 1055 1440; x_wconf 82' lang='grc' dir='ltr'><strong>τῆς</strong></span> <span class='ocrx_word' id='word_1_92' title='bbox 1077 1371 1309 1434; x_wconf 82' lang='grc' dir='ltr'>παλαιᾶς</span> <span class='ocrx_word' id='word_1_93' title='bbox 1328 1371 1600 1442; x_wconf 79' lang='grc' dir='ltr'>Διαθήκης</span> <span class='ocrx_word' id='word_1_94' title='bbox 1617 1372 1808 1442; x_wconf 81' lang='grc' dir='ltr'>περιῄ-</span> 
     </span>
    </p>
   </div>
   <div class='ocr_carea' id='block_1_15' title="bbox 213 1461 1805 1534">
    <p class='ocr_par' dir='ltr' id='par_1_15' title="bbox 213 1461 1805 1534">
     <span class='ocr_line' id='line_1_15' title="bbox 213 1461 1805 1534; baseline 0.001 -22"><span class='ocrx_word' id='word_1_95' title='bbox 213 1475 372 1528; x_wconf 80' lang='grc' dir='ltr'>ρητο.</span> <span class='ocrx_word' id='word_1_96' title='bbox 389 1479 410 1513; x_wconf 76' lang='grc' dir='ltr'><strong>ι</strong></span> <span class='ocrx_word' id='word_1_97' title='bbox 431 1461 568 1514; x_wconf 86' lang='grc' dir='ltr'>Πότε</span> <span class='ocrx_word' id='word_1_98' title='bbox 583 1461 639 1515; x_wconf 85' lang='grc' dir='ltr'>δὲ</span> <span class='ocrx_word' id='word_1_99' title='bbox 656 1462 722 1515; x_wconf 78' lang='grc' dir='ltr'>τὰ</span> <span class='ocrx_word' id='word_1_100' title='bbox 739 1463 836 1533; x_wconf 83' lang='grc' dir='ltr'><strong>τῆς</strong></span> <span class='ocrx_word' id='word_1_101' title='bbox 852 1462 1121 1534; x_wconf 78' lang='grc' dir='ltr'>Διαθηκης</span> <span class='ocrx_word' id='word_1_102' title='bbox 1135 1462 1233 1533; x_wconf 82' lang='grc' dir='ltr'><strong>τῆς</strong></span> <span class='ocrx_word' id='word_1_103' title='bbox 1248 1463 1441 1533; x_wconf 81' lang='grc' dir='ltr'>καινῆς</span> <span class='ocrx_word' id='word_1_104' title='bbox 1460 1461 1805 1532; x_wconf 82' lang='grc' dir='ltr'>ὲδυναμοῦτο,</span> 
     </span>
    </p>
   </div>
   <div class='ocr_carea' id='block_1_16' title="bbox 210 1552 1807 1627">
    <p class='ocr_par' dir='ltr' id='par_1_16' title="bbox 210 1552 1807 1627">
     <span class='ocr_line' id='line_1_16' title="bbox 210 1552 1807 1627; baseline -0.001 -22"><span class='ocrx_word' id='word_1_105' title='bbox 210 1553 245 1623; x_wconf 75' lang='grc' dir='ltr'><strong>ἦ</strong></span> <span class='ocrx_word' id='word_1_106' title='bbox 279 1555 375 1605; x_wconf 81' lang='grc' dir='ltr'>ὅτε</span> <span class='ocrx_word' id='word_1_107' title='bbox 405 1557 433 1607; x_wconf 89' lang='grc' dir='ltr'><strong>ό</strong></span> <span class='ocrx_word' id='word_1_108' title='bbox 473 1555 666 1626; x_wconf 76' lang='grc' dir='ltr'>Σωτὴρ</span> <span class='ocrx_word' id='word_1_109' title='bbox 694 1555 788 1608; x_wconf 77' lang='grc' dir='ltr'><strong>καὶ</strong></span> <span class='ocrx_word' id='word_1_110' title='bbox 830 1555 1034 1627; x_wconf 85' lang='grc' dir='ltr'>Κύριος</span> <span class='ocrx_word' id='word_1_111' title='bbox 1066 1555 1242 1625; x_wconf 75' lang='grc' dir='ltr'>ἡμῶν,</span> <span class='ocrx_word' id='word_1_112' title='bbox 1290 1553 1705 1625; x_wconf 66' lang='grc' dir='ltr'>μέλλωνιτελεῖν</span> <span class='ocrx_word' id='word_1_113' title='bbox 1747 1552 1807 1604; x_wconf 82' lang='grc' dir='ltr'>τὸ</span> 
     </span>
    </p>
   </div>
   <div class='ocr_carea' id='block_1_17' title="bbox 217 1645 1804 1719">
    <p class='ocr_par' dir='ltr' id='par_1_17' title="bbox 217 1645 1804 1719">
     <span class='ocr_line' id='line_1_17' title="bbox 217 1645 1804 1719; baseline 0.001 -22"><span class='ocrx_word' id='word_1_114' title='bbox 217 1645 364 1714; x_wconf 82' lang='grc' dir='ltr'>μέγα</span> <span class='ocrx_word' id='word_1_115' title='bbox 410 1649 709 1718; x_wconf 81' lang='grc' dir='ltr'>μυστήριον</span> <span class='ocrx_word' id='word_1_116' title='bbox 741 1648 842 1718; x_wconf 80' lang='grc' dir='ltr'><strong>τῆς</strong></span> <span class='ocrx_word' id='word_1_117' title='bbox 866 1651 946 1710; x_wconf 79' lang='grc' dir='ltr'>εἰς</span> <span class='ocrx_word' id='word_1_118' title='bbox 976 1647 1068 1701; x_wconf 80' lang='grc' dir='ltr'><strong>τὸν</strong></span> <span class='ocrx_word' id='word_1_119' title='bbox 1102 1647 1328 1700; x_wconf 85' lang='grc' dir='ltr'>θάνατον</span> <span class='ocrx_word' id='word_1_120' title='bbox 1354 1646 1519 1700; x_wconf 78' lang='grc' dir='ltr'>αὑτοῦ</span> <span class='ocrx_word' id='word_1_121' title='bbox 1551 1647 1804 1719; x_wconf 78' lang='grc' dir='ltr'><strong>παρόδου,</strong></span> 
     </span>
    </p>
   </div>
   <div class='ocr_carea' id='block_1_18' title="bbox 213 1730 1806 1808">
    <p class='ocr_par' dir='ltr' id='par_1_18' title="bbox 213 1730 1806 1808">
     <span class='ocr_line' id='line_1_18' title="bbox 213 1730 1806 1808; baseline 0.001 -22"><span class='ocrx_word' id='word_1_122' title='bbox 298 1737 461 1789; x_wconf 69' lang='grc' dir='ltr'>νυκτὶ</span> <span class='ocrx_word' id='word_1_123' title='bbox 523 1737 854 1808; x_wconf 79' lang='grc' dir='ltr'>παρεδίδοτο,</span> <span class='ocrx_word' id='word_1_124' title='bbox 890 1737 958 1790; x_wconf 81' lang='grc' dir='ltr'>τὰ</span> <span class='ocrx_word' id='word_1_125' title='bbox 1014 1736 1256 1808; x_wconf 74' lang='grc' dir='ltr'>σύμϐολα</span> <span class='ocrx_word' id='word_1_126' title='bbox 1312 1737 1420 1790; x_wconf 79' lang='grc' dir='ltr'><strong>τῶν</strong></span> <span class='ocrx_word' id='word_1_127' title='bbox 1465 1740 1586 1791; x_wconf 82' lang='grc' dir='ltr'>κατ’</span> <span class='ocrx_word' id='word_1_128' title='bbox 1644 1736 1806 1789; x_wconf 75' lang='grc' dir='ltr'>αὑτὸν</span> 
     </span>
    </p>
   </div>
   <div class='ocr_carea' id='block_1_19' title="bbox 212 1828 1806 1900">
    <p class='ocr_par' dir='ltr' id='par_1_19' title="bbox 212 1828 1806 1900">
     <span class='ocr_line' id='line_1_19' title="bbox 212 1828 1806 1900; baseline 0.002 -21"><span class='ocrx_word' id='word_1_129' title='bbox 212 1828 552 1898; x_wconf 70' lang='grc' dir='ltr'>ἀπορρήτων</span> <span class='ocrx_word' id='word_1_130' title='bbox 595 1829 696 1897; x_wconf 75' lang='grc' dir='ltr'><strong>τῆς</strong></span> <span class='ocrx_word' id='word_1_131' title='bbox 747 1828 941 1897; x_wconf 78' lang='grc' dir='ltr'>καινῆς</span> <span class='ocrx_word' id='word_1_132' title='bbox 987 1829 1261 1900; x_wconf 78' lang='grc' dir='ltr'>Διαθήκης</span> <span class='ocrx_word' id='word_1_133' title='bbox 1291 1829 1464 1897; x_wconf 84' lang='grc' dir='ltr'>λόγων</span> <span class='ocrx_word' id='word_1_134' title='bbox 1498 1833 1609 1893; x_wconf 79' lang='grc' dir='ltr'>τοῖς</span> <span class='ocrx_word' id='word_1_135' title='bbox 1641 1829 1806 1883; x_wconf 72' lang='grc' dir='ltr'>αὐτοῦ</span> 
     </span>
    </p>
   </div>
   <div class='ocr_carea' id='block_1_20' title="bbox 213 1917 1880 2016">
    <p class='ocr_par' dir='ltr' id='par_1_20' title="bbox 213 1917 1880 2016">
     <span class='ocr_line' id='line_1_20' title="bbox 213 1917 1880 2016; baseline 0.004 -48"><span class='ocrx_word' id='word_1_136' title='bbox 213 1917 509 1988; x_wconf 75' lang='grc' dir='ltr'>παρεδίδου</span> <span class='ocrx_word' id='word_1_137' title='bbox 549 1919 654 1987; x_wconf 90' lang='grc' dir='ltr'><strong>μαθ</strong></span> <span class='ocrx_word' id='word_1_138' title='bbox 668 1923 852 1990; x_wconf 83' lang='grc' dir='ltr'>ηταῖς;</span> <span class='ocrx_word' id='word_1_139' title='bbox 887 1920 1022 1992; x_wconf 86' lang='grc' dir='ltr'>ὁμοῦ</span> <span class='ocrx_word' id='word_1_140' title='bbox 1043 1919 1151 1992; x_wconf 77' lang='grc' dir='ltr'>γὰρ</span> <span class='ocrx_word' id='word_1_141' title='bbox 1182 1920 1333 1974; x_wconf 82' lang='grc' dir='ltr'>ταῦτ’</span> <span class='ocrx_word' id='word_1_142' title='bbox 1366 1921 1617 1984; x_wconf 77' lang='grc' dir='ltr'>ἐτελεῖτο,</span> <span class='ocrx_word' id='word_1_143' title='bbox 1655 1922 1804 1993; x_wconf 77' lang='grc' dir='ltr'>καὶὴ</span> <span class='ocrx_word' id='word_1_144' title='bbox 1838 1961 1880 2016; x_wconf 75' lang='grc' dir='ltr'><strong>Β</strong></span> 
     </span>
    </p>
   </div>
   <div class='ocr_carea' id='block_1_21' title="bbox 213 2009 1803 2087">
    <p class='ocr_par' dir='ltr' id='par_1_21' title="bbox 213 2009 1803 2087">
     <span class='ocr_line' id='line_1_21' title="bbox 213 2009 1803 2087; baseline 0.004 -26"><span class='ocrx_word' id='word_1_145' title='bbox 213 2009 358 2063; x_wconf 71' lang='grc' dir='ltr'>κατὰ</span> <span class='ocrx_word' id='word_1_146' title='bbox 387 2013 630 2066; x_wconf 79' lang='grc' dir='ltr'>Μωῦσέα</span> <span class='ocrx_word' id='word_1_147' title='bbox 664 2013 866 2066; x_wconf 77' lang='grc' dir='ltr'>παλαιὰ</span> <span class='ocrx_word' id='word_1_148' title='bbox 894 2013 1136 2085; x_wconf 81' lang='grc' dir='ltr'>Διαθήκη</span> <span class='ocrx_word' id='word_1_149' title='bbox 1166 2013 1485 2086; x_wconf 82' lang='grc' dir='ltr'>περιῄρητο,</span> <span class='ocrx_word' id='word_1_150' title='bbox 1521 2015 1657 2086; x_wconf 79' lang='grc' dir='ltr'>ὅπερ</span> <span class='ocrx_word' id='word_1_151' title='bbox 1681 2015 1803 2087; x_wconf 82' lang='grc' dir='ltr'>ἐδή-</span> 
     </span>
    </p>
   </div>
   <div class='ocr_carea' id='block_1_22' title="bbox 210 2101 1802 2179">
    <p class='ocr_par' dir='ltr' id='par_1_22' title="bbox 210 2101 1802 2179">
     <span class='ocr_line' id='line_1_22' title="bbox 210 2101 1802 2179; baseline 0.006 -26"><span class='ocrx_word' id='word_1_152' title='bbox 210 2101 306 2154; x_wconf 80' lang='grc' dir='ltr'><strong>λου</strong></span> <span class='ocrx_word' id='word_1_153' title='bbox 338 2102 402 2154; x_wconf 80' lang='grc' dir='ltr'>τὺ</span> <span class='ocrx_word' id='word_1_154' title='bbox 444 2105 843 2176; x_wconf 78' lang='grc' dir='ltr'>καταπέτασμα</span> <span class='ocrx_word' id='word_1_155' title='bbox 887 2105 981 2158; x_wconf 88' lang='grc' dir='ltr'><strong>τοῦ</strong></span> <span class='ocrx_word' id='word_1_156' title='bbox 1009 2104 1158 2168; x_wconf 87' lang='grc' dir='ltr'>ναοῦ,</span> <span class='ocrx_word' id='word_1_157' title='bbox 1200 2105 1340 2159; x_wconf 79' lang='grc' dir='ltr'>κατὰ</span> <span class='ocrx_word' id='word_1_158' title='bbox 1374 2105 1465 2158; x_wconf 85' lang='grc' dir='ltr'><strong>τὸν</strong></span> <span class='ocrx_word' id='word_1_159' title='bbox 1514 2106 1674 2161; x_wconf 75' lang='grc' dir='ltr'>αὑτὸν</span> <span class='ocrx_word' id='word_1_160' title='bbox 1705 2111 1802 2179; x_wconf 81' lang='grc' dir='ltr'><strong>ῥη-</strong></span> 
     </span>
    </p>
   </div>
   <div class='ocr_carea' id='block_1_23' title="bbox 212 2193 1802 2269">
    <p class='ocr_par' dir='ltr' id='par_1_23' title="bbox 212 2193 1802 2269">
     <span class='ocr_line' id='line_1_23' title="bbox 212 2193 1802 2269; baseline 0.004 -23"><span class='ocrx_word' id='word_1_161' title='bbox 212 2193 485 2265; x_wconf 90' lang='grc' dir='ltr'>γνύμενον</span> <span class='ocrx_word' id='word_1_162' title='bbox 531 2197 742 2268; x_wconf 87' lang='grc' dir='ltr'>χρόνον.</span> <span class='ocrx_word' id='word_1_163' title='bbox 804 2196 1089 2269; x_wconf 77' lang='grc' dir='ltr'>’Ᾱρθείσης</span> <span class='ocrx_word' id='word_1_164' title='bbox 1136 2198 1266 2266; x_wconf 87' lang='grc' dir='ltr'>γοῦν</span> <span class='ocrx_word' id='word_1_165' title='bbox 1313 2198 1372 2263; x_wconf 80' lang='grc' dir='ltr'>ἐξ</span> <span class='ocrx_word' id='word_1_166' title='bbox 1416 2199 1659 2263; x_wconf 88' lang='grc' dir='ltr'>ἐκείνου,</span> <span class='ocrx_word' id='word_1_167' title='bbox 1707 2201 1802 2253; x_wconf 73' lang='grc' dir='ltr'>καὶ</span> 
     </span>
    </p>
   </div>
   <div class='ocr_carea' id='block_1_24' title="bbox 211 2285 1804 2362">
    <p class='ocr_par' dir='ltr' id='par_1_24' title="bbox 211 2285 1804 2362">
     <span class='ocr_line' id='line_1_24' title="bbox 211 2285 1804 2362; baseline 0.004 -24"><span class='ocrx_word' id='word_1_168' title='bbox 211 2285 446 2357; x_wconf 75' lang='grc' dir='ltr'>δυνάμει</span> <span class='ocrx_word' id='word_1_169' title='bbox 475 2288 573 2340; x_wconf 76' lang='grc' dir='ltr'><strong>καὶ</strong></span> <span class='ocrx_word' id='word_1_170' title='bbox 613 2289 839 2362; x_wconf 80' lang='grc' dir='ltr'>ἀληθείᾳ</span> <span class='ocrx_word' id='word_1_171' title='bbox 871 2289 1267 2361; x_wconf 78' lang='grc' dir='ltr'>καταλυθείσης</span> <span class='ocrx_word' id='word_1_172' title='bbox 1293 2291 1484 2354; x_wconf 78' lang='grc' dir='ltr'>θυσίας</span> <span class='ocrx_word' id='word_1_173' title='bbox 1511 2293 1604 2344; x_wconf 72' lang='grc' dir='ltr'><strong>καὶ</strong></span> <span class='ocrx_word' id='word_1_174' title='bbox 1643 2309 1804 2345; x_wconf 85' lang='grc' dir='ltr'>σπον-</span> 
     </span>
    </p>
   </div>
   <div class='ocr_carea' id='block_1_25' title="bbox 215 2377 1802 2451">
    <p class='ocr_par' dir='ltr' id='par_1_25' title="bbox 215 2377 1802 2451">
     <span class='ocr_line' id='line_1_25' title="bbox 215 2377 1802 2451; baseline 0.005 -22"><span class='ocrx_word' id='word_1_175' title='bbox 215 2377 327 2447; x_wconf 77' lang='grc' dir='ltr'>δῆς,</span> <span class='ocrx_word' id='word_1_176' title='bbox 359 2379 415 2430; x_wconf 85' lang='grc' dir='ltr'><strong>αί</strong></span> <span class='ocrx_word' id='word_1_177' title='bbox 460 2377 601 2448; x_wconf 86' lang='grc' dir='ltr'><strong>μετά</strong></span> <span class='ocrx_word' id='word_1_178' title='bbox 629 2379 800 2433; x_wconf 86' lang='grc' dir='ltr'>ταῦτα</span> <span class='ocrx_word' id='word_1_179' title='bbox 827 2379 1175 2451; x_wconf 78' lang='grc' dir='ltr'>νομιζόμεναι</span> <span class='ocrx_word' id='word_1_180' title='bbox 1204 2382 1391 2435; x_wconf 78' lang='grc' dir='ltr'>αὐτόθι</span> <span class='ocrx_word' id='word_1_181' title='bbox 1439 2383 1802 2437; x_wconf 80' lang='grc' dir='ltr'>ἐπιτελεῖσθαι</span> 
     </span>
    </p>
   </div>
   <div class='ocr_carea' id='block_1_26' title="bbox 213 2466 1804 2543">
    <p class='ocr_par' dir='ltr' id='par_1_26' title="bbox 213 2466 1804 2543">
     <span class='ocr_line' id='line_1_26' title="bbox 213 2466 1804 2543; baseline 0.005 -24"><span class='ocrx_word' id='word_1_182' title='bbox 213 2466 401 2521; x_wconf 87' lang='grc' dir='ltr'>’θυσίαι</span> <span class='ocrx_word' id='word_1_183' title='bbox 429 2470 689 2522; x_wconf 84' lang='grc' dir='ltr'>ἄσπονδοι</span> <span class='ocrx_word' id='word_1_184' title='bbox 716 2471 810 2524; x_wconf 74' lang='grc' dir='ltr'><strong>καὶ</strong></span> <span class='ocrx_word' id='word_1_185' title='bbox 841 2471 1045 2542; x_wconf 82' lang='grc' dir='ltr'>ἀνίεροι</span> <span class='ocrx_word' id='word_1_186' title='bbox 1080 2473 1136 2524; x_wconf 83' lang='grc' dir='ltr'>ὲν</span> <span class='ocrx_word' id='word_1_187' title='bbox 1172 2471 1381 2542; x_wconf 73' lang='grc' dir='ltr'><strong>βεϐήλῳ</strong></span> <span class='ocrx_word' id='word_1_188' title='bbox 1407 2473 1558 2543; x_wconf 83' lang='grc' dir='ltr'>τόπῳ</span> <span class='ocrx_word' id='word_1_189' title='bbox 1584 2473 1676 2526; x_wconf 73' lang='grc' dir='ltr'><strong>καὶ</strong></span> <span class='ocrx_word' id='word_1_190' title='bbox 1699 2474 1804 2527; x_wconf 79' lang='grc' dir='ltr'><strong>ὑπὸ</strong></span> 
     </span>
    </p>
   </div>
   <div class='ocr_carea' id='block_1_27' title="bbox 215 2559 1804 2635">
    <p class='ocr_par' dir='ltr' id='par_1_27' title="bbox 215 2559 1804 2635">
     <span class='ocr_line' id='line_1_27' title="bbox 215 2559 1804 2635; baseline 0.006 -25"><span class='ocrx_word' id='word_1_191' title='bbox 215 2559 465 2630; x_wconf 73' lang='grc' dir='ltr'>βεὸήλων</span> <span class='ocrx_word' id='word_1_192' title='bbox 499 2562 596 2614; x_wconf 76' lang='grc' dir='ltr'>καὶ</span> <span class='ocrx_word' id='word_1_193' title='bbox 634 2563 863 2634; x_wconf 80' lang='grc' dir='ltr'>ἀνιέρων</span> <span class='ocrx_word' id='word_1_194' title='bbox 898 2563 1268 2618; x_wconf 83' lang='grc' dir='ltr'>ἐπετελοῦντο.</span> <span class='ocrx_word' id='word_1_195' title='bbox 1306 2565 1469 2635; x_wconf 80' lang='grc' dir='ltr'>Δέχου</span> <span class='ocrx_word' id='word_1_196' title='bbox 1498 2566 1554 2618; x_wconf 80' lang='grc' dir='ltr'>δὲ</span> <span class='ocrx_word' id='word_1_197' title='bbox 1589 2565 1804 2630; x_wconf 73' lang='grc' dir='ltr'>καὶτὰς</span> 
     </span>
    </p>
   </div>
   <div class='ocr_carea' id='block_1_28' title="bbox 216 2654 1801 2729">
    <p class='ocr_par' dir='ltr' id='par_1_28' title="bbox 216 2654 1801 2729">
     <span class='ocr_line' id='line_1_28' title="bbox 216 2654 1801 2729; baseline 0.003 -23"><span class='ocrx_word' id='word_1_198' title='bbox 216 2655 342 2724; x_wconf 72' lang='grc' dir='ltr'>περὶ</span> <span class='ocrx_word' id='word_1_199' title='bbox 383 2654 595 2708; x_wconf 90' lang='grc' dir='ltr'>τούτων</span> <span class='ocrx_word' id='word_1_200' title='bbox 645 2655 905 2728; x_wconf 80' lang='grc' dir='ltr'>Ἰωσήπου</span> <span class='ocrx_word' id='word_1_201' title='bbox 963 2657 1294 2729; x_wconf 86' lang='grc' dir='ltr'>μαρτυρίας·</span> <span class='ocrx_word' id='word_1_202' title='bbox 1339 2657 1538 2711; x_wconf 75' lang='grc' dir='ltr'>«Κατὰ</span> <span class='ocrx_word' id='word_1_203' title='bbox 1594 2658 1651 2711; x_wconf 78' lang='grc' dir='ltr'>δὲ</span> <span class='ocrx_word' id='word_1_204' title='bbox 1704 2659 1801 2729; x_wconf 82' lang='grc' dir='ltr'><strong>τὴν</strong></span> 
     </span>
    </p>
   </div>
   <div class='ocr_carea' id='block_1_29' title="bbox 214 2744 1804 2822">
    <p class='ocr_par' dir='ltr' id='par_1_29' title="bbox 214 2744 1804 2822">
     <span class='ocr_line' id='line_1_29' title="bbox 214 2744 1804 2822; baseline 0.003 -24"><span class='ocrx_word' id='word_1_205' title='bbox 214 2744 429 2818; x_wconf 70' lang='grc' dir='ltr'>ἡμέραν</span> <span class='ocrx_word' id='word_1_206' title='bbox 463 2747 568 2816; x_wconf 78' lang='grc' dir='ltr'><strong>τῆς</strong></span> <span class='ocrx_word' id='word_1_207' title='bbox 599 2748 977 2819; x_wconf 77' lang='grc' dir='ltr'>Πεντηκοστῆς</span> <span class='ocrx_word' id='word_1_208' title='bbox 1001 2748 1219 2820; x_wconf 81' lang='grc' dir='ltr'>νύκτωρ</span> <span class='ocrx_word' id='word_1_209' title='bbox 1245 2751 1294 2802; x_wconf 86' lang='grc' dir='ltr'><strong>οί</strong></span> <span class='ocrx_word' id='word_1_210' title='bbox 1320 2751 1484 2822; x_wconf 88' lang='grc' dir='ltr'>ίερεῖς</span> <span class='ocrx_word' id='word_1_211' title='bbox 1513 2750 1804 2822; x_wconf 86' lang='grc' dir='ltr'>παρελθόν-</span> 
     </span>
    </p>
   </div>
   <div class='ocr_carea' id='block_1_30' title="bbox 216 2839 1803 2914">
    <p class='ocr_par' dir='ltr' id='par_1_30' title="bbox 216 2839 1803 2914">
     <span class='ocr_line' id='line_1_30' title="bbox 216 2839 1803 2914; baseline 0.004 -22"><span class='ocrx_word' id='word_1_212' title='bbox 216 2858 305 2904; x_wconf 87' lang='grc' dir='ltr'><strong>τες</strong></span> <span class='ocrx_word' id='word_1_213' title='bbox 353 2843 437 2905; x_wconf 83' lang='grc' dir='ltr'><strong>είς</strong></span> <span class='ocrx_word' id='word_1_214' title='bbox 479 2841 544 2894; x_wconf 80' lang='grc' dir='ltr'><strong>τὸ</strong></span> <span class='ocrx_word' id='word_1_215' title='bbox 585 2841 748 2913; x_wconf 76' lang='grc' dir='ltr'>ἱερὸν,</span> <span class='ocrx_word' id='word_1_216' title='bbox 783 2841 970 2914; x_wconf 85' lang='grc' dir='ltr'>ὥσπερ</span> <span class='ocrx_word' id='word_1_217' title='bbox 1015 2842 1198 2906; x_wconf 76' lang='grc' dir='ltr'>αὐτοῖς</span> <span class='ocrx_word' id='word_1_218' title='bbox 1245 2843 1363 2906; x_wconf 78' lang='grc' dir='ltr'>ἔθος</span> <span class='ocrx_word' id='word_1_219' title='bbox 1410 2839 1498 2914; x_wconf 74' lang='grc' dir='ltr'>ἦν,</span> <span class='ocrx_word' id='word_1_220' title='bbox 1533 2845 1666 2914; x_wconf 76' lang='grc' dir='ltr'>πρὸς</span> <span class='ocrx_word' id='word_1_221' title='bbox 1705 2843 1803 2908; x_wconf 83' lang='grc' dir='ltr'>τὰς</span> 
     </span>
    </p>
   </div>
   <div class='ocr_carea' id='block_1_31' title="bbox 218 2933 1800 3008">
    <p class='ocr_par' dir='ltr' id='par_1_31' title="bbox 218 2933 1800 3008">
     <span class='ocr_line' id='line_1_31' title="bbox 218 2933 1800 3008; baseline 0.004 -24"><span class='ocrx_word' id='word_1_222' title='bbox 218 2933 584 3003; x_wconf 80' lang='grc' dir='ltr'>λειτουργίας,</span> <span class='ocrx_word' id='word_1_223' title='bbox 615 2933 826 3004; x_wconf 82' lang='grc' dir='ltr'>πρῶτον</span> <span class='ocrx_word' id='word_1_224' title='bbox 865 2935 962 3005; x_wconf 83' lang='grc' dir='ltr'><strong>μὲν</strong></span> <span class='ocrx_word' id='word_1_225' title='bbox 990 2937 1258 3007; x_wconf 78' lang='grc' dir='ltr'>κινήσεως</span> <span class='ocrx_word' id='word_1_226' title='bbox 1291 2936 1494 3006; x_wconf 76' lang='grc' dir='ltr'>ἔφασαν</span> <span class='ocrx_word' id='word_1_227' title='bbox 1540 2937 1800 3008; x_wconf 81' lang='grc' dir='ltr'>ἀντιλαμ-</span> 
     </span>
    </p>
   </div>
   <div class='ocr_carea' id='block_1_32' title="bbox 219 3023 1803 3099">
    <p class='ocr_par' dir='ltr' id='par_1_32' title="bbox 219 3023 1803 3099">
     <span class='ocr_line' id='line_1_32' title="bbox 219 3023 1803 3099; baseline 0.003 -24"><span class='ocrx_word' id='word_1_228' title='bbox 219 3023 480 3077; x_wconf 69' lang='grc' dir='ltr'>ϐάνεσθαι</span> <span class='ocrx_word' id='word_1_229' title='bbox 515 3024 610 3078; x_wconf 69' lang='grc' dir='ltr'><strong>καὶ</strong></span> <span class='ocrx_word' id='word_1_230' title='bbox 649 3025 855 3078; x_wconf 80' lang='grc' dir='ltr'>κτύπου</span> <span class='ocrx_word' id='word_1_231' title='bbox 876 3042 890 3056; x_wconf 75' lang='grc' dir='ltr'><strong><em>ο</em></strong></span> <span class='ocrx_word' id='word_1_232' title='bbox 927 3025 1064 3096; x_wconf 78' lang='grc' dir='ltr'>μετὰ</span> <span class='ocrx_word' id='word_1_233' title='bbox 1102 3026 1157 3078; x_wconf 82' lang='grc' dir='ltr'>δὲ</span> <span class='ocrx_word' id='word_1_234' title='bbox 1182 3026 1355 3080; x_wconf 87' lang='grc' dir='ltr'>ταῦτα</span> <span class='ocrx_word' id='word_1_235' title='bbox 1388 3031 1572 3098; x_wconf 82' lang='grc' dir='ltr'>φωνῆς</span> <span class='ocrx_word' id='word_1_236' title='bbox 1600 3026 1803 3099; x_wconf 77' lang='grc' dir='ltr'>ἁθρόας</span> 
     </span>
    </p>
   </div>
   <div class='ocr_carea' id='block_1_33' title="bbox 218 3113 1802 3185">
    <p class='ocr_par' dir='ltr' id='par_1_33' title="bbox 218 3113 1802 3185">
     <span class='ocr_line' id='line_1_33' title="bbox 218 3113 1802 3185; baseline 0.005 -22"><span class='ocrx_word' id='word_1_237' title='bbox 218 3113 502 3185; x_wconf 76' lang='grc' dir='ltr'>λεγούσηςο</span> <span class='ocrx_word' id='word_1_238' title='bbox 532 3116 985 3185; x_wconf 73' lang='grc' dir='ltr'>Μεταϐαίνωμεν</span> <span class='ocrx_word' id='word_1_239' title='bbox 1011 3116 1304 3172; x_wconf 76' lang='grc' dir='ltr'>ἐντεῦθεν.</span> <span class='ocrx_word' id='word_1_240' title='bbox 1320 3137 1337 3169; x_wconf 74' lang='grc' dir='ltr'><strong>ι</strong></span> <span class='ocrx_word' id='word_1_241' title='bbox 1363 3117 1548 3170; x_wconf 85' lang='grc' dir='ltr'>Ταῦτα</span> <span class='ocrx_word' id='word_1_242' title='bbox 1579 3118 1635 3170; x_wconf 85' lang='grc' dir='ltr'>δὲ</span> <span class='ocrx_word' id='word_1_243' title='bbox 1662 3119 1802 3171; x_wconf 81' lang='grc' dir='ltr'>ἱστο-</span> 
     </span>
    </p>
   </div>
   <div class='ocr_carea' id='block_1_34' title="bbox 225 3206 1799 3280">
    <p class='ocr_par' dir='ltr' id='par_1_34' title="bbox 225 3206 1799 3280">
     <span class='ocr_line' id='line_1_34' title="bbox 225 3206 1799 3280; baseline 0.005 -24"><span class='ocrx_word' id='word_1_244' title='bbox 225 3209 300 3276; x_wconf 88' lang='grc' dir='ltr'><strong>ρεῖ</strong></span> <span class='ocrx_word' id='word_1_245' title='bbox 327 3206 474 3276; x_wconf 82' lang='grc' dir='ltr'>μετὰ</span> <span class='ocrx_word' id='word_1_246' title='bbox 493 3206 555 3258; x_wconf 85' lang='grc' dir='ltr'><strong>τὸ</strong></span> <span class='ocrx_word' id='word_1_247' title='bbox 577 3207 746 3270; x_wconf 84' lang='grc' dir='ltr'>πάθος</span> <span class='ocrx_word' id='word_1_248' title='bbox 779 3209 872 3261; x_wconf 86' lang='grc' dir='ltr'><strong>τοῦ</strong></span> <span class='ocrx_word' id='word_1_249' title='bbox 906 3209 1156 3280; x_wconf 80' lang='grc' dir='ltr'>Σωτῆρος</span> <span class='ocrx_word' id='word_1_250' title='bbox 1182 3207 1338 3280; x_wconf 82' lang='grc' dir='ltr'>ἡμῶν</span> <span class='ocrx_word' id='word_1_251' title='bbox 1365 3209 1667 3279; x_wconf 82' lang='grc' dir='ltr'>γεγονέναι.</span> <span class='ocrx_word' id='word_1_252' title='bbox 1690 3212 1799 3264; x_wconf 73' lang='grc' dir='ltr'><strong>Καὶ</strong></span> 
     </span>
    </p>
   </div>
   <div class='ocr_carea' id='block_1_35' title="bbox 1907 633 3472 710">
    <p class='ocr_par' dir='ltr' id='par_1_35' title="bbox 1907 633 3472 710">
     <span class='ocr_line' id='line_1_35' title="bbox 1907 633 3472 710; baseline -0.007 -15"><span class='ocrx_word' id='word_1_253' title='bbox 1907 649 1991 695; x_wconf 87' lang='lat' dir='ltr'><strong>est</strong></span> <span class='ocrx_word' id='word_1_254' title='bbox 2019 656 2129 710; x_wconf 90' lang='lat' dir='ltr'><strong>quo</strong></span> <span class='ocrx_word' id='word_1_255' title='bbox 2162 649 2406 708; x_wconf 87' lang='lat' dir='ltr'><strong>tempore</strong></span> <span class='ocrx_word' id='word_1_256' title='bbox 2435 639 2562 692; x_wconf 91' lang='lat' dir='ltr'><strong>dum</strong></span> <span class='ocrx_word' id='word_1_257' title='bbox 2611 637 2699 690; x_wconf 88' lang='lat' dir='ltr'><strong>illc</strong></span> <span class='ocrx_word' id='word_1_258' title='bbox 2731 636 2880 689; x_wconf 84' lang='lat' dir='ltr'><strong>cruci</strong></span> <span class='ocrx_word' id='word_1_259' title='bbox 2933 635 3123 688; x_wconf 79' lang='lat' dir='ltr'><strong>aiiixus</strong></span> <span class='ocrx_word' id='word_1_260' title='bbox 3156 642 3261 698; x_wconf 86' lang='lat' dir='ltr'><strong>est,</strong></span> <span class='ocrx_word' id='word_1_261' title='bbox 3295 633 3472 687; x_wconf 84' lang='lat' dir='ltr'><strong>velum</strong></span> 
     </span>
    </p>
   </div>
   <div class='ocr_carea' id='block_1_36' title="bbox 1907 728 3474 803">
    <p class='ocr_par' dir='ltr' id='par_1_36' title="bbox 1907 728 3474 803">
     <span class='ocr_line' id='line_1_36' title="bbox 1907 728 3474 803; baseline -0.006 -17"><span class='ocrx_word' id='word_1_262' title='bbox 1907 733 2092 803; x_wconf 87' lang='lat' dir='ltr'><strong>templi</strong></span> <span class='ocrx_word' id='word_1_263' title='bbox 2129 732 2362 786; x_wconf 87' lang='lat' dir='ltr'><strong>medium</strong></span> <span class='ocrx_word' id='word_1_264' title='bbox 2400 739 2514 784; x_wconf 90' lang='lat' dir='ltr'><strong>toto</strong></span> <span class='ocrx_word' id='word_1_265' title='bbox 2543 730 2758 800; x_wconf 78' lang='lat' dir='ltr'><strong>penitus</strong></span> <span class='ocrx_word' id='word_1_266' title='bbox 2803 729 3105 782; x_wconf 73' lang='lat' dir='ltr'><strong>altitudinis</strong></span> <span class='ocrx_word' id='word_1_267' title='bbox 3142 741 3254 782; x_wconf 68' lang='lat' dir='ltr'><strong>sua:</strong></span> <span class='ocrx_word' id='word_1_268' title='bbox 3299 728 3474 795; x_wconf 86' lang='lat' dir='ltr'><strong>spatio</strong></span> 
     </span>
    </p>
   </div>
   <div class='ocr_carea' id='block_1_37' title="bbox 1907 818 3473 890">
    <p class='ocr_par' dir='ltr' id='par_1_37' title="bbox 1907 818 3473 890">
     <span class='ocr_line' id='line_1_37' title="bbox 1907 818 3473 890; baseline -0.005 -13"><span class='ocrx_word' id='word_1_269' title='bbox 1907 825 2140 879; x_wconf 87' lang='lat' dir='ltr'><strong>scissum</strong></span> <span class='ocrx_word' id='word_1_270' title='bbox 2190 831 2296 888; x_wconf 90' lang='lat' dir='ltr'><strong>est,</strong></span> <span class='ocrx_word' id='word_1_271' title='bbox 2331 823 2713 890; x_wconf 84' lang='lat' dir='ltr'><strong>sublatumque</strong></span> <span class='ocrx_word' id='word_1_272' title='bbox 2756 829 2842 876; x_wconf 90' lang='lat' dir='ltr'><strong>est</strong></span> <span class='ocrx_word' id='word_1_273' title='bbox 2885 837 2950 875; x_wconf 83' lang='lat' dir='ltr'><strong>ex</strong></span> <span class='ocrx_word' id='word_1_274' title='bbox 2985 823 3102 883; x_wconf 84' lang='lat' dir='ltr'><strong>illo,</strong></span> <span class='ocrx_word' id='word_1_275' title='bbox 3133 819 3185 873; x_wconf 87' lang='lat' dir='ltr'><strong>vi</strong></span> <span class='ocrx_word' id='word_1_276' title='bbox 3217 818 3473 888; x_wconf 83' lang='lat' dir='ltr'><strong>quadam,</strong></span> 
     </span>
    </p>
   </div>
   <div class='ocr_carea' id='block_1_38' title="bbox 1907 909 3475 987">
    <p class='ocr_par' dir='ltr' id='par_1_38' title="bbox 1907 909 3475 987">
     <span class='ocr_line' id='line_1_38' title="bbox 1907 909 3475 987; baseline -0.005 -19"><span class='ocrx_word' id='word_1_277' title='bbox 1907 914 2020 970; x_wconf 86' lang='lat' dir='ltr'><strong>Deo</strong></span> <span class='ocrx_word' id='word_1_278' title='bbox 2054 925 2268 987; x_wconf 76' lang='lat' dir='ltr'><strong>gratum</strong></span> <span class='ocrx_word' id='word_1_279' title='bbox 2296 931 2363 968; x_wconf 81' lang='lat' dir='ltr'><strong>ex</strong></span> <span class='ocrx_word' id='word_1_280' title='bbox 2411 914 2752 968; x_wconf 77' lang='lat' dir='ltr'><strong>institutione</strong></span> <span class='ocrx_word' id='word_1_281' title='bbox 2803 913 2938 982; x_wconf 81' lang='lat' dir='ltr'><strong>legis</strong></span> <span class='ocrx_word' id='word_1_282' title='bbox 2971 910 3298 970; x_wconf 67' lang='lat' dir='ltr'><strong>sacrificium</strong></span> <span class='ocrx_word' id='word_1_283' title='bbox 3328 919 3380 963; x_wconf 92' lang='lat' dir='ltr'><strong>et</strong></span> <span class='ocrx_word' id='word_1_284' title='bbox 3411 909 3475 960; x_wconf 89' lang='lat' dir='ltr'><strong>li—</strong></span> 
     </span>
    </p>
   </div>
   <div class='ocr_carea' id='block_1_39' title="bbox 1906 1002 3473 1078">
    <p class='ocr_par' dir='ltr' id='par_1_39' title="bbox 1906 1002 3473 1078">
     <span class='ocr_line' id='line_1_39' title="bbox 1906 1002 3473 1078; baseline -0.007 -15"><span class='ocrx_word' id='word_1_285' title='bbox 1906 1007 2078 1071; x_wconf 85' lang='lat' dir='ltr'><strong>hatio,</strong></span> <span class='ocrx_word' id='word_1_286' title='bbox 2112 1023 2220 1078; x_wconf 88' lang='lat' dir='ltr'><strong>qua</strong></span> <span class='ocrx_word' id='word_1_287' title='bbox 2274 1007 2524 1065; x_wconf 82' lang='lat' dir='ltr'><strong>sublata.</strong></span> <span class='ocrx_word' id='word_1_288' title='bbox 2589 1004 2921 1058; x_wconf 88' lang='lat' dir='ltr'><strong>abominatio</strong></span> <span class='ocrx_word' id='word_1_289' title='bbox 2969 1002 3355 1061; x_wconf 88' lang='lat' dir='ltr'><strong>desolationis,</strong></span> <span class='ocrx_word' id='word_1_290' title='bbox 3389 1017 3473 1053; x_wconf 85' lang='lat' dir='ltr'><strong>sc-</strong></span> 
     </span>
    </p>
   </div>
   <div class='ocr_carea' id='block_1_40' title="bbox 1907 1094 3473 1167">
    <p class='ocr_par' dir='ltr' id='par_1_40' title="bbox 1907 1094 3473 1167">
     <span class='ocr_line' id='line_1_40' title="bbox 1907 1094 3473 1167; baseline -0.005 -15"><span class='ocrx_word' id='word_1_291' title='bbox 1907 1098 2144 1152; x_wconf 84' lang='lat' dir='ltr'><strong>cundum</strong></span> <span class='ocrx_word' id='word_1_292' title='bbox 2166 1113 2284 1153; x_wconf 89' lang='lat' dir='ltr'><strong>eam</strong></span> <span class='ocrx_word' id='word_1_293' title='bbox 2315 1113 2435 1167; x_wconf 73' lang='lat' dir='ltr'><strong>qua:</strong></span> <span class='ocrx_word' id='word_1_294' title='bbox 2460 1112 2605 1150; x_wconf 92' lang='lat' dir='ltr'><strong>nunc</strong></span> <span class='ocrx_word' id='word_1_295' title='bbox 2636 1096 2690 1149; x_wconf 91' lang='lat' dir='ltr'><strong>in</strong></span> <span class='ocrx_word' id='word_1_296' title='bbox 2723 1096 2977 1151; x_wconf 90' lang='lat' dir='ltr'><strong>manibus</strong></span> <span class='ocrx_word' id='word_1_297' title='bbox 3001 1105 3106 1159; x_wconf 84' lang='lat' dir='ltr'><strong>est,</strong></span> <span class='ocrx_word' id='word_1_298' title='bbox 3135 1094 3473 1165; x_wconf 80' lang='lat' dir='ltr'><strong>prophetiam</strong></span> 
     </span>
    </p>
   </div>
   <div class='ocr_carea' id='block_1_41' title="bbox 1908 1186 3475 1257">
    <p class='ocr_par' dir='ltr' id='par_1_41' title="bbox 1908 1186 3475 1257">
     <span class='ocr_line' id='line_1_41' title="bbox 1908 1186 3475 1257; baseline -0.003 -16"><span class='ocrx_word' id='word_1_299' title='bbox 1908 1188 1963 1242; x_wconf 93' lang='lat' dir='ltr'><strong>in</strong></span> <span class='ocrx_word' id='word_1_300' title='bbox 1995 1188 2116 1244; x_wconf 89' lang='lat' dir='ltr'><strong>loco</strong></span> <span class='ocrx_word' id='word_1_301' title='bbox 2143 1189 2236 1242; x_wconf 92' lang='lat' dir='ltr'><strong>illo</strong></span> <span class='ocrx_word' id='word_1_302' title='bbox 2264 1197 2450 1243; x_wconf 59' lang='lat' dir='ltr'><strong>secuta</strong></span> <span class='ocrx_word' id='word_1_303' title='bbox 2481 1196 2584 1242; x_wconf 90' lang='lat' dir='ltr'><strong>est.</strong></span> <span class='ocrx_word' id='word_1_304' title='bbox 2617 1186 2768 1253; x_wconf 88' lang='lat' dir='ltr'><strong>Quod</strong></span> <span class='ocrx_word' id='word_1_305' title='bbox 2809 1187 2852 1241; x_wconf 87' lang='lat' dir='ltr'><strong>si</strong></span> <span class='ocrx_word' id='word_1_306' title='bbox 2884 1203 2981 1257; x_wconf 72' lang='lat' dir='ltr'><strong>per</strong></span> <span class='ocrx_word' id='word_1_307' title='bbox 3013 1187 3230 1256; x_wconf 85' lang='lat' dir='ltr'><strong>aliquod</strong></span> <span class='ocrx_word' id='word_1_308' title='bbox 3261 1197 3475 1254; x_wconf 87' lang='lat' dir='ltr'><strong>tempus</strong></span> 
     </span>
    </p>
   </div>
   <div class='ocr_carea' id='block_1_42' title="bbox 1908 1279 3468 1350">
    <p class='ocr_par' dir='ltr' id='par_1_42' title="bbox 1908 1279 3468 1350">
     <span class='ocr_line' id='line_1_42' title="bbox 1908 1279 3468 1350; baseline -0.003 -16"><span class='ocrx_word' id='word_1_309' title='bbox 1908 1295 2229 1350; x_wconf 80' lang='lat' dir='ltr'><strong>permanere</strong></span> <span class='ocrx_word' id='word_1_310' title='bbox 2267 1282 2382 1335; x_wconf 90' lang='lat' dir='ltr'><strong>visa</strong></span> <span class='ocrx_word' id='word_1_311' title='bbox 2417 1290 2545 1336; x_wconf 89' lang='lat' dir='ltr'><strong>sunt</strong></span> <span class='ocrx_word' id='word_1_312' title='bbox 2574 1295 2658 1335; x_wconf 84' lang='lat' dir='ltr'><strong>ea.</strong></span> <span class='ocrx_word' id='word_1_313' title='bbox 2701 1295 2820 1346; x_wconf 64' lang='lat' dir='ltr'><strong>qua:</strong></span> <span class='ocrx_word' id='word_1_314' title='bbox 2849 1279 2914 1333; x_wconf 90' lang='lat' dir='ltr'><strong>ad</strong></span> <span class='ocrx_word' id='word_1_315' title='bbox 2959 1279 3292 1339; x_wconf 73' lang='lat' dir='ltr'><strong>iunctionem</strong></span> <span class='ocrx_word' id='word_1_316' title='bbox 3322 1279 3468 1332; x_wconf 86' lang='lat' dir='ltr'><strong>illam</strong></span> 
     </span>
    </p>
   </div>
   <div class='ocr_carea' id='block_1_43' title="bbox 1919 1371 3475 1442">
    <p class='ocr_par' dir='ltr' id='par_1_43' title="bbox 1919 1371 3475 1442">
     <span class='ocr_line' id='line_1_43' title="bbox 1919 1371 3475 1442; baseline -0.002 -17"><span class='ocrx_word' id='word_1_317' title='bbox 1919 1373 1975 1426; x_wconf 89' lang='lat' dir='ltr'><strong>in</strong></span> <span class='ocrx_word' id='word_1_318' title='bbox 2012 1371 2106 1426; x_wconf 91' lang='lat' dir='ltr'><strong>tali</strong></span> <span class='ocrx_word' id='word_1_319' title='bbox 2154 1372 2274 1426; x_wconf 85' lang='lat' dir='ltr'><strong>loco</strong></span> <span class='ocrx_word' id='word_1_320' title='bbox 2308 1372 2600 1442; x_wconf 85' lang='lat' dir='ltr'><strong>pertinent,</strong></span> <span class='ocrx_word' id='word_1_321' title='bbox 2634 1388 2744 1436; x_wconf 79' lang='lat' dir='ltr'><strong>non</strong></span> <span class='ocrx_word' id='word_1_322' title='bbox 2798 1377 2977 1426; x_wconf 88' lang='lat' dir='ltr'><strong>tamen</strong></span> <span class='ocrx_word' id='word_1_323' title='bbox 3011 1371 3197 1428; x_wconf 85' lang='lat' dir='ltr'><strong>eadem</strong></span> <span class='ocrx_word' id='word_1_324' title='bbox 3243 1371 3475 1440; x_wconf 83' lang='lat' dir='ltr'><strong>amplius</strong></span> 
     </span>
    </p>
   </div>
   <div class='ocr_carea' id='block_1_44' title="bbox 1909 1463 3478 1535">
    <p class='ocr_par' dir='ltr' id='par_1_44' title="bbox 1909 1463 3478 1535">
     <span class='ocr_line' id='line_1_44' title="bbox 1909 1463 3478 1535; baseline -0.001 -19"><span class='ocrx_word' id='word_1_325' title='bbox 1909 1470 2062 1534; x_wconf 80' lang='lat' dir='ltr'><strong>grata</strong></span> <span class='ocrx_word' id='word_1_326' title='bbox 2094 1463 2203 1519; x_wconf 91' lang='lat' dir='ltr'><strong>Deo</strong></span> <span class='ocrx_word' id='word_1_327' title='bbox 2235 1463 2479 1527; x_wconf 84' lang='lat' dir='ltr'><strong>fuerunt,</strong></span> <span class='ocrx_word' id='word_1_328' title='bbox 2515 1468 2715 1535; x_wconf 87' lang='lat' dir='ltr'><strong>quippe</strong></span> <span class='ocrx_word' id='word_1_329' title='bbox 2763 1482 2886 1520; x_wconf 91' lang='lat' dir='ltr'><strong>cum</strong></span> <span class='ocrx_word' id='word_1_330' title='bbox 2940 1476 2992 1520; x_wconf 92' lang='lat' dir='ltr'><strong>et</strong></span> <span class='ocrx_word' id='word_1_331' title='bbox 3023 1465 3144 1522; x_wconf 78' lang='lat' dir='ltr'><strong>sine</strong></span> <span class='ocrx_word' id='word_1_332' title='bbox 3186 1464 3394 1533; x_wconf 84' lang='lat' dir='ltr'><strong>judicio</strong></span> <span class='ocrx_word' id='word_1_333' title='bbox 3423 1471 3478 1516; x_wconf 90' lang='lat' dir='ltr'><strong>et</strong></span> 
     </span>
    </p>
   </div>
   <div class='ocr_carea' id='block_1_45' title="bbox 1907 1554 3474 1628">
    <p class='ocr_par' dir='ltr' id='par_1_45' title="bbox 1907 1554 3474 1628">
     <span class='ocr_line' id='line_1_45' title="bbox 1907 1554 3474 1628; baseline -0.001 -20"><span class='ocrx_word' id='word_1_334' title='bbox 1907 1562 2103 1625; x_wconf 70' lang='lat' dir='ltr'><strong>praeter</strong></span> <span class='ocrx_word' id='word_1_335' title='bbox 2160 1557 2305 1624; x_wconf 79' lang='lat' dir='ltr'><strong>leges</strong></span> <span class='ocrx_word' id='word_1_336' title='bbox 2360 1558 2785 1612; x_wconf 85' lang='lat' dir='ltr'><strong>celebrarentur.</strong></span> <span class='ocrx_word' id='word_1_337' title='bbox 2817 1556 2978 1628; x_wconf 64' lang='grc'><strong>402</strong></span> <span class='ocrx_word' id='word_1_338' title='bbox 3022 1556 3175 1610; x_wconf 85' lang='lat' dir='ltr'><strong>Sicut</strong></span> <span class='ocrx_word' id='word_1_339' title='bbox 3208 1554 3351 1609; x_wconf 83' lang='lat' dir='ltr'><strong>enim</strong></span> <span class='ocrx_word' id='word_1_340' title='bbox 3379 1569 3474 1607; x_wconf 64' lang='lat' dir='ltr'><strong>anv</strong></span> 
     </span>
    </p>
   </div>
   <div class='ocr_carea' id='block_1_46' title="bbox 1909 1647 3475 1719">
    <p class='ocr_par' dir='ltr' id='par_1_46' title="bbox 1909 1647 3475 1719">
     <span class='ocr_line' id='line_1_46' title="bbox 1909 1647 3475 1719; baseline -0.001 -19"><span class='ocrx_word' id='word_1_341' title='bbox 1909 1656 2026 1713; x_wconf 88' lang='lat' dir='ltr'><strong>tea,</strong></span> <span class='ocrx_word' id='word_1_342' title='bbox 2061 1649 2316 1703; x_wconf 90' lang='lat' dir='ltr'><strong>unctione</strong></span> <span class='ocrx_word' id='word_1_343' title='bbox 2360 1649 2582 1712; x_wconf 82' lang='lat' dir='ltr'><strong>abolita,</strong></span> <span class='ocrx_word' id='word_1_344' title='bbox 2629 1658 2682 1703; x_wconf 92' lang='lat' dir='ltr'><strong>et</strong></span> <span class='ocrx_word' id='word_1_345' title='bbox 2732 1650 2986 1719; x_wconf 81' lang='lat' dir='ltr'><strong>legitimis</strong></span> <span class='ocrx_word' id='word_1_346' title='bbox 3027 1665 3092 1706; x_wconf 79' lang='lat' dir='ltr'><strong>cx</strong></span> <span class='ocrx_word' id='word_1_347' title='bbox 3149 1647 3475 1703; x_wconf 81' lang='lat' dir='ltr'><strong>succedendi</strong></span> 
     </span>
    </p>
   </div>
   <div class='ocr_carea' id='block_1_47' title="bbox 1908 1738 3471 1811">
    <p class='ocr_par' dir='ltr' id='par_1_47' title="bbox 1908 1738 3471 1811">
     <span class='ocr_line' id='line_1_47' title="bbox 1908 1738 3471 1811; baseline 0 -19"><span class='ocrx_word' id='word_1_348' title='bbox 1908 1738 2049 1792; x_wconf 83' lang='lat' dir='ltr'><strong>serie</strong></span> <span class='ocrx_word' id='word_1_349' title='bbox 2079 1740 2426 1808; x_wconf 80' lang='lat' dir='ltr'><strong>pontiﬁcibus</strong></span> <span class='ocrx_word' id='word_1_350' title='bbox 2457 1748 2579 1809; x_wconf 90' lang='lat' dir='ltr'><strong>post</strong></span> <span class='ocrx_word' id='word_1_351' title='bbox 2610 1739 2846 1811; x_wconf 79' lang='lat' dir='ltr'><strong>Hyrcani</strong></span> <span class='ocrx_word' id='word_1_352' title='bbox 2873 1740 3148 1795; x_wconf 84' lang='lat' dir='ltr'><strong>interitum</strong></span> <span class='ocrx_word' id='word_1_353' title='bbox 3173 1739 3471 1806; x_wconf 80' lang='lat' dir='ltr'><strong>abrogatis,</strong></span> 
     </span>
    </p>
   </div>
   <div class='ocr_carea' id='block_1_48' title="bbox 1909 1829 3479 1901">
    <p class='ocr_par' dir='ltr' id='par_1_48' title="bbox 1909 1829 3479 1901">
     <span class='ocr_line' id='line_1_48' title="bbox 1909 1829 3479 1901; baseline -0.001 -19"><span class='ocrx_word' id='word_1_354' title='bbox 1909 1829 1999 1898; x_wconf 89' lang='lat' dir='ltr'><strong>qui</strong></span> <span class='ocrx_word' id='word_1_355' title='bbox 2033 1831 2257 1900; x_wconf 87' lang='lat' dir='ltr'><strong>posthac</strong></span> <span class='ocrx_word' id='word_1_356' title='bbox 2285 1831 2404 1885; x_wconf 90' lang='lat' dir='ltr'><strong>sine</strong></span> <span class='ocrx_word' id='word_1_357' title='bbox 2424 1831 2616 1886; x_wconf 84' lang='lat' dir='ltr'><strong>ordine</strong></span> <span class='ocrx_word' id='word_1_358' title='bbox 2641 1840 2695 1885; x_wconf 87' lang='lat' dir='ltr'><strong>et</strong></span> <span class='ocrx_word' id='word_1_359' title='bbox 2720 1842 2915 1900; x_wconf 67' lang='lat' dir='ltr'><strong>praeter</strong></span> <span class='ocrx_word' id='word_1_360' title='bbox 2942 1832 3084 1901; x_wconf 57' lang='lat' dir='ltr'><strong>leges</strong></span> <span class='ocrx_word' id='word_1_361' title='bbox 3106 1831 3171 1885; x_wconf 89' lang='lat' dir='ltr'><strong>ad</strong></span> <span class='ocrx_word' id='word_1_362' title='bbox 3199 1830 3327 1883; x_wconf 91' lang='lat' dir='ltr'><strong>illud</strong></span> <span class='ocrx_word' id='word_1_363' title='bbox 3362 1847 3479 1882; x_wconf 92' lang='lat' dir='ltr'><strong>mu-</strong></span> 
     </span>
    </p>
   </div>
   <div class='ocr_carea' id='block_1_49' title="bbox 1908 1917 3479 1989">
    <p class='ocr_par' dir='ltr' id='par_1_49' title="bbox 1908 1917 3479 1989">
     <span class='ocr_line' id='line_1_49' title="bbox 1908 1917 3479 1989; baseline -0.003 -17"><span class='ocrx_word' id='word_1_364' title='bbox 1908 1935 2013 1974; x_wconf 90' lang='lat' dir='ltr'><strong>nus</strong></span> <span class='ocrx_word' id='word_1_365' title='bbox 2056 1920 2408 1982; x_wconf 85' lang='lat' dir='ltr'><strong>accedebant,</strong></span> <span class='ocrx_word' id='word_1_366' title='bbox 2443 1920 2765 1975; x_wconf 81' lang='lat' dir='ltr'><strong>videbantur</strong></span> <span class='ocrx_word' id='word_1_367' title='bbox 2797 1919 2871 1974; x_wconf 90' lang='lat' dir='ltr'><strong>illi</strong></span> <span class='ocrx_word' id='word_1_368' title='bbox 2906 1918 3124 1989; x_wconf 85' lang='lat' dir='ltr'><strong>quidem</strong></span> <span class='ocrx_word' id='word_1_369' title='bbox 3167 1917 3371 1987; x_wconf 91' lang='lat' dir='ltr'><strong>aliquid</strong></span> <span class='ocrx_word' id='word_1_370' title='bbox 3404 1917 3479 1968; x_wconf 79' lang='lat' dir='ltr'><strong>fa-</strong></span> 
     </span>
    </p>
   </div>
   <div class='ocr_carea' id='block_1_50' title="bbox 1909 2010 3478 2079">
    <p class='ocr_par' dir='ltr' id='par_1_50' title="bbox 1909 2010 3478 2079">
     <span class='ocr_line' id='line_1_50' title="bbox 1909 2010 3478 2079; baseline -0.003 -13"><span class='ocrx_word' id='word_1_371' title='bbox 1909 2027 2051 2074; x_wconf 91' lang='lat' dir='ltr'><strong>cere,</strong></span> <span class='ocrx_word' id='word_1_372' title='bbox 2087 2020 2142 2066; x_wconf 91' lang='lat' dir='ltr'><strong>et</strong></span> <span class='ocrx_word' id='word_1_373' title='bbox 2179 2022 2358 2066; x_wconf 88' lang='lat' dir='ltr'><strong>tamen</strong></span> <span class='ocrx_word' id='word_1_374' title='bbox 2397 2012 2450 2067; x_wconf 89' lang='lat' dir='ltr'><strong>id</strong></span> <span class='ocrx_word' id='word_1_375' title='bbox 2484 2013 2633 2066; x_wconf 88' lang='lat' dir='ltr'><strong>nullo</strong></span> <span class='ocrx_word' id='word_1_376' title='bbox 2667 2010 2924 2066; x_wconf 78' lang='lat' dir='ltr'><strong>laudabili</strong></span> <span class='ocrx_word' id='word_1_377' title='bbox 2966 2011 3216 2066; x_wconf 89' lang='lat' dir='ltr'><strong>instituto</strong></span> <span class='ocrx_word' id='word_1_378' title='bbox 3247 2017 3478 2079; x_wconf 64' lang='lat' dir='ltr'><strong>praesta~</strong></span> 
     </span>
    </p>
   </div>
   <div class='ocr_carea' id='block_1_51' title="bbox 1905 2100 3479 2182">
    <p class='ocr_par' dir='ltr' id='par_1_51' title="bbox 1905 2100 3479 2182">
     <span class='ocr_line' id='line_1_51' title="bbox 1905 2100 3479 2182; baseline -0.002 -25"><span class='ocrx_word' id='word_1_379' title='bbox 1905 2103 2064 2167; x_wconf 78' lang='lat' dir='ltr'><strong>bant,</strong></span> <span class='ocrx_word' id='word_1_380' title='bbox 2097 2112 2320 2175; x_wconf 80' lang='lat' dir='ltr'><strong>propter</strong></span> <span class='ocrx_word' id='word_1_381' title='bbox 2341 2119 2478 2174; x_wconf 86' lang='lat' dir='ltr'><strong>quos</strong></span> <span class='ocrx_word' id='word_1_382' title='bbox 2500 2106 2665 2160; x_wconf 88' lang='lat' dir='ltr'><strong>etiam</strong></span> <span class='ocrx_word' id='word_1_383' title='bbox 2697 2104 2834 2158; x_wconf 87' lang='lat' dir='ltr'><strong>dixit</strong></span> <span class='ocrx_word' id='word_1_384' title='bbox 2864 2102 3147 2182; x_wconf 60' lang='lat' dir='ltr'><strong>prophetia</strong></span> <span class='ocrx_word' id='word_1_385' title='bbox 3173 2119 3185 2155; x_wconf 92' lang='lat'><strong>:</strong></span> <span class='ocrx_word' id='word_1_386' title='bbox 3218 2121 3234 2152; x_wconf 79' lang='grc' dir='ltr'><strong>ι</strong></span> <span class='ocrx_word' id='word_1_387' title='bbox 3273 2100 3479 2156; x_wconf 85' lang='lat' dir='ltr'><strong>Peribit</strong></span> 
     </span>
    </p>
   </div>
   <div class='ocr_carea' id='block_1_52' title="bbox 1905 2191 3474 2265">
    <p class='ocr_par' dir='ltr' id='par_1_52' title="bbox 1905 2191 3474 2265">
     <span class='ocr_line' id='line_1_52' title="bbox 1905 2191 3474 2265; baseline -0.003 -17"><span class='ocrx_word' id='word_1_388' title='bbox 1905 2196 2109 2258; x_wconf 89' lang='lat' dir='ltr'><strong>unctio,</strong></span> <span class='ocrx_word' id='word_1_389' title='bbox 2133 2195 2470 2265; x_wconf 87' lang='lat' dir='ltr'><strong>etjudicium</strong></span> <span class='ocrx_word' id='word_1_390' title='bbox 2505 2211 2612 2254; x_wconf 90' lang='lat' dir='ltr'><strong>non</strong></span> <span class='ocrx_word' id='word_1_391' title='bbox 2633 2202 2718 2250; x_wconf 90' lang='lat' dir='ltr'><strong>est</strong></span> <span class='ocrx_word' id='word_1_392' title='bbox 2746 2195 2798 2248; x_wconf 91' lang='lat' dir='ltr'><strong>in</strong></span> <span class='ocrx_word' id='word_1_393' title='bbox 2840 2209 2901 2249; x_wconf 89' lang='lat' dir='ltr'><strong>ea</strong></span> <span class='ocrx_word' id='word_1_394' title='bbox 2922 2234 2936 2259; x_wconf 90' lang='lat'><strong>,</strong></span> <span class='ocrx_word' id='word_1_395' title='bbox 2971 2214 2987 2246; x_wconf 74' lang='grc' dir='ltr'><strong>ι</strong></span> <span class='ocrx_word' id='word_1_396' title='bbox 3026 2193 3226 2247; x_wconf 83' lang='lat' dir='ltr'><strong>talibus</strong></span> <span class='ocrx_word' id='word_1_397' title='bbox 3257 2191 3474 2246; x_wconf 89' lang='lat' dir='ltr'><strong>interim</strong></span> 
     </span>
    </p>
   </div>
   <div class='ocr_carea' id='block_1_53' title="bbox 1904 2287 3471 2358">
    <p class='ocr_par' dir='ltr' id='par_1_53' title="bbox 1904 2287 3471 2358">
     <span class='ocr_line' id='line_1_53' title="bbox 1904 2287 3471 2358; baseline -0.003 -17"><span class='ocrx_word' id='word_1_398' title='bbox 1904 2289 2086 2342; x_wconf 78' lang='lat' dir='ltr'><strong>verbis</strong></span> <span class='ocrx_word' id='word_1_399' title='bbox 2125 2288 2462 2357; x_wconf 74' lang='lat' dir='ltr'><strong>iudiciorum</strong></span> <span class='ocrx_word' id='word_1_400' title='bbox 2507 2289 2794 2358; x_wconf 84' lang='lat' dir='ltr'><strong>legumque</strong></span> <span class='ocrx_word' id='word_1_401' title='bbox 2855 2287 2908 2340; x_wconf 93' lang='lat' dir='ltr'><strong>in</strong></span> <span class='ocrx_word' id='word_1_402' title='bbox 2941 2287 3049 2342; x_wconf 91' lang='lat' dir='ltr'><strong>illis</strong></span> <span class='ocrx_word' id='word_1_403' title='bbox 3099 2291 3471 2353; x_wconf 89' lang='lat' dir='ltr'><strong>contemptum</strong></span> 
     </span>
    </p>
   </div>
   <div class='ocr_carea' id='block_1_54' title="bbox 1905 2377 3474 2442">
    <p class='ocr_par' dir='ltr' id='par_1_54' title="bbox 1905 2377 3474 2442">
     <span class='ocr_line' id='line_1_54' title="bbox 1905 2377 3474 2442; baseline -0.004 -8"><span class='ocrx_word' id='word_1_404' title='bbox 1905 2395 2172 2436; x_wconf 87' lang='lat' dir='ltr'><strong>accusans</strong></span> <span class='ocrx_word' id='word_1_405' title='bbox 2204 2399 2217 2434; x_wconf 91' lang='lat'><strong>:</strong></span> <span class='ocrx_word' id='word_1_406' title='bbox 2253 2381 2325 2434; x_wconf 85' lang='lat' dir='ltr'><strong>ita</strong></span> <span class='ocrx_word' id='word_1_407' title='bbox 2354 2381 2520 2436; x_wconf 90' lang='lat' dir='ltr'><strong>etiam</strong></span> <span class='ocrx_word' id='word_1_408' title='bbox 2550 2385 2697 2435; x_wconf 88' lang='lat' dir='ltr'><strong>circa</strong></span> <span class='ocrx_word' id='word_1_409' title='bbox 2734 2379 3044 2442; x_wconf 83' lang='lat' dir='ltr'><strong>libationem</strong></span> <span class='ocrx_word' id='word_1_410' title='bbox 3072 2389 3126 2433; x_wconf 90' lang='lat' dir='ltr'><strong>et</strong></span> <span class='ocrx_word' id='word_1_411' title='bbox 3150 2377 3474 2433; x_wconf 81' lang='lat' dir='ltr'><strong>sacriﬁcium</strong></span> 
     </span>
    </p>
   </div>
   <div class='ocr_carea' id='block_1_55' title="bbox 1903 2471 3477 2543">
    <p class='ocr_par' dir='ltr' id='par_1_55' title="bbox 1903 2471 3477 2543">
     <span class='ocr_line' id='line_1_55' title="bbox 1903 2471 3477 2543; baseline -0.004 -16"><span class='ocrx_word' id='word_1_412' title='bbox 1903 2473 2200 2543; x_wconf 84' lang='lat' dir='ltr'><strong>contigisse</strong></span> <span class='ocrx_word' id='word_1_413' title='bbox 2238 2472 2551 2537; x_wconf 74' lang='lat' dir='ltr'><strong>aiiirmabis,</strong></span> <span class='ocrx_word' id='word_1_414' title='bbox 2583 2489 2704 2542; x_wconf 67' lang='lat' dir='ltr'><strong>qua:</strong></span> <span class='ocrx_word' id='word_1_415' title='bbox 2725 2480 2870 2527; x_wconf 88' lang='lat' dir='ltr'><strong>recte</strong></span> <span class='ocrx_word' id='word_1_416' title='bbox 2898 2471 3114 2542; x_wconf 83' lang='lat' dir='ltr'><strong>quidem</strong></span> <span class='ocrx_word' id='word_1_417' title='bbox 3142 2487 3209 2525; x_wconf 80' lang='lat' dir='ltr'><strong>ex</strong></span> <span class='ocrx_word' id='word_1_418' title='bbox 3234 2471 3348 2539; x_wconf 85' lang='lat' dir='ltr'><strong>lege</strong></span> <span class='ocrx_word' id='word_1_419' title='bbox 3377 2485 3444 2522; x_wconf 89' lang='lat' dir='ltr'><strong>an</strong></span> <span class='ocrx_word' id='word_1_420' title='bbox 3463 2498 3477 2509; x_wconf 83' lang='lat'><strong>-</strong></span> 
     </span>
    </p>
   </div>
   <div class='ocr_carea' id='block_1_56' title="bbox 1904 2563 3478 2636">
    <p class='ocr_par' dir='ltr' id='par_1_56' title="bbox 1904 2563 3478 2636">
     <span class='ocr_line' id='line_1_56' title="bbox 1904 2563 3478 2636; baseline -0.004 -16"><span class='ocrx_word' id='word_1_421' title='bbox 1904 2575 2121 2636; x_wconf 81' lang='lat' dir='ltr'><strong>tequam</strong></span> <span class='ocrx_word' id='word_1_422' title='bbox 2165 2564 2418 2620; x_wconf 81' lang='lat' dir='ltr'><strong>Salvator</strong></span> <span class='ocrx_word' id='word_1_423' title='bbox 2462 2575 2652 2619; x_wconf 82' lang='lat' dir='ltr'><strong>noster</strong></span> <span class='ocrx_word' id='word_1_424' title='bbox 2686 2569 2758 2619; x_wconf 85' lang='lat' dir='ltr'><strong>sit</strong></span> <span class='ocrx_word' id='word_1_425' title='bbox 2803 2581 3021 2636; x_wconf 87' lang='lat' dir='ltr'><strong>passus,</strong></span> <span class='ocrx_word' id='word_1_426' title='bbox 3057 2563 3478 2618; x_wconf 61' lang='lat' dir='ltr'><strong>celebrabantur</strong></span> 
     </span>
    </p>
   </div>
   <div class='ocr_carea' id='block_1_57' title="bbox 1905 2659 3478 2733">
    <p class='ocr_par' dir='ltr' id='par_1_57' title="bbox 1905 2659 3478 2733">
     <span class='ocr_line' id='line_1_57' title="bbox 1905 2659 3478 2733; baseline -0.004 -18"><span class='ocrx_word' id='word_1_427' title='bbox 1905 2669 2126 2733; x_wconf 91' lang='lat' dir='ltr'><strong>propter</strong></span> <span class='ocrx_word' id='word_1_428' title='bbox 2156 2661 2412 2716; x_wconf 84' lang='lat' dir='ltr'><strong>virtutem</strong></span> <span class='ocrx_word' id='word_1_429' title='bbox 2460 2661 2608 2714; x_wconf 85' lang='lat' dir='ltr'><strong>illam</strong></span> <span class='ocrx_word' id='word_1_430' title='bbox 2641 2677 2761 2730; x_wconf 59' lang='lat' dir='ltr'><strong>quae</strong></span> <span class='ocrx_word' id='word_1_431' title='bbox 2800 2661 2866 2715; x_wconf 87' lang='lat' dir='ltr'><strong>ad</strong></span> <span class='ocrx_word' id='word_1_432' title='bbox 2895 2659 3028 2714; x_wconf 91' lang='lat' dir='ltr'><strong>illud</strong></span> <span class='ocrx_word' id='word_1_433' title='bbox 3061 2675 3236 2730; x_wconf 89' lang='lat' dir='ltr'><strong>usque</strong></span> <span class='ocrx_word' id='word_1_434' title='bbox 3265 2666 3478 2728; x_wconf 84' lang='lat' dir='ltr'><strong>tempus</strong></span> 
     </span>
    </p>
   </div>
   <div class='ocr_carea' id='block_1_58' title="bbox 1905 2753 3478 2810">
    <p class='ocr_par' dir='ltr' id='par_1_58' title="bbox 1905 2753 3478 2810">
     <span class='ocr_line' id='line_1_58' title="bbox 1905 2753 3478 2810; baseline -0.002 -2"><span class='ocrx_word' id='word_1_435' title='bbox 1905 2756 2008 2808; x_wconf 90' lang='lat' dir='ltr'><strong>loci</strong></span> <span class='ocrx_word' id='word_1_436' title='bbox 2042 2755 2388 2809; x_wconf 83' lang='lat' dir='ltr'><strong>sanctitatem</strong></span> <span class='ocrx_word' id='word_1_437' title='bbox 2429 2755 2702 2809; x_wconf 83' lang='lat' dir='ltr'><strong>tuebatur.</strong></span> <span class='ocrx_word' id='word_1_438' title='bbox 2735 2754 3002 2808; x_wconf 69' lang='lat' dir='ltr'><strong>Caeterum</strong></span> <span class='ocrx_word' id='word_1_439' title='bbox 3049 2763 3106 2810; x_wconf 88' lang='lat' dir='ltr'><strong>et</strong></span> <span class='ocrx_word' id='word_1_440' title='bbox 3132 2753 3346 2810; x_wconf 79' lang='lat' dir='ltr'><strong>sublata</strong></span> <span class='ocrx_word' id='word_1_441' title='bbox 3395 2762 3478 2806; x_wconf 67' lang='lat' dir='ltr'><strong>est</strong></span> 
     </span>
    </p>
   </div>
   <div class='ocr_carea' id='block_1_59' title="bbox 1905 2845 3480 2916">
    <p class='ocr_par' dir='ltr' id='par_1_59' title="bbox 1905 2845 3480 2916">
     <span class='ocr_line' id='line_1_59' title="bbox 1905 2845 3480 2916; baseline -0.003 -16"><span class='ocrx_word' id='word_1_442' title='bbox 1905 2845 2053 2900; x_wconf 87' lang='lat' dir='ltr'><strong>illico</strong></span> <span class='ocrx_word' id='word_1_443' title='bbox 2082 2854 2205 2916; x_wconf 90' lang='lat' dir='ltr'><strong>post</strong></span> <span class='ocrx_word' id='word_1_444' title='bbox 2239 2845 2387 2900; x_wconf 87' lang='lat' dir='ltr'><strong>illius</strong></span> <span class='ocrx_word' id='word_1_445' title='bbox 2420 2846 2718 2915; x_wconf 80' lang='lat' dir='ltr'><strong>perfectum</strong></span> <span class='ocrx_word' id='word_1_446' title='bbox 2755 2845 2972 2916; x_wconf 85' lang='lat' dir='ltr'><strong>Deoque</strong></span> <span class='ocrx_word' id='word_1_447' title='bbox 3019 2845 3351 2901; x_wconf 80' lang='lat' dir='ltr'><strong>conveniens</strong></span> <span class='ocrx_word' id='word_1_448' title='bbox 3390 2860 3480 2899; x_wconf 85' lang='lat' dir='ltr'><strong>sa-</strong></span> 
     </span>
    </p>
   </div>
   <div class='ocr_carea' id='block_1_60' title="bbox 1903 2933 3480 3007">
    <p class='ocr_par' dir='ltr' id='par_1_60' title="bbox 1903 2933 3480 3007">
     <span class='ocr_line' id='line_1_60' title="bbox 1903 2933 3480 3007; baseline -0.003 -17"><span class='ocrx_word' id='word_1_449' title='bbox 1903 2937 2190 2998; x_wconf 83' lang='lat' dir='ltr'><strong>criﬁcium,</strong></span> <span class='ocrx_word' id='word_1_450' title='bbox 2231 2935 2375 3007; x_wconf 91' lang='lat' dir='ltr'><strong>quod</strong></span> <span class='ocrx_word' id='word_1_451' title='bbox 2409 2935 2525 3006; x_wconf 91' lang='lat' dir='ltr'><strong>ipse</strong></span> <span class='ocrx_word' id='word_1_452' title='bbox 2569 2951 2628 2990; x_wconf 90' lang='lat' dir='ltr'><strong>se</strong></span> <span class='ocrx_word' id='word_1_453' title='bbox 2654 2935 2842 3004; x_wconf 88' lang='lat' dir='ltr'><strong>ipsum</strong></span> <span class='ocrx_word' id='word_1_454' title='bbox 2867 2952 2965 3004; x_wconf 87' lang='lat' dir='ltr'><strong>pro</strong></span> <span class='ocrx_word' id='word_1_455' title='bbox 2999 2935 3240 3005; x_wconf 83' lang='lat' dir='ltr'><strong>peccatis</strong></span> <span class='ocrx_word' id='word_1_456' title='bbox 3274 2933 3480 2988; x_wconf 86' lang='lat' dir='ltr'><strong>nostris</strong></span> 
     </span>
    </p>
   </div>
   <div class='ocr_carea' id='block_1_61' title="bbox 1911 3011 3480 3098">
    <p class='ocr_par' dir='ltr' id='par_1_61' title="bbox 1911 3011 3480 3098">
     <span class='ocr_line' id='line_1_61' title="bbox 1911 3011 3480 3098; baseline -0.001 -17"><span class='ocrx_word' id='word_1_457' title='bbox 1911 3027 2127 3088; x_wconf 87' lang='lat' dir='ltr'><strong>obtulit.</strong></span> <span class='ocrx_word' id='word_1_458' title='bbox 2158 3042 2283 3082; x_wconf 90' lang='lat' dir='ltr'><strong>cum</strong></span> <span class='ocrx_word' id='word_1_459' title='bbox 2327 3025 2444 3097; x_wconf 88' lang='lat' dir='ltr'><strong>ipse</strong></span> <span class='ocrx_word' id='word_1_460' title='bbox 2471 3011 2618 3082; x_wconf 68' lang='lat' dir='ltr'><strong>esset</strong></span> <span class='ocrx_word' id='word_1_461' title='bbox 2646 3026 2736 3082; x_wconf 89' lang='lat' dir='ltr'><strong>ille</strong></span> <span class='ocrx_word' id='word_1_462' title='bbox 2780 3046 2798 3077; x_wconf 81' lang='grc' dir='ltr'><strong>ι</strong></span> <span class='ocrx_word' id='word_1_463' title='bbox 2839 3024 3026 3098; x_wconf 75' lang='lat' dir='ltr'><strong>Agnus</strong></span> <span class='ocrx_word' id='word_1_464' title='bbox 3060 3025 3150 3080; x_wconf 88' lang='lat' dir='ltr'><strong>Dei</strong></span> <span class='ocrx_word' id='word_1_465' title='bbox 3192 3024 3287 3096; x_wconf 87' lang='lat' dir='ltr'><strong>qui</strong></span> <span class='ocrx_word' id='word_1_466' title='bbox 3342 3024 3480 3079; x_wconf 86' lang='lat' dir='ltr'><strong>tollit</strong></span> 
     </span>
    </p>
   </div>
   <div class='ocr_carea' id='block_1_62' title="bbox 1903 3117 3480 3190">
    <p class='ocr_par' dir='ltr' id='par_1_62' title="bbox 1903 3117 3480 3190">
     <span class='ocr_line' id='line_1_62' title="bbox 1903 3117 3480 3190; baseline -0.001 -18"><span class='ocrx_word' id='word_1_467' title='bbox 1903 3126 2124 3189; x_wconf 90' lang='lat' dir='ltr'><strong>peccata</strong></span> <span class='ocrx_word' id='word_1_468' title='bbox 2161 3117 2346 3173; x_wconf 81' lang='lat' dir='ltr'><strong>mutuli</strong></span> <span class='ocrx_word' id='word_1_469' title='bbox 2375 3119 2420 3150; x_wconf 75' lang='grc'><strong>⁹¹</strong></span> <span class='ocrx_word' id='word_1_470' title='bbox 2458 3138 2470 3172; x_wconf 91' lang='lat'><strong>:</strong></span> <span class='ocrx_word' id='word_1_471' title='bbox 2531 3134 2685 3188; x_wconf 74' lang='lat' dir='ltr'><strong>i-quo</strong></span> <span class='ocrx_word' id='word_1_472' title='bbox 2719 3118 2937 3190; x_wconf 86' lang='lat' dir='ltr'><strong>quidem</strong></span> <span class='ocrx_word' id='word_1_473' title='bbox 2971 3118 3242 3174; x_wconf 88' lang='lat' dir='ltr'><strong>sacrilicio</strong></span> <span class='ocrx_word' id='word_1_474' title='bbox 3263 3118 3480 3171; x_wconf 85' lang='lat' dir='ltr'><strong>cunctis</strong></span> 
     </span>
    </p>
   </div>
   <div class='ocr_carea' id='block_1_63' title="bbox 1906 3209 3484 3280">
    <p class='ocr_par' dir='ltr' id='par_1_63' title="bbox 1906 3209 3484 3280">
     <span class='ocr_line' id='line_1_63' title="bbox 1906 3209 3484 3280; baseline 0 -18"><span class='ocrx_word' id='word_1_475' title='bbox 1906 3209 2220 3264; x_wconf 85' lang='lat' dir='ltr'><strong>hominibus</strong></span> <span class='ocrx_word' id='word_1_476' title='bbox 2250 3210 2550 3264; x_wconf 81' lang='lat' dir='ltr'><strong>secundum</strong></span> <span class='ocrx_word' id='word_1_477' title='bbox 2583 3226 2722 3264; x_wconf 85' lang='lat' dir='ltr'><strong>nova</strong></span> <span class='ocrx_word' id='word_1_478' title='bbox 2747 3209 2880 3265; x_wconf 74' lang='lat' dir='ltr'><strong>Novi</strong></span> <span class='ocrx_word' id='word_1_479' title='bbox 2915 3209 3249 3266; x_wconf 86' lang='lat' dir='ltr'><strong>Testamenti</strong></span> <span class='ocrx_word' id='word_1_480' title='bbox 3284 3215 3484 3280; x_wconf 79' lang='lat' dir='ltr'><strong>myste-</strong></span> 
     </span>
    </p>
   </div>
   <div class='ocr_carea' id='block_1_64' title="bbox 222 3297 1817 3376">
    <p class='ocr_par' dir='ltr' id='par_1_64' title="bbox 222 3297 1800 3373">
     <span class='ocr_line' id='line_1_64' title="bbox 222 3297 1800 3373; baseline 0.003 -24"><span class='ocrx_word' id='word_1_481' title='bbox 222 3297 377 3350; x_wconf 81' lang='grc' dir='ltr'>πάλιν</span> <span class='ocrx_word' id='word_1_482' title='bbox 401 3299 431 3350; x_wconf 91' lang='lat'><strong>6</strong></span> <span class='ocrx_word' id='word_1_483' title='bbox 452 3297 612 3361; x_wconf 76' lang='grc' dir='ltr'>αὐτός</span> <span class='ocrx_word' id='word_1_484' title='bbox 628 3316 781 3369; x_wconf 83' lang='grc' dir='ltr'>φησι,</span> <span class='ocrx_word' id='word_1_485' title='bbox 808 3318 826 3350; x_wconf 77' lang='grc' dir='ltr'><strong>ι</strong></span> <span class='ocrx_word' id='word_1_486' title='bbox 857 3298 1091 3352; x_wconf 79' lang='grc' dir='ltr'>Πιλᾶτον</span> <span class='ocrx_word' id='word_1_487' title='bbox 1111 3299 1202 3353; x_wconf 80' lang='grc' dir='ltr'><strong>τὸν</strong></span> <span class='ocrx_word' id='word_1_488' title='bbox 1222 3299 1486 3370; x_wconf 81' lang='grc' dir='ltr'>ἡγεμόνα,</span> <span class='ocrx_word' id='word_1_489' title='bbox 1513 3319 1532 3350; x_wconf 79' lang='grc' dir='ltr'><strong>ι</strong></span> <span class='ocrx_word' id='word_1_490' title='bbox 1558 3301 1718 3353; x_wconf 81' lang='grc' dir='ltr'>αὐτὸν</span> <span class='ocrx_word' id='word_1_491' title='bbox 1737 3301 1800 3373; x_wconf 80' lang='grc' dir='ltr'>δὴ</span> 
     </span>
    </p>
   </div>
   <div class='ocr_carea' id='block_1_65' title="bbox 1907 3297 3477 3376">
    <p class='ocr_par' dir='ltr' id='par_1_65' title="bbox 1907 3297 3477 3372">
     <span class='ocr_line' id='line_1_65' title="bbox 1907 3297 3477 3372; baseline -0.001 -18"><span class='ocrx_word' id='word_1_492' title='bbox 1907 3299 1989 3354; x_wconf 87' lang='lat' dir='ltr'><strong>ria</strong></span> <span class='ocrx_word' id='word_1_493' title='bbox 2015 3299 2236 3364; x_wconf 86' lang='lat' dir='ltr'><strong>tradita,</strong></span> <span class='ocrx_word' id='word_1_494' title='bbox 2267 3315 2389 3371; x_wconf 73' lang='lat' dir='ltr'><strong>qua:</strong></span> <span class='ocrx_word' id='word_1_495' title='bbox 2415 3299 2631 3356; x_wconf 80' lang='lat' dir='ltr'><strong>Veteris</strong></span> <span class='ocrx_word' id='word_1_496' title='bbox 2656 3301 2878 3372; x_wconf 85' lang='lat' dir='ltr'><strong>prepria</strong></span> <span class='ocrx_word' id='word_1_497' title='bbox 2900 3307 3058 3357; x_wconf 87' lang='lat' dir='ltr'><strong>erant</strong></span> <span class='ocrx_word' id='word_1_498' title='bbox 3079 3297 3294 3355; x_wconf 75' lang='lat' dir='ltr'><strong>sublata</strong></span> <span class='ocrx_word' id='word_1_499' title='bbox 3329 3307 3477 3356; x_wconf 88' lang='lat' dir='ltr'><strong>sunt.</strong></span> 
     </span>
    </p>
   </div>
   <div class='ocr_carea' id='block_1_66' title="bbox 214 3389 1800 3462">
    <p class='ocr_par' dir='ltr' id='par_1_66' title="bbox 214 3389 1800 3462">
     <span class='ocr_line' id='line_1_66' title="bbox 214 3389 1800 3462; baseline 0.001 -20"><span class='ocrx_word' id='word_1_500' title='bbox 214 3392 425 3443; x_wconf 77' lang='grc' dir='ltr'>ἐκεῖνον</span> <span class='ocrx_word' id='word_1_501' title='bbox 484 3389 575 3443; x_wconf 73' lang='grc' dir='ltr'>τὸν</span> <span class='ocrx_word' id='word_1_502' title='bbox 628 3391 721 3442; x_wconf 74' lang='grc' dir='ltr'>ἐπὶ</span> <span class='ocrx_word' id='word_1_503' title='bbox 751 3390 847 3442; x_wconf 88' lang='grc' dir='ltr'><strong>τοῦ</strong></span> <span class='ocrx_word' id='word_1_504' title='bbox 878 3391 1131 3462; x_wconf 77' lang='grc' dir='ltr'>Σωτῆρος</span> <span class='ocrx_word' id='word_1_505' title='bbox 1151 3391 1330 3461; x_wconf 79' lang='grc' dir='ltr'>ἡμῶν,</span> <span class='ocrx_word' id='word_1_506' title='bbox 1356 3409 1375 3442; x_wconf 88' lang='grc'><strong><em>‹</em></strong></span> <span class='ocrx_word' id='word_1_507' title='bbox 1401 3390 1499 3454; x_wconf 82' lang='grc' dir='ltr'>τὰς</span> <span class='ocrx_word' id='word_1_508' title='bbox 1524 3390 1800 3462; x_wconf 84' lang='grc' dir='ltr'>Καίσαρος</span> 
     </span>
    </p>
   </div>
   <div class='ocr_carea' id='block_1_67' title="bbox 221 3479 1802 3556">
    <p class='ocr_par' dir='ltr' id='par_1_67' title="bbox 221 3479 1802 3556">
     <span class='ocr_line' id='line_1_67' title="bbox 221 3479 1802 3556; baseline 0 -21"><span class='ocrx_word' id='word_1_509' title='bbox 221 3483 432 3546; x_wconf 75' lang='grc' dir='ltr'>εἰκόνας</span> <span class='ocrx_word' id='word_1_510' title='bbox 457 3483 674 3554; x_wconf 82' lang='grc' dir='ltr'>νύκτωρ</span> <span class='ocrx_word' id='word_1_511' title='bbox 711 3485 788 3547; x_wconf 85' lang='grc' dir='ltr'><strong>είς</strong></span> <span class='ocrx_word' id='word_1_512' title='bbox 803 3484 863 3536; x_wconf 84' lang='grc' dir='ltr'><strong>τὸ</strong></span> <span class='ocrx_word' id='word_1_513' title='bbox 884 3483 1196 3554; x_wconf 80' lang='grc' dir='ltr'>ἱερὸν,ὄπερ</span> <span class='ocrx_word' id='word_1_514' title='bbox 1210 3484 1308 3536; x_wconf 78' lang='grc' dir='ltr'><strong>οὐκ</strong></span> <span class='ocrx_word' id='word_1_515' title='bbox 1326 3479 1394 3556; x_wconf 83' lang='grc' dir='ltr'>ἧν</span> <span class='ocrx_word' id='word_1_516' title='bbox 1415 3483 1592 3553; x_wconf 75' lang='grc' dir='ltr'>θέμις,</span> <span class='ocrx_word' id='word_1_517' title='bbox 1630 3484 1802 3536; x_wconf 81' lang='grc' dir='ltr'>εἰσκο-</span> 
     </span>
    </p>
   </div>
   <div class='ocr_carea' id='block_1_68' title="bbox 226 3575 1802 3648">
    <p class='ocr_par' dir='ltr' id='par_1_68' title="bbox 226 3575 1802 3648">
     <span class='ocr_line' id='line_1_68' title="bbox 226 3575 1802 3648; baseline 0 -20"><span class='ocrx_word' id='word_1_518' title='bbox 226 3577 398 3647; x_wconf 85' lang='grc' dir='ltr'>μίσαι,</span> <span class='ocrx_word' id='word_1_519' title='bbox 425 3577 690 3647; x_wconf 84' lang='grc' dir='ltr'>μεγίστην</span> <span class='ocrx_word' id='word_1_520' title='bbox 715 3593 772 3629; x_wconf 89' lang='grc' dir='ltr'><strong>τε</strong></span> <span class='ocrx_word' id='word_1_521' title='bbox 795 3577 1039 3648; x_wconf 77' lang='grc' dir='ltr'>ταραχὴν</span> <span class='ocrx_word' id='word_1_522' title='bbox 1057 3617 1070 3640; x_wconf 96' lang='grc'><strong>,</strong></span> <span class='ocrx_word' id='word_1_523' title='bbox 1102 3575 1332 3647; x_wconf 78' lang='grc' dir='ltr'>θορύϐου</span> <span class='ocrx_word' id='word_1_524' title='bbox 1356 3593 1416 3629; x_wconf 89' lang='grc' dir='ltr'><strong>τε</strong></span> <span class='ocrx_word' id='word_1_525' title='bbox 1447 3577 1540 3629; x_wconf 74' lang='grc' dir='ltr'><strong>καὶ</strong></span> <span class='ocrx_word' id='word_1_526' title='bbox 1561 3575 1802 3639; x_wconf 80' lang='grc' dir='ltr'>στάσεως</span> 
     </span>
    </p>
   </div>
   <div class='ocr_carea' id='block_1_69' title="bbox 223 3667 1802 3740">
    <p class='ocr_par' dir='ltr' id='par_1_69' title="bbox 223 3667 1802 3740">
     <span class='ocr_line' id='line_1_69' title="bbox 223 3667 1802 3740; baseline -0.001 -19"><span class='ocrx_word' id='word_1_527' title='bbox 223 3668 590 3740; x_wconf 75' lang='grc' dir='ltr'>ἐμεεόλῆσθαι</span> <span class='ocrx_word' id='word_1_528' title='bbox 634 3671 748 3732; x_wconf 85' lang='grc' dir='ltr'>τοῖς</span> <span class='ocrx_word' id='word_1_529' title='bbox 780 3668 1074 3728; x_wconf 82' lang='grc' dir='ltr'>Ἰουδαίοις.</span> <span class='ocrx_word' id='word_1_530' title='bbox 1109 3688 1125 3719; x_wconf 72' lang='grc' dir='ltr'><strong>ι</strong></span> <span class='ocrx_word' id='word_1_531' title='bbox 1163 3667 1311 3721; x_wconf 79' lang='grc' dir='ltr'>Ᾱύτὰ</span> <span class='ocrx_word' id='word_1_532' title='bbox 1339 3667 1402 3738; x_wconf 83' lang='grc' dir='ltr'>δὴ</span> <span class='ocrx_word' id='word_1_533' title='bbox 1434 3667 1608 3720; x_wconf 87' lang='grc' dir='ltr'>ταῦτα</span> <span class='ocrx_word' id='word_1_534' title='bbox 1636 3667 1731 3721; x_wconf 64' lang='grc' dir='ltr'><strong>καὶ</strong></span> <span class='ocrx_word' id='word_1_535' title='bbox 1773 3668 1802 3719; x_wconf 91' lang='lat'><strong>6</strong></span> 
     </span>
    </p>
   </div>
   <div class='ocr_carea' id='block_1_70' title="bbox 219 3759 1802 3834">
    <p class='ocr_par' dir='ltr' id='par_1_70' title="bbox 219 3759 1802 3834">
     <span class='ocr_line' id='line_1_70' title="bbox 219 3759 1802 3834; baseline -0.002 -19"><span class='ocrx_word' id='word_1_536' title='bbox 219 3763 387 3815; x_wconf 59' lang='grc' dir='ltr'>Φᾶων</span> <span class='ocrx_word' id='word_1_537' title='bbox 444 3763 858 3834; x_wconf 83' lang='grc' dir='ltr'>συμμαρτυρεῖ,</span> <span class='ocrx_word' id='word_1_538' title='bbox 901 3780 919 3812; x_wconf 80' lang='grc' dir='ltr'><strong>ι</strong></span> <span class='ocrx_word' id='word_1_539' title='bbox 947 3761 1060 3824; x_wconf 77' lang='grc' dir='ltr'><strong>Τὰς</strong></span> <span class='ocrx_word' id='word_1_540' title='bbox 1118 3761 1357 3832; x_wconf 81' lang='grc' dir='ltr'>σημαίας</span> <span class='ocrx_word' id='word_1_541' title='bbox 1406 3761 1630 3830; x_wconf 82' lang='grc' dir='ltr'>φάσκων</span> <span class='ocrx_word' id='word_1_542' title='bbox 1703 3759 1802 3824; x_wconf 85' lang='grc' dir='ltr'>τὰς</span> 
     </span>
    </p>
   </div>
   <div class='ocr_carea' id='block_1_71' title="bbox 226 3847 1798 3922">
    <p class='ocr_par' dir='ltr' id='par_1_71' title="bbox 226 3847 1798 3922">
     <span class='ocr_line' id='line_1_71' title="bbox 226 3847 1798 3922; baseline -0.003 -16"><span class='ocrx_word' id='word_1_543' title='bbox 226 3853 506 3922; x_wconf 72' lang='grc' dir='ltr'>βασιλικὰς</span> <span class='ocrx_word' id='word_1_544' title='bbox 530 3852 622 3905; x_wconf 75' lang='grc' dir='ltr'><strong>τὸν</strong></span> <span class='ocrx_word' id='word_1_545' title='bbox 643 3851 872 3907; x_wconf 77' lang='grc' dir='ltr'>Πιλᾶτον</span> <span class='ocrx_word' id='word_1_546' title='bbox 898 3851 1114 3922; x_wconf 86' lang='grc' dir='ltr'>νύκτωρ</span> <span class='ocrx_word' id='word_1_547' title='bbox 1143 3852 1200 3902; x_wconf 81' lang='grc' dir='ltr'><strong>ἐν</strong></span> <span class='ocrx_word' id='word_1_548' title='bbox 1226 3849 1305 3920; x_wconf 79' lang='grc' dir='ltr'><strong>τῷ</strong></span> <span class='ocrx_word' id='word_1_549' title='bbox 1342 3849 1471 3921; x_wconf 75' lang='grc' dir='ltr'>ἱερῷ</span> <span class='ocrx_word' id='word_1_550' title='bbox 1501 3847 1798 3914; x_wconf 79' lang='grc' dir='ltr'>ἀναθεῖναι,</span> 
     </span>
    </p>
   </div>
   <div class='ocr_carea' id='block_1_72' title="bbox 223 3939 1801 4016">
    <p class='ocr_par' dir='ltr' id='par_1_72' title="bbox 223 3939 1801 4016">
     <span class='ocr_line' id='line_1_72' title="bbox 223 3939 1801 4016; baseline -0.003 -18"><span class='ocrx_word' id='word_1_551' title='bbox 223 3946 391 4016; x_wconf 76' lang='grc' dir='ltr'>ἀρχήν</span> <span class='ocrx_word' id='word_1_552' title='bbox 425 3963 484 3997; x_wconf 89' lang='grc' dir='ltr'><strong>τε</strong></span> <span class='ocrx_word' id='word_1_553' title='bbox 513 3943 753 3997; x_wconf 85' lang='grc' dir='ltr'>στάσεων</span> <span class='ocrx_word' id='word_1_554' title='bbox 784 3943 876 3996; x_wconf 71' lang='grc' dir='ltr'><strong>καὶ</strong></span> <span class='ocrx_word' id='word_1_555' title='bbox 904 3941 1196 4014; x_wconf 80' lang='grc' dir='ltr'>συμφορῶν</span> <span class='ocrx_word' id='word_1_556' title='bbox 1223 3941 1538 4012; x_wconf 77' lang='grc' dir='ltr'>ἐπαλλήλων</span> <span class='ocrx_word' id='word_1_557' title='bbox 1567 3939 1624 4006; x_wconf 76' lang='grc' dir='ltr'>ἐξ</span> <span class='ocrx_word' id='word_1_558' title='bbox 1659 3941 1801 3996; x_wconf 89' lang='grc' dir='ltr'>ἐκεί-</span> 
     </span>
    </p>
   </div>
   <div class='ocr_carea' id='block_1_73' title="bbox 223 4029 1802 4105">
    <p class='ocr_par' dir='ltr' id='par_1_73' title="bbox 223 4029 1802 4105">
     <span class='ocr_line' id='line_1_73' title="bbox 223 4029 1802 4105; baseline -0.001 -16"><span class='ocrx_word' id='word_1_559' title='bbox 223 4054 308 4089; x_wconf 84' lang='grc' dir='ltr'><strong>νου</strong></span> <span class='ocrx_word' id='word_1_560' title='bbox 358 4039 472 4099; x_wconf 87' lang='grc' dir='ltr'>τοῖς</span> <span class='ocrx_word' id='word_1_561' title='bbox 530 4035 804 4099; x_wconf 84' lang='grc' dir='ltr'>Ἰουδαίοις</span> <span class='ocrx_word' id='word_1_562' title='bbox 847 4037 1164 4105; x_wconf 84' lang='grc' dir='ltr'>συμπεσεῖν.</span> <span class='ocrx_word' id='word_1_563' title='bbox 1200 4053 1218 4086; x_wconf 75' lang='grc' dir='ltr'><strong>ι</strong></span> <span class='ocrx_word' id='word_1_564' title='bbox 1245 4034 1318 4087; x_wconf 82' lang='grc' dir='ltr'><strong>Οὐ</strong></span> <span class='ocrx_word' id='word_1_565' title='bbox 1402 4034 1642 4104; x_wconf 71' lang='grc' dir='ltr'>διέλιπον</span> <span class='ocrx_word' id='word_1_566' title='bbox 1709 4029 1802 4088; x_wconf 78' lang='grc' dir='ltr'><strong>οὖν</strong></span> 
     </span>
    </p>
   </div>
   <div class='ocr_carea' id='block_1_74' title="bbox 225 4127 1802 4201">
    <p class='ocr_par' dir='ltr' id='par_1_74' title="bbox 225 4127 1802 4201">
     <span class='ocr_line' id='line_1_74' title="bbox 225 4127 1802 4201; baseline -0.001 -18"><span class='ocrx_word' id='word_1_567' title='bbox 225 4131 404 4183; x_wconf 77' lang='grc' dir='ltr'>ἔκτοτε</span> <span class='ocrx_word' id='word_1_568' title='bbox 452 4129 514 4182; x_wconf 74' lang='grc' dir='ltr'><strong>τὸ</strong></span> <span class='ocrx_word' id='word_1_569' title='bbox 569 4130 677 4181; x_wconf 77' lang='grc' dir='ltr'>πᾶν</span> <span class='ocrx_word' id='word_1_570' title='bbox 731 4127 882 4191; x_wconf 76' lang='grc' dir='ltr'>ἔθνος</span> <span class='ocrx_word' id='word_1_571' title='bbox 935 4129 1028 4180; x_wconf 75' lang='grc' dir='ltr'>καὶ</span> <span class='ocrx_word' id='word_1_572' title='bbox 1079 4127 1177 4198; x_wconf 79' lang='grc' dir='ltr'><strong>τὴν</strong></span> <span class='ocrx_word' id='word_1_573' title='bbox 1240 4128 1569 4201; x_wconf 78' lang='grc' dir='ltr'>μητρόπολιν</span> <span class='ocrx_word' id='word_1_574' title='bbox 1623 4127 1802 4182; x_wconf 74' lang='grc' dir='ltr'>αὐτῶν</span> 
     </span>
    </p>
   </div>
   <div class='ocr_carea' id='block_1_75' title="bbox 226 4201 1801 4284">
    <p class='ocr_par' dir='ltr' id='par_1_75' title="bbox 226 4218 1801 4284">
     <span class='ocr_line' id='line_1_75' title="bbox 226 4218 1801 4284; baseline 0.001 -13"><span class='ocrx_word' id='word_1_575' title='bbox 226 4219 494 4273; x_wconf 77' lang='grc' dir='ltr'>παντοίων</span> <span class='ocrx_word' id='word_1_576' title='bbox 551 4219 736 4272; x_wconf 84' lang='grc' dir='ltr'>κακῶν</span> <span class='ocrx_word' id='word_1_577' title='bbox 804 4218 1200 4283; x_wconf 77' lang='grc' dir='ltr'>ἐπαναστάσεις</span> <span class='ocrx_word' id='word_1_578' title='bbox 1257 4219 1363 4284; x_wconf 74' lang='grc' dir='ltr'>ἕως</span> <span class='ocrx_word' id='word_1_579' title='bbox 1415 4219 1506 4273; x_wconf 87' lang='grc' dir='ltr'><strong>τοῦ</strong></span> <span class='ocrx_word' id='word_1_580' title='bbox 1569 4219 1801 4273; x_wconf 80' lang='grc' dir='ltr'>ὑστάτου</span> 
     </span>
    </p>
   </div>
   <div class='ocr_carea' id='block_1_76' title="bbox 225 4311 1800 4382">
    <p class='ocr_par' dir='ltr' id='par_1_76' title="bbox 225 4311 1800 4382">
     <span class='ocr_line' id='line_1_76' title="bbox 225 4311 1800 4382; baseline 0 -18"><span class='ocrx_word' id='word_1_581' title='bbox 225 4315 336 4364; x_wconf 84' lang='grc' dir='ltr'>κατ’</span> <span class='ocrx_word' id='word_1_582' title='bbox 382 4311 562 4364; x_wconf 75' lang='grc' dir='ltr'>αὐτῶν</span> <span class='ocrx_word' id='word_1_583' title='bbox 608 4311 864 4382; x_wconf 88' lang='grc' dir='ltr'>πολέμου.</span> <span class='ocrx_word' id='word_1_584' title='bbox 910 4311 1004 4364; x_wconf 74' lang='grc' dir='ltr'>καὶ</span> <span class='ocrx_word' id='word_1_585' title='bbox 1047 4311 1146 4381; x_wconf 74' lang='grc' dir='ltr'><strong>τῆς</strong></span> <span class='ocrx_word' id='word_1_586' title='bbox 1185 4313 1417 4382; x_wconf 78' lang='grc' dir='ltr'>ἐσχάτης</span> <span class='ocrx_word' id='word_1_587' title='bbox 1463 4311 1800 4382; x_wconf 86' lang='grc' dir='ltr'>πολιορκίας,</span> 
     </span>
    </p>
   </div>
   <div class='ocr_carea' id='block_1_77' title="bbox 227 4403 1800 4475">
    <p class='ocr_par' dir='ltr' id='par_1_77' title="bbox 227 4403 1800 4475">
     <span class='ocr_line' id='line_1_77' title="bbox 227 4403 1800 4475; baseline -0.001 -18"><span class='ocrx_word' id='word_1_588' title='bbox 227 4403 338 4458; x_wconf 84' lang='grc' dir='ltr'>καθ’</span> <span class='ocrx_word' id='word_1_589' title='bbox 377 4407 445 4475; x_wconf 81' lang='grc' dir='ltr'>ἣν</span> <span class='ocrx_word' id='word_1_590' title='bbox 475 4404 750 4467; x_wconf 82' lang='grc' dir='ltr'>παντοίοις</span> <span class='ocrx_word' id='word_1_591' title='bbox 781 4405 1144 4474; x_wconf 77' lang='grc' dir='ltr'>ἀφανισμοῖς,</span> <span class='ocrx_word' id='word_1_592' title='bbox 1191 4404 1350 4475; x_wconf 85' lang='grc' dir='ltr'>λιμοῦ</span> <span class='ocrx_word' id='word_1_593' title='bbox 1384 4423 1440 4458; x_wconf 90' lang='grc' dir='ltr'><strong>τε</strong></span> <span class='ocrx_word' id='word_1_594' title='bbox 1485 4405 1578 4458; x_wconf 71' lang='grc' dir='ltr'><strong>καὶ</strong></span> <span class='ocrx_word' id='word_1_595' title='bbox 1613 4403 1800 4475; x_wconf 81' lang='grc' dir='ltr'>λοιμοῦ</span> 
     </span>
    </p>
   </div>
   <div class='ocr_carea' id='block_1_78' title="bbox 227 4495 1802 4568">
    <p class='ocr_par' dir='ltr' id='par_1_78' title="bbox 227 4495 1802 4568">
     <span class='ocr_line' id='line_1_78' title="bbox 227 4495 1802 4568; baseline -0.001 -20"><span class='ocrx_word' id='word_1_596' title='bbox 227 4500 310 4550; x_wconf 66' lang='grc' dir='ltr'><strong>καὶ</strong></span> <span class='ocrx_word' id='word_1_597' title='bbox 354 4497 656 4568; x_wconf 80' lang='grc' dir='ltr'>μαχαίρας,</span> <span class='ocrx_word' id='word_1_598' title='bbox 687 4495 1128 4566; x_wconf 87' lang='grc' dir='ltr'>καταποντισμοῦ</span> <span class='ocrx_word' id='word_1_599' title='bbox 1169 4496 1322 4566; x_wconf 88' lang='grc' dir='ltr'>δίκην</span> <span class='ocrx_word' id='word_1_600' title='bbox 1349 4495 1440 4549; x_wconf 89' lang='grc' dir='ltr'><strong>τοῦ</strong></span> <span class='ocrx_word' id='word_1_601' title='bbox 1468 4498 1588 4550; x_wconf 84' lang='grc' dir='ltr'>κατ’</span> <span class='ocrx_word' id='word_1_602' title='bbox 1622 4496 1802 4549; x_wconf 70' lang='grc' dir='ltr'>αὐτῶν</span> 
     </span>
    </p>
   </div>
   <div class='ocr_carea' id='block_1_79' title="bbox 223 4588 1800 4662">
    <p class='ocr_par' dir='ltr' id='par_1_79' title="bbox 223 4588 1800 4662">
     <span class='ocr_line' id='line_1_79' title="bbox 223 4588 1800 4662; baseline 0.001 -23"><span class='ocrx_word' id='word_1_603' title='bbox 223 4591 441 4662; x_wconf 76' lang='grc' dir='ltr'>ὀλέθρου</span> <span class='ocrx_word' id='word_1_604' title='bbox 469 4589 887 4662; x_wconf 77' lang='grc' dir='ltr'>συρρεύσαντος,</span> <span class='ocrx_word' id='word_1_605' title='bbox 924 4589 1122 4652; x_wconf 86' lang='grc' dir='ltr'>πάντες</span> <span class='ocrx_word' id='word_1_606' title='bbox 1154 4590 1203 4641; x_wconf 83' lang='grc' dir='ltr'>οἱ</span> <span class='ocrx_word' id='word_1_607' title='bbox 1235 4590 1671 4653; x_wconf 80' lang='grc' dir='ltr'>κατασυστὰντες</span> <span class='ocrx_word' id='word_1_608' title='bbox 1707 4588 1800 4642; x_wconf 87' lang='grc' dir='ltr'><strong>τοῦ</strong></span> 
     </span>
    </p>
   </div>
   <div class='ocr_carea' id='block_1_80' title="bbox 1908 3391 3479 3463">
    <p class='ocr_par' dir='ltr' id='par_1_80' title="bbox 1908 3391 3479 3463">
     <span class='ocr_line' id='line_1_80' title="bbox 1908 3391 3479 3463; baseline -0.003 -19"><span class='ocrx_word' id='word_1_609' title='bbox 1908 3391 2108 3446; x_wconf 86' lang='lat' dir='ltr'><strong>Eodem</strong></span> <span class='ocrx_word' id='word_1_610' title='bbox 2131 3392 2277 3448; x_wconf 91' lang='lat' dir='ltr'><strong>enim</strong></span> <span class='ocrx_word' id='word_1_611' title='bbox 2301 3400 2544 3463; x_wconf 88' lang='lat' dir='ltr'><strong>tempore</strong></span> <span class='ocrx_word' id='word_1_612' title='bbox 2576 3401 2628 3448; x_wconf 88' lang='lat' dir='ltr'><strong>et</strong></span> <span class='ocrx_word' id='word_1_613' title='bbox 2660 3394 2946 3447; x_wconf 89' lang='lat' dir='ltr'><strong>oraculum</strong></span> <span class='ocrx_word' id='word_1_614' title='bbox 2979 3391 3114 3449; x_wconf 88' lang='lat' dir='ltr'><strong>illud</strong></span> <span class='ocrx_word' id='word_1_615' title='bbox 3148 3391 3479 3460; x_wconf 88' lang='lat' dir='ltr'><strong>completum</strong></span> 
     </span>
    </p>
   </div>
   <div class='ocr_carea' id='block_1_81' title="bbox 1907 3481 3480 3554">
    <p class='ocr_par' dir='ltr' id='par_1_81' title="bbox 1907 3481 3480 3554">
     <span class='ocr_line' id='line_1_81' title="bbox 1907 3481 3480 3554; baseline -0.004 -16"><span class='ocrx_word' id='word_1_616' title='bbox 1907 3491 1989 3538; x_wconf 88' lang='lat' dir='ltr'><strong>est</strong></span> <span class='ocrx_word' id='word_1_617' title='bbox 2023 3503 2036 3538; x_wconf 88' lang='lat'>:</span> <span class='ocrx_word' id='word_1_618' title='bbox 2075 3503 2095 3537; x_wconf 78' lang='grc' dir='ltr'><strong>ι</strong></span> <span class='ocrx_word' id='word_1_619' title='bbox 2143 3484 2209 3539; x_wconf 88' lang='grc' dir='ltr'>Ει</span> <span class='ocrx_word' id='word_1_620' title='bbox 2262 3483 2611 3539; x_wconf 81' lang='lat' dir='ltr'><strong>confirmabit</strong></span> <span class='ocrx_word' id='word_1_621' title='bbox 2668 3490 2887 3554; x_wconf 85' lang='lat' dir='ltr'><strong>pactum</strong></span> <span class='ocrx_word' id='word_1_622' title='bbox 2946 3482 3134 3538; x_wconf 90' lang='lat' dir='ltr'><strong>multis</strong></span> <span class='ocrx_word' id='word_1_623' title='bbox 3181 3481 3480 3536; x_wconf 87' lang='lat' dir='ltr'><strong>hcbdomas</strong></span> 
     </span>
    </p>
   </div>
   <div class='ocr_carea' id='block_1_82' title="bbox 1909 3573 3474 3648">
    <p class='ocr_par' dir='ltr' id='par_1_82' title="bbox 1909 3573 3474 3648">
     <span class='ocr_line' id='line_1_82' title="bbox 1909 3573 3474 3648; baseline 0 -18"><span class='ocrx_word' id='word_1_624' title='bbox 1909 3592 2040 3642; x_wconf 90' lang='lat' dir='ltr'><strong>una,</strong></span> <span class='ocrx_word' id='word_1_625' title='bbox 2073 3586 2126 3632; x_wconf 92' lang='lat' dir='ltr'><strong>et</strong></span> <span class='ocrx_word' id='word_1_626' title='bbox 2178 3593 2299 3648; x_wconf 57' lang='lat' dir='ltr'><strong>qua!</strong></span> <span class='ocrx_word' id='word_1_627' title='bbox 2349 3578 2416 3632; x_wconf 87' lang='lat' dir='ltr'><strong>ad</strong></span> <span class='ocrx_word' id='word_1_628' title='bbox 2447 3576 2614 3631; x_wconf 78' lang='lat' dir='ltr'><strong>Vetus</strong></span> <span class='ocrx_word' id='word_1_629' title='bbox 2638 3575 3047 3630; x_wconf 83' lang='lat' dir='ltr'><strong>Testamentum</strong></span> <span class='ocrx_word' id='word_1_630' title='bbox 3079 3580 3327 3644; x_wconf 87' lang='lat' dir='ltr'><strong>spectant</strong></span> <span class='ocrx_word' id='word_1_631' title='bbox 3351 3573 3474 3630; x_wconf 82' lang='lat' dir='ltr'><strong>sub.-</strong></span> 
     </span>
    </p>
   </div>
   <div class='ocr_carea' id='block_1_83' title="bbox 1909 3663 3485 3739">
    <p class='ocr_par' dir='ltr' id='par_1_83' title="bbox 1909 3663 3485 3739">
     <span class='ocr_line' id='line_1_83' title="bbox 1909 3663 3485 3739; baseline 0 -16"><span class='ocrx_word' id='word_1_632' title='bbox 1909 3668 2015 3723; x_wconf 86' lang='lat' dir='ltr'><strong>lata</strong></span> <span class='ocrx_word' id='word_1_633' title='bbox 2047 3679 2195 3726; x_wconf 92' lang='lat' dir='ltr'><strong>sunt.</strong></span> <span class='ocrx_word' id='word_1_634' title='bbox 2232 3690 2250 3723; x_wconf 73' lang='grc' dir='ltr'><strong>ι</strong></span> <span class='ocrx_word' id='word_1_635' title='bbox 2284 3671 2552 3726; x_wconf 52' lang='lat' dir='ltr'><strong>Caeterum</strong></span> <span class='ocrx_word' id='word_1_636' title='bbox 2577 3668 2798 3739; x_wconf 87' lang='lat' dir='ltr'><strong>quando</strong></span> <span class='ocrx_word' id='word_1_637' title='bbox 2835 3666 3055 3723; x_wconf 89' lang='lat' dir='ltr'><strong>tandem</strong></span> <span class='ocrx_word' id='word_1_638' title='bbox 3102 3681 3224 3737; x_wconf 65' lang='lat' dir='ltr'><strong>quae</strong></span> <span class='ocrx_word' id='word_1_639' title='bbox 3269 3666 3338 3720; x_wconf 88' lang='lat' dir='ltr'><strong>ad</strong></span> <span class='ocrx_word' id='word_1_640' title='bbox 3372 3663 3485 3723; x_wconf 79' lang='lat' dir='ltr'><strong>N0.-</strong></span> 
     </span>
    </p>
   </div>
   <div class='ocr_carea' id='block_1_84' title="bbox 1907 3758 3480 3832">
    <p class='ocr_par' dir='ltr' id='par_1_84' title="bbox 1907 3758 3480 3832">
     <span class='ocr_line' id='line_1_84' title="bbox 1907 3758 3480 3832; baseline -0.001 -17"><span class='ocrx_word' id='word_1_641' title='bbox 1907 3777 2034 3816; x_wconf 91' lang='lat' dir='ltr'><strong>vum</strong></span> <span class='ocrx_word' id='word_1_642' title='bbox 2094 3763 2364 3832; x_wconf 87' lang='lat' dir='ltr'><strong>pertinent</strong></span> <span class='ocrx_word' id='word_1_643' title='bbox 2389 3761 2802 3817; x_wconf 85' lang='lat' dir='ltr'><strong>Testamentum</strong></span> <span class='ocrx_word' id='word_1_644' title='bbox 2837 3769 2967 3817; x_wconf 89' lang='lat' dir='ltr'><strong>sunt</strong></span> <span class='ocrx_word' id='word_1_645' title='bbox 2996 3760 3340 3821; x_wconf 80' lang='lat' dir='ltr'><strong>conﬁrmata,</strong></span> <span class='ocrx_word' id='word_1_646' title='bbox 3373 3758 3480 3813; x_wconf 86' lang='lat' dir='ltr'><strong>nisi</strong></span> 
     </span>
    </p>
   </div>
   <div class='ocr_carea' id='block_1_85' title="bbox 1907 3849 3479 3921">
    <p class='ocr_par' dir='ltr' id='par_1_85' title="bbox 1907 3849 3479 3921">
     <span class='ocr_line' id='line_1_85' title="bbox 1907 3849 3479 3921; baseline -0.002 -17"><span class='ocrx_word' id='word_1_647' title='bbox 1907 3867 2032 3905; x_wconf 91' lang='lat' dir='ltr'><strong>cum</strong></span> <span class='ocrx_word' id='word_1_648' title='bbox 2066 3850 2314 3906; x_wconf 88' lang='lat' dir='ltr'><strong>Salvator</strong></span> <span class='ocrx_word' id='word_1_649' title='bbox 2343 3867 2408 3906; x_wconf 90' lang='lat' dir='ltr'><strong>ac</strong></span> <span class='ocrx_word' id='word_1_650' title='bbox 2433 3849 2696 3906; x_wconf 89' lang='lat' dir='ltr'><strong>Dominus</strong></span> <span class='ocrx_word' id='word_1_651' title='bbox 2732 3858 2918 3906; x_wconf 90' lang='lat' dir='ltr'><strong>noster</strong></span> <span class='ocrx_word' id='word_1_652' title='bbox 2951 3865 3148 3921; x_wconf 82' lang='lat' dir='ltr'><strong>magno</strong></span> <span class='ocrx_word' id='word_1_653' title='bbox 3183 3849 3275 3904; x_wconf 93' lang='lat' dir='ltr'><strong>illo</strong></span> <span class='ocrx_word' id='word_1_654' title='bbox 3305 3850 3388 3903; x_wconf 90' lang='lat' dir='ltr'><strong>sui</strong></span> <span class='ocrx_word' id='word_1_655' title='bbox 3413 3849 3479 3902; x_wconf 87' lang='lat' dir='ltr'><strong>ad</strong></span> 
     </span>
    </p>
   </div>
   <div class='ocr_carea' id='block_1_86' title="bbox 1910 3943 3483 4015">
    <p class='ocr_par' dir='ltr' id='par_1_86' title="bbox 1910 3943 3483 4015">
     <span class='ocr_line' id='line_1_86' title="bbox 1910 3943 3483 4015; baseline -0.002 -17"><span class='ocrx_word' id='word_1_656' title='bbox 1910 3955 2135 3999; x_wconf 89' lang='lat' dir='ltr'><strong>mortem</strong></span> <span class='ocrx_word' id='word_1_657' title='bbox 2185 3961 2444 4000; x_wconf 86' lang='lat' dir='ltr'><strong>accessus</strong></span> <span class='ocrx_word' id='word_1_658' title='bbox 2499 3945 2760 4015; x_wconf 83' lang='lat' dir='ltr'><strong>mysterio</strong></span> <span class='ocrx_word' id='word_1_659' title='bbox 2806 3943 3116 4007; x_wconf 69' lang='lat' dir='ltr'><strong>iuncturus,</strong></span> <span class='ocrx_word' id='word_1_660' title='bbox 3168 3957 3278 4013; x_wconf 88' lang='lat' dir='ltr'><strong>qua</strong></span> <span class='ocrx_word' id='word_1_661' title='bbox 3324 3953 3483 3996; x_wconf 84' lang='lat' dir='ltr'><strong>nocte</strong></span> 
     </span>
    </p>
   </div>
   <div class='ocr_carea' id='block_1_87' title="bbox 1909 4035 3480 4106">
    <p class='ocr_par' dir='ltr' id='par_1_87' title="bbox 1909 4035 3480 4106">
     <span class='ocr_line' id='line_1_87' title="bbox 1909 4035 3480 4106; baseline -0.003 -15"><span class='ocrx_word' id='word_1_662' title='bbox 1909 4038 2250 4102; x_wconf 89' lang='lat' dir='ltr'><strong>tradebatur,</strong></span> <span class='ocrx_word' id='word_1_663' title='bbox 2293 4039 2634 4093; x_wconf 87' lang='lat' dir='ltr'><strong>occultarum</strong></span> <span class='ocrx_word' id='word_1_664' title='bbox 2686 4045 2742 4092; x_wconf 88' lang='lat' dir='ltr'><strong>et</strong></span> <span class='ocrx_word' id='word_1_665' title='bbox 2771 4037 2838 4090; x_wconf 91' lang='lat' dir='ltr'><strong>ad</strong></span> <span class='ocrx_word' id='word_1_666' title='bbox 2888 4036 3066 4106; x_wconf 91' lang='lat' dir='ltr'><strong>ipsum</strong></span> <span class='ocrx_word' id='word_1_667' title='bbox 3117 4035 3480 4105; x_wconf 84' lang='lat' dir='ltr'><strong>spectantium</strong></span> 
     </span>
    </p>
   </div>
   <div class='ocr_carea' id='block_1_88' title="bbox 1909 4125 3482 4198">
    <p class='ocr_par' dir='ltr' id='par_1_88' title="bbox 1909 4125 3482 4198">
     <span class='ocr_line' id='line_1_88' title="bbox 1909 4125 3482 4198; baseline -0.003 -17"><span class='ocrx_word' id='word_1_668' title='bbox 1909 4127 2043 4182; x_wconf 80' lang='lat' dir='ltr'><strong>Novi</strong></span> <span class='ocrx_word' id='word_1_669' title='bbox 2087 4128 2421 4183; x_wconf 86' lang='lat' dir='ltr'><strong>Testamenti</strong></span> <span class='ocrx_word' id='word_1_670' title='bbox 2453 4131 2726 4183; x_wconf 89' lang='lat' dir='ltr'><strong>rationum</strong></span> <span class='ocrx_word' id='word_1_671' title='bbox 2761 4129 2916 4198; x_wconf 75' lang='lat' dir='ltr'><strong>signa</strong></span> <span class='ocrx_word' id='word_1_672' title='bbox 2949 4136 3002 4182; x_wconf 90' lang='lat' dir='ltr'><strong>et</strong></span> <span class='ocrx_word' id='word_1_673' title='bbox 3034 4135 3191 4182; x_wconf 84' lang='lat' dir='ltr'><strong>notas</strong></span> <span class='ocrx_word' id='word_1_674' title='bbox 3239 4127 3356 4182; x_wconf 89' lang='lat' dir='ltr'><strong>suis</strong></span> <span class='ocrx_word' id='word_1_675' title='bbox 3398 4125 3482 4178; x_wconf 86' lang='lat' dir='ltr'><strong>di-</strong></span> 
     </span>
    </p>
   </div>
   <div class='ocr_carea' id='block_1_89' title="bbox 1910 4217 3484 4290">
    <p class='ocr_par' dir='ltr' id='par_1_89' title="bbox 1910 4217 3484 4290">
     <span class='ocr_line' id='line_1_89' title="bbox 1910 4217 3484 4290; baseline -0.003 -16"><span class='ocrx_word' id='word_1_676' title='bbox 1910 4220 2137 4290; x_wconf 88' lang='lat' dir='ltr'><strong>scipulis</strong></span> <span class='ocrx_word' id='word_1_677' title='bbox 2173 4220 2435 4274; x_wconf 85' lang='lat' dir='ltr'><strong>tradidit?</strong></span> <span class='ocrx_word' id='word_1_678' title='bbox 2465 4222 2654 4276; x_wconf 90' lang='lat' dir='ltr'><strong>eodem</strong></span> <span class='ocrx_word' id='word_1_679' title='bbox 2689 4220 2835 4273; x_wconf 90' lang='lat' dir='ltr'><strong>enim</strong></span> <span class='ocrx_word' id='word_1_680' title='bbox 2869 4229 3111 4288; x_wconf 82' lang='lat' dir='ltr'><strong>tempore</strong></span> <span class='ocrx_word' id='word_1_681' title='bbox 3140 4225 3194 4273; x_wconf 87' lang='lat' dir='ltr'><strong>et</strong></span> <span class='ocrx_word' id='word_1_682' title='bbox 3224 4217 3338 4272; x_wconf 66' lang='lat' dir='ltr'><strong>haec</strong></span> <span class='ocrx_word' id='word_1_683' title='bbox 3365 4231 3484 4288; x_wconf 84' lang='lat' dir='ltr'><strong>pcr-</strong></span> 
     </span>
    </p>
   </div>
   <div class='ocr_carea' id='block_1_90' title="bbox 1912 4308 3488 4380">
    <p class='ocr_par' dir='ltr' id='par_1_90' title="bbox 1912 4308 3488 4380">
     <span class='ocr_line' id='line_1_90' title="bbox 1912 4308 3488 4380; baseline 0 -16"><span class='ocrx_word' id='word_1_684' title='bbox 1912 4312 2050 4368; x_wconf 80' lang='lat' dir='ltr'><strong>fccta</strong></span> <span class='ocrx_word' id='word_1_685' title='bbox 2080 4321 2230 4375; x_wconf 92' lang='lat' dir='ltr'><strong>sunt,</strong></span> <span class='ocrx_word' id='word_1_686' title='bbox 2275 4321 2329 4368; x_wconf 82' lang='lat' dir='ltr'><strong>et</strong></span> <span class='ocrx_word' id='word_1_687' title='bbox 2364 4328 2394 4367; x_wconf 91' lang='lat' dir='ltr'><strong>a</strong></span> <span class='ocrx_word' id='word_1_688' title='bbox 2429 4312 2577 4368; x_wconf 77' lang='lat' dir='ltr'><strong>Mose</strong></span> <span class='ocrx_word' id='word_1_689' title='bbox 2607 4312 2941 4380; x_wconf 88' lang='lat' dir='ltr'><strong>descriptum</strong></span> <span class='ocrx_word' id='word_1_690' title='bbox 2976 4309 3142 4364; x_wconf 71' lang='lat' dir='ltr'><strong>Vetus</strong></span> <span class='ocrx_word' id='word_1_691' title='bbox 3173 4308 3488 4365; x_wconf 77' lang='lat' dir='ltr'><strong>Testamen-</strong></span> 
     </span>
    </p>
   </div>
   <div class='ocr_carea' id='block_1_91' title="bbox 1910 4403 3486 4476">
    <p class='ocr_par' dir='ltr' id='par_1_91' title="bbox 1910 4403 3486 4476">
     <span class='ocr_line' id='line_1_91' title="bbox 1910 4403 3486 4476; baseline -0.001 -20"><span class='ocrx_word' id='word_1_692' title='bbox 1910 4414 2021 4456; x_wconf 92' lang='lat' dir='ltr'><strong>tum</strong></span> <span class='ocrx_word' id='word_1_693' title='bbox 2053 4405 2327 4458; x_wconf 86' lang='lat' dir='ltr'><strong>sublatum</strong></span> <span class='ocrx_word' id='word_1_694' title='bbox 2370 4415 2471 4468; x_wconf 73' lang='lat' dir='ltr'><strong>est,</strong></span> <span class='ocrx_word' id='word_1_695' title='bbox 2504 4421 2666 4476; x_wconf 86' lang='lat' dir='ltr'><strong>quam</strong></span> <span class='ocrx_word' id='word_1_696' title='bbox 2718 4421 2831 4460; x_wconf 88' lang='lat' dir='ltr'><strong>rem</strong></span> <span class='ocrx_word' id='word_1_697' title='bbox 2864 4405 3023 4475; x_wconf 88' lang='lat' dir='ltr'><strong>plane</strong></span> <span class='ocrx_word' id='word_1_698' title='bbox 3053 4403 3350 4458; x_wconf 74' lang='lat' dir='ltr'><strong>declaravit</strong></span> <span class='ocrx_word' id='word_1_699' title='bbox 3392 4417 3486 4454; x_wconf 84' lang='lat' dir='ltr'><strong>ve-</strong></span> 
     </span>
    </p>
   </div>
   <div class='ocr_carea' id='block_1_92' title="bbox 1910 4491 3484 4566">
    <p class='ocr_par' dir='ltr' id='par_1_92' title="bbox 1910 4491 3484 4566">
     <span class='ocr_line' id='line_1_92' title="bbox 1910 4491 3484 4566; baseline -0.003 -18"><span class='ocrx_word' id='word_1_700' title='bbox 1910 4496 2018 4548; x_wconf 94' lang='lat' dir='ltr'><strong>lum</strong></span> <span class='ocrx_word' id='word_1_701' title='bbox 2055 4497 2237 4564; x_wconf 89' lang='lat' dir='ltr'><strong>templi</strong></span> <span class='ocrx_word' id='word_1_702' title='bbox 2261 4497 2402 4566; x_wconf 90' lang='lat' dir='ltr'><strong>quod</strong></span> <span class='ocrx_word' id='word_1_703' title='bbox 2427 4513 2522 4566; x_wconf 89' lang='lat' dir='ltr'><strong>per</strong></span> <span class='ocrx_word' id='word_1_704' title='bbox 2549 4497 2691 4550; x_wconf 90' lang='lat' dir='ltr'><strong>idem</strong></span> <span class='ocrx_word' id='word_1_705' title='bbox 2719 4506 2932 4566; x_wconf 87' lang='lat' dir='ltr'><strong>tempus</strong></span> <span class='ocrx_word' id='word_1_706' title='bbox 2958 4494 3190 4549; x_wconf 88' lang='lat' dir='ltr'><strong>scissum</strong></span> <span class='ocrx_word' id='word_1_707' title='bbox 3213 4502 3315 4548; x_wconf 88' lang='lat' dir='ltr'><strong>cst.</strong></span> <span class='ocrx_word' id='word_1_708' title='bbox 3341 4491 3484 4555; x_wconf 83' lang='lat' dir='ltr'><strong>Sub-</strong></span> 
     </span>
    </p>
   </div>
   <div class='ocr_carea' id='block_1_93' title="bbox 1911 4587 3480 4660">
    <p class='ocr_par' dir='ltr' id='par_1_93' title="bbox 1911 4587 3480 4660">
     <span class='ocr_line' id='line_1_93' title="bbox 1911 4587 3480 4660; baseline 0 -20"><span class='ocrx_word' id='word_1_709' title='bbox 1911 4588 2021 4640; x_wconf 83' lang='lat' dir='ltr'><strong>lato</strong></span> <span class='ocrx_word' id='word_1_710' title='bbox 2073 4587 2239 4657; x_wconf 84' lang='lat' dir='ltr'><strong>igitur</strong></span> <span class='ocrx_word' id='word_1_711' title='bbox 2273 4604 2341 4644; x_wconf 86' lang='lat' dir='ltr'><strong>ex</strong></span> <span class='ocrx_word' id='word_1_712' title='bbox 2390 4589 2483 4643; x_wconf 91' lang='lat' dir='ltr'><strong>illo</strong></span> <span class='ocrx_word' id='word_1_713' title='bbox 2517 4589 2798 4660; x_wconf 80' lang='lat' dir='ltr'><strong>deinceps,</strong></span> <span class='ocrx_word' id='word_1_714' title='bbox 2828 4599 2883 4644; x_wconf 76' lang='grc' dir='ltr'><strong>ιιι</strong></span> <span class='ocrx_word' id='word_1_715' title='bbox 2917 4606 3025 4644; x_wconf 89' lang='lat' dir='ltr'><strong>non</strong></span> <span class='ocrx_word' id='word_1_716' title='bbox 3055 4588 3237 4643; x_wconf 90' lang='lat' dir='ltr'><strong>minus</strong></span> <span class='ocrx_word' id='word_1_717' title='bbox 3269 4602 3328 4642; x_wconf 88' lang='lat' dir='ltr'><strong>re</strong></span> <span class='ocrx_word' id='word_1_718' title='bbox 3356 4601 3480 4640; x_wconf 86' lang='lat' dir='ltr'><strong>vera</strong></span> 
     </span>
    </p>
   </div>
   <div class='ocr_carea' id='block_1_94' title="bbox 228 4679 1817 4752">
    <p class='ocr_par' dir='ltr' id='par_1_94' title="bbox 228 4679 1803 4752">
     <span class='ocr_line' id='line_1_94' title="bbox 228 4679 1803 4752; baseline -0.001 -18"><span class='ocrx_word' id='word_1_719' title='bbox 228 4680 477 4752; x_wconf 83' lang='grc' dir='ltr'>Σωτῆρος</span> <span class='ocrx_word' id='word_1_720' title='bbox 511 4679 669 4751; x_wconf 78' lang='grc' dir='ltr'>ἡμῶν</span> <span class='ocrx_word' id='word_1_721' title='bbox 708 4679 906 4750; x_wconf 76' lang='grc' dir='ltr'>ἡϐηδὸν</span> <span class='ocrx_word' id='word_1_722' title='bbox 933 4679 1273 4747; x_wconf 83' lang='grc' dir='ltr'>ἐξεκόπησαν</span> <span class='ocrx_word' id='word_1_723' title='bbox 1293 4698 1305 4710; x_wconf 92' lang='grc'>·</span> <span class='ocrx_word' id='word_1_724' title='bbox 1340 4683 1428 4734; x_wconf 80' lang='grc' dir='ltr'>ὅτε</span> <span class='ocrx_word' id='word_1_725' title='bbox 1457 4682 1551 4734; x_wconf 73' lang='grc' dir='ltr'><strong>καὶ</strong></span> <span class='ocrx_word' id='word_1_726' title='bbox 1583 4681 1644 4734; x_wconf 79' lang='grc' dir='ltr'>τὸ</span> <span class='ocrx_word' id='word_1_727' title='bbox 1682 4679 1803 4750; x_wconf 82' lang='grc' dir='ltr'>βδέ-</span> 
     </span>
    </p>
   </div>
   <div class='ocr_carea' id='block_1_95' title="bbox 1907 4679 3483 4752">
    <p class='ocr_par' dir='ltr' id='par_1_95' title="bbox 1911 4682 3483 4751">
     <span class='ocr_line' id='line_1_95' title="bbox 1911 4682 3483 4751; baseline 0 -20"><span class='ocrx_word' id='word_1_728' title='bbox 1911 4695 2073 4749; x_wconf 81' lang='lat' dir='ltr'><strong>quam</strong></span> <span class='ocrx_word' id='word_1_729' title='bbox 2108 4682 2156 4734; x_wconf 90' lang='lat' dir='ltr'><strong>vi</strong></span> <span class='ocrx_word' id='word_1_730' title='bbox 2184 4721 2198 4741; x_wconf 90' lang='lat'><strong>,</strong></span> <span class='ocrx_word' id='word_1_731' title='bbox 2237 4683 2419 4736; x_wconf 90' lang='lat' dir='ltr'><strong>soluto</strong></span> <span class='ocrx_word' id='word_1_732' title='bbox 2463 4682 2736 4738; x_wconf 84' lang='lat' dir='ltr'><strong>sacriﬁcio</strong></span> <span class='ocrx_word' id='word_1_733' title='bbox 2769 4698 2833 4738; x_wconf 88' lang='lat' dir='ltr'><strong>ac</strong></span> <span class='ocrx_word' id='word_1_734' title='bbox 2864 4683 3143 4743; x_wconf 89' lang='lat' dir='ltr'><strong>libatione,</strong></span> <span class='ocrx_word' id='word_1_735' title='bbox 3180 4696 3300 4751; x_wconf 72' lang='lat' dir='ltr'><strong>qua:</strong></span> <span class='ocrx_word' id='word_1_736' title='bbox 3327 4685 3483 4750; x_wconf 88' lang='lat' dir='ltr'><strong>post-</strong></span> 
     </span>
    </p>
   </div>
   <div class='ocr_carea' id='block_1_96' title="bbox 225 4771 1800 4844">
    <p class='ocr_par' dir='ltr' id='par_1_96' title="bbox 225 4771 1800 4844">
     <span class='ocr_line' id='line_1_96' title="bbox 225 4771 1800 4844; baseline 0.001 -22"><span class='ocrx_word' id='word_1_737' title='bbox 225 4771 403 4844; x_wconf 85' lang='grc' dir='ltr'>λυγμα</span> <span class='ocrx_word' id='word_1_738' title='bbox 442 4773 546 4842; x_wconf 74' lang='grc' dir='ltr'><strong>τῆς</strong></span> <span class='ocrx_word' id='word_1_739' title='bbox 579 4772 913 4844; x_wconf 82' lang='grc' dir='ltr'>ἐρημώσεως</span> <span class='ocrx_word' id='word_1_740' title='bbox 943 4773 1034 4825; x_wconf 76' lang='grc' dir='ltr'><strong>ἐπὶ</strong></span> <span class='ocrx_word' id='word_1_741' title='bbox 1067 4773 1126 4825; x_wconf 85' lang='grc' dir='ltr'><strong>τὸ</strong></span> <span class='ocrx_word' id='word_1_742' title='bbox 1163 4772 1304 4843; x_wconf 82' lang='grc' dir='ltr'>ἱερὸν</span> <span class='ocrx_word' id='word_1_743' title='bbox 1345 4773 1495 4843; x_wconf 79' lang='grc' dir='ltr'>ἔστη,</span> <span class='ocrx_word' id='word_1_744' title='bbox 1534 4772 1562 4825; x_wconf 88' lang='grc' dir='ltr'><strong>ὂ</strong></span> <span class='ocrx_word' id='word_1_745' title='bbox 1587 4773 1681 4826; x_wconf 76' lang='grc' dir='ltr'><strong>καὶ</strong></span> <span class='ocrx_word' id='word_1_746' title='bbox 1722 4773 1800 4835; x_wconf 83' lang='grc' dir='ltr'>εἰς</span> 
     </span>
    </p>
   </div>
   <div class='ocr_carea' id='block_1_97' title="bbox 222 4864 1800 4937">
    <p class='ocr_par' dir='ltr' id='par_1_97' title="bbox 222 4864 1800 4937">
     <span class='ocr_line' id='line_1_97' title="bbox 222 4864 1800 4937; baseline -0.001 -20"><span class='ocrx_word' id='word_1_747' title='bbox 222 4864 376 4937; x_wconf 84' lang='grc' dir='ltr'>δεῦρο</span> <span class='ocrx_word' id='word_1_748' title='bbox 425 4865 722 4935; x_wconf 82' lang='grc' dir='ltr'>διέμεινεν,</span> <span class='ocrx_word' id='word_1_749' title='bbox 779 4865 1047 4937; x_wconf 79' lang='grc' dir='ltr'>ὁσημέραι</span> <span class='ocrx_word' id='word_1_750' title='bbox 1107 4866 1198 4917; x_wconf 70' lang='grc' dir='ltr'><strong>ἐπὶ</strong></span> <span class='ocrx_word' id='word_1_751' title='bbox 1241 4865 1302 4917; x_wconf 83' lang='grc' dir='ltr'>τὸ</span> <span class='ocrx_word' id='word_1_752' title='bbox 1342 4868 1522 4935; x_wconf 84' lang='grc' dir='ltr'>χεῖρον</span> <span class='ocrx_word' id='word_1_753' title='bbox 1565 4865 1800 4935; x_wconf 81' lang='grc' dir='ltr'>ἐρημίας</span> 
     </span>
    </p>
   </div>
   <div class='ocr_carea' id='block_1_98' title="bbox 223 4955 1796 5027">
    <p class='ocr_par' dir='ltr' id='par_1_98' title="bbox 223 4955 1796 5027">
     <span class='ocr_line' id='line_1_98' title="bbox 223 4955 1796 5027; baseline 0 -19"><span class='ocrx_word' id='word_1_754' title='bbox 223 4955 461 5009; x_wconf 75' lang='grc' dir='ltr'>ἑλαῦνον.</span> <span class='ocrx_word' id='word_1_755' title='bbox 505 4957 665 5020; x_wconf 79' lang='grc' dir='ltr'>Εἰκὸς</span> <span class='ocrx_word' id='word_1_756' title='bbox 695 4957 752 5010; x_wconf 80' lang='grc' dir='ltr'>δὲ</span> <span class='ocrx_word' id='word_1_757' title='bbox 786 4957 878 5009; x_wconf 74' lang='grc' dir='ltr'><strong>καὶ</strong></span> <span class='ocrx_word' id='word_1_758' title='bbox 919 4957 1204 5010; x_wconf 82' lang='grc' dir='ltr'>ἐπιτείνειν</span> <span class='ocrx_word' id='word_1_759' title='bbox 1233 4956 1365 5009; x_wconf 78' lang='grc' dir='ltr'>αὐτὸ</span> <span class='ocrx_word' id='word_1_760' title='bbox 1391 4957 1550 5027; x_wconf 83' lang='grc' dir='ltr'>μέχρι</span> <span class='ocrx_word' id='word_1_761' title='bbox 1578 4957 1676 5027; x_wconf 79' lang='grc' dir='ltr'><strong>τῆς</strong></span> <span class='ocrx_word' id='word_1_762' title='bbox 1705 4955 1796 5008; x_wconf 85' lang='grc' dir='ltr'><strong>τοῦ</strong></span> 
     </span>
    </p>
   </div>
   <div class='ocr_carea' id='block_1_99' title="bbox 225 5048 1801 5121">
    <p class='ocr_par' dir='ltr' id='par_1_99' title="bbox 225 5048 1801 5121">
     <span class='ocr_line' id='line_1_99' title="bbox 225 5048 1801 5121; baseline 0.001 -21"><span class='ocrx_word' id='word_1_763' title='bbox 225 5049 334 5117; x_wconf 71' lang='grc' dir='ltr'>βίου</span> <span class='ocrx_word' id='word_1_764' title='bbox 360 5048 690 5112; x_wconf 85' lang='grc' dir='ltr'>συντελείας,</span> <span class='ocrx_word' id='word_1_765' title='bbox 724 5048 867 5102; x_wconf 84' lang='grc' dir='ltr'>κατὰ</span> <span class='ocrx_word' id='word_1_766' title='bbox 894 5049 984 5102; x_wconf 87' lang='grc' dir='ltr'><strong>τὸν</strong></span> <span class='ocrx_word' id='word_1_767' title='bbox 1019 5049 1122 5102; x_wconf 81' lang='grc' dir='ltr'>ὑπὸ</span> <span class='ocrx_word' id='word_1_768' title='bbox 1159 5049 1258 5118; x_wconf 75' lang='grc' dir='ltr'><strong>τῆς</strong></span> <span class='ocrx_word' id='word_1_769' title='bbox 1297 5049 1631 5121; x_wconf 81' lang='grc' dir='ltr'>προφητείας</span> <span class='ocrx_word' id='word_1_770' title='bbox 1672 5050 1801 5102; x_wconf 70' lang='grc' dir='ltr'>ἀποε-</span> 
     </span>
    </p>
   </div>
   <div class='ocr_carea' id='block_1_100' title="bbox 224 5140 1797 5213">
    <p class='ocr_par' dir='ltr' id='par_1_100' title="bbox 224 5140 1797 5213">
     <span class='ocr_line' id='line_1_100' title="bbox 224 5140 1797 5213; baseline 0.001 -19"><span class='ocrx_word' id='word_1_771' title='bbox 224 5141 494 5208; x_wconf 78' lang='grc' dir='ltr'>φανθέντα</span> <span class='ocrx_word' id='word_1_772' title='bbox 520 5141 678 5213; x_wconf 79' lang='grc' dir='ltr'>ὅρον,</span> <span class='ocrx_word' id='word_1_773' title='bbox 751 5142 1037 5212; x_wconf 79' lang='grc' dir='ltr'>φήσαντα·</span> <span class='ocrx_word' id='word_1_774' title='bbox 1113 5161 1130 5192; x_wconf 79' lang='grc' dir='ltr'><strong>ι</strong></span> <span class='ocrx_word' id='word_1_775' title='bbox 1167 5142 1278 5195; x_wconf 70' lang='grc' dir='ltr'>Καὶ</span> <span class='ocrx_word' id='word_1_776' title='bbox 1330 5141 1433 5204; x_wconf 73' lang='grc' dir='ltr'><strong>ἕως</strong></span> <span class='ocrx_word' id='word_1_777' title='bbox 1491 5140 1797 5205; x_wconf 84' lang='grc' dir='ltr'>συντελείας</span> 
     </span>
    </p>
   </div>
   <div class='ocr_carea' id='block_1_101' title="bbox 225 5232 1793 5306">
    <p class='ocr_par' dir='ltr' id='par_1_101' title="bbox 225 5232 1793 5306">
     <span class='ocr_line' id='line_1_101' title="bbox 225 5232 1793 5306; baseline 0.001 -20"><span class='ocrx_word' id='word_1_778' title='bbox 225 5233 412 5306; x_wconf 81' lang='grc' dir='ltr'>καιροῦ</span> <span class='ocrx_word' id='word_1_779' title='bbox 469 5233 744 5287; x_wconf 80' lang='grc' dir='ltr'>συντέλεια</span> <span class='ocrx_word' id='word_1_780' title='bbox 804 5233 1088 5304; x_wconf 86' lang='grc' dir='ltr'>δοθήσεται</span> <span class='ocrx_word' id='word_1_781' title='bbox 1143 5233 1234 5286; x_wconf 73' lang='grc' dir='ltr'><strong>ἐπὶ</strong></span> <span class='ocrx_word' id='word_1_782' title='bbox 1264 5232 1362 5304; x_wconf 78' lang='grc' dir='ltr'><strong>τὴν</strong></span> <span class='ocrx_word' id='word_1_783' title='bbox 1427 5235 1736 5304; x_wconf 75' lang='grc' dir='ltr'>ἐρήμωσινο</span> <span class='ocrx_word' id='word_1_784' title='bbox 1775 5255 1793 5287; x_wconf 72' lang='grc' dir='ltr'><strong>ι</strong></span> 
     </span>
    </p>
   </div>
   <div class='ocr_carea' id='block_1_102' title="bbox 223 5323 1797 5396">
    <p class='ocr_par' dir='ltr' id='par_1_102' title="bbox 223 5323 1797 5396">
     <span class='ocr_line' id='line_1_102' title="bbox 223 5323 1797 5396; baseline 0 -20"><span class='ocrx_word' id='word_1_785' title='bbox 223 5325 408 5394; x_wconf 77' lang='grc' dir='ltr'>ἥντινα</span> <span class='ocrx_word' id='word_1_786' title='bbox 456 5325 640 5396; x_wconf 74' lang='grc' dir='ltr'>φωνὴν</span> <span class='ocrx_word' id='word_1_787' title='bbox 693 5327 721 5379; x_wconf 90' lang='lat'><strong>6</strong></span> <span class='ocrx_word' id='word_1_788' title='bbox 766 5325 955 5396; x_wconf 72' lang='grc' dir='ltr'>Σωτὴρ</span> <span class='ocrx_word' id='word_1_789' title='bbox 1007 5325 1099 5377; x_wconf 77' lang='grc' dir='ltr'><strong>καὶ</strong></span> <span class='ocrx_word' id='word_1_790' title='bbox 1138 5323 1341 5395; x_wconf 85' lang='grc' dir='ltr'>Κύριος</span> <span class='ocrx_word' id='word_1_791' title='bbox 1395 5323 1548 5394; x_wconf 73' lang='grc' dir='ltr'>ἡμῶν</span> <span class='ocrx_word' id='word_1_792' title='bbox 1591 5324 1797 5396; x_wconf 80' lang='grc' dir='ltr'>Ἰησοῦς</span> 
     </span>
    </p>
   </div>
   <div class='ocr_carea' id='block_1_103' title="bbox 225 5414 1798 5489">
    <p class='ocr_par' dir='ltr' id='par_1_103' title="bbox 225 5414 1798 5489">
     <span class='ocr_line' id='line_1_103' title="bbox 225 5414 1798 5489; baseline 0 -22"><span class='ocrx_word' id='word_1_793' title='bbox 225 5417 505 5489; x_wconf 77' lang='grc' dir='ltr'>όΧριστδς</span> <span class='ocrx_word' id='word_1_794' title='bbox 551 5416 992 5486; x_wconf 82' lang='grc' dir='ltr'>ὲπεσφραγίσατο</span> <span class='ocrx_word' id='word_1_795' title='bbox 1021 5414 1220 5469; x_wconf 83' lang='grc' dir='ltr'>εἰπών’</span> <span class='ocrx_word' id='word_1_796' title='bbox 1282 5416 1432 5468; x_wconf 75' lang='grc' dir='ltr'><strong>«”Οτ’</strong></span> <span class='ocrx_word' id='word_1_797' title='bbox 1469 5414 1534 5467; x_wconf 86' lang='grc' dir='ltr'>ἂν</span> <span class='ocrx_word' id='word_1_798' title='bbox 1560 5415 1616 5467; x_wconf 75' lang='grc' dir='ltr'>δὲ</span> <span class='ocrx_word' id='word_1_799' title='bbox 1653 5414 1798 5484; x_wconf 84' lang='grc' dir='ltr'>ἴδητε</span> 
     </span>
    </p>
   </div>
   <div class='ocr_carea' id='block_1_104' title="bbox 227 5505 1800 5580">
    <p class='ocr_par' dir='ltr' id='par_1_104' title="bbox 227 5505 1800 5580">
     <span class='ocr_line' id='line_1_104' title="bbox 227 5505 1800 5580; baseline -0.001 -20"><span class='ocrx_word' id='word_1_800' title='bbox 227 5507 280 5562; x_wconf 79' lang='grc' dir='ltr'><strong>τὸ</strong></span> <span class='ocrx_word' id='word_1_801' title='bbox 322 5508 598 5580; x_wconf 82' lang='grc' dir='ltr'>βδέλυγμα</span> <span class='ocrx_word' id='word_1_802' title='bbox 637 5508 734 5578; x_wconf 83' lang='grc' dir='ltr'><strong>τῆς</strong></span> <span class='ocrx_word' id='word_1_803' title='bbox 787 5505 1148 5578; x_wconf 74' lang='grc' dir='ltr'>ἐρημώσεως,</span> <span class='ocrx_word' id='word_1_804' title='bbox 1184 5507 1244 5559; x_wconf 83' lang='grc' dir='ltr'><strong>τὸ</strong></span> <span class='ocrx_word' id='word_1_805' title='bbox 1288 5507 1448 5578; x_wconf 82' lang='grc' dir='ltr'><strong>ρηθέν</strong></span> <span class='ocrx_word' id='word_1_806' title='bbox 1486 5506 1576 5560; x_wconf 73' lang='grc' dir='ltr'><strong>διὰ</strong></span> <span class='ocrx_word' id='word_1_807' title='bbox 1604 5507 1800 5577; x_wconf 71' lang='grc' dir='ltr'>Δανιὴλ</span> 
     </span>
    </p>
   </div>
   <div class='ocr_carea' id='block_1_105' title="bbox 227 5597 1794 5673">
    <p class='ocr_par' dir='ltr' id='par_1_105' title="bbox 227 5597 1794 5673">
     <span class='ocr_line' id='line_1_105' title="bbox 227 5597 1794 5673; baseline -0.001 -20"><span class='ocrx_word' id='word_1_808' title='bbox 227 5599 312 5654; x_wconf 78' lang='grc' dir='ltr'><strong>τοῦ</strong></span> <span class='ocrx_word' id='word_1_809' title='bbox 339 5602 643 5673; x_wconf 83' lang='grc' dir='ltr'>προφήτου,</span> <span class='ocrx_word' id='word_1_810' title='bbox 675 5599 844 5664; x_wconf 78' lang='grc' dir='ltr'>ἑστὼς</span> <span class='ocrx_word' id='word_1_811' title='bbox 879 5601 937 5652; x_wconf 86' lang='grc' dir='ltr'><strong>ἐν</strong></span> <span class='ocrx_word' id='word_1_812' title='bbox 958 5598 1106 5669; x_wconf 78' lang='grc' dir='ltr'>τόπῳ</span> <span class='ocrx_word' id='word_1_813' title='bbox 1135 5599 1294 5670; x_wconf 81' lang='grc' dir='ltr'>ἁγίῳ,</span> <span class='ocrx_word' id='word_1_814' title='bbox 1330 5600 1449 5652; x_wconf 86' lang='grc' dir='ltr'>τότε</span> <span class='ocrx_word' id='word_1_815' title='bbox 1478 5597 1794 5668; x_wconf 75' lang='grc' dir='ltr'>γινώσκετε,</span> 
     </span>
    </p>
   </div>
   <div class='ocr_carea' id='block_1_106' title="bbox 226 5690 1797 5765">
    <p class='ocr_par' dir='ltr' id='par_1_106' title="bbox 226 5690 1797 5765">
     <span class='ocr_line' id='line_1_106' title="bbox 226 5690 1797 5765; baseline -0.001 -19"><span class='ocrx_word' id='word_1_816' title='bbox 226 5692 302 5746; x_wconf 74' lang='grc' dir='ltr'>ὃτι</span> <span class='ocrx_word' id='word_1_817' title='bbox 344 5695 572 5765; x_wconf 68' lang='grc' dir='ltr'>ῆγγικεν</span> <span class='ocrx_word' id='word_1_818' title='bbox 616 5695 649 5764; x_wconf 83' lang='grc' dir='ltr'><strong>ή</strong></span> <span class='ocrx_word' id='word_1_819' title='bbox 694 5693 971 5765; x_wconf 79' lang='grc' dir='ltr'>ἐρήμωσις</span> <span class='ocrx_word' id='word_1_820' title='bbox 1014 5692 1204 5762; x_wconf 67' lang='grc' dir='ltr'>αὐτῆς.</span> <span class='ocrx_word' id='word_1_821' title='bbox 1243 5711 1260 5742; x_wconf 78' lang='grc' dir='ltr'><strong>ι</strong></span> <span class='ocrx_word' id='word_1_822' title='bbox 1293 5692 1355 5744; x_wconf 83' lang='grc' dir='ltr'><strong>ΕΞ</strong></span> <span class='ocrx_word' id='word_1_823' title='bbox 1401 5691 1456 5744; x_wconf 76' lang='grc' dir='ltr'><strong>δὲ</strong></span> <span class='ocrx_word' id='word_1_824' title='bbox 1494 5690 1797 5754; x_wconf 79' lang='grc' dir='ltr'>δυσπίστως</span> 
     </span>
    </p>
   </div>
   <div class='ocr_carea' id='block_1_107' title="bbox 295 5869 1415 5946">
    <p class='ocr_par' dir='ltr' id='par_1_107' title="bbox 295 5869 1415 5946">
     <span class='ocr_line' id='line_1_107' title="bbox 295 5869 1415 5946; baseline -0.006 -16"><span class='ocrx_word' id='word_1_825' title='bbox 295 5871 350 5946; x_wconf 22' lang='grc' dir='ltr'><strong>’δν</strong></span> <span class='ocrx_word' id='word_1_826' title='bbox 381 5870 571 5928; x_wconf 75' lang='lat' dir='ltr'><strong>Matth.</strong></span> <span class='ocrx_word' id='word_1_827' title='bbox 605 5889 739 5929; x_wconf 76' lang='lat' dir='ltr'><strong>mu</strong></span> <span class='ocrx_word' id='word_1_828' title='bbox 764 5913 780 5943; x_wconf 89' lang='lat'><strong>,</strong></span> <span class='ocrx_word' id='word_1_829' title='bbox 814 5870 902 5929; x_wconf 82' lang='lat'><strong>&#39;58.</strong></span> <span class='ocrx_word' id='word_1_830' title='bbox 963 5873 1005 5904; x_wconf 79' lang='grc'>⁹¹</span> <span class='ocrx_word' id='word_1_831' title='bbox 1047 5869 1207 5927; x_wconf 83' lang='lat' dir='ltr'><strong>Joan.</strong></span> <span class='ocrx_word' id='word_1_832' title='bbox 1241 5888 1295 5939; x_wconf 88' lang='grc' dir='ltr'><strong>ι,</strong></span> <span class='ocrx_word' id='word_1_833' title='bbox 1321 5870 1415 5925; x_wconf 70' lang='grc'><strong>29.</strong></span> 
     </span>
    </p>
   </div>
   <div class='ocr_carea' id='block_1_108' title="bbox 1910 4770 3485 4845">
    <p class='ocr_par' dir='ltr' id='par_1_108' title="bbox 1910 4770 3485 4845">
     <span class='ocr_line' id='line_1_108' title="bbox 1910 4770 3485 4845; baseline 0.001 -23"><span class='ocrx_word' id='word_1_834' title='bbox 1910 4770 2012 4824; x_wconf 86' lang='lat' dir='ltr'><strong>hac</strong></span> <span class='ocrx_word' id='word_1_835' title='bbox 2063 4772 2521 4830; x_wconf 81' lang='lat' dir='ltr'><strong>existimabantur</strong></span> <span class='ocrx_word' id='word_1_836' title='bbox 2577 4775 2688 4828; x_wconf 90' lang='lat' dir='ltr'><strong>illic</strong></span> <span class='ocrx_word' id='word_1_837' title='bbox 2749 4774 2934 4845; x_wconf 84' lang='lat' dir='ltr'><strong>perﬁci</strong></span> <span class='ocrx_word' id='word_1_838' title='bbox 2999 4774 3313 4836; x_wconf 74' lang='lat' dir='ltr'><strong>sacriﬁcia,</strong></span> <span class='ocrx_word' id='word_1_839' title='bbox 3366 4772 3485 4826; x_wconf 87' lang='lat' dir='ltr'><strong>sine</strong></span> 
     </span>
    </p>
   </div>
   <div class='ocr_carea' id='block_1_109' title="bbox 1908 4862 3486 4938">
    <p class='ocr_par' dir='ltr' id='par_1_109' title="bbox 1908 4862 3486 4938">
     <span class='ocr_line' id='line_1_109' title="bbox 1908 4862 3486 4938; baseline 0.004 -24"><span class='ocrx_word' id='word_1_840' title='bbox 1908 4862 2103 4933; x_wconf 78' lang='lat' dir='ltr'><strong>gratia,</strong></span> <span class='ocrx_word' id='word_1_841' title='bbox 2137 4865 2302 4919; x_wconf 88' lang='lat' dir='ltr'><strong>relms</strong></span> <span class='ocrx_word' id='word_1_842' title='bbox 2330 4867 2506 4922; x_wconf 86' lang='lat' dir='ltr'><strong>sacris</strong></span> <span class='ocrx_word' id='word_1_843' title='bbox 2539 4867 2716 4921; x_wconf 88' lang='lat' dir='ltr'><strong>aliena</strong></span> <span class='ocrx_word' id='word_1_844' title='bbox 2737 4907 2752 4930; x_wconf 93' lang='lat'><strong>,</strong></span> <span class='ocrx_word' id='word_1_845' title='bbox 2787 4867 2840 4921; x_wconf 93' lang='lat' dir='ltr'><strong>in</strong></span> <span class='ocrx_word' id='word_1_846' title='bbox 2875 4867 3106 4938; x_wconf 65' lang='lat' dir='ltr'><strong>prorrno</strong></span> <span class='ocrx_word' id='word_1_847' title='bbox 3141 4867 3261 4921; x_wconf 90' lang='lat' dir='ltr'><strong>loco</strong></span> <span class='ocrx_word' id='word_1_848' title='bbox 3293 4880 3322 4918; x_wconf 89' lang='lat' dir='ltr'><strong>a</strong></span> <span class='ocrx_word' id='word_1_849' title='bbox 3359 4878 3486 4933; x_wconf 85' lang='lat' dir='ltr'><strong>pro—</strong></span> 
     </span>
    </p>
   </div>
   <div class='ocr_carea' id='block_1_110' title="bbox 1908 4953 3481 5030">
    <p class='ocr_par' dir='ltr' id='par_1_110' title="bbox 1908 4953 3481 5030">
     <span class='ocr_line' id='line_1_110' title="bbox 1908 4953 3481 5030; baseline 0.001 -24"><span class='ocrx_word' id='word_1_850' title='bbox 1908 4953 2052 5010; x_wconf 76' lang='lat' dir='ltr'><strong>fanis</strong></span> <span class='ocrx_word' id='word_1_851' title='bbox 2080 4963 2134 5010; x_wconf 89' lang='lat' dir='ltr'><strong>et</strong></span> <span class='ocrx_word' id='word_1_852' title='bbox 2156 4973 2184 5009; x_wconf 89' lang='lat' dir='ltr'><strong>a</strong></span> <span class='ocrx_word' id='word_1_853' title='bbox 2221 4974 2280 5012; x_wconf 89' lang='lat' dir='ltr'><strong>re</strong></span> <span class='ocrx_word' id='word_1_854' title='bbox 2318 4975 2476 5014; x_wconf 88' lang='lat' dir='ltr'><strong>sacra</strong></span> <span class='ocrx_word' id='word_1_855' title='bbox 2505 4960 2699 5015; x_wconf 87' lang='lat' dir='ltr'><strong>alienis</strong></span> <span class='ocrx_word' id='word_1_856' title='bbox 2731 4959 3186 5030; x_wconf 65' lang='lat' dir='ltr'><strong>perﬁciehantur.</strong></span> <span class='ocrx_word' id='word_1_857' title='bbox 3214 4958 3481 5014; x_wconf 60' lang='lat' dir='ltr'><strong>Cmterum</strong></span> 
     </span>
    </p>
   </div>
   <div class='ocr_carea' id='block_1_111' title="bbox 1909 5042 3479 5119">
    <p class='ocr_par' dir='ltr' id='par_1_111' title="bbox 1909 5042 3479 5119">
     <span class='ocr_line' id='line_1_111' title="bbox 1909 5042 3479 5119; baseline 0.001 -24"><span class='ocrx_word' id='word_1_858' title='bbox 1909 5042 1992 5097; x_wconf 90' lang='lat' dir='ltr'><strong>his</strong></span> <span class='ocrx_word' id='word_1_859' title='bbox 2021 5043 2091 5097; x_wconf 88' lang='lat' dir='ltr'><strong>de</strong></span> <span class='ocrx_word' id='word_1_860' title='bbox 2139 5047 2302 5102; x_wconf 84' lang='lat' dir='ltr'><strong>rebus</strong></span> <span class='ocrx_word' id='word_1_861' title='bbox 2347 5050 2508 5102; x_wconf 89' lang='lat' dir='ltr'><strong>etiam</strong></span> <span class='ocrx_word' id='word_1_862' title='bbox 2565 5048 2783 5119; x_wconf 82' lang='lat' dir='ltr'><strong>Josephi</strong></span> <span class='ocrx_word' id='word_1_863' title='bbox 2835 5049 3208 5105; x_wconf 88' lang='lat' dir='ltr'><strong>testimonium</strong></span> <span class='ocrx_word' id='word_1_864' title='bbox 3244 5047 3428 5113; x_wconf 89' lang='lat' dir='ltr'><strong>accipe</strong></span> <span class='ocrx_word' id='word_1_865' title='bbox 3465 5063 3479 5096; x_wconf 85' lang='lat'><strong>:</strong></span> 
     </span>
    </p>
   </div>
   <div class='ocr_carea' id='block_1_112' title="bbox 1913 5136 3481 5206">
    <p class='ocr_par' dir='ltr' id='par_1_112' title="bbox 1913 5136 3481 5206">
     <span class='ocr_line' id='line_1_112' title="bbox 1913 5136 3481 5206; baseline 0.003 -18"><span class='ocrx_word' id='word_1_866' title='bbox 1913 5157 1929 5187; x_wconf 83' lang='grc' dir='ltr'><strong>ι</strong></span> <span class='ocrx_word' id='word_1_867' title='bbox 1970 5136 2089 5206; x_wconf 83' lang='lat' dir='ltr'><strong>ipso</strong></span> <span class='ocrx_word' id='word_1_868' title='bbox 2143 5148 2322 5194; x_wconf 85' lang='lat' dir='ltr'><strong>autem</strong></span> <span class='ocrx_word' id='word_1_869' title='bbox 2372 5142 2458 5196; x_wconf 88' lang='lat' dir='ltr'><strong>die</strong></span> <span class='ocrx_word' id='word_1_870' title='bbox 2494 5142 2848 5198; x_wconf 88' lang='lat' dir='ltr'><strong>Pentecostes</strong></span> <span class='ocrx_word' id='word_1_871' title='bbox 2892 5152 3056 5198; x_wconf 91' lang='lat' dir='ltr'><strong>noctu</strong></span> <span class='ocrx_word' id='word_1_872' title='bbox 3089 5140 3399 5198; x_wconf 86' lang='lat' dir='ltr'><strong>sacerdotes</strong></span> <span class='ocrx_word' id='word_1_873' title='bbox 3427 5140 3481 5192; x_wconf 88' lang='lat' dir='ltr'><strong>in</strong></span> 
     </span>
    </p>
   </div>
   <div class='ocr_carea' id='block_1_113' title="bbox 1907 5233 3479 5304">
    <p class='ocr_par' dir='ltr' id='par_1_113' title="bbox 1907 5233 3479 5304">
     <span class='ocr_line' id='line_1_113' title="bbox 1907 5233 3479 5304; baseline 0 -22"><span class='ocrx_word' id='word_1_874' title='bbox 1907 5233 2166 5301; x_wconf 69' lang='lat' dir='ltr'><strong>tempium</strong></span> <span class='ocrx_word' id='word_1_875' title='bbox 2203 5233 2459 5304; x_wconf 82' lang='lat' dir='ltr'><strong>ingrcssi,</strong></span> <span class='ocrx_word' id='word_1_876' title='bbox 2497 5239 2637 5290; x_wconf 87' lang='lat' dir='ltr'><strong>sicut</strong></span> <span class='ocrx_word' id='word_1_877' title='bbox 2683 5237 2766 5292; x_wconf 88' lang='lat' dir='ltr'><strong>eis</strong></span> <span class='ocrx_word' id='word_1_878' title='bbox 2813 5252 2931 5291; x_wconf 84' lang='lat' dir='ltr'><strong>mos</strong></span> <span class='ocrx_word' id='word_1_879' title='bbox 2961 5243 3102 5298; x_wconf 75' lang='lat' dir='ltr'><strong>erat,</strong></span> <span class='ocrx_word' id='word_1_880' title='bbox 3133 5235 3200 5288; x_wconf 90' lang='lat' dir='ltr'><strong>ad</strong></span> <span class='ocrx_word' id='word_1_881' title='bbox 3254 5246 3479 5285; x_wconf 88' lang='lat' dir='ltr'><strong>munera</strong></span> 
     </span>
    </p>
   </div>
   <div class='ocr_carea' id='block_1_114' title="bbox 1905 5323 3478 5398">
    <p class='ocr_par' dir='ltr' id='par_1_114' title="bbox 1905 5323 3478 5398">
     <span class='ocr_line' id='line_1_114' title="bbox 1905 5323 3478 5398; baseline 0.001 -24"><span class='ocrx_word' id='word_1_882' title='bbox 1905 5323 2178 5393; x_wconf 87' lang='lat' dir='ltr'><strong>obeunda,</strong></span> <span class='ocrx_word' id='word_1_883' title='bbox 2201 5327 2433 5395; x_wconf 90' lang='lat' dir='ltr'><strong>primum</strong></span> <span class='ocrx_word' id='word_1_884' title='bbox 2457 5328 2673 5398; x_wconf 86' lang='lat' dir='ltr'><strong>quidem</strong></span> <span class='ocrx_word' id='word_1_885' title='bbox 2707 5344 2765 5383; x_wconf 88' lang='lat' dir='ltr'><strong>se</strong></span> <span class='ocrx_word' id='word_1_886' title='bbox 2792 5335 2998 5383; x_wconf 84' lang='lat' dir='ltr'><strong>motum</strong></span> <span class='ocrx_word' id='word_1_887' title='bbox 3025 5325 3314 5396; x_wconf 85' lang='lat' dir='ltr'><strong>quemdam</strong></span> <span class='ocrx_word' id='word_1_888' title='bbox 3347 5331 3478 5379; x_wconf 81' lang='lat' dir='ltr'><strong>stre-</strong></span> 
     </span>
    </p>
   </div>
   <div class='ocr_carea' id='block_1_115' title="bbox 1908 5413 3479 5484">
    <p class='ocr_par' dir='ltr' id='par_1_115' title="bbox 1908 5413 3479 5484">
     <span class='ocr_line' id='line_1_115' title="bbox 1908 5413 3479 5484; baseline 0 -19"><span class='ocrx_word' id='word_1_889' title='bbox 1908 5414 2190 5484; x_wconf 89' lang='lat' dir='ltr'><strong>pitumque</strong></span> <span class='ocrx_word' id='word_1_890' title='bbox 2235 5418 2477 5473; x_wconf 71' lang='lat' dir='ltr'><strong>sensisSe</strong></span> <span class='ocrx_word' id='word_1_891' title='bbox 2523 5419 2800 5479; x_wconf 83' lang='lat' dir='ltr'><strong>dixerunt,</strong></span> <span class='ocrx_word' id='word_1_892' title='bbox 2838 5417 3033 5471; x_wconf 87' lang='lat' dir='ltr'><strong>deinde</strong></span> <span class='ocrx_word' id='word_1_893' title='bbox 3085 5431 3212 5469; x_wconf 86' lang='lat' dir='ltr'><strong>vero</strong></span> <span class='ocrx_word' id='word_1_894' title='bbox 3245 5413 3479 5468; x_wconf 82' lang='lat' dir='ltr'><strong>subitam</strong></span> 
     </span>
    </p>
   </div>
   <div class='ocr_carea' id='block_1_116' title="bbox 1908 5505 3481 5579">
    <p class='ocr_par' dir='ltr' id='par_1_116' title="bbox 1908 5505 3481 5579">
     <span class='ocr_line' id='line_1_116' title="bbox 1908 5505 3481 5579; baseline 0 -21"><span class='ocrx_word' id='word_1_895' title='bbox 1908 5520 2096 5559; x_wconf 88' lang='lat' dir='ltr'><strong>vocem</strong></span> <span class='ocrx_word' id='word_1_896' title='bbox 2140 5508 2338 5563; x_wconf 85' lang='lat' dir='ltr'><strong>crebro</strong></span> <span class='ocrx_word' id='word_1_897' title='bbox 2377 5518 2740 5579; x_wconf 86' lang='lat' dir='ltr'><strong>repetentem,</strong></span> <span class='ocrx_word' id='word_1_898' title='bbox 2780 5509 3064 5578; x_wconf 77' lang='lat' dir='ltr'><strong>Migrentus</strong></span> <span class='ocrx_word' id='word_1_899' title='bbox 3107 5508 3245 5560; x_wconf 84' lang='lat' dir='ltr'><strong>hinc.</strong></span> <span class='ocrx_word' id='word_1_900' title='bbox 3299 5525 3317 5557; x_wconf 76' lang='grc' dir='ltr'><strong>ι</strong></span> <span class='ocrx_word' id='word_1_901' title='bbox 3359 5505 3481 5559; x_wconf 62' lang='lat' dir='ltr'><strong>llaec</strong></span> 
     </span>
    </p>
   </div>
   <div class='ocr_carea' id='block_1_117' title="bbox 1907 5599 3477 5672">
    <p class='ocr_par' dir='ltr' id='par_1_117' title="bbox 1907 5599 3477 5672">
     <span class='ocr_line' id='line_1_117' title="bbox 1907 5599 3477 5672; baseline 0 -22"><span class='ocrx_word' id='word_1_902' title='bbox 1907 5606 2086 5652; x_wconf 89' lang='lat' dir='ltr'><strong>autem</strong></span> <span class='ocrx_word' id='word_1_903' title='bbox 2118 5599 2210 5655; x_wconf 90' lang='lat' dir='ltr'><strong>ille</strong></span> <span class='ocrx_word' id='word_1_904' title='bbox 2257 5603 2448 5656; x_wconf 88' lang='lat' dir='ltr'><strong>scribit</strong></span> <span class='ocrx_word' id='word_1_905' title='bbox 2491 5601 2630 5666; x_wconf 77' lang='lat' dir='ltr'><strong>facta</strong></span> <span class='ocrx_word' id='word_1_906' title='bbox 2665 5618 2788 5657; x_wconf 78' lang='lat' dir='ltr'><strong>esse</strong></span> <span class='ocrx_word' id='word_1_907' title='bbox 2815 5610 2938 5672; x_wconf 91' lang='lat' dir='ltr'><strong>post</strong></span> <span class='ocrx_word' id='word_1_908' title='bbox 2965 5601 3271 5654; x_wconf 68' lang='lat' dir='ltr'><strong>Salvatoris</strong></span> <span class='ocrx_word' id='word_1_909' title='bbox 3303 5605 3477 5652; x_wconf 65' lang='lat' dir='ltr'><strong>nostri</strong></span> 
     </span>
    </p>
   </div>
   <div class='ocr_carea' id='block_1_118' title="bbox 1909 5691 3484 5766">
    <p class='ocr_par' dir='ltr' id='par_1_118' title="bbox 1909 5691 3484 5766">
     <span class='ocr_line' id='line_1_118' title="bbox 1909 5691 3484 5766; baseline -0.001 -22"><span class='ocrx_word' id='word_1_910' title='bbox 1909 5701 2158 5748; x_wconf 88' lang='lat' dir='ltr'><strong>mortem.</strong></span> <span class='ocrx_word' id='word_1_911' title='bbox 2189 5691 2410 5752; x_wconf 80' lang='lat' dir='ltr'><strong>Rursus.</strong></span> <span class='ocrx_word' id='word_1_912' title='bbox 2437 5694 2575 5751; x_wconf 80' lang='lat' dir='ltr'><strong>idem</strong></span> <span class='ocrx_word' id='word_1_913' title='bbox 2597 5697 2669 5749; x_wconf 82' lang='lat' dir='ltr'><strong>ait</strong></span> <span class='ocrx_word' id='word_1_914' title='bbox 2697 5715 2748 5749; x_wconf 76' lang='grc' dir='ltr'><strong>ιι</strong></span> <span class='ocrx_word' id='word_1_915' title='bbox 2779 5693 3012 5750; x_wconf 78' lang='lat' dir='ltr'><strong>Pilatum</strong></span> <span class='ocrx_word' id='word_1_916' title='bbox 3043 5693 3382 5766; x_wconf 64' lang='lat' dir='ltr'><strong>praesidem,»</strong></span> <span class='ocrx_word' id='word_1_917' title='bbox 3411 5691 3484 5762; x_wconf 74' lang='lat' dir='ltr'><strong>ip-</strong></span> 
     </span>
    </p>
   </div>
  </div>
