3928 6500
507 395 608 454 σπι

511 534 632 573 sum
667 517 854 587 utique
875 515 1026 570 illum
1044 515 1136 585 qui
1161 525 1404 584 tempore
1427 511 1729 568 Salvatoris
1749 511 1923 566 nostri
1949 525 2086 580 prae-
2117 541 2158 598 Α

509 609 636 674 fuit,
666 627 684 660 ι
712 607 944 663 uoctuiu
969 605 1222 676 templum
1253 613 1442 658 contra
1459 603 1540 658 Fas
1569 603 1834 672 imagines
1853 601 2085 656 Caesaris

511 702 786 766 intulisse,
808 699 968 772 m3
993 711 1354 768 magnamque
1377 697 1838 768 perturbationem
1861 695 2086 750 seditio-

511 795 598 848 nis
642 805 803 862 atque
827 791 1096 846 tumultus
1123 787 1328 843 Iudaeis
1361 787 1640 858 injecisse.
1677 807 1695 840 ι
1731 787 1930 842 Eadem
1971 787 2085 840 haec

509 888 672 940 etiam
723 884 879 940 Philo
924 882 1234 945 conﬁrmat,
1270 883 1362 953 qui
1413 885 1536 937 ait:
1587 881 1786 952 Regias
1821 881 2084 952 imagines

511 977 746 1032 Pilatum
779 983 950 1033 noctu
984 977 1036 1030 in
1081 977 1284 1046 templo
1318 975 1554 1038 dicasse,
1583 974 1908 1042 initiumque
1934 973 2084 1028 sedi-

509 1073 717 1126 tionum
763 1079 818 1127 et
853 1079 1163 1124 mutuarum
1221 1072 1362 1124 inter
1413 1069 1562 1139 ipsos
1595 1067 1987 1130 calamitatum,
2017 1082 2084 1120 ex

509 1163 602 1218 illo
633 1160 836 1218 Judmis
868 1162 1158 1217 accidisse.
1193 1159 1312 1214 Non
1349 1158 1633 1214 desierunt
1683 1172 1812 1228 ergo
1858 1157 2084 1228 posthac

506 1269 628 1324 qme
651 1253 961 1308 universam
991 1259 1203 1322 gentem
1233 1247 1658 1318 eorumdemque
1679 1249 1975 1317 principem
2007 1247 2084 1301 ci-

509 1347 730 1402 vitatem
782 1345 1103 1400 invaderent
1138 1343 1318 1397 onmis
1352 1342 1570 1413 generis
1601 1342 1765 1402 mala,
1801 1356 1973 1410 usque
2016 1339 2082 1393 ad

513 1436 769 1490 ultimum
805 1435 935 1489 illud
962 1433 1106 1503 quod
1139 1441 1328 1486 contra
1361 1431 1484 1486 illos
1509 1437 1716 1500 gestum
1745 1439 1830 1484 est
1857 1429 2079 1490 bellum,

508 1534 920 1593 extremamque
935 1524 1078 1576 illam
1095 1522 1452 1582 obsidionem,
1471 1522 1522 1574 in
1545 1535 1649 1590 qua
1663 1518 1842 1573 omnis
1865 1516 2081 1586 generis

509 1615 979 1670 interneciouihns
1004 1655 1019 1677 ,
1055 1624 1108 1669 et
1141 1613 1300 1670 famis
1345 1623 1398 1668 et
1439 1612 1784 1685 pestilentiae,
1809 1618 1862 1664 et
1895 1609 2078 1678 gladii,

508 1723 630 1760 eum
656 1707 924 1779 pernicies
947 1707 1208 1762 adversus
1225 1721 1319 1761 eos
1334 1705 1522 1760 diluvii
1543 1704 1716 1759 instar
1749 1700 2044 1758 conﬂueret
2063 1741 2075 1762 ,

509 1817 701 1855 onmes
719 1801 1029 1872 quicunque
1041 1799 1304 1855 adversus
1319 1797 1654 1852 Salvatorem
1681 1804 1928 1850 nostrum
1947 1808 2079 1847 con—

510 1891 870 1960 spiraverant,
901 1891 1279 1960 cujuscunque
1299 1887 1694 1952 essentaetatis,
1719 1887 1884 1942 excisi
1911 1895 2037 1939 sunt
2063 1904 2075 1939 :
2114 1906 2152 1958 η

507 1997 616 2053 quo
641 1997 772 2038 sane
796 1990 1040 2052 tempore
1063 1982 1225 2037 etiam
1255 1979 1773 2037 desolationisillius
1799 1979 2078 2034 abomina-

507 2076 584 2130 tio
605 2075 658 2129 in
693 2076 894 2145 templo
914 2075 1362 2144 eonstitnit,qu:e
1397 2073 1615 2144 quidem
1641 2071 1707 2126 ad
1731 2071 1878 2125 hunc
1907 2084 2079 2139 usque

507 2167 649 2221 diem
687 2167 987 2237 permansit
1027 2165 1257 2236 singulis
1284 2165 1477 2220 diebus
1510 2165 1566 2218 in
1595 2162 1920 2218 deteriorem
1949 2159 2080 2215 soli-

509 2261 752 2316 tudinem
783 2275 1066 2315 corruens.
1115 2259 1222 2313 Par
1259 2265 1441 2313 autem
1473 2267 1558 2314 εει
1589 2270 1708 2311 eam
1753 2253 1941 2308 itidem
1987 2269 2078 2308 us-

506 2367 612 2421 que
657 2351 724 2406 ad
771 2352 896 2407 vita:
946 2350 1473 2406 consummationem
1529 2348 1870 2408 duraturam,
1921 2343 2076 2413 juxta

504 2441 796 2500 terminum
825 2457 986 2512 quem
1019 2441 1308 2512 prophetia
1341 2440 1696 2500 indicaverat,
1719 2435 1828 2490 illis
1851 2434 2072 2490 verbis:

509 2551 529 2586 ι
567 2533 630 2592 Et
659 2549 831 2603 usque
859 2534 926 2588 ad
962 2533 1492 2587 consummationem
1527 2529 1791 2600 temporis
1813 2543 2078 2583 consum-

503 2625 670 2682 matio
701 2624 921 2682 dabitur
961 2625 1012 2678 iu
1063 2623 1439 2688 solitudinem,
1479 2640 1498 2673 ι
1531 2635 1694 2690 quam
1727 2633 1916 2674 vocem
1955 2617 2077 2671 Sal-

501 2725 659 2776 vator
686 2731 751 2772 ae
793 2715 1057 2776 Dominus
1089 2723 1276 2770 noster
1318 2712 1480 2770 Jesus
1509 2712 1762 2768 Christus
1792 2711 1950 2780 quasi
1995 2709 2074 2763 si-

499 2824 608 2879 gno
664 2809 930 2880 impresso
981 2806 1324 2866 conﬁrmavit
1377 2805 1569 2860 dicens
1606 2823 1619 2858 :
1659 2821 1677 2854 ι
1721 2802 1858 2858 Cum
1891 2809 2074 2854 autem

504 2881 752 2956 videritis
775 2899 1238 2962 abominatioriem
1265 2897 1642 2960 desolationis,
1669 2910 1791 2966 qua:
1819 2893 1968 2948 dicta
1991 2899 2076 2947 est

495 3009 596 3066 per
625 2993 901 3064 Dauielem
940 2991 1256 3066 prophetam
1299 2997 1533 3050 stantem
1575 2989 1628 3042 in
1677 2987 1798 3042 loco
1831 2995 2024 3042 sancto
2057 3003 2070 3038 :

495 3095 626 3141 tunc
649 3085 845 3141 scitote
869 3083 1013 3152 quod
1041 3081 1500 3154 appropinquavit
1523 3078 1790 3134 desolatio
1813 3077 1932 3148 ejus
1955 3077 2020 3130 ".
2047 3095 2066 3128 ι

493 3178 650 3246 Quod
681 3180 725 3234 si
755 3175 928 3232 Judaai
961 3191 1068 3230 non
1095 3177 1317 3240 credere
1345 3191 1404 3238 se
1430 3173 1535 3232 ista
1563 3171 1951 3242 respondeant,
1983 3183 2074 3222 ar-

493 3271 690 3342 guendi
739 3278 868 3326 sunt
905 3277 1165 3340 tauquam
1197 3267 1255 3332 ii,
1286 3266 1380 3338 qui
1421 3279 1530 3320 non
1563 3266 1738 3322 solum
1785 3264 2072 3334 impuden-
2100 3249 2142 3306 (ἶ

493 3373 577 3418 ter
619 3364 784 3420 rebus
813 3363 959 3420 veris
988 3377 1050 3415 ac
1075 3361 1383 3418 manifestis
1415 3365 1738 3436 repugnent,
1776 3357 1872 3413 sed
1901 3357 2066 3411 etiam

489 3455 746 3510 vaticinia
779 3471 878 3510 sua
903 3461 963 3508 ut
989 3453 1144 3520 falsa,
1171 3463 1435 3525 quantum
1461 3453 1516 3508 in
1543 3454 1679 3526 ipsis
1701 3455 1806 3520 est,
1859 3449 2070 3511 calum-

489 3549 730 3610 nientur,
785 3547 830 3603 si
877 3549 966 3603 illa
1013 3546 1232 3616 quidem
1263 3547 1318 3600 in
1349 3561 1452 3600 Lxx
1473 3561 1740 3600 annorum
1771 3543 2070 3620 hebdqma-

485 3642 586 3698 das
625 3643 941 3698 universum
973 3651 1188 3710 tempus
1235 3639 1546 3700 includunt,
1577 3637 1706 3693 dum
1741 3651 1862 3708 quae
1897 3637 2066 3692 interc

485 3735 670 3791 medio
699 3743 944 3804 tempore
989 3740 1254 3790 eventura
1304 3739 1432 3788 sunt
1470 3731 1762 3794 divinant:
1795 3731 1896 3804 ipsi
1939 3745 2068 3784 vero

487 3841 616 3884 eum
643 3827 754 3897 jam
783 3803 854 3882 ab
885 3827 1003 3896 ipsa
1024 3824 1308 3896 prophetia
1333 3839 1508 3894 usque
1529 3823 1594 3877 ad
1619 3838 1721 3878 nos
1753 3803 1920 3893 prope
1947 3821 2070 3876 mil-

483 3919 712 3975 lesimus
738 3927 930 3988 agatur
951 3933 1151 3980 annus,
1184 3915 1320 3970 nihil
1345 3931 1536 3970 eorum
1569 3931 1690 3985 qua:
1715 3915 1918 3985 scripta
1941 3901 2067 3969 sunt

485 4011 688 4066 factum
714 4027 834 4066 esse
867 4012 1268 4076 demonstrant,
1310 4009 1529 4064 tametsi
1574 4009 1818 4079 ipsorum
1855 4008 2062 4072 unctio,

481 4109 545 4158 ut
605 4103 848 4158 divinum
905 4103 1230 4173 praedixerat
1281 4101 1586 4188 oraculum,
1632 4099 1810 4155 deleta
1867 4107 1970 4162 est,
2013 4107 2067 4153 et

1151 393 1419 451 EUSEBII
1453 391 1938 450 CESARIENSIS
1977 391 2126 446 OPP.
2172 387 2355 444 PARS
2395 387 2456 442 11.
2491 419 2559 428 --
2597 383 3098 442 APOLOGETICA.

3661 380 3766 436 632

2189 508 2326 580 πρὸς
2351 506 2524 560 ταῦτα
2546 505 2718 576 ἔχοιεν
2741 505 2792 557 οἱ
2821 505 2885 556 ἐκ
2911 500 3228 574 περιτομῆς,
3259 497 3546 566 ἐλεγκτέον
3571 495 3764 556 αὐτοὺς

2193 601 2265 671 μὴ
2305 598 2464 671 μόνον
2493 597 2726 660 ἀναιδῶς
2764 595 2900 667 πρὸς
2934 594 3001 647 τὰ
3033 593 3207 665 ἀληθῆ
3245 590 3340 646 καὶ⁵
3375 588 3584 660 ἐναργῆ
3619 587 3768 640 tota.

2190 691 2418 762 μένους,
2469 688 2606 743 ἀλλὰ
2649 689 2746 742 καὶ
2797 687 2898 750 τὰς
2947 685 3278 758 προρρήσεις
3315 682 3391 744 ὡς
3411 680 3668 750 ψευδεῖς.
3709 677 3768 732 τὸ

2183 785 2306 837 ὅσον
2355 782 2442 835 ἐπ’
2489 783 2704 844 αὐτοῖς,
2767 777 3148 840 διαϐάλλοντας
3171 815 3186 840 ,
3249 773 3362 842 εἴγε
3409 773 3466 824 αἱ
3529 771 3632 840 μὲν
3691 771 3768 833 εἰς

2185 875 2552 946 ἐϐδομήκοντα
2592 872 2888 943 ἑϐδομάδας
2913 869 3048 924 ἐτῶν
3069 869 3163 922 τὸν
3191 867 3368 920 πάντα
3390 861 3770 936 περιορίζωσι

2183 967 2394 1039 χρόνον,
2427 965 2495 1019 τὰ
2521 967 2580 1018 ἐν
2609 964 2690 1035 τῷ
2723 962 2926 1036 μεταξὺ
2965 959 3353 1032 συμϐησόμενα
3385 954 3764 1018 θεσπίζουσαν

2185 1061 2241 1112 αἱ
2283 1059 2360 1122 δὲ,
2405 1058 2585 1128 σχεδὸν
2617 1056 2716 1127 ήδη
2751 1051 3022 1124 χιλιοστοῦ
3069 1051 3220 1114 ἔτους
3261 1047 3370 1102 ἀπὸ
3409 1045 3512 1115 τῆς
3549 1059 3768 1115 προᾷη·
3803 1059 3806 1062 '

2183 1149 2332 1214 τείας
2373 1149 2469 1203 καὶ
2507 1149 2586 1210 εἰς
2615 1147 2764 1218 ἡμᾶς
2803 1143 3142 1216 ἐλαύνοντος,
3185 1139 3339 1192 οὐδὲν
3371 1137 3478 1190 τῶν
3511 1149 3768 1204 γεγραμ-

2188 1239 2363 1310 μένων
2394 1237 2613 1307 γεγονὸς
2647 1234 3069 1296 ἐπιδείκνυνται,
3101 1231 3274 1284 καίτοι
3295 1223 3768 1298 ἐξολοθρευθέντες

2185 1331 2362 1384 αὐτῶν
2409 1328 2502 1383 τοῦ
2539 1329 2874 1400 χρίσματος,
2915 1323 3058 1378 κατὰ
3107 1322 3203 1393 τὴν
3247 1319 3394 1373 Θείαν
3435 1317 3766 1388 πρόρρησιν,

2185 1419 2392 1474 καὶτοῦ
2423 1419 2764 1489 ἀγιάσματος
2801 1414 3000 1479 αὐτῶν,
3027 1413 3123 1466 καὶ
3165 1409 3272 1464 τῶν
3299 1407 3426 1478 πρὶν
3461 1405 3770 1476 οἰκητόρων

2183 1511 2588 1582 διαφθαρέντων
2635 1511 2731 1564 καὶ
2767 1506 3108 1562 ἐκκοπέντων
3143 1506 3199 1556 ἐν
3241 1497 3618 1568 κατακλυσμῷ
3671 1514 3768 1549 που

2183 1605 2348 1675 λέμου
2380 1621 2649 1674 συντετμη
2659 1602 2816 1672 μένου
2847 1600 3190 1668 ἀφανισμοῖς,
3220 1595 3312 1648 καὶ
3335 1593 3430 1646 τοῦ
3455 1609 3521 1660 γε
3549 1592 3766 1644 πάντων

2184 1695 2616 1767 παραδοξοτάτου
2669 1693 2832 1746 εἰσέτι
2882 1690 2976 1744 νῦν
3026 1687 3215 1744 αὐτόθι
3265 1685 3574 1758 δρωμένου·
3625 1681 3768 1748 λέγω

2181 1787 2245 1860 δὴ
2275 1787 2369 1840 τοῦ
2402 1785 2764 1856 βδελύγματος
2797 1783 2896 1854 τῆς
2935 1779 3267 1854 ἐρημώσεως
3296 1778 3374 1840 είς
3402 1773 3564 1844 δεῦρο
3597 1771 3768 1825 ἑστῶ-

2183 1897 2273 1942 τος
2300 1879 2358 1932 ἐν
2385 1877 2464 1948 τῷ
2494 1877 2623 1949 πρὶν
2654 1876 2796 1947 ἁγίῳ
2819 1875 2996 1945 τόπῳ,
3027 1891 3094 1926 πε
3103 1871 3159 1944 pl
3179 1865 3240 1925 οὗ
3271 1868 3366 1922 καὶ
3391 1869 3420 1922 ὁ
3447 1865 3645 1936 Σωτὴρ
3677 1863 3768 1916 καὶ

2181 1969 2386 2042 Κύριος
2419 1967 2576 2040 ἡμῶν
2603 1967 2702 2031 τὰς
2736 1964 3050 2029 ἐκτεθείσας
3094 1963 3376 2034 προήκατο
3417 1956 3624 2026 φωνάς.
3669 1949 3766 2006 Ὧν

2181 2061 2367 2132 σαφῶς
2406 2061 2502 2113 ὑπ’
2543 2058 2846 2129 ὀφθαλμοῖς
2898 2055 3189 2128 ὁρωμένων
3249 2054 3380 2124 ἡμῖν
3425 2049 3594 2102 εἰσέτι
3645 2045 3764 2108 νῦν,

2181 2155 2458 2225 Θαυμάσαι
2487 2152 2602 2206 ἐστι
2637 2152 2765 2214 τοὺς
2798 2153 2862 2203 ἐκ
2903 2147 3204 2220 περιτομῆς
3223 2187 3239 2210 ,
3269 2145 3368 2216 οὐχ
3397 2141 3573 2204 οὕτως
3615 2140 3765 2192 ἀντι-

2181 2247 2401 2302 ϐλέπειν
2431 2247 2546 2309 τοῖς
2567 2243 2820 2315 ἐναργέσι
2845 2240 3178 2312 τολμῶντας,
3208 2239 3330 2292 ὅσον
3357 2233 3764 2296 ἀϐλεπτοῦντας

2177 2343 2273 2395 καὶ
2309 2339 2408 2412 τὴν
2444 2338 2682 2393 διάνοιαν
2739 2333 3176 2403 ἐσκοτωμένους,
3229 2329 3364 2400 πρὸς
3397 2327 3458 2380 τὸ
3509 2325 3584 2397 μὴ
3626 2325 3764 2396 ὁρᾷν

2179 2435 2245 2487 τὰ
2279 2431 2422 2484 οὕτω
2467 2429 2616 2500 σαφῆ
2655 2429 2748 2482 καὶ
2785 2426 2986 2497 ἐναργῆ
3027 2424 3134 2478 τῶν
3169 2422 3330 2474 θείων
3358 2418 3590 2491 Γραφῶν
3626 2418 3764 2469 ἀτω-

2175 2525 2510 2596 τελέσματα·
2561 2521 2590 2576 ὂ
2633 2521 2729 2574 καὶ
2777 2517 3076 2572 πεπόνθασι
3123 2513 3264 2568 κατὰ
3302 2512 3399 2582 τὴν
3449 2513 3528 2573 εἰς
3559 2508 3760 2569 αὐτοὺς

2179 2616 2554 2689 πληρωθεῖσαν
2589 2615 2692 2668 κάν
2731 2611 2906 2682 τούτῳ
2943 2608 3037 2662 τοῦ
3075 2606 3294 2661 Ἡσαΐου
3345 2603 3550 2672 φωνὴν,
3581 2599 3652 2652 δι’
3697 2595 3761 2670 ἧς

2177 2710 2461 2763 ἐθέσπισεν
2499 2709 2700 2770 αὐτοῖς,
2749 2704 2948 2758 εἰπών·
2995 2703 3188 2772 «Ἀκοῇ
3233 2696 3530 2758 ἀκούσετε,
3567 2693 3668 2748 καὶ
3699 2693 3758 2746 οὗ

2181 2802 2254 2873 μὴ
2287 2801 2506 2873 συνῆτε,
2531 2801 2626 2854 καὶ
2660 2797 2946 2869 βλέποντες
2975 2793 3218 2865 βλέψετε,
3248 2791 3342 2843 καὶ
3379 2790 3438 2842 οὐ
3471 2787 3546 2859 μὴ
3577 2787 3754 2856 ἴδητε·

2177 2892 2454 2964 ἐπαχύνθη
2491 2891 2600 2964 γὰρ
2639 2892 2672 2962 ἠ
2705 2887 2902 2960 καρδία
2942 2885 3036 2939 τοῦ
3067 2883 3198 2938 λαοῦ
3236 2881 3424 2936 τούτου
3447 2897 3460 2909 ·
3505 2879 3601 2932 καὶ
3647 2879 3756 2939 τοῖς

2176 2987 2309 3040 ὠσὶν
2364 2985 2543 3039 αὐτῶν
2588 2983 2799 3055 βαρέως
2843 2983 3102 3052 ἤκουσαν,
3143 2977 3237 3029 καὶ
3279 2975 3406 3037 τοὺς
3443 2969 3756 3039 ὀφθαλμοὺς

2175 3077 2355 3134 αὐτῶν
2404 3077 2760 3148 ἐκάμμυσαν,
2811 3075 3020 3145 μήποτε
3071 3070 3220 3124 ἴδωσι
3271 3069 3382 3129 τοῖς
3432 3061 3752 3132 ὀφθαλμοῖς,

2175 3173 2270 3226 καὶ
2297 3169 2430 3224 ὠσὶν
2456 3169 2754 3233 ἀκούσωσι,
2781 3167 2874 3220 καὶ
2907 3168 2974 3236 τῇ
3007 3162 3204 3235 καρδία
3233 3159 3456 3221 συνῶσι,
3495 3157 3591 3209 καὶ
3623 3155 3752 3208 ἐπι-

2177 3261 2472 3334 στρέψωσι,
2526 3259 2621 3313 καὶ
2668 3258 2904 3327 ἰάσωμαι
2957 3253 3174 3315 αὐτούς.
3225 3270 3243 3303 ι
3310 3247 3448 3302 Ἀλλ’
3491 3246 3612 3298 ἐπεὶ
3660 3245 3754 3298 καὶ

2177 3357 2304 3428 περὶ
2333 3353 2439 3408 τῶν
2483 3349 2921 3405 πεπιστευκότων
2965 3345 3134 3399 ἐθνῶν
3167 3345 3246 3407 εἰς
3278 3341 3368 3395 τὸν
3399 3336 3632 3410 Χριστὸν
3657 3335 3752 3390 τοῦ

2175 3446 2309 3501 Θεοῦ
2355 3445 2522 3500 πάλαι
2559 3442 2825 3514 πρότερον
2867 3439 3074 3511 εἴρητο·
3131 3455 3148 3487 ι
3185 3430 3279 3500 Οἷς
3331 3433 3430 3486 οὐκ
3473 3428 3750 3502 ἀνηγγέλη

2177 3539 2308 3610 περῖ¹
2362 3533 2530 3590 αὐτοῦ
2555 3575 2570 3598 ,
2620 3532 2872 3602 δψονται,
2928 3530 3020 3582 καὶ
3063 3528 3112 3580 οἶ
3155 3526 3254 3579 οὐκ
3293 3523 3584 3592 ἀκηκόασι,
3629 3535 3751 3570 συν-

2173 3634 2389 3705 ήσουσι,
2421 3633 2486 3702 τῇ
2521 3627 2685 3682 αὑτοῦ
2715 3627 2897 3698 χάριτι
2923 3623 3016 3678 καὶ
3031 3625 3095 3693 τῇ
3122 3619 3217 3673 τοῦ
3241 3617 3556 3688 πέμψαντος
3591 3611 3752 3666 αὑτὸν

2168 3727 2444 3800 Πατέρος,
2474 3743 2492 3776 ι
2529 3725 2691 3794 ἡμεῖς
2717 3738 2777 3774 τε
2811 3717 2952 3774 κατὰ
2979 3717 3038 3771 τὸ
3061 3714 3281 3769 δυνατὸν
3313 3713 3382 3764 τὰ
3401 3709 3638 3778 φανέντα
3673 3707 3752 3767 εἰς

2165 3823 2294 3886 τοὺς
2324 3819 2522 3882 τόπους
2557 3815 2879 3887 εἰρήκαμεν,
2909 3811 3004 3864 καὶ
3029 3807 3098 3861 τὰ
3127 3805 3204 3877 τῷ
3239 3804 3343 3874 πρὸ
3372 3801 3528 3876 ἡμῷν
3566 3801 3752 3868 Ἀφρι,

2167 3913 2316 3985 κανῷ
2359 3907 2718 3978 εὐγνωμόνως
2761 3905 2986 3971 δόξαντα
3037 3897 3465 3985 παρεθήκαμεν,
3517 3893 3749 3961 ἐχόμενα

2163 4006 2257 4063 καὶ
2290 3983 2460 4060 αὐτὰ
2509 3995 2794 4070 ἀκριϐείας
2820 4011 2832 4025 ·
2891 3991 3013 4047 ὅθεν
3064 3990 3161 4066 καὶ
3207 3989 3392 4050 αὐτοῖς
3438 3984 3514 4048 ὡς
3569 3983 3748 4044 καλῶς

2164 4099 2344 4169 ἔχουσι
2383 4091 2669 4174 χρηστέον.

480 4207 732 4252 sanctum
761 4199 1080 4254 earumdem
1107 4213 1213 4252 una
1235 4213 1359 4252 cum
1389 4174 1667 4269 prioribus
1732 4195 1929 4250 incolis
1985 4195 2342 4266 disperditum
2375 4203 2539 4263 atque.
2571 4171 2821 4254 excisum
2863 4184 2917 4240 in
2955 4179 3164 4238 diluvio
3193 4177 3318 4234 belli
3357 4171 3626 4232 contracti
3663 4171 3746 4224 in-

479 4291 908 4358 terueciouibns,
932 4298 986 4346 et
1016 4291 1072 4344 in
1095 4305 1160 4346 co
1187 4292 1307 4348 loco
1335 4292 1514 4346 adhuc
1532 4291 1800 4355 cernitur,
1829 4289 2055 4360 idsquod
2115 4289 2359 4344 omnium
2426 4285 2844 4360 admirationem
2876 4283 3100 4350 superat
3124 4293 3138 4331 :
3166 4275 3290 4330 dico
3323 4280 3504 4327 autem
3539 4269 3744 4324 abomi-

478 4384 753 4439 nationem
773 4385 1128 4441 desolationis
1151 4383 1328 4438 adhuc
1351 4391 1496 4440 stare
1522 4399 1587 4438 eo
1613 4384 1668 4438 in
1697 4383 1817 4437 loco
1846 4382 1938 4452 qui
1969 4390 2128 4436 antea
2151 4389 2379 4436 sanctus
2399 4386 2538 4445 erat,
2558 4393 2666 4449 qua
2697 4377 2765 4432 de
2780 4392 2840 4442 re
2861 4374 3026 4432 etiam
3083 4368 3336 4428 Salvator
3361 4382 3426 4422 ac
3481 4364 3741 4420 Dominus

477 4482 666 4530 noster
702 4476 948 4547 exposita
997 4493 1172 4548 nuper
1227 4477 1392 4534 verba
1440 4475 1766 4531 enuntiavit.
1798 4474 1929 4542 Quae
1957 4475 2174 4550 quidem
2205 4490 2293 4529 res
2317 4488 2440 4528 cum
2503 4469 2824 4542 planissime
2856 4468 2959 4542 sub
2987 4467 3180 4536 oculos
3202 4465 3362 4524 nobis
3417 4459 3583 4534 404
3613 4459 3743 4514 sub-

471 4567 631 4640 jecta:
652 4569 783 4634 sint,
812 4577 976 4641 atque
1003 4571 1168 4626 etiam
1197 4585 1344 4626 nunc
1370 4579 1684 4640 cernantur,
1715 4567 1932 4638 Judmos
1961 4567 2221 4622 admirari
2245 4581 2426 4637 operte
2457 4567 2690 4636 pretium
2721 4571 2826 4628 est,
2861 4577 2971 4617 non
3005 4571 3114 4636 tam
3173 4560 3322 4638 quod
3387 4557 3657 4614 adversus
3683 4567 3742 4608 ea

477 4666 692 4738 qnmita
711 4667 998 4737 perspicua
1017 4666 1447 4722 suntintendere
1474 4667 1662 4722 oculos
1684 4667 1940 4730 audeant,
1994 4680 2156 4736 quam
2189 4665 2334 4737 quod
2394 4665 2468 4719 ita
2493 4665 2746 4736 caligent,
2785 4677 3086 4734 eorumque
3123 4675 3279 4720 mens
3318 4659 3392 4714 ita
3436 4656 3744 4718 inrolvatur

476 4762 740 4827 tenebris,
769 4771 828 4816 ut
854 4779 964 4818 non
992 4763 1214 4819 videant
1243 4780 1328 4828 ea,
1354 4779 1470 4834 qua:
1497 4773 1606 4816 tam
1635 4765 1782 4818 clara
1811 4774 2032 4836 tamque
2069 4764 2339 4818 evidentia
2371 4771 2499 4819 sunt
2550 4762 2858 4817 divinarum
2919 4757 3330 4834 Scripturarum
3358 4765 3570 4826 eventa,
3595 4751 3736 4828 quod

474 4855 696 4928 quidem
746 4857 827 4912 eis
875 4859 1174 4914 secundum
1221 4859 1367 4914 illam
1401 4859 1555 4915 Isaiae
1587 4875 1799 4925 vocem,
1830 4873 1951 4928 qua:
1990 4857 2044 4911 in
2085 4859 2188 4912 hoc
2210 4873 2427 4928 quoque
2457 4857 2723 4912 adversus
2753 4855 2876 4909 illos
2931 4853 3200 4922 completa
3263 4861 3366 4912 est,
3395 4849 3617 4920 accidit,
3647 4845 3732 4902 ubi

473 4950 647 5004 utitur
685 4949 792 5004 illis
818 4951 999 5006 verbis
1032 4971 1045 5004 :
1085 4971 1103 5003 ι
1145 4952 1348 5007 Auditu
1378 4951 1647 5015 audietis,
1681 4961 1734 5005 ct
1803 4967 1911 5005 non
1955 4950 2265 5022 intelligetis
2303 4969 2315 5004 :
2349 4957 2405 5006 et
2439 4950 2714 5004 intuentes
2783 4945 3154 5006 intuebimini,
3203 4951 3396 4998 etnon
3441 4940 3731 5014 videbitis;

467 5061 721 5104 crassum
756 5049 903 5103 enim
939 5049 1138 5103 factum
1169 5059 1253 5105 est
1287 5065 1383 5104 cor
1419 5049 1603 5120 populi
1632 5048 1796 5118 hujus
1831 5065 1842 5102 :
1892 5055 1948 5102 et
1991 5047 2221 5122 auribus
2269 5047 2386 5102 suis
2425 5045 2663 5116 graviter
2727 5043 3041 5103 audierunt,
3075 5048 3130 5095 et
3159 5039 3351 5094 oculos
3417 5053 3550 5096 suos
3587 5037 3733 5089 clau-

470 5149 682 5206 serunt,
717 5158 785 5197 ne
831 5142 1050 5212 quando
1096 5142 1314 5198 videant
1355 5143 1552 5208 oculis,
1589 5151 1643 5197 et
1689 5143 1916 5197 auribus
1948 5141 2195 5204 audiant,
2225 5149 2281 5196 et
2310 5141 2476 5196 corde
2541 5137 2870 5208 intelligant,
2905 5141 2960 5190 et
3021 5139 3434 5196 convertantur,
3468 5141 3522 5185 et
3546 5145 3727 5186 sanem

471 5251 565 5292 eus
593 5237 695 5292 “.i
743 5237 850 5293 Sed
887 5239 1140 5310 quoniam
1171 5238 1237 5294 de
1267 5239 1521 5310 gentibus
1550 5253 1671 5308 quae
1699 5237 1754 5292 in
1787 5238 1944 5292 [idem
1985 5235 2193 5304 Christi
2219 5237 2312 5292 Dei
2343 5243 2612 5290 venerunt
2647 5235 2777 5289 olim
2841 5232 2996 5303 prius
3027 5229 3232 5284 dictum
3295 5227 3512 5284 fuerat:
3545 5245 3566 5282 ι
3603 5225 3728 5293 Qui-

472 5331 575 5386 bus
609 5334 922 5388 nuntiatum
957 5349 1062 5388 non
1093 5341 1175 5388 est
1210 5332 1276 5388 de.
1305 5333 1419 5396 illo,
1454 5334 1488 5388 ii
1509 5333 1802 5394 .videbunt,
1839 5339 1894 5386 et
1915 5329 2009 5400 qui
2035 5345 2144 5384 non
2201 5329 2512 5394 audierunt,
2539 5329 2574 5382 ii
2617 5327 2921 5397 intelligent
2941 5326 3009 5390 “,
3049 5344 3068 5377 ι
3112 5341 3213 5381 nos
3243 5325 3372 5380 item
3397 5321 3546 5376 illius
3571 5330 3724 5390 atque

470 5419 611 5490 ejus,
644 5427 736 5490 qui
767 5424 917 5478 misit
948 5423 1123 5488 illum,
1149 5423 1328 5479 Patris
1354 5423 1646 5486 beneﬁcio,
1681 5438 1778 5494 pro
1813 5421 2042 5484 viribus,
2083 5435 2204 5491 qua:
2244 5421 2358 5476 visa
2402 5428 2530 5474 sunt
2596 5419 2826 5474 dicenda
2859 5419 2916 5473 in
2982 5417 3083 5472 hos
3125 5416 3274 5471 locos
3311 5415 3424 5485 jam
3473 5412 3721 5474 diximus,

469 5525 684 5569 necnon
729 5529 850 5582 qua:
894 5513 1151 5568 Africano
1213 5515 1513 5584 superioris
1541 5513 1720 5568 aetatis
1769 5512 1888 5566 viro
1957 5519 2086 5567 sunt
2123 5513 2259 5582 visa,
2301 5509 2378 5564 illi
2423 5511 2525 5580 ipsi
2556 5521 2780 5582 accepta
2829 5509 3130 5566 referentes
3198 5507 3574 5579 apposuimus,
3614 5517 3724 5577 qua

467 5609 588 5678 ipsa
639 5621 856 5675 quoque
901 5606 1188 5678 diligenter
1237 5615 1401 5678 atque
1445 5615 1701 5664 accurate
1742 5605 2048 5676 excogitata
2088 5613 2216 5660 sunt
2251 5620 2265 5674 ς
2297 5619 2468 5676 quare
2491 5605 2600 5663 illis
2630 5615 2687 5660 ut
2722 5606 2860 5661 bene
2893 5602 3130 5660 inventis
3151 5601 3558 5660 eritutcndum.

541 5799 588 5830 ”
625 5795 758 5854 Luc.
795 5817 882 5854 ut
909 5841 922 5866 ,
957 5801 1044 5856 20.

1123 5805 1167 5838 θ’
1211 5803 1308 5860 lsa.
1348 5821 1432 5870 vi,
1475 5805 1556 5860 ll).
1637 5805 1682 5838 ‘3‘
1723 5803 1880 5864 Itoni.
1918 5819 2018 5870 xv,
2049 5803 2138 5860 2|.
