3928 6570
559 497 666 551 633

1208 564 1213 569 ‘
1257 494 1525 552 EUSEBII
1563 494 2041 551 CAESARIENSIS
2078 496 2227 553 OPP.
2266 493 2446 550 PARS
2483 493 2547 551 Il.
2585 524 2657 535 —-
2692 491 3190 549 APOLOGETICA.
3699 492 3777 545 (Ξὖὸ

555 608 698 680 ignis
726 608 891 680 408
915 610 1242 678 liquescent,
1270 616 1326 663 et
1353 609 1510 679 quasi
1542 623 1682 678 aqua
1720 623 1841 678 quae
1882 608 2115 664 defertu:

2232 606 2473 662 παλαιῶν
2528 606 2834 677 ὑψωμάτων
2886 606 2977 659 τὸν
3037 605 3147 659 τῶν
3204 602 3619 675 προειρημένων
3670 604 3778 671 ἀφα·

552 702 606 756 in
640 716 902 770 pra'ceps,
943 721 961 752 ι
1000 710 1217 770 propter
1252 700 1657 756 multitudinem
1702 716 1890 755 eorum
1923 701 2015 770 qui
2065 702 2119 755 in

553 793 661 847 illis
691 792 933 861 quotidie
962 806 992 843 a
1023 790 1344 846 melioribus
1389 792 1456 845 ad
1487 792 1759 847 deteriora
1812 793 2070 845 labuntur
2106 811 2121 847 :

549 893 604 939 et
636 884 820 937 omnia
860 884 972 936 liaac
1004 883 1080 936 ait
1127 881 1307 936 futura
1339 900 1357 933 ι
1398 884 1618 952 propter
1661 882 1993 952 impietatem
2028 885 2126 939 do-

551 990 674 1030 mus
720 972 910 1037 Iacob,
953 981 1008 1028 et
1055 982 1273 1043 propter
1306 984 1585 1043 peccatum
1635 974 1831 1029 domus
1876 973 2062 1030 Israel.
2101 994 2119 1027 ι

548 1064 812 1130 Quasnam
853 1080 983 1118 vero
1017 1064 1089 1119 sit
1117 1064 1232 1117 haec
1275 1064 1526 1134 impietas
1554 1072 1608 1120 et
1644 1064 1789 1135 quod
1819 1074 2122 1135 peccatum,

549 1171 878 1228 progressus
927 1157 1142 1227 longius
1173 1157 1422 1228 adjungit
1455 1177 1470 1213 :
1508 1177 1526 1208 ι
1577 1157 1681 1224 Qui
1713 1158 2123 1221 abominamini,

550 1251 751 1320 inquit,
782 1250 1081 1312 iudicium.
1123 1259 1178 1306 et
1220 1250 1404 1305 omnia
1449 1258 1596 1305 recta
1644 1253 1975 1320 pervertitis.
2018 1250 2123 1317 Qui

548 1343 830 1397 ardilicatis
891 1342 1023 1396 Sion
1075 1343 1131 1397 in
1179 1342 1541 1411 sanguinibus
1578 1381 1593 1405 ,
1653 1350 1705 1396 et
1731 1341 2033 1397 Jerusalem
2070 1343 2126 1397 in

536 1434 859 1501 tinjustitiis,
898 1452 917 1485 ι
956 1435 1010 1487 in
1041 1435 1241 1504 quibus
1279 1434 1634 1503 sanguinibus
1682 1435 1845 1488 etiam
1890 1434 1980 1488 ille
2004 1434 2124 1502 fuit,

550 1527 644 1595 qui
681 1526 790 1580 illis
829 1532 1197 1579 extremorum
1229 1525 1497 1578 malorum
1542 1524 1757 1579 initium
1793 1540 2127 1595 causamque

549 1617 782 1686 przebuit
804 1656 817 1677 ,
848 1625 1070 1686 propter
1096 1632 1257 1685 quem
1284 1616 1507 1686 impiam
1549 1616 1694 1670 illam
1720 1632 1906 1672 vocem
1936 1626 2127 1671 contra

550 1708 762 1775 seipsos
792 1707 1110 1768 emiserunt,
1146 1706 1389 1761 dicentes
1427 1726 1440 1760 :
1484 1725 1503 1757 ι
1544 1705 1780 1777 Sanguis
1809 1708 1931 1775 ejus
1962 1721 2129 1777 super

550 1814 652 1852 nos
682 1807 736 1853 et
768 1813 933 1867 super
958 1797 1096 1852 ﬁlios
1127 1807 1346 1853 nostros
1378 1799 1446 1853 ".
1488 1817 1507 1850 ι
1548 1799 1734 1868 Itaque
1764 1807 1985 1869 propter
2010 1799 2127 1869 iplsa

536 1889 686 1952 haec,
714 1889 909 1958 inquit,
948 1907 966 1940 ι
1005 1888 1134 1943 Sion
1174 1890 1334 1958 quasi
1364 1904 1492 1958 ager
1518 1890 1792 1954 arabitur,
1826 1898 1879 1944 et
1907 1887 2130 1944 Jerusa-

2224 699 2412 771 νισμὸν
2451 697 2952 770 ἁπολοφυρόμεναι,
2988 715 3007 748 ι
3037 697 3114 761 ὡς
3156 696 3323 767 κηρὸς
3357 694 3465 748 ἀπὸ
3516 694 3774 766 προσώπου

2223 792 2393 864 πυρὸς
2434 792 2845 861 ἐκτακὴσονται,
2872 790 2965 843 καὶ
2998 789 3073 852 ὡς
3116 788 3260 859 ὕδωρ
3286 787 3715 857 καταφερόμενον
3736 790 3778 841 ἐν

2225 884 2543 943 καταϐάσει,
2558 904 2575 933 ›
2598 882 2686 935 διὰ
2698 882 2756 935 τὸ
2781 881 2982 951 πλῆθος
2994 881 3102 933 τῶν
3115 882 3169 934 ὲν
3187 880 3377 944 αὑταῖς
3397 880 3504 933 ἀπὸ
3518 880 3628 932 τῶν
3643 898 3780 949 κρειτ-

2225 977 2390 1029 τόνων
2416 976 2507 1029 ἐπὶ
2535 974 2604 1028 τά
2628 975 2794 1046 χείρω
2823 973 3275 1027 καταπιπτόντων
3304 972 3598 1044 ὁσημέραι.
3624 972 3777 1027 Πάντα

2256 1068 2282 1121 ὲ
2311 1067 2485 1121 ταῦτά
2518 1084 2680 1138 φησιν
2720 1065 2936 1119 ἔσεσθαι
2971 1083 2990 1116 ι
3017 1065 3083 1118 δι’
3109 1065 3362 1120 ἀσέϐειαν
3392 1067 3540 1119 οἴκου
3582 1063 3777 1128 Ἰακὼϐ,

2226 1159 2320 1213 καὶ
2347 1159 2414 1212 δι’
2441 1158 2714 1229 ἁμαρτίαν
2733 1157 2881 1211 οἴκου
2926 1157 3161 1230 Ἰσραήλ.
3193 1177 3211 1210 ι
3250 1156 3344 1221 Τίς
3363 1158 3408 1211 δ’
3426 1153 3494 1228 ἦν
3519 1160 3552 1227 ἡ
3588 1156 3779 1210 ἀσέϐεια

2226 1250 2318 1302 καὶ¹
2343 1250 2375 1319 ἠ
2402 1249 2662 1318 ἁμαρτία,
2694 1245 2898 1319 προῖὼν
2932 1246 3056 1318 ἑξῆς
3081 1247 3351 1316 ἐπιλέγειο
3385 1268 3405 1298 ι
3437 1249 3500 1301 Οἱ
3528 1246 3778 1317 βδελυσσό-

2229 1357 2379 1410 μενοι
2412 1343 2584 1411 κρῖμα
2610 1379 2626 1403 ,
2659 1340 2753 1392 καὶ
2785 1340 2961 1393 πάντα
2994 1340 3062 1392 τὰ
3094 1339 3228 1410 ὀρθά
3262 1339 3676 1412 διαστρέφοντες
3699 1355 3710 1367 ·
3741 1341 3777 1392 οἱ

2226 1431 2630 1503 οἰκοδομοῦντες
2672 1430 2809 1484 Σιὼν
2837 1433 2896 1483 ἐν
2927 1432 3153 1502 αἴμασιν
3177 1473 3191 1495 ,
3223 1432 3318 1485 καὶ
3354 1430 3707 1503 Ἰερουσαλὴμ
3730 1433 3773 1484 ἐν

2227 1522 2487 1586 ἀδικίαις⁸
2525 1542 2543 1575 ι
2576 1524 2633 1575 ὲν
2664 1516 2745 1585 οἷς
2777 1522 2970 1591 αἵμασι
2999 1523 3218 1576 κάκεῖνο
3248 1518 3315 1594 ἦν
3335 1522 3396 1575 τὸ
3422 1521 3527 1575 τῶν
3561 1522 3776 1574 ὑστάτων

2229 1614 2413 1668 κακῶν
2446 1613 2728 1686 παραίτιον
2762 1614 2945 1677 αὐτοῖς
2974 1614 3264 1684 γενόμενον
3283 1655 3298 1678 ,
3329 1614 3413 1682 ἐφ’
3442 1607 3487 1681 ᾧ
3507 1614 3604 1684 τὴν
3635 1613 3776 1683 ἀσεϐῆ

2231 1706 2413 1777 φωνὴν
2457 1707 2539 1769 εἰς
2589 1707 2814 1769 ἑαυτοὺς
2864 1707 3279 1771 ἐπεσπάσαντο,
3323 1708 3622 1778 φήσαντες·
3674 1725 3690 1755 ι
3724 1705 3778 1758 Τὸ

2227 1789 2363 1865 αἷμα
2392 1793 2556 1848 αὑτοῦ
2592 1795 2675 1863 ἐφ’
2702 1797 2881 1866 ἡμᾶς,
2910 1796 3003 1849 καὶ
3032 1796 3123 1848 ἐπὶ
3161 1796 3228 1849 τὰ
3261 1797 3422 1850 τέκνα
3453 1795 3629 1867 ἡμῶν.
3660 1815 3679 1846 ι
3704 1795 3772 1847 Διὸ

2229 1886 2380 1955 γοῦν,
2416 1887 2567 1956 φησὶ,
2595 1887 2732 1941 αύτά
2758 1886 2947 1952 ταῦτα,
2980 1905 2999 1938 ι
3024 1887 3101 1952 ὡς
3123 1888 3290 1958 ἀγρὸς
3316 1887 3453 1940 Σιὼν
3479 1886 3779 1959 ἀροτριαθή-

550 1982 655 2037 lem
701 1982 856 2052 quasi
901 1996 1189 2051 pomorum
1221 1981 1471 2036 custodia
1521 1983 1662 2036 erit:
1705 2000 1722 2031 ι
1749 1997 1868 2051 qua:
1899 1980 2115 2051 quidem

2223 1996 2394 2044 σεται,
2430 1980 2523 2033 καὶ
2567 1980 2922 2051 Ἰερουσαλὴμ
2954 1979 3029 2043 ὡς
3048 1980 3516 2051 ξόπωροφυλάκιον
3552 1979 3772 2035 ἔσται’»

538 2075 699 2128 .nullo
721 2089 961 2143 unquam
986 2074 1095 2127 alio
1122 2083 1385 2143 tempore,
1405 2087 1565 2143 quam
1593 2082 1714 2142 post
1735 2075 1824 2127 illa
1850 2088 1973 2143 quae
1992 2088 2125 2128 con-

536 2175 632 2219 .tra
660 2163 996 2220 Salvatorem
1028 2173 1278 2219 nostrum
1335 2166 1456 2219 ausi
1489 2173 1637 2228 sunt,
1676 2181 1866 2221 verum
1906 2166 2113 2220 exitum

546 2274 827 2329 accepere.
862 2257 937 2312 Ex
971 2259 1065 2311 illo
1098 2258 1240 2312 enim
1283 2258 1348 2312 ad
1388 2258 1532 2313 hunc
1587 2273 1761 2323 usque
1805 2258 1950 2313 diem
1985 2258 2121 2312 locis

540 2351 657 2405 illis
695 2358 938 2405 extrema
985 2349 1280 2405 solitudine
1328 2349 1632 2420 occupatis,
1674 2366 1832 2403 mons
1867 2348 1996 2403 Sion
2029 2349 2121 2419 qui

546 2441 686 2511 apud
736 2442 858 2496 illos
905 2450 1062 2495 antea
1118 2442 1508 2496 celeberrimus
1540 2448 1696 2503 erat,
1727 2441 1845 2493 loco
1886 2440 2122 2508 antiquae

548 2533 695 2586 illius
730 2533 1099 2589 meditationis
1133 2542 1297 2602 atque
1334 2533 1764 2595 exercitationis,
1796 2547 1916 2601 quae
1946 2534 1999 2585 in
2030 2533 2120 2585 illo

544 2622 782 2693 Vigebat.
811 2624 1254 2692 propheticorum
1285 2623 1705 2692 divinorumque
1738 2623 2109 2687 oraculorum,

544 2731 667 2786 quae
695 2728 853 2781 antea
887 2717 988 2770 viri
1032 2716 1242 2772 Hebraei
1283 2716 1489 2786 Deique
1522 2716 1819 2770 familiares
1843 2716 2120 2786 prophetae

545 2812 969 2880 sacerdotesque
1013 2820 1068 2864 et
1096 2810 1340 2878 magistri
1387 2809 1553 2862 totius
1598 2810 1775 2878 gentis
1826 2809 1881 2862 in
1928 2809 2115 2863 eodem

542 2916 743 2971 magno
769 2918 891 2956 cum
921 2901 1103 2955 studio
1120 2900 1439 2964 reddebant,
1468 2916 1563 2968 per
1590 2885 1737 2955 viros
1762 2899 2036 2955 Romanos
2062 2902 2116 2955 in

544 2994 691 3047 nulla
727 3010 787 3048 re
817 3009 846 3046 a
883 2994 1092 3062 reliqua
1136 2994 1355 3062 regione
1389 2993 1645 3047 dili‘erens
1685 3001 1872 3046 aratur
1898 3001 1952 3046 et
1983 2993 2118 3046 coli-

544 3093 653 3146 tur.
684 3094 743 3138 ut
773 3099 877 3139 nos
908 3101 1125 3154 quoque
1166 3085 1276 3155 ipsi
1311 3084 1712 3154 inspexerimus
1745 3084 1908 3137 boum
1953 3100 2115 3154 opera

543 3178 721 3231 locum
773 3186 828 3230 et
872 3178 1014 3230 arari
1058 3186 1112 3232 et
1145 3178 1429 3232 seminari.
1490 3175 1610 3246 Ipsa
1640 3191 1770 3230 vero
1809 3174 2113 3231 Jerusalem

2223 2072 2365 2142 άπερ
2401 2072 2509 2125 οὐδ’
2544 2072 2728 2126 ἄλλοτε
2761 2071 2979 2126 πώποτε
3018 2073 3051 2144 ἥ
3091 2072 3229 2143 μετὰ
3282 2071 3349 2125 τά
3390 2071 3530 2125 κατὰ
3566 2071 3658 2125 τοῦ
3692 2073 3777 2124 Σω-

2219 2167 2383 2233 τῆρος
2410 2162 2563 2234 ἡμῶν
2591 2163 2970 2236 τετολμημένα
3001 2164 3174 2235 ἀληθῆ
3200 2164 3298 2235 τὴν
3321 2164 3543 2218 ἔκϐασιν
3565 2164 3772 2237 εἴληχεν.

2234 2253 2323 2316 Ἐξ
2349 2252 2556 2307 ἐκείνου
2596 2253 2704 2326 γάρ
2741 2271 2823 2307 τοι
2869 2254 2963 2307 καὶ
2986 2255 3066 2317 είς
3102 2254 3260 2325 δεῦρο
3302 2254 3538 2326 ἐσχάτης
3563 2256 3774 2325 ἐρημίας

2221 2344 2631 2415 καταλαϐούσης
2671 2346 2794 2410 τοὺς
2832 2346 3063 2410 τόπους,
3099 2346 3159 2398 τὸ
3199 2345 3298 2415 μὲν
3347 2347 3477 2416 πρὶν
3515 2346 3773 2417 διαὸόητω

2219 2434 2396 2486 αὐτῶν
2425 2433 2561 2487 Σιὼν
2589 2434 2713 2507 ὅρος
2733 2476 2747 2499 ,
2782 2435 2901 2488 ἀντί
2933 2436 3033 2505 τῆς
3078 2435 3244 2489 πάλαι
3287 2438 3342 2489 ἐν
3375 2436 3522 2507 αύτῷ
3570 2438 3773 2507 μελέτης

2220 2527 2312 2579 καὶ
2341 2528 2629 2598 ἀσκήσεως
2660 2527 2767 2581 τῶν
2796 2529 3145 2600 προφητικῶν
3175 2531 3267 2582 καὶ
3301 2527 3459 2582 θείων
3492 2529 3664 2596 λόγων
3685 2571 3699 2591 ,
3717 2524 3773 2582 ὧν

2219 2621 2405 2684 παῖδες
2446 2620 2507 2673 τὸ
2555 2622 2682 2691 πρὶν
2728 2620 2997 2690 Ἐϐραίων
3053 2623 3145 2674 καὶ
3181 2621 3447 2692 Θεοφιλεῖς
3491 2623 3771 2694 προφῆται,

2219 2713 2382 2783 ἱερεῖς
2412 2729 2471 2764 τε
2505 2712 2601 2766 καὶ
2636 2712 2941 2765 διδάσκαλοι
2978 2712 3069 2766 τοῦ
3106 2712 3308 2777 παντὸς
3343 2713 3527 2776 ἔθνους
3568 2716 3625 2766 ἐν
3655 2714 3770 2782 τι)τῇ

2216 2799 2301 2853 διά
2346 2802 2586 2871 σπουδῆς
2627 2801 2923 2865 ἐποιοῦντο,
2964 2802 3055 2856 διὰ
3099 2802 3386 2874 Ῥωμαίων
3426 2803 3635 2869 ἀνδρῶν
3672 2804 3771 2857 κατ’

2216 2892 2368 2945 οὐδὲν
2408 2893 2506 2963 τῆς
2539 2891 2731 2962 λοιπῆς
2756 2893 3085 2964 διαφέρουσα
3114 2893 3297 2965 χώρας
3324 2899 3682 2967 γεωργεῖται,
3713 2895 3773 2958 ὡς

2217 2983 2311 3038 καὶ
2345 2986 2491 3055 ἡμᾶς
2514 2985 2707 3049 αὐτοὺς
2726 2985 3023 3057 ὀφθαλμοῖς
3058 2987 3391 3060 παραλαϐεῖν
3422 2987 3602 3057 βουσὶν
3629 2990 3770 3062 ἀρού-

2220 3093 2377 3146 μενον
2397 3117 2411 3139 ,
2444 3077 2535 3130 καὶ
2574 3078 3072 3150 κατασπειρόμενον
3102 3078 3190 3131 τὸν
3218 3079 3380 3134 τόπον
3404 3097 3418 3111 ·
3445 3083 3478 3150 ἡ
3503 3081 3559 3134 δὲ
3601 3082 3773 3153 Ἱερουο

2219 3167 2399 3238 σαλὴμ
2438 3169 2574 3240 αὐτὴ
2605 3168 2680 3232 ὼς
2712 3168 3160 3241 ὀπωροφυλάκιον
3188 3170 3288 3240 τῆς
3318 3172 3375 3223 ὲν
3407 3172 3541 3242 αὐτῇ
3566 3172 3773 3234 παλαιᾶς

546 3281 803 3341 tanquam
831 3288 1113 3343 pomorum
1139 3273 1408 3339 custodia,
1445 3279 1706 3342 corrupto
1733 3277 1916 3325 vetere
1940 3272 2032 3341 qui
2058 3272 2110 3324 in

2218 3260 2437 3332 ὀπώρας
2472 3260 2861 3333 διαφθαρείσης
2894 3262 3104 3330 γέγονε,
3145 3262 3341 3333 μᾶλλον
3378 3264 3435 3317 δὲ
3480 3267 3558 3328 εἰς
3588 3265 3771 3318 λιθολο-

543 3365 658 3431 ipsa
679 3374 796 3417 erat
828 3364 1028 3427 fructu,
1060 3365 1251 3420 elTecta
1291 3374 1395 3426 est,
1430 3379 1493 3417 ac
1521 3364 1700 3432 potius
1728 3363 1966 3433 lapidum
1998 3363 2115 3415 col—

543 3456 725 3517 lectio,
760 3456 906 3510 sicut
928 3457 983 3510 in
1014 3464 1271 3511 contextu
1302 3455 1574 3511 Hebraico
1602 3456 1816 3523 legitur.
1851 3453 1942 3508 Sac
1968 3454 2111 3509 enim

543 3540 736 3609 Aquila
767 3544 1037 3597 convertit
1066 3563 1080 3598 :
1113 3563 1131 3594 ι
1176 3528 1384 3598 Idcirco
1415 3554 1635 3613 propter
1658 3559 1777 3605 vos,
1812 3542 1943 3597 Sion
1966 3551 2114 3598 terra

542 3631 808 3694 arabitur,
833 3642 887 3689 et
949 3635 1017 3689 de
1062 3634 1363 3691 Jerusalem
1412 3637 1621 3705 lapides
1681 3638 2025 3707 colligentur.
2088 3656 2108 3690 ι

540 3723 625 3778 Ab
645 3726 885 3782 externis
922 3728 1066 3781 enim
1113 3728 1430 3783 hominibus
1468 3728 1735 3793 habitata,
1781 3730 1943 3784 hodie
1973 3745 2112 3799 quo-
2143 3762 2153 3769 -

539 3832 646 3886 que
681 3817 887 3886 lapides
914 3818 1217 3898 legentibus
1263 3822 1486 3889 praebet,
1517 3836 1641 3875 cum
1677 3837 1869 3877 omnes
1892 3823 1982 3893 qui
2011 3838 2111 3876 no-

542 3906 673 3960 stris
704 3905 1041 3975 temporibus
1086 3923 1203 3962 eam
1236 3909 1427 3964 urbem
1471 3911 1735 3974 incolunt,
1765 3912 1941 3967 ruina:
1966 3913 2113 3968 illius

540 3994 750 4063 lapides
777 3995 1035 4060 colligant
1068 4003 1175 4049 tam
1211 3996 1278 4050 de
1307 4000 1555 4067 privatis,
1588 4016 1749 4069 quam
1774 4002 1840 4055 de
1870 4017 2115 4063 commu-

539 4086 702 4140 nibus
732 4094 785 4140 et
812 4088 1044 4157 publicis
1071 4089 1316 4145 aediliciis
1361 4109 1373 4145 :
1407 4102 1459 4146 ct
1488 4092 1616 4148 licet
1648 4093 1825 4149 oculis
1857 4095 2112 4150 tristissi-

538 4193 688 4230 mum
747 4181 1121 4248 spectaculum
1182 4182 1402 4245 intueri,
1435 4200 1499 4237 ex
1546 4184 1665 4253 ipso
1711 4185 1911 4255 templo
1939 4198 1993 4240 et
2047 4202 2112 4241 ex

539 4267 673 4337 ipsis
701 4271 978 4340 quondam
999 4273 1197 4344 adytis,
1220 4290 1286 4328 ex
1316 4274 1383 4328 iis
1409 4291 1530 4345 qua:
1554 4287 1740 4331 sancta
1759 4275 2113 4339 vocabantur,

537 4358 746 4431 lapides
763 4379 861 4433 pro
890 4364 1311 4420 simulacrorum
1342 4366 1501 4431 fanis,
1532 4384 1739 4439 proque
1767 4370 2113 4438 spectaculis,

536 4468 645 4522 quo
664 4470 853 4510 omnes
885 4458 1068 4526 populi
1100 4467 1436 4513 concurrant
1459 4501 1476 4526 ,
1514 4460 1849 4516 azdilicandis
1882 4461 2113 4527 assumi,

535 4559 655 4614 quae
697 4560 821 4599 cum
859 4546 995 4601 adeo
1043 4547 1321 4602 evidenter
1369 4550 1437 4603 ab
1489 4551 1743 4603 omnibus
1800 4558 2114 4618 cernantur,

2215 3354 2338 3421 γίαν
2365 3354 2505 3406 κατά
2523 3355 2620 3424 τὴν
2655 3353 2948 3425 Ἐϐραικὴν
2977 3354 3297 3422 ἀνάγνωσιν.
3330 3357 3388 3409 Ὀ
3417 3356 3544 3425 γοῦν
3568 3357 3772 3419 Ἀκύλας

2216 3446 2383 3517 φησί·
2425 3465 2443 3497 ι
2468 3446 2566 3500 Διά
2601 3445 2758 3500 τοῦτο
2800 3445 2963 3517 χάριν
2994 3445 3146 3517 ὑμῶν
3190 3446 3325 3500 Σιὼν
3370 3448 3519 3520 χώρα
3549 3451 3773 3521 ἀροτρια-

2215 3538 2472 3606 θήσεται,
2508 3541 2604 3593 καὶ
2647 3541 3005 3613 Ἰερουσαλὴμ
3047 3540 3545 3613 λιθολογηθήσεται.
3598 3563 3614 3594 ι
3649 3543 3767 3595 Ὺπό

2213 3631 2323 3703 γὰρ
2368 3630 2678 3699 ἀλλοφύλων
2736 3633 2944 3704 ἀνδρῶν
2998 3633 3423 3698 κατοικισθεῖσα,
3481 3636 3641 3689 εἰσέτι
3687 3637 3767 3689 καὶ

2215 3726 2450 3797 σήμερον
2476 3724 2828 3793 λιθολογεῖται
2850 3765 2865 3789 ,
2898 3726 3114 3779 πάντων
3147 3726 3270 3781 καθ’
3294 3729 3439 3798 ἡμᾶς
3469 3729 3655 3792 αὐτοὺς
3675 3729 3769 3781 τῶν

2212 3816 2309 3887 τὴν
2351 3816 2501 3870 πόλιν
2536 3816 2825 3871 οἰκούντων
2865 3818 2990 3882 τοὺς
3032 3818 3139 3871 ἀπὸ
3188 3819 3283 3889 τῆς
3331 3818 3586 3883 πτώσεως
3618 3821 3769 3891 αὐτῆς

2212 3907 2390 3971 λίθους
2439 3908 2842 3977 ἀναλεγομένων
2870 3908 2949 3973 εἷς
2972 3928 3030 3963 τε
3051 3909 3118 3962 τὰ
3142 3909 3248 3963 ἴδια
3275 3912 3368 3964 καὶ
3417 3911 3567 3965 κοινά
3585 3912 3673 3964 καὶ
3693 3911 3770 3979 δη-

2218 3998 2377 4066 μόσια
2418 3999 2853 4071 οἰκοδομήματα·
2894 4002 2985 4054 καλ⁸
3020 4001 3166 4054 ἔστιν
3206 4002 3503 4074 ὀφθαλμοῖς
3548 4003 3769 4074 παραλα-

2215 4090 2327 4142 ϐεῖν
2362 4089 2677 4162 σκυθρωπὸν
2709 4091 2908 4162 θέαμα,
2949 4095 3073 4158 τοὺς
3104 4094 3162 4160 ἐξ
3193 4095 3358 4149 αὑτοῦ
3397 4096 3490 4149 τοῦ
3522 4096 3655 4168 ἱεροῦ
3685 4096 3769 4148 καὶ

2214 4180 2389 4234 αὐτῶν
2414 4182 2522 4233 τῶν
2547 4183 2709 4236 πάλαι
2736 4182 2941 4237 ἀδύτων
2973 4186 3066 4239 καὶ
3093 4187 3262 4255 ἀγίων
3285 4187 3468 4251 λίθους
3494 4191 3570 4252 είς
3587 4188 3651 4240 τά
3672 4187 3767 4240 τῶν

2215 4271 2445 4326 εἰδώλων
2473 4274 2671 4345 τεμένη
2692 4312 2706 4331 .
2731 4274 2810 4334 εἷς
2845 4294 2901 4329 τε
2940 4277 3008 4330 τά
3040 4278 3145 4331 τῶν
3179 4279 3475 4351 πανδήμων
3507 4281 3767 4351 θεαμάτων

2216 4367 2705 4438 κατασκευάσματα
2734 4369 3170 4440 ἀπειλημμένους
3190 4390 3202 4402 ·
3233 4365 3309 4425 ὧν
3339 4372 3513 4436 οὕτως
3544 4372 3763 4445 ἐναργῶς

2216 4460 2327 4523 τοῖς
2362 4460 2525 4512 πᾶσιν
2558 4460 2865 4531 ὁρωμένων,
2898 4462 2988 4515 καὶ
3008 4464 3036 4515 ὀ
3064 4463 3245 4527 καινὸς
3266 4463 3429 4531 νόμος
3462 4467 3553 4519 καὶ
3575 4463 3713 4532 λόγος
3737 4464 3763 4514 ὀ

2217 4551 2316 4620 τῆς
2363 4551 2555 4621 καινῆς
2596 4551 2689 4604 τοῦ
2734 4553 2981 4624 Σωτῆρος
3012 4554 3168 4626 ἡμῶν
3221 4556 3376 4628 Ιησοῦ
3424 4555 3762 4632 mox,»th

534 4636 677 4705 quod
713 4653 851 4691 nova
876 4639 1003 4692 item
1036 4639 1142 4704 lex,
1177 4640 1431 4710 quodque
1455 4657 1653 4695 novum
1686 4640 1819 4695 Novi
1851 4658 1879 4695 a
1915 4640 2107 4696 Salva-

2218 4642 2487 4713 Διαθήκης
2535 4644 2743 4697 ἐκεῖθέν
2805 4645 2966 4698 ποθεν
3026 4646 3304 4717 προελθὼν
3354 4648 3511 4718 δῆλος
3562 4649 3623 4703 ἂν
3668 4647 3758 4716 εἴη.

534 4737 650 4783 tore
680 4738 871 4784 nostro
920 4728 1049 4785 Jesu
1102 4731 1343 4795 Christo,
1379 4733 1583 4788 conditi
1626 4732 1959 4789 Testamenti
1985 4750 2111 4790 ver-

534 4821 662 4875 bum
715 4823 863 4877 illinc
922 4823 1144 4877 omnino
1200 4824 1500 4894 profectum
1529 4826 1621 4889 sit,
1673 4841 1804 4881 sane
1856 4828 2113 4883 constite-

532 4914 623 4968 rit.
652 4912 813 4985 M7
846 4914 1298 4987 Quandoquidem
1336 4917 1762 4973 innumerabiles
1786 4919 2107 4989 populorum

530 5015 857 5070 conventus,
887 5008 1175 5079 omnisque
1205 5009 1421 5080 generis
1454 5011 1725 5074 nationes,
1760 5011 1965 5066 relictis
2003 5012 2110 5067 diis

529 5100 773 5169 ipsorum
826 5100 1061 5169 patriis,
1118 5101 1418 5171 relictoque
1477 5110 1659 5157 vetere
1704 5103 2110 5174 superstitionis

527 5207 733 5259 errore,
779 5209 948 5247 unum
1001 5209 1316 5263 supremum
1363 5192 1529 5248 Deum
1578 5195 1883 5252 invocant:
1937 5213 2106 5267 quare

521 5280 687 5337 etiam
704 5282 829 5352 prof
828 5282 1143 5339 undissimaa
1161 5284 1309 5352 pacis
1326 5296 1603 5354 compotes
1617 5294 2099 5357 evaserunt,quan-

519 5369 596 5424 do
627 5389 730 5425 non
758 5376 991 5445 amplius
1014 5375 1342 5445 multiplices
1362 5377 1723 5446 principatus,
1762 5397 1780 5430 ι
1807 5394 1981 5448 neque
2012 5395 2097 5432 re-

521 5476 633 5529 gna
666 5478 760 5531 per
786 5465 904 5519 loca
950 5477 1273 5533 cernuntur,
1314 5484 1490 5538 neque
1527 5486 1660 5539 gens
1689 5472 1950 5526 adversus
1972 5486 2102 5540 gen-

530 5567 633 5606 .em
665 5553 900 5623 gladium
932 5560 1124 5625 sumit,
1156 5578 1335 5631 neque
1365 5570 1424 5615 ut
1456 5573 1613 5616 antea
1639 5563 1844 5617 mutuis
1868 5562 2013 5617 inter
2042 5578 2101 5617 se

530 5640 684 5696 bellis
716 5648 957 5710 student,
995 5652 1092 5704 sed
1129 5655 1371 5723 agricola
1414 5654 1595 5709 omnis
1625 5655 1729 5709 sub
1774 5656 1880 5709 vite
1916 5662 1970 5708 et
1999 5655 2101 5709 sub

526 5731 629 5787 ficu
647 5750 745 5788 sua
767 5738 1247 5806 quiescit,nemine
1271 5744 1393 5800 illos
1406 5751 1768 5811 exterrente,»
1798 5746 1942 5801 sicut
1968 5762 2098 5817 pro~

596 5913 642 5946 "
682 5915 872 5975 Matth.
910 5936 1096 5989 nm,
1127 5924 1216 5979 9.5.

2223 4734 2338 4802 Ἐφ’
2367 4727 2410 4802 ᾧ
2442 4736 2610 4805 μυρία
2641 4735 2817 4807 πλήθη
2844 4735 3009 4799 λαῶν,
3047 4738 3172 4809 ἔθνη
3205 4756 3263 4792 τε
3296 4746 3522 4794 παντοῖα
3548 4742 3647 4794 τῶν
3671 4755 3757 4792 πα-

2210 4825 2377 4897 τρίων
2405 4829 2715 4881 ἀποστάντα
2747 4828 2904 4891 θεῶν,
2936 4832 3029 4883 καὶ
3056 4831 3156 4900 τῆς
3191 4832 3424 4896 παλαιᾶς
3464 4833 3757 4904 δεισιδαίμο-

2213 4934 2300 4980 νος
2330 4916 2554 4988 πλάνης,
2582 4918 2672 4970 τὸν
2695 4918 2785 4971 ἐπὶ
2810 4918 3023 4972 πάντων
3050 4919 3182 4975 Θεὸν
3204 4922 3566 4975 ἀνακαλεῖται·
3585 4921 3657 4974 διὸ
3686 4922 3763 4974 καί

2212 5007 2538 5078 κατῃξίωται
2572 5008 2671 5078 τῆς
2708 5008 3010 5081 βαθυτάτης
3057 5013 3298 5082 εἰρήνης,
3337 5011 3412 5075 ὡς
3449 5013 3639 5083 μηκέτι
3684 5025 3764 5061 πο-

2212 5101 2473 5171 λυαρχίας
2506 5096 2662 5164 εἶναι,
2698 5121 2716 5153 ι
2758 5102 2890 5174 μηδὲ
2919 5103 3193 5173 βασιλείας
3225 5105 3364 5157 κατὰ
3403 5104 3613 5167 τόπους.
3654 5100 3762 5171 μηδὲ

2212 5193 2361 5258 ἔθνος
2389 5193 2474 5250 ἐπ’
2508 5193 2657 5257 ἔθνος
2693 5195 2962 5266 ῥομφαίαν
2992 5197 3185 5268 αἱρεῖν,
3223 5197 3365 5267 μηδ’,
3412 5197 3486 5259 ὠς
3531 5197 3588 5249 τὸ
3637 5192 3758 5255 πρὶν.

2212 5286 2465 5356 πολέμοις
2496 5290 2605 5350 τοῖς
2646 5290 2764 5342 κατ’
2802 5288 3045 5361 ἀλλήλων
3083 5288 3383 5359 σχολάζειν,
3417 5283 3761 5342 ἀναπαύεσθαι

2208 5376 2265 5433 δὲ
2317 5377 2422 5439 τῶν
2473 5379 2729 5449 γεωργῶν
2784 5380 3010 5432 ’ἑκαστον
3063 5378 3319 5432 ὑποκάτω
3374 5379 3631 5450 ἀμπέλου,
3682 5371 3757 5425 καὶ

2210 5470 2466 5524 ὑποκάτω
2490 5470 2658 5541 συκῆς
2683 5471 2867 5532 αὐτοῦ,
2894 5470 3117 5541 μηδενὸς
3140 5470 3495 5539 ἐκφοϐοῦντος
3515 5468 3720 5527 αύτοῦςι
3736 5477 3752 5507 ι

2209 5563 2350 5617 κατὰ
2378 5564 2477 5633 τὴν
2514 5563 2868 5633 προφητείαν.
2905 5557 3002 5617 Ὧν
3034 5563 3204 5626 οὕτως
3234 5564 3340 5617 οὐδ’
3380 5562 3560 5619 ἄλλοτὲ
3602 5578 3675 5614 πω
3704 5550 3753 5613 ἐξ

2206 5654 2399 5718 αἰῶνος
2434 5654 2715 5726 πρότερον,
2744 5653 2776 5725 ἦ
2810 5654 2949 5709 κατά
2980 5654 3071 5726 τὴν
3104 5655 3210 5707 τῶν
3242 5655 3523 5726 Ῥωμαίων
3555 5643 3750 5717 ἐπικριῆ⁹

2205 5763 2361 5818 τησιν
2395 5745 2501 5799 ἀπὸ
2530 5746 2635 5799 τῶν
2667 5746 2872 5818 χρόνων
2920 5747 3019 5818 τῆς
3059 5746 3375 5815 ἐπιφανείας
3400 5746 3487 5799 τοῦ
3527 5740 3744 5809 Σωτῆρηὶ
