3928 6570
242 548 360 599 σ’ςι

1132 543 1784 603 DEMONSTRATIONIS
1821 541 2281 598 EV'ANGELICAS
2313 542 2446 600 LIB.
2491 540 2631 601 γιιι.

3403 544 3507 598 638

241 657 408 728 ἡμῶν
452 657 543 710 καὶ
600 657 682 719 είς
722 653 884 726 δεῦρο
933 655 1389 727 συντελουμένων,
1422 657 1833 730 ἀναμφίλεκτον
1865 690 1873 718 ε

1946 655 2116 725 phetia
2147 654 2493 725 prtedixerat.
2519 653 2649 720 Qua:
2677 666 2800 707 cum
2826 651 2907 709 sic
2929 667 3205 722 nunquam
3229 652 3365 707 alias
3385 662 3508 708 ante

238 749 481 820 ἡγοῦμαι
511 748 612 817 τὴν
642 745 912 810 ἀπόδειξιν
945 746 1223 819 εἰληφέναι
1255 750 1348 802 τὸν
1392 752 1584 822 χρόνον
1622 753 1718 829 τῆς
1743 750 1830 805 θε-

240 838 580 911 σπιζομένης
607 841 689 902 είς
719 836 1039 911 ἀνθρώπους
1062 839 1152 893 τοῦ
1181 843 1388 913 Κυρίου
1419 846 1738 918 παρουσίας.

1934 761 1963 800 a
1993 745 2212 800 condito
2257 761 2393 808 :evo,
2432 746 2533 801 nisi
2582 754 2704 815 post
2735 745 3025 799 adventum
3074 743 3375 800 Salvatoris
3410 760 3510 797 no-

1935 838 2058 896 stri,
2126 836 2387 892 Romanis
2449 837 2737 906 imperium
2794 836 3190 902 obtinentibus,
3243 834 3308 888 ad
3363 836 3510 889 hunc

251 946 432 1001 usque
465 930 611 985 diem
642 928 996 999 contigerint,
1030 930 1334 987 indubitata
1389 935 1856 992 demonstratione
1891 940 2174 987 ostensum
2219 943 2342 983 esse
2378 928 2614 982 arbitror
2643 928 2785 998 ejus,
2824 942 2986 997 quem
3040 927 3315 997 propheta
3350 942 3510 982 canc-

237 1024 400 1086 hant,
434 1020 655 1077 Domini
692 1022 961 1078 adventus
984 1022 1051 1077 ad
1086 1023 1356 1092 homines,
1392 1037 1631 1098 tempus.

252 1183 402 1257 ‘Axd
411 1183 516 1236 τοῦ
530 1184 925 1257 Ζαχαρίουμτ
940 1184 1159 1254 Σημεῖα
1180 1188 1412 1254 χρόνων
1426 1188 1541 1257 τῆς
1552 1191 1658 1244 τοῦ
1685 1193 1829 1247 Θεοῦ

320 1253 508 1330 ᾼόγρυ
570 1254 671 1330 Δείς
696 1253 1057 1330 ,ἀνθρώπους
1083 1253 1456 1330 παρουσίας,
1487 1253 1727 1330 ’ἇιλῆσίς
1767 1281 1832 1316 τε

316 1321 525 1386 ἐθνῶν,
552 1323 782 1393 ὑστάτη
812 1341 877 1377 τε
914 1321 1260 1393 καθαίρεό-ις
1287 1326 1392 1397 τῆς
1412 1321 1827 1402 Ἰερουσαλήμ.

321 1458 340 1491 ι
379 1438 598 1510 Τέρπου
630 1438 725 1491 καὶ
755 1436 1071 1510 εὐφραίνου,
1105 1436 1340 1511 θύγατερ
1371 1441 1527 1505 Σιὼν,
1557 1442 1689 1497 διότι
1726 1445 1831 1497 ἰδοὺ

243 1531 358 1599 ἐγὼ
388 1530 647 1603 ἔρχομαι,
687 1530 782 1583 καὶ
814 1529 1225 1601 κατασκηνώσει)
1266 1535 1322 1587 ἐν
1363 1534 1511 1606 μέσῳ
1542 1554 1655 1600 σου,
1684 1536 1834 1606 λέγει

242 1621 469 1693 Κύριος.
509 1622 622 1675 Kal.
651 1617 1079 1695 καταφεύξονται
1117 1620 1242 1695 ἔθνη
1275 1624 1445 1679 πολλὰ
1481 1628 1573 1681 ἐπὶ
1599 1629 1690 1681 τὸν
1724 1629 1836 1683 Κύ-

243 1732 362 1785 ριον
390 1715 450 1766 ἐν
478 1716 548 1786 τῇ
579 1713 762 1786 ἡμέρᾳ
806 1714 1011 1785 ἐκείνῃ.
1037 1713 1132 1767 καὶ
1160 1715 1374 1770 ἔσονται
1405 1719 1552 1790 αὐτῷ
1575 1722 1653 1785 εἰς
1684 1721 1832 1788 λαὸν,

244 1803 339 1856 καὶ
362 1802 881 1874 κατασκηνώσουσιν
908 1806 964 1856 ἐν
996 1804 1144 1875 μέσῳ
1171 1822 1283 1870 σου,
1308 1809 1402 1862 καὶ
1445 1811 1721 1884 ἐπιγνώσῃ
1751 1815 1833 1867 ὅτι

244 1892 451 1965 Κύριος
478 1896 874 1967 παντοκράτωρ
900 1894 1267 1959 ἐξαπέσταλκέ
1297 1917 1363 1970 με
1397 1902 1533 1973 πρὸς
1562 1882 1641 1956 σέ.
1673 1882 1833 1958 [Καὶ

247 1984 365 2054 μεθ’
391 1984 560 2057 ἕτερα
588 1987 811 2039 πλεῖστα
833 1987 1033 2057 μεταξῦ
1058 1989 1295 2060 ἐπιλέγει
1317 2010 1329 2021 ·
1360 2010 1379 2045 ι
1414 1995 1582 2068 Χαῖρε
1608 1997 1833 2069 σφόδρα.

1938 1182 1981 1235 ,4
2039 1179 2322 1240 lac/toria.
2355 1208 2425 1219 —
2456 1176 2621 1248 Signa
2672 1188 2961 1246 temporum
3003 1176 3100 1232 Dei
3150 1177 3219 1232 ad
3271 1179 3507 1233 homines

2012 1253 2303 1310 adcentus,
2344 1259 2393 1303 et
2434 1249 2636 1301 vacatio
2675 1249 2943 1318 gentium,
2984 1258 3316 1319 extremaque
3361 1250 3506 1305 urbis

2012 1321 2311 1376 Jerusalem
2339 1319 2561 1373 eversio.

2019 1449 2034 1480 ι
2068 1429 2252 1484 Gaude
2291 1434 2345 1482 et
2383 1427 2600 1496 laetare,
2643 1424 2749 1478 tilia
2788 1422 2944 1497 Sion,
2979 1426 3104 1497 quia
3140 1441 3269 1481 ecce
3301 1441 3402 1497 ego
3418 1442 3510 1481 ve-

1943 1522 2031 1577 nio
2056 1565 2069 1583 ,
2103 1532 2156 1578 et
2186 1520 2447 1575 habitabo
2482 1519 2536 1573 in
2572 1517 2753 1572 medio
2795 1518 2904 1580 tui,
2945 1518 3080 1573 dicit
3117 1517 3403 1575 Dominus.
3446 1517 3513 1572 Et

1940 1618 2260 1687 confugient
2291 1622 2481 1686 gentes
2515 1612 2701 1681 multae
2734 1612 2801 1665 ad
2838 1611 3128 1665 Dominum
3161 1613 3217 1665 in
3256 1611 3344 1666 die
3382 1612 3470 1665 illa
3496 1652 3510 1675 ,

1939 1721 1993 1767 et
2030 1716 2194 1766 erunt
2229 1709 2275 1764 ei
2318 1706 2373 1761 in
2414 1708 2696 1777 populum.
2753 1705 2819 1768 Et
2870 1703 3198 1767 habitabunt
3238 1703 3292 1757 in
3333 1701 3513 1757 medio

1942 1808 2021 1861 tui
2056 1825 2070 1860 :
2112 1813 2166 1859 et
2207 1818 2511 1874 cognosces
2549 1801 2697 1872 quod
2735 1800 3000 1855 Dominus
3034 1798 3381 1869 omnipotens
3414 1797 3516 1852 mi~

1940 1899 2011 1954 sit
2041 1912 2128 1952 me
2160 1895 2227 1950 ad
2261 1902 2314 1950 te
2344 1894 2412 1949 ⁸⁸.
2455 1914 2473 1946 ι
2504 1891 2570 1947 Ει
2604 1900 2729 1964 post
2761 1892 2865 1945 alia
2897 1890 3133 1961 plurima
3165 1880 3287 1959 qua:
3316 1887 3371 1941 in
3399 1903 3517 1942 me—

1943 1990 2032 2044 dio
2059 1987 2230 2060 ponit,
2253 1985 2498 2056 adiungit
2522 2004 2534 2039 :
2560 2003 2577 2035 ι
2608 1984 2795 2038 Gaude
2819 1982 3190 2057 vehementer,
3218 1980 3327 2041 lilia
3355 1978 3512 2032 Sion.

243 2076 484 2148 θύγατερ
523 2076 685 2141 Σιὼν,
719 2080 980 2150 κὴρυσσε,
1020 2078 1256 2153 θύγατερ
1301 2084 1653 2158 Ἰερουσαλήμ
1676 2106 1688 2119 ·
1725 2089 1832 2143 ἰδοὺ
1866 2107 1873 2162 ι

1946 2080 2182 2135 Praedica
2206 2119 2219 2142 ,
2257 2079 2365 2131 lilia
2399 2076 2699 2131 Jerusalem
2730 2091 2744 2126 :
2782 2089 2910 2130 ecce
2943 2071 3058 2128 Rex
3085 2080 3215 2127 tuus
3243 2072 3390 2125 venit
3416 2070 3515 2141 tibi

242 2174 273 2223 ὁ
301 2168 556 2241 βασιλεύς
591 2188 684 2224 σου
716 2170 932 2244 ἔρχεταί
961 2190 1041 2226 σοι
1068 2175 1274 2241 δίκαιος
1312 2180 1405 2231 καὶ
1438 2179 1646 2245 σώζων,
1678 2184 1838 2246 αὐτὸς

248 2262 427 2332 πραῢς
455 2264 553 2316 καὶ
575 2264 923 2333 ἐπιϐεϐηκὼς
942 2268 1034 2320 ἐπὶ
1063 2267 1353 2338 ὑποζύγιον
1381 2271 1473 2325 καὶ
1501 2273 1676 2327 πῶλον
1696 2275 1835 2329 νέον.

246 2354 354 2407 Καὶ
383 2353 761 2426 ἐξολοθρεύσει
792 2356 1014 2428 ἅρματα
1061 2359 1119 2424 ἐξ
1161 2361 1420 2433 Ἐφραίμ,
1455 2364 1547 2416 καὶ
1584 2365 1748 2419 ἵππον
1781 2366 1841 2430 ἐξ

256 2448 621 2518 Ἰερουσαλήμ
639 2465 653 2478 °
688 2450 782 2502 καὶ
811 2450 1319 2523 ἐξολοθρευθὴσεται
1343 2455 1492 2521 τόξον
1522 2456 1838 2527 πολεμικὸν,

246 2538 336 2592 καὶ
365 2538 575 2609 πλῆθος
613 2540 835 2610 εἰρήνης
863 2540 923 2605 ἐξ
956 2540 1148 2597 ἐθνῶν.
1174 2546 1284 2598 Καὶ
1318 2546 1573 2617 κατάρξει
1606 2548 1712 2602 ἀπὸ
1742 2550 1839 2603 θα-

248 2626 455 2698 λάσσης
475 2627 584 2690 ἕως
611 2627 908 2700 θαλάσσης,
950 2632 1044 2683 καὶ
1086 2633 1195 2685 ἀπὸ
1224 2635 1482 2704 ποταμῶν
1520 2637 1585 2689 δι’
1613 2638 1840 2702 ἐκϐολὰς

248 2716 369 2786 γῆς.
410 2737 429 2768 ι
458 2716 643 2771 Ταῦτα
674 2720 800 2790 περὶ
824 2721 922 2791 τῆς
945 2722 1038 2776 τοῦ
1077 2723 1328 2794 Σωτῆρος
1353 2723 1509 2795 ἡμῶν
1541 2729 1841 2798 παρουσίας

250 2807 519 2871 θεσπίσας
554 2811 646 2862 καὶ
670 2809 762 2863 νῦν
791 2812 820 2863 ὁ
844 2810 1018 2879 λόγος,
1058 2812 1175 2883 μεθ’
1208 2813 1370 2886 ἔτερα
1407 2818 1536 2889 περὶ
1563 2818 1659 2887 τῆς
1682 2821 1841 2890 ἐσχά-

249 2917 345 2971 της
393 2900 731 2972 ἐρημώσεως
775 2904 877 2974 τῆς
927 2904 1298 2978 Ἰερουσαλὴμ,
1348 2908 1468 2961 τοτὲ
1525 2910 1621 2980 μὲν
1660 2913 1842 2965 ἐπικε-

251 2992 588 3063 κρυμμένως
631 2994 726 3048 καὶ
762 2995 828 3048 δι’
867 2996 1225 3068 αἰνιγμάτων,
1273 2999 1392 3053 τοτὲ
1423 2999 1477 3053 δὲ
1516 3000 1841 3068 ἁκαλύπτως

249 3086 634 3154 ἁναφωνεί·δι’
670 3088 1009 3159 αἰνιγμάτων
1045 3089 1143 3159 μὲν
1167 3090 1224 3143 ἐν
1271 3085 1350 3154 οἷς
1381 3108 1543 3160 φησιο
1580 3112 1597 3144 ι
1634 3094 1842 3147 Διάνοιο

248 3176 358 3242 ξῦν,
384 3178 414 3231 ὁ
442 3176 697 3242 Λίϐανος,
725 3178 824 3243 τὰς
863 3179 1036 3243 πύλας
1059 3197 1172 3246 σου,
1223 3182 1317 3233 καὶ
1345 3184 1706 3251 καταφαγέτω
1732 3184 1842 3256 πῦρ

248 3270 346 3334 τὶς
376 3270 606 3343 κέδρους
652 3288 764 3324 σου.
810 3272 1142 3339 Ὀλολυξάτω
1186 3274 1362 3339 πίτυς,
1412 3275 1544 3329 διότι
1586 3276 1839 3331 πέπτωκε

250 3362 460 3432 κέδρος,
512 3362 645 3416 διότι
696 3364 947 3434 μεγάλως
1002 3368 1321 3436 μεγιστᾶνες
1372 3368 1837 3442 ἐταλαιπώρησαν.

1940 2170 2128 2241 justus
2166 2176 2220 2223 et
2263 2165 2530 2232 Salvator,
2589 2167 2703 2235 ipse
2752 2173 3071 2219 mansuetus
3121 2170 3177 2217 et
3222 2160 3514 2230 impositus

1944 2278 2112 2332 super
2134 2262 2444 2332 jumcntum
2477 2267 2530 2313 et
2558 2259 2762 2329 pullum
2793 2256 3214 2312 adolescentem.
3242 2254 3305 2307 Et
3332 2253 3518 2323 perdet

1942 2368 2139 2408 currus
2175 2369 2242 2407 ex
2283 2350 2555 2422 Ephrem.
2597 2358 2651 2405 et.
2686 2364 2886 2419 equum
2949 2364 3017 2402 ex
3068 2345 3407 2401 Jerusalem:
3462 2352 3518 2405 et

1943 2447 2201 2518 perdetur
2239 2461 2402 2500 arcus
2440 2444 2712 2501 bellicus.
2755 2450 2809 2496 et
2857 2440 3194 2494 abundantia
3248 2439 3400 2508 pacis
3449 2454 3513 2493 ex

1943 2538 2214 2609 gentibus.
2256 2534 2323 2590 Et
2364 2535 2732 2606 principatum
2773 2532 3046 2587 obtinebit
3091 2547 3120 2585 a
3169 2530 3306 2584 mari
3345 2546 3545 2598 usque

1943 2629 2008 2683 ad
2042 2643 2192 2682 mare
2211 2667 2225 2690 ,
2259 2634 2311 2681 et
2339 2641 2369 2678 a
2396 2624 2717 2680 ﬂuminibus
2750 2638 2846 2692 per
2874 2620 3180 2690 ejectiones
3210 2626 3372 2673 terrae
3400 2619 3466 2672 ⁸³.
3492 2637 3511 2668 ι

1943 2720 2066 2775 Πειιο
2122 2719 2212 2773 ubi
2264 2719 2331 2773 de
2380 2716 2685 2772 Salvatoris
2736 2714 2911 2770 nostri
2962 2714 3201 2767 adventu
3243 2711 3347 2779 hoc
3387 2711 3515 2768 item

1942 2814 2063 2867 loco
2099 2813 2380 2866 oraculum
2423 2809 2665 2874 cecinit;
2707 2816 2821 2861 tum
2867 2814 2987 2877 post
3020 2807 3126 2861 alia
3164 2820 3287 2875 quae
3341 2805 3517 2860 inter-

1946 2901 2139 2972 ponit,
2185 2901 2350 2954 etiam
2395 2898 2462 2953 de
2508 2904 2752 2953 extrema
2804 2895 3107 2950 Jerusalem
3150 2894 3515 2960 desolatione,

1943 3010 2090 3048 nunc
2139 2992 2356 3047 occulte
2409 3005 2472 3045 ac
2527 3005 2625 3060 per
2679 2989 2949 3043 obscuros
2999 3004 3315 3055 sermones,
3371 3003 3519 3041 nunc

1942 3084 2198 3155 explicito
2226 3092 2390 3155 atque
2422 3088 2611 3152 aperte
2638 3081 2803 3135 verba
2841 3080 3002 3145 facit,
3032 3081 3267 3136 obscure
3298 3079 3514 3151 quidem

1944 3191 2008 3231 ac
2043 3175 2290 3246 ﬁgurate,
2323 3175 2413 3229 ubi
2446 3175 2559 3229 ait:
2592 3173 2760 3245 408
2790 3191 2809 3224 ι
2841 3173 3038 3244 Aperi,
3069 3173 3302 3239 Libane,
3331 3182 3519 3244 portas

1943 3277 2101 3335 tuas,
2135 3278 2187 3326 et
2220 3270 2468 3324 comedat
2508 3270 2648 3338 ignis
2687 3267 2881 3324 cedros
2921 3277 3068 3326 tuas.
3098 3268 3278 3324 Ululet
3318 3270 3479 3340 pinus
3502 3309 3516 3332 ,

1944 3364 2201 3434 quoniam
2236 3362 2431 3417 cecidit
2463 3361 2662 3415 cedrus
2687 3401 2702 3425 ,
2735 3362 2991 3429 quoniam
3037 3378 3364 3432 magnopere
3404 3378 3521 3417 ma-

265 3451 608 3517 Ὀλολύξατε,
649 3452 810 3526 δρύες
853 3456 953 3526 τῆς
992 3456 1354 3522 Βασανίτιδος,
1392 3460 1840 3534 ὃτικατεσπάσθη
1871 3486 1873 3504 ε

1946 3458 2125 3529 gniﬁci
2160 3457 2342 3511 alllicti
2383 3464 2531 3511 sunt.
2572 3455 2788 3510 Ululate
2812 3497 2826 3516 ,
2869 3471 3105 3527 quercus
3144 3455 3472 3512 Basanitidis
3499 3496 3515 3521 ,

250 3543 279 3595 ὁ
308 3542 515 3615 δρυμὸς
558 3544 589 3595 ὁ
622 3543 932 3614 σύμφυτος·
977 3546 1127 3617 φωνὴ
1166 3547 1503 3619 θρηνούντων
1544 3553 1834 3622 ποιμένων,

251 3631 332 3684 ὅτι
381 3630 866 3703 τεταλαιπώρηκεν
917 3636 949 3705 ἡ
1015 3636 1368 3709 μεγαλωσύνη
1429 3639 1638 3693 αὐτῶν·
1689 3642 1837 3711 φωνὴ

249 3722 585 3795 ὠρυομένων
612 3723 861 3790 λεόντων,
889 3727 971 3779 ὅτι
1004 3728 1447 3802 τεταλαιπώρηκε
1479 3732 1540 3784 τὸ
1578 3732 1840 3803 φρύαγμα

252 3812 344 3866 τοῦ
379 3812 672 3885 Ἰορδάνου.
708 3833 725 3865 ι
764 3815 949 3871 Ταῦτα
998 3818 1095 3889 μὲν
1127 3819 1195 3873 δι’
1236 3822 1600 3892 αἰνιγμάτων·
1650 3825 1747 3895 τὴν
1784 3825 1839 3877 δέ

250 3902 457 3957 τούτων
506 3904 803 3976 ἑρμηνείαν
849 3907 1244 3974 ἀνακαλύπτως
1283 3913 1310 3964 ὁ
1350 3914 1506 3978 αὐτὸς
1562 3917 1841 3986 προφήτης

254 3998 506 4070 ἐπιφέρει
562 3998 770 4068 λέγων’
818 4020 836 4052 ι
879 4002 1013 4058 Ἰδοὺ
1052 4003 1162 4073 ἐγὼ
1202 4004 1391 4076 τίθημι
1432 4006 1532 4077 τὴν
1575 4008 1841 4078 Ἰερουσαο

251 4089 363 4162 λὴμ
390 4090 470 4153 ώς
503 4091 762 4163 πρόπυλα
795 4092 1130 4164 σαλευόμενα
1178 4096 1350 4151 ἆπασι
1403 4100 1516 4161 τοῖς
1561 4097 1708 4162 λαοῖς
1749 4098 1845 4152 κύ·-

251 4181 385 4252 κλῳ,
422 4182 521 4235 καὶ
555 4183 613 4234 ἐν
642 4184 709 4253 τῇ
748 4184 1008 4256 Ἰουδαίᾳ·
1049 4185 1144 4239 καὶ
1175 4185 1323 4241 ἔσται
1356 4188 1584 4260 περιοχὴ
1622 4190 1713 4242 ἐπὶ
1746 4190 1843 4242 Ἰε-

255 4271 559 4344 ρουσαλήμ.
594 4272 704 4324 Kal
739 4272 890 4326 ἔσται
934 4275 991 4326 ἐν
1039 4277 1107 4345 τῇ
1160 4275 1344 4347 ἡμέρᾳ
1370 4275 1573 4347 ἐκείνῃ,
1608 4275 1843 4347 θήσομαι

251 4364 350 4435 τὴν
401 4364 762 4436 Ἰερουσαλὴμ
815 4366 962 4419 λίθον
1017 4368 1498 4439 καταπατούμενον
1551 4370 1685 4422 πᾶσι
1733 4374 1844 4434 τοῖς

254 4454 451 4508 ἔθνεσι.
489 4456 606 4520 Πᾶς
635 4458 663 4510 ὁ
695 4457 1025 4511 καταπατῶν
1059 4457 1226 4529 αὐτὴν
1257 4458 1539 4529 ἐμπαίζων
1586 4460 1847 4531 ἐμπαίζε-

251 4562 359 4610 ται,
391 4546 491 4600 καὶ
519 4547 1052 4619 ἐπισυναχθήσονται
1082 4550 1169 4602 ἐπ’
1196 4549 1364 4621 αὐτὴν
1408 4551 1584 4605 πάντα
1617 4550 1683 4605 τά
1716 4552 1841 4624 ἔθνη

252 4637 349 4708 τῆς
391 4638 520 4709 γῆς.
566 4658 585 4691 ι
618 4638 723 4692 Καὶ
763 4638 899 4709 μετὰ
950 4638 1157 4712 βραχέα
1191 4640 1464 4709 ἐπιλέγειο
1505 4663 1523 4693 ι
1566 4644 1676 4696 Καὶ
1728 4645 1846 4695 ἐπι-

254 4727 543 4798 ϐλέψονται
571 4729 709 4799 πρὸς
741 4731 830 4800 μὲ,
863 4731 980 4784 ἀνθ’
1028 4726 1103 4786 ὧν
1145 4735 1566 4804 κατωρχήσαντο
1586 4752 1600 4764 ⁸
1635 4735 1727 4788 καὶ
1756 4735 1845 4788 κό-

1940 3551 2198 3620 quoniam
2224 3549 2520 3603 convulsus
2546 3555 2627 3602 est
2652 3549 2827 3603 saltus
2855 3547 3125 3601 consitus.
3158 3546 3276 3603 Vox
3304 3547 3513 3605 lamen-

1940 3642 2174 3696 tantium
2201 3647 2482 3710 pastorum
2502 3680 2516 3703 ,
2543 3640 2802 3709 quoniam
2830 3639 3027 3693 amicta
3052 3647 3136 3696 est
3168 3640 3522 3707 magniﬁceno

1941 3733 2017 3787 tia
2049 3748 2257 3788 eorum.
2290 3730 2404 3786 Vox
2441 3733 2769 3803 rugientium
2817 3732 3067 3795 leonum,
3100 3732 3356 3802 quoniam
3387 3732 3520 3786 allli-

1942 3834 2030 3879 cta
2067 3834 2151 3882 est
2191 3824 2453 3895 superbia
2483 3822 2741 3879 Jordanis
2784 3824 2823 3878 ί.
2857 3843 2875 3875 ι
2906 3822 2969 3877 Et
3009 3823 3123 3878 haec
3162 3823 3381 3894 quidem
3424 3840 3521 3894 per

1942 3919 2227 3989 amigmata
2250 3936 2262 3973 :
2292 3917 2389 3971 sed
2415 3932 2605 3971 eorum
2634 3915 3139 3986 interpretationem
3164 3925 3351 3986 aperte
3374 3915 3518 3969 idem

1943 4009 2206 4078 propheta
2242 4007 2524 4077 adjungit,
2566 4005 2756 4060 dicens
2785 4023 2798 4059 ε
2837 4024 2855 4056 ‹
2889 4005 3027 4060 Ecce
3059 4021 3158 4075 ego
3188 4021 3332 4075 pono
3359 4004 3520 4059 Jeru-

1944 4100 2111 4155 salem
2143 4108 2200 4151 ut
2229 4098 2496 4152 vestibula
2521 4112 2641 4166 quae.
2671 4096 2993 4166 quatiuntur
3019 4096 3274 4151 omnibus
3304 4096 3520 4165 populis

1944 4189 1997 4241 in
2032 4187 2264 4241 circuitu
2287 4226 2302 4250 ,
2336 4193 2390 4241 et
2427 4186 2480 4240 in
2516 4183 2700 4240 Judaea
2731 4205 2744 4240 :
2787 4192 2841 4239 et
2885 4185 2991 4239 erit
3036 4186 3279 4240 ambitus
3310 4186 3368 4239 in
3407 4185 3520 4239 cir-

1943 4280 2091 4334 cuitu
2126 4288 2318 4334 contra
2350 4277 2679 4335 Jerusalem.
2710 4279 2775 4331 Et
2803 4278 2911 4333 erit
2941 4278 2995 4332 iu
3029 4278 3118 4333 die
3146 4278 3236 4333 illa
3262 4317 3277 4341 ,
3315 4294 3515 4348 ponam

1942 4370 2243 4427 Jerusalem
2296 4370 2567 4441 lapidem,
2619 4370 2714 4440 qui
2755 4371 3115 4425 conculcetur
3152 4370 3221 4424 ab
3259 4371 3517 4425 omnibus

1944 4465 2218 4535 gentibus.
2254 4464 2444 4519 Omnis
2476 4464 2569 4533 qui
2601 4463 2889 4517 conculcet
2928 4478 3080 4527 eam,
3124 4462 3358 4518 illudens
3393 4464 3519 4517 illu—

1944 4556 2100 4610 detur
2127 4574 2140 4610 :
2174 4561 2227 4609 ct
2258 4553 2742 4624 congregahuntur
2772 4567 2936 4621 super
2960 4567 3078 4606 eam
3107 4566 3298 4608 omnes
3328 4560 3517 4620 gentes

1945 4653 2103 4702 terra:
2141 4649 2182 4701 ’.
2225 4665 2242 4697 ι
2269 4643 2335 4699 Ει
2367 4651 2489 4715 post
2524 4661 2696 4715 pauca
2738 4644 3025 4713 adjungit:
3068 4662 3087 4692 ‹
3121 4642 3185 4695 Et
3221 4643 3516 4713 respicient

1946 4738 2013 4792 ad
2047 4753 2130 4791 me
2155 4777 2170 4801 ,
2211 4752 2373 4806 quem
2414 4734 2793 4799 conﬁierunt,
2837 4741 3123 4803 propterea
3162 4731 3308 4802 quod
3348 4732 3518 4787 insul-

254 4820 449 4890 ψονται
480 4822 567 4873 ἐπ’
600 4821 761 4875 αὑτὸν
794 4823 1021 4876 κοπετὸν
1045 4824 1120 4887 ὡς
1149 4825 1235 4877 ἐπ’
1265 4823 1553 4894 ἀγαπητῷ,
1600 4826 1692 4879 καὶ
1725 4825 1845 4878 ὀδύ-

1949 4835 2200 4882 taverunt
2234 4845 2247 4883 :
2281 4835 2335 4883 ct
2375 4827 2632 4897 plangeut
2671 4840 2838 4895 super
2875 4840 2941 4879 eo
3004 4824 3281 4894 planctum
3328 4831 3387 4878 ut
3419 4841 3518 4880 su-

251 4929 349 4984 νην
378 4913 458 4977 ὡς
486 4912 580 4967 ἐπὶ
614 4915 962 4985 πρωτοτόκῳ.
1007 4916 1093 4969 Ἐν
1125 4918 1190 4987 τῇ
1236 4915 1416 4988 ἡμέρᾳ
1441 4915 1622 4988 ἐκείνῃ
1676 4934 1842 4987 μεγα-

254 5005 578 5080 λυνθήσεται
647 5009 674 5061 ὀ
734 5009 963 5072 κοπετὸς
1021 5008 1412 5080 Ἰερουσαλὴμ,
1478 5010 1555 5073 ὡς
1615 5009 1841 5074 κοπετὸς

264 5098 497 5162 Ῥοῶνος
539 5100 597 5151 ἐν
630 5098 797 5170 πεδίῳ
833 5099 1256 5171 ἐκκοπτομένου.
1297 5100 1407 5153 Kal
1450 5100 1671 5170 κόψεται
1704 5104 1735 5171 ἡ
1770 5103 1838 5172 γῆ

256 5187 395 5241 κατά
432 5188 624 5258 φυλὰς,
660 5188 800 5260 φυλὴ
844 5187 992 5241 οἴκου
1025 5189 1190 5242 Δαϐιδ
1238 5188 1356 5241 καθ’
1409 5189 1624 5259 ἑαυτὴν,
1657 5191 1752 5243 xal
1784 5192 1841 5245 αί

256 5282 511 5345 γυναῖκες
539 5280 721 5333 αὐτῶν
750 5279 872 5333 καθ’
898 5280 1096 5344 ἐαυτάς
1113 5298 1127 5311 ·
1157 5280 1297 5352 φυλὴ
1327 5280 1477 5334 οίκου
1505 5280 1689 5335 Νάθαν
1722 5282 1843 5336 καθ’

257 5372 475 5442 ἑαυτὴν,
504 5372 611 5424 καὶ-
647 5372 704 5424 αἱ
752 5375 1008 5439 γυναῖκες
1050 5371 1227 5425 αὐτῶν
1270 5372 1391 5426 καθ’
1437 5372 1665 5436 ἐαυτάςη
1703 5373 1844 5445 φυλὴ

257 5462 402 5516 οἴκου
438 5462 571 5516 Λευῒ
607 5462 728 5516 καθ’
761 5461 980 5533 ἑαυτὴν,
1015 5462 1110 5516 καὶ
1147 5466 1201 5517 al
1232 5466 1490 5532 γυναῖκες
1522 5465 1699 5517 αὐτῶν
1723 5466 1843 5519 καθ’

257 5553 489 5617 ἐαυτάς’
533 5552 675 5624 φυλὴ
716 5553 810 5607 τοῦ
859 5552 1083 5625 Συμεὼν
1124 5554 1244 5609 καθ’
1278 5554 1496 5626 ἑαυτὴν,
1525 5556 1617 5609 καὶ
1659 5558 1713 5609 αἱ
1743 5574 1844 5625 γυ-

258 5645 440 5709 ναῖκες
466 5644 649 5698 αὐτῶν
680 5645 801 5699 καθ’
832 5645 1029 5709 ἐαυτάς
1048 5662 1061 5675 ·
1097 5647 1266 5700 πᾶσαι
1306 5649 1361 5701 αἱ
1391 5647 1842 5718 ὑπολελειμμέναι

260 5737 442 5804 φυλαὶ,
473 5736 616 5810 φυλὴ
646 5736 768 5789 καθ’
795 5735 1014 5807 ἑαυτὴν,
1044 5737 1135 5789 xal
1157 5738 1212 5789 αἱ
1232 5741 1487 5805 γυναῖκες
1515 5737 1695 5790 αὐτῶν
1718 5739 1841 5792 καθ’

261 5828 473 5892 ἑαυτάς.
524 5846 542 5879 ι
595 5827 706 5881 Kal
756 5825 916 5880 πάλιν
959 5826 1077 5898 μεθ’
1125 5826 1287 5899 ἔτερα
1337 5827 1434 5900 τὴν
1465 5828 1698 5899 ἐσχάτην
1742 5830 1844 5901 τῆς

273 5920 621 5992 Ἰερουσαλὴμ
650 5918 967 5991 πολιορκίαν
988 5919 1320 5993 σαφέστερον
1340 5921 1616 5993 κηρύττει,
1646 5921 1837 5992 λέγων’

330 6078 376 6109 υ
414 6075 579 6136 Ζαριι.
610 6091 677 6142 ιι,
724 6076 901 6143 ιο,ιι.
980 6076 1024 6108 θ’
1064 6071 1294 6129 Zachar-
1331 6092 1423 6146 ικ,

1513 6078 1673 6146 9,1Ο.
1756 6081 1767 6112 ¹
1812 6078 2035 6137 Zachar.
2075 6097 2165 6148 τι,
2206 6083 2323 6140 1-5.
2403 6085 2424 6115 ²
2465 6080 2694 6140 Zachar.
2730 6098 2839 6149 xu,
2879 6082 2933 6147 Ξ,
2961 6081 3017 6137 '5.

1948 4935 2044 4989 per
2072 4919 2288 4979 dilecto,
2307 4928 2360 4973 et
2388 4918 2629 4972 dolorem
2648 4923 2706 4970 ut
2733 4932 2897 4986 super
2930 4916 3309 4986 primogenito.
3344 4916 3400 4969 In
3434 4916 3521 4969 die

1949 5011 2038 5065 illa
2069 5010 2511 5082 magiiilicabitur
2539 5011 2795 5080 planctus
2818 5008 3119 5064 Jerusalem
3142 5049 3157 5074 ,
3183 5015 3243 5061 ut
3270 5008 3519 5076 planctus

1946 5102 2207 5158 Rhoonos
2251 5104 2303 5157 in
2344 5118 2538 5173 campo
2572 5103 2693 5172 ejus
2731 5102 2823 5173 qui
2863 5101 3153 5157 exciditur.
3200 5099 3264 5152 Et
3300 5100 3518 5170 planget

1948 5205 2092 5249 terra
2133 5195 2422 5253 tributim:
2467 5195 2645 5250 tribus
2686 5176 2882 5249 domus
2926 5191 3094 5245 David
3134 5207 3383 5246 seorsum
3409 5230 3424 5254 ,
3465 5198 3519 5246 et

1947 5287 2206 5341 mulieres
2229 5301 2420 5341 eorum
2449 5302 2698 5342 seorsum
2726 5305 2739 5341 :
2767 5286 2944 5340 tribus
2973 5284 3168 5337 domus
3191 5279 3405 5336 Nathan
3434 5298 3521 5337 sc-

1947 5394 2133 5435 orsum
2154 5417 2169 5441 ,
2205 5386 2261 5433 et
2292 5378 2550 5434 mulieres
2579 5393 2768 5432 eorum
2801 5389 3051 5432 seorsum
3081 5393 3093 5428 :
3124 5373 3301 5427 tribus
3322 5374 3521 5428 domus

1945 5469 2076 5525 Levi
2127 5484 2410 5533 seorsum,
2462 5479 2516 5524 et
2569 5469 2831 5524 mulieres
2880 5482 3070 5523 eorum
3102 5480 3384 5522 seorsum:
3419 5465 3521 5527 tri-

1948 5560 2052 5615 bus
2079 5558 2298 5613 Simeon
2329 5573 2579 5613 seorsum
2601 5599 2616 5620 ,
2645 5570 2697 5612 ct
2720 5558 2977 5613 mulieres
3007 5572 3196 5611 eorum
3225 5572 3472 5612 seorsum
3500 5576 3523 5623 τε

1947 5668 2137 5707 omnes
2168 5651 2391 5720 reliquae
2421 5650 2619 5713 tribus,
2651 5650 2827 5704 tribus
2858 5664 3107 5704 seorsum
3129 5687 3145 5711 ,
3173 5656 3228 5703 et
3259 5649 3520 5713 mulieres

1948 5757 2138 5797 eorum
2190 5742 2509 5797 seorsum’.
2542 5739 2803 5795 »Βυτευε
2850 5749 2973 5808 post
3023 5738 3167 5800 alia,
3214 5745 3517 5798 extremam

1947 5834 2098 5890 urbis
2135 5830 2439 5889 Jerusalem
2480 5833 2820 5889 obsidionem
2861 5831 3077 5901 planius
3104 5830 3373 5892 enuntiat,
3428 5828 3519 5885 di-

1955 5942 2126 5982 cens:
2165 5947 2183 5978 ι
2214 5925 2355 5982 Ecce
2391 5926 2510 5983 dies
2547 5927 2774 5982 veniunt
2812 5924 3066 5990 Domini,
3105 5929 3160 5980 et
3196 5922 3515 5980 dividentur

3094 6083 3114 6115 ³
3152 6081 3284 6139 ibid.
3322 6081 3506 6139 lO-H.
