3928 6572
461 540 566 596 θ59

1093 531 1360 588 EUSEBII
1393 527 1876 585 CAESARIENSIS
1908 525 2058 580 OPP.
2090 523 2270 580 PARS
2307 525 2370 584 ll.
2405 559 2475 568 —
2511 525 3007 582 APOLOGETICA.

3607 523 3718 579 640

461 651 631 721 spolia
673 657 764 704 tua
805 651 860 704 in
899 657 984 712 te,
1019 655 1074 702 et
1113 647 1460 718 congregabo
1499 661 1690 701 Omnes
1729 654 1920 716 gentes
1953 644 2010 696 ad

2133 659 2150 692 ι
2202 643 2334 697 Ἰδοὺ
2377 647 2578 715 ἡμέραι
2620 644 2866 715 ἔρχονται
2905 643 2999 696 τοῦ
3038 642 3263 715 Κυρίου,
3315 644 3408 696 καὶ
3455 644 3716 714 διαμερι-

458 741 758 796 Jer-usalem
789 740 846 794 in
877 740 1076 793 bellum
1098 777 1112 801 ,
1140 745 1196 792 et
1232 737 1479 807 capietur
1519 737 1714 791 civitas
1740 775 1755 800 ,
1795 742 1851 790 et
1886 733 2023 788 diri-

459 832 676 902 pieutnr
702 831 897 885 domus
917 869 932 893 ,
968 837 1022 884 et
1055 829 1312 883 mulieres
1343 829 1674 898 polluentur,
1710 836 1764 882 et
1791 826 2028 898 egredie-

459 930 551 974 tur
599 920 886 974 dimidium
935 919 1175 974 civitatis
1230 918 1286 972 in
1345 917 1770 988 captivitatem:
1824 916 2025 986 reliqui

457 1023 639 1068 autem
675 1014 744 1068 de
773 1014 974 1084 populo
1007 1029 1128 1068 meo
1157 1028 1268 1066 non
1303 1013 1557 1082 peribunt
1588 1012 1656 1066 de
1687 1011 1907 1066 civitate
1927 1049 1942 1074 ,
1970 1016 2025 1064 et

456 1105 768 1174 egredietur
807 1104 1104 1168 Dominus,
1145 1112 1200 1158 et
1231 1103 1636 1172 comparabitur
1673 1102 1740 1156 ad
1777 1101 2021 1171 praelium

457 1196 514 1250 in
564 1196 818 1265 gentibus
865 1196 1004 1260 illis,
1053 1195 1200 1249 sicut
1249 1193 1366 1249 dies
1411 1194 1584 1263 przelii
1635 1193 1755 1262 ejus
1784 1235 1798 1258 ,
1841 1194 1897 1246 in
1935 1192 2024 1246 die

459 1287 626 1352 belli,
667 1296 722 1342 et
761 1288 989 1343 stabunt
1029 1287 1191 1356 pedes
1230 1285 1352 1354 ejus
1389 1287 1446 1341 in
1485 1286 1574 1341 die
1614 1285 1704 1340 illa
1745 1286 1801 1339 in
1839 1295 2023 1340 monte

456 1380 734 1436 Olivarum
786 1380 930 1450 quod
980 1388 1064 1434 est
1113 1387 1304 1434 contra
1355 1378 1657 1434 Jerusalem
1693 1379 1736 1432 δ.
1771 1398 1788 1430 ι
1818 1378 2022 1433 Deinde

457 1481 580 1541 post
618 1472 726 1525 alia
765 1487 885 1541 qum
925 1472 980 1524 in
1021 1470 1199 1524 medio
1237 1471 1423 1540 ponit,
1465 1469 1581 1524 haec
1615 1471 1690 1524 ait
1721 1489 1733 1524 :
1766 1490 1784 1522 ι
1821 1469 1886 1524 Et
1918 1470 2023 1524 erit

459 1562 721 1617 Dominus
763 1579 940 1624 unus,
978 1570 1032 1616 et
1070 1577 1269 1616 nomen
1297 1561 1417 1630 ejus
1453 1578 1618 1616 unum
1655 1563 2022 1632 complectens

453 1669 670 1707 onmem
703 1662 904 1708 terram
937 1662 990 1708 et
1019 1653 1292 1708 desertum
1325 1654 1368 1708 ⁵.
1403 1673 1422 1705 ι
1459 1652 1625 1724 409
1656 1652 1868 1708 Rursus
1897 1662 2021 1724 post

456 1745 563 1798 alia
604 1744 734 1797 dum
773 1745 1072 1814 pr0phetia:
1111 1745 1250 1798 libro
1287 1743 1583 1799 terminum
1625 1746 1813 1814 ponit,
1851 1763 2018 1801 voca-

454 1834 655 1886 tionem
693 1833 932 1902 gentium
968 1833 1052 1888 his
1082 1834 1264 1888 verbis
1297 1834 1542 1890 divinat:
1577 1854 1594 1886 (
1630 1834 1695 1888 Et
1729 1836 1866 1900 erit,
1898 1837 2021 1907 qui-

2129 733 2412 806 σθήσονται
2441 737 2509 790 τὰ
2539 736 2709 788 σκῦλά
2738 753 2830 788 σου
2853 737 2910 789 ὲν
2935 735 3036 798 σοὶ,
3059 735 3152 788 καὶ
3181 735 3492 798 ἐπισυνάξω
3525 736 3716 788 πάντα

2122 825 2192 878 τὰ
2224 825 2350 897 ἔθνη
2377 828 2470 880 ἐπὶ
2503 827 2853 900 Ἰερουσαλὴμ
2900 829 2978 890 είς
3011 826 3266 896 πόλεμον,
3303 825 3398 878 καὶ
3429 825 3714 879 ἁλώσεται

2123 918 2155 988 ἡ
2189 917 2361 981 πόλις,
2393 920 2486 972 καὶ
2513 919 2976 991 διαρπαγήσονται
3013 919 3070 970 αἱ
3101 918 3289 981 οἰκίαι,
3311 918 3406 971 καὶ
3439 920 3714 985 γυναῖκες

2126 1009 2565 1081 μολυνθήσονται,
2600 1011 2693 1064 καὶ
2725 1009 3058 1075 ἐξελεύσεται
3085 1009 3144 1062 τὸ
3161 1011 3330 1080 ἣμισυ
3363 1009 3462 1080 τῆς
3493 1008 3714 1070 πόλεως

2123 1105 2180 1156 ἐν
2227 1103 2602 1173 αἰχμαλωσίᾳ⁸
2644 1105 2691 1155 οἱ
2729 1102 2786 1155 δὲ
2829 1101 3141 1156 κατάλοιποι
3183 1100 3276 1155 τοῦ
3321 1101 3452 1155 λαοῦ
3493 1119 3602 1172 μου
3645 1101 3708 1153 οὗ

2127 1195 2199 1267 μὴ
2235 1195 2682 1265 ἐξολοθρευθῶσιν
2717 1197 2780 1249 ἐκ
2813 1197 2908 1266 τῆς
2943 1197 3166 1260 πόλεως.
3203 1197 3312 1249 Καὶ
3355 1195 3710 1261 ἐξελεύπται

2121 1287 2344 1360 Κύριος,
2385 1289 2478 1342 καὶ
2520 1287 2886 1359 παρατάξεται
2929 1289 2986 1341 ἐν
3027 1291 3139 1351 τοῖς
3189 1287 3394 1340 ἔθνεσιν
3444 1285 3706 1348 ἐκείνοις,

2122 1377 2304 1441 καθὼς
2350 1381 2533 1451 ἡμέρα
2581 1378 2933 1448 παρατάξεως
2989 1378 3149 1432 αὑτοῦ
3191 1379 3247 1431 ἐν
3305 1377 3488 1449 ἡμέρᾳ
3539 1376 3712 1429 πολέ-

2125 1490 2260 1544 μου,
2312 1473 2406 1526 καὶ
2459 1471 2746 1540 στήσονται
2789 1469 2837 1521 οἱ
2885 1469 3046 1532 πόδες
3085 1467 3247 1522 αὑτοῦ
3297 1471 3354 1521 ἐν
3401 1469 3469 1538 τῇ
3510 1466 3709 1538 ἡμέρα

2121 1563 2304 1636 ἐκείνῃ
2359 1563 2450 1615 ἐπὶ
2515 1559 2577 1614 τὸ
2638 1559 2761 1630 ὅρος
2823 1559 2930 1612 τῶν
3003 1559 3226 1612 Ἐλαιῶν
3283 1559 3340 1612 τὸ
3407 1557 3708 1612 κατέναντι

2130 1656 2506 1726 Ἰερουσαλὴμ.
2556 1673 2574 1705 ι
2615 1651 2746 1706 Εἶτα
2795 1652 2913 1723 μεθ’
2973 1654 3134 1724 ἐτερα
3193 1651 3264 1706 τὰ
3323 1649 3524 1722 μεταξύ
3592 1667 3700 1720 φη-

2121 1765 2233 1800 σιν·
2283 1765 2302 1798 ι
2349 1747 2458 1801 Καὶ
2500 1745 2648 1800 ἔσται
2695 1745 2898 1816 Κύριος
2937 1739 3037 1810 εἷς,
3073 1745 3165 1797 καί⁵
3203 1743 3266 1796 τὸ
3312 1743 3480 1813 ὄνομα
3527 1739 3704 1795 αὑτοῦ

2122 1837 2200 1900 ἓν,
2245 1836 2476 1891 κυκλοῢν
2518 1837 2694 1889 πᾶσαν
2720 1837 2819 1906 τὴν
2844 1835 2966 1906 γῆν,
2995 1835 3089 1888 καὶ
3130 1831 3227 1904 τὴν
3273 1830 3498 1902 ἔρημον.
3535 1850 3553 1882 ι
3586 1829 3706 1882 Καὶ

453 1939 672 1993 cunque
721 1925 898 1978 relicti
941 1923 1146 1978 fuerint
1178 1941 1244 1980 ex
1283 1925 1540 1980 omnibus
1577 1927 1864 1996 gentibus,
1898 1943 2010 1998 qua!

2118 1926 2271 1994 αὖθις
2320 1928 2439 2000 μεθ’
2479 1929 2638 2000 ἐτερα
2688 1928 3036 2000 περιγράφων
3079 1925 3174 1997 τὴν
3216 1923 3392 1994 βίϐλον
3423 1923 3526 1993 τῆς
3557 1939 3697 1992 προ-

455 2013 701 2069 venerint
729 2015 784 2068 in
807 2009 1105 2070 Jerusalem
1128 2057 1142 2081 ,
1173 2024 1228 2070 et
1253 2017 1550 2072 ascendent
1579 2019 1808 2088 singulis
1835 2021 2010 2084 annis.

2121 2021 2366 2092 φητείας,
2391 2021 2490 2092 τὴν
2513 2019 2702 2090 κλῆσιν
2725 2021 2833 2072 τῶν
2855 2019 3022 2072 ἐθνῶν
3042 2017 3129 2070 διὰ
3145 2009 3356 2071 ⁴τούτων
3407 2013 3662 2078 θεσπίζει
3679 2031 3695 2045 ·

455 2113 513 2160 ιιι
543 2105 771 2160 adorent
797 2104 997 2178 Regem
1029 2107 1316 2162 Dominum
1353 2111 1782 2181 omnipotentem
1802 2153 1816 2176 ,
1847 2123 1901 2168 et
1929 2129 2020 2170 ce-

453 2199 660 2253 lebrent
687 2199 826 2253 diem
861 2199 1059 2254 festum
1089 2199 1611 2259 Tabernacnlorum.
1639 2203 1704 2258 Et
1731 2206 1864 2272 erit,
1892 2207 2017 2276 qui-

451 2303 666 2358 cunque
701 2305 812 2343 non
853 2290 1196 2346 ascenderint
1217 2309 1282 2346 ex
1306 2295 1560 2350 omnibus
1587 2296 1836 2352 tribubus
1859 2305 2020 2352 terra:

451 2381 506 2432 in
553 2375 856 2434 Jerusalem
909 2389 967 2433 ut
1025 2381 1252 2435 adorent
1281 2381 1480 2452 Regem
1517 2385 1807 2441 Dmninum
1841 2389 2019 2442 omni-

452 2477 759 2539 potentem,
791 2472 952 2526 etiam
983 2473 1038 2526 hi
1069 2475 1176 2530 i‘llis
1217 2475 1506 2531 addentur.
1542 2476 1596 2532 Si
1623 2487 1803 2532 autem
1844 2480 2018 2534 tribus

451 2559 666 2630 Egypti
703 2578 808 2616 non
841 2563 1152 2619 ascenderit
1178 2605 1193 2627 ,
1223 2581 1398 2637 neque
1427 2570 1636 2623 venerit
1663 2570 1791 2624 illuc
1811 2616 1826 2634 ,
1852 2572 2015 2625 etiam

450 2663 615 2718 super
647 2651 732 2705 his
763 2652 868 2706 erit
895 2654 1054 2706 ruina
1077 2693 1090 2716 ,
1115 2669 1222 2723 qua
1251 2658 1520 2724 percutiet
1541 2655 1805 2712 Dominus
1827 2675 2017 2714 omnes

449 2749 638 2807 gentes
671 2751 856 2806 terrm,
887 2760 1226 2815 quacunque
1257 2762 1366 2799 non
1390 2749 1736 2802 ascenderint
1773 2749 1840 2802 ad
1872 2751 2010 2804 cele-

448 2833 714 2889 brandum
740 2835 980 2892 solemne
1007 2835 1531 2895 Tabernaculorum.
1559 2839 1670 2895 Hoc
1695 2843 1798 2896 erit
1823 2858 2017 2912 pecca-

449 2937 560 2980 tum
592 2925 808 2997 IEgypti
833 2967 848 2988 ,
881 2935 934 2982 et
965 2939 1244 2996 peccatum
1279 2929 1520 2985 omnium
1555 2935 1794 3002 gentium
1821 2973 1835 2996 ,
1870 2949 2016 3003 qna:-

446 3035 662 3089 cunque
707 3035 810 3073 non
843 3020 1188 3076 ascendet-int
1212 3023 1277 3075 ad
1313 3023 1698 3078 celebrandum
1729 3025 1870 3078 diem
1907 3025 2018 3080 fes-

445 3117 560 3163 tum
601 3109 1099 3164 Tabernaculorum
1128 3113 1169 3166 °.
1207 3132 1224 3164 ›
1255 3111 1380 3168 Haec
1416 3129 1546 3169 sane
1570 3113 1867 3170 Zacharias
1893 3125 2016 3184 post

446 3201 678 3254 reditum
711 3201 777 3255 de
809 3199 1114 3272 Babylone,
1140 3201 1303 3257 Dario
1333 3205 1475 3273 apud
1507 3203 1701 3260 Persas
1731 3215 2012 3278 regnante,

445 3291 790 3356 vaticinatur,
822 3307 930 3362 quo
971 3299 1213 3363 tempore
1249 3296 1376 3350 urlzs
1414 3295 1714 3352 Jerusalem
1756 3313 1786 3351 a
1827 3299 2010 3368 priore
2043 3351 2081 3370 ,η

2070 3384 2082 3404 ⁸
2114 3384 2142 3435 ὁ
2167 3380 2438 3452 Ζαχαρίας
2473 3379 2610 3451 μετὰ
2646 3381 2743 3451 τὴν
2776 3380 2881 3432 ἀπὸ
2908 3378 3222 3441 Βαϐυλῶνος
3257 3378 3532 3441 ἐπάνοδον,
3573 3379 3678 3430 Δα-

445 3379 778 3435 desolatione
799 3383 1032 3436 excitata
1055 3383 1464 3454 instaurataqne
1484 3402 1656 3456 nuper
1673 3388 1869 3452 fuerat,
1890 3407 2010 3460 quae

446 3472 705 3527 desolatio
730 3473 800 3526 illi
827 3489 856 3526 a
879 3473 1188 3546 Babyloniis
1215 3475 1388 3530 fuerat
1411 3476 1805 3546 illata.Colligil
1827 3489 2008 3535 autem

443 3576 604 3616 omne
630 3572 842 3631 tempus
871 3577 899 3614 a
930 3562 1089 3616 Dario
1109 3561 1397 3618 Persarum
1417 3603 1431 3628 ,
1458 3564 1561 3618 sub
1583 3580 1691 3633 quo
1715 3563 2008 3620 Zacharias

443 3653 737 3724 prophetiae
777 3669 1004 3710 munere
1051 3655 1314 3725 fungitur,
1359 3656 1426 3710 ad
1469 3657 1768 3727 Augustum
1809 3656 2010 3711 Roma-

443 3762 637 3801 norum
691 3763 907 3818 regem,
959 3764 1226 3802 annorum
1275 3749 1644 3805 hebdomadas
1695 3763 1900 3820 septem
1955 3762 2008 3807 et

442 3838 721 3905 sexaginta
751 3837 918 3900 duas,
947 3853 1068 3907 qua:
1097 3838 1239 3907 apud
1267 3837 1538 3893 Danielem
1571 3839 1820 3894 feruntur
1845 3859 1858 3894 :
1888 3859 2008 3911 qua:

443 3943 654 3982 summa
692 3942 959 3982 annorum
1015 3927 1246 3982 efficitur
1289 3930 1812 4000 quadringentorum
1854 3941 2008 3987 octo-

440 4017 586 4086 ginta
632 4017 793 4070 trium
822 4059 836 4083 ,
881 4027 938 4072 ut
971 4019 1313 4074 ostendimus
1347 4020 1400 4073 in
1434 4021 1500 4074 iis
1536 4037 1654 4090 qua:
1690 4025 1851 4091 paulo
1883 4033 2008 4078 ante

442 4123 472 4160 a
523 4107 681 4162 nobis
731 4115 962 4162 tractata
1021 4117 1174 4163 sunt.
1221 4109 1490 4164 Cagterum
1545 4122 1666 4182 post
1717 4115 2004 4184 imperium

441 4198 793 4254 Macedonum
844 4201 911 4255 ab
960 4201 1271 4257 Alexandro
1323 4219 1496 4273 usque
1547 4206 1616 4259 ad
1662 4206 2002 4278 Augustum,

439 4292 600 4345 etiam
631 4293 675 4346 si
703 4292 876 4363 ipsius
905 4292 1131 4364 Augusti
1163 4311 1388 4366 regnum
1428 4299 1794 4367 complectare
1815 4339 1830 4364 ,
1869 4301 2004 4354 nihil

439 4398 570 4438 sane
623 4383 766 4452 quod
805 4386 1080 4454 prOpheta:
1118 4388 1298 4443 verbis
1334 4391 1632 4444 concordet
1681 4399 1776 4444 aut
1826 4393 2004 4446 simile

438 4477 540 4540 sit,
593 4475 839 4531 invenias
884 4493 1006 4531 esse
1045 4479 1396 4548 completum.
1439 4479 1670 4547 Quando
1713 4483 1856 4537 enim
1907 4499 2004 4554 per

438 4566 524 4618 illa
559 4573 802 4635 tempora
841 4567 888 4623 is
921 4567 1216 4633 Dominus,
1248 4585 1406 4640 quem
1439 4573 1716 4642 propheta:
1745 4585 1804 4628 ut
1833 4575 2000 4630 Demn

434 4657 712 4710 celebrant
733 4697 746 4721 ,
778 4673 903 4712 cum
939 4659 1255 4717 hominibus
1286 4673 1540 4718 versatus
1569 4667 1694 4719 est?
1728 4675 1782 4720 et
1814 4675 2001 4735 gentes

439 4747 621 4800 multa:
649 4748 799 4802 illum
819 4754 1202 4820 agnoverunt?
1231 4756 1592 4826 eumdemquc
1625 4759 1800 4812 solum
1833 4757 1998 4812 Deum

434 4839 702 4895 confessae
745 4844 918 4896 sunt?
969 4851 1022 4898 et
1071 4846 1137 4898 ad
1189 4846 1366 4915 ipsum
1414 4849 1792 4920 confugientes
1843 4851 2000 4908 facta:

430 4941 564 4988 sunt
589 4933 637 4986 ei
675 4932 728 4986 in
765 4935 1070 5002 populum?
1101 4937 1184 4990 vel
1215 4940 1436 5008 quando
1467 4941 1682 4996 tandem
1716 4950 1830 4997 toto
1864 4942 1998 4999 Per-

429 5037 616 5086 sarum
663 5030 758 5076 aut
801 5021 1153 5080 Macedonum
1189 5035 1466 5098 tempore,
1517 5032 1562 5088 is
1609 5029 1726 5088 Rex
1773 5035 1840 5089 de
1887 5051 1996 5104 quo

431 5113 704 5184 Propheta
753 5116 1016 5187 loquitur,
1050 5135 1068 5169 ι
1101 5121 1248 5174 venit
1305 5123 1596 5192 impositus
1645 5105 1895 5192 jumento
1941 5135 1994 5182 et

433 5210 581 5278 pullo
637 5209 1072 5267 adolescenti?»
1107 5221 1162 5268 et
1213 5218 1438 5272 veniens
1487 5215 1728 5272 Judairae
1777 5221 1992 5290 gentis,

433 5313 554 5367 qua:
587 5299 820 5372 Ephrem
853 5303 954 5356 hoc
985 5303 1106 5358 loco
1141 5303 1364 5370 dicitur,
1401 5313 1454 5361 et
1489 5307 1661 5375 ipsius
1691 5307 1991 5366 Jerusalem

433 5393 639 5460 regiam
673 5393 843 5446 aciem
868 5433 882 5457 ,
921 5411 1041 5463 qtae
1075 5412 1334 5450 curruum
1371 5407 1533 5467 atque
1571 5403 1694 5470 equi
1730 5405 1994 5458 voeabqu

433 5485 768 5550 nominatur,
797 5487 1066 5556 perdidit?
1093 5497 1146 5543 et
1171 5499 1411 5546 armatas
1434 5491 1672 5548 Judaica:
1697 5495 1870 5566 gentis
1897 5511 1992 5551 co-

431 5577 553 5648 p?as
584 5573 823 5629 delevit?
851 5575 965 5632 Hoc
997 5580 1142 5634 enim
1174 5580 1515 5651 significabat
1546 5587 1825 5640 oraculum
1865 5587 1993 5640 illud

434 5655 622 5718 dicens
649 5685 662 5719 :
698 5685 715 5716 ι
747 5665 886 5722 Ecce
913 5667 1028 5726 Rex
1061 5681 1187 5728 tuus
1219 5673 1365 5726 venit
1397 5675 1493 5727 tibi
1517 5683 1701 5744 justus
1731 5686 1784 5730 et
1817 5677 1998 5730 Salva—

427 5767 546 5821 tor,
579 5758 694 5828 ipse
729 5771 1045 5820 Inansuetus
1079 5773 1134 5818 ct
1168 5757 1462 5836 impositus
1497 5783 1660 5836 super
1683 5767 1989 5838 jumentum

509 5935 528 5965 ⁵
567 5933 798 5992 Zachar.
835 5955 920 5992 xiv
947 5980 960 5998 .
1005 5943 1110 5998 l-J.
1188 5943 1210 5972 ⁵
1251 5941 1380 5996 ibid.
1415 5943 1470 6006 9,
1509 5943 1588 5996 10.

2124 2131 2141 2164 ι
2166 2112 2277 2165 Καὶ
2311 2111 2484 2175 ἔσται,
2517 2111 2628 2164 ὅσοι
2659 2107 2753 2163 ἐὰν
2787 2107 3212 2178 καταλειφθῶσιν
3243 2109 3309 2161 ἐκ
3339 2107 3556 2160 πάντων
3581 2105 3701 2160 τῶν

2118 2200 2286 2254 ἐθνῶν
2307 2200 2415 2253 τῶν
2443 2199 2700 2252 ἐλθόντων
2739 2199 2830 2250 ἐπὶ
2865 2197 3234 2268 Ἰερουσαλὴμ,
3269 2197 3364 2249 καὶ
3395 2195 3700 2264 ἀναϐήσον-

2117 2309 2206 2344 ται
2244 2290 2364 2344 κατ’
2399 2288 2661 2354 ἐνιαυτὸν,
2690 2287 2784 2340 τοῦ
2814 2290 3185 2359 προσκυνῆσαι
3223 2287 3301 2357 τῷ
3336 2285 3546 2356 βασιλεῖ
3573 2287 3698 2340 Κυ-

2121 2381 2221 2454 ρίῳ
2249 2361 2668 2452 παντοκράτορι,
2701 2377 2908 2432 καὶτοῦ
2947 2377 3226 2450 ἑορτάζειν
3250 2377 3346 2448 τὴν
3371 2377 3562 2447 ἑορτὴν
3591 2377 3696 2446 τῆς

2117 2474 2511 2546 Σκηνοπηγίας.
2563 2473 2671 2525 Καὶ
2711 2471 2880 2535 ἔσται,
2915 2471 3027 2523 ὅσοι
3071 2467 3162 2522 ἐὰν
3205 2467 3278 2540 μὴ
3309 2466 3580 2521 ἀναϐῶσιν
3626 2468 3694 2520 ἐκ

2119 2567 2305 2621 πασῶν
2353 2566 2461 2621 τῶν
2495 2564 2673 2634 φυλῶν
2715 2567 2814 2634 τῆς
2864 2565 2965 2633 γῆς
3013 2563 3092 2625 είς
3149 2559 3536 2632 Ἰερουσαλὴμ,
3591 2557 3690 2610 τοῦ

2119 2659 2492 2730 προσκυνῆσαι
2525 2657 2602 2727 τῷ
2651 2654 2857 2726 βασιλεῖ
2887 2654 3075 2726 Κυρίῳ
3111 2651 3542 2723 παντοκράτορι,
3591 2651 3686 2703 καὶ

2117 2745 2257 2804 οὗτοι
2280 2749 2505 2811 ἐκείνοις
2529 2746 2995 2820 προστεθήσονται.
3029 2744 3153 2798 Ἐὰν
3173 2743 3229 2796 δέ
3250 2743 3388 2814 φυλὴ
3407 2742 3688 2809 Αἰγύπτου

2120 2841 2194 2912 μὴ
2234 2841 2427 2912 ἀναϐῇ,
2466 2840 2598 2912 μηδὲ
2645 2837 2772 2912 ἔλθῃ
2813 2835 2963 2901 ἐκεῖ,
3009 2837 3102 2889 καὶ
3147 2837 3238 2888 ἐπὶ
3281 2835 3482 2886 τούτων
3531 2833 3685 2886 ἔσται

2114 2932 2145 3000 ή
2175 2930 2398 2993 πτῶσις,
2420 2931 2486 3000 ἢν
2515 2927 2740 2993 πατάξει
2769 2927 2968 2998 Κύριος
2993 2926 3168 2978 πάντα
3191 2923 3260 2976 τὰ
3283 2923 3408 2992 ἔθνη
3433 2925 3532 2994 τῆς
3553 2925 3678 2993 γῆς,

2114 3021 2212 3072 ὅσα
2240 3021 2332 3072 ἐὰν
2362 3021 2434 3090 μὴ
2462 3019 2632 3089 ἀναϐῇ
2665 3017 2758 3070 τοῦ
2790 3015 3045 3086 ἑορτάσαι
3075 3015 3171 3087 τὴν
3199 3015 3388 3085 ἑορτὴν
3415 3015 3513 3084 τῆς
3541 3013 3683 3082 Σκη-

2113 3111 2397 3180 νοπηγίας.
2445 3109 2591 3180 Αὕτη
2622 3109 2830 3178 ἕσταιή
2878 3105 3118 3177 ἁμαρτία
3157 3105 3454 3174 Αἰγύπτου,
3505 3103 3596 3156 καὶ
3645 3105 3680 3172 ἡ

2113 3202 2356 3273 ἁμαρτία
2388 3201 2604 3254 πάντων
2625 3199 2731 3252 τῶν
2786 3197 2987 3260 ἐθνῶν,
3013 3197 3112 3250 ὅσα
3147 3196 3210 3250 ἂν
3245 3196 3320 3268 μὴ
3366 3195 3538 3264 ἀναϐῇ
3583 3193 3680 3246 τοῦ

2114 3291 2366 3362 ἑορτάσαι
2401 3289 2498 3360 τὴν
2533 3288 2721 3360 ἑορτὴν
2747 3291 2846 3360 τῆς
2879 3287 3256 3358 Σκηνοπηγίας
3316 3305 3334 3336 ι
3367 3283 3552 3338 Ταῦτα
3585 3285 3680 3338 καὶ

2117 3475 2261 3547 ρείου
2291 3473 2512 3545 Περσῶν
2541 3471 2928 3542 βασιλεύοντος,
2967 3469 3313 3544 προφητεύει,
3347 3473 3446 3542 τῆς
3479 3471 3676 3542 Ἰερου-

2116 3566 2294 3638 σαλὴμ
2337 3565 2458 3637 ἄρτι
2508 3565 2628 3617 τότε
2677 3565 3118 3635 ἀνεγηγερμένης
3163 3565 3226 3616 ἐκ
3273 3565 3374 3634 τῆς
3410 3563 3678 3634 προτέρας

2113 3658 2366 3730 ἐρημίας,
2392 3657 2456 3728 ἦν
2481 3655 2584 3710 ὑπὸ
2609 3654 2958 3708 Βαϐυλωνίων
2999 3654 3249 3708 πέπονθε.
3291 3653 3586 3722 Συνὰγεται
3615 3654 3672 3706 δὲ

2111 3754 2140 3805 ὁ
2167 3753 2271 3814 πᾶς
2293 3750 2481 3821 χρόνος
2514 3749 2620 3804 ἀπὸ
2644 3752 2741 3820 τῆς
2768 3748 2989 3820 Δαρείου
3015 3747 3107 3800 τοῦ
3137 3747 3366 3818 Πέρσου,
3393 3747 3514 3800 καθ’
3555 3746 3619 3816 ἢν
3647 3749 3676 3799 ὁ

2111 3841 2382 3911 Ζαχαρίας
2420 3839 2764 3912 προφητεύει,
2799 3839 2890 3890 καὶ
2914 3838 3004 3890 ἐπὶ
3047 3836 3348 3904 Αὔγουστον
3395 3836 3670 3906 Ῥωμαίων

2113 3935 2336 4007 βασιλέα
2364 3936 2444 3996 είς
2473 3931 2608 3986 ἐτῶν
2665 3931 2962 4002 ἑϐδομάδας
2990 3932 3128 3984 ἑπτὰ
3163 3931 3256 3983 καὶ
3298 3929 3668 4001 ἑξηκονταδύο,

2109 4027 2207 4090 τὰς
2233 4027 2290 4078 ἐν
2324 4025 2401 4096 τῷ
2433 4023 2630 4096 Δανιὴλ
2669 4023 2990 4094 φερομένας,
3021 4021 3056 4075 ὃ.
3098 4023 3301 4091 γίνεται
3347 4021 3439 4090 ἔτη
3483 4039 3672 4092 τετρα-

2111 4120 2268 4172 κόσια
2292 4118 2614 4187 ὀγδοήκοντα
2643 4116 2797 4187 τρία,
2842 4115 2917 4177 ὡς
2947 4111 3307 4182 ἀπεδείξαμεν
3343 4114 3401 4164 ἐν
3433 4116 3545 4174 τοῖς
3583 4131 3670 4182 μι-

2111 4211 2227 4284 κρῷ
2260 4209 2490 4284 πρόσθεν
2525 4207 3009 4280 γεγυμνασμένοις.
3040 4205 3174 4258 Οὕτε
3219 4205 3274 4257 δὲ
3309 4206 3397 4256 ἐπὶ
3425 4207 3524 4274 τῆς
3550 4205 3659 4258 Μα-

2109 4304 2335 4358 κεδόνων
2361 4303 2468 4356 ἀπὸ
2501 4301 2844 4372 Ἀλεξάνδρου
2890 4301 2983 4354 καὶ
3016 4299 3206 4369 μέχρις
3233 4297 3540 4366 Αὐγούστου
3573 4316 3670 4350 πα-

2111 4395 2468 4469 ραταθείσης,
2523 4393 2630 4447 τῶν
2662 4393 3048 4464 ἐμφερομένων
3091 4393 3202 4454 τοῖς
3249 4389 3341 4443 τοῦ
3397 4392 3668 4460 προφήτου

2107 4488 2284 4557 λόγοις
2317 4486 2626 4540 συνίσταταί
2663 4504 2714 4538 τι
2754 4483 3197 4556 πεπληρωμένον.
3245 4483 3380 4535 Πότε
3403 4483 3513 4553 γὰρ
3553 4483 3668 4534 κατ’

2107 4582 2346 4643 ἐκείνους
2381 4581 2505 4642 τοὺς
2529 4579 2748 4650 χρόνους
2779 4576 2872 4630 τοῦ
2907 4575 3056 4648 παρὰ
3084 4579 3196 4638 τοῖς
3225 4577 3528 4647 προφήταις
3553 4575 3668 4627 θεο-

2107 4670 2436 4742 λογουμένου
2451 4669 2653 4738 Κυρίου
2681 4667 2983 4739 ἀνθρώποις
3004 4666 3338 4728 ἐπιστάντος,
3353 4665 3480 4736 ἔθνη
3505 4666 3668 4718 πολλὰ

2109 4763 2396 4832 ἐπιγνόντα
2421 4761 2600 4824 αὐτὸν,
2619 4762 2712 4814 καὶ
2731 4759 2885 4830 μόνον
2911 4759 3040 4812 Θεὸν
3062 4758 3220 4811 αὐτὸν
3242 4757 3664 4828 ὁμολογήσαντα,

2105 4856 2192 4909 ἐπ’
2227 4855 2388 4908 αὑτὸν
2415 4853 2814 4922 καταπέφευγε,
2856 4852 2949 4904 καὶ
2975 4850 3192 4919 γέγονεν
3218 4849 3362 4920 αὑτῴ
3391 4850 3473 4912 εἰς
3504 4849 3664 4911 λαόν;

2104 4949 2232 5002 πότε
2267 4945 2406 5002 κατὰ
2427 4948 2550 5009 τοὺς
2575 4945 2796 5022 Περσῶν
2821 4945 2854 5018 ἢ
2877 4943 3198 4998 Μακεδόνων
3223 4942 3443 5013 χρόνους
3475 4941 3504 4992 ὁ
3539 4957 3667 5010 προ-

2104 5033 2468 5105 φητευὸμενος
2501 5032 2750 5102 βασιλεὺς
2791 5033 3044 5106 ἐλήλυθεν
3065 5072 3078 5096 ,
3112 5051 3129 5082 ι
3169 5029 3545 5100 Ἐπιϐεϐηκὼς
3578 5031 3666 5081 ἐπὶ

2103 5125 2414 5195 ὑποζύγιον,
2445 5127 2538 5179 καὶ
2565 5125 2742 5180 πῶλον
2770 5125 2918 5190 νέον;
2945 5148 2962 5178 ι
2994 5125 3158 5179 ἐλθών
3187 5143 3244 5178 τε
3271 5123 3372 5176 τοῦ·
3398 5123 3664 5175 Ἰουδαίων

2102 5217 2284 5282 ἔθνους
2322 5217 2558 5290 Ἐφραῒν.
2603 5217 3020 5290 ὀνομαζομένου,
3055 5217 3146 5270 καὶ
3175 5219 3272 5286 τῆς
3315 5215 3664 5284 Ἰερουσαλὴμ

2101 5313 2272 5382 αὐτῆς
2305 5309 2403 5382 τὴν
2443 5309 2722 5382 βασιλικὴν
2753 5307 3076 5382 παράταξιν,
3111 5307 3328 5378 ἅρματα
3359 5307 3453 5360 καὶ
3501 5308 3662 5359 ἵππον

2099 5404 2530 5474 ἐπικαλουμένην
2579 5402 2977 5472 ἐξωλόθρευσε·,
3033 5399 3093 5452 τό
3129 5417 3188 5450 τε
3231 5398 3508 5450 ὁπλιτικὸν
3569 5395 3658 5449 τοῦ

2110 5495 2376 5548 Ἰουδαίων
2399 5495 2582 5556 ἔθνους
2607 5491 2846 5554 καθεῖλε;
2873 5490 3040 5543 Τοῦτο
3056 5489 3162 5562 γὰρ
3190 5489 3372 5562 ἐδήλου
3398 5487 3458 5540 τὸ
3481 5487 3658 5555 λόγιον

2097 5590 2334 5660 φάσκων
2373 5609 2390 5641 ι
2427 5588 2554 5642 Ἰδοὺ
2585 5589 2612 5638 ὁ
2649 5585 2905 5649 Βασιλεύς
2955 5603 3048 5638 σου
3083 5584 3296 5656 ἔρχεταί
3348 5599 3430 5635 σοι
3456 5581 3654 5640 δίκαιος

2102 5682 2198 5736 καὶ
2233 5679 2437 5744 σώζων,
2463 5679 2623 5741 αὐτὸς
2665 5677 2860 5747 πραῢς,
2901 5678 2993 5729 καὶ
3021 5673 3358 5743 ἐπιϐεϐηκὼς
3397 5673 3489 5725 ἐπὶ
3528 5671 3651 5724 ὐπο-

2099 5773 2282 5842 ζύγιον
2317 5773 2408 5826 καὶ
2440 5771 2614 5824 πῶλον
2647 5769 2762 5824 νέον
2787 5811 2801 5835 ,
2839 5769 2931 5824 καὶ
2964 5767 3462 5840 ἐξολοθρευθήσεται
3505 5763 3646 5830 τόξον

1673 5945 1692 5974 ⁸
1729 5945 1858 6000 ibid.
1901 5945 1999 6000 ΗΣ-
2017 5947 2098 6001 19.
