3928 6516
160 420 239 474 Gil

1016 414 1662 472 DEMONSTR'ATlO-NIS
1700 412 2158 469 EVANGELICE
2189 414 2316 470 LIB.
2350 414 2486 471 Vill.

3271 417 3376 472 642

159 529 446 603 πολεμικόν.
475 547 494 583 ι
527 530 713 584 Ταῦτα
744 531 854 602 γὰρ
889 531 1017 603 περί
1066 534 1165 603 τῆς
1207 531 1574 604 καθαιρέσεως
1607 533 1689 602 τῆς

1807 536 1860 583 et
1893 529 2099 599 pullum
2147 529 2555 586 adolescentem
2586 549 2598 585 :
2629 537 2683 587 et
2714 531 2970 601 perdetnr
3018 548 3180 589 arcus
3214 533 3374 589 belli-

156 621 414 696 βασιλικῆς
463 619 620 686 ἀξίας
670 620 765 674 τοῦ
811 621 1078 675 Ἰουδαίων
1120 621 1304 686 ἔθνους
1356 622 1699 686 ἐθεσπίζετο,

153 716 224 784 ἐφ’
307 711 465 766 πάλιν
485 712 555 765 τά
575 715 673 783 τῆς
696 713 804 766 τῶν
830 713 998 767 ἐθνῶν
1023 714 1245 785 εἰρήνης
1271 710 1570 784 συμφώνως
1581 714 1696 774 τοῖς

153 807 360 878 πρόσθεν
405 805 816 876 ἀποδεδομένας
865 806 1173 875 ἐπιλέγεται
1217 805 1304 859 διὰ
1344 804 1469 861 τοῦ·
1531 825 1544 857 ι
1592 807 1701 860 Καὶ

155 899 328 971 πλῆθος
350 901 572 970 εἰρήνης
604 897 664 962 ἐξ
691 897 858 952 ἐθνῶν
877 938 891 962 ,
924 918 942 950 ι
967 897 1082 952 ἀνθ’
1105 893 1166 953 οὑ
1202 901 1230 952 0
1270 898 1498 961 Ἀκύλας
1530 899 1624 952 καὶ
1649 899 1699 951 οἰ

154 992 302 1044 iamet
341 991 676 1062 ἑρμηνευταί
712 990 1071 1044 ἐκδεδώκασιο
1109 1009 1127 1042 ι
1151 992 1260 1044 Καὶ
1296 991 1517 1062 λαλήσει
1549 992 1702 1064 εἰρή-

152 1099 232 1152 νην
256 1085 361 1144 τοῖς
382 1082 612 1148 ἔθνεσιν,
630 1101 646 1133 ›
686 1083 714 1136 ὃ
742 1083 836 1136 καὶ
872 1083 1103 1153 μάλιστα
1119 1083 1226 1136 ἀπὸ
1259 1086 1360 1154 τῆς
1389 1083 1697 1151 Αὐγούστου

156 1175 399 1244 βασιλείας
424 1175 767 1238 συνίσταται,
791 1175 887 1227 καὶ
915 1175 1051 1246 πρὸς
1077 1174 1221 1240 λέξιν
1244 1174 1696 1246 πεπληρωμένον,

158 1270 304 1339 πάσης
349 1268 447 1334 μὲν
500 1267 559 1334 ἐξ
616 1267 823 1320 ἐκείνου
876 1266 1269 1336 καταλυθείσης
1326 1266 1694 1338 πολυαρχίας,

155 1361 340 1430 εἰρήνης
369 1359 424 1410 δὲ
460 1357 531 1411 τὰ
564 1358 789 1411 πλεῖστα
821 1361 921 1429 τῆς
969 1357 1292 1428 οἰκουμένης
1336 1358 1460 1431 ἔθνη
1509 1359 1697 1415 διαλα-

155 1453 339 1521 ίὶούσης.
364 1450 460 1514 Τίς
488 1450 545 1502 δὲ
577 1451 684 1520 πρὸ
703 1449 812 1502 τῶν
859 1448 1176 1520 Ῥωμαϊκῶν
1209 1448 1436 1521 χρόνων,
1469 1453 1561 1504 ἐπὶ
1588 1452 1695 1506 τῶν

155 1541 432 1614 Περσικῶν,
491 1540 524 1611 ἦ
584 1540 692 1593 τῶν
751 1540 1134 1594 Μακεδονικῶν
1191 1541 1429 1607 τοιοῦτος
1475 1543 1694 1612 γέγονεν

161 1634 392 1688 Ἰουδαίων
439 1634 691 1705 βασιλεὺς
713 1673 727 1694 ,
762 1633 838 1697 ὡς
875 1633 1035 1705 ἄρξαι
1090 1634 1252 1689 αὑτὸν
1285 1635 1393 1690 ἀπὸ
1421 1636 1695 1708 θαλάσσης

153 1729 233 1789 ἕως
260 1726 549 1797 Θαλάσσης,
587 1727 680 1779 καί
722 1727 830 1779 ἀπὸ
872 1725 1130 1797 ποταμῶν
1166 1726 1271 1790 ἕως
1318 1728 1570 1799 περάτων
1594 1731 1694 1800 τῆς

153 1818 471 1888 οἰκουμένης;
502 1817 671 1870 Τοῦτο
693 1817 821 1886 γοῦν
853 1817 1124 1889 ἐδήλωσαν
1155 1819 1204 1871 οἰ
1232 1817 1408 1872 λοιποὶ
1429 1820 1693 1891 ἑρμηνευ-

153 1911 238 1962 ui.
263 1910 313 1962 '0
362 1907 495 1978 γοῦν
547 1909 775 1972 Ἀκύλας
807 1910 972 1979 φησί·
1013 1929 1031 1960 ι
1068 1911 1178 1962 Καὶ
1209 1909 1429 1981 λαλήσει
1470 1912 1692 1982 εἰρήνην

153 2004 242 2064 τοῖς
260 2001 445 2064 ἔθνεσι,
481 2001 626 2072 καὶὴ
659 2002 876 2068 ἐξουσία
906 2002 1069 2054 αὑτοῦ
1109 2000 1217 2055 ἀπὸ
1254 2002 1527 2074 θαλάσσης
1549 2043 1563 2067 ,
1600 2005 1694 2058 καὶ

156 2095 240 2147 ἀπὸ
265 2093 500 2164 ποταμοῦ
528 2093 632 2157 ἕως
656 2095 906 2166 περάτων
938 2097 1037 2166 τῆς
1058 2095 1380 2168 οἰκουμένης
1398 2112 1411 2126 ·
1444 2115 1462 2147 ι
1493 2089 1538 2164 ᾧ
1572 2113 1694 2150 συν-

155 2188 347 2256 ᾴδεικαὶ
371 2187 432 2240 τὸ
466 2187 523 2238 ἐν
552 2185 934 2257 ἑϐδομηκοστῷ
983 2187 1183 2259 πρώτῳ
1210 2187 1407 2259 ψαλμῷ
1442 2190 1568 2259 περὶ
1595 2191 1688 2244 τοῦ

155 2283 206 2331 ἐκ
224 2281 514 2351 σπέρματος
547 2278 855 2350 Σολομῶνος
877 2281 1268 2351 γεννησομένου
1299 2281 1556 2353 Χριστοῦ,
1590 2277 1692 2336 ὧδέ

157 2389 217 2441 τη
230 2372 515 2443 εἰρημένον·
538 2391 556 2423 ι
580 2371 851 2426 Ἀνατελεῖ
868 2373 924 2425 ἐν
937 2375 1057 2436 ταῖς
1075 2372 1307 2445 ἡμέραις
1319 2373 1484 2426 αὑτοῦ
1499 2373 1694 2428 δικαιορ

157 2464 280 2534 σᾶνη,
298 2465 385 2516 καὶ
401 2464 607 2533 πλῆθος
621 2466 864 2536 εἰρήνης,
879 2463 986 2527 ἕως
1002 2460 1063 2518 οὑ
1082 2467 1438 2538 άνταναιρεθῇ
1469 2469 1501 2538 ἡ
1535 2468 1692 2540 σελή-

153 2557 314 2625 νη,καί
327 2556 745 2628 κατακυριεύσει
759 2555 867 2609 ἀπὸ
888 2555 1163 2627 θαλάσσης
1179 2556 1284 2620 ἕως
1301 2557 1691 2629 θαλάσσης,κα“ἰ

152 2647 238 2698 ἀπδ
261 2646 495 2718 ποταμοῦ
535 2647 640 2711 ἕως
670 2648 919 2719 περάτων
939 2651 1040 2720 τῆς
1069 2649 1394 2720 οἰκουμένης
1413 2666 1426 2680 ο
1465 2669 1483 2702 ι
1516 2650 1691 2705 ταῦτα

153 2738 239 2809 γὰρ
256 2739 478 2811 περὶτοῦ
499 2740 616 2793 υἰοῦ
633 2739 945 2810 Σολομῶνος
975 2740 1209 2809 ἐλέγετο,
1225 2742 1378 2796 οὐδὲν
1393 2741 1689 2814 λειπόμενα

151 2832 238 2884 τῶν
263 2834 312 2885 ἐν
340 2833 416 2904 τῷ
449 2834 702 2905 προφήτῃ
741 2832 1065 2904 εἰρημένων.
1102 2834 1227 2886 Πότ¹
1255 2831 1348 2887 οὖν
1391 2835 1563 2889 ταῦτα
1595 2835 1688 2889 καὶ

151 2925 317 2996 πῶς,ῆ
348 2925 486 2979 κατὰ
536 2926 723 2986 ποίους
761 2925 984 2995 χρόνους
1016 2925 1255 2994 γέγονεν,
1289 2926 1318 2978 0
1371 2925 1688 2996 βουλόμενος

150 3015 562 3087 ἐρμηνευέτω·ἥ
610 3016 738 3068 πότε
785 3015 973 3069 ἄλλοτε
1028 3015 1163 3086 μετὰ
1217 3016 1314 3087 τὴν
1363 3014 1469 3069 ὑπὸ
1515 3018 1689 3071 Βαϐυ-

149 3107 326 3171 λωνίοις
377 3107 689 3178 πολιορκίαν
731 3107 980 3178 δεύτερον
1020 3107 1345 3179 ἐμπρησμὸν
1399 3108 1689 3179 ὑπέμεινεν

1803 636 1922 677 cus.
1960 641 1979 673 ι
2013 621 2179 692 410
2205 619 2332 676 Haec
2365 621 2434 677 de
2463 621 2750 678 eversione
2778 625 2937 694 regite
2967 624 3250 695 dignitatis
3277 627 3368 682 Ju-

1801 712 1972 768 daica:
1998 715 2179 784 gentis
2211 715 2468 785 praedicta
2499 721 2666 780 sunt,
2700 730 2807 786 qua
2841 717 3098 786 praedicta
3129 721 3376 775 eversio-

1802 820 1904 869 ne,
1943 821 2138 860 rursus
2172 821 2234 861 ea
2264 822 2385 876 quae
2417 806 2484 860 ad
2519 821 2709 876 pacem
2758 809 3002 878 gentium
3049 810 3365 879 pertinent,

1799 905 2173 952 consentanea
2206 898 2272 954 iis
2314 913 2436 969 quae
2479 899 2634 968 prius
2673 899 2922 969 exposita
2966 908 3130 966 sunt,
3167 901 3368 970 adjun-

1801 995 2004 1058 guntur
2039 988 2143 1042 hoc
2173 988 2335 1042 modo
2368 1007 2381 1043 :
2423 1006 2440 1039 ι
2481 988 2545 1042 Et
2589 989 2925 1044 abundantia
2960 991 3110 1060 pacis
3142 1007 3207 1045 ex
3239 1007 3372 1062 gen-

1798 1079 1946 1134 tibus
1969 1121 1984 1146 ,
2019 1099 2039 1132 ›
2073 1095 2172 1149 pro
2202 1095 2310 1149 quo
2339 1079 2535 1150 Aquila
2571 1090 2624 1135 et
2657 1082 2856 1152 reliqui
2892 1083 3217 1149 interpretes
3249 1085 3372 1140 red-

1797 1170 2096 1226 diderunt:
2135 1189 2154 1222 ‹
2185 1171 2252 1224 Et
2314 1172 2567 1242 loquetur
2625 1187 2812 1242 pacem
2859 1175 3142 1244 gentibus,
3177 1196 3195 1228 ι
3226 1176 3371 1246 quod

1797 1261 2016 1332 quidem
2046 1264 2284 1318 maxime
2309 1263 2376 1319 ab
2413 1263 2644 1334 Augusti
2679 1265 2906 1334 imperio
2940 1275 3156 1321 eunstat
3186 1269 3266 1324 vel
3301 1269 3369 1323 ad

1806 1357 2035 1412 verbum
2076 1372 2201 1413 esse
2237 1359 2562 1429 completum
2584 1398 2599 1423 ,
2631 1374 2754 1413 cum
2796 1374 2859 1412 ex
2904 1359 2996 1411 illo
3031 1362 3212 1416 omnis
3243 1363 3368 1430 qui—

1795 1447 1916 1500 dem
1973 1446 2279 1516 principum
2322 1448 2618 1501 multitudo
2667 1447 3011 1518 disperierit,
3050 1465 3153 1518 pax
3187 1459 3366 1506 autem

1796 1537 2062 1607 plurimas
2111 1539 2262 1594 orbis
2310 1546 2502 1610 gentes
2541 1540 2821 1608 complexa
2869 1540 2959 1594 sit.
3015 1539 3151 1606 Quis
3203 1559 3368 1613 porro

1795 1636 1922 1683 ante
1956 1627 2204 1683 Romana
2249 1639 2491 1700 tempora
2526 1631 2607 1685 vel
2651 1629 2872 1685 Persico
2905 1633 2986 1687 vel
3020 1633 3369 1690 Macedonico

1797 1728 1976 1776 Stante
2001 1722 2262 1791 imperio,
2291 1722 2415 1777 talis
2437 1723 2649 1777 exstitit
2675 1739 2771 1777 rex
2800 1721 3108 1778 Judarorum
3131 1764 3146 1789 ,
3181 1735 3239 1779 ut
3271 1726 3370 1780 do-

1795 1813 2036 1868 minatus
2068 1815 2139 1869 sit
2169 1829 2196 1868 a
2227 1815 2364 1869 mari
2396 1831 2569 1886 usque
2599 1816 2665 1870 ad
2695 1830 2876 1880 mare,
2910 1826 2964 1872 et
2993 1834 3019 1870 a
3051 1816 3368 1874 ﬂuminibus

1723 1886 1766 1940 Β
1798 1919 1974 1974 usque
2008 1905 2076 1959 ad
2108 1908 2374 1963 terminos
2404 1909 2554 1963 orbis
2589 1910 2798 1964 terrze?
2832 1910 3016 1980 itaque
3049 1910 3152 1965 hoc
3189 1912 3367 1982 signi-

1796 1995 2027 2048 ficarunt
2070 1997 2266 2067 reliqui
2311 1999 2656 2069 interpretes.
2705 2001 2902 2071 Aquila
2948 2003 3092 2056 enim
3129 2003 3210 2058 sic
3241 2003 3363 2061 ait:

1800 2105 1818 2136 ι
1858 2087 1921 2140 Et
1963 2088 2216 2157 loquetur
2255 2106 2442 2160 pacem
2473 2093 2760 2162 gentibus,
2792 2101 2848 2148 et
2895 2103 3140 2163 potestas
3169 2096 3290 2165 ejus
3335 2112 3365 2149 a

1793 2178 1931 2232 mari
1978 2194 2152 2249 usque
2191 2182 2259 2234 ad
2307 2168 2489 2246 mare,
2539 2192 2594 2238 et
2636 2199 2666 2238 a
2712 2183 3032 2242 fluminibus
3076 2204 3250 2258 usque
3298 2189 3364 2242 ad

1793 2271 2059 2325 terminos
2089 2270 2241 2325 orbis
2283 2280 2458 2327 terrae.
2495 2293 2513 2326 ι
2545 2276 2643 2330 Cui
2690 2278 2990 2332 concordat
3035 2280 3196 2333 etiam
3233 2280 3365 2333 illud

1791 2361 1937 2429 quod
1977 2362 2031 2415 in
2075 2376 2203 2415 Lxxt
2247 2363 2456 2432 psalmo
2489 2365 2556 2418 de
2585 2363 2806 2422 Christo
2835 2369 3071 2432 canitur,
3105 2371 3199 2440 qui
3247 2381 3366 2424 erat

1790 2451 1858 2507 de
1894 2453 2104 2508 semine
2148 2452 2460 2510 Salomonis
2511 2458 2792 2522 oriturus,
2844 2461 2986 2530 quod
3039 2462 3259 2531 quidem
3310 2467 3363 2520 in

1791 2544 1938 2598 hunc
1969 2545 2191 2599 modum
2239 2561 2299 2600 se
2331 2547 2538 2603 habet:
2575 2567 2593 2600 ι
2639 2549 2858 2623 Orietur
2903 2552 2957 2606 in
2997 2554 3190 2610 diebus
3247 2558 3366 2627 ejus

1785 2638 2034 2706 justitia,
2066 2646 2120 2692 et
2147 2639 2479 2694 abundantia
2509 2641 2857 2710 pacisdonec
2892 2645 3176 2701 auferatur
3213 2649 3363 2714 luna,

1790 2737 1844 2784 et
1874 2727 2250 2784 dominabitur
2277 2745 2308 2784 a
2343 2731 2481 2794 marj
2520 2749 2695 2802 usque
2743 2735 2811 2788 ad
2860 2751 3043 2799 mare,
3091 2748 3145 2792 ct
3189 2755 3217 2792 a
3266 2741 3367 2794 flu-

1791 2824 1940 2879 mine
1969 2840 2144 2894 usque
2174 2825 2241 2880 ad
2270 2828 2537 2882 terminos
2563 2830 2714 2885 orbis
2747 2838 2907 2886 terrae
2934 2834 2973 2888 ".
3016 2849 3034 2882 ι
3065 2833 3188 2889 llaec
3217 2836 3362 2890 enim

1789 2916 1857 2972 de
1901 2918 2013 2973 filio
2060 2917 2370 2974 Salomonis
2412 2921 2560 2976 dicta
2605 2931 2734 2978 sunt
2777 2940 2897 2994 quae
2933 2925 3065 2978 nihil
3103 2926 3366 2982 differunt

1789 3011 1858 3064 ab
1911 3011 2015 3076 iis,
2065 3028 2187 3083 quae
2237 3013 2382 3084 apud
2435 3013 2764 3085 Prophetam
2815 3019 3090 3088 leguntur.
3127 3019 3360 3085 Quando

1790 3101 1956 3173 igitur
1985 3104 2129 3169 haec,
2163 3105 2247 3159 vel
2273 3106 2577 3173 quomodo,
2611 3115 2703 3161 aut
2737 3109 2936 3178 quibus
2972 3111 3194 3166 tandem
3227 3120 3366 3167 tem-

155 3198 497 3269 Ἰερουσαλὴμ,
525 3197 618 3250 καὶ
648 3199 677 3250 0
712 3196 768 3248 ἐν
803 3197 940 3268 αὐτῇ
972 3197 1277 3268 κατερρίφη
1314 3196 1465 3262 νεώς.
1503 3201 1566 3252 Ὃ
1595 3201 1687 3254 καί

1790 3194 2016 3262 poribus
2046 3195 2393 3260 exstiterint,
2431 3198 2476 3252 si
2517 3198 2640 3267 quis
2682 3210 2766 3254 est
2807 3201 2898 3270 qui
2942 3203 3146 3271 possit,
3190 3204 3364 3258 inter-

147 3290 254 3342 αὑτό
273 3289 446 3360 θαῦμα
481 3289 623 3360 μέγα
653 3287 785 3358 ἔχει,
806 3288 881 3350 ὡς
900 3287 1115 3358 ᾐνίξατο
1142 3289 1169 3340 0
1192 3291 1474 3362 προφήτης
1495 3290 1682 3343 εἰπών·

149 3383 449 3447 «Διάνοεξον,
466 3384 495 3434 0
513 3381 765 3446 Λίϐανος,
787 3379 886 3443 τὰς
903 3379 1069 3450 θύρας
1091 3397 1205 3445 σου,
1222 3383 1314 3434 καὶ
1329 3384 1688 3452 καταφαγέτω

147 3475 236 3547 πῦρ
257 3475 344 3538 τὰς
377 3475 603 3545 κέδρους
633 3491 744 3526 σου.
785 3492 804 3525 ι
844 3473 1072 3526 Λίϐανον
1100 3473 1208 3545 γὰρ
1238 3474 1297 3526 ἐν
1326 3475 1534 3537 τούτοις
1562 3493 1687 3528 συν-

146 3568 265 3637 ήθως
294 3568 420 3620 αὐτὸ
451 3568 511 3620 τὸ
565 3565 709 3637 ἱερὸν
756 3566 1043 3636 ὀνομάζει·
1084 3567 1207 3619 ἐπεὶ
1250 3569 1344 3620 καὶ
1389 3567 1454 3620 δι’
1489 3569 1688 3638 ἐτέρων

147 3659 453 3729 προφητειῶν
487 3657 863 3712 ἀποδέδεικται
887 3656 1116 3720 Λίϐανος
1145 3657 1304 3721 αὑτὸς
1333 3659 1361 3709 0
1403 3657 1538 3720 νεὼς
1568 3661 1689 3710 ἐπι-

147 3751 462 3822 κεκλημένος.
515 3748 688 3802 Τοῦτο
732 3748 788 3801 δὲ
827 3748 922 3800 καὶ
965 3747 1122 3800 αὑτοὶ
1177 3747 1364 3811 παῖδες
1422 3747 1686 3801 Ἰουδαίων

145 3842 281 3894 εἰσέτι
324 3840 418 3894 νῦν
469 3837 856 3912 ὁμολογοῦσιν
893 3839 1017 3891 ἐπεὶ
1062 3839 1156 3890 καὶ
1202 3838 1428 3900 Ἡσαΐας
1472 3839 1686 3910 ἐμφερῆ

145 3933 204 4002 τῷ
229 3935 351 4004 μετὰ
394 3936 585 4002 χεῖρας
632 3932 886 4004 προφήτῃ
916 3930 1183 3994 θεσπίζων
1227 3929 1458 4002 ἔφησεν
1491 3949 1509 3982 ι
1558 3930 1685 3984 Ἰδοὺ

147 4021 314 4092 Κύριος
370 4021 597 4075 Σαϐαὼθ
657 4019 1014 4090 συνταράσσει
1062 4019 1189 4082 τοὺς
1251 4018 1493 4086 ἐνδόξους
1549 4020 1687 4091 μετὰ

148 4114 326 4184 ἰσχύος,
367 4117 463 4168 καὶ
496 4115 546 4167 οἱ
579 4113 771 4184 ὑψηλοί
799 4115 866 4184 τῇ
923 4111 1077 4184 ὕϐρει
1111 4112 1575 4184 συντριϐήσονται.
1629 4114 1686 4164 '0

144 4204 185 4257 δὲ
208 4207 421 4270 Λίϐανος
444 4208 542 4259 σὺν
565 4208 678 4268 τοῖς
711 4203 932 4274 ὑψηλοῖς
955 4206 1217 4269 πεσεῖται,
1240 4203 1332 4256 καὶ
1348 4203 1686 4267 ἐξελεύσεται

148 4299 306 4368 ῥάϐδος
335 4301 404 4354 ἐκ
428 4301 530 4370 τῆς
554 4298 708 4370 ῥίζης
750 4296 966 4358 Ἰεσσαὶ,
992 4296 1085 4349 καὶ
1129 4295 1288 4359 ἄνθος
1314 4299 1377 4349 ἐκ
1402 4297 1502 4367 τῆς
1531 4297 1686 4368 ῥίζης

145 4392 463 4464 ἀναϐήσεται,
488 4393 584 4445 καὶ
605 4389 1049 4442 ἐπαναπαύσεται
1071 4389 1156 4440 ἐπ’
1173 4387 1333 4441 αὑτὸν
1358 4389 1572 4459 πνεῦμα
1589 4388 1684 4441 τοῦ

144 4483 251 4538 Θεοῦ
273 4504 316 4540 ἰ
343 4481 423 4550 οἷς
437 4484 677 4553 ἐπιλέγει
695 4501 709 4514 ο
748 4503 766 4534 ι
795 4485 904 4536 Καὶ
932 4481 1079 4534 ἔσται
1107 4483 1139 4552 ή
1184 4481 1307 4552 ῥίζα
1336 4481 1431 4534 τοῦ
1467 4481 1684 4547 Ἰεσσαὶ,

1789 3295 2052 3355 pretetur.
2095 3291 2203 3340 Aut
2235 3302 2473 3357 quonam
2529 3291 2637 3343 alio
2683 3299 2925 3361 tempore
2963 3302 3086 3363 post
3130 3295 3364 3366 Babylo-

1788 3378 1966 3432 nicam
1997 3379 2372 3445 obsidionem,
2401 3383 2631 3436 altermn
2662 3399 2919 3453 perpessa
2948 3386 3020 3440 sit
3045 3387 3360 3442 incendium

1785 3466 2124 3533 Jerusalem,
2173 3478 2228 3524 et
2271 3472 2415 3542 quod
2461 3472 2516 3526 in
2561 3474 2676 3544 ipsa
2717 3477 2980 3547 templum
3025 3488 3177 3546 erat,
3211 3479 3364 3549 deje-

1788 3570 1934 3617 ctum
1970 3563 2062 3618 sit.
2090 3561 2246 3628 Quod
2276 3565 2438 3619 etiam
2467 3566 2642 3635 ipsum
2670 3584 2922 3638 magnam
2949 3570 3104 3625 affert
3127 3573 3366 3626 admira-

1789 3653 1990 3709 tionem
2012 3698 2026 3722 ,
2062 3658 2520 3726 quemadmodum
2552 3661 2812 3729 propheta
2851 3662 2902 3715 id
2933 3663 3357 3734 significaverit,

1788 3746 1976 3801 dicens
2007 3766 2020 3801 :
2051 3765 2069 3798 ι
2095 3749 2293 3818 Aperi,
2326 3747 2530 3806 Libane
2550 3791 2566 3816 ,
2603 3759 2788 3822 portas
2822 3760 2945 3809 tuas
2965 3795 2980 3816 ,
3018 3764 3072 3810 et
3114 3757 3363 3812 comedat

1787 3837 1928 3908 ignis
1957 3838 2152 3894 cedros
2203 3846 2346 3894 tuas.
2383 3859 2404 3894 ›
2435 3839 2568 3895 Nam
2623 3841 2888 3898 Libanum
2942 3846 2995 3900 in
3044 3848 3132 3902 his
3181 3850 3361 3906 verbis

1787 3945 1941 3984 more
1962 3946 2065 3986 suo
2087 3932 2347 4000 templum
2371 3932 2548 4003 ipsum
2572 3935 2818 3989 nominat
2841 3955 2852 3990 :
2881 3939 3136 4006 quoniam
3160 3939 3212 3994 in
3238 3941 3361 3996 aliis

1787 4035 2008 4090 quoque
2056 4022 2361 4091 prophetiis
2407 4032 2688 4079 ostensum
2722 4032 2840 4089 est,
2877 4025 3144 4083 Libanum
3182 4031 3360 4100 ipsum

1789 4113 2051 4183 templum
2081 4113 2287 4168 vocari.
2319 4112 2374 4167 Id
2405 4123 2586 4170 autem
2611 4116 2714 4186 ipsi
2743 4133 2961 4188 quoque
2982 4118 3152 4175 Judazi
3183 4122 3361 4176 adhuc

1787 4205 2141 4267 confitentur.
2192 4205 2633 4276 quandoquidem
2667 4207 2837 4264 lsaias
2869 4211 2998 4265 hnlc
3042 4213 3357 4282 prophetae,

1786 4297 1880 4366 qui
1910 4311 2056 4351 nunc
2075 4305 2364 4358 tractatur,
2397 4297 2816 4354 similiacanens
2845 4300 2983 4355 dixit
3008 4321 3020 4355 :
3045 4321 3063 4352 ι
3088 4301 3227 4357 Ecce
3252 4302 3361 4358 Do-

1785 4389 1968 4444 minus
2003 4387 2242 4444 Sabaoth
2273 4391 2624 4445 conturbabit
2651 4391 2922 4462 gloriosos
2955 4408 3080 4447 cum
3124 4394 3357 4459 robore,

1785 4488 1841 4538 et
1881 4480 2081 4537 excelsi
2137 4481 2467 4536 contumelia
2501 4488 2876 4537 conterentur.
2911 4482 3149 4538 Libanus
3177 4491 3356 4539 autem

146 4578 217 4629 ut
250 4581 276 4631 0
328 4577 690 4647 ἀνιστάμενος
722 4575 906 4647 ἄρχειν
958 4575 1167 4638 ἐθνῶν,
1228 4576 1312 4626 ἐπ’
1359 4573 1504 4644 αὑτῴ
1557 4574 1680 4644 ἔθνη

1790 4589 1910 4628 cum
1950 4573 2184 4629 excelsis
2224 4574 2414 4636 cadet,
2460 4581 2514 4628 et
2554 4573 2862 4643 egredietur
2895 4574 3043 4644 virga
3079 4575 3144 4630 de
3174 4576 3367 4632 radice:

144 4665 370 4723 ἐλπιοῦσι.
399 4689 417 4720 ι
453 4669 565 4722 Καὶ
597 4668 827 4721 ἐνταῦθα
867 4667 975 4739 γὰρ
1010 4665 1145 4738 ὁμοῦ
1173 4669 1239 4737 τῇ
1274 4668 1337 4718 ἐκ
1375 4667 1687 4737 σπέρματος

153 4759 315 4814 Ἰεσσαὶ
339 4761 434 4814 καὶ
452 4760 614 4813 Δαϐἰδ
641 4760 850 4828 γενέσει
867 4758 960 4811 τοῦ
993 4756 1252 4830 Χριστοῦ,
1290 4755 1522 4808 Λιϐάνου
1551 4755 1684 4809 καθ-

145 4852 318 4920 αίρεσις
359 4854 456 4905 καὶ
488 4850 659 4905 ἐθνῶν
688 4851 881 4922 κλῆσις
915 4850 1200 4919 συνῆπται.
1233 4847 1545 4901 Λίϐανον.δέ
1575 4845 1672 4917 τὴν

153 4936 480 5013 Ἰερουσαλὴμ
531 4940 822 5012 διαρρήδην
873 4941 900 4992 0
952 4941 1046 4992 καὶ
1108 4938 1366 5009 Ἰεζεκιὴλ
1434 4939 1685 5008 σημαίνει

143 5029 314 5100 λέγων·
360 5053 379 5086 ι
427 5035 486 5086 '0
528 5033 686 5096 ἀετὸς
715 5035 743 5085 0
778 5030 977 5102 μέγας,
1019 5032 1048 5083 0
1098 5031 1611 5102 μεγαλοπτέρυγος,
1659 5032 1686 5082 0

147 5122 255 5191 ἔχων
279 5127 336 5179 τὸ
361 5128 560 5198 ἦγημα
598 5123 859 5178 εἰσελθεῖν
895 5123 974 5186 εἰς
1009 5123 1101 5176 τὸν
1142 5123 1405 5185 Λίϐανον,
1443 5121 1536 5174 καὶ
1579 5123 1684 5175 άπ-

149 5215 302 5287 ἐκρισε
333 5220 400 5272 τὰ
435 5216 620 5272 ἁπαλὰ
652 5218 750 5288 τῆς
779 5217 990 5289 κέῖρου.
1032 5234 1049 5266 ι
1078 5213 1265 5268 Ταῦτα
1300 5213 1430 5284 γοῦν
1462 5215 1490 5266 0
1523 5211 1684 5276 αὐτὸς

147 5306 247 5378 ἰξῆς
279 5311 552 5379 διασαφῶν
581 5308 822 5377 ἐπιλέγει
841 5325 853 5338 ⁸
888 5328 905 5360 ι
933 5309 1046 5361 ”Οτ’
1081 5307 1146 5360 ἂν
1189 5306 1316 5379 ἔλθῃ
1346 5304 1682 5374 Ναϐουχοδο-

147 5401 274 5474 ἰοσορ
318 5404 408 5456 ἐπὶ
463 5401 856 5474 Ἰερουσαλήμ,
912 5400 1004 5452 καὶ
1068 5398 1208 5471 λάϐῃ
1233 5398 1357 5461 τοὺς
1417 5398 1682 5468 ἄρχοντας

148 5494 303 5564 αὐτῆς,
329 5515 346 5546 ι
388 5496 480 5548 καὶ
511 5494 583 5547 τά
627 5493 770 5562 ἑξῆς.
821 5490 979 5544 Ἀλλὰ
1013 5489 1186 5542 ταῦτα
1222 5491 1321 5561 μὲν
1355 5492 1383 5543 0
1427 5489 1682 5559 Ἰεζεκιὴλ

149 5586 369 5656 περὶτῆς
403 5585 626 5658 πρώτης
659 5582 847 5655 ἐδήλου
883 5580 1215 5652 πολιορκίας,
1253 5580 1371 5650 μεθ’
1401 5580 1467 5649 ἢν
1506 5581 1534 5631 0
1572 5581 1679 5631 Ζαν

148 5676 308 5746 χιρίας
341 5680 584 5750 περὶτῆς
615 5676 868 5748 δευτέρας
905 5672 1168 5737 θεσπίζει.
1192 5672 1328 5724 Πότε
1361 5672 1514 5735 οὗτος
1546 5671 1681 5742 μετὰ

205 5856 220 5885 ⁷
255 5856 388 5914 Psal.
424 5875 585 5924 ωιιι,
620 5857 673 5922 7,
714 5857 768 5912 8.
849 5856 871 5887 ³
911 5853 1016 5910 lsa.
1049 5869 1138 5919 ιι,
1176 5853 1228 5919 1,
1257 5852 1312 5906 ‘2.
1389 5856 1410 5886 ’
1453 5851 1580 5907 ibid.
1621 5850 1704 5906 l0.

1779 4665 1954 4732 Jesse,
1977 4673 2031 4721 et
2055 4665 2156 4720 flos
2182 4665 2248 4720 de
2279 4664 2464 4720 radice
2486 4666 2766 4729 ascendet,
2789 4676 2843 4722 et
2866 4668 3174 4738 requiescet
3195 4683 3370 4739 super

1780 4773 1904 4812 eum
1929 4758 2158 4828 spiritus
2188 4756 2282 4812 Dei
2305 4757 2348 4822 ⁸;
2375 4777 2392 4806 ι
2415 4755 2617 4825 quibus
2637 4756 2882 4827 adjungit
2908 4777 2919 4811 :
2943 4777 2960 4808 ι
2986 4756 3047 4811 Et
3069 4758 3172 4812 erit
3201 4759 3362 4813 radix.

1779 4849 1974 4912 Jesse,
2019 4858 2074 4904 et
2115 4849 2207 4918 qui
2257 4850 2433 4919 surgit
2476 4857 2534 4904 ut
2578 4849 2803 4918 imperet
2833 4850 3115 4920 gentibus,
3149 4850 3201 4903 in
3238 4849 3369 4919 ipso

1779 4941 1938 5014 41],
1966 4949 2156 5013 gentes
2186 4942 2542 5011 sperabunt“.
2576 4961 2596 4994 ι
2634 4941 2844 4997 Etenim
2881 4943 2969 4997 hic
2998 4958 3215 5012 quoque
3249 4959 3356 4996 una

1781 5047 1905 5085 cum
1938 5038 2060 5085 ortu
2089 5029 2294 5086 Christi
2321 5031 2388 5086 de
2427 5031 2635 5086 semine
2663 5029 2821 5085 Jesse
2849 5039 2904 5085 et
2935 5028 3127 5095 David,
3165 5028 3365 5083 Libani

1787 5122 2000 5178 eversio
2029 5128 2085 5176 et
2115 5122 2356 5191 gentium
2386 5121 2601 5176 vocatio
2628 5120 2923 5190 conjuncta
2950 5128 3054 5176 est.
3088 5119 3352 5173 Libanum

1788 5222 1968 5266 autem
2011 5212 2183 5281 ipsam
2230 5209 2534 5267 Jerusalem
2582 5211 2852 5280 intelligi,
2903 5209 3153 5265 Ezechiel
3197 5210 3356 5279 plane

1787 5303 2059 5374 significat
2086 5302 2173 5356 his
2219 5303 2438 5358 verbis:
2475 5322 2493 5354 ι
2525 5301 2722 5372 Aquila
2762 5301 2986 5371 grandis
3035 5314 3358 5369 magnarum

1786 5398 2018 5462 alarum,
2043 5410 2163 5465 qum
2185 5394 2349 5449 habet
2386 5397 2770 5450 auctoritatem
2807 5391 3148 5464 ingrediendi
3183 5393 3237 5446 in
3266 5390 3356 5445 Li-

1781 5486 2007 5548 banum,
2047 5492 2102 5539 et
2141 5483 2336 5538 evulsit
2387 5492 2572 5538 tenera
2618 5484 2764 5539 cedri
2795 5483 2859 5537 ¹⁰.
2898 5501 2917 5535 ι
2956 5481 3023 5536 Et
3071 5481 3184 5536 haec
3237 5482 3362 5552 ipsa

1783 5577 2040 5647 deinceps
2060 5576 2359 5646 explanans
2383 5574 2521 5629 idem
2550 5577 2833 5645 prapheta,
2863 5573 3108 5646 adjungit
3131 5592 3145 5628 :
3168 5591 3189 5626 ι
3217 5572 3361 5628 Cum

1785 5672 2000 5726 venerit
2031 5667 2544 5723 Nabuchodonosor
2595 5667 2650 5722 in
2683 5666 3012 5733 Jerusalem,
3044 5673 3098 5723 et
3130 5681 3357 5738 accepe-

1785 5850 1826 5882 ¹⁰
1868 5849 2062 5904 L'zcch.
2097 5864 2243 5913 xvn,
2276 5848 2329 5902 3.
