3928 6556
553 449 658 504 643

1185 447 1456 502 EUSEBH
1493 445 1977 503 CAESARIENSIS
2012 445 2164 504 OPP.
2205 445 2388 502 PARS
2425 445 2490 502 ll.
2529 461 2600 488 ——'
2631 445 3133 503 APOLOGETICA.

3686 447 3778 502 6-H

551 567 624 620 rit
655 565 909 634 princeps
949 559 1148 635 ejus“,
1185 583 1202 615 ι
1236 575 1288 618 et
1311 579 1432 634 quae
1467 573 1794 634 sequuntur.
1839 567 2104 620 Caeterum

2233 567 2358 630 τοὺς
2379 567 2645 638 Ζαχαρίου
2671 567 2896 637 χρόνους
2919 565 3010 616 ἐπὶ
3041 565 3140 634 τῆς
3165 561 3496 616 Μακεδόνων
3531 560 3776 632 βασιλείας

551 655 1031 726 Ezechielqnidem
1055 655 1167 708 haec
1189 653 1255 707 de
1270 655 1447 724 prima
1470 654 1780 710 Jerusalem
1838 656 2128 711 obsidione

553 750 799 820 praedixit
830 769 842 802 :
877 757 1000 818 post
1036 747 1195 816 cujus
1236 747 1541 803 obsidionis
1586 759 1799 819 tempus
1834 749 2129 804 Zacharias

550 841 619 896 de
666 841 904 894 secunda
943 840 1170 893 divinat.
1217 839 1444 906 Quando
1493 843 1659 911 igitur
1700 851 1822 911 post
1854 842 2130 896 Zacharite

548 943 812 1001 tempora,
849 933 949 986 sub
987 933 1214 1002 imperio
1243 931 1598 987 Macedonum
1629 935 1894 1003 templum
1942 935 2128 989 incen-

549 1039 669 1078 sum
710 1023 829 1078 est?
862 1031 1011 1078 certe
1057 1039 1359 1093 nunquam.
1409 1025 1690 1094 Siquidem
1725 1035 1850 1094 post
1896 1025 2128 1096 Babylo-

547 1116 764 1170 niorum
799 1115 1279 1185 depopulationem
1325 1125 1488 1188 atque
1539 1105 1873 1182 incendium,
1920 1118 2124 1172 nullam

547 1208 689 1278 ignis
707 1217 932 1263 alteram
956 1211 1311 1264 vastationem
1329 1225 1567 1280 unquam
1595 1223 1850 1280 perpessa
1874 1221 1956 1265 est
1973 1211 2125 1276 urbs,

545 1297 650 1351 nisi
679 1299 783 1352 sub
815 1297 1154 1369 Vespasiano
1180 1315 1242 1353 ac
1273 1299 1397 1353 Tito
1424 1299 1796 1355 Reinanorum
1829 1303 2128 1372 imperato—

543 1389 715 1450 ribus.
752 1391 821 1445 ob
870 1408 1030 1461 quam
1069 1409 1200 1458 sane
1245 1395 1612 1448 vastationem
1661 1411 1858 1449 rursus
1890 1396 2124 1450 obscure

542 1489 595 1534 et
628 1497 725 1551 per
761 1482 962 1552 ﬁguras
1001 1499 1116 1544 eos,
1152 1485 1244 1552 qui
1293 1485 1422 1538 olim
1467 1487 1613 1554 geniti
1660 1487 2024 1554 imperabant,
2057 1487 2125 1540 ad

541 1574 948 1644 deplorationes
975 1583 1028 1630 et
1051 1577 1291 1630 lamenta
1323 1577 1516 1632 invitat
1547 1579 1854 1643 oraculum,
1890 1577 2080 1633 dicens
2107 1593 2122 1630 :

547 1685 565 1716 ι
603 1663 782 1720 Ululet
829 1667 1024 1736 pinus,
1059 1669 1316 1735 quoniam
1355 1669 1553 1723 cecidit
1593 1669 1827 1734 cedrus,
1865 1671 2122 1739 quoniam

540 1772 872 1827 magnopere
911 1759 1180 1828 magnifici
1223 1760 1402 1813 aﬂlicti
1431 1769 1560 1814 sunt
1591 1777 1604 1811 :
1641 1761 1866 1826 ululate,
1887 1777 2124 1831 quercus

543 1851 893 1914 Basanitidis,
917 1853 1177 1921 quoniam
1211 1853 1510 1908 convulsus
1539 1861 1623 1908 est
1643 1856 1814 1909 saltus
1846 1857 2114 1916 consitus,

539 1961 645 1998 vox
684 1945 1096 1998 lamentantium
1145 1953 1450 2014 pastorum,
1499 1946 1758 2014 quoniam
1803 1946 1998 2000 alliicta
2031 1955 2116 2002 est
2151 1927 2190 1980 Β

539 2035 952 2104 magnificentia
985 2052 1197 2091 eorum.
1244 2055 1260 2086 ι
1301 2035 1456 2090 Tunc
1488 2053 1620 2091 sane
1667 2035 1812 2090 facta
1845 2049 1929 2092 est
1962 2038 2120 2092 Jeru-

539 2125 706 2179 salem
739 2127 896 2194 quasi
931 2127 1196 2180 vestibula
1229 2143 1352 2195 qua:
1383 2129 1708 2196 quatiuntur
1737 2129 1993 2186 omnibus
2020 2147 2114 2200 po-

537 2215 679 2282 pulis
703 2215 758 2267 in
789 2215 1045 2278 circuitu,
1078 2223 1130 2269 et
1162 2216 1216 2268 in
1247 2215 1433 2270 Iudaea
1460 2217 1604 2270 facta
1635 2226 1719 2272 est
1747 2221 1978 2273 munitio
2008 2237 2122 2274 am-

535 2307 712 2370 biens,
745 2313 798 2361 et
841 2308 908 2360 ab
958 2309 1040 2362 eis
1087 2317 1478 2364 sacrosanctus
1527 2309 1873 2365 existimatus
1929 2313 2116 2376 locus,

535 2415 708 2469 usque
765 2400 818 2454 in
851 2400 1176 2454 hodiernum
1215 2403 1358 2458 diem
1411 2402 1551 2472 lapis
1585 2403 1823 2466 exsistit,
1861 2405 1954 2473 qui
1987 2420 2120 2458 con-

534 2491 786 2544 culcatur
815 2492 882 2545 ab
931 2494 1191 2547 omnibus
1226 2493 1508 2564 gentibus,
1538 2500 1592 2547 et
1621 2494 1937 2563 quicunque
1967 2495 2118 2547 illum

533 2583 822 2636 conculcat
855 2583 1090 2639 illudens
1115 2585 1394 2650 illudetur,
1427 2585 1569 2640 sicut
1609 2585 1890 2654 prephetia
1921 2585 2120 2654 praedi-

533 2683 705 2728 xerat.
740 2672 882 2738 Quin
921 2676 1083 2728 etiam
1123 2683 1411 2744 propterea
1443 2674 1588 2744 quod
1623 2675 1700 2728 illi
1733 2675 1985 2740 homine,
2023 2677 2118 2745 qui

533 2763 648 2816 haec
681 2765 978 2828 cecinerat,
1001 2766 1424 2828 insultavernnt,
1457 2781 1566 2820 non
1600 2765 1798 2820 defecit
1819 2783 1914 2821 eos
1943 2783 2118 2836 neque

535 2855 804 2924 planctus,
837 2871 1011 2923 neque
1033 2856 1232 2920 luctus,
1265 2873 1442 2925 neque
1466 2857 1802 2912 lamentatio.
1829 2857 2116 2928 Nunquam

535 2944 702 3013 igitur
745 2947 880 2999 alias
925 2947 1031 3000 nisi
1075 2956 1198 3016 post
1251 2947 1554 3002 Salvator-is
1599 2950 1773 3004 nostri
1826 2949 2116 3004 adventum

535 3053 709 3106 usque
753 3037 822 3090 ad
851 3039 992 3092 hanc
1025 3048 1428 3111 tempestatem,
1466 3057 1656 3096 omnes
1702 3043 1879 3096 tribus
1905 3041 2118 3098 Judaeo-

533 3145 658 3182 rum
726 3131 1023 3200 quidquam
1083 3131 1471 3189 lamentatione
1531 3137 1824 3204 planctuve
1888 3136 2114 3206 digmnn

533 3235 710 3290 passa:
741 3228 890 3284 sunt,
925 3231 1143 3291 propter
1175 3224 1385 3294 plagam
1418 3240 1540 3294 qua}
1575 3225 1725 3294 ipsos
1751 3224 1859 3280 Deo
1885 3224 2112 3281 feriente

532 3313 972 3381 deprehenderit,
995 3330 1060 3368 ex
1091 3331 1198 3384 qua
1229 3317 1392 3369 etiam
1422 3318 1664 3386 ipsorum
1695 3325 1872 3371 mater
1914 3319 2110 3374 civitas

531 3406 775 3460 externis
803 3405 1056 3476 gentibus
1090 3407 1290 3460 tradita
1311 3419 1416 3471 est,
1453 3419 1506 3462 et
1537 3411 1798 3478 templum
1834 3426 2086 3464 eversum

533 3497 936 3566 suﬂ'ossumque
983 3503 1088 3561 est,
1135 3497 1348 3568 ipsique
1397 3499 1464 3553 de
1509 3501 1730 3568 propria
1770 3501 1990 3570 regione
2025 3517 2114 3556 cx-

531 3588 674 3656 pulsi
698 3595 848 3650 sunt,
878 3587 930 3640 in
955 3593 1102 3640 terra
1133 3588 1316 3642 hostili
1343 3588 1581 3644 inimicis
1613 3590 1936 3646 servientes.
1962 3591 2111 3657 Quas

531 3680 602 3734 ob
635 3695 747 3747 res,
791 3679 974 3734 omnis
1014 3679 1256 3748 ipsorum
1287 3680 1504 3744 domus,
1537 3683 1826 3752 omnisque
1865 3684 2109 3754 ipsorum

533 3770 715 3824 anima
746 3771 802 3824 in
835 3771 980 3824 hunc
1013 3786 1188 3840 usque
1218 3771 1360 3824 diem
1393 3771 1880 3828 lamentationibus
1913 3775 2110 3828 alllicta

529 3868 632 3914 est.
675 3861 1018 3930 Quapropter
1071 3860 1333 3930 prnpheta
1381 3863 1462 3916 sic
1505 3863 1579 3914 ait
1618 3879 1632 3914 :
1685 3883 1702 3914 ι
1742 3863 1810 3917 Ει
1853 3867 2110 3936 plangent

531 3951 760 4020 singulae
786 3952 962 4006 tribus
983 3967 1078 4022 per
1092 3952 1166 4006 sei
1175 3967 1302 4020 peas
1319 3973 1329 4005 :
1349 3951 1510 4023 4-12
1529 3955 1704 4010 tribus
1721 3956 1918 4012 domus
1937 3958 2107 4014 David

531 4054 803 4104 seorsum,
835 4049 889 4094 et
933 4041 1188 4094 mulieres
1229 4057 1420 4095 eorum
1467 4047 1801 4110 seorsum“,
1839 4067 1858 4100 ι
1895 4057 1948 4102 et
1987 4066 2110 4119 quae

531 4139 856 4200 sequuntur.
889 4131 998 4185 Sed
1040 4132 1130 4200 qui
1162 4132 1380 4186 tandem
1409 4143 1534 4202 post
1564 4135 1840 4193 Zacharia:
1861 4148 2108 4211 tempora

529 4223 702 4276 secuti
730 4231 860 4277 sunt
882 4224 1022 4290 dies,
1053 4225 1108 4277 in
1136 4225 1338 4294 quibus
1369 4227 1544 4295 spolia
1588 4226 1890 4283 Jerusalem
1931 4233 2106 4288 divisa

530 4315 696 4368 sunt?
735 4325 789 4369 et
827 4325 1018 4387 gentes
1063 4318 1333 4372 universa:
1381 4319 1450 4372 ad
1499 4319 1699 4372 bellum
1751 4331 1942 4376 contra
1985 4341 2104 4380 eam

526 4407 832 4461 coiverint?
877 4417 928 4463 et
961 4411 1158 4464 civitas
1193 4417 1350 4479 capta
1391 4409 1481 4475 sit,
1518 4421 1572 4464 et
1615 4411 1811 4468 domus
1856 4414 2100 4484 direptae,

525 4507 578 4550 et
615 4501 868 4556 mulieres
897 4503 1119 4572 polluta:
1152 4513 1318 4572 atque
1349 4503 1402 4557 in
1434 4502 1754 4558 servitutem
1785 4505 2025 4560 abactae?
2051 4517 2104 4562 et

525 4589 745 4657 quando
785 4591 950 4644 simul
991 4593 1094 4647 sub
1125 4593 1268 4649 idem
1309 4601 1524 4663 tempus
1555 4591 1816 4650 Dominus
1850 4597 2102 4666 gentibus
2134 4627 2179 4684 υ

521 4677 824 4734 Jerusalem
853 4685 1312 4752 oppugnantibus
1367 4684 1722 4749 subveniens,
1764 4689 2104 4756 comparavit

525 4784 586 4823 se
615 4769 679 4822 ad
713 4772 956 4840 praelium
996 4789 1122 4827 cum
1153 4773 1298 4830 illis?
1330 4783 1424 4826 aut
1453 4775 1674 4844 quando
1703 4785 1968 4834 steterunt
2003 4795 2106 4849 pe-

523 4861 622 4916 des
651 4863 772 4930 ejus
823 4863 877 4917 in
911 4875 1098 4920 monte
1131 4867 1448 4922 Uiivarum?
1494 4875 1590 4920 aut
1637 4869 1858 4938 quando
1892 4871 2104 4926 exstitit

524 4952 787 5008 Dominus
809 4954 864 5008 in
905 4953 1104 5026 Regem
1138 4973 1233 5028 per
1268 4961 1580 5015 universam
1611 4961 2100 5032 terram?ipseque

519 5059 663 5098 unus
709 5043 974 5101 Dominus
1029 5049 1172 5118 apud
1223 5065 1414 5106 onmes
1467 5050 1756 5106 homines?
1800 5059 1856 5104 et
1899 5068 2098 5106 nomen

518 5137 638 5205 ejus
671 5139 918 5196 ambiens
939 5143 1248 5196 universam
1273 5153 1476 5198 terram
1498 5151 1553 5200 et
1575 5145 1965 5198 solitudinem?
1983 5146 2096 5200 haec

515 5228 660 5280 enim
691 5243 970 5299 nunquam
1001 5232 1288 5303 quisquam
1321 5241 1478 5286 antea
1507 5235 1571 5286 ad
1609 5247 1768 5284 suum
1795 5232 1954 5287 ﬁnem
1981 5247 2099 5301 per-ﬁ

517 5317 680 5372 ducta
708 5319 1084 5376 demonstrare
1131 5323 1353 5392 poterit,
1387 5324 1490 5376 nisi
1535 5323 1906 5378 Romanorum
1957 5331 2098 5376 tem-

515 5409 761 5476 poribus,
803 5412 1004 5481 quibus
1045 5425 1169 5482 post
1219 5413 1608 5485 Babylonicum
1640 5415 1977 5481 incendium,
2017 5417 2096 5470 al-

517 5507 636 5556 tero
685 5518 878 5559 rursus
919 5505 1172 5561 incendio
1207 5507 1450 5576 ipsorum
1507 5509 1767 5578 templum
1813 5514 2092 5560 vastatum

515 5601 619 5662 est,
659 5603 712 5650 et
739 5596 931 5652 civitas
958 5613 1024 5652 ex
1047 5599 1140 5653 illo
1172 5601 1237 5653 ad
1273 5600 1418 5654 hunc
1452 5617 1624 5670 usque
1657 5603 1797 5656 diem
1819 5600 1894 5654 ab
1913 5607 2098 5654 eruer-

515 5683 602 5738 nis
631 5687 882 5756 gentibus
901 5687 1132 5746 habitari
1157 5691 1483 5745 ostenditur.
1511 5690 1630 5756 Quo
1659 5701 1906 5764 tempore
1925 5693 2089 5746 etiam

587 5865 626 5896 “
685 5863 884 5922 Ezecb.
927 5883 1058 5932 xvu,
1097 5866 1178 5922 ιε.
1261 5867 1303 5897 ¹¹
1347 5865 1578 5921 Zachar.
1616 5881 1730 5931 ιιι,
1771 5863 1964 5922 12-14.

2232 661 2559 732 ἐμπρησμὸν
2587 659 2875 731 ὑπέμεινεν
2911 660 2939 710 ὁ
2967 655 3134 720 νεώς;
3167 654 3280 708 ἀλλ’
3308 656 3406 708 οὐκ
3439 653 3580 708 ἔστιν
3605 649 3790 707 εἰπεῖν.¹

2230 749 2386 804 Μετὰ
2422 751 2534 820 γὰρ
2581 749 2679 820 τὴν
2726 750 2830 802 ὑπὸ
2882 748 3240 801 Βαϐυλωνίων
3292 745 3642 818 τωρπόλησιν,
3683 743 3774 796 666‘

2229 839 2416 892 ἄλλοτε
2463 840 2718 911 δευτέραν
2772 841 2804 910 ἦ
2845 839 2986 892 κατὰ
3049 840 3205 892 Τῖτον
3252 840 3344 892 καὶ
3403 836 3775 892 Οὐεσπασιανὸν

2241 933 2524 1003 Ῥωμαίων
2582 934 3016 1004 αὐτοκράτορας,
3061 932 3162 1000 τὴν
3199 931 3284 984 διὰ
3332 933 3503 1000 πυρὸς
3548 931 3774 1002 ὑπέμεινε

2230 1021 2454 1094 φθορὰν,
2473 1023 2556 1091 ἐφ’
2638 1023 2801 1075 πάλιν
2829 1021 2914 1075 διὰ
2937 1021 3257 1090 αἰνίγματος
3285 1022 3410 1084 τοὺς
3432 1021 3596 1072 πάλαι
3618 1022 3778 1090 ἄρχον-

2225 1130 2324 1175 τας
2349 1113 2442 1165 τοῦ
2477 1113 2661 1176 ἔθνους
2691 1115 2784 1165 ἐπὶ
2809 1113 3038 1183 θρήνους
3065 1113 3158 1166 καὶ
3183 1101 3522 1182 ὀλοφυρμοὺς
3545 1113 3778 1166 ἀνακαλεῖ

2228 1207 2451 1272 φάσκων
2487 1207 2516 1257 6
2537 1205 2724 1274 λόγος’
2763 1225 2780 1256 ι
2818 1205 3152 1272 Ὀλολυξὰτω
3179 1206 3361 1268 πίτυς,
3384 1205 3516 1257 διότι
3547 1206 3778 1259 πέπτωκε

2227 1297 2416 1370 κέδρος
2439 1337 2454 1360 ,
2515 1299 2596 1350 ὅτι
2651 1297 2900 1368 μεγάλως
2958 1300 3280 1368 μεγιστᾶνες
3333 1297 3776 1369 ἐταλαιπώρησαν.

2239 1389 2574 1456 ’(ὶλολύξατε,
2608 1390 2766 1459 δρύες
2789 1391 2888 1461 τῆς
2920 1390 3284 1454 Βασανίτιδος,
3326 1390 3408 1442 ὅτι
3447 1391 3778 1462 κατεσπάσθη

2227 1483 2256 1534 6
2276 1482 2478 1553 δρυμὸς
2506 1483 2534 1534 6
2575 1483 2853 1552 σύμφυτος
2873 1498 2884 1510 ·
2911 1480 3062 1551 φωνὴ
3104 1481 3448 1553 θρηνούντων
3497 1481 3778 1552 ποιμένων,

2226 1573 2306 1626 ὅτι
2355 1571 2832 1644 τεταλαιπώρηκεν
2884 1574 2916 1644 ἡ
2967 1569 3320 1641 μεγαλωσύνη
3369 1571 3567 1624 αὐτῶν.
3608 1590 3626 1621 ι
3665 1572 3778 1624 Τότε

2225 1664 2355 1733 γοῦν
2384 1666 2476 1717 καὶ
2509 1665 2732 1733 γέγονεν
2756 1666 2788 1735 ἡ
2822 1663 3178 1736 Ἰερουσαλὴμ
3197 1664 3272 1726 ὼς
3307 1663 3556 1734 πρόθυρα
3585 1661 3782 1714 σαλευό-

2229 1777 2363 1830 μενα
2398 1761 2532 1811 πᾶσι
2565 1761 2674 1820 τοῖς
2705 1757 2852 1821 λαοῖς
2877 1757 3082 1828 κύκλῳ,
3119 1757 3212 1809 καὶ
3243 1757 3299 1808 ὲν
3327 1758 3394 1826 τῇ
3448 1754 3672 1824 Ἰουδαία
3703 1753 3782 1822 γέ-

2225 1869 2348 1920 γονε
2397 1852 2644 1924 περιοχὴ,
2680 1852 2708 1904 ὃ
2751 1867 2810 1903 τε
2855 1849 3240 1921 νενομισμένος
3279 1849 3461 1910 αὐτοῖς
3509 1846 3658 1914 ᾶγιος
3699 1847 3778 1898 καὶ

2222 1943 2364 2015 ἱερὸς
2389 1942 2572 2008 τόπος,
2593 1941 2760 1994 εἰσέτι
2789 1941 2884 1994 καὶ
2907 1941 3146 2011 σήμερον
3180 1939 3325 2001 λίθος
3349 1937 3604 2008 τυγχάνει
3627 1954 3778 1990 κατα-

2223 2035 2560 2107 πατούμενος
2589 2037 2720 2088 πᾶσι
2749 2037 2860 2096 τοῖς
2892 2032 3090 2096 ἔθνεσι,
3131 2032 3225 2084 καὶ
3254 2033 3360 2094 πᾶς
3405 2033 3434 2084 6
3473 2029 3780 2084 καταπατῶν

2221 2129 2389 2199 αὐτὴν
2420 2127 2702 2198 ὲμπαίζων
2749 2125 3075 2196 ὲμπαίξεται
3095 2163 3110 2188 ,
3156 2123 3465 2186 ἀκολούθως
3491 2125 3556 2192 τῇ
3589 2137 3778 2191 προφη-

2215 2203 2360 2292 τείᾳ.
2405 2219 2566 2272 Ἀλλὰ,
2609 2219 2706 2272 καὶ
2737 2219 2854 2272 ἀνθ’
2897 2211 2970 2270 ὧν
3019 2218 3444 2288 κατωρχήσαντο
3484 2213 3578 2268 τοῦ
3625 2213 3780 2266 ταῦτα

2222 2313 2576 2376 θεσπίσαντος
2611 2313 2842 2382 Κυρίου,
2871 2310 2930 2364 ού
2961 2309 3296 2363 διαλέλοιπεν
3335 2308 3533 2369 αὐτοὺς
3571 2305 3778 2367 κοπετὸς

2221 2407 2316 2458 καί
2342 2405 2575 2476 ὀδυρμὸς
2607 2405 2700 2457 καὶ
2732 2403 2948 2474 θρῆνος.
2995 2403 3070 2454 Οὐ
3121 2399 3339 2454 πώποτε
3379 2398 3507 2468 γοῦν
3547 2397 3775 2466 ἄλλοτεῆ

2225 2496 2360 2567 μετὰ
2391 2497 2489 2568 τὴν
2513 2495 2608 2548 τοῦ
2643 2495 2894 2566 Σωτῆρος
2920 2493 3075 2564 ἡμῶν
3097 2492 3422 2564 παρουσίαν,
3457 2492 3548 2544 καὶ
3587 2491 3662 2552 είς
3697 2489 3774 2542 τὸν

2221 2588 2338 2640 καθ’
2385 2589 2532 2658 ἡμᾶς
2577 2587 2806 2657 χρόνον,
2855 2587 3026 2639 πᾶσαι
3067 2586 3124 2638 αἱ
3171 2583 3331 2654 φυλαὶ
3371 2581 3466 2636 τοῦ
3530 2581 3776 2634 Ἰουδαίων

2219 2679 2404 2742 ἔθνους
2435 2679 2646 2750 θρήνων
2681 2679 2772 2730 καὶ
2809 2676 3053 2731 κοπετῶν
3085 2675 3212 2742 ἄξια
3243 2674 3545 2728 πεπόνθασι
3582 2672 3666 2726 διὰ
3692 2671 3774 2742 τὴν

2219 2771 2631 2825 καταλαϐοῦσαν
2665 2771 2862 2833 αὐτοὺς
2893 2770 2958 2822 ὲκ
2984 2767 3118 2820 Θεοῦ
3149 2767 3382 2838 πληγὴν,
3415 2767 3503 2835 ὑφ’
3533 2761 3602 2838 ἦς
3637 2765 3772 2834 καὶή

2223 2863 2548 2935 μητρόπολις
2578 2861 2753 2915 αὐτῶν
2779 2859 3093 2929 ἀλλοφύλοις
3121 2859 3326 2912 ἔθνεσιν
3342 2857 3582 2927 ἐξεδόθη,
3608 2857 3698 2909 καὶ
3723 2854 3773 2906 τὸ

2223 2953 2364 3024 ἱερὸν
2399 2951 2738 3022 κατεσκάφη,
2773 2949 2924 3002 αὐτοί
2950 2965 3010 3002 τε
3040 2951 3138 3017 τῆς
3189 2945 3322 3008 ἰδίας
3367 2947 3550 3017 χώρας
3589 2943 3774 3012 ἀπελή-

2218 3043 2396 3104 λαντο,
2421 3045 2478 3096 ὲν
2507 3045 2574 3113 τῇ
2615 3040 2850 3110 πολεμίᾳ
2877 3037 3090 3109 ἐχθροῖς
3115 3035 3455 3099 δουλεύοντες
3477 3053 3492 3064 ·
3525 3029 3600 3088 ὧν
3629 3035 3774 3087 ἕνεκα

2218 3138 2326 3199 πᾶς
2355 3137 2384 3187 ὁ
2407 3129 2554 3197 οἶκος
2577 3132 2774 3194 αὐτῶν,
2807 3133 2898 3184 καὶ
2936 3133 3084 3183 πᾶσα
3103 3128 3248 3200 ψυχὴ
3283 3127 3462 3181 αὐτῶν
3491 3128 3654 3179 εἰσέτι
3693 3125 3775 3178 καὶ

2219 3230 2456 3299 σήμερον
2495 3226 2710 3298 θρήνοις
2748 3224 3134 3293 ὑποϐέϐληται.
3178 3222 3269 3274 Διό
3307 3237 3469 3290 φησιν
3515 3221 3548 3290 ὴ
3579 3235 3772 3290 προφη-

2213 3321 2366 3373 τεία·
2409 3338 2426 3370 ι
2471 3319 2581 3372 Καὶ
2609 3318 2832 3388 κόψεται
2863 3315 3004 3388 φυλὴ
3039 3313 3180 3368 κατὰ
3221 3314 3414 3384 φυλὴν,
3458 3311 3600 3384 φυλὴ
3639 3312 3774 3364 οἴκου

2213 3413 2374 3467 Δαϐὶδ
2395 3411 2517 3466 καθ’
2541 3412 2760 3481 ἑαυτὴν,
2783 3411 2878 3462 καλ¹
2903 3412 3162 3477 γυναῖκες
3183 3407 3360 3460 αὐτῶν
3389 3406 3512 3458 καθ’
3531 3405 3766 3466 ὲαυτὰςσι

2213 3505 2306 3556 καὶ
2357 3501 2426 3555 τὰ
2481 3501 2693 3563 τούτοις
2733 3501 2996 3569 ἑπόμενα.
3033 3499 3192 3552 Ποῖαι
3237 3497 3296 3550 δὲ
3341 3498 3480 3568 μετὰ
3529 3497 3652 3560 τοὺς
3689 3493 3771 3546 τοῦ

2213 3589 2480 3660 Ζαχαρίου
2523 3587 2746 3658 χρόνους
2781 3587 3067 3656 γεγόνασιν
3107 3585 3330 3658 ἡμέραι,
3383 3585 3442 3638 ἐν
3477 3579 3565 3648 αἷς
3607 3584 3772 3654 διεμε-

2214 3679 2368 3750 ρίσθη
2409 3679 2478 3730 τὰ
2525 3677 2694 3732 σκῦλα
2741 3681 2839 3748 τῆς
2895 3677 3266 3748 Ἰερουσαλὴμ,
3302 3675 3398 3726 καὶ
3453 3673 3768 3742 ὲπισυνήχθπ

2211 3771 2388 3824 πάντα
2432 3768 2502 3821 τὰ
2543 3769 2668 3840 ἔθνη
2703 3769 2788 3821 ἐπ’
2829 3769 2996 3840 αὐτὴν
3037 3769 3117 3831 είς
3171 3767 3434 3837 πόλεμον,
3484 3766 3598 3836 ἥλω
3641 3781 3696 3818 τε
3739 3767 3770 3830 ἡ

2209 3861 2385 3926 πόλις,
2427 3863 2522 3915 καὶ
2561 3861 2943 3933 διηρπάγησαν
2973 3862 3030 3914 αἱ
3063 3861 3264 3923 οἰκίαι,
3301 3860 3394 3912 καὶ
3433 3861 3492 3912 αι
3533 3859 3770 3926 γυναῖκες

2209 3954 2600 4026 ἐμολύνθησαν,
2645 3951 2972 4023 ἀπήχθησάν
2997 3969 3058 4004 τε
3101 3953 3182 4015 εἰς
3213 3950 3586 4021 αἰχμαλωσίαν
3606 3989 3622 4012 ,
3647 3947 3766 4019 όμρῦ

2207 4065 2266 4100 τε
2283 4048 2376 4100 καὶ
2402 4047 2544 4099 κατὰ
2573 4046 2634 4098 τὸ
2660 4045 2792 4100 αὐτὸ
2818 4049 2846 4098 6
2878 4045 3100 4118 Κύριος,
3132 4044 3432 4114 συμμαχῶν
3471 4046 3584 4105 τοῖς
3605 4041 3766 4093 Εθνεσι

2206 4141 2318 4200 τοῖς
2377 4138 2474 4209 τὴν
2537 4135 2888 4208 Ἰερουσαλὴμ
2951 4135 3282 4208 πολεμοῦσι,
3336 4135 3672 4208 παρετάξατο
3713 4133 3762 4183 ἐν

2207 4229 2422 4292 αὐτοῖς
2457 4229 2488 4298 ἢ
2525 4227 2654 4281 πότε
2685 4227 2918 4300 ἔστησαν
2951 4227 3001 4278 οἱ
3041 4227 3197 4290 πόδες
3239 4227 3404 4280 αὑτοῦ
3441 4229 3534 4280 ἐπὶ
3565 4227 3624 4279 τὸ
3653 4227 3762 4296 δρῦς

2205 4321 2310 4373 τῶν
2349 4320 2574 4373 Ἐλαιῶν
2599 4337 2612 4384 ;
2647 4320 2679 4391 ἢ
2708 4319 2838 4372 πότε
2865 4319 3058 4388 γέγονε
3089 4321 3296 4391 Κύριος
3327 4321 3408 4382 εἰς
3443 4318 3658 4390 βασιλέα
3681 4313 3763 4368 ἐπὶ

2205 4414 2383 4465 πᾶσαν
2437 4413 2536 4483 τὴν
2569 4412 2692 4482 γῆν,
2740 4411 2903 4474 αὐτός
2943 4428 3004 4464 τε
3057 4408 3137 4474 εἷς
3188 4413 3390 4482 Κύριος
3432 4411 3526 4466 ἐπὶ
3571 4410 3764 4467 πάντας

2205 4502 2542 4575 ἀνθρώπους,
2575 4505 2670 4558 καὶ
2711 4503 2772 4556 τὲ.
2817 4503 2992 4573 ὄνομα
3043 4503 3208 4556 αὑτοῦ
3265 4489 3564 4572 ἐγκυκλοῦν
3599 4503 3762 4554 πᾶσαν

2205 4595 2302 4666 τὴν
2334 4598 2436 4665 γῆν
2470 4596 2562 4648 καὶ
2588 4595 2688 4665 τὴν
2727 4593 2968 4666 ἐρημον;
2994 4593 3164 4648 ταῦτα
3187 4594 3297 4666 γὰρ
3321 4595 3428 4647 οὐδ’
3465 4593 3648 4646 ἄλλοτέ
3687 4608 3762 4641 πω

2203 4687 2466 4758 πρότερον
2490 4686 2603 4757 ἔχοι
2625 4685 2690 4739 ἄν
2709 4703 2793 4748 τις
2813 4687 2894 4748 είς
2919 4685 3090 4758 πέρας
3111 4684 3277 4750 δεῖξαι
3299 4684 3550 4754 ἀχθέντα,
3577 4684 3610 4754 ἦ
3635 4677 3764 4734 κατὰ

2198 4779 2322 4841 τοὺς
2369 4778 2653 4848 Ῥωμαίων
2695 4777 2942 4848 χρόνους,
2985 4775 3106 4830 καθ’
3157 4775 3250 4838 οὓς
3299 4773 3628 4845 ἐμπρησμὸν
3675 4770 3766 4821 ύπ-

2197 4871 2380 4942 έμεινε
2412 4870 2686 4942 δεύτερον,
2717 4868 2856 4940 μετὰ
2885 4869 2978 4922 τὸν
3020 4869 3125 4922 ὑπὸ
3155 4865 3510 4920 Βαϐυλωνίων
3533 4904 3547 4928 ,
3577 4865 3605 4914 6
3640 4861 3764 4920 νεὼς

2197 4961 2446 5032 αὑτῶν,ἥ
2480 4979 2540 5014 τε
2569 4961 2722 5025 πόλις
2751 4961 2812 5025 ἐξ
2834 4961 3043 5014 ἐκείνου
3068 4961 3161 5013 καὶ
3184 4961 3264 5022 εἰς
3287 4957 3447 5029 δεῦρο
3487 4955 3592 5008 ὑπὸ
3621 4953 3766 5006 ἀλλο-

2195 5054 2376 5123 φύλων
2413 5054 2580 5110 εθνῶν
2631 5055 3060 5108 κατοικισθεῖσαι
3107 5051 3414 5104 δείκνυται·
3464 5051 3550 5103 ὅτε
3604 5045 3692 5100 καὶ
3735 5040 3763 5091 ὁ

2199 5145 2585 5215 Κύριοςίὴμῶν
2623 5144 2827 5215 Ἰησοῦς
2853 5147 2882 5197 6
2908 5141 3142 5214 Χριστὸς
3165 5140 3258 5193 τοῦ
3282 5140 3416 5194 Θεοῦ
3442 5135 3538 5202 τὰς
3567 5135 3762 5192 οἰκείας

2197 5238 2428 5290 ἐποιεῖτο
2473 5235 2750 5308 διατριϐὰς
2799 5235 2891 5288 ἐπὶ
2933 5234 3026 5288 τοῦ
3071 5233 3328 5296 ὲλαιῶνος
3371 5230 3465 5284 τοῦ
3517 5230 3762 5294 ἄντικρυς

2196 5325 2296 5395 τῆς
2332 5327 2684 5398 Ἰερουσαλὴμ
2711 5327 2892 5398 ὄρους,
2931 5323 3306 5396 πληρουμένου
3349 5321 3442 5374 τοῦ
3475 5321 3762 5390 φάσκοντος

2195 5417 2354 5486 λόγου
2377 5435 2390 5447 ·
2425 5438 2442 5466 ι
2464 5419 2572 5470 Καὶ
2603 5419 2891 5483 στήσονται
2923 5419 2972 5470 οἱ
3010 5417 3166 5478 πόδες
3203 5413 3366 5467 αὐτοῦ
3409 5415 3501 5466 ἐπὶ
3538 5411 3600 5462 τὸ
3641 5407 3760 5475 ὅρος

2195 5507 2304 5562 τῶν
2343 5507 2570 5559 Ἐλαιῶν
2591 5507 2652 5558 τὸ
2673 5505 2958 5559 κατέναντι
2993 5503 3346 5574 Ἰερουσαλήμ
3366 5518 3378 5530 ·
3421 5520 3438 5552 ι
3485 5497 3623 5551 τοῦτ’
3649 5493 3756 5543 ἔστι

2197 5597 2289 5651 τοῦ
2319 5597 2600 5660 θεοσεϐοῦς
2623 5596 3016 5668 πολιτεύματος
3035 5596 3154 5649 καθ’
3190 5595 3316 5664 ὅλης
3344 5594 3442 5664 τῆς
3469 5585 3754 5668 ἀνθρώπων

2195 5689 2516 5760 οἰκουμένης
2541 5688 3069 5760 ἀνοικοδομηθέντος,
3101 5686 3276 5740 πάντα
3321 5683 3390 5736 τὰ
3437 5681 3580 5750 ἔθνη,
3619 5667 3753 5728 κατᾶ
