3928 6510
198 436 230 489 5
243 435 291 489 15
1102 431 1753 491 DERIONSTRATIONIS

1867 432 2251 490 'ANGELICE
2290 431 2420 490 LIB.
2462 431 2598 488 VIII.

3340 435 3449 493 616

195 556 285 623 τὴν
335 552 699 624 προφητείαν,
729 552 829 624 τὴν
877 551 1070 624 ἑορτὴν
1120 554 1217 625 τῆς
1271 554 1650 624 Σκηνοπηγίας
1700 554 1759 607 ὲν

1867 554 2127 611 Dominus
2183 562 2374 610 noster
2443 552 2607 610 Jesus
2667 552 2922 610 Christus
2970 552 3067 610 Dei
3125 556 3335 610 versari
3386 557 3453 612 in!

196 644 342 698 παντὶ
372 643 522 714 τόπῳ
567 644 646 715 τῷ
702 644 821 716 Θεῷ
861 644 971 697 τῶν
1027 645 1320 716 προφητῶν
1362 645 1755 718 πανηγυρίζειν

191 735 461 805 Αἰγύπτιοί
492 755 573 801 τε,
605 739 662 805 ἐξ
688 738 898 790 ἐκείνου
927 737 1018 791 τὸν
1047 736 1155 790 τῶν
1186 737 1320 791 ὅλων
1349 737 1485 792 Θεὸν
1506 739 1757 806 ἐπιγνῦν-

190 845 306 892 τες,
349 827 446 890 τὰς
480 828 688 898 σκηνὰς
741 824 929 882 αὐτῶν
977 830 1062 897 ἐφ’
1112 828 1350 896 ἑκάστης
1402 828 1609 894 πόλεως
1664 832 1758 885 καὶ

187 920 361 991 χώρας
387 919 783 989 κατεπήξαντο.
812 915 940 971 Εἶεν
972 918 1018 971 δ’
1056 919 1120 972 ἂν
1146 914 1305 973 αὗται
1330 921 1385 974 αἰ
1419 919 1560 974 κατὰ
1594 922 1759 975 τόπον

201 1010 500 1082 Ἐκκλησίαι
529 1010 625 1063 τοῦ
653 1010 911 1082 Χριστοῦ.
939 1011 1155 1075 Ταύτας
1184 1010 1293 1082 γὰρ
1321 1012 1455 1065 πολὺ
1479 1012 1761 1082 κρείττους

187 1102 291 1155 τῶν
335 1100 483 1173 παρὰ
541 1103 768 1155 Μωῦσεί
815 1101 1031 1171 σκηνῶν
1082 1104 1115 1173 ἡ
1162 1102 1255 1155 τοῦ
1307 1103 1558 1173 Σωτῆρος
1603 1104 1760 1174 ἡμῶν

200 1190 363 1262 Ἰησοῦ
404 1191 644 1263 Χριστοῦ
685 1191 911 1262 δύναμις
948 1191 1071 1244 καθ’
1111 1191 1239 1263 ὅλης
1282 1194 1619 1265 συνεπήξατο
1658 1194 1760 1263 τῆς

188 1284 477 1356 ἀνθρώπιον
522 1285 874 1355 οἰκουμένης,
918 1284 998 1346 είς
1025 1282 1086 1335 τὸ
1118 1284 1226 1337 πᾶν
1270 1286 1425 1352 γένος
1457 1284 1758 1357 ἀνθρώπων

188 1376 278 1429 καὶ
322 1376 497 1429 πάντα
538 1375 609 1428 τα
665 1374 792 1445 ἔθνη
814 1416 827 1439 ,
867 1377 1250 1447 Σκηνοπηγίας
1303 1377 1493 1448 ἑορτὴν
1536 1376 1614 1448 τῷ
1666 1377 1759 1429 ἐπὶ

187 1470 392 1523 πάντων
412 1467 533 1538 Θεῷ
565 1466 853 1522 ἐπιτελεῖν.
875 1470 1003 1522 ’Ότε
1023 1469 1200 1521 τοίνυν
1229 1469 1323 1522 καί
1345 1468 1516 1522 ταῦτα
1536 1469 1604 1522 τὰ
1624 1471 1759 1542 πρό-

188 1563 344 1617 παλαι
368 1565 479 1624 τοῖς
513 1561 689 1615 ἔθνεσι
714 1562 1235 1633 προαναφωνηθέντα
1259 1561 1379 1616 καθ’
1398 1564 1544 1633 ἡμᾶς
1564 1563 1760 1627 αὐτοὺς

183 1653 390 1724 ὁρῶμεν
427 1652 530 1724 τὴν
556 1652 780 1704 ἔκϐασιν
818 1652 1176 1727 ἀπειληφότα,
1220 1654 1290 1707 τά
1333 1670 1393 1705 τε
1434 1652 1526 1705 τοῦ
1562 1654 1758 1725 Θρήνου

185 1746 276 1797 καὶ
320 1742 412 1797 τοῦ
449 1744 684 1798 κοπετοῦ
723 1748 844 1809 ταῖς
885 1745 1077 1816 φυλαῖς
1114 1744 1209 1799 τοῦ
1258 1746 1529 1799 Ἰουδαίων
1576 1745 1760 1809 ἔθνους

182 1837 693 1907 προκεκηρυγμένα,
722 1838 789 1891 τά
814 1855 872 1890 τε
902 1838 1004 1908 τῆς
1034 1838 1428 1910 πυρπολήσεως
1452 1837 1545 1891 τοῦ
1584 1838 1754 1907 ἱεροῦ,

186 1930 273 1983 καὶ
301 1930 398 1999 τῆς
430 1929 667 2001 ἐσχάτης
709 1929 890 1983 αὐτῶν
916 1930 1152 2002 ἐρημίας
1177 1970 1192 1993 ,
1227 1929 1430 2001 ὁμοίως
1464 1931 1556 1983 καὶ
1587 1929 1759 1984 ταῦτα

184 2024 293 2084 ταῖς
318 2024 690 2095 προρρήσεσιν
708 2023 880 2075 εἰσέτι
918 2023 1014 2075 καὶ
1035 2023 1272 2093 σήμερον
1295 2021 1593 2092 ὀφθαλμοῖς
1627 2021 1761 2075 θεω-

185 2116 349 2189 ρεῖται
369 2130 383 2143 ·
420 2114 475 2167 τί
495 2114 739 2167 λείπεται
774 2114 867 2166 ἐπὶ
887 2113 1097 2176 τούτοις
1123 2114 1155 2185 ἢ
1185 2116 1275 2167 καὶ
1300 2115 1391 2168 τὸν
1424 2116 1761 2185 προφητευό-

186 2222 337 2275 μενον
357 2206 597 2258 Βασιλέα
628 2206 719 2259 τὸν
751 2205 982 2276 Χριστὸν
1008 2202 1100 2256 τοῦ
1133 2204 1268 2258 Θεοῦ
1293 2205 1606 2275 ἐληλυθέναι
1629 2208 1760 2276 ὁμο-

183 2297 353 2367 λογεῖν
376 2340 391 2364 ,
446 2298 559 2352 τῶν
615 2299 756 2353 κατὰ
806 2300 906 2371 τὴν
956 2299 1259 2370 παρουσίαν
1308 2297 1471 2350 αὐτοῦ
1524 2298 1761 2368 σημείων

184 2388 262 2457 ἐφ’
322 2388 541 2459 ἑκάστῳ
589 2388 696 2442 τῶν
760 2388 1063 2460 εἰρημένων
1116 2388 1321 2461 ἐναργῆ
1382 2389 1481 2461 τὴν
1540 2388 1761 2442 ἑκϐασιν

145 2502 151 2507 -
185 2477 458 2549 εἰληφέναι
494 2478 994 2550 ἁποδεδειγμένων;

1861 647 2060 703 oliveto
2084 649 2390 713 consuevit,
2417 645 2564 716 quod
2591 653 2678 702 est
2733 646 2788 700 in
2841 655 3026 701 monte
3055 655 3248 701 contra
3280 646 3444 704 Jeru-

1862 739 2055 799 salem,
2084 740 2525 809 completumque
2555 744 2640 792 est
2674 738 2959 793 oraculum
2990 738 3142 808 quod
3171 738 3284 793 ait:
3320 757 3339 790 ι
3379 737 3451 792 Ea

1860 830 2081 885 stabunt
2101 829 2264 901 pedes
2297 830 2417 900 ejus
2446 831 2503 884 in
2534 839 2718 882 monte
2745 826 3048 894 Olivarum,
3082 831 3175 899 qui
3205 837 3289 885 est
3311 846 3444 885 con»

1858 927 1943 973 tra
1978 918 2308 985 Jerusalem,
2346 939 2366 971 ι
2401 919 2507 975 hoc
2544 928 2632 975 est
2685 922 2946 991 religioso
2980 921 3181 990 pioque
3224 923 3447 977 vivendi

1861 1012 2112 1066 instituto
2157 1028 2254 1082 per
2303 1012 2492 1066 orbem
2549 1020 2821 1067 terrarum
2880 1013 3104 1067 condito
3144 1022 3199 1068 et
3235 1022 3447 1080 erecto,

1860 1118 2052 1159 omnes
2096 1104 2397 1160 secundum
2430 1106 2795 1175 prophetiam,
2826 1105 2971 1161 diem
3006 1106 3202 1161 festum
3236 1106 3439 1163 Taber-

1862 1198 2190 1251 na'culorum
2270 1197 2631 1251 celebrabunt
2709 1196 2819 1252 Deo
2893 1199 3319 1268 prophetarum,
3389 1207 3444 1254 et

1861 1289 2104 1360 {Egyptii
2125 1306 2193 1346 ex
2224 1291 2319 1345 illo
2343 1289 2510 1344 Deum
2541 1290 2783 1345 universi
2805 1299 3167 1360 agnoscentes
3199 1290 3450 1344 taberna-

1861 1382 1981 1435 cula
2006 1396 2105 1434 sua
2134 1382 2188 1434 in
2215 1381 2446 1452 singulis
2480 1381 2798 1434 civitatibus
2823 1392 2877 1435 et
2907 1381 3225 1451 regionibus
3249 1382 3441 1449 tigerit.

1862 1470 1955 1526 Hae
1986 1482 2151 1542 porro
2185 1473 2298 1528 sint
2319 1473 2527 1527 Christi
2559 1473 2613 1525 in
2650 1473 2802 1526 omni
2838 1473 2960 1527 loco
2991 1474 3227 1528 conditae
3253 1474 3448 1529 Eccle-

1861 1565 1975 1618 siae.
2012 1562 2123 1619 Has
2151 1565 2295 1618 enim
2322 1564 2493 1617 multo
2528 1564 2935 1633 praestantiores
2981 1564 3236 1621 Mosaicis
3260 1566 3445 1621 taber-

1861 1656 2074 1710 naculis
2109 1656 2409 1711 Salvatoris
2435 1658 2609 1710 nostri
2652 1654 2783 1711 Jesu
2828 1656 3032 1711 Christi
3090 1658 3350 1727 potentia,
3382 1655 3445 1712 ia

1860 1748 2006 1801 omni
2045 1747 2114 1801 ab
2147 1747 2460 1803 hominibus
2497 1749 2741 1804 habitato
2771 1750 2903 1804 orbe
2946 1766 3043 1819 per
3069 1765 3230 1804 omne
3266 1750 3447 1804 homi—

1862 1854 1991 1894 num
2025 1854 2218 1910 genus,
2251 1854 2346 1909 per
2375 1854 2566 1895 omnes
2596 1850 2785 1910 gentes
2818 1841 2954 1903 ﬁxit,
3000 1849 3059 1895 ut
3106 1840 3215 1895 Deo
3255 1841 3445 1895 omnia

1793 1907 1832 1961 Β
1861 1931 1965 1986 sub
1988 1907 2048 1986 se
2078 1907 2298 1986 habenti
2348 1907 2626 1986 celebrent
2650 1932 2792 1985 diem
2845 1931 3043 1986 festum
3094 1931 3442 1988 Tabernacu-

1868 2024 2068 2079 lorum.
2096 2023 2326 2090 Quando
2349 2025 2515 2094 igitur
2534 2026 2646 2079 haec
2673 2026 2916 2095 quaajam
2948 2026 3038 2079 diu
3073 2026 3326 2095 gentibus
3355 2026 3447 2080 dc-

1862 2117 2112 2170 nuntiata
2137 2117 2378 2179 fuerunt,
2402 2117 2608 2172 nostris
2624 2117 2959 2186 temporibus
2973 2117 3220 2171 videmus
3237 2117 3441 2171 exitum

1862 2212 2054 2264 sortita
2087 2225 2234 2272 esse,
2279 2219 2333 2264 et
2374 2225 2495 2280 quae
2541 2212 2608 2265 de
2650 2211 2889 2264 lamento
2927 2218 2981 2264 et
3031 2210 3250 2278 planctu
3292 2215 3448 2264 tanto

1864 2309 1991 2355 ante
2025 2300 2092 2354 ad
2134 2297 2393 2356 Judaicas
2447 2303 2625 2356 tribus
2655 2301 2921 2356 divinitus
2967 2302 3262 2355 inclamata
3290 2309 3446 2366 sunt,

1868 2408 2097 2463 quaeque
2136 2393 2204 2447 de
2249 2394 2558 2448 vastatione
2601 2393 2969 2462 incendioque
3026 2392 3234 2462 templi,
3265 2400 3439 2447 extre-

1869 2481 2319 2550 tuaqueipsorum
2340 2482 2635 2536 solitudine
2658 2481 2937 2551 praedicta,
2958 2497 3020 2536 ea
3036 2482 3153 2551 ipsa
3171 2497 3447 2551 nusquam

186 2572 248 2628 ab
275 2574 518 2628 oraculis
550 2574 916 2644 discrepantia
946 2589 1119 2644 usque
1147 2574 1216 2628 ad
1246 2575 1570 2629 hodiernum
1604 2574 1746 2629 diem
1784 2575 1867 2630 vel
1912 2576 2088 2631 oculis
2144 2566 2462 2645 possumus
2482 2576 2683 2630 intueri
2710 2593 2724 2642 ;
2751 2575 2912 2646 5.13
2940 2574 3068 2644 quid
3093 2575 3329 2644 amplius
3354 2589 3453 2629 eu-

185 2674 383 2737 perest,
408 2667 514 2722 nisi
543 2676 601 2721 ut
622 2666 844 2738 Regem,
877 2668 945 2723 de
969 2684 1078 2738 quo
1108 2669 1386 2738 prophetae
1426 2668 1743 2738 loquuntur,
1785 2685 1913 2723 cum
1980 2669 2075 2738 qui
2125 2669 2384 2724 Christus
2421 2668 2518 2723 Dei
2560 2677 2667 2731 est,
2722 2670 2939 2723 venisse
2990 2665 3447 2722 fateamuricum

183 2763 364 2830 utique
407 2761 558 2814 illius
596 2759 860 2815 adventus
909 2761 1066 2831 signa
1113 2761 1168 2815 in
1211 2761 1463 2832 singulis,
1508 2778 1629 2831 qua:
1674 2761 1740 2816 de
1779 2763 1871 2816 illo
1923 2761 2064 2816 dicta
2095 2769 2244 2827 sunt,
2294 2763 2600 2818 evidentem
2637 2762 2847 2818 exitum
2885 2764 3163 2833 accepisse
3205 2763 3323 2832 jam
3352 2761 3451 2817 de-

186 2857 694 2910 monstraverimus.

194 2965 321 3020 ᾎπὸ
354 2965 467 3019 τοῦ
504 2967 765 3020 Ἡσαΐου.
784 2998 851 3014 —-
873 2967 1092 3035 Σημεῖα
1128 2970 1362 3036 χρόνων
1388 2967 1497 3035 τῆς
1519 2968 1624 3021 τοῦ
1658 2973 1766 3021 Κυ-

235 3038 377 3104 ρίου
403 3037 744 3108 παρουσίας
761 3054 773 3067 ’
795 3038 1131 3107 Αἰγυπτίων
1156 3038 1479 3108 ἐπίγνωσις
1516 3039 1620 3092 τοῦ
1645 3038 1764 3092 τῶν

244 3106 571 3174 προφητῶν
595 3108 839 3175 Κυρίου.

251 3242 267 3272 ι
311 3222 446 3275 Ἰδοὺ
480 3220 683 3293 Κύριος
730 3220 962 3293 κάθηται
998 3222 1089 3275 ἐπὶ
1123 3222 1350 3295 νεφέλης
1380 3225 1622 3296 κούφης,
1663 3225 1758 3277 καὶ

1872 2968 1952 3022 Ab
1988 2967 2163 3022 Isaia.
2207 2998 2276 3006 --
2324 2963 2487 3037 Signa
2547 2975 2836 3035 temporum
2879 2965 3129 3021 adventus
3181 2966 3393 3024 Domini
3424 2987 3448 3026 .°

2012 3038 2386 3110 zEgyjitiorum
2420 3039 2619 3108 agnitio
2653 3038 2866 3091 Domini
2910 3040 3299 3106 prophetarum.

1939 3233 1960 3266 ι
1991 3214 2130 3270 Ecce
2163 3214 2424 3270 Dominus
2456 3215 2605 3269 sedet
2652 3227 2818 3283 super
2846 3213 2992 3267 nube
3025 3214 3150 3277 levi,
3182 3222 3238 3269 et
3266 3216 3449 3271 veniet

182 3311 292 3382 ἣξει
330 3313 413 3375 εἰς
435 3292 710 3380 Αἴγυπτον
730 3354 746 3381 ,
774 3292 868 3365 καί
898 3313 1243 3385 σεισθήσεται
1286 3292 1636 3386 χειροποίητα
1663 3317 1759 3369 Αἰ-

1867 3308 1916 3361 in
1950 3305 2265 3377 Egyptum,
2295 3315 2349 3361 et
2381 3307 2871 3360 commovebuntur
2889 3305 3205 3359 manufacta
3226 3307 3446 3380 IEgypti

185 3405 388 3472 γύπτου
419 3402 528 3456 ἀπὸ
565 3402 858 3475 προσώπου
901 3403 1097 3470 αὐτοῦ,
1135 3407 1229 3459 καὶ
1275 3406 1309 3477 ή
1356 3407 1551 3478 καρδία
1583 3407 1762 3461 αὐτῶν

186 3496 546 3567 ἡττηθήσεται
597 3497 656 3548 ὲν
698 3495 913 3562 αύτοῖς,
959 3495 1053 3550 καί
1094 3497 1553 3569 ὲπεγερθήσονται
1598 3498 1763 3568 Αἰγύ-

184 3602 325 3642 πτιοι
357 3588 446 3641 ἐπ’
474 3589 801 3655 Αἰγυπτίους
820 3627 835 3651 ,
882 3587 975 3640 καὶ
1019 3588 1316 3661 πολεμήσει
1358 3589 1640 3660 ἄνθρωπος
1671 3590 1763 3643 τὸν

185 3674 407 3750 ἀδελφὸν
439 3676 635 3744 αὐτοῦ,
681 3680 776 3732 καὶ
818 3678 1104 3751 ἄνθρωπος
1148 3680 1240 3733 τὸν
1292 3680 1519 3753 πλησίον
1560 3682 1759 3735 αὐτοῦ’

185 3771 647 3845 ὲπγερθήσονται
676 3771 829 3836 πόλις
866 3773 959 3825 ἐπὶ
1001 3772 1185 3836 πόλιν,
1221 3774 1314 3826 καὶ
1352 3775 1515 3844 νόμος
1550 3776 1643 3828 ἐπὶ
1677 3773 1765 3828 νό-

190 3880 299 3934 μον,
327 3865 425 3917 καὶ
448 3862 854 3934 ταραχθήσεται
883 3863 943 3915 τὸ
978 3861 1195 3934 πνεῦμα
1224 3863 1331 3917 τῶν
1369 3864 1681 3934 Αἰγυπτίων
1706 3867 1764 3919 ἐν

187 3956 363 4020 αὺτοῖς
383 3997 399 4021 ,
429 3956 526 4008 καὶ
553 3957 652 4027 τὴν
685 3954 878 4025 βουλὴν
915 3954 1094 4008 αὐτῶν
1134 3954 1494 4017 διασκεδάσω,
1532 3957 1624 4010 καὶ
1663 3960 1765 4010 ἑπ-

185 4050 520 4119 ιρωτήσουσι
548 4049 674 4112 τοὺς
690 4047 845 4113 θεοὺς
869 4047 1047 4102 αὐτῶν
1069 4088 1083 4113 ,
1120 4050 1215 4102 καί
1242 4049 1310 4102 τὰ
1337 4049 1627 4120 ἀγάλματα
1670 4051 1765 4102 αύο

186 4140 316 4205 τῶν,
346 4137 444 4194 καὶ
477 4142 604 4204 τοὺς
643 4141 1134 4214 ἐγγαστριμύθους,
1168 4144 1262 4196 καὶ
1293 4143 1420 4207 τοὺς
1448 4145 1511 4196 ἐκ
1539 4144 1637 4214 τῆς
1662 4142 1766 4215 γῆς

190 4235 497 4302 φωνοῦντας
517 4251 530 4263 ·
573 4253 593 4285 ι
625 4235 719 4288 καὶ
744 4233 872 4305 ἑξῆς
902 4237 1043 4309 μετὰ
1091 4235 1315 4288 πλεῖστα
1336 4236 1401 4288 δι’
1430 4236 1764 4305 αἰνιγμάτων

188 4325 481 4397 εἰρημένα,
514 4324 859 4395 ἐπιλέγεται·
896 4345 914 4378 ι
957 4328 1047 4380 Ἐν
1076 4329 1143 4398 τῇ
1180 4328 1362 4399 ἡμέρᾳ
1398 4327 1582 4402 ἐκείνῃ
1611 4326 1764 4381 ἔσται

188 4417 569 4490 θυσιαστήριον
589 4416 667 4489 τῷ
694 4418 884 4491 Κυρίῳ
905 4420 963 4472 ὲν
986 4416 1138 4490 χώρᾳ
1164 4418 1569 4488 Αἰγύπτου,κα¹ι
1595 4419 1763 4492 στήλη

190 4509 310 4579 πρὸς
342 4509 408 4563 τὸ
437 4510 586 4581 ὃριον
611 4502 781 4581 αὐτῆς
805 4509 883 4581 τῷ
905 4510 1115 4582 Κυρίῳ,
1134 4510 1229 4564 καὶ
1261 4510 1411 4563 ἔσται
1435 4514 1516 4575 εἰς
1540 4516 1763 4583 σημεῖον

188 4602 256 4665 εἰς
284 4603 378 4656 τὸν
406 4600 584 4657 αἰῶνα
617 4604 693 4675 τῷ
717 4604 908 4676 Κυρίῳ
935 4605 993 4657 ὲν
1021 4604 1175 4678 χώρα
1202 4606 1478 4675 Αἰγύπτου
1497 4645 1512 4669 ,
1564 4608 1644 4660 ὅτι
1676 4624 1765 4660 κε-
1797 4643 1816 4698 Ι

190 4695 473 4765 κράξονται
524 4697 658 4769 πρὸς
685 4692 887 4769 Κύριον
915 4696 1003 4752 διὰ
1034 4700 1162 4763 τοὺς
1212 4698 1492 4763 θλίϐοντας
1529 4700 1758 4764 αὐτοὺς,

190 4788 272 4841 καὶ
301 4787 598 4842 ἀποστελεί
644 4790 830 4853 αὐτοῖς
875 4784 1081 4863 Κύριος
1122 4790 1444 4863 ἄνθρωπον,
1487 4786 1546 4855 ὃς
1599 4790 1762 4844 σώσει

189 4881 415 4948 αὐτοὺς,
451 4882 654 4955 κρίνων
705 4881 866 4938 σώσει
913 4877 1141 4950 αὐτοὺς,
1194 4885 1289 4938 καὶ
1327 4883 1567 4953 γνωστὸς
1608 4883 1760 4937 ἔσται

190 4973 382 5048 Κύριος
424 4978 539 5039 τοῖς
562 4977 911 5045 Αἰγυπτίοις,
943 4969 1039 5031 καί
1070 4974 1369 5046 γνώσονται
1397 4977 1446 5030 οἰ
1473 4975 1762 5045 Αἰγύπτιοι

190 5063 380 5138 Κύριον
405 5068 500 5121 τὸν
527 5067 659 5122 Θεὸν
686 5070 745 5122 ὲν
779 5071 846 5140 τῇ
880 5066 1064 5141 ἡμέρα
1096 5068 1296 5142 ἐκείνῃ,
1328 5069 1422 5123 καλ⁵
1448 5070 1762 5140 ποιήσονται

190 5153 368 5224 θυσίας
394 5199 410 5223 ,
439 5160 535 5213 καὶ
566 5159 813 5226 εὔξονται
841 5161 1005 5232 εὐχὰς
1040 5160 1118 5231 τῷ
1156 5161 1346 5233 Κυρίῳ
1365 5202 1380 5226 ,
1416 5162 1511 5213 καὶ
1550 5159 1761 5216 ἀποδώ-

193 5266 352 5306 σουσι.
388 5272 409 5304 ι
442 5253 553 5305 Καὶ
580 5252 754 5306 ταῦτα
789 5248 1149 5324 προλαϐόντες
1183 5255 1246 5307 ὲκ
1274 5252 1474 5325 μέρους
1504 5251 1763 5323 διεσαφή-

194 5356 374 5411 σαμεν,
405 5345 469 5397 Εἰ
510 5345 608 5415 μὲν
639 5340 730 5397 οὖν
769 5343 865 5414 μὴ,
899 5344 1024 5407 τοὺς
1048 5342 1333 5414 πατρῴους
1359 5341 1512 5405 θεοὺς
1537 5341 1762 5397 καταλι-

194 5435 373 5503 πόντες
393 5434 705 5505 Αἰγύπτιοι,
731 5435 852 5489 καθ’
879 5437 1026 5506 ἡμᾶς
1056 5436 1254 5499 αὐτοὺς
1274 5428 1505 5506 ὁρῶνται
1528 5434 1620 5486 τὸν
1651 5433 1760 5486 τῶν

194 5527 478 5600 προφητῶν
518 5527 651 5581 Θεὸν
684 5526 1133 5598 ἐπικαλούμενον
1169 5528 1216 5579 εἰ
1253 5525 1326 5598 μὴ
1357 5523 1477 5579 καθ’
1505 5525 1633 5595 ὅλης
1660 5526 1759 5595 τῆς

200 5617 487 5689 Αἰγύπτου,
521 5620 664 5676 κατὰ
691 5621 867 5676 πάντα
899 5621 1063 5674 τόπον
1114 5621 1208 5675 καὶ
1237 5620 1390 5674 πόλιν
1438 5618 1533 5673 καί
1579 5616 1762 5690 χώραν

199 5712 550 5787 ἁνεγήγερται
579 5714 961 5785 θυσιαστήριον
990 5712 1068 5767 τῶ
1094 5712 1242 5781 παρὰ
1275 5712 1455 5781 μόνοις
1491 5708 1762 5783 Ἑϐραίοις

262 5891 304 5928 ⁸³
346 5893 452 5948 Isa.
491 5907 619 5958 χιιι,
656 5890 772 5946 1ο5.
850 5892 896 5923 ¹⁸
933 5890 1067 5948 ibid.
1107 5893 1292 5950 19-21.

1867 3416 1898 3454 a
1933 3398 2073 3455 facie
2100 3400 2242 3469 ejus,
2276 3406 2330 3453 et
2359 3414 2457 3453 cor
2485 3413 2675 3453 eorum
2703 3399 2957 3452 vincetur
2988 3398 3041 3450 in
3078 3399 3230 3467 ipsis,
3265 3408 3319 3454 et
3353 3415 3451 3456 ex-

1865 3491 2186 3545 citabuntur
2230 3488 2472 3560 Egyptii
2523 3499 2715 3541 contra
2769 3486 3095 3558 Egyptios,
3140 3496 3195 3541 et
3244 3489 3444 3543 bellum

1865 3590 2017 3653 geret
2052 3582 2214 3636 homo
2259 3589 2453 3634 contra
2483 3578 2706 3633 fratrem
2763 3595 2947 3641 suum,
2979 3588 3033 3631 et
3063 3578 3224 3632 homo
3253 3587 3446 3633 contra

1867 3675 2173 3745 proximum
2207 3688 2366 3729 suum
2399 3692 2412 3727 :
2448 3674 2781 3728 excitabitur
2826 3674 3020 3727 civitas
3063 3672 3116 3726 in
3148 3671 3445 3741 civitatem,

1865 3776 1919 3826 et
1951 3768 2035 3822 lex
2060 3770 2114 3820 in
2157 3766 2352 3835 legem,
2386 3773 2440 3820 et
2469 3765 2782 3819 turbabitur
2813 3765 3038 3835 spiritus
3062 3764 3444 3834 Egyptiorunt

1866 3863 1920 3916 in
1955 3861 2113 3930 ipsis,
2144 3866 2197 3912 et
2234 3857 2522 3911 consilium
2554 3872 2744 3912 eorum
2779 3857 3080 3927 dissipabo,
3128 3865 3184 3911 et
3213 3856 3449 3911 interro-

1865 3952 2069 4023 gabunt
2102 3950 2234 4003 deos
2266 3965 2397 4004 suos
2422 3959 2475 4003 et
2509 3949 2805 4004 simulacra
2839 3963 2959 4006 sua,
2987 3958 3040 4003 ct
3065 3948 3362 4021 Pythones,
3394 3957 3449 4003 et

1867 4061 1961 4100 eos
1989 4046 2079 4116 qui
2125 4046 2193 4099 de
2238 4052 2383 4097 terra
2426 4057 2617 4095 vocem
2662 4040 3006 4096 emittunt“.
3041 4062 3059 4094 ›
3094 4040 3159 4094 Ει
3189 4042 3448 4110 deinceps

1868 4146 1991 4209 post
2023 4139 2252 4207 plurima
2305 4150 2425 4205 quae
2455 4134 2684 4205 ﬁgurate
2732 4143 2784 4188 et
2826 4134 3064 4189 obscure
3105 4135 3249 4189 dicta
3294 4143 3445 4199 sunt,

1866 4229 2220 4300 adjungitur:
2258 4244 2279 4277 ι
2311 4226 2366 4279 1η
2398 4226 2486 4281 die
2518 4227 2608 4278 illa
2635 4225 2741 4279 erit
2771 4227 2945 4279 altare
2975 4223 3203 4279 Domino
3226 4226 3280 4278 in
3302 4236 3447 4278 terra

1866 4321 2109 4394 Egypti,
2139 4328 2193 4377 et
2233 4321 2423 4375 titulus
2465 4318 2625 4387 juxta
2675 4318 2974 4371 terminum
3017 4319 3139 4388 ejus
3164 4316 3443 4371 Domino:

1867 4428 1922 4471 et
1967 4417 2070 4471 erit
2116 4415 2173 4468 in
2226 4415 2443 4484 signum
2494 4415 2551 4465 in
2609 4422 2877 4465 aeternum
2930 4410 3160 4463 Domino
3205 4410 3259 4463 in
3300 4418 3448 4463 terra

1866 4509 2109 4581 IEgypti,
2151 4509 2409 4579 quoniam
2454 4506 2774 4561 clamabunt
2804 4505 2871 4559 ad
2908 4503 3196 4558 Dominum
3228 4510 3449 4573 propter

1869 4602 2168 4673 alﬂigentcs
2199 4615 2278 4660 se.
2312 4607 2365 4654 et
2392 4598 2571 4652 mittet
2598 4598 2681 4652 eis
2714 4596 2975 4651 Dominus
3020 4594 3320 4653 hominem,
3352 4593 3447 4663 qui

1870 4693 2103 4748 salvabit
2132 4706 2249 4753 eos,
2285 4689 2543 4759 judicans
2577 4686 2809 4743 salvabit
2835 4700 2952 4750 eos,
2985 4692 3039 4739 et
3062 4683 3316 4753 cognitus
3343 4684 3448 4737 erit

1871 4781 2134 4854 Dominus
2174 4782 2468 4853 Aigyptiis,
2511 4790 2565 4836 et
2614 4787 2946 4850 cognoscent
2982 4776 3225 4848 Egyptii
3272 4773 3451 4829 Demi-

1870 4894 2000 4934 num
2037 4877 2206 4932 Deum
2237 4876 2291 4929 in
2313 4875 2401 4930 die
2431 4874 2545 4936 illa,
2574 4880 2628 4928 et
2660 4872 2862 4926 facient
2891 4868 3180 4933 sacriﬁcia,
3212 4878 3265 4923 et
3286 4882 3449 4922 vovc-

1870 4971 2005 5027 bunt
2034 4978 2157 5024 vota
2190 4968 2440 5033 Domino,
2472 4975 2526 5023 et
2557 4967 2861 5023 reddent“.
2897 4985 2916 5019 ι
2949 4964 3074 5020 Ilaec
3103 4978 3204 5018 nos
3229 4960 3448 5031 quidem

1870 5072 2028 5118 antea
2058 5077 2276 5132 quoque
2304 5060 2614 5123 citavimus,
2647 5067 2701 5113 et
2724 5059 2775 5111 in
2806 5065 2959 5128 parte
2983 5057 3176 5111 saltem
3201 5051 3447 5121 planiora

1868 5155 2207 5212 reddidimus
2239 5174 2251 5210 :
2286 5154 2433 5224 quod
2471 5153 2516 5208 si
2543 5170 2651 5207 non
2683 5152 2878 5224 patriis
2906 5150 3013 5205 diis
3051 5147 3257 5203 relictis
3287 5143 3451 5214 Egy-

1869 5247 2013 5317 ptios
2044 5246 2147 5299 hoc
2165 5245 2284 5314 ipso
2311 5253 2557 5315 tempore
2591 5245 2840 5298 videmus
2863 5241 3251 5311 prophetarum
3280 5235 3454 5289 Deum

1868 5339 2218 5402 invocantes;
2256 5336 2300 5391 si
2349 5352 2444 5406 per
2494 5336 2807 5390 universam
2859 5332 3152 5403 Aﬂgyptum
3201 5329 3259 5382 in
3298 5328 3456 5381 omni

1868 5432 2010 5494 loco,
2046 5441 2100 5483 et
2127 5428 2368 5492 civitate,
2410 5435 2464 5481 et
2491 5426 2732 5498 regione,
2766 5426 2937 5480 altare
2969 5424 3043 5477 illi
3068 5421 3177 5478 Deo
3204 5427 3456 5476 erectum

1870 5536 1980 5576 non
2006 5529 2109 5586 est,
2144 5521 2235 5589 qui
2265 5518 2408 5590 apud
2460 5519 2608 5573 solos
2635 5516 2890 5573 Hebraeos
2926 5515 3180 5570 laudibus
3210 5514 3457 5569 celebra-

1869 5622 1980 5680 tur,
2012 5613 2058 5668 si
2094 5612 2401 5685 manul‘acta
2437 5609 2658 5689 Egypti
2684 5619 2952 5664 commota
2974 5623 3083 5662 non
3106 5612 3256 5671 sunt,
3287 5600 3460 5675 ήιᾱ

1871 5706 2243 5764 ctdmmnnica
2281 5708 2364 5764 vis
2395 5720 2516 5778 quae
2559 5706 2767 5761 circum
2813 5705 2902 5759 ilia
2948 5702 3296 5766 versabatur,
3341 5712 3449 5752 non
