3928 6510
481 429 586 485 647

1117 423 1384 480 EUSEBII
1421 421 1902 480 C/ESARIENSIS
1939 419 2090 474 OPP.
2125 417 2302 472 PARS
2341 418 2473 472 ιι...
2503 417 3004 476 APOLOGETICA.

3609 417 3710 472 6-58

481 547 703 609 defecit,
735 553 998 614 vetusque
1045 543 1422 613 :Egyptiorum
1477 541 1791 610 superstitio
1834 555 1898 594 ex
1929 539 2046 592 ani-

2147 533 2544 604 θεολογουμένῳ
2575 532 2724 604 Θεῷο
2777 535 2826 586 εἰ
2863 533 2936 605 μὴ
2965 532 3234 586 σέσεισται
3262 530 3330 584 τὰ
3367 531 3716 602 χειροποίητα.

485 654 591 692 IIIIS
617 651 806 691 eorum
839 643 1054 690 sublata
1092 648 1198 686 non
1230 642 1358 698 est;
1399 639 1676 702 praeterea,
1709 630 1754 685 si
1796 645 1892 698 per
1934 629 2048 684 sin-

486 729 642 799 gulas
666 731 910 783 civitates
938 732 990 780 et
1021 740 1114 794 per
1141 725 1385 794 singulas
1421 723 1634 784 domos,
1669 721 1865 776 bellum
1911 720 2048 774 inte-

483 821 687 874 stinum
735 818 874 886 apud
925 816 1210 887 Egyptios
1255 831 1364 869 non
1417 821 1732 884 grassatur,
1777 812 1906 866 dum
1956 811 2044 865 alii

485 912 701 982 quidem
733 908 1018 962 Dominum
1047 913 1100 962 et
1123 906 1328 960 cultum
1365 903 1458 959 Dei
1485 904 1868 972 prophetarum
1901 901 2048 956 acci-

485 1004 661 1073 piunt,
693 1013 1044 1068 erroremque
1071 1013 1180 1067 quo
1209 997 1278 1051 ab
1305 997 1474 1051 initio
1507 994 1642 1051 deos
1673 996 1872 1049 mullos
1897 994 2046 1049 cole-

484 1095 634 1155 bant,
671 1099 1013 1156 aversantur,
1047 1091 1136 1144 alii
1189 1105 1316 1144 vero
1349 1097 1634 1158 propterea
1665 1088 1810 1157 quod
1852 1089 2046 1158 patriis

484 1186 660 1238 adhuc
690 1183 846 1236 malis
875 1181 1056 1238 affecti
1087 1183 1151 1236 iis
1181 1182 1480 1244 adhaerent,
1505 1197 1600 1236 eos
1639 1181 1730 1250 qui
1759 1179 2046 1236 Dominum

483 1276 810 1346 acceperint,
843 1283 1184 1345 oppugnant,
1219 1274 1266 1328 si
1317 1288 1424 1348 non
1469 1272 1630 1328 hodie
1660 1285 1873 1342 quoque
1917 1271 2045 1326 dum

482 1383 610 1424 suos
643 1368 774 1422 deos
813 1381 1020 1436 suaque
1079 1366 1394 1428 simulacra,
1433 1381 1640 1435 eosque
1677 1365 1768 1434 qui
1805 1365 1872 1419 de
1899 1373 2044 1419 terra

480 1476 644 1516 voces
681 1460 954 1522 emittunt,
985 1465 1039 1513 et
1093 1458 1368 1529 Pythoues
1406 1473 1602 1528 rogare
1633 1463 1922 1520 conantur,
1955 1455 2044 1510 in-

483 1548 684 1604 fectum
718 1555 878 1616 atque
909 1547 1070 1601 inane
1116 1547 1182 1598 ad
1226 1554 1422 1600 cuncta
1471 1545 1586 1598 haec
1619 1543 1922 1614 perfugium
1951 1558 2047 1598 ex-

485 1640 791 1709 periuntur,
839 1645 1124 1708 propterea
1171 1638 1316 1707 quod
1357 1651 1466 1691 non
1511 1635 1744 1704 amplius
1777 1641 1836 1688 ut
1887 1639 2046 1686 antea

484 1729 669 1782 itidem
693 1727 800 1781 vim
824 1741 977 1781 suam
1009 1740 1262 1780 exercere
1289 1724 1562 1778 daemones
1583 1727 1831 1791 possunt;
1860 1720 1906 1774 si
1935 1734 2045 1772 non

485 1817 736 1872 universa
769 1817 880 1870 haec
919 1817 1096 1884 reipsa
1144 1816 1301 1870 linem
1353 1830 1512 1869 suum
1567 1813 1840 1867 invenisse
1861 1819 2046 1868 osten-

483 1909 733 1962 duntur:
767 1924 899 1964 sane
949 1907 1190 1962 nondum
1237 1907 1526 1976 quisquam
1575 1905 1706 1959 mihi
1755 1905 2048 1960 arbitretur

485 2000 858 2070 propheticum
911 2015 1033 2055 esse
1095 1999 1427 2068 completum
1485 1997 1801 2060 oraculum,
1872 2011 2047 2066 neque

487 2091 770 2146 Dominum
819 2092 968 2144 illum
1016 2091 1224 2160 ipsum,
1273 2104 1432 2158 quem
1483 2089 1760 2158 prophetae
1809 2096 2044 2152 canunt,

484 2182 626 2251 apud
657 2181 908 2236 homines
937 2181 1158 2235 vixisse.
1189 2181 1246 2232 Si
1278 2195 1405 2232 vero
1447 2194 1508 2233 re
1547 2179 1685 2249 ipsa,
1710 2194 1830 2248 quae
1865 2178 2047 2233 verbis

485 2274 644 2344 longe
681 2282 765 2328 est
810 2273 1134 2336 evidentior,
1171 2271 1264 2335 qui
1309 2269 1599 2340 Egyptutn
1649 2269 1894 2323 incolunt
1929 2283 2049 2322 cer-

483 2373 688 2421 nuntur
736 2364 977 2428 interim,
1012 2378 1140 2432 pars
1181 2361 1400 2432 quidem
1443 2360 1827 2430 prophetarum
1879 2359 2046 2414 Deum

484 2458 794 2530 agnovisse,
820 2462 874 2510 et
904 2461 1124 2524 prOpter
1149 2454 1298 2507 illum
1333 2454 1538 2522 patrios
1564 2453 1695 2508 deos
1737 2451 2044 2522 reliquisse,

483 2549 574 2602 alii
609 2563 738 2602 vero
784 2553 976 2600 contra
1023 2546 1123 2598 hos
1166 2544 1464 2598 seditiones
1497 2543 1718 2598 assidue
1746 2543 2044 2606 concitare,

484 2646 538 2694 et
569 2639 661 2692 alii
689 2637 820 2692 deos
849 2651 999 2698 suos,
1043 2650 1250 2703 suaque
1279 2634 1592 2698 simulacra,
1627 2643 1832 2702 eosque
1856 2633 1952 2703 qui
1982 2631 2050 2688 de

485 2741 630 2784 terra
660 2744 822 2783 voces
848 2728 1124 2788 emittunt,
1157 2727 1474 2780 invocantes
1517 2724 1652 2778 nihil
1683 2739 1844 2794 posse
1881 2723 2050 2794 proﬁ-

485 2835 630 2880 cere,
658 2817 746 2871 alii
790 2815 1020 2869 Domino
1067 2814 1454 2884 pr0phetarum
1501 2814 1556 2866 in
1608 2813 1755 2866 omni
1795 2811 2048 2882 ngyptia

487 2911 724 2982 regione,
757 2909 926 2962 altare
953 2922 1049 2975 per
1082 2907 1324 2976 singulas
1357 2905 1617 2960 ecclesias
1661 2905 1922 2966 erexisse,
1963 2905 2048 2956 in-

486 3017 590 3072 que
637 2999 1018 3056 alilictionibus
1063 3009 1116 3052 et
1153 2997 1256 3052 sibi
1300 2997 1514 3052 infestis
1558 2997 2046 3060 insectationibus,

487 3111 594 3148 non
630 3092 862 3161 amplius
889 3091 1098 3145 belluas
1127 3105 1302 3158 neque
1333 3089 1546 3158 reptilia
1587 3097 1745 3142 teme
1773 3088 1926 3152 deos,
1953 3104 2050 3144 ne-

485 3204 591 3257 que
620 3193 859 3256 agrestes
881 3183 1024 3238 feras
1051 3191 1105 3238 et
1129 3183 1288 3237 bruta
1313 3181 1588 3244 animalia,
1621 3189 1900 3250 parentum
1923 3195 2051 3236 suo-
2075 3217 2116 3273 Ο

485 3295 604 3333 rum
639 3278 832 3343 instar,
865 3275 960 3330 sed
987 3289 1298 3344 supremum
1339 3273 1508 3328 Deum
1539 3273 1812 3336 invocare,
1839 3273 2046 3328 solum-

485 3385 590 3440 que
617 3384 763 3432 eum,
793 3367 1021 3436 ejusque
1077 3367 1324 3420 timorem
1375 3365 1427 3418 in
1461 3363 1576 3418 suis
1611 3363 1886 3419 mentibus
1918 3379 2050 3417 con-

485 3469 698 3532 ceptum
735 3469 938 3522 tenere,
989 3471 1291 3526 vovereque
1333 3455 1508 3510 eidem
1543 3461 1690 3518 vota,
1721 3470 1830 3508 non
1868 3463 2046 3508 autem

485 3555 820 3610 damonibus
862 3559 920 3604 ut
955 3552 1128 3621 prius,
1162 3558 1215 3604 et
1262 3565 1381 3618 qua:
1426 3548 1527 3616 ipsi
1571 3546 1681 3602 Deo
1725 3547 2050 3601 conveniant

485 3644 753 3714 promissa
783 3642 1010 3696 reddere
1040 3661 1055 3696 :
1088 3654 1185 3694 cur
1224 3653 1334 3692 non
1379 3637 1648 3706 sequitur,
1692 3644 1752 3689 ut
1785 3637 2050 3690 fateamur

485 3735 648 3790 etiam
676 3751 762 3796 ea,
793 3749 917 3803 qua:
947 3733 1096 3802 ipsos
1121 3739 1348 3785 eventus
1379 3737 1788 3784 antecesserunt
1824 3719 1879 3782 in
1911 3743 2049 3798 opus

480 3829 594 3898 jam
639 3826 997 3896 processisse,
1041 3839 1140 3878 nec
1181 3821 1362 3875 futura
1404 3823 1635 3892 amplius
1665 3821 1718 3874 in
1747 3829 2044 3890 posterum,

485 3919 582 3976 sed
629 3918 684 3972 in
731 3917 1062 3986 praeteritum
1110 3913 1349 3967 abiisse?
1387 3911 1558 3966 Porro
1615 3913 1730 3982 ipsa
1771 3912 1884 3966 hmo
1921 3919 2049 3966 sunt

485 4009 659 4080 ipsius
697 4007 904 4060 Domini
935 4005 1002 4058 ad
1033 4004 1316 4074 Egyptios
1343 4003 1470 4057 olim
1507 4003 1744 4066 futurus,
1789 4018 1897 4056 non
1932 4003 2049 4056 sine

484 4115 713 4170 corpore
747 4099 1032 4160 adventus,
1061 4095 1158 4152 sed
1186 4111 1280 4165 per
1309 4093 1508 4148 nubem
1547 4095 1740 4158 levem,
1773 4107 1836 4148 ac
1865 4093 2048 4163 potius

487 4207 583 4262 per
613 4188 1030 4245 crassitudinem
1063 4187 1278 4257 agilem.
1314 4183 1406 4240 Sic
1439 4185 1582 4240 enim
1618 4183 1917 4240 Hebraicus
1951 4184 2049 4236 ha-

486 4285 576 4339 bet
599 4288 909 4346 contextus,
942 4279 1069 4334 dum
1107 4278 1252 4334 illius
1287 4293 1606 4348 corporeum
1639 4277 1926 4331 adventum
1949 4275 2049 4331 ob-

486 4389 645 4430 scure
695 4371 986 4444 signiﬁcat.
1042 4367 1278 4424 Proinde
1331 4367 1474 4422 hunc
1530 4369 1706 4436 ipsum
1760 4383 2048 4438 progressa

487 4465 700 4536 longius
766 4463 974 4527 oratio,
1039 4462 1313 4516 hominem
1393 4458 1730 4513 Salvatorem
1797 4461 2044 4524 vocavit,

2148 623 2444 692 Αἰγύπτου,
2465 623 2566 692 τῆς
2599 624 2728 694 περὶ
2749 623 2888 677 αύτά
2913 623 3232 695 δαιμονικῆς
3263 621 3546 692 δυνάμεως
3573 623 3718 676 ἐκλε-

2148 713 2393 778 λοιπυίας
2409 755 2424 774 .
2451 713 2547 768 καὶ
2571 715 2670 785 τῆς
2695 715 2930 779 παλαιᾶς
2951 715 3365 786 δεισιδαιμονίας
3387 715 3452 766 ἐκ
3477 715 3580 784 τῆς
3613 715 3718 767 τῶν

2147 806 2454 874 Αἰγυπτίων
2483 805 2662 876 ψυχῆς
2701 805 2960 876 ἀρθείσης
2979 823 2992 836 ⁸
3023 807 3116 860 καὶ
3145 806 3224 860 ἔτι
3253 806 3390 878 πρὸς
3429 805 3644 868 τούτοις
3673 807 3720 860 εἰ

2152 897 2224 970 μὴ
2258 897 2376 952 καθ’
2409 897 2642 968 ἑκάστην
2674 897 2826 950 πόλιν
2858 899 2952 951 καὶ
2975 897 3096 952 καθ’
3130 898 3361 950 ἕκαστον
3385 894 3534 950 οἷκον
3563 898 3720 950 πόλε-

2151 1007 2250 1061 μος
2283 988 2544 1060 ἐμφύλιος
2585 992 2698 1054 τοῖς
2740 987 3058 1056 Αἰγυπτίοις
3091 989 3440 1053 συνίσταται,
3477 989 3591 1041 τῶν
3627 989 3720 1059 μὲν

2146 1083 2236 1138 τὸν
2283 1083 2484 1155 Κύριον
2527 1081 2621 1136 καὶ
2663 1079 2724 1134 τὸ
2767 1082 2930 1145 σέϐας
2959 1080 3053 1134 τοῦ
3095 1081 3230 1134 Θεοῦ
3271 1080 3381 1133 τῶν
3423 1080 3722 1152 προφητῶν

2147 1171 2561 1242 ἀποδεξαμένων
2584 1213 2599 1236 ,
2657 1171 2750 1225 καὶ
2791 1172 3245 1242 ἀποστραφέντων
3289 1173 3389 1243 τὴν
3422 1171 3481 1236 ἐξ
3525 1171 3722 1234 αἰῶνος

2148 1263 2404 1318 πολύθεον
2437 1263 2644 1336 πλάνην
2670 1302 2685 1328 ,
2733 1263 2842 1316 τῶν
2874 1262 2932 1315 δὲ
2956 1302 2970 1320 .
3014 1262 3102 1316 διὰ
3125 1262 3186 1316 τὸ
3215 1265 3328 1326 τοῖς
3359 1263 3614 1333 πατρίοις
3643 1262 3722 1314 ἔτι

2147 1353 2576 1428 προστετηκέναι
2625 1357 2843 1417 κακοῖς,
2883 1355 3006 1418 τοὺς,
3039 1351 3128 1407 τὸν
3159 1354 3364 1424 Κύριον
3411 1353 3722 1424 παραδεξα-

2150 1443 2342 1516 μένους
2363 1447 2738 1518 πολεμούντων
2759 1463 2773 1477 ⁸
2807 1449 2855 1499 εἰ
2892 1447 2966 1517 μὴ
2997 1445 3164 1500 εἰσέτι
3197 1445 3290 1498 καὶ
3318 1445 3476 1517 δεῦρο
3507 1448 3722 1516 ἐπερωο

2145 1539 2244 1608 τᾷν
2277 1537 2606 1609 πειρώμενοι
2632 1540 2756 1601 τοὺς
2785 1538 2990 1591 ἑαυτῶν
3017 1537 3170 1602 θεοὺς
3193 1538 3287 1591 καὶ
3309 1537 3376 1590 τὰ
3402 1538 3718 1608 ἀγάλματα,

2147 1629 2239 1681 καὶ
2265 1630 2390 1691 τοὺς
2423 1631 2486 1682 ὲκ
2515 1629 2616 1699 τῆς
2642 1631 2744 1700 γῆς
2775 1617 3084 1700 φωνοῦντας
3103 1668 3117 1692 ,
3153 1629 3247 1682 καί¹
3277 1630 3399 1691 τοὺς
3429 1631 3720 1698 ἐγγαστρι-

2151 1718 2369 1790 μύθους,
2391 1719 2554 1790 ἁτελῆ
2578 1721 2672 1774 καὶ
2699 1721 2974 1789 ἄπρακτον
2998 1721 3096 1792 τὴν
3124 1720 3215 1774 ἐπὶ
3241 1720 3364 1772 τάδε
3397 1718 3720 1790 καταφυγὴν

2148 1809 2422 1864 ποιοῦνται
2445 1851 2460 1874 ,
2487 1810 2576 1862 διὰ
2608 1811 2668 1863 τὸ
2697 1812 2890 1882 μηκέθ’
2915 1811 3117 1882 ὁμοίως
3149 1811 3390 1881 ἐνεργεῖν
3415 1809 3680 1862 δύνασθαι
3705 1847 3718 1870 ,

2147 1899 2334 1970 ὥσπερ
2367 1900 2424 1952 τὸ
2449 1901 2577 1970 πρὶν
2603 1939 2618 1963 ,
2648 1902 2774 1964 τοὺς
2801 1891 3092 1971 δαίμονας·
3127 1902 3176 1953 εἰ
3222 1899 3295 1970 μὴ
3335 1899 3516 1952 πάντα
3549 1898 3720 1952 ταῦτα

2148 1989 2326 2061 ἔργοις
2353 1991 2533 2054 αὐτοῖς
2561 1990 2713 2053 τέλος
2753 1990 3013 2060 εἰληφότα
3039 1989 3344 2052 δείκνυται,
3381 1989 3454 2058 μή
3495 1987 3590 2039 πώ
3634 2005 3719 2056 μοι

2147 2082 2418 2151 νομίζοιτο
2456 2086 2517 2136 τὸ
2556 2081 2890 2155 προφητικὺν
2921 2080 3308 2152 πεπληρῶσθαι
3341 2079 3520 2147 λόγιον
3541 2120 3556 2142 ,
3591 2079 3718 2148 μηδὲ

2145 2172 2237 2227 τὸν
2263 2174 2646 2245 θεσπιζόμενον
2676 2173 2876 2245 Κύριον
2902 2172 3352 2243 ἐπιδεδημηκέναι
3383 2172 3461 2242 τῷ
3490 2171 3596 2242 βίῳ
3615 2171 3718 2222 τῶν

2147 2264 2464 2338 ἀνθρώπων.
2494 2267 2555 2319 Εἰ
2579 2267 2635 2320 δὲ
2659 2266 2843 2328 αὐτοῖς
2866 2265 3046 2336 ἔργοις
3076 2265 3214 2317 κατά
3247 2264 3378 2317 πολὺ
3403 2265 3512 2316 τῶν
3542 2263 3716 2330 λόγων

2148 2358 2558 2430 ὲναργεστέροις
2587 2359 2752 2412 εἰσέτι
2789 2358 2946 2429 δεῦρο
2980 2356 3307 2426 θεωροῦνται
3335 2359 3383 2409 οἱ
3415 2356 3516 2426 τὴν
3555 2355 3718 2422 Αἴγυ-

2149 2468 2280 2503 πτον
2313 2449 2606 2513 οἰκοῦντες,
2633 2451 2681 2502 οἱ
2719 2449 2817 2520 μὲν
2847 2448 2940 2502 τὸν
2972 2448 3105 2501 Θεὸν
3142 2447 3250 2500 τῶν
3281 2446 3582 2517 προφητῶν
3627 2448 3718 2498 ἐπ-

2149 2544 2463 2612 εγνωκότες,
2493 2544 2588 2597 καὶ
2608 2543 2675 2596 δι’
2698 2543 2857 2596 αὐτὸν
2886 2545 3010 2606 τοὺς
3046 2541 3305 2612 πατρίους
3333 2539 3716 2594 καταλελοιπόο

2147 2652 2239 2699 τες
2265 2634 2437 2698 θεοὺς,
2460 2636 2508 2688 oi
2536 2635 2592 2687 δὲ
2626 2634 2760 2704 πρὸς
2783 2633 3009 2698 τούτους
3046 2631 3441 2694 στασιαστικῶς
3469 2632 3711 2702 ἔχοντες·

2149 2727 2244 2779 καὶ¹
2268 2727 2317 2778 οἰ
2357 2723 2455 2796 μὲν
2481 2727 2604 2788 τοὺς
2641 2725 2796 2788 θεοὺς
2829 2723 3005 2776 αὐτῶν
3037 2725 3202 2776 εἰσέτι
3235 2724 3328 2776 νῦν
3355 2723 3714 2793 ἐπικαλούμεο

2149 2833 2228 2870 νοι
2252 2816 2344 2870 κα)⁸
2369 2816 2434 2869 τὰ
2455 2816 2763 2888 ἀγάλματα,
2787 2817 2880 2870 καί
2902 2817 3028 2879 τοὺς
3049 2818 3112 2868 ὲκ
3135 2817 3233 2884 τῆς
3259 2815 3362 2884 γῆς
3384 2815 3710 2884 φωνοῦντας,

2153 2908 2316 2978 μηδέν
2344 2925 2404 2961 τε
2434 2909 2672 2980 ἐνεργεῖν
2704 2909 3032 2978 δυναμένους
3056 2949 3069 2968 ,
3099 2909 3148 2960 οἰ
3179 2908 3234 2960 δὲ
3275 2907 3352 2978 τῷ
3383 2907 3580 2978 Κυρίῳ
3611 2907 3711 2959 τῶν

2150 3001 2438 3071 προφητῶν
2462 3001 2518 3054 ὲν
2545 3000 2693 3071 πάσῃ
2726 3003 2790 3071 τῇ
2814 3000 3123 3068 Αἰγυπτίων
3147 2997 3300 3072 χώρᾳ
3333 2999 3712 3070 θυσιαστήριον

2150 3091 2270 3143 καθ’
2317 3091 2549 3164 ἑκάστην
2592 3083 2886 3162 ἐκκλησίαν
2953 3092 3382 3163 συστησάμενοι,
3411 3092 3470 3144 ἕν
3509 3109 3574 3144 τε
3599 3094 3710 3154 ταῖς

2151 3181 2358 3252 θλίψεσι
2409 3185 2502 3236 καὶ
2544 3188 2655 3248 τοῖς
2703 3187 2822 3238 κατ’
2873 3185 3050 3237 αὐτῶν
3099 3185 3357 3254 διωγμοῖς
3407 3183 3596 3237 οὐκέτι
3649 3185 3713 3236 τὰ

2151 3273 2392 3328 κνώδαλα
2411 3317 2424 3338 ,
2458 3275 2579 3328 οὐδὲ
2607 3275 2676 3328 τὰ
2713 3275 2919 3348 ἑρπετά
2947 3277 3046 3345 τῆς
3073 3277 3176 3346 γῆς
3197 3315 3210 3336 ,
3258 3277 3334 3338 ὡς
3377 3276 3532 3338 θεοὺς
3554 3317 3570 3338 ,
3601 3275 3710 3328 οὐδὲ

2147 3367 2272 3429 τοὺς
2308 3368 2530 3436 ἀγρίους
2558 3367 2730 3440 θῆρας
2763 3369 2856 3422 καὶ
2883 3367 2951 3422 τὰ
2983 3370 3152 3436 ἄλογα
3190 3367 3302 3432 ζῶα
3327 3407 3341 3432 ,
3373 3367 3578 3439 ὁμοίως
3607 3371 3712 3430 τοῖς

2147 3459 2326 3512 αὐτῶν
2360 3459 2625 3530 πατράσι,
2653 3458 2787 3512 ἀλλά
2831 3459 2920 3512 τὸν
2962 3459 3052 3511 ἐπὶ
3085 3459 3300 3513 πάντων
3344 3456 3474 3510 Θεὸν
3519 3459 3710 3512 ἐπικα-

2147 3550 2432 3621 λούμενοι,
2471 3551 2564 3604 καὶ
2611 3550 2769 3621 μόνον
2803 3550 2963 3603 αὑτὸν
2996 3551 3090 3604 καὶ
3123 3549 3213 3602 τὸν
3259 3547 3424 3602 αὐτοῦ
3459 3549 3624 3619 φόϐον
3657 3552 3710 3602 ὲν

2145 3644 2266 3704 ταῖς
2302 3642 2479 3696 αὐτῶν
2511 3642 2770 3706 διανοίαις
2795 3641 3196 3710 κατειληφότες,
3219 3641 3504 3711 εὐχόμενοί
3527 3659 3590 3694 τε
3619 3641 3708 3694 αὑ-

2146 3732 2224 3805 τῷ
2257 3733 2441 3804 εὐχὰς,
2467 3733 2582 3787 ἀλλ’
2614 3734 2795 3787 οὐκέτι
2821 3736 2932 3797 τοῖς
2957 3733 3202 3804 δαίμοσι,
3249 3733 3342 3786 καὶ
3379 3733 3710 3796 ἀποδιδόντες

2147 3823 2245 3888 τὰς
2278 3825 2598 3895 θεοπρεπεῖς
2627 3823 2976 3893 ἐπαγγελίας,
2999 3823 3118 3888 πῶς
3144 3824 3242 3894 οὐχ
3271 3823 3462 3876 ἕπεται
3491 3839 3709 3893 συνομο-

2146 3917 2323 3986 λογεῖν
2374 3915 2466 3970 καὶ
2515 3915 2582 3968 τὰ
2630 3915 2735 3986 πρὸ
2778 3913 2885 3968 τῶν
2927 3914 3378 3985 ἀποτελεσμάτων
3429 3917 3509 3980 εἰς
3559 3915 3708 3986 ἔργον

2146 4008 2246 4080 ἥδη
2277 4005 2652 4078 κεχωρηκέναι
2677 4023 2690 4072 ;
2717 4002 2784 4077 ἦν
2813 4005 2870 4060 δὲ
2903 4006 3072 4059 ταῦτα
3091 4047 3105 4072 ,
3137 4007 3232 4060 τοῦ
3271 4007 3477 4078 Κυρίου
3509 4023 3706 4078 παρου-

2149 4098 2237 4150 σία
2275 4100 2354 4160 είς
2386 4096 2660 4166 Αἴγυπτον
2689 4097 2788 4149 οὐκ
2819 4095 3108 4166 ἀσώματος
3138 4095 3544 4167 ἀποϐησομένη,
3579 4095 3706 4148 ἀλλὰ

2147 4188 2234 4243 διὰ
2275 4188 2504 4260 νεφέλης
2539 4188 2778 4258 κούφης,
2805 4188 2838 4258 ἢ
2868 4189 2962 4240 καὶ
2994 4187 3192 4257 μᾶλλον
3229 4187 3317 4241 διὰ
3347 4189 3554 4258 πάχους
3591 4187 3706 4240 ἐλα-

2149 4280 2305 4352 φροῦ.
2328 4280 2482 4334 Οὕτω
2506 4281 2613 4352 γὰρ
2646 4280 2706 4332 τὸ
2733 4279 3016 4351 Ἐϐραῖκὸν
3045 4280 3305 4352 περιέχει,
3327 4281 3426 4352 τὴν
3454 4280 3704 4350 ένσαρκον

2149 4371 2313 4426 αὐτοῦ
2361 4372 2663 4443 παρουσίαν
2693 4372 3079 4442 αἰνιττόμενον.
3115 4371 3315 4425 Τοῦτον
3349 4373 3405 4426 δὲ
3433 4369 3526 4427 οῦν
3552 4373 3704 4427 αὐτὸν

2149 4463 2354 4537 προῖὼν
2383 4465 2509 4536 ἑξῆς
2547 4467 2576 4518 ὁ
2610 4464 2766 4532 λόγος
2794 4465 3074 4535 ἄνθρωπον
3117 4465 3344 4536 Σωτῆρα
3369 4465 3666 4520 ἀπεκάλεσε
3685 4505 3700 4524 ,

483 4555 644 4627 415
661 4555 746 4610 his
767 4554 946 4609 verbis
973 4573 986 4607 :
1023 4572 1040 4604 ι
1075 4552 1140 4606 Et
1167 4552 1343 4606 mittet
1359 4551 1439 4606 eis
1457 4549 1718 4605 Dominus
1747 4551 2042 4614 hominem,

2151 4559 2360 4628 φήσαςο
2401 4577 2419 4608 ι
2459 4559 2569 4611 Καὶ
2597 4557 2884 4610 ἀποστελεῖ
2921 4557 3104 4619 αὐτοῖς
3149 4557 3352 4630 Κύριος
3404 4556 3700 4628 ἄνθρωπον,

483 4648 576 4718 qui
605 4646 836 4702 salvabit
869 4660 986 4700 eos.
1017 4662 1036 4696 ι
1065 4643 1198 4696 Nam
1233 4641 1324 4696 hic
1351 4657 1541 4698 rursus
1585 4642 1636 4695 in
1669 4641 1936 4697 Hebraico
1965 4643 2046 4698 si:

483 4745 568 4794 est
603 4757 616 4792 :
655 4757 673 4788 ι
712 4735 778 4790 Et
815 4741 992 4790 mittet
1022 4737 1100 4790 eis
1135 4734 1394 4788 Dominus
1421 4732 1778 4796 Salvatorem,
1806 4735 1901 4802 qui
1935 4734 2044 4789 sal-

485 4827 632 4882 vabit
659 4843 775 4882 eos.
809 4846 827 4878 ι
862 4825 992 4890 Qua:
1039 4841 1162 4879 cum
1201 4825 1336 4880 adeo
1365 4823 1668 4879 evidentem
1703 4823 2044 4878 demonstra-

483 4921 684 4975 tionem
715 4918 1026 4980 exhibeant,
1053 4917 1286 4970 arbitror
1305 4917 1465 4970 etiam
1492 4915 1822 4978 constitisse,
1848 4915 2044 4984 quibus

483 5012 820 5082 temporibus
865 5025 928 5064 ea
965 5009 1145 5062 futura
1172 5018 1519 5070 canerentur,
1553 5023 1674 5076 quae
1723 5008 1790 5062 ad
1831 5007 2044 5062 Domini

481 5105 772 5158 adventum
797 5103 863 5158 ad
887 5103 1132 5156 homines
1160 5101 1519 5170 pertinebant.
1551 5099 1674 5154 Haec
1701 5115 1833 5154 sane
1856 5101 2044 5170 paucis

483 5200 690 5254 anobis
711 5198 938 5252 collecta
973 5204 1120 5260 sunt,
1147 5197 1214 5252 de
1247 5195 1584 5264 temporibus
1619 5195 1817 5262 quibus
1857 5193 2042 5247 Domi-

483 5301 588 5340 nus
621 5285 721 5340 fuit
751 5288 818 5339 ad
867 5286 1114 5340 homines
1165 5283 1662 5339 venturus.‘Plura
1715 5291 1896 5336 autem
1947 5299 2044 5353 per

483 5377 654 5432 otium
685 5379 958 5449 quispiam
983 5379 1254 5440 inveniet,
1281 5376 1326 5431 si
1358 5375 1598 5445 reliquas
1627 5375 1754 5431 item
1791 5375 2044 5447 Scriptu-

484 5483 576 5522 ras
597 5471 945 5536 percurrerit.
975 5468 1082 5524 Nos
1114 5477 1292 5524 autem
1334 5469 1420 5525 bis
1442 5469 1682 5524 contenti
1713 5483 1832 5538 quae
1857 5468 2046 5524 hacte-

483 5575 588 5615 nus
615 5559 758 5614 dicta
787 5567 933 5624 sunt,
948 5561 1060 5630 jam
1083 5576 1228 5616 nunc
1249 5561 1486 5630 reliquas
1515 5576 1729 5630 quoque
1760 5557 2044 5630 aggredia-

485 5670 606 5708 mur
643 5654 970 5722 prophetias.
1005 5655 1184 5720 Quare
1216 5667 1336 5722 quae
1370 5653 1436 5706 ab
1478 5653 1570 5706 illo
1613 5651 1754 5705 inter
1793 5651 2042 5708 homines

486 5760 586 5798 suo
624 5745 814 5798 ordine
853 5753 978 5799 sunt
1019 5744 1392 5798 administrata
1418 5781 1433 5806 ,
1468 5759 1530 5798 ex
1573 5741 1772 5796 divinis
1803 5743 2040 5798 oraculis

485 5837 824 5907 colligamus.

2146 4649 2206 4712 ὃς
2232 4645 2394 4701 σώσει
2424 4648 2639 4711 αὐτούς.
2671 4668 2689 4700 ι
2731 4647 2899 4700 Πάλιν
2928 4647 3060 4716 γοῦν
3094 4647 3369 4702 κάνταῦθα
3401 4647 3461 4701 τὸ
3505 4649 3704 4720 Ἐϐραῖ-

2149 4739 2262 4802 κὸν,
2299 4757 2316 4788 ι
2346 4739 2456 4791 Καὶ
2490 4739 2779 4792 ἀποστελεῖ
2804 4739 2984 4802 αὐτοῖς
3015 4738 3216 4810 Κύριος
3249 4739 3506 4809 Σωτῆρα,
3527 4739 3585 4801 ὃς
3615 4737 3701 4790 σώ-

2149 4849 2232 4884 σει
2261 4831 2456 4895 αύτοὺς
2474 4871 2489 4894 ,
2519 4851 2537 4882 ›
2578 4831 2708 4900 ἔχει.
2739 4825 2838 4884 Ὧν
2864 4830 3038 4894 οὕτως
3064 4831 3268 4902 ἐναργῆ
3305 4832 3405 4902 τὴν
3441 4829 3701 4894 ἀπόδειξιν

2148 4925 2558 4997 παρεχομένων,
2588 4925 2826 4996 ἡγοῦμαι
2855 4926 2951 4978 καὶ
2979 4925 3104 4986 τοὺς
3133 4924 3358 4995 χρόνους
3389 4927 3581 4993 σαφεῖς
3616 4939 3700 4990 γε·

2145 5018 2379 5088 γονέναι,
2415 5017 2536 5072 καθ’
2562 5017 2654 5080 οὓς
2687 5017 2756 5070 τὰ
2782 5017 2881 5086 τῆς
2916 5018 2996 5079 εἰς
3027 5015 3349 5088 ἀνθρώπους
3375 5016 3470 5069 τοῦ
3507 5015 3696 5086 Κυρίου

2148 5109 2452 5180 παρουσίας
2481 5107 2813 5171 ὲθεσπίζετο.
2848 5107 3096 5160 Τοσαῦτα
3119 5105 3206 5160 διὰ
3241 5106 3486 5178 βραχέων
3519 5109 3607 5161 καί
3637 5105 3696 5158 τὰ

2149 5197 2276 5266 περὶ
2321 5199 2428 5254 τῶν
2476 5199 2682 5269 χρόνων
2733 5199 2832 5266 τῆς
2881 5197 2976 5250 τοῦ
3019 5197 3222 5269 Κυρίου
3266 5200 3347 5261 εἰς
3391 5196 3696 5268 ἀνθρώπους

2147 5289 2371 5358 φανείας
2398 5290 2658 5360 συνῆκται
2675 5306 2688 5318 ⁸
2707 5287 2926 5341 πλείονα
2945 5289 2989 5341 δ’
3017 5287 3080 5340 ἄν
3101 5306 3183 5351 τις
3203 5289 3293 5340 ἐπὶ
3322 5287 3518 5358 σχολῆς
3539 5287 3690 5357 εὖροι,

2147 5381 2239 5434 καὶ
2283 5381 2384 5444 τὰς
2425 5380 2616 5444 λοιπὰς
2658 5378 2950 5450 ἐκπεριιών
2981 5379 3219 5450 Γραφάς.
3255 5379 3446 5448 Ἡμεῖς
3475 5396 3538 5448 γε
3569 5379 3688 5447 μὴν,

2145 5473 2257 5534 τοῖς
2299 5471 2604 5542 εἰρημένοις
2644 5470 3034 5542 ἀρκεσθέντες,
3071 5470 3292 5540 μέτιμεν
3333 5469 3432 5540 ἤδη
3485 5470 3574 5522 καί
3609 5467 3690 5519 ἐπὶ

2145 5561 2244 5625 τὰς
2283 5561 2472 5625 λοιπὰς
2501 5563 2834 5634 προφητείας
2855 5603 2870 5627 ,
2902 5561 2968 5614 δι’
3003 5555 3076 5616 ὧν
3107 5563 3175 5616 τὰ
3203 5561 3612 5633 οἰκονομηθέντα
3636 5562 3688 5612 ὲν

2146 5653 2451 5724 ἀνθρώποις
2488 5654 2794 5718 ἀκολούθως
2831 5653 2982 5726 αὐτῷ
3021 5656 3085 5707 ὲκ
3113 5653 3219 5708 τῶν
3258 5655 3416 5710 θείων
3460 5653 3688 5728 προρρή-

2149 5761 2283 5799 σεων
2315 5745 2537 5810 ἀναλεξό
2545 5745 2701 5818 μεθα.
