3928 6550
521 447 626 504 τΞιἹ
1165 443 1434 502 EUSEBll
1471 437 1950 498 GESARIENSIS
1989 436 2143 493 OPP.
2175 434 2374 494 PARS.
2412 435 2476 492 ll.
2501 466 2570 479 --
2611 435 3116 494 APOLOGETICA.
3687 447 3779 504 πε

528 577 751 631 eventu,
777 567 1162 624 declarabitur.
1197 567 1334 621 Cum
1379 565 1544 635 igitur
1579 561 1816 631 primum
1853 559 2079 614 omniun

2225 557 2299 628 τῆς
2317 557 2588 626 γενέσεως
2617 554 2782 609 αὑτοῦ
2805 595 2820 620 ,
2851 555 3041 625 γένους
3065 573 3126 610 τε
3151 557 3246 612 καὶ
3271 559 3466 630 φυλῆς,
3499 559 3596 614 καὶ
3631 563 3776 633 σπέρ-

527 675 616 722 ea,
653 675 775 730 quae
805 661 873 714 ad
903 659 1050 714 illius
1093 670 1146 714 et
1183 665 1384 720 ortum,
1417 662 1473 708 et
1496 667 1689 725 genus.
1715 661 1768 707 et
1791 651 2015 715 tribum,
2050 667 2078 704 e

2228 666 2376 712 ιατος
2399 647 2776 703 ἀποδέδεικται
2807 689 2823 713 ,
2851 649 2986 720 φέρε
3016 649 3083 703 τά
3126 651 3255 724 περὶ
3283 653 3377 707 τοῦ
3409 655 3675 722 φανέντος
3705 657 3779 710 ἐπὶ

529 768 712 806 semen
751 751 1046 822 pertinent,
1077 749 1452 805 demonstrata
1499 747 1808 808 siutgnunc
1831 743 1944 812 jam
1971 743 2080 813 quit

2228 746 2270 814 τῇ
2298 742 2507 812 γενέσει
2533 741 2702 796 αὑτοῦ
2729 741 2850 796 νέου
2875 743 3022 808 τινὸς
3045 745 3138 798 καὶ
3167 745 3470 813 ξενίζοντος
3493 749 3646 821 παρά
3672 750 3779 816 τοὶ-ς

525 843 593 898 de
627 843 805 898 sidere
833 843 928 897 illo
957 843 1028 896 sit
1056 841 1371 900 dicendum.
1401 837 1549 909 quod
1579 852 1780 891 novum
1813 843 1882 914 et
1917 834 2075 890 insoli

2228 835 2464 909 ιυνήθεις
2507 836 2737 908 ἀστέρος
2763 835 3088 907 θεασώμεθα
3111 855 3126 870 ·
3157 841 3278 894 ἐπεὶ
3311 841 3408 894 καὶ
3437 841 3598 896 τοῦτο
3631 843 3779 896 πάλαι

523 943 640 990 tum
669 943 865 1006 praeter
893 943 1156 990 consueta
1191 942 1245 988 et
1277 933 1436 988 nobis
1465 933 1682 1003 cognita
1715 931 1894 985 sidera
1927 930 1981 983 in
2016 943 2074 982 or

2230 931 2468 1003 πρότερον
2502 931 2567 982 ἐκ
2614 929 2842 1001 μακρῶν
2889 931 3098 986 ἄνωθεν
3133 933 3341 1004 χρόνων
3384 935 3540 1007 παρά
3575 937 3781 990 Μωῦσεῐ

523 1037 582 1082 ιιι
615 1029 763 1084 illius
790 1029 1040 1092 emicuit,
1070 1043 1260 1098 quaeso
1322 1025 1779 1096 contemplemur.
1833 1021 1968 1076 Nam
1999 1022 2070 1077 bo

1833 1021 1968 1076 Nam
1999 1022 2104 1078 hoc
2209 1020 2480 1092 βοώμενον
2510 1019 2698 1074 τοῦτον
2731 1021 3010 1094 ἱστόρηται
3038 1023 3131 1078 τὸν
3158 1023 3379 1096 τρόπον.

523 1125 938 1196 ipsumquoque
955 1123 1281 1194 jampridem
1317 1123 1384 1177 ab
1413 1121 1657 1192 antiquis
1679 1135 1854 1190 usque
1875 1127 1928 1174 et
1952 1119 2144 1190 primis
2166 1118 2510 1190 temporibus
2540 1115 2684 1186 apud
2706 1115 2911 1173 Mosem
2937 1117 3272 1174 celebratum
3309 1119 3614 1185 invenitur,
3639 1130 3780 1193 atque

521 1219 577 1272 in
607 1219 753 1273 hunc
780 1218 1002 1273 modum
1037 1216 1368 1288 expositum.

519 1341 558 1394 Α
603 1338 654 1393 N
661 1342 874 1396 umeris.
897 1369 966 1378 —
993 1338 1064 1391 De
1093 1338 1247 1392 rebus
1277 1337 1562 1410 secundum
1592 1336 1882 1410 humanam
1909 1333 1973 1388 ab
2005 1333 2070 1410 illi

2221 1330 2353 1384 Ἄπύ
2375 1327 2492 1383 τῶν
2505 1326 2799 1410 Ἁρ-ιθμιῦν.
2821 1357 2891 1368 --
2905 1327 3044 1410 Ιζερὶ
3058 1325 3176 1410 ad»:
3191 1331 3343 1386 κατὰ
3363 1333 3481 1410 τὴν
3503 1336 3770 1407 ἐγανθρὼ

590 1421 914 1478 assumptum
957 1421 1209 1462 naturam
1243 1409 1502 1478 gerendis,
1545 1417 1592 1461 et
1625 1408 1688 1461 de
1716 1407 1872 1461 stella
1902 1421 2020 1476 qua:
2043 1405 2100 1457 in

2279 1417 2473 1482 πησιν
2535 1399 2722 1482 αὐτῷ
2774 1399 3310 1482 ίεραχρησομένωζ,
3372 1399 3472 1459 καὶ
3520 1411 3655 1477 περὶ
3681 1399 3777 1465 τοῦ

590 1493 710 1543 ortu
741 1469 1043 1536 Saluatoris
1072 1469 1264 1532 nostri"
1276 1469 1542 1547 apparuit.
1913 1469 1925 1476 ’

2277 1471 2571 1540 φανέντος
2600 1470 2698 1522 ἐπὶ
2736 1469 2811 1538 τῇ
2846 1469 3076 1540 γενέσει
3123 1471 3396 1542 Σωτῆρος
3430 1469 3776 1548 ἠμῶιῖάστέ.

2267 1559 2399 1611 ρος-

587 1651 766 1708 Moses
794 1654 848 1706 in
881 1651 1136 1710 Numeri:
1163 1654 1230 1710 de
1258 1657 1435 1718 stella,
1468 1657 1661 1726 quaein
1694 1663 1818 1708 ortu
1851 1653 2098 1709 Salvato~

2274 1657 2541 1726 Μωῡσῆς,
2579 1655 2636 1708 ἐν
2680 1654 2984 1724 Ἄριθμοῖς,
3020 1655 3259 1725 περὶτοῦ
3311 1658 3574 1728 φανέντος
3595 1663 3689 1716 ἐπὶ
3719 1668 3773 1736 τῇ

511 1744 592 1799 ris
623 1745 796 1799 nostri
831 1746 948 1801 visa
981 1754 1085 1810 est,
1111 1747 1227 1802 [nec
1282 1747 1357 1802 ait
1393 1765 1406 1800 :
1450 1765 1468 1798 ι
1511 1745 1655 1800 Dixit
1687 1745 1909 1800 Balaam
1947 1746 2058 1800 ﬁliu

2224 1747 2522 1802 ἐνέσειτοῦ
2554 1745 2808 1817 Σωτῆρος
2839 1745 2996 1816 ἡμῶν
3018 1746 3246 1819 ἀστέρος
3262 1751 3393 1818 φησί
3414 1768 3428 1782 ο
3468 1771 3487 1802 ι
3519 1753 3658 1826 Φησὶ
3685 1755 3775 1810 Ba.

505 1835 674 1901 'Beor,
705 1837 845 1892 dixit
900 1839 1063 1892 homo
1102 1841 1194 1910 qui
1251 1854 1378 1894 vere
1427 1838 1594 1904 videt,
1625 1839 1718 1910 qui
1744 1838 1897 1892 audit
1925 1839 2056 1892 vcrb

2219 1843 2349 1912 ιαὰμ
2378 1841 2491 1904 υἱὸς
2517 1837 2689 1910 Βεὼρ,
2710 1837 2874 1909 φησὶν
2903 1838 2934 1890 ὁ
2963 1837 3249 1909 ἄνθρωπος
3277 1841 3592 1913 ὁάληθινῶς
3623 1847 3770 1918 ὀρῶν,

510 1928 629 1992 Dei,
657 1929 750 2000 qui
783 1924 935 1983 novit
983 1930 1268 1985 scientiam
1307 1929 1600 1996 Altissitni,
1624 1941 1678 1986 et
1701 1931 1794 2001 qui
1825 1931 2061 1986 visioner

2221 1932 2410 1986 ικούων
2429 1932 2584 2002 λόγια
2601 1931 2758 1996 Θεοῦ,
2777 1933 3138 2004 ἐπιστάμενος
3157 1935 3468 2008 ἐπιστήμην
3505 1939 3606 2008 ’Υῷ
3619 1941 3772 2006 Ξστου,

503 2020 608 2076 ‘Dei
641 2023 795 2087 vidit,
825 2023 882 2076 in
937 2037 1130 2078 somno
1183 2024 1360 2093 aperti
1418 2023 1561 2078 oculi
1609 2023 1730 2092 ejus
1768 2022 2054 2079 :ostendal

2221 2028 2289 2080 ιαὶ
2313 2029 2501 2098 ὅρασιν
2530 2025 2626 2079 τοῦ
2655 2026 2790 2080 Θεοῦ
2829 2025 2972 2090 ἰδὼν,
2997 2028 3054 2079 ἐν
3086 2026 3238 2100 ῦπνῳ
3267 2031 3772 2105 ἀποκεκα>.υμμένοι

509 2113 610 2176 illi,
639 2113 736 2168 sed
766 2128 876 2168 non
911 2129 1059 2168 nunc
1098 2133 1111 2168 :
1151 2115 1368 2170 beatum
1399 2114 1548 2178 dico,
1584 2113 1680 2169 sed
1729 2129 1840 2169 non
1895 2129 2060 2186 appro

2220 2118 2242 2169 ,ἱ
2272 2117 2540 2187 ὀφθαλμοὶ
2577 2115 2742 2170 αὑτοῦ
2761 2133 2773 2145 ·
2799 2116 2956 2182 δείξω
2989 2116 3159 2188 αὐτῷ,
3189 2119 3282 2171 καὶ
3311 2119 3432 2190 οὐχὶ
3461 2121 3580 2184 νῦν,
3610 2141 3771 2193 μακα-

507 2207 736 2277 piaquat
773 2224 785 2259 :
818 2206 1030 2260 orietur
1073 2207 1230 2261 stella
1259 2223 1328 2261 ex
1359 2204 1550 2270 Jacob,
1584 2213 1638 2261 et
1684 2214 1873 2276 surget
1928 2207 2054 2262 hom

2218 2209 2350 2275 ἥξω,
2381 2211 2476 2264 καὶ
2505 2209 2606 2262 οὐκ
2654 2209 2886 2278 ἐγγίζει.
2937 2208 3208 2263 Ἀνατελεῖ
3245 2211 3443 2282 ἄστρον
3469 2213 3528 2278 ἐξ
3568 2215 3769 2280 Ἰακὼό,

505 2311 574 2350 ex
607 2298 864 2360 lsrael,et
890 2297 1102 2367 franget
1127 2297 1386 2352 ductores
1421 2295 1602 2362 Moab,
1631 2307 1686 2353 et
1714 2299 1960 2368 captivos
1989 2300 2056 2352 du

2219 2302 2288 2356 :al.
2314 2303 2680 2370 ἀναστήσεται
2725 2301 3010 2374 ἄνθρωπος
3056 2301 3115 2368 ἐξ
3159 2301 3396 2376 Ἰσραὴλ,
3433 2307 3529 2358 καὶ
3555 2305 3770 2378 θραύσει

505 2393 594 2442 eet
625 2401 818 2442 omnes
853 2388 996 2444 ﬁlios
1029 2388 1181 2453 Setb,
1205 2397 1260 2444 et
1315 2390 1420 2444 erit
1473 2389 1646 2444 Edom
1705 2389 2014 2455 brereditas,
2037 2419 2056 2446 τ

2219 2393 2318 2456 ὀῦς
2347 2392 2624 2464 ἀρχηγοὺς
2653 2390 2849 2455 Μωάσ,
2873 2391 2968 2444 καὶ
2997 2389 3358 2461 προνομεύσει
3383 2393 3596 2457 πάντας
3630 2395 3770 2457 uicit;

504 2479 609 2532 erit
630 2479 920 2536 lmreditas
959 2480 1100 2536 Esau
1135 2483 1393 2538 inimicus
1417 2483 1557 2553 ejus,
1582 2492 1636 2538 et
1669 2480 1836 2539 Israel
1867 2481 2000 2538 fecit
2033 2483 2050 2538 i

2218 2483 2320 2556 Σήθ.
2354 2485 2464 2538 Καὶ
2499 2482 2649 2537 ἔσται
2691 2481 2866 2553 Ἐδὼμ
2887 2481 3241 2554 κληρονομία,
3276 2483 3368 2536 καὶ
3393 2483 3546 2537 ἔσται
3585 2485 3769 2556 κληρο-

503 2571 722 2638 robore,
755 2583 808 2630 et
831 2574 1165 2628 excitabitur
1193 2590 1262 2629 ex
1297 2572 1488 2639 Iacob,
1529 2583 1583 2630 et
1611 2575 1801 2646 perdet
1821 2591 1969 2638 eum,
1995 2592 2054 2646 qi:

2216 2577 2354 2647 ιομία
2425 2572 2596 2628 Ἠσαῦ
2640 2576 2667 2628 ὁ
2708 2571 2902 2645 ἐχθρὸς
2927 2570 3118 2634 αὑτοῦ,
3150 2573 3246 2625 καὶ
3283 2573 3502 2644 Ἰσραὴλ
3526 2575 3767 2644 ἐποίησεν

503 2673 766 2719 servatur
804 2663 873 2720 de
899 2667 1122 2721 civitate
1148 2667 1214 2723 ³⁸.
1261 2685 1279 2718 ι
1319 2664 1434 2720 Hoc
1475 2668 1736 2722 vaticinia
1787 2681 2054 2726 commoto

2216 2685 2250 2720 ην
2281 2667 2444 2739 ἰσχύῖ,
2499 2669 2593 2722 καὶ
2639 2668 3060 2742 ἐξεγερθήσεται
3101 2669 3162 2732 ἐξ
3207 2668 3422 2732 Ἰακὼϐ,
3467 2672 3561 2724 καὶ
3591 2670 3767 2724 ἀπολεί

503 2757 580 2810 ait
615 2772 967 2814 successores
1001 2757 1220 2812 Balaam
1259 2756 1506 2828 (idenim
1535 2759 1808 2816 incolume
1845 2762 2054 2818 exstitis

2216 2761 2498 2831 τωζόμενον
2531 2762 2595 2814 ὲκ
2621 2759 2847 2824 πόλεως.
2895 2781 2912 2814 ι
2963 2761 3085 2814 Ἐπὶ
3119 2760 3288 2831 ταύτῃ
3315 2761 3446 2831 φησὶ
3471 2765 3538 2832 τῇ
3569 2779 3767 2834 προςη-

495 2863 563 2900 se
606 2847 810 2910 adhuc,
846 2856 904 2902 ut
961 2865 1061 2919 par
1120 2856 1227 2910 est,
1286 2849 1430 2918 apud
1485 2849 1631 2914 illos,
1663 2865 1788 2904 cum
1835 2850 1890 2904 in
1948 2853 2046 2906 coal

2211 2853 2309 2924 :aiqt
2356 2852 2677 2926 κινηθέντας
2724 2855 2849 2917 τοὺς
2897 2853 3168 2926 διαδόχους
3213 2853 3460 2924 Βαλαάμ.
3497 2854 3762 2908 Σεσῶσθαι

499 2938 748 3008 ignotum
805 2939 1080 3011 quoddam
1135 2939 1290 2996 sidus
1342 2950 1541 3010 praeter
1592 2942 1808 3013 cognita
1846 2942 2050 2999 nobisr

2210 2942 2299 3014 πὰρ
2325 2941 2512 3014 αὐτὴν,
2545 2943 2622 3007 ὡς
2661 2945 2752 2998 καὶ
2795 2940 2864 3014 ἦν
2899 2945 3062 3010 εἰκὸς,
3101 2947 3234 3016 παρ’
3263 2945 3470 3008 αὐτοῖς.
3513 2945 3761 3014 Ὁπηνίκει

500 3040 788 3098 coiisueta,
827 3049 994 3103 supra
1044 3034 1338 3100 verticem,
1372 3042 1432 3088 ut
1483 3035 1564 3090 sic
1611 3035 1864 3099 dixerim.
1911 3046 1965 3092 et
2019 3051 2048 3090 a

2209 3035 2429 3089 ιυνεῖδον
2455 3037 2513 3089 ἐν
2529 3035 2741 3108 οὐρανῷ
2769 3034 3049 3100 ξενίζοντά
3061 3051 3182 3088 τινα
3207 3038 3356 3108 παρὰ
3377 3037 3506 3100 τοὺς
3527 3036 3760 3108 συνήθεις

501 3125 954 3194 perpendiculum
1002 3133 1163 3181 terrae
1191 3125 1392 3182 Judazae
1435 3129 1792 3185 constitutqu
1835 3132 2052 3201 inSpexc

2208 3129 2414 3200 ιστέρα,
2461 3127 2602 3182 κατὰ
2651 3127 2914 3200 κορυφῆς,
2965 3130 3039 3194 ὼς
3081 3130 3147 3184 ἂν
3195 3129 3340 3182 εἴποι
3368 3147 3472 3193 τις,
3506 3132 3602 3184 καὶ
3632 3129 3759 3184 κατά

499 3221 652 3285 runt)
704 3217 1001 3274 festinasse
1053 3227 1112 3273 ut
1162 3219 1216 3273 iu
1268 3219 1616 3276 Palaestinam
1664 3231 1865 3278 terram
1915 3221 2050 3295 411

2208 3218 2414 3274 ιάθετον
2469 3221 2568 3290 τῆς
2629 3219 2886 3283 Ἰουδαίας
2919 3221 3331 3292 ἐστηριγμένον,
3389 3222 3628 3293 σπουδὴν
3671 3239 3759 3275 πε-

499 3311 872 3378 pcrvenirent,
903 3320 1070 3380 utque
1125 3311 1547 3368 sciscitarentur
1579 3313 1647 3368 de
1704 3329 1828 3384 rege
1859 3315 1953 3384 qui
1986 3330 2050 3384 pe

2206 3311 2441 3383 τοιῆσθαι
2467 3313 2559 3366 ἐπὶ
2595 3311 2692 3383 τὴν
2723 3312 3092 3366 Παλαιστινῶν
3135 3313 3434 3383 ἀφικέσθαι
3469 3313 3600 3384 γῆν,
3627 3316 3757 3368 ἱστο-

497 3417 618 3456 eam
643 3404 858 3458 stellam
890 3420 1052 3474 quam
1090 3406 1194 3476 ipsi
1219 3403 1490 3470 viderant,
1525 3406 1956 3476 signiﬁcabatur.
1993 3404 2048 3460 Fi

2204 3404 2306 3465 ιίας
2365 3403 2529 3456 ’ἑνεκα
2572 3400 2667 3454 τοῦ
2694 3400 2783 3455 διὰ
2821 3403 3082 3471 φανέντος
3110 3403 3338 3475 ἀστέρος
3369 3405 3755 3479 σημαινομένον

498 3494 622 3550 dem
663 3497 748 3552 bis
787 3497 920 3551 facit
963 3499 1302 3569 evangelista
1353 3497 1662 3562 Matthaaus,
1701 3499 1786 3554 bis
1845 3499 2031 3554 verbis

2204 3493 2464 3558 ιασιὶέως.
2482 3496 2768 3566 Μαρτυρεῖ
2797 3493 3003 3560 τούτοις
3027 3497 3055 3550 ὁ
3079 3497 3471 3569 εὐαγγελιστὴς
3493 3501 3755 3566 Ματθαίος

501 3610 520 3641 ι
551 3589 688 3645 Cum
737 3601 918 3646 autem
959 3589 1122 3648 Jesus
1159 3603 1326 3646 natus
1359 3601 1504 3648 esset
1535 3593 1590 3647 in
1639 3591 1954 3648 Bethlebem
1981 3591 2047 3646 Ju

2200 3590 2352 3658 .έγων
2377 3605 2390 3619 ο
2437 3609 2456 3641 ι
2485 3583 2592 3643 Τοῦ
2617 3588 2674 3642 δὲ
2715 3588 2889 3660 Ἰησοῦ
2921 3589 3270 3661 γεννηθέντος
3299 3592 3358 3644 ἐν
3389 3590 3636 3663 Βηθλεέμ
3661 3593 3751 3662 τῆς

493 3685 621 3740 dm
654 3685 710 3738 in
735 3683 930 3740 diebus
976 3684 1210 3741 llerodis
1245 3685 1565 3756 regis,eCCe
1603 3680 1739 3756 Magi
1765 3687 1833 3740 ab
1855 3683 2044 3740 Orient

2196 3682 2447 3746 Ἰουδαίας
2494 3683 2552 3736 ἐν
2610 3682 2846 3754 ἡμέραις
2911 3680 3148 3752 Ἡρώδου
3197 3679 3290 3736 τοῦ
3328 3684 3616 3756 βασιλέως,
3649 3687 3747 3740 ίδοίι

495 3787 760 3832 venerunt
793 3778 848 3832 in
883 3775 1207 3844 Jerusalem,
1254 3777 1501 3834 dicentes
1531 3798 1544 3832 :
1583 3775 1688 3832 Ubi
1720 3785 1824 3846 est,
1855 3779 1947 3848 qui
1977 3794 2045 3832 na

2194 3777 2343 3846 ιάγοι
2389 3777 2500 3831 ἀπὸ
2557 3775 2830 3830 ἀνατολῶν
2857 3773 3219 3846 παρεγένοντο
3261 3778 3341 3841 εἰς
3385 3779 3745 3852 Ἰερουσαλὴμ,

493 3881 582 3926 tus
621 3881 707 3927 est
739 3887 834 3926 rex
863 3867 1219 3926 Iudaeorum?
1259 3869 1507 3926 Vidimus
1537 3871 1681 3926 enim
1715 3871 1925 3926 stellam
1953 3871 2039 3940 eju

2191 3869 2460 3937 ιέγοντες·
2496 3867 2605 3922 Ποῦ
2643 3870 2792 3924 ἐστιν
2843 3872 2872 3924 ὁ
2915 3870 3128 3942 τεχθεὶς
3173 3871 3425 3941 βασιλεὺς
3465 3873 3578 3926 τῶν
3625 3875 3742 3927 Ἰου-

491 3965 546 4017 in
589 3960 834 4025 Oriente,
867 3970 921 4017 et
954 3962 1207 4016 venimus
1232 3962 1462 4018 adorare
1495 3978 1622 4018 eum
1657 3962 1720 4026 ³⁷,
1757 3981 1776 4014 ι
1810 3977 1918 4032 quo
1939 3971 2042 4016 tem

2190 3960 2372 4025 ῑαίωνς
2401 3960 2611 4030 εἴδομεν
2637 3959 2747 4031 γὰρ
2772 3959 2936 4014 αὐτοῦ
2966 3961 3056 4014 τὸν
3084 3962 3288 4034 ἀστέρα
3321 3964 3380 4016 ἐν
3405 3967 3471 4036 τῇ
3501 3964 3741 4037 ἀνατολῇ,

489 4070 620 4124 pore
653 4053 817 4108 iidem
853 4053 1008 4110 missi
1058 4053 1112 4107 in
1143 4053 1460 4110 Betblcbem
1509 4054 1779 4118 abierunt,
1811 4071 1830 4105 ι
1863 4063 1916 4109 et
1944 4069 2040 4109 ccc

2189 4053 2267 4107 ιαὶ
2292 4052 2528 4124 ἤλθομεν
2557 4053 2928 4125 προσκυνῆσαι
2954 4053 3100 4125 αὑτῷ
3118 4072 3132 4084 ·
3173 4075 3190 4106 ι
3213 4057 3302 4109 ὅτε
3345 4059 3439 4110 καὶ
3459 4074 3740 4129 παραπεμ-

487 4161 684 4201 rursus
717 4145 907 4201 eadem
944 4146 1101 4202 stella
1146 4161 1309 4218 quam
1343 4148 1594 4202 viderant
1625 4148 1680 4200 in
1701 4145 1944 4210 Oriente,
1971 4161 2038 4200 an

2188 4145 2397 4215 ρθέντες
2414 4149 2492 4210 είς
2517 4146 2766 4217 Βηθλεὲμ
2794 4147 3190 4219 ἐπορεύθησαν,
3219 4169 3238 4200 ι
3264 4149 3359 4202 καὶ
3389 4149 3498 4205 ἰδοῦ
3537 4151 3690 4204 πάλιν
3713 4151 3739 4203 ὁ

481 4239 772 4296 tecedebat
793 4253 910 4306 eos,
931 4239 1108 4294 donec
1137 4240 1364 4296 veniens
1409 4247 1579 4296 staret
1622 4254 1786 4310 supra
1819 4239 1910 4293 ubi
1948 4253 2032 4292 era

2181 4237 2329 4300 αὐτὸς
2347 4238 2542 4310 ἀστὴρ,
2565 4237 2624 4292 ὃν
2651 4233 2789 4291 εἶδον
2808 4239 2866 4292 ἐν
2893 4241 2959 4310 τῇ
2983 4237 3239 4312 ἀνατολῇ,
3263 4240 3506 4312 προῆγεν
3533 4243 3732 4306 αὐτοὺς,

483 4346 639 4402 puer.
671 4329 933 4387 Videntes
982 4341 1163 4386 autem
1193 4331 1410 4385 stellam
1463 4329 1638 4400 gavisi
1683 4335 1812 4383 sunt
1867 4327 2028 4399 gaudi

2184 4331 2272 4394 ἕως
2303 4329 2473 4384 ἐλθὼν
2512 4329 2712 4403 ἐστάθη
2744 4332 2928 4386 ἐπάνω
2958 4327 3018 4386 οὗ
3057 4328 3124 4404 ἦν
3155 4331 3216 4385 τὸ
3249 4332 3484 4390 παιδίον.
3534 4333 3735 4396 ’ἰδόντες

481 4443 680 4499 magno
709 4427 889 4496 valde,
919 4437 973 4484 et
1008 4428 1243 4500 ingressi
1275 4426 1522 4490 domum,
1565 4422 1820 4479 viderunt
1861 4438 2032 4493 pueru

2182 4425 2220 4478 ἰὲ
2245 4425 2336 4478 τὸν
2363 4423 2566 4496 ἀστέρα
2599 4424 2874 4495 ἐχάρησαν
2917 4424 3090 4496 χαρὰν
3128 4425 3369 4496 μεγάλην
3395 4426 3626 4498 σφόδρα,
3653 4426 3733 4480 καὶ

481 4523 592 4576 lum
637 4537 762 4577 cum
797 4520 966 4576 Maria
1025 4528 1201 4576 matre
1233 4521 1376 4589 ejus,
1409 4527 1462 4574 et
1492 4517 1916 4589 procumbentes
1964 4516 2030 4569 ad

2180 4514 2498 4577 εἰσελθόντες
2523 4515 2602 4578 είς
2623 4514 2722 4586 τὴν
2743 4514 2938 4578 οἰκίαν,
2965 4511 3104 4567 εἶδον
3133 4512 3194 4566 τὸ
3218 4514 3428 4569 παιδίον
3465 4517 3604 4587 μετά
3631 4517 3731 4571 Μα-

476 4623 771 4670 oraverunt
815 4632 940 4670 eum
973 4614 1039 4670 ".
1085 4612 1404 4669 illactenus
1453 4611 1672 4682 quidem
1707 4609 2027 4680 Evangeliur

2178 4605 2291 4676 ρίας
2313 4605 2412 4676 τῆς
2453 4605 2656 4676 μητρὸς
2704 4603 2889 4662 αὑτοῦ.
2925 4606 3019 4658 καὶ
3048 4605 3304 4669 πεσόντες
3330 4607 3729 4678 προσεκύνησαν

476 4717 750 4763 sanctum.
779 4713 846 4762 At
879 4723 1006 4763 vero
1049 4708 1224 4779 ipsius
1257 4705 1558 4776 prophetiae
1605 4703 1890 4758 oraculum
1925 4701 2027 4770 qui

2180 4697 2333 4768 ιὺτῷ.
2365 4717 2382 4748 ι
2415 4697 2599 4750 Ταῦτα
2634 4698 2728 4769 μὲν
2757 4697 2818 4750 τὸ
2853 4699 2992 4772 ἱερὸν
3027 4699 3358 4767 Εὑαγγέλιον
3379 4717 3394 4730 ⁸
3415 4701 3445 4752 ὁ
3469 4700 3528 4753 δέ
3553 4717 3614 4770 γε
3645 4700 3731 4768 τῆς

475 4800 552 4853 ait
584 4799 803 4854 tandem
836 4797 952 4854 fore
975 4809 1069 4852 aut
1097 4800 1152 4852 in
1186 4799 1334 4852 illius
1367 4798 1490 4851 novi
1523 4794 1720 4852 sideris
1744 4792 2026 4862 eruptione

2180 4789 2500 4860 προφητείας
2556 4788 2710 4858 λόγος
2766 4789 2857 4842 ἐπὶ
2887 4793 2951 4862 τῇ
2991 4790 3086 4844 τοῦ
3114 4789 3342 4864 ἀστέρος
3379 4792 3622 4864 ἐπιτολῇ,
3651 4789 3731 4844 καὶ

473 4899 568 4944 aut
607 4892 662 4946 in
695 4891 999 4946 Salvator-is
1029 4893 1206 4946 nostri
1228 4889 1361 4946 Jesu
1389 4889 1597 4944 Christi
1645 4895 1793 4950 ortu,
1830 4885 2024 4956 dignur

2174 4883 2228 4952 τῇ
2282 4879 2375 4932 τοῦ
2435 4879 2685 4952 Σωτῆρος
2709 4881 2740 4950 ἠ
2753 4879 2866 4950 μῶν
2905 4879 3080 4952 Ἰησοῦ
3114 4881 3352 4950 Χριστοῦ
3383 4884 3599 4952 γενέσει
3625 4883 3725 4935 τίνα

469 4981 616 5052 quod
669 4981 1077 5054 cognoscatur?
1130 4997 1326 5052 nempe
1377 4980 1701 5034 [rat-tionem
1764 4975 2020 5030 ductorur

2172 4970 2328 5041 φησιν
2377 4969 2617 5035 ἔσεσθαι,
2667 4971 2898 5023 συνιδεῖν
2961 4969 3148 5036 ἄξιον·
3194 4971 3436 5044 Θραῦσιν
3487 4971 3723 5045 ἀρχηγῶν

470 5074 648 5142 Moab,
682 5084 736 5129 et
761 5073 1121 5146 direptionem
1157 5075 1391 5130 ﬁliorum
1447 5071 1599 5136 Setb,
1637 5077 1898 5141 praeterea
1926 5067 2021 5124 reli

2224 5059 2356 5120 ωαὸ,
2379 5061 2472 5113 καὶ
2507 5061 2785 5132 προνομὴν
2839 5058 2970 5113 υἱῶν
3006 5059 3140 5129 Σὴθ,
3171 5061 3401 5114 καὶτῶν
3435 5079 3498 5130 γε
3543 5061 3724 5114 λοιπῶν
3763 5117 3775 5132 1

467 5184 702 5238 quorum
749 5165 989 5222 Judaica:
1028 5168 1206 5238 gentis
1241 5167 1482 5222 hostium
1535 5163 1926 5226 baareditatem,
1959 5178 2018 5232 qr

2168 5152 2248 5206 τοῦ
2323 5153 2590 5206 Ἰουδαίων
2641 5153 2826 5216 ἔθνους
2863 5150 3141 5222 πολεμίων
3169 5151 3562 5224 κληρονομίαν-ο
3595 5147 3719 5206 οὗτοι

465 5263 684 5332 quidem
720 5263 908 5317 hostes
938 5271 1096 5316 erant
1119 5261 1291 5316 Edam
1323 5269 1378 5316 et
1415 5257 1579 5315 Esau.
1611 5255 2010 5326 Cmtcrum,qui

2164 5246 2212 5298 δὲ
2241 5241 2378 5317 ἦσαν
2418 5244 2598 5317 Ἐδὼμ
2627 5245 2723 5299 καὶ⁵
2764 5241 2956 5298 Ἠσαῦ.
2989 5245 3054 5297 Τί
3084 5243 3140 5297 δέ
3159 5244 3378 5316 ᾐνίξατο
3399 5243 3488 5298 διὰ
3513 5244 3715 5302 τούτων,

465 5355 612 5406 aliud
667 5355 886 5408 tandem
939 5353 1270 5424 signiﬁcavit
1317 5352 1404 5408 bis
1460 5351 1672 5414 verbis,
1722 5364 1886 5420 quam
1953 5363 2016 5418 pe

2166 5339 2189 5410 ἣ
2215 5338 2302 5392 διὰ
2333 5339 2431 5410 μὲν
2462 5339 2571 5391 τῶν
2598 5339 2856 5410 ἁρχηγῶν
2897 5337 3072 5392 Μωάὂ
3095 5339 3194 5408 τὴν
3225 5337 3332 5391 τῶν
3371 5337 3609 5408 ἀοράτων
3633 5337 3717 5402 ἀρ-

463 5445 722 5498 ductorcs
775 5442 950 5510 Moab,
999 5443 1357 5498 invisibilium
1393 5443 1632 5496 hostium
1683 5439 2014 5494 eversionem

2164 5441 2356 5500 χοντων
2403 5431 2742 5504 καθαίρεσιν,
2793 5430 2971 5485 αὐτῶν
3017 5429 3081 5501 δὴ
3111 5429 3218 5482 τῶν
3251 5429 3417 5483 παλαι
3445 5430 3588 5500 παρὰ
3616 5429 3715 5487 τοῖς

463 5534 730 5604 ipsorum,
757 5539 1004 5608 inquam,
1032 5539 1367 5600 dmmonum,
1393 5536 1485 5606 qui
1511 5535 1642 5588 olim
1675 5533 1820 5604 apud
1845 5531 2014 5585 lloabi

2160 5523 2470 5586 Μωαὸίταις
2497 5521 2930 5594 θεολογουμένων
2950 5521 3218 5592 δαιμόνων
3237 5537 3252 5585 ;
3285 5521 3402 5574 ἀλλ’
3417 5521 3514 5590 οὐχ
3533 5517 3711 5587 ἑτέρων

463 5637 548 5682 tas
581 5627 810 5683 deorum
851 5633 971 5684 loco
997 5629 1357 5685 ferebantur?
1399 5628 1564 5698 Atqui
1619 5627 1852 5680 aliorum
1891 5637 2014 5677 men

2164 5615 2400 5688 ἐμνήσθη
2422 5616 2510 5670 διὰ
2539 5615 2638 5688 τὴν
2675 5613 3026 5685 εἰδωλολατρε
3037 5613 3122 5667 ίαν
3150 5613 3240 5666 τοῦ
3275 5611 3492 5684 Ἰσραὴλ
3519 5609 3608 5678 τὴν
3631 5605 3715 5706 ἐπὶ

461 5723 666 5777 tionem
691 5737 797 5775 non
819 5723 962 5788 fecit,
989 5731 1212 5794 propter
1228 5721 1654 5780 simulacrorum
1673 5717 1848 5788 ipsius
1881 5713 2012 5769 lsrat

2164 5708 2251 5779 τῆς
2271 5708 2476 5782 ἐρήμου
2493 5707 2817 5778 γενομένην,
2857 5707 2946 5760 ὅτε
2987 5703 3244 5776 ἐτελέσθη
3264 5704 3295 5755 ὁ
3319 5704 3447 5768 λαὸς
3469 5701 3543 5774 τῷ
3569 5698 3715 5752 Issi.-

535 5883 578 5912 ¹⁶
619 5878 776 5932 Nam.
819 5879 1170 5938 xsrv.l5-19.
1255 5879 1295 5909 ιτ
1341 5875 1530 5930 Matth.
1567 5891 1628 5938 ιι,
1663 5874 1715 5937 1,
1747 5873 1803 5926 ‘2.
1887 5871 1928 5902 "
1968 5868 2086 5924 ibid.

766 5919 776 5930 .
819 5879 1170 5938 xsrv.l5-19.
1255 5879 1295 5909 ιτ
1341 5875 1530 5930 Matth.
1567 5891 1628 5938 ιι,
1663 5874 1715 5937 1,
1747 5873 1803 5926 ‘2.
1887 5871 1928 5902 "
1968 5868 2098 5924 ibid.
2131 5869 2205 5922 9-
2232 5865 2317 5920 ll.
