3928 6548
177 546 259 602 653
1049 534 1696 592 DEMONSTI’tATIONIS
1747 529 2200 587 EVANGELICJE
2254 527 2495 584 LIBJX.

3289 526 3395 585 656

177 656 351 728 ῼεγὼρ
375 652 585 724 δαίμων
613 653 669 706 δὲ
691 649 757 724 ἦν
795 647 946 716 οὗτος
976 654 1052 711 ob:
1078 652 1199 715 Θεὸς
1228 651 1378 724 παρὰ
1412 650 1489 722 τῷ
1519 651 1721 720 βασιλεῖ

1823 645 2052 709 cultum,
2074 661 2184 716 quo
2212 645 2266 698 in
2287 643 2506 699 deserto
2533 658 2668 698 usus
2691 647 2920 712 est,quo
2952 651 3193 712 tempore
3224 658 3400 714 popu-

172 748 320 805 Mto‘16
370 746 450 817 τῷ
500 745 681 799 Βαλὰκ
733 744 1064 816 τιμώμενος.
1110 746 1261 799 Ἐπεὶ
1302 739 1394 797 οὖν
1424 743 1671 810 νενίκητο
1699 743 1727 793 6

182 839 372 912 Ἰσραὴλ
430 839 573 893 κατὰ
621 837 781 891 τοῦτο
824 835 916 890 τοῦ
950 834 1146 908 καιροῦ
1183 834 1318 906 πρὸς
1341 835 1447 888 τῶν
1481 833 1727 904 ἀοράτων

172 935 422 1005 ἀρχόντων
454 931 546 984 τοῦ
574 929 767 991 Macati,
798 929 939 997 λέγω
963 930 1019 982 δὲ
1047 929 1155 982 τῶν
1199 927 1350 1001 παρὰ
1369 930 1482 992 τοῖς
1514 925 1730 980 Μωαϐί-

173 1039 272 1084 ταις
291 1021 692 1092 νενομισμένων
740 1021 876 1073 θεῶν
901 1037 912 1050 ·
956 1019 1436 1090 (είδωλολάτρησαν
1473 1017 1603 1086 γοῦν
1631 1018 1726 1071 καὶ

175 1113 562 1187 προσεκύνησαν
606 1116 719 1176 τοῖς
761 1112 1051 1180 γλυπτοῖς,
1096 1113 1172 1176 ῶς
1231 1113 1457 1183 φησινή
1503 1112 1722 1183 Γραφὴο

177 1228 192 1259 ι
219 1209 313 1262 Καὶ
337 1206 693 1277 ἐτελέσθησαν
722 1206 798 1277 τῷ
831 1205 1171 1277 Βεελφεγὼρ,
1203 1225 1222 1258 ι
1264 1205 1468 1275 δαίμων
1491 1205 1545 1258 δὲ
1574 1200 1728 1267 οὗτος

172 1303 261 1353 τῶν
300 1298 604 1354 Μωαϐιτῶν
661 1294 764 1368 ἦν,
801 1298 889 1350 ὅτε
937 1297 1032 1350 καὶ
1077 1296 1470 1366 ὲξεπόρνευσαν
1508 1297 1588 1358 εἰς
1629 1295 1727 1358 τὰς

174 1390 548 1460 Μωαϐίτιδας·)
601 1389 823 1454 εἰκότως
881 1391 941 1443 τὸ
981 1389 1170 1459 μέλλον
1193 1388 1411 1442 ἔσεσθαί
1447 1405 1596 1450 ποτε,
1632 1387 1725 1440 καὶ

173 1481 252 1552 τὴν
281 1485 355 1542 είς
383 1479 692 1534 τούναντίον
725 1479 834 1531 τῶν
863 1478 1202 1549 πραγμάτων
1257 1477 1557 1546 μεταϐολὴν
1585 1473 1729 1528 κατὰ

173 1573 338 1644 καιρὸν
357 1573 386 1625 ό
413 1570 593 1628 Βαλαὰ
601 1587 640 1641 μ
662 1567 933 1633 θεσπίζει,
953 1568 1126 1636 λέγων
1145 1584 1158 1598 ·
1183 1587 1201 1617 ι
1244 1566 1516 1619 ’Λνατελεῖ
1531 1565 1726 1637 ἄστρον

173 1665 217 1730 ἐξ
261 1662 466 1726 Ἰακὼϐ,
504 1664 598 1716 καὶ
650 1662 1011 1733 ἀναστήσεται
1042 1659 1325 1732 ἄνθρωπος
1368 1657 1426 1722 ἐξ
1476 1656 1721 1728 Ἰσραὴλ·

173 1756 249 1807 καὶ
295 1754 515 1826 θραύσει
565 1744 840 1825 ἡγεμόνας
902 1751 1095 1806 Μωάϐ.
1140 1771 1158 1802 ι
1202 1751 1349 1804 Ὠσεὶ
1392 1750 1724 1820 σαφέστερον

172 1845 320 1912 ίλεγε,
347 1847 474 1910 τοὺς
515 1843 1033 1916 μεγαλαυχήσαντας
1061 1843 1198 1896 κατὰ
1231 1842 1324 1896 τοῦ
1371 1841 1583 1914 Ἰσραὴλ
1614 1841 1728 1894 δαί-

175 1957 315 2012 μονας
335 1938 443 1991 τῶν
472 1936 777 1992 Μωαϐιτῶν
800 1937 891 1989 ἐπὶ
920 1939 985 2006 τῇ
1020 1935 1229 2002 γενέσει
1260 1931 1353 1987 τοῦ
1391 1950 1726 2004 προφητευο-
1759 1990 1795 2016 Ι)

175 2030 330 2100 μένου,
375 2025 602 2098 θραῦσίν
657 2043 785 2078 ποτε
833 2024 925 2077 καὶ
949 2021 1154 2075 πτῶσιν
1185 2021 1410 2074 παθεῖν·
1443 2013 1516 2072 ὧν
1555 2019 1724 2090 θραυ-

174 2118 400 2180 σθέντων,
427 2117 557 2179 τοὺς
584 2116 730 2179 υἱοὺς
762 2113 892 2184 Σὴθ,
920 2113 1014 2166 καὶ
1053 2111 1249 2181 Ἐδὼμ,
1279 2109 1373 2163 καλ¹
1415 2107 1604 2172 Ἠσαῦ,
1631 2108 1724 2160 καὶ

173 2210 224 2263 τὰ
253 2208 410 2263 λοιπὰ
435 2208 587 2279 ἔθνη,
619 2206 655 2260 ἃ
697 2205 784 2259 διὰ
831 2203 1034 2258 τούτων
1077 2200 1436 2272 σημαίνεσθαι
1459 2199 1720 2271 ἡγοῦμαι,

173 2303 225 2357 τὲ
249 2301 410 2354 πάλαι
445 2296 957 2366 καταδεδουλωμένα
983 2297 1051 2366 τῇ
1081 2293 1364 2363 δαιμονικῇ
1394 2292 1591 2362 πλάνῃ,
1627 2307 1721 2360 με·

173 2392 446 2445 ταϐαλόντα
499 2390 601 2460 τῆς
643 2388 1058 2458 δεισιδαιμονίας
1081 2426 1095 2449 ,
1143 2387 1318 2439 οἰκεῖα
1343 2383 1436 2438 τοῦ
1468 2382 1720 2444 θεσπιζο-

177 2483 312 2552 μένου
360 2480 704 2550 γενήσεσθαι.
741 2497 758 2530 ι
811 2479 919 2531 Καὶ
960 2476 1133 2542 ἔσται,
1171 2477 1278 2548 γάρ
1323 2491 1508 2547 φησιν,
1546 2473 1723 2543 Ἐδὼμ

172 2571 500 2644 κληρονομία,
554 2571 647 2623 καὶ
694 2569 844 2622 ἔσται
902 2567 1233 2638 κληρονομία
1270 2566 1438 2620 Ἠσαῦ
1468 2567 1496 2619 6
1531 2565 1722 2636 ἐχθρὸς

171 2665 338 2718 αὑτοῦ.
390 2683 410 2717 ι
462 2665 525 2716 Oi
572 2662 679 2734 γὰρ
737 2661 897 2714 πάλαι
946 2660 1129 2732 ἐχθροὶ
1163 2659 1255 2713 τοῦ
1311 2657 1445 2712 Θεοῦ
1491 2660 1585 2713 καὶ
1628 2657 1720 2711 τοῦ

181 2754 410 2826 Ἰσραὴλ,
456 2753 620 2823 φησι,
697 2753 1016 2824 γενήσονται
1064 2751 1397 2822 κληρονομία
1446 2751 1538 2804 τοῦ
1591 2768 1724 2822 προ-

172 2847 533 2920 φητευομένου.
586 2845 758 2909 Αὐτὸς
784 2844 892 2916 γὰρ
924 2840 991 2916 ἦν
1101 2844 1285 2915 εἴρητο
1309 2844 1444 2915 πρὸς
1471 2843 1563 2897 τοῦ
1589 2843 1721 2897 Θεοῦ

172 2938 250 2991 καὶ
272 2937 480 3009 Ila-:96;
531 2935 696 2990 αὐτοῦ
718 2953 732 2966 ⁸
773 2955 792 2986 ι
841 2936 1073 3005 Αἵτησαι
1109 2934 1236 3004 παρ’
1260 2933 1417 3004 ἐμοῦ,
1441 2933 1537 2986 καὶ
1567 2934 1721 2987 δώσω

172 3047 240 3084 σοι
268 3030 386 3102 ἔθνη
429 3029 530 3100 τὴν
575 3026 936 3099 κληρονομίαν
959 3043 1072 3080 σου·
1115 3045 1134 3077 ι
1180 3019 1255 3079 ὧν
1279 3028 1356 3089 είς
1403 3029 1494 3078 τόν
1525 3026 1722 3097 κλῆρον

169 3123 259 3174 τῶν
287 3123 450 3191 ἁγίων
489 3119 891 3192 μεταστάντων,
934 3118 1194 3172 τάναντία
1237 3117 1315 3189 τῷ
1359 3118 1574 3190 Ἰσραὴλ
1601 3119 1721 3172 ἔσε-

172 3214 277 3266 σθαι
303 3211 566 3276 θεσπίζει.
610 3213 748 3285 Φησὶ
785 3210 944 3280 γοῦν
999 3229 1016 3262 ι
1053 3213 1160 3265 Καὶ
1211 3210 1428 3283 Ἰσραὴλ
1471 3210 1723 3283 ἐποίησεν

166 3309 216 3358 ἐν
245 3307 402 3377 ἰσχύϊ.
442 3325 461 3357 ι
497 3305 570 3359 Τὸ
602 3304 680 3369 δὲ,
711 3304 965 3398 εποίησεν
995 3305 1051 3398 ἐν
1070 3302 1229 3398 Δἰσχύί
1254 3302 1595 3398 την-πάντων
1630 3320 1724 3398 μεῖ-
1750 3339 1792 3398 C

169 3398 340 3468 γίστην
371 3395 623 3450 ἀσέϐειαν
643 3414 655 3428 ·
709 3395 790 3448 διὸ
831 3393 1244 3466 ἐξεγερθήσεται
1276 3395 1370 3447 ἀπ’
1417 3394 1594 3448 αὐτῶν
1625 3396 1719 3448 καὶ

169 3489 589 3561 ἐξαναστήσεται.
646 3488 738 3551 Τίς
791 3482 1001 3557 οῦτοςῆ
1033 3488 1062 3539 ὁ
1111 3485 1581 3558 προφητευόμενος
1624 3486 1718 3540 τοῦ

169 3582 289 3637 Θεοῦ
320 3583 509 3652 Λόγος,
534 3581 594 3645 ὃς
623 3581 716 3634 καὶ
763 3579 1010 3633 ἀπώλεσε
1051 3579 1348 3649 σωζόμενον
1383 3581 1448 3631 ὲκ
1481 3578 1717 3646 πόλεως;

169 3670 305 3744 οἶμαι
347 3675 404 3728 δὲ
464 3675 564 3746 τὴν
606 3671 961 3744 Ἰερουσαλὴμ
989 3669 1340 3733 αἰνίττεσθαι,
1370 3669 1429 3736 ἐξ
1460 3664 1528 3741 ἧς
1555 3668 1721 3723 ὤλετο

169 3768 263 3829 πᾶς
296 3765 612 3836 σωζόμενος,
644 3765 677 3836 ἢ
702 3764 796 3818 καὶ
827 3763 888 3817 τὸ
933 3764 1042 3816 πᾶν
1073 3762 1167 3816 τοῦ
1196 3762 1381 3825 ἔθνους
1409 3760 1587 3815 αὐτῶν
1621 3778 1720 3814 πο-

168 3857 394 3928 λίτευμα.
428 3858 614 3912 Ταῦτα
657 3857 714 3910 δὲ
749 3856 871 3910 ὅποι
911 3855 1098 3918 τέλους
1129 3845 1336 3925 ἔτυχεν,
1367 3853 1500 3925 ὁμοῦ
1528 3858 1594 3926 τῇ
1623 3853 1718 3906 τοῦ

167 3948 397 4021 Σωτῆρος
422 3949 584 4021 ἡμῶν
603 3950 684 4012 εἰς
707 3945 1025 4019 ἀνθρώπους
1057 3947 1443 4019 ὲκλάμψειτῶν
1465 3946 1564 4018 μὲν
1592 3948 1718 4018 πρὶν

167 4039 545 4112 είδωλολατρῶν
565 4038 734 4092 ἐθνῶν
757 4040 838 4102 εἰς
865 4039 955 4092 τὸν
989 4037 1168 4092 αὐτῶν
1195 4039 1573 4110 μεταστάντων
1584 4039 1719 4109 κλῆ-

168 4147 268 4202 ρον,
297 4132 384 4186 τοῦ
413 4133 469 4185 δὲ
533 4131 801 4184 Ἰουδαίων
852 4129 1035 4194 ἔθνους
1069 4132 1163 4184 καὶ
1201 4130 1301 4201 τῆς
1339 4130 1719 4202 μητροπόλεως

167 4225 326 4278 αὐτῶν
378 4223 722 4278 πεπονθότων
775 4225 932 4276 ὁποῖα
989 4220 1352 4286 οὐδεπώποτε,
1386 4223 1446 4275 οὐ
1492 4223 1715 4294 μακρῶν

165 4311 258 4366 δεῖν
287 4311 432 4386 οἶμαι
460 4314 652 4382 λόγων.
702 4312 860 4366 Ἀλλὰ
887 4311 955 4366 τὰ
989 4313 1086 4382 μὲν
1113 4313 1210 4381 τῆς
1255 4311 1590 4382 συμφωνίας,
1619 4314 1718 4383 τῆς

165 4420 220 4457 τε
267 4407 602 4478 προφητικῆς
653 4406 1026 4476 προρρήσεως,
1074 4404 1169 4456 καὶ
1214 4403 1313 4473 τῆς
1357 4402 1716 4475 εὐαγγελικῆς

167 4499 594 4571 σνμπεράνσεως,
659 4491 758 4550 ὦδέ
808 4512 922 4558 πως
983 4495 1152 4564 ἐχέτω
1185 4494 1355 4558 τέλος.
1395 4495 1458 4548 Τί
1489 4495 1532 4547 δ’
1560 4491 1627 4566 ἦν
1655 4496 1716 4548 τὸ

166 4589 315 4646 αἴτιον
355 4592 456 4662 τῆς
494 4590 842 4661 ἐπιλάμψεως
882 4588 974 4643 τοῦ
1005 4589 1262 4658 φανέντος
1289 4588 1536 4658 ἀστέρος,
1590 4605 1715 4642 συν-

1831 743 1915 797 lus
1964 740 2210 794 initiatus
2263 745 2348 794 est
2396 736 2748 807 Beelphegor.
2790 734 2920 788 Erat
2976 749 3137 806 porro
3166 735 3254 791 hic
3284 736 3396 792 dae-

1830 849 1978 897 mon,
2025 833 2119 902 qui
2155 840 2213 884 ιιι
2262 831 2397 884 deus
2435 844 2464 883 a
2493 844 2620 899 rege
2660 827 2817 882 Moab
2847 827 2966 897 ipso
2997 827 3157 882 Balac
3177 829 3398 884 coleba-

1831 931 1942 980 tur.
1974 924 2237 991 Quoniam
2271 923 2436 992 igitur
2456 921 2633 976 victus
2656 928 2739 976 est
2767 919 2930 975 Israel
2964 920 3055 974 illo
3082 928 3329 992 tempore
3364 937 3397 978 a

1830 1015 2172 1085 principibus
2220 1011 2378 1066 Moab
2407 1012 2585 1066 visum
2618 1011 3022 1081 elfugientibus.
3054 1011 3178 1077 dico
3212 1019 3399 1068 autem

1829 1106 1897 1160 ab
1946 1104 2014 1160 iis
2057 1104 2146 1173 qui
2177 1103 2318 1172 apud
2352 1101 2614 1156 Moabitas
2641 1117 2738 1170 pro
2762 1101 2867 1155 diis
2894 1102 3214 1156 colebantur
3244 1102 3401 1173 (sane

1829 1198 2034 1252 idcirco
2092 1204 2145 1251 et
2195 1196 2486 1250 simulacra
2554 1196 2874 1258 coluerunt,
2928 1203 2982 1248 ct
3035 1195 3432 1251 adoraverunt.

1831 1288 2128 1358 sculptilia,
2151 1297 2206 1340 ut
2238 1287 2311 1339 ait
2341 1285 2620 1355 Scriptura
2656 1307 2668 1340 :
2703 1307 2720 1337 (
2760 1286 2823 1340 Et
2860 1287 3054 1340 initiati
3083 1297 3212 1344 sunt
3243 1288 3398 1344 Beel-

1828 1380 2119 1450 pbegor",
2171 1396 2189 1430 ι
2247 1378 2338 1447 qui
2408 1377 2747 1447 Beelpbegor
2801 1378 3010 1433 dremon
3081 1391 3197 1435 erat
3255 1383 3398 1452 apud

1828 1469 2116 1534 Moabitas,
2151 1483 2259 1538 quo
2294 1475 2538 1538 tempore
2575 1468 2738 1522 iidem
2780 1484 2902 1521 cum
2951 1469 3169 1525 feminis
3203 1471 3401 1526 Moabi-

1829 1571 2004 1616 tarum
2042 1561 2291 1615 fornicati
2323 1563 2495 1626 sunt),
2529 1561 2724 1614 merito
2760 1561 2902 1630 quod
2933 1561 3063 1616 olim
3105 1572 3222 1617 erat
3251 1564 3399 1620 futu-

1826 1668 1972 1716 rum,
2005 1668 2187 1707 rerum
2220 1654 2410 1721 utique
2466 1653 2520 1706 in
2570 1652 2904 1706 contrarium
2952 1653 3308 1710 mutationem
3343 1657 3396 1710 in

1827 1751 2072 1814 tempore
2102 1742 2310 1798 divinat
2359 1743 2601 1807 Balaam,
2633 1743 2866 1798 dicens:
2913 1763 2930 1796 ι
2974 1743 3193 1800 Orietur
3241 1749 3397 1801 stella

1827 1851 1892 1890 ex
1920 1834 2111 1898 Jacob,
2138 1843 2190 1890 et
2224 1842 2410 1906 surget
2446 1836 2608 1889 homo
2639 1851 2703 1891 ex
2737 1833 2923 1892 Israel.
2955 1835 3021 1890 Iit
3052 1836 3265 1908 franget
3298 1840 3402 1893 du-

1828 1942 1921 1981 ces
1951 1927 2128 1982 Moab.
2153 1947 2171 1977 ι
2194 1926 2476 1997 Tanquam
2510 1927 2555 1981 si
2577 1926 2921 1983 manifestius
2939 1928 3166 1991 diceret,
3194 1928 3399 1984 Moabi-

1826 2027 2003 2073 tarum
2021 2020 2296 2074 daemonas
2312 2019 2405 2088 qui
2419 2034 2562 2073 nunc
2580 2019 2842 2074 adversus
2857 2019 3020 2074 Israel
3034 2020 3250 2090 gloriati
3269 2030 3398 2078 sunt

1826 2111 1880 2165 in
1901 2121 2021 2167 ortu
2055 2113 2175 2181 ejus
2203 2112 2269 2166 de
2287 2127 2396 2182 quo
2420 2112 2536 2182 ipse
2554 2111 2905 2172 vaticinatur,
2931 2111 3251 2170 fractionem
3275 2124 3399 2168 tan-

1824 2203 1945 2258 dem
1993 2213 2045 2257 et
2088 2205 2298 2258 ruinam
2347 2219 2605 2271 passuros
2655 2223 2670 2259 :
2735 2204 2936 2273 quibus
2985 2204 3193 2272 fractis,
3257 2207 3396 2262 ﬁlios

1823 2293 1986 2366 419
2017 2294 2167 2358 Seth,
2197 2301 2250 2350 et
2289 2294 2480 2360 Edom,
2512 2305 2565 2350 et
2600 2294 2766 2358 Esau,
2799 2303 2853 2349 et
2902 2297 3142 2367 reliquas
3182 2308 3394 2369 gentes.

1824 2403 1960 2455 quas
2012 2387 2096 2441 bis
2143 2386 2456 2442 nominibus
2501 2387 2795 2457 significari
2845 2388 3117 2453 arbitror,
3165 2398 3225 2443 ut
3263 2392 3394 2445 olim

1827 2479 2126 2533 daamonico
2155 2480 2327 2533 errori
2373 2478 2604 2533 addictae
2634 2487 2810 2544 erant,
2846 2483 2927 2536 sic
2967 2483 3168 2551 rejecta
3199 2498 3394 2553 super-

1825 2572 2067 2636 stitione,
2105 2571 2397 2627 familiares
2428 2573 2573 2628 illius
2605 2572 2841 2637 futuras,
2882 2576 2974 2644 qui
3011 2583 3275 2632 venturus
3299 2593 3394 2630 ca-

1825 2663 1990 2718 nitur.
2034 2682 2053 2714 ι
2092 2662 2156 2716 Ει
2207 2665 2330 2728 erit,
2382 2664 2581 2735 inquit,
2624 2664 2789 2719 Edom
2834 2666 3158 2734 haereditas,
3199 2679 3252 2724 et
3291 2670 3397 2724 erit

1826 2754 2111 2809 Imreditas
2159 2754 2302 2810 Esau
2353 2755 2608 2811 inimicus
2658 2756 2799 2825 ejus;
2841 2777 2860 2808 ι
2904 2765 3134 2822 veteres,
3190 2761 3390 2830 inquit,

1823 2845 2009 2899 hostes
2044 2841 2140 2899 Dei
2184 2852 2344 2912 atque
2396 2844 2562 2898 Israel
2595 2853 2754 2899 erunt
2794 2846 3086 2904 hmreditas
3126 2848 3266 2918 ejus,
3297 2852 3390 2919 qui

1823 2939 2038 2992 canitur
2065 2937 2303 3003 futurus;
2336 2939 2452 3006 ipse
2477 2938 2619 2993 enim
2649 2948 2733 2994 est
2757 2939 2844 2993 cui
2876 2938 3082 2995 dictum
3103 2948 3191 2996 est
3222 2957 3253 2995 a
3286 2941 3396 2997 Deo

1823 3038 1876 3084 et
1906 3029 2064 3084 Patre
2102 3045 2203 3084 suo
2236 3048 2248 3084 :
2288 3048 2306 3080 ε
2342 3029 2564 3084 Postula
2595 3044 2627 3083 a
2660 3046 2766 3096 me,
2801 3039 2853 3085 et
2883 3031 3024 3086 dabo
3072 3033 3168 3088 tibi
3205 3043 3393 3103 gentes

1825 3123 2191 3178 haereditatem
2225 3128 2373 3176 tuam
2392 3123 2458 3176 ὀ.
2504 3142 2522 3175 ι
2554 3121 2684 3188 Qua:
2707 3139 2830 3178 cum
2857 3123 2912 3178 in
2935 3133 3136 3179 sortem
3172 3135 3395 3181 sancto-

1825 3230 1943 3271 rum
1981 3215 2316 3275 transierint,
2353 3215 2624 3269 contraria
2667 3214 2770 3285 ipsi
2805 3213 2968 3271 Israel
3004 3215 3121 3272 fore
3161 3218 3392 3276 divinat.

1823 3309 1915 3361 Ait
1945 3307 2112 3376 igitur
2139 3324 2152 3361 :
2193 3325 2211 3356 ι
2250 3305 2319 3359 Ει
2345 3306 2514 3360 Israel
2544 3304 2671 3360 fecit
2692 3305 2745 3359 in
2769 3305 2987 3371 robore,
3018 3325 3037 3358 ι
3065 3307 3192 3363 fecit
3212 3318 3392 3364 autem

1827 3399 1880 3452 in
1929 3399 2124 3452 robore
2171 3397 2414 3453 omnium
2466 3398 2764 3451 maximum
2812 3399 3024 3465 scelus;
3064 3409 3396 3472 quapropter

1844 3491 2173 3545 excitabitur
2233 3500 2287 3546 et
2335 3497 2609 3559 exsurget.
2678 3489 2812 3556 Quis
2882 3491 3100 3546 tandem
3145 3493 3250 3549 iste
3286 3493 3396 3549 nisi

1827 3582 1874 3636 is
1902 3582 2051 3651 quia
2084 3581 2362 3652 prophetis
2416 3581 2632 3636 canitur
2689 3581 2783 3637 Dei
2821 3581 3082 3645 Verbum,
3109 3585 3200 3654 qui
3229 3586 3394 3640 etiam

1826 3674 2059 3743 perdidit
2085 3689 2206 3727 eum
2242 3674 2333 3743 qui
2364 3681 2614 3729 servatur
2645 3688 2713 3728 cx
2743 3673 2999 3729 civitate?
3033 3673 3243 3741 Quibus
3272 3692 3395 3731 ver-

1825 3763 1910 3819 bis
1965 3763 2135 3832 ipsam
2197 3761 2497 3818 Jerusalem
2546 3763 2848 3834 signilicari
2901 3765 3156 3827 arbitror,
3190 3781 3257 3821 ex
3283 3783 3391 3837 qua

1825 3851 1980 3921 periit
1996 3851 2173 3908 omnis
2199 3851 2510 3923 quicunque
2539 3861 2818 3922 superstes
2846 3853 3046 3910 mansit
3076 3863 3206 3910 :aut
3230 3857 3392 3912 etiam

1823 3956 1984 3996 omne
2027 3941 2148 4010 ejus
2204 3943 2381 4012 gentis
2441 3942 2597 3998 civile
2658 3942 2990 3999 institutum.
3039 3942 3164 4000 Haec
3211 3955 3392 4001 autem

1824 4047 2110 4104 quemnam
2144 4034 2349 4087 exitum
2381 4033 2572 4088 sortita
2601 4033 2733 4096 sint,
2766 4049 2890 4089 cum
2925 4043 3114 4106 gentes
3140 4037 3294 4107 prius
3317 4038 3397 4095 si-

1822 4125 2066 4180 mulacra
2097 4125 2337 4180 colentes
2376 4140 2486 4180 una
2523 4140 2648 4180 cum
2700 4126 3002 4184 Salvator-is
3045 4138 3217 4183 IIOSII‘I
3253 4130 3396 4185 inter

1821 4218 2072 4274 homines
2101 4225 2316 4279 exortu,
2351 4218 2406 4271 in
2447 4218 2662 4273 illorum
2698 4227 2901 4275 sortem
2936 4222 3218 4276 translata:
3256 4222 3392 4288 sint,

1819 4307 2047 4364 Iudaica
2078 4324 2206 4364 vero
2241 4325 2392 4379 gens,
2425 4319 2478 4364 et
2520 4309 2833 4364 Iudaeorum
2876 4319 3051 4366 mater
3092 4311 3285 4367 civitas
3326 4329 3392 4368 ea

1821 4416 2091 4473 perpessa:
2131 4402 2241 4456 sint
2286 4417 2406 4470 qua;
2445 4415 2725 4471 nunquam
2773 4409 2952 4469 antea,
3003 4419 3110 4458 non
3160 4405 3395 4474 longiori

1822 4495 2058 4548 arbitror
2109 4495 2354 4547 oratione
2394 4493 2634 4564 indigere
2683 4499 2742 4545 ut
2771 4496 3015 4563 apertius
3047 4497 3394 4551 ostendatur.

1819 4587 2072 4639 Attamen
2101 4601 2222 4654 qua:
2255 4585 2319 4639 ad
2356 4599 2681 4640 consensum
2715 4586 2987 4653 pertinent
3014 4593 3125 4640 tum
3152 4589 3391 4659 prophe-

167 4682 281 4736 ιδεῖν
299 4685 459 4750 ἄξιον.
479 4687 574 4748 Εἰς
609 4684 813 4754 σημεῖά
843 4699 1005 4754 φησιν
1027 4684 1055 4734 6
1079 4682 1336 4753 Μωῦσῆς,
1367 4683 1462 4735 καὶ
1496 4684 1574 4745 εἰς
1596 4699 1715 4735 και-

1823 4679 1939 4732 ticae
1964 4679 2348 4748 praedictionis,
2373 4687 2488 4733 tum
2525 4682 2848 4751 evangelicae
2878 4684 3390 4749 consummationis,

167 4777 278 4843 ροὺς
301 4777 562 4831 τεθεῖσθαι
608 4778 733 4839 τοὺς
786 4775 994 4837 πάντας
1023 4775 1081 4826 ἐν
1117 4773 1196 4843 τῷ
1240 4773 1577 4846 στερεώματι
1608 4774 1710 4827 ὑπὸ

162 4861 246 4920 τοῦ
267 4867 390 4923 Θεοῦ
419 4868 685 4938 όιστέριιις⁹
719 4865 865 4931 ξένος
890 4865 946 4918 δὲ
975 4862 1066 4919 οὖν
1099 4867 1189 4919 καὶ
1213 4867 1274 4919 οὐ
1309 4865 1561 4937 συνήθης,
1592 4867 1710 4920 οὐδὲ

161 4957 259 5010 τῶν
296 4961 500 5014 πολλῶν
536 4958 631 5012 καὶ
668 4957 956 5030 γνωρίμων
988 4953 1087 5022 εἷς,
1120 4957 1257 5012 ἀλλά
1286 4975 1370 5022 τις
1407 4957 1590 5020 καινὸς
1621 4957 1715 5010 καὶ

161 5050 266 5114 νέος
291 5053 462 5124 ἀστὴρ
497 5051 781 5117 ἐπιφανεὶς
811 5049 890 5121 τῷ
925 5049 1045 5122 βίῳ,
1068 5053 1292 5120 σημεῖον
1310 5047 1468 5114 ξένου
1495 5049 1712 5119 φωστῆ-

164 5156 245 5209 ρος
267 5142 447 5215 ἐδήλου
494 5141 946 5213 καταλάμψαντος
981 5140 1057 5212 τῷ
1096 5141 1256 5194 παντὶ
1316 5140 1527 5212 κόσμῳ,
1560 5141 1618 5206 ὃς
1643 5137 1714 5212 ἦν

157 5235 185 5284 6
210 5235 431 5307 Χριστὸς
486 5235 584 5290 τοῦ
619 5234 778 5295 Θεοῦ,
825 5234 997 5305 μέγας
1026 5233 1122 5288 καὶ
1153 5233 1273 5297 νέος
1300 5234 1497 5304 ἀστὴρ,
1525 5227 1586 5287 οῦ
1611 5233 1712 5304 τὴν

155 5327 328 5382 εἰκόνα
361 5326 704 5398 συμϐολικῶς
747 5328 778 5380 ό
813 5325 1000 5395 φανεὶς
1034 5324 1156 5379 τότε
1196 5328 1306 5388 τοῖς
1370 5326 1564 5396 μάγοις
1610 5328 1711 5379 ἐπ-

155 5418 381 5489 εςέρετο.
427 5419 646 5488 Ἐπειδὴ
668 5417 778 5491 γὰρ
808 5415 928 5471 καθ’
969 5416 1098 5489 ὅλης
1139 5418 1236 5488 τῆς
1287 5418 1438 5488 ἱεράς
1466 5417 1560 5472 καὶ
1593 5417 1710 5471 θεο-

156 5508 401 5568 πνεύστου
425 5512 652 5585 Γραφῆς
685 5513 718 5566 ό
752 5509 1154 5584 προηγούμενος
1183 5510 1284 5580 τῆς
1314 5510 1552 5576 διανοίας
1585 5527 1711 5565 σκοο

155 5600 248 5664 τὴς
283 5603 655 5676 μυστικώτερα
691 5603 785 5657 καὶ
815 5603 936 5657 θεῖα.
967 5601 1216 5672 βούλεται
1250 5601 1545 5667 παιδεύειν,
1573 5601 1712 5673 μετὰ

150 5692 242 5745 τοῦ
287 5697 375 5749 καὶ
419 5697 520 5767 τὴν
571 5695 861 5768 πρόχειρον
903 5693 1143 5748 διάνοιαν
1167 5692 1436 5757 σώζεσθαι
1455 5696 1514 5748 ἐν
1555 5694 1708 5765 μέρει

154 5784 424 5856 ιστορικῶς
452 5787 878 5859 πεπραγμένων,
917 5787 1140 5848 εἰκότως
1172 5787 1267 5839 καὶ
1293 5789 1326 5856 ἡ
1355 5786 1490 5856 μετὰ
1519 5789 1704 5858 χεῖρας

218 5965 262 5995 ³⁸
303 5963 435 6020 Psal.
465 5983 562 6032 cv,
595 5969 689 6024 28.
765 5969 808 6002 ¹⁰
848 5967 993 6024 Psal.
1030 5982 1105 6032 ιι,
1136 5966 1191 6024 8.
1234 6039 1238 6044 _

1818 4771 1979 4824 talem
2023 4786 2153 4826 sane
2189 4771 2670 4828 habeantexitum.
2706 4771 2976 4847 Caeterum
3019 4790 3140 4845 qua:
3171 4775 3391 4830 tandem

1819 4877 1986 4917 causa
2015 4863 2224 4918 exstitit
2252 4875 2474 4934 propter
2496 4879 2659 4934 quam
2684 4866 2837 4919 stella
2867 4882 2987 4937 quae
3011 4875 3123 4922 tum
3145 4868 3261 4923 visa
3285 4878 3388 4932 est,

1818 4953 2080 5019 illuxerit,
2112 4971 2232 5024 quae
2264 4956 2482 5026 quidem
2507 4972 2674 5014 causa
2706 4960 3074 5030 contemplatu
3107 4960 3271 5031 digna
3295 4960 3391 5015 sit':

1819 5046 1999 5103 Moses
2019 5049 2238 5118 quidem
2261 5050 2314 5103 in
2347 5051 2498 5120 signa
2525 5053 2600 5105 ait
2621 5061 2676 5107 et
2700 5061 2943 5124 tempora
2963 5053 3016 5107 in
3046 5053 3392 5108 firmamento

1821 5154 1851 5194 a
1886 5139 1995 5194 Deo
2021 5139 2198 5210 posita
2228 5141 2395 5196 fuisse
2431 5143 2611 5198 sidera
2635 5145 2925 5209 universa;
2961 5153 3016 5198 at
3040 5159 3169 5199 vero
3201 5144 3305 5199 hoc
3335 5153 3392 5199 et

1816 5233 2163 5303 peregrinum
2213 5240 2268 5287 et
2298 5233 2604 5296 insolitum,
2635 5251 2812 5305 neque
2838 5235 2978 5290 idem
3016 5250 3082 5289 ex
3117 5235 3302 5290 multis
3333 5243 3391 5290 et

1816 5323 2052 5394 cognitis
2084 5339 2276 5384 unum.
2314 5325 2407 5380 sed
2441 5341 2640 5379 novum
2694 5328 2876 5397 potius
2911 5325 3182 5395 quoddam
3213 5341 3390 5396 neque

1815 5423 1976 5472 antea
2001 5416 2176 5471 visum
2209 5415 2384 5476 sidus.
2416 5415 2560 5486 quod
2590 5417 2714 5471 vita:
2748 5415 3028 5471 hominum
3073 5416 3271 5476 illuxit,
3298 5433 3387 5472 re~

1814 5509 1992 5565 centis
2033 5508 2318 5578 cujusdam
2361 5510 2649 5564 luminaris
2696 5511 2944 5580 signum,
2976 5511 3121 5580 quod
3168 5511 3386 5566 univer-

1815 5614 1938 5655 sum
1976 5598 2240 5653 mundum
2273 5599 2592 5661 illustraret,
2635 5597 2952 5653 indicabat:
2984 5595 3130 5668 quod
3162 5596 3383 5669 quidem

1815 5693 2084 5750 luminare
2126 5691 2382 5749 Christus
2420 5689 2516 5747 Dei
2572 5700 2712 5755 erat,
2745 5691 2939 5762 ingens
2984 5690 3117 5746 illud
3151 5703 3413 5744 novum--.

1810 5801 1917 5856 que
1944 5785 2120 5852 sidus,
2167 5785 2325 5854 cujus
2355 5785 2643 5855 imaginem
2672 5800 2737 5840 ex
2773 5783 3180 5855 comparatione
3209 5795 3274 5837 ac
3304 5778 3389 5838 5i-
