3928 6544
479 525 598 583 ’655

1122 523 1399 580 'EUSEBll
1437 521 1920 579 C£SARIENSIS
1961 521 2112 576 OPP.
2158 521 2366 580 PARS.
2409 522 2474 581 ll.
2497 554 2566 566 -—
2598 523 3096 584 APOLOGETICA.
3666 529 3756 587 δῖε

492 641 800 700 militudine
827 641 1084 712 quadam,
1108 642 1238 695 illud
1261 642 1407 712 quod
1438 650 1568 694 tunc
1593 640 1766 710 magis
1793 640 2067 709 apparuit,

2180 640 2490 713 πρόρρησις
2513 639 2816 712 ἐπληροῦτο
2853 641 2988 713 πρὸς
3007 639 3154 708 λέξιν
3184 639 3281 693 ἐπὶ
3307 643 3371 713 τῇ
3399 640 3493 695 τοῦ
3531 658 3758 715 προαναο

491 735 779 790 referebat.
821 733 955 788 Cum
1009 733 1153 788 enim
1199 748 1294 802 per
1349 740 1518 787 totam
1564 737 1973 787 sacrosanctam
2019 738 2073 786 et

491 844 521 880 ιι
543 829 727 881 divino
767 823 974 896 Spiritu
997 824 1260 878 traditam
1294 823 1664 895 Scripturam,
1703 824 1748 878 si
1794 823 1919 893 quis
1952 836 2076 877 eam

491 918 557 973 ad
587 932 809 972 sensum
844 915 1251 984 interpretetur,
1298 915 1536 986 primum
1582 916 1655 970 sit
1701 914 2069 984 propositum,

490 1015 551 1060 ut
581 1006 806 1077 mystica
834 1003 1082 1075 quaedam
1127 1004 1424 1074 divinaque
1468 1003 1686 1068 doceat,
1738 1010 1958 1058 servato
1987 1009 2075 1054 ta-

489 1115 613 1155 men
641 1099 833 1153 saltem
858 1097 914 1150 in
945 1105 1101 1167 parte
1131 1099 1296 1152 etiam
1329 1096 1540 1168 vulgari
1565 1105 1860 1166 apertoque
1909 1109 2075 1150 sensu

488 1206 679 1247 eorum
709 1205 832 1260 quae
874 1189 1137 1245 historice
1169 1197 1323 1260 gesta
1356 1196 1487 1266 sunt
1515 1188 1760 1290 :rt‘pprito
1800 1187 1905 1242 hoc
1938 1201 2078 1258 quo-

488 1299 595 1354 que
619 1259 764 1354 quod
795 1299 942 1337 nunc
978 1291 1246 1337 tractatur
1280 1259 1824 1350 ora'cidurnta‘i‘nvcjus
1856 1280 2072 1343 sideris,

489 1376 774 1446 prophetia
814 1375 962 1445 quod
999 1376 1053 1428 in
1086 1386 1206 1428 ortu
1249 1371 1551 1428 Salvatoris
1585 1373 1760 1427 nostri
1805 1372 2074 1425 oriturum

492 1466 951 1530 denuntiabatur,
999 1465 1162 1520 etiam
1209 1465 1276 1519 ad
1317 1465 1542 1519 verbum
1590 1465 1916 1534 completum
1968 1470 2072 1517 est.

480 1557 653 1630 ,420
681 1556 967 1613 Exsistunt
1013 1556 1234 1628 quidem
1284 1556 1407 1610 aliis
1455 1570 1673 1626 quoque
1725 1553 1982 1624 gloriosis
2021 1560 2076 1607 et

488 1651 799 1707 illustribus
829 1651 962 1706 viris
991 1649 1336 1704 insolitarum
1367 1648 1648 1702 stellarum
1682 1647 1857 1716 ignes,
1893 1651 1951 1698 ut
1982 1658 2078 1698 ea-

481 1761 610 1800 ‘rum
646 1760 766 1814 quze
811 1759 842 1800 a
872 1743 1202 1814 quibusdam
1238 1742 1450 1798 crinitae
1473 1747 1762 1802 vocantur,
1798 1740 1925 1794 item
1955 1753 2078 1809 quae

493 1836 682 1896 trabis.
729 1844 821 1890 aut
856 1851 977 1904 qua:
1004 1835 1185 1888 barbae
1224 1831 1636 1888 similitudinem
1673 1830 1935 1894 ferentes,
1969 1829 2078 1883 uti-

481 1945 596 2000 que
630 1930 791 1983 etiam
825 1925 1188 1998 quarumdam
1230 1926 1464 1978 aliarum
1506 1924 1592 1982 his
1635 1922 1919 1986 similium,
1956 1935 2076 1991 quae

2180 733 2519 804 φωνηθέντος
2573 733 2803 805 ἀστέρος
2847 733 2940 787 ἐπὶ
2988 735 3055 805 τῇ
3108 733 3317 802 γενέσει
3363 733 3458 790 τοῦ
3514 736 3758 808 Σωτῆρος

2177 825 2334 897 ἡμῶν
2373 825 2702 898 προφητείᾳ.
2756 824 3038 894 Γίγνονται
3084 825 3184 896 μὲν
3211 821 3303 881 οὖν
3325 827 3420 882 καὶ
3451 827 3540 896 ἐφ’
3567 828 3760 901 ἐτέρων

2176 916 2433 983 ἐπιδόξων
2470 918 2563 971 καὶ
2612 916 2891 987 ἐπιφανῶν
2922 917 3131 989 ἀνδρῶν
3170 916 3481 984 ξενιζόντων
3522 919 3761 990 ἀστέρων

2177 1008 2496 1080 ἑκλάμψεις,
2523 1003 2634 1062 οἷον
2659 1007 2766 1062 τῶν
2782 1005 3132 1078 καλουμένων
3161 1009 3313 1079 παρά
3344 1025 3453 1062 τισι
3487 1010 3758 1080 κομητῶν,

2177 1101 2211 1172 ἢ
2272 1100 2515 1164 δοκίδων,
2568 1100 2602 1172 ἢ
2654 1098 2976 1169 πωγωνιῶν,
3021 1100 3055 1170 ἡ
3104 1116 3266 1152 τινων
3303 1099 3508 1172 ἑτέρων
3558 1101 3761 1168 τούτοις

2179 1192 2598 1263 παραπλησίων,
2649 1190 2744 1244 ἐπὶ
2807 1189 3064 1262 μεγάλοις
3123 1191 3443 1261 πράγμασιν
3503 1191 3564 1257 ἐξ
3617 1192 3761 1258 ξθους

2177 1282 2648 1355 ἀναφαινομένων.
2716 1282 2876 1336 Ἀλλὰ
2923 1283 2976 1336 τί
3006 1283 3117 1355 γὰρ
3149 1284 3450 1357 κρεῖττονῆ
3477 1285 3668 1356 μεῖζον
3695 1284 3762 1355 τῷ

2177 1372 2341 1426 παντὶ
2375 1372 2564 1444 κόσμῳ
2608 1371 2805 1440 γένοιτ’
2833 1373 2898 1426 ἄν
2943 1389 3073 1424 ποτε
3099 1372 3131 1443 ἢ
3154 1373 3214 1426 τὸ
3237 1373 3324 1429 διὰ
3359 1375 3638 1448 σωτηρίου
3667 1377 3764 1428 ἐπι-

2179 1463 2404 1534 φανείας
2423 1466 2588 1518 πᾶσιν
2617 1463 2867 1536 ὑπάρξαν
2905 1463 3214 1538 ἀνθρώποις
3236 1466 3421 1539 νοερὸν
3455 1468 3596 1537 φῶς,
3620 1469 3762 1522 εὐσε-

2179 1555 2329 1618 ϐείας
2385 1555 2480 1609 καὶ
2527 1555 2856 1624 θεογνωσίας
2907 1556 3141 1628 ἀληθοῦς
3171 1558 3475 1630 κατάληψιν
3523 1558 3759 1627 λογικαῖς

2175 1645 2374 1716 ψυχαῖς
2400 1645 2753 1716 νομιζόμενον
2777 1661 2792 1710 ;
2834 1636 2896 1698 οὗ
2933 1647 2998 1716 δὴ
3028 1648 3189 1720 χάριν
3217 1648 3278 1702 τὸ
3304 1648 3445 1718 μέγα
3477 1653 3708 1718 σημεῖον
3735 1652 3759 1702 ό

2179 1738 2464 1810 προφανὴς
2503 1737 2691 1810 ἐδήλου
2753 1738 2948 1810 ἀστὴρ,
2996 1740 3167 1808 μέγαν
3219 1741 3314 1792 καὶ
3353 1741 3471 1794 νέον
3504 1740 3761 1813 φωστῆρα

2177 1830 2564 1902 ἐπιλάμψαντα
2589 1830 2666 1901 τῷ
2696 1831 2860 1885 παντὶ
2909 1831 3102 1902 κόσμῳ
3137 1830 3227 1884 τὸν
3250 1832 3483 1904 Χριστὸν
3503 1832 3602 1885 τοῦ
3637 1832 3759 1886 Θεοῦ

2177 1925 2344 1976 πᾶσιν
2401 1923 2791 1994 αἰνιττόμενος.
2836 1922 2996 1977 Κατὰ
3056 1923 3117 1976 τὸ
3147 1923 3278 1977 αὐτὸ
3308 1923 3422 1995 δὲή
3459 1926 3760 1996 προφητεία

488 2021 700 2092 magnis
744 2018 1160 2074 imminentibus
1207 2016 1376 2072 rebus
1415 2016 1593 2072 solent
1641 2015 1928 2070 exsistere.
1992 2014 2061 2066 At

2178 2012 2462 2084 ἄνθρωπον
2503 2011 2639 2083 ὁμοῦ
2675 2012 2770 2066 καὶ
2815 2012 3021 2084 ἀστέρα
3067 2012 3311 2079 θεσπίζει
3341 2014 3408 2068 δι’
3443 2009 3522 2068 ὧν
3561 2032 3754 2086 φησιν·

493 2110 802 2181 enimquid
843 2109 1060 2165 tandem
1110 2119 1202 2162 aut
1222 2107 1578 2162 excellentius
1619 2115 1714 2159 aut
1757 2104 1936 2174 majus
1975 2103 2073 2157 ιοιί

481 2203 694 2260 mundo
729 2218 968 2272 unquam
1013 2200 1326 2270 contigerit,
1376 2214 1538 2268 quam
1569 2199 1714 2268 quod
1751 2214 1847 2267 per
1877 2197 2076 2251 saluta-

488 2310 605 2350 rem
641 2294 930 2349 adventum
965 2293 1223 2348 omnibus
1270 2291 1448 2344 illuxit
1494 2290 1821 2344 mortalibus
1875 2288 2076 2344 intelli-

490 2387 684 2455 gentiae
715 2385 919 2451 lumen,
951 2383 1098 2455 quod
1138 2392 1192 2437 et
1237 2382 1457 2451 pietatis
1492 2389 1545 2436 et
1589 2397 1729 2434 vera:
1779 2379 2075 2450 agnitionis

488 2475 584 2532 Dei
613 2477 1015 2547 perceptionem
1050 2474 1247 2529 animis
1287 2473 1650 2528 rationalibus
1675 2473 1884 2535 attulit,
1909 2473 2074 2541 cujus

483 2567 685 2634 gratia,
713 2566 905 2637 ingens
936 2565 1154 2636 signum
1187 2563 1261 2628 id,
1295 2565 1364 2619 de
1391 2580 1504 2636 quo
1537 2570 1697 2617 antea
1729 2562 1936 2617 dictum
1965 2568 2073 2625 est,

488 2657 766 2711 indicabat
809 2657 986 2720 sidus,
1031 2657 1160 2712 dum
1211 2659 1404 2728 ingens
1457 2664 1510 2711 et
1550 2670 1750 2709 novum
1802 2654 2076 2708 luminare

489 2749 636 2818 quod
671 2756 846 2803 totum
887 2748 1185 2802 illustravit
1232 2749 1518 2810 mundum,
1559 2746 1840 2801 Christum
1888 2745 2076 2815 utique

487 2840 584 2894 Dei
607 2840 862 2895 omnibus
887 2840 1181 2910 signiﬁcat?
1209 2839 1415 2894 Eodem
1452 2854 1578 2893 vero
1615 2837 1736 2892 loco
1766 2838 2072 2907 prophetia,

487 2940 542 2986 et
571 2931 846 2985 hominem
883 2939 938 2984 et
988 2931 1141 2986 sidus
1171 2930 1414 2985 biturum
1461 2929 1692 2994 divinat,
1726 2928 1812 2982 his
1837 2927 2022 2983 verbis
2056 2948 2070 2983 :

494 3035 513 3069 ι
560 3017 854 3072 Exorietur
889 3018 1047 3072 stella
1074 3034 1142 3073 ex
1178 3016 1370 3084 Jacob,
1396 3027 1450 3074 et
1482 3025 1671 3089 surget
1706 3018 1872 3072 homo
1897 3034 1963 3073 ex
1996 3018 2076 3074 ls—

487 3114 625 3181 rael,
657 3133 677 3166 ι
713 3121 899 3184 utpote
936 3128 1058 3183 quae
1088 3120 1143 3168 et
1185 3113 1411 3168 coeleSIe
1447 3111 1720 3166 luminare
1742 3110 1914 3166 Deum
1938 3110 2069 3167 Ver-

489 3207 620 3262 bum
645 3222 766 3262 esse
796 3206 1087 3278 signiﬁcet,
1113 3215 1166 3260 et
1200 3214 1382 3259 tamen
1405 3205 1655 3260 eumdem
1686 3204 1962 3260 hominem
1986 3219 2077 3276 ap-

487 3301 672 3370 pellet.
705 3299 866 3356 Varie
911 3315 1078 3373 porro
1129 3300 1283 3354 illum
1325 3299 1449 3354 aliis
1499 3313 1718 3369 quoque
1758 3299 1813 3352 in
1856 3298 1992 3353 locis
2023 3307 2075 3352 et

2182 2124 2200 2157 ι
2238 2103 2507 2158 ’Λνατελεῖ
2528 2106 2726 2176 ἄστρον
2742 2103 2802 2168 ἐξ
2829 2104 3045 2170 Ἰακὼό,
3063 2107 3156 2160 καὶ
3177 2107 3544 2178 ἀναστήσεται
3565 2109 3759 2181 ἄνθρω-

2175 2215 2276 2262 πος
2317 2197 2376 2263 ἐξ
2429 2197 2682 2270 Ἰσραήλθ
2724 2216 2743 2249 ι
2792 2197 2884 2250 τὸν
2935 2197 3034 2269 μὲν
3088 2198 3336 2270 οὐράνιον
3368 2200 3639 2273 φωστῆρα
3679 2204 3759 2256 τὸν

2175 2290 2306 2343 Θεὸν
2368 2289 2540 2358 Λόγον
2600 2286 2767 2355 εἶναι,
2813 2291 2905 2344 τὸν
2951 2290 3116 2345 αὑτὸν
3144 2291 3200 2344 δὲ
3243 2291 3530 2365 ἄνθρωπον
3571 2296 3759 2366 ema-

2176 2384 2362 2449 ζουσα.
2400 2383 2683 2456 Διαφόρως
2718 2385 2775 2438 δὲ
2823 2384 2984 2438 αὑτὸν
3027 2385 3120 2438 καὶ
3166 2386 3222 2437 ὲν
3265 2387 3472 2458 ἑτέροις
3501 2389 3758 2460 ἀνατολὴν

2174 2476 2330 2547 ὁμοῦ,
2361 2477 2458 2530 καὶ
2486 2476 2621 2546 φῶς,
2668 2479 2762 2530 καὶ
2795 2476 2943 2546 ἥλιον
2994 2475 3340 2548 δικαιοσύνης
3369 2479 3662 2544 ἀποκαλεῖ,
3692 2482 3757 2546 ὡς

2175 2570 2232 2622 ὲν
2260 2571 2373 2632 τοῖς
2395 2567 2632 2640 πρώτοις
2667 2567 3050 2639 ἀπεδείξαμεν.
3100 2565 3237 2622 Εἶτα
3273 2570 3332 2623 τὸ
3366 2572 3466 2641 μὲν
3495 2572 3756 2646 θειότερον

2176 2659 2360 2726 αὑτοῦ,
2393 2660 2486 2713 ειτε
2526 2659 2758 2728 φωτίζον
2803 2660 2987 2714 πάντα
3031 2659 3319 2731 ἄνθρωπον
3361 2665 3661 2734 ἐρχόμενον
3689 2668 3757 2728 εἰς

2174 2753 2264 2806 τὸν
2294 2752 2518 2823 κόσμον,
2551 2751 2631 2822 τῷ
2651 2752 2749 2822 τῆς
2777 2751 3042 2822 ἀνατολῆς
3064 2753 3372 2824 ὲπεφήμισε
3406 2758 3753 2827 προσρήματι

2177 2847 2382 2916 φήσαςο
2414 2861 2433 2894 ι
2485 2842 2758 2896 Ἀνατελεῖ
2799 2843 2999 2916 ἄστρον
3049 2842 3108 2908 ἐξ
3152 2843 3377 2897 Ἰακώϐ·
3417 2864 3434 2896 ι
3466 2846 3561 2899 τὸν
3586 2846 3643 2899 δὲ
3673 2847 3755 2900 ﬁv-

2177 2935 2391 3005 θρωπον
2447 2933 2537 2988 διὰ
2585 2934 2646 2987 τὸ
2696 2934 2910 3005 συμϐὰν
2976 2934 3104 3004 περὶ
3149 2935 3314 2988 αὐτὸν
3363 2937 3559 3002 πάθος,
3595 2937 3670 3001 ὡς
3699 2938 3755 2992 ἂν

2177 3026 2525 3091 πεπτωκότα,
2578 3027 2978 3099 ἀναστήσεσθαι
3029 3026 3293 3090 θεσπίζει,
3333 3027 3534 3099 ὁμοίως
3561 3024 3645 3093 οἷς
3672 3031 3755 3082 καὶ

2187 3119 2418 3182 Ἡσαΐας
2469 3121 2598 3192 περὶ
2642 3119 2810 3173 αὐτοῦ
2863 3134 2996 3192 φησι
3021 3134 3036 3151 ·
3074 3138 3093 3170 ι
3134 3120 3243 3172 Καὶ
3270 3120 3422 3173 ἐσται
3457 3124 3490 3192 ἡ
3522 3121 3646 3193 ῥίζα
3669 3119 3751 3175 τοῦ

2190 3211 2407 3276 Ἰεσσαὶ,
2445 3211 2540 3264 καὶ
2588 3213 2616 3264 ό
2650 3211 3009 3281 ἀνιστάμενος
3054 3210 3242 3281 ἄρχειν
3279 3209 3467 3273 ἐθνῶν,
3503 3213 3592 3264 ἐπ’
3618 3211 3750 3281 αὐτῷ

2177 3300 2303 3372 ἔθνη
2352 3301 2619 3354 ὲλπιοῦσι.
2660 3320 2678 3353 ι
2713 3302 2826 3355 Καὶ
2867 3301 3036 3370 σαφές
3071 3318 3135 3370 γε
3177 3301 3298 3355 τίνα
3325 3302 3531 3373 τρόπον
3555 3303 3616 3356 τὸ
3646 3303 3749 3372 φῶς

485 3401 667 3449 ortum
701 3393 884 3460 simul,
921 3401 976 3447 et
1015 3393 1198 3448 lumen
1243 3398 1298 3447 et
1342 3391 1511 3446 solem
1539 3390 1768 3459 justitiae
1798 3398 1979 3453 vocat,
2011 3398 2072 3444 ut

2176 3393 2264 3446 τοῦ
2295 3393 2548 3464 Σωτῆρος
2603 3393 2758 3464 ἡμῶν
2811 3395 2876 3446 ὲκ
2898 3393 2991 3446 τοῦ
3038 3393 3231 3448 Ἰακὼϐ
3279 3395 3586 3459 άνατεῖλαν,
3618 3395 3747 3449 τοῦτ’

486 3493 541 3541 in
578 3486 856 3558 prioribus
882 3486 1038 3541 libris
1070 3484 1436 3540 ostendimus.
1468 3483 1740 3538 Caeterum
1766 3481 1916 3551 quod
1951 3481 2074 3551 qui-

484 3581 609 3636 dem
642 3581 698 3635 in
730 3580 822 3634 illo
851 3579 1093 3634 divinius
1127 3586 1234 3643 est,
1267 3585 1528 3647 tanquam
1550 3577 1603 3631 id
1633 3574 1777 3646 quod
1807 3575 2075 3628 illuminet

485 3687 702 3726 omnem
737 3670 1011 3726 hominem
1043 3671 1350 3725 venientem
1405 3670 1459 3723 in
1489 3669 1635 3722 hunc
1668 3666 1957 3731 mundum,
1983 3682 2066 3720 or-

488 3775 578 3820 tus
607 3764 878 3819 vocabulo
906 3763 1225 3825 celebravit,
1260 3764 1315 3816 in
1347 3762 1496 3816 hunc
1545 3759 1768 3815 modum
1806 3779 1818 3813 :
1856 3777 1874 3810 ι
1917 3757 2073 3814 Orie-

489 3867 580 3910 tur
599 3855 754 3910 stella
781 3870 845 3909 ex
866 3853 1056 3910 Iacob.
1081 3874 1099 3906 ι
1119 3852 1403 3909 Hominem
1427 3867 1558 3908 vero
1579 3852 1827 3907 eumdem
1854 3859 2074 3921 propter

489 3949 837 4004 all‘lictionem
881 3963 946 4002 ac
1000 3956 1232 4003 mortem
1287 3962 1452 4017 quam
1511 3945 1756 4017 pertulit,
1807 3953 2071 4014 tanquam

478 4055 610 4094 eum
639 4039 732 4110 qui
763 4039 1061 4102 ceciderat,
1095 4049 1474 4095 surrecturum
1510 4037 1740 4100 divinat,
1769 4035 1972 4106 quibus
1996 4034 2074 4089 si-

486 4131 634 4185 milia
667 4131 735 4185 de
765 4129 956 4186 eodem
988 4128 1157 4186 Isaias
1186 4129 1335 4184 canit
1364 4147 1377 4183 :
1418 4146 1437 4179 ι
1472 4125 1538 4180 Et
1570 4126 1677 4191 erit
1707 4126 1862 4180 radix
1895 4123 2070 4188 Jesse,

485 4231 539 4276 ct
579 4222 672 4294 qui
715 4222 894 4292 surgit
933 4230 994 4276 ut
1042 4221 1276 4291 imperet
1321 4218 1576 4290 gentibus
1612 4233 1626 4270 :
1663 4217 1717 4270 in
1767 4231 1833 4270 eo
1883 4223 2072 4286 gentes

484 4314 864 4385 sperabunt".
905 4332 924 4366 ι
961 4313 1026 4368 Et
1051 4314 1402 4368 manifestum
1435 4311 1656 4382 quidem
1691 4318 1795 4372 est,
1831 4323 2072 4379 quonam

479 4407 649 4463 modo
689 4405 994 4462 Salvatoris
1021 4407 1196 4460 nostri
1254 4405 1439 4459 lumen
1474 4403 1542 4458 de
1584 4400 1753 4457 Jacob
1797 4409 2068 4464 exortum,

478 4499 591 4554 hoc
658 4507 745 4555 est
780 4498 848 4554 de
897 4497 1128 4554 Iudaico
1179 4498 1401 4569 populo,
1433 4511 1546 4552 non
1593 4495 1697 4566 ipsi
1727 4493 1899 4550 Jacob
1929 4495 2073 4550 unde

481 4591 790 4662 profectum
843 4600 958 4658 est,
1023 4590 1118 4647 sed
1171 4590 1428 4646 omnibus
1495 4589 1750 4661 gentibus
1804 4587 2066 4644 illuxerit.

2176 3487 2322 3540 ἔστιν
2347 3487 2455 3540 ἀπὸ
2484 3485 2578 3539 τοῦ
2609 3489 2673 3539 ὲκ
2713 3489 3015 3560 περιτομῆς
3039 3487 3192 3551 λαοῦ,
3228 3490 3358 3542 πᾶσι
3391 3492 3504 3551 τοῖς
3537 3490 3750 3552 ἔθνεσιν,

2173 3580 2285 3633 ἀλλ’
2313 3580 2434 3652 οὐχὶ
2455 3579 2536 3650 τῷ
2599 3578 2816 3644 Ἰακὼϐ,
2851 3580 2973 3633 ὅθεν
3021 3581 3114 3632 καὶ
3139 3580 3430 3654 προῆλθεν,
3463 3582 3745 3652 ἐξέλαμψε.

2174 3670 2344 3726 Τοῦτο
2392 3672 2450 3726 δὲ
2490 3672 2587 3727 καὶ
2623 3673 2729 3726 ἀπὸ
2758 3673 3026 3726 πλείστων
3072 3674 3273 3745 ἑτέρων
3309 3674 3572 3745 πάρεστιν
3613 3675 3754 3727 ἐκλα-

2175 3764 2289 3816 σεῖν
2321 3765 2689 3836 προφητειῶν,
2707 3765 2783 3828 ὡς
2806 3765 2940 3836 πρὸς
2973 3766 3134 3818 αὑτὸν
3160 3766 3481 3834 φασκουσῶν
3514 3766 3605 3820 τὸν
3633 3768 3753 3836 Χρι-

2175 3857 2327 3910 στόν·
2375 3877 2394 3908 ι
2441 3859 2572 3911 Ἰδοὺ
2631 3857 2853 3912 τέθεικά
2902 3875 2961 3911 σε
3011 3859 3091 3922 είς
3127 3858 3400 3930 Διαθήκην
3443 3859 3650 3928 γένους,
3679 3860 3750 3920 είς

2176 3949 2292 4019 φῶς
2338 3949 2510 4003 ἐθνῶν
2533 3966 2545 3978 ”
2586 3969 2606 4002 ι
2643 3951 2704 4002 οὐ
2734 3949 2838 4021 μὴν
2884 3950 3018 4003 ἀλλὰ
3052 3951 3146 4004 καὶ
3172 3951 3234 4003 ὲκ
3274 3950 3382 4003 τῶν
3409 3951 3503 4004 τοῦ
3536 3951 3750 4019 Βαλαὰμ

2173 4041 2368 4110 λόγων,
2390 4041 2456 4093 δι’
2489 4035 2562 4094 ὧν
2586 4058 2782 4113 φησιν’
2825 4061 2842 4094 ι
2892 4041 3261 4110 Ἐξελεύσεται
3296 4044 3359 4095 ἐκ
3391 4042 3486 4098 τοῦ
3514 4043 3751 4115 σπέρμα·

2172 4149 2263 4195 τος
2289 4131 2452 4184 αὑτοῦ
2486 4130 2794 4202 ἄνθρωπος,
2823 4131 2919 4184 καὶ
2947 4131 3226 4203 κυριεύσει
3254 4131 3423 4184 ἐθνῶν
3466 4131 3689 4185 πολλῶν.
3725 4149 3744 4182 ι

2173 4218 2328 4282 Τίνος
2356 4219 2412 4271 δὲ
2438 4221 2501 4270 ὲκ
2536 4219 2852 4290 σπέρματος
2878 4223 2910 4289 ἢ
2939 4220 3032 4273 τοῦ
3077 4221 3309 4292 Ἰσραὴλ,
3341 4222 3468 4293 ὼςή
3501 4222 3736 4292 σύμφρα.

2175 4327 2257 4373 σις
2287 4309 2632 4381 παρέστησε;
2665 4310 2759 4362 καὶ
2784 4310 2848 4380 δὴ
2879 4310 3174 4384 κυριεύσας
3203 4309 3371 4363 ἐθνῶν
3397 4313 3424 4364 ό
3453 4310 3545 4364 τοῦ
3571 4310 3748 4378 Σωτῆ-

2176 4419 2265 4473 ρος
2285 4402 2441 4472 ἡμῶν
2484 4401 2676 4470 Λόγος,
2719 4403 2996 4473 ἀρχούσας
3041 4403 3307 4474 ἀοράτους
3350 4403 3444 4455 καὶ
3483 4399 3748 4473 μοχθηρὰς

2169 4495 2426 4566 δυνάμεις
2448 4495 2686 4560 καθεῖλε,
2703 4498 2798 4551 καὶ
2818 4498 2886 4554 τά
2907 4496 3251 4569 πνευματικά
3269 4498 3366 4567 τῆς
3392 4499 3671 4569 πονηρίας,
3691 4496 3748 4548 τό

2171 4603 2231 4639 τε
2267 4591 2457 4656 στῖφος
2489 4588 2549 4641 τὸ
2590 4588 2920 4660 δαιμονικὸν,
2963 4589 3240 4661 ἀρχηγοὺς
3277 4588 3475 4654 Μωάὸ,
3511 4590 3600 4642 καὶ
3620 4587 3744 4659 Σὴθ,

480 4685 600 4740 .lloc
625 4701 759 4740 vero
793 4700 918 4740 cum
959 4699 1027 4740 ex
1059 4684 1180 4739 aliis
1212 4683 1468 4753 plurimis
1509 4680 1809 4752 prophetiis
1857 4680 2071 4736 discere

2176 4680 2266 4732 καὶ
2336 4679 2532 4751 Ἐδὼμ,
2573 4681 2668 4734 καὶ
2731 4680 2903 4734 Ἠσαῦ
2955 4680 3358 4753 τροπικώτερον
3383 4683 3444 4735 ὲν
3468 4684 3576 4744 τοῖς
3615 4679 3746 4752 μετὰ

479 4795 800 4851 possumus,
831 4789 1091 4848 tanquam
1119 4775 1187 4831 ad
1211 4777 1388 4847 ipsum
1413 4775 1693 4830 Christum
1718 4773 2064 4828 dicentibus:

484 4894 506 4924 ι
549 4872 688 4930 Ecce
724 4873 883 4945 posui
915 4881 965 4927 te
995 4872 1050 4926 in
1083 4870 1496 4926 Testamentum
1531 4867 1770 4938 generis,
1799 4867 1853 4920 in
1885 4867 2068 4922 lumen

477 4966 812 5035 gentium”,
845 4984 860 5016 ι
891 4974 1002 5019 tum
1028 4962 1192 5019 etiam
1210 4978 1273 5016 ex
1293 4961 1468 5030 ipsius
1490 4958 1710 5012 Balaam
1722 4958 1924 5024 verbis,
1950 4973 2070 5029 quas

483 5060 566 5114 sic
593 5059 796 5114 habent
830 5077 843 5112 :
881 5075 900 5108 ι
939 5055 1262 5128 Egredietur
1290 5053 1358 5108 de
1386 5052 1596 5108 semine
1634 5050 1754 5121 ejus
1796 5051 1981 5116 homo,
2012 5057 2067 5105 et

480 5151 852 5206 dominabitur
882 5149 1134 5220 gentibus
1168 5145 1353 5200 multis
1375 5145 1440 5196 ".
1481 5164 1500 5197 ι
1537 5143 1703 5214 Atqui
1733 5142 1801 5198 de
1828 5157 2064 5213 quonam

481 5243 590 5297 alio
643 5242 853 5299 semine
903 5256 1064 5311 quam
1104 5239 1173 5295 de
1208 5238 1394 5302 Israel,
1447 5245 1506 5290 ut
1554 5235 1712 5290 facile
1739 5241 1959 5290 constat
1999 5249 2065 5289 ex

482 5336 660 5406 ipsius
717 5335 984 5390 orationis
1036 5331 1333 5388 contextu?
1385 5328 1623 5384 Proinde
1666 5328 1780 5397 jam
1820 5326 2062 5399 gentium

482 5429 767 5482 dominatu
798 5435 1025 5498 accepto
1075 5424 1378 5480 Salvatoris
1430 5420 1607 5478 nostri
1634 5419 1898 5485 Verbum,
1939 5435 2062 5475 cum

481 5519 600 5586 ipsa
626 5518 912 5588 prophetia
939 5516 1309 5578 concordans.
1351 5530 1542 5571 omnes
1572 5527 1916 5584 quaecunque
1955 5511 2064 5565 illis

481 5609 755 5679 quondam
790 5610 1154 5680 imperabant,
1181 5608 1486 5664 invisibiles
1516 5615 1571 5661 et
1594 5605 1934 5676 perniciosas
1962 5617 2060 5672 po-

483 5708 707 5756 testates
734 5701 954 5765 delevit,
1007 5717 1220 5756 necnon
1252 5699 1557 5771 spiritualia
1608 5697 1828 5752 malitiae
1878 5702 2062 5750 cater-

2175 4775 2364 4843 χεῖρας
2390 4772 2774 4844 ὠνομασμένα.
2830 4773 3080 4842 Ἀσαφῶς
3110 4773 3167 4826 δὲ
3199 4773 3454 4843 κείμενον
3477 4771 3620 4844 παρὰ
3639 4773 3744 4833 τοῖς

2189 4864 2588 4937 Ἐϐδομήκοντα
2643 4865 2725 4929 τὸ,
2767 4883 2786 4916 ι
2825 4863 2994 4929 Δείξω
3019 4865 3190 4934 αύτῷ,
3226 4866 3317 4918 καὶ
3351 4866 3471 4936 οὐχὶ
3493 4864 3600 4923 νῦν,
3638 4879 3738 4932 μαη

2177 4956 2410 5028 καρίζω,
2447 4957 2544 5011 καὶ
2566 4958 2667 5011 οὐκ
2697 4955 2924 5026 ἐγγίζει,
2961 4976 2982 5008 ›
3021 4959 3354 5029 σαφέστερον
3395 4959 3424 5010 ὁ
3455 4958 3549 5028 μὲν
3591 4955 3742 5007 Ἀκύ-

2172 5051 2268 5115 λας
2314 5051 2575 5117 ἐξέδωκεν
2603 5068 2616 5081 ο
2647 5070 2664 5102 ι
2705 5050 2942 5121 Ὄψομαι
2979 5051 3142 5104 αὑτὸν
3170 5089 3187 5114 ,
3239 5051 3332 5104 καὶ
3366 5051 3428 5104 ού
3471 5049 3580 5112 νῦν,
3614 5063 3743 5119 προ-

2176 5141 2382 5208 σκοπῶ,
2419 5142 2534 5196 ἀλλ’
2564 5143 2664 5196 οὐκ
2689 5142 2853 5212 ἐγγύς
2877 5159 2892 5172 θ
2924 5161 2941 5193 ι
2972 5144 3001 5195 ὁ
3021 5142 3074 5195 δὲ
3102 5142 3396 5213 Σύμμαχος
3416 5141 3740 5210 λευκότερον,

2175 5239 2385 5309 φήσας·
2424 5256 2442 5288 ι
2497 5237 2637 5308 Ὀρῶ
2680 5236 2865 5299 αὑτὸν,
2914 5235 3027 5289 ἀλλ’
3053 5237 3152 5288 οὐκ
3194 5236 3379 5304 ἐγγύς.
3416 5255 3433 5286 ι
3466 5229 3741 5301 Λέγοιτοδ⁹

2174 5331 2240 5384 ἂν
2266 5329 2438 5383 ταῦτα
2467 5330 2572 5383 ὑπὸ
2618 5329 2712 5382 τοῦ
2743 5329 2992 5400 Βαλαὰμ,
3017 5329 3094 5392 ὡς
3126 5334 3356 5402 μακροῖς
3383 5331 3595 5402 ὕστερον
3627 5325 3738 5397 μετ’

2173 5422 2336 5476 αὑτὸν
2364 5421 2576 5493 χρόνοις
2626 5418 2930 5491 μελλόντων
2975 5421 3485 5493 ὲπιτελεσθήσεσθαι
3520 5419 3617 5472 τῶν
3644 5417 3739 5486 δη-

2172 5512 2477 5582 λουμένωνρ
2503 5510 2643 5580 μετὰ
2677 5508 2806 5578 γοῦν
2835 5508 3210 5580 δισχιλιοστὸν.
3232 5509 3350 5570 ἔτος
3382 5509 3480 5578 τῆς
3508 5504 3737 5577 προρρή-

2173 5620 2311 5664 σεως
2339 5600 2646 5672 ἐπληροῦτο
2700 5601 2893 5664 ταῦτα,
2941 5602 3037 5654 ἐπὶ
3058 5601 3160 5673 τῆς
3187 5601 3280 5654 τοῦ
3320 5600 3565 5671 Σωτῆρος
3588 5593 3736 5664 ἡμῶν

2170 5696 2249 5758 είς
2274 5692 2595 5765 ἀνθρώπους
2613 5692 2926 5764 ἐπιδημίας.

480 5810 715 5866 vamque
752 5795 1133 5860 daemonicam,
1169 5810 1290 5866 quae
1347 5794 1606 5849 ductores
1648 5791 1826 5857 Moab,
1859 5795 1913 5844 et
1959 5787 2115 5852 Seth,
2138 5797 2191 5843 et
2227 5787 2420 5850 Edom,
2451 5795 2509 5842 et
2541 5785 2700 5856 421
2741 5784 2908 5851 Esau,
2935 5785 3217 5858 ﬁguratius
3250 5787 3305 5841 in
3347 5785 3414 5839 iis
3441 5797 3556 5854 qua:
3597 5789 3734 5831 nunc

484 5896 809 5950 rractamus,
855 5889 1208 5942 denominata
1252 5896 1401 5942 sunt.
1430 5887 1567 5941 Cum
1603 5896 1782 5938 autem
1839 5882 1980 5954 apud
2023 5881 2160 5934 LXX
2185 5882 2477 5936 obscurius
2529 5883 2767 5950 positum
2812 5881 2882 5937 sit
2921 5880 3053 5936 illud
3086 5899 3100 5936 :
3141 5899 3159 5931 ι
3187 5878 3482 5936 Ostendam
3528 5869 3734 5938 illi,sed

550 6006 594 6036 ⁹¹
635 6001 738 6058 lsa.
778 6020 862 6065 χι,
906 6004 990 6057 ill.
1070 6005 1110 6034 "
1154 6003 1234 6057 lsa
1299 6019 1438 6067 xui,
1475 6003 1528 6058 6.
1605 6002 1648 6033 ’³
1689 5999 1847 6055 Num.
1887 6017 2046 6058 “Iv.
2082 5998 2166 6052 19.
