3928 6504
186 417 285 473 657

1066 403 1719 462 DEMONSTRATIONIS
1755 397 2213 460 EVANGELICE
2268 398 2394 454 LIB.
2438 396 2529 452 rx.

3345 390 3460 445 638’

187 550 291 588 nun
335 546 508 595 nunc,
550 531 769 586 beatum
806 528 951 593 dico,
986 529 1079 583 sed
1128 542 1237 581 non
1283 528 1703 598 apprOpinquat,
1754 545 1772 578 ι
1801 522 1945 581 idem
1989 522 2123 576 illud
2178 520 2423 591 apertius
2474 515 2668 587 Aquila
2736 512 2943 568 edidit:
2974 529 2991 562 ι
3030 508 3236 563 Videbo
3298 507 3450 561 illum

187 630 283 687 sed
344 645 457 684 non
503 644 677 693 nunc,
712 625 988 698 prospicio
1040 626 1215 689 illum,
1273 625 1367 681 sed
1416 641 1524 680 non
1576 638 1767 695 prope.
1799 642 1817 676 ι
1858 620 2222 693 Symmachus
2274 626 2481 681 autem,
2539 612 2827 670 candidius
2867 629 2879 665 :
2924 628 2942 660 ι
2983 607 3172 668 Video,
3230 607 3450 677 inquit.

182 725 355 786 illum,
388 723 487 779 sed
532 738 642 778 non
676 737 864 794 prepe.
896 741 915 774 ι
952 720 1069 776 Dici
1120 737 1248 776 vero
1287 721 1401 776 haec
1452 721 1705 777 videmur
1739 735 1769 773 a
1801 714 2043 784 Balaam,
2073 726 2333 787 tanquam
2382 711 2561 784 longis
2608 710 2865 778 deinceps
2910 714 3035 777 post
3079 704 3258 774 ipsum
3309 711 3449 756 tem-

180 816 403 887 poribus
457 815 790 885 perﬁeienda
836 821 1021 869 essent
1071 829 1157 877 ea,
1198 830 1319 885 qure
1372 816 1442 871 ab
1500 815 1622 886 ipso
1672 816 2052 871 canebantur:
2086 825 2212 865 nam
2253 807 2470 863 duobus
2521 804 2763 859 millibus
2828 815 3099 855 annorum
3146 804 3268 870 post
3316 796 3453 851 illud

178 913 499 967 vaticinium
528 912 797 981 completa
847 920 975 965 sunt
1008 910 1143 977 haec,
1192 926 1302 982 quo
1354 911 1609 965 videlicet
1648 919 1895 981 tempore
1956 907 2210 962 Salvator
2264 912 2454 959 noster
2499 916 2624 956 cum
2678 897 2991 954 hominibus
3033 902 3284 953 versatus
3346 903 3448 949 est.

187 1033 327 1087 Ἀπὸ
358 1032 467 1086 τοῦ
513 1033 773 1087 Ἡσαΐου.
806 1064 875 1072 —
921 1032 1015 1098 Ὠς
1069 1036 1102 1085 ό
1149 1033 1382 1101 Κύριος.
1438 1033 1645 1098 ἐπιϐὰς
1699 1031 1769 1085 οὗ
1801 1038 1846 1095 Α

241 1104 579 1171 ἀνείληφεν
617 1104 684 1165 ἐξ
725 1103 897 1171 ἁγίας
926 1102 1232 1171 Παρθένου
1262 1105 1559 1171 σώματος,
1594 1103 1763 1169 ἥξειν

237 1176 325 1238 είς
349 1176 662 1241 Αἴγυπτον
695 1173 894 1239 ῥητῶς
930 1190 991 1226 τε
1030 1175 1127 1227 καὶ
1160 1175 1310 1226 κατὰ
1336 1173 1608 1227 διάνοιαν
1635 1174 1761 1226 ἐθε-

239 1244 504 1306 σπίζετο,
558 1243 725 1296 πᾶσά
780 1261 843 1296 τε
895 1244 993 1295 ἐπὶ
1038 1243 1148 1311 τῆς
1208 1245 1544 1310 παρουσίας
1577 1243 1762 1297 αὑτοῦ

240 1314 777 1381 καθαιρεθήσεσθαι
807 1312 924 1365 τῶν
947 1313 1136 1369 ἐθνῶν
1168 1314 1621 1383 δεισιδαιμονία.

245 1446 265 1479 ι
311 1422 450 1480 Ἰδοὺ
490 1425 695 1498 Κύριος
737 1425 972 1497 κάθηται
1018 1427 1110 1479 ἐπὶ
1143 1426 1372 1497 νεφέλης
1411 1424 1640 1497 κούφης,
1670 1426 1763 1478 καὶ

172 1516 283 1585 ἣξει
313 1518 394 1579 εἰς
426 1515 705 1584 Αἴγυπτον
728 1532 739 1543 ’
777 1517 871 1568 καὶ
908 1516 1249 1587 σεισθήσεται
1294 1516 1362 1568 τὰ
1405 1516 1762 1588 χειροποίητα

172 1608 443 1677 Αἰγύπτου
472 1608 581 1661 ἀπὸ
616 1605 907 1679 προσώπου
941 1607 1127 1672 αὐτοῦ,
1159 1610 1251 1661 καὶ
1286 1610 1318 1679 ἠ
1354 1608 1547 1680 καρδία
1583 1606 1761 1660 αὐτῶν

172 1700 536 1772 ἡττηθήσεται
561 1704 618 1753 ἐν
654 1702 855 1764 αὐτοῖς.
890 1720 908 1751 ι
941 1701 1015 1753 Τὸ
1039 1701 1083 1753 δ’
1120 1701 1292 1754 αἴτιον
1320 1700 1413 1754 τοῦ
1442 1700 1532 1754 τὸν
1555 1701 1760 1770 Κύριον

170 1794 313 1865 ἣξειν
345 1796 427 1856 εἰς
451 1793 721 1861 Αἴγυπτον
756 1793 1128 1859 θεσπίζεσθαι,
1154 1794 1272 1847 τόδε
1315 1796 1404 1865 μοὶ
1431 1791 1569 1847 εἶναι
1594 1793 1755 1847 δοκεῖ.

172 1887 380 1957 Πρῶτοι
410 1887 510 1957 μὲν
546 1888 762 1941 πάντων
790 1886 1076 1954 Αἰγύπτιοι
1107 1888 1205 1958 τῆς
1233 1886 1495 1942 πολυθέου
1523 1890 1617 1942 καὶ
1648 1888 1761 1941 δαι-

175 1980 395 2050 μονικῆς
438 1978 650 2047 πλάνης
702 1977 1048 2049 ἀπάρξασθαι
1088 1979 1357 2047 λέγονται,
1383 1982 1475 2033 καὶ
1508 1984 1619 2044 τοῖς
1648 1981 1757 2035 λοι-

172 2074 287 2133 ποῖς
321 2071 491 2122 πᾶσιν
532 2069 841 2140 ἀνθρώποις
870 2069 1033 2123 αἴτιοι
1073 2072 1402 2143 καταστῆναι
1434 2072 1761 2143 δεισιδαιμο-

171 2162 304 2224 νίας,
338 2161 477 2214 ἀλλὰ
511 2161 607 2214 καὶ
651 2160 869 2214 πάντων
914 2161 1112 2232 μᾶλλον
1146 2163 1274 2234 περὶ
1313 2164 1411 2227 τὰς
1442 2164 1760 2235 δαιμονικας

169 2254 450 2323 ἐνεργείας
512 2270 571 2305 τε
626 2254 718 2306 καὶ
767 2255 1116 2323 περιεργείας
1185 2255 1553 2326 ἡσχολῆσθαι·
1615 2254 1757 2311 οὗτοι

167 2344 242 2440 δὲᾼ
278 2346 375 2440 καὶ
590 2345 691 2440 τῆς
746 2345 930 2398 ἐνθέου
990 2346 1214 2418 Γραφῆς
1254 2347 1438 2419 ἐχθροὶ
1487 2348 1581 2401 τοῦ
1629 2350 1757 2402 λαοῦ
1790 2383 1833 2440 Β

167 2438 255 2491 τοῦ
324 2438 462 2491 Θεοῦ
518 2438 721 2492 ἄνωθεν
793 2440 886 2491 καὶ
950 2438 1009 2503 ἐξ
1077 2439 1255 2510 ἀρχῆς
1319 2440 1595 2508 γεγονέναι
1656 2460 1752 2512 με-

172 2529 573 2601 μαρτύρηνταισ
626 2530 720 2583 καὶ
770 2531 797 2584 ὃ
836 2546 899 2599 γε
947 2530 1176 2594 παλαιὸς
1255 2531 1432 2584 αὐτῶν
1504 2533 1755 2603 βασιλεὺς

168 2620 439 2690 ὁμολογῶν
480 2619 555 2691 μὴ
596 2621 792 2674 εἰδέναι
838 2621 930 2673 τὸν
972 2621 1177 2692 Κύριον
1201 2621 1636 2693 ἀναγέγραπται,
1664 2624 1752 2675 ὅτε

168 2711 228 2783 δὴ
251 2712 522 2781 ἔφασκεν·
562 2731 581 2763 t
623 2712 737 2766 Οὐκ
761 2708 874 2764 οἶδα
906 2710 999 2764 τὸν
1032 2710 1259 2782 Κύριον,
1292 2712 1500 2765 καὶτὸν
1538 2712 1753 2783 Ἰσραὴλ

168 2806 262 2860 οὒκ
296 2804 659 2872 ἐξαποστελῶ.
683 2824 702 2855 ›
724 2805 795 2857 Τὸ
823 2805 887 2877 δὴ
923 2802 1014 2858 οῦν
1046 2804 1189 2875 μέγα
1217 2803 1398 2875 θαῦμα
1437 2805 1535 2877 τῆς
1568 2806 1750 2859 ἐνθέου

168 2896 257 2952 τοῦ
300 2897 539 2970 Χριστοῦ
585 2898 870 2968 δυνάμεως
922 2897 1278 2968 παραστῆσαι
1343 2896 1666 2967 βουλόμενος
1721 2900 1750 2951 ὁ

169 2990 336 3060 λόγος,
375 2989 623 3054 θεσπίζει
650 2989 745 3042 τοῦ
776 2990 982 3062 Κυρίου
1006 2989 1105 3061 τὴν
1138 2992 1217 3053 εἰς
1242 2990 1514 3059 Αἴγυπτον
1548 2990 1746 3059 ἄφιξιν,

168 3086 245 3154 ἐφ’
350 3083 652 3155 μεταϐολὴν
699 3085 759 3137 ού
821 3084 919 3155 τὴν
972 3082 1241 3153 τυχοῦσαν
1286 3084 1397 3135 τῶν
1444 3084 1749 3153 Αἰγυπτίων

165 3175 376 3229 ἔσεσθαι
409 3174 761 3246 προφητεύει,
798 3174 970 3243 λέγων
1020 3174 1178 3245 ἑξῆς·
1222 3192 1241 3224 t
1296 3174 1748 3243 Καὶ’γνώσονται

164 3269 209 3321 οἱ
236 3268 525 3337 Αἰγύπτιοι
564 3267 656 3320 τὸν
692 3267 919 3340 Κύριον,
949 3286 968 3318 ι
1003 3269 1198 3339 οἱπρὶν
1240 3269 1313 3338 μὴ
1340 3268 1540 3332 ειδότες
1562 3270 1744 3333 αὐτὸν,

169 3376 186 3411 t
216 3361 308 3412 καὶ
326 3358 572 3423 εὔξονται
596 3357 676 3427 τῷ
697 3357 886 3427 Κυρίῳ
901 3355 1086 3426 εὐχὰς,
1102 3376 1119 3407 ι
1148 3358 1239 3409 καὶ
1259 3356 1328 3409 τὰ
1341 3356 1547 3421 τούτοις
1574 3376 1747 3429 παρα-

164 3451 379 3522 πλήσια.
456 3450 738 3521 Ἀνωτέρω
772 3450 869 3519 μὲν
902 3443 993 3502 οὖν
1025 3450 1081 3500 ὲν
1129 3448 1207 3519 τῷ
1240 3449 1347 3520 πρὸ
1397 3450 1587 3503 τούτου
1652 3466 1746 3503 κε-

164 3543 369 3613 φαλαίῳ
430 3542 765 3614 κληρονομία
818 3540 913 3595 τοῦ
965 3540 1359 3611 θεσπιζομένου
1426 3540 1604 3612 Ἐδὼμ
1652 3542 1746 3595 καὶ

172 3634 336 3689 Ἡσαῦ
364 3636 603 3703 ἐλέγετο,
634 3634 741 3688 τῶν
773 3634 1067 3706 ἀλλοτρίων
1114 3634 1329 3705 Ἰσραὴλ
1361 3634 1503 3688 οὕτω
1547 3652 1746 3706 σημαι-

163 3726 399 3796 νομένων
420 3743 433 3756 ·
470 3722 704 3778 ἐνταῦθα
740 3724 797 3778 δὲ
827 3726 859 3796 ἡ
896 3724 1188 3793 Αἴγυπτος,
1220 3723 1349 3787 λαὸς
1374 3725 1475 3777 οὐκ
1504 3723 1607 3789 ἔτι,
1637 3724 1744 3779 τῶν

165 3818 409 3879 είδώλων,
438 3816 552 3870 ἀλλ’
580 3816 745 3869 αὑτοῦ
773 3816 867 3868 τοῦ
898 3816 1048 3887 παρὰ
1074 3818 1186 3879 τοῖς
1232 3811 1500 3869 Ἰουδαίων
1534 3818 1746 3888 προφή-

164 3926 273 3973 ταις
330 3908 752 3979 θεολογουμένου
812 3909 1017 3980 Κυρίου
1070 3908 1410 3972 θεσπίζεται.
1473 3910 1650 3982 ’Ἃπερ
1696 3912 1743 3963 εἰ

168 4004 254 4072 μὲν
308 4002 385 4073 μὴ
431 4001 554 4071 ὕψει
604 3999 1005 4071 συντελούμενα
1030 4000 1335 4072 θεωρεῖται,
1364 4002 1463 4055 οὐκ
1494 4002 1640 4056 ἔστιν
1669 4004 1745 4055 εί-

166 4098 273 4147 πεῖν
320 4094 449 4165 τὴν⁸
474 4092 870 4163 θεσπιζομὲνην
920 4094 1103 4161 ἄφιξιν
1138 4094 1233 4147 τοῦ
1286 4093 1488 4167 Κυρίου
1527 4096 1607 4157 είς
1645 4096 1742 4165 τὴν

166 4188 427 4255 Αἴγυπτον
473 4186 753 4254 γεγονέναι
774 4202 787 4215 ·
817 4187 865 4238 εί
905 4184 961 4238 δὲ
989 4186 1127 4257 ὑπὲρ
1158 4186 1334 4240 πάντα
1371 4186 1525 4255 λόγον
1552 4190 1584 4258 ἡ
1611 4187 1741 4257 ἀλή-

167 4279 269 4333 θεια
288 4282 562 4350 μαρτυρεῖ
586 4280 697 4342 τοῖς
722 4278 1030 4350 πράγμασι,
1061 4281 1154 4331 καὶ
1179 4282 1292 4343 τοῖς
1326 4278 1742 4349 ἀγνωμονεστά-

167 4388 259 4435 tot;
284 4370 540 4443 ἐναργῶς
571 4370 839 4425 δείκνυσιν
885 4372 1081 4435 αὐτοὺς
1122 4372 1469 4441 Αἰγυπτίους,
1502 4372 1600 4441 τῆς
1642 4373 1741 4442 μὲν

170 4465 210 4530 ἐξ
239 4466 437 4526 αἰῶνος
485 4463 966 4533 πατροπαραδότου
1008 4463 1429 4534 δεισιδαιμονίας
1462 4463 1741 4533 ἀνακεχω-

172 4558 405 4628 ρηκότας,
432 4555 810 4619 οὶκειωθέντας
835 4556 893 4609 δὲ
915 4556 994 4627 τῷ
1018 4554 1136 4625 Θεῷ
1160 4556 1270 4609 τῶν
1295 4554 1468 4609 ταῦτα
1497 4572 1738 4627 προανα-

171 4647 517 4717 φωνησάντων
558 4645 870 4717 προφητῶν,
910 4647 1006 4699 καὶ
1036 4646 1224 4699 τοῦτον
1263 4645 1420 4716 μόνον
1464 4645 1734 4710 σέϐοντας,

171 4741 241 4792 καὶ
278 4739 464 4791 πάντα
518 4736 744 4791 θάνατον
791 4737 1206 4809 ἀσπαζομένους
1232 4738 1374 4809 ὑπὲρ
1403 4738 1503 4808 τῆς
1532 4739 1613 4801 είς
1639 4738 1737 4791 αύ-

171 4832 236 4885 τὺν
262 4832 576 4895 εὐσεϐείας·
609 4830 725 4902 ὥρα
762 4831 836 4903 μὴ
863 4831 1037 4896 ἄλλως
1065 4832 1238 4886 ταῦτα
1269 4832 1550 4900 γεγονέναι
1605 4849 1730 4884 συν-

172 4923 429 4990 ομολογεῖν
458 4922 489 4992 ἢ
516 4920 609 4974 τοῦ
637 4922 839 4995 Κυρίου
866 4922 1188 4994 ἐληλυθότος
1210 4926 1289 4987 εἰς
1312 4922 1584 4993 Αἴγυπτον
1599 4925 1730 4977 ἁκο-

173 5010 347 5079 λούϐως
382 5017 452 5085 τῇ
487 5015 823 5087 προκειμένῃ
856 5018 1177 5089 προρρήσει.
1212 5017 1368 5070 Ἐστι
1392 5017 1489 5088 μὲν
1522 5013 1613 5071 οὖν
1638 5018 1733 5071 καὶ

1875 1029 1953 1085 Ab
2010 1028 2194 1083 Esaia.
2252 1054 2323 1065 —-
2382 1021 2835 1091 Quemadmodum
2888 1018 3451 1091 Dominusinsistem

1944 1099 2078 1153 illud
2128 1096 2267 1168 quod
2318 1090 2614 1168 defuncta
2662 1092 2873 1163 Virgine
2922 1090 3207 1168 assumpsit
3239 1104 3449 1168 corpus,

1938 1159 2182 1225 venturus
2235 1170 2289 1221 in
2349 1164 2638 1234 ngyptttm
2696 1159 2775 1217 ρι’
2804 1161 3118 1234 sec:tndum_
3152 1159 3306 1234 verbo
3328 1199 3341 1220 ,
3374 1168 3452 1234 _et

1937 1240 2220 1295 secundum
2238 1227 2548 1291 sentem-ient
2568 1236 2851 1304 praedictus
2866 1242 2962 1293 est,
2979 1231 3247 1304 omnisque
3263 1231 3316 1283 in
3337 1227 3451 1299 ejus

1938 1311 2162 1365 adventu
2186 1306 2460 1363 evertenda
2481 1303 2712 1376 gentium
2733 1303 3052 1372 superstitio.

1942 1443 1959 1477 ι
1987 1424 2127 1479 Ecce
2166 1422 2428 1477 Dominus
2460 1421 2612 1475 sedet
2651 1434 2817 1489 super
2846 1418 2989 1473 nube
3025 1417 3151 1479 levi,
3190 1424 3244 1475 et
3270 1414 3449 1471 veniet

1865 1517 1919 1570 in
1939 1514 2233 1585 Egyptum
2259 1531 2270 1566 :
2295 1520 2349 1566 et
2379 1508 2873 1564 commovebuntur
2895 1504 3204 1560 tnanul‘acta
3228 1500 3446 1572 {Egypti

1864 1624 1895 1662 a
1948 1607 2088 1663 facie
2140 1605 2281 1676 ejus,
2336 1612 2390 1659 et
2419 1617 2514 1657 cor
2542 1615 2733 1656 eorum
2773 1599 3024 1653 vincetur
3056 1598 3109 1651 in
3144 1595 3276 1665 ipsis
3309 1595 3378 1646 “.
3423 1612 3444 1645 ι

1862 1698 2042 1755 causa
2082 1714 2250 1770 porro
2303 1710 2403 1751 cur
2433 1694 2694 1749 Dominus
2735 1692 2807 1746 ita
2863 1691 2915 1745 in
2947 1688 3243 1761 Egyptum
3278 1686 3449 1741 desti-

1862 1796 2024 1845 netur
2052 1798 2339 1852 venturus,
2390 1788 2505 1841 haec
2553 1783 2685 1838 mihi
2729 1796 2851 1837 esse
2892 1782 3125 1835 videtur.
3170 1779 3333 1833 Primi
3375 1778 3449 1833 si-

1862 1882 2078 1952 quidem
2108 1880 2352 1937 omnium
2370 1877 2608 1951 Egyptii
2629 1874 2805 1931 errori
2835 1873 3048 1928 colendi
3080 1873 3281 1927 multos
3313 1870 3451 1924 deos

1862 1990 1926 2029 ac
1952 1974 2232 2028 daemonas
2262 1972 2480 2026 initium
2519 1968 2736 2025 dedisse
2783 1967 3061 2030 dicuntur,
3119 1971 3173 2019 et
3223 1964 3447 2033 reliquis

1862 2064 2134 2121 universis
2166 2063 2493 2118 mortalibus
2527 2059 2933 2133 superstitionis
2978 2068 3230 2113 auctores
3275 2057 3445 2112 exsti-

1861 2159 2017 2223 tisse,
2042 2157 2175 2230 quin
2211 2156 2377 2212 etiam
2418 2154 2665 2211 omnium
2695 2155 2925 2209 aliorum
2967 2152 3219 2213 maxime,
3246 2149 3449 2203 daemo—

1861 2251 2003 2305 nicis
2060 2249 2476 2320 operationibus
2530 2254 2581 2304 et
2644 2245 3060 2301 curiositatibus
3112 2242 3438 2297 studuisse:

1861 2341 2022 2396 iidem
2062 2352 2325 2410 praeterea
2361 2341 2429 2395 ab
2487 2341 2603 2410 ipsa
2660 2338 2945 2409 Scriptura
2994 2336 3176 2390 divina
3255 2334 3444 2389 hostes

1860 2434 2046 2505 populi
2087 2433 2180 2489 Dei
2217 2432 2385 2487 fuisse
2413 2431 2785 2503 perhibentur.
2809 2428 2915 2485 Sed
2943 2428 3200 2498 antiquus
3220 2440 3440 2495 quoque

1860 2528 2102 2598 ipsorum
2138 2543 2233 2583 rex
2269 2526 2425 2581 fateri
2473 2541 2531 2579 se
2566 2540 2674 2579 non
2706 2538 2867 2579 nosse
2893 2521 3207 2585 Dominum,
3260 2520 3435 2589 palam

1858 2620 2168 2690 descriptus
2193 2627 2297 2685 est,
2320 2618 2448 2674 dum
2478 2618 2557 2674 sic
2590 2618 2667 2671 ait
2710 2636 2721 2671 :
2760 2636 2778 2667 ι
2826 2616 2943 2670 Non
2968 2620 3091 2671 novi
3120 2614 3437 2679 Dominum,

1858 2721 1912 2767 et
1961 2712 2127 2768 Israel
2175 2729 2283 2766 non
2332 2712 2576 2766 emittam
2623 2713 2687 2765 ⁸⁵.
2722 2730 2741 2762 ι
2779 2709 2919 2780 Ergo
2949 2710 3138 2778 ingens
3166 2707 3438 2776 quoddam

1858 2806 2055 2861 divina:
2093 2805 2299 2860 Christi
2341 2802 2938 2859 virtutismiraculum
2986 2800 3243 2854 exhibere
3283 2798 3445 2852 nobis

1856 2899 2047 2953 volens
2085 2896 2401 2968 prephetica
2430 2896 2629 2957 oratio,
2656 2892 2869 2948 Domini
2895 2893 2949 2947 in
2975 2890 3270 2961 Egyptum
3294 2890 3441 2943 canit

1857 2990 2173 3054 adventum,
2191 2988 2353 3061 422
2368 2987 2473 3044 sub
2500 3002 2663 3058 quem
2686 3001 2794 3040 non
2820 2985 2987 3039 levem
3020 2983 3255 3037 futuram
3272 2981 3440 3051 IEgy-

1855 3084 2096 3154 ptiorum
2132 3084 2513 3145 mutationem,
2540 3080 2749 3134 divinat
2780 3078 3037 3146 deinceps
3072 3076 3152 3131 sic
3194 3076 3382 3130 dicens
3421 3094 3435 3130 :

1860 3195 1879 3230 ‹
1920 3176 1984 3231 Et
2013 3186 2349 3247 cognoscent
2374 3174 2615 3245 [Egyptii
2651 3172 2962 3234 Dominum,
3010 3189 3028 3222 ι
3063 3170 3155 3239 qui
3186 3168 3439 3222 videlicet

1855 3286 1963 3325 non
2012 3270 2415 3339 cognoscebant
2457 3268 2606 3320 illum
2640 3266 2814 3335 prius,
2858 3284 2875 3315 ι
2922 3271 2976 3319 et
3030 3262 3296 3316 vovebunt
3328 3258 3435 3313 Do-

1854 3364 2001 3417 mino
2032 3370 2158 3418 vota
2182 3362 2250 3425 “,
2287 3381 2303 3413 ι
2339 3369 2393 3415 et
2432 3376 2554 3429 qua:
2598 3360 2684 3412 his
2716 3358 2915 3413 similia
2964 3362 3289 3425 sequuntur.
3328 3350 3435 3406 Su—

1855 3455 2054 3523 periuri
2085 3454 2303 3523 quidem
2352 3453 2601 3522 proximo
2630 3450 2807 3519 capite
2839 3445 3126 3502 haereditas
3155 3445 3305 3515 ejus,
3339 3445 3437 3514 qui

1854 3554 2117 3601 venturus
2146 3546 2383 3607 canitur,
2418 3544 2588 3598 Edom
2614 3551 2667 3597 et
2698 3541 2841 3595 Esau
2870 3539 3176 3598 dicebatur.
3230 3536 3434 3607 quippe

1850 3652 1975 3691 cum
2004 3636 2163 3690 alieni
2205 3640 2271 3689 ab
2307 3634 2470 3690 Israel
2504 3650 2567 3688 eo
2616 3634 2777 3687 modo
2821 3632 3261 3703 signiﬁcarentur
3294 3647 3307 3683 :
3345 3629 3433 3681 lnc

1776 3754 1816 3809 ρ
1854 3745 1980 3784 vero
2026 3737 2080 3783 et
2132 3727 2400 3800 {Egyptus
2429 3735 2483 3783 et
2534 3725 2752 3798 Egypti
2781 3726 3036 3796 populus,
3062 3740 3172 3779 non
3208 3723 3434 3777 simula-

1848 3837 2067 3876 crorum
2106 3823 2341 3891 amplius
2396 3820 2614 3875 futurus
2670 3820 2906 3885 canitur,
2944 3819 3038 3873 sed
3066 3820 3185 3888 ejus
3218 3817 3430 3873 Domini

1847 3915 1941 3982 qui
1981 3912 2122 3982 apud
2158 3910 2473 3965 Iudaeorum
2503 3909 2799 3981 prophetas
2825 3926 2925 3982 pro
2953 3909 3062 3965 Deo
3092 3909 3425 3963 celebratur.

1846 4003 1977 4071 Quae
2002 4004 2046 4059 si
2071 4003 2246 4058 oculis
2276 4004 2543 4073 completa
2573 4019 2682 4058 non
2718 4010 3042 4067 cernuntur,
3077 4018 3144 4057 ne
3179 4001 3429 4056 dicamus

1845 4113 1978 4153 sane
2002 4095 2294 4151 adventum
2339 4095 2489 4150 illum
2527 4096 2762 4160 Domini,
2793 4096 2886 4166 qui
2932 4096 2987 4149 in
3020 4094 3314 4166 [Egyptunt
3344 4094 3429 4147 fu-

1846 4200 2003 4247 turus
2060 4192 2397 4263 prmdicitur,
2462 4190 2632 4246 fuisse
2698 4190 2897 4245 adhuc.
2972 4187 3077 4243 Sed
3144 4188 3189 4241 si
3259 4202 3428 4257 supra

1845 4298 2063 4337 omnem
2113 4283 2403 4345 rationem,
2461 4282 2624 4335 rebus
2678 4280 2835 4335 ﬁdem
2872 4279 2989 4348 ipsa
3024 4278 3228 4332 veritas
3274 4276 3423 4339 facit,

1843 4382 2007 4443 atque
2036 4374 2200 4428 etiam
2242 4372 2553 4427 rudissitnis
2591 4380 2645 4426 et
2696 4386 2860 4425 sensu
2906 4370 3053 4423 omni
3109 4369 3427 4423 carentibus

1842 4466 2123 4521 evidenter
2149 4465 2411 4529 ostendit,
2469 4465 2617 4533 ipsos
2654 4462 2941 4532 Egyptios
2969 4462 3038 4515 ab
3066 4477 3128 4517 ea
3156 4462 3425 4531 supersti-

1843 4560 1991 4613 tione
2030 4559 2350 4622 recessisse,
2386 4572 2549 4629 quam
2579 4572 2755 4626 usque
2792 4556 2861 4609 ab
2902 4555 3061 4609 initio
3106 4570 3136 4607 a
3172 4554 3424 4624 patribus

1843 4652 1960 4706 suis
2014 4658 2377 4722 acceperant,
2439 4651 2627 4720 illique
2684 4648 2795 4705 Deo
2855 4648 3173 4711 adhaesisse,
3233 4648 3323 4718 qui
3393 4664 3425 4702 a

1842 4741 2125 4812 prophetis
2156 4744 2272 4797 haec
2300 4742 2419 4812 ipsa
2447 4740 2819 4796 divinantibus
2849 4740 3222 4803 (-olebatur,et
3255 4754 3425 4792 unum

1840 4834 1987 4889 hunc
2018 4835 2234 4891 interim
2265 4836 2466 4899 colere,
2494 4850 2669 4905 neque
2706 4834 2869 4888 ullam
2904 4842 3133 4889 mortem
3167 4846 3425 4888 recusare

1841 4944 1941 5000 pro
1973 4930 2123 4985 cultu
2176 4938 2231 4986 et
2271 4932 2472 4999 pietate
2526 4944 2655 5000 erga
2686 4930 2879 4983 illum:
2927 4928 3058 4999 quid
3112 4928 3259 4982 aliud
3308 4926 3420 4996 jam

1842 5030 2113 5091 superest,
2142 5022 2252 5077 nisi
2305 5030 2362 5077 ut
2418 5022 2689 5078 fateamur
2734 5038 2843 5076 non
2879 5023 3035 5077 aliter
3091 5022 3194 5076 ista
3244 5020 3423 5075 conti-

173 5102 316 5169 ἄλλως
340 5105 439 5160 τὸν
467 5106 625 5175 λόγον
652 5107 981 5162 αἰνίττεσθαι
1014 5108 1292 5181 τροπικῶς
1320 5110 1410 5163 τὸν
1454 5110 1732 5182 περίγειον

1858 5112 2004 5183 tisse,
2042 5128 2205 5182 quam
2237 5128 2335 5182 per
2381 5112 2596 5169 Domini
2651 5113 2707 5166 in
2761 5111 3054 5181 Egyptnm
3102 5110 3418 5171 adventum,

175 5198 370 5270 κόσμον,
413 5202 496 5264 εἰς
538 5201 595 5253 ὃν
636 5200 665 5253 ὁ
710 5200 866 5269 λόγος
911 5202 1243 5274 προφητεύει
1271 5202 1365 5256 τὸν
1396 5201 1600 5273 Κύριον
1643 5204 1737 5255 ἐπὶ

178 5294 376 5363 νεφέλης
423 5292 635 5364 κούφης
681 5294 853 5363 ἥξειν,
898 5296 1044 5349 οὓτω
1091 5295 1180 5350 τὸν
1222 5298 1286 5349 ὲκ
1332 5294 1611 5366 Παρθένου
1643 5296 1737 5348 καὶ

179 5377 467 5457 Πνεύματος
505 5387 661 5454 ἁγίου
701 5387 971 5459 ληφθέντα
996 5388 1144 5458 αύτῷ
1180 5388 1465 5459 ἄνθρωπον
1504 5387 1736 5441 αἰνιττό-

182 5484 304 5538 μενος
326 5492 340 5508 ο
371 5478 727 5549 χειροποίητα
752 5478 807 5531 δὲ
832 5478 1108 5546 Αἰγύπτου
1132 5467 1510 5551 οεισθήσεσθαι
1532 5479 1601 5533 τὰ
1620 5479 1730 5532 τῶν

178 5560 312 5621 ἐθνῶν
360 5568 549 5634 ξόανα,
580 5571 672 5623 καὶ
717 5571 847 5634 τοὺς
895 5572 952 5624 ἐν
992 5572 1175 5635 αὐτοῖς
1217 5572 1498 5643 δαίμονας,
1546 5572 1623 5636 ὡς
1660 5568 1728 5626 αὖ

180 5656 308 5713 πάλιν
359 5663 694 5730 Αἰγυπτίους
747 5663 1095 5734 ἡττωμένους
1144 5664 1352 5729 πάντας
1398 5668 1525 5729 τοὺς
1564 5665 1731 5720 πάλαι

178 5749 409 5823 πρότερον
477 5755 607 5826 περὶ
669 5755 769 5828 τὴν
842 5755 1283 5829 είδωλολατρείαν
1338 5759 1731 5829 ἐπτοημένους.

230 5906 262 5936 ’⁸
297 5907 401 5965 ιω.
436 5926 565 5977 χιι,
607 5910 658 5965 l.
740 5912 785 5946 "
826 5912 995 5970 Exod.
1031 5930 1056 5967 ν
1082 5956 1096 5981 ,
1128 5915 1178 5969 2.
1260 5918 1301 5946 "
1346 5916 1475 5971 ibid.
1511 5916 1605 5971 '21.

1838 5203 1985 5259 sicut
2014 5204 2335 5259 vaticinium
2368 5205 2617 5275 proxime
2668 5205 2979 5275 expositum
3037 5201 3425 5272 signiﬁcabat?

1839 5294 1904 5349 Et
1929 5295 2063 5349 nihil
2082 5296 2301 5365 quidem
2326 5297 2552 5367 impedit
2574 5297 2732 5351 aliter
2753 5312 2972 5366 quoque
3001 5294 3142 5349 idem
3173 5296 3423 5363 accipere

1836 5386 2141 5447 oraculum.
2161 5397 2218 5441 ut
2246 5386 2500 5442 videlicet
2530 5387 2758 5455 ﬁgurate
2783 5394 3060 5441 terrenum
3092 5384 3237 5438 hunc
3269 5399 3423 5437 mun-

1834 5478 1964 5533 dum
1992 5478 2264 5549 signiﬁcet
2292 5497 2305 5534 :
2330 5480 2385 5533 in
2404 5467 2570 5550 quem
2595 5478 2757 5533 verba
2798 5479 2915 5549 ipsa
2938 5476 3229 5532 Dominum
3255 5491 3422 5547 super

1836 5572 1983 5627 nube
2002 5572 2104 5627 levi
2137 5581 2423 5627 venturum
2460 5571 2824 5627 vaticinentur
2857 5589 2870 5625 :
2904 5570 3107 5641 quippe
3156 5584 3277 5639 quae
3315 5565 3419 5623 hoc

1837 5665 2001 5721 modo
2029 5666 2302 5722 hominem
2337 5666 2405 5721 ab
2437 5666 2531 5723 illo
2563 5666 2632 5722 de
2668 5665 2887 5736 Virgine
2914 5673 2970 5720 et
3001 5664 3207 5734 Spiritu
3227 5670 3419 5718 sancto

1843 5768 2207 5831 assumptum,
2261 5759 2488 5832 intelligi
2554 5759 2741 5816 velint.
2804 5757 2965 5816 Manu
3034 5764 3214 5813 autem
3271 5754 3415 5810 facta
