3928 6500
517 437 624 498 659

1157 433 1426 493 EUSEBII
1459 430 1938 489 CA‘ZSARIENSIS
1977 430 2128 506 OPP.
2173 427 2371 485 PARS.
2413 427 2564 484 11.-
2602 423 3103 482 ΑΡοιοοετιοΑ.

3679 423 3780 477 ϐΰθ

517 551 738 624 Egypti
771 554 1184 615 commovenda,
1237 553 1351 621 ipsa
1387 549 1626 622 gentium
1680 547 1973 602 simulacra
1998 586 2012 610 ,
2041 554 2080 601 e1

2199 543 2344 616 Πλὴν
2375 543 2509 598 ἀλλὰ
2529 543 2622 596 καὶ
2655 541 2982 612 σωματικῶς
3003 541 3096 596 τοῦ
3129 543 3384 615 Σωτῆρος
3415 543 3576 615 ἡμῶν
3609 545 3765 596 ἐπεισ

515 643 572 696 in
608 645 712 698 illis
741 644 1049 698 habitantes
1073 643 1368 706 dmmonas,
1405 643 1545 696 sicut
1575 655 1769 695 rursus
1805 638 2088 710 Egyptios

513 737 712 800 victos,
749 751 941 791 omnes
990 736 1267 806 prioribus
1295 736 1422 790 olnn
1459 733 1796 804 temporibus
1845 731 2090 786 colendis

515 826 826 881 simulacris
857 825 1123 882 addictos.
1163 825 1413 880 Attamen
1444 841 1566 880 cum
1620 825 1782 880 etiam
1819 825 1934 894 ipso
1966 837 2090 876 cor-

513 933 646 988 pore
679 915 930 972 Salvator
959 925 1146 973 noster
1191 922 1246 972 in
1302 927 1502 972 terram
1536 915 1848 987 Aigyptiam
1899 923 2088 970 vectus

513 1009 604 1068 sit.
634 1025 744 1078 quo
770 1017 1015 1080 tempore
1040 1010 1267 1064 oraculo
1303 1010 1540 1064 monitus
1590 1007 1790 1078 Joseph
1825 1007 2085 1070 surrexit,

511 1099 848 1172 Mariamque
879 1118 985 1156 una
1030 1119 1154 1157 cum
1207 1103 1433 1174 puerulo
1474 1101 1712 1172 aceepit'.
1750 1109 1954 1154 etcum
1988 1114 2086 1154 oc-

511 1193 656 1250 culta
705 1210 804 1250 sua
831 1194 1032 1250 virtute
1061 1203 1223 1264 atque
1251 1193 1484 1249 efficacia
1537 1194 1590 1246 in
1627 1192 1916 1263 Aigyptttm
1965 1205 2090 1260 per-

508 1285 680 1348 venit,
733 1287 1002 1357 malignas
1055 1286 1130 1340 ibi
1190 1285 1341 1355 prius
1396 1284 1710 1338 habitantes
1769 1289 2087 1352 potestates,

509 1393 619 1432 non
641 1379 990 1434 mediocriter
1015 1385 1317 1440 commotas
1337 1376 1504 1432 fuisse
1529 1391 1628 1446 par
1651 1382 1823 1436 est,ct
1851 1375 2090 1428 maxime

507 1487 632 1526 cuu
684 1481 874 1541 postea
929 1487 1026 1541 per
1081 1471 1228 1526 illius
1289 1469 1594 1526 doctrinam
1655 1466 2086 1521 innumerabiles

507 1577 721 1626 eorum,
753 1564 848 1634 qui
891 1563 1184 1635 [Egyptum
1219 1564 1465 1620 incolunt
1515 1569 1816 1616 conventus
1838 1599 1851 1622 ,
1900 1559 1968 1613 ab
1997 1573 2088 1612 er-

507 1669 636 1712 rore
667 1669 732 1709 ac
770 1654 962 1710 fraude
1005 1655 1312 1712 dmmonum
1355 1654 1675 1710 recedentes
1697 1693 1710 1716 ,
1746 1653 1910 1707 etiam
1939 1665 2086 1704 nunc

2197 639 2546 709 κομισθέντος
2615 641 2679 708 τῇ
2730 637 3042 718 Αἰγυπτίων
3101 635 3276 708 χώρᾳ,
3321 637 3433 698 ὅτε,
3479 638 3627 690 κατᾶ
3695 637 3780 690 τον

2196 732 2460 803 χρησμὸν,
2502 727 2736 792 ἀναστὰς
2781 731 2808 783 ὁ
2859 728 3056 800 Ἰωσὴςρ
3103 729 3374 800 παρέλαϐε
3405 728 3504 800 τὴν
3547 729 3782 800 Μαριὰμ

2196 827 2291 878 καί
2323 825 2383 878 τὺ
2424 823 2655 886 παιδίον,
2689 823 2781 876 καὶ
2825 818 2990 892 ἦλθεν
3039 824 3118 886 εἰς
3157 821 3450 890 Αἴγυπτον,
3479 823 3780 894 ἀποῤῥήτῳ

2192 918 2417 988 δυνάμει
2473 916 2568 969 καὶ
2615 915 2862 988 ἐνεργείᾳ
2905 915 3004 978 τὰς
3029 913 3217 968 αὐτόθι
3259 913 3320 966 τὸ
3363 913 3492 984 πρὶν
3525 914 3780 979 οἰκούσας

2195 1009 2434 1078 πονηρὰς
2477 1009 2736 1080 δυνάμεις
2769 1009 2914 1072 εἰκὸς
2957 1009 3020 1060 οὐ
3055 1007 3267 1079 μικρῶς
3305 1007 3652 1076 κεκινῆσθαι,
3689 1007 3780 1060 καὶ

2192 1101 2426 1172 μάλιστα
2479 1101 2567 1153 ὅτε
2600 1101 2688 1154 διὰ
2715 1102 2812 1171 τῆς
2865 1101 3158 1171 μετέπειτα
3203 1099 3554 1159 διδασκαλίας
3611 1095 3777 1151 αὑτοῦ

2193 1192 2360 1264 μυρία
2395 1191 2573 1262 πλήθη
2599 1193 2708 1244 τῶν
2759 1192 2854 1263 τὴν
2893 1193 3166 1260 Αἴγυπτον
3195 1191 3507 1250 οἰκούντων,
3543 1190 3646 1259 τῆς
3675 1188 3776 1240 τῶν

2188 1285 2457 1356 δαιμόνων
2511 1286 2858 1354 ἀποφυγόντα
2908 1285 3248 1356 πλανήσεως,
3283 1285 3362 1336 ἔτι
3409 1284 3503 1336 καί
3549 1283 3648 1336 νῦν
3689 1284 3778 1336 τῆν

2191 1374 2298 1427 τῶν
2322 1375 2459 1428 ὅλων
2501 1376 2751 1446 ὁμολογεῖ
2785 1375 2941 1446 μόνον
2987 1375 3182 1429 εἰδέναι
3209 1375 3362 1428 Θεόν.
3391 1375 3474 1427 Τὰ
3505 1373 3552 1427 δ’
3582 1377 3641 1426 ὲν
3669 1378 3778 1436 τοῖς

2193 1467 2320 1536 ἑξῆς
2367 1469 2747 1541 ἐπιλεγόμενα,
2801 1469 3173 1540 αἰνιγματώδη
3226 1470 3375 1530 ὄντα,
3419 1468 3670 1533 πλείονός
3715 1485 3774 1522 τε

2191 1559 2419 1632 δεόμενα
2474 1563 2874 1634 πραγματείας,
2915 1564 3003 1616 ἐπ’
3027 1562 3232 1628 οἰκείας
3265 1563 3457 1634 σχολῆς
3505 1561 3774 1635 ἑρμηνεύ-

2194 1669 2253 1706 σο
2260 1672 2379 1726 μεν.

507 1759 678 1800 unum
711 1746 951 1804 universi
983 1745 1150 1802 Deum
1197 1763 1256 1803 se
1293 1762 1458 1802 nosse
1489 1743 1981 1816 fateantur.j423
2031 1741 2162 1808 Qua:
2201 1762 2330 1803 vero
2387 1748 2646 1822 deinceps
2692 1759 3014 1822 sequuntur,
3058 1767 3182 1806 cum
3225 1747 3648 1806 obscurioribus
3711 1741 3773 1797 ﬁ-

507 1837 662 1906 guris
701 1838 960 1908 implicita
985 1840 1115 1904 sint,
1156 1855 1408 1912 curaeque
1443 1855 1508 1904 ac
1553 1839 1847 1910 diligentize
1906 1836 2134 1906 majoris
2174 1837 2475 1913 indigeant,
2535 1846 2674 1900 alias
2716 1861 3000 1911 seorsum,
3050 1861 3176 1901 cum
3217 1861 3312 1918 per
3347 1844 3518 1899 otium
3565 1841 3768 1912 licebit,

507 1929 1010 1999 interpretabimur.

509 2066 550 2120 Α
592 2065 867 2123 Numeris.
913 2101 984 2110 —
1027 2069 1484 2136 Quemadmodum
1533 2071 1778 2128 Christus
1821 2072 1874 2125 in
1915 2068 2080 2143 (Egy-

2205 2070 2344 2124 Ἀπὸ
2381 2070 2922 2143 τῶνγἈριθμῶνμ-
2947 2073 3044 2140 Ὠς
3084 2078 3118 2128 ό
3165 2071 3420 2142 Χριστὸς
3461 2075 3554 2140 εἰς
3597 2075 3768 2142 Αιγυ-

575 2149 725 2212 ptum
753 2149 1026 2204 cariturus,
1065 2151 1222 2212 atque
1265 2143 1414 2198 illinc
1453 2159 1756 2198 reversurus
1801 2142 2089 2212 prwdictus

577 2209 762 2278 fuerit.

588 2339 606 2374 ι
639 2323 788 2379 Dixit
821 2324 1039 2380 Balaam
1089 2327 1232 2383 filius
1263 2327 1402 2384 Beor
1437 2347 1449 2382 :
1485 2327 1622 2383 dixit
1651 2327 1814 2384 homo
1844 2327 1937 2398 qui
1964 2341 2090 2384 vere

505 2415 677 2481 videt,
712 2415 850 2472 dixit
893 2418 986 2488 qui
1018 2419 1170 2474 audit
1197 2421 1422 2474 oracula
1458 2420 1636 2484 fortis,
1683 2421 1778 2491 qui
1823 2419 2088 2476 visionem

505 2505 604 2562 Dei
669 2508 842 2574 vidit,
901 2511 956 2564 in
1013 2526 1208 2568 somno
1274 2515 1450 2585 aperti
1499 2515 1644 2568 oculi
1709 2514 1864 2584 ejus.
1923 2527 2086 2582 quam

507 2601 748 2669 pulchra:
771 2601 966 2658 domus
999 2613 1104 2660 tua:
1127 2603 1332 2670 Jacob,
1367 2607 1714 2662 tabernacula
1759 2615 1850 2660 tua
1895 2605 2084 2668 Israel,

507 2698 568 2744 ut
597 2692 768 2748 saltus
791 2695 1059 2761 umbrosi,
1085 2705 1140 2752 et
1168 2700 1328 2768 quasi
1359 2699 1551 2754 hortus
1581 2700 1740 2769 juxta
1763 2699 2007 2762 ﬂumina,
2033 2705 2088 2753 et

505 2785 664 2851 quasi
699 2785 1050 2842 tabernacula
1081 2805 1204 2858 quae
1245 2789 1359 2844 ﬁxit
1391 2790 1674 2856 Dominus,
1699 2792 1857 2862 quasi
1887 2791 2086 2846 cedrus

499 2875 656 2943 juxta
691 2891 884 2946 aquas.
917 2877 1241 2948 Egredietur
1280 2883 1444 2938 homo
1494 2885 1562 2942 de
1609 2886 1816 2942 semine
1863 2886 2008 2956 ejus,
2032 2894 2088 2942 et

503 2965 878 3022 dominabitur
927 2972 1182 3041 gentibus
1241 2975 1461 3040 multis,
1517 2984 1574 3032 et
1617 2979 1914 3034 extolletur
1969 2977 2086 3050 Gog

501 3074 754 3126 regnum,
809 3069 864 3118 et
909 3065 1197 3134 augebitur
1243 3083 1467 3138 regnum
1518 3069 1658 3140 ejus.
1731 3070 1874 3129 Deus
1927 3073 2086 3128 duxit

503 3151 658 3204 itlum
710 3169 774 3208 ex
827 3153 1086 3226 Egypto,
1140 3161 1296 3228 quasi
1353 3162 1526 3230 gloria
1561 3164 1924 3220 rhinocerotis
1981 3166 2080 3222 illi.

517 3241 808 3299 Devorabit
834 3255 1025 3316 gentes
1053 3248 1400 3304 inimicorum
1435 3267 1684 3318 suorum,
1729 3263 1784 3310 et
1817 3257 2084 3312 crassitu-

501 3335 660 3392 dines
690 3351 878 3394 eorum
906 3342 1233 3404 attenuabit,
1265 3351 1319 3399 et
1365 3344 1566 3412 jaculis
1613 3347 1730 3403 suis
1767 3347 1922 3404 feriet
1971 3351 2080 3406 ini-

2261 2158 2416 2198 πτον
2457 2142 2650 2210 ἥξειν,
2699 2142 2980 2200 κάκεῖθεν
3021 2144 3538 2200 ἐπανελεύσεσθαι
3569 2147 3763 2214 ,προεί-

2250 2231 2420 2282 puro.

2261 2352 2288 2380 α
2320 2331 2458 2400 Φησὶ
2503 2330 2734 2402 Βαλαὰμ
2781 2329 2894 2394 υίὸς
2927 2328 3102 2401 Βεὼρ·
3151 2327 3312 2399 φησὶν
3356 2328 3384 2380 ὁ
3417 2327 3700 2400 ἄνθρωπος
3735 2329 3766 2382 ὁ

2190 2420 2460 2492 ἀληθινῶς
2504 2421 2666 2494 ὁρῶν,
2703 2421 2867 2491 φησὶν
2905 2421 3116 2474 ἁκούων
3159 2420 3314 2488 λόγια
3351 2419 3602 2489 ἰσχυροῦ,
3625 2420 3762 2481 ὅστις

2187 2515 2378 2586 ὅρασιν
2433 2514 2568 2568 Θεοῦ
2619 2511 2790 2578 εἶδεν,
2837 2517 2893 2567 ἐν
2952 2515 3104 2580 ὓπνῳ
3150 2512 3670 2582 ἀποκεκαλυμμένοι
3713 2511 3762 2564 οἰ

2187 2607 2455 2678 ὀφθαλμοὶ
2505 2608 2692 2672 αὑτοῦ,
2733 2609 2808 2672 ὡς
2857 2607 3010 2662 καλοὶ
3037 2607 3086 2660 οἱ
3131 2602 3270 2660 οἶκοί
3299 2623 3416 2668 σου,
3458 2604 3676 2668 Ἰακὼϐ,
3707 2605 3760 2658 αἱ

2190 2701 2384 2772 σκηναί
2432 2717 2546 2764 σου,
2595 2701 2831 2774 Ἰσραὴλ,
2877 2701 3008 2756 ὡσεὶ
3058 2700 3224 2754 νάπαι
3281 2697 3630 2764 σκιάζουσαι,
3675 2699 3760 2753 καὶ

2185 2795 2263 2858 ὼς
2311 2795 2636 2865 παράδεισος
2692 2796 2785 2848 ἐπὶ
2835 2793 3118 2866 ποταμῶν,
3149 2793 3240 2848 καὶ
3273 2792 3406 2846 ῶσεί
3457 2793 3676 2864 σκηναὶ,
3703 2791 3762 2856 ἃς

2187 2887 2354 2958 ἔπηξε
2389 2887 2612 2960 Κύριος,
2637 2887 2768 2942 ῶσεί
2791 2889 2970 2960 κέδροι
3003 2890 3132 2959 παρ’
3168 2887 3354 2942 ὕδατα.
3400 2887 3760 2953 Ἐξελεύσεται

2186 2979 2472 3050 ἄνθρωπος
2528 2981 2592 3032 ἐκ
2641 2979 2736 3033 τοῦ
2786 2981 3097 3051 σπέρματος
3127 2979 3318 3044 αὑτοῦ,
3354 2981 3448 3034 καὶ
3487 2979 3760 3052 κυριεύσει

2185 3073 2355 3126 ἐθνῶν
2388 3072 2622 3137 πολλῶν,
2655 3074 2748 3126 καί
2793 3074 3138 3145 ὑψωθήσεται
3169 3076 3204 3145 ἡ
3233 3073 3354 3142 Γὼγ
3387 3073 3657 3142 βασιλεία,
3675 3075 3760 3128 καὶ

2184 3166 2610 3238 αὐξηθήσεταιή
2648 3167 2892 3238 βασιλεία
2933 3166 3119 3220 αὐτοῦ.
3154 3167 3286 3230 Θεὸς
3337 3167 3624 3237 ὡδήγησεν
3671 3167 3760 3220 αὖ.

2181 3261 2274 3315 τὸν
2307 3260 2367 3325 ἐξ
2399 3260 2696 3329 Αἰγύπτου,
2727 3260 2803 3324 ὡς
2831 3259 2960 3326 δόξα
2997 3259 3366 3330 μονοκέρωτος
3409 3257 3584 3329 αὐτῷ.
3617 3258 3760 3312 Ἐδε-

2181 3370 2274 3407 ται
2307 3352 2431 3424 ἔθνη
2465 3351 2674 3423 ἐχθρῶν
2708 3352 2894 3414 αὑτοῦ,
2931 3352 3024 3404 καὶ
3061 3353 3129 3404 τὰ
3171 3351 3320 3422 πάχη
3369 3351 3552 3406 αὐτῶν
3597 3353 3758 3422 ἐκμυο

501 3428 728 3482 micum.
755 3429 1046 3489 Accubans
1073 3433 1280 3504 quievit
1306 3443 1362 3490 ut
1388 3437 1492 3502 leo,
1517 3447 1570 3494 et
1597 3447 1657 3492 ut
1689 3441 1926 3505 catulus,
1959 3442 2080 3512 quis

2187 3443 2308 3507 λιεί,
2343 3444 2438 3496 καὶ
2483 3445 2602 3506 ταῖς
2654 3443 2854 3514 βολίσιν
2887 3441 3052 3496 αὑτοῦ
3112 3441 3498 3506 κατατοξεύσει
3547 3441 3754 3514 ἐχθρόν.

499 3519 762 3576 excitabit
815 3522 1008 3577 illum?
1047 3527 1138 3595 qui
1186 3525 1513 3583 benedicunt
1564 3530 1684 3594 tibi,
1739 3531 1872 3601 ipsis
1917 3533 2082 3588 bene-

499 3611 706 3666 dictum
729 3622 834 3677 est,
860 3623 908 3670 et
940 3617 1032 3686 qui
1056 3619 1390 3675 maledicunt
1423 3622 1536 3690 tibi,
1569 3624 1704 3694 ipsis
1735 3625 2080 3681 maledictum

498 3711 584 3758 est
621 3706 688 3758 ".
711 3725 729 3757 ι
755 3705 1021 3778 Superius
1055 3727 1154 3781 per
1177 3727 1296 3767 eam
1323 3715 1664 3785 prophetiam
1693 3732 1813 3786 qua:
1835 3719 2080 3786 proxime

497 3801 746 3870 exposita
799 3810 907 3864 est,
961 3803 1089 3858 dum
1139 3807 1446 3870 oraculum,
1479 3817 1770 3864 venturum
1819 3811 1874 3864 in
1911 3809 2082 3883 Egy-

499 3901 653 3962 ptum
711 3891 1000 3948 Dominam
1049 3895 1310 3960 allii-mat,
1369 3897 1668 3956 Salvatoris
1725 3902 1898 3958 nostri
1948 3901 2078 3958 Jesu

497 3983 701 4040 Christi
754 3987 1134 4058 migrationem
1185 4005 1292 4044 una
1323 4007 1444 4047 cum
1491 3993 1806 4062 parentibus
1860 3995 1976 4049 suis
2025 3995 2078 4049 in

498 4072 796 4146 :Egyptum
855 4079 929 4132 illi
970 4079 1072 4149 ipsi
1137 4080 1375 4136 futuram
1421 4085 1718 4141 indicabat.
1755 4085 1854 4140 Hic
1896 4095 2078 4142 autem

497 4167 734 4222 reditum
767 4169 837 4224 ab
858 4169 1115 4242 Egypto,
1139 4183 1198 4226 ut
1223 4173 1358 4228 ordo
1379 4177 1638 4245 postulat,
1667 4192 1777 4247 quo
1803 4176 1856 4230 in
1877 4185 2076 4232 terram

497 4257 664 4314 Israel
696 4276 804 4314 una
837 4277 963 4317 cum
1027 4265 1348 4332 parentibus
1375 4283 1630 4324 reversus
1654 4277 1760 4330 est.
1795 4269 1944 4324 canit
1991 4269 2078 4326 his

495 4355 718 4409 verbis:
761 4373 780 4406 ι
813 4355 956 4412 Deus
981 4357 1138 4413 duxit
1161 4359 1312 4414 illum
1339 4361 1408 4416 ab
1439 4361 1694 4434 Egypto.
1739 4382 1756 4414 ι
1791 4362 1955 4420 Solus
1981 4379 2078 4419 au-

494 4449 606 4497 tem
635 4445 844 4500 exstitit
885 4445 1138 4504 Salvator
1172 4459 1226 4506 et
1263 4450 1524 4510 Dominus
1557 4467 1742 4511 noster
1771 4455 1952 4519 Jesus,
1984 4457 2077 4526 qui

493 4532 750 4592 Christus
787 4547 872 4593 est
903 4537 1017 4604 Dei,
1057 4557 1236 4612 neque
1274 4545 1416 4600 alius
1469 4553 1730 4616 praeterea
1757 4549 2072 4620 quisquam.

491 4643 560 4686 ex
605 4631 814 4688 semine
847 4634 1036 4702 Israel,
1071 4646 1124 4691 et
1171 4636 1396 4694 Judaica
1427 4650 1588 4711 gente
1621 4645 1934 4714 profectus,
1982 4645 2074 4716 qui

2185 3534 2550 3599 Κατακλιθεὶς
2595 3535 2938 3590 ἀνεπαύσατο
2977 3534 3051 3599 ῶς
3075 3533 3232 3596 λέων,
3263 3535 3358 3588 καὶ
3385 3535 3461 3598 ῶς
3491 3533 3752 3604 σκύμνος·

2183 3630 2268 3694 τίς
2301 3631 2484 3702 ἐγερεῖ
2529 3630 2727 3696 αύτόνς
2757 3632 2805 3682 οἱ
2832 3628 3178 3699 εὐλογοῦντες
3201 3645 3260 3682 σε
3295 3627 3634 3699 εὐλόγηνται,
3667 3627 3750 3682 καὶ

2182 3725 2233 3777 oi
2262 3721 2642 3794 καταρῶμενοί
2671 3739 2730 3774 σε
2767 3724 3184 3792 κεκατήρανται.
3217 3739 3236 3771 ι
3257 3719 3542 3790 Ἀνωτέρω
3563 3719 3648 3772 διὰ
3661 3717 3750 3786 τῆς

2183 3817 2632 3890 προτεταγμένης
2683 3814 3016 3886 προφητείας
3075 3815 3252 3884 φήσας
3303 3815 3332 3866 ὁ
3377 3813 3622 3884 χρησμὸς
3667 3811 3746 3864 τὸν

2183 3911 2388 3984 Κύριον
2415 3911 2566 3980 ἥξειν
2599 3910 2680 3972 εἰς
2719 3909 3012 3974 Αἴγυπτον,
3045 3905 3234 3976 ἐδήλου
3264 3905 3360 3974 τὴν
3381 3905 3476 3958 τοῦ
3513 3904 3744 3975 Σωτῆρος

2181 4003 2340 4075 ἡμῶν
2387 4001 2562 4072 Ἰησοῦ
2599 3999 2834 4072 Χριστοῦ
2867 3999 3205 4072 διακυμιὸὴν,
3233 3998 3332 4070 τὴν
3371 3999 3489 4070 ἅμα
3531 4001 3638 4062 τοῖς
3668 4012 3741 4064 το-

2181 4097 2366 4150 νεῦσιν
2413 4096 2493 4157 εἰς
2519 4095 2795 4161 Αἴγυπτον
2838 4091 2985 4164 αύτῴ
3015 4093 3415 4164 γενησομένην·
3452 4093 3512 4144 ὲν
3555 4089 3740 4150 τούτοις

2181 4189 2238 4244 δὲ
2271 4191 2368 4262 τὴν
2403 4189 2658 4244 ἐπάνοδον
2691 4187 2818 4260 ἑξῆς
2861 4189 2957 4242 καὶ
2988 4187 3294 4250 ἀκολούθως
3331 4185 3432 4256 τὴν
3475 4187 3568 4242 ἀπ’
3593 4181 3739 4252 Αἰγύ-

2181 4299 2338 4344 πτου,
2367 4284 2430 4356 ἣν
2459 4282 2576 4353 ἅμα
2616 4283 2728 4344 τοῖς
2767 4279 3016 4349 γονεῦσιν
3049 4281 3128 4344 εἰς
3151 4279 3250 4349 τὴν
3277 4279 3380 4348 γῆν
3409 4277 3506 4332 τοῦ
3545 4272 3738 4348 Ἰσραὴλ

2181 4378 2493 4448 ἐποιήσατο,
2525 4373 2768 4439 θεσπίζει
2802 4374 3008 4442 λέγων·
3051 4393 3070 4424 ι
3121 4372 3252 4436 Θεὸς
3289 4371 3570 4442 ὡδήγησεν
3597 4367 3738 4424 αὑτὸν

2181 4469 2240 4533 ἐξ
2283 4469 2578 4536 Αἰγύπτου.
2623 4486 2640 4518 ›
2680 4467 2856 4528 Μόνος
2905 4465 2962 4518 δὲ
3008 4459 3076 4534 ἦν
3131 4465 3160 4515 ὀ
3197 4461 3388 4534 Σωτὴρ
3431 4463 3528 4516 καὶ
3559 4461 3738 4532 Κύριος

2179 4563 2338 4632 ἡμῶν
2378 4559 2586 4628 Ἰησοῦς
2625 4561 2654 4613 ὁ
2693 4557 2928 4631 Χριστὸς
2959 4555 3056 4610 τοῦ
3098 4555 3254 4619 Θεοῦ,
3285 4557 3376 4610 καὶ
3415 4555 3536 4609 οὐδὲ
3579 4554 3736 4616 ἄλλω,

2179 4658 2208 4709 ὁ
2235 4656 2300 4706 ἐκ
2327 4651 2422 4706 τοῦ
2453 4651 2764 4724 σπέρματος
2794 4647 3144 4720 Ἰσραὴλ,κα“ι
3157 4646 3250 4700 τοῦ
3289 4645 3556 4700 Ἰουδαίων
3575 4643 3740 4704 ἔθνους

493 4719 682 4775 multis
712 4721 1028 4781 dominatus
1085 4728 1155 4782 sit
1191 4731 1474 4797 gentibus.
1507 4739 1566 4785 ut
1615 4733 1822 4803 absque
1853 4735 2075 4790 haesita-

2187 4745 2480 4818 προελθὼν,
2533 4745 2624 4798 καὶ
2659 4741 2870 4796 πολλῶν
2913 4739 3348 4812 κατακυριεύσας
3383 4739 3568 4799 ἐθνῶν,
3615 4737 3738 4790 ὥστε

491 4809 642 4866 tione
677 4811 834 4868 fateri
869 4831 1096 4872 necesse
1128 4819 1220 4883 sit,
1255 4836 1496 4889 persons
1527 4824 1842 4881 vaticinium
1879 4827 1934 4882 in
1982 4829 2076 4883 illo

489 4903 698 4958 exitum
759 4921 920 4962 suum
951 4908 1248 4974 invenisse.
1279 4921 1466 4985 utpote
1496 4917 1638 4985 quod
1689 4918 1864 4988 palam
1893 4935 2074 4976 enun-

489 4995 611 5060 tiet,
639 4997 706 5053 de
731 4996 960 5056 Iudaica
987 5013 1146 5074 gente
1175 5021 1527 5077 egressurum
1561 5011 1849 5080 quemdam
1891 5012 2072 5068 homi-

487 5107 614 5148 nem
649 5091 816 5167 424
848 5103 902 5151 et
945 5095 1350 5154 dominaturum
1385 5103 1640 5172 gentibus
1697 5107 1886 5162 multis
1919 5125 1934 5162 :
1977 5113 2073 5162 aut

485 5187 670 5256 quivis
721 5187 852 5242 mihi
885 5187 1054 5258 dicat,
1109 5199 1291 5248 utrum
1341 5193 1633 5252 habeatex
1665 5197 1734 5254 iis
1775 5201 1867 5270 qui
1922 5202 2068 5273 apud

485 5277 748 5336 llehraeos
809 5297 1050 5354 unquam
1117 5283 1360 5343 illustres
1423 5287 1628 5346 fuerint
1681 5292 1847 5348 alium
1907 5311 2068 5367 quem

483 5371 748 5441 proferat,
801 5375 894 5444 qui
947 5377 1244 5434 multarum
1295 5381 1536 5452 gentium
1587 5385 1926 5440 dominatum
1977 5403 2072 5442 ac-

485 5465 710 5530 ceperit.
744 5466 908 5540 Atqui
931 5485 1090 5528 nemo
1121 5487 1360 5544 unquam
1385 5475 1530 5532 istud
1551 5477 1772 5543 dixerit,
1812 5481 2069 5549 quoniam

485 5569 556 5612 ne
598 5555 801 5612 factum
843 5561 1062 5630 quidem
1103 5575 1208 5621 est.
1243 5568 1314 5622 At
1365 5585 1494 5626 vero
1535 5571 1588 5626 in
1638 5571 1922 5628 Salvatore
1971 5591 2068 5630 no-

485 5655 628 5714 δίνου
650 5653 866 5711 etiamsi
893 5673 994 5713 nos
1023 5661 1156 5716 nihil
1185 5661 1460 5727 dicamus,
1511 5665 1628 5735 ipsa
1665 5673 1842 5721 tamen
1870 5668 2072 5722 nihilo-

483 5741 669 5804 minus
699 5750 900 5807 veritas
937 5752 1216 5820 clamabit,
1248 5765 1304 5812 et
1349 5757 1700 5816 vehementer
1747 5759 2070 5819 vociferabi-

551 5903 598 5944 "’
637 5899 802 5968 Num.
875 5921 1034 5978 xxiv,
1069 5909 1188 5965 3-9.

2173 4838 2558 4912 ἀναμφιλόγως
2582 4833 2958 4906 ὁμολογεῖσθαι
2993 4833 3166 4904 πέρας
3199 4833 3342 4904 ἔχειν
3374 4833 3458 4885 ἐπ’
3483 4829 3628 4898 αὖτῷ
3661 4827 3740 4882 καὶ

2171 4937 2270 5009 τὴν
2327 4929 2612 5004 παροῦσαν
2661 4929 2968 5002 πρόρρησιν
3035 4927 3332 5000 διαρρήδην
3387 4923 3738 4994 summitur,

2171 5028 2255 5082 ὅτι
2285 5025 2350 5098 δὴ
2387 5025 2452 5078 ἐκ
2477 5023 2572 5078 τοῦ
2589 5023 2854 5078 Ἰουδαίων
2871 5022 3060 5085 ἔθνους
3089 5017 3428 5086 ἐξελεύσεταί
3453 5035 3534 5082 τις
3553 5015 3738 5085 ἄνθρω-

2173 5137 2292 5184 πος.
2343 5119 2439 5172 καὶ
2479 5115 2758 5188 κυριεύσει
2793 5114 2962 5168 ὲθνῶν
2999 5113 3240 5168 πολλῶν·
3279 5113 3312 5184 ἢ
3343 5113 3546 5178 λεγέτω
3573 5113 3600 5165 ὁ
3625 5109 3734 5180 βου-

2177 5211 2420 5282 λόμενος,
2450 5211 2498 5262 εί
2553 5208 2663 5278 ἔχοι
2725 5205 2883 5262 ἄλλον
2931 5205 3196 5276 συστῆσαι
3231 5205 3340 5259 τῶν
3379 5203 3590 5259 πώποτε
3623 5199 3733 5271 παρ’

2190 5302 2459 5374 Ἑϐραίοις
2519 5300 2765 5368 ἐνδόξων.
2825 5299 3031 5354 πολλῶν
3083 5297 3252 5354 ἐθνῶν
3307 5297 3576 5370 ἄρξαντα·
3633 5291 3730 5346 ἀλλ’

2175 5395 2276 5448 οὐκ
2323 5395 2390 5447 ἂν
2456 5391 2602 5446 εἴποι
2659 5408 2764 5454 τις,
2825 5391 2907 5444 ὅτι
2965 5391 3100 5461 μηδὲ
3143 5391 3386 5460 γέγονεν.
3435 5391 3552 5444 Ἐπὶ
3587 5387 3640 5444 δέ
3677 5401 3728 5453 γε

2178 5484 2272 5540 ’ποθ
2304 5484 2559 5558 Σωτῆρος
2587 5483 2746 5554 ἡμῶν
2771 5483 2838 5539 ειν
2871 5485 2966 5538 καὶ
3009 5485 3168 5554 ἡμεῖς
3205 5485 3278 5556 μὴ
3327 5483 3586 5554 λέγωμεν,
3609 5477 3721 5546 αὐτή

2177 5595 2244 5648 γε
2275 5581 2308 5650 ἡ
2335 5577 2564 5646 ἀλήθεια
2595 5575 2780 5648 βοήσει
2809 5577 2906 5632 καὶ
2951 5577 3092 5647 μέγα
3123 5577 3467 5650 κεκράξεται,
3499 5577 3724 5668 ἄντικρυς

2177 5666 2519 5740 “demam.
2551 5669 2700 5734 ὅπως
2747 5671 2782 5741 ἡ
2829 5669 3010 5735 ἔνθεος
3049 5669 3214 5724 αὑτοῦ
3261 5669 3510 5740 δύναμις,
3539 5665 3618 5722 ιιι
3643 5665 3721 5714 τοῦ

2175 5762 2574 5834 ἀναληφθέντος
2605 5763 2756 5838 αὐτῷ
2791 5767 2860 5821 ὲκ
2899 5763 3214 5838 σπέρματος
3257 5764 3470 5838 Ἰσραὴλ
3495 5761 3584 5817 τοῦ
3605 5751 3722 5814 γατᾶ
