3928 6506
1102 384 1762 443 DEMONSTRATIONIS
1803 381 2262 441 EVANGELICJE
2331 381 2460 438 LIB.
2501 381 2592 436 ιχ.

3336 381 3444 436 663

179 501 372 567 σάρκα
403 495 692 570 ἀνθρώπου
715 499 1024 572 ἐκυρίευσε,
1051 516 1146 556 και
1177 503 1344 558 εἰσέτι
1372 503 1465 557 νῦν
1495 501 1769 574 κυριεύσει

1873 509 1982 565 tur,
2033 499 2348 570 planissime
2416 498 2697 559 indicans,
2755 493 3207 569 quemadmodum
3259 497 3441 552 divina

173 593 360 647 ἐθνῶν
414 591 648 647 πολλῶν.
707 593 878 658 Αὐτὸς
926 595 1032 666 ἄρα
1080 588 1236 660 οὗτος
1293 598 1496 661 ἐκεῖνος
1547 593 1636 668 ἦν,
1678 598 1773 650 καὶ

173 685 290 739 οὖδ⁹
325 684 504 749 ἄλλος,
534 685 594 739 ὃν
623 687 655 756 ή
688 686 990 757 προφητεία
1015 689 1408 762 προηγόρευσε,
1443 689 1562 745 καθ’
1591 689 1651 743 ὃν
1681 691 1774 745 καὶ

172 782 208 851 ἡ
233 778 368 848 Γὼγ
393 778 584 849 ὑψώθη
609 778 872 849 βασιλεία,
893 780 992 849 τῆς
1015 781 1250 852 Χριστοῦ
1271 782 1546 854 δυνάμεως
1575 801 1772 839 συναυ-

174 870 404 940 εούσης.
459 869 665 924 Τοῦτον
711 872 756 925 δ’
803 872 1037 926 ἐνταῦθά
1082 890 1244 942 φησιν
1293 874 1623 929 αἰνίττεσθαι
1651 875 1772 930 καθ’

187 962 486 1034 Ἑϐραίους
519 963 612 1016 τὸν
645 964 846 1034 τρόπον
871 965 970 1036 τὴν
999 965 1109 1018 τῶν
1151 966 1435 1036 Ῥωμαίων
1476 966 1769 1036 βασιλείαν,

256 1055 358 1108 καὶ
403 1055 753 1125 συνήκμασεν
779 1058 812 1126 ἡ
846 1055 1082 1127 Χριστοῦ
1121 1057 1450 1112 διδασκαλία.
1485 1059 1771 1130 Μέμνηται

170 1143 229 1198 δὲ
257 1141 358 1196 τοῦ
395 1141 520 1213 Γὼγ
547 1145 640 1197 καὶ
665 1147 693 1198 6
722 1149 1006 1218 προφήτης
1034 1146 1311 1220 ’Ῑεζεκιὴλν
1337 1148 1576 1220 ἄρχοντα
1613 1148 1770 1212 Ῥὼςν

169 1233 370 1304 Μοτὺχ
418 1234 514 1288 καὶ
555 1233 724 1288 Θοϐἐλ
771 1235 1084 1306 ὀνομάζων·
1129 1235 1215 1289 διὰ
1257 1237 1359 1306 μὲν
1393 1235 1488 1290 τοῦ
1507 1235 1640 1301 Ῥὼς
1672 1236 1772 1307 τὴν

186 1323 508 1395 Ῥωμαίων,
539 1324 616 1389 ὡς
669 1325 836 1393 ἔοικε,
877 1325 1032 1378 πόλιν
1077 1327 1472 1398 αἰνιττόμενος,
1505 1328 1628 1380 ἐπεὶ
1677 1329 1772 1382 καὶ

172 1417 321 1488 ἁρχὴ
378 1417 474 1471 καὶ
519 1418 732 1490 κεφαλὴ
757 1419 899 1472 κατὰ
929 1418 1026 1489 τὴν
1069 1418 1333 1490 Ἐϐραίων
1363 1419 1543 1490 φωνὴν
1566 1418 1653 1474 διὰ
1676 1420 1770 1472 τοῦ

182 1508 324 1572 Ῥὼς
354 1508 644 1578 δηλοῦται·
677 1509 763 1563 διὰ
796 1509 851 1562 δὲ
883 1508 974 1562 τοῦ
1006 1509 1191 1579 Μοσὸχ
1215 1510 1312 1580 τὴν
1335 1511 1569 1574 Μυσίαν,
1591 1511 1684 1564 καὶ
1704 1510 1771 1562 τὰ

171 1598 337 1670 πέριξ
390 1599 598 1671 ταύτης
635 1600 784 1672 ἔθνη,
814 1601 914 1654 ὃσα
942 1599 1037 1653 νῦν
1074 1603 1250 1654 οἰκεῖα
1291 1601 1576 1672 Ῥωμαίων
1621 1602 1766 1655 ἐστί·

169 1691 258 1746 διά
312 1691 376 1745 δὲ
409 1691 508 1745 τοῦ
550 1692 719 1745 Θοϐἐλ
761 1693 861 1764 τὴν
919 1692 1178 1766 Ἰϐηρίαν,
1206 1692 1348 1746 οὓτω
1382 1711 1498 1758 πως
1533 1693 1642 1747 ἀπὸ
1680 1693 1770 1748 τοῦ

170 1782 348 1837 Θοϐἐλ
383 1783 671 1853 γεγονέναι
723 1785 960 1853 φάσκων
992 1785 1293 1855 Θοϐεήλους
1341 1786 1467 1848 τοὺς
1516 1784 1766 1856 Ἰϐηραςο

1876 595 2021 650 illius
2051 595 2222 649 virtus
2253 609 2349 664 per
2377 593 2551 654 illum,
2578 592 2668 662 qui
2694 592 2763 647 ab
2791 591 2909 662 ipso
2947 591 3013 647 de
3042 593 3248 647 semine
3278 592 3442 648 Israel

1873 687 2085 741 ratione
2120 687 2365 755 corporis
2396 695 2717 754 assumptus
2733 693 2837 748 est,
2871 683 3141 738 hominem
3168 683 3443 738 dominata

1872 787 1975 842 est,
2000 785 2161 847 atque
2186 779 2349 832 etiam
2396 793 2542 831 nunc
2587 775 2901 831 dominatur
2940 775 3193 846 gentibus
3234 775 3443 832 multis.

1873 870 1974 925 Hic
2002 870 2168 940 igitur
2197 871 2288 924 ille
2315 871 2432 940 ipse
2453 879 2590 934 erat,
2621 884 2726 923 non
2754 870 2894 924 alius
2936 869 3227 939 quESpiam,
3281 886 3442 940 quem

1873 963 2154 1034 prophetia
2205 962 2565 1032 praedixerat,
2609 963 2768 1030 cujus
2823 970 3066 1033 tempore
3111 963 3274 1017 etiam
3329 961 3444 1030 Gog

1873 1071 2099 1126 regnum
2132 1055 2184 1108 in
2219 1055 2450 1110 sublime
2509 1055 2801 1110 adauctum
2846 1063 2962 1113 est.
2999 1070 3122 1108 cum
3165 1069 3230 1108 eo
3281 1054 3441 1109 simul

1871 1145 2076 1201 Christi
2115 1145 2313 1200 virtute
2360 1159 2423 1200 ac
2474 1145 2713 1216 potentia
2764 1153 3068 1200 crescente.
3104 1145 3216 1199 Hoc
3264 1154 3441 1200 autem

1873 1237 2034 1292 modo
2053 1235 2586 1292 aiuntltumanorum
2611 1252 2837 1306 reg-num
2869 1239 3168 1292 secundum
3187 1237 3444 1294 Hebraeos

1872 1328 2195 1400 signiﬁcari,
2225 1345 2350 1384 cum
2396 1345 2506 1400 quo
2537 1330 2700 1386 simul
2728 1329 2934 1384 Christi
2983 1330 3231 1385 doctrina
3275 1331 3445 1386 robur

1871 1430 2035 1492 atque
2088 1423 2483 1478 incrementum
2529 1423 2762 1492 accepit.
2813 1421 3052 1478 Meminit
3106 1432 3285 1478 autem
3328 1424 3445 1495 Gog

1870 1522 2039 1574 etiam
2103 1515 2365 1589 propheta
2423 1514 2710 1579 Ezechiel,
2758 1515 2890 1570 dum
2942 1516 3242 1586 principem
3310 1516 3443 1583 Ros,

1871 1610 2094 1666 Mosoch
2124 1617 2178 1663 ct
2205 1607 2412 1663 Thobel
2441 1607 2715 1670 nominat,
2767 1608 2860 1662 ubi
2904 1624 3000 1678 per
3042 1608 3176 1662 illud
3221 1609 3440 1678 quidem

1870 1703 2003 1766 Res,
2037 1701 2434 1765 Romanorum,
2467 1707 2526 1755 ut
2554 1715 2654 1770 par
2679 1707 2786 1763 est,
2821 1699 3097 1754 civitatem
3132 1699 3440 1770 signiﬁcat:

1871 1795 2317 1866 quandoquidem
2365 1793 2701 1864 principatus
2753 1803 2807 1847 et
2840 1801 3002 1863 caput
3027 1807 3092 1847 ea
3137 1807 3271 1846 voce
3299 1790 3442 1861 apud

169 1871 244 1932 ὧν
298 1877 569 1931 ἁπάντων
613 1877 847 1947 ἄρχοντα
883 1875 975 1929 τὸν
1025 1876 1064 1928 Γ
1066 1875 1147 1944 ὼγ
1179 1875 1558 1946 ὑψωθήσεσθαί
1604 1893 1767 1949 φησιν

1872 1887 2130 1943 Hebraeos
2163 1885 2504 1954 intelligitur;
2556 1898 2654 1953 per
2686 1881 2906 1938 Mosocb
2967 1891 3146 1937 autem
3191 1881 3440 1952 Mysiam,

171 1967 263 2022 ἐπὶ
290 1966 400 2036 τῆς
428 1965 526 2019 τοῦ
558 1967 1035 2038 προφητειιομένου
1085 1967 1319 2038 Χριστοῦ
1364 1969 1684 2040 παρουσίας,
1709 1969 1766 2022 ὃν

171 2064 200 2119 6
229 2061 369 2125 Θεὸς
413 2059 698 2132 ὡδήγησεν
749 2059 806 2126 ἐξ
848 2059 1146 2128 Αἰγύπτου,
1174 2062 1264 2115 ὅτε
1311 2061 1454 2116 κατὰ
1489 2061 1578 2115 τὸν
1610 2064 1767 2116 Ματ-

174 2154 347 2218 θαίον,
379 2149 830 2216 ἐπιϐουλεύοντος
862 2151 955 2205 τοῦ
1001 2153 1239 2225 Ἡρώδου
1275 2154 1424 2208 παιδὶ
1457 2153 1569 2208 ὄντι
1595 2154 1764 2226 αὐτῷ,

171 2244 577 2320 χρηματισθεὶς
607 2244 635 2296 6
674 2243 872 2315 Ἰωσὴφ
907 2243 1180 2315 παρέλαϐε
1218 2245 1280 2298 τὸ
1305 2245 1514 2298 παιδίον
1559 2247 1650 2299 καὶ
1669 2246 1768 2318 τὴν

176 2337 393 2408 μητέρα
430 2334 622 2402 αὑτοῦ,
652 2336 748 2388 καὶ
773 2334 1074 2406 ἐπανῆλθεν
1103 2336 1183 2399 είς
1217 2335 1320 2406 γῆν
1361 2337 1598 2409 Ἰσραήλ.
1628 2339 1766 2404 Δόξα

173 2430 229 2486 δέ
279 2431 671 2500 μονοκέρωτος
717 2427 866 2498 αὐτῷ
894 2427 972 2498 τῷ
1000 2427 1222 2500 Χριστῴ
1265 2431 1466 2502 παρῆν,
1498 2432 1584 2485 διὰ
1619 2434 1680 2487 τὸ
1707 2436 1766 2488 ἐν

174 2523 321 2594 αὑτῷ
374 2521 734 2592 εὐδοκηκέναι
775 2522 1100 2592 κατοικῆσαι
1136 2523 1242 2576 πᾶν
1277 2524 1337 2577 τὸ
1371 2524 1642 2597 πλήρωμα
1665 2527 1767 2598 τῆς

174 2616 455 2688 θεότητος,
497 2615 640 2668 κατὰ
667 2615 758 2668 τὸν
804 2615 947 2686 ἱερὸν
989 2615 1329 2671 Ἀπόστολον.
1355 2617 1554 2690 Διόπερ
1580 2620 1655 2684 ὡς
1684 2621 1770 2674 κέ-

177 2725 271 2780 ρας
315 2707 766 2779 ἐπιγραφόμενος
810 2707 901 2761 τὸν
929 2707 1038 2760 τῶν
1087 2709 1224 2762 ὅλων
1261 2709 1394 2762 Θεὸν
1422 2713 1514 2764 καὶ
1549 2712 1765 2784 Πατέρα

175 2800 362 2863 αὐτοῦ,
404 2799 718 2870 μονόκερως
745 2801 839 2854 καὶ
867 2801 924 2852 ἐν
955 2800 1168 2870 ἑτέραις
1187 2802 1426 2874 Γραφαῖς
1451 2802 1764 2876 ὠνομάσθη.

188 2893 241 2947 Ὀ
268 2893 314 2946 δ’
348 2891 517 2955 αὐτὸς
545 2893 640 2946 τοῦ
667 2891 802 2945 Θεοῦ
828 2892 998 2960 Λόγος
1026 2894 1138 2956 τοῖς
1167 2897 1377 2964 νοητοῖς
1411 2895 1502 2948 καὶ
1532 2895 1766 2964 λογικοῖς

177 2985 340 3040 αὑτοῦ
369 2984 553 3055 βέλεσι
572 2984 663 3037 τὸν
688 2983 881 3055 ἐχθρὸν
911 2985 1004 3036 καλ⁵
1025 2984 1399 3055 ἀντικείμενον
1428 2986 1577 3057 αὐτῷ
1597 2987 1768 3041 διάϐο-

179 3075 281 3142 λον,
302 3077 492 3139 πάσας
514 3093 574 3128 τε
604 3075 703 3138 τάς
729 3076 862 3144 ἀμφ’
893 3075 1056 3129 αὐτὸν
1082 3076 1346 3146 ἀοράτους
1389 3079 1482 3132 καὶ
1525 3078 1767 3151 πονηρὰς

179 3169 458 3242 δυνάμεις,
495 3169 583 3223 διὰ
620 3169 926 3241 κρείττονος
953 3169 1048 3222 καὶ
1095 3169 1453 3242 ἁκαταμάχου
1485 3170 1765 3242 δυνάμεως

181 3262 618 3334 ῆλαυνεν,είσέτι
646 3278 705 3314 τε
739 3259 835 3314 νῦν
872 3259 1113 3333 κυριεύει
1152 3260 1320 3315 ἐθνῶν
1351 3262 1579 3329 πολλῶν,
1601 3257 1673 3316 ὧν
1695 3263 1763 3316 τά

182 3356 328 3425 πάχη
346 3355 442 3407 καὶ
458 3353 518 3406 τὸ
534 3353 786 3424 φρόνημα
797 3353 894 3424 τῆς
912 3352 1112 3424 σαρκὸς
1128 3351 1421 3418 λεπτύνων,
1437 3355 1529 3407 ἐπὶ
1541 3355 1638 3426 τὴν
1656 3371 1766 3410 στεο

182 3444 416 3515 νὴνὸδδν
438 3443 539 3512 τῆς
566 3444 784 3496 αἰωνίου
814 3442 959 3512 ζωῆς
983 3442 1318 3514 ἐπιτηδείους
1344 3443 1764 3510 κατασκευάζει.

192 3535 354 3589 Ἀλλὰ
383 3536 482 3588 καὶ
506 3535 852 3600 κατακλιθεὶς
879 3536 1038 3598 αὐτὸς
1067 3529 1220 3599 οὗτος
1251 3537 1280 3588 6
1304 3537 1361 3603 ἐξ
1399 3537 1612 3609 Ἰσραὴλ
1642 3556 1770 3610 προ-

183 3628 351 3682 ελθὼν
403 3627 710 3700 ἄνθρωπος,
760 3631 789 3682 6
835 3628 1270 3698 κατακυριεύσας
1321 3628 1488 3682 ἐθνῶν
1535 3631 1766 3697 πολλῶν,

188 3740 204 3772 ι
232 3721 604 3788 ἀνεπαύσατο,
677 3724 859 3793 φησιν,
901 3723 977 3787 ὡς
1039 3723 1197 3787 λέων,
1230 3744 1246 3773 ι
1275 3721 1417 3776 οὕτω
1469 3722 1643 3794 δηλῶν
1699 3724 1766 3795 ἢν

184 3813 470 3878 ἀνεδέξατο
501 3815 830 3884 οἰκονομίαν,
867 3815 986 3868 καθ’
1015 3816 1081 3886 ἢν
1129 3815 1319 3886 ῶσπερ
1365 3831 1447 3878 τις
1494 3814 1767 3884 βασιλικὸς

183 3905 270 3957 καὶ
302 3904 610 3976 θαρραλέος
653 3905 757 3976 θὴρ
805 3905 1169 3970 ἀνεπαύσατο,
1211 3907 1436 3977 μηδενὸς
1470 3908 1633 3961 αὑτοῦ
1665 3911 1767 3982 τὴν

185 3999 358 4070 ἀρχὴν
387 3999 483 4052 καὶ
515 3997 614 4069 τὴν
648 3997 922 4068 βασιλείαν
963 3999 1400 4070 μεταστήσασθαι
1427 4001 1723 4072 δυναμένου
1751 4021 1764 4033 ·

187 4092 388 4152 πάντες
422 4106 481 4143 τε
523 4091 573 4143 οἱ
608 4090 697 4143 τὸν
740 4089 974 4161 Χριστὸν
1007 4091 1374 4160 εὐλογοῦντες,
1409 4093 1552 4164 λόγῳ
1583 4111 1640 4148 τε
1674 4096 1770 4148 καὶ

189 4181 280 4253 βίῳ
313 4182 671 4253 σεμνύνοντες
703 4182 803 4254 τὴν
833 4183 1032 4254 ἀρετὴν
1077 4183 1170 4236 τοῦ
1207 4184 1547 4253 διδασκάλου,
1575 4187 1674 4258 τῆς
1704 4189 1770 4241 ἐκ

187 4273 318 4328 Θεοῦ
357 4273 745 4344 μετειλήφασιν
774 4273 1044 4342 εὐλογίας,
1081 4273 1336 4340 αὔξοντες
1373 4277 1642 4349 ὁσημέραι
1675 4279 1768 4332 καὶ

186 4366 571 4438 πληθύνοντες,
607 4362 749 4417 κατὰ
770 4363 850 4429 τὸ,
888 4383 905 4415 ι
930 4364 1254 4431 Αῦξάνεσθε,
1283 4367 1377 4421 καὶ
1411 4366 1764 4439 πληθύνεσθε,

189 4457 275 4511 καὶ
331 4452 660 4526 πληρώσατε
715 4453 812 4525 τὴν
860 4455 984 4526 γῆν,
1019 4476 1037 4505 ›
1073 4456 1432 4528 ἀληθέστερον
1480 4459 1767 4513 ἐπάύτῶν

1867 1988 1922 2035 ct
1943 1979 1992 2034 ei
2025 1979 2284 2034 ﬁnitimas
2316 1985 2528 2048 gentes,
2552 1989 2892 2046 quaecunque
2922 1989 3066 2028 nunc
3112 1973 3214 2029 sub
3242 1972 3445 2028 Roma-

1868 2089 2061 2129 norum
2105 2073 2331 2144 imperio
2375 2079 2524 2138 sunt,
2570 2083 2625 2128 et
2666 2085 2764 2141 per
2793 2067 3024 2132 Thobel,
3058 2068 3285 2124 lberiam
3347 2067 3443 2124 ,Ιο-

1868 2165 2072 2236 seplms
2119 2165 2412 2237 intelligit,
2453 2163 2547 2234 qui
2596 2177 2627 2218 a
2681 2161 2888 2218 Thobel
2917 2161 3050 2216 dicit
3095 2159 3270 2215 factos
3318 2175 3444 2218 esse

1867 2257 2193 2321 Thobeelos,
2221 2256 2316 2327 qui
2377 2255 2560 2310 Iberes
2633 2252 2915 2315 dicuntur,
2952 2252 3154 2323 quibus
3185 2249 3464 2307 omnibus

1869 2349 2224 2419 imperantem
2269 2347 2385 2418 Gcg
2417 2346 2472 2402 in
2518 2345 2751 2402 sublime
2797 2344 3172 2415 adaugendum
3205 2344 3302 2406 ait,
3338 2343 3442 2399 sub

1865 2440 1986 2510 ejus
2014 2439 2218 2495 Christi
2249 2439 2317 2494 de
2343 2454 2452 2509 quo
2478 2437 2758 2508 propheta:
2798 2437 3097 2508 loquuntur
3126 2436 3439 2502 adventum,

1867 2509 2028 2601 quem
2060 2530 2204 2585 Deus
2239 2529 2394 2585 duxit
2415 2545 2481 2584 ex
2517 2527 2898 2599 Egypto,quo
2927 2534 3192 2597 tempore,
3218 2535 3275 2580 ut
3298 2509 3446 2597 apud.

1868 2619 2177 2675 Mattlnenm
2209 2620 2421 2690 legitur.
2439 2618 2568 2672 dum
2593 2618 2698 2690 ipsi
2731 2617 2912 2671 adhuc
2942 2632 3111 2687 puero
3151 2616 3443 2671 insidiatur

1868 2712 2129 2772 Herodes.
2172 2710 2372 2780 Joscph
2405 2719 2630 2779 accepto
2663 2709 2923 2771 oraculo,
2952 2708 3163 2777 accepit
3214 2724 3440 2776 puerum

1866 2817 1919 2860 et
1967 2815 2190 2859 matrem
2224 2804 2366 2873 ejus,
2389 2811 2443 2858 et
2475 2817 2731 2857 reversus
2781 2809 2866 2856 est
2921 2801 2972 2854 in
3005 2808 3207 2854 terram
3253 2798 3440 2853 Israel.

1868 2897 2254 2952 Rhinocerotis
2322 2911 2453 2951 vero
2525 2895 2700 2966 gloria
2767 2893 2870 2963 ipsi
2951 2892 3170 2947 Christo
3225 2890 3441 2955 adfuit,

1867 2998 2151 3062 propterea
2199 2988 2342 3060 quod
2401 2987 2670 3058 placuerit
2721 2987 2776 3040 in
2815 3002 2881 3040 eo
2927 2985 3172 3040 habitare
3227 2999 3444 3038 onmem

1867 3083 2257 3156 plenitudinem
2305 3079 2631 3146 divinitatis,
2665 3086 2722 3132 ut
2754 3078 2830 3132 ait
2871 3085 3096 3132 sanctus
3125 3075 3444 3145 Apostolus.

1869 3175 2213 3245 Quapmpter
2249 3170 2379 3226 dum
2410 3169 2578 3225 veluti
2625 3183 2797 3225 cornu
2841 3168 2946 3224 sibi
2997 3165 3240 3221 universi
3275 3163 3444 3218 Deum

1871 3265 2086 3322 Patrem
2120 3263 2367 3327 ascribit,
2394 3263 2558 3318 etiam
2588 3261 2866 3315 unicornis
2897 3259 2951 3314 in
2974 3258 3095 3311 aliis
3117 3256 3444 3327 quihusdam

1874 3357 2176 3429 Scripturis
2205 3363 2290 3412 est
2317 3354 2650 3410 nominatus.
2695 3352 2840 3406 ldem
2875 3365 3039 3420 porro
3079 3349 3174 3403 Dei
3212 3345 3446 3402 Verbum

1869 3449 2300 3520 intelligibilibus
2348 3445 2818 3514 rationalibusque
2876 3442 2992 3498 suis
3035 3442 3281 3510 sagittis.
3341 3439 3450 3492 ini-

1872 3542 2074 3595 micum
2124 3539 2338 3610 sibique
2384 3537 2764 3592 adversantem
2814 3534 3114 3596 diabolum,
3150 3546 3450 3600 omnesque

1869 3633 2020 3688 circa
2067 3631 2217 3686 illum
2264 3639 2548 3686 versantes
2586 3627 2894 3684 invisibiles
2937 3632 2992 3680 et
3041 3624 3308 3694 malignas
3352 3638 3450 3692 pc-

1873 3733 2119 3789 testatcs,
2151 3724 2520 3796 prmstantiori
2572 3738 2671 3778 sua
2714 3731 2769 3778 ct
2808 3718 3218 3791 inexpugnabili
3251 3718 3450 3771 virtute

1872 3819 2131 3886 conﬁxit,
2187 3829 2350 3890 atque
2409 3817 2777 3874 etiam'nunc
2834 3815 3088 3887 gentibus
3134 3812 3322 3867 multis
3351 3810 3449 3866 do-

1873 3909 2148 3975 minatur,
2205 3925 2438 3980 quarum
2489 3907 2884 3963 crassitudines
2940 3915 2995 3960 et
3065 3903 3264 3958 fastum
3326 3917 3450 3957 cor-

1873 4018 2051 4072 porete
2127 4016 2322 4056 massa:
2400 4009 2702 4055 extenuans
2775 3998 2842 4052 ad
2925 4004 3213 4066 angustam
3287 4003 3447 4048 aeter-

1873 4111 1956 4151 na‘.
1992 4097 2114 4150 vita)
2179 4095 2322 4149 viam
2387 4092 2795 4164 ingrediendum
2866 4090 3090 4147 idoneas
3147 4096 3448 4158 comparat.

1871 4188 2034 4262 [‘25
2077 4186 2181 4242 Sed
2213 4187 2375 4241 etiam
2408 4185 2733 4240 recumbens
2778 4183 2921 4238 idem
2953 4182 3044 4237 hic
3079 4182 3243 4235 homo
3265 4195 3333 4234 ex
3372 4177 3449 4233 ls-

1872 4283 1984 4336 rael
2022 4279 2320 4351 prolectus,
2356 4277 2448 4348 qui
2482 4277 2667 4331 multis
2699 4275 3015 4330 dominatus
3053 4279 3140 4326 est
3172 4270 3447 4342 gentibus.

1880 4391 1899 4424 ι
1936 4371 2162 4442 quievit,
2200 4369 2398 4438 inquit,
2433 4373 2491 4421 ut
2520 4367 2626 4431 leo,
2667 4385 2686 4417 ι
2725 4364 2924 4436 quibus
2950 4361 3130 4417 verbis
3165 4374 3326 4430 quam
3363 4359 3452 4411 ille

1877 4465 2176 4533 assumpsit
2226 4463 2731 4533 dispensationem,
2796 4459 3088 4530 signiﬁcat,
3149 4453 3450 4513 secundum

190 4551 273 4603 καὶ
305 4549 776 4625 θεοπρεπέστερον
808 4555 904 4626 τῆς
931 4555 1082 4619 θείας
1142 4555 1536 4628 ἐκτελουμένης
1568 4557 1772 4629 φωνῆς.

1879 4569 2040 4625 quam
2070 4553 2226 4623 quasi
2255 4554 2476 4624 quidam
2512 4554 2758 4624 regulus,
2781 4560 2835 4607 et
2862 4550 3021 4622 quasi
3056 4549 3169 4604 fera
3203 4547 3452 4618 quaedam

200 4643 277 4709 Ὡς
303 4645 542 4716 ἔμπαλιν
568 4649 616 4700 οἱ
641 4647 751 4702 ἀπὸ
775 4649 997 4721 πρώτης
1020 4650 1118 4721 τῆς
1149 4649 1268 4704 κατ’
1292 4650 1457 4704 αὐτοῦ
1478 4652 1768 4723 ἐπιϐουλῆς

190 4736 347 4790 εἰσέτι
375 4738 472 4790 καὶ
493 4737 588 4791 νῦν
613 4739 774 4793 αὐτὸν
800 4743 858 4794 ἐν
883 4745 996 4805 τοῖς
1023 4741 1201 4795 αὐτῶν
1231 4743 1527 4816 συνεδρίοις
1552 4743 1770 4818 ἀρώμε-

190 4843 280 4891 νοι,
309 4828 415 4899 τὴν
440 4830 506 4884 ἐκ
543 4830 678 4884 Θεοῦ
703 4833 946 4904 κατάραν
978 4835 1035 4900 ἐξ
1067 4835 1274 4888 ἐκείνου
1301 4838 1392 4890 καὶ
1423 4838 1587 4892 εἰσέτι
1613 4836 1770 4909 δεῦρο

192 4919 301 4972 καθ’
331 4921 548 4974 ἐαυτῶν
597 4923 996 4982 ἐπεσπάσαντο.
1029 4926 1121 4979 Διὸ
1165 4928 1259 4980 καὶ
1299 4929 1398 4998 τὴν
1445 4929 1678 5002 ἐσχάτην
1707 4931 1768 4983 οὐ

194 5011 347 5079 μόνον
383 5013 485 5084 τῆς
515 5012 809 5083 βασιλείας,
844 5016 981 5071 ἀλλά
1003 5018 1095 5070 καὶ
1128 5006 1220 5072 τοῦ
1249 5019 1414 5073 πάλαι
1441 5021 1769 5091 σεμνοτάτου

192 5103 363 5158 αὐτῶν
392 5107 737 5177 άγιάσματος
767 5110 1002 5182 ἐρημίαν
1034 5128 1094 5164 τε
1125 5112 1221 5166 καὶ
1250 5113 1454 5184 φθοράν
1477 5115 1538 5168 οὐ
1569 5117 1772 5170 παύον-

192 5210 272 5248 ται
304 5197 608 5268 ὀφθαλμοῖς
632 5201 1081 5272 ὁρῶντες.”¹Αξιον
1101 5204 1158 5258 δὲ
1178 5205 1503 5276 παραθεῖναι
1532 5210 1641 5270 τοῖς
1675 5224 1772 5277 με·

190 5287 252 5338 τά
283 5293 472 5360 χεῖρας
515 5291 616 5362 τὴν
663 5293 800 5364 πρὸς
838 5295 930 5349 τὸν
969 5296 1166 5350 Ἰούδαν
1201 5297 1296 5351 τοῦ
1341 5297 1532 5351 Ἰακὼϐ
1566 5315 1775 5369 προφη-

190 5381 352 5446 τείαν,
385 5384 452 5455 ἣν
500 5385 592 5438 καί
639 5384 808 5458 αὐτὴν
853 5387 1220 5459 ἐναργέστατα
1259 5392 1338 5454 είς
1380 5391 1470 5444 τὸν
1503 5391 1768 5463 ἡμέτερον

193 5471 411 5547 Σωτῆρα
462 5476 795 5548 ἐφαρμόζειν
842 5484 1397 5554 προπαρεστῆσαμεν,
1435 5481 1664 5536 συνιδεῖν
1710 5501 1770 5537 τε

192 5565 283 5634 τὴν
312 5567 369 5621 ἐν
399 5569 684 5639 ἑκατέροις
727 5573 1064 5644 συμφωνίαν.
1083 5575 1170 5638 Ὠς
1205 5575 1314 5648 γάρ
1342 5575 1578 5630 ἐνταῦθα
1619 5577 1772 5649 εἴρη-

194 5669 276 5710 ται
295 5674 309 5688 ο
349 5660 760 5727 ιἘξελεύσεται
787 5663 1070 5738 ἄνθρωπος
1109 5667 1173 5720 ἐκ
1202 5665 1296 5721 τοῦ
1333 5667 1645 5740 σπέρματος
1675 5667 1773 5722 αὐσ-

264 5842 304 5882 "
343 5840 480 5902 Gen.
518 5859 571 5908 ι,
601 5845 694 5909 28.

1877 4647 2140 4704 audacior
2167 4647 2537 4716 quievit,dum
2567 4647 2713 4700 illitis
2735 4646 3094 4716 principatum
3131 4657 3195 4697 ac
3225 4656 3451 4713 regnum

1880 4755 2098 4794 movere
2123 4741 2244 4794 loco
2269 4756 2429 4795 nemo
2451 4748 2536 4794 est
2565 4739 2656 4810 qui
2690 4738 2885 4808 possit.
2920 4736 3126 4792 Omnes
3153 4742 3334 4790 autem
3357 4733 3451 4802 qui

1877 4835 2100 4890 Christo
2148 4834 2332 4890 favent
2384 4849 2448 4888 ae
2511 4831 2881 4893 benedicunt,
2931 4837 2986 4884 et
3037 4837 3154 4881 tum
3208 4825 3456 4882 oratione

1879 4938 1991 4982 tum
2027 4929 2134 4981 vita
2171 4927 2357 4981 virtuti
2394 4925 2746 4996 praeceptoris
2784 4921 2991 4978 addunt
3018 4922 3225 4974 cultum
3270 4925 3324 4972 et
3369 4932 3453 4970 rc-

1877 5021 2194 5083 verentiam,
2222 5019 2423 5072 favoris
2456 5014 2962 5082 benedictionisque
2993 5011 3192 5065 divinae
3210 5006 3452 5063 vicissim

1877 5111 2173 5181 participes
2225 5111 2374 5173 facti,
2435 5114 2740 5180 augescunt
2785 5103 3030 5175 quotidie
3078 5115 3142 5154 ac
3195 5096 3456 5165 multipli-

1877 5215 2096 5264 cantur,
2125 5209 2313 5270 utpote
2334 5217 2457 5255 cum
2497 5202 2552 5254 in
2589 5199 2724 5270 ipsis
2749 5196 2936 5251 divina
2961 5193 3052 5247 illa
3081 5207 3184 5245 vox
3215 5207 3228 5244 :
3269 5207 3286 5238 ι
3319 5187 3458 5242 Cre-

1879 5296 2014 5350 scite
2046 5304 2100 5348 et
2128 5291 2566 5362 multiplicamini
2598 5299 2652 5346 et
2673 5289 2875 5358 replete
2894 5294 3094 5340 terram
3126 5282 3193 5343 ”‘,
3227 5300 3244 5332 ι
3276 5289 3328 5334 et
3365 5294 3459 5332 ve-

1878 5389 1992 5442 rius
2022 5394 2076 5441 et
2096 5385 2208 5438 Deo
2239 5384 2655 5438 convenientius
2681 5381 2841 5434 ﬁnem
2865 5393 3026 5432 suum
3052 5378 3451 5443 consequatur:

1877 5481 2022 5534 sicut
2069 5477 2405 5543 econtrario,
2448 5476 2542 5546 qui
2577 5491 2607 5529 a
2636 5475 2813 5545 prima
2839 5471 3105 5526 adversus
3141 5470 3292 5523 illum
3317 5483 3454 5522 con-

1880 5573 2180 5644 spiratione
2206 5572 2372 5626 etiam
2407 5585 2554 5625 nunc
2607 5569 2663 5624 in
2692 5569 2809 5624 suis
2840 5567 2991 5622 illum
3025 5563 3271 5620 consiliis
3297 5577 3458 5618 exse-

1881 5673 2130 5733 crantur,
2165 5665 2260 5721 Dei
2293 5663 2350 5720 in
2408 5663 2620 5734 seipsos
2670 5659 3104 5718 exsecrationem
3150 5671 3218 5712 ex
3277 5653 3369 5708 illo
3398 5651 3455 5707 in
