3928 6504
535 405 641 460 685

1173 387 1442 447 ΕυεΕΒιι
1481 384 1964 443 (ΖΞΒΑΗΙΕΝδΙδ
1999 385 2103 442 0P1

2207 385 2392 445 PARS.
2432 385 2497 443 11.
2524 418 2594 430 -
2611 387 3110 447 APOLOGETICA.

3686 396 3799 453 σεε

538 522 683 578 hunc
725 532 902 590 usque
948 514 1091 570 diem
1131 519 1538 565 contraxerunt.
1598 507 1941 577 Quapropter
1994 521 2103 560 non

2207 508 2321 573 τοῦ,
2353 527 2374 562 ι
2408 507 2600 581 (δῆλον
2643 506 2688 560 δ’
2713 508 2795 561 ὅτι
2839 508 2933 575 τοῦ
2967 507 3202 580 Ἱακὼ6,)
3239 509 3380 565 οὕτω
3422 511 3616 565 κὰκεϊο
3653 533 3674 564 ι
3697 513 3797 568 Ἐκ

538 612 694 684 regni
717 609 916 669 solum,
942 603 1037 660 sed
1061 600 1220 657 etiam
1255 599 1340 653 sui
1369 598 1540 661 illius,
1572 596 1714 666 quod
1753 596 1958 651 honore
1994 611 2107 651 om-

537 706 594 760 ni
617 719 681 758 ac
706 696 1010 757 reverentia
1039 693 1312 752 colebant,
1345 689 1666 755 sanctuarii,
1693 695 1993 743 extremam
2016 704 2106 744 so-

539 795 827 852 litudinem
859 798 1021 858 atque
1069 784 1348 842 interitum
1384 783 1440 836 in
1474 783 1650 836 oculis
1686 781 1907 845 habere,
1945 789 2106 851 atque

539 886 738 942 intueri
759 897 867 938 non
898 881 1178 936 desinunt.
1204 873 1323 930 Non
1351 873 1451 929 abs
1470 888 1532 928 re
1555 880 1732 928 autem
1769 872 1931 928 fuerit
1957 873 2106 928 hisce

538 993 660 1048 quae
687 987 834 1030 nunc
865 979 1183 1032 tractamus,
1216 966 1394 1038 ipsius
1439 963 1610 1019 Jacob
1635 963 1704 1018 ad
1745 961 1941 1019 Judam
1978 979 2106 1034 pro-

540 1065 778 1138 phetiam
814 1057 1131 1132 adiungere,
1160 1069 1325 1126 quam
1350 1053 1515 1110 etiam
1549 1054 1723 1124 ipsam
1752 1052 2105 1111 evidentissi-

539 1169 627 1209 me
663 1150 934 1207 Salvatori
956 1154 1143 1202 nostro
1165 1142 1688 1212 accommodarijam
1704 1141 2104 1199 demonstravi-

537 1261 680 1308 mus,
731 1239 1196 1310 contemplarique
1244 1250 1388 1300 eam,
1422 1246 1544 1306 quas
1593 1233 1650 1288 in
1703 1233 1950 1304 utrisque
1997 1237 2102 1291 est,

535 1335 903 1392 concordiam.
935 1328 1401 1398 Quemadmodum
1434 1327 1578 1382 enim
1601 1324 1692 1380 hic
1735 1325 1941 1380 dictum
1973 1332 2058 1380 est
2087 1343 2101 1379 :

542 1447 561 1478 ι
608 1425 929 1496 Egredietur
953 1423 1116 1476 homo
1145 1420 1214 1475 de
1255 1420 1462 1475 semine
1485 1418 1603 1489 ejus
1631 1417 1827 1488 (ipsius
1858 1416 2106 1472 videlicet

537 1517 760 1588 Jacob),
783 1536 803 1569 ι
833 1516 909 1569 ita
932 1515 1098 1569 etiam
1137 1512 1480 1580 illic;dictum
1512 1518 1595 1566 est
1633 1529 1646 1565 :
1679 1529 1698 1562 ι
1737 1508 1814 1564 De
1839 1510 2102 1581 germine,

540 1609 615 1662 ﬁll
648 1607 746 1672 mi,
791 1604 1085 1660 ascendisti
1118 1605 1187 1670 ”,
1226 1623 1244 1656 ›
1279 1602 1348 1657 ab
1379 1601 1499 1672 ipso
1528 1599 1719 1666 Iacob,
1769 1601 1838 1655 ad
1865 1616 1990 1656 eum
2038 1600 2108 1657 de

537 1713 648 1770 quo
683 1699 799 1770 ipse
827 1696 1173 1751 vaticinatur.
1213 1693 1388 1764 thue
1422 1695 1478 1748 in
1512 1694 1764 1764 praesenti
1807 1693 2009 1748 dicitur
2041 1694 2109 1748 il-

2206 600 2458 671 βλαστοῦ,
2510 603 2596 656 υἱέ
2649 620 2771 673 μου,
2817 600 3034 672 ἀνέϐης,
3069 619 3086 651 ι
3123 602 3307 674 εἴρητο
3351 603 3446 656 ὑπ’
3477 604 3648 658 αὐτοῦ
3698 607 3794 660 τοῦ

2219 691 2408 745 Ἰακὼὸ
2441 693 2578 766 πρὸς
2608 693 2698 746 τὸν
2739 692 3233 764 προφητευόμενον.
3278 695 3388 747 Καὶ
3433 694 3511 758 ὡς
3553 698 3654 750 ὲπὶ
3696 699 3792 751 τοῦ

2207 787 2474 859 παρόντος
2496 787 2708 856 λέγεται
2730 787 2811 851 τὸ,
2835 806 2854 838 ‹
2875 788 2986 840 Kal
3004 787 3284 859 κυριεύσει
3313 788 3488 841 ἐθνῶν
3514 790 3789 850 πολλῶν.»

2203 879 2402 950 ὁμοίως
2430 878 2523 931 καὶ
2550 879 2609 931 ὲν
2634 877 2859 942 ἐκείνοις
2887 878 2967 944 τὸ,
3003 898 3021 930 ι
3049 881 3160 933 Kal
3187 879 3347 943 αὐτὸς
3377 880 3528 933 ἔσται
3562 883 3794 952 npoaﬁo-

2205 971 2299 1025 κία
2344 969 2530 1025 ἐθνῶν.
2578 990 2599 1023 ι
2656 972 2766 1024 Kal
2815 970 2976 1024 πάλιν
3027 969 3259 1025 ἐνταῦθα
3307 970 3425 1043 μὲν,
3479 991 3499 1024 ι
3546 973 3792 1036 Ἐδεται,

2205 1063 2389 1134 φησὶν,
2436 1083 2454 1115 ι
2480 1063 2606 1135 ἔθνη
2648 1063 2857 1134 ἐχθρῶν
2883 1062 3070 1128 αὑτοῦ,
3103 1064 3197 1116 καὶ
3227 1067 3349 1127 ταῖς
3385 1064 3591 1134 βολίσιν
3623 1065 3800 1118 αὐτοῦ’

2205 1154 2586 1221 κατατοξεύσει
2615 1153 2833 1225 ἐχθρόν·
2864 1174 2883 1207 ›
2903 1154 3173 1219 Ὡσαύτως
3199 1155 3255 1208 δὲ
3283 1157 3376 1208 καὶ
3423 1158 3482 1209 ὲν
3528 1157 3790 1219 ἐκεινοις,

2210 1266 2229 1299 ε
2263 1247 2328 1299 Αἱ
2355 1246 2534 1319 χεῖρές
2558 1263 2650 1300 σου
2673 1246 2767 1299 ἐπὶ
2791 1244 2961 1300 νώτου
2984 1245 3090 1300 τῶν
3119 1245 3329 1317 ἐχθρῶν
3362 1263 3476 1312 σου,
3499 1265 3518 1296 ι
3545 1247 3788 1314 ἐλέγετο.

2205 1339 2317 1392 Καὶ
2365 1339 2446 1406 τὸ,
2481 1356 2500 1390 ι
2531 1337 2775 1409 Σκύμνος
2817 1337 3030 1402 λέοντος
3064 1337 3249 1401 Ἰούδα,
3278 1358 3298 1391 ι
3330 1338 3423 1390 καὶ
3466 1337 3550 1402 τὸ,
3582 1357 3605 1389 ι
3632 1339 3788 1392 Ἀνί-

2206 1431 2385 1486 πεσὼν
2409 1431 2703 1503 ἐκοιμήθης
2725 1431 2800 1495 ὼς
2817 1432 2972 1495 λέων,
2989 1432 3083 1486 καὶ
3101 1432 3176 1494 ὡς
3203 1431 3440 1501 σκύμνος
3455 1447 3468 1461 ο
3489 1432 3575 1494 τίς
3609 1433 3793 1504 ἐγερεῖ

2205 1524 2400 1587 adadv;
2439 1543 2458 1575 ι
2491 1524 2549 1576 ἐν
2578 1522 2806 1585 ἐκείνοις
2833 1523 3138 1594 εἰρημένον,
3167 1523 3318 1575 ούδέν
3355 1540 3443 1592 μοι
3489 1523 3647 1576 δοκεί
3683 1524 3789 1576 δια-

2207 1615 2395 1686 φέρειν
2425 1615 2524 1686 τῆς
2560 1613 2695 1685 μετὰ
2724 1618 2912 1685 χεῖρας
2938 1614 3134 1679 λέξεως
3164 1614 3477 1684 φασκούσης
3496 1631 3511 1644 ο
3551 1633 3569 1664 ι
3601 1617 3790 1670 Κατα-

2207 1706 2409 1770 κλιθεὶς
2458 1706 2802 1758 ἀνεπαύσατο
2847 1705 2924 1769 ὡς
2971 1706 3127 1770 λέων,
3156 1707 3250 1760 καὶ
3291 1705 3367 1770 ὡς
3395 1707 3675 1779 σκύμνος·
3709 1709 3788 1772 τίς

536 1789 631 1844 lud
660 1805 676 1844 :
711 1807 729 1840 ι
762 1785 828 1840 Ει
857 1785 1230 1842 dominabitur
1257 1784 1508 1855 gentibus
1533 1785 1741 1850 multis,
1768 1803 1786 1837 ι
1809 1784 1890 1839 sic
1916 1786 1970 1840 in
1995 1784 2103 1840 illis

2212 1797 2505 1867 ἀναστήσει
2552 1796 2745 1862 αύτόν;
2785 1816 2803 1848 ι
2849 1797 3036 1853 Ταῦτα
3085 1799 3141 1852 δὲ
3190 1799 3416 1863 εἰκότως
3464 1801 3545 1862 εἰς
3595 1799 3787 1853 ταύτὸν

538 1897 759 1954 quoque
786 1881 918 1935 illud
952 1898 966 1935 :
995 1898 1013 1932 ι
1041 1880 1108 1934 Et
1134 1881 1250 1950 ipse
1268 1878 1722 1948 eritexspectatio
1740 1876 1984 1947 gentium
2001 1877 2067 1931 ³⁰.
2083 1895 2103 1929 ι

2213 1856 2611 1960 συνηγάγομεν,
2643 1889 2711 1941 ἵν’
2735 1856 2932 1961 ’ὥσπερ
2960 1889 3051 1942 ἐπὶ
3073 1891 3340 1961 στόματος
3369 1856 3461 1945 δύο
3494 1856 3786 1962 μαρτύρων

538 1978 606 2034 Et
638 1989 834 2030 rursus
867 1972 957 2027 hic
987 1971 1207 2042 quidem
1243 1989 1260 2027 :
1295 1989 1314 2022 ι
1349 1969 1661 2034 Devorabit,
1686 1969 1882 2039 inquit.
1919 1977 2103 2040 gentes

2209 1981 2307 2052 τῆς
2350 1982 2409 2033 ὲν
2439 1983 2560 2044 ταῖς
2589 1979 2946 2052 προφητείαις
2988 1982 3362 2054 συμφωνίαςή
3396 1983 3526 2053 περὶ
3555 1982 3650 2035 τοῦ
3684 1982 3786 2035 Σω-

536 2067 884 2123 inimicorum
915 2079 1164 2127 suorum,
1200 2071 1256 2119 et
1305 2062 1506 2131 jaculis
1547 2061 1664 2117 suis
1714 2061 1872 2116 feriet
1923 2061 2100 2115 inimi-

533 2174 690 2224 cum;
719 2175 737 2210 ι
779 2157 836 2211 in
866 2156 978 2212 illis
1022 2163 1207 2210 autem
1239 2154 1406 2210 simili
1455 2151 1666 2207 ratione
1716 2151 1850 2206 illud
1896 2151 2102 2208 dictum

533 2261 620 2306 est
650 2269 664 2305 :
701 2267 721 2301 ι
766 2248 959 2304 Manus
981 2255 1088 2303 tua
1114 2248 1170 2301 in
1199 2253 1352 2316 tergo
1379 2245 1727 2300 inimicorum
1759 2253 1980 2298 tuorum
2001 2245 2100 2298 ³¹.›

534 2342 670 2398 item
697 2342 828 2397 illud
857 2360 870 2395 :
898 2359 916 2392 ι
955 2340 1182 2396 Catulus
1211 2338 1386 2392 leonis
1413 2335 1574 2402 Juda,
1614 2354 1635 2390 ι
1657 2344 1711 2392 et
1739 2336 1873 2392 illud
1905 2357 1918 2391 :
1954 2356 1974 2389 ι
2000 2335 2106 2392 Re-

533 2433 798 2488 cumbens
821 2430 1129 2486 dormivisti
1162 2436 1223 2484 ut
1249 2430 1356 2494 leo,
1407 2436 1460 2484 et
1495 2436 1556 2483 ut
1585 2428 1824 2494 catulus,
1855 2428 1980 2500 quis
2004 2444 2103 2484 ex-

2208 2071 2370 2143 τῆρος
2397 2072 2429 2142 ἡ
2438 2071 2552 2141 μῶν
2573 2071 2841 2137 ἀπόδειξις
2863 2072 3210 2145 βεϐαιοτέραν
3228 2073 3381 2128 λάϐοι
3399 2074 3497 2144 τὴν
3521 2074 3780 2144 κύρωσιν.

2208 2161 2393 2216 Πάντα
2416 2162 2461 2214 δ’
2483 2158 2576 2217 οὖν
2605 2162 2672 2216 τὰ
2697 2165 2775 2226 εἰς
2799 2164 2896 2236 τὴν
2923 2164 3017 2217 τοῦ
3051 2163 3241 2218 Ἰακὼὸ
3266 2166 3572 2237 πρόρρησιν
3598 2165 3784 2218 τεθεω-

2206 2254 2417 2325 ρημένα
2451 2254 2740 2325 ἁρμόσειεν
2780 2254 2846 2310 ἂν
2887 2257 2980 2311 καὶ
3027 2258 3107 2320 εἰς
3145 2256 3240 2327 τὴν
3285 2256 3379 2310 τοῦ
3431 2256 3666 2326 Βαλαὰμ
3693 2256 3780 2327 τῆς

2202 2340 2521 2412 ὁμοιότητος
2563 2342 2669 2404 τῶν
2716 2343 3018 2414 λεγομένων
3054 2346 3234 2399 ἕνεκα.
3268 2347 3331 2398 Et
3379 2346 3443 2416 δὴ
3482 2348 3673 2400 ἐκεῖνα
3703 2346 3778 2399 διὰ

2205 2433 2404 2504 πολλῆς
2426 2434 2750 2502 ἀποδείξεως
2777 2437 2868 2488 ἐπὶ
2899 2436 2990 2490 τὸν
3025 2438 3288 2510 ἡμέτερον
3315 2439 3542 2509 Σωτῆρα
3574 2438 3776 2509 πεπλη-

531 2522 725 2577 citabit
753 2523 908 2577 illum
936 2523 1022 2576 “2
1061 2541 1079 2573 ι
1136 2520 1284 2592 quod
1312 2521 1367 2575 in
1415 2520 1525 2576 illis
1574 2519 1780 2574 dictum
1831 2528 1937 2587 est,
1968 2520 2103 2574 nihil

2207 2527 2427 2595 ρωμὲνα
2456 2526 2707 2600 συνέστη,
2742 2528 3032 2582 ἀκόλουθον
3077 2529 3142 2584 ἂν
3189 2532 3272 2601 εἴη
3311 2530 3501 2584 καὶτὰ
3540 2532 3775 2603 παρόντα

533 2613 670 2668 mihi
707 2611 926 2668 diﬁ‘erre
977 2612 1192 2666 videtur
1223 2612 1293 2666 ab
1321 2626 1408 2676 eo,
1459 2609 1607 2681 quod
1634 2626 1781 2665 nunc
1807 2618 2108 2668 tractamus
2203 2614 2505 2686 ὁμολογεῖν.

531 2707 776 2772 oraculo,
809 2706 968 2777 cujus
993 2705 1084 2760 illa
1111 2713 1241 2761 sunt
1261 2704 1428 2759 verba
1459 2722 1473 2759 :
1511 2721 1530 2756 ‹
1568 2702 1914 2760 Recumbens
1943 2707 2148 2776 quievit
2172 2708 2253 2763 ἰιι
2306 2710 2412 2776 leo,
2445 2719 2499 2766 et
2547 2719 2604 2766 ut
2647 2719 2882 2778 catulus,
2914 2717 3037 2788 quis
3092 2718 3350 2773 excitabit
3397 2719 3593 2772 illum?
3620 2737 3640 2768 ι
3662 2716 3774 2771 Haec

533 2809 712 2854 autem
745 2814 854 2854 non
887 2800 985 2854 abs
1006 2814 1068 2854 re
1094 2815 1262 2855 unum
1293 2799 1349 2853 in
1371 2799 1551 2854 locum
1573 2800 1873 2870 coegimus,
1917 2810 1976 2856 ut
2028 2805 2183 2873 quasi
2217 2805 2274 2859 in
2327 2821 2422 2864 ore
2471 2807 2704 2864 duorum
2755 2812 2998 2877 testium,
3047 2813 3166 2883 ejus
3217 2830 3336 2885 qua:
3391 2815 3444 2869 in
3481 2813 3774 2886 prophetis

531 2897 813 2960 spectatur
872 2890 1200 2954 concordiae,
1249 2891 1317 2946 de
1364 2888 1646 2947 Salvatore
1692 2901 1882 2949 nostro
1925 2894 2320 2953 demonstratio
2375 2899 2671 2958 ﬁrmiorem
2725 2905 2959 2976 accipiat
2991 2906 3392 2961 auctoritatem.
3439 2905 3546 2960 Sed
3601 2907 3769 2958 omnia

530 2996 869 3053 quaecunque
889 2983 944 3036 in
960 2982 1278 3038 vaticinium
1313 2982 1484 3039 Jacob
1526 2986 1944 3058 contemplanda
1991 2991 2348 3060 contulimus,
2383 2993 2512 3050 huic
2542 2997 2671 3052 item
2718 2999 2864 3069 quod
2910 3015 2939 3053 a
2969 2999 3186 3054 Balaam
3222 3001 3423 3055 dictum
3460 3009 3566 3063 est,
3620 2997 3773 3072 426

533 3077 933 3133 accommodari
981 3087 1258 3150 poterunt,
1289 3089 1515 3151 propter
1563 3097 1752 3136 eorum
1806 3099 1927 3154 quae
1959 3085 2107 3141 dicta
2138 3096 2266 3144 sunt
2321 3091 2759 3150 similitudinem.
2789 3097 2944 3163 Quod
2999 3098 3045 3153 si
3081 3099 3168 3151 illa
3204 3098 3259 3152 in
3294 3107 3481 3153 nostro
3533 3096 3768 3151 Salvato-

531 3185 592 3229 ιτ
640 3171 909 3242 completa
957 3187 1081 3229 esse
1109 3172 1362 3244 ampliori
1411 3175 1883 3232 demonstratione
1933 3186 2050 3232 tum
2107 3183 2375 3249 constitit,
2430 3187 2681 3258 sequitur
2730 3187 2841 3258 jam
2889 3196 2950 3242 ut
3006 3193 3294 3260 prarswtia
3349 3206 3568 3262 quoque
3619 3190 3772 3244 fatea-

532 3279 678 3319 llilll'.

530 3396 613 3452 Ab
631 3397 801 3485 .Qsee.
831 3428 904 3440 -
949 3398 1177 3485 liquide
1209 3401 1301 3456 illo
1347 3402 1484 3467 quod
1541 3401 1859 3485 dictumue“
1891 3420 1915 3485 ;⁸
1945 3422 1963 3455 ι
2024 3404 2103 3460 Ex

2225 3410 2356 3485 ’Arzd
2376 3430 2493 3485 rev
2533 3410 2726 3485 Ὠσηέ.
2757 3413 2954 3485 -τ-Ἐτι
2985 3413 3114 3483 περὶ
3141 3415 3268 3478 τοῦ,
3300 3433 3317 3465 ι
3352 3415 3450 3479 Ἐξ
3480 3418 3767 3485 Αιτύπτου

602 3467 1254 3554 .Iil-S'gyptorocavif'ilitum
1290 3488 1480 3534 meum,
1515 3491 1533 3524 ι
1567 3485 1613 3526 et
1643 3473 1707 3530 de
1737 3473 1944 3528 Herode
1969 3493 2103 3548 rege,

2278 3481 2545 3554 ἐκάλεσα
2577 3467 2680 3536 τὼ)
2707 3484 2844 3536 Υἱόν
2865 3501 3004 3551 μου,
3035 3467 3181 3538 {m2
3207 3467 3338 3553 περὶ

601 3548 654 3594 et
680 3541 945 3596 eversione
973 3547 1119 3614 regni
1140 3541 1468 3604 Judworam.
2025 3541 2044 3548 ⁷
2090 3541 2099 3543 “

2272 3553 2601 3626 βασιλέως,
2633 3555 2731 3626 καὶ
2777 3541 2907 3621 περὶ
2946 3541 3056 3622 τῆς
3084 3541 3481 3624 καθαιρἐσεοῖς
3502 3541 3617 3626 τῆςν
3649 3560 3764 3613 Ἰουο

609 3762 630 3797 ι
658 3743 726 3799 Et
756 3753 1014 3816 exsurget
1052 3746 1286 3817 perditio
1317 3749 1373 3822 in
1423 3748 1624 3819 populo
1655 3755 1772 3813 tuo,
1813 3756 1868 3804 et
1914 3765 2104 3806 omnia

535 3836 749 3893 munita
773 3847 864 3891 tua
894 3838 1167 3907 peribunt,
1202 3851 1264 3892 ut
1293 3839 1548 3910 princeps
1574 3839 1827 3895 Salaman
1856 3841 1924 3896 de
1944 3842 2106 3896 domo

529 3925 840 3984 Jeroboam.
870 3925 928 3984 in
957 3928 1148 3984 diebus
1197 3930 1324 3984 belli
1366 3939 1594 3987 matrem
1639 3949 1803 4003 super
1828 3934 1954 3989 ﬁliis
1987 3935 2107 3988 alli-

469 4039 481 4049 ·
531 4027 742 4072 serunt.
773 4015 864 4073 Sic
894 4017 1282 4085 faciam,vobis
1305 4021 1501 4076 domus
1531 4020 1719 4089 Israel,
1745 4040 1774 4078 a
1798 4023 1933 4079 facie
1960 4023 2105 4094 inju-

530 4105 740 4162 riarum
775 4117 1108 4172 vestrarum,
1156 4110 1312 4167 Mane
1343 4112 1502 4183 ejecti
1556 4124 1686 4169 sunt
1718 4135 1730 4170 :
1767 4116 1976 4186 ejectus
2020 4127 2104 4172 est
2140 4183 2148 4198 ι

532 4214 630 4256 rex
661 4198 848 4268 Israel,
879 4202 1140 4272 quoniam
1190 4201 1374 4258 infans
1432 4203 1620 4262 lsrael.
1681 4206 1744 4262 Et
1798 4223 1898 4278 ego
1936 4207 2102 4263 dilexi

529 4304 656 4347 eum
685 4308 700 4346 :
732 4301 787 4348 et
833 4307 900 4348 ex
932 4292 1170 4365 Egypto
1215 4295 1440 4351 evocavi
1493 4296 1633 4351 ﬁlios
1671 4298 1790 4367 ejus
1831 4299 1893 4352 ³³.
1937 4318 1956 4351 ι
1997 4298 2102 4354 Sed

529 4382 727 4453 Aquila
761 4423 777 4449 ,
837 4383 1121 4441 chraicaa
1173 4387 1469 4443 elocutioni
1541 4389 1877 4455 inserviens,
1935 4409 1954 4442 ι
2026 4390 2102 4444 Ex

532 4473 764 4551 Λεωτριο
806 4479 994 4533 vocavi
1052 4478 1225 4538 ﬁlium
1284 4497 1486 4546 meum,
1521 4501 1540 4535 ι
1576 4483 1964 4554 interpretatus
1995 4493 2099 4540 est.

530 4564 647 4636 Ego
680 4577 859 4623 autem
913 4573 1224 4628 necessario
1275 4573 1342 4627 ad
1392 4575 1617 4628 verbum
1669 4575 1852 4629 notavi
1900 4577 2098 4642 locum,

529 4657 790 4725 quoniam
818 4657 1106 4718 Mattharus
1131 4679 1350 4734 quoque
1389 4663 1575 4734 posuit
1607 4663 1969 4735 prophetiam,
2007 4665 2099 4720 ubi

2275 3621 2459 3676 δαίων
2481 3625 2824 3690 βασιλείας.

2282 3755 2300 3788 ι
2337 3738 2447 3791 Kal
2479 3737 2899 3810 ὲξαναστήσεται
2938 3740 3181 3794 ἀπώλεια
3210 3742 3267 3794 ὲν
3291 3741 3370 3813 τῷ
3399 3741 3514 3813 λαῷ
3541 3759 3655 3807 σου,
3684 3742 3763 3794 καὶ

2207 3829 2382 3883 πάντα
2414 3831 2482 3884 τὰ
2512 3833 3016 3904 περιτετειχισμένα
3049 3851 3140 3887 σου
3179 3836 3476 3905 οἰχήσεται,
3499 3836 3574 3900 ὡς
3598 3838 3762 3907 ἄρχων

2206 3921 2456 3992 Σαλαμὰν
2476 3925 2537 3976 ὲκ
2559 3924 2650 3976 τοῦ
2671 3925 2820 3978 οἴκου
2837 3925 3133 3997 Ἰεροδοὰμ.
3169 3927 3257 3980 Ἐν
3276 3928 3509 4000 ἡμέραις
3544 3929 3759 3999 πολέμου

2208 4015 2420 4085 μητέρα
2431 4017 2521 4068 ἐπὶ
2545 4015 2751 4079 τέκνοις
2765 4017 3050 4085 ἡδάιρισαν.
3071 4019 3225 4072 Ούτω
3246 4021 3456 4090 ποιήσω
3468 4021 3616 4091 ὑμῖν,
3633 4018 3760 4082 οἶκος

2219 4106 2454 4178 Ἰσραὴλ,
2504 4107 2611 4160 ἀπὸ
2633 4108 2922 4180 προσώπου
2948 4109 3054 4163 τῶν
3086 4111 3304 4164 ἀδικιῶν
3330 4112 3504 4183 ὑμῶν.
3546 4113 3757 4184 Ὀρθρου

2204 4199 2605 4272 ἀπερρίφησαν·
2630 4201 2908 4272 ἀπερρίφη
2926 4201 3174 4272 βασιλεὺς
3191 4203 3422 4276 Ἰσραὴλ,
3440 4204 3575 4258 διότι
3593 4208 3758 4276 νήπιος

2217 4291 2579 4364 Ἰσραήλ.Καὶ
2608 4294 2717 4361 ἐγὼ
2755 4295 3016 4364 ἠγάπησα
3051 4295 3233 4359 αὑτὸν,
3279 4296 3371 4348 καὶ
3407 4295 3466 4361 ἐξ
3503 4296 3754 4364 Αἰγύπτου

2208 4384 2542 4454 μετεκὰλεσα
2557 4386 2624 4439 τὰ
2638 4386 2800 4439 τέκνα
2818 4387 2997 4441 αὐτοῦ.
3031 4407 3048 4439 ι
3069 4386 3366 4452 Δουλεύσας
3389 4389 3465 4459 τῷ
3481 4387 3753 4460 Ἐϐραῖκῷ,

2208 4493 2226 4524 ι
2252 4476 2338 4542 Ἐξ
2372 4477 2641 4545 Αἰγύπτου
2678 4480 2910 4532 ἐκάλεσα
2954 4479 3046 4532 τὸν
3095 4481 3206 4533 υἱόν
3251 4497 3372 4551 μου,
3405 4500 3422 4531 ι
3461 4479 3755 4546 ἐξέδωκενὸ

2215 4567 2816 4639 ’Δκύλας.Ἀναγκαξως
2866 4571 2921 4624 δὲ
2968 4571 3028 4624 τὸ
3072 4572 3232 4645 ῥητὸν
3260 4573 3753 4645 ὲπεσημειωσαμην,

2200 4660 2431 4734 ἐπείπερ
2476 4663 2571 4715 καὶ
2615 4665 2642 4716 ὁ
2689 4662 2965 4727 Ματθαῖος
2994 4663 3228 4718 τέθειται
3272 4665 3372 4737 τὴν
3421 4665 3750 4738 προφητείαν,

528 4750 584 4805 in
617 4747 909 4821 Egyptum
937 4756 1331 4826 commigrasse
1371 4755 1581 4821 Iesum,
1607 4765 1660 4812 et
1695 4757 1843 4811 illinc
1873 4757 2102 4816 rediisse

2207 4752 2437 4823 ὁπηνίκα
2469 4753 2546 4816 εἰς
2575 4752 2848 4821 Αἴγυπτον
2875 4753 3284 4824 διακομισθῆναι
3307 4755 3395 4809 τὸν
3431 4752 3648 4824 Ἰησοῦν,
3668 4749 3754 4803 κὰ·

529 4841 585 4894 in
613 4847 814 4897 terram
837 4841 1004 4900 lsrael
1028 4844 1320 4909 indicavit;
1368 4849 1415 4904 si
1446 4851 1568 4918 quis
1587 4856 1766 4902 autem
1797 4847 2100 4908 Salvatoris

2207 4846 2384 4902 κεῖθεν
2429 4846 2742 4904 ἐπανελθεῖν
2791 4845 2882 4899 ἐπὶ
2928 4844 3025 4917 τὴν
3056 4845 3157 4916 γῆν
3188 4846 3280 4898 τοῦ
3320 4845 3535 4917 Ἰσραὴλ
3565 4844 3748 4914 ἐδήλου.

527 4931 703 4986 nostri
734 4931 791 4987 in
822 4931 1118 5005 Egyptum
1161 4935 1552 5007 profectionem
1584 4945 1826 5003 accuset,
1859 4939 1998 4994 sciat
2043 4940 2098 4998 id

526 5033 704 5080 totum
733 5026 971 5084 maxima
1017 5042 1141 5082 cum
1189 5029 1400 5086 ratione
1433 5031 1637 5087 factum
1670 5030 1858 5088 fuisse.
1912 5032 2098 5106 Neque

525 5118 672 5172 enim
725 5115 961 5176 Herodis
991 5121 1353 5177 voluntariam
1407 5125 1668 5182 malitiam
1704 5125 1958 5182 cohibere
2004 5143 2105 5199 par

524 5220 668 5275 erat,
696 5225 876 5284 neque
902 5229 1096 5270 rursus
1124 5213 1488 5281 Salvatorem,
1531 5233 1760 5291 puerum
1793 5219 1974 5276 adhuc
2001 5223 2104 5277 mi—

413 5322 422 5331 -
526 5303 716 5357 tacula
745 5305 991 5362 exordiri
1048 5306 1162 5376 jam
1195 5316 1330 5373 tum,
1360 5316 1524 5380 atque
1553 5317 1679 5366 ante
1703 5318 1921 5384 tempus
1959 5312 2100 5373 divi-

523 5409 650 5449 nam
682 5405 961 5456 ostentare
979 5401 1236 5457 virtutem
1273 5421 1286 5456 :
1316 5401 1461 5474 quod
1495 5418 1628 5461 sane
1650 5402 1856 5460 factum
1884 5403 2097 5472 fuisset,

525 5486 570 5539 si
617 5487 854 5545 mirabili
891 5492 1127 5563 quadarn
1167 5493 1378 5550 ratione
1407 5495 1754 5552 insidiantem
1788 5496 1892 5553 sibi
1920 5495 2095 5552 Hero-

524 5573 647 5626 dem
677 5577 1000 5644 punivisset,
1024 5597 1201 5652 neque
1220 5585 1330 5639 ullo
1357 5584 1519 5640 modo
1541 5585 1685 5641 illam
1715 5587 1768 5640 in
1798 5586 2094 5658 Egyptum

525 5677 632 5720 una
666 5681 790 5722 eum
845 5673 1168 5739 parentibus
1214 5677 1581 5734 secessionem
1619 5679 1954 5749 pertulisset.
1991 5677 2094 5735 Ve-

2206 4942 2267 4994 Εἰ
2302 4939 2358 4993 δὲ
2395 4939 2758 5012 ἐπιμέμφοιτὸ
2789 4957 2870 5002 τις
2901 4942 2965 5011 τῇ
3004 4940 3081 5002 εἰς
3116 4939 3389 5008 Αἴγυπτον
3432 4939 3750 5009 ἀναχωρήσει

2201 5031 2296 5086 τοῦ
2319 5032 2572 5105 Σωτῆρος
2596 5032 2774 5103 ἡμῶν,
2795 5032 2924 5085 ἴστω
2947 5031 3087 5085 κατὰ
3109 5029 3264 5101 λόγον
3281 5031 3448 5104 αὐτὴν
3473 5030 3745 5103 γεγονέναι.

2199 5122 2336 5177 Οὔτε
2369 5123 2478 5199 γὰρ
2512 5126 2754 5196 ἐπισχεῖν
2784 5125 2874 5178 τὸν
2913 5122 3159 5198 Ἡρώδην
3183 5124 3281 5196 τῆς
3319 5120 3747 5195 αύτοπροαιρέτου

2201 5215 2398 5277 κακίας
2427 5215 2702 5286 προσῆκον
2725 5209 2813 5287 ἦν,
2835 5213 2946 5266 οὔτ’
2968 5214 3034 5266 ἃν
3065 5213 3264 5286 βρέφος
3302 5213 3374 5268 ἔτ’
3399 5214 3524 5267 ὄντα
3548 5212 3631 5264 τὸν
3657 5211 3749 5262 Σω-

2197 5305 2343 5377 τῆρα
2368 5306 2476 5361 τῶν
2505 5305 2796 5379 θαυμάτων
2821 5305 3188 5376 ἀπάρξασθαι,
3212 5306 3305 5359 καὶ
3328 5306 3433 5383 πρὸ
3463 5305 3646 5378 καιροῦ
3667 5299 3746 5370 τὴν

2199 5397 2350 5452 θείαν
2383 5397 2782 5456 ἐπιδείκνυσθαι
2815 5396 3072 5468 δύναμινο
3125 5399 3261 5470 ὅπερ
3309 5397 3376 5452 ἂν
3418 5400 3675 5473 ἐπράχθη,
3705 5399 3744 5452 ει

2199 5488 2515 5561 παραδόξως
2533 5487 2946 5544 ἐπιϐουλεύοντα
2963 5488 3115 5560 αὐτῷ
3142 5489 3231 5542 τὸν
3255 5489 3495 5564 Ἡρώδην
3519 5489 3742 5562 μετῆλθε,

2203 5581 2461 5654 μηδαμῶς
2493 5580 2787 5652 ὑπομείνας
2816 5581 2916 5652 τὴν
2959 5581 3040 5643 εἰς
3087 5583 3356 5651 Αἴγυπτον
3397 5584 3513 5656 ἃμα
3539 5586 3641 5646 τοῖς
3663 5597 3743 5650 γο-

2196 5674 2378 5729 νεῦσιν
2404 5675 2766 5746 ἀναχώρησιν.
2787 5672 2948 5727 Ἀλλὰ
2988 5673 3099 5746 γὰρ
3137 5671 3207 5747 ἦν
3236 5676 3333 5748 τῆς
3364 5677 3658 5750 κρείττονος
3679 5675 3740 5732 οε·

599 5826 643 5862 ⁸⁸
681 5825 817 5887 Gen.
854 5843 1018 5896 ιιιι,
1051 5829 1105 5886 9.
1183 5833 1227 5864 ⁸⁸
1267 5833 1397 5890 ibid.
1440 5835 1517 5891 l0.
1600 5837 1639 5867 ’"
1683 5836 1812 5891 ibid.
1847 5836 1903 5898 8.
1980 5838 2026 5871 υ
2065 5838 2103 5894 il

2231 5839 2284 5894 9.
2365 5841 2408 5873 ιι
2445 5839 3140 5910 Οεθ.ι,1ι,15;ιι.1.
