3928 6498
192 391 292 447 εδδ

1064 388 1719 448 DEMONSTBATIONIS
1763 386 2221 445 EVANGEIJCE
2268 387 2394 445 LIB.
2460 389 2550 447 IX.

3330 402 3434 457 666

192 506 445 576 κονομίας
470 508 563 561 ἐπὶ
598 507 789 579 καιροῦ
817 508 910 562 τοῦ
935 512 1301 583 προσήκοντος
1324 509 1431 563 τῶν
1454 510 1552 579 τῆς
1573 509 1757 579 θεότη-

1869 522 1988 560 rum
2019 508 2164 561 enim
2220 508 2614 576 pmtantioris
2669 510 2956 578 cujusdam
3010 512 3434 583 dispensationis

192 616 275 661 τος
306 596 657 668 ἀπάρξασθαι
679 597 992 670 θαυμάτων,
1026 593 1071 669 ᾧ
1094 618 1157 669 γε
1186 601 1272 655 διά
1304 600 1502 663 παντὸς
1526 598 1618 651 τοῦ
1646 598 1761 668 βίου

193 692 246 743 τ’)
296 692 467 761 πρᾶον
510 691 606 743 καὶ
646 690 966 755 ἀνεξίκακον
1013 692 1447 766 μεμαρτύρηται,
1494 691 1762 763 προχείρῳ

198 783 287 851 μὲν
316 784 395 844 είς
426 782 526 846 τὰς
568 781 816 848 εὐποιίας
850 786 943 837 καὶ
982 785 1080 847 τὰς
1114 785 1297 849 κοινὰς
1326 784 1639 855 εὐεργεσίας
1667 800 1760 851 γε-

193 874 412 943 νομένῳ,
453 874 658 944 μηδένα
700 876 755 929 δὲ
800 876 907 930 τῶν
953 877 1027 948 μὴ
1076 878 1379 931 ἀκουόντων
1415 879 1758 950 ἀμυνομένῳ,

200 968 321 1039 μηδὲ
369 968 455 1020 ὅτε
500 968 576 1031 ὡς
624 969 897 1041 πρόϐατον
943 972 1035 1022 ἐπὶ
1081 970 1295 1041 σφαγὴν
1335 971 1517 1040 ἤγετο,
1549 971 1643 1023 καὶ
1684 971 1759 1034 ὡς

198 1060 352 1129 ἀμνὸς
378 1060 618 1113 ἐναντίον
658 1061 751 1114 τοῦ
785 1062 1055 1134 κείροντος
1076 1063 1307 1131 ἄφωνος.
1339 1062 1464 1124 Πῶς
1492 1058 1584 1115 οὖν
1612 1063 1759 1127 εἰκὸς

196 1149 254 1223 ἦν
278 1151 364 1204 τὸν
397 1153 638 1207 τοιοῦτον
661 1154 769 1206 δεῖν
802 1155 859 1207 ὲν
894 1154 1091 1225 παιδίῳ
1134 1154 1208 1225 μὴ
1254 1154 1374 1225 οὐχὶ
1404 1155 1756 1226 ὑποχωρῆσαι

197 1246 252 1313 τῇ
284 1242 371 1296 τοῦ
413 1244 653 1315 Ἡρώδου
684 1246 873 1317 κακίᾳ,
901 1240 945 1313 ᾧ
978 1248 1071 1301 καλ⁵
1096 1248 1151 1298 ὲν
1182 1246 1335 1317 ἀνδρὶ
1363 1246 1424 1298 τὸ
1455 1247 1755 1317 ἀναχωρεῖν

199 1338 277 1388 καὶ
306 1338 426 1399 τοὺς
444 1339 729 1409 ,πονηροὺς
757 1338 1023 1391 ἐκκλίνειν
1062 1338 1498 1409 μεμαρτύρηται,
1530 1338 1756 1410 ἐπικρύ-

198 1428 403 1481 πτεσθαί
453 1446 512 1482 τε
556 1430 647 1481 καὶ
694 1429 1021 1499 ὑποφεύγειν
1052 1430 1142 1483 τὸν
1179 1431 1269 1483 ἐπὶ
1298 1435 1416 1496 ταῖς
1456 1430 1752 1501 παραδοξο-

196 1521 379 1583 ποείαις
401 1520 652 1587 ἐπαινονς
698 1522 931 1594 παρῄνει
970 1523 1100 1590 γοῦν
1134 1526 1243 1587 τοῖς
1276 1524 1366 1577 ὑπ’
1399 1523 1561 1577 αὑτοῦ
1590 1524 1751 1594 θερα-

193 1611 495 1679 πενομένοις
525 1612 710 1683 μηδενὶ
737 1612 933 1681 λέγειν.
971 1614 1032 1665 Ei
1058 1614 1100 1667 δ’
1124 1615 1214 1667 ἐπὶ
1234 1615 1324 1667 τὸν
1351 1615 1478 1667 λαὸν
1497 1616 1596 1686 τὴν
1622 1632 1753 1684 προ-

193 1700 400 1769 φητείαν
432 1701 692 1773 ἀναφέροι
726 1720 828 1767 τις,
861 1704 1083 1772 φάσκων
1119 1705 1242 1775 περὶ
1288 1704 1380 1757 τοῦ
1408 1706 1470 1756 ἐκ
1506 1705 1752 1775 σπέρμα-

190 1809 270 1854 τος
314 1791 404 1844 τοῦ
441 1792 657 1864 Ἰσραὴλ
707 1793 834 1848 λαοῦ
884 1795 1148 1866 εἰρῆσθαι,
1182 1796 1527 1867 ἐπιστησάτω
1555 1800 1618 1866 τῇ
1654 1795 1747 1849 τοῦ

1864 615 1928 653 ac
1948 600 2230 661 sapientia:
2265 599 2393 663 fuit,
2421 615 2523 656 suo
2556 608 2722 671 atque
2749 606 3161 660 accommodato
3189 616 3433 678 tempore

1861 692 2276 758 miraculorum,
2309 708 2430 763 quae
2479 694 2547 749 ad
2603 694 2943 751 divinitatem
3002 700 3292 768 pertinent.
3338 704 3432 755 ini-

1861 781 1996 834 tium
2026 780 2206 837 t‘aeere
2226 798 2349 837 eum
2381 783 2470 837 cui
2524 784 2576 837 in
2613 792 2727 838 tota
2759 787 2867 839 vita
2898 792 3338 845 mansuetudinis
3378 802 3432 845 et

1860 872 2160 928 clementiae
2205 874 2576 929 testimonium
2637 876 2908 932 redditum
2965 886 3070 943 est,
3113 883 3317 951 quique
3366 887 3431 939 ad

1860 966 2302 1034 promerendum,
2336 974 2499 1036 atque
2552 967 2619 1021 ad
2654 971 2967 1024 communia
2998 972 3170 1026 olIieia
3199 974 3433 1044 fungen-

1860 1056 1928 1110 da
1957 1072 2261 1126 propensus
2288 1057 2519 1119 exstitit,
2546 1073 2647 1111 nec
2699 1059 2935 1130 aliquem
2972 1078 3210 1132 unquam
3242 1080 3431 1120 eorum

1858 1148 1951 1217 qui
1976 1162 2084 1202 non
2111 1148 2213 1218 ipsi
2246 1150 2715 1213 auscultaverunt.
2746 1153 2894 1208 ultus
2916 1161 3021 1218 est,
3054 1171 3124 1209 ne
3154 1164 3285 1211 tunc
3310 1159 3435 1227 qui-

1856 1239 1978 1293 dem
2005 1253 2130 1291 cum
2162 1246 2220 1291 ut
2253 1240 2371 1294 ovis
2419 1241 2485 1295 ad
2526 1244 2857 1299 occisionem
2913 1244 3235 1311 ducebatur,
3270 1258 3433 1318 atque

1857 1337 1914 1381 ut
1941 1345 2116 1400 agnus
2145 1345 2329 1384 coram
2373 1333 2635 1389 tondente
2667 1350 2726 1389 se
2752 1376 2766 1397 ,
2801 1338 3236 1394 obmuteseebat.
3266 1340 3429 1412 427

1854 1418 1955 1485 Qui
1979 1428 2181 1484 autem,
2201 1438 2409 1491 quaeso,
2429 1425 2799 1491 convenisset,
2823 1443 2969 1492 eum,
2999 1430 3091 1498 qui
3133 1432 3255 1485 talis
3285 1443 3425 1492 erat,

1854 1524 2081 1578 puerum
2113 1512 2292 1565 adhuc
2327 1511 2557 1568 Herodis
2586 1516 2805 1571 malitia:
2842 1533 2950 1572 non
2985 1520 3306 1585 concedere,
3338 1528 3430 1579 cui

1851 1601 2013 1653 etiam
2045 1601 2113 1655 ad
2146 1603 2357 1657 virilem
2417 1610 2630 1660 aetatem
2694 1608 2961 1677 profecto,
3011 1613 3349 1667 concedendi
3377 1624 3431 1669 et

1852 1692 2117 1761 malignos
2170 1695 2503 1759 declinandi,
2540 1698 2915 1754 testimonium
2974 1701 3249 1757 redditum
3304 1706 3432 1759 est?

1851 1782 2054 1852 quique
2102 1793 2155 1839 et
2214 1801 2273 1840 se
2336 1790 2637 1852 occultare,
2674 1799 2726 1844 et
2759 1792 2813 1845 in
2867 1794 3152 1849 miraculis
3203 1796 3430 1855 edendis

191 1884 331 1950 λόγου
365 1884 674 1957 ἀκολουθίᾳ,
706 1886 878 1939 ταῦτα
924 1887 1138 1939 ἔσεσθαι
1178 1888 1395 1960 φησάσῃ
1429 1888 1565 1957 μετὰ
1593 1889 1653 1940 τὸ
1680 1889 1756 1940 εί-

1858 1875 2072 1929 laudem
2097 1876 2334 1948 eﬂ'ugere
2363 1884 2709 1936 consueverit
2730 1884 2752 1936 ?
2772 1899 2897 1937 nam
2930 1902 3069 1955 quos
3093 1888 3207 1957 ipse
3241 1906 3431 1945 curas.

194 1979 297 2027 πεῖν
323 1975 395 2039 ὡς
423 1977 561 2048 πρὸς
598 1978 765 2047 αὐτὴν
806 1979 904 2049 τὴν
942 1979 1245 2051 Ἰερουσαλὴ
1257 1997 1325 2049 μ’
1372 1999 1389 2030 ί
1420 1982 1529 2033 Καὶ
1560 1980 1752 2044 ἐξα-να·

193 2070 427 2137 στήσεται
454 2067 695 2122 ἀπώλεια
723 2070 779 2121 ἐν
810 2070 887 2140 τῷ
916 2070 1029 2140 λαῷ
1062 2088 1174 2133 σου,
1206 2073 1300 2124 καὶ
1331 2071 1504 2124 πάντα
1540 2088 1753 2143 περιτε-

188 2159 486 2228 τειχισμένα
513 2176 605 2211 σου
622 2160 918 2230 οἰχήσεται.
953 2180 969 2211 ι
1000 2162 1109 2214 Καὶ
1139 2162 1301 2233 ἅπερ,
1327 2162 1510 2233 φησὶν,
1532 2164 1559 2215 ὁ
1588 2162 1753 2214 τοιόσ-

186 2249 234 2301 δε
260 2251 430 2320 ἄρχων
463 2250 694 2303 πέπονθε
729 2252 871 2306 κατά
922 2253 1012 2305 τὸν
1066 2253 1360 2307 ἐπελθόντα
1398 2252 1545 2323 αὑτῷ
1590 2252 1750 2306 πόλε-

191 2357 295 2409 μον,
326 2343 378 2393 ἐν
423 2335 469 2408 ᾧ
501 2343 710 2414 μητέρα
753 2344 844 2396 ὲπὶ
892 2343 1103 2407 τέκνοις
1139 2345 1427 2414 ὴδάφισαν,
1458 2344 1526 2396 τὰ
1572 2361 1751 2415 παρα-

186 2436 369 2503 πλήσια
391 2437 484 2487 καὶ
505 2436 632 2506 ὑμῖν
659 2438 843 2500 αὑτοῖς
862 2442 1075 2508 ποιήσω
1105 2437 1190 2491 διὰ
1224 2440 1319 2500 τὰς
1342 2438 1537 2501 κακίας
1570 2439 1598 2490 ὑ
1608 2438 1744 2508 μῶν.

195 2524 335 2594 Ὑμῖν
378 2524 435 2579 δὲ
486 2525 595 2578 τίσι
642 2525 674 2597 ἢ
719 2530 832 2590 τοῖς
881 2527 1239 2598 καλουμένοις
1285 2528 1663 2599 Ἰσραηλίταις,
1697 2529 1747 2581 οῖ

182 2617 267 2668 καὶ
302 2618 639 2689 ἀπερρίφητε
672 2618 768 2671 σὺν
804 2618 880 2688 τῷ
913 2619 1122 2688 βασιλεῖ
1152 2620 1337 2689 ὑμῶν;
1371 2620 1460 2671 τὸν
1503 2618 1747 2691 Ἡρώδην

182 2706 530 2776 αἰνιττόμενος
552 2723 563 2734 ·
590 2707 683 2760 καὶ
725 2706 895 2761 ταῦτα
924 2725 985 2775 γε
1032 2708 1209 2762 πάντα
1232 2708 1555 2773 πεπόνθατε,
1581 2710 1745 2762 ιδιότι

181 2800 314 2860 παῖς,
342 2817 359 2848 ι
404 2798 591 2868 φησὶν,
635 2818 652 2849 ι
677 2798 911 2869 Ἰσραὴλ,
951 2799 1045 2852 καὶ
1095 2800 1203 2867 ἐγὼ
1245 2800 1512 2872 ἠγάπησα
1559 2801 1742 2865 αὑτὸν,

178 2892 263 2946 καὶ
306 2892 360 2958 ἐξ
392 2892 672 2961 Αἰγύπτου
723 2892 955 2947 ἐκάλεσα
1001 2894 1090 2946 τὸν
1121 2894 1247 2945 Υίόν
1280 2911 1400 2964 μου.
1433 2913 1451 2944 ι
1484 2895 1608 2959 Πῶς
1635 2896 1744 2968 γάρ

174 2980 276 3038 οἷόν
303 3002 357 3039 τε
392 2984 535 3038 κατὰ
564 2984 623 3038 τὸ
648 2986 779 3039 αὑτὸ
819 2989 929 3049 τοῖς
973 2986 1154 3049 αὑτοῖς
1187 2987 1613 3058 ἐπιμέμφεσθαι,
1649 2989 1743 3043 καὶ

174 3078 321 3131 πάλιν
358 3079 485 3141 τοὺς
531 3078 727 3140 αὑτοὺς
774 3079 1013 3130 ἐπαινεῖν
1034 3095 1046 3141 ;
1066 3077 1204 3130 Ἀλλ’
1232 3072 1300 3149 ἦν
1329 3080 1358 3130 ὁ
1385 3078 1587 3150 ἀληθὴς
1618 3079 1743 3143 νοῦς

173 3171 363 3242 ταύτην
392 3170 530 3241 ἔχων
557 3170 811 3243 θεωρίαν.
831 3171 1048 3242 Ἰσραὴλ
1068 3171 1175 3243 γὰρ
1196 3173 1223 3223 ὁ
1246 3172 1479 3241 Χριστὸς
1501 3172 1592 3226 καλ⁸
1617 3173 1738 3227 καθ’

172 3265 351 3336 ἐτέρας
398 3263 758 3335 ἀνηγόρευται
808 3262 1163 3335 προφητείας,
1197 3262 1479 3335 ώσπεροῦν
1518 3265 1613 3317 καὶ
1646 3264 1738 3318 ἐπὶ

167 3353 257 3421 τῆς
289 3352 589 3423 παρούσης.
610 3353 826 3424 Ἐπειδὴ
875 3354 1050 3406 τοίνυν
1080 3348 1253 3419 οὗτος,
1284 3357 1465 3427 φησὶν,
1503 3355 1741 3427 ὑπήκοός

172 3462 250 3513 μοι
270 3446 576 3515 γενόμενος,
602 3446 813 3517 μορφὴν
836 3445 1021 3499 δούλου
1053 3446 1264 3515 εἴληφε,
1288 3450 1383 3501 καὶ
1403 3449 1593 3518 γέγονε
1614 3465 1741 3502 παι-

164 3538 263 3589 δίον
290 3537 571 3607 ἀγαπητὸν
610 3538 751 3609 ἐμοὶ,
790 3540 970 3592 πᾶσαν
999 3540 1097 3610 τὴν
1126 3541 1264 3611 ὲμὴν
1294 3540 1579 3605 ἐκτελέσας
1613 3541 1739 3612 βου-

164 3629 271 3700 ὶὴν,
302 3630 388 3683 διὰ
436 3631 593 3685 τοῦτο
638 3632 799 3688 αὑτὸν
834 3632 933 3703 μὲν
978 3633 1083 3686 ἀπὸ
1112 3634 1208 3703 τῆς
1237 3634 1533 3702 Αἰγύπτου,
1566 3636 1644 3698 εἰς
1671 3636 1738 3705 ἢν

163 3723 577 3795 ἑνανθρωπήσας
600 3724 982 3795 κατελήλυθεν,
1002 3725 1149 3778 οὓτω
1168 3725 1494 3796 δηλουμένου
1526 3727 1617 3781 τοῦ
1640 3744 1737 3780 πε-

164 3815 355 3883 ριγείου
376 3815 567 3879 τόπου,
591 3815 623 3886 ἦ
655 3817 751 3870 καὶ
774 3817 829 3882 ἐξ
850 3817 1020 3887 αὑτῆς
1044 3817 1142 3887 τῆς
1173 3818 1463 3890 προχείρου
1495 3813 1581 3872 οἷα
1611 3821 1738 3891 γνή-

164 3921 265 3956 σιον
294 3907 388 3959 καὶ
422 3908 704 3979 ἀγαπητὸν
730 3908 855 3962 Υξὸν
878 3909 1293 3981 ἀνεκαλεσάμην
1313 3928 1325 3940 ·
1350 3911 1491 3982 ὑμᾶς
1510 3911 1585 3975 δὲ,
1607 3912 1732 3975 τοὺς

162 3996 284 4060 πρὸς
311 3996 409 4061 οὒς
440 4001 468 4051 ὁ
499 3999 674 4067 λόγος,
714 4001 809 4053 σὺν
856 4002 948 4054 καὶ
977 4004 1042 4073 τῇ
1076 4002 1317 4075 ὑμετέρᾳ
1348 4003 1592 4075 βασιλείᾳ
1616 4004 1733 4056 ὄλε-

159 4087 274 4159 θρος
327 4092 422 4144 καὶ
462 4091 707 4144 ἀπώλεια
754 4094 1150 4165 παραλήψεται.
1181 4096 1364 4147 Ταῦτα
1409 4096 1505 4165 μὲν
1533 4098 1565 4165 ἡ
1597 4112 1731 4166 προ-

158 4183 379 4251 φητεία·
426 4184 685 4255 πρόδηλον
731 4184 787 4238 δὲ
831 4187 977 4249 ὅπως
1030 4186 1136 4240 ἀπὸ
1185 4186 1292 4239 τῶν
1335 4187 1428 4241 τοῦ
1482 4188 1732 4258 Σωτῆρος

156 4277 303 4345 ἡμῶν
320 4277 529 4348 χρόνων
562 4278 1014 4350 πολιορκηθείσης
1044 4280 1143 4349 τῆς
1188 4279 1562 4351 Ἰερουσαλὴμ,
1584 4279 1725 4334 καθ-

157 4370 316 4440 ῃρέθη
352 4371 447 4422 καὶ
492 4372 571 4433 είς
616 4370 677 4423 τὸ
723 4371 983 4435 παντελὲς
1015 4372 1292 4443 ἀπερρίφη
1326 4374 1359 4443 ἡ
1413 4373 1573 4443 μέχρι
1607 4372 1728 4425 τότε

158 4466 392 4516 συστᾶσα
414 4462 508 4515 τοῦ
541 4463 811 4517 Ἰουδαίων
839 4463 1023 4527 ἔθνους
1051 4464 1342 4534 αύτονομία
1362 4481 1419 4516 τε
1445 4466 1537 4517 καὶ
1563 4466 1723 4535 ἀρχή.

156 4554 289 4625 Πλὴν
314 4555 451 4608 ἀλλά
473 4554 653 4626 τρίτον
686 4555 783 4626 ἤδη
815 4554 882 4608 τά
913 4555 1041 4625 περὶ
1070 4555 1170 4625 τῆς
1198 4546 1473 4623 Αἰγύπτου
1509 4557 1603 4609 καὶ
1629 4557 1726 4627 τῆς
1760 4592 1803 4647 D

157 4646 329 4699 αὐτόθι
365 4646 601 4715 ἀφίξεως
630 4646 793 4699 αὑτοῦ
825 4648 1282 4719 προπεφήτευται.
1317 4649 1379 4700 Ei
1401 4647 1457 4700 δέ
1483 4665 1565 4711 τις
1590 4648 1729 4701 αὑτά

157 4738 410 4808 μηδαμῶς
443 4737 776 4810 ἐφαρμόζειν
808 4740 897 4791 ἐπὶ
934 4738 1022 4791 τὸν
1057 4738 1325 4809 ἡμέτερον
1357 4738 1503 4806 λέγοι
1546 4737 1731 4807 Σωτῆ-

156 4844 232 4897 ρα,
266 4829 402 4882 ἀλλά
449 4830 517 4884 τά
562 4846 625 4898 γε
674 4829 771 4899 τῆς
803 4828 896 4882 τοῦ
926 4828 1203 4883 Ματθαίου
1237 4824 1593 4901 παραθέσεως
1621 4830 1730 4886 ἀπὸ

155 4920 239 4991 τῆς
288 4920 444 4993 παρὰ
490 4922 711 4974 Μωῡσεί
755 4921 1060 4993 μαρτυρίας
1104 4920 1253 4991 αύτῷ
1283 4921 1725 4993 παρειλημμένα,

158 5013 213 5081 ἦν
236 5014 329 5067 καὶ
361 5012 562 5084 ἀρτίως
592 5012 1001 5085 διεληλύθαμεν,
1030 5013 1111 5075 τδ,
1157 5031 1174 5063 ι
1198 5013 1254 5065 '0
1279 5013 1409 5076 Θεὸς
1446 5012 1728 5084 ὡδήγησεν

158 5104 303 5159 αὑτὸν
337 5105 397 5172 ἐξ
430 5105 728 5175 Αἰγύπτου,
752 5124 769 5156 ι
804 5105 1186 5175 διηγούμενοι·
1217 5105 1338 5157 ἐπεὶ
1369 5105 1489 5176 μηδ’
1518 5105 1726 5169 αύτὸςό

157 5196 531 5267 εὐαγγελιστὴς
552 5197 661 5250 ἀπὸ
688 5197 785 5268 τῆς
809 5196 901 5251 τοῦ
930 5196 1085 5267 Ὠσηὲ
1114 5197 1451 5269 προφητείας
1470 5196 1722 5266 εἰλῆφθαι

155 5288 288 5360 αὐτῷ
326 5289 387 5341 τὺ
414 5288 595 5357 λόγιον
627 5288 847 5361 ἔφησεν,
880 5290 955 5351 ὡς
985 5288 1265 5354 δύνασθαι,
1291 5290 1388 5346 καὶ
1420 5289 1582 5342 πόθεν
1612 5291 1726 5344 ἐπι-

156 5375 501 5452 ζητήσαντας,
528 5381 705 5453 εὑρεῖν
754 5381 885 5437 αὑτδ
928 5382 1212 5453 κείμενον·
1264 5380 1386 5435 ὅθεν
1439 5381 1584 5445 εἰκὸς
1629 5382 1721 5439 τὸν

154 5470 530 5545 εύαγγελιστὴν
558 5473 884 5545 πεποιῆσθαι
912 5472 1076 5528 αὑτοῦ
1109 5472 1208 5545 τὴν
1245 5471 1480 5529 ἔκθεσιν.

1855 1974 1958 2029 set,
1996 1968 2062 2023 iis
2094 1970 2395 2039 imperabat
2434 1982 2492 2027 ut
2520 1974 2719 2029 nemini
2745 1975 3009 2033 dicerent.
3038 1980 3193 2045 Quod
3227 1984 3272 2037 si
3306 1985 3429 2051 quis

1854 2059 2192 2128 prophetiam
2228 2061 2369 2117 hanc
2400 2064 2466 2117 ad
2492 2067 2751 2135 populum
2784 2068 3005 2129 referat.
3025 2070 3282 2141 dicatque
3313 2074 3429 2130 haec

1852 2149 1918 2204 de
1950 2152 2152 2219 populo
2179 2168 2242 2207 ex
2278 2155 2489 2211 semine
2539 2156 2706 2213 Israel
2755 2161 2990 2215 oriundo
3018 2163 3163 2217 dicta
3202 2181 3345 2231 esse,
3382 2168 3428 2222 is

1852 2242 2094 2295 attendat
2126 2244 2417 2299 verborum
2464 2249 2710 2304 ordinem
2764 2250 2820 2303 in
2850 2254 3051 2321 quibus
3094 2255 3208 2310 haec
3243 2256 3427 2313 futura

1850 2330 2129 2395 dicuntur,
2151 2345 2439 2406 postquam
2474 2340 2677 2394 dictum
2724 2352 2809 2398 est
2835 2346 2993 2413 quasi
3025 2346 3089 2399 ad
3130 2348 3305 2416 ipsum
3336 2349 3427 2405 Je-

1853 2426 2116 2489 rusalem,
2154 2445 2172 2477 (
2210 2438 2263 2481 et
2292 2440 2553 2502 exsurget
2599 2435 2836 2503 perditio
2881 2438 2937 2491 in
2972 2441 3173 2508 populo
3219 2449 3336 2505 tuo,
3370 2451 3427 2498 et

1849 2515 2032 2569 omnia
2089 2518 2295 2572 munita
2355 2529 2448 2575 tua
2511 2524 2807 2594 peribunt;
2868 2548 2887 2580 ι
2926 2536 2980 2583 et
3030 2546 3153 2599 qua:
3204 2533 3425 2601 quidem

1847 2606 2102 2677 princeps
2136 2626 2331 2679 passus
2372 2622 2455 2668 est
2494 2615 2549 2668 in
2586 2616 2749 2681 bello,
2785 2619 2837 2673 in
2874 2636 2978 2689 quo
3003 2631 3229 2677 matrem
3263 2640 3428 2694 super

1848 2698 1996 2762 filiis,
2034 2708 2194 2757 teme
2242 2706 2550 2772 alliserunt,
2589 2710 2777 2765 eadem
2815 2714 2967 2768 vobis
3014 2730 3233 2785 quoque
3291 2717 3425 2786 ipsis

1847 2789 2041 2845 iaciam
2077 2804 2300 2865 propter
2337 2800 2576 2854 malitias
2623 2812 2859 2859 vestras.
2898 2803 3066 2860 Vobis
3110 2823 3275 2876 porro
3302 2808 3427 2877 quio‘

1844 2879 1946 2937 bus
2003 2884 2223 2939 tandem
2270 2888 2415 2952 aliis,
2479 2892 2587 2945 nisi
2642 2897 2736 2963 qui
2795 2898 3069 2951 vocamini
3128 2899 3427 2954 Israelitm?

1844 2976 2048 3045 quique
2070 2978 2234 3033 etiam
2266 2981 2456 3051 rejeeti
2481 2985 2618 3040 estis
2639 3002 2762 3040 cum
2798 3003 2923 3059 rege
2955 2991 3172 3045 vestro?
3197 2992 3287 3045 ubi
3320 2992 3426 3046 He—

1844 3066 2027 3120 rodem
2080 3068 2376 3127 obscurius
2431 3073 2687 3130 indicat:
2742 3086 2797 3131 et
2851 3078 2966 3133 haec
3031 3082 3216 3135 omnia
3274 3083 3423 3152 passi

1842 3161 1997 3222 estis,
2032 3178 2051 3211 ι
2094 3164 2353 3233 quoniam
2377 3182 2530 3235 puer,
2562 3168 2760 3239 inquit,
2785 3180 2869 3225 est
2899 3172 3064 3227 lsrael
3091 3213 3105 3235 ,
3129 3183 3181 3228 et
3210 3189 3309 3243 ego
3338 3175 3423 3229 di-

1842 3249 1947 3303 lexi
1977 3266 2101 3305 eum
2146 3263 2244 3307 :et
2281 3255 2348 3309 de
2392 3255 2630 3327 Egypto
2680 3260 2870 3314 vocavi
2929 3262 3097 3315 tilium
3155 3280 3357 3319 meum.
3395 3282 3416 3317 ι

1843 3341 1946 3407 Qui
1976 3344 2119 3398 enim
2154 3347 2267 3401 ﬁeri
2313 3358 2512 3417 potest,
2539 3362 2597 3404 ut
2624 3353 2814 3406 eodem
2862 3354 2916 3407 in
2958 3355 3079 3408 loco
3113 3357 3336 3410 eosdem
3366 3366 3421 3412 et

1842 3445 2065 3490 accuset
2084 3444 2137 3491 et
2171 3438 2386 3492 laudet?
2413 3440 2507 3495 sed
2540 3457 2702 3497 verus
2732 3456 2929 3499 sensus
2962 3454 3045 3500 est
3078 3447 3145 3512 is,
3168 3449 3422 3518 quihanc

1842 3525 2003 3581 habet
2032 3532 2572 3600 contemplationem.
2607 3531 2773 3589 lsrael
2806 3538 2948 3591 enim
2974 3537 3027 3591 in
3058 3540 3161 3592 alia
3192 3540 3423 3610 prophe-

1800 3678 1803 3679 ν
1841 3618 1913 3671 tia
1948 3620 2131 3677 dictus
2161 3632 2246 3677 est
2273 3622 2550 3688 Christus,
2595 3627 3054 3694 quemadmodum
3082 3631 3134 3683 in
3158 3632 3258 3686 hac
3280 3648 3419 3703 quo-

1839 3726 1944 3779 que
1976 3729 2137 3781 quam
2196 3731 2343 3770 nunc
2401 3724 2721 3773 tractamus.
2772 3720 3043 3784 Quoniam
3092 3722 3257 3789 igitur
3303 3725 3416 3789 hic,

1839 3801 2038 3870 inquit,
2073 3802 2334 3857 obediens
2363 3807 2493 3860 mihi
2522 3806 2724 3869 factus,
2749 3809 2979 3865 fortnam
3000 3814 3143 3868 servi
3183 3817 3415 3886 accepit,

1836 3904 1888 3947 et
1923 3893 2098 3949 factus
2127 3903 2210 3949 est
2242 3912 2378 3966 puer
2426 3899 2558 3953 mibi
2606 3902 2856 3967 dilectus,
2889 3904 3017 3958 dum
3056 3907 3239 3959 omnia
3270 3924 3419 3976 qua;-

1836 4004 2055 4057 cunque
2094 3988 2215 4043 volo
2260 3989 2441 4053 etlicit,
2478 3991 2685 4047 idcirco
2738 3995 2891 4049 illum
2947 4012 3015 4051 ex
3058 3996 3316 4069 ngypto,
3349 4002 3417 4055 ad

1833 4097 1997 4151 quam
2033 4082 2271 4138 hominis
2302 4083 2478 4138 forma
2518 4095 2803 4157 assumpta
2858 4090 3161 4155 descendit,
3193 4092 3321 4145 dum
3354 4109 3418 4148 ea

1834 4191 1967 4229 voce
1999 4184 2251 4232 terrenus
2284 4180 2441 4235 locus
2474 4178 2836 4249 signiﬁcatur,
2872 4190 2967 4235 aut
3005 4185 3171 4237 etiam
3213 4201 3271 4239 ex
3325 4186 3417 4240 illa

1833 4269 2135 4338 vulgatiore
2165 4279 2426 4340 tanquam
2451 4275 2753 4344 legitimum
2805 4272 3178 4345 dilectumque
3212 4275 3412 4331 Filium

1832 4362 2051 4415 evocavi
2083 4380 2095 4415 :
2124 4377 2219 4417 vos
2259 4371 2439 4417 autem
2471 4364 2621 4435 ipsos
2652 4365 2720 4421 ad
2766 4380 2905 4435 quos
2944 4382 3127 4421 sermo
3174 4368 3419 4423 directus

1831 4462 1934 4517 est,
1972 4469 2081 4508 una
2138 4470 2262 4509 cum
2318 4472 2487 4527 regno
2545 4468 2731 4513 vestro
2786 4460 3041 4517 interitus
3089 4471 3143 4517 et
3185 4463 3419 4531 perditio

1832 4548 2277 4618 comprehendet.
2324 4548 2451 4605 Haec
2486 4552 2703 4622 quidem
2741 4553 2858 4622 ipsa
2912 4555 3196 4625 prophetia
3226 4577 3238 4611 :
3270 4573 3411 4612 con-

1832 4648 1942 4693 stat
1986 4648 2165 4695 autem
2202 4643 2661 4711 quemadmodum
2712 4654 2836 4715 post
2895 4644 3199 4703 Salvatoris
3228 4651 3408 4705 nostti

1828 4738 2097 4801 tempora,
2127 4748 2250 4787 cum
2288 4734 2514 4790 obsessa
2571 4734 2765 4789 fuisset
2822 4750 2887 4789 ac
2926 4744 3141 4791 vastata
3184 4736 3410 4792 Jerusa-

1827 4825 1953 4888 lem,
1977 4826 2225 4880 sublatus
2248 4834 2354 4889 est,
2387 4834 2440 4881 et
2465 4826 2532 4880 ad
2562 4836 2861 4883 extremam
2915 4830 3213 4899 perniciem
3268 4831 3408 4900 reje-

1824 4926 1970 4981 etus,
2012 4919 2106 4990 qui
2139 4936 2313 4990 usque
2343 4921 2409 4975 ad
2442 4920 2575 4975 illttd
2624 4929 2842 4991 tempus
2889 4931 3116 4978 steterat
3165 4921 3406 4977 Judaicae

1824 5011 2001 5078 gentis
2043 5012 2219 5082 legum
2280 5027 2415 5067 usus
2467 5012 2757 5083 omnisque
2789 5014 3149 5085 principatus.
3176 5014 3407 5069 Verum-

1828 5110 2010 5158 tamen
2068 5104 2181 5174 jam
2228 5106 2415 5169 tertio,
2464 5121 2584 5175 quae
2622 5106 2691 5160 ad
2745 5105 3042 5177 Egyptum
3105 5106 3403 5177 pertinent,

1826 5211 2058 5266 qureque
2091 5196 2158 5249 ad
2192 5196 2296 5251 iter
2322 5197 2466 5267 quod
2504 5198 2561 5253 in
2597 5199 2745 5252 illam
2780 5206 2866 5254 est
2898 5196 3409 5261 factum,divinitus

1826 5288 2084 5359 praedicta
2125 5296 2299 5344 sunt:
2330 5290 2473 5359 quod
2511 5292 2555 5346 si
2587 5291 2710 5361 quis
2759 5292 2910 5345 nullo
2956 5292 3118 5346 modo
3167 5291 3407 5347 fateatur

1825 5397 1889 5435 ea
1932 5391 2122 5437 nostro
2169 5380 2443 5436 Salvatori
2475 5384 2792 5447 convenire,
2820 5390 2876 5436 at
2925 5383 3117 5438 saltem
3157 5398 3285 5438 cum
3336 5398 3405 5441 ea

1826 5472 2111 5528 Matthteus
2140 5475 2476 5544 apposuerit,
2515 5474 2582 5529 de
2610 5474 2928 5529 testimonio
2965 5473 3111 5545 quod
3143 5483 3226 5529 est
3256 5476 3401 5546 apud

158 5561 344 5619 Musem
377 5566 448 5620 ab
493 5566 586 5622 illo
620 5572 865 5637 accepto,
898 5582 965 5622 ne
986 5574 1165 5638 neget,
1210 5565 1358 5638 quod
1410 5566 1573 5637 paulo
1631 5575 1756 5622 ante
1794 5566 2173 5633 tractavimus,
2214 5566 2342 5620 dum
2362 5566 2494 5621 illud
2514 5566 2682 5639 428
2717 5586 2729 5622 :
2771 5567 2944 5624 «Deus
2970 5568 3127 5622 duxit
3156 5568 3308 5623 illum
3331 5585 3398 5625 ex

155 5653 399 5727 Afgyplo,
448 5677 467 5709 ›
498 5672 843 5721 enarremus,
874 5656 1097 5728 quando
1132 5672 1199 5712 ne
1243 5656 1363 5727 ipse
1400 5654 1620 5726 quidem
1641 5655 1999 5725 evangelista,
2029 5671 2088 5713 se
2112 5656 2181 5711 ab
2209 5656 2385 5726 ipsius
2433 5653 2587 5711 Oscae
2618 5656 2901 5728 prophetia
2943 5659 3227 5714 oraculum
3301 5675 3396 5714 ac-

156 5749 352 5817 cepisse
383 5749 666 5809 indicavit.
710 5756 769 5805 ut
817 5750 1178 5819 undecunque
1207 5757 1517 5819 quaerentes
1567 5748 1779 5821 possint
1819 5749 1895 5805 illi
1927 5748 2239 5822 ubicunque
2280 5750 2516 5822 positum
2549 5752 2642 5820 sit,
2692 5751 2935 5808 invenire
2975 5770 2989 5807 :
3028 5752 3099 5807 ibi
3144 5751 3395 5811 videlicet

158 5840 283 5897 unde
308 5856 406 5912 par
432 5850 515 5899 cst
536 5841 923 5913 evangelistam
952 5838 1082 5896 illud
1115 5838 1435 5912 protulisse.
