3928 6496
535 373 638 432 0Βῖ

1147 371 1418 430 EUSEBIJ
1459 371 1944 430 CESARIENSIS
1985 373 2135 430 OPP.
2197 371 2397 428 PARS.
2446 370 2590 428 ί1.-υ
2631 367 3129 426 APOLOGETJCA.

3697 363 3824 417 σεε

607 489 688 544 Ab
721 489 894 546 Isaia.
927 521 994 531 -
1029 489 1109 546 De
1159 489 1386 564 Joannis
1421 493 1479 546 in
1529 493 1738 551 deserto
1789 493 2053 564 pra'dica—

2192 541 2196 552 .
2237 491 2368 548 Ἀπὸ
2396 491 2506 548 τοῦ
2545 491 2807 564 Ἡσαΐου.
2837 519 2906 532 —-
2933 490 3074 560 Περὶ
3101 485 3212 564 τοῦ
3236 485 3387 541 κατὰ
3425 481 3539 550 τὴν
3575 481 3824 550 ἐρημία-ν

1247 563 1406 616 tione.

609 695 630 729 ι
667 675 782 730 Vox
805 675 1088 730 clamantis
1107 677 1160 729 in
1187 675 1435 731 deserto:
1459 675 1658 734 Parate
1683 679 1824 732 viam
1853 679 2110 736 Domini:

535 776 714 822 rectas
747 764 908 819 facile
937 763 1162 818 semitas
1191 764 1332 834 ejus.
1363 765 1554 821 Omnis
1588 769 1745 822 vallis
1779 770 2109 839 implebitur,

531 869 586 914 et
611 859 792 912 oumis
817 873 976 910 mons
994 865 1048 912 et
1066 857 1224 912 collis
1246 859 1628 913 humiliabitur
1661 878 1674 914 :
1709 869 1762 914 et
1793 871 1948 915 erunt
1987 879 2112 932 pra-

531 967 598 1004 va
623 952 674 1004 in
695 959 924 1012 rectam,
950 955 1005 1004 et
1031 963 1240 1019 aspera:
1267 949 1320 1004 in
1351 951 1468 1006 vias
1497 951 1686 1020 planas
1723 971 1734 1006 :
1765 961 1818 1006 ct
1839 953 2111 1010 videbitur

531 1043 704 1112 gloria
742 1041 978 1096 Domini.
1015 1042 1078 1096 Et
1107 1042 1312 1098 videbit
1347 1043 1528 1097 omnis
1557 1057 1687 1097 caro
1717 1045 1960 1101 salutare
1989 1045 2106 1110 Dei,

529 1133 790 1204 quoniam
835 1133 1098 1190 Dominus
1127 1135 1342 1188 locutus
1371 1133 1532 1188 est“.
1568 1154 1586 1186 ι
1616 1133 1730 1188 Hoc
1763 1150 1980 1205 quoque
2015 1152 2110 1190 va-

527 1227 778 1281 ticinium
814 1227 1104 1296 oportebat
1165 1226 1267 1280 sub
1322 1224 1625 1280 Salvatoris
1669 1229 1846 1282 nostri
1895 1235 2108 1297 tempus

528 1335 688 1374 suum
723 1317 884 1372 tinem
934 1319 1272 1388 contingere.
1309 1317 1606 1384 Quocirca,
1645 1325 1704 1371 ut
1732 1317 1874 1388 apud
1903 1316 2104 1374 Lucam

526 1411 915 1482 eVaugelistam
952 1409 1218 1480 scriptum
1241 1417 1351 1474 est,
1398 1429 1416 1462 ι
1457 1411 1516 1465 ln
1551 1425 1698 1466 anno
1729 1412 1923 1482 quiulo
1955 1411 2107 1467 deci-

527 1517 618 1558 Ino
647 1502 860 1572 imperii
889 1499 1093 1556 Tiberii
1123 1503 1380 1568 Caesaris,
1413 1511 1741 1572 procurante
1787 1502 1986 1558 Pontio
2013 1502 2106 1557 Pi-

527 1591 914 1654 iatoJudteam,
941 1615 960 1644 ι
983 1593 1306 1663 eaeterisque
1327 1595 1718 1664 imperantibus
1741 1596 1976 1664 quicum
1999 1597 2104 1650 hoc

525 1691 1014 1746 connumerantnr,
1059 1701 1078 1734 ι
1119 1683 1322 1738 factum
1350 1692 1436 1739 est
1463 1685 1686 1740 verbum
1713 1683 1808 1740 Dei
1836 1687 1904 1742 ad
1934 1685 2104 1742 Joan-

524 1789 649 1830 nem
691 1775 974 1831 Zachariae
1005 1775 1198 1842 tilium,
1239 1777 1294 1830 in
1325 1776 1562 1832 deserto.
1611 1776 1676 1830 Et
1705 1791 1830 1831 cum
1861 1779 2101 1834 venisset

2670 559 2940 616 Ἰωάννου
2969 559 3360 630 κηρύγῖματος.

2297 695 2315 728 ι
2341 675 2494 747 Φωνὴ
2529 673 2770 745 βοῶντος,
2812 675 2868 728 ἐν
2917 677 2984 746 τῇ
3038 675 3254 746 ἐρήμῳ·
3304 669 3659 740 Ἑτοιμάσατε
3709 665 3822 736 τὴν

2217 767 2334 822 ὁδὸν
2367 767 2574 838 Κυρίου
2593 783 2606 796 ·
2637 765 2851 828 εὐθείας
2871 767 3074 818 ποιεῖτε
3099 765 3196 827 τὰς
3221 761 3440 834 τρίϐους
3465 757 3654 814 αὑτοῦ.
3691 757 3820 810 Πεῖ-

2219 875 2286 912 σα
2321 857 2536 929 φάραγξ
2571 856 3007 928 πληρωθήσεται,
3041 855 3135 908 καὶ
3183 856 3288 908 πᾶν
3317 854 3437 926 ὄρος
3471 851 3566 906 καὶ
3609 849 3818 920 βουνὸς

2215 951 2716 1021 ταπεινωθήσεται·
2756 951 2850 1004 καὶ
2893 949 3045 1002 ἔσται
3091 949 3159 1002 τὰ
3207 947 3392 1000 σκολιὰ
3425 949 3504 1010 είς
3547 944 3810 1008 εὐθεῖαν,

2215 1045 2309 1096 καὶ
2335 1044 2388 1096 αἱ
2421 1045 2668 1114 τραχεῖαι
2695 1044 2776 1106 εἰς
2808 1040 2960 1104 ὀδοὺς
2987 1039 3135 1103 λείας
3153 1057 3166 1068 ·
3193 1040 3289 1092 καὶ
3317 1037 3614 1109 ὀφθήσεται
3645 1041 3684 1109 ἡ
3715 1037 3810 1091 ὁὸ-

2215 1136 2282 1202 ξα
2313 1135 2542 1206 Κυρίου.
2581 1134 2689 1188 Καὶ
2717 1133 2903 1202 ὄψεται
2951 1133 3098 1186 πᾶσα
3142 1129 3276 1202 σὰρξ
3304 1131 3366 1184 τὸ
3399 1131 3668 1200 σωτήριον
3703 1129 3804 1184 τοῦ

2213 1227 2370 1290 Θεοῦ,
2401 1229 2482 1280 ὅτι
2511 1225 2714 1296 Κύριος
2731 1223 3201 1294 ἐλάλησεν.ι“Εδει
3233 1224 3324 1276 καὶ
3343 1221 3544 1291 ταύτην
3575 1219 3804 1274 ἐπὶτῶν

2211 1321 2416 1392 χρόνων
2466 1317 2559 1372 τοῦ
2607 1319 2855 1388 Σωτῆρος
2905 1317 3060 1388 ἡμῶν
3105 1316 3197 1370 ἐπὶ
3244 1315 3415 1386 πέρας
3461 1313 3643 1368 ἐλθεῖν
3695 1315 3802 1386 τὴν

2211 1413 2531 1486 πρόρρησιν.
2565 1411 2765 1482 Διόπερ
2808 1410 2948 1464 κατὰ
2993 1410 3086 1464 τὸν
3127 1409 3517 1480 εὐαγγελιστὴν
3547 1409 3800 1472 Λουκᾶν,

2217 1524 2234 1556 ι
2259 1506 2344 1558 Ἐν
2387 1505 2498 1558 ἐτει
2551 1500 3016 1572 πεντεκαιδεκάτῳ
3065 1500 3162 1572 τῆς
3203 1501 3502 1572 ἡγεμονίας
3532 1499 3798 1572 Τιϐερίου

2209 1597 2505 1668 Καίσαρος,
2537 1591 2987 1665 ἐπιτροπεύοντος
3013 1591 3234 1646 Ποντίου
3268 1591 3505 1645 Πιλάτου
3531 1593 3636 1663 τῆς
3659 1593 3800 1646 Ἰου-

2207 1689 2378 1753 δαίας,
2403 1709 2419 1742 ι
2447 1689 2540 1742 καὶ
2575 1687 2684 1742 τῶν
2705 1687 2880 1758 τούτῳ
2929 1685 3470 1758 συναριθμουμένων,
3503 1704 3524 1735 ‹
3562 1685 3798 1752 ἐγένετο

2209 1779 2360 1850 ῥῆμα
2379 1777 2514 1832 Θεοῦ
2553 1777 2646 1830 ἐπὶ
2685 1775 2935 1847 Ἰωάννην
2965 1775 3055 1829 τὸν
3083 1774 3176 1828 τοῦ
3207 1774 3473 1844 Ζαχαρίου
3503 1773 3620 1828 υἱὸν
3641 1775 3702 1828 ἐν
3729 1776 3798 1844 τῇ

523 1865 580 1920 in
607 1881 822 1922 onmem
850 1874 1076 1934 terram,
1108 1883 1230 1939 quae
1255 1876 1339 1924 est
1383 1870 1590 1925 circum
1621 1868 1936 1938 Jordancm,
1965 1889 2085 1943 pra:-

2203 1873 2422 1943 ἐρήμῳο
2457 1871 2516 1933 ὃς
2549 1868 2715 1923 ἐλθὼν
2745 1871 2825 1932 είς
2855 1869 3036 1921 πᾶσαν
3067 1868 3163 1939 τὴν
3197 1867 3504 1940 περίχωρον
3527 1865 3626 1921 τοῦ
3657 1867 3792 1938 Ἰορ-

521 1956 724 2014 dicavit
747 1961 1022 2029 baptisma
1059 1963 1468 2032 pmnitenlizein
1498 1964 1874 2019 remissionem
1905 1981 2102 2036 peet-a-

524 2059 702 2104 torum
725 2051 790 2106 ³³.
821 2071 840 2102 ι
877 2051 1040 2108 llisce
1069 2063 1250 2108 autem
1283 2055 1614 2124 evangelista
1646 2055 1833 2124 adjicit
1853 2059 2102 2112 testimo-

519 2143 694 2203 nium,
719 2141 910 2199 dicens
935 2160 949 2201 :
985 2163 1002 2195 ι
1033 2143 1190 2200 Sicut
1219 2147 1482 2215 scriptum
1515 2155 1599 2200 est
1629 2147 1682 2201 in
1717 2148 1856 2202 libro
1885 2165 2096 2204 sermo-

519 2249 652 2289 num
678 2233 832 2290 Isaia:
863 2236 1142 2306 preplietae
1174 2255 1188 2292 :
1223 2235 1337 2292 Vox
1375 2238 1666 2294 clamantis
1723 2239 1777 2292 in
1825 2240 2044 2296 deserto
2079 2261 2092 2296 :

515 2325 716 2384 Paralc
741 2330 884 2384 viam
935 2329 1150 2384 Domini
1183 2331 1228 2362 ⁸⁸
1255 2373 1272 2398 ,
1307 2350 1326 2383 ›
1371 2339 1424 2386 et
1455 2347 1576 2401 qua:
1595 2341 1921 2402 sequuntur.
1954 2333 2094 2400 Quid

515 2413 684 2492 igi'tur
717 2423 934 2478 laudent
965 2423 1114 2478 aliud
1151 2424 1422 2478 ciamabat
1451 2423 1679 2478 Joannis
1715 2427 1805 2479 illa
1833 2427 1886 2480 in
1917 2429 2098 2484 deser-

513 2521 572 2568 to
603 2515 912 2584 praedicans
939 2531 1042 2570 vox
1077 2515 1144 2570 ad
1195 2517 1382 2572 turbas
1435 2527 1724 2584 exeuntes,
1777 2525 1836 2572 ut
1867 2520 1934 2573 ab
1973 2519 2094 2589 ipso

513 2605 953 2678 baptizareutn-r,
996 2619 1255 2679 tanquam
1303 2609 1371 2664 ad
1418 2611 1630 2681 reptilia
1673 2610 1898 2674 deserti,
1930 2627 2092 2682 quam

513 2696 850 2749 conveniens
901 2697 1482 2767 aceonnnodatuutque
1533 2700 1705 2756 illud:
1755 2719 1774 2752 ι
1837 2699 2092 2756 Germina

511 2781 847 2852 viperarum,
875 2785 1000 2854 quis
1031 2787 1277 2841 ostendit
1332 2789 1488 2843 vobis
1535 2789 1724 2860 fugere
1774 2805 1802 2844 a
1859 2800 2090 2846 ventura

511 2871 594 2928 ira
627 2874 712 2926 "‘3
743 2894 761 2927 ι
811 2875 878 2929 Ει
912 2893 1106 2932 rursus
1135 2878 1264 2932 dum
1305 2894 1503 2948 pravas
1543 2881 1756 2934 animas
1792 2879 1846 2934 in
1887 2891 2089 2948 rectas,

511 2971 568 3019 et
597 2978 824 3036 asperas
857 2969 912 3022 in
949 2971 1066 3025 vias
1089 2971 1278 3040 planas
1318 2979 1556 3040 reparat,
1585 2973 1802 3028 dicebat
1843 2973 2033 3029 iisdem
2073 2993 2086 3030 :

517 3072 538 3108 α
577 3053 766 3112 Facite
797 3059 978 3134 igitur!
1011 3060 1226 3116 fructus
1269 3061 1464 3132 dignos
1495 3065 1828 3132 pmuitentim
1856 3064 1922 3119 ³⁸.
1967 3083 1986 3116 ι
2023 3063 2088 3118 Et

509 3143 627 3201 haec
689 3149 900 3204 scilicet
961 3151 1398 3220 complebantur,
1467 3153 1596 3207 dttm
1660 3152 1898 3210 Joannes
1943 3171 2086 3225 pra:-

2203 1962 2382 2024 δάνου,
2441 1962 2710 2033 ἐκήρυσσε
2765 1959 3045 2030 βάπτισμα
3109 1959 3394 2030 μετανοίας
3451 1960 3533 2022 είς
3587 1959 3788 2026 ἄφεσιν

2203 2052 2508 2125 ἁμαρτιῶν.
2541 2076 2558 2105 ο
2594 2051 2817 2116 Τούτοις
2858 2051 2901 2104 δ’
2939 2047 3030 2104 οὖν
3061 2050 3088 2102 6
3115 2050 3504 2120 εὐαγγελιστὴς
3549 2051 3788 2121 ἐπιμαριμ

2197 2149 2351 2216 τυρεῖ
2401 2144 2611 2213 λέγων’
2654 2163 2672 2195 ι
2701 2141 2897 2206 Καθὼς
2941 2143 3250 2212 γέγραπται
3294 2144 3352 2194 ἐν
3393 2140 3560 2212 piat?
3607 2141 3794 2210 λόγων.

2209 2237 2426 2292 Ἡσαΐου
2453 2239 2546 2291 τοῦ
2577 2237 2854 2309 προφήτου
2875 2253 2888 2266 ⁸
2929 2235 3084 2307 Φωνὴ
3141 2234 3370 2304 βοῶντος
3389 2235 3447 2289 ἐν
3467 2237 3538 2306 τῇ
3563 2235 3782 2306 ἐρήμῳ

2210 2329 2566 2398 Ἑτοιμάσατε
2599 2327 2698 2398 τὴν
2729 2327 2846 2380 ὁδὸν
2871 2325 3075 2398 Κυρίου
3097 2346 3110 2358 ·
3136 2344 3154 2376 ι
3192 2325 3286 2378 καὶ
3323 2324 3392 2378 τὰ
3421 2325 3570 2396 ἑξῆς.
3609 2325 3679 2377 Τί
3717 2325 3784 2398 δή

2195 2415 2288 2474 οὖν
2321 2419 2450 2474 ἐϐόα
2491 2421 2524 2491 ἡ
2572 2419 2660 2474 διὰ
2706 2417 2799 2472 τοῦ
2848 2418 3094 2471 Ἰωάννου
3125 2417 3274 2488 φωνὴ
3302 2417 3394 2470 ἐπὶ
3437 2416 3540 2487 τῆς
3567 2417 3778 2489 ἐρήμου

2196 2511 2542 2582 κηρύσσουσα
2575 2510 2607 2580 ἢ
2639 2513 2752 2574 τοῖς
2797 2509 3252 2580 ἐκπορευομένοις
3277 2507 3454 2579 ὄχλοις
3481 2507 3782 2582 βαπτισθῆ-

2193 2619 2280 2656 ναι
2314 2602 2402 2654 ὑπ’
2428 2600 2614 2666 αὐτοῦ,
2651 2601 2726 2664 ὡς
2755 2603 3002 2672 ἑρπετοῖς
3034 2602 3237 2672 ἐρήμου
3283 2601 3670 2672 τυγχάνουσιν,
3703 2603 3776 2656 ot—

2193 2695 2355 2758 κείως
2384 2697 2447 2766 τῇ
2482 2694 2819 2766 προφητεία·
2856 2711 2875 2746 ι
2905 2693 3224 2764 Γεννήματα
3251 2691 3492 2763 ἐχιδνῶν,
3527 2693 3614 2756 τίς
3649 2693 3776 2746 ὑπέ-

2191 2787 2360 2851 δειξεν
2389 2788 2516 2856 ὑμῖν
2539 2788 2724 2856 φυγεῖν
2749 2785 2856 2839 ἀπὸ
2881 2783 2981 2854 τῆς
3005 2784 3302 2856 μελλούσης
3321 2787 3488 2858 ὀργῆς
3509 2801 3524 2851 ;
3555 2804 3574 2836 ι
3607 2785 3773 2839 Πάλιν

2196 2895 2256 2932 τε
2275 2873 2340 2930 αὖ
2365 2877 2462 2942 τὰς
2485 2877 2706 2940 σκολιὰς
2725 2874 2894 2946 ψυχὰς
2921 2875 2998 2937 εἰς
3017 2874 3248 2938 εὐθείας,
3267 2875 3362 2930 καὶ
3387 2871 3486 2939 τὰς
3515 2879 3770 2950 τραχείας

2191 2971 2270 3033 είς
2303 2969 2454 3032 ὁδοὺς
2489 2969 2638 3032 λείας
2667 2967 3149 3039 μετασκευάζουσα
3179 2967 3384 3036 ἔφασκε
3410 2971 3526 3032 τοῖς
3555 2971 3770 3033 αὐτοῖς·

2197 3086 2215 3118 ι
2245 3067 2513 3138 Ποιήσατε
2565 3062 2657 3120 οῦν
2722 3067 2968 3138 καρποὺς
3021 3066 3202 3132 ἀξίους
3251 3067 3352 3136 τῆς
3401 3068 3764 3138 μετανοίας.»

2191 3159 2300 3214 Καὶ
2370 3157 2544 3212 ταῦτὰ
2605 3176 2668 3228 γε
2739 3159 3073 3214 συνετελεῖτο
3149 3161 3768 3232 προπαρασκευάζοντος

506 3243 736 3312 parabat
766 3261 862 3300 eos
913 3248 1006 3316 qui
1055 3246 1227 3302 visuri
1276 3257 1433 3302 erant
1469 3249 1700 3319 gloriam
1755 3249 1991 3314 Domini,
2031 3256 2085 3305 et

2201 3251 2444 3306 Ἰωάννου
2494 3252 2622 3315 τοὺς
2669 3251 2964 3324 ὀψομένους
3008 3253 3106 3324 τὴν
3151 3229 3304 3318 δόξαν
3336 3229 3564 3324 Κυρίου,
3591 3253 3766 3310 καὶτὸ

505 3335 652 3404 quod
715 3347 944 3392 vocatur
1009 3339 1250 3394 salutare
1315 3339 1445 3408 Dei,
1511 3341 1656 3410 quod
1709 3341 1928 3412 quidem
1998 3341 2085 3396 ni-

505 3424 584 3480 hil
621 3425 766 3480 aliud
825 3437 941 3495 est,
986 3446 1150 3502 quam
1211 3431 1468 3488 Christus
1503 3473 1518 3494 ,
1581 3434 1726 3489 sicut
1781 3435 1966 3490 verbis
2017 3435 2084 3489 il-

504 3517 574 3573 lis
641 3520 968 3576 testiﬁcatur
1023 3541 1034 3576 :
1097 3539 1116 3574 ι
1181 3521 1295 3594 Ego
1343 3525 1564 3594 quidem
1629 3541 1727 3580 vos
1789 3542 1928 3598 aqua
1987 3525 2081 3580 ba-

503 3609 652 3682 ptizo
711 3629 724 3666 :
785 3612 931 3666 venit
979 3619 1160 3667 autem
1225 3613 1422 3667 fortior
1457 3631 1542 3670 me
1586 3624 1708 3686 post
1751 3632 1872 3682 me,
1916 3614 2082 3687 429

502 3703 662 3773 cujus
701 3719 810 3757 non
854 3719 974 3758 sum
1013 3703 1212 3776 dignus
1261 3708 1634 3762 calceamenta
1688 3717 1922 3777 gestare.
1964 3707 2080 3776 Ipse

504 3811 600 3851 vos
637 3797 933 3866 baptizabit
977 3799 1030 3850 in
1079 3799 1284 3867 Spiritu
1336 3807 1528 3855 sancto
1577 3809 1630 3854 et
1663 3803 1786 3869 igne
1818 3800 1883 3854 ’9.
1919 3820 1936 3851 ι
1975 3799 2078 3864 Qui

507 3889 674 3942 etiam
726 3904 850 3941 cum
912 3887 1098 3942 Jesum
1163 3890 1390 3944 vidisset
1435 3892 1759 3953 venientem,
1809 3891 2072 3946 exclama-

501 3979 578 4032 vit
627 3999 640 4034 :
687 3997 706 4027 ι
757 3977 896 4034 Ecce
934 3979 1126 4051 Agnus
1151 3981 1241 4034 Dei
1272 3983 1362 4052 qui
1390 3983 1530 4036 tollit
1555 3989 1836 4052 peccatum
1867 3983 2074 4037 mundi.

502 4067 603 4124 ilic
647 4076 752 4135 est,
787 4069 856 4126 de
889 4087 998 4142 quo
1028 4088 1128 4142 ego
1164 4073 1278 4128 dixi
1313 4093 1325 4128 :
1355 4072 1598 4129 Post'me
1645 4075 1792 4128 venit
1845 4075 1950 4138 vir,
1983 4077 2078 4144 qui

500 4169 628 4216 ante
659 4179 746 4218 me
781 4163 960 4221 factus
997 4166 1167 4222 est“.
1203 4187 1221 4219 ι
1251 4167 1408 4234 Quod
1441 4183 1571 4222 vero
1611 4167 1751 4222 idem
1801 4177 1944 4223 esset
1987 4184 2078 4223 sa-

499 4255 674 4312 lutare
699 4255 816 4318 Dei,
851 4256 1073 4314 Simeon
1101 4274 1320 4330 quoque
1360 4259 1688 4314 testificatus
1724 4269 1828 4323 est,
1857 4261 1949 4331 qui
1984 4275 2076 4314 ac-

497 4357 656 4417 cepto
689 4349 743 4403 in
789 4351 950 4406 ulnas
995 4367 1170 4422 puero
1201 4351 1354 4414 Jesu,
1387 4353 1522 4407 dixit
1555 4373 1568 4408 :
1599 4371 1617 4404 ι
1649 4352 1804 4408 Nunc
1842 4353 2073 4410 dimittis

497 4453 715 4492 servum
751 4447 924 4504 tuum,
960 4441 1208 4506 Domine,
1244 4445 1546 4499 secundum
1573 4446 1790 4500 verbum
1811 4454 1986 4507 tuum,
2016 4447 2072 4501 in

495 4544 650 4598 pace.
678 4531 816 4598 Quia
843 4533 1097 4590 viderunt
1130 4537 1274 4588 oculi
1307 4537 1412 4590 mei
1447 4537 1684 4591 salutare
1714 4543 1888 4600 tuum,
1923 4536 2070 4606 quod

2185 3343 2518 3414 καλούμενον
2551 3347 2816 3417 σωτήριον
2847 3345 2943 3398 τοῦ
2986 3345 3140 3409 Θεοῦ,
3165 3346 3263 3399 οὐκ
3307 3345 3465 3400 ἄλλον
3505 3345 3641 3400 ὄντα
3673 3344 3766 3400 τοῦ

2183 3435 2438 3506 Χριστοῦ,
2479 3437 2554 3499 ὡς
2591 3437 2889 3509 ἐμαρτύρει
2944 3436 3148 3505 λέγων’
3191 3455 3210 3486 ι
3261 3435 3404 3506 Ἐγὼ
3455 3437 3558 3508 μὲν
3617 3437 3762 3508 ὑμᾶς

2183 3527 2332 3582 ὕδατι
2353 3528 2626 3599 βαπτίζω·
2661 3530 2876 3600 ἔρχεται
2907 3529 2964 3582 δέ
3005 3531 3034 3582 6
3073 3525 3418 3600 ἰσχυρότερός
3447 3545 3550 3601 μου
3587 3531 3762 3584 ὀπίσω

2185 3635 2316 3691 μου’
2367 3615 2428 3676 οὗ
2469 3621 2568 3675 οὐκ
2615 3622 2731 3693 ειμὶ
2778 3621 2924 3686 ἄξιος
3008 3619 3076 3674 τὰ
3167 3622 3488 3693 ὑποδήματα
3561 3621 3764 3693 βαστά-

2183 3729 2292 3776 σαι,
2349 3714 2510 3778 αὐτὸς
2564 3713 2707 3785 ὑμᾶς
2753 3712 3000 3783 βαπτίσει
3057 3715 3114 3766 ἐν
3159 3713 3434 3784 Πνεῦματι
3478 3715 3622 3784 ἁγίῳ
3671 3717 3762 3769 καὶ

2180 3803 2331 3874 πυρί.
2399 3821 2419 3854 ι
2461 3806 2558 3866 Ὃς
2583 3805 2677 3858 καὶ
2707 3802 2828 3857 ἰδὼν
2857 3804 2948 3857 τὸν
2988 3803 3195 3874 Ἰησοῦν
3227 3805 3518 3876 ἐρχόμενον
3551 3806 3760 3876 ἀνειρώ-

2177 3910 2338 3963 νησεν
2362 3911 2376 3924 ο
2418 3914 2436 3946 ι
2480 3895 2575 3949 Ἰδέ
2627 3898 2655 3949 ὁ
2695 3893 2880 3966 Ἇμνός
2907 3895 2999 3948 τοῦ
3047 3896 3182 3949 Θεοῦ
3218 3897 3246 3950 6
3277 3895 3446 3968 αἴρων
3489 3898 3758 3970 ἁμαρτίαν

2178 3983 2270 4036 τοῦ
2325 3984 2552 4054 κόσμου.
2637 3979 2805 4050 Οὗτός
2857 3989 2972 4040 ἐστι
3003 3987 3130 4058 περὶ
3162 3981 3223 4040 οῦ
3259 3981 3442 4040 εἷπον·
3503 4006 3522 4038 ι
3547 3987 3754 4040 Ὀπίσω

2181 4091 2282 4145 μου
2335 4074 2558 4146 ἔρχεται
2613 4077 2787 4150 ἀνὴρ,
2847 4077 2906 4142 ὃς
2963 4076 3268 4150 ἔμπροσθέν
3325 4095 3427 4148 μου
3497 4079 3750 4148 γέγονε.»

2177 4167 2280 4220 Τὸν
2328 4168 2491 4222 αὐτὸν
2543 4169 2598 4222 δὲ
2647 4166 2785 4223 εἶναι
2841 4171 2901 4224 τὸ
2952 4173 3216 4242 σωτήριον
3269 4169 3362 4224 τοῦ
3401 4170 3536 4224 Θεοῦ
3587 4173 3684 4225 καὶ
3727 4173 3754 4225 6

2177 4258 2398 4330 Συμεὼν
2457 4260 2838 4334 ἐμαρτύρησεν
2867 4303 2882 4330 ,
2917 4263 2974 4326 ὃς
3021 4260 3198 4315 λαϐὼν
3259 4261 3351 4316 ἐπὶ
3405 4266 3524 4326 ταῖς
3579 4265 3752 4332 ἀγκα-

2174 4351 2292 4417 λαις
2347 4352 2543 4426 βρέφος
2595 4353 2724 4408 ὄντα
2759 4354 2851 4408 τὸν
2917 4354 3156 4426 Ἰησοῦν,
3215 4353 3352 4426 ἔφη·
3401 4373 3420 4406 ι
3459 4354 3574 4408 Νῦν
3619 4357 3751 4410 ἀπο-

2173 4445 2318 4510 λύεις
2361 4447 2450 4500 τὸν
2488 4445 2667 4499 δοῦλον
2697 4463 2788 4500 σου
2807 4485 2822 4508 ,
2849 4445 3124 4508 Δέσποτα,
3179 4447 3318 4500 κατὰ
3342 4445 3404 4502 τὸ
3448 4447 3602 4518 ῥῆμά
3633 4464 3746 4510 σου,

2175 4538 2232 4590 ἐν
2279 4539 2486 4611 εἰρήνῃ.
2555 4539 2676 4592 Ὅτι
2714 4535 2852 4592 εἶδον
2901 4539 2950 4591 oi.
3004 4538 3269 4609 ὀφθαλμοί
3321 4555 3424 4608 μου
3471 4539 3531 4592 τὸ
3585 4539 3749 4608 σωτή-

495 4623 700 4692 parasti
729 4634 858 4680 ante
896 4625 1088 4680 faciem
1123 4628 1366 4682 omnium
1405 4627 1750 4697 populorum,
1783 4629 1964 4683 lumen
1997 4629 2066 4683 ad

2192 4631 2286 4684 ιιόν
2342 4647 2468 4694 σου,
2533 4631 2562 4684 ὃ
2600 4631 2905 4702 ἡτοίμασας
2967 4630 3108 4684 κατὰ
3178 4630 3468 4701 πρόσωπον
3533 4631 3746 4684 πάντων

493 4715 884 4770 reveiatioucm
919 4719 1164 4786 gentium
1187 4719 1256 4774 “.
1293 4739 1312 4770 ι
1357 4717 1568 4784 Quibus
1593 4719 1758 4772 etiam
1803 4720 2070 4790 prOpbeta

491 4809 790 4872 consentit,
821 4808 950 4862 dum
992 4810 1106 4864 ait:
1137 4829 1155 4860 ι
1189 4809 1254 4863 Ει
1289 4811 1490 4865 videbit
1537 4811 1716 4866 omnis
1747 4827 1878 4866 caro
1919 4815 2069 4868 salu-

491 4907 608 4954 tare
639 4898 750 4954 Dei.
787 4919 804 4952 ι
843 4898 980 4955 Illud
1021 4903 1188 4966 enim,
1229 4920 1248 4952 ι
1275 4903 1454 4956 omnis
1503 4917 1652 4966 caro,
1691 4923 1710 4954 ι
1747 4919 1845 4974 pro
1889 4906 2068 4960 omni-

488 4995 592 5050 bus
624 4993 880 5062 gentibus
924 4993 1132 5049 dictum
1175 5002 1276 5050 est.
1331 4995 1398 5049 Ut
1443 5001 1625 5050 autem
1656 4995 2066 5054 demonstretur

487 5087 765 5156 quomodo
813 5087 928 5143 haec
971 5104 1132 5145 suum
1179 5088 1338 5144 tinem
1381 5089 1731 5160 contigerint,
1779 5098 1835 5146 et
1876 5101 2065 5162 gentes

485 5177 768 5234 Christum
807 5177 900 5234 Dei
925 5181 1270 5252 agnoverint,
1302 5179 1489 5237 multis
1515 5197 1623 5236 non
1659 5198 1798 5253 opus
1823 5193 1908 5238 est
1943 5199 2064 5240 ver-

485 5271 572 5328 bis
605 5291 618 5328 :
653 5281 706 5327 et
739 5289 862 5344 qua:
889 5273 1106 5344 quidem
1137 5274 1204 5328 ad
1233 5276 1456 5330 verbum
1485 5277 1663 5332 solent
1693 5277 2058 5342 considerari,

485 5364 542 5420 in
575 5366 720 5421 hunc
783 5369 1052 5439 completa
1105 5377 1232 5424 sunt
1279 5369 1526 5426 modum.
1583 5370 1850 5426 Cancrum
1905 5370 2058 5440 quid,

483 5471 692 5526 quaso,
737 5459 838 5514 fuit
869 5461 924 5515 in
971 5477 1158 5525 causa,
1203 5471 1262 5516 ut
1293 5477 1398 5516 non
1433 5462 1489 5516 in
1521 5462 1753 5518 urbibus
1794 5477 1972 5532 neque
2003 5463 2056 5516 in

485 5549 602 5616 ipsa
636 5548 962 5616 Jerusalem,
999 5553 1096 5610 sed
1123 5554 1450 5616 indeserto,
1475 5553 1716 5609 Joannes
1744 5563 2058 5625 suggestum

481 5637 588 5696 sibi
634 5639 704 5696 ad
751 5642 1152 5711 praedicandum
1203 5645 1464 5716 elegerit?
1515 5647 1582 5702 ad
1633 5647 1738 5702 hoc
1783 5645 2056 5722 quispiam

553 5753 600 5786 “
633 5754 736 5812 lsa.
773 5773 874 5816 ιιι.
908 5758 1028 5812 5-5.
1107 5761 1152 5792 ⁸⁸
1195 5761 1324 5816 Luc.
1363 5781 1458 5826 ιιι,
1525 5763 1636 5818 1-5.
1717 5763 1759 5794 ⁸⁸
1797 5763 1932 5820 'Ihid.
1970 5763 2021 5820 4.

2192 5763 2313 5818 ibid.
2354 5763 2404 5820 7.
2486 5762 2530 5795 ⁸⁸

483 5825 574 5894 39,
603 5827 690 5882 30.
779 5831 817 5860 “
861 5827 994 5890 Luc.
1039 5847 1111 5898 ιι,
1145 5831 1340 5890 29-32.

2177 4722 2287 4776 τῶν
2350 4721 2533 4786 λαῶν,
2618 4722 2732 4791 φῶς
2807 4723 2888 4786 είς
2969 4722 3308 4792 ἀποκάλυψιν
3367 4719 3572 4790 ἐθνρὶν·
3617 4739 3636 4772 ι
3667 4715 3746 4782 οἷς

2177 4813 2389 4886 συνᾴδει
2447 4814 2542 4866 καὶ
2599 4815 2629 4866 6
2685 4814 2970 4885 προφήτης
3045 4813 3253 4866 εἰπών’
3318 4831 3336 4862 ι
3376 4797 3484 4865 Καὶ
3557 4811 3742 4881 ᾰζιεται

2175 4909 2322 4964 πᾶσα
2395 4905 2530 4977 σὰρξ
2595 4905 2655 4959 τὸ
2721 4908 2982 4977 σωτήριον
3035 4904 3130 4958 τοῦ
3197 4903 3353 4960 Θεοῦ.
3387 4924 3405 4956 ι
3511 4904 3584 4957 Τὸ
3638 4905 3741 4975 γὰρ

2178 5019 2197 5054 ι
2249 5001 2401 5054 πᾶσα
2474 4998 2647 5070 σὰρξ,
2703 5017 2722 5050 ι
2797 4998 2918 5052 ἀντὶ
3014 4996 3232 5052 πάντων
3331 4997 3544 5068 εἴρηται
3635 4995 3740 5050 τῶν

2172 5091 2360 5146 ἐθνῶν.
2417 5091 2602 5156 Ὅπως
2673 5089 2728 5145 δὲ
2790 5089 2962 5144 ταῦτα
3034 5089 3219 5150 τέλους
3283 5087 3478 5160 ἔτυχε,
3536 5087 3739 5142 καὶτὰ

2171 5185 2296 5256 ἔθνη
2345 5183 2437 5236 τὸν
2473 5182 2707 5256 Χριστὸν
2761 5180 2977 5250 ἐπέγνω
3027 5180 3119 5234 τοῦ
3169 5179 3342 5246 Θεοῦ,
3402 5180 3630 5252 μακρῶν
3681 5180 3736 5234 οὗ

2167 5277 2247 5330 δεῖ
2291 5276 2482 5346 λόγων.
2551 5275 2660 5328 Καὶ
2721 5275 2788 5327 τὰ
2859 5273 2955 5344 μὲν
3012 5273 3150 5344 ῥητὰ
3209 5273 3392 5328 τοῦτον
3443 5271 3738 5343 ἐπληροῦτο

2165 5369 2256 5422 τὸν
2325 5367 2542 5440 τρόπον.
2631 5365 2695 5418 Τί
2734 5365 2778 5418 δ’
2805 5359 2872 5436 ἦν
2913 5364 2974 5417 τὸ
3022 5364 3192 5420 αίτιον
3237 5363 3331 5416 τοῦ
3379 5363 3454 5434 μὴ
3489 5363 3547 5416 ἐν
3581 5363 3734 5416 mils-

2168 5476 2260 5524 σι,
2349 5458 2469 5532 μηδ’
2517 5457 2604 5512 ἐπ’
2655 5457 2824 5526 αὐτῆς
2865 5454 2966 5525 τῆς
3027 5451 3378 5526 Ἰερουσαλὴμ
3405 5490 3420 5516 ,
3489 5451 3606 5504 ἀλλ’
3651 5447 3734 5504 ἐπὶ

2164 5553 2266 5623 τῆς
2339 5554 2545 5624 ἐρήμου
2625 5549 2875 5620 Ἰωάννην
2939 5545 3272 5618 παρελθόντα
3323 5543 3646 5616 κηρύττεινς
3707 5543 3732 5596 6

2169 5645 2268 5716 μέν
2317 5661 2402 5708 τις
2464 5644 2632 5714 φήσαι
2683 5641 2750 5695 ἂν
2805 5643 2886 5704 είς
2942 5639 3332 5710 ἀποπλήρωσιν
3379 5635 3478 5706 τῆς
3523 5651 3730 5706 προφηη

2595 5761 2729 5818 ibid.
2765 5759 2818 5817 8.
2899 5759 2942 5794 "
2983 5755 3115 5816 ibid.
3173 5754 3262 5812 i6.
3365 5753 3408 5786 “
3445 5751 3604 5814 Joan.
3667 5767 3720 5822 1,
