3928 6500
573 365 670 422 671

1187 374 1460 432 EUSEBII
1497 375 1981 436 CASSARIENSIS
2007 379 2158 437 OPP.
2199 379 2404 441 PARS.
2435 381 2502 440 ll.
2543 411 2612 426 --
2657 381 3160 440 APOLOGETICA.

3725 387 3826 440 672

571 501 722 550 tuam
762 501 890 548 ante
925 501 980 548 te
1001 492 1068 546 δ’.
1103 513 1124 546 ο
1157 493 1420 550 Eumdem
1459 495 1759 567 Scriptura}
1789 499 1966 554 locum
2013 500 2127 555 Mar

2253 501 2358 574 τὴρ
2399 503 2456 556 δὲ
2495 505 2763 575 μαρτυρεῖ
2807 501 2980 571 λέγων
3001 517 3015 532 ο
3070 497 3302 554 «Ἶίλθεν
3332 504 3361 554 ὁ
3415 503 3667 574 Ἰωάννης
3697 507 3824 576 πρὸς

573 600 673 638 cus
726 599 942 656 quoque
975 587 1310 657 evangelista
1359 589 1567 644 citavit.
1611 589 1758 656 Quin
1809 592 1974 646 etiam
2031 579 2148 663 ipse

487 693 498 708 θ
576 675 832 730 Salvator
886 676 1012 730 huic
1063 679 1140 732 rei
1191 681 1566 734 testimonium
1605 683 1866 744 exhibet,
1917 685 2146 742 dicens:

578 787 597 820 ι
632 767 793 822 Venit
839 766 1082 824 Joannes
1138 771 1206 824 ad
1255 789 1376 836 vos,
1423 789 1598 844 neque
1641 777 1932 836 comedens
1973 796 2150 849 neque

572 861 784 926 bibens,
830 869 886 914 el:
917 862 1124 928 dicitis,
1167 863 1496 920 daemonium
1549 868 1712 923 habet
1735 869 1799 924 “.
1841 891 1858 922 ι
1899 871 2150 929 incredu-

571 949 652 1004 los
695 950 838 1006 enim
884 959 938 1004 et
967 953 1230 1010 adversus
1275 957 1560 1012 veritatem
1596 959 1842 1016 diﬂieiles
1885 973 1937 1016 et
1969 965 2149 1034 pervi-

567 1058 746 1106 caces,
781 1044 1042 1100 credibile
1083 1055 1168 1102 est
1201 1057 1424 1118 propter
1453 1050 1586 1104 illud
1611 1068 1722 1122 quo
1747 1051 1988 1111 Joannes
2027 1063 2148 1112 ute-

565 1135 728 1190 batur
759 1137 882 1191 vitae
931 1154 1138 1208 genus,
1175 1142 1304 1194 talia
1353 1142 1408 1196 in
1449 1144 1601 1198 illum
1639 1147 1840 1216 probra
1869 1148 2146 1217 iactasse,

567 1228 712 1284 sicut
769 1233 1082 1286 econtrario
1131 1235 1228 1303 qui
1281 1234 1502 1292 virtutis
1537 1238 1684 1296 illius
1736 1256 1901 1298 sensu
1949 1243 2148 1300 allicie-

569 1322 792 1384 banlur,
839 1326 1092 1394 angelum
1131 1326 1499 1384 existimasse.
1533 1329 1660 1384 Haec
1693 1331 1863 1401 igitur
1904 1335 2146 1390 arbitror

567 1415 746 1484 ipsum
773 1415 1038 1472 Joannem
1073 1419 1412 1475 intuentibus
1449 1421 1890 1492 admirationem,
1929 1443 1992 1482 ac
2028 1439 2145 1484 stu-

565 1523 752 1578 porem
777 1523 906 1579 erga
935 1510 1212 1566 hominem
1239 1513 1490 1569 attulisse
1527 1534 1540 1568 :
1569 1525 1906 1587 quapropter
1921 1521 1989 1574 ad
2023 1537 2142 1578 eam

565 1604 762 1654 anima:
787 1601 1187 1670 purgationem,
1217 1618 1339 1672 quae
1367 1603 1437 1658 ab
1465 1604 1558 1658 illo
1577 1605 2024 1675 denuntiabatur,
2047 1627 2145 1668 un-

565 1691 733 1760 dique
759 1694 1182 1750 concurrebant.
1211 1695 1370 1766 431
1407 1695 1652 1754 Meminit
1679 1709 1860 1757 autem
1887 1703 2140 1774 hujusce,

567 1799 692 1854 quae
728 1785 795 1840 de
822 1786 914 1840 illo
943 1786 1138 1850 fertur,
1167 1787 1430 1855 historiae,
1453 1790 1617 1868 etiam
1647 1790 1920 1864 Josepbus
1962 1797 2014 1851 in
2045 1798 2141 1854 de-

2257 595 2400 665 ὑμᾶς
2435 595 2582 666 μήτε¹
2607 593 2803 647 ἐσθίων
2829 634 2842 659 ,
2897 597 3032 665 μήτε
3081 592 3248 646 πίνων
3273 633 3288 656 ,
3325 593 3420 646 κιύ⁵
3447 593 3634 662 λέγετε
3657 611 3671 624 ⁸
3709 599 3824 648 Δαι-

2255 689 2436 761 μόνιον
2489 689 2621 760 ἔχει.
2660 709 2678 742 ι
2702 685 2840 753 Τοὺς
2894 687 3003 758 γὰρ
3036 685 3396 750 ἀπιστοῦντας
3435 689 3528 740 καὶ
3593 686 3728 757 πρὸς
3759 687 3820 740 τὰ

2249 779 2422 850 ἀληθῆ
2457 780 2735 852 δυσχερεῖς
2791 779 2882 832 καὶ
2929 777 3272 842 δυσενδότους
3325 777 3470 844 εἰκὸς
3511 775 3581 851 ἦν
3611 779 3702 833 διὰ
3739 781 3819 834 τὸν

2249 871 2536 943 εἰρημένον
2590 871 2684 924 τοῦ
2745 871 2992 925 Ἰωάννου
3047 871 3158 942 βίον
3197 869 3418 926 τοιαῦτα
3470 872 3634 926 αὐτὸν
3675 873 3818 943 βλασ-

2249 966 2453 1036 φημεῖν
2473 1003 2488 1028 ,
2548 963 2624 1030 ὡς
2679 963 2913 1035 ἔμπαλιν
2943 964 3069 1026 τοὺς
3105 963 3540 1036 συνῃσθημένους
3573 965 3675 1034 τῆς
3707 968 3814 1017 κατ’

2248 1058 2408 1112 αὑτὸν
2463 1057 2666 1128 ἀρετῆς
2719 1056 2950 1126 ἄγγελον
2999 1055 3422 1128 ὑπολαμϐάνειν.
3484 1057 3670 1110 Ταῦτα
3699 1057 3814 1124 γοῦν

2247 1149 2484 1220 ἡγοῦμαι
2555 1151 2669 1213 τοῖς
2739 1149 2832 1204 τὸν
2918 1147 3171 1220 Ἰωάννην
3229 1149 3396 1222 ὁρῶσι
3458 1150 3642 1222 θαῦμα
3701 1157 3812 1222 mp':

2244 1242 2408 1296 αὐτοῦ
2455 1243 2758 1314 παρασχεῖν
2781 1259 2796 1273 ·
2869 1241 2948 1295 διὸ
3003 1243 3096 1295 καὶ
3149 1242 3469 1314 συνέτρεχον
3491 1243 3812 1314 πανταχόθεν

2246 1335 2339 1388 ἐπὶ
2391 1335 2490 1405 τὴν
2547 1334 2612 1386 δι’
2669 1331 2834 1387 αὑτοῦ
2869 1333 3274 1405 κηρυττομένην
3329 1334 3428 1404 τῆς
3477 1333 3660 1404 ψυχῆς
3721 1336 3809 1390 xti-

2245 1427 2456 1500 θαρσιν.
2542 1427 2832 1498 Μέμνηται
2890 1426 2948 1478 δὲ
3003 1425 3102 1496 τῆς
3183 1425 3304 1480 κατ’
3363 1425 3524 1479 αὑτὸν
3584 1426 3810 1500 ίστορῖας

2257 1519 2516 1591 Ἰώσηπος
2549 1523 2606 1574 ἐν
2652 1517 3105 1588 ὀκτωκαιδεκάτῳ
3151 1517 3251 1588 τῆς
3316 1513 3648 1586 Ἰουδαϊκῆς
3693 1519 3806 1586 Ἀρ-

2245 1613 2624 1682 χαιολοτίας,
2685 1607 2872 1663 τοῦτον
2923 1609 3149 1681 γράφων
3201 1609 3294 1662 τὸν
3341 1609 3580 1682 τρόπον’
3644 1630 3662 1662 ι
3697 1611 3806 1663 Τισὶ

2241 1703 2296 1756 δέ
2350 1703 2460 1756 τῶν
2523 1701 2792 1756 Ἰουδαίων
2849 1701 3021 1754 ἐδόκει
3081 1699 3338 1755 ὀλωλέναι
3397 1701 3488 1755 τὸν
3553 1701 3804 1756 Ἰουδαίων

2243 1797 2472 1867 στρατὸν
2526 1795 2630 1849 ὑπὸ
2682 1794 2775 1848 τοῦ
2826 1793 2960 1848 Θεοῦ
2985 1835 2999 1858 ,
3051 1794 3144 1846 καὶ
3195 1793 3338 1864 μάλα
3379 1793 3602 1857 δικαίως
3644 1809 3804 1847 τιννυ-

567 1877 711 1930 cimo
763 1889 960 1932 octavo
1003 1876 1252 1934 Iudaica:
1295 1880 1648 1951 Antiquitatis
1680 1885 1848 1950 libro,
1901 1887 1956 1942 in
1991 1889 2127 1946 hunc

2245 1889 2405 1959 μένου
2487 1888 2626 1941 κατὰ
2694 1885 2883 1957 ποινὴν
2969 1884 3214 1938 Ἰωάννου
3287 1881 3381 1937 τοῦ
3481 1885 3800 1956 καλουμένου

563 1965 784 2022 modum
809 1970 1060 2025 scribens
1089 1990 1102 2026 :
1134 1991 1152 2022 ι
1187 1971 1443 2028 Nonnulli
1485 1982 1666 2030 autem
1699 1974 2011 2035 Iudaeorum
2041 1998 2140 2052 pu-

563 2058 752 2114 tabant
801 2060 924 2115 ideo
965 2063 1196 2131 periisse
1249 2061 1559 2121 Judazorum
1617 2072 1940 2138 exercitum,
1991 2076 2136 2144 quod

561 2143 706 2202 Deus
735 2147 1040 2216 iustissime
1085 2152 1274 2208 ulcisci
1320 2156 1556 2211 voluerit
1599 2161 1928 2229 supplicium
1971 2143 2140 2220 Joan-

560 2237 668 2299 nis,
705 2239 796 2308 qui
833 2238 1074 2309 Baptista
1117 2246 1420 2301 vocabatur
1448 2267 1462 2302 :
1491 2247 1634 2304 hunc
1665 2251 1810 2306 enim
1862 2256 2138 2312 occiderat

561 2327 805 2388 Herodes
849 2335 1026 2388 virum
1061 2335 1286 2403 bonum,
1313 2347 1366 2394 et
1393 2337 1613 2398 Judaros
1657 2342 2040 2404 adhortantem
2075 2357 2136 2406 ut

555 2424 947 2478 exercitatione
972 2425 1215 2488 virtutis,
1263 2437 1565 2499 mutuaque
1603 2431 1748 2488 inter
1801 2435 2014 2506 seipsos
2043 2438 2128 2507 ju-

2245 1980 2568 2036 Βαπτιστοῦ.
2628 1979 2842 2034 Κτείνει
2895 1978 3003 2048 γὰρ
3053 1975 3238 2031 τοῦτον
3311 1977 3552 2051 Ἡρώδης
3617 1979 3799 2044 ἀγαθὸν

2243 2074 2444 2146 ἄνδρα,
2537 2071 2632 2126 καὶ
2702 2071 2815 2132 τοῖς
2884 2067 3160 2130 Ἰουδαίοις
3243 2067 3530 2121 κελεύοντα
3615 2069 3799 2140 ἀρετὴν

2241 2164 2574 2228 ἐπασκοῦσι,
2635 2163 2730 2216 καὶ
2777 2164 2840 2234 τῇ
2881 2161 3016 2232 πρὸς
3041 2159 3298 2232 ἀλλήλους
3325 2159 3666 2234 δικαιοσύνῃ,
3715 2163 3798 2216 καὶ

2241 2259 2379 2329 πρὸς
2431 2255 2563 2310 Θεὸν
2613 2253 2868 2325 εὐσεϐείᾳ
2920 2253 3221 2324 χρωμένοις
3276 2249 3566 2324 βαπτισμῷ
3633 2255 3794 2305 συνιέ-

2239 2365 2368 2404 ναι·
2426 2347 2567 2400 οὕτω
2613 2344 2724 2418 γὰρ
2784 2343 2848 2416 δὴ
2905 2345 3001 2398 καὶ
3061 2341 3159 2414 τὴν
3213 2343 3462 2414 βάπτισιν
3514 2343 3794 2415 ἀποδεκτὴν

2239 2441 2387 2514 αὐτῷ
2441 2437 2743 2511 φαίνεσθαι.
2759 2457 2777 2488 ι

554 2513 708 2566 stitia
751 2525 914 2585 atque
965 2531 1092 2588 erga
1157 2517 1326 2575 Deum
1387 2522 1588 2593 pietate
1631 2532 1869 2596 utentes,
1919 2531 1988 2586 ad
2035 2533 2372 2609 baptismum
2409 2531 2880 2589 accederentzsie
2921 2545 3157 2602 namque
3194 2529 3526 2586 ablutionem
3595 2545 3792 2600 quoque

557 2596 668 2674 ipsi
699 2605 872 2660 videri
904 2616 1205 2677 acceptam.
1239 2628 1258 2660 ι

553 2713 982 2798 Αὐλεοίιςηιη-
1015 2717 1150 2798 Item
1171 2719 1244 2798 _de
1279 2722 1586 2798 solitudine,
1619 2726 1832 2798 ipsoque
1881 2736 2128 2792 nomina-

627 2787 723 2908 (in;
766 2786 1004 2908 .tlordane
1054 2789 1238 2858 ﬂuvio,
1288 2793 1427 2860 apud
1475 2786 1900 2864 quem'loonnes
1929 2786 2130 2877 ίιάρἆ-

627 2873 690 2908 za
731 2873 760 2908 a
793 2897 807 2908 .

625 2873 807 2910 ταοαι.

627 2987 647 3020 ι
681 2969 908 3034 Laetare,
939 2973 1176 3028 solitudo
1207 2974 1402 3031 sitiens
1427 2995 1440 3031 :
1465 2979 1704 3035 exsultet
1735 2981 2038 3052 desertum,
2075 2997 2130 3046 et

551 3059 744 3116 ﬂoreat
780 3072 839 3116 ut
871 3063 1066 3130 lilium,
1103 3073 1158 3122 et
1194 3067 1516 3124 emorebunt
1553 3078 1610 3126 et
1651 3075 2004 3133 exsultabunt
2033 3081 2131 3138 de-

2245 2739 2390 2796 ⁹Απὸ
2437 2737 2563 2808 tofi,
2590 2735 2811 2808 αὑτοῦ.
2837 2765 2910 2798 ς·-
2940 2736 3237 2808 -Ἔτιιπερὶ
3271 2735 3382 2808 τῆς
3413 2735 3652 2808 ἐρήμου,
3699 2737 3788 2792 καὶ

2303 2808 2490 2863 αὑτοῦ
2507 2807 2614 2878 *δὴ
2667 2806 2962 2878 όνζομαστὶλ
3006 2803 3112 2878 τοῦ
3160 2803 3477 2878 ΔἸορδάνου
3517 2803 3786 2878 ποταμοῦ,

2304 2879 2439 2947 παρ’
2494 2871 2543 2945 ᾧ
2601 2871 2890 2945 ’Ἰωάνίνης
2939 2871 3260 2940 ἐβάπτιζενξ

2311 2991 2718 3065 «Εὐφράνθητι,
2775 2989 2980 3063 ἔρημος
3026 2989 3261 3060 διψῶσα·
3319 2989 3659 3060 ἀγαλλιάσθω
3687 2989 3786 3062 ἕρη-

2238 3103 2374 3156 μος,
2437 3084 2533 3139 καὶ
2591 3082 2816 3137 ἀνθείτω
2877 3084 2953 3146 ὡς
3021 3081 3239 3153 κρίνον,
3329 3083 3422 3136 καὶ
3481 3081 3781 3154 ἐξανθήσει.

549 3160 694 3208 serta
719 3152 998 3219 Jordanis,
1033 3167 1086 3212 et
1112 3158 1286 3228 gloria
1318 3159 1511 3216 Libani
1555 3161 1685 3218 data
1719 3175 1802 3221 est
1831 3169 1903 3236 ei,
1943 3179 1998 3227 et
2029 3173 2127 3228 ho-

2234 3152 2323 3232 καὶ
2377 3177 2761 3248 ἀγαλλιάσεται
2820 3176 2888 3230 τὰ
2944 3152 3124 3246 ἔρημα
3183 3175 3275 3229 τοῦ
3342 3152 3672 3246 Ἰορδάνου(
3707 3175 3783 3228 καὶ

547 3259 652 3298 nor
677 3243 938 3310 Carmeli,
969 3260 1024 3303 et
1063 3252 1300 3320 pepulus
1333 3269 1488 3310 meus
1518 3255 1722 3312 videbit
1763 3261 1992 3330 gloriam
2021 3264 2128 3320 Do-

547 3337 681 3390 mini
705 3337 770 3393 “.
797 3358 816 3390 ι
855 3338 1071 3406 Quibus
1129 3344 1376 3415 adjungit
1403 3365 1416 3400 :
1455 3365 1473 3398 ι
1501 3347 1902 3420 Convalescite,
1931 3372 2128 3414 manus

547 3429 815 3495 remissae,
863 3442 918 3486 et
960 3449 1136 3503 genua
1192 3437 1414 3492 soluta:
1449 3443 1812 3499 consolamini
1847 3449 2129 3516 pusillanio

547 3535 666 3575 mes
719 3525 996 3580 intellectu
1042 3544 1058 3583 :
1111 3529 1556 3596 conﬁrmamini,
1613 3551 1684 3591 ne
1727 3538 1931 3595 timete.
1989 3541 2126 3599 Ecce

543 3609 688 3668 Deus
721 3625 911 3672 noster
935 3618 1206 3687 judicium
1240 3623 1443 3689 reddit,
1476 3634 1530 3680 et
1563 3627 1772 3683 reddet.
1800 3628 1917 3702 Ipse
1947 3637 2126 3692 veniet

542 3715 596 3760 et
619 3707 852 3761 salvabit
881 3727 1003 3766 nos.
1040 3711 1196 3769 Tune
1228 3718 1546 3784 aperientur
1569 3723 1712 3776 oculi
1742 3737 2035 3792 czecorum,
2070 3737 2126 3783 et

543 3813 704 3854 aures
750 3803 1042 3857 surdorum
1079 3806 1320 3862 audient.
1369 3809 1522 3866 Tunc
1567 3815 1744 3878 saliet,
1797 3825 1856 3872 ut
1903 3835 2121 3886 cervus,

541 3893 794 3958 claudus,
825 3905 877 3949 et
927 3897 1086 3966 plana
1123 3901 1230 3952 erit
1273 3901 1454 3971 lingua
1511 3913 1812 3962 mutorum.
1843 3909 2118 3976 Quoniam

541 3986 722 4054 erupit
768 3987 822 4041 in
875 3988 1094 4044 deserto
1137 4005 1302 4059 aqua,
1353 4002 1408 4048 et
1447 3997 1692 4052 scissura
1741 3999 2018 4058 imtndans
2065 4003 2122 4059 in

541 4083 686 4132 terra
733 4079 940 4134 itienti
976 4081 1042 4134 ‘5.
1075 4101 1094 4132 ι
1151 4081 1280 4138 Haec
1335 4095 1516 4142 autem
1579 4089 1882 4148 Salvatoris
1945 4097 2120 4152 nostri

539 4168 700 4237 plane
745 4171 1164 4230 admirabilibus
1215 4177 1384 4244 gestis
1445 4182 1716 4251 completa
1779 4193 1944 4250 sunt,
1999 4198 2122 4258 post

535 4259 765 4318 Joannis
805 4265 1271 4334 praedicationem.
1309 4270 1694 4343 Contemplare
1724 4276 1910 4347 igitur,
1937 4295 2122 4350 quem-

538 4353 830 4410 admodum
869 4359 1222 4416 solitudinem
1269 4365 1584 4434 evangelice
1631 4369 1893 4436 instruit,
1943 4386 2120 4441 neque

2231 3273 2264 3344 ἡ
2313 3271 2440 3338 δόξα
2495 3269 2590 3324 τοῦ
2637 3268 2869 3324 Λιϐάνου
2921 3267 3074 3339 ἐδόθη
3123 3270 3260 3340 αὐτῇ
3287 3307 3301 3332 ,
3357 3269 3450 3322 καὶ
3481 3270 3513 3340 ή
3550 3267 3678 3340 τιμὴ
3707 3267 3780 3319 τοῦ

2231 3364 2529 3438 Καρμήλου
2555 3403 2568 3428 ,
2645 3363 2736 3418 καὶ
2815 3367 2844 3418 ὁ
2897 3363 3023 3427 λαός
3100 3380 3200 3434 μου
3257 3361 3446 3432 ὄψεται
3501 3361 3600 3433 τὴν
3648 3361 3780 3425 δόξαν

2228 3455 2432 3526 Κυρίου
2455 3471 2469 3485 ·
2501 3473 2520 3506 ι
2577 3447 2656 3518 οἷς
2708 3452 2986 3522 ἐπιλέγει·
3051 3472 3069 3504 ι
3093 3453 3365 3524 ’ἰσχύσατε
3389 3493 3404 3516 ,
3465 3455 3644 3524 χεῖρες
3669 3455 3782 3505 ἀνει-

2231 3549 2386 3618 μέναι
2409 3588 2424 3612 ,
2475 3547 2569 3600 καὶ
2606 3549 2808 3614 γόνατα
2851 3544 3268 3618 παραλελυμένα
3293 3561 3306 3575 ·
3361 3545 3776 3616 παρακαλέσατε,

2225 3642 2274 3693 οἱ
2311 3639 2614 3710 ὀλιγόψυχοι
2665 3642 2732 3711 τῇ
2760 3637 3002 3711 διανοίᾳ,
3059 3638 3347 3710 ἰσχύσατε,
3405 3637 3480 3708 μὴ
3531 3635 3776 3708 φοϐεῖσθε.

2240 3731 2367 3785 Ἰδοὺ
2413 3735 2442 3785 ὁ
2497 3731 2628 3796 Θεὸς
2668 3731 2825 3803 ἡμῶν
2867 3731 3046 3804 κρίσιν
3099 3729 3508 3792 ἀνταποδίδωσι,
3545 3731 3635 3782 καὶ
3665 3731 3776 3782 άντ-

2224 3824 2514 3879 αποδὼσει.
2597 3825 2769 3888 Αὐτὸς
2826 3823 2982 3895 ἥξει,
3047 3825 3141 3878 καὶ
3201 3821 3363 3876 σώσει
3424 3824 3588 3894 ἡμᾶς.
3665 3823 3774 3874 Τότε

2223 3917 2635 3987 ἁνοιχθὴσονται
2705 3917 2974 3989 ὀφθαλμοὶ
3028 3915 3286 3988 τυφλῶν,
3339 3915 3433 3967 καὶ
3517 3909 3632 3966 ὦτα
3679 3931 3770 3965 κω-

2223 4007 2338 4078 φῶν
2393 4008 2752 4064 ἀκούσονται·
2805 4010 2924 4063 τότε
2977 4008 3185 4062 άλεῖται
3239 4007 3314 4071 ὼς
3371 4007 3567 4077 ἔλαφος
3617 4009 3645 4060 ὁ
3690 4024 3772 4076 χω-

2221 4101 2312 4166 λδς
2335 4141 2348 4164 .
2409 4101 2502 4154 καὶ
2542 4101 2712 4174 τρανὴ
2761 4101 2914 4155 ἐσται
2968 4101 3185 4170 γλῶσσα
3221 4099 3522 4170 μογιλάλων
3545 4116 3560 4128 ·
3599 4099 3673 4152 ὅτι
3700 4098 3769 4166 ἔρ-

2225 4194 2367 4268 ράγη
2427 4196 2486 4248 ἐν
2539 4198 2606 4266 τῇ
2665 4196 2855 4266 ἐρήμῳ
2917 4193 3100 4265 ὕδωρ,
3179 4193 3270 4246 καὶ
3343 4189 3558 4262 φάραγξ
3609 4193 3662 4243 ἐν
3708 4189 3766 4258 γῇ

2219 4284 2481 4359 διψώσῃ.»
2545 4287 2656 4338 Καὶ
2699 4285 2872 4339 ταῦτα
2923 4285 3010 4338 διὰ
3059 4283 3165 4337 τῶν
3211 4282 3306 4336 τοῦ
3343 4285 3590 4354 Σωτῆρος
3633 4279 3766 4351 ἡμῶν

2221 4376 2514 4448 προφανῶς
2575 4377 2895 4447 παραδόξων
2955 4375 3130 4448 ἔργων
3189 4373 3488 4446 ἐπληροῦτο
3543 4371 3672 4444 μετὰ
3717 4369 3768 4421 τὸ

537 4447 594 4502 id
617 4450 945 4521 simpliciter
965 4459 1060 4506 aut
1085 4456 1340 4524 quamvis
1363 4457 1736 4526 solitudinem,
1771 4461 1865 4516 sed
1895 4461 2116 4518 deﬁnite

537 4539 684 4563 ηιμ,
723 4551 771 4563 ,,
807 4543 954 4563 ___.___
1049 4559 1154 4563 _-___
1467 4549 1479 4563 .
1517 4549 1536 4563 π
1626 4551 1638 4563 .
1846 4551 1873 4563 -
1954 4553 1964 4563 -

2234 4447 2477 4523 Ἰωάννου
2551 4469 2828 4540 κήρυγμα.
2928 4467 3068 4538 Ὅρα
3097 4464 3379 4534 τοιγαροῦν
3405 4504 3420 4528 ,
3493 4465 3634 4526 ὅπως
3687 4462 3766 4531 τὴν

536 4539 686 4594 illam
718 4551 774 4596 et
805 4543 1000 4610 solam,
1040 4559 1162 4614 qua:
1203 4553 1287 4602 est
1337 4549 1482 4618 apud
1509 4549 1802 4606 Jordanem
1841 4551 2063 4608 ﬂuvium
2095 4573 2107 4610 :

533 4631 980 4703 quandoquidem
1019 4636 1178 4704 juxta
1213 4637 1356 4692 hanc
1386 4657 1614 4696 versans
1653 4640 1896 4700 Joannes
1937 4645 2114 4716 bapti-

533 4723 716 4786 zabat,
751 4731 810 4777 ut
847 4723 1130 4795 Scriptura
1160 4729 1277 4799 ipsa
1309 4729 1466 4784 [idem
1499 4731 1648 4796 facit,
1681 4733 1872 4791 dicens
1899 4754 1911 4790 :
1937 4753 1956 4786 ι
1985 4735 2114 4792 Erat

529 4809 774 4869 Joannes
803 4815 856 4868 in
887 4817 1186 4873 solitudine
1221 4819 1531 4889 baptizans,
1565 4829 1619 4876 et
1641 4822 1824 4877 exibat
1862 4825 1928 4880 ad
1957 4825 2110 4881 illum

530 4907 710 4962 munis
755 4905 940 4962 Judtea
999 4911 1188 4982 regio,
1243 4920 1298 4967 et
1355 4911 1855 4985 Hierosolymorum
1919 4918 2112 4973 incolae

529 5011 744 5062 enines,
766 5007 820 5055 et
845 5001 1268 5072 baptizabantur
1283 5007 1351 5061 ab
1375 5006 1468 5062 illo
1489 5007 1542 5062 in
1559 5005 1796 5064 Iordane
1819 5011 1886 5066 “.
1915 5031 1933 5064 δ
1957 5011 2109 5066 Hanc

533 5089 696 5160 igitur
733 5094 1086 5150 solitudinem
1116 5097 1236 5166 ejus
1268 5113 1390 5168 qua:
1423 5101 1698 5168 quondam
1741 5102 1810 5158 ab
1853 5105 2108 5162 omnibus

529 5179 690 5236 bonis
729 5184 949 5240 deserta
988 5197 1142 5252 erat,
1186 5188 1312 5244 dico
1351 5201 1534 5247 autem
1563 5192 1726 5266 432
1751 5195 1995 5252 collecta:
2043 5197 2112 5254 de

528 5275 782 5342 gentibus
809 5277 1086 5342 Ecclesiae,
1121 5281 1339 5352 signum
1377 5294 1594 5355 gestare
1631 5288 1892 5356 arbitror,
1927 5290 2108 5361 ipsum

529 5380 658 5419 vero
687 5366 910 5425 (luvium
963 5373 1018 5427 in
1059 5374 1376 5442 solitudine,
1412 5388 1736 5450 purgantem
1772 5397 1966 5439 omnes
2011 5383 2106 5454 qui

528 5457 582 5512 in
619 5459 738 5528 ipso
787 5463 1162 5532 abluerentur,
1225 5471 1564 5540 purgationis
1614 5473 1940 5543 cujusdam,
1988 5490 2112 5546 qua:

529 5553 830 5610 secundum
883 5561 1214 5615 sententiam
1264 5561 1624 5635 intelligatur,
1673 5567 1964 5638 imaginem
2014 5583 2109 5640 ge-

528 5655 834 5718 rere,,,_qua
885 5649 953 5706 de
1010 5667 1070 5707 re
1113 5653 1412 5726 loquuntur
1467 5653 1764 5729 Scriptum
1801 5659 2049 5716 dicentes
2086 5678 2100 5716 :

599 5819 645 5852 δ’
683 5819 909 5878 Maaclt.
947 5839 1040 5894 ιιι,
1080 5827 1128 5883 l.

2220 4559 2423 4633 ἔρημον
2473 4559 2920 4630 εὐαγγελίζεται,
2983 4559 3081 4628 οὐχ
3129 4555 3313 4620 ἁπλῶς
3341 4595 3355 4618 ,
3407 4556 3526 4609 οὐδὲ
3567 4554 3660 4628 τὴν
3688 4571 3766 4606 τδ-

2212 4651 2439 4722 χοῦσαν,
2491 4650 2604 4704 ἀλλ’
2681 4650 2896 4721 ἐκείνην
2957 4649 3390 4720 ἀφωρισμένως,
3467 4649 3559 4702 καὶ
3621 4649 3766 4719 μόνην

2209 4745 2310 4814 τὴν
2361 4742 2512 4816 παρὰ
2563 4743 2641 4814 τῷ
2705 4743 2943 4814 Ἰορδάνῃ
2989 4740 3249 4812 ποταμῷ·
3306 4740 3602 4813 ἐπειδήπερ
3635 4738 3766 4810 παρὰ

2219 4835 2392 4909 ταύτῃ
2465 4833 2753 4906 διατρίϐων
2813 4835 2841 4886 ὁ
2907 4833 3158 4903 Ἰωάννης
3215 4831 3544 4898 ἐϐάπτιζεν,
3617 4833 3688 4895 ὡς
3737 4833 3762 4900 ἠ

2219 4929 2408 5000 Γραφὴ
2445 4931 2728 5000 μαρτυρεῖ,
2779 4926 3010 4997 λέγουσα
3037 4943 3052 4958 ο
3115 4945 3133 4978 ι
3157 4927 3400 4994 Ἐγένετο
3444 4925 3680 4997 Ἰωάννης
3716 4923 3760 4974 ἐν

2219 5023 2283 5092 τῇ
2347 5022 2536 5093 ἐρήμῳ
2571 5017 2844 5092 βαπτίζων
2869 5059 2884 5084 ,
2942 5019 3034 5074 καὶ
3065 5017 3414 5089 ἐξεπορεύετο
3461 5017 3591 5088 πρὸς
3619 5013 3758 5069 αὑτὸν

2218 5115 2367 5167 πᾶσα
2418 5115 2450 5184 ἡ
2497 5113 2723 5166 Ἰουδαία
2771 5111 2922 5183 χώρα
2948 5153 2964 5176 ,
2999 5111 3091 5164 καὶ
3119 5111 3169 5164 oi
3215 5109 3626 5182 Ἱεροσολυμῖται
3651 5105 3756 5158 πάν-

2211 5221 2300 5267 τες
2323 5244 2338 5268 ,
2390 5205 2483 5258 καὶ
2515 5204 2868 5269 ἐϐαπτίζοντο
2917 5205 3006 5256 ὑπ’
3042 5201 3206 5256 αὑτοῦ
3239 5205 3298 5256 ἐν
3335 5201 3412 5273 τῷ
3477 5199 3707 5272 Ἰορδάνῃ.
3731 5213 3747 5240 θ

2211 5297 2322 5368 Τὴν
2375 5298 2473 5368 μὲν
2522 5293 2615 5351 οὖν
2645 5297 2849 5368 ἔρημον
2873 5335 2889 5362 ,
2938 5295 3040 5366 τῆς
3069 5295 3238 5348 πάλαι
3269 5293 3484 5348 πάντων
3508 5293 3610 5348 τῶν
3637 5285 3754 5344 κατὰ

2210 5389 2341 5446 Θεὸν
2398 5389 2616 5461 ἀγαθῶν
2669 5390 2874 5460 ἐρήμου
2902 5430 2918 5456 ,
2976 5387 3120 5457 λέγω
3149 5385 3211 5459 δὴ
3240 5388 3338 5460 τῆς
3368 5387 3427 5455 ἐξ
3453 5385 3614 5440 ἐθνῶν
3653 5381 3754 5435 Ἐκ·

2214 5479 2486 5552 κλησίας,
2571 5479 2833 5551 σύμϐολον
2899 5477 3178 5550 περιέχειν
3231 5477 3469 5550 ἡγοῦμαι
3499 5517 3514 5544 ,
3569 5473 3649 5529 τὸν
3702 5467 3750 5522 δὲ

2211 5573 2454 5644 ποταμὸν
2497 5572 2589 5626 τὸν
2640 5573 2732 5626 ἐπὶ
2758 5571 2860 5643 τῆς
2889 5573 3097 5645 ἐρήμου
3124 5611 3139 5638 ,
3195 5571 3524 5646 καθαίροντα
3577 5571 3752 5630 πάντας

2203 5664 2332 5728 τοὺς
2375 5661 2797 5734 ἀπολουομένους
2821 5666 2880 5718 ἐν
2907 5662 3055 5736 αὺτῷ
3076 5703 3091 5728 ,
3143 5661 3440 5736 καθαρσίου
3465 5663 3602 5728 τινὸς
3629 5653 3746 5715 εἶναι

1209 5827 1252 5861 ⁸³
1294 5829 1481 5885 Matth.
1519 5848 1602 5900 xx,
1639 5833 1726 5891 {8.
1803 5835 1848 5866 ⁵³
1887 5833 1990 5892 lsa.
2029 5853 2127 5894 xu

2241 5838 2378 5903 με.
2455 5837 2801 5897 "ibid.3-6.
2881 5839 3306 5912 "Marc.t,5.
