3928 6564
105 471 205 525 673
1047 469 1707 530 DEMONSTRAT‘IONIS
1744 471 2206 530 EVANGELJCE
2247 471 2376 532 LIB.
2414 472 2514 536 IX.
3317 469 3424 528 ϐτί

105 585 244 639 κατὰ
278 583 563 640 διάνοιαν
597 585 972 659 θεωρουμένου
1012 587 1197 642 είκόνα
1222 627 1239 655 ,
1291 591 1424 662 περὶ
1467 584 1528 646 οῦ
1558 590 1709 645 διαλα

1847 611 1865 643 ι
1895 589 2166 647 Fluminis
2210 591 2449 662 impetus
2483 587 2724 644 laetiﬁcat
2763 588 3038 645 civitatem
3064 586 3156 645 Dei
3181 588 3252 648 ⁵⁷.
3282 610 3302 644 ι
3335 589 3414 647 Si-

104 677 287 733 λοῦσιν
334 679 403 732 αἱ
436 679 668 752 Γραφαὶ
715 679 1010 750 λέγουσαιο
1072 682 1210 736 «Τοῦ
1264 683 1510 756 ποταμοῦ
1544 683 1613 738 τὰ
1641 687 1709 758 ὀρ

1833 683 2058 754 gniﬁcat
2100 698 2266 753 porro
2323 683 2433 739 hoc
2478 689 2798 756 perpetuam
2845 680 3201 737 inﬂexionem
3247 682 3419 740 divini

105 774 345 843 μήματα
379 773 757 845 εὐφραίνουσι
795 771 894 844 τὴν
935 773 1088 827 πόλιν
1129 773 1223 828 τοῦ
1256 775 1446 830 Θεοῦ.»
1523 777 1709 848 Σημαίι

1833 775 2095 845 Spiritus,
2117 773 2211 846 qui
2251 774 2488 845 desuper
2521 773 2770 837 inundat.
2804 781 2859 828 et
2898 771 2992 828 Dei
3027 774 3302 829 civitatem
3341 775 3420 830 ir—

100 882 177 918 νει
229 863 293 916 δὲ
341 863 532 919 τοῦτο
578 865 677 937 τὴν
711 863 906 918 ἀέναον
947 865 1209 939 ὲπιρῤοὴν
1253 867 1347 920 τοῦ
1384 868 1529 922 θείου
1560 869 1709 922 Πνεύ

1829 867 1991 937 rigat,
2045 868 2127 922 sic
2169 874 2349 922 autem
2383 874 2614 922 vocatur
2645 865 2772 920 vitae
2814 881 3010 937 genus,
3064 867 3187 934 ejus
3231 881 3354 938 quae
3385 884 3416 922 a

105 975 274 1028 ματος
295 997 313 1021 ,
369 958 602 1012 ἄνωθεν
631 957 969 1029 πηγάξοντος
992 1000 1006 1024 ,
1040 959 1135 1012 καὶ
1165 958 1261 1030 τὴν
1289 959 1383 1013 τοῦ
1413 960 1547 1013 Θεοῦ
1575 961 1709 1014 πόλιε

1830 958 1942 1015 Deo
1974 959 2250 1030 dirigitur.
2286 958 2387 1014 l-lic
2415 959 2582 1028 igitur
2605 958 2702 1014 Dei
2732 957 2932 1012 ﬂuvius
2963 974 3138 1028 usque
3185 960 3251 1014 ad
3284 962 3418 1016 soli-

101 1051 368 1122 ᾶρδοντος
398 1091 418 1112 ,
494 1049 638 1104 οὕτω
699 1049 1038 1122 καλουμένης
1095 1051 1195 1121 τῆς
1225 1050 1368 1104 κατὰ
1411 1052 1543 1107 Θεὸν
1579 1051 1709 1104 πολι

1827 1051 2073 1106 tudinem
2123 1052 2377 1117 devenit,
2430 1053 2715 1108 collectam
2764 1051 3021 1107 videlicet
3050 1052 3118 1108 de
3163 1054 3418 1122 gentibus

102 1143 268 1206 τείας.
357 1134 554 1207 Οὗτος
594 1142 658 1214 δὴ
703 1139 796 1197 οὖν
829 1143 1071 1213 ποταμὸς
1098 1142 1190 1196 τοῦ
1240 1141 1375 1196 Θεοῦ
1417 1144 1512 1198 καὶ
1564 1144 1704 1216 μέχρ

1829 1143 2131 1199 Ecelesiam
2153 1164 2165 1199 :
2184 1151 2238 1198 et
2264 1143 2394 1200 huic
2422 1159 2561 1216 quas
2585 1147 2640 1199 in
2665 1161 2726 1200 se
2747 1145 2868 1214 ipso
2901 1144 3064 1200 habet
3086 1161 3258 1217 aquas
3278 1149 3419 1202 vita-

103 1235 196 1303 τῆς
235 1235 478 1305 ἐρήμου
516 1233 850 1306 κατελήλυθε
874 1275 887 1294 .
945 1233 1143 1306 δηλαδὴ
1177 1234 1279 1304 τῆς
1310 1233 1369 1299 ἐξ
1398 1235 1565 1288 ἐθνῶν
1607 1236 1709 1289 Ἐκ

1828 1232 1910 1290 les
1948 1235 2112 1290 etiam
2154 1251 2302 1292 nunc
2332 1237 2549 1292 abunde
2580 1238 2834 1308 largitur.
2865 1235 3062 1294 Postea
3100 1239 3244 1294 idem
3277 1242 3416 1295 vati~

105 1327 339 1397 πλησίας
367 1365 386 1389 ,
439 1329 545 1381 καὶ
596 1326 767 1398 ταύτῃ
816 1325 924 1380 τῶν
973 1329 1032 1380 ὲν
1062 1325 1210 1398 αὐτῷ
1254 1326 1500 1392 ζωτικῶν
1547 1327 1709 1399 ναμά-

1827 1327 2034 1382 ciuium
2078 1329 2254 1384 eidem
2313 1330 2598 1386 solitudini
2650 1331 2800 1385 canit
2832 1329 3020 1385 datum
3072 1332 3138 1386 iri
3185 1334 3412 1400 gloriam

104 1437 205 1472 των
239 1419 431 1472 εἰσέτι
489 1420 585 1472 νῦν
615 1421 954 1491 ἐπιχορηγεὶζ
1013 1419 1157 1490 Πρὸς
1196 1418 1407 1483 τούτοις
1454 1422 1486 1491 ή
1523 1437 1709 1492 προφηι

1831 1420 2046 1488 Libani,
2079 1429 2133 1477 et
2159 1423 2424 1478 honorem
2458 1424 2694 1479 Carmeli
2727 1443 2739 1478 :
2769 1424 2863 1479 sed
2895 1441 3145 1495 quaenam
3177 1434 3264 1481 est
3295 1427 3413 1497 glo-

107 1513 218 1566 τεία
273 1512 350 1582 τῇ
426 1509 746 1584 δηλωθείσῃ
801 1510 997 1582 ὲρήμῳ
1050 1507 1371 1580 δοθήσεσθαι
1424 1526 1556 1579 φησι
1627 1509 1709 1583 τὴπ

1825 1511 1905 1565 ria
1935 1511 2168 1567 Carmeli
2201 1513 2308 1568 nisi
2347 1515 2394 1569 is
2422 1514 2516 1584 qui
2549 1529 2612 1568 ex
2646 1514 2762 1584 lege
2805 1513 2972 1568 Mosis
3016 1530 3112 1584 per
3142 1515 3413 1571 sacriﬁcia

104 1604 254 1668 δόξαν
299 1601 412 1655 τοῦ
472 1601 714 1656 Λιϐάνου
741 1641 755 1665 ,
810 1602 903 1654 καὶ
934 1601 1034 1672 τὴν
1065 1601 1230 1672 τιμὴν
1272 1601 1364 1655 τοῦ
1399 1601 1709 1674 Καρμήλου

1825 1605 2208 1660 celebrabatur
2247 1607 2430 1661 ritus?
2461 1623 2621 1677 quem
2657 1607 2750 1660 ubi
2789 1607 3099 1677 repudiavit
3131 1607 3278 1663 Deus
3316 1625 3415 1680 per

107 1695 195 1758 τίς
245 1695 291 1748 δ’
349 1695 523 1748 ἐστιν
576 1696 610 1766 ἠ
651 1695 778 1760 δόξα
831 1691 924 1746 τοῦ
977 1692 1194 1746 λιϐάνου
1236 1692 1267 1764 ἢ
1312 1693 1464 1764 ήδιὰ
1503 1693 1709 1760 θυσιῶν,

1824 1713 1942 1754 eam
1979 1699 2324 1770 prophetiam
2354 1715 2474 1769 quae
2499 1700 2574 1753 ait
2603 1719 2616 1754 :
2655 1717 2672 1750 ι
2701 1700 2813 1754 Cur
2855 1701 2987 1754 mihi
3019 1701 3146 1755 thus
3173 1699 3240 1756 de
3268 1700 3412 1757 Saba

107 1786 245 1839 κατὰ
272 1786 376 1838 τὸν
421 1786 716 1849 Μωῦσέως
765 1785 968 1856 νόμον,
1016 1785 1409 1858 ἐπιτελουμένη
1458 1786 1709 1858 λατρείας

1825 1791 2065 1847 atl'ertis‘?
2090 1798 2144 1846 et
2178 1790 2309 1861 quid
2362 1791 2494 1845 mihi
2537 1791 2830 1844 multitudo
2875 1791 3272 1845 sacriﬁciorum
3318 1809 3415 1847 ve.

107 1876 169 1947 ἢν
212 1875 726 1948 παραιτησάμενος
757 1877 785 1929 ό
837 1875 970 1938 Θεὸς
1005 1876 1094 1930 διὰ
1145 1875 1245 1946 τῆς
1282 1876 1551 1949 λεγούσης
1592 1894 1709 1949 προ-

1825 1893 2065 1938 strorum
2091 1883 2171 1935 ⁸⁸2
2206 1902 2223 1933 ι
2253 1883 2305 1936 in
2331 1881 2684 1937 solitudinem
2705 1879 2966 1936 Jordanis
2989 1883 3268 1936 transtulit
3297 1883 3415 1952 gloo

113 1969 337 2040 ’θητείας
360 2009 378 2032 ,
465 1987 491 2021 ε
525 1970 640 2024 Ἵνα
694 1970 746 2024 τί
790 1987 878 2040 μοι
931 1971 1164 2025 Λίϐανον
1203 1972 1267 2024 ὲκ
1302 1970 1452 2024 Σαϐὰ
1490 1972 1709 2044 φέρετε;

1825 1977 1961 2028 riam
1996 1973 2324 2038 Jerusalem,
2375 1983 2666 2045 postquam
2726 1976 2865 2028 ratio
2914 1976 3001 2044 pie
3051 1976 3412 2045 religioseque

113 2064 200 2115 ναὶ
246 2062 302 2115 τί
361 2079 474 2133 μοι
528 2061 734 2131 πλῆθος
784 2062 892 2115 τῶν
933 2062 1129 2117 θυσιῶν
1173 2064 1366 2135 ύμῶν;
1404 2085 1422 2117 ι
1493 2066 1585 2118 ἐπὶ
1624 2065 1709 2137 τὴκ

1824 2069 2038 2124 vivendi
2081 2086 2190 2123 non
2224 2070 2278 2123 in
2305 2068 2633 2134 Jerusalem,
2672 2071 2765 2124 sed
2802 2070 2854 2123 in
2898 2070 3119 2124 deserto
3147 2085 3410 2123 consum-

115 2156 310 2226 ἔρημον
371 2155 489 2208 τοῦ
560 2155 825 2226 Ἰορδάνου
889 2156 1229 2227 μετατέθηκε
1277 2156 1374 2227 τὴν
1427 2157 1584 2224 δόξαν
1621 2159 1709 2228 τῆς

1824 2161 1961 2214 mari
1999 2169 2178 2231 empta
2223 2171 2330 2226 est,
2365 2163 2509 2232 quod
2558 2161 2815 2216 videlicet
2849 2163 3049 2216 accidit
3083 2170 3206 2232 post
3238 2160 3408 2216 Joan-

122 2247 501 2319 Ἰερουσαλὴμ
529 2287 544 2312 ,
585 2249 683 2318 τῆς
722 2249 840 2302 κατ’
892 2249 1172 2304 εὐσέϐειαν
1213 2251 1435 2322 ἀγωγῆς
1473 2252 1573 2304 οὐκ
1631 2253 1709 2304 tati

1822 2251 1908 2305 nis
1944 2259 2212 2321 tempora.
2242 2253 2421 2307 Simili
2470 2253 2706 2314 ratione,
2748 2252 2912 2307 etiam
2946 2253 3126 2307 honor
3156 2253 3292 2322 legis
3353 2259 3407 2308 et

130 2341 533 2412 Ἰερουσαλὴμ,
600 2339 715 2394 ἀλλ’
773 2341 864 2393 ἐπὶ
921 2342 1023 2412 τῆς
1083 2344 1290 2414 ἐρήμου
1352 2343 1709 2397 συντελεῖσθαι

1820 2357 2008 2396 eorum
2035 2358 2158 2412 qua).
2189 2343 2243 2396 in
2267 2343 2386 2412 lege
2413 2343 2766 2412 corporalius
2790 2343 3002 2396 sancita
3031 2353 3179 2406 sunt,
3213 2339 3408 2395 Jorda-

118 2433 436 2505 ἀρξαμένης
499 2433 606 2488 ἀπὸ
666 2433 774 2486 τῶν
825 2434 1071 2488 Ἰωάννου
1113 2436 1340 2506 χρόνων.
1448 2435 1709 2500 Ὡσαύτως

1821 2434 1905 2487 nis
1938 2434 2218 2489 solitudini
2259 2434 2421 2489 datus
2459 2443 2565 2499 est,
2601 2443 2824 2505 propter
2873 2434 3120 2488 eamdem
3155 2447 3404 2496 causam,

121 2527 169 2580 δὲ
203 2528 296 2580 καὶ
352 2528 390 2599 ἡ
437 2527 580 2599 τιμὴ
632 2525 726 2580 τοῦ
766 2527 931 2598 νόμου
961 2568 974 2590 ,
1015 2527 1123 2582 τῶν
1158 2546 1216 2580 τε
1253 2529 1373 2582 κατ’
1414 2527 1576 2582 αὐτὸν
1616 2545 1709 2581 σω-

1819 2527 2077 2595 quouiam
2121 2543 2230 2582 non
2286 2528 2524 2598 amplius
2557 2527 2612 2581 in
2646 2526 2952 2582 Jerusalem
2989 2524 3406 2596 confugiebant,

125 2616 390 2686 ματικὼτε
400 2635 504 2690 ρον
543 2616 1049 2689 νενομοθετημένων
1073 2618 1277 2672 δέδοται
1303 2621 1369 2690 τῇ
1403 2620 1595 2690 ἐρήμῳ
1622 2618 1709 2672 τοῦ

1819 2619 1911 2687 qui
1958 2621 2260 2674 curationis
2317 2619 2639 2689 indigebant
2698 2617 2820 2687 ejus
2869 2631 2992 2687 qua:
3035 2615 3104 2669 ad
3159 2617 3405 2669 animum

136 2710 398 2780 Ἰορδάνου
469 2709 559 2764 διὰ
595 2711 693 2782 τὴν
734 2710 1085 2764 ἀποδοθεῖσαν
1125 2711 1337 2776 αίτίαν,
1407 2713 1487 2765 ὅτι
1524 2712 1709 2783 μηκέτ’

1819 2711 2077 2781 pertinet,
2105 2711 2200 2766 sed
2233 2711 2289 2765 in
2321 2711 2376 2766 id
2411 2711 2558 2780 quod
2600 2709 2918 2764 nominatur
2940 2708 3242 2768 desertum,
3271 2720 3404 2776 pro-

125 2800 207 2852 ἐπὶ
242 2802 341 2872 τὴν
397 2801 768 2872 Ἰερουσαλὴμ
800 2801 1178 2873 προσέφευγον
1215 2803 1264 2854 οἱ
1302 2803 1401 2873 τῆς
1439 2803 1581 2857 κατὰ
1616 2801 1709 2873 ψυ-

1818 2811 1938 2874 ptcr
1981 2819 2098 2859 eam
2137 2819 2260 2875 qua:
2315 2803 2369 2857 in
2427 2802 2524 2856 illo
2567 2801 2968 2874 prtedicabatur
3019 2799 3403 2854 remissionem

128 2891 216 2962 χὴν
253 2891 566 2964 θεραπείας
605 2893 886 2963 δεόμενοι,
948 2893 1084 2946 ἀλλὰ
1123 2894 1216 2947 ἐπὶ
1246 2895 1345 2968 τὴν
1378 2894 1709 2966 ὀνομαζομέ-

1819 2903 2189 2965 peccatorum.
2224 2892 2365 2948 Puto
2403 2893 2568 2948 etiam
2623 2892 2928 2948 Salvatoris
2967 2890 3143 2946 nostri
3193 2889 3260 2943 ad
3307 2889 3406 2944 ba.

128 2997 214 3051 νην
251 2983 494 3054 ἔρημον,
518 2985 617 3054 τῆς
654 2986 712 3039 ὲν
732 2985 869 3058 αὐτῇ
900 2987 1311 3058 κηρυττομένης
1340 2987 1586 3056 ἀφέσεως
1606 2987 1709 3041 τῶν

1817 2988 2075 3058 ptismum
2112 3002 2400 3042 accessum
2437 2985 2736 3057 signiﬁca-ri
2766 2985 2875 3039 illis
2899 2983 3081 3039 verbis
3113 3001 3180 3038 :4
3218 2980 3283 3035 Et
3303 2995 3406 3050 po-

132 3077 548 3148 ὰμαρτημὰτων
583 3077 793 3131 ένεκεν.
868 3075 1037 3150 Οἶμαι
1083 3079 1139 3132 δὲ
1195 3079 1288 3132 καὶ
1321 3079 1418 3132 τοῦ
1461 3081 1716 3152 Σωτῆρος

131 3167 273 3235 ἡμῶν
329 3170 442 3239 τὴν
495 3170 591 3222 ἐπὶ
650 3170 710 3222 τὸ
753 3170 1034 3241 βάπτισμα
1085 3171 1386 3242 παρουσίαν
1425 3171 1713 3242 δηλοῦσθαι

132 3257 209 3311 EtEt
237 3262 329 3314 τοῦ
349 3303 365 3326 ,
418 3281 438 3311 ι
462 3261 573 3314 Καὶ
611 3264 639 3314 ό
667 3261 792 3324 λαός
830 3279 930 3332 μου
951 3262 1140 3330 ﬁdem:
1170 3261 1267 3332 τὴν
1298 3260 1452 3326 δόξαν
1479 3262 1711 3335 Κυρίου,

134 3350 216 3402 καὶ
269 3350 328 3404 τὸ
389 3351 530 3420 ὕψος
585 3351 678 3404 τοῦ
719 3351 876 3405 Θεοῦ.
928 3371 947 3403 ι
981 3353 1112 3404 Τότε
1151 3351 1258 3423 γὰρ
1295 3353 1386 3405 καὶ
1421 3351 1578 3424 ὤφθη
1617 3351 1711 3405 τοῦ

136 3441 370 3512 Σωτῆρος
411 3441 574 3513 ἡμῶν
617 3445 650 3513 ἡ
677 3442 824 3509 δόξα,
849 3443 938 3495 ὅτε
979 3441 1294 3512 βαπτισθεὶς
1332 3462 1350 3494 ι
1401 3443 1563 3514 ἀνέϐη
1606 3443 1714 3497 ἀπὸ

135 3531 217 3586 τοῦ
250 3534 449 3599 ὓδατος
473 3577 490 3601 ,
532 3537 626 3589 κα¹ι
664 3534 1018 3606 ἀνεῴχθησαν
1057 3534 1207 3606 αὐτῷ
1243 3536 1293 3588 οἱ
1333 3535 1582 3607 οὐρανοὶ,
1622 3536 1716 3589 καὶ

138 3621 230 3678 εἶδε
259 3628 319 3681 τὸ
355 3630 590 3700 Πνεῦμα
627 3628 720 3683 τοῦ
759 3627 894 3680 Θεοῦ
929 3627 1256 3681 καταϐαῖνον
1295 3627 1426 3680 ὡσεὶ
1465 3645 1716 3699 περιστε-

141 3720 259 3787 ρὰν,
299 3725 399 3775 καὶ
443 3722 603 3793 μένον
639 3723 725 3774 ἐπ’
763 3721 922 3774 αὐτόν
953 3737 967 3752 ·
1013 3741 1030 3772 ι
1059 3721 1147 3774 ὅτε
1188 3722 1279 3775 καὶΙ
1319 3721 1470 3793 φωνὴ
1509 3724 1571 3774 ἐκ
1605 3721 1714 3775 τῶν

137 3809 358 3879 οὐρανῶν
405 3811 650 3884 ἠκούσθη
690 3811 924 3879 λέγουσα
948 3825 964 3843 ο
1079 3830 1097 3862 ι
1133 3805 1302 3874 Οὗτός
1336 3814 1481 3864 ἐστιν
1519 3814 1547 3865 ὁ
1586 3812 1715 3877 Υἱός

144 3920 230 3969 μου
261 3907 287 3959 ὁ
320 3905 612 3976 ἀγαπητὸς
644 3945 656 3966 ,
699 3907 756 3958 ὲν
875 3907 1174 3976 ηὐδόκησα.
1210 3925 1228 3958 ι
1287 3904 1446 3958 Ἀλλὰ
1483 3907 1576 3959 καὶ
1607 3909 1714 3973 πᾶς

139 3993 162 4042 ὁ
209 3999 447 4068 γνησίως
486 3996 579 4049 ἐπὶ
612 3996 674 4048 τὸ
705 3996 800 4050 τοῦ
841 3997 1068 4069 λουτροῦ
1108 3995 1318 4069 παριὼν
1374 4000 1670 4071 μυστήριον
1696 4041 1711 4062 ,

141 4087 222 4158 τὴν
257 4092 385 4162 περὶ
419 4089 512 4144 τοῦ
543 4089 779 4162 Χριστοῦ
806 4089 1140 4162 παραλαϐὼν
1167 4091 1443 4161 θεολογίαν
1463 4133 1477 4154 ,
1516 4092 1616 4163 τὴν
1638 4092 1715 4145 δό-

141 4179 222 4243 ξαν
258 4183 424 4236 αὑτοῦ
466 4184 754 4246 θεάσεται,
817 4182 985 4250 λέξων
1024 4183 1089 4236 ἂν
1127 4184 1327 4254 ὁμοίως
1365 4184 1444 4255 τῷ
1483 4185 1708 4256 Παύλῳο

148 4274 243 4326 σεξ
296 4277 394 4330 καὶ
452 4276 772 4347 ἐγνώκαμεν
832 4277 972 4331 κατὰ
1014 4277 1193 4348 σάρκα
1229 4277 1463 4348 Χριστὸν
1490 4317 1506 4343 ,
1577 4277 1714 4332 ἀλλὰ

142 4362 220 4416 νῦν
253 4368 436 4421 οὐκέτι
475 4366 838 4436 γινώσκομεν.
876 4386 894 4418 ι

155 4478 265 4535 Ἀπὸ
307 4482 418 4537 τοῦ
457 4482 706 4552 ψαλμοῦ
749 4486 804 4548 ιι.
835 4480 1056 4546 -Περὶ
1087 4481 1192 4535 τοῦ
1219 4481 1370 4550 μετὰ
1395 4480 1710 4551 ,βάπτισμα

810 4552 835 4563 ~
958 4552 982 4562 ο
1039 4553 1083 4563 -ο
1265 4552 1289 4563 I-

505 4552 838 4621 πειρασμοῦ
880 4552 986 4606 τοῦ
1033 4552 1316 4619 Χριστοῦ.

205 4685 222 4715 ι
267 4668 323 4721 Ὀ
357 4666 630 4721 κατοικῶν
662 4667 740 4729 ἐν,
762 4666 981 4739 βοηθείᾳ
1011 4666 1106 4720 τοῦ
1145 4667 1422 4736 Ὑψίστου.
1443 4669 1500 4720 ὲν
1533 4669 1709 4742 σκέπῃ
1743 4680 1786 4734 ι)

144 4757 219 4811 τοῦ
257 4760 390 4815 θεοῦ
436 4761 665 4835 οὐρανοῦ
712 4761 1121 4833 αὑλισθήσεται.
1169 4761 1319 4833 Ἑρεϊ
1367 4761 1446 4832 τῷ
1480 4761 1699 4833 Κυρίῳ·

157 4847 502 4924 ’Δντιλήπτωρ
548 4869 648 4923 μου
692 4848 762 4917 εἶ,
799 4851 893 4905 καὶ
935 4853 1222 4923 καταφυγή
1277 4849 1398 4923 μου.
1465 4852 1522 4904 '0
1573 4852 1704 4916 Θεός

150 4957 230 5007 μοι
254 4943 442 5017 βοηθός
475 4961 596 5016 μου,
631 4944 725 4997 καὶ
761 4943 931 4997 ὲλπιῶ
968 4943 1054 4996 ἐπ’
1080 4943 1271 4996 αὐτόν·
1308 4945 1388 4996 ὅτι
1417 4944 1577 5007 αὐτὸς
1605 4943 1701 5015 ρύ-

151 5037 273 5089 σεταί
315 5055 381 5108 με
426 5039 492 5090 ἐκ
532 5036 763 5104 παγίδος
807 5035 1110 5107 θηρευτῶν,
1146 5036 1240 5089 καὶ
1271 5035 1380 5088 ἀπὸ
1421 5035 1579 5104 λόγου
1616 5053 1704 5089 τα⁸

151 5127 414 5194 ραχὼδους.
475 5127 564 5181 Ἐν
603 5130 717 5190 τοῖς
759 5127 1115 5200 μεταφρένοις
1154 5125 1349 5180 ἑαυτοῦ
1392 5126 1701 5180 ἐπισκιάσει

151 5233 231 5282 σοι,
260 5221 360 5274 ὑπὸ
391 5221 491 5285 τὰς
515 5221 790 5291 πτέρυγας
819 5219 982 5274 αὐτοῦ
1009 5220 1231 5284 ἐλπιεῖς.
1272 5219 1460 5290 ’Ὀπλῳ
1489 5219 1701 5272 κυκλώ-

150 5323 213 5362 σει
255 5330 310 5367 σε
358 5315 392 5386 ἡ
444 5312 668 5385 ἀλήθεια
717 5311 904 5375 αὐτοῦ,
946 5312 1006 5365 οὔ
1059 5311 1345 5384 φοϐηθήσῃ
1384 5309 1491 5363 ἀπὸ
1534 5308 1697 5380 φόϐου

149 5407 450 5477 νυκτερινοῦ,
507 5406 616 5460 ἀπὸ
676 5403 861 5475 βέλους
918 5403 1233 5475 πετωμένου
1298 5399 1528 5474 ἡμέρας,
1591 5402 1699 5456 ἀπὸ

150 5495 437 5568 πράγματος
477 5495 930 5568 διαπορευομένου
970 5496 1029 5546 ὲν
1062 5494 1261 5560 σκότει,
1303 5495 1411 5548 ἀπὸ
1445 5495 1699 5568 συμπτώ-

152 5600 306 5654 ματος,
333 5591 431 5644 καὶ
459 5589 734 5661 δαιμονίου
781 5586 1175 5660 μεσημϐρινοῦ.
1201 5589 1458 5642 Πεσεῖται
1499 5590 1565 5643 ὲκ
1596 5589 1692 5642 τοῦ

151 5675 327 5747 κλίτους
361 5701 454 5737 σου
489 5683 686 5754 χιλιὰς,
724 5681 819 5734 καὶ
848 5679 1045 5751 μυριὰς
1079 5679 1144 5732 ὲκ
1175 5678 1364 5774 δεςιῷν
1392 5698 1484 5734 σου
1510 5698 1522 5710 ·
1555 5681 1694 5754 πρὸς

152 5767 263 5824 σὲδὲ
301 5776 401 5830 οὐκ
425 5779 618 5846 ὲγγιεϊ.
644 5775 790 5846 Πλὴν
829 5773 941 5834 τοῖς
974 5767 1270 5844 ὀφθαλμοῖξ
1302 5789 1396 5826 σου
1430 5775 1696 5844 κατανοή-

205 5952 242 5984 ⁸⁷
276 5954 396 6012 Psal
450 5971 588 6018 nv,
622 5958 675 6012 5.

1816 3080 1977 3150 pulus
2011 3095 2167 3135 meus
2197 3080 2404 3134 videbit
2441 3079 2671 3150 gloriam
2707 3077 2947 3143 Domini,
2981 3085 3034 3132 et
3058 3076 3402 3129 altitudinem

1818 3171 1912 3227 Dei
1948 3189 1962 3239 ;
1997 3196 2016 3223 ι
2050 3180 2177 3228 tunc
2209 3173 2355 3226 enim
2385 3173 2504 3227 visa
2552 3180 2637 3226 est
2674 3170 2973 3225 Salvatoris
3002 3171 3178 3224 nostri
3204 3168 3403 3239 gloria,

1821 3281 1838 3313 ι
1878 3279 2002 3318 cum
2031 3263 2279 3319 ascendit
2311 3262 2379 3317 de
2409 3277 2571 3333 aqua,
2604 3271 2658 3317 et
2690 3262 2740 3316 ei
2775 3262 2948 3331 aperti
2996 3269 3126 3316 sunt
3159 3259 3306 3326 cteli,
3346 3265 3402 3315 et

1817 3354 1951 3408 vidit
1986 3353 2239 3423 spiritum
2277 3352 2370 3407 Dei
2399 3353 2819 3408 descendentem
2859 3353 3018 3421 quasi
3059 3350 3395 3412 columbam,

1814 3452 1868 3500 et
1899 3453 2208 3499 manentem
2239 3460 2406 3514 super
2425 3460 2489 3499 eo
2503 3444 2570 3498 ".
2597 3463 2615 3494 ι
2644 3443 2780 3498 Cum
2805 3458 2906 3497 vox
2923 3456 3139 3512 quoque
3159 3441 3229 3496 de
3257 3440 3400 3495 cmlo

1815 3539 2000 3593 audita
2041 3546 2146 3600 est,
2175 3537 2401 3592 dicens:
2435 3556 2453 3588 ι
2489 3536 2587 3589 Hic
2623 3545 2707 3592 est
2732 3535 2903 3590 Filius
2948 3549 3105 3589 meus
3135 3515 3392 3595 dilectus,

1816 3631 1870 3685 in
1912 3645 2021 3699 quo
2065 3628 2194 3682 mihi
2226 3626 2622 3696 complacui”.
2658 3645 2676 3677 ι
2727 3625 2832 3680 Sed
2873 3625 3038 3680 etiam
3079 3626 3397 3694 quicunque

1817 3722 2056 3792 legitime
2083 3719 2150 3773 ad
2188 3720 2387 3773 lavacri
2423 3719 2746 3790 mysterium
2783 3717 3015 3785 accedit,
3056 3718 3150 3772 ubi
3183 3717 3398 3771 theolo-

1815 3816 1956 3884 giam
2005 3814 2073 3868 de
2118 3813 2341 3868 Christo
2386 3813 2680 3884 acceperit,
2731 3813 2957 3884 gloriam
3001 3813 3120 3880 ejus
3153 3811 3398 3866 intuebi-

1815 3918 1925 3972 tur,
1957 3917 2012 3963 ct
2037 3924 2159 3962 cum
2204 3905 2376 3961 Paulo
2415 3907 2598 3961 dicere
2640 3907 2880 3978 poterit:
2911 3925 2930 3958 ι
2982 3906 3096 3960 Etsi
3133 3905 3394 3976 cognovi-

1815 4019 1934 4056 mus
1978 4000 2278 4056 secundmn
2313 4014 2535 4054 carnem
2569 3997 2876 4065 Christum,
2918 4005 2972 4052 at
3025 4013 3174 4052 nunc
3204 4004 3390 4053 tamen
3485 4039 3493 4047 ,

1815 4109 1922 4149 non
1959 4094 2194 4164 amplius
2223 4095 2608 4164 cognoscimus
2630 4093 2698 4147 “.
2728 4112 2746 4144 ι

1807 4479 1968 4552 433
2009 4479 2052 4532 Α
2090 4480 2294 4549 psalmo
2342 4494 2428 4534 xc.
2465 4479 2636 4562 -Αος
2675 4479 2875 4533 Christi
2907 4487 3026 4548 post
3065 4478 3384 4548 baptismum

2447 4560 2750 4605 tentatioue.
3343 4577 3355 4593 ο

1894 4685 1911 4717 ι
1955 4665 2061 4732 Qui
2101 4665 2309 4720 habitat
2347 4668 2402 4720 in
2438 4666 2713 4735 adjutorio
2751 4665 3017 4720 Altissimi
3046 4707 3060 4730 ,
3103 4665 3157 4718 in
3200 4673 3386 4735 prete-

1810 4759 1995 4813 ctiom-
2011 4757 2107 4812 Dei
2138 4758 2264 4812 ςαξιὶ
2295 4759 2746 4812 commorabitur.
2777 4757 2929 4811 Dicet
2951 4755 3182 4810 Domino
3209 4774 3220 4809 :
3249 4755 3387 4810 Sus-

1806 4861 1996 4922 ceptor
2041 4866 2196 4905 meus
2242 4866 2336 4915 es,
2371 4861 2423 4906 et
2453 4850 2724 4921 refugium
2779 4865 3000 4915 meum,
3047 4847 3192 4904 Dcus
3233 4863 3387 4902 meus

1806 4945 2027 5015 atkjutor
2069 4960 2260 5007 meus,
2297 4953 2353 5000 et
2396 4945 2627 5015 sperabo
2655 4946 2707 4999 in
2763 4960 2884 4999 cum
2917 4963 2930 4999 :
2969 4945 3228 5014 quoniam
3272 4941 3388 5011 ipse

1813 5037 2070 5091 liberabit
2104 5053 2189 5091 me
2228 5036 2296 5092 de
2331 5037 2527 5107 laqueo
2561 5044 2880 5090 venatorum
2903 5077 2917 5099 ,
2953 5044 3006 5090 et
3037 5035 3106 5089 ab
3138 5033 3387 5088 oratione

1809 5125 2149 5180 turbulenta.
2199 5124 2254 5179 lu
2309 5127 2548 5195 scapulis
2602 5126 2717 5181 suis
2761 5123 3116 5180 obumbrabit
3168 5123 3300 5187 tibi,
3331 5128 3385 5176 et

1809 5218 1913 5274 sub
1942 5218 2045 5272 alis
2074 5216 2196 5287 ejus
2249 5219 2516 5287 sperabis.
2560 5217 2728 5273 Scuto
2793 5216 3158 5271 circumdabit
3199 5222 3251 5268 te
3291 5229 3384 5292 ve-

1807 5311 1944 5366 ritas
1979 5310 2100 5379 ejus
2124 5348 2140 5373 ,
2172 5325 2283 5364 non
2318 5309 2537 5364 timebis
2569 5325 2600 5362 a
2638 5311 2837 5363 timore
2875 5313 3183 5368 nocturno,
3226 5319 3256 5358 a
3297 5320 3385 5358 sa-

1807 5404 1944 5475 gitta
1977 5403 2194 5457 volante
2247 5402 2302 5456 in
2353 5401 2474 5469 die,
2522 5417 2552 5455 a
2602 5401 2821 5472 negotio
2870 5397 3284 5470 perambulante
3327 5398 3382 5452 in

1804 5497 2082 5562 tenebris,
2121 5495 2190 5550 ab
2219 5495 2482 5560 incursu,
2517 5503 2571 5550 et
2605 5493 2877 5549 daemonio
2909 5491 3239 5546 meridiano.
3277 5491 3386 5544 Ca-

1800 5591 1930 5646 dent
1964 5605 1994 5644 ο
2031 5589 2204 5645 latere
2237 5598 2334 5643 tuo
2367 5588 2548 5653 mille,
2584 5597 2638 5643 et
2671 5587 2859 5643 decem
2895 5585 3067 5641 millia
3107 5600 3136 5640 a
3166 5583 3382 5640 dextris

1802 5681 1955 5736 tuis:
2011 5680 2078 5734 ad
2124 5687 2178 5736 te
2227 5690 2409 5734 autem
2452 5693 2560 5733 non
2608 5677 3093 5749 appropinquahit.
3145 5673 3382 5732 Verum-

1801 5783 1982 5829 tamen
2028 5774 2206 5829 oculis
2254 5774 2366 5828 tuis
2407 5771 2824 5837 considerabis,
2866 5783 2920 5827 et
2959 5770 3380 5828 retributionem

625 5958 675 6012 5.
751 5957 795 5988 ⁸³
833 5954 944 6013 Jer.
979 5971 1066 6024 rt,
1096 5953 1185 6010 20.
1266 5954 1309 5987 δ’
1352 5952 1516 6008 Marc.
1556 5971 1610 6020 ι,
1648 5954 1709 6008 10

1814 5952 1860 5986 ⁸⁸
1904 5952 2092 6009 Matth.
2132 5969 2228 6020 ιιι,
2261 5949 2354 6010 l7.
2431 5953 2475 5985 ‘”
2519 5951 2560 6006 ll
2592 5951 2719 6008 Cor.
2758 5969 2825 6018 ν,
2861 5951 2950 6007 16.
