3928 6568
537 415 650 474 €75

1173 411 1443 470 EUSEBH
1475 411 1954 469 CESARlE-NSIS
1991 411 2143 470 OPP.
2183 411 2383 469 PARS.
2416 411 2482 470 ll.
2521 445 2592 455 --
2629 409 3156 470 APOLOGETICA.
3739 413 3822 470 676

541 539 892 606 peccatorum
931 526 1184 583 videbis:
1255 527 1518 596 quoniam
1569 533 1659 592 tu,
1706 525 1936 581 Domine
1975 541 2109 595 spes

2221 543 2354 592 σεις,
2387 527 2482 580 καὶ
2514 525 2870 580 ἀνταπόΞοσιν
2893 523 3272 600 ἁμαρτωλῶν
3307 521 3476 593 ὄψει·
3510 523 3592 578 ὅτι
3625 528 3702 590 σὺ,
3731 529 3820 582 Κί-

543 640 686 689 mea,
723 623 1062 678 Altissimum
1097 620 1330 691 posuisti
1361 617 1629 691 refugium
1667 631 1842 674 tuum.
1875 617 1992 674 Non
2029 633 2120 674 ac-

543 718 742 772 cedent
771 715 839 769 ad
873 721 925 769 te
957 715 1121 776 mala,
1157 721 1208 766 et
1241 711 1510 784 ﬂagellum
1532 728 1640 767 non
1665 711 2119 782 appropinquabit

539 806 894 865 tabernaculo
937 813 1074 859 tuo:
1117 806 1378 876 quoniam
1427 805 1638 875 angelis
1682 805 1800 860 suis
1845 803 2119 858 mandavit

539 900 610 955 de
657 907 744 963 te,
799 904 856 950 ut
906 897 1217 952 custodiant
1253 907 1306 951 te
1345 898 1398 951 in
1443 899 1700 952 omnibus
1744 899 1848 954 viis
1891 899 2018 953 luis.
2058 898 2117 952 In

535 991 794 1047 manibus
826 989 1118 1060 portabunt
1161 999 1249 1054 te,
1285 1007 1354 1045 ne
1402 990 1544 1046 forte
1593 989 1839 1047 oﬂendas
1869 992 1936 1045 ad
1974 993 2118 1063 lapi-

537 1084 658 1139 dem
709 1084 898 1153 pedem
955 1090 1132 1136 tuum.
1187 1081 1365 1152 Super
1406 1082 1651 1154 aspidem
1697 1091 1750 1138 et
1798 1084 2115 1139 basiliseum

537 1177 867 1237 ambulabis,
898 1183 954 1230 et
984 1177 1342 1231 coneulcabis
1370 1175 1581 1231 leonem
1611 1185 1666 1231 et
1692 1177 1988 1233 draconem
2013 1179 2110 1229 δ’.»

535 1264 790 1320 Salvator
818 1272 872 1320 et
906 1265 1166 1320 Dominus
1207 1273 1393 1318 noster
1423 1265 1584 1322 Jesus
1613 1265 1705 1336 qui
1735 1265 1992 1322 Christus
2022 1265 2116 1322 Dei

532 1365 653 1420 est,
683 1357 812 1412 dum
843 1365 1118 1428 quatenus
1149 1357 1314 1410 homo
1343 1357 1524 1412 factus
1553 1367 1638 1414 est
1659 1398 1675 1420 ,
1707 1359 2113 1424 consideratur,

533 1451 788 1507 habitans
819 1449 1021 1504 dicitur
1049 1451 1102 1504 in
1134 1449 1409 1519 adiutorio
1437 1449 1703 1505 Altissimi
1731 1489 1746 1513 ,
1779 1461 1965 1522 utpote
1991 1467 2114 1506 cum

531 1543 590 1598 in
621 1544 960 1614 protectione
989 1540 1083 1596 Dei
1115 1549 1169 1595 et
1199 1541 1381 1597 Patris
1409 1552 1798 1597 commoretur.
1827 1543 1925 1598 llic
1951 1545 2118 1615 igitur

535 1652 704 1691 unum
743 1635 955 1690 Patrem
989 1652 1091 1692 nec
1121 1637 1286 1690 alium
1322 1643 1584 1706 praeterea
1620 1637 1973 1706 quempiam,
2007 1651 2116 1706 quo

531 1739 782 1800 tempore
811 1744 840 1782 a
873 1728 1093 1782 diabolo
1123 1735 1368 1783 tentatus
1398 1733 1482 1783 est
1505 1767 1518 1790 ,
1555 1727 1861 1798 perfugium
1894 1735 2112 1792 nactus,

532 1823 798 1876 Lberatus
824 1829 908 1877 est
937 1821 1066 1875 olim
1097 1821 1165 1876 de
1192 1820 1404 1890 laqueis
1434 1819 1844 1874 adversantium
1875 1829 2118 1889 potesta-

2221 637 2302 689 ριε
2333 622 2366 690 ἡ
2395 618 2549 683 ἐλπίς
2579 635 2700 690 μου,
2739 619 2832 672 τὸν
2867 619 3148 690 Ὕψιστον
3193 615 3332 669 ἔθου
3367 617 3687 688 καταφυγήν
3724 635 3815 674 σου,

2219 712 2293 764 Ού
2329 711 2747 783 προσελεύσεται
2774 711 2909 782 πρὸς
2937 711 2996 764 σὲ
3033 707 3230 770 κακὰ,
3265 710 3368 762 καὶ
3406 710 3606 780 μάστιξ
3635 713 3722 764 οὐκ
3749 716 3818 780 ἐγ-

2217 806 2326 871 γιεί
2347 802 2424 874 τῷ
2455 801 2773 875 σκηνώματί
2803 819 2896 856 σου
2923 820 2934 832 ·
2965 804 3051 856 ὅτι
3099 803 3234 864 τοῖς
3263 799 3536 868 ἀγγέλοις
3571 802 3720 856 αὑτοῦ
3751 807 3814 858 ἐν’

2216 896 2447 948 τελεῖται
2490 895 2616 966 περὶ
2645 893 2761 958 σοῦ,
2787 894 2881 947 τοῦ
2911 891 3271 963 διαφυλάξαι
3306 909 3370 945 σε
3409 893 3471 944 ὲν
3506 894 3696 959 πάσαις
3723 903 3814 962 ταῖς

2218 988 2353 1051 ὁδοῖς
2381 1005 2493 1040 σου.
2535 987 2658 1040 Ἐπὶ
2685 985 2884 1058 χειρῶν
2918 986 3122 1057 ἀροῦσί
3157 1003 3252 1048 σε,
3290 987 3516 1056 μήποτε
3543 990 3812 1062 «pacari-15,-

2219 1081 2354 1151 πρὸς
2381 1079 2525 1132 λίθον
2545 1080 2636 1134 τὸν
2666 1079 2802 1133 πόδα
2829 1097 2942 1132 σου.
2989 1080 3124 1133 Ἐπὶ
3153 1077 3384 1132 ἀσπίδα
3419 1080 3518 1132 καὶ
3543 1079 3809 1149 βασιλίσκω

2218 1171 2476 1243 ἐπιϐἡσῃ,
2516 1173 2608 1240 καὶ
2654 1171 3063 1242 καταπατήσεις
3103 1171 3326 1224 λέοντα
3363 1171 3464 1223 καὶ
3497 1171 3757 1240 δράκοντα.
3789 1194 3804 1226 ι

2230 1265 2287 1317 Ὁ
2335 1265 2526 1336 Σωτὴρ
2568 1265 2662 1318 καὶ
2715 1265 2920 1336 Κύριος
2965 1263 3136 1334 ἡμῶν
3203 1263 3436 1335 Ἰησοῦς
3479 1265 3700 1335 Χριστὸς
3734 1267 3805 1320 te;

2217 1356 2373 1419 Θεοῦ,
2419 1357 2538 1410 καθ’
2577 1357 2606 1410 ὂ
2645 1357 2981 1429 ὲνηνθρώπει
3027 1356 3478 1426 ὲπινοούμενος,
3514 1359 3542 1409 ὁ
3584 1359 3806 1412 κατοικῶν

2216 1449 2436 1517 λέγεται
2462 1453 2519 1503 ἐν
2560 1449 2780 1521 βοηθείᾳ
2802 1451 2896 1504 τοῦ
2936 1451 3239 1521 Ὑψίστου,
3273 1451 3339 1502 ἐν
3371 1449 3556 1520 σκέπῃ
3585 1450 3671 1504 τοῦ
3697 1451 3800 1505 Θεοῦ

2217 1543 2310 1594 καὶ
2349 1541 2560 1613 Πατρὺς
2604 1542 2974 1613 αὐλιζόμενος.
3023 1537 3212 1605 Οὗτος
3249 1541 3322 1613 δὴ
3372 1537 3494 1604 οῦν,
3549 1541 3694 1611 μόνον
3731 1542 3801 1595 τὸν

2217 1633 2445 1704 Σωτῆρα
2478 1634 2570 1686 καὶ
2607 1634 2714 1688 οὐδ’
2743 1635 2927 1707 ἕτερον
2965 1633 3318 1705 καταφυγὴν
3345 1633 3409 1686 ὲν
3442 1633 3523 1703 τῷ
3552 1633 3708 1705 καιρῷ
3726 1633 3796 1686 τοῦ

2217 1725 2356 1778 κατά
2403 1725 2493 1778 τὸν
2537 1725 2780 1778 διάϐολον
2829 1726 3145 1797 πειρασμοῦ
3189 1725 3553 1796 κεκτημένος
3601 1725 3794 1796 ὲρῤὐεθη

2219 1817 2348 1872 ποτὲ
2381 1819 2444 1872 ἐκ
2476 1818 2584 1871 τῶν
2631 1819 2869 1888 παγίδων
2909 1819 3016 1874 τῶν
3069 1817 3504 1890 ἀντικειμένων
3537 1816 3788 1888 δυνάμεων,

533 1921 679 1980 tum,
733 1929 854 1984 quae
905 1921 1193 1968 venatores
1248 1913 1350 1967 hoc
1403 1913 1524 1966 loco
1579 1913 1942 1982 appellantur,
1989 1928 2109 1967 cmn

2216 1911 2494 1984 θηρευτῶν
2526 1912 2620 1964 νῦν
2657 1909 3092 1982 ὀνομαζομένων,
3127 1911 3412 1982 ὁπηνίκα,
3439 1906 3532 1964 οἷά
3553 1929 3632 1974 τις
3653 1913 3788 1976 κοινὸς

531 2007 706 2063 instar
733 2006 1022 2077 cujusdam
1050 2005 1360 2060 communis
1390 2004 1630 2059 hominis
1662 2022 1680 2054 ι
1711 2004 1913 2060 ductus
1942 2013 2026 2060 cst
2059 2006 2114 2060 in

533 2099 850 2164 desertum,
893 2106 954 2153 ut
995 2105 1303 2154 tentaretur
1335 2113 1365 2151 a
1395 2097 1616 2151 diabolo
1641 2138 1656 2164 ,
1688 2103 1742 2151 et
1787 2097 1890 2150 fuit
1923 2098 1977 2152 in
2023 2097 2118 2154 de-

533 2201 682 2248 serto
724 2191 1088 2264 quadraginta
1138 2191 1256 2247 dies
1296 2199 1350 2246 et
1390 2190 1756 2260 quadraginta
1801 2199 2028 2254 noctes,
2062 2197 2116 2244 ct

529 2291 786 2339 tentatus
832 2293 917 2338 est
965 2299 996 2336 a
1049 2281 1300 2337 Satana:
1349 2283 1589 2353 fuitque,
1629 2303 1648 2334 ι
1679 2289 1738 2336 ιιι
1782 2283 2116 2352 evangelista

532 2385 725 2432 auctor
765 2385 849 2432 est
869 2418 884 2440 ,
913 2396 933 2428 ε
967 2391 1092 2430 cum
1128 2376 1323 2431 bestiis
1352 2376 1421 2430 ⁵⁸.
1451 2395 1468 2427 ι
1497 2373 1604 2430 Sed
1635 2391 1756 2446 quae
1787 2375 2003 2430 tandem
2034 2375 2116 2430 lue

529 2467 720 2522 bestia:
765 2467 872 2521 nisi
919 2481 1056 2536 quas
1105 2473 1505 2519 commemorat
1537 2468 1618 2526 is,
1667 2466 1759 2534 qui
1809 2479 1958 2520 nunc
2004 2473 2116 2518 tra-

529 2568 714 2612 ctatur
747 2559 994 2628 psalmus
1027 2558 1094 2611 ad
1125 2573 1249 2612 eum
1275 2597 1290 2622 ,
1326 2557 1419 2628 qui
1451 2558 1506 2612 in
1543 2557 1818 2628 adjuturio
1847 2557 2115 2612 Altissimi

531 2649 762 2716 habitat,
784 2649 874 2704 ubi
898 2649 974 2704 ait
1001 2669 1014 2704 :
1049 2669 1066 2700 ι
1089 2647 1264 2720 Super
1293 2648 1536 2719 aspidem
1568 2658 1620 2704 ct
1649 2650 1966 2706 basiliscum
1999 2665 2115 2704 am-

529 2743 770 2806 bulabis,
793 2750 848 2798 et
879 2742 1240 2797 coneulcabis
1269 2743 1482 2798 leonem
1511 2749 1563 2796 et
1586 2742 1914 2798 draconem?
1954 2764 1970 2794 ι
2010 2757 2113 2798 θεε-

527 2839 706 2890 terum
747 2849 854 2890 non
902 2834 972 2888 ab
1014 2833 1101 2889 his
1151 2834 1327 2888 solum
1361 2833 1654 2888 liberatum
1689 2835 1754 2888 iri
1787 2851 1910 2890 eum
1942 2835 2110 2900 dicit,

528 2925 626 2982 sed
667 2926 835 2980 etiam
881 2925 950 2978 ab
994 2925 1248 2980 oratione
1293 2924 1632 2980 turbulenta.
1673 2925 1838 3000 434
1877 2928 1944 2980 At
1985 2945 2113 2984 vero

527 3033 648 3088 quae
671 3017 894 3072 tandem
929 3017 1043 3072 haec
1073 3017 1180 3071 fuit
1209 3017 1388 3070 oratio
1411 3057 1426 3083 ,
1457 3017 1565 3071 nisi
1594 3034 1756 3087 quam
1799 3019 1880 3073 illi
1911 3020 2113 3088 objecit

527 3118 789 3173 tentator,
815 3117 875 3164 ut
901 3109 956 3164 in
981 3125 1140 3167 sacro
1163 3109 1460 3180 Evangelia
1487 3113 1749 3180 scriptum
1776 3119 1860 3166 est
1881 3113 1904 3166 ?
1923 3110 2113 3182 Opera:

527 3213 710 3260 autem
741 3203 979 3272 pretium
1012 3213 1099 3258 est
1131 3204 1492 3274 contemplari
1519 3245 1534 3268 ,
1562 3219 1683 3274 quae
1709 3219 1876 3259 causa
1911 3205 2072 3260 fuerit
2093 3246 2106 3270 ,

2217 2005 2520 2076 ἄνθρωπος,
2569 2024 2586 2054 ι
2629 2005 2837 2076 ἀνήχθη
2890 2007 2970 2069 εἰς
3016 2005 3116 2076 τὴν
3169 2005 3424 2076 ἔρημον,
3475 2003 3783 2076 πειρασθῆναι

2217 2095 2321 2148 ύπὺ
2355 2093 2448 2146 τοῦ
2475 2093 2741 2158 διαϐόλου,
2767 2095 2858 2147 καὶ
2885 2090 2950 2166 ἦν
2979 2096 3036 2146 ἐν
3059 2097 3129 2165 τῇ
3170 2095 3384 2164 ἐρήμῳ
3418 2094 3784 2164 τεσσαράκοντα

2215 2187 2426 2257 ἡμέρας
2453 2186 2547 2238 καὶ
2578 2187 2988 2256 τεσσαράκοντα
3016 2185 3234 2249 νύκτας
3273 2185 3670 2257 πειραζόμενος
3705 2183 3781 2238 ὑπὸ

2216 2279 2309 2332 τοῦ
2348 2280 2562 2332 Σατανᾶ
2587 2295 2602 2310 ο
2635 2280 2730 2334 καὶ
2753 2275 2842 2350 ἦν,
2875 2299 2892 2330 ι
2930 2279 3004 2342 ὡς
3026 2281 3054 2332 ό
3083 2278 3502 2350 εὖαγγελιστὴς
3539 2281 3778 2350 μαρτυρεί,

2222 2391 2240 2423 ε
2281 2372 2418 2444 μετά
2440 2374 2547 2426 τῶν
2578 2373 2802 2445 θηρίων.
2835 2393 2853 2424 ι
2893 2373 3068 2426 Ποίων
3097 2373 3158 2426 δὲ
3191 2373 3415 2427 τούτων
3451 2373 3483 2444 ἦ
3513 2367 3585 2425 ὧν
3613 2387 3778 2442 μνημο-

2215 2465 2358 2518 νεύει
2404 2468 2432 2519 ὁ
2469 2465 2607 2537 μετά
2652 2469 2839 2538 χεῖρας
2883 2466 3118 2537 ψαλμὸς,
3159 2467 3310 2537 πρὸς
3349 2465 3446 2519 τὸν
3501 2466 3558 2517 ἐν
3599 2463 3776 2534 βοηθείᾳ

2213 2557 2308 2611 τοῦ
2345 2557 2600 2628 Ὑψίστου
2623 2557 2978 2612 κατοικοῦντα
3005 2557 3186 2626 λέγων
3209 2575 3224 2588 ο
3275 2576 3295 2609 ε
3344 2557 3473 2610 Ἐπὶ
3501 2555 3681 2609 ἀσπίδα
3705 2555 3772 2607 καὶ

2217 2647 2528 2718 βασιλίσκον
2573 2649 2850 2720 ὲπιϐήσῃ,-
2876 2649 2970 2702 καὶ
3013 2653 3447 2720 καταπατήσεις
3493 2647 3664 2700 λέοντα
3701 2646 3770 2698 καὶ

2213 2741 2501 2814 δράκοντα.
2547 2760 2564 2792 ι
2613 2741 2709 2805 Τίς
2741 2741 2784 2794 δ’
2819 2740 2885 2795 ἂν
2923 2741 3008 2815 εἴη
3053 2743 3148 2796 καὶ
3191 2737 3360 2805 οὗτος
3394 2743 3430 2812 ἦ
3465 2741 3625 2811 ὅνπερ
3656 2737 3770 2806 αὐτῷ

2215 2833 2527 2907 προύτεινεν
2571 2835 2599 2888 ὁ
2642 2835 2914 2906 πειράζων
2962 2837 3102 2888 κατὰ
3153 2835 3222 2888 τὸ
3269 2834 3421 2905 ἱερὸν
3453 2830 3764 2900 Εὑαγγέλιον;

2214 2926 2288 2980 Τὸ
2317 2927 2361 2979 δ’
2391 2927 2561 2980 αἴτιον
2583 2925 2677 2979 τοῦ
2708 2927 3061 2997 πειράζεσθαι
3082 2927 3178 2980 τὸν
3211 2925 3541 2998 τηλικοῦτον
3583 2923 3764 2992 Σωτῆρα

2213 3019 2371 3090 ἡμῶν
2399 3021 2670 3091 σκοπῆσαι
2704 3019 2871 3085 ἄξιον.
2912 3020 3138 3074 Μέλλων
3182 3020 3248 3085 ἐξ
3291 3020 3594 3094 ἀνθρώπων
3623 3018 3762 3070 πᾶσαν

2214 3111 2367 3166 νόσον
2401 3112 2495 3166 καὶ
2539 3115 2718 3166 πᾶσαν
2767 3111 3056 3184 μαλακίαν,
3090 3114 3162 3167 τά
3202 3131 3267 3166 τε
3303 3112 3618 3184 ἐνοχλοῦντα
3645 3105 3762 3162 msti-

2218 3224 2381 3277 ματα,
2415 3207 2507 3260 καὶ
2539 3207 2664 3269 τοὺς
2696 3205 3036 3278 ἀκαθάρτους
3079 3206 3355 3278 δαίμονας
3378 3207 3438 3272 ἐξ
3477 3203 3656 3266 αἰῶνος
3682 3217 3759 3271 με·

525 3305 586 3350 ut
617 3295 870 3351 Salvator
898 3303 1106 3361 noster,
1140 3295 1230 3366 qui
1279 3297 1404 3352 talis
1454 3304 1744 3367 tantusque
1792 3305 1904 3360 est,
1937 3305 2108 3351 tenta-

2211 3299 2342 3371 κροῦ
2375 3299 2480 3352 τῶν
2509 3299 2600 3351 ἐπὶ
2633 3299 2737 3370 γῆς
2765 3298 2981 3352 πάντων
3007 3297 3096 3351 διά
3118 3299 3224 3371 τῆς
3253 3297 3520 3352 πολυθέΟυ
3553 3293 3760 3349 δεισιδαι-

526 3389 732 3443 tionem
765 3401 1060 3458 perpessus
1094 3387 1186 3442 sit.
1219 3389 1354 3444 Cum
1387 3389 1552 3459 igitur
1579 3403 1790 3442 omnem
1822 3404 1888 3442 ex
1923 3387 2102 3442 homio

525 3482 690 3537 nibus
733 3479 1112 3552 aegritudinem
1174 3495 1501 3551 omnemque
1557 3480 1904 3551 languorem.
1966 3479 2105 3534 infe-

527 3579 752 3642 stosque
778 3571 1006 3640 spiritus
1039 3579 1202 3640 atque
1234 3571 1483 3642 impuros
1515 3571 1824 3633 (lzemonas,
1857 3574 1948 3640 qui
1979 3572 2104 3640 plu-

527 3663 681 3718 rimis
707 3672 833 3718 ante
860 3663 1078 3718 szrculis
1108 3678 1300 3718 omnes
1328 3663 1421 3734 qui
1457 3663 1514 3718 in
1546 3673 1688 3717 terra
1721 3664 2100 3727 versabantur,

527 3771 622 3827 per
666 3771 786 3810 eam
833 3756 1324 3825 superstitionem,
1358 3771 1478 3826 qua:
1513 3757 1718 3810 multos
1765 3756 1898 3810 deos
1940 3757 2100 3820 colit,

527 3849 894 3914 subegerunt,
925 3855 1074 3902 esset
1101 3849 1435 3917 expulsurus
1457 3887 1471 3911 ,
1501 3864 1612 3902 non
1641 3865 1706 3902 ex
1736 3847 1923 3902 abdito
1945 3849 2102 3918 quasi

529 3943 760 3996 latitans
793 3943 858 3996 ad
891 3957 954 3996 ea
986 3957 1106 4012 quae
1137 3943 1280 3996 dicta
1313 3949 1474 4006 sunt,
1504 3943 1754 3996 accessit.
1783 3940 1886 3995 Sed
1913 3951 2102 3996 contra

528 4035 760 4091 infestos
793 4035 946 4104 prius
977 4035 1311 4105 eosdemque
1341 4033 1650 4089 invisibiles
1681 4035 1978 4104 principes,
2009 4051 2106 4106 per

527 4143 651 4182 eum
673 4167 688 4191 ,
721 4143 880 4197 quem
911 4128 1210 4196 assumpsit
1241 4126 1536 4189 hominem,
1571 4125 1922 4180 militantium
1955 4141 2105 4182 more

529 4217 840 4290 profectus,
878 4226 934 4274 et
966 4219 1021 4273 in
1060 4218 1234 4286 ipsius
1265 4217 1470 4272 diaboli
1507 4217 1780 4281 medium,
1813 4217 2106 4288 omnisque

530 4309 850 4365 daemonicae
880 4319 1116 4364 caterva:
1150 4323 1507 4381 progressus,
1543 4309 1633 4363 ubi
1665 4325 1831 4380 super
1861 4311 2104 4380 aspidem

529 4411 583 4458 et
623 4403 941 4460 basiliscum
979 4403 1309 4465 ambulavit,
1341 4411 1393 4456 et
1431 4401 1773 4456 canculcavit
1809 4403 2018 4458 leonem
2051 4411 2105 4456 ct

529 4494 860 4558 draconem,
915 4495 1199 4563 multoque
1247 4495 1401 4564 prius
1453 4495 1795 4564 regnantium
1855 4494 2108 4548 inimico-

531 4603 684 4648 rum,
711 4595 764 4642 ct
786 4588 956 4640 millia
982 4595 1036 4640 et
1061 4587 1201 4641 dena
1231 4587 1396 4640 millia
1427 4587 1726 4650 subvertit,
1751 4585 2101 4657 principatus

528 4679 785 4733 videlicet
831 4693 895 4733 ac
938 4686 1276 4748 potestates,
1325 4680 1462 4734 alias
1501 4677 1719 4748 quidem
1771 4694 1800 4732 a
1850 4679 2098 4744 dextris,

529 4769 668 4823 alias
697 4784 826 4824 vero
855 4784 883 4822 a
917 4770 1160 4824 sinistris
1194 4769 1459 4824 bellantes
1480 4809 1494 4831 ,
1541 4773 1782 4839 itemque
1821 4785 1916 4826 eos
1941 4811 1954 4835 ,
2006 4771 2098 4841 qui

527 4861 717 4917 mundi
767 4870 1009 4916 rectores
1054 4861 1248 4916 barum
1301 4862 1650 4916 tenebrarum
1702 4861 1986 4926 dicuntur,
2037 4877 2102 4917 ac

529 4953 834 5026 spiritualia
869 4955 1129 5021 malitiae;
1160 4954 1377 5015 omnia,
1411 4954 1667 5024 inquam,
1703 4954 1818 5008 haec
1842 4995 1857 5018 ,
1889 4954 1984 5010 ubi
2017 4953 2103 5008 ni-

527 5045 604 5102 hil
649 5059 812 5118 posse
851 5045 1169 5115 redarguit,
1217 5057 1282 5098 ac
1326 5044 1563 5116 denique
1609 5045 1787 5116 ipsum
1832 5047 2100 5102 malorum

527 5139 830 5212 principem
858 5138 1134 5196 diabolum
1165 5140 1336 5194 verbo
1361 5139 1479 5194 oris
1509 5140 1593 5194 sui
1625 5139 1814 5212 procul
1843 5141 2102 5202 extrusit,

527 5233 912 5303 percurritque
944 5241 1108 5303 atque
1141 5231 1536 5295 inambulavit,
1567 5247 1782 5289 onmem
1815 5233 2108 5288 adversan-

526 5332 634 5380 tem
669 5334 1034 5397 potestatem,
1067 5341 1133 5380 ac
1163 5325 1406 5394 seipsum
1445 5325 1666 5396 quidem
1704 5325 1857 5381 adire
1884 5341 1948 5382 ac
1988 5333 2105 5382 ten-

526 5420 646 5470 tare
687 5416 1002 5474 volentibus
1048 5416 1333 5481 exhibuit,
1385 5429 1487 5471 nec
1535 5418 1825 5488 quisquam
1877 5417 2102 5472 omnino

527 5505 792 5566 adversus
819 5510 972 5566 illum
1003 5517 1152 5568 stare
1181 5511 1360 5583 potuit
1385 5528 1403 5579 -,
1435 5517 1550 5565 tum
1581 5511 1798 5566 demum
1826 5509 1892 5564 ad
1923 5511 2100 5566 homi-

526 5613 658 5656 num
688 5601 917 5660 salutem
943 5605 1198 5662 accessit.
1223 5603 1492 5672 Quocirca
1518 5605 1794 5660 intuentes
1820 5603 1972 5657 illum
1998 5601 2100 5658 da:-

523 5703 720 5748 mones
745 5695 1145 5764 agnoscebant,
1169 5705 1390 5767 propter
1414 5709 1533 5751 eam
1562 5693 1630 5750 de
1652 5709 1758 5766 qua
1783 5693 1991 5749 dictum
2017 5701 2100 5747 est

598 5873 644 5905 "
682 5871 825 5930 Psal.
861 5889 954 5942 xc,
986 5875 1136 5930 l-l3.

2210 3389 2397 3460 μονίας
2431 3391 2844 3462 κεκρατηκότας
2873 3390 3137 3455 ἐλαύνειν,
3175 3392 3286 3445 οὐκ
3317 3393 3383 3445 ἐκ
3420 3389 3514 3443 τοῦ
3541 3383 3753 3457 ἀφανοῦς.

2207 3481 2397 3554 ὥσπερ
2450 3483 2948 3554 ἐπικρυπτόμενος,
2995 3484 3088 3535 ἐπὶ
3133 3483 3206 3536 τὰ
3256 3482 3527 3554 εἰρημένα
3577 3473 3754 3548 παρῄει.

2213 3577 2340 3638 Τοῖς
2374 3575 2766 3648 παρενοχλοῦσι
2802 3574 2858 3627 δὲ
2882 3574 3146 3646 πρότερον
3177 3574 3443 3646 ἀοράτοις
3465 3573 3682 3643 ἄρχουσι,
3699 3564 3752 3617 δι’

2206 3663 2265 3722 οὗ
2292 3667 2578 3740 ἀνείληφεν
2605 3665 2894 3738 ἀνθρώπου
2919 3667 3385 3740 ἐπιστρατεύσας,
3417 3665 3507 3719 καὶ
3528 3663 3601 3726 εἰς
3625 3659 3752 3730 μέσον

2206 3760 2369 3815 αὐτοῦ
2401 3760 2492 3815 τοῦ
2522 3759 2790 3824 διαϐόλου,
2827 3760 2923 3813 καὶ
2967 3759 3169 3824 παντὸς
3209 3759 3310 3814 τοῦ
3344 3753 3638 3829 δαιμονικοῦ
3663 3749 3748 3804 στί-

2207 3871 2340 3924 φους
2391 3851 2695 3926 παρελθὼν,
2741 3851 2936 3916 ἐπιϐάς
2977 3869 3042 3906 τε
3093 3853 3285 3906 ἀσπίδι
3336 3851 3432 3905 καὶ
3477 3843 3744 3918 βασιλίσκῳ.

2205 3945 2302 4000 καὶ
2351 3946 2744 4015 καταπατήσας
2789 3944 2978 3998 λέοντα
3033 3945 3125 3998 καὶ
3171 3945 3469 4017 δράκοντα,
3519 3938 3600 3992 καὶ
3641 3931 3742 3987 πολὺ

2206 4039 2468 4111 πρότερον
2507 4035 2751 4090 καθελὼν
2791 4037 2900 4090 τῶν
2933 4037 3271 4110 ἀρχοντικῶν
3301 4032 3508 4107 ἐχθρῶν
3543 4023 3740 4100 χιλιάδας

2206 4133 2299 4185 καὶ
2337 4129 2621 4202 μυριάδας,
2652 4129 2752 4193 τὰς
2789 4129 2887 4200 μὲν
2914 4129 2980 4182 ἐκ
3008 4129 3116 4182 τῶν
3138 4128 3352 4196 δεξιῶν,
3384 4126 3481 4190 τάς
3507 4123 3558 4176 δὲ
3583 4121 3638 4173 ἐκ
3655 4114 3738 4168 τῶν

2206 4222 2500 4294 εὐωνύμων
2541 4220 2905 4292 πολεμούσας,
2945 4221 3116 4292 ἀρχάς
3152 4237 3212 4274 τε
3257 4220 3354 4276 καὶ
3399 4205 3734 4282 ἐξουσίαςςκαὶ

2205 4314 2268 4384 δὴ
2323 4313 2418 4368 καὶ
2450 4315 2576 4377 τοὺς
2605 4313 2927 4384 λεγομένους
2961 4312 3410 4384 κοσμοκράτορας
3436 4305 3524 4361 τοῦ
3555 4300 3736 4384 σκότους

2206 4404 2416 4465 τούτου,
2465 4405 2534 4457 τά
2564 4421 2623 4456 τε
2667 4402 3010 4474 πνευματικὰ
3049 4403 3148 4472 τῆς
3179 4401 3476 4474 πονηρίας·
3513 4395 3663 4448 πάν-ει
3684 4383 3730 4455 δὴ

2205 4493 2298 4549 οῦν
2342 4495 2512 4548 ταῦτα
2559 4496 2619 4548 τὸ
2662 4495 2828 4566 μηδὲν
2879 4493 3082 4564 ἰσχύειν
3125 4493 3455 4562 ἀπελέγξας,
3493 4485 3580 4540 καὶ
3615 4477 3731 4574 τέλος

2207 4587 2367 4641 αὐτὸν
2398 4589 2488 4641 τὸν
2521 4585 2627 4640 τῶν
2658 4586 2839 4640 κακῶν
2870 4585 3096 4656 ἔξαρχον
3129 4585 3372 4639 διάϐολον
3410 4581 3482 4650 τῷ
3511 4577 3634 4643 λόγῳ
3653 4583 3724 4620 του

2208 4681 2470 4751 στόματος
2500 4680 2664 4734 αὗτοῦ
2708 4679 2924 4752 μακρὰν
2949 4679 3321 4754 ἀποσοϐήσεις,
3354 4671 3559 4730 διελθών
3584 4683 3634 4719 τε
3657 4657 3727 4715 καὶ

2205 4773 2658 4845 ὲμπεριπατήσας
2699 4772 2794 4843 τὴν
2839 4773 3222 4844 ἀντικειμένην
3272 4773 3480 4826 ἃπασαν
3521 4761 3720 4845 δύναμινι

2205 4865 2300 4920 καὶ
2327 4865 2514 4918 ἑαυτὸν
2545 4866 2642 4936 μὲν
2669 4864 2962 4938 παρασχὼν
2999 4869 3110 4930 τοῖς
3139 4865 3351 4918 θέλουσι
3381 4854 3632 4932 προσιέναι
3653 4841 3722 4938 καὶ

2205 4955 2504 5028 πειράζειν,
2539 4957 2764 5027 μηδενὸς
2801 4957 2856 5010 δὲ
2907 4957 3094 5028 στῆναι
3135 4957 3268 5029 πρὸς
3300 4953 3454 5010 αὐτὸν
3481 4933 3718 5009 δεδυνημέ-

2203 5065 2316 5110 νου,
2341 5045 2512 5112 οὕτως
2541 5049 2632 5101 ἐπὶ
2667 5049 2762 5120 τὴν
2791 5049 2897 5103 τῶν
2923 5049 3224 5123 ἀνθρώπων
3251 5045 3510 5120 σωτηρίαν
3540 5032 3716 5123 παρῄειν

2205 5141 2296 5193 Διὸ
2324 5141 2417 5194 καὶ
2449 5139 2681 5212 ὁρῶντες
2707 5119 2869 5196 αὑτὸν
2901 5144 2950 5196 οἱ
2982 5119 3236 5214 δαίμονες
3275 5119 3612 5210 ἐπεγίνωσκον

2203 5231 2304 5302 τῆς
2333 5211 2769 5304 προδηλωθείοης
2807 5233 2950 5288 κατά
2985 5211 3088 5306 τὴν
3113 5233 3317 5306 ἔρημον
3345 5223 3616 5300 διατριϐῆς,
3639 5211 3714 5310 ‘24:

2204 5339 2426 5389 σκοντες
2471 5323 2620 5395 αὑτῴ
2644 5341 2656 5353 ⁸
2701 5343 2719 5374 ι
2753 5323 2817 5377 Τί
2867 5325 3000 5396 ἡμῖν
3049 5325 3143 5379 καί
3176 5343 3280 5393 σοι,
3331 5319 3491 5394 Ἰησοῦ
3525 5311 3604 5369 Υἱὲ
3639 5319 3710 5398 τον

2203 5413 2371 5482 Θεοῦ;
2413 5434 2432 5468 ι
2471 5415 2652 5470 Ταῦτα
2688 5415 2784 5486 μὲν
2811 5409 2904 5470 οὖν
2940 5417 3068 5487 περὶ
3097 5416 3300 5472 τῶνδε·
3333 5413 3399 5470 τά
3425 5410 3476 5465 δὲ
3505 5403 3612 5474 ἐξῆς
3640 5407 3709 5487 τοξδ

2202 5505 2416 5579 ψαλμοῦ
2442 5507 2578 5579 πρὸς
2615 5481 2778 5562 αὑτὸν
2807 5481 3234 5582 ἀναπεῷὡνηται
3263 5509 3350 5564 τὸν
3385 5495 3606 5576 Χριστὸν,
3629 5481 3709 5539 ὰπὸ

2203 5601 2322 5664 τοῦ,
2355 5619 2373 5651 α
2417 5600 2506 5655 Ἐν
2538 5602 2648 5664 τοῖς
2681 5601 3042 5674 μεταφρένοις
3078 5602 3243 5658 αὑτοῦ
3274 5593 3553 5655 ἐπισκιάσει
3581 5589 3702 5674 σφωε

2203 5659 2446 5763 δηλονότι
2471 5693 2500 5748 ό
2529 5659 2810 5763 "regem,
2914 5659 3145 5749 mone;
3172 5693 3271 5762 τὰς
3309 5689 3556 5761 πτέρυγας
3579 5659 3704 5728 αύτοῦ

1215 5877 1261 5908 ³³
1303 5873 1490 5931 Matth.
1525 5891 1613 5940 xv,
1651 5873 1796 5944 1,2;
1831 5873 1998 5930 Marc.
2029 5891 2081 5944 ι,
2122 5875 2301 5941 l2,l5.
