3928 6512
101 402 193 455 ῦῖῚ
1036 403 1691 462 DEMONSTRATIONIS
1727 403 2184 462 EVANGELICIE
2223 405 2351 462 ιω.
2393 402 2483 462 ῐΧ.

3286 411 3389 467 678

101 517 319 581 ἐλπιεῖς.
378 516 583 589 Ὀπλῳ
609 515 883 572 κυκλώσει
911 535 971 572 σε
995 520 1029 590 ἠ
1059 519 1288 592 ἀλήθεια
1316 523 1481 576 αὐτοῦ
1500 540 1514 555 ·
1549 543 1570 576 3
1604 523 1692 576 καὶ

1798 521 1854 576 in
1876 519 2098 576 deserto
2119 525 2630 586 commorationem,
2655 537 2781 578 cum
2805 522 2873 578 ad
2895 525 3073 594 ipsum
3098 524 3343 580 dicerent
3370 545 3383 580 :

98 609 400 682 ἐπειδήπερ
452 611 694 682 ἡμέραις
735 611 1152 684 τεσσαράκοντα
1203 615 1298 667 καὶ
1339 617 1462 679 ταῖς
1507 615 1701 670 τοσαύ-

97 721 207 767 tzt;
253 702 419 768 νυξὶν
470 703 818 774 ἐπειράζετο,
856 705 984 778 περὶ
1019 705 1122 776 μὲν
1153 706 1262 760 τῶν
1300 708 1444 778 ἀμφὶ
1473 707 1574 772 τὰς
1605 707 1700 762 νύ-

97 810 222 857 κτας
257 793 544 846 ἐπιόντων
585 793 736 864 αὐτῷ
767 793 1050 849 λέλεκται’
1089 815 1107 846 ι
1146 797 1219 849 Οὐ
1267 796 1554 870 φοϐηθήσῃ
1592 799 1701 851 ἀπὸ

98 885 255 955 φόϐου
300 885 673 958 νυκτερινοῦ·
718 905 738 937 3
774 888 900 958 περὶ¹
930 887 988 941 δὲ
1025 887 1134 940 τῶν
1169 889 1312 960 ἀμφὶ
1355 889 1457 954 τὰς
1485 891 1700 962 ἡμέρας

99 979 251 1032 αὑτὸν
299 979 727 1050 πολεμούντων,
770 979 851 1043 τὸ,
901 1000 920 1031 ι
960 982 1092 1034 Ἀπὸ
1143 982 1332 1053 βέλους
1383 986 1698 1056 πετωμένου

101 1071 334 1140 ἡμέρας·
379 1089 400 1121 3
441 1072 544 1124 καὶ
579 1067 738 1134 αὖθις
766 1071 896 1143 περὶ
930 1074 1030 1143 μὲν
1054 1073 1163 1126 τῶν
1195 1075 1254 1127 ἐν
1281 1075 1466 1128 νυκτί*
1504 1097 1522 1126 ε
1568 1077 1700 1130 Ἀπὸ

101 1161 433 1232 πράγματος
459 1163 525 1214 ἐν
556 1161 736 1215 σκότει
765 1161 1227 1236 διαπορευομένου
1247 1181 1261 1194 ο
1297 1184 1315 1217 3
1352 1166 1480 1238 περὶ
1507 1165 1563 1219 δὲ
1591 1165 1698 1220 τῶν

100 1253 388 1325 ὲνήμὲρᾳο
417 1272 438 1303 ι
468 1253 603 1308 Ἀπὸ
630 1253 1035 1326 συμπτώματος
1059 1256 1154 1309 καὶ
1177 1256 1454 1328 δαιμονίου
1485 1275 1700 1330 μεσημ-

99 1343 293 1414 ϐρινοῦ.
339 1365 360 1395 3
424 1341 546 1398 Εἶτ’
594 1346 824 1419 ἐπείπερ
867 1348 926 1401 ἐν
968 1347 1046 1418 τῷ
1099 1348 1383 1421 πειράζειν
1439 1350 1698 1422 δυνάμεις

103 1438 325 1510 πονηραὶ
358 1438 638 1493 ἐκύκλουν
667 1440 849 1504 αὑτὸν,
880 1441 974 1493 καὶ
999 1443 1053 1494 αἱ
1078 1442 1176 1513 μὲν
1208 1443 1278 1496 τὰ
1307 1443 1455 1510 δεξιὰ
1490 1444 1699 1516 πλευρά

105 1534 338 1601 συνεῖχον
375 1529 580 1594 αὐτοῦ,
617 1531 752 1585 πολὺ
780 1532 839 1586 δὲ
873 1533 1090 1598 πλείους
1126 1536 1234 1588 τῶν
1268 1537 1590 1608 ἀριστερῶν,
1623 1538 1698 1600 ὼς

109 1623 164 1675 ἄν
194 1621 609 1696 κρατερώτερα
637 1623 735 1694 μὲν
772 1624 840 1679 τὰ
869 1624 1039 1690 δεξιὰ.
1072 1628 1297 1693 εἰκότως
1337 1629 1484 1700 αὑτῷ
1518 1629 1698 1683 ἐπιλέ-

107 1733 288 1784 γεται·
331 1735 352 1767 α
411 1717 682 1770 Πεσεῖται
729 1717 792 1770 ἐκ
832 1717 924 1772 τοῦ
979 1718 1194 1784 κλίτους
1239 1738 1331 1775 σου
1376 1722 1552 1791 χιλιὰς
1606 1724 1697 1776 καὶ

109 1807 292 1879 μυριὰς
326 1809 397 1861 ἐκ
432 1808 632 1876 δεξιῶν
660 1827 754 1864 σου
773 1829 785 1841 ·
821 1811 956 1882 πρδς
981 1812 1040 1865 σὲ
1067 1812 1122 1866 δὲ
1144 1814 1242 1866 οὐκ
1269 1815 1459 1883 ἐγγιεῖ.
1480 1834 1498 1864 3
1533 1815 1696 1867 «Κλί-

108 1917 221 1963 τους
265 1919 283 1952 3
325 1900 460 1952 ἀντὶ
484 1899 578 1953 τοῦ
606 1902 892 1974 ἀριστεροῦ
917 1903 1326 1975 ὡνομασμένου,
1355 1921 1698 1976 παρασεσιω-

109 1982 339 2060 πημένου
374 1989 439 2043 δὲ
466 1991 692 2056 εἰκότως
714 1991 1095 2066 τοῦρνόματος
1136 1994 1228 2048 τοῦ
1262 1997 1571 2068 ἀριστεροῦ,
1618 1996 1698 2065 τῷ

115 2084 261 2153 μηδὲν
287 2084 512 2147 σκαιὸν,
549 2085 683 2155 μηδὲ
716 2085 1002 2156 ἀριστερὸν
1042 2085 1391 2157 εὑρίσκεσθαι
1435 2089 1493 2139 ἐν
1524 2086 1691 2157 αὐτῷ.

114 2176 206 2228 Καὶ
237 2176 432 2248 ἐπειδὴ
471 2177 567 2248 ὅλη
599 2177 814 2249 μυριὰς.
852 2177 987 2249 ὁμοῦ
1017 2177 1072 2231 δὲ
1103 2179 1197 2231 καὶ
1231 2177 1405 2249 χιλιὰς
1433 2179 1494 2231 ἐκ
1519 2196 1576 2232 τε
1599 2179 1695 2232 τοῦ

116 2268 308 2331 κλίτους
345 2268 526 2323 αὐτοῦ
557 2270 652 2323 καὶ
688 2270 796 2324 ἀπὸ
825 2269 932 2323 τῶν
969 2269 1157 2335 δεξιῶν
1193 2269 1476 2324 πεσεῖσθαι
1507 2271 1694 2340 λέγον-

115 2376 207 2420 ται,
239 2361 480 2424 εἰκότως
513 2361 607 2415 ἐπὶ
643 2360 853 2426 τούτοις
893 2362 1021 2432 ἑξῆς
1061 2363 1307 2433 εἴρηται·
1346 2381 1364 2412 ι
1405 2362 1550 2433 Πλὴν
1582 2366 1696 2426 τοῖς

118 2449 395 2521 ἐςθαλμοῖς
444 2469 543 2506 σου
591 2455 968 2524 κατανοήσεις,
1003 2454 1096 2508 καὶ
1129 2454 1480 2508 ἀνταπόδοσιν
1525 2456 1698 2526 ἀμαρ-

117 2542 279 2595 τωλῶν
329 2543 484 2613 ὕψει.
534 2563 551 2596 3
590 2545 701 2598 Καὶ
744 2545 896 2598 ἔσται
961 2545 1166 2609 ταῦτα,
1227 2547 1381 2617 φησι,
1461 2547 1589 2618 περὶ
1635 2548 1695 2601 σέ

119 2633 193 2688 ὢν
224 2634 468 2707 Χριστὸν
489 2637 583 2690 τοῦ
597 2637 754 2703 Θεοῦ,
781 2657 800 2689 ι
827 2639 1122 2709 ἐπειδήπερ
1145 2640 1207 2693 σὺ
1231 2658 1249 2691 3
1275 2639 1456 2703 αὐτὸς,
1491 2635 1535 2692 ὦ
1570 2639 1685 2693 Κύ-

122 2744 208 2796 ριε,
233 2727 289 2792 ὃς
317 2729 614 2800 τυγχάνεις
636 2731 710 2783 ῶν
741 2731 775 2801 ἡ
795 2749 812 2780 ι
846 2731 951 2802 ἐμὴ
988 2731 1160 2794 ἐλπὶς,
1184 2731 1274 2784 τὸν
1299 2731 1558 2800 Ὕψιστον
1572 2731 1693 2784 ἔθου

120 2823 421 2893 καταφυγήν
462 2838 578 2876 σου.
612 2841 629 2873 3
665 2821 832 2875 Ἔνθα
866 2824 959 2876 καὶ
986 2824 1320 2894 ἐπιστήσεις,
1349 2823 1470 2876 τίνα
1495 2823 1694 2895 τρόπον

120 2908 437 2982 ὀπροφήτης
489 2912 626 2984 πρὸς
671 2913 832 2966 αὑτὸν
881 2913 972 2968 τὸν
1018 2913 1222 2985 Κόριόν
1265 2931 1464 2986 φησιν’
1507 2933 1526 2966 ι
1573 2915 1692 2968 Ὅτι

125 3001 195 3061 σὺ.
220 3003 384 3073 Κύριε
421 3003 588 3067 ἐλπίς
633 3023 756 3076 μου,
794 3005 886 3058 τὸν
915 3005 1176 3076 Ὕψιστον
1216 3006 1338 3060 ἔθου
1371 3008 1691 3078 καταφυγήν

126 3106 220 3155 σου,
253 3112 269 3144 ι
306 3093 538 3164 διαιρῶν
568 3093 812 3164 ἀκριϐῶς
841 3094 1026 3166 ἕτερον
1057 3096 1202 3162 ἰδίως
1233 3097 1454 3168 Κύριον,
1484 3098 1691 3152 καὶτὸν

123 3184 286 3237 τούτου
313 3187 540 3256 Πατέρα
585 3186 716 3239 Θεὸν
761 3185 984 3256 ῦψιστον
1006 3205 1019 3217 ·
1055 3187 1133 3242 διὸ
1166 3189 1463 3260 ἐπειδήπερ
1506 3189 1688 3252 αὑτὸν,

126 3279 187 3342 ὡς
225 3280 443 3352 Πατέρα
487 3280 583 3334 καὶ
622 3280 754 3333 Θεὸν
798 3279 1020 3350 ὕψιστον
1069 3281 1391 3352 καταφυγὴν
1436 3281 1629 3334 ἐαυτοῦ
1661 3283 1689 3334 ὁ

127 3369 328 3441 Χριστὸς
355 3372 624 3437 τέθειται,
656 3371 904 3424 λέλεκται
930 3371 1079 3442 αὐτῷ
1121 3373 1200 3436 τὸ,
1239 3391 1256 3422 ι
1295 3373 1368 3425 Οὐ
1406 3372 1691 3444 προσελεύ-

131 3479 257 3518 σεται
286 3467 424 3537 πρὸς
458 3465 520 3518 σὲ
554 3465 720 3530 κακὰ,
750 3466 843 3518 καὶ
885 3464 1082 3536 μάστιξ
1109 3465 1210 3518 οὐκ
1237 3466 1412 3534 ἐγγιεῖ
1445 3466 1522 3536 τῷ
1559 3483 1691 3538 σκη-

129 3552 308 3624 νώματί
335 3573 454 3610 σου.
483 3556 603 3608 Ὅτι
628 3557 741 3619 τοῖς
769 3555 1022 3624 ἀγγέλοις
1053 3553 1216 3607 αὑτοῦ
1244 3555 1538 3609 ἐντελεῖται
1562 3557 1690 3628 περὶ¹

133 3645 228 3710 σοῦ,
257 3647 344 3702 τοῦ
392 3646 722 3717 διαφυλάξαι
775 3663 833 3700 σε
875 3648 934 3700 ἐν
982 3648 1184 3710 πάσαις
1228 3649 1345 3710 ταῖς
1391 3647 1530 3710 ὁδοῖς
1570 3664 1686 3702 σου.

141 3736 241 3792 Ἐπὶ
269 3740 470 3813 χειρῶν
509 3738 702 3811 ἀροῦσί
729 3755 810 3803 σε,
844 3740 1052 3810 μήποτε
1095 3737 1411 3811 προσκόψῃς
1452 3738 1587 3810 πρὸς
1614 3739 1690 3792 λί-

135 3831 206 3886 θον
229 3834 310 3888 τδν
341 3835 485 3889 πόδα
509 3850 626 3888 σου.
659 3852 678 3884 3
715 3833 827 3885 Καὶ
855 3830 1130 3901 ἐπιμελῶς
1157 3847 1218 3898 γε
1241 3831 1394 3902 τήρει
1424 3829 1542 3883 τίνα
1570 3829 1689 3902 τρό-

135 3938 212 3975 πον
239 3927 290 3978 ἐν
329 3923 435 3996 τῷ,
485 3942 505 3976 ι
545 3924 666 3975 ’ὐτι
704 3922 790 3984 σὺ,
825 3919 998 3992 Κύριε
1041 3919 1196 3982 ἐλπίς
1241 3936 1366 3990 μου,
1409 3919 1499 3973 τὸν
1528 3920 1689 3990 ’Ύψιο

139 4031 237 4069 στον
277 4017 398 4072 ἔθου
433 4016 757 4086 καταφυγήν
805 4031 921 4078 σου,
954 4033 972 4066 3
1001 4013 1092 4073 τὸ,
1125 4033 1142 4064 ι
1177 4013 1368 4085 Κύριε.
1402 4032 1421 4063 3
1475 4012 1566 4066 διὰ
1591 4013 1685 4067 τοῦ

134 4112 530 4184 τετραγράμμου
583 4109 844 4180 ὀνόματος
880 4110 936 4161 ἐν
987 4106 1063 4177 τῷ
1120 4105 1386 4178 Ἐϐραῖκῴ
1438 4106 1683 4178 φέρεται,

134 4198 245 4275 ὅπερ
285 4201 666 4274 ανεκφώνητον
707 4197 846 4254 εἶναι
879 4199 1126 4268 λέγοντες
1169 4199 1431 4270 Ἑϐραίων
1473 4200 1682 4264 παῖδες,

136 4294 209 4347 ἐπὶ
233 4298 385 4366 μόνου
413 4294 508 4350 τοῦ
544 4293 680 4349 Θεοῦ
715 4291 1165 4365 παραλαμϐάνειν
1209 4290 1491 4344 εἰώθασιν·
1525 4293 1684 4362 ἡμεῖς

135 4385 180 4440 δὲ
205 4391 286 4442 καὶ
311 4390 405 4444 ἐπὶ
434 4391 533 4459 τῆς
563 4385 656 4440 τοῦ
696 4387 869 4453 Λόγου
909 4383 1159 4454 θεότητος
1185 4384 1242 4435 ἐν
1262 4381 1539 4447 πλείσταις
1569 4383 1681 4436 κεί-

140 4495 270 4546 μενον
311 4482 558 4554 Γραφαῖς
603 4475 1093 4550 προαπεδεῐξαμεν,
1129 4475 1317 4544 ὥσπερ
1372 4475 1464 4528 καὶ
1507 4477 1566 4528 ἐν
1607 4475 1685 4546 τῷ

143 4571 252 4639 μετὰ
283 4577 470 4646 χεῖρας
515 4568 738 4640 ψαλμῷ,
771 4569 830 4632 ὃς
875 4585 1039 4639 φησιν
1067 4568 1148 4630 εἰς
1193 4567 1481 4638 πρόσωπον
1520 4565 1684 4620 αὑτοῦ
1723 4607 1763 4660 D

139 4664 210 4718 τοῦ
243 4666 476 4740 Κυρίου·
519 4683 538 4716 ι
582 4665 702 4717 Ὀτι
736 4662 822 4725 σὺ,
852 4659 1024 4731 Κύριε
1053 4657 1204 4722 ἐλπίς
1249 4675 1370 4730 μου,
1406 4658 1496 4711 τὸν
1530 4659 1688 4728 Ὕψι-

142 4771 237 4810 στον
263 4760 383 4814 ἔθου
428 4758 754 4828 καταφυγήν
785 4773 877 4809 σου
901 4772 913 4785 ·
961 4773 980 4805 3
1013 4753 1295 4824 μονονουχὶ
1323 4752 1524 4820 λέγων·
1565 4754 1687 4806 Ὅτι

145 4849 192 4900 σὺ
224 4853 392 4917 αὐτὸς,
423 4845 469 4904 ὦ
501 4850 696 4922 Κύριε,
729 4848 788 4912 ὃς
823 4845 957 4919 ἐμοῦ
983 4845 1078 4898 τοῦ
1121 4844 1296 4899 ταῦτα
1328 4843 1691 4916 προφητεύον-

140 4955 209 5004 τος
230 4944 374 5010 ἐλπὶς
403 4943 479 4998 ὢν
507 4942 816 5014 τυγχάνεις,
850 4938 1074 5012 μείζονα
1109 4937 1306 4990 σαυτοῦ
1328 4937 1420 4990 τὸν
1443 4937 1574 4990 Θεὸν
1595 4935 1686 4989 τὸν

145 5028 325 5100 ὕψιστον
358 5034 513 5100 εἰδὼς
560 5037 788 5096 ἐκεῖνον,
828 5030 989 5086 αὐτὸν
1034 5030 1157 5083 ἔθου
1196 5029 1516 5099 καταφυγήν
1559 5044 1683 5080 σου·

142 5121 234 5178 ὅθεν
269 5129 358 5184 καὶ
390 5130 450 5182 ἐν
493 5128 635 5199 ἀρχῇ
675 5125 892 5192 ἐλέγετο
921 5121 1015 5175 τοῦ
1047 5119 1261 5192 ψαλμοῦ
1298 5121 1425 5192 περὶ
1461 5120 1554 5173 τοῦ
1593 5120 1685 5174 ati-

145 5214 242 5268 τοῦ·
284 5241 300 5276 ι
338 5222 400 5275 '0
442 5217 715 5275 κατοικῶν
781 5218 840 5269 ἐν
891 5214 1111 5286 βοηθείᾳ
1153 5213 1248 5267 τοῦ
1287 5213 1566 5284 Ὑψίστου,
1623 5215 1682 5266 ὲν

145 5309 284 5386 σκέπῃ
329 5313 424 5368 τοῦ
468 5311 605 5366 Θεοῦ
655 5309 886 5382 οὐρανοῦ
932 5307 1340 5378 αὐλισθήσεται.
1404 5307 1549 5378 Ἐρεῖ
1602 5303 1682 5376 τῷ

147 5400 324 5477 Κυρίῳ·
370 5406 744 5478 Ἀντιλήπτωρ
789 5419 888 5474 μου
918 5397 968 5455 εἷ
1016 5403 1111 5454 καὶ
1145 5401 1434 5470 καταφυγή
1485 5416 1608 5470 μου,
1654 5401 1684 5452 ό

143 5496 244 5560 θεός
274 5515 392 5570 μου,
426 5497 617 5570 βοηθός
654 5514 778 5568 μου,
809 5496 905 5549 καὶ
937 5491 1108 5547 ἐλπιῶ
1135 5493 1223 5545 ἐπ’
1249 5490 1431 5546 αὐτόν.
1465 5488 1682 5562 Ἐπειδὴ

146 5588 283 5646 τοίνυν
329 5595 415 5659 σὺ,
453 5587 500 5646 ὦ
531 5591 727 5664 Κύριε,
767 5589 859 5643 τὸν
893 5587 1158 5657 Ὕψιστον
1201 5586 1322 5641 ἔθου
1359 5583 1682 5655 καταφυγήν

149 5695 236 5746 σου,
260 5705 276 5738 3
293 5689 483 5741 τούτου
510 5685 672 5755 γάριν
699 5681 862 5747 αὒτδς
879 5684 907 5735 ὁ
933 5681 1216 5751 ’Υψιστος,
1238 5680 1427 5754 metu
1453 5675 1679 5750 ῥύσεταί

200 5863 235 5897 ⁸⁸
265 5868 439 5926 Matth.
481 5885 608 5932 mi,
644 5868 710 5924 29

1808 631 1828 664 ι
1861 612 2001 678 Quid
2035 613 2192 667 nobis
2213 623 2266 668 et
2293 614 2386 668 tibi
2415 611 2544 670 Jesu
2568 653 2583 678 ,
2626 615 2727 670 Fili
2763 615 2857 671 Dei
2889 617 2936 649 ”
2962 617 2986 670 ?
3013 637 3030 669 3
3063 616 3186 672 Haec
3221 617 3388 688 igitur

1806 705 1874 758 de
1906 704 1994 758 his
2031 704 2177 758 dicta
2225 717 2374 760 sunt.
2407 705 2540 771 Qua:
2588 723 2718 762 vero
2763 707 3028 778 deinceps
3075 709 3128 762 in
3175 713 3388 779 pSulmO

1805 805 2134 866 sequuntur,
2163 797 2228 851 ad
2259 798 2434 868 ipsum
2464 797 2742 852 Christum
2773 800 3132 854 enuntiantur
3162 818 3226 855 ex
3256 802 3386 859 illo:

1809 909 1826 939 ι
1866 887 1922 941 1η
1977 889 2218 958 scapuiis
2270 890 2388 943 suis
2436 890 2788 945 obumbrabit
2836 892 2967 953 tibi,
3015 911 3032 942 3
3067 893 3386 948 Altissimus

1803 981 2055 1034 videlicet
2077 1021 2091 1043 ,
2125 1000 2143 1031 ι
2172 989 2226 1036 et
2253 982 2357 1035 sub
2383 982 2484 1035 alis
2511 982 2632 1050 ejus
2660 984 2936 1052 sperabis,
2965 991 3122 1038 scuto
3149 967 3386 1038 circnm-

1802 1071 1953 1126 dabit
2001 1081 2055 1127 te
2093 1073 2297 1129 veritas
2335 1077 2456 1140 ejus
2479 1113 2494 1135 ,
2530 1094 2548 1126 3
2571 1085 2623 1128 et
2653 1075 2913 1144 quoniam
2955 1076 3150 1131 diebus
3183 1092 3248 1130 xi.
3279 1093 3382 1131 no-

1802 1164 2096 1232 ctibusque
2129 1163 2354 1218 totidem
2394 1173 2634 1220 tentatus
2670 1175 2786 1231 est,
2820 1167 2889 1222 de
2921 1167 2989 1223 iis
3021 1169 3242 1237 quidem
3284 1171 3377 1237 qui

1800 1264 1967 1309 noctu
1995 1257 2145 1310 illum
2173 1254 2523 1317 invadebant,
2549 1256 2753 1311 dictum
2780 1257 2954 1312 estad
2983 1260 3160 1329 ipsum
3183 1279 3196 1314 :
3221 1278 3239 1310 ι
3265 1259 3385 1316 Non

1802 1348 2027 1402 timebis
2059 1363 2086 1400 a
2120 1348 2315 1422 timore
2348 1356 2618 1402 nocturno
2646 1367 2658 1414 ;
2694 1368 2712 1400 3
2740 1348 2806 1403 de
2843 1350 2911 1404 iis
2940 1366 3070 1405 vero
3100 1351 3193 1420 qui
3223 1367 3380 1405 eum-

1799 1438 1921 1494 dem
1954 1455 2050 1510 per
2079 1441 2223 1494 dictn
2255 1442 2644 1511 oppugnabant
2666 1481 2680 1503 ,
2716 1441 2851 1494 illud
2881 1461 2894 1496 :
2935 1461 2952 1492 ι
2986 1443 3029 1496 Α
3061 1443 3256 1514 sagitta
3288 1459 3384 1499 ro-

1799 1533 1947 1587 lante
1986 1532 2041 1585 in
2079 1533 2166 1587 die
2192 1550 2206 1598 ;
2235 1552 2252 1583 3
2279 1535 2407 1587 item
2449 1534 2517 1588 de
2554 1535 2842 1588 nocturnis
2889 1533 3032 1598 illis,
3079 1535 3253 1590 illud:
3284 1555 3304 1588 ι
3336 1537 3383 1592 Λ

1800 1623 2022 1694 negotio
2049 1625 2468 1694 perambulante
2497 1627 2551 1680 in
2580 1626 2857 1692 tenebris;
2885 1645 2904 1678 3
2927 1627 2994 1682 de
3016 1626 3228 1682 diurnis
3253 1645 3383 1684 vero

1800 1716 1931 1770 illud
1959 1736 1972 1770 :
2003 1735 2021 1766 ι
2058 1717 2142 1770 Ab
2175 1719 2396 1772 incursu
2429 1728 2482 1772 et
2509 1718 2778 1773 dtemonio
2810 1720 3137 1775 meridiano.
3175 1740 3192 1772 3
3218 1720 3380 1792 435

1800 1808 1878 1862 Ad
1924 1809 2058 1874 haec,
2099 1811 2358 1879 quoniam
2397 1809 2525 1863 dum
2567 1811 2904 1873 tentabatur,
2940 1811 3192 1881 maligna:
3229 1819 3384 1882 pote-

1800 1908 1969 1956 states
1997 1902 2146 1955 illum
2174 1903 2639 1964 circumstabant,
2665 1911 2716 1957 et
2745 1920 2864 1974 quae
2890 1903 3107 1973 quidem
3137 1906 3284 1960 illius
3311 1906 3382 1959 la-

1797 1999 1888 2048 tus
1913 1993 2165 2048 dextrum
2194 1995 2490 2061 stipabant,
2516 1995 2757 2049 sinistris
2783 1996 2952 2047 multo
2980 1995 3162 2063 plures
3186 2003 3342 2050 erant
3361 2035 3378 2060 ,

1799 2094 1984 2156 utpote
2030 2103 2154 2142 cum
2201 2087 2392 2142 dextra
2436 2087 2593 2157 longe
2645 2088 2755 2141 sint
2794 2088 3130 2148 valentiora,
3180 2089 3380 2144 merito

1797 2177 2114 2248 adjungitur
2129 2177 2196 2231 ad
2227 2177 2478 2231 eumdem
2504 2196 2515 2231 :
2543 2196 2561 2228 ι
2591 2175 2798 2232 Cadent
2826 2194 2854 2231 a
2889 2178 3055 2232 latere
3085 2185 3177 2232 tuo
3208 2178 3376 2241 mille.

1797 2276 1853 2325 et
1884 2269 2072 2324 decem
2104 2268 2272 2322 millia
2306 2283 2335 2320 a
2367 2268 2574 2323 dextris
2601 2267 2709 2323 tuis
2732 2308 2748 2331 ,
2773 2269 2836 2321 ad
2865 2277 2916 2323 te
2939 2278 3119 2325 autem
3145 2285 3251 2324 non
3283 2284 3380 2340 ap-

1795 2360 2208 2431 propinquabit.
2235 2379 2254 2411 3
2280 2357 2384 2413 Ubi
2427 2377 2445 2408 (
2472 2374 2501 2411 a
2547 2359 2714 2413 latere
2747 2379 2765 2411 3
2795 2359 3004 2414 dictum
3045 2369 3154 2427 est,
3187 2375 3285 2430 pro
3311 2375 3378 2415 eo

1795 2449 1941 2520 quod
1965 2456 2045 2503 est
2077 2464 2106 2502 a
2136 2449 2385 2504 sinistro.
2415 2448 2552 2502 Cum
2585 2459 2765 2504 autem
2793 2465 2991 2504 nomen
3019 2448 3234 2505 sinistri
3264 2465 3378 2505 me-

1795 2543 1904 2596 rito
1930 2542 2364 2612 prtetermissum
2397 2541 2468 2596 sit
2501 2556 2564 2594 ac
2593 2542 2820 2595 tacitum
2839 2581 2854 2606 ,
2882 2557 2950 2596 ne
2981 2542 3197 2598 adversi
3225 2543 3380 2610 quid-

1795 2635 1939 2704 piam
1973 2641 2068 2688 aut
2104 2634 2317 2688 sinistri
2357 2633 2411 2688 in
2445 2635 2537 2688 illo
2571 2634 2795 2704 reperiri
2833 2635 3107 2697 rideatur,
3140 2649 3380 2706 cumque

1796 2734 1910 2780 tota
1941 2725 2130 2781 decem
2162 2725 2330 2780 millia
2352 2765 2366 2786 ,
2399 2741 2610 2780 necnon
2642 2727 2760 2796 ipsa
2791 2726 2971 2790 mille,
3005 2734 3122 2780 tum
3150 2741 3181 2782 ει
3207 2725 3376 2783 latere

1793 2819 1915 2886 ejus
1935 2857 1949 2880 ,
1979 2825 2092 2870 tum
2123 2833 2150 2870 a
2179 2817 2389 2872 dextris
2416 2832 2612 2872 casura
2637 2833 2762 2873 esse
2788 2817 3067 2884 dicantur,
3093 2818 3218 2886 jure
3242 2817 3379 2889 optic

1794 2923 1884 2962 mo
1925 2915 2048 2978 post
2078 2908 2196 2978 ipsa
2230 2908 2343 2963 bare
2371 2909 2633 2978 deinceps
2667 2909 2872 2962 dictum
2905 2919 2988 2964 est
3023 2909 3156 2964 illud
3185 2929 3196 2963 :
3225 2928 3243 2962 ι
3273 2907 3377 2967 νου

1793 3009 2101 3056 rumtamen
2142 3002 2318 3056 oculis
2354 3002 2466 3056 tuis
2507 3001 2920 3064 considerabis,
2971 3009 3026 3056 et
3060 3002 3378 3057 retributio-

1795 3109 1916 3148 nem
1953 3105 2302 3163 peccatorum
2337 3093 2569 3148 videbis.
2601 3113 2618 3144 3
2646 3093 2712 3147 Et
2741 3094 2856 3149 base
2877 3133 2892 3158 ,
2921 3094 3138 3164 inquit,
3166 3094 3377 3149 circum

1795 3193 1848 3241 te
1876 3192 2069 3250 erunt,
2101 3185 2195 3255 qui
2225 3201 2284 3240 es
2312 3184 2571 3241 Christus
2599 3185 2728 3249 Dei,
2760 3208 2776 3237 ‹
2803 3187 3065 3256 quoniam
3092 3193 3149 3239 tu
3174 3205 3192 3239 3
3217 3186 3336 3256 ipse
3357 3226 3374 3249 .

1797 3280 1890 3348 qui
1941 3294 2001 3334 es
2039 3299 2056 3328 ι
2090 3294 2216 3348 spes
2267 3293 2420 3342 mea,
2455 3279 2800 3333 Altissimum
2834 3279 3066 3348 posuisti
3105 3277 3375 3348 refugium

1798 3379 1973 3426 tuum.
2007 3369 2152 3425 iUbi
2208 3371 2375 3424 etiam
2431 3370 2723 3440 diligenter
2769 3370 3090 3424 obserrabis
3136 3385 3376 3440 quonam

1796 3472 1955 3533 pacto
1989 3463 2253 3533 propheta
2294 3461 2362 3516 ad
2407 3463 2586 3532 ipsum
2637 3461 2924 3515 Dominum
2957 3461 3142 3516 dicat:
3176 3479 3195 3514 ι
3227 3462 3378 3528 Quo-

1798 3558 1939 3609 niam
1960 3562 2016 3607 ιιι
2075 3553 2459 3622 Domine,spes
2497 3569 2636 3619 mea,
2664 3553 3002 3607 Altissiminn
3031 3553 3258 3621 posuisti
3286 3567 3378 3608 re-

1796 3645 2006 3717 fugium
2041 3655 2232 3702 tuum:
2270 3663 2288 3697 3
2325 3645 2415 3698 ubi
2445 3645 2717 3714 exquisite
2753 3645 2985 3700 alterum
3008 3685 3022 3708 ,
3057 3645 3149 3716 qui
3191 3644 3377 3714 priva-

1795 3741 1892 3794 tim
1928 3747 2013 3794 est
2042 3737 2341 3803 Dominus,
2377 3737 2446 3792 ab
2477 3740 2648 3793 altero
2681 3737 2969 3808 distinguit
3003 3738 3095 3821 qui
3128 3745 3182 3793 et
3209 3737 3374 3808 hujus

1797 3833 1970 3903 ipsius
2002 3839 2086 3887 est
2122 3830 2312 3895 Pater,
2343 3841 2398 3886 et
2427 3839 2690 3902 praetcrea
2716 3830 2855 3886 Deus
2897 3831 3200 3887 altissimus
3238 3831 3378 3886 dici-

1795 3935 1921 3981 tur:
1975 3934 2505 3998 quapropter,'cum
2556 3925 2707 3979 illum
2758 3932 2821 3979 ut
2884 3921 3144 3986 Patrem,
3205 3935 3374 3996 utque

1795 4019 1963 4074 Deum
2005 4019 2334 4074 altissimum
2362 4057 2378 4082 ,
2421 4016 2690 4088 refugium
2735 4032 2934 4081 suum,
2973 4015 3227 4073 Christus
3268 4031 3373 4089 po-

1795 4111 1999 4175 suerit,
2037 4110 2244 4164 dictum
2283 4116 2370 4164 est
2408 4111 2457 4164 ei
2506 4107 2680 4164 illud:
2711 4127 2727 4159 ι
2756 4107 2875 4162 Νοιι
2909 4109 3172 4164 accedent
3211 4107 3279 4162 ad
3317 4113 3372 4162 te

1793 4200 1934 4253 mala
1955 4239 1969 4262 ,
2000 4206 2054 4253 et
2083 4197 2356 4268 flagellum
2387 4212 2495 4252 non
2525 4198 2986 4268 appropinquabit
3015 4198 3372 4254 tabernaculo

1793 4299 1907 4344 tuo.
1942 4291 2212 4357 Quoniam
2246 4291 2455 4360 angelis
2487 4290 2604 4345 suis
2634 4290 2915 4344 mandabit
2942 4289 3011 4345 de
3039 4300 3124 4354 te,
3167 4296 3227 4344 ut
3273 4305 3371 4344 eu-

1793 4383 2031 4437 stodiant
2064 4391 2116 4437 te
2148 4382 2201 4436 in
2230 4383 2487 4436 omnibus
2513 4383 2615 4436 viis
2643 4382 2770 4436 tuis.
2807 4381 2860 4435 In
2892 4383 3145 4436 inanibus
3175 4389 3364 4452 porta-

1790 4474 1926 4528 bunt
1950 4483 2032 4537 te,
2056 4489 2124 4528 ne
2149 4473 2290 4526 forte
2312 4473 2557 4528 offendas
2582 4471 2648 4526 ad
2675 4471 2905 4542 lapidem
2933 4471 3124 4542 pedem
3151 4481 3361 4526 tutnn.3

1792 4565 1857 4619 Et
1886 4583 2019 4622 sane
2050 4567 2342 4638 diligenter
2375 4567 2610 4621 observa
2641 4579 2877 4636 quonam
2909 4565 3076 4618 modo
3096 4604 3109 4627 ,
3145 4566 3199 4627 in
3233 4565 3362 4622 illo:

1795 4678 1812 4711 ι
1845 4659 2110 4724 Quoniam
2145 4669 2222 4725 tu,
2256 4658 2484 4713 Domine
2543 4672 2669 4726 spes
2700 4672 2842 4719 mea,
2893 4654 3234 4712 Altissimum
3270 4674 3367 4728 po-

1791 4749 1951 4804 suisti
1991 4747 2263 4819 refugium
2305 4757 2482 4814 tuum;
2513 4767 2530 4799 3
2562 4746 2695 4802 illud
2731 4766 2743 4801 :
2777 4765 2793 4796 ι
2827 4744 3087 4808 Domine,
3118 4764 3136 4797 3
3174 4761 3271 4816 per
3313 4747 3366 4800 id

1788 4858 1988 4897 nomen
2021 4842 2166 4912 quod
2199 4850 2435 4912 quatuor
2469 4841 2667 4895 litteris
2703 4846 2953 4900 constat,
2997 4839 3050 4892 in
3093 4836 3366 4894 Hebraico

1790 4936 2056 5003 scriptum
2091 4934 2193 5000 sit,
2235 4933 2382 5004 quod
2416 4949 2540 4987 cum
2583 4931 2980 4988 inenuntlabile
3017 4946 3140 4986 esse
3179 4930 3366 4985 dicant

1790 5024 2024 5086 Hebraei,
2058 5041 2159 5095 pro
2191 5026 2309 5080 solo
2343 5025 2450 5080 Deo
2481 5034 2534 5080 et
2563 5023 2727 5080 Patre
2759 5039 3024 5094 usurpare
3053 5037 3358 5078 consueve-

1787 5126 1952 5185 runt;
1995 5133 2096 5172 nos
2133 5125 2316 5172 autem
2361 5117 2503 5172 idem
2547 5131 2743 5170 nomen
2788 5114 2879 5168 ubi
2921 5114 2989 5168 de
3025 5110 3185 5166 Verbi
3227 5127 3365 5182 quo-

1786 5226 1894 5282 que
1945 5209 2236 5265 divinitate
2291 5209 2488 5278 agitur.
2547 5207 2602 5262 in
2655 5206 2909 5278 plurimis
2958 5205 3192 5275 positum
3240 5219 3364 5260 esse

1788 5301 2094 5373 Scripturis
2135 5307 2298 5355 antea
2338 5299 2840 5354 demonstravimus
2868 5339 2882 5362 ,
2925 5305 2986 5350 ιιι
3025 5296 3154 5350 item
3195 5295 3248 5349 in
3297 5311 3362 5349 eo

1785 5396 2000 5466 psalmo
2033 5394 2126 5465 qui
2164 5407 2313 5448 nunc
2347 5393 2400 5446 in
2442 5393 2700 5446 manibus
2728 5400 2848 5456 est,
2882 5390 2976 5461 qui
3017 5390 3094 5444 ait
3119 5389 3189 5444 'in
3236 5405 3360 5460 per-

1787 5502 1980 5542 sonam
2035 5485 2212 5557 ipsius
2264 5483 2484 5538 Domini
2553 5501 2618 5538 ιι
2655 5482 2928 5550 Quoniam
2977 5489 3076 5547 tu,
3132 5480 3382 5543 Domine.

1783 5593 1913 5650 spes
1961 5593 2103 5642 mea,
2145 5576 2488 5632 Altissimum
2527 5574 2760 5648 posuisti
2798 5574 3069 5646 refugium
3107 5581 3300 5640 tuum,
3334 5593 3356 5630 3

1782 5683 2049 5752 tanquam
2081 5671 2128 5731 si
2164 5671 2411 5729 diceret:
2445 5668 2718 5738 Quoniam
2749 5677 2810 5730 tu
2842 5670 2990 5740 ipse,
3021 5684 3057 5728 ο
3088 5666 3320 5727 Domine
3340 5708 3358 5736 ,
