3928 6504
568 396 673 451 679

1181 390 1457 450 EUSEBH
1491 390 1973 450 CASSARIENSIS
2007 393 2160 453 OPP.
2204 392 2404 450 PARS.
2433 391 2501 449 II.
2536 422 2606 434 —
2642 387 3146 446 APOLOGETICA.

3720 385 3832 442 680

565 507 664 578 qui
702 521 824 562 mea
862 521 990 577 spes
1020 520 1081 561 es
1111 505 1413 561 divinantis
1444 507 1593 575 haec;
1625 507 1779 562 illum
1814 523 1845 562 a
1876 523 1988 580 quo
2018 509 2131 580 ipse

2237 527 2296 564 σε
2334 510 2400 563 ἐκ
2437 508 2666 578 παγίδος
2689 505 2971 578 θηρευτῶν
2997 507 3094 560 xui.
3125 504 3232 558 ἀπὸ
3256 503 3415 574 λόγου
3448 502 3826 578 ταραχώδους,

566 613 629 654 es
693 595 861 652 Deum
921 597 1254 653 altissimum
1305 597 1495 664 nosti,
1533 605 1590 653 et
1628 597 1778 652 hunc
1817 599 1998 670 ipsum
2044 615 2143 670 po-

567 690 728 746 suisti
768 688 1040 760 refugium
1081 695 1236 744 tuum
1262 730 1278 757 ,
1317 705 1382 744 ex
1418 705 1530 760 quo
1567 691 1732 746 etiam
1773 691 1830 746 in
1871 692 2142 764 principio

566 781 764 851 psalmi
793 779 862 835 de
896 780 1089 835 eodem
1123 781 1412 836 dicebatur
1437 800 1450 835 :
1481 799 1499 833 ι
1523 779 1626 846 Qui
1657 781 1872 836 habitat
1902 783 1960 837 in
1989 784 2144 852 adju-

566 873 711 927 torio
741 871 1012 925 Altissimi
1032 911 1048 934 ,
1082 873 1136 925 iu
1165 872 1505 941 protectione
1539 871 1634 928 Dei
1665 874 1791 928 caeli
1827 889 2142 930 commora-

564 963 731 1017 bitur.
763 960 930 1034 536
961 961 1112 1016 Dicet
1148 961 1380 1017 Domino
1400 1002 1415 1027 ,
1456 972 1744 1032 susceptor
1777 981 1933 1022 meus
1961 981 2020 1022 es
2040 1008 2056 1035 ,
2086 977 2142 1022 et

562 1054 836 1126 refugium
890 1071 1107 1118 meum,
1163 1055 1305 1110 Deus
1352 1071 1547 1120 meus,
1599 1057 1819 1125 adjutor
1855 1073 2044 1124 meus,
2087 1069 2142 1115 et

562 1149 799 1218 sperabo
841 1150 894 1203 in
935 1165 1104 1203 eum:
1148 1151 1409 1218 quoniam
1462 1149 1631 1220 igitur
1668 1158 1761 1216 tu,
1799 1167 1833 1207 0
1875 1151 2136 1218 Domine,

559 1241 906 1297 Altissimum
942 1242 1175 1310 posuisti
1218 1242 1485 1312 refugium
1526 1250 1716 1305 tuum,
1746 1263 1764 1296 ι
1793 1244 2018 1309 idcirco,
2054 1245 2141 1300 in-

559 1334 717 1403 quit,
753 1334 870 1403 ipse
901 1333 1226 1388 Altissimus
1254 1353 1273 1385 ι
1302 1333 1553 1388 liberabit
1587 1341 1642 1388 te
1680 1349 1710 1388 a
1751 1336 1944 1406 laqueo
1972 1351 2140 1392 vena-

559 1433 740 1480 torum
789 1433 843 1479 et
894 1425 964 1478 ab
1012 1425 1262 1481 oratione
1306 1427 1659 1492 turbulenta,
1698 1435 1751 1483 et
1792 1430 1847 1482 in
1894 1428 2139 1499 scapulis

559 1519 676 1572 suis
707 1517 1057 1572 obumbrabit
1093 1519 1212 1575 tibi.
1246 1538 1264 1571 ι
1294 1519 1644 1591 Quapropter
1674 1536 1799 1576 cum
1832 1521 1929 1575 tali
1969 1520 2139 1577 fultus

560 1611 640 1667 sis
679 1618 907 1682 paterno
941 1611 1212 1667 Altlssimi
1246 1614 1452 1669 auxilio
1475 1655 1488 1677 .
1523 1633 1541 1666 ι
1573 1629 1684 1670 non
1729 1614 1949 1670 timebis
1993 1629 2024 1667 a
2069 1615 2140 1668 ti-

559 1719 714 1760 more
743 1713 1042 1769 nocturno,
1065 1724 1084 1756 ι
1113 1721 1293 1776 neque
1325 1707 1552 1762 omnino
1584 1724 1613 1761 a
1647 1708 1904 1778 quopiam
1945 1723 2136 1764 eorum

559 1811 681 1866 quae
709 1797 967 1866 praedicta
1005 1806 1164 1864 sunt,
1197 1814 1261 1853 ac
1289 1814 1357 1854 ne
1387 1799 1456 1853 ab
1487 1801 1554 1854 iis
1584 1800 1803 1870 quidem
1831 1816 1953 1870 quae
1981 1799 2138 1856 dein-

2243 604 2335 656 καὶ
2366 605 2424 656 ἐν
2445 603 2554 665 τοῖς
2585 599 2941 672 μεταφρένοις
2967 596 3133 650 αὐτοῦ
3166 595 3476 649 ἐπισκιάσει
3505 612 3610 650 σοι.
3654 614 3673 647 ι
3704 597 3826 648 Διός

2242 711 2346 766 περ
2373 693 2470 764 τὴν
2499 691 2752 762 τοιαύτην
2786 691 2925 761 ἔχων
2957 688 3230 763 πατρικὴν
3261 687 3356 742 τοῦ
3393 688 3649 758 Ὑψίστου
3698 686 3825 758 βοή-

2242 784 2410 848 θειαν,
2442 785 2504 837 ού
2538 782 2819 856 φοϐηθήσῃ
2855 780 2962 835 ἀπὸ
2993 781 3159 850 φόϐου
3185 778 3519 850 νυκτερινοῦ,
3554 778 3678 833 οὕτε
3715 778 3822 831 ἀπό

2239 893 2385 939 τινος
2416 875 2523 928 τῶν
2549 872 3112 947 προκατειλεγμένων,
3147 871 3280 925 ἀλλά
3311 871 3433 924 οὐδὲ
3460 873 3525 925 ἐκ
3550 871 3661 925 τῶν
3691 871 3818 942 ἑξῆς

2241 969 2683 1042 ἐπιφερομένωνο
2743 985 2761 1018 ι
2816 966 2969 1020 Ἐπεὶ
3021 984 3039 1017 ι
3089 965 3199 1037 γὰρ
3259 984 3279 1016 ι
3327 965 3429 1029 σὺ,
3479 965 3673 1037 Κύριε,
3727 967 3816 1019 τὸν

2244 1061 2506 1130 ’Υψιστον
2540 1059 2661 1114 ἔθου
2711 1059 3033 1130 καταφυγήν
3079 1075 3193 1118 σου,
3227 1057 3315 1112 διὰ
3354 1055 3512 1112 τοῦτο
3553 1059 3616 1110 ού
3649 1075 3814 1130 προσ-

2241 1157 2520 1211 ελεύσεται
2546 1156 2680 1228 πρός
2723 1173 2784 1209 σε
2816 1155 2986 1220 κακά,
3023 1155 3116 1208 καὶ
3159 1153 3356 1225 μάστιξ
3397 1155 3498 1207 οὐκ
3537 1155 3715 1222 ἐγγιεῖ
3739 1153 3811 1224 τῷ

2243 1246 2562 1318 σκηνώματί
2607 1263 2722 1299 σου.
2769 1264 2788 1296 ι
2833 1245 3123 1312 Μάστιγας
3166 1243 3223 1297 δέ
3265 1243 3363 1308 τὰς
3405 1243 3514 1296 ἀπὸ
3545 1244 3809 1314 δαιμόνων

2240 1340 2522 1411 ἐνεργείας
2558 1339 2654 1391 καὶ.
2681 1339 2740 1391 ἐν
2776 1339 2890 1401 τοῖς
2929 1335 3287 1405 Εύαγγελίοις
3315 1335 3720 1407 ὀνομαζομένας
3743 1336 3807 1388 ἂν

2239 1428 2441 1501 εὕροις,
2490 1428 2557 1493 ἂς
2600 1428 2725 1482 ούδέ
2772 1427 3093 1501 πλησιάζειν
3145 1427 3346 1498 τολμᾷν
3391 1426 3472 1498 τῷ
3501 1426 3806 1498 σκηνώματι

2236 1521 2331 1575 τοῦ
2380 1519 2638 1593 Χριστοῦ,
2678 1521 2924 1574 τουτέστι
2969 1519 3047 1591 τῷ
3090 1519 3300 1590 σώματι
3346 1520 3534 1584 αὑτοῦ,
3585 1519 3803 1583 δυνατὰς

2238 1611 2378 1670 εἷναί
2413 1632 2564 1686 φησι.
2600 1614 2725 1678 Πῶς
2756 1613 2886 1687 γὰρ,
2921 1614 3010 1667 ὅτε
3056 1613 3199 1684 λόγῳ
3236 1613 3395 1684 μόνον
3431 1613 3605 1676 αύτάς
3631 1613 3686 1680 ἐξ
3716 1615 3802 1666 ἁν-

2239 1708 2472 1781 θρώπων
2505 1709 2706 1780 ήλασες
2741 1707 2876 1779 Περὶ
2905 1707 3092 1761 τούτου
3128 1708 3184 1760 δέ
3208 1705 3300 1761 τοῦ
3331 1707 3682 1778 σκηνώματός
3714 1707 3800 1760 καὶ

2238 1809 2266 1860 ὁ
2317 1802 2479 1857 Δαϐίδ
2522 1818 2652 1854 ποτε
2708 1820 2727 1852 ι
2768 1800 2950 1872 ὤμοσε
2996 1801 3074 1872 τῷ
3121 1801 3330 1874 Κυρίῳ,
3367 1801 3462 1854 xui
3497 1801 3692 1873 ηὔξατο
3728 1802 3800 1870 τῷ

558 1903 689 1960 ceps
728 1889 1044 1945 adduntur:
1089 1906 1214 1945 nam
1259 1910 1279 1943 ι
1311 1893 1569 1960 quoniam
1602 1867 1707 1958 tu,
1747 1867 1998 1959 Domine,
2041 1895 2131 1948 Al-

2235 1892 2354 1964 Θεῷ
2394 1891 2609 1955 Ἰακὼϐ,
2640 1911 2658 1943 ι
2708 1867 2907 1961 λέγων·
2951 1911 2969 1943 ι
3005 1867 3068 1945 Ei
3106 1867 3450 1964 ἀναϐήσομαι
3495 1867 3589 1945 ἐπὶ
3625 1867 3799 1962 κλίνης

556 1982 837 2036 tissimum
884 1984 1120 2053 posuisti
1167 1983 1436 2054 refugium
1481 1993 1634 2038 tuum
1656 2025 1672 2049 ,
1699 2005 1717 2037 ι
1743 1984 1952 2040 idcirco
1982 2005 2000 2037 ι
2024 2001 2132 2040 non

557 2077 821 2132 accedent
865 2077 933 2130 ad
971 2083 1026 2131 te
1068 2077 1249 2139 mala,
1281 2086 1334 2133 et
1384 2077 1656 2149 ﬂagellum
1690 2093 1800 2132 non
1841 2078 2137 2148 appropin-

554 2170 746 2241 quabit
789 2170 1144 2225 tabernaculo
1176 2178 1290 2224 tuo.
1325 2190 1343 2217 ι
1373 2169 1610 2241 Flagella
1653 2187 1822 2240 porro
1860 2170 2135 2226 efficacius

557 2262 803 2334 ipsorum
838 2264 1148 2318 daemonum
1192 2263 1358 2318 etiam
1408 2263 1465 2317 in
1507 2263 1821 2335 Evangeliis
1859 2261 2135 2318 nominari

555 2355 970 2427 deprehendes,
1001 2371 1139 2426 quas
1181 2371 1248 2410 ne
1291 2355 1736 2427 appropinquare
1773 2357 1996 2426 quidem
2037 2370 2138 2410 au-

554 2449 686 2504 dere
738 2447 965 2504 idoneas
1004 2463 1129 2502 esse
1209 2447 1285 2501 ait
1334 2448 1693 2503 tabernaculo
1740 2447 1982 2512 Christi,
2030 2448 2135 2502 hoc

553 2547 638 2594 cst
668 2540 886 2609 corpori
919 2539 1065 2608 ejus.
1105 2538 1208 2605 Qui
1239 2539 1384 2593 enim
1429 2538 1484 2592 id
1524 2539 1868 2608 potuissent,
1913 2537 2135 2609 quando

555 2632 674 2686 solo
713 2633 883 2687 verbo
923 2648 1018 2688 eas
1055 2647 1123 2686 ex
1168 2632 1487 2686 hominibus
1532 2633 1873 2702 expellebat?
1919 2632 1987 2687 de
2029 2632 2135 2686 hoc

554 2734 734 2781 autem
771 2726 1157 2788 tabernaculo,
1189 2725 1356 2778 etiam
1398 2722 1567 2777 David
1597 2724 1834 2794 quodam
1881 2724 1937 2778 in
1977 2724 2131 2788 loco,

557 2819 788 2888 «iuravit
816 2817 1068 2877 Domino,
1087 2825 1140 2870 et
1169 2826 1354 2870 votum
1382 2816 1530 2869 vovit
1565 2814 1672 2868 Deo
1698 2813 1870 2869 Jacob
1899 2816 2004 2877 ⁸³.»
2046 2815 2134 2870 his

551 2910 736 2967 verbis
763 2929 776 2966 :
805 2928 824 2960 ι
851 2907 907 2963 Si
942 2908 1245 2964 ascendero
1279 2909 1332 2962 in
1365 2908 1564 2962 lectum
1601 2907 1758 2961 strati
1789 2909 1929 2970 mei,
1961 2908 2007 2964 si
2037 2909 2136 2963 de-

552 3004 686 3057 dero
715 3016 968 3056 somnum
1001 2999 1179 3054 oculis
1209 2999 1376 3064 meis,
1423 3004 1476 3052 et
1508 2997 1784 3067 palpebris
1827 2998 1961 3052 meis
2002 2998 2134 3053 dor-

554 3093 926 3154 mitationem,
973 3097 1029 3145 et
1067 3088 1314 3159 requiem
1363 3086 1704 3157 temporibus
1745 3086 1882 3142 meis
1906 3126 1920 3149 ,
1953 3086 2131 3143 donec

551 3185 824 3240 inveniam
864 3185 1042 3237 locum
1099 3181 1363 3244 Domino,
1415 3179 1828 3234 tabernaculum
1879 3179 1991 3235 Deo
2041 3179 2198 3273 Ja-C

550 3278 654 3333 cob
679 3278 745 3332 ⁵⁸.
769 3296 788 3329 ι
811 3275 988 3346 Hujus
1019 3275 1186 3345 igitur
1217 3271 1563 3327 tabernaculi
1597 3286 1763 3326 causa
1799 3273 2124 3328 dicebatur:

559 3390 576 3422 ι
609 3369 730 3425 Non
753 3368 976 3423 timebis
1005 3382 1035 3422 a
1066 3367 1266 3421 timore
1295 3373 1591 3427 nocturno,
1621 3385 1640 3416 ι
1665 3371 1721 3418 et
1751 3363 1886 3419 illud
1916 3384 1929 3420 ;
1959 3383 1978 3415 ι
2007 3363 2130 3436 Ipse

555 3464 811 3520 liberabit
843 3471 897 3517 te
930 3461 999 3515 de
1045 3463 1242 3530 laqueo
1301 3466 1659 3521 venatorum,
1695 3465 1750 3513 et
1780 3459 1848 3512 ab
1880 3459 2130 3514 oratione

549 3559 919 3619 turbulenta,»
941 3563 995 3612 et
1025 3555 1157 3609 illud
1183 3574 1198 3610 :
1225 3573 1245 3606 ι
1276 3552 1397 3608 Non
1426 3553 1690 3607 accedent
1707 3553 1773 3607 ad
1803 3563 1856 3607 te
1883 3555 2046 3619 mala,
2075 3563 2130 3610 et

547 3652 820 3724 ﬂagellum
851 3665 960 3706 nou
992 3646 1456 3718 appropinquabit
1485 3645 1846 3700 tabernaculo
1874 3654 1969 3701 tuo
1991 3687 2006 3711 ,
2037 3666 2054 3698 ι
2074 3654 2129 3702 et

547 3759 891 3816 quaecunque
932 3741 1002 3797 ad
1045 3741 1323 3795 hominem
1369 3739 1545 3809 magis
1590 3739 1892 3808 spectantia
1925 3738 1992 3792 de
2034 3739 2130 3794 illo

547 3839 694 3893 dicta
727 3845 890 3899 sunt,
925 3835 1068 3890 sicut
1099 3833 1262 3888 etiam
1306 3831 1439 3886 illud
1469 3851 1481 3886 :
1508 3850 1524 3882 ι
1551 3830 1774 3900 Angelis
1816 3830 1932 3885 suis
1973 3847 2129 3886 man-

548 3929 699 3984 dabit
742 3929 810 3984 de
852 3936 906 3982 te
928 3966 943 3990 ,
986 3933 1048 3980 ut
1087 3924 1402 3981 custodiant
1432 3931 1485 3978 te
1507 3963 1521 3986 ,
1555 3943 1572 3976 ι
1594 3932 1648 3977 et
1679 3923 1848 3978 illud:
1875 3943 1893 3976 ι
1920 3924 1979 3978 ln
2011 3939 2129 3977 ma-

549 4021 714 4076 nibus
760 4017 1063 4089 portabunt
1103 4025 1190 4078 te,
1237 4031 1305 4070 ne
1347 4014 1487 4069 forte
1517 4014 1762 4070 offendas
1791 4015 1856 4069 ad
1893 4015 2128 4085 lapidem

550 4112 740 4184 pedem
770 4121 948 4166 tuum.
980 4129 997 4161 ι
1019 4108 1174 4162 Talia
1202 4108 1345 4163 enim
1379 4107 1445 4162 ad
1474 4105 1644 4162 Deum
1689 4107 1798 4162 dici
1845 4122 2126 4178 nunquam

547 4205 863 4260 conveniet:
898 4211 954 4256 at
973 4217 1107 4258 vero
1136 4201 1203 4255 ad
1229 4201 1642 4256 tabernaculum
1667 4201 1807 4269 ejus.
1833 4201 1978 4268 quod
2006 4216 2129 4271 pro-

548 4308 668 4372 pter
706 4313 808 4354 nos
847 4295 1152 4366 assumpsit
1178 4337 1192 4360 ,
1235 4310 1347 4365 quo
1385 4301 1631 4365 tempore
1663 4313 1681 4345 ι
1719 4292 1954 4349 Verbum
1995 4309 2127 4349 caro

548 4392 752 4446 factum
796 4400 913 4459 est,
963 4398 1020 4444 et
1067 4387 1335 4442 habitavit
1378 4387 1434 4440 in
1465 4387 1625 4442 nobis
1659 4387 1728 4453 ⁵⁷,
1757 4405 1776 4440 ι
1802 4387 2118 4441 conveniet.

545 4485 820 4540 Caeterum
841 4499 952 4537 non
975 4481 1073 4536 abs
1097 4495 1156 4536 re
1181 4479 1312 4534 mihi
1330 4478 1552 4550 quidem
1569 4478 1794 4533 videbor
1822 4477 2022 4540 facere,
2049 4477 2119 4542 si,

2239 1989 2528 2059 στρωμνῆς
2568 2003 2688 2057 μου,
2726 1987 2774 2038 εἰ
2807 1985 2961 2040 δώσω
3000 1986 3166 2040 ὕπνον
3203 1988 3316 2050 τοῖς
3353 1984 3650 2056 ὀφθαλμοῖς
3680 2002 3791 2056 μου,

2234 2081 2330 2133 xui
2361 2083 2474 2143 τοῖς
2523 2079 2812 2151 βλεφάροις
2847 2097 2949 2150 μου
2995 2078 3325 2148 νυσταγμὸν,
3371 2079 3465 2132 xui.
3511 2079 3793 2132 ἀνάπαυσιν

2234 2174 2346 2236 τοῖς
2390 2171 2684 2242 κροτάφοις
2721 2188 2845 2242 μου,
2880 2171 2986 2234 ἐως
3018 2164 3079 2223 οὕ
3118 2169 3264 2241 εὕρω
3295 2170 3459 2223 τόπον
3490 2169 3571 2240 τῷ
3601 2170 3790 2242 Κυρίῳ,

2237 2267 2501 2337 σκήνωμα
2531 2263 2605 2335 τῷ
2658 2263 2777 2334 Θεῷ
2821 2262 3033 2317 Ἰακώϐ.
3070 2283 3088 2313 ι
3140 2262 3250 2316 Καὶ
3288 2262 3480 2316 τούτου
3535 2278 3597 2330 γε
3646 2264 3792 2316 ἕνεκα

2234 2358 2327 2412 τοῦ
2365 2357 2718 2430 σκηνώματος
2751 2357 2998 2426 ἐλέγετο·
3037 2376 3055 2408 ι
3090 2358 3163 2410 Οὐ
3193 2356 3475 2430 φοϐηθήσῃ
3514 2358 3620 2411 ἀπὸ
3644 2356 3787 2425 φόϐου

2233 2452 2571 2524 νυκτερινοῦ,
2617 2471 2635 2503 ι
2669 2452 2762 2505 xui
2795 2451 2876 2518 τὸ,
2919 2470 2938 2502 ‹
2979 2450 3150 2514 Αύτὸς
3187 2449 3410 2521 ῥύσεταί
3448 2468 3507 2504 σε
3536 2453 3598 2504 ἐκ
3642 2451 3787 2518 παγίο

2233 2543 2320 2606 δος
2345 2543 2624 2614 θηρευτῶν
2658 2545 2754 2597 καὶ
2797 2544 2904 2598 ἀπὸ
2935 2543 3094 2613 λόγου
3118 2543 3488 2615 ταραχώδους,
3535 2563 3554 2595 ο
3595 2547 3679 2597 καὶ
3712 2545 3782 2604 τὸ,

2239 2653 2258 2687 ι
2290 2636 2364 2688 Οὐ
2401 2635 2816 2708 προσελεύσεται
2849 2634 2987 2708 πρὸς
3028 2635 3088 2688 σὲ
3134 2635 3299 2699 κακὰ,
3341 2637 3435 2690 xui
3469 2636 3660 2707 μάστιξ
3701 2637 3784 2689 οὐκ

2233 2729 2406 2797 ἐγγιεῖ
2436 2726 2514 2798 τῷ
2546 2727 2860 2800 σκηνώματι
2886 2745 3004 2791 σου,
3047 2748 3066 2778 ι
3103 2729 3197 2783 xui
3221 2729 3322 2782 ὃσα
3351 2728 3784 2800 ἀνθρωπινώτερα

2233 2821 2359 2893 περὶ
2388 2821 2551 2874 αὑτοῦ
2582 2819 2863 2874 λέλεκται·
2890 2819 2965 2883 ὼς
2995 2820 3090 2874 xui
3115 2820 3196 2884 τὸ,
3237 2838 3256 2871 ι
3284 2820 3409 2882 Τοῖς
3429 2820 3675 2889 ἀγγέλοις
3699 2819 3780 2871 αὐ-

2230 2911 2324 2966 τοῦ
2375 2913 2667 2966 ἐντελεῖται
2707 2911 2834 2983 περὶ
2880 2912 2995 2975 σοῦ,
3036 2910 3130 2964 τοῦ
3164 2911 3485 2982 διαφυλάξαι
3521 2929 3612 2965 σε·
3647 2932 3662 2962 υ
3704 2911 3782 2964 καὶ

2231 3003 2310 3068 τὸ,
2347 3023 2364 3056 ι
2405 3005 2528 3060 Ἐπὶ
2560 3005 2756 3078 χειρῶν
2780 3002 2975 3076 ἀροῦσί
3008 3020 3066 3056 σε
3095 3004 3303 3074 μήποτε
3337 3005 3649 3076 προσκΜς
3669 3001 3781 3074 12gb;

2231 3095 2374 3150 λίθον
2405 3096 2496 3150 τὸν
2531 3097 2666 3150 πόδα
2713 3113 2828 3148 σου.
2863 3114 2881 3144 ι
2922 3094 3109 3148 Ταῦτα
3140 3093 3249 3166 γὰρ
3294 3095 3392 3148 οὐκ
3438 3093 3505 3148 ἂν
3550 3095 3624 3158 ὡς
3669 3094 3782 3164 πρὸς

2231 3189 2364 3244 Θεὸν
2390 3189 2642 3258 λέγεσθαι
2670 3190 2922 3262 ἀρμόσοι,
2958 3189 3093 3260 πρὸς
3119 3189 3176 3243 δέ
3208 3188 3269 3242 τὸ
3315 3189 3581 3260 σκήνωμα
3621 3185 3778 3248 αὑτοῦ,

2230 3281 2366 3354 ὅπερ
2388 3281 2454 3336 δι’
2487 3282 2635 3353 ἡμᾶς
2659 3281 2966 3353 ἀνείληφεν,
2993 3281 3082 3334 ὅτε
3119 3299 3135 3331 ι
3162 3281 3190 3334 ό
3218 3279 3388 3348 Λόγος
3411 3278 3549 3350 σὰρξ
3576 3279 3778 3348 ἐγένετο,

2231 3375 2326 3428 xui.
2362 3375 2671 3446 ἐσκήνωσεν
2715 3377 2772 3428 ἐν
2795 3376 2949 3445 ἡμῖν.
2991 3393 3008 3425 ι
3046 3374 3205 3426 Δοκεῖ
3233 3371 3290 3425 δέ
3327 3387 3417 3442 μοι
3453 3369 3632 3433 καλῶς
3662 3369 3780 3439 ἔχειν

2231 3463 2369 3535 ὑπὲρ
2416 3461 2679 3535 ἀκριϐοῦς
2721 3461 3064 3533 βεϐαιώσεως
3101 3461 3210 3514 τῶν
3239 3459 3548 3532 εἰρημένων
3574 3460 3662 3513 καὶ
3699 3458 3780 3520 τὰς

2229 3556 2338 3610 τῶν
2387 3555 2590 3610 λοιπῶν
2635 3555 2986 3628 ἐρμηνευτῶν
3033 3553 3357 3626 παραθεῖναι
3407 3553 3622 3622 φωνάς·
3667 3545 3780 3605 ὧνό

2232 3648 2331 3719 μὲν
2376 3647 2605 3710 Ἀκύλας
2636 3647 2809 3710 οὕτως
2858 3645 3092 3716 ἔφησεν·
3146 3663 3164 3696 ι
3221 3646 3340 3697 ’Ότι
3383 3645 3471 3710 σὺ,
3505 3644 3672 3716 Κύριε
3712 3644 3781 3696 ξλ-

2229 3739 2321 3803 πίς
2357 3757 2482 3810 μου,
2521 3739 2784 3808 ’Ὕψιστον
2813 3737 3016 3810 ἔθηκας
3059 3737 3374 3810 οίκητήριόν
3425 3755 3540 3790 σου.
3575 3738 3646 3791 Οὐ
3676 3752 3778 3807 μετ-

2227 3832 2525 3904 αχθήσεται
2549 3831 2687 3903 πρὸς
2713 3831 2770 3884 σέ
2787 3830 2956 3895 κακὰ,
2982 3830 3075 3884 καὶ
3098 3829 3208 3900 ἀφὴ
3229 3829 3329 3882 οῦκ
3359 3831 3536 3898 ἐγγιεῖ
3555 3832 3609 3883 ἐν
3625 3829 3774 3899 σκέπῃ

2231 3940 2325 3977 σου
2355 3941 2370 3955 ο
2425 3925 2507 3977 ὅτι
2548 3921 2800 3992 ἀγγέλοις
2847 3921 3013 3975 αὑτοῦ
3063 3921 3381 3986 ἐντελεῖται,
3429 3921 3524 3975 τοῦ
3573 3920 3772 3990 φυλάξαι

2230 4031 2288 4068 σε
2325 4017 2384 4069 ἐν
2424 4015 2625 4078 πάσαις
2650 4016 2772 4077 ταῖς
2800 4013 2938 4076 όδοῖς
2979 4030 3071 4066 σου
3092 4029 3106 4044 ·
3145 4031 3164 4065 ›
3197 4014 3225 4066 ό
3253 4013 3310 4066 δὲ
3341 4013 3634 4084 Σύμμαχος
3653 4030 3668 4045 ο
3689 4011 3772 4063 «Σὺ

2227 4105 2356 4179 γὰρ,
2376 4106 2570 4178 Κύριε,
2591 4106 2790 4175 ἀφοϐία
2810 4123 2933 4177 μου,
2956 4105 3182 4176 ὑψίστην
3195 4105 3317 4158 ἔθου
3339 4106 3442 4178 τὴν
3461 4108 3662 4178 οἴκησίν
3677 4124 3770 4160 σου.

2228 4199 2302 4251 Ού
2337 4196 2651 4268 κατισχύσει
2681 4213 2774 4249 σου
2807 4196 2996 4259 κακὸν,
3032 4195 3155 4249 οὕδέ
3185 4195 3296 4267 ἁφὴ
3325 4197 3502 4265 ἐγγιεῖ
3530 4201 3594 4268 τῇ
3630 4197 3771 4267 σκηνῇ

2229 4305 2356 4342 σου·
2402 4291 2485 4343 ὅτι
2525 4291 2638 4351 τοῖς
2669 4287 2920 4358 ἀγγέλοις
2967 4286 3132 4340 αὑτοῦ
3177 4286 3471 4341 ἐντελεῖται
3524 4291 3645 4361 περὶ
3677 4287 3771 4347 σοῦ,

2224 4382 2317 4436 τοῦ
2367 4381 2688 4450 διαφυλάξαι
2735 4397 2794 4434 σε
2841 4383 2899 4434 ἐν
2943 4382 3146 4444 πάσαις
3203 4381 3361 4446 όδοῖς.
3401 4401 3419 4433 ι
3475 4382 3675 4437 Οὐκοῦν
3703 4380 3775 4434 διὰ

2224 4476 2427 4530 τούτων
2477 4475 2656 4528 αὐτῶν
2688 4475 2765 4546 τῷ
2791 4475 2982 4547 Κυρίῳ
3031 4476 3278 4529 λέλεκται
3320 4477 3398 4540 ώς
3442 4478 3572 4549 περὶ
3615 4478 3772 4547 ἐτέρου

547 4592 658 4648 quo
675 4575 1004 4646 exquisitius
1027 4589 1091 4628 ac
1107 4573 1362 4628 stabilius
1383 4588 1445 4626 ea
1467 4587 1589 4640 qua:
1611 4571 1905 4625 dictasunt
1927 4569 2123 4624 conﬁr-

2232 4569 2472 4640 μείζονος
2518 4569 2600 4632 τὸ,
2653 4589 2670 4620 ι
2704 4570 2828 4632 Τοῖς
2863 4570 3112 4638 ἀγγέλοις
3149 4571 3314 4624 αὑτοῦ
3354 4572 3639 4626 ἐντελεῖται
3669 4571 3772 4641 περὶ

546 4678 786 4734 mentur,
810 4667 1146 4737 reliquorum
1179 4680 1400 4736 quoque
1433 4665 1794 4732 interpretum
1824 4662 2126 4718 sententias

545 4763 925 4830 editionesque
946 4761 1049 4814 hoc
1073 4759 1194 4812 loco
1222 4771 1477 4827 posuero,
1502 4770 1734 4824 quorum
1763 4770 1908 4809 unus
1932 4753 2127 4826 Aquila

547 4857 602 4910 in
631 4854 777 4908 hunc
819 4851 1040 4906 modum
1082 4848 1319 4904 reddidit
1347 4867 1361 4904 :
1388 4865 1406 4898 ι
1435 4846 1705 4913 Quoniam
1733 4855 1790 4901 tu
1814 4886 1829 4910 ,
1860 4845 2090 4903 Domine
2109 4887 2124 4910 ,

545 4961 671 5017 spes
708 4959 850 5008 mea,
897 4943 1239 4998 Altissimum
1283 4940 1512 5012 posuisti
1554 4940 1921 4995 habitaculum
1945 4948 2121 4994 tuum.

2225 4661 2340 4724 σοῦ,
2373 4660 2464 4714 τοῦ
2493 4661 2878 4732 διαφυλάσσειν
2913 4678 2970 4714 σε
3001 4664 3058 4716 ἐν
3089 4663 3290 4728 πάσαις
3323 4667 3444 4728 ταῖς
3476 4665 3628 4729 ὁδοῖς,
3672 4663 3766 4717 Ἐπὶ

2223 4753 2421 4826 χειρῶν
2465 4754 2656 4826 ἀροῦσί
2699 4771 2780 4820 σε,
2825 4753 3021 4824 δηλαδὴ
3063 4754 3125 4808 σὲ
3166 4754 3258 4809 τὸν
3300 4755 3538 4828 Κύριον,
3591 4757 3768 4826 μήποτε

2225 4847 2289 4898 σὺ
2327 4847 2356 4899 ό
2384 4844 2590 4918 Κύριος
2638 4846 2955 4921 προσκόψῃς
2996 4847 3132 4919 πρὸς
3163 4847 3314 4902 λίθον
3347 4849 3438 4903 τὸν
3470 4849 3600 4904 πόδα
3625 4865 3722 4900 σου.
3749 4872 3764 4894 ι

2223 4941 2460 5006 Ταύταις
2478 4941 2535 4995 δὲ
2557 4941 2650 4994 καὶ
2671 4943 2700 4995 ό
2721 4940 2964 5005 διάϐολος
2984 4943 3105 5006 ταῖς
3126 4940 3336 5006 λέξεσιν
3359 4942 3418 4994 ἐν
3445 4942 3522 5013 τῷ
3549 4941 3672 4995 κατὰ
3690 4935 3764 4990 τοῦ

542 5039 661 5095 Non
693 5037 1052 5093 traducentur
1087 5034 1155 5089 ad
1187 5043 1240 5089 te
1271 5033 1413 5087 mala
1443 5073 1456 5096 ,
1487 5040 1541 5088 et
1571 5041 1754 5087 tactus
1787 5048 1898 5088 non
1928 5047 2122 5103 appro-

2232 5033 2470 5107 Σωτῆρος
2492 5033 2649 5105 ἡμῶν
2670 5033 2963 5106 πειρασμῷ
2988 5032 3275 5106 κέχρηται,
3298 5035 3411 5102 ὅτε,
3438 5029 3762 5106 «Παραλαϐὼν

543 5131 904 5206 pinquabitin
936 5129 1279 5202 protectione
1313 5135 1406 5181 tua
1431 5127 1721 5198 :quoniam
1757 5126 1968 5195 angelis
2001 5126 2119 5182 suis

2232 5127 2378 5182 ιύτδν
2427 5129 2507 5192 είς
2535 5128 2633 5198 τὴν
2677 5127 2840 5197 ἁγίαν
2890 5127 3065 5192 πόλιν,
3117 5127 3346 5200 ἔστησεν
3397 5128 3558 5182 αὑτὸν
3605 5126 3683 5180 ἐπὶ
3717 5121 3763 5174 τὺ

542 5219 862 5288 mandavit,
897 5233 957 5280 ut
989 5221 1304 5278 custodiant
1341 5228 1396 5274 te
1425 5220 1481 5273 in
1513 5219 1772 5274 omnibus
1802 5219 1907 5274 viis
1937 5220 2066 5274 tuis.
2095 5237 2115 5271 ι

2232 5219 2508 5292 πτερύγιον
2531 5218 2628 5274 τοῦ
2656 5219 2825 5293 ἱεροῦ,
2852 5219 2948 5273 xui.
2973 5216 3128 5274 εἶπεν
3159 5219 3333 5292 αὐτῷ’
3367 5221 3431 5276 Ei
3465 5221 3590 5285 Υἱὸς
3619 5215 3664 5272 εἶ
3688 5213 3761 5269 τοῦ

543 5318 651 5375 Sed
683 5317 1069 5390 Symmachus,
1094 5333 1112 5366 ι
1136 5312 1220 5369 Τιι
1254 5314 1425 5377 enim,
1463 5311 1664 5384 inquit,
1692 5310 1944 5374 Domine,
1959 5325 2121 5366 secu-

2232 5311 2372 5379 θεοῦ,
2405 5311 2534 5382 βάλε
2569 5310 2795 5366 σεαυτὸν
2831 5310 3083 5366 ἐντεῦθεν
3124 5312 3295 5368 κάτω.
3323 5313 3631 5385 Γέγραπται
3660 5309 3759 5379 γὰρ.

540 5413 678 5468 ritas
711 5425 830 5467 mea
851 5449 867 5473 ,
895 5409 1220 5463 altissimam
1257 5403 1490 5478 posuisti
1518 5402 1914 5458 habitationem
1939 5409 2112 5456 tuam.

538 5501 700 5576 537
732 5501 852 5556 Non
904 5501 1200 5556 invalescet
1237 5498 1526 5553 adversum
1559 5504 1615 5552 te
1667 5496 1894 5557 malum,
1936 5508 2119 5564 neque

539 5603 721 5648 tactus
773 5592 1235 5664 appropinquabit
1267 5589 1507 5645 tentorio
1530 5595 1627 5643 tuo
1667 5607 1681 5642 :
1720 5587 1982 5658 quoniam
2016 5601 2116 5639 an-

539 5687 676 5762 gelis
703 5686 820 5742 suis
865 5685 1147 5740 mandabit
1175 5684 1242 5739 de
1284 5692 1357 5748 te,
1383 5691 1444 5738 ut
1474 5679 1785 5738 custodiant
1831 5685 1887 5734 te
1919 5679 1974 5733 in
2003 5693 2118 5733 om-

616 5874 662 5908 ⁸⁸
702 5869 849 5929 Psal.
881 5884 1080 5934 cum,
1113 5870 1168 5928 θ.
1245 5872 1290 5902 ⁸⁸
1330 5870 1459 5926 ibid.
1494 5870 1612 5927 3-5.
1691 5871 1733 5903 ⁸⁷
1772 5867 1928 5925 Joau.
1971 5883 2019 5932 ι,
2058 5867 2144 5923 Η.

2224 5403 2306 5456 ὅτι
2349 5404 2462 5467 τοῖς
2506 5403 2763 5472 ἀγγέλοις
2795 5401 2962 5458 αὐτοῦ
3015 5405 3309 5462 ἐντελεῖται
3361 5407 3489 5480 περὶ
3524 5404 3644 5468 σοῦ,
3689 5400 3762 5454 καὶ

2224 5494 2316 5548 ἐπὶ
2342 5494 2538 5567 χειρῶν
2562 5493 2756 5566 ἀροῦσί
2783 5511 2865 5558 σε,
2910 5497 3122 5568 μήποτε
3149 5498 3464 5571 προσκόψῃς
3497 5496 3626 5572 πρὸς
3647 5493 3760 5546 λίθον

2222 5587 2314 5641 τὸν
2353 5587 2486 5641 πόδα
2525 5603 2642 5640 σου.
2681 5586 2826 5660 Πρὸς
2875 5587 2936 5642 δν
2978 5591 3007 5642 ό
3035 5589 3238 5660 Κύριος
3287 5590 3447 5662 ἡμῶν
3484 5583 3758 5661 ἀποκριθεκ

2224 5676 2383 5735 εἴπεο
2457 5679 2799 5749 Γέγραπταιο
2844 5681 2984 5736 .οὕκ
3046 5682 3397 5754 ἐκπειράσεις
3451 5683 3643 5754 Κύριον
3688 5672 3758 5728 τὸν
