3928 6498
219 377 311 431 681

1132 380 1785 438 DEMONSTBATIONIS
1825 382 2287 440 EVANGELICIE
2329 384 2458 441 LIB.
2496 385 2586 444 IX.

3361 389 3472 445 632

213 497 340 550 Θεόν
369 513 487 548 υυυ.
525 515 545 548 ι
601 501 696 549 Et:
754 496 874 548 ἐπεὶ
926 498 982 548 ὲν
1031 494 1112 566 τῷ
1155 498 1447 568 πειρασμῷ
1497 495 1634 566 μετᾶ
1689 497 1782 550 τῶι

1900 499 2062 554 nibus
2086 500 2210 554 viis.
2251 518 2269 551 ι
2302 497 2472 571 lgitur
2503 505 2655 558 nisre
2703 503 2836 573 ipsis
2883 505 3220 566 auctoribus.
3264 506 3330 560 ad
3363 505 3470 562 Do-

211 593 442 666 Θηρίων,
476 591 622 646 κατὰ
656 592 748 645 τον
781 589 1192 662 εὐαγγελιστὴν,
1240 590 1496 661 διέτριϐε,
1537 591 1707 644 ποίων
1738 591 1795 644 δὲ

210 686 308 738 οὐκ
351 685 809 754 ἀναγέγραπται,
867 681 1200 753 σαφέστερον
1250 680 1408 735 τοῦτο
1448 681 1581 734 αὐτὸ
1621 684 1654 752 ἡ
1699 679 1794 734 τοῦ

208 775 423 848 ψαλμοῦ
459 782 766 848 προφητεία
808 778 876 829 τά
910 776 1024 844 εἴδη
1057 774 1166 828 τῶν
1198 774 1404 846 Θηρίων
1447 776 1792 846 αἰνιττομένη

211 872 406 943 φησίν·
454 890 474 922 ι
517 872 642 924 Ἐπὶ
673 871 875 924 ἀσπίδα
905 869 1001 921 καὶ
1049 867 1357 938 βασιλίσκον
1395 867 1664 938 ὲπιὸήσῃ,
1700 867 1794 920 καὶ

209 967 622 1037 καταπατήσεις
675 964 864 1016 λέοντα
914 962 1008 1016 καὶ
1053 961 1340 1033 δράκοντα.
1386 979 1404 1013 ο
1469 961 1640 1022 Αὐτὸς
1696 960 1794 1030 μὲν

205 1054 300 1112 οὖν
332 1057 402 1110 τὰ
446 1056 801 1128 ἀρχικώτατα
851 1055 960 1108 τῶν
1001 1053 1206 1124 νοητῶν
1234 1051 1436 1123 Θηρίων
1466 1052 1655 1105 λέοντα
1701 1052 1795 1105 καὶ

204 1150 500 1220 δράκοντα,
533 1148 736 1202 ἀσπίδα
770 1148 864 1201 καὶ
905 1145 1238 1217 βασιλίσκον,
1269 1145 1431 1198 αὑτὸν
1470 1143 1670 1215 δηλαδὴ
1699 1145 1794 1197 τὸν

200 1242 474 1304 διάϐολον,
505 1243 602 1296 καὶ
625 1240 728 1304 τὰς
754 1240 1049 1310 μετάὑτοῦ
1075 1238 1404 1312 ἀρχοντικὰς
1424 1238 1518 1292 καὶ
1549 1254 1684 1308 πονη
1695 1236 1794 1308 ρὰς

202 1333 467 1402 δυνάμεις
508 1333 921 1402 καταπατήσειν
964 1328 1414 1401 μεμαρτύρηταιο
1461 1329 1573 1389 τοῖς
1612 1325 1792 1396 δὲτὴν

198 1425 394 1495 ὁμοίαν
420 1424 626 1496 ἀρετὴν
655 1423 804 1493 αὐτῷ
829 1421 1187 1492 κεκτημένοις
1215 1419 1484 1491 μαθηταῖς
1521 1419 1616 1472 καὶ
1655 1419 1792 1471 ἀπο-

205 1517 416 1581 στόλοις
453 1517 620 1570 αὑτοῦ
654 1517 752 1586 τὴν
784 1514 1032 1579 ἐξουσίαν
1062 1512 1225 1576 αὐτὸς
1252 1511 1347 1564 τοῦ
1377 1513 1567 1564 πατεῖν
1609 1510 1793 1564 ἐπάνω

201 1611 377 1678 ὄφεων
444 1611 542 1663 καὶ
605 1607 881 1678 σκορπίων
927 1607 1213 1678 δωρεῖται,
1270 1605 1369 1658 οὐκ
1431 1603 1536 1657 ἐῶν
1597 1604 1792 1666 αὐτοὺς

204 1700 574 1771 πειρασθῆναι
617 1699 756 1768 ὑπὲρ
795 1696 824 1749 ὅ
866 1696 1146 1751 δύναιντο*
1188 1696 1348 1766 μόνου
1391 1695 1500 1766 γὰρ
1528 1690 1596 1766 ἦν
1625 1693 1790 1748 αὐτοῦ

1897 591 2103 644 miuum
2163 599 2421 661 tanquam
2482 594 2550 650 de
2600 593 2830 650 Domino
2886 597 3091 652 dictum
3141 605 3226 654 est
3283 600 3467 657 illud:

1901 701 1922 734 ι
1963 685 2184 754 Angelis
2235 687 2351 741 suis
2383 687 2656 741 mandavit
2688 689 2754 744 de
2797 699 2868 754 te,
2903 699 2962 745 ut
2989 693 3300 746 custodiant
3331 703 3384 748 te
3411 693 3468 748 in

1895 776 2151 834 omnibus
2183 777 2290 834 viis
2321 780 2449 834 luis.
2484 779 2539 835 ln
2567 781 2816 837 manibus
2849 784 3141 852 portabunt
3171 791 3244 843 te.
3281 785 3472 840 videli-

1895 878 1978 924 cet
2002 876 2052 924 te
2087 867 2398 934 Dominum,
2432 887 2502 926 ne
2545 872 2682 928 forte
2714 884 2769 928 tu
2812 874 3076 931 Dominus
3117 875 3362 933 oﬂ‘endas
3400 876 3470 932 ad

1895 960 2130 1031 lapidem
2188 961 2377 1031 pedem
2430 971 2604 1017 tuum.
2656 986 2674 1018 ι
2709 965 2850 1031 Quin
2890 968 3053 1022 etiam
3103 969 3356 1024 diabolus
3411 970 3468 1025 in

1895 1054 2196 1108 tentatione
2243 1053 2509 1109 adversus
2553 1055 2890 1112 Salvatorem
2941 1069 3216 1123 nostrum,
3259 1059 3468 1116 eisdem

1895 1161 2030 1200 usus
2059 1155 2144 1200 est
2178 1146 2380 1204 verbis.
2405 1147 2622 1216 quando
2647 1166 2666 1198 ι
2697 1158 3036 1219 assumptum
3074 1151 3222 1205 illum
3257 1152 3308 1206 in
3341 1167 3470 1207 san-

1893 1245 2037 1292 ctam
2069 1237 2342 1292 civitatem
2371 1238 2654 1292 constituit
2688 1253 2853 1308 supra
2879 1239 3233 1308 pinnaculum
3253 1241 3463 1311 templi,

1892 1337 1947 1384 et
1977 1328 2115 1382 dixit
2153 1329 2202 1384 ei
2239 1347 2254 1384 :
2291 1328 2348 1383 Si
2392 1327 2564 1386 Filius
2615 1328 2706 1385 Dei
2751 1345 2832 1396 es,
2875 1331 3027 1386 mitte
3069 1333 3299 1402 teipsum
3335 1333 3468 1388 hinc

1892 1421 2170 1478 deorsum.
2227 1419 2504 1492 Scriptum
2558 1431 2643 1477 est
2690 1423 2858 1485 enim,
2914 1423 3060 1493 quod
3091 1426 3298 1496 angelis
3349 1427 3466 1482 suis

1893 1512 2171 1566 mandabit
2189 1510 2256 1567 de
2284 1518 2356 1575 te,
2382 1512 2513 1568 etin
2547 1512 2797 1568 manibus
2813 1513 3106 1583 portabunt
3137 1525 3206 1581 te,
3241 1533 3307 1570 ne
3326 1515 3466 1572 forte

1891 1602 2135 1658 ollendas
2163 1603 2228 1657 ad
2279 1604 2508 1674 lapidem
2546 1606 2736 1674 pellem
2773 1614 2946 1660 tuum.
2974 1606 3056 1660 Ad
3094 1623 3253 1677 quem
3278 1607 3465 1663 Domi-

1892 1710 1998 1749 nus
2025 1705 2212 1750 noster
2225 1695 2584 1765 respondens.
2609 1698 2685 1750 ait
2713 1717 2725 1751 :
2761 1697 3036 1767 Scriptum
3069 1707 3175 1764 est,
3211 1716 3318 1755 non
3346 1708 3465 1756 ten-

200 1791 390 1854 τὸτὰς
423 1791 643 1863 χείρους
687 1794 743 1843 ὲν
787 1791 1021 1861 πονηρία
1063 1789 1349 1859 δυνάμεις,
1395 1788 1489 1840 καὶ
1534 1786 1694 1840 αὑτὸν
1727 1786 1782 1857 δὴ

1895 1787 2036 1840 tabis
2068 1785 2358 1840 Dominum
2391 1785 2556 1840 Deum
2588 1795 2740 1842 tuum
2759 1789 2824 1843 ".
2857 1808 2874 1840 ι
2910 1788 3176 1847 Praeterea
3203 1794 3466 1863 quoniam

196 1885 289 1939 τὸν
314 1887 542 1939 πάντων
569 1885 803 1956 ἄρχοντα
823 1883 916 1938 καὶ
943 1883 1206 1953 τύραννον
1230 1881 1324 1936 τοῦ
1355 1880 1550 1944 αἰῶνος
1580 1879 1782 1944 τούτου,

1894 1877 1950 1930 ἱη
2003 1876 2305 1930 tentatione
2350 1893 2475 1930 cum
2531 1875 2682 1941 feris,
2729 1887 2787 1932 ut
2840 1880 2955 1949 ipse
3004 1883 3335 1952 evangelista
3383 1892 3469 1940 est

195 1981 261 2049 τῇ
292 1977 470 2048 ἐνθὲῳ
495 1976 660 2030 αὑτοῦ
689 1977 918 2049 δυνάμει
955 1977 1261 2049 καθαιρεῖν.

1891 1978 2104 2035 auctor,
2132 1967 2476 2035 versabatur,
2507 1987 2631 2024 cum
2667 1972 2866 2042 quibus
2897 1981 3076 2029 autem
3121 1990 3230 2029 non
3257 1975 3468 2032 descri-

196 2084 350 2141 ptum
377 2078 465 2126 est
487 2073 688 2142 palam,
719 2087 838 2125 eam
869 2087 982 2126 rem
1013 2072 1187 2142 ipsius
1253 2070 1445 2140 psalmi
1508 2068 1850 2128 vaticinium.
1889 2067 2019 2120 dum
2074 2081 2271 2133 genera
2335 2065 2571 2121 ferarum
2633 2077 3055 2136 commemorat,
3123 2070 3467 2131 manifestius

193 2166 498 2236 eloquitur,
538 2165 627 2220 his
654 2166 880 2220 verbis:
917 2185 935 2216 ‹
978 2164 1154 2236 Super
1183 2166 1424 2235 aspidem
1467 2171 1522 2219 et
1555 2164 1875 2220 basiliscum
1932 2162 2223 2226 ascendas,
2263 2170 2318 2216 et
2340 2164 2696 2220 conculcabis
2725 2165 2935 2221 leonem
2965 2174 3020 2221 et
3067 2167 3388 2238 draconem;
3435 2191 3454 2224 ι

196 2261 287 2314 ubi
321 2260 573 2332 aspidem
604 2267 658 2314 et
685 2260 1024 2324 basiliscum,
1055 2261 1230 2330 ipsum
1263 2262 1450 2330 utique
1479 2259 1778 2321 diabolum,
1819 2267 1873 2314 et
1907 2260 1999 2327 qui
2030 2261 2205 2328 ipsum
2247 2267 2573 2328 sequuntur,
2607 2261 2946 2330 principatus
3027 2268 3306 2339 malasque
3365 2284 3465 2338 po-

194 2364 930 2422 testates,concutcaturum
967 2355 1218 2410 aﬂirmat.
1286 2355 1357 2411 lis
1396 2366 1602 2417 autem,
1655 2356 1748 2426 qui
1810 2354 2042 2410 similem
2097 2353 2198 2423 ipsi
2234 2354 2489 2409 virtutem
2537 2355 2681 2409 nacti
2736 2365 2883 2422 sunt,
2951 2358 3237 2431 discipulis
3278 2363 3465 2434 utique

195 2455 313 2508 suis
364 2461 532 2524 atque
580 2453 864 2523 apostolis,
911 2459 1232 2522 potestatem
1281 2451 1565 2506 incedendi
1614 2466 1779 2521 super
1816 2458 2098 2520 serpentes
2144 2458 2199 2503 et
2245 2451 2566 2518 scorpiones
2646 2449 2905 2517 donavit,
2967 2470 3078 2510 non
3144 2459 3466 2526 permittens

194 2563 292 2603 eos
345 2547 547 2602 tentari
589 2560 754 2616 supra
799 2560 961 2616 quam
1005 2544 1144 2599 ferre
1195 2553 1463 2614 possent:
1517 2544 1584 2597 ad
1629 2543 1780 2597 illum
1821 2542 1963 2597 enim
1997 2540 2173 2596 solum
2205 2540 2508 2611 spectabat,
2577 2541 2792 2612 pejores
2856 2543 2912 2596 in
2945 2546 3187 2614 nequitia
3222 2557 3465 2617 potesta—

195 2650 299 2702 tes,
341 2653 444 2693 nec
492 2654 600 2692 non
635 2637 812 2708 ipsum
849 2637 1094 2691 omnium
1145 2637 1445 2706 principem
1492 2634 1783 2705 szeculique
1823 2633 1987 2702 hujus
2016 2641 2330 2703 tyrannum,
2359 2632 2542 2686 divina
2567 2647 2668 2688 sua
2695 2634 2895 2690 virtute
2917 2645 3286 2705 prosternere.

209 2758 346 2812 ἰσιπῦ
392 2757 819 2829 ςοῦξῌσςιΐου.
848 2758 1082 2829 -ΑΠερί
1134 2755 1243 2829 ζῆς
1282 2757 1615 2829 Γαλιλαίας
1669 2755 1782 2829 τῶν

1890 2755 1966 2810 Ab
2008 2754 2178 2810 Isaia.
2216 2753 2388 2829 -_De
2411 2753 2638 2809 Galila’a
2679 2758 2932 2826 gentium,
2975 2760 3025 2813 in
3065 2777 3170 2829 qua
3218 2761 3466 2818 Salvator

264 2827 618 2900 élirésj,__é59‘
655 2823 694 2900 ᾖ
729 2831 761 2882 ό
798 2827 1001 2900 Σωτὴρ
1025 2823 1213 2900 ήήμνῶν
1259 2827 1331 2900 rd
1375 2823 1632 2900 :stiqra
1660 2827 1782 2900 τῶν

1959 2839 2135 2900 uoster
2166 2826 2461 2900 maximam
2488 2823 2704 2900 suorum
2728 2823 3105 2883 miraculorum
3133 2843 3333 2900 partem
3353 2837 3467 2890 edi-

265 2895 632 2966 παραδόξων
659 2895 1010 2967 ’ἀργῆσαι-0,
1040 2895 1135 2951 καὶ
1169 2897 1303 2966 περὶ
1344 2896 1452 2965 τῆς
1489 2897 1610 2952 τῶν
1639 2899 1782 2952 ἀπο-

1957 2896 2058 2961 dit,
2084 2906 2132 2951 et
2157 2895 2222 2952 de
2256 2896 2617 2966 apostolorum
2637 2899 2803 2968 ipsius
2833 2901 3118 2957 vocatione.

264 2971 514 3023 στόλων
539 2968 726 3022 αὑτοῦ
759 2969 1052 3035 κλήσεως.

270 3081 481 3136 «Τοῦτο
520 3082 734 3154 πρῶτον
769 3082 881 3145 πίε,
926 3084 1061 3151 ταχὺ
1096 3083 1259 3145 ποίει,
1287 3081 1440 3155 χώρα
1476 3081 1784 3143 Ζαϐουλὼν.

1959 3069 2127 3142 438
2145 3091 2164 3122 ι
2187 3069 2304 3136 Hoc
2323 3071 2562 3142 primum
2586 3073 2732 3137 bibe,
2758 3072 2870 3129 cito
2893 3073 3000 3139 fac,
3025 3078 3174 3149 regio
3195 3079 3462 3149 Zabulon,

195 3170 227 3244 ή
271 3172 353 3242 γῆ
402 3172 756 3243 Νεφθαλείμ,
811 3173 906 3227 καὶ
943 3175 992 3227 oi
1035 3173 1211 3227 λοιποὶ
1260 3175 1310 3227 οί
1365 3175 1465 3245 τὴν
1510 3174 1780 3246 παραλίαν

1887 3171 2028 3220 terra
2057 3163 2427 3234 Nephthalim,
2458 3172 2513 3220 et
2535 3166 2728 3236 reliqui
2761 3168 3090 3224 maritimam
3137 3171 3459 3240 incolentes,

193 3265 615 3332 κατοικοῦντες,
671 3266 764 3318 καὶ
819 3267 996 3338 πέραν
1041 3267 1136 3320 τοῦ
1179 3267 1441 3338 Ἰορδάνου
1463 3308 1478 3333 ,
1530 3268 1788 3323 Γαλιλαία

192 3355 306 3408 τῶν
347 3353 545 3417 ἐθνῶν,
597 3357 626 3407 6
657 3355 785 3420 λαὸς
835 3358 864 3410 6
892 3357 1254 3429 πορευόμενος
1302 3360 1359 3410 ὲν
1393 3359 1602 3424 σκότει,
1649 3358 1786 3412 ἴδετε

196 3448 316 3516 φῶς
351 3447 533 3518 μέγα,
577 3448 671 3500 καὶ
715 3450 826 3512 τοῖς
869 3450 1209 3503 κατοικοῦσιν
1249 3451 1306 3503 ἐν
1341 3449 1498 3522 χώρᾳ
1535 3450 1630 3504 καὶ
1657 3451 1787 3522 σκιᾷ

194 3541 468 3610 θανάτου,
514 3542 632 3612 φῶς
663 3542 866 3615 λάμψει
915 3543 1000 3612 ἐφ’
1043 3545 1204 3615 ὑμᾶς.
1261 3545 1335 3598 Τὸ
1389 3545 1641 3599 πλεῖστον
1687 3545 1784 3600 τοῦ

192 3639 328 3695 λαοῦ
364 3640 394 3694 δ
423 3641 734 3710 κατήγαγες
768 3641 826 3694 ιν
858 3639 1163 3712 εὐφροσύνῃ
1199 3656 1314 3703 σου,
1350 3641 1444 3692 καὶ
1477 3639 1773 3712 εὐφρανθή-

193 3749 382 3786 σονται
425 3729 656 3784 ἐνώπιόν
694 3749 810 3799 σου,
839 3730 914 3796 ὡς
951 3733 1000 3784 οἱ
1039 3731 1450 3803 εὐφραινόμενοι
1479 3733 1536 3785 ἐν
1565 3731 1780 3803 ἀμητῷ,

192 3825 290 3878 καὶ
318 3825 375 3878 ὃν
406 3825 608 3895 τρόπον
645 3825 694 3877 οἱ
737 3823 1101 3896 διαιρούμενοι
1145 3823 1348 3878 σκῦλαο
1377 3825 1510 3878 διότι
1550 3827 1782 3895 ἀφαιρε-

194 3915 424 3987 θήσεται
455 3918 484 3968 6
512 3915 675 3981 ζυγὸς
704 3916 732 3968 6
760 3915 844 3967 ἐπ’
878 3913 1056 3967 αὐτῶν
1091 3915 1359 3983 κείμενος,
1393 3916 1488 3966 καὶ
1523 3917 1555 3985 ή
1592 3913 1781 3985 ῥάϐδος

193 4009 360 4078 ήὲπὶ
408 4007 503 4060 τοῦ
557 4007 829 4078 τραχήλου
876 4005 1074 4061 αὐτῶν.
1130 4005 1240 4077 Τὴν
1288 4006 1396 4078 γὰρ
1441 4006 1635 4076 ῥάϐδον
1673 4006 1781 4059 τῶν

194 4096 576 4150 ἀπαιτούντων
631 4096 942 4150 διεσκέδασε
983 4096 1218 4166 Κύριος,
1252 4097 1327 4160 ῶς
1488 4097 1669 4168 ἡμέρᾳ

194 4190 287 4242 ἐπὶ
312 4188 540 4257 Μαδιάμ
560 4205 573 4217 ·
601 4189 682 4242 ὅτι
711 4189 892 4240 πᾶσαν
929 4186 1120 4259 στολὴν
1151 4188 1588 4259 ὲπισυνηγμένην
1625 4188 1778 4258 δόλῳ,

195 4282 290 4335 καὶ
322 4281 540 4352 ἱμάτιον
569 4280 706 4352 μετὰ
745 4279 1089 4350 καταλλαγῆς
1123 4281 1462 4343 ἁποτίσουσι,
1491 4282 1586 4334 καὶ
1627 4281 1781 4354 θελή-

196 4389 384 4426 σουσιν
413 4375 460 4425 εί
491 4373 824 4443 ἐγενήθησαν
855 4374 1246 4445 πυρίκαυστοι·
1289 4373 1370 4428 ὅτι
1399 4373 1612 4426 παιδίον
1655 4376 1778 4443 ἐγε-

195 4464 330 4537 νήθη
361 4467 516 4535 ἡμῖν,
548 4465 638 4517 καὶ
680 4464 793 4527 υίὸς
835 4465 989 4536 ἐδόθη
1018 4468 1168 4536 ἡμῖν,
1199 4460 1258 4518 οὗ
1297 4467 1330 4536 ή
1359 4467 1499 4538 ἁρχὴ
1548 4465 1778 4538 ἐγενήθη

1887 3263 1942 3312 et
1966 3263 2120 3312 trans
2151 3254 2447 3312 Iordanem
2475 3256 2695 3314 Galilaea
2720 3260 2985 3330 gentium,
3009 3263 3242 3334 populus
3267 3265 3462 3321 ambu-

1886 3349 2006 3404 lans
2044 3350 2100 3404 in
2133 3348 2394 3415 tenebris,
2422 3349 2603 3405 videte
2632 3351 2808 3406 lucem
2843 3369 3120 3425 magnam,
3153 3355 3461 3415 habitantes

1887 3441 1941 3496 in
1988 3441 2212 3510 regione
2250 3449 2304 3496 et
2351 3441 2544 3497 umbra
2583 3444 2798 3507 mortis,
2825 3445 2914 3498 lux
2957 3446 3262 3516 splendebit
3299 3466 3464 3520 super

1885 3548 2004 3590 vos.
2052 3533 2355 3588 Plurimum
2407 3535 2594 3605 populi
2650 3539 2797 3605 quod
2843 3536 3116 3594 deduxisti
3170 3540 3225 3595 in
3273 3542 3459 3598 latitia

1885 3634 2014 3681 tua:
2045 3635 2100 3682 et
2115 3626 2445 3682 laetabuntur
2477 3642 2662 3682 coram
2695 3635 2770 3692 te,
2804 3637 3066 3700 tanquam
3093 3633 3186 3702 qui
3211 3634 3462 3693 laatantur

1887 3718 1942 3772 in
1979 3733 2177 3781 messe,
2211 3727 2266 3774 et
2311 3718 2770 3788 quemadmodum
2814 3722 2907 3792 qui
2953 3722 3202 3780 dividunt
3231 3728 3406 3798 spolia
3439 3749 3458 3786 :

1883 3813 2139 3880 quoniam
2163 3811 2440 3868 auferetur
2457 3813 2648 3884 jugum
2685 3814 2832 3884 quod
2859 3831 3024 3886 super
3052 3819 3186 3888 ipsis
3222 3823 3461 3890 positum

1881 3914 2000 3968 est,
2045 3913 2100 3960 et
2147 3905 2302 3978 virga
2346 3922 2469 3977 qua:
2525 3923 2692 3978 super
2741 3910 2884 3964 collo
2929 3911 3192 3981 ipsorum.
3236 3913 3459 3988 Virgam

1881 3997 2028 4052 enim
2061 3993 2423 4069 repetentium
2463 4001 2749 4070 dissipavit
2778 4001 3064 4077 Dominus,
3097 4008 3242 4063 sicut
3273 4010 3326 4064 in
3368 4011 3459 4068 die

1882 4105 2047 4160 super
2079 4091 2336 4154 Madiam,
2374 4093 2632 4162 quoniam
2663 4109 2880 4151 omnem
2925 4105 3130 4153 vestem
3161 4115 3461 4175 congrega-

1882 4188 1993 4234 tam
2037 4180 2184 4245 dolo,
2217 4190 2272 4238 et
2300 4184 2692 4239 vestimentum
2727 4202 2854 4241 cum
2907 4193 3303 4257 permutatione
3336 4209 3459 4264 per-

1883 4273 2119 4339 solvent,
2163 4282 2218 4330 et
2255 4275 2440 4330 volent
2466 4276 2513 4330 si
2561 4275 2686 4332 facti
2730 4278 2934 4336 fuerint
2984 4281 3108 4349 igne
3139 4287 3456 4342 combusti:

1878 4367 2141 4435 quoniam
2196 4369 2459 4437 puerulus
2489 4378 2650 4424 natus
2679 4379 2764 4426 est
2807 4373 2986 4436 nobis,
3030 4382 3084 4429 et
3125 4376 3269 4432 {ilius
3297 4379 3460 4435 (latus

1881 4467 1966 4512 est
1997 4457 2176 4524 nobis,
2198 4460 2356 4528 cujus
2381 4461 2716 4532 principatus
2743 4464 2952 4518 exstitit
2980 4483 3144 4537 super
3171 4468 3456 4526 humerum

195 4558 288 4609 ἐπὶ
324 4556 421 4609 τοῦ
456 4555 608 4626 ὤμου
643 4555 826 4610 αὐτοῦ.
876 4557 984 4610 Καὶ
1024 4556 1270 4611 καλεῖται
1314 4556 1370 4609 τὺ
1405 4556 1575 4628 ὄνομα
1611 4557 1776 4611 αὑτοῦ

1887 4546 2024 4615 ejus.
2052 4546 2116 4600 Et
2146 4551 2435 4605 vocabitur
2481 4567 2680 4608 nomen
2730 4555 2852 4623 ejus
2887 4558 3069 4627 magni
3111 4562 3326 4616 consilii
3359 4580 3460 4618 an-

199 4647 442 4719 μεγάλης
488 4647 680 4718 βουλῆς
720 4647 977 4716 ἄγγελος,
1014 4649 1196 4720 ἄρχων
1252 4650 1493 4721 εἰρήνης,
1531 4647 1776 4714 ἐξουσια-

196 4740 346 4809 στὴς,
375 4738 510 4800 Θεὸς
555 4738 801 4809 ἰσχυρὸς,
840 4739 1020 4810 πατὴρ
1053 4739 1144 4792 τοῦ
1190 4739 1470 4810 μέλλοντος
1509 4741 1721 4806 αίῶνος.
1752 4761 1769 4794 ι

194 4827 336 4900 Πρὸς
381 4831 556 4886 ἅπασι
594 4833 708 4893 τοῖς
755 4829 934 4895 ἄλλοις
984 4830 1286 4903 ἐπληροῦτο
1331 4833 1426 4887 καὶ
1472 4833 1644 4887 ταῦτα
1683 4834 1776 4888 ἐπὶ

195 4921 282 4977 τὸν
322 4923 562 4994 Σωτῆρα
604 4924 698 4977 καὶ
729 4923 928 4996 Κύριον
971 4923 1127 4996 ήμῶν
1171 4924 1376 4996 Ἰησοῦν
1413 4925 1503 4978 τὸν
1534 4924 1770 4996 Χριστὸν

195 5015 282 5069 τοῦ
308 5015 476 5077 Θεοῦ,
519 5016 608 5069 ὅτε
651 5016 794 5070 κατὰ
845 5016 933 5070 τὸν
983 5015 1291 5086 θαυμαστὸν
1355 5015 1768 5088 εὐαγγελιστὴν,

200 5106 526 5170 «Ἀκούσας,
560 5107 640 5158 ὅτι
679 5107 927 5176 Ἰωάννης
965 5105 1266 5177 παρεδόθη,
1313 5103 1661 5177 ἀνεχώρησεν
1693 5108 1772 5170 εἰς

195 5198 288 5270 τὴν
320 5197 633 5261 Γαλιλαίαν,
683 5197 778 5251 καὶ
824 5197 1139 5252 καταλιπὼν
1181 5197 1277 5269 τὴν
1302 5196 1558 5269 Ναζαρὲθ
1603 5198 1774 5252 ἐλθὼν

197 5290 515 5363 κατῴκησεν
559 5291 638 5353 είς
669 5291 1038 5362 Καπερναοὺμ
1087 5290 1186 5360 τὴν
1223 5289 1672 5362 παραθαλασσίαν
1714 5291 1773 5346 ὲν

195 5382 354 5452 ορίοις
385 5380 673 5435 Ζαϐουλὼν
713 5383 806 5439 κα)⁸
839 5381 1184 5453 Νεφθαλείμ,
1226 5383 1372 5446 ὅπως
1418 5382 1677 5456 πληρωθῇ
1713 5383 1774 5436 τὺ

202 5473 355 5544 ῥηθὲν
397 5473 489 5528 διὰ
526 5474 746 5527 Ἡσαΐου
783 5473 876 5527 τοῦ
911 5476 1189 5546 προφήτου
1223 5474 1504 5543 λέγοντοςο
1553 5476 1630 5546 Γῆ
1672 5477 1774 5529 Ζα-

199 5564 420 5630 6ουλὼν,
468 5565 564 5619 καὶ
594 5566 664 5637 γῆ
690 5565 1005 5637 Νεφθαλείμ
1029 5606 1043 5630 ,
1087 5566 1203 5620 ὁδὸν
1238 5567 1511 5637 θαλάσσης
1534 5607 1549 5629 ,
1599 5567 1773 5637 πέραν

200 5655 287 5709 τοῦ
322 5655 627 5728 Ἰορδάνου,
667 5657 927 5710 Γαλιλαία
971 5657 1078 5709 τῶν
1119 5657 1308 5722 ἐθνῶν,
1355 5661 1384 5712 6
1414 5658 1544 5722 λαὸς
1587 5657 1769 5730 καθή-

201 5761 357 5818 μενος
387 5750 447 5801 ὲν
479 5746 656 5801 σκότει
685 5746 802 5817 φῶς
829 5742 935 5800 εἶδε
968 5747 1132 5818 μέγα,
1166 5749 1257 5801 καὶ
1285 5752 1396 5814 τοῖς
1426 5749 1772 5803 κατοικοῦσιν

267 5901 314 5935 ⁸⁸
349 5901 541 5958 Matth.
575 5919 655 5966 tv,
687 5903 808 5956 5-7.
887 5903 931 5937 ⁸³
971 5902 1076 5958 lsa.
1116 5919 1199 5966 tv,
1235 5903 1348 5958 1-6.

561 5991 832 6053 Ρλτιιοι..
887 5993 930 6053 G
946 6013 1005 6054 ιι.
1055 5993 1254 6055 XXII.

1883 4639 2058 4708 gelus,
2118 4641 2374 4711 princeps
2435 4644 2607 4712 pacis,
2648 4644 2740 4714 jus
2781 4653 2836 4700 et
2877 4650 3176 4716 potentiam
3226 4652 3456 4721 habens,

1885 4729 2028 4785 Deus
2080 4730 2262 4796 fortis,
2318 4743 2474 4804 pater
2522 4736 2690 4791 futuri
2745 4741 3018 4796 saeculi”.
3053 4761 3070 4794 ι
3108 4741 3313 4800 Praeter
3351 4748 3458 4802 alia

1883 4825 2065 4879 omnia
2083 4827 2351 4897 completa
2377 4836 2506 4882 sunt
2535 4831 2698 4884 etiam
2732 4832 2846 4886 haec
2874 4834 2927 4887 in
2957 4833 3238 4893 Salvatore
3264 4854 3329 4896 ac
3359 4838 3463 4894 Do-

1879 4917 2031 4971 mino
2061 4926 2253 4975 nostro
2293 4918 2447 4984 Jesu,
2481 4922 2572 4992 qui
2608 4923 2866 4980 Christus
2909 4926 3001 4982 Dei
3039 4937 3144 4988 est.
3177 4945 3287 5000 quo
3315 4939 3458 4986 tem-

1878 5025 2032 5079 pore,
2070 5020 2130 5064 ut
2157 5012 2380 5069 divinus
2427 5017 2760 5086 evangelista
2795 5029 2988 5074 auctor
3023 5030 3129 5086 est,
3161 5042 3180 5073 ι
3214 5024 3457 5082 Audiens

1877 5106 2022 5174 quod
2056 5105 2298 5163 Joannes
2342 5111 2584 5166 traditus
2613 5121 2780 5175 esset.
2813 5117 3044 5172 secessit
3074 5117 3127 5172 in
3154 5117 3455 5183 Galilaeam,

1878 5201 1932 5248 et
1967 5195 2155 5249 relicta
2185 5195 2476 5264 Nazareth,
2502 5203 2724 5257 veniens
2746 5205 3009 5258 habitavit
3031 5207 3084 5260 in
3115 5208 3456 5278 Capernaum

1875 5286 2030 5356 juxta
2083 5303 2234 5344 mare
2284 5291 2340 5345 in
2391 5291 2590 5348 ﬁnibus
2621 5293 2864 5350 Zabulon
2907 5305 2961 5350 et
2997 5297 3368 5368 Nepbtbalim,
3399 5310 3458 5356 ut

1882 5381 2201 5450 impleretur
2229 5383 2374 5451 quod
2411 5385 2618 5440 dictum
2647 5394 2731 5441 est
2781 5403 2878 5458 per
2906 5387 3099 5444 Isaiam
3137 5393 3457 5461 prophetam

1880 5473 2148 5527 dicentem
2191 5491 2204 5526 :
2249 5473 2418 5529 Terra
2468 5475 2738 5542 Zabulon,
2781 5487 2836 5532 et
2886 5488 3029 5535 terra
3088 5481 3457 5553 Nepbthalim,

1878 5565 2021 5618 viam
2055 5568 2244 5630 maris,
2283 5576 2436 5623 trans
2473 5568 2767 5625 Iordanem
2797 5569 3017 5628 Galilaaa
3051 5577 3330 5644 gentium:
3362 5593 3461 5640 po-

1881 5658 2043 5726 pulus
2075 5657 2270 5714 sedens
2321 5661 2374 5714 in
2419 5661 2664 5716 tenebris
2713 5662 2851 5718 vidit
2889 5664 3069 5721 lucem
3100 5683 3382 5738 magnam,
3407 5647 3463 5724 et

1878 5749 2252 5809 habitantibus
2298 5754 2354 5808 in
2393 5755 2614 5827 regione
2642 5763 2698 5812 et
2727 5756 2924 5813 umbra
2951 5760 3165 5828 mortis,
3203 5760 3295 5816 lux
3340 5769 3460 5817 orta

3032 6009 3112 6068 22
