3928 6498
529 391 631 449 oss
1134 351 1151 362 ’
1192 387 1459 444 EUSEBII
1491 389 1966 446 CESARIENSIS
2003 389 2134 446 ore

525 521 610 569 est
643 514 744 570 eis.
781 512 858 567 Ex
893 513 985 567 illo
1013 511 1176 584 igitur
1205 512 1371 584 cmpit
1403 510 1563 567 Jesus
1603 513 1899 582 praedicare
1925 521 1979 566 et
2004 513 2078 568 di-
2115 520 2156 576 Α

524 624 649 662 cere
677 623 689 658 :
724 605 1104 661 Pmnitentiam
1137 604 1298 674 agite.
1331 603 1590 673 quoniam
1632 605 2087 674 appropinquavit

524 713 750 767 regnum
775 697 1057 751 calorum.
1090 693 1414 750 Pmterieus
1441 702 1622 749 autem
1643 694 1797 764 juxta
1817 709 1966 749 mare
1989 693 2089 748 Ga-

524 789 674 843 lilaeaa
700 787 834 842 vidit
856 786 994 841 duos
1023 786 1242 851 fratres,
1275 783 1586 843 Simeonem
1615 785 1708 852 qui
1734 794 1960 840 vocatur
1983 785 2086 840 Pe-

523 892 666 944 trus,
711 888 765 935 et
805 879 1078 934 Andream
1126 877 1349 932 fratrem
1400 879 1522 948 ejus
1567 880 1845 933 mittentes
1876 886 1989 933 rete
2027 879 2082 934 in

522 988 708 1027 mare:
739 979 898 1027 erant
947 972 1090 1026 enim
1144 971 1468 1040 piscatores;
1498 979 1552 1025 et
1592 970 1667 1023 ait
1699 970 1806 1024 illis
1839 990 1850 1024 :
1889 969 2084 1027 Venite

520 1072 642 1134 post
666 1080 772 1129 me,
795 1072 849 1119 et
883 1063 1078 1121 faciam
1102 1079 1198 1118 vos
1224 1063 1522 1133 piscatores
1553 1062 1854 1116 hominum.
1880 1063 1962 1117 llli
1987 1079 2084 1117 au-

519 1165 625 1211 tem
653 1156 833 1210 statim
864 1155 1068 1210 relictis
1096 1155 1300 1210 retibus
1327 1154 1499 1209 secuti
1531 1162 1659 1208 sunt
1694 1169 1838 1209 eum.
1875 1154 1938 1207 Et
1964 1169 2085 1223 pro-

519 1247 698 1304 fectus
738 1249 863 1304 inde
895 1247 1031 1302 vidit
1073 1247 1210 1301 alios
1240 1247 1377 1301 duos
1412 1245 1628 1310 fratres,
1661 1245 1924 1302 Jacobum
1977 1247 2081 1301 Ze-

515 1339 708 1405 bedzei,
731 1348 783 1394 et
813 1337 1075 1394 Joannem
1113 1337 1335 1392 fratrem
1366 1337 1486 1407 ejus
1519 1338 1573 1391 in
1608 1338 1730 1391 navi
1763 1351 1886 1391 cum
1923 1335 2084 1391 Zebe-

515 1433 630 1487 daao
658 1440 812 1503 patre
841 1432 1079 1502 ipsorum
1115 1429 1423 1484 reﬁcientes
1463 1429 1598 1484 retia
1633 1445 1752 1493 sua,
1781 1438 1835 1483 et
1867 1429 2083 1483 vocavit

513 1539 609 1578 eos
638 1539 650 1574 :
687 1522 763 1576 illi
797 1528 973 1575 autem
1008 1520 1269 1576 continuo
1298 1520 1481 1575 relicta
1515 1520 1637 1573 navi
1664 1527 1719 1574 et
1748 1527 1902 1588 patre
1932 1519 2075 1588 ipso-

514 1627 657 1676 rum,
689 1611 862 1666 secuti
889 1617 1015 1665 sunt
1043 1625 1185 1664 eum.
1216 1610 1281 1662 Et
1301 1609 1570 1664 circuibat
1598 1607 1758 1663 Jesus
1784 1615 1950 1662 totam
1982 1605 2082 1661 Ga-

513 1704 707 1756 lilaeam
734 1703 936 1757 docens
966 1703 1019 1756 in
1045 1701 1403 1756 conventibus
1430 1717 1642 1765 eorum,
1675 1700 1839 1772 539
1859 1709 1911 1755 et
1942 1717 2080 1771 pra:-

510 1795 700 1850 dicans
731 1793 1075 1866 Evangelium
1117 1795 1349 1865 regni,et
1379 1810 1578 1850 sanans
1609 1809 1824 1848 omnem
1859 1795 2077 1862 aegritu-

2188 390 2368 446 PARS
2405 389 2468 447 Il.
2493 423 2561 432 —
2590 390 3069 450 APOLOGETICA
3671 401 3789 455 684

2186 517 2246 569 ὲν
2283 513 2433 584 χώρα
2474 514 2566 567 καὶ
2614 515 2743 584 σκιᾷ
2782 513 3012 568 θανάτου
3037 556 3051 579 ,
3085 515 3202 584 φῶς
3243 515 3516 570 ἀνέτειλεν
3551 520 3788 583 αὐτοῖς.

2202 605 2334 658 Ἀπὸ
2375 605 2496 656 τότε
2539 604 2668 672 γοῦν
2716 601 2920 675 ἤρξατο
2977 609 3006 659 ὁ
3052 606 3258 677 Ἰησοῦς
3313 609 3616 680 κηρύσσειν
3687 613 3794 664 καὶ

2187 697 2362 766 λέγειν
2386 714 2398 726 '
2460 698 2824 761 Μετανοεῖτε,
2871 698 2953 750 ὃτι
2985 699 3212 768 ἦγγικεν
3268 700 3300 769 ἡ
3351 699 3600 769 βασιλεία
3671 700 3796 754 τῶν

2185 790 2447 862 οὐρανῶν.
2484 790 2754 861 Παράγων
2789 789 2844 842 δὲ
2881 789 3032 859 παρὰ
3065 788 3163 860 τὴν
3202 789 3476 844 θάλασσαν
3521 793 3630 863 τῆς
3669 794 3790 845 Γα-

2184 881 2392 944 λιλαίας
2425 876 2530 932 εἶδε
2572 880 2664 932 δύο
2703 879 2999 949 ἀδελφοὺς,
3034 880 3251 950 Σίμωνα
3292 881 3383 934 τὸν
3429 884 3792 954 καλούμενον

2185 972 2408 1044 Πέτρον,
2447 972 2542 1025 καὶ
2569 971 2823 1042 Ἀνδρέαν
2853 972 2944 1025 τὸν
2981 972 3207 1042 ἀδελφὸν
3239 972 3428 1037 αὑτοῦ,
3466 973 3787 1043 βάλλοντας

2183 1062 2587 1133 ἀμφίϐληστρον
2634 1063 2714 1126 εἰς
2750 1061 2847 1133 τὴν
2881 1061 3152 1116 Θάλασσαν
3175 1079 3189 1092 ⁸
3226 1059 3364 1134 ἦσαν
3411 1065 3521 1135 γάρ
3555 1066 3781 1129 ἁλιεῖς·

2183 1157 2275 1208 καὶ
2315 1154 2460 1223 λέγει
2512 1155 2721 1218 αὐτοῖς·
2769 1154 2931 1206 Δεῦτε
2979 1153 3153 1207 ὀπίσω
3204 1172 3336 1225 μου,
3396 1157 3492 1209 καὶ
3541 1159 3786 1224 ποιήσω

2181 1244 2324 1313 ὑμᾶς
2370 1242 2542 1306 ἁλιεῖς
2592 1243 2918 1313 ἀνθρώπων.
2970 1244 3032 1296 Ol
3080 1245 3136 1297 δὲ
3180 1245 3380 1308 εὐθέως
3426 1246 3674 1314 ἀφέντες
3716 1247 3787 1299 τι

2180 1337 2370 1389 δίκτυα
2397 1335 2766 1406 ἠκολούθησαν
2805 1334 2971 1406 αὐτῷ.
2999 1337 3108 1388 Καὶ
3142 1336 3348 1407 προϐὰς
3378 1339 3594 1390 ἐκεῖθεν
3631 1333 3783 1390 εἶδεν

2180 1429 2370 1492 ἄλλους
2404 1429 2498 1482 δύο
2541 1429 2824 1498 ἀδελφοὺς,
2859 1428 3111 1482 Ἰάκωϐον
3162 1429 3252 1482 τὸν
3302 1428 3394 1481 τοῦ
3445 1429 3781 1491 Ζεϐεδαίου,

2179 1521 2270 1573 καὶ
2306 1521 2555 1591 Ἰωάννην
2584 1520 2675 1573 τὸν
2711 1519 2935 1588 ἀδελφὸν
2980 1521 3164 1582 αὑτοῦ,
3201 1523 3258 1574 ὲν
3288 1519 3366 1590 τῷ
3409 1519 3586 1590 πλοίῳ
3629 1522 3779 1591 μετὰ

2178 1611 2460 1666 Ζεϐεδαίου
2485 1611 2577 1664 τοῦ
2601 1611 2802 1684 πατρὸς
2825 1610 3004 1664 αὐτῶν
3026 1611 3450 1682 καταρτίζοντας
3475 1611 3544 1664 τὰ
3569 1611 3778 1666 δίκτυα

2178 1703 2376 1767 αὐτῶν,
2420 1705 2512 1758 καὶ
2543 1703 2798 1757 ἐκάλεσεν
2825 1703 3039 1766 αύτούς.
3077 1705 3138 1756 Οἱ
3170 1704 3227 1756 δὲ
3265 1703 3488 1766 εὐθέως,
3521 1703 3772 1772 ἀφέντες

2175 1797 2237 1849 τὸ
2290 1797 2470 1850 πλοῖον
2535 1797 2630 1849 καὶ
2687 1796 2780 1848 τὸν
2831 1795 3045 1866 πατέρα
3106 1795 3318 1857 αὐτῶν,
3377 1794 3772 1864 ἠκολούθησαν

508 1888 688 1943 dinem
713 1897 764 1942 et
789 1903 1002 1942 omnem
1032 1887 1346 1957 languorem
1371 1887 1424 1941 in
1457 1887 1673 1958 populo.
1704 1885 1768 1939 Et
1796 1887 1928 1942 abiit
1958 1888 2062 1956 opi-

2177 1886 2345 1957 αύτῷ.
2380 1888 2490 1940 Καὶ
2521 1887 2783 1958 περιῆγεν
2828 1888 2857 1938 ὁ
2896 1887 3098 1957 Ἰησοῦς
3139 1887 3267 1958 ὅλην
3313 1885 3410 1957 τὴν
3441 1887 3766 1948 Γαλιλαίαν.

508 1981 602 2033 nio
629 1979 747 2048 ejus
778 1978 832 2032 in
870 1985 1035 2032 totam
1073 1977 1286 2048 Syriam
1315 1997 1327 2032 :
1372 1986 1426 2033 et
1458 1977 1753 2032 aﬂ‘erebant
1779 1977 1828 2031 ei
1880 1992 2073 2032 omnes

507 2072 648 2125 male
699 2071 980 2136 habentes,
1014 2070 1182 2125 variis
1223 2069 1430 2123 morbis
1461 2076 1516 2124 et
1553 2070 1890 2125 cruciatibus
1921 2083 2073 2124 com-

507 2159 826 2231 prehensos.
860 2166 914 2214 et
951 2159 1218 2214 daemonia
1261 2157 1549 2224 habentes,
1590 2167 1645 2212 et
1695 2159 1987 2222 lunaticos,
2017 2166 2073 2212 et

504 2251 851 2322 paralyticos,
911 2259 966 2304 et
1011 2250 1241 2305 sanabat
1269 2264 1387 2313 eos,
1439 2257 1496 2303 et
1550 2249 1920 2319 sequebantur
1946 2264 2069 2304 eum

502 2343 678 2400 turba:
723 2343 906 2398 multa:
935 2357 966 2397 a
994 2341 1218 2397 Galilaea
1240 2343 1306 2396 ⁸ο.
1347 2361 1366 2394 ι
1410 2343 1554 2397 Sane
1585 2341 1698 2396 haec
1730 2343 1910 2397 omnia
1939 2358 2070 2411 pro-

503 2446 624 2507 pter
655 2436 996 2507 prophetiam
1039 2436 1291 2506 exposui,
1329 2451 1449 2506 quae
1479 2436 1533 2489 in
1565 2434 1782 2490 Galiltea
1813 2450 2068 2506 magnum

505 2529 685 2582 lumen
715 2529 828 2583 fore
856 2527 1160 2597 pollicetur,
1186 2538 1241 2583 et
1268 2528 1322 2582 in
1357 2528 1576 2599 regione
1605 2527 1848 2584 Zabulon
1871 2542 1935 2582 ac
1959 2525 2069 2582 Ne-

501 2619 786 2688 phthalim,
822 2635 946 2674 cum
979 2627 1160 2674 tamen
1209 2629 1401 2673 neutra
1435 2620 1504 2673 sit
1550 2618 1768 2672 Galilaea
1803 2618 2064 2689 gentium.

499 2711 610 2763 Cur
632 2721 811 2764 autem
837 2711 892 2764 in
922 2709 1138 2765 Galilaza
1171 2710 1410 2780 gentium
1439 2710 1732 2780 plurimum
1757 2709 2068 2765 diversatus

499 2803 618 2857 est?
647 2802 912 2857 Nimirum
941 2810 1000 2856 ut
1030 2803 1273 2856 omnium
1305 2802 1544 2872 gentium
1579 2801 1880 2857 vocationis
1909 2816 2068 2855 exor-

499 2895 588 2946 dia
619 2892 1008 2956 constitueret;
1040 2891 1238 2945 etenim
1271 2891 1398 2945 inde
1447 2892 1718 2960 profectos
1768 2893 2067 2962 discipulos

500 3000 628 3040 suos
659 2984 922 3038 evocavit.
953 2983 1220 3049 Quocirca
1253 2983 1417 3054 paulo
1457 2993 1576 3054 post
1596 2985 1650 3038 in
1673 2985 1861 3040 eodem
1891 2985 2068 3040 Evan-

499 3077 638 3148 gelio
657 3077 899 3132 invenies
921 3076 1230 3132 Matthazum
1252 3076 1320 3132 de
1339 3075 1557 3132 Galilzea
1584 3086 1834 3132 vocatum
1855 3078 2058 3135 fuisse:

496 3176 550 3222 et
589 3169 642 3222 in
677 3168 786 3223 alio
825 3183 1019 3223 rursus
1066 3167 1218 3224 Levi.
1249 3167 1533 3240 Philippus
1577 3178 1780 3235 autem,
1809 3179 1868 3224 ut
1917 3171 2059 3241 apud

494 3259 756 3315 Joannem
789 3261 1004 3332 legitur,
1037 3261 1104 3316 de
1143 3237 1447 3318 Bethsaid'a‘
1472 3261 1750 3332 profectus
1787 3270 1872 3318 est
1926 3237 2061 3317 civi-
2087 3237 2131 3298 ί)

497 3361 606 3408 tate
635 3352 863 3408 Andreae
892 3362 944 3408 et
977 3353 1121 3409 Petri
1147 3371 1159 3406 :
1194 3355 1342 3425 atqui
1368 3355 1480 3409 hac
1508 3355 1624 3424 ipsa
1659 3363 1776 3408 erat
1805 3356 2056 3410 Galileaz.

489 3443 636 3510 Quin
666 3445 827 3498 etiam
867 3445 1010 3514 apud
1056 3444 1305 3498 eumdem
1340 3445 1727 3514 evangelistam
1760 3447 1960 3515 nuptiae
1989 3448 2061 3500 fa-

487 3545 595 3591 cta:
624 3544 754 3592 sunt
785 3537 837 3590 in
861 3537 1008 3592 Cana
1039 3535 1291 3601 Galilaam,
1325 3537 1416 3590 ubi
1444 3553 1567 3591 cum
1603 3537 1865 3593 Dominus
1895 3539 2061 3594 admi-

495 3627 736 3682 rabiliter
768 3643 964 3698 aquam
994 3629 1048 3681 in
1083 3628 1269 3686 vinum
1306 3636 1717 3693 commutasset,
1765 3629 2059 3685 miraculo-

487 3734 613 3773 rum
641 3718 838 3774 ibidem
871 3720 1085 3778 initium
1118 3719 1264 3782 fecit,
1298 3735 1408 3790 quo
1439 3728 1681 3790 tempore
1711 3740 1730 3773 ι
1762 3721 2058 3776 declaravit

493 3809 722 3877 gloriam
770 3819 1008 3870 suam,et
1038 3809 1390 3864 crediderunt
1425 3811 1477 3864 in
1511 3827 1632 3865 eum
1659 3810 1990 3881 discipuli".
2031 3832 2051 3864 ι

485 3896 789 3956 Considera
821 3915 947 3954 vero
979 3915 1110 3954 num
1141 3900 1246 3954 hoc
1279 3901 1454 3969 ipsum
1486 3901 1721 3970 primum
1758 3899 2056 3958 Salvatoris

488 3992 666 4048 nostri
720 3991 1064 4056 miraculum,
1114 3991 1258 4062 quod
1291 3992 1347 4046 in
1397 3991 1546 4046 Cana
1575 3984 2053 4048 Galilzeae'editum

488 4091 595 4148 est,
624 4084 752 4138 dum
780 4099 920 4154 aqua
949 4083 1003 4137 in
1041 4085 1228 4137 vinum
1267 4091 1658 4150 commutatur,
1711 4085 1966 4140 divinans
1996 4086 2052 4140 in

485 4181 605 4248 ipso
654 4178 950 4248 prophetia:
983 4177 1269 4247 principio,
1301 4192 1364 4231 ea
1416 4194 1536 4250 quae
1590 4194 1734 4232 nunc
1786 4185 2054 4233 tractatur

485 4270 660 4324 oratio
695 4269 961 4340 signiticet
1002 4269 1108 4323 illis
1156 4269 1373 4324 verbis:
1408 4287 1428 4321 ι
1464 4269 1577 4324 lloc
1623 4271 1856 4338 primum
1903 4269 2048 4336 bibe,

482 4362 594 4415 cito
627 4360 730 4424 fac,
762 4361 910 4430 regio
949 4359 1196 4414 Zabulon
1238 4368 1293 4414 et
1334 4367 1479 4414 terra
1531 4359 1895 4430 Nephthalim,
1943 4359 2050 4415 Ga-

483 4451 620 4506 lilaea
649 4453 909 4520 gentium.
933 4470 950 4502 ι
985 4448 1138 4516 Quod
1173 4450 1219 4504 si
1251 4450 1356 4504 tale
1384 4450 1706 4505 miraculum
1739 4459 1866 4506 nota
1894 4467 2046 4522 quaa-

481 4543 606 4597 dam
653 4542 758 4596 fuit
806 4543 1108 4597 arcanioris
1155 4543 1400 4596 misturze
1445 4559 1513 4596 ex
1558 4558 1622 4596 ea
1672 4551 2042 4608 commutatae,
2076 4577 2120 4632 Β

479 4650 600 4704 quae
629 4634 697 4688 ad
724 4649 922 4703 corpus
957 4635 1130 4703 magis
1162 4641 1460 4702 spectaret,
1491 4635 1544 4686 in
1569 4634 1954 4704 inlelligentem
1981 4650 2046 4690 ac

477 4725 814 4795 spiritualem
837 4725 1075 4778 laititiam
1099 4725 1398 4794 spectantis
1430 4724 1498 4778 ad
1523 4725 1681 4780 [idem
1701 4723 1835 4779 Novi
1853 4725 2045 4782 Testa-

478 4817 642 4872 menti
689 4817 955 4878 misturae,
991 4815 1114 4870 vide
1162 4832 1229 4870 ne
1258 4816 1362 4871 hoc
1416 4815 1594 4885 ipsum
1624 4832 1842 4887 quoque
1871 4817 1939 4870 ad
1979 4831 2043 4872 ea

473 4925 597 4979 qua:
627 4907 695 4962 de
727 4906 947 4960 Galilaea
980 4907 1125 4960 dicta
1169 4914 1318 4970 sunt,
1365 4907 1774 4962 accommodate
1829 4907 2040 4979 signiti-

471 5001 696 5063 caverit,
735 5015 938 5054 canens
965 4997 1422 5068 quemadmodum
1453 4999 1558 5054 sub
1589 4999 1794 5054 Christi
1840 4999 2042 5055 adven-

473 5103 588 5147 tum
623 5091 783 5162 primi
829 5091 1094 5153 omuium,
1132 5090 1168 5144 ii
1203 5091 1295 5161 qui
1323 5090 1567 5145 Zabulon
1598 5106 1662 5146 ac
1691 5091 2036 5162 Nepbthalim

470 5183 798 5246 habitarent,
831 5197 936 5236 non
1002 5190 1181 5237 autem
1213 5184 1306 5253 qui
1339 5181 1580 5237 Judaeam
1614 5192 1668 5238 et
1707 5183 2035 5248 Jerusalem,

470 5286 632 5346 potus
687 5275 1011 5345 evangelicae
1055 5274 1461 5344 praedicationis
1514 5275 1812 5344 participes
1864 5274 2035 5329 futuri

466 5379 672 5425 essent.
706 5368 880 5424 Porro
914 5369 1000 5425 his
1029 5368 1228 5423 laetitiae
1261 5382 1485 5424 causam
1511 5369 1586 5422 ait
1615 5367 1804 5431 fuisse,
1847 5369 2034 5440 ingen-

466 5461 541 5516 tis
571 5462 709 5516 lucis
733 5462 1175 5525 illustrationem,
1207 5460 1299 5530 qui
1338 5460 1556 5530 quidem
1595 5468 1719 5514 ante
1741 5459 2031 5516 adventum

467 5555 522 5608 in
566 5553 806 5607 tenebris
845 5553 1116 5615 sedentes.
1168 5553 1222 5606 in
1267 5553 1490 5622 regione
1527 5559 1576 5606 et
1615 5552 1808 5605 umbra
1839 5551 2032 5606 mortis

467 5644 750 5701 sedebant.
787 5641 987 5697 Exorto
1029 5651 1208 5698 autem
1256 5642 1364 5697 illis
1412 5642 1638 5696 salutari
1691 5641 1914 5706 lumine,
1956 5640 2030 5695 ita

537 5828 582 5858 ‘°
625 5825 790 5881 Matth
847 5842 930 5888 IV,
969 5823 1154 5880 12-25.
1231 5823 1270 5852 ⁶¹
1301 5821 1457 5875 Joan.
1495 5836 1561 5885 Il,
1600 5819 1680 5873 ll.

2173 1979 2436 2033 διδάσκων
2468 1980 2524 2031 ὲν
2549 1982 2668 2042 ταῖς
2699 1981 3038 2046 συναγωγαῖς
3080 1978 3282 2042 αὐτῶν,
3314 1979 3407 2031 καὶ
3454 1978 3768 2049 κηρύσσων

2171 2071 2232 2123 τὸ
2268 2071 2594 2139 Εὐαγγέλιον
2625 2070 2723 2140 τῆς
2758 2070 3047 2140 βασιλείας,
3083 2070 3176 2123 καὶ
3213 2069 3533 2141 θεραπεύων
3570 2073 3764 2123 πᾶσαν

2172 2163 2344 2226 νόσον,
2377 2165 2472 2217 καὶ
2508 2165 2688 2218 πᾶσαν
2737 2163 3004 2234 μαλακίαν
3043 2164 3101 2215 ὲν
3129 2161 3204 2232 τῷ
3249 2162 3382 2233 λαῷ.
3416 2164 3528 2216 Καὶ
3571 2163 3761 2234 ἀπῆλ-

2171 2255 2260 2310 θεν
2293 2257 2326 2327 ή
2358 2255 2492 2328 ἀκοὴ
2530 2256 2692 2310 αὑτοῦ
2728 2258 2806 2320 είς
2839 2255 2966 2326 ὅλην
3001 2255 3100 2326 τὴν
3150 2255 3348 2326 Συρίαν
3369 2271 3384 2285 ·
3434 2254 3530 2308 καὶ
3581 2271 3764 2326 προσ-

2174 2349 2411 2418 ήνεγκαν
2438 2347 2584 2418 αὐτῷ
2616 2347 2822 2410 πάντας
2849 2348 2973 2410 τοὺς
3003 2347 3187 2410 κακῶς
3219 2347 3458 2417 ἔχοντας,
3477 2347 3761 2408 ποικίλαις

2169 2437 2342 2500 νόσοις
2374 2437 2467 2491 καὶ
2501 2437 2752 2507 βασάνοις
2790 2435 3200 2505 συνεχομένους,
3246 2433 3758 2504 δαιμονιζομένους,

2169 2530 2263 2582 καὶ
2297 2526 2800 2598 σεληνιαζομένους,
2830 2528 2923 2580 καὶ
2956 2525 3377 2598 παραλυτικούς,
3410 2525 3507 2576 καὶ
3547 2523 3752 2595 ἐθερά-

2169 2637 2366 2674 πευσεν
2400 2620 2596 2683 αὐτοὺς
2617 2660 2631 2683 ,
2668 2620 2761 2673 καὶ
2798 2619 3166 2690 ἠκολούθησαν
3196 2616 3344 2687 αύτῷ
3372 2615 3518 2685 ὄχλοι
3563 2616 3756 2670 πολλοὶ

2167 2713 2274 2766 ἀπὸ
2302 2713 2399 2784 τῆς
2429 2711 2734 2775 Γαλιλαίας.
2772 2731 2790 2763 ι
2829 2712 2962 2765 Ὄλα
2994 2711 3049 2763 δὲ
3089 2708 3261 2763 ταῦτα
3293 2706 3617 2777 ὲκτέθειμαι
3654 2708 3752 2777 τῆς

2167 2803 2500 2877 προτητείας
2537 2803 2741 2868 ἕνεκεν,
2784 2807 2851 2874 τῇ
2878 2801 3131 2873 Γαλιλαία
3170 2801 3312 2871 μέγα
3356 2798 3471 2868 φῶς
3522 2798 3749 2850 ἔσεσθαι

2167 2895 2644 2966 ὲπαγγελλομένης
2657 2898 2722 2966 τῇ
2741 2913 2797 2948 τε
2817 2893 2966 2965 χώρᾳ
2987 2891 3266 2947 Ζαϐουλὼν
3292 2893 3384 2946 καὶ
3396 2891 3743 2961 Νεφθαλείμ,

2165 2988 2420 3060 οὐδετέρᾳ
2454 2986 2794 3060 τυγχανούσῃ
2825 2987 2923 3058 τῆς
2954 2985 3244 3048 Γαλιλαίας
3270 2985 3378 3038 τῶν
3418 2983 3618 3038 ἐθνῶν.
3651 2984 3746 3035 Δια

2163 3080 2216 3132 τί
2244 3080 2299 3132 δὲ
2328 3081 2420 3132 ἐπὶ
2452 3080 2549 3149 τῆς
2579 3078 2870 3141 Γαλιλαίας
2909 3077 3017 3130 τῶν
3070 3075 3238 3128 ἐθνῶν
3267 3075 3510 3146 κλήσεως
3555 3073 3743 3146 προοί-

2169 3188 2268 3241 μια
2329 3171 2833 3240 καταϐαλλόμενος;
2913 3167 3159 3222 ἐντεῦθεν
3211 3167 3341 3236 γοῦν
3383 3167 3742 3237 ὁρμωμένους

2159 3263 2284 3324 τοὺς
2317 3260 2481 3314 αὑτοῦ
2523 3261 2768 3332 μαθητὰς
2813 3261 3165 3331 ἀνακέκλητο.
3211 3258 3298 3311 Διὸ
3349 3257 3483 3328 μετὰ
3533 3256 3739 3328 βραχέα

2160 3352 2254 3405 τοῦ
2299 3353 2631 3422 Εὐαγγελίου
2687 3353 2938 3424 εὑρήσεις
2988 3351 3095 3405 άπὸ
3153 3351 3252 3422 τῆς
3296 3349 3584 3412 Γαλιλαίας
3653 3349 3738 3400 τὸν

2159 3443 2431 3497 Ματθαῖον
2484 3443 2836 3515 κεκλημένον,
2894 3444 2988 3496 καὶ
3040 3443 3097 3494 ὲν
3147 3442 3312 3510 ἑτέρῳ
3343 3441 3398 3494 δὲ
3435 3440 3602 3492 πάλιν
3649 3438 3736 3490 τὸν

2158 3535 2339 3588 Λευῖν.
2386 3534 2497 3587 Καὶ
2543 3537 2571 3588 ὁ
2622 3535 2886 3596 Φίλιππος
2930 3533 2988 3586 δὲ
3029 3531 3169 3585 κατὰ
3208 3532 3297 3583 τὸν
3333 3530 3588 3599 Ἰωάννην
3629 3529 3734 3582 ἀπὸ

2159 3623 2429 3695 Βηθσαϊδὰ
2459 3625 2683 3696 ὡρμᾶτο
2718 3624 2782 3676 ὲκ
2820 3624 2918 3693 τῆς
2957 3621 3162 3684 πόλεως
3211 3619 3453 3690 Ἀνδρέου
3500 3618 3597 3671 καὶ
3633 3619 3734 3671 Πέ-

2156 3733 2282 3789 τρου
2303 3733 2315 3746 ’
2348 3717 2442 3770 καὶ
2469 3715 2606 3787 αῦτη
2635 3715 2690 3768 δὲ
2718 3713 2818 3784 τῆς
2844 3712 3127 3774 Γαλιλαίας
3153 3706 3242 3781 ἦν.
3284 3708 3441 3762 Ἀλλὰ
3472 3710 3568 3762 καὶ
3602 3710 3728 3779 παρ⁹

2156 3808 2304 3879 αύτῷ
2333 3807 2410 3879 τῷ
2452 3807 2810 3877 εύαγγελιστῇ
2856 3805 3030 3875 γάμος
3081 3802 3296 3871 ἐγένετο
3348 3803 3405 3854 ὲν
3428 3801 3586 3870 Κανᾷ
3635 3801 3727 3870 τῆς

2155 3900 2469 3963 Γαλιλαίας,
2501 3900 2628 3952 ἔνθα
2665 3898 2979 3970 παραδόξως
3018 3899 3046 3949 ὁ
3070 3894 3270 3966 Κύριος
3310 3893 3398 3947 τὸν
3445 3891 3504 3956 ἐξ
3539 3892 3726 3954 ῦδατος

2154 3986 2294 4045 οἶνον
2348 3989 2798 4061 μετασκευάσας,
2859 3987 3031 4058 ἀρχὴν
3084 3985 3268 4038 αὐτόθι
3320 3983 3428 4036 τῶν
3480 3983 3724 4054 σημείων

2153 4083 2465 4153 ἐποιήσατο,
2511 4082 2600 4134 ὅτε
2645 4081 2738 4134 καὶ
2793 4098 2811 4130 ι
2845 4080 3151 4150 ὲιρανέρωσε
3198 4077 3295 4149 τὴν
3339 4075 3491 4141 δόξαν
3531 4075 3718 4134 αὑτοῦ.

2153 4176 2246 4226 καὶ
2289 4173 2611 4225 ἐπίστευσαν
2660 4171 2709 4222 οί
2763 4169 3015 4241 μαθηταί.
3044 4187 3061 4220 ι
3118 4168 3224 4221 Θέα
3273 4168 3328 4221 δὲ
3378 4169 3426 4220 εί
3475 4165 3550 4238 μὴ
3591 4165 3719 4218 αὐτὸ

2150 4261 2308 4315 τοῦτο
2349 4259 2563 4331 πρῶτον
2596 4258 2689 4311 τοῦ
2727 4257 2975 4329 Σωτῆρος
3020 4256 3175 4327 ἡμῶν
3223 4255 3425 4326 θαῦμα,
3475 4257 3532 4307 ὲν
3565 4254 3717 4326 Κανᾷ

2151 4355 2250 4424 τῆς
2273 4352 2559 4416 Γαλιλαίας
2591 4351 2880 4422 γενόμενον
2914 4349 3006 4402 ἐπὶ
3034 4349 3133 4419 τῆς
3163 4347 3256 4400 τοῦ
3290 4348 3429 4400 οἴνου
3481 4347 3712 4418 μεταϐο-

2149 4446 2266 4517 λῆς,
2298 4443 2565 4508 θεσπίζων
2599 4445 2655 4496 ὲν
2685 4443 2824 4513 ἀρχῇ
2865 4441 2963 4512 τῆς
2999 4439 3333 4512 προφητείας
3386 4439 3711 4510 παρίστησιν

2149 4541 2177 4592 ὀ
2209 4536 2396 4608 παρὼν
2426 4537 2602 4604 λόγος,
2630 4534 2852 4603 φάσκων
2871 4549 2884 4562 ·
2927 4552 2944 4582 ι
2970 4531 3138 4584 Τοῦτο
3184 4529 3399 4601 πρῶτον
3435 4529 3544 4593 πίε,
3575 4529 3706 4597 ταχὺ

2148 4623 2311 4686 ποίει,
2343 4621 2494 4694 χώρα
2521 4618 2802 4675 Ζαϐουλὼν
2854 4619 2946 4672 καὶ
2979 4618 3048 4689 γῆ
3083 4617 3419 4688 Νεφθαλείμ,
3453 4617 3705 4670 Γαλιλαία

2145 4722 2252 4776 τῶν
2293 4720 2480 4774 ἐθνῶν.
2514 4740 2532 4771 ι
2586 4720 2649 4772 Εἰ
2683 4719 2741 4772 δὲ
2782 4716 3044 4789 σύμϐολον
3075 4715 3142 4788 ἦν
3177 4715 3237 4768 τὸ
3284 4714 3582 4784 παράδοξον
3619 4734 3706 4786 μυ-

2147 4812 2469 4879 στικωτέρου
2501 4812 2799 4884 κράματος,
2835 4807 3258 4880 μεταϐληθέντος
3294 4809 3356 4859 ὲκ
3387 4807 3485 4877 τῆς
3525 4824 3704 4877 σωμα-

2142 4903 2441 4975 τικωτέρας
2475 4904 2568 4956 ἐπὶ
2595 4903 2694 4974 τὴν
2724 4900 2912 4972 νοερὰν
2955 4899 3048 4952 καὶ
3091 4899 3461 4970 πνευματικὴν
3509 4898 3699 4966 εὐφρο-

2145 4995 2309 5066 σύνην
2337 4994 2430 5048 τοῦ
2467 4992 2713 5046 πιστικοῦ
2750 4991 2850 5062 τῆς
2883 4990 3073 5060 καινῆς
3103 4990 3374 5060 Διαθήκης
3403 4987 3695 5059 κράματος,

2135 5088 2237 5158 ὅρα
2289 5087 2495 5156 μήποτε
2539 5083 2629 5137 καὶ
2667 5082 2821 5136 τοῦτο
2862 5083 2973 5143 τοῖς
3011 5080 3139 5152 περὶ
3178 5080 3274 5150 τῆς
3299 5078 3586 5139 Γαλιλαίας
3609 5075 3695 5132 δη·

2136 5178 2412 5250 λουμένοις
2461 5175 2764 5239 ἀκολούθως
2811 5174 3090 5246 ᾐνίττετο,
3141 5170 3443 5235 θεσπίζων,
3487 5168 3562 5232 ὼς
3593 5168 3692 5239 ἄρα

2140 5272 2494 5345 μελλήσουσιν
2549 5270 2640 5323 ἐπὶ
2686 5270 2751 5338 τῇ
2799 5265 3034 5338 Χριστοῦ
3090 5263 3359 5336 παρουσία
3408 5260 3688 5332 πρώτιστοι

2137 5365 2352 5418 πάντων
2391 5365 2440 5416 οἱ
2476 5360 2571 5432 τὴν
2597 5357 2878 5415 Ζαϐουλὼν
2922 5359 3016 5411 καὶ
3045 5354 3359 5426 Νεφθαλεὶμ
3401 5351 3686 5412 οἰκοῦντες,

2133 5458 2247 5513 ἀλλ’
2275 5458 2372 5527 οὐχ
2411 5457 2460 5509 οί
2498 5454 2595 5525 τὴν
2631 5453 2886 5507 Ἰουδαίαν
2918 5453 3010 5505 καὶ
3041 5450 3138 5522 τὴν
3183 5447 3563 5522 Ἰερουσαλὴμ,
3597 5442 3683 5498 τοῦ

2134 5550 2373 5620 πόματος
2393 5545 2484 5598 τοῦ
2506 5544 2861 5613 εύαγγελικοῦ
2894 5541 3246 5613 κηρύγματος
3271 5536 3676 5612 μεταλήψεσθαι.

2131 5641 2318 5695 Αίτίαν
2342 5639 2398 5693 δὲ
2431 5636 2636 5700 τούτοις
2663 5635 2761 5706 τῆς
2794 5633 3130 5706 εὐφροσύνης
3162 5632 3294 5704 φησὶ
3322 5628 3568 5700 γενέσθαι
3591 5625 3679 5696 τὴν
