3928 6504
234 388 343 445 683

1182 381 1829 445 DEMONSTRATIONIS
1858 374 2315 443 EVANGELICAE
2356 382 2483 443 LIB.
2527 380 2617 444 rx.

3404 386 3510 441 686

232 504 329 559 τοῦ
366 504 612 575 μεγάλου
639 501 816 573 φωτὸς
840 504 1132 574 ἔκλαμψιν,
1162 505 1233 569 οἳ,
1260 505 1367 574 πρὸ
1389 505 1488 574 τῆς
1525 504 1829 575 παρουσίας

1938 501 2282 565 laetabuntur,
2324 511 2382 555 ut
2423 501 2456 554 ii
2489 503 2581 571 qui
2632 500 2883 554 laetantur
2930 499 2985 553 in
3027 512 3228 562 messe,
3276 508 3441 568 utque
3474 499 3509 551 ii

234 600 293 650 ὲν
340 597 530 649 σκότει
583 596 972 667 καθεζόμενοι,
1021 598 1080 649 ἐν
1110 596 1264 668 χώρᾳ
1295 598 1388 650 καὶ
1423 598 1550 666 σκιᾷ
1588 595 1819 649 θανάτου

233 687 422 758 διῆγον
443 703 456 717 ο
511 688 932 752 ἀνατεταλκότος
974 688 1031 742 δὲ
1062 688 1245 751 αὐτοῖς
1276 688 1368 741 τοῦ
1410 688 1678 759 σωτηρίου
1712 705 1824 757 φω-

235 778 346 842 τὸς,
391 778 585 833 τοῦτον
632 779 1098 852 εὐφρανθήσονται
1142 781 1234 833 τὸν
1278 781 1497 853 τρόπον,
1534 781 1609 845 ὡς
1649 783 1695 833 οί
1736 781 1825 833 εὐ-

236 875 597 945 φραινόμενοι
625 874 682 926 ἐν
703 872 917 943 ὰμητῷ,
950 875 1045 927 καὶ
1076 874 1134 926 ὃν
1159 874 1355 943 τρόπον
1388 875 1435 927 oi
1463 872 1824 944 διαιρούμενοι

237 963 435 1018 σκῦλα.
492 965 605 1017 Καὶ
653 964 823 1017 ταῦτα
868 965 925 1017 δὲ
964 964 1111 1036 ἔργῳ
1160 965 1493 1037 ἐπληροῦτο,
1545 968 1662 1029 ὅτε,
1700 966 1826 1029 τοὺς

236 1058 576 1123 ἀποστόλους
606 1061 635 1111 ό
658 1061 847 1132 Σωτὴρ
879 1062 971 1113 καὶ
988 1061 1189 1133 Κύριος
1222 1063 1377 1133 ήμῶν
1405 1063 1513 1116 ἀπὸ
1538 1064 1636 1133 τῆς
1668 1065 1706 1115 Γ
1710 1064 1827 1116 αλι-

235 1151 399 1215 λαίας
440 1152 973 1223 προσκαλεσάμενος,
998 1153 1064 1207 τὰ
1091 1145 1375 1225 παράδοξα
1393 1156 1501 1208 τῶν
1532 1155 1707 1226 ἔργων
1732 1155 1827 1208 καὶ

234 1244 336 1314 τὴν
386 1244 742 1297 διδασκαλίαν
787 1246 969 1309 αὐτοῖς
1022 1246 1395 1299 ἐπεδείκνυτοο
1451 1245 1826 1317 εὐφρανθήσε-

240 1335 365 1388 σθαι
397 1337 454 1388 δέ
481 1336 680 1400 αὐτοὺς
714 1338 955 1391 ἐναντίον
982 1337 1145 1390 αὐτοῦ
1170 1340 1201 1409 ή
1235 1340 1539 1410 προφητεία
1556 1336 1823 1404 θεσπίζει,

237 1427 399 1497 δίκην
430 1428 543 1481 τῶν
571 1430 1013 1500 εὐφραινομένων
1042 1432 1099 1483 ἐν
1127 1430 1341 1501 ἀμητῷ.
1373 1432 1518 1500 Ποίῳ
1541 1431 1597 1483 δὲ
1629 1430 1823 1501 τούτῳ,

237 1519 271 1589 ἦ
293 1519 427 1588 περὶ
465 1514 529 1573 οὐ
571 1518 836 1573 διδάσκων
869 1520 1031 1581 αὐτὸς
1066 1519 1249 1589 ἔλεγεν
1270 1537 1283 1551 ο
1339 1540 1357 1571 ι
1400 1521 1668 1593 Ἐπάρατε
1703 1522 1828 1585 τοὺς

237 1606 562 1680 ὀφθαλμοὺς
607 1610 783 1680 ὑμῶν,
829 1611 920 1663 καὶ
954 1610 1090 1663 ίδετε
1117 1610 1214 1673 τὰς
1258 1609 1461 1682 χώρας,
1511 1613 1591 1664 ὅτι
1639 1611 1826 1663 λευκαί

238 1704 345 1753 εἱσι
393 1702 538 1771 πρὸς
576 1700 835 1772 θερισμὸν
889 1702 1027 1773 ἧδη;
1061 1722 1080 1753 ι
1132 1703 1347 1773 Ἐὁήλου
1398 1704 1452 1757 δὲ
1492 1704 1579 1757 διά
1623 1703 1828 1756 τούτων

236 1792 334 1862 τὴν
369 1792 485 1845 τῶν
530 1792 698 1847 ἐθνῶν
735 1794 1184 1865 ἐπισυναγωγὴν·
1227 1796 1355 1865 περὶ
1403 1794 1511 1847 τῶν
1560 1795 1739 1848 αὐτῶν
1770 1796 1827 1848 δὲ

239 1886 483 1959 εἴρηται,
519 1889 600 1941 ὅτι
647 1908 665 1940 ι
690 1889 1176 1961 εὐφρανθήσονται,
1204 1889 1262 1942 ὃν
1288 1890 1486 1959 τρόπον
1514 1892 1563 1942 οἱ
1592 1888 1832 1961 διαιρού-

242 1995 393 2047 μενοι
444 1978 642 2033 σκῦλα.
691 1999 709 2030 ι
762 1979 1065 2051 Διελόμενοι
1121 1979 1252 2048 γοῦν
1297 1983 1376 2041 εἰς
1417 1980 1681 2049 ἀλλήλους
1730 1982 1829 2045 τὰς

237 2070 429 2140 χώρας
465 2070 578 2123 τῶν
619 2071 787 2124 ἐθνῶν
827 2073 920 2124 καὶ
961 2072 1060 2144 τὴν
1102 2070 1192 2141 ὐφ’
1226 2073 1375 2143 ἥλιον
1424 2074 1602 2125 πᾶσαν
1644 2074 1693 2126 οἱ
1734 2074 1828 2126 τοῦ

237 2159 501 2231 Σωτῆρος
523 2160 681 2231 ἡμῶν
712 2160 948 2233 μαθηταί
972 2179 1029 2214 τε
1057 2162 1149 2215 καὶ
1172 2162 1575 2231 εὐαγγελισταὶ,
1607 2161 1831 2234 μυρίους

235 2252 399 2316 ὅσους
432 2252 769 2307 ἐσκύλευσαν
802 2253 1068 2325 ἄρχοντας
1106 2254 1198 2308 τοῦ
1232 2256 1425 2319 αἰῶνος
1460 2254 1671 2319 τούτου,
1702 2259 1829 2321 τοὺς

236 2342 513 2412 πρότερον
550 2342 659 2395 τῶν
698 2343 867 2397 ἐθνῶν
908 2344 1265 2416 κρατοῦντας.
1303 2347 1375 2399 Οὐ
1422 2347 1529 2417 μὴν
1562 2345 1697 2400 ἀλλά
1736 2348 1831 2400 καὶ

235 2432 369 2485 ἄλλο
411 2433 590 2486 αἴτιον
632 2434 727 2487 τοῦ
770 2435 1243 2507 εὐφρανθήσεσθαι
1300 2436 1497 2501 αὐτούς
1550 2452 1719 2509 φησι,
1772 2437 1833 2489 τὸ

233 2520 408 2595 ἦρθαι
456 2527 553 2578 ἀπ’
597 2527 774 2580 αὐτῶν
820 2528 911 2581 τὸν
954 2530 1263 2601 σωματικὸν
1307 2530 1401 2583 τοῦ
1440 2530 1605 2601 νόμου
1646 2531 1830 2600 ζυγὸν,

234 2618 327 2671 τὸν
383 2618 557 2671 πάλαι
614 2619 875 2692 πρότερον
926 2622 1270 2693 ἐπικείμενον
1318 2624 1537 2686 αὐτοῖς,
1594 2621 1653 2675 ὃν
1709 2622 1832 2675 οὐτε

236 2712 401 2764 αὐτοὶ
426 2712 555 2764 οὔτε
589 2714 638 2766 οί
668 2713 901 2784 πατέρες
940 2715 1117 2767 αὐτῶν
1156 2715 1497 2786 ἠδυνήθησαν
1543 2716 1829 2785 βαστάσαι.

237 2806 314 2857 Οὐ
368 2805 532 2873 μόνον
576 2807 632 2860 δὲ
676 2808 704 2859 ὁ
732 2806 893 2876 ζυγὸς
927 2808 1205 2879 ἀφῄρηται
1254 2809 1456 2871 αὐτῶν,
1503 2808 1640 2862 ἀλλά
1670 2810 1765 2862 καὶ
1796 2811 1829 2878 ή

238 2896 444 2965 ῥάϐδος
480 2896 587 2950 τῶν
627 2900 1001 2953 ἀπαιτούντων
1049 2902 1081 2972 ή
1128 2900 1394 2971 πρότερον
1440 2902 1535 2953 ἐπὶ
1578 2900 1670 2953 τοῦ
1702 2917 1834 2972 τρα-

236 2994 411 3065 χήλου
454 2992 635 3046 αὐτῶν
667 2993 1009 3064 ἐπικειμένη.
1048 2994 1207 3065 Δηλοί
1230 2994 1285 3048 δὲ
1313 2996 1439 3058 τοὺς
1466 2996 1834 3061 ἀπαιτοῦντας

237 3087 297 3138 ὲν
338 3085 536 3156 ἑτέρῳ,
576 3084 750 3153 λέγων
775 3103 788 3115 ·
844 3104 862 3135 ι
892 3085 1031 3148 Λαός
1073 3104 1195 3156 μου,
1241 3090 1288 3139 οἱ
1340 3089 1647 3160 πράκτορες
1680 3089 1833 3160 ὑμῶν

237 3178 602 3247 καλαμῶνται
647 3178 820 3249 ὑμᾶς,
859 3180 953 3232 κοιλ¹
993 3179 1043 3231 οί
1081 3180 1438 3244 ἀπαιτοῦντες
1490 3182 1833 3253 κυριεύουσιν

240 3269 423 3340 ὑμῶν.
470 3288 490 3322 ι
522 3268 658 3321 Ἀλλ’
691 3264 833 3323 οὗτοι
872 3270 969 3341 μὲν
1018 3273 1066 3324 οἱ
1116 3270 1224 3323 ἀπὸ
1256 3272 1356 3342 τῆς
1402 3272 1685 3327 Ζαϐουλὼν
1740 3276 1834 3328 καὶ⁵

240 3359 569 3431 Νεφθαλείμ
600 3362 660 3414 τὸ
695 3362 833 3432 μέγα
867 3344 983 3431 cpiti;
1014 3361 1332 3434 τεθεαμένοι
1364 3364 1833 3437 εὐφρανθήσονται

240 3454 331 3507 διὰ
352 3454 424 3506 τὰ
447 3454 821 3525 προειρημένα
839 3462 851 3483 δ
886 3456 933 3506 oi
960 3454 1017 3507 δὲ
1051 3455 1217 3509 πάλαι
1253 3456 1610 3521 ἀπαιτοῦντες
1640 3459 1835 3521 αὐτοὺς

245 3544 728 3616 ἐκπραχθήσονται
765 3546 925 3616 μέχρι
956 3547 1249 3618 κοδράντω
1280 3548 1529 3617 ἐσχάτου,
1564 3550 1742 3602 πᾶσάν
1776 3566 1835 3602 τε

246 3637 444 3707 στολὴν
485 3639 578 3690 καὶ
622 3640 729 3691 πᾶν
784 3638 995 3709 ἱμάτιον
1044 3639 1433 3702 ἀποτίσαντες,
1474 3641 1836 3713 πυρίκαυστοι

244 3732 570 3799 γενήσονται
605 3733 662 3783 ἐν
692 3730 770 3801 τῷ
794 3728 894 3802 τῆς
929 3732 1248 3804 ἐκπράξεως
1279 3732 1457 3803 καιρῷ
1478 3750 1490 3763 ο
1536 3734 1628 3786 καὶ
1662 3733 1839 3787 ταῦτά

246 3839 310 3891 γε
333 3823 515 3875 πάντα
548 3823 680 3890 φησι
730 3824 1035 3890 πείσεσθαι,
1072 3824 1207 3878 διότι
1268 3846 1285 3876 ‹
1316 3824 1526 3879 παιδίον
1574 3826 1835 3897 ἐγεννήθη

247 3916 403 3985 ἡμῖν,
454 3914 551 3966 καὶ
597 3914 709 3977 υἱὸς
759 3914 912 3986 ἐδόθη
963 3918 1117 3987 ἡμῖν,
1153 3918 1303 3987 ὁτῆς
1351 3915 1592 3987 μεγάλης
1644 3916 1839 3988 βουλῆς

248 4004 498 4072 ἄγγελος.
534 4023 552 4055 ι
591 4005 712 4056 Τίσι
738 4004 794 4057 δὲ
828 4007 957 4076 ἡμῖν
1004 4006 1035 4077 ἢ
1070 4011 1183 4071 τοῖς
1228 4012 1307 4072 είς
1348 4009 1508 4061 αὐτὸν
1552 4014 1841 4061 πεπιστευ-

250 4098 369 4149 κόσι
390 4138 403 4160 ,
437 4097 533 4150 καὶ
574 4097 724 4171 πάσῃ
756 4097 955 4169 δηλαδὴ
997 4101 1061 4170 τῇ
1096 4100 1351 4171 Γαλιλαία
1397 4100 1502 4153 τῶν
1535 4100 1724 4163 ἐθνῶν,
1760 4097 1841 4163 οἷς

249 4189 309 4240 τὸ
343 4188 487 4257 μέγα
516 4188 631 4257 φῶς
647 4189 1006 4255 ἀνατέταλκε;
1041 4191 1094 4243 τί
1115 4192 1177 4263 δὴ
1209 4188 1277 4264 ἦν
1309 4192 1485 4249 τοῦτο,
1515 4191 1631 4246 ἀλλ’
1663 4191 1695 4262 ἢ
1732 4208 1749 4241 ι
1782 4192 1841 4244 τὸ

250 4281 651 4352 γεγεννημένον
688 4281 919 4345 παιδίον,
964 4283 1057 4336 καὶ
1106 4285 1133 4336 ὁ
1164 4284 1317 4356 παρά
1362 4284 1453 4337 τοῦ
1480 4283 1615 4337 Θεοῦ
1668 4283 1843 4347 δοθεὶς

248 4373 384 4435 υίὸς,
433 4372 675 4443 μεγάλης
714 4372 909 4442 βουλῆς
949 4373 1198 4442 ἄγγελος,
1241 4377 1334 4429 καὶ
1370 4377 1554 4448 ἄρχων
1595 4376 1838 4446 εἰρήνης,

249 4465 347 4519 καὶ
376 4462 759 4535 ἐξουσιαστὴς,
795 4465 888 4517 καὶ
916 4465 1048 4529 Θεὸς
1093 4468 1340 4538 ἰσχυρὸς,
1386 4468 1481 4520 καὶ
1533 4467 1715 4538 πατὴρ
1745 4467 1838 4520 τοῦ

252 4557 539 4627 μέλλοντος
595 4559 785 4620 αἰῶνος
836 4557 1256 4629 ὠνομασμένος;
1303 4577 1320 4608 ι
1390 4558 1561 4611 ταῦτα
1612 4558 1676 4630 δὴ
1732 4558 1833 4630 ἤδη

1929 592 2023 662 qui
2067 590 2316 644 dividunt
2350 590 2545 659 spolia.
2577 587 2741 659 440
2770 587 2896 643 Haec
2924 602 3055 642 vero
3085 588 3204 658 ipsa
3246 603 3307 642 re
3361 603 3509 643 eom~

1929 684 2072 753 pleta
2106 691 2255 743 sunt,
2284 696 2407 734 cum
2435 681 2503 735 de
2532 678 2754 734 Galilaea
2786 680 2996 735 vocatis
3028 680 3313 749 apostolis,
3344 679 3510 733 mira-

1930 775 2059 830 bilia
2091 789 2255 844 opera
2279 788 2379 828 sua
2412 783 2469 827 et
2501 773 2807 827 doctrinam
2870 772 3124 827 Salvator
3156 788 3219 827 ac
3245 772 3510 828 Dominus

1932 874 2121 921 noster
2152 866 2261 920 illis
2310 868 2489 935 palam
2530 864 2819 919 exhibuit:
2858 865 3134 919 lmtaturos
3188 873 3371 920 autem
3414 880 3511 920 eos

1930 973 2115 1013 coram
2150 958 2269 1029 ipso
2304 956 2592 1027 pr0phetia
2623 957 2853 1021 divinat,
2900 957 3077 1011 instar
3122 958 3423 1014 laetantium
3452 960 3511 1013 in

1931 1068 2131 1108 messe.
2186 1049 2292 1106 Sed
2334 1052 2390 1104 in
2423 1066 2532 1121 qua
2582 1049 2802 1104 tandem
2854 1064 3056 1111 messe.
3095 1051 3202 1105 nisi
3253 1051 3309 1105 in
3342 1067 3405 1107 ea
3441 1051 3513 1108 de

1931 1161 2040 1216 qua
2071 1146 2186 1214 ipse
2214 1145 2463 1198 dicebat:
2499 1160 2517 1193 ι
2549 1143 2797 1196 Attollite
2846 1143 3039 1197 oculos
3084 1150 3318 1207 vestros,
3344 1151 3398 1197 et
3424 1144 3511 1197 vi-

1932 1239 2054 1294 dete
2078 1240 2349 1309 regiones,
2374 1248 2429 1291 ut
2457 1238 2592 1290 albae
2614 1243 2739 1290 sunt
2766 1234 2834 1287 ad
2851 1250 3085 1290 messem
3111 1236 3222 1305 jam
3250 1237 3509 1291 nunc".i

1932 1329 2029 1385 His
2062 1338 2242 1384 autem
2273 1329 2455 1383 verbis
2510 1326 2751 1398 gentium
2782 1327 3259 1395 congregationem
3304 1328 3513 1399 signiﬁs

1933 1421 2090 1474 cabat
2119 1436 2133 1471 :
2158 1419 2225 1475 de
2256 1419 2461 1474 eisdem
2480 1432 2609 1471 vero
2640 1417 2847 1471 dictum
2883 1425 2987 1477 est.
3022 1416 3167 1486 quod
3195 1436 3212 1469 ι
3248 1420 3506 1474 Ιωιδὺυηά

1932 1520 2095 1567 turut
2127 1513 2164 1566 ii
2195 1512 2287 1582 qui
2322 1511 2576 1566 dividunt
2613 1511 2864 1580 spolia”.
2902 1530 2920 1563 ι
2947 1511 3083 1566 Cum
3108 1526 3237 1578 ergo
3268 1514 3512 1582 gentium

1931 1605 2074 1659 inter
2106 1620 2165 1658 se
2210 1604 2464 1672 regiones
2496 1610 2551 1656 et
2604 1602 2919 1656 universam
2966 1617 3087 1671 qua:
3120 1602 3223 1658 sub
3270 1604 3385 1658 sole
3430 1616 3516 1659 est

1932 1705 2161 1760 terram,
2215 1695 2520 1750 Salvatoris
2558 1695 2739 1749 nostri
2791 1694 3043 1765 discipuli
3090 1704 3255 1765 atque
3283 1712 3516 1767 evanges

1934 1790 2074 1844 lists:
2102 1788 2442 1853 divisissent,
2475 1787 2907 1843 innumerabiles
2953 1788 3151 1842 saeculi
3173 1788 3339 1858 hujus
3372 1794 3515 1858 prius

1933 1882 2082 1951 cipes
2113 1880 2507 1951 spoliaverunt.
2561 1896 2656 1935 eos
2692 1881 2881 1949 utique
2929 1880 3022 1949 qui
3068 1879 3222 1949 prius
3262 1881 3516 1951 gentibus

1932 1973 2563 2045 imperabant.Attamen
2595 1975 2755 2028 aliam
2776 1989 2990 2043 quoque
3020 1988 3266 2038 causam,
3295 1981 3518 2044 propter

1932 2083 2097 2138 quam
2150 2067 2335 2122 laetitia
2382 2067 2493 2121 sint
2541 2066 2831 2129 alliciendi,
2888 2075 3301 2132 commemorat,
3368 2066 3515 2137 quod

1934 2160 2293 2215 auferendum
2325 2160 2397 2214 sit
2424 2158 2494 2213 ab
2522 2158 2655 2229 ipsis
2686 2160 2972 2228 corporale
3004 2159 3140 2228 legis
3166 2159 3358 2229 jugum
3381 2158 3519 2229 janp

1933 2252 2145 2323 pridem
2174 2252 2309 2322 ipsis
2343 2252 2685 2321 impositum,
2708 2245 2851 2321 quod
2876 2267 3054 2320 neque
3086 2251 3187 2321 ipsi
3214 2266 3391 2321 neque
3420 2265 3519 2321 pa:-

1934 2354 2047 2401 tres
2081 2346 2326 2415 ipsorum
2359 2352 2656 2415 potuerunt
2703 2342 2867 2399 ferre.
2912 2344 3179 2398 Caeterum
3211 2360 3321 2397 non
3355 2344 3517 2397 modo

1930 2437 2122 2507 jugum
2156 2436 2430 2492 sublatum
2459 2443 2545 2491 est
2576 2436 2645 2488 ab
2676 2435 2831 2506 ipsis,
2852 2436 2947 2490 sed
2980 2436 3144 2491 etiam
3176 2436 3327 2506 virga
3358 2452 3516 2506 repet

1936 2526 2189 2592 tentium,
2218 2540 2339 2596 quae
2370 2527 2525 2596 prius
2562 2526 2617 2580 in
2653 2527 2795 2581 collo
2826 2527 3070 2597 ipsorum
3097 2528 3353 2597 imposita
3377 2536 3515 2583 erat;

1936 2619 2191 2674 Declarat
2240 2634 2405 2690 porro
2452 2619 2545 2689 qui
2581 2620 2691 2675 sint
2734 2627 3042 2689 repetentes
3097 2618 3248 2682 alibi,
3290 2619 3511 2674 dicens:

1942 2728 1960 2759 ι
1995 2708 2238 2779 Populus
2283 2724 2473 2773 meus,
2525 2718 2811 2765 exactores
2859 2711 3027 2764 vestri
3073 2711 3255 2780 spicas
3306 2718 3519 2765 vestras

1936 2802 2224 2873 colligunt,
2268 2811 2321 2856 et
2347 2810 2654 2871 repetentes
2684 2802 3038 2857 dominantur
3075 2803 3251 2857 vobis.
3275 2802 3518 2858 «Verum

1937 2897 1990 2951 bi
2025 2897 2247 2967 quidem
2278 2910 2310 2949 a
2357 2895 2605 2952 Zabulon
2652 2904 2707 2952 et
2746 2896 3093 2966 Nephthalim
3136 2896 3379 2963 oriundi,
3424 2899 3522 2969 qui

1937 2990 2131 3059 ingens
2177 2990 2362 3046 lumen
2394 2989 2579 3045 intuiti
2613 2997 2765 3053 sunt,
2799 2990 3129 3045 laetabuntur
3165 2998 3388 3060 propter
3427 2990 3519 3044 illa

1937 3098 2058 3153 qua:
2081 3082 2194 3152 jam
2231 3091 2390 3138 antea
2419 3083 2567 3138 dicta
2595 3095 2743 3148 sunt;
2772 3083 2863 3153 qui
2888 3098 3018 3137 vero
3044 3082 3113 3136 ab
3145 3082 3279 3152 ipsis
3313 3093 3520 3154 repete.

1939 3177 2093 3242 bant,
2128 3178 2197 3232 ab
2228 3178 2297 3233 iis
2325 3185 2603 3247 repetetur
2636 3192 2814 3246 usque
2846 3175 2915 3230 ad
2951 3176 3200 3231 ultimum
3244 3177 3520 3247 quadran-

1937 3277 2069 3333 tem,
2104 3269 2380 3340 iidemque
2423 3271 2516 3325 ubi
2566 3285 2783 3326 omnem
2824 3278 3027 3324 vestem
3053 3283 3327 3338 omneque
3350 3273 3520 3325 vestis

1938 3368 2182 3415 mentum
2215 3362 2602 3430 persolverint,
2648 3362 2772 3431 igne
2808 3359 3083 3414 combusti
3134 3361 3265 3413 ﬁent
3307 3360 3360 3414 in
3400 3361 3522 3430 ipso

1936 3452 2241 3509 exactionis
2292 3461 2559 3523 tempore,
2608 3454 2902 3524 omniaque
2946 3454 3061 3507 haec
3108 3468 3373 3523 passuros
3420 3454 3518 3516 ait,

1939 3554 2222 3615 propterea
2246 3547 2391 3617 quod
2428 3565 2447 3597 ‹
2479 3547 2741 3616 puerulus
2776 3556 2937 3600 natus
2966 3554 3051 3601 est
3081 3546 3261 3610 nobis,
3293 3555 3346 3602 et
3377 3546 3521 3600 ﬁlius

1937 3637 2100 3692 datus
2133 3647 2217 3693 est
2265 3640 2446 3703 nobis,
2478 3640 2597 3707 ipse
2630 3640 2812 3709 magni
2848 3640 3067 3694 consilii
3108 3641 3356 3711 angelus.
3392 3658 3411 3691 ι
3454 3640 3522 3694 At

1938 3746 2069 3785 vero
2100 3732 2299 3801 quibus
2327 3731 2548 3786 tandem
2582 3729 2764 3796 nobis,
2798 3732 2907 3787 nisi
2936 3733 3030 3803 qui
3082 3733 3137 3787 in
3175 3733 3353 3803 ipsum
3398 3748 3521 3787 ere;

1939 3822 2201 3885 didimus,
2237 3832 2289 3877 ct
2319 3824 2470 3878 omni
2503 3824 2758 3879 videlicet
2810 3824 3045 3880 Galilaea:
3095 3826 3368 3896 gentium,
3402 3827 3522 3895 quis

1939 3916 2044 3970 bus
2073 3932 2329 3986 magnum
2356 3918 2541 3973 lumen
2563 3929 2744 3973 ortum
2772 3919 2998 3974 est?sed
3019 3918 3294 3990 quodnam
3312 3934 3520 3990 quaeso,

1940 4011 2048 4064 nisi
2082 4009 2198 4081 ipse
2232 4027 2251 4060 ι
2297 4020 2461 4066 natus
2496 4013 2781 4082 puerulus,
2811 4021 2865 4067 et
2896 4014 2988 4083 qui
3026 4029 3055 4066 a
3084 4012 3196 4069 Deo
3245 4013 3408 4093 datus
3440 4022 3525 4068 est

1944 4103 2108 4167 ﬁlius,
2140 4103 2234 4174 qui
2272 4104 2456 4173 magni
2487 4106 2703 4160 consilii
2746 4106 2996 4176 angelus,
3034 4116 3088 4159 et
3119 4105 3376 4176 princeps
3428 4120 3524 4174 pa-

1942 4192 2044 4259 cis,
2074 4201 2131 4247 et
2159 4193 2252 4262 jus
2283 4194 2696 4266 potentiamque
2730 4196 2961 4260 habens,
2998 4206 3053 4251 et
3084 4196 3229 4251 Deus
3254 4196 3435 4262 fortis,
3470 4202 3526 4251 et

1942 4292 2098 4353 pater
2148 4283 2320 4339 futuri
2374 4287 2563 4340 saeculi
2618 4289 2933 4343 nominatus
2975 4290 3090 4343 est?
3134 4309 3150 4341 ι
3188 4303 3374 4343 verum
3410 4288 3527 4342 haec

1942 4374 2058 4443 ipsa
2081 4375 2195 4444 jam
2228 4384 2389 4432 antea
2417 4378 2485 4431 ad
2514 4393 2686 4432 unum
2714 4381 3002 4435 referenda
3028 4397 3153 4437 esse
3184 4380 3525 4436 Salvatorem

1944 4464 2347 4539 Dominumque
2400 4480 2672 4536 nostrum,
2724 4487 2826 4527 suo
2880 4481 3125 4544 tempore
3178 4473 3527 4529 demonstra:-

1942 4572 2140 4613 vrmus.

249 4648 561 4717 φθάσαντες
604 4648 695 4700 ἐπὶ
740 4648 899 4718 μόνον
969 4646 1334 4718 ἀναφέρεσθαι
1375 4648 1466 4702 τὸν
1501 4647 1730 4719 Σωτῆρα
1779 4646 1873 4700 καὶ¹
1909 4646 2116 4719 Κύριον
2153 4650 2311 4720 ἡμῶν
2355 4650 2497 4705 κατὰ
2545 4652 2636 4707 τὸν
2685 4656 2882 4710 οίκείον
2960 4660 3152 4731 καιρὸν
3198 4658 3528 4732 προαπεδείει

250 4746 314 4812 ξα
323 4764 447 4817 μεν.

332 4863 470 4918 Ἀπὸ
509 4859 757 4933 ψαλμοῦ
788 4850 907 4929 ξίν.
936 4864 1076 4932 Περι
1113 4862 1221 4932 τῆς
1248 4864 1367 4918 τῶν
1392 4864 1755 4919 ἀποστόλων

2000 4858 2159 4932 441
2195 4860 2236 4913 Α
2262 4861 2468 4931 psalmo
2491 4867 2659 4918 mn.
2700 4894 2773 4905 —
2796 4854 2875 4919 De
2906 4867 3269 4935 apostolorum
3302 4878 3458 4924 vocad

904 4936 1202 5004 κλήσεως.

326 5066 343 5097 ι
392 5038 811 5118 Ἐθεωρήθησαν
859 5050 913 5101 αἱ
950 5049 1165 5119 πορεῖαί
1204 5066 1295 5100 σου
1323 5088 1337 5113 ,
1374 5052 1402 5104 ό
1445 5038 1576 5114 Θεὸς
1602 5092 1615 5116 ,
1653 5052 1709 5104 αί
1745 5072 1842 5106 πο-

255 5142 395 5209 ρεῖαι
448 5137 542 5191 τοῦ
584 5138 719 5191 Θεοῦ
758 5157 859 5210 μου
890 5139 984 5194 τοῦ
1027 5140 1309 5209 βασιλέως,
1345 5141 1438 5195 τοῦ
1482 5143 1539 5194 ἐν
1572 5143 1650 5213 τῷ
1676 5144 1836 5215 ἁγίῳ.

253 5228 613 5299 Προέιρθασαν
653 5231 911 5301 ἄρχοντες
951 5232 1198 5303 ἐχόμενοι
1238 5233 1565 5303 ψαλλόντων,
1593 5235 1650 5287 ἐν
1687 5236 1839 5307 μέσῳ

254 5318 507 5372 νεανίδων
552 5323 1019 5394 τυμπανιστριῶν.
1058 5326 1144 5378 Ἐν
1180 5326 1499 5395 ἐκκλησίαις
1565 5327 1838 5394 εὐλογεῖτε

252 5410 342 5464 τὸν
376 5408 508 5464 Θεὸν
536 5412 739 5485 Κύριον
772 5410 837 5468 ἐκ
870 5416 1058 5487 πηγῶν
1111 5418 1347 5489 Ἰσραήλ.
1400 5418 1545 5469 Ἐκεῖ
1578 5418 1836 5488 Βενιαμὶν

255 5500 515 5576 νεώτερος
558 5507 614 5558 ἐν
657 5506 943 5573 ἐκστάσει,
995 5511 1253 5582 ἄρχοντες
1314 5508 1516 5577 Ἰούδα,
1571 5500 1837 5581 ἡγεμόνες

258 5590 464 5659 αὐτῶν,
516 5588 775 5667 ἄρχοντες
821 5595 1123 5663 Ζαϐουλὼν,
1154 5598 1413 5671 ἄρχοντες
1438 5590 1772 5670 Νεφθαλείμ.
1815 5621 1831 5650 ι

260 5684 546 5737 Κάνταῦθα
571 5688 696 5751 τοὺς
721 5686 1081 5759 δηλουμένους
1107 5688 1373 5761 ἄρχοντας
1398 5678 1714 5760 Νεφθαλεὶμ
1738 5680 1837 5743 οὐκ

328 5866 370 5898 ⁸³
406 5865 561 5923 Joan.
600 5884 684 5934 tv,
717 5869 805 5926 53.
885 5872 928 5903 ⁵³
967 5869 1070 5926 Isa.
1104 5888 1247 5937 xvii,
1286 5873 1335 5928 5.

2656 4935 2816 4989 tione.

2022 5062 2041 5097 ‹
2074 5045 2207 5103 Visa
2266 5054 2395 5103 sunt
2434 5048 2633 5105 itinera
2663 5057 2782 5118 tua,
2839 5049 3001 5118 Deus,
3040 5054 3239 5110 itinera
3274 5047 3372 5110 Dei
3422 5056 3528 5113 mei

1938 5138 2106 5209 regis,
2129 5139 2223 5210 qui
2251 5141 2403 5195 estin
2427 5148 2642 5197 saneto.
2662 5138 3053 5199 Praevenemnt
3089 5147 3366 5217 principes
3389 5165 3529 5204 eon-

1939 5230 2117 5299 junCti
2138 5230 2497 5299 psallentibus
2528 5234 2583 5287 in
2604 5234 2784 5289 medio
2813 5235 3348 5294 adolescentularum
3385 5249 3528 5312 tym-

1944 5317 2358 5388 panistriarum.
2404 5321 2464 5373 In
2520 5323 2773 5379 ecclesiis
2816 5324 3124 5381 benedieite
3156 5327 3264 5383 Deo
3294 5328 3528 5387 Domino

1944 5410 2013 5464 de
2046 5410 2286 5466 fantibus
2319 5411 2507 5468 Israel.
2550 5411 2667 5469 Illic
2697 5414 2981 5487 Benjamin
3011 5419 3199 5489 junior
3229 5422 3283 5476 in
3330 5426 3529 5482 mentis

1946 5518 2199 5569 excessu,
2232 5504 2509 5575 principes
2554 5505 2715 5573 Juda,
2750 5508 2918 5565 duces
2941 5511 3207 5583 ipsordm,
3254 5517 3531 5588 principes

1947 5591 2214 5663 Zabulon,
2244 5600 2518 5671 principes
2557 5599 2899 5672 Nephthalim
2932 5606 2999 5662 “.
3032 5626 3050 5659 ›
3090 5605 3203 5662 Hoc
3223 5625 3441 5681 quoque
3472 5614 3529 5668 in

1946 5693 2069 5747 loco
2103 5707 2198 5749 eos
2247 5694 2340 5766 qui
2385 5694 2651 5751 dicuntur
2703 5699 2980 5772 principes
3013 5700 3361 5774 Nephtlialim
3416 5720 3529 5762 non

1445 5876 1488 5905 ⁶³
1526 5873 1685 5955 Psal,
1704 5888 1845 5929 vau
1869 5914 1883 5941 ,
1916 5875 2110 5932 23-38,
