3928 6526
489 387 594 445 687

1157 379 1424 437 EUSEBII
1459 381 1940 438 CESARIENSIS
1977 383 2128 440 OPP.
2167 385 2346 440 PARS
2373 386 2458 442 ll.‘
2481 413 2548 426 α-
2575 387 3056 446 APOLOGETICA
3085 429 3096 444 .
3613 399 3700 458 688

475 506 616 561 alios
645 520 768 561 esse
797 518 1000 560 censeo
1044 518 1208 574 quam
1243 505 1519 574 apostolos
1549 525 1562 561 :
1608 505 1736 562 inde
1772 508 1918 562 enim
1952 521 2035 562 eoi

2151 483 2344 574 ἄλλους
2381 509 2622 582 ἡγοῦμαι
2657 512 2764 566 τῶν
2799 513 3114 566 ἀποστόλων
3161 514 3446 584 τυγχάνειν
3467 531 3482 546 ·
3518 516 3704 577 ἐνθένδε

478 595 730 652 Salvator
760 611 824 651 ac
853 595 1117 652 Dominus
1167 603 1358 652 noster
1405 597 1588 668 elegit,
1613 607 1672 652 ut
1719 613 1750 652 a
1802 597 2056 654 Mattme

475 689 738 760 scriptum
771 697 878 745 est.
921 689 1229 760 lngressum
1267 705 1394 746 vero
1441 691 1506 744 ad
1555 691 1826 755 homines,
1853 691 2055 747 adven-

473 788 700 849 tumque
733 778 826 833 Dei
844 777 1008 832 Verbi
1041 793 1164 834 cum
1187 794 1436 850 corpore,
1464 779 1592 834 dum
1625 780 1776 834 canit
1805 779 2054 850 Scriptu-

471 887 556 936 ra,
592 872 672 926 sic
703 871 778 924 ait
809 891 822 925 ;
863 888 882 922 ι
932 870 1056 924 Visa
1089 878 1218 924 sunt
1249 871 1444 928 itinera
1475 879 1587 933 tua,
1616 869 1780 934 Deus,
1813 891 1832 924 ι
1865 879 1920 927 et
1947 887 2052 927 cai-

473 972 612 1018 tera.
643 961 884 1032 Hujusce
909 975 1076 1032 porro
1109 961 1376 1018 adventus
1411 977 1536 1017 cum
1559 965 1716 1033 quasi
1744 979 2052 1034 przecurso-

472 1071 562 1112 res
593 1055 793 1110 fuerint
828 1061 1037 1110 veteres
1075 1052 1184 1110 Deo
1215 1055 1374 1108 amici
1417 1054 1712 1125 prophetae,
1747 1054 1812 1108 ad
1851 1055 2051 1125 psalte-

471 1145 614 1199 rium
649 1153 703 1199 et
733 1144 800 1198 ad
830 1144 1012 1200 omnis
1037 1145 1256 1214 generis
1287 1147 1557 1215 spiratilia
1596 1147 1958 1201 instrumenta
1983 1147 2050 1200 il-

467 1238 581 1312 |um
617 1239 672 1292 in
701 1237 886 1292 choris
915 1238 1298 1308 praedicantes,
1321 1246 1376 1292 et
1406 1239 1660 1296 laudibus
1703 1240 2048 1296 celebrantes

469 1337 892 1392 antevenerunt,
939 1331 993 1384 in
1045 1329 1226 1384 medio
1253 1328 1780 1386 adolescentularum
1829 1339 2046 1402 tympa-

467 1421 808 1478 nistriarum.
881 1419 1096 1492 Ubique
1149 1421 1298 1476 enim
1351 1421 1409 1476 in
1473 1421 1682 1477 medios
1729 1419 2044 1476 Iudaeorum

465 1521 770 1571 conventus
797 1513 1074 1585 progressi
1117 1511 1288 1568 divini
1323 1514 1620 1584 prophetae,
1650 1515 1855 1571 Christi
1890 1524 2046 1572 tanto

467 1619 596 1665 ante
625 1608 1028 1664 denuntiabant
1059 1607 1352 1662 adventum
1381 1627 1394 1664 :
1425 1610 1554 1679 quin
1583 1609 1746 1664 etiam
1775 1609 1938 1666 iidem
1959 1612 2044 1665 (Ιί-

463 1702 596 1757 vino
627 1699 824 1772 spiritu
857 1699 1021 1754 amati
1055 1699 1358 1754 Salvatoris
1411 1702 1588 1756 nostri
1631 1702 1932 1772 discipulos
1963 1704 2044 1757 al-

2157 603 2266 673 γάρ
2291 603 2486 667 αὐτοὺς
2522 604 2550 655 ὁ
2576 603 2767 675 Σωτὴρ
2809 605 2902 658 καὶ
2934 603 3140 676 Κύριος
3179 605 3334 674 ἡμῶν
3360 607 3706 675 ἁναλέλεκται,

2157 691 2297 744 κατά
2319 688 2415 761 τὴν
2439 691 2716 746 Ματθαίου
2743 692 3062 762 παράθεσιν.
3096 693 3206 762 Τὴν
3231 695 3312 756 είς
3339 695 3640 767 ἀνθρώπους
3659 699 3708 756 δὲ

2156 785 2382 856 πορείαν
2409 785 2502 839 καὶ
2527 786 2624 856 τὴν
2651 785 2916 856 ένσαρκον
2943 786 3234 856 ἐπιδημίαν
3266 787 3364 840 τοῦ
3400 788 3530 842 Θεοῦ
3555 791 3705 860 Λόγου

2154 875 2488 941 θεσπίζουσα
2523 879 2556 946 ἡ
2599 877 2790 948 Γραφή
2831 893 3014 948 φησιν,
3050 895 3068 928 ι
3111 876 3526 950 Ἐθεωρήθησαν
3549 883 3599 934 αί
3622 899 3706 936 πο-

2153 970 2292 1041 ρεῖαί
2333 987 2426 1024 σου
2453 971 2482 1022 ό
2507 969 2639 1032 Θεὸς
2659 1011 2673 1034 ,
2711 989 2728 1021 i
2758 969 2854 1024 καὶ
2893 969 2962 1024 τὰ
2988 971 3135 1041 ἑξῆς.
3169 971 3388 1042 Ταύτης
3413 971 3470 1024 δὲ
3491 973 3585 1042 τῆς
3607 975 3708 1028 ἐπι-

2151 1057 2378 1127 φανείας
2417 1059 2617 1112 ὡσανεὶ
2644 1059 2940 1131 πρόδρομοι
2971 1061 3252 1129 γεγονότες
3275 1063 3326 1116 ot
3359 1061 3526 1116 πάλαι
3547 1062 3704 1133 θεοφι-

2149 1149 2259 1214 λεῖς
2286 1149 2578 1220 προφῆται,
2595 1149 2684 1203 διὰ
2704 1150 3004 1223 ψαλτηρίου
3029 1151 3124 1204 καὶ
3149 1151 3324 1223 χορῶν
3349 1154 3444 1206 καὶ
3467 1154 3706 1210 παντοίων

2149 1243 2534 1310 πνευματικῶν
2559 1245 2806 1316 ὀργάνων
2833 1244 3211 1316 κηρύττοντες,
3242 1245 3338 1300 καὶ
3369 1245 3704 1316 ἀνυμνοῦντες

2147 1333 2496 1404 προέφθασαν
2531 1337 2588 1388 ὲν
2618 1335 2764 1407 μέσῳ
2801 1336 3056 1392 νεανίδων
3081 1337 3546 1408 τυμπανιστριῶν.
3581 1339 3702 1392 Πάν-

2145 1439 2252 1487 τως
2277 1423 2384 1495 γάρ
2407 1442 2510 1478 που
2537 1425 2644 1479 τῶν
2673 1427 2736 1478 ὲκ
2758 1426 3058 1498 περιτομῆς
3097 1428 3428 1496 συναγωγῶν
3455 1431 3532 1492 εἰς
3566 1429 3703 1499 μέσον

2145 1516 2430 1588 παριόντες
2483 1519 2530 1570 οἱ
2581 1517 2710 1572 θεῖοι
2749 1519 3024 1590 προφῆται
3067 1519 3166 1588 τὴν
3195 1519 3290 1573 τοῦ
3331 1521 3564 1592 Χριστοῦ
3589 1539 3702 1593 προ-

2145 1608 2510 1679 κατήγγελλον
2554 1607 2767 1678 ἄφιξιν·
2829 1611 2876 1663 οί
2913 1609 2968 1662 δὲ
3003 1611 3159 1663 αὐτοὶ
3181 1611 3260 1682 τῷ
3295 1612 3430 1682 θείῳ
3465 1613 3704 1684 πνεύματι

2141 1703 2256 1764 τοῖς
2293 1701 2387 1754 τοῦ
2431 1702 2682 1772 Σωτῆρος
2725 1701 2881 1773 ἡμῶν
2919 1702 3236 1768 ἀποστόλοις
3265 1705 3606 1775 προεφώνουν
3638 1708 3702 1760 λέ-

467 1794 832 1866 quuebantur
861 1793 1106 1848 dicentes
1134 1811 1148 1849 :
1181 1811 1200 1845 ι
1235 1792 1292 1848 In
1319 1793 1580 1849 Erelcsiis
1606 1793 1912 1849 benedieite
1933 1794 2035 1849 Deo

2142 1810 2331 1863 γοντες
2349 1811 2361 1824 ·
2397 1814 2416 1846 ι
2458 1796 2544 1849 Ἐν
2583 1795 2930 1865 Ἐκκλησίαις
2955 1795 3224 1864 εὐλογεῖτε
3249 1797 3344 1851 τδν
3369 1797 3502 1851 Θεὸν
3525 1798 3701 1870 Κύριον

465 1863 696 1942 Domino
740 1885 808 1941 de
833 1884 1077 1939 fontibus
1131 1885 1318 1941 Israel.
1353 1905 1371 1937 ι
1416 1885 1616 1940 Fontes
1659 1893 1838 1941 autem
1877 1888 2035 1943 Israel

2141 1889 2206 1940 ὲκ
2251 1887 2442 1957 πηγῶν
2482 1887 2718 1958 Ἰσραήλ.
2759 1863 3000 1959 ,Πηγαὶ
3033 1863 3099 1941 δὲί
3133 1889 3354 1960 Ἰσραὴλ
3389 1891 3438 1942 οί
3474 1863 3616 1958 λόγοι.
3643 1890 3697 1944 ἂν

463 1979 630 2034 verba
665 1977 890 2036 fuerint.
925 1993 1046 2048 quae
1075 1979 1174 2048 ipsi
1213 1976 1378 2032 Israel
1411 1979 1610 2032 tradita
1643 1989 1772 2033 sunt
1805 1997 1818 2032 :
1847 1981 2042 2049 primis

463 2073 610 2128 enim
645 2073 754 2128 illis
809 2072 1014 2128 credita
1046 2083 1176 2128 sunt
1205 2073 1294 2128 Dei
1319 2075 1562 2133 oracula,
1590 2072 1734 2129 unde
1765 2089 1865 2129 nos
1903 2089 2042 2143 quo—

463 2179 570 2234 que
599 2165 918 2220 haurientes
946 2163 1156 2219 Christi
1182 2163 1458 2220 Eeclesias
1486 2164 1716 2232 irrigare
1745 2166 2038 2236 oportebit.

460 2257 919 2314 Adulescentulus
943 2266 1124 2312 autem
1155 2263 1210 2312 et
1257 2255 1668 2328 tympanistrias
1703 2257 1860 2320 dixit,
1888 2264 1946 2312 ut
1979 2273 2040 2314 eo

461 2351 628 2408 modo
651 2353 864 2406 animas
887 2352 1016 2406 olim
1049 2353 1216 2406 vitam
1253 2365 1408 2406 suam
1439 2351 1505 2406 ad
1539 2350 1704 2406 Mosis
1735 2353 1905 2424 legem
1953 2353 2039 2408 di-

463 2446 722 2515 rigentes,
745 2451 798 2498 et
829 2445 1125 2500 secundum
1179 2459 1382 2515 corpus
1433 2445 1726 2514 plurimum
1783 2445 2040 2516 degentes

461 2537 818 2608 signiﬁcaret,
852 2536 941 2590 ubi
973 2535 1102 2590 dum
1135 2536 1574 2592 adolescentulas
1600 2537 1820 2607 quidem
1849 2547 2032 2600 vocat,

460 2643 649 2682 earum
675 2627 866 2681 rudius
889 2637 1050 2696 atque
1083 2624 1458 2695 itnperfertius
1496 2627 1836 2698 prepositum
1862 2635 2036 2691 notat,

460 2719 588 2772 dum
647 2725 826 2772 autem
883 2717 1315 2787 tympanistrias,
1363 2719 1678 2774 earumdem
1737 2720 2037 2788 corporalis

461 2811 800 2866 adorationis
835 2825 990 2864 usum
1025 2809 1253 2881 intelligi
1283 2812 1420 2866 vult.

459 2923 624 2998 ωε
659 2925 732 2998 Ab
757 2923 928 2977 Isaia.
951 2951 1016 2962 -—-
1048 2921 1120 2998 De
1141 2925 1443 2992 prophetica
1467 2923 1704 2998 lectione,
1733 2941 1890 2994 quam
1925 2925 2037 2998 ipse

533 2995 790 3049 Dominus
847 3003 1022 3047 uoster
1078 2997 1134 3046 in
1191 3003 1444 3048 conventu
1511 2995 1824 3050 Iudaeorum
1886 2995 2038 3049 exhi-

531 3065 664 3120 buit.

536 3196 556 3228 ι
595 3175 834 3246 Spiritus
865 3177 1076 3232 Domini
1113 3193 1280 3247 super
1310 3193 1418 3242 me,
1453 3188 1676 3250 propter
1702 3181 1850 3252 quod
1881 3183 2035 3238 unxit

460 3281 566 3322 me.
631 3265 1018 3338 Evangelizare
1069 3267 1404 3337 pauperibus
1459 3270 1608 3324 misit
1669 3287 1775 3336 me,
1837 3286 2034 3327 sanare

457 3359 726 3414 contritus
747 3358 932 3422 corde,
967 3357 1266 3427 prmdicare
1285 3360 1516 3430 captivis
1542 3361 1944 3425 remissionem,
1980 3369 2034 3418 et

457 3451 620 3506 caecis
651 3451 852 3513 visum,
877 3465 1076 3504 vocare
1113 3464 1317 3505 annum
1371 3449 1584 3505 Domini
1635 3461 1939 3522 acceptum,
1979 3460 2036 3508 et

457 3543 602 3598 diem
629 3541 1008 3598 retributionis
1039 3541 1106 3596 ⁸⁸.
1149 3561 1168 3592 ›
1191 3539 1305 3596 Hoc
1333 3555 1551 3612 quoque
1575 3543 1888 3598 vaticinium
1919 3545 2033 3613 ipse

458 3633 724 3690 Dominus
757 3640 942 3688 noster
977 3633 1031 3686 in
1084 3633 1272 3702 seipse
1315 3633 1646 3704 completum
1681 3649 1804 3690 esse
1833 3635 2034 3689 conﬁr-

458 3731 592 3789 mat,
627 3737 738 3792 quo
793 3731 1036 3791 tempore
1066 3736 1192 3776 cum
1240 3723 1478 3776 venisset
1513 3721 1568 3776 in
1599 3720 1892 3788 Nazareth,
1938 3725 2032 3780 ubi

457 3814 636 3867 fuerat
669 3812 956 3872 educatus,
985 3811 1268 3880 ingressus
1299 3821 1402 3876 est,
1435 3819 1494 3864 ut
1528 3812 1760 3877 solebat,
1793 3813 2030 3882 quodam

461 3910 822 3966 Sabbatorum
871 3909 960 3964 die
995 3923 1048 3962 in
1081 3914 1438 3972 conventum,
1475 3909 1746 3979 siquidem
1773 3916 2028 3978 surgent;

459 4003 538 4058 illi
573 4009 860 4071 porrectus
889 4007 972 4054 est
1002 3999 1140 4053 liber
1169 3995 1320 4053 Isaiae
1381 3999 1681 4068 prophetae,
1711 4015 1872 4069 quem
1904 4015 2030 4054 cum

457 4095 775 4155 evolvisset,
815 4092 945 4162 legit
974 4091 1106 4145 illud
1157 4091 1301 4160 quod
1361 4091 1414 4146 in
1467 4107 1532 4146 eo
1582 4092 1846 4162 scriptum
1893 4100 2026 4146 est:

463 4207 480 4237 ι
521 4183 760 4254 Spiritus
819 4181 1035 4236 Domini
1085 4197 1248 4251 super
1277 4196 1384 4246 me,
1417 4189 1640 4250 propter
1673 4181 1816 4252 quod
1875 4183 2030 4236 unxit

459 4292 565 4332 me.
601 4274 986 4345 Erangelizare
1019 4273 1354 4343 pauperibus
1385 4271 1536 4328 misit
1591 4288 1700 4338 me,
1731 4273 2029 4342 praedicare

457 4369 690 4438 captivis
741 4367 1142 4430 remissionem,
1189 4373 1243 4422 et
1297 4367 1460 4422 caecis
1524 4365 1726 4430 visum,
1758 4364 2030 4421 dimittere

457 4459 769 4516 confractos
795 4461 848 4514 in
877 4460 1255 4516 remissionem
1294 4477 1308 4513 :
1349 4473 1548 4514 vocare
1578 4473 1780 4512 annum
1815 4457 2028 4512 Domini

2141 1977 2268 2042 εἶεν,
2303 1980 2354 2032 οί
2377 1978 2454 2050 τῷ
2489 1979 2705 2052 Ἰσραὴλ
2747 1981 3196 2052 παραδεδομένοι·
3225 1981 3434 2053 πρῶτοι
3461 1983 3564 2052 γὰρ
3596 1985 3698 2036 ὲπι-

2143 2070 2442 2140 στεύθησαν
2485 2070 2552 2124 τὰ
2587 2055 2740 2139 λόγια
2777 2073 2872 2126 τοῦ
2915 2073 3079 2137 Θεοῦ,
3111 2074 3230 2126 ὅθεν
3271 2073 3592 2140 ἀντλοῦντας
3621 2077 3698 2130 καὶ

2138 2165 2287 2234 ἡμᾶς
2317 2163 2562 2236 ἀρδεύειν
2607 2164 2786 2236 δεήσει
2821 2165 2918 2230 τὰς
2956 2165 3285 2237 Ἐκκλησίας
3321 2167 3418 2220 τοῦ
3463 2167 3696 2240 Χριστοῦ.

2139 2255 2406 2320 Νεάνιδας
2430 2256 2486 2310 δὲ
2515 2257 2607 2312 καὶ
2629 2258 3063 2328 τυμπανιστρίας
3083 2257 3181 2323 τὰς
3211 2259 3382 2314 πάλαι
3411 2259 3699 2330 σωματικῶ-

2137 2363 2295 2416 τερον
2355 2345 2498 2400 κατά
2563 2346 2655 2400 τὸν
2697 2347 2976 2412 Μωῦσέως
3034 2349 3198 2421 νόμον
3273 2349 3496 2422 βιούσας
3547 2351 3697 2420 ψυχὰς

2139 2436 2389 2508 ᾐνίξατο,
2421 2437 2508 2492 διὰ
2550 2439 2650 2508 μὲν
2681 2437 2744 2490 τὸ
2778 2437 3041 2510 νεώτερον
3076 2441 3168 2494 καὶ
3193 2441 3385 2504 ἀτελὲς
3409 2441 3500 2494 τοῦ
3525 2441 3698 2512 φρονή-

2142 2549 2308 2602 ματος
2333 2531 2578 2595 νεάνιδας
2601 2571 2616 2595 ,
2651 2531 2738 2585 διὰ
2769 2531 2826 2584 δὲ
2849 2532 2910 2585 τὸ
2937 2534 3063 2604 περὶ
3113 2534 3436 2605 σωματικὴν
3469 2531 3696 2604 κατατρί-

2139 2624 2328 2679 6εσθαι
2359 2624 2650 2696 θρησκείαν
2679 2626 3110 2696 τυμπανιστρίας
3149 2625 3320 2689 αύτάς
3360 2625 3692 2687 ἀποκαλέσας·

2153 2914 2278 2966 Ἀπὸ
2313 2912 2418 2965 τοῦ
2475 2914 2734 2969 Ἡσαΐου.
2760 2944 2826 2954 —-
2851 2911 2990 2978 Περὶ
3035 2910 3144 2978 τῆς
3182 2908 3551 2979 προφητικῆς
3573 2908 3690 2979 dra-

2205 2981 2501 3052 γνώσεως,
2525 2983 2604 3050 ἣν
2632 2983 2813 3052 αὐτὸς
2847 2987 2878 3036 d
2913 2977 3125 3052 Κύριος
3157 2977 3325 3049 ’ἠμῶτὲ-
3355 2979 3590 3048 signa”
3607 2977 3690 3030 ἐπὶ

2207 3049 2315 3122 τῆς
2340 3051 2694 3124 συναγωγῆς
2726 3049 2843 3106 τῶν
2877 3051 3192 3107 Ἰουδαίων.

2213 3185 2232 3220 ι
2265 3167 2490 3238 Πνεῦμα
2537 3167 2742 3238 Κυρίου
2783 3169 2868 3220 ἐπ’
2910 3166 3032 3237 ἐμὲ,
3061 3157 3121 3216 οὗ
3167 3163 3377 3218 εἵνεκεν
3409 3161 3580 3236 έχρισέ
3613 3176 3684 3231 με.

2137 3259 2603 3330 Εὑαγγελίσασθαι
2650 3261 2887 3330 πτωχοῖς
2933 3255 3246 3311 ἀπέσταλκέ
3305 3273 3372 3327 με
3394 3295 3407 3320 ,
3465 3251 3686 3308 ἰάσασθαι

2134 3356 2261 3420 τοῦς
2289 3355 2776 3427 συντετριμμένους
2803 3355 2901 3427 τὴν
2935 3349 3184 3424 καρδίαν,
3221 3353 3322 3406 καὶ
3347 3349 3684 3423 κηρύξαιαίχ-

2139 3444 2405 3520 μαλώτοις
2448 3448 2640 3518 ἄφεσιν
2665 3486 2680 3510 ,
2727 3448 2822 3502 καὶ
2868 3447 3087 3516 τυφλοῖς
3123 3447 3438 3518 ἀνάϐλεψιν,
3491 3444 3682 3500 καλέσαι

2140 3540 2379 3594 ἐνιαυτὸν
2404 3538 2608 3612 Κυρίου
2636 3539 2843 3605 δεκτόν,
2870 3540 2963 3592 καὶ
2991 3539 3202 3611 ἡμέραν
3227 3539 3632 3598 ἀνταποδόσεως.
3661 3552 3676 3584 ι

2133 3633 2248 3687 Καὶ
2274 3631 2474 3704 ταύτην
2499 3631 2661 3695 αὐτὸς
2685 3633 2714 3685 ὁ
2745 3632 2947 3703 Κύριος
2973 3631 3129 3703 ήμῶν
3162 3631 3261 3703 τὴν
3299 3633 3589 3704 πρόρρησιν
3615 3627 3680 3688 είς

2134 3724 2322 3779 ἑαυτὸν
2363 3723 2615 3796 ὁμολογεῖ
2654 3721 3072 3795 πεπληρῶσθαι,
3127 3725 3214 3776 ὅτε
3236 3763 3250 3784 .
3289 3722 3457 3776 ἐλθὼν
3496 3721 3568 3782 είς
3601 3715 3680 3786 τὴν

2132 3815 2384 3889 Ναζαρὲθ
2401 3855 2414 3879 ,
2442 3813 2502 3871 οὗ
2527 3812 2594 3886 ἦν
2632 3814 3112 3887 ἀνατεθραμμένος
3132 3853 3147 3876 .
3177 3813 3424 3884 εἰσῆλθεν
3442 3853 3455 3876 ,
3487 3808 3610 3864 κατά
3629 3805 3680 3859 τὺ

2133 3908 2320 3969 εἰωθὸς
2339 3907 2507 3978 αὐτῷ,
2531 3907 2588 3962 έν
2611 3911 2678 3979 τῇ
2702 3909 2886 3980 ἡμέρᾳ
2907 3907 3013 3961 τῶν
3039 3907 3332 3961 Σαϐϐἀτων
3355 3910 3434 3970 εἰς
3457 3905 3546 3974 τὴν
3574 3916 3677 3953 συν-

2132 3999 2378 4068 αγωγήν·
2409 3998 2700 4052 ἀναστάντι
2732 3999 2788 4052 δὲ
2809 3997 2957 4068 αὐτῷ
2985 3995 3212 4066 ἐπεδόθη
3252 3997 3476 4057 Ἡσαΐας
3507 3994 3533 4045 ὁ
3565 4003 3676 4060 προ·

2133 4093 2307 4161 φήτης
2327 4129 2341 4152 ,
2367 4083 2428 4144 οὗ
2469 4091 2562 4144 καὶ
2591 4090 2902 4155 ἀναπτύξας
2922 4091 3020 4160 τὴν
3049 4088 3228 4159 βίϐλον
3251 4127 3266 4151 ,
3295 4087 3500 4155 ἀνέγνω
3521 4082 3576 4135 τὸ
3595 4083 3672 4146 ἐτ’

2129 4183 2508 4254 γεγραμμένον
2529 4200 2540 4212 ·
2572 4201 2590 4233 ι
2637 4181 2860 4252 Πνεῦμα
2889 4182 3091 4252 Κυρίου
3117 4183 3203 4236 ἐπ’
3239 4183 3341 4250 ἐμὲ
3359 4221 3374 4246 ,
3409 4172 3468 4233 οῦ
3496 4177 3672 4230 εἵνεκεν

2130 4273 2313 4346 ἔχρισέ
2357 4291 2442 4344 με.
2487 4273 2952 4342 Εὐαγγελίσασθαι
2987 4277 3218 4343 πτωχοῖς
3259 4269 3558 4326 ἀπέσταλκέ
3597 4281 3670 4335 με,

2131 4368 2362 4440 κηρύξαι
2389 4366 2750 4438 αίχμαλὼτοις
2777 4367 2968 4435 ἄφεσιν
2987 4406 3001 4430 ,
3027 4367 3122 4420 καὶ
3145 4365 3366 4435 τυφλοῖς
3391 4357 3670 4426 ἀνάϐλεψιν,

2131 4459 2444 4514 ἀποστεῖλαι
2469 4459 2900 4530 τεθραυσμένους
2933 4459 2990 4511 ὲν
3017 4459 3205 4525 ἀφέσει
3227 4499 3242 4520 ,
3278 4457 3498 4510 καλέσαι
3523 4453 3672 4504 ἐνιαυ-

457 4561 766 4622 aceeptum.
803 4551 868 4604 Et
918 4567 1041 4606 cum
1103 4551 1386 4621 plicuissct
1420 4551 1640 4614 librum,
1672 4551 2026 4607 reddidisset-

2139 4550 2218 4604 τὸν
2245 4549 2446 4620 Κυρίου
2471 4549 2676 4603 δεκτόν.
2719 4549 2828 4626 Καὶ
2867 4549 3070 4615 πτύξας
3108 4549 3168 4600 τὸ
3207 4547 3407 4618 βιϐλίον
3433 4585 3448 4610 ,
3471 4539 3670 4598 ἀποδοὺς

457 4659 564 4714 que
589 4644 862 4706 ministro,
895 4650 1010 4697 tum
1038 4645 1180 4698 sedit
1213 4661 1228 4702 :
1260 4650 1314 4698 et
1352 4643 1600 4696 omnium
1635 4641 1776 4696 oculi
1809 4641 1866 4696 in
1893 4659 2026 4698 con-

456 4749 624 4794 ventu
644 4747 800 4794 erant
823 4739 1016 4792 intenti
1050 4738 1104 4791 in
1152 4738 1326 4791 illum.
1381 4736 1567 4806 Itaque
1596 4737 1762 4805 coepit
1807 4737 1872 4791 ad
1905 4738 2026 4794 illos

455 4830 662 4893 dicere,
692 4828 836 4898 quod
891 4829 986 4883 illo
1014 4829 1102 4882 die
1141 4829 1405 4898 completa
1435 4835 1580 4883 esset
1630 4828 1904 4900 scriptura
1939 4830 2028 4882 illa

459 4924 514 4978 in
547 4922 774 4976 auribus
798 4921 1016 4976 illorum
1033 4921 1099 4975 “.
1131 4939 1150 4971 ι
1187 4919 1330 4990 Ergo
1374 4917 1626 4973 Salvator
1670 4936 1733 4974 ac
1765 4919 2027 4976 Dominus

457 5023 646 5072 noster
671 5031 736 5072 ex
769 5014 870 5068 hac
907 5014 1068 5084 plane
1105 5013 1374 5084 scriptura
1423 5011 1641 5068 videtur
1669 5014 1828 5084 longe
1847 5017 2031 5070 excel-

455 5110 656 5166 lentius
685 5123 748 5163 ac
778 5108 970 5163 melius
1001 5122 1160 5177 quam
1185 5107 1260 5160 illi
1291 5105 1604 5162 sacerdotes
1633 5107 1722 5178 qui
1749 5107 1878 5161 olim
1915 5123 2030 5164 cor.

455 5201 630 5274 porali
679 5197 1347 5268 unctione,ungebantur,
1381 5213 1488 5251 non
1541 5197 1662 5252 oleo
1710 5207 2028 5266 comparato

455 5307 633 5363 neque
679 5292 748 5346 ab
793 5291 1127 5356 hominibus,
1162 5297 1219 5344 ut
1241 5289 1331 5342 alii
1364 5287 1632 5351 solebant,
1664 5287 1758 5342 sed
1811 5289 2018 5354 divino,

455 5385 560 5439 hoc
592 5393 698 5446 est,
733 5381 828 5438 Dei
859 5382 1148 5452 Patrisque
1201 5381 1284 5436 sui
1330 5382 1534 5451 Spiritu
1568 5389 1767 5436 unctus
1799 5399 1814 5435 :
1848 5397 1878 5436 a
1911 5399 2021 5453 quo

455 5475 618 5528 etiam
655 5473 778 5542 ejus
821 5473 1123 5529 divinitatis
1153 5490 1274 5544 quae
1309 5475 1450 5528 facta
1483 5489 1592 5528 non
1652 5485 1756 5536 est,
1797 5490 2020 5544 compos

454 5565 680 5620 eﬂ'ectus
715 5565 858 5622 Deus
889 5581 952 5620 ac
987 5565 1254 5620 Dominus
1285 5567 1338 5618 in
1370 5565 1545 5620 sacris
1585 5565 1766 5619 dictus
1819 5575 1902 5620 est
1931 5564 2023 5618 Li-

455 5657 590 5714 bris.
646 5656 782 5712 lluic
813 5659 1110 5730 prophetiae
1155 5675 1270 5728 quae
1301 5673 1446 5712 nunc
1499 5664 1766 5712 tractatur
1820 5656 2019 5714 similia

525 5841 570 5872 ⁸⁸
609 5836 714 5895 lsa.
753 5855 864 5908 ut,
901 5839 948 5894 ί.
1027 5839 1074 5872 ⁸⁸
1111 5839 1244 5894 Luc.
1285 5854 1369 5904 iv,
1407 5835 1591 5892 {8-21.

2129 4643 2208 4714 τῷ
2237 4643 2504 4716 ὑπηρέτῃ,
2541 4643 2777 4696 ἐκάθισε.
2806 4645 2916 4704 Καὶ
2952 4644 3166 4696 πάντων
3187 4645 3235 4694 oi
3259 4637 3520 4710 ὀφθαλμοὶ
3543 4635 3592 4686 ὲν
3612 4629 3668 4699 τῇ

2135 4739 2420 4806 συναγωγῇ
2468 4733 2605 4807 ἦσαν
2659 4735 2991 4799 ἀτενίζοντες
3031 4734 3198 4806 αὐτῷ.
3229 4733 3469 4804 Ἤρξατο
3499 4727 3550 4779 δὲ
3599 4718 3670 4774 λέ-

2132 4843 2251 4894 γειν
2277 4825 2412 4895 πρὸς
2437 4827 2656 4890 αὐτοὺς,
2683 4827 2784 4887 ὅτι,
2818 4825 3060 4896 Σήμερον
3085 4821 3479 4895 πεπλήρωταιὴ
3504 4816 3538 4867 Γ
3542 4807 3664 4886 ραφὴ

2133 4917 2272 4988 αῦτη
2295 4919 2352 4970 ὲν
2395 4921 2506 4982 τοῖς
2547 4917 2680 4970 ὠσὶν
2722 4917 2894 4988 ὑμῶν.
2939 4936 2956 4967 i
3009 4917 3064 4970 '0
3103 4915 3202 4986 μὲν
3245 4909 3336 4967 οὖν
3383 4907 3559 4977 Σωτὴρ
3589 4897 3666 4954 ναὶ

2127 5010 2330 5082 Κύριος
2354 5009 2508 5080 ἡμῶι
2529 5008 2616 5062 διὰ
2649 5009 2850 5078 ταύτης
2875 5007 3119 5078 φαίνεται
3151 5005 3337 5075 σαφῶς
3363 5003 3456 5072 τῆς
3475 4999 3511 5051 Γ
3517 4989 3666 5068 μφῆς

2127 5101 2486 5173 διαφερόντως
2515 5102 2608 5155 καὶ
2641 5100 2956 5174 κρειττόνως
2985 5097 3134 5168 παρὰ
3168 5099 3282 5158 τοὺς
3319 5093 3477 5148 πάλαι
3503 5097 3662 5174 σωμα-

2127 5192 2420 5264 τικώτερον
2455 5193 2774 5265 χρωμένους
2816 5191 3029 5262 ἱερέας,
3069 5189 3169 5241 οὐκ
3203 5187 3362 5256 ἐλαίῳ
3395 5169 3660 5239 σκευαστῷ,

2124 5287 2244 5342 οὐδὲ
2275 5287 2366 5339 ὑπ’
2401 5287 2725 5356 ἀνθρώπων,
2769 5283 2967 5354 ὁμοίως
2997 5283 3104 5344 τοῖς
3143 5279 3338 5344 ἄλλοις,
3384 5277 3490 5331 ἀλλ’
3521 5265 3662 5332 ﬁve-‘5‘?

2127 5379 2407 5450 Πνεύματι
2437 5377 2602 5431 αὐτοῦ
2635 5377 2698 5446 δὴ
2730 5375 2824 5428 τοῦ
2851 5372 2985 5428 Θεοῦ
3031 5373 3123 5426 καὶ
3176 5371 3388 5442 Πατρός
3411 5360 3560 5421 αὑτοῦ
3583 5372 3662 5410 κε·

2125 5472 2416 5544 χρισμένος
2440 5487 2454 5501 ⁸
2487 5470 2614 5540 παρ’
2645 5465 2706 5522 οὗ
2739 5469 2831 5522 καὶ
2868 5465 2968 5538 τῆς
2997 5468 3290 5536 ἀγεννήτου
3319 5462 3553 5544 θεότητος
3584 5463 3660 5519 με’

2124 5543 2340 5634 τασχὼν
2362 5602 2376 5626 ,
2404 5562 2534 5626 Θεὸς
2568 5561 2659 5615 καὶ
2685 5559 2886 5630 Κύριος
2916 5559 3049 5631 πρὸς
3074 5557 3180 5612 τῶν
3221 5555 3378 5626 ἱερῶν
3402 5543 3660 5618 ἀνηγόρευ-

2124 5673 2216 5711 ται
2243 5653 2494 5730 Γραφῶν.
2538 5651 2868 5717 ’Δκολούθως
2905 5649 2959 5704 δὲ
3001 5651 3068 5722 τῇ
3108 5647 3242 5721 μετά
3267 5649 3447 5720 χεῖρας
3475 5637 3656 5708 προφη-
