3928 6506
221 461 334 516 689
1167 461 1822 519 DEMONSTRATIONIS
1860 461 2319 520 EVANGELICE
2356 462 2487 519 LIB.
2527 463 2617 520 IX.
3395 465 3501 523 ονο

216 580 348 660 rei;
390 584 637 653 πτωχοῖς
685 581 1170 653 εὐαγγελιζόμενος
1230 583 1508 652 εἰσάγεται
1561 585 1713 658 παρά
1745 585 1823 656 τῷ

1931 587 2118 643 scribit
2151 587 2459 652 Mattheus,
2505 584 2598 643 ubi
2659 587 2808 642 illum
2865 602 3132 658 pauperes
3191 588 3500 657 evangelice

217 673 524 743 Ματθαίῳ,
559 675 648 728 ὅτε
689 693 708 726 ι
753 674 875 727 ίδὼν
907 674 1034 738 τοὺς
1063 674 1250 745 ὄχλους
1282 675 1448 746 ἀνέϐη
1483 679 1563 740 είς
1586 677 1648 730 τὸ
1665 677 1790 749 ὅρος
1810 719 1825 742 ,

1931 679 2290 734 instruentem
2322 678 2550 744 inducit,
2581 693 2690 748 quo
2736 686 2980 750 tempore
3017 696 3036 730 ι
3072 679 3263 734 videns
3308 679 3498 734 turbas

219 767 320 818 καὶ
371 765 702 828 καθίσαντος
749 763 914 817 αὐτοῦ
941 804 956 828 ,
1012 763 1314 834 προσῆλθον
1369 764 1517 834 αὐτῷ
1543 767 1592 817 οἱ
1651 765 1825 836 μαθη-

1931 768 2182 824 ascendit
2207 769 2264 824 in
2304 775 2564 834 montem,
2600 776 2656 823 et
2702 784 2826 824 cum
2871 769 3123 831 sedisset.
3151 777 3498 827 accesserurt

216 858 314 912 τα.)⁸
368 856 565 920 αὑτοῦ,
603 857 694 910 καὶ
733 855 950 921 ἀνοίξας
1002 857 1064 910 τὸ
1107 857 1281 929 στόμα
1339 858 1502 911 αὑτοῦ
1548 857 1825 912 ἐδίδασκεν

1931 862 1997 917 ad
2030 863 2180 916 illum
2208 862 2462 932 discipuli
2502 863 2641 931 ejus.
2665 870 2720 918 et
2762 862 3013 934 aperiens
3037 879 3100 919 os
3129 878 3288 918 suum
3336 862 3499 920 doce-

218 950 461 1012 αὑτοὺς,
506 948 717 1018 λέγων’
760 949 1034 1020 Μακάριοι
1076 950 1126 1002 oi
1177 949 1378 1021 πτωχοὶ.
1422 950 1498 1022 τῷ
1532 950 1823 1022 πνεύματι,

1931 952 2022 1007 bat
2047 968 2163 1018 eos,
2225 953 2414 1008 dicens
2448 971 2462 1008 :
2521 951 2670 1008 Beati
2702 969 2964 1023 pauperes
2993 956 3209 1025 spiritu,
3239 956 3496 1022 quoniam

217 1042 304 1094 ὃτι
346 1041 538 1095 αὐτῶν
586 1045 732 1095 ἐστιν
762 1044 794 1112 ἡ
827 1041 1071 1111 βασιλεία
1099 1041 1206 1095 τῶν
1234 1043 1500 1115 οὐρανῶν.
1531 1064 1548 1096 ι
1587 1044 1692 1097 Καὶ
1729 1062 1825 1097 τυ-

1931 1045 2171 1115 ipsorum
2199 1052 2282 1100 est
2309 1059 2534 1115 regnum
2569 1046 2832 1100 caelorum
2868 1047 2934 1100 ".
2967 1065 2986 1098 ι
3012 1045 3144 1100 Nam
3168 1047 3330 1100 etiam
3363 1045 3498 1100 illud

221 1134 380 1205 φλοῖς
410 1135 472 1189 δέ
519 1135 814 1205 ἀνάϐλεψιν
865 1135 1283 1206 παρεσχημένος
1315 1135 1414 1188 οὐκ
1456 1135 1656 1206 ὀλίγοις
1692 1140 1825 1190 ἀνα-

1931 1139 2136 1206 scripto
2172 1137 2445 1208 proditum
2477 1145 2580 1200 est,
2607 1138 2753 1208 quod
2777 1138 2938 1193 caecis
2971 1154 3076 1192 non
3103 1139 3292 1208 paucis
3317 1140 3495 1195 visunt

217 1228 578 1300 γέγραπται·
618 1228 680 1281 οὗ
732 1228 890 1299 μόνον
929 1227 1039 1299 γὰρ
1084 1229 1197 1291 τοῖς
1239 1228 1336 1291 τὰς
1381 1228 1533 1298 ὄψεις
1581 1229 1674 1282 τοῦ
1716 1228 1822 1282 σὼ-

1931 1230 2258 1295 restituerit;
2287 1228 2448 1302 443
2480 1244 2589 1284 non
2620 1229 2796 1284 solum
2846 1231 2991 1284 enim
3040 1229 3129 1291 iis,
3173 1231 3266 1300 qui
3321 1230 3496 1287 oculis

222 1335 404 1390 ματος
429 1319 821 1390 ήφανισμένοις
848 1319 908 1371 τὸ
941 1317 1161 1388 βλέπειν
1191 1318 1462 1390 ἐδωρεῖτο,
1489 1319 1626 1372 ἀλλά
1645 1337 1706 1388 γε
1731 1321 1824 1374 καὶ

1931 1323 2175 1392 corporis
2209 1323 2356 1392 capti
2391 1329 2571 1384 erant,
2601 1323 2778 1377 visum
2809 1322 3162 1391 largiebatur,
3199 1323 3292 1377 sed
3332 1324 3493 1378 etiam

216 1413 336 1474 τοίς
360 1411 634 1482 πρότερον
665 1413 731 1482 τῇ
753 1410 898 1481 ψυχῇ
931 1408 1330 1480 τυφλώττουσιν
1349 1414 1520 1477 αἴτιος
1553 1414 1652 1484 τῆς
1681 1415 1823 1468 κατά

1931 1415 2015 1478 iis,
2046 1415 2141 1484 qui
2167 1416 2221 1469 in
2245 1416 2417 1470 altero
2447 1430 2646 1484 genere
2675 1415 3002 1485 caligahant,
3037 1424 3095 1469 ut
3117 1416 3300 1470 animo
3327 1415 3496 1470 Deum

217 1501 350 1557 νοῦν
414 1502 676 1574 θεωρίας,
730 1504 825 1556 καὶ
877 1503 975 1572 τῆς
1017 1502 1364 1570 ἐπιγνώσεως
1407 1503 1497 1556 τοῦ
1531 1505 1639 1557 τῶν
1687 1507 1822 1558 ὅλων

1931 1506 2169 1560 universi
2217 1506 2566 1560 intuerentur
2612 1515 2776 1576 atque
2804 1514 3181 1577 agnoscerent,
3215 1515 3494 1561 auctorem

216 1594 361 1648 Θεοῦ
385 1596 638 1663 γέγονεν.
672 1595 781 1649 Καὶ
795 1595 968 1660 άλλως
994 1596 1092 1667 τῆς
1115 1592 1234 1649 οὖσι
1262 1596 1502 1668 δεσμίοις
1525 1599 1619 1650 καὶ
1644 1601 1822 1669 ἀπηγ-

1931 1608 1986 1649 se
2019 1594 2330 1650 exhibebat.
2371 1593 2588 1662 Alioqui
2619 1609 2748 1648 vero
2775 1596 2938 1648 etiam
2969 1594 3056 1656 iis,
3079 1595 3171 1664 qui
3199 1595 3268 1649 ab
3304 1593 3498 1648 invisi-

222 1686 420 1757 μένοις
450 1686 822 1758 αἰχμαλώτοις
860 1687 964 1741 ὑπὸ
991 1688 1093 1756 τῆς
1125 1688 1357 1759 ἀοράτου
1381 1690 1474 1742 καὶ
1502 1689 1823 1761 δαιμονικῆς

1931 1686 2026 1742 bili
2062 1701 2126 1740 ac
2155 1685 2457 1740 daemonica
2488 1693 2756 1757 potestate
2782 1685 2952 1740 vincti
2978 1694 3162 1741 essent
3191 1685 3498 1755 captivique

214 1779 551 1848 δυνάμεως,
589 1779 772 1833 κακῶν
809 1796 868 1832 τε
917 1782 1124 1847 σειραῖς
1172 1779 1568 1851 πεπεδημένοις
1609 1781 1823 1836 ἐλευθε-

1931 1779 2145 1864 abducti
2173 1794 2238 1834 ac
2269 1780 2538 1835 malorum
2590 1779 2800 1835 catenis
2853 1779 3124 1850 impliciti,
3169 1780 3495 1846 libertatem,

221 1877 351 1949 ρίαν
408 1876 507 1929 καὶ
548 1876 731 1929 ἄνεσιν
765 1875 873 1928 τῶν
924 1876 1253 1946 συνεχόντων
1292 1877 1608 1947 ἐκήρυττεν,
1646 1878 1692 1930 εί
1727 1877 1820 1930 καὶ

1931 1858 2458 1942 dissolutionemque
2487 1888 2676 1927 earum
2706 1888 2912 1937 rerum,
2939 1887 2967 1926 a
2990 1873 3190 1942 quibus
3235 1872 3498 1927 teneban-

218 1968 409 2030 αὐτοὶ,
442 1966 524 2038 τῷ
566 1965 883 2038 κηρύγματι
917 1965 1326 2029 πιστεύσαντες,
1350 1963 1438 2019 οἷα
1463 1966 1708 2038 λυτρωτῇ
1736 1969 1825 2020 καὶ

1931 1973 2040 2028 tur,
2069 1965 2451 2028 denuntiabat,
2483 1964 2529 2019 si
2561 1963 2721 2018 modo
2741 1964 2845 2033 ipsi
2875 1979 3094 2034 quoque
3131 1965 3278 2019 illius
3303 1963 3498 2034 praedi-

215 2059 452 2131 Σωτῆρι
483 2059 882 2132 προσδρὰμοιεν
906 2058 1074 2128 αὐτῷ,
1095 2059 1187 2111 καὶ
1219 2039 1328 2122 τοίς
1355 2049 1520 2111 αὐτοῦ
1546 2059 1814 2112 πεισθεῖεν

1931 2057 2126 2111 cationi
2161 2056 2318 2111 ﬁdem
2349 2055 2690 2121 adhibentes,
2723 2055 2790 2109 ad
2832 2055 2984 2109 illum
3019 2061 3278 2125 tanquam
3312 2055 3379 2109 ad
3409 2071 3497 2110 re-

217 2149 684 2222 παραγγέλμασι.
739 2151 849 2204 Καὶ⁵
905 2149 974 2203 τὰ
1013 2149 1175 2203 λοιπά
1206 2150 1262 2204 δέ
1302 2149 1395 2202 τοῦ
1446 2149 1627 2219 λογίου
1676 2150 1817 2204 κατά

1931 2149 2259 2219 demptorem
2279 2156 2334 2204 et
2361 2147 2699 2202 Satvatorem
2723 2148 3081 2201 accurrehaut
3109 2153 3161 2200 et
3185 2147 3330 2200 illius
3360 2161 3498 2216 pra)-

215 2242 426 2314 καιρὸν
461 2244 522 2295 ἐν
552 2244 665 2306 τοῖς
701 2242 831 2311 περὶ
864 2241 973 2294 τῶν
1001 2241 1345 2310 ἐπαγγελιῶν
1373 2240 1813 2312 ἐξετασθήσεται.

1931 2241 2100 2311 ceptis
2136 2242 2608 2311 obtemperabant.
2652 2239 2944 2302 Cmterum,
2991 2255 3112 2309 quae
3139 2254 3203 2294 ex
3241 2243 3341 2294 hoc
3371 2253 3500 2294 ora-

217 2340 352 2393 culo
397 2343 720 2408 supersunt,
755 2351 857 2390 suo
904 2345 1151 2406 tempore
1217 2336 1273 2390 2n
1345 2335 1434 2401 iis,
1471 2350 1592 2405 quae
1643 2335 1710 2389 de
1756 2335 2218 2404 promissionibus
2240 2333 2523 2389 tractanda
2545 2341 2693 2397 sunt,
2723 2332 3099 2403 exquirentur.

1917 2434 1959 2489 Α
2002 2431 2430 2487 Deuteronomio.
2479 2463 2546 2471 —
2589 2429 2668 2484 De
2725 2445 2870 2483 novre
2929 2429 3056 2498 legis
3105 2429 3159 2481 in
3210 2424 3496 2497 Evangelia

2447 2500 2646 2556 Christi
2685 2500 2976 2554 sanctione.

1997 2633 2016 2666 ι
2046 2613 2371 2685 Prophetam
2401 2611 2469 2667 de
2500 2611 2765 2667 fratribus
2799 2609 2908 2664 tuis
2941 2609 3227 2665 suscitabit
3251 2607 3350 2664 tibi
3384 2607 3495 2663 Do-

1925 2708 2108 2763 minus
2132 2707 2274 2762 Deus
2304 2715 2434 2760 tuus
2467 2704 2611 2759 sicut
2641 2719 2756 2758 me:
2781 2702 2931 2756 illum
2960 2699 3193 2756 audietis
3225 2701 3278 2754 in
3312 2700 3493 2756 omni-

1924 2801 2028 2856 bus
2075 2814 2414 2871 quaicunque
2459 2797 2747 2869 postulasti
2790 2812 2820 2851 a
2871 2792 3102 2848 Domino
3141 2792 3250 2849 Deo
3299 2802 3394 2848 tuo
3438 2793 3494 2847 in

1924 2893 2143 2949 Choreb
2176 2891 2230 2946 in
2281 2891 2369 2946 die
2413 2889 2695 2944 concionis
2725 2887 3006 2944 dicentes:
3041 2886 3158 2941 Non
3211 2888 3352 2942 ultra
3398 2901 3498 2940 au-

1926 2987 2141 3041 diemus
2180 2999 2369 3038 vocem
2410 2981 2625 3036 Domini
2671 2979 2764 3036 Dei
2812 2981 3009 3042 nostri,
3045 2989 3100 3034 et
3130 2980 3308 3051 ignem
3349 2978 3497 3032 hunc

1923 3077 2182 3149 grandem
2212 3091 2323 3130 nou
2345 3073 2650 3129 videbimus
2682 3073 2938 3142 amplius,
2963 3088 3138 3142 neque
3168 3070 3496 3136 moriemur;

1925 3177 1979 3225 et
2011 3169 2147 3225 dixit
2178 3169 2441 3223 Dominus
2468 3165 2536 3221 ad
2566 3182 2651 3220 me
2683 3163 2886 3220 :Recte
2911 3166 3094 3219 omnia
3119 3163 3287 3218 locuti
3327 3169 3453 3218 sunt
3480 3178 3497 3227 ;

1924 3263 2246 3333 prophetam
2281 3278 2348 3316 ex
2379 3261 2640 3315 fratribus
2671 3258 2914 3328 ipsorum
2939 3258 3218 3314 suscitabo
3247 3256 3328 3312 eis
3355 3255 3500 3309 sicut

1925 3365 1999 3419 te,
2039 3365 2091 3410 et
2124 3357 2267 3411 dabo
2295 3355 2534 3410 Verbum
2570 3369 2749 3408 meum
2795 3353 2850 3406 in
2880 3367 2942 3407 os
2981 3352 3121 3420 ejus,
3162 3358 3215 3404 et
3247 3351 3501 3419 loquetur

2047 3447 2350 3504 secundum
2387 3444 2751 3517 quodcunque
2797 3457 3106 3513 pracepero
3146 3442 3244 3503 illi,
3276 3449 3329 3496 et
3375 3439 3498 3509 qui-

229 2453 390 2509 Ἀπὸ
426 2452 536 2507 τοῦ
555 2453 1034 2522 Δευτερονομίου.
1057 2485 1126 2494 -—
1160 2453 1299 2521 Περὶ
1318 2452 1426 2522 τῆς
1443 2453 1589 2506 κατὰ
1611 2453 1673 2507 τὸ
1703 2456 1818 2508 Εὐ·-

288 2523 592 2594 αχτέλιον
618 2524 726 2577 τοῦ
759 2523 1016 2592 Χριστοῦ
1047 2525 1425 2593 νομοθεσίας.

298 2657 319 2688 ι
352 2637 656 2708 Προφήτην
703 2637 767 2688 ἐκ
806 2636 914 2688 τῶν
952 2635 1191 2706 ἀδελφῶν
1237 2653 1328 2690 σου
1369 2638 1663 2709 ἀναστήσει
1706 2638 1819 2692 Κύ-

221 2750 343 2804 ριος
375 2732 406 2784 6
429 2731 562 2792 Θεός
592 2747 684 2782 σου
711 2729 786 2792 ὡς
815 2728 932 2800 ἐμέ·
958 2728 1123 2782 αὑτοῦ
1153 2727 1451 2782 ἀκούσεσθε
1474 2729 1616 2782 κατά
1643 2731 1823 2783 πάντα

219 2826 328 2878 ὅσα
384 2823 576 2894 ᾐτήσω
606 2820 758 2894 παρά
809 2823 1012 2892 Κυρίου
1071 2821 1163 2872 τοῦ
1195 2819 1328 2873 Θεοῦ
1385 2837 1478 2873 σου
1521 2822 1578 2873 ἐν
1622 2820 1826 2892 Χωρὴϐ

218 2921 285 2988 τῇ
327 2916 524 2986 ἡμέρᾳ
548 2915 646 2985 τῆς
685 2913 1000 2984 ἐκκλησίας,
1025 2912 1272 2981 λέγοντες
1297 2930 1310 2944 ·
1333 2914 1407 2966 Οὐ
1439 2912 1819 2984 προσθήσομεν

219 3009 470 3064 ἀκοῦσαι
507 3007 608 3076 τῆς
649 3007 831 3076 φωνῆς
860 3005 954 3059 τοῦ
987 3006 1192 3080 Κυρίου
1228 3006 1320 3059 τοῦ
1351 3005 1484 3059 Θεοῦ
1520 3006 1695 3077 ήμῶν,
1726 3007 1819 3059 καὶ

223 3101 282 3156 τὸ
315 3101 439 3172 πῦρ
485 3099 546 3152 τὸ
589 3098 730 3169 μέγα
777 3097 936 3150 τοῦτο
982 3100 1082 3152 οὐκ
1134 3099 1376 3170 ὀψόμεθα
1429 3097 1544 3163 ἔτι,
1577 3098 1698 3151 οὑδέ
1745 3099 1817 3169 μὴ

223 3191 621 3260 ἀποθάνωμεν.
672 3189 782 3243 Καὶ
836 3184 955 3240 εἷπε
1005 3188 1208 3260 Κύριος
1259 3190 1396 3262 πρὸς
1459 3190 1558 3262 μέο
1615 3190 1819 3262 Ὀρθῶς

224 3286 418 3338 πάντα
446 3285 546 3336 ὃσα
572 3282 838 3352 ἐλάλησαν
860 3298 872 3311 ·
900 3281 1192 3353 Προφήτην
1221 3284 1285 3336 ἐκ
1314 3283 1421 3336 τῶν
1457 3282 1697 3351 ἀδελφῶν
1725 3283 1822 3335 αὐ-

222 3379 337 3434 τῶν
381 3378 671 3447 ἀναστήσω
707 3377 892 3439 αὐτοῖς
917 3375 1106 3447 ὥσπερ
1139 3394 1196 3429 σε
1218 3417 1231 3438 ,
1262 3379 1357 3431 καὶ
1388 3377 1544 3430 δώσω
1581 3377 1640 3430 τὸ
1671 3377 1822 3448 ῥῆμά
1855 3440 1892 3457 η

231 3491 337 3546 μου
377 3473 459 3536 είς
491 3473 550 3525 τὸ
581 3473 756 3542 στόμα
777 3469 965 3532 αὐτοῦ,
998 3471 1088 3524 καὶ
1107 3471 1331 3543 λαλήσει
1356 3473 1538 3536 αὐτοῖς
1565 3472 1688 3526 καθ’
1721 3474 1748 3526 ὃ
1771 3490 1820 3524 τι
1850 3443 1891 3496 L
1925 3464 2006 3504 ⁸³⁵

228 3567 294 3619 ἂν
355 3564 686 3634 ἐντείλωμαί
735 3562 916 3633 αὐτῷ,
967 3563 1059 3616 καὶ
1112 3566 1140 3616 6
1185 3563 1469 3636 ἄνθρωπος
1509 3565 1566 3627 ὃς
1608 3564 1701 3617 ἐὰν
1749 3563 1822 3634 μὴ

227 3658 449 3730 ἀκοὺσῖ·¹
489 3658 663 3710 πάντα
700 3658 802 3710 ὅσα
839 3656 933 3709 ἐὰν
978 3655 1185 3727 λαλήσῃ
1225 3659 1253 3708 6
1292 3658 1575 3728 προφήτης
1615 3657 1705 3709 ἐπὶ
1745 3657 1823 3726 τῷ

227 3749 464 3819 ὀνόματί
497 3765 620 3817 μου,
647 3745 757 3814 ἐγὼ
778 3745 1049 3814 ἐκδικήσω
1078 3745 1136 3809 ἐξ
1164 3744 1348 3798 αὐτοῦ.
1366 3765 1383 3796 ι
1404 3746 1724 3816 Ἐπίστησον
1743 3747 1826 3798 ὅτι

1925 3641 2125 3702 quetur
2149 3633 2413 3702 propheta
2441 3632 2528 3685 ille
2558 3631 2612 3684 in
2638 3630 2858 3686 nomine
2886 3645 3028 3694 meo,
3060 3641 3158 3700 ego
3183 3624 3423 3682 ulciscar
3443 3622 3498 3676 in

1926 3743 1993 3780 eo
2012 3727 2077 3781 ⁸⁸.
2112 3746 2130 3778 ι
2155 3727 2540 3782 Animadverte
2565 3725 2853 3795 diligenter
2877 3733 2935 3779 ut
2967 3725 3150 3778 nullus
3174 3725 3330 3794 plane
3351 3715 3497 3792 apud

1925 3555 2143 3611 cunque
2168 3542 2333 3595 homo
2380 3555 2489 3594 non
2542 3538 2778 3593 audierit
2815 3535 2996 3590 omnia
3039 3547 3377 3605 quaecunque
3418 3532 3501 3586 lo-
3588 3554 3592 3556 -

234 3839 437 3912 μηδεὶς
478 3842 606 3911 παρ’
650 3838 920 3910 Ἑϐραίοις
949 3839 1174 3891 Μωῦσεῖ
1204 3836 1586 3908 παραπλήσιος
1616 3839 1825 3908 προφή-

231 3950 335 4002 της
391 3932 688 4002 ἐγήγερται
713 3971 727 3990 ,
767 3931 1011 3983 τουτέστι
1053 3928 1381 4000 νομοθέτης,
1417 3929 1508 3982 καὶ
1547 3927 1828 3990 εὐσεϐείας

231 4021 555 4094 ἀνθρώποις
583 4022 899 4092 είσηγητὴς,
930 4022 962 4092 ἢ
997 4021 1153 4092 μόνος
1180 4021 1208 4072 6
1241 4019 1507 4092 ἡμέτερος
1539 4020 1751 4091 Σωτήρ,
1800 4020 1827 4072 6

231 4114 482 4186 Χριστὸς
520 4113 614 4167 τοῦ
644 4113 779 4166 Θεοῦ
799 4130 812 4143 ο
848 4113 983 4185 πρὸς
1012 4111 1140 4181 γοῦν
1168 4111 1246 4182 τῷ
1269 4111 1415 4164 τέλει
1443 4111 1537 4164 τοῦ
1572 4113 1827 4182 Δεύτερο-

232 4205 433 4276 νομίου
450 4205 689 4274 λέγεται·
717 4224 733 4254 ι
755 4205 868 4258 Οὐκ
897 4205 1093 4273 ἀνέστη
1119 4204 1199 4256 ἐτι
1221 4205 1505 4276 προφήτης
1527 4204 1583 4254 ἐν
1615 4200 1826 4272 Ἰσραὴλ

236 4299 313 4361 ὼς
349 4296 653 4366 Μωῐὶσῆς.»
681 4297 792 4349 Καὶ
824 4297 929 4367 μὴν
962 4295 1142 4367 μυρίοι
1174 4295 1446 4366 προφῆται
1477 4293 1613 4365 μετὰ
1640 4293 1827 4347 τοῦτον

236 4392 535 4460 γεγόνασιν
555 4432 572 4456 ,
602 4390 738 4444 ἀλλά
768 4391 866 4461 οὐχ
900 4391 974 4454 ὡς
998 4391 1180 4453 αὑτός.
1210 4389 1368 4443 Ὄλον
1399 4389 1452 4441 δέ
1483 4387 1639 4441 τοῦτο
1669 4389 1701 4457 ή
1732 4385 1826 4440 τοῦ

238 4483 382 4537 Θεοῦ
416 4483 709 4552 ὑπόσχεσις
742 4482 1152 4551 ἐπαγγέλλεται,
1185 4482 1279 4534 ἐνα
1307 4480 1448 4542 τινὰ,
1476 4481 1594 4550 οὐχὶ
1614 4479 1668 4532 δέ
1701 4479 1828 4531 πολ-

237 4575 393 4639 λοὺς,
422 4575 517 4628 καὶ
556 4575 739 4646 ὅμοιον
777 4576 1101 4646 ἀναστήσειν
1150 4575 1316 4646 αὐτῷ.
1349 4574 1510 4644 Δηλοῖ
1555 4575 1610 4627 δέ
1642 4572 1829 4626 τοῦτον

239 4668 546 4740 νομοθέτην
575 4669 667 4720 κα)⁸
697 4667 974 4732 εὐσεϐείας
1003 4666 1303 4739 ἀνθρώπων
1333 4665 1648 4720 διδάσκαλον
1669 4707 1683 4728 ,
1721 4661 1831 4730 οἷος

245 4761 411 4831 μόνος
459 4762 488 4813 6
528 4759 719 4831 Σωτὴρ
763 4761 855 4813 καὶ
898 4760 1101 4833 Κύριος
1143 4759 1296 4830 ήμῶν
1338 4757 1543 4830 Ἰησοῦς
1573 4756 1824 4828 Χριστος,

243 4852 339 4905 καὶ
357 4852 481 4904 οὐδὲ
506 4850 661 4914 ἀλλος
687 4851 1081 4916 ἀναδέδεικται,
1099 4849 1398 4921 νομοθέτης
1426 4848 1560 4921 ὁμοῦ
1590 4849 1679 4902 καὶ
1703 4865 1828 4920 προ-

245 4945 424 5014 φήτης
468 4942 564 4995 τοῦ
595 4942 702 4995 τῶν
729 4943 864 4996 ὅλων
901 4943 1034 4997 Θεοῦ
1058 4984 1072 5007 ,
1103 4945 1197 4996 καὶ
1227 4942 1438 5014 Πατρὸς
1475 4942 1640 4995 αὐτοῦ
1672 4942 1826 5009 γενό-

247 5053 431 5107 μενος.
472 5035 611 5088 Ἀλλ’
638 5038 666 5088 6
705 5037 800 5107 μὲν
823 5036 1006 5100 ἔθνους
1051 5037 1168 5100 ἐνὸς
1213 5038 1241 5088 6
1284 5036 1524 5106 Μωῦσῆς
1557 5036 1822 5105 ἡγήσατο,

245 5129 342 5179 καὶ
383 5127 694 5198 κατάλληλα
741 5128 796 5181 δέ
817 5127 990 5197 τούτῳ
1037 5127 1219 5198 μόνῳ,
1259 5126 1380 5195 οὐχὶ
1417 5125 1470 5178 δέ
1514 5125 1610 5179 καὶ
1649 5124 1826 5187 ἄλλοις

246 5216 424 5271 ἔθνεσι
459 5218 762 5288 νομοθετῶν
804 5219 1208 5272 ἀποδέδεικται·
1241 5219 1270 5272 6
1302 5217 1355 5270 δέ
1379 5234 1441 5286 γε
1473 5215 1704 5288 Χριστὸς
1732 5213 1825 5268 τοῦ

245 5309 421 5374 Θεοῦ,
464 5308 644 5362 λαϐὼν
685 5310 1016 5378 ἐπαγγελίαν
1076 5310 1226 5382 παρὰ
1277 5309 1371 5362 τοῦ
1421 5307 1634 5379 Πατρὸς
1691 5307 1826 5378 τήν,

253 5422 270 5451 α
296 5403 530 5472 Αἶτησαι
558 5402 684 5474 παρ’
705 5402 860 5472 ἐμοῦ,
884 5403 975 5456 καὶ
1001 5403 1154 5456 δώσω
1173 5420 1253 5455 σοι
1282 5401 1407 5471 ἔθνη
1439 5400 1536 5470 τὴν
1569 5399 1826 5470 κληρονο-

253 5497 382 5567 μίαν
411 5511 506 5548 σου
530 5511 544 5525 ⁸
583 5514 601 5547 ι
635 5495 710 5558 ὡς
733 5494 798 5548 ἂν
842 5495 916 5566 μὴ
954 5497 1112 5566 μόνον
1151 5494 1441 5556 Ἰουδαίοις,
1471 5491 1605 5545 ἀλλὰ
1629 5493 1719 5544 καὶ
1752 5489 1828 5561 τῷ

253 5590 412 5641 παντὶ
458 5587 568 5639 τῶν
610 5585 909 5658 ἀνθρώπων
952 5587 1097 5656 γένει
1138 5586 1318 5649 καινὸς
1350 5583 1647 5656 νομοθέτης
1675 5582 1830 5634 εὐσεο

251 5683 402 5747 ϐείας
449 5682 554 5736 ὑπὸ
597 5681 690 5735 τοῦ
740 5680 955 5753 Πατρὸς
997 5680 1330 5750 καταστῆναι
1368 5681 1432 5748 τῇ
1468 5676 1684 5729 πάντων
1723 5673 1830 5726 τῶν

253 5773 420 5826 ἐθνῶν
453 5774 638 5843 κλήσει
668 5772 897 5842 δυνατήν
937 5770 1030 5824 καὶ
1058 5770 1311 5842 ἀρμῶιον
1345 5767 1708 5842 προϐέϐληται
1747 5783 1832 5817 νο-

333 5959 373 5990 “
413 5957 600 6013 iiatth.
637 5974 664 6010 γ
689 5996 701 6020 ,
739 5956 856 6011 1-5.
935 5955 976 5984 ⁸⁸
1019 5953 1173 6008 Deut.
1210 5965 1377 6015 ιιι-ιιι,
1417 5950 1477 6004 ιδ
1515 5950 1596 6004 Ιθ.

1929 3819 2189 3874 Hebraeos
2225 3818 2359 3874 Mosi
2385 3820 2582 3876 similis
2616 3821 2878 3891 propheta
2907 3817 3224 3879 surrexerit,
3261 3816 3365 3870 hoc
3388 3822 3494 3879 est,

1927 3914 2020 3984 qui
2055 3925 2108 3967 et
2138 3913 2315 3983 legum
2354 3922 2568 3976 auctor,
2603 3920 2656 3966 et
2691 3911 2910 3982 pietatis
2948 3913 3088 3982 apud
3131 3910 3378 3966 homines
3414 3908 3499 3962 in-

1929 4005 2212 4059 troductor
2240 4003 2534 4066 exstiterit,
2565 4003 2670 4058 nisi
2689 4020 2830 4058 unus
2849 4002 3099 4056 Salvator
3130 4011 3314 4056 noster
3342 3998 3502 4054 Chri-

1929 4106 2047 4153 stus
2105 4095 2234 4157 Dei;
2275 4096 2458 4165 itaque
2515 4094 2571 4150 in
2625 4095 2733 4150 ﬁne
2782 4095 3192 4150 Deuteronomii
3254 4093 3494 4164 legitur.

1934 4209 1952 4241 ι
1978 4189 2096 4244 Νοη
2143 4190 2380 4245 surrexit
2411 4189 2552 4242 ultra
2591 4188 2854 4258 propheta
2901 4188 2956 4241 in
3006 4187 3172 4241 Israel
3215 4187 3357 4242 sicut
3388 4184 3501 4239 Μο-

1929 4299 2018 4338 ses
2040 4282 2106 4338 ".
2146 4302 2164 4334 ι
2200 4279 2334 4335 Nam
2369 4281 2469 4336 etsi
2510 4279 2941 4334 innumerabiles
2968 4278 3246 4348 prophetat
3273 4283 3395 4347 post
3436 4275 3500 4328 il-

1927 4376 2041 4430 lum
2097 4375 2445 4436 exstiterunt,
2468 4383 2522 4427 at
2570 4389 2679 4427 non
2727 4382 2906 4427 tamen
2955 4374 3095 4428 sicut
3143 4372 3250 4427 ille.
3303 4372 3498 4425 Totum

1929 4484 2060 4522 vero
2094 4468 2197 4521 hoc
2234 4467 2349 4536 ipsa
2383 4465 2473 4520 Dei
2499 4465 2818 4536 pollicitatio
2853 4465 3134 4535 complexa
3167 4472 3274 4525 est,
3300 4463 3499 4534 quippe

1930 4578 2052 4632 qua:
2082 4576 2249 4614 unum
2297 4561 2560 4616 duntaxat
2594 4575 2701 4613 non
2735 4557 2933 4611 multos
2967 4565 3021 4612 et
3049 4557 3298 4611 eumdem
3348 4555 3502 4612 simi-

1929 4655 2037 4708 lem
2074 4655 2150 4708 illi
2206 4654 2585 4708 suscitandum
2634 4651 2934 4723 promittat.
2985 4648 3269 4720 Signiﬁcat
3317 4659 3500 4703 autem

1935 4747 2080 4801 hunc
2113 4754 2166 4802 et
2199 4747 2378 4817 legum
2422 4753 2699 4800 auctorem
2739 4752 2791 4800 el
2818 4744 3038 4814 pietatis
3078 4742 3219 4812 apud
3254 4742 3501 4796 homines

1932 4842 2254 4909 magistrum
2299 4839 2567 4902 futurum,
2617 4835 2926 4906 cuiusmodi
2961 4853 3101 4890 unus
3151 4834 3399 4888 Salvator
3439 4847 3503 4886 ac

1934 4931 2200 4988 Dominus
2226 4941 2414 4988 noster
2437 4932 2597 4989 Jesus
2627 4931 2900 4997 Christus,
2940 4949 3039 4986 nec
3070 4933 3211 4986 alius
3242 4939 3502 5000 praeterea

1932 5023 2104 5096 444
2132 5024 2403 5094 quispiam
2439 5024 2610 5080 fuisse
2648 5025 3075 5084 demonstratur,
3111 5029 3163 5077 et
3191 5023 3362 5090 legum
3399 5034 3501 5072 au-

1934 5126 2054 5168 ctor
2097 5117 2372 5181 videlicet,
2421 5124 2475 5172 et
2524 5117 2665 5171 idem
2715 5118 2799 5172 sui
2843 5117 3032 5185 patris,
3093 5115 3183 5184 qui
3229 5112 3371 5167 Deus
3419 5120 3504 5165 est

1935 5208 2198 5271 universi,
2252 5209 2540 5279 propheta.
2573 5208 2638 5262 Et
2685 5208 2860 5263 Moses
2905 5207 3122 5276 quidem
3170 5204 3330 5258 unius
3363 5203 3503 5256 dun-

1935 5309 2086 5355 taxat
2131 5301 2306 5372 gentis
2347 5301 2454 5353 dux
2509 5299 2630 5360 fuit,
2680 5306 2734 5354 et
2766 5313 2886 5368 qua:
2936 5298 3028 5351 uni
3066 5297 3284 5361 illi,non
3321 5302 3502 5348 autem

1935 5391 2146 5448 caeteris
2188 5406 2406 5461 quoque
2445 5391 2696 5461 gentibus
2739 5387 3142 5443 accommodari
3175 5390 3416 5455 possent.
3449 5382 3503 5436 in

1936 5483 2145 5554 legibus
2182 5485 2300 5538 suis
2341 5482 2592 5536 sanxisse
2624 5480 2916 5550 reperitur,
2946 5487 3002 5532 at
3031 5493 3159 5532 vero
3189 5478 3304 5546 ipse
3344 5474 3503 5530 Chri-

1935 5585 2054 5632 stus
2101 5575 2220 5640 Dei,
2274 5576 2363 5630 ubi
2416 5590 2445 5628 a
2480 5573 2642 5628 Patre
2691 5575 3017 5642 promissum
3064 5570 3197 5625 illud
3249 5567 3500 5639 accepit:

1942 5689 1960 5720 ‹
1997 5668 2216 5724 Postula
2266 5683 2296 5722 a
2335 5683 2441 5729 me,
2483 5673 2538 5720 et
2585 5665 2726 5720 dabo
2757 5664 2854 5718 tibi
2907 5671 3097 5734 gentes
3135 5661 3502 5716 hareditatem

1939 5770 2087 5816 tuam
2107 5762 2152 5800 ⁷ο
2181 5781 2193 5815 :
2227 5780 2246 5812 ι
2280 5767 2468 5829 utpote
2506 5758 2598 5828 qui
2647 5773 2756 5812 non
2783 5757 2915 5814 solis
2964 5753 3191 5815 Iudaeis,
3214 5753 3308 5809 sed
3340 5751 3502 5807 etiam

1712 5949 1756 5978 δ’
1802 5945 1954 6000 Deut.
1991 5959 2192 6009 xxxiv,
2234 5943 2316 5998 ιο.
2395 5941 2440 5971 ⁷⁸
2473 5938 2622 6026 _Psal.
2659 5954 2730 6002 ιι,
2763 5938 2816 5992 8.
