3928 6532
467 467 564 528 σοι

1142 463 1412 521 EUSEBII
1445 461 1922 520 CAESARIENSIS
1944 461 2095 523 OPP.
2127 461 2307 518 PARS
2343 462 2408 518 ll.
2447 493 2514 504 --
2548 459 3048 518 APOLOGETICA.

3623 455 3721 512 692

468 585 728 640 universo
759 582 1042 640 hominum
1069 581 1257 653 generi
1290 598 1468 639 novus
1497 584 1674 654 legum
1707 583 2027 654 pietatisque

2143 581 2417 653 μοθεσίαν.
2475 580 2735 652 Θειοτέρᾳ
2784 579 2914 650 γοῦν
2964 579 2996 650 ἢ
3044 577 3184 632 κατά
3213 575 3452 632 Μωῡσέα
3498 575 3718 646 δυνάμει

467 685 661 730 auctor
706 690 738 729 a
789 684 942 746 patre
990 677 1438 742 constitueretur,
1481 677 1757 734 vocationi
1795 677 2040 732 omnium

468 769 730 835 gentium,
773 775 888 824 tum
923 765 1156 830 facilem,
1191 774 1308 821 tum
1353 769 1824 824 accommodatam
1860 769 2038 840 legum

465 857 811 930 disciplinam
831 859 1102 928 exposuit.
1138 857 1274 914 Cum
1301 875 1434 930 ergo
1462 861 1712 931 ampliori
1737 876 1898 930 quam
1920 876 2042 931 quae

469 949 742 1010 hominem
771 949 964 1012 deceat
1010 953 1360 1014 auctoritate,
1395 953 1540 1024 leges
1583 954 1872 1016 invenerit,
1912 953 2042 1008 divi-

466 1043 622 1099 niore
676 1043 840 1098 etiam
891 1058 1052 1114 quam
1088 1059 1210 1116 quae
1259 1060 1289 1099 a
1329 1044 1478 1100 Mose
1521 1047 1766 1115 praestari
1806 1047 2042 1116 poluerit

463 1135 686 1197 virtute,
723 1134 778 1188 in
823 1142 940 1189 toto
987 1134 1120 1188 orbe
1147 1134 1448 1192 servandas
1489 1142 1873 1190 sacrosanctas
1910 1149 2041 1190 suas

463 1227 613 1296 leges
651 1239 747 1296 per
782 1240 912 1282 suos
943 1225 1307 1296 evangelistas
1341 1225 1652 1296 descripsit.
1697 1225 1826 1279 dum
1869 1227 1942 1280 ita
1973 1227 2041 1282 ad

464 1319 587 1374 illos
610 1318 745 1374 dicit
771 1361 782 1373 .
811 1338 830 1372 ι
852 1319 1099 1376 Audistis
1119 1320 1266 1388 quod
1291 1318 1498 1374 dictum
1523 1320 1594 1374 sit
1622 1318 1864 1389 antiquis
1889 1337 1901 1374 :
1922 1318 2041 1374 Non

462 1411 720 1476 occides;
760 1425 861 1482 ego
894 1419 1073 1468 autem
1103 1410 1228 1466 dico
1247 1411 1403 1468 vobis
1451 1426 1518 1465 ne
1561 1410 1726 1466 irasci
1755 1431 1772 1462 ι
1818 1411 2038 1480 quidem

463 1511 670 1564 temere
688 1503 754 1567 ⁷⁸,
787 1509 838 1560 et
893 1517 1232 1572 quaecunque
1292 1503 1380 1556 his
1443 1501 1700 1572 adjuncta
1733 1503 1786 1556 in
1823 1503 2042 1574 publice

463 1594 756 1664 descriptis
791 1593 965 1664 ipsius
1006 1593 1353 1649 documentis
1393 1593 1882 1658 circumferuntur,
1919 1609 2042 1664 quae

463 1687 686 1758 quidem
731 1687 850 1756 ipse
895 1685 1059 1741 etiam
1101 1686 1432 1757 evangelista
1480 1685 1846 1750 commendat,
1894 1686 2038 1756 quod

466 1778 656 1848 utique
685 1777 1143 1848 obstupescerent
1185 1793 1377 1834 omnes
1421 1777 1730 1832 doctrinam
1759 1777 1929 1841 illius,
1973 1794 2041 1834 eo

461 1869 612 1940 quod
664 1887 682 1921 ι
710 1869 931 1926 doceret
971 1885 1067 1927 eos
1117 1879 1373 1940 tanquam
1438 1879 1772 1941 potestatem
1809 1873 2038 1936 habens,

2140 673 2282 726 κατά
2331 674 2528 737 παντὸς
2563 673 2657 726 τοῦ
2705 673 2912 744 κόσμου
2943 672 3069 734 τοὺς
3111 672 3289 741 ἱεροὺς
3321 669 3490 722 αὐτοῦ
3525 669 3720 738 νόμους

2138 768 2226 821 διὰ
2264 767 2374 820 τῶν
2425 757 2826 834 εὐαγγελιστῶν
2880 764 3044 818 αὑτοῦ
3093 761 3394 826 διετάξατο,
3439 760 3648 832 μείζονι
3687 759 3718 830 ἦ

2139 860 2279 914 κατὰ
2310 859 2592 932 ἄνθρωπον
2621 857 2836 930 ἐξουσίᾳ
2856 857 3242 928 νομοθετήσας,
3274 852 3442 906 εἰπών
3461 869 3506 906 ἰ
3531 852 3720 914 Ἠκού-

2121 969 2291 1016 σατε,
2321 953 2349 1006 ὃ
2372 970 2424 1006 τι
2447 951 2646 1024 ἐρρέθη
2677 954 2789 1015 τοῖς
2813 951 3077 1021 ἀρχαίοις·
3106 951 3179 1004 Οὐ
3203 947 3504 1019 φονεύσειςο
3535 947 3722 1016 ἐγὼδὲ

2140 1043 2284 1112 λέγω
2323 1045 2452 1113 ὑμῖν
2505 1043 2639 1114 μηδέ
2683 1040 3000 1114 ὀργίζεσθαι
3038 1061 3058 1093 ι
3091 1041 3246 1110 εἰκῆ,
3278 1041 3370 1094 καὶ
3403 1039 3474 1093 τὰ
3511 1039 3722 1102 τούτοις

2139 1136 2406 1192 ἀκόλουθα
2435 1137 2534 1190 ὅσα
2564 1135 2626 1208 δὴ
2655 1137 2714 1190 ἐν
2735 1138 2855 1198 ταῖς
2882 1135 3250 1206 ἀναγράπτοις
3277 1133 3439 1186 αὑτοῦ
3469 1133 3723 1188 διδασκα-

2139 1227 2281 1292 λίαις
2317 1227 2650 1299 ἐμφέρεται,
2703 1227 2786 1296 ἐφ’
2821 1221 2900 1289 οἷς
2933 1227 3195 1296 μαρτυρεῖ
3224 1224 3396 1293 λέγων
3421 1226 3450 1278 6
3485 1224 3722 1291 εὐαγγε-

2140 1319 2348 1390 λιστής,
2371 1320 2453 1372 ὅτι
2475 1317 2863 1388 ἐξεπλήττοντο
2892 1318 3090 1380 πάντες
3120 1316 3210 1370 ἐπὶ
3231 1319 3294 1386 τῇ
3322 1315 3510 1385 διδαχῇ
3527 1314 3719 1368 αὐτοῦ·

2141 1405 2209 1480 ἦν
2243 1409 2353 1480 γὰρ
2383 1427 2401 1460 ι
2431 1408 2697 1462 διδάσκων
2715 1407 2995 1472 αὐτοὺςὼς
3025 1406 3272 1471 ἐξουσίαν
3302 1405 3461 1476 ἔχων,
3494 1405 3590 1459 καὶ
3623 1405 3721 1475 οὐχ

2139 1499 2216 1564 ὡς
2257 1501 2307 1552 οἰ
2337 1501 2682 1571 γραμματεῖς
2727 1497 2926 1558 αὐτῶν.
2977 1517 2994 1548 ι
3030 1498 3134 1550 Τὸν
3160 1497 3216 1554 δὲ
3254 1496 3454 1567 τρόπον
3482 1495 3585 1564 τῆς
3625 1493 3721 1546 τοῦ

2141 1591 2392 1661 Σωτῆρος
2417 1589 2572 1660 ἡμῶν
2603 1589 2948 1652 διδασκαλίας
2979 1607 3038 1642 τε
3071 1589 3163 1642 καὶ
3189 1585 3505 1658 νομοθεσίας
3535 1589 3594 1639 ἐν
3622 1587 3720 1656 ἀρ-

2141 1683 2265 1751 χαῖς
2293 1682 2392 1752 τῆς
2441 1681 2723 1752 παρούσης
2767 1679 3077 1747 ὑποθέσεως
3119 1678 3436 1744 διελθόντες,
3493 1679 3586 1730 ὅτε
3627 1677 3722 1728 τὸν

2141 1774 2566 1848 Χριστιανισμὺν
2587 1813 2602 1836 ,
2631 1775 2660 1826 ὃ
2691 1772 2745 1826 τί
2777 1772 2908 1826 ποτέ
2944 1774 3090 1824 ἐστιν
3117 1775 3194 1836 εἰς
3221 1771 3455 1842 φανερὸν
3487 1771 3716 1840 ἤγομεν,

2141 1868 2228 1920 ἐπ’
2241 1869 2424 1920 ἐκεῖνα
2441 1867 2532 1919 καὶ
2551 1866 2644 1920 νῦν
2664 1867 2790 1928 τοὺς
2809 1865 3229 1936 ἐντυγχάνοντας
3251 1863 3718 1936 παραπέμψομεν,

465 1977 574 2024 nun
605 1967 864 2031 tanquam
913 1962 1108 2017 scriba:
1133 1963 1378 2032 ipsorum
1402 1964 1467 2018 ⁷³.
1507 1983 1525 2014 ι
1559 1962 1696 2018 Cum
1728 1971 1907 2020 autem
1949 1971 2027 2018 to-

2149 1959 2470 2030 Ἐπιστῆσαι
2496 1958 2551 2010 δὲ
2571 1957 2648 2028 τῷ
2662 1957 2803 2028 λόγῳ
2823 1957 2990 2023 ἀξιον,
3006 1957 3069 2010 δι’
3091 1956 3148 2010 ὃν
3167 1959 3196 2010 6
3217 1957 3417 2028 Κύριος
3433 1959 3718 2026 ὑπισχνεῖ-

462 2054 576 2107 tius
605 2053 784 2121 operis
811 2053 986 2117 initio,
1021 2052 1146 2123 quis
1177 2061 1322 2108 esset
1361 2052 1666 2108 Salvatoris
1695 2054 1887 2118 nostri,
1917 2061 2034 2110 tum

463 2141 518 2194 in
557 2141 830 2206 doctrina,
862 2150 974 2197 tum
1015 2143 1068 2196 in
1105 2143 1313 2214 legibus
1341 2144 1652 2200 sanciendis
1693 2143 1906 2208 modus,
1941 2161 2038 2199 ex-

461 2233 884 2302 planaverimus,
912 2233 1003 2288 ubi
1024 2234 1156 2303 quid
1179 2241 1328 2289 esset
1355 2234 1812 2290 Cliristianismus
1838 2235 1890 2288 in
1921 2250 2036 2290 me-

460 2323 609 2376 dium
639 2323 990 2394 protulimus,
1025 2325 1092 2378 ad
1126 2325 1216 2378 illa
1265 2325 1383 2394 ipsa
1411 2326 1650 2395 legentes
1682 2326 1846 2381 etiam
1889 2342 2035 2382 nunc

459 2416 810 2482 remittimus.
862 2417 967 2476 Sed
1026 2417 1356 2490 diligentiori
1408 2419 1640 2488 quadam
1691 2419 2033 2474 animadver-

459 2509 616 2562 sione
648 2523 736 2562 res
765 2507 930 2581 digna
959 2525 1082 2565 esse
1109 2510 1346 2568 videtur.
1377 2525 1476 2564 cur
1505 2511 1578 2564 ita
1610 2509 1874 2566 Dominus
1901 2525 2031 2580 pro-

459 2599 678 2668 phetam
707 2600 814 2657 illis
847 2615 908 2660 se
953 2601 1356 2666 suscitaturum'
1383 2601 1726 2670 polliceatur.
1761 2600 2030 2668 Quoniam

459 2689 626 2758 igitur
655 2691 867 2748 Mosem
897 2691 1013 2761 ipse
1039 2689 1302 2746 Dominus
1327 2691 1566 2761 iusserat
1591 2691 1906 2754 universum
1933 2709 2031 2763 po-

455 2781 646 2850 pulum
688 2781 870 2840 triduo
901 2783 1142 2852 expiare,
1198 2790 1258 2844 ut
1296 2782 1460 2838 simul
1491 2791 1545 2838 et
1580 2792 1918 2852 spectatores
1951 2785 2028 2840 illi

458 2879 512 2930 et
561 2872 841 2928 auditores
886 2873 1058 2930 divini
1094 2872 1358 2934 adventus
1405 2871 1766 2936 efﬁcerentur,
1803 2873 1882 2928 illi
1929 2889 2028 2927 au-

457 2970 566 3030 tem
599 2963 929 3019 infirmiores
955 2965 1021 3018 ad
1041 2963 1272 3034 gratiam
1305 2963 1399 3020 Dei
1423 2963 1778 3030 exsistebant,
1813 2973 1872 3026 ut
1899 2980 2026 3034 pro-

457 3064 644 3126 pterea
687 3071 811 3109 cum
840 3056 954 3124 jam
1003 3067 1058 3110 et
1109 3056 1310 3112 intueri
1369 3065 1424 3112 et
1478 3055 1666 3110 audire
1701 3055 2024 3125 inciperent,

458 3161 576 3214 eam
623 3161 737 3202 rem
779 3147 882 3216 ipsi
933 3148 1326 3214 recusaverint,
1369 3147 1616 3210 dicentes
1661 3147 1730 3202 ad
1779 3146 2024 3212 Mosem;

465 3260 482 3299 ι
517 3238 600 3298 Tu
623 3239 846 3309 loquere
873 3239 942 3294 ad
971 3255 1092 3307 nos,
1133 3256 1314 3312 neque
1340 3241 1596 3310 loquatur
1622 3240 1690 3298 ad
1723 3255 1825 3296 nos
1857 3239 2022 3306 Deus,

465 3346 532 3392 ne
579 3332 882 3394 moriamur
920 3333 1007 3388 7';
1045 3351 1062 3384 ι
1119 3333 1316 3388 merito
1359 3333 1432 3389 ob
1476 3348 1597 3388 eam
1637 3349 1749 3390 rem
1795 3333 2026 3404 suscipit

459 3423 678 3494 quidem
713 3424 928 3482 illorum
961 3425 1218 3498 pietatem
1257 3441 1322 3480 ac
1352 3427 1708 3482 reverentiam
1740 3426 2022 3492 Dominus,

457 3517 599 3580 idem
653 3533 784 3574 vero
829 3519 941 3582 ait:
979 3538 998 3571 ι
1026 3517 1194 3575 Recte
1241 3521 1426 3574 omnia
1477 3536 1816 3592 quaecunque
1859 3520 2024 3575 locuti

457 3617 606 3676 sunt,
649 3611 970 3682 prophetam
1004 3611 1254 3668 excitabo
1305 3611 1417 3667 illis
1452 3612 1522 3668 de
1570 3613 1751 3668 medio
1793 3611 2023 3666 fratrum

455 3699 597 3756 sicut
645 3709 716 3754 te.
755 3718 774 3751 ι
815 3698 910 3754 Sic
957 3715 1086 3772 ergo
1135 3715 1358 3762 causam
1405 3716 1624 3772 quoque
1669 3702 1876 3768 docuit,
1927 3720 2027 3758 cur

455 3800 715 3862 tanquam
743 3793 1008 3866 propheta
1039 3791 1206 3848 fuenit
1243 3801 1507 3850 venturus
1537 3793 1606 3846 ad
1643 3793 1914 3850 homines.
1949 3795 2023 3850 Ea

453 3898 582 3942 vero
613 3881 716 3946 fuit
742 3881 1022 3946 hominum
1045 3883 1413 3950 imbecillitas,
1443 3871 1497 3939 et
1518 3885 1918 3955 przestantioris
1939 3888 2022 3941 vi-

454 3989 550 4034 sus
586 3972 880 4030 recusatio.
918 3971 1097 4028 Habes
1126 3973 1294 4044 igitur
1337 3989 1586 4040 causam,
1629 3991 1727 4030 cur
1759 3977 2022 4050 propheta

455 4068 566 4131 ille,
597 4065 693 4137 qui
727 4073 994 4120 venturus
1041 4065 1362 4128 cauebatur,
1412 4066 1576 4125 homo
1612 4075 1758 4125 esset
1783 4067 2019 4130 futurus.

453 4157 614 4235 “5
644 4155 834 4212 Merito
867 4155 1032 4227 igitur
1054 4165 1431 4226 exspectantes
1465 4158 1616 4212 illum
1638 4157 1832 4224 Judaﬁ,
1857 4157 2023 4222 Joan—

455 4264 577 4318 nem
607 4247 904 4319 Baptistam
930 4249 1362 4320 interrogabant,
1410 4263 1476 4304 ac
1515 4250 1767 4306 dicebant
1800 4269 1812 4305 :
1845 4269 1862 4302 ι
1903 4249 2024 4322 Ipse

455 4341 716 4418 propheta
744 4356 804 4396 es
824 4341 922 4396 tu?
951 4349 1004 4396 et
1027 4339 1328 4410 respondit,
1365 4357 1474 4396 non
1500 4341 1568 4394 7".
1608 4362 1626 4394 ι
1657 4340 1861 4396 Verum
1894 4355 2021 4396 cum

451 4434 690 4502 Joannes
721 4451 906 4502 verum
959 4436 1238 4504 fateretur,
1267 4455 1375 4494 non
1437 4452 1496 4492 se
1541 4437 1859 4507 prophetam
1901 4451 2022 4495 esse

451 4528 708 4598 negavit;
747 4535 867 4582 erat
903 4529 1072 4596 enim,
1103 4529 1196 4588 sed
1232 4545 1292 4600 se
1341 4529 1493 4584 illum
1546 4544 1668 4584 esse
1699 4528 2020 4598 prOphctam

2133 2068 2221 2104 ται
2259 2051 2542 2121 προφήτην
2570 2049 2894 2120 ἀναστήσειν
2923 2048 3127 2111 αὐτοῖς.
3163 2047 3377 2118 Ἐπειδὴ
3409 2047 3518 2117 γὰρ
3559 2064 3717 2100 κεκε-

2135 2143 2318 2198 λεύκει
2344 2142 2441 2214 μὲν
2473 2143 2632 2206 αὐτὸς
2755 2143 2979 2194 Μωῦσεῖ
3023 2141 3240 2210 ἁγνίσαι
3259 2140 3351 2192 τὸν
3383 2141 3560 2194 πάντα
3590 2140 3717 2194 λαὸν

2137 2237 2220 2306 ἐφ’
2249 2235 2481 2307 ἡμέραις
2519 2234 2717 2306 τρισὶν,
2757 2233 2832 2296 ὡς
2865 2232 2931 2286 ἂν
2957 2235 3198 2302 γένοιντο
3224 2231 3412 2286 θεαταὶ
3446 2232 3588 2303 ὁμοῦ
3621 2233 3718 2286 καὶ

2135 2329 2400 2399 ἀκροαταὶ
2424 2328 2522 2397 τῆς
2551 2326 2732 2380 ἐνθέου
2767 2325 3088 2394 ἐπιφανείας
3113 2367 3128 2392 ,
3154 2325 3204 2380 οἰ
3239 2323 3296 2380 δὲ
3341 2325 3716 2396 ἐξησθένησαν

2133 2421 2269 2491 πρὸς
2296 2419 2394 2492 τὴν
2422 2417 2514 2471 τοῦ
2551 2418 2685 2471 Θεοῦ
2715 2417 2874 2489 χάριν
2897 2433 2910 2446 ·
2944 2415 3022 2468 διὸ
3051 2417 3108 2468 ἐν
3130 2416 3270 2485 ἀρχῇ
3299 2412 3586 2484 γενόμενοι
3617 2415 3716 2484 τῆς

2133 2513 2383 2585 θεωρίας,
2408 2511 2744 2584 παρῃτοῦντο
2767 2511 3012 2580 λέγοντες
3038 2508 3115 2574 τῷ
3137 2509 3359 2562 Μωῦσεῖ
3375 2524 3386 2536 ·
3416 2529 3433 2558 ι
3474 2509 3547 2562 Σὺ
3563 2509 3715 2562 λάλει

2132 2606 2266 2676 πρὸς
2289 2607 2455 2677 ἡμᾶς,
2487 2606 2580 2657 καὶ
2613 2604 2686 2674 μὴ
2715 2602 2943 2656 λαλείτω
2971 2601 3107 2672 πρὸς
3133 2589 3277 2671 ἡμᾶς
3294 2603 3321 2652 6
3341 2601 3496 2664 Θεὸς,
3525 2601 3614 2654 ἵνα
3637 2604 3712 2673 μὴ

2129 2697 2503 2766 ἀποθάνωμεν.
2535 2715 2553 2747 ι
2573 2695 2809 2756 Εἰκότως
2837 2693 2923 2746 διὰ
2945 2693 3115 2746 ταῦτα
3135 2692 3453 2762 ἀποδέχεται
3493 2693 3593 2764 μὲν
3617 2695 3714 2746 αὑ-

2128 2789 2253 2852 τοὺς
2276 2789 2304 2840 6
2329 2787 2530 2859 Κύριος
2555 2788 2651 2857 τῆς
2673 2785 2973 2849 εὐλαϐείας,
2997 2785 3130 2856 φησί
3150 2784 3226 2838 δέ’
3253 2805 3270 2835 ι
3297 2784 3504 2856 Ὀρθῶς
3533 2787 3713 2842 πάντα.

2129 2883 2229 2934 ὅσα
2248 2881 2513 2951 ἐλάλησαν
2534 2895 2548 2908 ·
2585 2880 2874 2951 Προφήτην
2904 2879 3194 2948 ἀναστήσω
3221 2877 3400 2941 αὐτοῖς
3435 2879 3504 2931 ἐκ
3541 2879 3712 2950 μέσου

2129 2976 2237 3028 τῶν
2280 2973 2560 3043 ἀδελφῶν,
2603 2971 2794 3044 ὥσπερ
2846 2969 2927 3025 σέ.
2959 2989 2976 3022 ι
3016 2971 3228 3024 Οὐκοῦν
3271 2971 3332 3023 τὸ
3383 2971 3563 3025 αἴτιον
3605 2973 3710 3025 ἐδί-

2127 3067 2252 3132 δαξε
2303 3065 2398 3122 τοῦ
2458 3065 2612 3138 δίκην
2669 3053 2950 3136 προφήτου
3010 3063 3221 3135 μέλλειν
3269 3063 3430 3116 αὑτὸν
3489 3066 3571 3127 εἰς
3617 3066 3708 3117 ἀν-

2129 3158 2380 3236 θρώπους
2427 3159 2745 3226 ἐπιφάνειαν
2797 3156 3097 3211 ποιεῖσθαι’
3149 3155 3305 3210 τοῦτο
3355 3157 3400 3210 δ’
3437 3153 3510 3228 ἦν
3544 3158 3710 3210 ἀσθέ-

2131 3269 2247 3304 νεια
2287 3249 2609 3320 ἀνθρώπων,
2649 3251 2742 3304 καὶ¹
2779 3249 2876 3318 τῆς
2909 3249 3212 3321 κρείττονος
3241 3249 3472 3321 θεωρίας
3517 3251 3710 3322 παραί-

2130 3361 2306 3416 τησις.
2365 3343 2547 3412 Ἔχεις
2608 3341 2896 3418 τοιγαροῦν
2938 3341 3033 3395 καὶ
3086 3343 3185 3413 τὴν
3235 3343 3415 3396 αἰτίαν
3461 3345 3564 3414 τῆς
3623 3345 3710 3396 ἐν-

2127 3437 2528 3510 ανθρωπήσεως
2601 3435 2695 3487 τοῦ
2762 3433 3152 3504 θεσπιζομένου
3221 3437 3528 3506 προφήτου.
3617 3437 3706 3490 Εἰ-

2126 3531 2297 3594 κότως
2352 3526 2444 3583 οὖν
2499 3528 2902 3604 προσδοκῶντες
2965 3527 3126 3580 αὑτὸν
3184 3527 3232 3580 οἱ
3284 3529 3348 3580 ἐκ
3403 3530 3708 3601 περιτομῆς

2126 3620 2480 3674 ἐπυνθάνοντο
2531 3618 2624 3671 τοῦ
2671 3616 2965 3687 βαπτιστοῦ
3002 3617 3244 3672 Ἰωάννου
3270 3657 3284 3677 ,
3339 3619 3434 3672 καὶ
3485 3619 3706 3687 ἔλεγον·

2130 3733 2148 3765 ι
2197 3716 2253 3767 'U
2281 3715 2561 3784 προφήτης
2586 3711 2633 3766 εἷ
2660 3713 2722 3765 σύ
2745 3729 2758 3776 ;
2792 3712 2846 3765 '0
2872 3711 2927 3762 δὲ
2957 3711 3058 3782 ἔφη
3077 3727 3092 3742 ο
3125 3710 3288 3766 Οὔκ.»
3309 3711 3489 3766 Ἀλλ“ό
3522 3712 3706 3768 Ἰωάν-

2124 3821 2239 3874 νης,
2263 3804 2491 3874 τὰληθὲς
2523 3803 2818 3872 ὁμολογῶν,
2853 3801 2974 3856 οὔτε
3021 3803 3304 3876 προφήτης
3351 3799 3490 3856 εἶναι
3534 3805 3704 3876 ἠρνή-

2127 3912 2275 3959 σατο,
2301 3891 2367 3965 ἦν
2392 3895 2520 3966 γάρ,
2547 3895 2681 3948 ἀλλὰ
2709 3895 2768 3947 τὸ
2806 3894 2965 3958 αὐτὸς
2994 3890 3129 3947 εἶναι
3152 3895 3180 3948 ό
3209 3897 3494 3966 προφήτης
3520 3897 3548 3952 ό
3569 3896 3704 3968 πρὸς

2123 3986 2216 4038 τοῦ
2249 3987 2524 4050 Μωῦσέως
2555 3985 2944 4056 δεδηλωμένος·
2976 3987 3055 4040 ὃτι
3093 3985 3147 4042 δέ
3175 3986 3584 4060 ἀπεσταλμένος
3620 3987 3704 4056 εἴη

2123 4077 2430 4150 ἔμπροσθεν
2493 4079 2586 4131 τοῦ
2654 4081 2931 4150 προφήτου
2989 4077 3196 4132 ἐκείνου
3261 4078 3530 4132 ἐδίδασκε.
3593 4081 3702 4134 Καὶ

2123 4171 2417 4242 ἐπειδήπερ
2448 4173 2475 4224 ό
2499 4171 2652 4238 λόγος
2693 4171 2873 4234 αὐτοῖς
2901 4171 2964 4241 δὴ
2993 4175 3100 4235 τοῖς
3139 4173 3203 4224 ἐκ
3237 4171 3540 4246 περιτομῆς
3571 4173 3700 4224 ἀνα·

2127 4263 2414 4334 στήσεσθαι
2439 4263 2528 4316 τὸν
2558 4265 2840 4336 προφήτην
2869 4263 3174 4328 ἐθέσπιζεν,
3201 4263 3422 4326 εἰκότως
3450 4265 3479 4318 ὁ
3509 4263 3700 4336 Σωτὴρ

2123 4355 2217 4407 καὶ
2245 4353 2446 4428 Κύριος
2477 4353 2652 4426 ἡμῶν,
2681 4354 2774 4408 ἀτε
2809 4354 2873 4424 δὴ
2901 4355 3061 4419 αὐτὸς
3090 4354 3163 4407 ὢν
3187 4355 3216 4407 6
3246 4357 3698 4426 προκεκηρυγμέο

2122 4465 2232 4512 νος,
2293 4467 2311 4498 ι
2366 4448 2476 4502 Οὐκ
2532 4443 2715 4518 ἦλθον,
2765 4449 2946 4520 φησὶν,
2999 4451 3045 4502 εἰ
3093 4449 3166 4520 μὴ
3218 4451 3294 4512 εἰς
3339 4449 3406 4502 τὰ
3453 4448 3700 4520 πρόϐατα

2123 4539 2435 4592 ἀπολωλότα
2483 4539 2631 4594 οἴκου
2669 4539 2899 4612 Ἰσραήλ.
2938 4559 2956 4591 ι
2995 4541 3120 4604 Τοῖς
3161 4540 3216 4593 δὲ
3251 4540 3565 4604 ἀποστόλοις
3605 4541 3700 4592 αὺ-

450 4619 731 4688 duntaxat,
763 4637 921 4688 quem
951 4620 1129 4678 Moses
1165 4631 1456 4688 venturum
1483 4621 1840 4690 praedixisset.
1866 4621 2021 4688 Quod

2129 4629 2217 4682 τοῦ
2250 4631 2480 4702 παρῄνει
2517 4630 2717 4700 λέγων·
2751 4651 2770 4682 ι
2807 4632 2900 4695 Εἰς
2937 4631 3054 4684 ὁδὸν
3092 4630 3258 4684 ἐθνῶν
3295 4631 3368 4702 μὴ
3400 4631 3696 4702 ἀπέλθητε,

450 4726 578 4776 γει-ο
617 4721 742 4770 ante
765 4713 916 4778 illum
957 4715 1278 4784 prophetam
1323 4714 1524 4778 missus
1564 4722 1732 4776 esset,
1765 4713 2019 4782 planissi—

451 4818 536 4860 me
566 4801 978 4870 demonstravit.
1032 4789 1340 4870 Czeterum,
1390 4805 1648 4876 quoniam
1701 4805 2018 4874 prophetica

449 4895 623 4949 oratio
668 4894 791 4950 unis
837 4896 903 4960 iis
947 4895 1040 4966 qui
1085 4903 1152 4952 ad
1199 4897 1672 4954 circumcisionem
1725 4896 2014 4966 pertinent,

452 4989 826 5048 suscitandum
853 5004 975 5052 esse
999 4988 1316 5066 prophetam
1344 4989 1592 5054 canebat,
1618 4991 1810 5054 merito
1839 4989 2021 5046 Salva-

451 5093 536 5138 tor
577 5097 642 5140 ac
686 5081 949 5154 Dominus
995 5089 1202 5146 noster,
1230 5090 1412 5152 utpote
1454 5081 1548 5154 qui
1581 5083 1698 5156 ipse
1739 5092 1884 5142 esset
1927 5083 2018 5140 ille

447 5183 604 5230 antea
627 5175 1001 5244 denuntiatus,
1032 5194 1050 5226 ι
1083 5173 1202 5236 Non
1245 5176 1389 5240 veni,
1416 5161 1615 5246 inquit,
1648 5176 1757 5231 nisi
1794 5175 1862 5244 ad
1887 5193 2016 5234 oves

445 5283 565 5340 quae
605 5271 886 5340 perierunt
927 5269 1123 5338 domus
1170 5267 1332 5328 Israel
1358 5268 1426 5336 "._
1457 5289 1476 5321 ι
1501 5267 1796 5340 Apostolos
1831 5282 2014 5342 autem

445 5378 577 5420 snes
601 5362 878 5424 monebat,
904 5349 1093 5418 dicens
1119 5382 1132 5417 :
1165 5381 1183 5412 ι
1219 5361 1276 5432 In
1317 5359 1460 5418 viam
1504 5365 1748 5433 gentium
1773 5381 1840 5420 ne
1867 5367 2016 5424 abie-

445 5451 586 5518 ritis,
604 5459 658 5506 ct
684 5451 739 5506 in
766 5452 1039 5516 civitatem
1068 5449 1538 5516 Samaritanorum
1562 5469 1632 5508 ne
1653 5454 2012 5524 intrave‘ritis.

443 5541 521 5598 lte
573 5559 704 5600 vero
755 5545 936 5616 potius
994 5544 1061 5602 ad
1110 5559 1239 5600 oves
1299 5561 1420 5614 quat
1480 5545 1760 5614 perierunt
1816 5549 2012 5614 domus

441 5633 607 5688 lsrael
635 5635 719 5706 ης
761 5653 782 5688 ι
815 5636 908 5690 ubi
954 5637 1114 5706 plane
1158 5635 1428 5702 ostendit,
1480 5651 1539 5692 se
1566 5636 1741 5706 primo
1782 5639 1903 5694 loco
1943 5639 2012 5708 ad

441 5726 564 5788 illos
602 5741 726 5782 esse
765 5726 1028 5786 missum,
1054 5727 1198 5796 sicut
1253 5727 1418 5792 etiam
1459 5727 1528 5782 ab
1565 5727 1683 5798 ipsa
1725 5731 2010 5800 prophetia

511 5842 552 5872 '”
597 5839 782 5893 Matth.
814 5857 866 5900 ι’,
897 5839 1102 5906 21,22.
1205 5841 1252 5872 "
1294 5845 1484 5895 hiatth.
1550 5859 1660 5908 vn,
1723 5843 1814 5899 29.

439 5914 483 5952 "
521 5909 709 5982 ﬂattb.
736 5929 788 5982 γε,
825 5913 877 5979 5,
903 5919 956 5968 ti.

1919 5846 1962 5876 ⁷³
2019 5845 2190 5912 Exod,
2251 5863 2358 5912 xx,
2393 5847 2479 5902 19.

2125 4722 2219 4775 καὶ
2247 4723 2327 4785 εἰς
2353 4722 2502 4774 πόλιν
2531 4722 2885 4798 Σαμαρειτῶν
2925 4722 2998 4798 μὴ
3050 4723 3323 4794 εἰσέλθητε
3345 4738 3356 4752 °
3403 4722 3698 4792 πορεύεσθε

2123 4809 2178 4863 δὲ
2216 4811 2411 4881 μᾶλλον
2445 4811 2580 4882 πρὸς
2609 4811 2677 4876 τὰ
2708 4811 2951 4882 πρόϐατα
2973 4811 3042 4868 τὰ
3071 4811 3383 4864 ἀπολωλότα
3407 4811 3553 4865 οἴκου
3591 4813 3694 4864 Ἰσ-

2127 4903 2291 4975 ραήλ·
2333 4923 2350 4954 ι
2385 4903 2572 4970 σαφῶς
2601 4903 2886 4968 διδάσκων,
2930 4905 3009 4966 ὅτι
3039 4903 3104 4978 δὴ
3143 4905 3321 4967 αὐτοῖς
3355 4903 3694 4975 προηγουμέ-

2125 5014 2229 5060 νως
2259 4996 2579 5060 ἀπέσταλτο,
2635 4999 2700 5068 τῇ
2747 4997 3051 5068 προφητεία
3101 4995 3424 5059 ἀκολούθως.
3477 4995 3691 5066 Ἐπειδὴ

2123 5087 2179 5140 δὲ
2205 5087 2304 5140 οὐκ
2331 5087 2575 5152 ἐδέξαντο
2615 5089 2711 5160 τὴν
2752 5088 2930 5164 χάριν,
2965 5086 3252 5168 ἀπελέγχει
3281 5089 3376 5158 μὲν
3405 5089 3598 5150 αὐτοὺς
3635 5089 3692 5139 ἐν

2125 5181 2348 5249 ἑτέροις,
2373 5179 2545 5247 λέγων
2567 5197 2580 5210 ·
2616 5199 2634 5230 ι
2671 5181 2815 5236 Διότι
2841 5177 3024 5252 ἦλθον,
3053 5182 3147 5233 καὶ
3175 5181 3274 5236 οὐκ
3295 5177 3362 5252 ἦν
3387 5180 3688 5250 ἄνθρωπος·

2123 5269 2374 5334 ἐκάλεσα,
2411 5271 2502 5326 καὶ
2535 5273 2634 5326 οὐκ
2668 5267 2734 5342 ἦν
2771 5271 3077 5324 ὑπακούων.
3119 5291 3137 5322 ι
3173 5271 3311 5342 Φησὶ
3346 5272 3402 5324 δὲ
3433 5269 3566 5342 πρὸς
3590 5271 3686 5324 αὖ·

2121 5361 2245 5426 τούς
2263 5379 2276 5392 ·
2302 5381 2319 5414 ι
2344 5363 2662 5435 Ἀρθήσεται
2689 5363 2781 5432 ἀφ’
2811 5363 2964 5433 ὑμῶν
2985 5366 3017 5434 ἡ
3043 5361 3284 5434 βασιλεία
3303 5361 3396 5415 τοῦ
3418 5361 3572 5423 Θεοῦ,
3597 5362 3686 5414 καὶ

2120 5455 2404 5527 δοθήσεται
2436 5455 2576 5509 ἔθνει
2620 5455 2858 5511 ποιοῦντι
2884 5457 3008 5518 τοὺς
3042 5457 3286 5528 καρποὺς
3315 5455 3498 5525 αὐτῆς.
3527 5473 3545 5504 ι
3581 5453 3688 5506 Καὶ

2120 5551 2230 5612 τοῖς
2253 5565 2314 5616 γε
2345 5547 2507 5602 αὐτοῦ
2534 5547 2800 5620 μαθηταῖς
2827 5549 2964 5618 μετά
2988 5547 3085 5618 τὴν
3115 5547 3336 5610 ἐκείνων
3363 5545 3684 5618 παραίτησιν

2122 5637 2479 5710 προστάττει·
2514 5657 2532 5687 ι
2575 5637 2936 5708 Πορευθέντες
2988 5635 3360 5707 μαθητεύσατε
3409 5637 3580 5689 πάντα
3617 5633 3684 5686 τά

2121 5731 2246 5802 ἔθνη
2265 5733 2320 5782 ἐν
2338 5729 2412 5800 τῷ
2429 5730 2650 5800 ὀνόματί
2675 5747 2828 5800 μου.»
2847 5730 3002 5784 Οὕτω
3021 5730 3153 5797 δῆτα
3173 5731 3330 5802 ήμεῖς
3358 5729 3456 5799 μὲν
3473 5729 3540 5780 τά
3559 5727 3679 5795 ἔθνη

2584 5846 2630 5878 ⁷⁸
2667 5845 2824 5902 Joan.
2865 5863 2916 5912 ι,
2951 5845 3038 5900 2i.
3145 5848 3191 5878 ⁷⁵
3231 5846 3422 5906 hiatth.
3462 5863 3563 5911 xv,
3590 5843 3674 5898 ει.
