3928 6502
270 381 370 436 693

1185 377 1836 436 DEMONSTRATIONIS
1871 373 2326 432 EVANGELICAS
2364 371 2494 428 LIB.
2535 369 2622 423 IX.

3393 367 3492 426 694

257 494 342 544 τὸν
376 489 906 562 προαναφωνηθέντα
931 508 1023 544 και
1048 492 1183 563 πρὸς
1206 492 1298 544 τοῦ
1326 493 1536 564 Πατρὸς
1557 493 1798 547 άπεσταλ

1927 492 2131 546 dictum
2154 491 2351 546 fuerat.
2393 487 2496 544 Sed
2516 501 2639 542 cum
2664 487 2826 542 talem
2865 489 3094 558 gratiam
3118 502 3226 541 non
3254 487 3494 557 accepis-

254 579 412 649 μένον
439 581 746 652 προφήτην,
778 581 874 634 ἆτε
904 581 1196 652 νομοθέτην
1222 582 1392 636 ἅπασι
1415 584 1701 654 γενόμενον
1731 585 1826 637 ἀν-

249 671 493 742 θρώποις
531 673 634 742 τῆς
677 675 755 735 είς
787 673 876 726 τὸν
908 673 1014 726 τῶν
1057 673 1190 726 ὅλων
1234 675 1364 727 Θεὸν
1413 675 1710 739 εὐσεϐείας,
1740 673 1828 728 διὰ

249 763 344 832 τῆς
379 765 654 836 σωτηρίου
687 764 780 818 καὶ
813 765 1171 835 εύαγγελικῆς
1201 765 1547 830 διδασκαλίας
1583 766 1826 838 ἔγνωμεν

246 853 336 906 καὶ
377 854 810 924 κατεδεξάμεθα,
853 855 1231 926 πληρουμένης
1271 855 1411 909 κατά
1448 855 1508 910 τὸ
1559 857 1690 910 αὐτὸ
1730 859 1826 910 καὶ

248 943 443 1015 ἑτέρας
490 947 880 1018 προρρήσεως,
925 946 991 998 δι’
1015 942 1083 1017 ἦς
1121 946 1358 1017 εἴρηταιο
1399 964 1418 998 ι
1452 948 1822 1018 Κατάστησον,

245 1035 441 1106 Κύριε,
467 1035 765 1106 νομοθέτην
789 1036 989 1099 αὐτοῖς,
1017 1035 1307 1104 γνώτωσαν
1329 1036 1474 1108 ἔθνη,
1501 1037 1580 1090 ὅτι
1615 1038 1822 1110 ἀνθρω-

241 1125 336 1178 ποί
365 1127 512 1179 εἰσι·
556 1145 573 1178 ι
605 1126 665 1178 τὸ
697 1125 754 1179 δὲ
791 1126 1054 1180 Ἰουδαίων
1091 1125 1242 1190 ἔθνος
1276 1127 1348 1198 μὴ
1384 1126 1822 1198 παραδεξάμενον

238 1215 330 1270 τὸν
354 1217 856 1288 προφητευόμενον,
885 1218 1042 1289 δίκην
1067 1217 1210 1270 έτισε
1241 1218 1338 1289 τὴν
1361 1216 1534 1283 ἀξίαν,
1560 1219 1700 1272 κατὰ
1724 1219 1821 1291 τὴν

240 1308 391 1360 θείαν
417 1308 727 1380 πρόρρησιν
761 1309 1007 1378 φήσασαν
1027 1325 1042 1338 ο
1082 1326 1100 1359 ι
1140 1308 1250 1360 Καὶ
1279 1310 1308 1361 ὁ
1331 1307 1612 1380 ἄνθρωπος
1637 1309 1696 1371 ὃς
1726 1315 1820 1362 έαν

241 1399 314 1469 μὴ
345 1397 561 1469 ἀκούσῃ
591 1399 764 1453 πάντα
795 1399 894 1451 ὃσα
923 1397 1016 1451 ἐὰν
1049 1397 1254 1470 λαλήσῃ
1289 1400 1315 1450 ὁ
1345 1399 1624 1470 προφήτης
1654 1399 1711 1451 ὲν
1741 1397 1820 1468 τῷ

235 1487 462 1558 ὀνόματ’(
494 1507 618 1559 μου,
644 1488 753 1558 ἐγὼ
780 1489 1048 1560 ἐκδικήσω
1079 1488 1138 1553 ἐξ
1168 1488 1350 1542 αὑτοῦ.
1387 1508 1406 1540 ι
1455 1489 1817 1560 Ἐκδεδίκηται

236 1579 365 1647 γοῦν
400 1582 466 1634 ἐκ
495 1580 591 1634 τοῦ
617 1581 753 1634 λαοῦ
787 1581 994 1634 ἐκείνου
1020 1582 1126 1635 πᾶν
1152 1578 1289 1652 αἷμα
1321 1582 1547 1654 ἐκχυθὲν
1589 1581 1681 1634 ἐπὶ
1720 1581 1818 1652 τῆς

233 1672 357 1741 γῆς,
395 1672 506 1725 ἀπὸ
534 1673 764 1742 αἵματος
801 1672 965 1726 Ἅϐελ
996 1673 1098 1736 ἕως
1131 1674 1361 1744 αἵματος
1406 1672 1694 1744 Ζαχαρίου,
1723 1672 1816 1726 καὶ

233 1764 399 1817 αὑτοῦ
422 1782 489 1834 γε
515 1767 608 1818 ἐπὶ
632 1768 763 1818 πᾶσι
786 1765 878 1818 τοῦ
901 1764 1158 1837 Χριστοῦ,
1183 1759 1244 1818 οὗ
1276 1766 1338 1819 τὸ
1365 1760 1504 1836 αἷμα
1536 1766 1657 1818 καθ’
1688 1765 1815 1818 έαυ-

1930 593 2070 646 sent,
2105 581 2324 638 eosdem
2368 581 2496 635 alibi
2539 579 2836 648 redarguit,
2877 579 3113 634 dicens:
3155 596 3172 628 ι
3226 577 3301 633 Εο
3345 578 3491 646 quod

1927 673 2142 739 veni,et
2181 688 2292 727 non
2330 671 2428 726 fuit
2469 672 2652 732 homo,
2686 669 2895 733 vocavi,
2926 677 2980 724 et
3009 683 3116 722 non
3147 667 3248 722 fuit
3275 668 3369 739 qui
3396 683 3492 721 au-

1927 761 2066 818 diret
2081 762 2147 816 ⁷⁷.
2180 782 2197 814 ι
2233 760 2433 816 Deinde
2455 760 2521 814 ad
2542 759 2662 814 illos
2697 755 2830 811 dicit
2859 776 2872 810 :
2908 775 2926 808 σ
2957 755 3247 812 Auferetur
3279 775 3309 809 ιι
3338 757 3494 811 vobis

1925 867 2151 922 regnum
2175 850 2291 916 Dei,
2321 858 2376 906 et
2400 849 2619 904 dabitur
2652 849 2799 920 genti
2826 847 3019 903 ferenti
3065 848 3278 903 fructus
3311 847 3484 917 ejus.»

1927 941 2053 998 Suis
2078 957 2206 997 vero
2236 941 2522 1011 discipulis
2565 952 2687 1012 post
2735 940 2950 995 illorum
2993 938 3338 1009 rejectionem
3385 939 3492 993 im-

1925 1040 2078 1104 perat
2118 1051 2181 1087 :r
2239 1032 2317 1088 Ite
2353 1040 2406 1087 et
2455 1031 2646 1088 docete
2704 1046 2894 1086 omnes
2947 1041 3134 1102 gentes
3175 1031 3230 1085 in
3271 1032 3490 1087 nomine

1924 1141 2045 1181 meo
2068 1125 2132 1178 ⁷⁸.
2185 1144 2204 1178 ι
2242 1124 2334 1180 Sic
2375 1123 2541 1193 igitur
2566 1140 2667 1180 nos
2692 1123 2908 1194 quidem
2950 1131 3159 1194 gentes,
3207 1132 3364 1180 antea
3391 1126 3490 1179 de—

1923 1218 2230 1270 nuntiatum
2286 1215 2436 1269 illum
2493 1224 2548 1270 et
2593 1229 2620 1267 a
2664 1214 2824 1269 Patre
2868 1214 3098 1270 missum
3143 1215 3485 1285 prophetam,

1923 1318 2180 1380 tanquam
2212 1324 2338 1364 cum
2372 1309 2465 1378 qui
2503 1309 2757 1366 omnibus
2784 1307 3102 1364 hominibus
3133 1315 3186 1362 et
3219 1309 3396 1378 legum
3435 1316 3489 1362 et

1921 1402 2139 1472 pietatis
2185 1416 2314 1470 erga
2362 1399 2530 1455 Deum
2574 1401 2814 1455 universi
2854 1408 3047 1454 auctor
3073 1401 3362 1466 exstiterit,
3391 1415 3488 1470 per

1919 1492 2212 1547 salutarem
2231 1491 2404 1562 ipsius
2425 1491 2904 1571 evangelicamque
2935 1490 3238 1546 doctrinam
3271 1493 3488 1562 agnovi-

1917 1597 2080 1646 mus,
2136 1589 2191 1637 et
2246 1582 2612 1651 suscepimus,
2667 1598 2790 1638 cum
2841 1583 2896 1638 in
2956 1583 3059 1639 hoc
3106 1583 3212 1637 alia
3270 1600 3486 1654 quoque

1918 1674 2196 1743 prophetia
2223 1674 2492 1744 completa
2542 1674 2644 1740 sit,
2677 1691 2797 1744 quas
2828 1675 2944 1731 ait:
2989 1693 3008 1726 ι
3047 1674 3352 1741 Constituc,
3379 1677 3486 1729 Do-

1919 1765 2082 1826 mine,
2117 1762 2481 1832 legislatorem
2508 1764 2647 1833 apud
2681 1780 2797 1828 eos,
2821 1775 3118 1836 agnoscant
3137 1776 3324 1836 gentes
3339 1767 3481 1836 quod

229 1856 337 1908 τῶν
371 1856 791 1928 ὲξαιτησάμενοι
824 1857 916 1910 καὶ
947 1859 1086 1912 κατὰ
1128 1859 1236 1911 τῶν
1271 1858 1412 1912 ἰδίων
1451 1857 1676 1920 παίδων,
1701 1857 1802 1908 εἰσ-

1914 1855 2161 1909 homines
2199 1863 2328 1909 sunt
2361 1857 2427 1910 7°.
2475 1874 2495 1907 ι
2537 1853 2711 1910 ,ιιιόωί
2755 1872 2886 1912 vero
2916 1865 3118 1912 icontra
3168 1860 3260 1929 qui
3309 1859 3480 1927 illum,

231 1946 307 1998 ἐτι
341 1945 441 1998 νῦν
480 1946 583 2016 τῆς
619 1946 980 2020 τολμηθείσης
1010 1951 1190 2014 αὐτοῖς
1219 1950 1471 2013 ἀσεϐείας
1504 1949 1602 2020 τὴν
1634 1964 1807 2018 τιμω-

231 2038 352 2107 ρίαν
381 2038 700 2108 ὑπέχουσιν.

1913 1962 2074 2016 quem
2110 1962 2207 2002 sua
2240 1947 2484 2017 ipsorum
2522 1949 2745 2002 oracula
2788 1959 3073 2004 venturum
3115 1950 3481 2020 praedicebant

1913 2053 2022 2092 non
2044 2047 2422 2108 susceperunt,
2449 2037 2701 2094 idoneum
2734 2039 2928 2095 dedere
2947 2042 3272 2112 supplicium
3297 2083 3311 2105 ,
3340 2043 3481 2096 sicut

229 2131 522 2200 prophetia
559 2132 743 2187 divina
783 2133 1205 2205 signiﬁcaverat,
1252 2150 1377 2189 cum
1441 2135 1628 2189 dixit:
1695 2149 1713 2182 ι
1771 2131 1836 2184 Ει
1872 2132 2189 2203 quicunque
2233 2134 2395 2189 homo
2449 2150 2557 2189 non
2606 2135 2842 2191 audierit
2907 2137 3088 2191 omnia
3141 2151 3477 2206 quaecunque

228 2223 490 2293 loquetur
513 2227 779 2295 propheta
804 2227 894 2282 ille
923 2228 977 2281 in
1013 2227 1233 2283 nomine
1273 2243 1415 2290 meo,
1441 2242 1543 2298 ego
1568 2225 1805 2280 ulciscar
1842 2239 1906 2278 ex
1937 2239 2021 2279 eo.
2059 2244 2078 2277 ι
2124 2223 2280 2281 Ultus
2305 2225 2470 2296 igitur
2526 2235 2609 2281 est
2648 2227 2714 2282 de
2739 2228 2939 2298 populo
2964 2229 3055 2283 illo
3077 2244 3291 2284 onmem
3349 2245 3476 2286 san-

226 2320 452 2386 guinem
484 2319 716 2376 effusum
764 2322 818 2376 in
845 2330 1044 2378 terram
1087 2337 1112 2376 a
1167 2323 1432 2393 sanguine
1492 2321 1646 2386 Abel,
1706 2335 1881 2389 usque
1920 2319 1986 2374 ad
2036 2321 2354 2390 sanguinem
2387 2319 2684 2386 Zachariae,
2716 2329 2772 2377 et
2823 2321 2891 2376 ad
2943 2329 3244 2377 extremum
3303 2323 3476 2393 ipsius

225 2411 461 2475 Christi,
510 2413 670 2482 cujus
718 2417 1036 2486 sanguinem
1088 2432 1214 2472 cum
1241 2433 1408 2486 super
1436 2433 1515 2486 se,
1547 2425 1604 2472 et
1642 2432 1807 2486 super
1845 2414 1986 2470 ﬁlios
2008 2431 2140 2470 suos
2197 2411 2672 2488 expoposci'sscnt,
2733 2417 2787 2472 in
2809 2417 2956 2472 hunc
2982 2434 3154 2489 usque
3177 2417 3317 2474 diem
3355 2419 3475 2490 ejus

225 2507 480 2570 sceleris,
499 2508 643 2576 quod
668 2509 1030 2567 audacissime
1051 2521 1450 2582 perpetrarunt,
1475 2498 1798 2583 supplicium
1837 2511 2102 2581 pendunt.

233 2615 381 2669 Ἀπὸ
416 2617 526 2670 τοῦ
556 2617 690 2671 Ἰὼϐ.
717 2651 785 2660 —
809 2619 948 2687 Περὶ
994 2619 1099 2689 τῆς
1138 2622 1206 2674 ἐν
1249 2621 1506 2676 θαλάττῃ
1564 2619 1804 2688 πορείας

810 2691 916 2743 τοῦ
946 2692 1225 2759 Χριστοῦ.

294 2817 315 2850 ι
372 2799 432 2852 ὐ
466 2800 636 2868 λέγων
669 2802 747 2873 τῷ
787 2802 939 2874 ἡλίῳ,
981 2806 1073 2857 καὶ
1105 2806 1203 2858 οὐκ
1249 2805 1548 2870 ἀνατέλλει,
1577 2807 1718 2858 κατά
1745 2804 1801 2857 δὲ

220 2891 442 2962 ἄστρων
471 2897 921 2966 κατασφραγίζει,
965 2899 992 2950 ὁ
1037 2899 1272 2961 τανύσας
1313 2899 1402 2951 τὸν
1448 2898 1670 2969 οὐρανὸν
1707 2896 1800 2968 μό-

218 3000 328 3047 νος,
359 2986 457 3038 καὶ
485 2987 799 3058 περιπατῶν
833 2991 924 3042 ἐπὶ
953 2989 1225 3060 θαλάσσης
1257 2991 1333 3052 ὼς
1362 2991 1448 3042 ἐπ’
1483 2990 1731 3058 ἐδάφους.
1774 3008 1792 3039 ι

217 3077 333 3130 Καὶ
363 3077 536 3131 ταῦτα
575 3080 719 3150 μόνῳ
762 3080 840 3152 τῷ
879 3082 1088 3154 Σωτῆρι
1138 3083 1232 3136 καὶ
1278 3081 1466 3152 Κυρίῳ
1513 3081 1690 3152 ήμῶν,
1723 3081 1798 3144 ὡς
1828 3113 1868 3170 C

218 3168 284 3220 ἂν
311 3168 451 3222 Θεοῦ
487 3171 660 3241 Λόγῳ,
691 3172 1004 3244 δημιουργῷ
1034 3173 1140 3227 τῶν
1171 3174 1304 3226 ὅλων
1346 3173 1662 3242 τυγχάνοντι
1705 3172 1800 3241 ἁρ-

218 3259 379 3330 μόζοι
413 3260 510 3313 ἄν·
562 3262 720 3332 μόνος
751 3262 879 3332 γοῦν
933 3263 1042 3316 τῶν
1083 3265 1298 3318 πώποτε
1350 3264 1491 3318 κατά
1533 3264 1658 3326 τοὺς
1703 3263 1801 3334 τῆς

215 3351 686 3424 ἐνανθρωπήσεως
710 3356 951 3426 χρόνους,
988 3357 1142 3428 σῶμα
1173 3358 1266 3411 καὶ
1301 3358 1485 3428 σχῆμα
1520 3353 1796 3427 ἀνθρώπι-

215 3458 307 3494 νον
343 3443 646 3507 ἀναλαϐὼν,
678 3447 769 3499 ἐπὶ
800 3447 899 3517 τῆς
943 3447 1214 3519 θαλάσσης
1246 3447 1611 3520 περιπατῆσαι
1642 3445 1795 3514 λέγε-

215 3550 330 3595 ται,
358 3535 447 3587 ὅτε
472 3536 596 3599 τοὺς
627 3539 824 3591 ἑαυτοῦ
855 3540 1098 3612 μαθητὰς
1121 3540 1424 3610 ἠνάγκασεν
1459 3539 1689 3609 ἐμϐῆναι
1717 3540 1797 3602 είς

218 3623 422 3688 πλοῖον,
443 3627 535 3678 καὶ
561 3629 816 3698 προάγειν
839 3630 999 3684 αὐτὸν
1027 3632 1106 3694 εἰς
1129 3631 1189 3684 τὸ
1214 3631 1404 3694 πέραν,
1431 3630 1534 3692 ἕως
1556 3623 1616 3683 οὗ
1637 3629 1797 3693 αὐτὸς

215 3716 466 3786 ἀπολύσῃ
485 3719 609 3781 τοὺς
628 3719 815 3789 ὄχλους
833 3737 845 3750 ⁸
868 3723 960 3775 καὶ
981 3722 1253 3787 ἀπολύσας
1275 3725 1401 3786 τοὺς
1422 3724 1609 3794 ὄχλους
1630 3723 1794 3794 ἀνέϐη

215 3809 297 3870 εἰς
326 3808 388 3860 τὸ
421 3809 564 3880 ὄρος,
593 3815 710 3864 κατ’
744 3812 876 3867 ίδίαν
909 3815 1320 3885 προσεύξασθαι.
1351 3815 1536 3885 Ὀψίας
1565 3816 1621 3869 δὲ
1645 3833 1796 3884 γενο-

219 3899 388 3970 μένης
417 3903 576 3972 μόνος
601 3899 667 3974 ἦν
696 3906 828 3958 ἐκεῖ.
849 3907 920 3958 Τὸ
945 3907 1000 3958 δὲ
1026 3909 1202 3962 πλοῖον
1228 3908 1328 3980 ήδη
1348 3904 1413 3980 ἦν
1434 3911 1492 3963 ὲν
1525 3909 1672 3980 μέσῳ
1693 3910 1794 3980 τῆς

218 3993 515 4065 θαλάσσης.
555 3998 773 4062 Ἰδόντες
803 3999 860 4052 δὲ
901 3999 1060 4052 αὑτὸν
1098 4001 1190 4053 ἐπὶ
1217 4001 1316 4072 τῆς
1347 4001 1639 4072 θαλάσσης,
1667 4004 1791 4054 ὲτα-

1939 2621 2104 2694 446
2161 2621 2239 2675 Ab
2300 2621 2422 2676 Iob.
2465 2654 2537 2666 —
2593 2623 2666 2678 De
2725 2625 3086 2706 qmbulationg
3131 2625 3333 2682 Christi
3381 2628 3438 2682 in

2601 2712 2758 2750 man.

1981 2822 1998 2855 ι
2030 2801 2132 2869 Qui
2156 2803 2285 2858 dicit
2303 2805 2427 2867 soli,
2452 2813 2504 2858 et
2529 2820 2638 2860 non
2664 2806 2857 2868 oritur,
2885 2814 2938 2862 et
2963 2815 3110 2862 astra
3133 2809 3289 2876 quasi
3314 2808 3472 2878 signo

1904 2894 2175 2965 impresso
2219 2896 2444 2962 claudit,
2492 2897 2585 2966 qui
2632 2895 2878 2952 extendit
2929 2897 3127 2952 coelum
3164 2899 3344 2962 solus,
3376 2899 3469 2968 qui

1903 2986 2144 3039 ambulat
2182 2986 2238 3041 in
2266 2988 2402 3041 mari
2457 2987 2600 3042 sicut
2644 2987 2700 3042 in
2741 2987 2859 3044 Solo
2895 2987 2962 3043 ⁸ο.
2995 3008 3015 3041 ι
3050 2987 3175 3044 Ηιιιο
3205 2990 3329 3044 item
3377 2991 3470 3045 uni

1905 3073 2172 3132 Salvatori
2209 3092 2273 3132 ac
2303 3076 2533 3134 Domino
2557 3091 2769 3144 nostro,
2795 3087 3054 3151 tanquam
3089 3079 3180 3136 Dei
3209 3079 3386 3136 Verbo
3415 3091 3469 3136 et

1904 3183 2086 3222 rerum
2109 3170 2354 3224 omnium
2376 3170 2554 3240 opiﬁci
2579 3173 2981 3227 accommodari
3017 3183 3250 3243 possunt
3279 3191 3293 3239 ;
3318 3174 3468 3228 solus

1901 3261 2047 3316 enim
2087 3277 2154 3315 ex
2175 3262 2431 3318 omnibus
2453 3263 2546 3332 qui
2578 3277 2818 3334 unquam
2847 3263 3069 3331 fuerint,
3093 3281 3201 3336 quo
3228 3275 3470 3334 tempore

1901 3353 2064 3407 homo
2097 3352 2276 3410 factus
2303 3362 2408 3418 est,
2432 3364 2487 3410 et
2521 3371 2747 3426 corpore
2774 3365 2830 3410 et
2870 3356 3042 3426 ﬁgura
3094 3357 3333 3413 hominis
3375 3375 3466 3412 as-

1901 3453 2138 3516 sumpta,
2164 3446 2218 3500 in
2236 3449 2522 3516 superﬁcie
2544 3446 2712 3501 maris
2737 3448 3045 3502 ambulasse
3064 3448 3264 3502 dicitur
3290 3469 3303 3504 :
3340 3466 3463 3504 cum

1901 3554 2034 3594 suos
2082 3537 2382 3607 discipulos
2421 3539 2686 3607 compulit
2731 3538 3026 3593 ascendere
3058 3537 3112 3592 in
3137 3539 3462 3606 naviculam,

1896 3633 1950 3682 et
1979 3626 2283 3697 praecedere
2305 3627 2482 3696 ipsum
2511 3635 2663 3681 trans
2689 3626 3097 3690 l'retum,donec
3129 3628 3243 3698 ipse
3280 3629 3465 3682 dimit-

1897 3725 2034 3774 teret
2063 3717 2270 3782 turbas,
2288 3726 2344 3773 et
2367 3718 2613 3774 dimissis
2637 3718 2811 3774 turbis
2847 3719 3095 3774 ascendit
3133 3720 3187 3774 in
3226 3730 3462 3776 montem

1896 3819 1956 3861 ut
1975 3808 2126 3863 solus
2147 3816 2349 3864 oraret.
2390 3806 2626 3878 Vespere
2653 3815 2833 3862 autem
2869 3808 3014 3864 facto
3039 3810 3192 3865 solus
3214 3818 3330 3865 erat
3362 3811 3460 3867 ibi.

1895 3900 2152 3956 Navicula
2184 3911 2363 3956 autem
2403 3901 2514 3971 jam
2556 3908 2675 3956 erat
2715 3900 2771 3954 iu
2816 3899 2996 3956 medio
3034 3903 3462 3960 mari.Videntcs

1893 4006 2073 4053 autem
2102 4015 2227 4055 eum
2253 4014 2418 4068 supra
2443 4013 2593 4053 mare
2622 3997 2823 4052 turbati
2851 4005 3002 4064 sunt,
3031 3998 3274 4054 dicentes
3317 4000 3460 4069 quod

218 4087 520 4158 ράχθησαν,
554 4089 819 4158 λέγοντες,
854 4092 934 4144 ὅτι
961 4091 1250 4163 φάντασμά
1275 4095 1411 4156 ἐστι,
1439 4095 1532 4147 καὶ
1559 4094 1667 4147 ἀπὸ
1695 4092 1788 4146 τού

1909 4092 2214 4160 )hantasma
2242 4098 2409 4157 esset,
2435 4098 2488 4144 et
2518 4105 2628 4160 pra:
2663 4089 2860 4144 timore
2899 4091 3290 4144 clamaverunt.
3340 4089 3462 4144 Sta-

216 4179 384 4247 φόϐου
419 4179 668 4251 ἔκραξαν.
703 4184 916 4246 Εὐθέως
955 4183 1010 4235 δὲ
1051 4184 1310 4256 ἐλάλησεν
1347 4187 1547 4253 αὐτοῖς,
1580 4188 1782 4257 λέγων·

1909 4184 1987 4237 im
2010 4199 2136 4238 vero
2155 4183 2370 4237 locutus
2395 4190 2478 4236 est
2505 4181 2808 4248 eis,dicens
2831 4179 3172 4243 :tCOﬂﬁdile,
3194 4196 3295 4251 ego
3316 4197 3460 4264 sum,

219 4289 237 4322 ι
277 4271 559 4341 Θαρσεῖτε,
584 4273 693 4342 ἐγώ
718 4277 852 4345 εἰμι,
885 4274 958 4345 μὴ
992 4276 1260 4344 φοϐεῖσθε.
1305 4299 1323 4329 ι
1365 4280 1570 4344 Ἀλλως
1600 4282 1656 4334 δὲ
1687 4283 1785 4336 οὐκ

1909 4276 2057 4330 mlite
2083 4275 2275 4330 timere
2303 4273 2370 4327 ⁸¹.
2412 4292 2430 4324 ι
2458 4272 2591 4327 Nam
2633 4273 2835 4343 alioqui
2875 4271 2990 4326 ﬁeri
3033 4288 3144 4326 non
3177 4273 3376 4341 poterit
3398 4284 3460 4326 ut

215 4362 280 4414 ἂν
315 4364 524 4430 γένοιτο
556 4367 856 4439 ἀξιοπρεπῆ
895 4368 1166 4437 θεολογίαν
1201 4370 1376 4423 δοκεῖν
1412 4373 1701 4443 περιέχειν,
1732 4378 1780 4429 εί

1909 4368 1998 4423 )eo
2022 4367 2432 4421 convenientem
2485 4364 2812 4434 theologiam
2873 4361 3339 4432 comprehendere
3375 4364 3460 4416 vi-

213 4454 305 4506 ἐπὶ
330 4455 426 4507 τοῦ
460 4457 720 4510 ἀνωτάτω
751 4459 884 4511 Θεοῦ
927 4461 1020 4513 καὶ
1046 4461 1257 4532 Πατρος
1281 4463 1386 4515 τῶν
1417 4463 1552 4516 ὅλων
1584 4465 1786 4539 ἐκλαμ-

1909 4461 2081 4516 leatur
2108 4460 2410 4520 oraculum,
2443 4457 2490 4511 si
2535 4457 2662 4526 quis
2691 4455 2822 4510 illud
2869 4455 2936 4509 de
2967 4471 3222 4525 supremo
3261 4453 3372 4510 Deo
3408 4466 3463 4510 et

212 4546 363 4600 ϐάνοι
391 4565 478 4610 τις
505 4550 565 4602 τὸ
591 4549 787 4619 λόγιον.
814 4551 876 4603 Τί
903 4552 1008 4624 γὰρ
1033 4553 1144 4624 ἔχει
1181 4555 1374 4624 σεμνὸν
1397 4556 1490 4608 καὶ
1515 4556 1788 4628 ἀξιόλογον

1909 4549 2054 4606 Patre
2094 4548 2334 4603 universi
2372 4547 2659 4618 intelligat.
2709 4544 2850 4611 Quid
2897 4546 3042 4600 enim
3090 4545 3459 4600 venerationis

211 4637 304 4692 ἐπὶ
331 4638 427 4691 τοῦ
455 4639 591 4692 Θεοῦ
630 4641 736 4693 τῶν
768 4643 903 4696 ὅλων
938 4648 1252 4714 περιπατεῖν
1295 4645 1542 4715 λέγεσθαι
1573 4649 1666 4702 ἐπὶ
1690 4652 1789 4722 τῆς

1909 4651 1984 4697 tut
2012 4641 2292 4712 dignitatis
2321 4640 2517 4694 habeat
2556 4639 2602 4694 si
2637 4638 2781 4694 Deus
2815 4637 3054 4692 universi
3096 4637 3376 4692 ambulare
3407 4638 3458 4691 in

211 4728 518 4800 θαλάσσης;
557 4732 680 4794 Πῶς
727 4733 782 4787 δὲ
837 4736 930 4788 καὶ
973 4736 1186 4808 νοηθείη
1224 4738 1522 4808 περίπατος
1560 4741 1652 4793 ἐπὶ
1688 4744 1787 4814 τῆς

211 4821 488 4893 θαλάσσης
524 4823 617 4876 τοῦ
661 4824 728 4878 τά
763 4827 938 4881 πάντα
976 4829 1338 4901 περιέχοντος,
1379 4832 1472 4884 καὶ
1503 4833 1592 4885 τὸν
1626 4834 1786 4905 ούρα-

212 4912 296 4964 νὸν
325 4915 420 4966 καὶ
447 4914 546 4984 τὴν
568 4915 670 4986 γῆν
697 4916 800 4988 πλη
811 4917 1057 4988 ροῦντος;
1087 4921 1176 4972 καὶ
1201 4922 1477 4991 μονονουχὶ
1502 4922 1750 4991 λέγοντος
1769 4941 1782 4954 °

215 5023 234 5056 ι
281 5006 340 5058 Ὀ
368 5007 597 5078 οὐρανός
626 5025 715 5077 μοι
741 5007 944 5077 θρόνος,
977 5011 1009 5080 ἡ
1038 5010 1095 5062 δὲ
1125 5011 1195 5080 γῆ
1223 5012 1507 5064 ὑποπόδιον
1544 5015 1653 5066 τῶν
1688 5033 1784 5067 πο-

211 5093 316 5148 δῶν
367 5114 496 5167 μου·
535 5117 552 5148 ›
582 5098 707 5150 καί·
755 5118 772 5148 ι
827 5099 929 5151 Τὸν
975 5099 1201 5170 οὐρανὸν
1251 5102 1344 5154 καὶ
1387 5101 1484 5173 τὴν
1529 5104 1632 5173 γῆν
1675 5104 1784 5171 ἐγὼ

212 5185 432 5258 πληρῶ,
454 5187 600 5256 λέγει
629 5188 848 5260 Κύριος.
903 5209 920 5241 ι
955 5190 1011 5244 Ὀ
1038 5191 1094 5243 δέ
1135 5208 1197 5259 γε
1235 5193 1426 5264 Σωτὴρ
1451 5195 1544 5246 καὶ
1581 5195 1783 5266 Κύριος

211 5279 386 5350 ἡμῶν,
437 5281 629 5334 ἑαυτὸν
674 5280 938 5346 κενώσας,
984 5283 1075 5336 καὶ
1112 5284 1324 5355 μορφὴν
1361 5283 1544 5337 δούλου
1583 5284 1780 5350 λαϐὼν,

211 5372 298 5423 καὶ
339 5373 579 5443 σχήματι
607 5374 848 5446 εὑρεθεὶς
870 5376 946 5439 ὡς
969 5374 1270 5447 ἄνθρωπος,
1306 5376 1503 5446 δεῖγμα
1529 5377 1630 5447 τῆς
1661 5380 1785 5432 λαν-

211 5460 476 5535 θανούσης
502 5468 627 5530 τοὺς
658 5467 884 5528 πολλοὺς
914 5467 1092 5520 ἐνθέου
1114 5467 1392 5537 δυνάμεως
1423 5468 1616 5521 ἑαυτοῦ
1642 5487 1782 5541 παρ-

212 5563 344 5633 έχων
371 5561 505 5632 όρᾷν
528 5563 638 5621 τοῖς
662 5559 854 5613 ἑαυτοῦ
883 5558 1172 5631 μαθηταῖς,
1209 5561 1303 5613 καὶ
1338 5563 1450 5624 τοῖς
1483 5559 1786 5627 θαλαττίοις

277 5765 320 5794 ⁷⁷
366 5762 467 5817 lsa.
504 5778 568 5822 ι,
604 5761 658 5816 2.

212 5848 361 5897 vat,
403 5835 447 5887 Ι.
525 5834 570 5864 ⁸³
603 5831 711 5888 Jer.
746 5845 878 5884 mn
901 5869 915 5897 ,
951 5830 1040 5885 24.

735 5761 779 5792 ⁷⁸
817 5759 1004 5814 Matth.
1042 5777 1246 5827 xxvm,
1290 5761 1372 5816 l9.
1451 5764 1492 5796 τ’
1532 5762 1676 5818 Psal.
1714 5779 1788 5828 ix,
1825 5764 1907 5821 21.

1890 4734 2025 4787 mari
2055 4733 2309 4788 dicatur?
2346 4730 2665 4802 Cujusmodi
2691 4740 2869 4785 autem
2909 4729 3203 4785 ambulatio
3233 4727 3294 4785 in
3321 4727 3457 4783 mari

1887 4827 2219 4897 intelligetur
2252 4825 2418 4888 illius,
2449 4825 2542 4894 qui
2584 4822 2767 4878 omnia
2809 4822 3210 4892 complectitur,
3239 4836 3304 4876 ac
3347 4835 3461 4874 co:-

1893 4918 2005 4972 lum
2063 4925 2372 4986 terramque
2411 4916 2668 4984 complet,
2724 4923 2780 4970 et
2830 4913 3218 4984 propemodum
3271 4911 3453 4966 dicit:

1897 5029 1916 5061 ‹
1954 5010 2162 5064 leum
2189 5011 2320 5063 mihi
2345 5009 2523 5076 sedes,
2555 5017 2700 5062 terra
2727 5016 2906 5064 autem
2938 5006 3228 5063 scabellum
3262 5005 3457 5074 pedum

1891 5118 2136 5157 meorum
2169 5102 2264 5154 ⁸³⁸2
2301 5122 2318 5153 ι
2357 5102 2481 5156 item
2503 5100 2773 5156 :chlum
2805 5107 2862 5154 et
2889 5107 3089 5152 terram
3111 5113 3212 5166 ego
3236 5095 3454 5165 impleo,

1889 5192 2022 5247 dicit
2077 5193 2337 5250 Dominus
2367 5196 2431 5248 ⁸³.
2498 5212 2517 5246 ι
2557 5193 2806 5248 Salvator
2855 5200 3037 5246 autem
3089 5204 3153 5244 ac
3197 5187 3456 5243 Dominus

1890 5294 2094 5352 noster,
2120 5301 2243 5339 cum
2293 5285 2533 5354 seipsum
2584 5283 2926 5338 evacuaverit
2954 5290 3008 5336 et
3052 5279 3281 5335 formam
3313 5279 3456 5334 servi

1891 5379 2181 5447 acceperit,
2211 5386 2266 5433 et
2294 5378 2480 5434 habitu
2514 5377 2767 5434 inventus
2797 5375 2868 5430 sit
2897 5384 2956 5429 ut
2983 5375 3176 5436 homo,
3214 5372 3342 5427 dum
3375 5371 3454 5426 si-

1891 5486 2055 5540 gnum
2080 5469 2201 5538 ejus
2226 5485 2346 5540 qua:
2391 5468 2592 5523 multos
2622 5469 2824 5523 latebat
2869 5466 3067 5521 divina:
3097 5465 3314 5520 virtutis
3345 5479 3456 5520 suae

1893 5561 2182 5618 videndum
2217 5562 2338 5616 suis
2381 5561 2582 5633 praebet
2639 5560 2951 5630 discipulis,
3011 5573 3177 5628 super
3213 5558 3456 5613 marinos

1989 5765 2032 5794 ⁸⁵
2073 5761 2171 5818 Job
2205 5778 2283 5829 Ix,
2313 5762 2426 5827 7,8.
2503 5760 2545 5791 ⁸⁸
2590 5758 2774 5814 Matth.
2842 5775 2964 5825 xw,
2997 5755 3184 5810 22-27.
3263 5755 3305 5789 ⁸³
3345 5753 3452 5810 lsa.
