3928 6518
531 379 640 438 695

531 497 730 554 ﬂuctus
757 499 1070 560 incessisse,
1107 504 1161 550 et
1196 505 1596 568 tempestatem,
1627 503 1926 565 ventosque
1959 495 2108 551 cohi-

530 593 739 658 buisse,
771 592 1002 664 publicae
1055 590 1339 660 scripturae
1389 590 1704 646 testimonio
1761 589 1943 645 dictus
1993 597 2099 656 est,

528 701 640 760 quo
695 695 936 756 tempore
977 684 1036 750 ii,
1067 683 1160 754 qui
1185 683 1312 736 talia
1343 681 1717 747 intuebantur,
1743 683 2094 754 obstupesce-

527 779 662 834 bant
693 779 940 834 dicentes
974 795 990 832 :
1027 795 1045 828 ι
1087 775 1222 844 Quis
1253 785 1338 832 est
1374 777 1460 831 hic
1481 817 1496 840 ,
1531 779 1620 832 cui
1662 779 1808 832 venti
1841 793 2102 848 mareque

527 876 903 942 obtemperant
927 870 1012 924 “‘2
1069 889 1088 921 ι
1129 869 1293 924 fuerit
1324 886 1452 926 vero
1499 869 1601 925 hoc
1655 873 1819 926 etiam
1875 870 2102 926 alterius

525 963 848 1032 cujusdam.
905 962 1050 1033 quod
1097 961 1450 1032 intelligitur,
1509 962 1763 1017 vastioris
1809 962 1977 1017 maris
2020 963 2100 1017 si-

523 1071 724 1125 gnum,
783 1054 838 1108 in
889 1069 998 1126 quo
1043 1053 1210 1110 draco
1244 1053 1464 1126 quidam
1513 1069 1636 1110 esse
1669 1055 1892 1118 dicitur,
1924 1053 2100 1108 factus

522 1156 584 1202 ut
606 1149 660 1202 in
691 1163 815 1203 eum
851 1147 1084 1203 illudant
1117 1149 1294 1219 angeli
1317 1147 1435 1210 Dei,
1469 1163 1634 1216 super
1660 1163 1768 1218 quo
1797 1148 1924 1201 item
1961 1146 2096 1200 mari

523 1237 774 1294 Salvator
799 1255 862 1294 ac
891 1239 1157 1296 Dominus
1175 1250 1360 1294 noster
1385 1238 1545 1312 447
1573 1239 1918 1294 inambulans
1937 1245 2099 1308 caput

521 1329 634 1385 illic
689 1332 974 1386 constituti
1027 1330 1304 1396 draconis,
1361 1331 1806 1400 reliquorumque
1864 1330 1956 1383 illo
2009 1330 2096 1383 in-

519 1422 782 1479 feriorum
816 1424 1117 1479 draconum
1145 1425 1345 1480 dicitur
1375 1423 1718 1485 contrivisse,
1739 1422 1894 1491 juxta
1924 1421 2052 1476 illud
2079 1442 2092 1476 :

524 1534 544 1570 ι
585 1513 666 1570 Tu
701 1515 1008 1571 contrivisti
1041 1516 1218 1586 capita
1257 1514 1556 1569 draconum
1590 1529 1755 1584 super
1787 1528 2004 1582 aquam,
2037 1522 2096 1568 tu

518 1606 834 1678 confregisti
858 1615 1022 1678 caput
1045 1607 1300 1662 draconis
1321 1607 1366 1639 ⁸⁵
1401 1625 1414 1662 :
1457 1626 1475 1658 ι
1503 1607 1663 1677 plane
1696 1605 1920 1661 alterius
1952 1607 2096 1675 quod

515 1699 839 1769 intelligitur
871 1698 1061 1762 maris,
1114 1697 1182 1754 de
1215 1713 1324 1770 quo
1369 1697 1510 1752 idem
1563 1713 1756 1753 rursus
1797 1699 1852 1751 in
1886 1699 2097 1768 psalmo

515 1791 594 1846 ait
623 1810 636 1845 :
677 1809 696 1842 ι
733 1791 934 1845 Deveni
963 1791 1018 1844 in
1049 1790 1318 1862 profunda
1345 1791 1512 1845 maris
1539 1790 1607 1843 ⁸⁸.
1649 1809 1669 1842 ι
1709 1789 1775 1843 Et
1809 1790 1875 1844 ad
1904 1789 2006 1845 Job
2027 1790 2094 1845 de

515 1881 698 1952 seipse
747 1881 1024 1936 disserens
1091 1923 1104 1935 .
1154 1900 1172 1933 ι
1237 1879 1468 1947 Venisti,
1519 1881 1714 1951 inquit,
1771 1880 1839 1934 ad
1891 1879 2094 1936 fontem

514 1972 685 2028 maris
703 2014 717 2038 ,
735 1981 788 2029 et
805 1973 860 2028 in
875 1973 1120 2044 vestigiis
1148 1973 1327 2044 abyssi
1353 1973 1748 2028 deambulasti?
1770 1976 2092 2042 aperiuntur

514 2079 644 2120 vero
676 2063 774 2118 tibi
811 2065 1010 2119 timore
1035 2071 1204 2134 porta:
1237 2063 1473 2118 mortis?
1506 2073 1558 2118 et
1586 2063 1856 2132 janitores
1887 2061 2090 2116 infero—

511 2173 636 2213 rum
651 2157 899 2214 videntes
915 2165 968 2212 te
999 2163 1340 2228 expaveruut
1355 2156 1397 2188 ⁸⁷
1417 2157 1477 2209 ἲ»
1499 2155 1690 2210 Merito
1719 2155 1886 2226 igitur
1919 2154 2084 2209 etiam

511 2251 568 2308 in
598 2267 684 2314 ea,
711 2267 833 2321 qua:
849 2251 914 2304 ad
935 2265 1035 2305 nos
1067 2252 1300 2320 pertinet
1329 2249 1459 2312 vita,
1488 2250 1615 2302 dum
1642 2250 1818 2320 ipsum
1840 2263 1986 2301 mare
2006 2247 2089 2300 in-

510 2343 754 2415 greditur
775 2352 828 2399 et
846 2351 1576 2424 ventos”tempestatemque
1604 2341 1869 2412 increpat,
1905 2355 2086 2395 rerum

511 2438 568 2491 in
587 2437 803 2492 arcanis
828 2436 1132 2506 positarum
1161 2437 1318 2506 signa
1359 2435 1578 2489 interim
1609 2433 1722 2490 obit
1761 2447 1822 2487 ac
1853 2432 2082 2504 peragit.

507 2565 588 2620 Ab
613 2565 782 2622 Isaia.
809 2597 880 2608 —
905 2565 984 2620 De
1011 2565 1163 2620 rebus
1192 2563 1256 2620 ab
1285 2567 1400 2634 ipso
1441 2563 1853 2620 admirabilibus
1901 2565 2084 2620 uestis.

583 2741 601 2773 ι
631 2719 1035 2786 Convalescite,
1059 2735 1255 2775 manus
1283 2720 1532 2774 remissae
1550 2729 1604 2774 et
1643 2735 1818 2791 genua
1849 2717 2088 2774 dissolu-

507 2821 582 2878 ta,
612 2813 1384 2884 consolamini,pusillanimes
1406 2813 1706 2876 intellectu,
1743 2811 1910 2868 fortes
1939 2819 2087 2867 esto—

508 2916 580 2970 te,
609 2915 664 2962 et
685 2907 853 2960 nolite
883 2907 1104 2960 timere:
1128 2919 1256 2960 ecce
1275 2903 1421 2960 Deus
1452 2911 1642 2958 noster
1669 2903 1936 2972 judicium
1963 2901 2086 2955 red-

505 2997 585 3052 dit
613 3006 666 3053 et
693 2998 906 3060 reddet,
939 2997 1056 3068 ipse
1074 2995 1251 3050 veniet
1278 3003 1330 3050 et
1365 2996 1548 3052 salvos
1579 2994 1744 3049 faciet
1778 3009 1879 3048 nos
1907 3009 1919 3045 :
1953 3002 2084 3048 tunc

506 3089 820 3158 aperientur
849 3087 994 3143 oculi
1045 3101 1337 3150 caecorum,
1369 3093 1423 3140 et
1469 3099 1631 3140 aures
1660 3083 1952 3139 surdorum
1983 3098 2082 3136 au-

504 3183 699 3247 dient;
741 3191 870 3236 tunc
917 3179 1075 3236 saliet
1108 3179 1252 3234 sicut
1295 3193 1493 3232 cervus
1537 3175 1788 3240 claudus,
1816 3183 1871 3229 et
1921 3176 2082 3245 plana

503 3277 608 3332 erit
636 3275 821 3346 lingua
845 3283 1122 3328 mutarunt
1140 3273 1206 3326 ⁸⁸⁸.
1242 3291 1260 3323 ι
1287 3269 1492 3323 Harum
1525 3269 1690 3338 igitur
1721 3285 1902 3323 rerum
1928 3285 2087 3323 even-

499 3375 556 3422 ta
579 3367 632 3421 in
663 3365 975 3436 Evangeliis
1001 3363 1202 3427 habes;
1229 3375 1374 3415 nunc
1392 3359 1635 3430 quidem,
1655 3357 1784 3412 dum
1813 3356 1880 3410 ad
1911 3356 2088 3426 ipsum

506 3457 847 3513 Saivatorem
889 3471 952 3510 ac
982 3455 1272 3509 Dominum
1317 3459 1594 3517 nostrum,
1623 3449 1984 3521 paralyticum
2007 3447 2090 3501 ai-

504 3555 688 3610 ferunt
733 3553 789 3606 in
839 3551 981 3606 lecto
1017 3549 1315 3618 jacentem,
1346 3561 1507 3616 quem
1565 3543 1812 3615 pristinze
1863 3541 2087 3597 sanitati

503 3659 615 3700 uno
645 3657 748 3697 suo
781 3640 948 3696 verbo
980 3639 1244 3703 restituit,
1269 3652 1418 3690 nunc
1451 3651 1582 3691 vero
1603 3635 1734 3690 dum
1771 3634 2086 3688 innumera-

503 3736 639 3792 biles
693 3736 822 3790 (περὶ
881 3742 935 3788 et
987 3731 1253 3787 daemonia
1303 3730 1592 3791 habentes.
1643 3744 1859 3784 necnon
1917 3726 2084 3780 variis

501 3827 917 3900 egritudinibus
949 3835 1003 3881 et
1025 3824 1381 3896 languoribus
1411 3821 1614 3884 affecti,
1648 3819 1909 3875 salutaris
1935 3819 2083 3874 illius

501 3936 726 3989 virtutis
783 3930 1050 3988 beneﬁcio
1104 3930 1172 3984 ab
1207 3927 1461 3983 omnibus
1510 3925 1719 3980 morbis
1751 3923 2077 3978 liberantur.

503 4028 770 4082 Praeterea
800 4026 965 4080 etiam
1013 4038 1162 4078 nunc
1211 4021 1267 4075 in
1306 4021 1396 4084 iis,
1432 4035 1552 4089 qua:
1581 4018 1636 4071 in
1669 4023 1784 4071 toto
1812 4015 1944 4069 orbe
1971 4025 2081 4068 ter-

502 4133 688 4174 rarum
734 4115 992 4182 ostendit,
1035 4115 1164 4170 dum
1218 4111 1648 4168 innumerabiles
1696 4107 2080 4162 multitudines

501 4211 671 4266 variis
708 4209 932 4264 malitiae
970 4207 1264 4279 generibus
1305 4204 1623 4276 implicitas,
1648 4209 1703 4258 et
1735 4199 2079 4272 ignoratione

499 4317 742 4392 supremi
767 4315 864 4372 Dei
895 4315 1126 4372 refertas
1147 4315 1358 4370 animas
1382 4312 1664 4373 habentes,
1679 4307 2079 4364 admirabiliter

497 4423 553 4470 et
607 4427 774 4484 supra
827 4427 1044 4468 omnem
1097 4413 1367 4466 rationem
1397 4407 1662 4464 doctrinae
1693 4420 1805 4461 sua:
1841 4403 2077 4460 medica-

498 4504 702 4560 mentis
729 4512 886 4558 curat
914 4509 970 4556 et
1000 4509 1181 4564 sanat,
1203 4507 1258 4554 et
1291 4509 1474 4554 tamen
1501 4495 1646 4566 quod
1673 4495 1841 4550 etiam
1881 4495 1938 4548 in
1989 4493 2076 4547 his

499 4596 644 4652 Deus
676 4595 981 4666 appelletur
1017 4609 1117 4648 suo
1153 4600 1418 4662 tempore,
1454 4599 1712 4660 tanquam
1743 4588 1790 4642 is
1818 4587 1912 4658 qui
1943 4587 2075 4642 talia

497 4700 718 4762 elliciat,
744 4698 1068 4770 jampridem
1121 4711 1152 4750 a
1201 4696 1384 4758 nobis,
1409 4695 1504 4750 ubi
1537 4694 1606 4750 de
1635 4693 1920 4748 divinitate
1952 4693 2074 4762 ejus

497 4792 809 4848 testimonia
841 4790 1190 4861 protulimus,
1218 4788 1652 4842 demonstratum
1704 4793 1808 4848 est,
1835 4793 1889 4840 et
1941 4801 2078 4842 sane

497 4886 544 4942 si
575 4899 812 4956 unquam
861 4883 1017 4944 alias,
1049 4895 1196 4936 nunc
1247 4879 1481 4934 maxime
1539 4879 1858 4932 convenerit
1905 4877 2075 4932 Deum

495 4979 664 5054 us
715 4978 866 5032 illum
913 4977 1182 5042 conliteri,
1211 4971 1433 5045 quando
1463 4984 1519 5028 et
1547 4972 1746 5028 divinae
1777 4981 1832 5028 et
1887 4987 2078 5027 revera

499 5071 667 5129 Deum
702 5071 999 5142 complexa:
1031 5069 1254 5125 virtutis
1281 5069 1396 5139 jam
1447 5068 1607 5138 plane
1659 5081 1826 5136 opera
1879 5065 2069 5122 edidit.

497 5167 558 5222 Si
582 5167 802 5239 quidem
831 5167 1000 5220 unius
1043 5163 1136 5218 Dei
1169 5178 1270 5218 nec
1318 5162 1542 5216 alterius
1578 5169 1842 5232 praeterea
1885 5160 2074 5230 cujus-

485 5275 641 5344 'piam
691 5287 890 5327 munus
937 5271 1128 5334 fuerit,
1171 5268 1531 5324 corroborare
1581 5268 1904 5333 dissolutos,
1952 5269 2076 5324 vitae

497 5367 726 5422 reddere
781 5373 1050 5430 mortuos,
1111 5364 1354 5434 praebere
1393 5365 1624 5420 salutem
1654 5363 2072 5434 aegrotantibus,

493 5488 766 5529 caecorum
817 5473 1032 5544 aperire
1087 5472 1298 5536 oculos,
1357 5487 1628 5542 auresque
1677 5471 1807 5526 item
1873 5487 2070 5527 sanare

495 5580 810 5646 surdorum,
833 5590 890 5638 et
917 5579 1127 5651 erigere
1148 5581 1396 5646 claudos,
1419 5590 1472 5638 et
1493 5583 1733 5654 linguam
1753 5581 2068 5652 impeditam

601 5767 645 5798 ⁵⁵
685 5766 878 5824 Matth.
913 5781 1046 5834 vin,
1081 5767 1170 5821 27.
1287 5769 1331 5800 ⁸⁸
1370 5765 1517 5822 Psal.
1555 5781 1758 5834 uxin,
1799 5765 1983 5834 13,”.

493 5853 639 5894 xxxv
663 5879 677 5906 ,
710 5839 826 5895 3-5.

1200 378 1466 434 EUSEBII
1500 377 1981 435 CESABIENSlS
2017 379 2170 436 OPP.
2201 379 2386 436 PARS
2427 379 2490 435 ll.
2523 411 2597 424 —
2637 381 3150 438 APOLOGETICA.

3659 388 3742 449 ωε

2134 517 2181 572 Α
2212 496 2505 550 ἐπιϐαίνων
2539 498 2768 568 κύμασι,
2797 498 2890 550 καὶ
2920 496 3000 567 τῷ
3022 497 3262 550 κλύδωνι
3303 499 3396 550 καὶ
3431 501 3536 564 τοῖς
3563 501 3743 574 ἀνεμοις

2203 589 2470 661 ἐπιτιμῶν
2496 591 2937 662 ἀναγέγραπται·
2965 591 3052 643 ὅτε
3073 591 3173 643 καὶ
3206 592 3256 642 οἱ
3277 591 3504 659 ὁρῶντες
3527 595 3738 670 ἐξεπλήτ.

2201 699 2354 736 τοντο
2395 681 2678 750 λέγοντες·
2715 700 2736 732 ι
2773 681 3019 746 Ποταπός
3059 685 3212 735 ἐστιν
3256 679 3430 749 οὗτος,
3477 685 3552 738 ὅτι
3591 689 3670 741 καὶ
3703 691 3742 743 ιι

2201 771 2389 843 ἄνεμοι
2430 773 2525 825 καὶ
2563 773 2597 842 ἡ
2641 771 2885 826 Θάλασσα
2919 771 3066 842 αὐτῷ
3099 771 3409 836 ὑπακούεις
3447 793 3463 824 ι
3489 771 3553 844 ἦν
3587 776 3638 828 δὲ
3671 778 3743 831 καὶ

2201 864 2358 918 τοῦτο
2380 863 2539 918 ἄλλου
2565 865 2710 928 τινὸς
2747 862 2990 934 μείζονος
3021 864 3298 935 σύμϐολον
3338 867 3612 938 νοουμένης
3651 869 3743 923 ἐτέ-

2203 976 2304 1031 ρας
2347 958 2639 1030 θαλάσσης,
2679 962 2735 1012 ὲν
2837 957 3053 1026 λέγεται
3112 958 3340 1030 δράκων
3389 975 3471 1022 τις
3505 957 3643 1022 εἶναι,
3669 980 3744 1015 πε·

2201 1052 2495 1122 ποιημένος
2538 1049 3034 1120 ὲγκαταπαίζεσθαι
3077 1051 3188 1102 ὑπὸ
3240 1049 3354 1102 τῶν
3405 1051 3630 1119 ἀγγέλων
3669 1053 3740 1107 τοῦ

2199 1143 2355 1207 Θεοῦ,
2387 1143 2472 1213 ἐφ’
2505 1144 2571 1214 ἢν
2603 1143 2698 1196 καὶ
2736 1144 2906 1214 αὐτὴν
2939 1143 2968 1194 ὁ
3009 1143 3163 1212 Σωτὴ
3175 1159 3206 1214 ρ
3251 1142 3348 1194 καὶ
3393 1141 3582 1212 Κύριος
3616 1145 3741 1212 ἡμῶν

2199 1235 2674 1306 ἐμπεριπατήσας,
2714 1234 2812 1306 τὴν
2851 1234 3093 1305 κεφαλὴν
3133 1233 3232 1286 τοῦ
3283 1233 3466 1286 αὐτόθι
3503 1233 3740 1305 δράκοντος

2199 1327 2291 1380 καὶ
2337 1327 2446 1379 τῶν
2491 1325 2694 1379 λοιπῶν
2741 1326 3161 1398 ὑποϐεϐηκὸτων
3209 1326 3516 1398 δρακόντων
3564 1327 3736 1394 λέγεται

2199 1419 2632 1489 συντετριφέναι,
2661 1417 2802 1472 κατὰ
2827 1418 2887 1470 τό
2907 1435 2920 1447 ·
2959 1437 2978 1468 ι
3015 1418 3086 1471 Σὺ
3125 1417 3463 1480 συνέθλοισας
3489 1417 3578 1481 τὰς
3605 1435 3736 1483 κεφα-

2197 1508 2294 1572 λὰς
2321 1509 2429 1562 τῶν
2455 1509 2764 1581 δρακόντων
2795 1509 2888 1562 ἐπὶ
2915 1507 3009 1562 τοῦ
3049 1509 3265 1572 ὓδατος,
3295 1509 3390 1560 καὶ
3433 1510 3494 1562 σὺ
3529 1509 3736 1560 συνέθλι-

2200 1615 2298 1662 σας
2338 1599 2437 1662 τὰς
2487 1599 2726 1669 κεφαλὰς
2765 1599 2860 1653 τοῦ
2909 1601 3239 1672 δράκοντοςο
3294 1621 3312 1651 ι
3361 1601 3540 1669 σαφῶς
3584 1602 3736 1672 ἐτέρας

2196 1691 2492 1762 νοουμένης
2525 1690 2819 1761 θαλάσσης,
2857 1693 2982 1764 περὶ
3003 1689 3069 1759 ἧς
3101 1691 3268 1756 αὐτὸς
3303 1693 3460 1746 πάλιν
3492 1695 3544 1746 ἐν
3578 1691 3736 1764 ψαλμῷ

2198 1799 2392 1852 φησιν·
2428 1803 2444 1834 ι
2483 1779 2686 1837 Ἦλθον
2723 1785 2802 1846 είς
2845 1783 2912 1838 τὰ
2972 1783 3108 1854 βάθη
3151 1784 3256 1854 τῆς
3295 1783 3588 1852 θαλάσσης·
3621 1803 3636 1836 ι
3665 1782 3734 1836 καὶ

2129 1873 2168 1928 Β
2197 1873 2333 1944 πρὸς
2357 1873 2448 1928 τὸν
2483 1873 2602 1926 Ἰὼϐ
2632 1874 2700 1928 τὰ
2733 1875 2862 1945 περὶ
2904 1874 3098 1928 ἑαυτοῦ
3151 1875 3400 1940 διεξιών·
3434 1893 3451 1924 ι
3487 1871 3660 1935 Ἦλθες
3689 1873 3732 1926 δὲ

2197 1967 2288 2020 ἐπὶ
2333 1969 2516 2041 πηγὴν
2551 1968 2845 2040 θαλάσσης,
2912 1971 2970 2021 ἐν
3001 1967 3057 2021 δὲ
3099 1968 3308 2039 ἴχνεσιν
3351 1968 3574 2022 ἁδύσσου
3615 1983 3734 2037 περι-

2195 2059 2511 2131 επάτησας;
2559 2060 2861 2128 ἀνοίγονται
2904 2060 2962 2113 δέ
3011 2079 3092 2114 σοι
3144 2061 3300 2132 φόϐῳ
3345 2061 3501 2114 πύλαι
3527 2059 3728 2121 θανάτου,

2195 2151 2434 2222 πυλωροὶ
2453 2153 2509 2205 δὲ
2533 2151 2658 2223 ᾅδου
2697 2152 2896 2216 ἰδόντες
2934 2169 2991 2205 σε
3037 2151 3312 2223 ἔπτηξανς
3355 2173 3372 2203 ι
3407 2153 3624 2213 Εἰκότως
3659 2146 3728 2203 οὖν

2195 2244 2298 2295 κάν
2327 2243 2404 2313 τῷ
2437 2242 2555 2296 καθ’
2584 2245 2731 2314 ἡμᾶς
2765 2243 2864 2314 βίῳ
2897 2243 3088 2307 ἐπιϐὰς
3129 2247 3200 2316 τῇ
3240 2243 3498 2314 θαλάττῃ,
3537 2243 3615 2295 καὶ
3644 2243 3726 2302 τοῖς

2194 2332 2414 2404 ἀνέμοις
2439 2335 2770 2404 ἐπιτιμήσας
2794 2335 2889 2387 καὶ⁸
2911 2334 2986 2406 τῷ
3019 2333 3276 2400 κλύδωνι,
3307 2334 3374 2388 τὰ
3401 2332 3624 2404 σύμϐολα
3645 2330 3726 2382 τῶν

2193 2427 2644 2498 ἀπορρητοτέρων
2665 2427 2922 2481 ἐπιτελεῖ.

2207 2562 2260 2618 Ἀ
2271 2562 2349 2616 πὸ
2381 2561 2485 2616 τοῦ
2528 2561 2786 2617 Ἡσαΐου.
2821 2594 2890 2604 --
2933 2563 3072 2628 Περὶ
3113 2563 3236 2614 τῶν
3279 2559 3726 2614 ἐπιτελεσθέντων

2613 2632 2714 2688 ὑπ’
2747 2633 2934 2687 αὑτοῦ
2972 2631 3356 2700 παραδόξων.

2269 2743 2286 2775 ι
2339 2725 2822 2798 Ἰσχύσατε,χεῖρες
2855 2728 3157 2799 άνειμέναι,
3209 2730 3306 2782 καὶ
3347 2729 3543 2797 γόνατα
3585 2740 3720 2795 παρσ-

2189 2815 2488 2888 λελυμένα”
2513 2819 2931 2890 παρακαλέσατε
2969 2824 3016 2873 οι
3060 2821 3398 2892 ὀλιγόφυχοι,
3443 2821 3503 2889 τῇ
3540 2815 3718 2883 διανοίᾳ.

2193 2913 2468 2984 ἰσχύσατε,
2504 2916 2577 2986 μὴ
2596 2915 2871 2984 φοϐεῖσθε·
2895 2918 3004 2971 ἰδοὺ
3038 2921 3065 2971 ὁ
3085 2919 3224 2983 Θεὸς
3253 2919 3410 2991 ἡμῶν
3443 2917 3605 2988 κρίσιν
3623 2916 3718 2967 ἀντ-

2191 3001 2475 3055 αποδίδωσι
2501 3043 2515 3066 ,
2553 3005 2648 3056 καὶ
2687 3005 3073 3072 ἀνταποδώσει,
3118 3009 3283 3072 αὐτὸς
3333 3007 3448 3079 ἥξει
3481 3006 3564 3060 καὶ
3595 3003 3717 3056 σώσει

2190 3093 2354 3162 ἡμᾶς.
2414 3094 2546 3147 Τότε
2597 3096 3006 3168 ἁνοιχθήσονται
3062 3098 3335 3172 ὀφθαλμοὶ
3389 3097 3601 3167 τυφλῶν,
3649 3094 3718 3148 καὶ

2189 3179 2302 3238 ὦτα
2334 3187 2533 3255 κωφῶν
2568 3189 2886 3242 ἀκούσονται
2908 3207 2922 3220 '
2969 3192 3088 3244 τότε
3141 3191 3354 3246 άλεῖται
3393 3193 3465 3254 ὡς
3503 3189 3665 3258 ἔλαφος
3696 3186 3716 3236 ὁ

2191 3276 2380 3346 χωλὸς,
2427 3279 2520 3330 καὶ
2557 3280 2730 3352 τρανὴ
2781 3281 2931 3334 ἔσται
2977 3281 3198 3350 γλῶσσα
3255 3281 3561 3354 μογιλάλων.
3592 3299 3606 3330 ι
3636 3277 3718 3330 Καὶ

2189 3369 2391 3422 τούτων
2421 3369 2560 3440 ἔχεις
2591 3372 2648 3424 ἐν
2679 3375 2790 3435 τοῖς
2822 3373 3173 3443 Εὐαγγελίοις
3219 3375 3290 3428 τὰ
3329 3371 3712 3440 άποτελ.έσματα’

2188 3457 2374 3510 τούτου
2425 3459 2541 3529 μὲν,
2595 3461 2830 3532 ὁπηνίκα
2871 3463 2950 3534 τῷ
2997 3465 3209 3537 Σωτῆρι
3257 3467 3351 3519 καλ⁹
3393 3461 3566 3535 Κυρίῳ
3595 3456 3713 3530 ἡμῶν

2190 3550 2524 3620 προσέφερον
2553 3553 2924 3624 παραλυτικὸν
2966 3557 3056 3608 ἐπὶ
3091 3557 3282 3629 κλίνης
3325 3553 3642 3626 βεὸλημένον,
3669 3548 3714 3599 ὃν

2187 3643 2280 3694 καὶ
2307 3642 2435 3714 ὑγιῆ
2475 3643 2618 3715 λόγῳ
2665 3649 3054 3717 κατεστήσατο·
3097 3649 3290 3702 τούτου
3333 3649 3408 3708 δὲ,
3450 3647 3529 3699 ὅτε
3571 3637 3711 3714 μυρίοι

2185 3734 2372 3801 τυφλοὶ
2418 3737 2511 3788 καὶ
2553 3735 2955 3806 δαιμονιῶντες,
2990 3739 3069 3792 ἔτι
3115 3739 3223 3811 μὴν
3267 3739 3532 3808 διαφόροις
3575 3731 3712 3789 νόσοις

2185 3826 2278 3877 καὶ
2314 3825 2600 3895 μαλακίαις
2628 3829 3089 3900 καταπονούμενοι
3117 3831 3255 3904 πρὸς
3277 3831 3377 3900 τῆς
3405 3825 3553 3882 αὐτοῦ
3577 3836 3710 3888 σωτη-

2183 3917 2300 3987 ρίου
2330 3917 2608 3988 δυνάμεως
2629 3921 2734 3974 τῶν
2759 3921 2943 3974 παθῶν
2967 3923 3366 3994 ἀπηλλάττοντο
3385 3940 3397 3952 ·
3415 3921 3471 3974 οὗ
3493 3917 3584 3989 μὴν
3607 3909 3710 3966 ἀλλὰ

2183 4009 2276 4061 καὶ
2304 4011 2371 4062 δι’
2411 4005 2486 4063 ὧν
2519 4014 2683 4066 εἰσέτι
2723 4014 2818 4067 νῦν
2851 4014 2974 4068 καθ’
3016 4017 3142 4088 ὅλης
3179 4016 3282 4086 τῆς
3311 4010 3606 4082 οἰκουμένης
3634 4019 3708 4072 μυ·

2185 4099 2272 4170 ρία
2299 4101 2475 4174 πλήθη
2497 4104 2854 4174 πολυτρίποις
2881 4107 3080 4171 κακίας
3106 4107 3276 4161 εἴδεσι
3297 4103 3559 4175 δεδεμένα,
3579 4097 3714 4162 ἀγναν

2182 4193 2301 4258 σίας
2335 4211 2393 4246 τε
2425 4194 2518 4247 τοῦ
2567 4197 2658 4249 ἐπὶ
2691 4197 2910 4252 πάντων
2947 4197 3083 4252 ε’)εοῦ
3119 4199 3218 4262 τὰς
3264 4195 3436 4269 ψυχὰς
3465 4189 3705 4256 πεπληρω-

2182 4285 2338 4355 μένα,
2373 4286 2689 4356 θαυμασίως
2736 4291 2830 4343 καὶ
2867 4290 3006 4362 ὑπὲρ
3041 4294 3217 4345 πάντα
3245 4293 3398 4360 λόγον
3421 4289 3524 4349 τοῖς
3547 4281 3630 4350 τῆς
3649 4275 3705 4327 δι’

2177 4377 2474 4444 δασκαλίας
2521 4381 2687 4436 αὑτοῦ
2739 4383 3048 4452 φαρμάκοις
3103 4386 3248 4438 ἰᾶται
3303 4383 3391 4438 καὶ
3443 4367 3698 4446 θεραπεύει

2178 4470 2326 4542 Πλὴν
2351 4474 2432 4526 δτι
2457 4475 2550 4527 καὶ
2577 4474 2709 4538 Θεὸς
2735 4477 2792 4528 ὲν
2824 4477 3032 4540 τούτοις
3069 4479 3425 4550 ἀνηγόρευται
3460 4465 3583 4524 κατὰ
3613 4475 3704 4514 καις

2107 4585 2151 4640 υ
2184 4565 2294 4633 ρὸν,
2325 4565 2400 4630 ὡς
2441 4566 2506 4619 ἂν
2545 4568 2766 4621 τοιαῦτα
2811 4569 3067 4639 ἐνεργῶν,
3109 4570 3208 4642 ἤδη
3247 4569 3498 4642 πρότερον
3531 4553 3702 4630 ἡμῖνὲν

2181 4659 2303 4720 ταῖς
2333 4657 2459 4728 περὶ
2493 4659 2590 4728 τῆς
2623 4659 2874 4731 θεότητος
2905 4660 3068 4714 αὐτοῦ
3120 4660 3441 4734 μαρτυρίαις
3481 4645 3701 4706 ἀποδέδει-

2185 4763 2328 4802 κται.
2361 4749 2486 4800 Kai.‘
2509 4747 2711 4820 ἔπρεπέ
2746 4768 2807 4820 γε
2845 4751 2940 4806 νῦν
2977 4752 3127 4822 γοῦν,
3164 4733 3212 4806 εί
3243 4753 3334 4806 καὶ
3374 4747 3561 4803 ἄλλοτε,
3601 4733 3701 4787 Θεδν

2183 4839 2344 4893 αὐτὸν
2397 4841 2805 4912 ὁμολογεῖσθαι,
2869 4845 2951 4898 ὅτι
3011 4847 3102 4898 καὶ
3157 4847 3292 4918 ἔργα
3343 4839 3483 4902 θείας
3519 4831 3598 4887 καὶ
3643 4822 3700 4884 ὡς

2183 4933 2398 5004 άληθῶς
2451 4933 2632 4987 ἐνθέου
2704 4936 2985 5008 δυνάμεως
3044 4917 3399 4992 ἐπεδείκνυτο.
3451 4923 3569 4983 Θεοῦ
3617 4917 3699 5008 γὲρ

2187 5026 2347 5096 μόνου
2393 5022 2461 5097 ἦν
2510 5029 2599 5082 καὶ
2641 5029 2759 5083 οὐδὲ
2805 5031 2964 5085 ἄλλου
3020 5030 3282 5104 ρωννύναι
3337 5027 3430 5100 μὲν
3483 5007 3698 5088 παρειμέ·

2182 5135 2323 5183 νους’
2353 5117 2633 5188 ζωογονεῖν
2679 5121 2736 5174 δὲ
2779 5125 3020 5196 νεκροὺς.
3059 5123 3329 5194 σωτηρίαν
3369 5136 3425 5172 τε
3467 5102 3695 5196 ὰσθενοῦἐσι

2183 5213 2462 5283 παρέχειν,
2489 5213 2721 5282 ἀνοίγειν
2749 5234 2807 5269 τε
2831 5216 3142 5287 ὀφθαλμοὺς
3169 5214 3398 5286 τυφλῶν,
3425 5205 3508 5260 καὶ
3537 5204 3694 5287 κωφωγ

2180 5306 2441 5369 ὡσαύτως
2491 5307 2658 5371 ἀκοὰς
2715 5308 2923 5372 ἰᾶσθαι,
2971 5309 3178 5379 χωλούς
3231 5327 3290 5362 τε
3329 5297 3581 5376 ἀνορθοῦν,
3625 5281 3694 5335 καὶ

2179 5401 2306 5462 τοὺς
2329 5401 2426 5471 τὴν
2455 5401 2696 5469 γλῶτταν
2724 5400 3038 5472 δεδεμένους
3069 5401 3321 5466 εὐλάλους
3349 5379 3689 5473 ἁποκαθιπᾷῗ

2177 5493 2321 5564 ἅπερ
2355 5494 2567 5547 ᾶπαντα
2597 5493 2700 5546 ὑπὸ
2734 5493 2827 5546 τοῦ
2853 5495 3108 5566 Σωτῆρος
3137 5496 3290 5566 ἡμῶν
3311 5484 3474 5562 Ἰησοῦ
3503 5481 3690 5566 Χρισῖοξ

2177 5583 2509 5655 πέπρακται,
2538 5579 2624 5638 οἶα
2655 5584 2761 5638 ὑπὸ
2785 5584 2942 5650 Θεοῦ,
2969 5587 3062 5638 καὶ
3109 5573 3505 5657 μεμαρτύρηταί
3533 5582 3585 5636 γε
3609 5551 3688 5611 ὖπδ

3533 5745 3574 5778 u
3603 5739 3684 5792 ιω.

2093 5767 2139 5800 ⁸⁸
2173 5767 2318 5827 Psal.
2351 5782 2522 5823 vam
2549 5807 2562 5834 ,
2600 5767 2654 5822 5.
2762 5769 2805 5802 ⁸⁷
2845 5765 2949 5823 Job
2980 5781 3222 5831 uuln,
3261 5760 3436 5820 1641.
