3928 6516
126 402 229 457 697

1044 405 1701 466 DEMONSTRATIONIS
1742 408 2198 466 EVANGELICIE
2233 409 2363 465 LIB.
2394 408 2487 466 IX.

3296 408 3399 467 698

123 520 397 575 πλειόνων.
425 522 537 575 τῶν
568 524 694 578 καθ’
731 524 859 595 ὅλης
880 526 980 597 τῆς
1016 528 1341 599 οἰκουμένης
1369 529 1696 600 κηρυξάντωε

1822 529 2149 586 habentibus
2206 528 2514 584 facultatem
2566 526 2821 598 loquendi
2876 528 3212 592 restituere,
3267 546 3389 599 qua:

123 609 320 663 αὐτόν’
362 606 441 666 ὦν
478 615 542 667 τὸ
585 615 857 669 ἀπλαστον
893 619 988 671 καὶ
1031 618 1228 691 ἀληθὲς
1276 621 1377 691 τῆς
1424 622 1726 693 μαρτυρίας

124 702 426 757 πιστοῦται
461 706 495 775 ἡ
528 706 617 760 διὰ
646 707 894 778 βασάνων
928 712 1113 781 πεῖρα,
1150 712 1244 763 καὶ
1289 714 1321 781 ἡ
1362 712 1521 782 μέχρι
1562 714 1725 767 θανά-

121 810 209 845 του
244 793 529 860 ἔνστασις,
564 799 630 870 ἢν
658 801 747 853 ἐπὶ
778 800 1059 871 βασιλέων,
1087 804 1360 873 ἀρχόντων
1386 822 1443 856 τε
1477 805 1571 857 καὶ
1596 807 1725 875 ἠγε-

124 887 329 955 μόνων,
368 891 463 943 καὶ
501 891 638 943 ὅλων
676 891 842 945 ἐθνῶν
892 893 1244 959 ἐνεδείξαντο,
1277 898 1389 958 τοῖς
1421 895 1512 947 ὑπ’
1546 896 1722 949 αὐτῶν

121 982 558 1052 κηρυττομένοις
588 983 845 1053 ἀλήθειαν
889 986 1449 1057 ἐπιμαρτυρήσαντες.
1501 987 1722 1051 Τούτοις

119 1072 170 1124 δὲ
204 1074 401 1136 αὐτοῖς
435 1075 674 1146 ἠγοῦμαι
699 1079 810 1139 τοῖς
840 1077 1249 1146 εύαγγελισταῖς
1274 1078 1437 1132 αὐτοῦ
1466 1081 1558 1133 καὶ
1587 1080 1721 1132 ἀπο-

121 1163 329 1225 στόλοις
366 1166 661 1231 ἐπιφωνεῖν
697 1166 757 1218 τὸ
799 1167 1014 1236 πνεῦμα
1050 1169 1110 1221 τὸ
1146 1169 1480 1241 προφητικὸν
1510 1168 1578 1222 τά
1611 1169 1718 1223 ἀπὸ

118 1254 230 1319 τοῦ,
265 1274 284 1305 ι
334 1256 637 1325 ’1οχύσατε,
670 1261 850 1329 χεῖρες
885 1260 1182 1329 ἀνειμέναι,
1211 1262 1304 1313 xui.
1325 1261 1523 1329 γόνατα
1547 1277 1719 1331 παρα-

119 1346 415 1415 λελυμένα.
461 1367 479 1397 ι
533 1348 686 1400 Ἐπεὶ
720 1350 829 1421 γὰρ
858 1350 958 1413 τὰς
991 1355 1179 1422 χεῖρας
1217 1353 1308 1404 καὶ
1348 1352 1446 1414 τὰς
1478 1368 1711 1422 πρακτι-

117 1435 217 1499 κάς
248 1437 522 1507 δυνάμεις
552 1432 715 1502 οὗτοι,
756 1441 854 1504 τάς
888 1459 945 1494 τε
994 1441 1179 1511 βάσεις
1218 1443 1311 1495 καὶ
1349 1442 1446 1513 τὴν
1492 1443 1712 1514 πορείαν

114 1528 220 1582 ἀπὸ
273 1530 383 1599 τῆς
436 1533 655 1602 μακρᾶς
700 1534 947 1603 περιόδου
980 1535 1078 1605 τῆς
1126 1535 1265 1588 κατά
1300 1535 1390 1587 τὸν
1438 1537 1714 1599 Μωῦσὲως

115 1616 273 1683 νόμον
302 1617 568 1688 λατρείας
601 1620 959 1691 παρείθησαν,
982 1623 1263 1694 διεγείρων
1287 1625 1481 1687 αὐτους
1500 1625 1594 1677 ἐπὶ
1612 1626 1711 1697 τὴν

118 1706 250 1758 κατά
286 1706 353 1758 τὸ
387 1707 719 1775 Εύαγγέλιον
778 1710 1088 1765 πολιτείαν·
1133 1731 1149 1763 ι
1194 1713 1491 1783 Ἰσχύσατε,
1553 1716 1707 1785 φησὶ,

116 1802 295 1869 χεῖρες
356 1801 667 1870 ἀνειμέναι,
737 1802 833 1855 καὶ
862 1802 1060 1870 γόνατα
1095 1805 1534 1875 παραλελυμένα,
1579 1828 1597 1858 ι
1630 1809 1710 1870 είς

1825 620 2008 675 omnia
2042 618 2295 673 Salvator
2328 633 2392 673 ac
2426 617 2687 671 Dominus
2731 625 2917 671 noster
2958 615 3116 672 Jesus
3144 616 3396 673 Christus

1825 709 2223 764 admirabiliter
2255 709 2529 778 praestitit,
2571 716 2831 777 tanquam
2882 709 2929 761 is
2982 708 3075 777 qui
3131 723 3291 762 verus
3324 708 3397 762 sit

1824 800 1991 863 Deus,
2023 809 2077 856 et
2117 801 2229 855 haec
2274 801 2457 854 omnia
2500 801 2793 853 multorum
2835 801 3165 863 testimonio,
3199 800 3289 868 qui
3325 800 3394 852 il-

1823 894 1933 946 lum
1972 893 2026 946 in
2065 901 2179 947 toto
2212 894 2346 947 orbe
2382 893 2763 961 praedicarunt,
2810 890 2965 945 Iidem
3018 902 3389 961 acceperunt:

1820 1002 2051 1057 quorum
2084 986 2380 1041 testimonii
2404 994 2457 1039 et
2484 986 2885 1053 simplicitatem
2912 992 2966 1037 ct
2996 986 3271 1037 veritatem
3298 999 3394 1040 ex-

1821 1080 2053 1149 ploratio
2088 1093 2184 1147 per
2224 1085 2493 1131 tormenta
2526 1076 2832 1135 conlirmat,
2862 1084 2916 1128 et
2941 1090 3112 1143 usque
3143 1077 3207 1128 ad
3246 1092 3392 1129 mor-

1818 1180 1926 1227 tem
1960 1169 2205 1226 certandi
2243 1167 2668 1237 perseverantia,
2702 1181 2861 1232 quam
2914 1168 2967 1219 in
3008 1176 3301 1235 conspectu
3336 1172 3391 1221 et

1818 1279 2028 1334 regum,
2058 1270 2113 1315 et
2158 1259 2487 1329 principum,
2511 1266 2565 1312 et
2596 1257 2883 1326 prazsidnm
2934 1266 2986 1311 et
3014 1258 3386 1312 universarum

1816 1354 2061 1425 gentium
2121 1350 2511 1421 praestiterunt,
2550 1351 2677 1404 dum
2722 1364 2932 1411 eorum,
2965 1364 3085 1418 quae
3138 1350 3205 1402 ab
3252 1349 3385 1419 ipsis

1817 1442 2274 1515 praedicabantur,
2328 1441 2545 1495 veritati
2598 1440 2753 1494 [idem
2798 1439 2877 1494 sic
2936 1438 3159 1493 faciunt.
3215 1439 3385 1496 Porro

1814 1544 1996 1589 autem
2015 1533 2081 1587 ad
2110 1533 2211 1588 hos
2237 1534 2386 1603 ipsos
2405 1541 2458 1586 et
2481 1548 2539 1586 ev
2550 1532 2845 1601 angelistas
2867 1531 2986 1599 ejus
3008 1539 3060 1585 et
3086 1533 3381 1600 apostolos,

1813 1627 2065 1697 spiritum
2102 1625 2341 1678 arbitror
2377 1623 2671 1676 inclamare
2724 1622 3124 1691 propheticum,
3172 1636 3234 1675 ea
3264 1637 3385 1691 qua:

1811 1720 2068 1789 deinceps
2098 1724 2424 1787 sequuntur,
2459 1715 2529 1768 ab
2579 1715 2670 1768 illo
2710 1715 2830 1767 loco
2862 1732 2875 1767 :
2913 1732 2930 1763 ι
2982 1712 3379 1777 Convalescite,

1811 1826 2006 1866 manus
2030 1810 2293 1866 remissae.
2308 1817 2360 1862 et
2390 1822 2561 1869 genua
2585 1807 2869 1861 dissoluta.
2912 1826 2929 1856 ι
2960 1804 3093 1858 Nam
3125 1807 3381 1875 quoniam

118 1890 435 1959 ἑτοιμασίαν
470 1891 669 1964 δηλαδὴ
702 1892 796 1945 τοῦ
838 1893 980 1947 κατὰ
1020 1895 1081 1948 τὸ
1128 1895 1456 1964 Εὑαγγέλιον
1482 1898 1696 1967 δρόμου.

1809 1902 1862 1955 hi
1892 1910 1945 1955 et
1974 1900 2249 1961 manibus,
2281 1909 2335 1953 et
2360 1898 2567 1952 viribus
2602 1912 2721 1965 qua:
2776 1897 2841 1949 ad
2898 1886 3160 1966 agendum
3218 1899 3383 1965 perti-

125 1978 406 2050 ’ἰσχύσατε
451 1982 508 2035 δὲ
552 1986 643 2036 καὶ
689 1986 770 2047 είς
818 1985 880 2037 τὸ
927 1987 1266 2056 παρακαλεῖν
1310 1987 1559 2058 ἐτέρους,
1612 1990 1705 2042 καὶ

121 2076 407 2145 παρορμᾷν
439 2075 656 2145 ἔχεσθαι
687 2077 786 2148 τῆς
816 2077 1172 2150 εύαγγελικῆς
1221 2080 1512 2151 σωτηρίας,
1548 2081 1705 2150 ὑμεῖς

116 2169 159 2219 οί
190 2168 250 2220 τὸ
286 2169 421 2239 πρὶν
454 2168 786 2239 όλιγόψυχοι,
824 2172 917 2224 καὶ
956 2172 1026 2243 μή
1060 2190 1144 2235 τις
1177 2174 1320 2243 ὑμᾶς
1352 2174 1574 2245 αίρείτω
1604 2175 1701 2242 φό-

119 2257 202 2320 60;
229 2258 343 2311 τῶν
379 2259 579 2325 ἔξωθεν
612 2260 1018 2331 ἀνθισταμένων
1048 2261 1129 2333 τῷ
1163 2263 1499 2334 εύαγγελικῷ
1528 2263 1700 2335 κηρύ-

119 2362 308 2415 γματι·
364 2349 499 2402 ἀλλὰ
545 2350 639 2403 καὶ
691 2352 827 2422 πρὸς
876 2352 1098 2416 τούτους
1155 2354 1428 2423 ίσχύσατε,
1477 2357 1571 2408 καὶ
1626 2356 1698 2427 μὴ

122 2439 386 2505 φοϐεῖσθε.
442 2442 575 2506 Θεὸς
630 2443 739 2513 γάρ
788 2440 855 2515 ἦν
911 2446 1005 2497 καὶ
1061 2444 1195 2497 Θεοῦ
1244 2446 1433 2513 Λόγος,
1476 2446 1588 2499 ἀλλ’
1638 2449 1699 2500 οὐ

122 2533 337 2587 ὶίωῦσεῖ
381 2551 466 2597 τις
508 2536 905 2606 παραπλήσιος,
942 2535 1065 2587 ούδέ
1105 2553 1189 2598 τις
1233 2540 1346 2599 τοῖς
1395 2538 1699 2607 προφήταις

120 2625 311 2693 ὅμοιος,
338 2628 399 2679 ού
434 2626 609 2697 μόνων
635 2627 743 2680 τῶν
769 2626 1084 2697 παραδόξων
1116 2626 1344 2697 ποιητὴς
1378 2626 1695 2696 θαυμάτων,

122 2716 243 2769 ἀλλά
268 2719 363 2770 καὶ
391 2718 519 2789 ύμῖν
546 2719 726 2781 αὐτοῖς
758 2719 859 2788 τῆς
898 2717 1081 2787 ἰσχύος
1115 2718 1353 2786 γεγονὼς
1381 2718 1569 2781 αἴτιος.
1601 2718 1697 2770 Πί-

124 2823 227 2871 στις
249 2809 293 2862 δ’
325 2810 392 2862 ἂν
438 2811 647 2878 γένοιτο
686 2810 1055 2881 ὲναργεστάτη
1098 2809 1199 2879 τῆς
1232 2809 1323 2863 τοῦ
1357 2827 1697 2881 προφητευο-

126 2900 272 2968 μένου
305 2902 559 2973 Σωτῆρος
598 2902 756 2972 ἡμῶν
791 2902 971 2956 ἐνθέου
1020 2903 1319 2971 δυνάμεως,
1350 2902 1416 2954 δι’
1454 2899 1521 2973 ἦς
1560 2902 1693 2972 ἀλη-

123 2990 219 3054 θῶς
264 2993 469 3061 χωλοὺς
516 2994 608 3047 καὶ
663 2993 915 3061 τυφλοὺς,
960 2994 1054 3046 καὶ
1094 2992 1351 3064 λεπροὺς,
1411 2994 1503 3045 καὶ
1555 3009 1694 3063 παρ-

125 3084 354 3151 ειμένους
404 3086 593 3139 ίάσατό
649 3104 780 3139 ποτε
837 3086 1005 3157 λόγῳ,
1060 3086 1201 3139 κατὰ
1254 3084 1353 3150 τὰς
1406 3088 1533 3157 περ)⁸
1594 3087 1691 3139 αύ-

123 3175 202 3227 τοῦ
238 3178 490 3248 Γραφάς.
546 3181 579 3248 ἡ
632 3181 726 3231 xu".
770 3178 935 3231 εἰσέτι
995 3177 1087 3231 νῦν
1144 3178 1506 3250 ἐνεργουμένη
1555 3178 1690 3249 πρὸς

123 3266 210 3336 τῆς
255 3270 416 3323 αὑτοῦ
472 3270 725 3341 θεότητος
779 3269 901 3323 καθ’
946 3269 1073 3339 ὅλης
1119 3269 1219 3338 τῆς
1268 3266 1570 3340 ἀνθρώπων
1615 3271 1691 3321 oi-

126 3360 373 3431 κουμένης
419 3361 589 3432 ἀρετὴ
619 3400 633 3421 ,
686 3360 751 3412 δι’
792 3356 861 3432 ἦς
913 3360 1096 3421 αὐτοῖς
1153 3357 1334 3429 ἔργοις
1374 3357 1556 3421 όποῖός
1608 3376 1691 3422 τις

126 3440 181 3513 ἦν
222 3451 313 3503 καὶ
361 3450 516 3510 τότε,
569 3452 682 3512 τοῖς
732 3450 863 3512 οἵοις
913 3466 973 3502 τε
1022 3450 1249 3521 συνορᾷν
1295 3448 1686 3501 ἐπιδείκνυται·

126 3538 198 3591 ὅτε
222 3541 311 3594 καὶ
335 3541 427 3593 ἐπὶ
447 3540 722 3603 τοσούτοις
748 3540 884 3611 μετά
904 3539 1081 3593 ταῦτα
1108 3540 1320 3611 χρόνοις
1347 3539 1575 3611 διαρκὴς
1596 3540 1690 3593 καὶ

128 3633 385 3703 ἀνίκητος,
430 3635 520 3687 καὶ
564 3634 639 3697 ὡς
667 3634 883 3705 ἀληθῶς
909 3634 1044 3687 Θεοῦ
1074 3636 1263 3702 Λόγος,
1296 3636 1324 3687 ό
1354 3636 1489 3705 πρὸς
1526 3636 1689 3689 αὑτοῦ

130 3725 498 3794 καταγγελθεὶς
534 3726 935 3789 ἀποδείκνυται,
976 3726 1183 3789 πάντας
1218 3726 1691 3796 ὑπερϐαλλόμενος

128 3816 235 3878 τοὺς
262 3817 499 3888 ἀρχῆθεν
529 3817 622 3869 καὶ
656 3815 819 3886 μέχρι
848 3815 941 3868 τοῦ
974 3816 1068 3867 νῦν
1098 3817 1195 3887 τὴν
1218 3816 1564 3869 διδασκαλίαν
1589 3817 1687 3869 αύ-

130 3904 208 3957 τοῦ
236 3906 486 3976 πολεμεῖν
518 3907 1091 3978 παρεσκευασμένους,
1136 3908 1193 3974 ἐξ
1230 3909 1445 3979 ἀπάσης
1486 3926 1543 3962 τε
1589 3910 1689 3981 τῆς

129 3997 431 4069 οἰκοτμένης
463 3997 808 4068 ὑπαγόμενος
834 3998 1010 4069 ἐαυτῴ
1041 3998 1206 4070 μυρία
1237 3998 1434 4071 πλήθη,
1462 4002 1556 4055 xui.
1584 4001 1690 4054 πά-

134 4104 214 4156 σης
241 4092 333 4159 μὲν
360 4090 640 4160 ἁμαρτίας
674 4089 897 4143 καὶτῶν
925 4090 1066 4143 κατὰ
1092 4090 1269 4161 ψυχὴν
1299 4091 1483 4144 παθῶν
1508 4109 1566 4145 τε
1596 4094 1687 4147 καὶ

130 4184 426 4252 νοσημάτων
463 4184 589 4244 τοὺς
625 4180 774 4251 αὐτῷ
813 4181 1135 4252 προσιόντας
1172 4182 1554 4247 ἀπαλλάσσων,
1595 4186 1687 4238 ἐπὶ

130 4270 173 4323 δὲ
197 4276 285 4345 τὴν
309 4275 512 4345 εὐσεϐῆ
538 4274 886 4328 διδασκαλίαν
911 4274 1074 4328 αὑτοῦ
1105 4276 1211 4327 πᾶν
1234 4275 1387 4344 γένος
1423 4275 1685 4347 Ἑλλήνων

130 4367 205 4418 καὶ
254 4367 542 4439 βαρϐάρων
597 4368 1089 4439 προσκαλούμενος,
1141 4370 1369 4439 μυρίους
1417 4385 1475 4421 τε
1528 4370 1686 4433 ὅσους

130 4460 393 4528 προσάγων
422 4461 515 4513 ἐπὶ
542 4459 640 4530 τὴν
670 4460 763 4512 τοῦ
796 4461 956 4531 μόνου
988 4461 1081 4513 καὶ
1110 4459 1343 4530 ἀληθοῦς
1373 4459 1508 4513 Θεοῦ
1543 4460 1685 4529 γνῶ-

132 4563 216 4612 σιν,
236 4552 318 4603 ὲπί
348 4568 409 4604 τε
436 4552 527 4604 τὸν
556 4552 681 4623 ὑγιῆ
709 4553 802 4605 καὶ
828 4551 1079 4624 σώερρονα
1106 4551 1240 4622 βίον,
1264 4552 1321 4617 ὃς
1343 4551 1405 4623 δὴ
1432 4554 1525 4606 καὶ
1546 4554 1682 4625 πρέ·
1716 4592 1759 4645 D

130 4655 223 4695 πων
263 4646 345 4716 εἴη
379 4644 447 4699 ἂν
498 4644 797 4716 ἐπαγγελία
845 4644 1143 4717 θρησκείας
1186 4645 1279 4698 τοῦ
1332 4646 1421 4699 ἐπὶ
1467 4646 1685 4699 πάντων

129 4731 255 4789 Θεοῦ.
296 4731 465 4801 υῦτος
511 4737 569 4791 δὲ
606 4738 770 4800 αὐτὸς
798 4739 826 4790 ό
854 4737 987 4800 Θεὸς
1034 4737 1208 4808 ἡμῶν,
1253 4736 1349 4791 ἅτε
1403 4739 1683 4809 τυγχάνων

129 4822 236 4881 Θεοῦ
288 4830 483 4897 Λόγος,
539 4848 556 4879 ι
601 4828 818 4899 Κρίσιν,
884 4829 1067 4899 φησὶν,
1127 4828 1536 4891 ἀνταποδίδωσι,
1586 4828 1680 4880 καὶ

129 4916 487 4983 ὰνταποδώσει,
516 4920 677 4983 αὐτὸς
704 4920 822 4991 ἥξει
847 4923 939 4973 καὶ
967 4918 1128 4973 σώσει
1153 4921 1317 4989 ἡμᾶς.
1351 4939 1367 4970 ι
1399 4918 1552 4972 Κατά
1573 4917 1679 4989 γὰρ

128 5010 196 5062 τὸν
222 5012 431 5083 ψαλμὸν
467 5014 746 5082 φήσαντα·
795 5032 812 5062 ι
862 5012 919 5063 '0
949 5010 1080 5073 Θεὸς
1106 5050 1120 5073 ,
1166 5010 1227 5062 τὸ
1259 5009 1433 5081 κρῖμά
1466 5024 1559 5060 σου
1603 5009 1681 5077 τῷ

132 5097 309 5165 βασιλεῖ
332 5105 441 5168 δός,
472 5124 491 5156 ι
526 5107 619 5158 καὶ
643 5104 783 5158 κατά
802 5105 899 5176 τὴν
920 5102 1281 5174 εύαγγελικὴν
1314 5102 1676 5166 διδασκαλίαν,

128 5188 260 5265 δι’ἦς
292 5198 525 5269 εἴρηται·
562 5216 580 5247 ι
629 5197 685 5249 '0
726 5195 915 5265 Πατὴρ
954 5194 1125 5266 κρίνει
1160 5192 1369 5253 οὐδένα,
1414 5191 1549 5245 ἀλλά
1580 5192 1678 5263 τὴν

130 5287 279 5354 κρίσιν
302 5292 485 5342 πᾶσαν
514 5288 713 5342 δέδωκε
739 5287 815 5358 τῷ
840 5287 969 5357 Υἱῷ,
999 5308 1016 5337 ι
1046 5285 1196 5357 παρὰ
1223 5284 1315 5337 τοῦ
1343 5284 1555 5355 Πατρὸς
1578 5283 1675 5354 τὴν

130 5377 203 5429 τοῦ
228 5381 425 5450 κρίνειν
454 5380 693 5451 εἰληφὼς
722 5380 987 5445 ἐξουσίαν,
1014 5378 1330 5451 δικαιοσύνῃ
1355 5376 1574 5447 κρίνων,
1601 5375 1679 5447 τῷ

134 5468 211 5534 μὲν
240 5472 300 5526 ἐκ
326 5473 630 5545 περιτομῆς
659 5472 771 5543 λαῷ
799 5472 895 5541 τὴν
930 5472 1309 5543 προσήκουσαν
1342 5468 1450 5521 τῶν
1477 5470 1556 5532 είς
1581 5469 1678 5521 αὺ-

131 5560 200 5613 τόν
232 5580 285 5617 τε
311 5566 548 5628 καὶτοὺς
576 5563 738 5617 αὑτοῦ
768 5564 1051 5635 προφήτας
1081 5560 1498 5631 τετολμημένων
1525 5560 1679 5631 δίκην

132 5651 427 5721 ἀποδέδωκε,
476 5658 685 5720 πάντας
726 5656 783 5709 δὲ
826 5653 1159 5720 ἁπαξαπλῶς
1198 5652 1519 5725 ἀνθρώπους
1557 5653 1681 5715 τοὺς

133 5745 253 5817 αὑτῷ
274 5751 598 5821 προσιόντας
632 5748 689 5815 ἐξ
715 5748 827 5802 ἴσου
865 5745 1005 5799 κατά
1029 5746 1088 5798 τὸ
1110 5745 1316 5799 δίκαιον
1345 5744 1675 5799 ἀνεσώσατο·

136 5828 194 5889 ὧν
216 5840 274 5894 τὰ
291 5836 401 5897 ὦτα
417 5843 517 5914 τῆς
542 5832 782 5905 διανοίας
810 5839 904 5895 καὶ
931 5839 1056 5901 τοὺς
1080 5837 1394 5909 ὀφθαλμοὺς
1426 5837 1681 5907 ἀνέῳξεν.

1808 1996 1961 2053 nent,
1991 1997 2045 2041 et
2077 1987 2279 2056 plantis
2314 1986 2449 2056 ipsis
2478 1995 2529 2039 et
2555 1984 2796 2047 incessu,
2822 2000 2888 2037 ex
2924 1986 3081 2053 longo
3105 1984 3381 2038 adoratio-

1804 2080 1890 2135 nis
1940 2078 2240 2135 secundum
2294 2076 2585 2132 Mosaicam
2623 2076 2791 2145 legem
2848 2076 3080 2129 circuitu
3124 2076 3381 2146 elangue-

1804 2179 1949 2229 rant,
1983 2170 2383 2239 solutioresque
2408 2176 2715 2229 evaserant,
2742 2166 2944 2221 idcirco
2975 2170 3223 2225 excitans
3255 2171 3379 2227 illos

1802 2261 1869 2316 ad
1898 2262 2263 2332 evangelicam
2292 2262 2417 2317 vitat
2452 2260 2883 2314 institutionem:
2923 2277 2941 2309 ι
2978 2258 3374 2327 Convalescite,

1801 2354 1996 2423 inquit.
2048 2369 2244 2408 manus
2292 2354 2552 2415 remissm,
2589 2359 2643 2405 et
2676 2365 2849 2421 genua
2900 2338 3190 2416 dissoluta,
3236 2370 3254 2402 ι
3308 2353 3375 2406 ad

1800 2446 2137 2500 alacritatem
2161 2446 2418 2499 videlicet
2458 2443 2758 2513 evangelici
2806 2457 3021 2497 cursus.
3070 2442 3377 2497 Contirma-

1801 2539 1931 2592 mini
1963 2540 2127 2593 etiam
2164 2538 2229 2592 ad
2281 2538 2673 2599 exbortandos,
2714 2535 3185 2604 concitandosque
3214 2535 3371 2598 alios,

1799 2636 1859 2682 ut
1886 2631 2254 2699 evangelicam
2280 2630 2511 2684 salutem
2537 2629 2956 2698 amplectantur,
2983 2643 3102 2689 vos,
3126 2629 3369 2696 inquam,

1797 2723 1893 2789 qui
1938 2722 2089 2790 prius
2135 2720 2303 2775 eratis
2354 2721 2554 2789 pusillo
2605 2721 2808 2782 animo,
2872 2734 3045 2789 neque
3082 2720 3225 2773 ullus
3276 2734 3373 2774 vos

1795 2813 1974 2882 capiat
2032 2814 2193 2866 timor
2251 2829 2463 2877 eorum,
2511 2812 2602 2882 qui
2659 2813 2994 2891 extrinsecus
3051 2810 3374 2879 evangelicae

1796 2904 2171 2973 praedicationi
2209 2905 2477 2960 resistunt
2512 2924 2523 2958 :
2555 2919 2742 2957 verum
2779 2911 2971 2955 contra
3024 2902 3123 2954 hos
3151 2916 3371 2969 quoque

1795 2998 1963 3050 robur
1984 2997 2232 3066 accipite,
2255 3004 2309 3050 et
2342 3011 2410 3050 ne
2454 2996 2663 3049 timete.
2702 2993 2843 3048 Deus
2887 2994 3031 3047 enim
3074 3003 3157 3048 est
3190 3002 3242 3046 et
3276 2992 3368 3047 Dei

1794 3087 2057 3152 Verbum,
2096 3103 2205 3141 non
2236 3096 2417 3142 autem
2450 3086 2721 3156 quispiam
2773 3085 2907 3140 Mosi
2960 3086 3173 3151 similis,
3208 3099 3271 3138 ac
3301 3100 3370 3141 ne

1796 3184 1940 3236 ullus
1972 3181 2190 3251 quidem
2227 3180 2615 3251 prophetarum
2662 3178 2791 3234 huic
2820 3186 2903 3234 est
2945 3180 3367 3248 comparandus,

1795 3276 1885 3344 qui
1910 3290 2017 3328 non
2051 3275 2225 3330 solum
2258 3274 2526 3327 miracula
2577 3272 2842 3326 inusitata
2872 3271 3032 3325 edere
3060 3272 3365 3335 consuevit,

1793 3378 1985 3417 verum
2016 3364 2182 3418 etiam
2208 3362 2363 3416 vobis
2401 3362 2536 3431 ipsis
2563 3362 2744 3415 omnis
2787 3361 3122 3414 fortitudinis
3153 3369 3206 3415 et
3236 3377 3368 3415 con-

1792 3458 2009 3511 stantiae
2039 3464 2234 3509 auctor
2273 3453 2520 3509 exsistit.
2548 3454 2944 3523 Argumentum
2971 3469 3097 3506 vero
3126 3454 3370 3508 certissi-

1792 3562 1939 3600 mum
1976 3545 2141 3599 fuerit
2163 3545 2365 3599 divinae
2394 3544 2537 3611 ejus,
2564 3557 2724 3610 quem
2774 3543 3049 3612 prophetae
3079 3550 3365 3596 venturum

1791 3639 2115 3692 nuntiarunt
2169 3634 2472 3689 Salvatoris
2507 3634 2681 3686 nostri
2711 3634 2954 3695 virtutis,
2992 3648 3085 3701 per
3114 3648 3272 3701 quam
3309 3650 3366 3688 re

1790 3744 1917 3783 vera
1955 3735 2008 3781 et
2040 3728 2290 3788 claudos,
2332 3735 2384 3780 et
2437 3742 2631 3789 caecos,
2690 3737 2741 3779 et
2794 3725 2959 3793 lcpris
3012 3722 3262 3787 infectos,
3312 3734 3366 3777 et

1791 3820 2049 3875 membris
2081 3818 2400 3880 dissolutos.
2432 3819 2621 3883 verbo,
2658 3826 2720 3871 ut
2751 3815 3045 3885 Scriptura:
3070 3831 3189 3885 qua:
3209 3817 3276 3871 de
3301 3818 3366 3870 il-

1790 3912 1843 3965 lo
1887 3918 2107 3967 exstant
2159 3909 2317 3963 [idem
2363 3909 2591 3972 faciunt,
2648 3908 2942 3978 aliquando
2974 3908 3269 3968 sanaverit.
3299 3923 3363 3962 ea

1790 4020 1910 4075 qua:
1936 4003 2100 4057 etiam
2129 4018 2277 4056 nunc
2299 4001 2592 4056 eﬂicaciam
2624 4015 2777 4055 suam
2812 4016 2875 4054 ex
2908 4000 3054 4055 illius
3077 3999 3364 4053 divinitate

1790 4097 1844 4151 in
1890 4106 2026 4159 toto,
2058 4097 2151 4166 qui
2186 4098 2255 4151 ab
2303 4096 2618 4149 hominibus
2651 4094 2910 4147 incolitur
2934 4093 3086 4157 orbe,
3119 4093 3364 4148 ostendit

1788 4191 1987 4253 virtus,
2018 4204 2115 4259 per
2163 4205 2326 4259 quam
2362 4188 2528 4243 rebus
2572 4186 2708 4256 ipsis
2736 4196 2789 4241 et
2820 4185 2979 4240 factis
3010 4188 3188 4256 qualis
3235 4195 3363 4241 tunc

1787 4295 2008 4348 quoque
2042 4280 2205 4334 fuerit
2236 4280 2325 4342 iis,
2361 4280 2453 4349 qui
2492 4278 2691 4332 intueri
2728 4287 2979 4347 possunt,
3014 4278 3361 4332 ostenditur:

1786 4369 2193 4445 mquando
2228 4370 2280 4424 in
2333 4381 2440 4424 tam
2490 4370 2691 4422 multos
2741 4384 2914 4423 annos
2946 4375 3066 4437 post
3110 4370 3197 4421 illa
3241 4382 3365 4436 quae

1788 4467 1993 4534 scripta
2030 4472 2157 4519 sunt
2190 4463 2351 4517 durat
2383 4462 2637 4522 invictus,
2671 4469 2724 4515 et
2768 4475 2958 4513 revera
2993 4458 3084 4511 Dei
3125 4456 3361 4512 Verbum

1788 4574 1930 4621 esse,
1965 4556 2110 4626 quod
2141 4556 2209 4609 ab
2237 4556 2355 4625 ipso
2386 4553 2767 4608 denuntiatum
2787 4557 2891 4611 est,
2933 4549 3360 4613 demonstratur,

1789 4654 1977 4715 utpote
2005 4645 2149 4716 quod
2193 4660 2384 4699 omnes
2410 4644 2522 4713 jam
2558 4643 2771 4701 vicerit.
2810 4641 3123 4710 quicunque
3149 4640 3218 4692 ab
3255 4638 3362 4692 ini-

1788 4734 1864 4786 tio
1915 4733 1971 4786 in
2016 4737 2161 4787 hunc
2211 4747 2386 4801 usque
2435 4730 2577 4783 diem
2626 4727 2932 4781 doctrinam
2972 4726 3143 4796 ipsius
3191 4741 3364 4796 oppu-

1786 4838 1953 4892 gnare
1991 4824 2175 4877 conati
2218 4824 2347 4887 sint,
2385 4828 2438 4877 et
2469 4836 2535 4875 ex
2583 4820 2841 4873 universo
2881 4818 3013 4872 orhe
3045 4818 3361 4871 innumera-

1786 4914 1923 4969 biles
1954 4921 2258 4969 conventus
2290 4912 2353 4967 ad
2405 4913 2647 4982 seipsum
2694 4910 2914 4965 assidue
2962 4909 3165 4971 trahat,
3210 4917 3265 4963 et
3294 4910 3363 4963 ab

1788 5007 1933 5060 omni
1964 5016 2208 5076 peccato,
2244 5006 2608 5075 omnibusque
2640 5005 2806 5058 animi
2850 5011 2903 5059 et
2935 5013 3361 5073 perturoauom-

1787 5099 1891 5152 bus
1925 5109 1979 5151 et
2009 5099 2214 5152 morbis
2257 5113 2353 5152 eos
2425 5099 2518 5167 qui
2562 5097 2627 5151 ad
2671 5112 2729 5151 se
2760 5096 3113 5156 accesserint.
3148 5094 3361 5158 liberet,

1784 5198 1840 5242 et
1896 5188 1965 5241 ad
2014 5189 2349 5258 religiosam,
2412 5188 2666 5256 piamque
2720 5187 3028 5240 doctrinam
3085 5198 3246 5237 omne
3308 5189 3365 5238 et

1786 5278 2099 5333 Graecorum
2143 5286 2197 5331 et
2247 5277 2602 5331 barbarorum
2641 5292 2811 5347 genus
2861 5277 3073 5337 invitet,
3116 5274 3364 5327 innume-

1785 5372 2097 5439 rabilesque
2150 5369 2217 5421 ad
2264 5370 2427 5421 unius
2467 5370 2691 5437 verique
2742 5366 2834 5421 Dei
2881 5366 3266 5436 cognitionem,
3308 5374 3363 5420 et

1787 5478 1981 5519 sanum
2034 5478 2098 5516 ac
2138 5460 2477 5514 moderatum
2510 5459 2728 5512 vivendi
2762 5460 3071 5512 institutum
3103 5457 3358 5515 adducat;

1801 5552 2255 5625 quemadmodum
2292 5552 2545 5607 videlicet
2576 5568 2697 5605 eum
2747 5554 2956 5615 deceat,
2986 5551 3079 5620 qui
3118 5549 3359 5620 supremi

1789 5647 1883 5703 Dei
1921 5646 2127 5701 cultum
2175 5644 2511 5711 profiteatur.
2545 5642 2849 5710 Quinetiam
2900 5644 2986 5698 hic
3033 5643 3174 5699 idem
3214 5643 3359 5700 Deus

1791 5751 1995 5801 noster,
2022 5746 2281 5806 tanquam
2314 5739 2361 5790 is
2384 5736 2475 5806 qui
2500 5738 2571 5791 sit
2605 5734 2693 5789 Dei
2719 5734 2978 5799 Verbum,
3018 5754 3036 5786 ι
3063 5734 3352 5805 judicium,

1794 5836 1991 5905 inquit,
2044 5833 2223 5889 reddit
2273 5841 2327 5887 et
2358 5831 2569 5898 reddet,
2623 5832 2738 5902 ipse
2783 5830 2961 5887 veniet
3014 5837 3068 5885 et
3117 5828 3356 5885 servabit
