3928 6514
589 371 692 427 699

1198 369 1468 428 BUSEBII
1505 366 1992 426 CESARIENSIS
2027 365 2180 423 OPP.
2223 365 2402 423 PARS
2443 365 2506 424 ll.
2537 397 2606 408 --
2645 363 2964 422 APOLOGE
2981 363 3146 420 I'ICA.

3741 365 3842 416 ’Πξθ

591 506 715 546 nos.
753 509 771 542 ι
805 487 939 544 Nam
969 495 1028 544 ut
1059 499 1144 545 est
1185 489 1240 544 in
1275 491 1504 560 psalmo,
1553 487 1796 560 qui'ait:
1829 505 1848 538 ‹
1879 487 2044 552 Deus,
2069 485 2130 556 ju

2259 484 2351 537 Διὸ
2377 485 2578 538 καὶτὸν
2603 485 2790 556 καιρὸν
2811 485 2913 554 τῆς
2939 483 3238 556 παρουσίας
3261 481 3448 548 αὐτοῦ,
3472 480 3666 552 καιρὸν
3687 481 3841 532 ἀντα-

593 583 796 637 dicium
845 589 996 634 tuum
1045 580 1156 652 regi
1205 579 1272 634 da
1293 581 1361 645 ⁸³,
1393 601 1412 632 ι
1469 587 1640 650 utque
1681 589 1766 634 est
1807 579 1862 632 in
1912 577 2162 632 doctrina

592 671 926 741 evangelica,
961 671 1018 724 in
1055 685 1162 739 qua
1209 669 1343 724 illud
1388 671 1597 725 dictum
1645 679 1726 724 est
1760 689 1772 724 :
1805 688 1824 720 ι
1855 667 2018 722 Pater
2051 683 2160 722 non

587 763 798 833 judicat
817 761 1147 830 quempiam,
1163 761 1257 816 sed
1270 761 1710 832 omnejudicium
1730 759 1876 815 dedit
1899 759 2038 816 Filio
2054 760 2121 824 “,
2135 778 2153 812 ι

591 863 812 928 accepta
855 871 886 909 a
912 855 1073 910 Patre
1097 855 1382 924 judicandi
1419 861 1706 925 potestate.
1732 854 1862 908 dum
1893 855 2042 923 juste
2067 856 2159 925 juv

588 948 755 1012 dicat,
789 947 988 1018 populo
1015 947 1236 1016 quidem
1265 947 1330 1001 ad
1355 947 1830 1002 circumcisionem
1865 947 2154 1017 spectanti,

587 1054 690 1109 pro
719 1039 786 1094 iis
813 1055 935 1108 quae
959 1046 1014 1094 et
1045 1039 1100 1092 in
1135 1039 1378 1108 seipsum
1404 1045 1458 1093 et
1491 1039 1547 1092 in
1569 1039 1860 1108 prephetas
1883 1055 2014 1094 suos
2035 1040 2154 1095 ausi

586 1137 737 1194 sunt,
769 1137 1046 1194 meritum,
1083 1129 1522 1198 conveniensque
1546 1130 1872 1198 supplicium
1907 1134 2156 1200 assigna-

581 1221 681 1286 vit,
713 1237 904 1275 omnes
940 1229 1118 1273 autem
1153 1219 1400 1282 omnino,
1434 1219 1528 1288 qui
1569 1220 1636 1274 ad
1675 1224 1850 1289 ipsum
1907 1235 2155 1274 accesse-

583 1321 712 1367 runt
741 1313 991 1367 homines
1019 1327 1081 1366 ex
1117 1326 1273 1380 sequo
1305 1318 1364 1364 ut
1384 1311 1594 1380 justum
1624 1319 1728 1376 est,
1763 1313 2108 1367 conservavit
2135 1329 2150 1366 :

583 1420 815 1476 quorum
849 1405 1035 1474 utique
1073 1412 1126 1457 et
1165 1417 1326 1457 aures
1361 1411 1414 1457 et
1459 1403 1650 1458 oculos
1683 1405 1882 1459 mentis
1915 1407 2148 1474 aperuit.

580 1496 852 1563 Quocirca
887 1505 1104 1565 tempus
1147 1494 1293 1548 illius
1329 1493 1612 1556 adventus,
1661 1501 1876 1564 tempus
1911 1496 2152 1550 retribu-

581 1587 746 1641 tionis
777 1586 1020 1638 divinum
1053 1591 1208 1638 vocat
1245 1584 1550 1646 oraculum,
1595 1584 1740 1654 quod
1781 1585 1836 1638 in
1864 1585 1986 1640 aliis
2021 1585 2150 1640 item

579 1682 660 1735 sic
684 1680 758 1732 ait
788 1697 800 1733 :
833 1697 852 1730 ‹
885 1676 1092 1731 Vocare
1113 1691 1316 1730 annum
1347 1675 1560 1730 Domini
1597 1683 1902 1745 acceptum,
1929 1685 1983 1732 et
2005 1677 2149 1732 diem

577 1770 960 1827 retributionis
985 1771 1050 1823 ἰ.
1087 1789 1103 1819 ι
1133 1765 1306 1823 Porro
1328 1768 1431 1822 hoc
1467 1768 1568 1822 fuit
1597 1769 1975 1824 retributionis
2007 1777 2148 1824 tem-

2265 577 2536 640 ποδόσεως
2557 580 2584 630 6
2611 577 2750 641 θεῖος
2775 575 3041 630 ἀποκαλεῖ
3065 575 3240 644 λόγος,
3267 576 3324 628 ἐν
3357 575 3564 646 ἑτέροις
3597 573 3834 642 φάσκων⁶

2267 687 2287 720 ι
2315 669 2554 722 Καλέσαι
2581 668 2823 722 ἐνιαυτὸν
2847 667 3052 739 Κυρίου
3077 667 3285 731 δεκτὸν,
3319 667 3414 719 καὶ
3435 665 3654 736 ἡμέραν
3679 665 3837 716 ἀνταιο

2262 757 2550 820 ποδόσεως.
2587 777 2608 808 ι
2645 751 2814 820 Οὗτος
2853 757 2910 808 δὲ
2946 751 3015 827 ἦν
3052 755 3246 826 καιρὸς
3277 756 3376 826 τῆς
3409 753 3832 818 ἀνταποδόσεως,

2261 846 2354 898 καὶ
2385 845 2505 900 καθ’
2536 846 2594 899 ὃν
2627 849 2735 900 πᾶν
2783 842 2920 918 αἷμα
2965 845 3196 916 ἐκχυθὲν
3243 845 3350 898 ἀπὸ
3391 846 3630 916 αἵματος
3679 845 3828 897 Ἀδελ

2258 937 2362 1001 ἕως
2387 938 2614 1008 αἵματος
2649 937 2937 1008 Ζαχαρίου,
2987 939 3080 990 καὶ
3125 936 3288 990 αὐτοῦ
3321 953 3386 1004 γε
3417 935 3511 988 τοῦ
3543 936 3734 1006 τιμίου
3757 939 3832 989 αἴ-

2261 1047 2430 1100 ματος
2481 1028 2674 1101 Ἰησοῦ,
2712 1029 3046 1100 ἐκδεδίκηται
3083 1027 3191 1082 ἀπὸ
3231 1028 3332 1098 τῆς
3371 1029 3568 1096 γενεᾶς
3611 1028 3721 1080 τῶν
3761 1031 3832 1092 εἰς

2256 1121 2419 1174 αὑτὸν
2453 1119 3019 1191 πεπλημμεληκότων,
3059 1119 3136 1182 ὼς
3159 1119 3218 1184 ἐξ
3243 1118 3454 1171 ἐκείνου
3487 1118 3582 1172 τὸν
3617 1119 3828 1188 ἔσχατον

2255 1213 2451 1276 αὐτοὺς
2488 1213 2776 1282 ὑπομεῖναι
2820 1211 3060 1282 ὄλεθρον,
3101 1211 3196 1263 καὶ
3225 1211 3324 1282 τὴν
3353 1210 3594 1280 ἐσχάτην
3621 1211 3826 1280 πολιορ-

2255 1306 2401 1359 κίαν,
2433 1305 2540 1358 Καὶ
2572 1306 2604 1374 ἡ
2643 1304 2740 1374 μὲν
2774 1303 2890 1356 κατ’
2915 1303 3154 1366 ἐκείνους
3181 1301 3357 1374 κρίσις
3375 1303 3636 1374 τοιαύτην
3657 1304 3826 1372 ἐποιῆ-

2255 1416 2385 1452 σατο
2418 1399 2538 1451 κατ’
2577 1396 2754 1448 αὐτῶν
2789 1397 2886 1467 τὴν
2925 1395 3298 1450 ἀνταπόδοσιν·
3326 1395 3406 1448 διὸ
3439 1413 3606 1465 φησιν
3641 1397 3674 1466 ἡ
3705 1412 3824 1466 προ-

2253 1491 2469 1561 φητείαο
2497 1508 2514 1539 ι
2557 1490 2686 1542 Ἰδοὺ
2712 1491 2740 1542 6
2763 1489 2894 1550 Θεὸς
2918 1487 3074 1559 ἡμῶν
3093 1487 3272 1558 κρίσιν
3297 1487 3692 1540 ἀνταποδίδωσι
3743 1489 3822 1540 καὶ

2252 1579 2639 1635 ἀνταποδὼσει.
2678 1601 2695 1631 ι
2737 1581 2802 1632 Ἦ
2843 1580 2900 1633 δὲ
2925 1579 3056 1651 περὶ
3085 1579 3194 1632 τῶν
3223 1578 3288 1631 δι’
3321 1579 3488 1632 αὑτοῦ
3519 1579 3822 1650 σωθησομέ⁴

2251 1691 2356 1727 νων
2385 1673 2512 1744 ἐξῆς
2543 1672 2795 1742 δηλοῦται
2835 1671 2924 1724 διὰ
2955 1670 3048 1724 τοῦ
3069 1689 3080 1700 ·
3114 1691 3132 1722 ι
3161 1671 3332 1735 Αὐτὸς
3367 1671 3508 1741 ἥξει,
3541 1673 3642 1724 καὶ
3673 1671 3818 1724 σώσει

2251 1767 2416 1837 ἡμεῖς.
2446 1765 2580 1820 Τότε
2609 1763 3016 1836 ἁνοιχθήσονται
3042 1763 3311 1834 ὀφθαλμοὶ
3336 1763 3578 1833 τυφλῶν,
3607 1765 3702 1818 καὶ
3719 1759 3820 1819 ὦτα

577 1881 700 1936 pus,
745 1864 800 1917 in
839 1877 946 1932 quo
1003 1863 1180 1917 omnis
1231 1861 1516 1932 sanguinis
1563 1859 1744 1924 eil'usi,
1796 1876 1826 1914 a
1879 1861 2133 1932 sanguine

2249 1858 2448 1926 κωφῶν
2493 1857 2838 1920 ἀκούσονται,
2883 1876 2902 1910 ι
2936 1857 3030 1910 καὶ
3062 1855 3131 1909 τὰ
3173 1856 3318 1925 ἐξῆς.
3369 1855 3586 1926 Ταύτην
3633 1857 3690 1909 δὲ
3731 1858 3816 1926 τὴν

575 1951 730 2014 Abel,
773 1965 946 2020 usque
993 1950 1060 2002 ad
1113 1949 1436 2020 sanguinem
1489 1948 1796 2018 Zachariae,
1848 1957 1902 2005 et
1964 1951 2144 2020 ipsum

575 2041 878 2110 pretiosum
925 2040 1248 2110 sanguinem
1297 2039 1450 2102 Jesu,
1482 2041 1619 2096 ultio
1669 2049 1888 2112 sumpta
1935 2051 2040 2106 est,
2093 2049 2148 2097 et

557 2127 900 2202 'supplicium
948 2132 1016 2186 de
1050 2132 1266 2185 illorum
1315 2133 1555 2195 natione,
1608 2134 1702 2204 qui
1735 2134 1790 2187 in
1824 2133 1974 2188 illum
2017 2149 2148 2204 pec-

570 2233 854 2290 caverunt,
887 2241 1058 2294 usque
1087 2225 1243 2288 adeo,
1281 2233 1340 2279 ut
1369 2242 1432 2281 ex
1481 2227 1573 2281 illo
1615 2239 1916 2282 extremum
1955 2227 2146 2282 interi-

573 2323 686 2370 tum
713 2327 1122 2389 extremamque
1142 2323 1502 2376 vastationem
1531 2320 1873 2388 pertulerint.
1903 2319 1967 2373 Et
1995 2319 2142 2390 quod

567 2410 786 2480 quidem
831 2411 898 2466 ad
945 2413 1068 2467 illos
1109 2414 1342 2482 pertinet
1390 2411 1685 2480 judicium,
1729 2413 1896 2466 talem
1949 2421 2141 2466 contra

567 2501 691 2557 illos
725 2503 1134 2559 retributionem
1175 2505 1422 2557 molitum
1459 2511 1543 2556 est
1569 2521 1582 2555 :
1610 2519 1673 2557 ex
1713 2519 1823 2572 quo
1851 2503 2138 2573 prephetia

567 2593 648 2648 sic
679 2595 752 2647 ait
779 2614 792 2648 :
822 2613 840 2644 ι
871 2595 1010 2650 Ecce
1038 2594 1177 2650 Deus
1209 2603 1398 2649 noster
1420 2592 1688 2662 judicium
1725 2595 1904 2648 reddit
1935 2601 1991 2649 et
2017 2593 2141 2648 red-

563 2685 676 2740 det.
713 2704 731 2737 ι
789 2670 942 2752 Quod
991 2703 1120 2742 vero
1165 2687 1232 2742 ad
1277 2687 1398 2740 illos
1444 2693 1687 2756 spectat,
1742 2689 1835 2756 qui
1887 2688 2139 2746 servandi

562 2785 712 2841 sunt,
747 2777 800 2831 in
847 2780 1207 2848 sequentibus
1237 2779 1534 2842 indicatur,
1583 2779 1692 2832 illis
1723 2780 1945 2834 verbis:
1972 2797 1990 2830 ι
2019 2781 2140 2850 Ipse

562 2867 764 2931 veniet,
796 2876 850 2921 et
880 2869 1120 2923 servabit
1155 2883 1256 2923 nos
1285 2886 1297 2921 :
1327 2875 1458 2922 tunc
1506 2867 1821 2938 aperientur
1849 2867 1993 2921 oculi
2027 2881 2134 2922 ete-

561 2969 775 3018 corum,
811 2963 864 3010 et
906 2971 1066 3011 aures
1100 2957 1390 3010 surdorum
1435 2957 1676 3020 audient,
1716 2975 1733 3008 ι
1771 2964 1824 3012 et
1875 2971 1998 3026 quae
2044 2971 2132 3012 se-

2251 1949 2518 2020 σωτήριον
2570 1950 2750 2020 κρίσιν
2797 1949 2890 2002 καὶ
2939 1947 3076 2019 άλλη
3126 1949 3430 2020 προφητεία
3473 1947 3704 2012 ἐξοίσειν
3739 1949 3814 2002 τὸν

2248 2041 2482 2113 Χριστὸν
2503 2042 2892 2110 ἐπαγγέλλεται
2927 2043 3228 2112 φάσκουσα·
3263 2061 3282 2092 ι
3321 2041 3450 2095 Ἰδοὺ
3483 2044 3514 2094 6
3539 2045 3668 2106 παῖς
3701 2061 3809 2113 μου,

2249 2134 2610 2205 ἀντιλήψομαι
2635 2135 2818 2188 αὐτοῦ·
2851 2135 2880 2186 ὁ
2915 2134 3167 2198 ἐκλεκτός
3191 2151 3316 2203 μου,
3344 2135 3706 2206 προσεδέξατο
3723 2137 3808 2188 αύ-

2245 2227 2336 2280 τὸν
2357 2229 2389 2298 ἡ
2421 2227 2564 2297 ψυχή
2603 2244 2722 2298 μου·
2755 2227 2932 2298 κρίσιν
2957 2229 3070 2291 τοῖς
3097 2227 3305 2280 ἔθνεσιν
3329 2227 3544 2294 ἐξοίσει,
3581 2248 3600 2278 ι
3625 2231 3712 2282 Διὸ
3729 2229 3808 2282 καὶ

2246 2318 2378 2388 περὶ
2405 2317 2498 2370 τοῦ
2525 2318 2692 2387 λόγου
2725 2318 2823 2388 τῆς
2855 2318 3048 2388 καινῆς
3077 2317 3350 2390 Διαθήκης
3381 2317 3616 2390 εἴρηται·
3659 2337 3676 2370 ι
3727 2319 3806 2371 Ἐκ

2243 2408 2350 2480 γὰρ
2397 2407 2533 2462 Σιὼν
2579 2407 2920 2475 ἐξελεύσεται
2968 2411 3152 2480 νόμος,
3196 2411 3290 2463 καὶ
3330 2409 3490 2478 λόγος
3530 2411 3730 2480 Κυρίου
3755 2407 3804 2474 ἐξ

2253 2500 2626 2572 Ἰερουσαλὴμ,
2647 2501 2739 2553 καὶ
2765 2503 2941 2572 κρινεῖ
2965 2500 3066 2554 ἀνά
3095 2501 3258 2572 μέσον
3283 2501 3390 2555 τῶν
3423 2501 3614 2555 ἐθνῶν.
3639 2522 3658 2554 ι
3683 2503 3800 2570 Κρί-

2241 2610 2322 2646 σει
2355 2593 2464 2664 γάρ
2495 2593 2616 2664 θείᾳ
2661 2594 2752 2646 καὶ
2791 2593 2968 2662 λόγοις
3014 2595 3144 2664 ἡμῖν
3175 2595 3454 2666 ἀρρήτοις,
3496 2596 3592 2649 καὶ
3617 2595 3685 2648 τὰ
3713 2594 3800 2662 τῆς

2237 2683 2480 2756 κλήσεως
2513 2685 2624 2738 τῶν
2671 2687 2754 2748 εἰς
2795 2685 2956 2739 αὑτὸν
2995 2685 3430 2757 ἐπιστρεφόντων
3471 2687 3620 2750 εἰκὸς
3655 2687 3796 2740 αὑτὸν

2235 2777 2497 2849 ἐνεργεῖν.
2541 2777 2700 2830 Ἀλλά
2732 2779 2828 2831 καὶ
2854 2779 2950 2847 τὴν
2979 2777 3128 2830 θείαν
3156 2778 3422 2832 διδάσκων
3443 2780 3594 2850 ἡμᾶς
3615 2781 3794 2850 κρίσιν,

2237 2870 2330 2922 καὶ
2357 2869 2530 2922 πάντα
2551 2869 2889 2942 κεκριμένως
2915 2871 3062 2940 ἡμᾶς
3095 2871 3351 2943 πράττειν
3377 2871 3668 2936 παιδεύων,
3687 2870 3792 2942 κρί-

2241 2975 2324 3012 σιν
2351 2961 2463 3023 τοῖς
2495 2959 2698 3014 ἔθνεσιν
2732 2960 2958 3025 ἐξοίσειν
2990 2961 3224 3030 λέγεται.

561 3055 826 3116 quuntur.
851 3047 964 3104 lloc
993 3065 1122 3104 vero
1145 3051 1384 3104 salutare
1414 3051 1684 3120 judicium
1710 3068 1739 3104 a
1769 3051 1990 3108 Christo
2011 3067 2133 3108 esse
2171 3054 2583 3124 proferendum,
2616 3057 2722 3110 alia
2779 3073 2996 3126 quoque
3017 3058 3298 3128 pr0pbetia
3327 3057 3634 3122 denuntiat,
3687 3073 3794 3130 quae

561 3143 642 3198 sic
687 3144 761 3196 ait
788 3164 799 3198 :
823 3143 987 3216 450
1021 3165 1038 3196 ι
1069 3145 1209 3200 Ecce
1239 3161 1375 3216 puer
1403 3161 1580 3205 meus.
1631 3149 1928 3218 suscipiam
1965 3165 2087 3204 eum
2118 3169 2130 3203 :
2171 3149 2378 3206 electus
2415 3165 2590 3216 meus,
2628 3152 2870 3221 suscepit
2906 3167 3030 3206 eum
3097 3152 3278 3206 anima
3323 3168 3442 3206 mea
3501 3152 3792 3222 :judicium

560 3236 815 3306 gentibus
835 3237 1072 3306 proferet
1094 3239 1162 3291 ⁹².
1196 3257 1213 3288 ι
1251 3235 1490 3292 Proinde
1549 3239 1716 3294 etiam
1752 3245 1818 3294 de
1848 3240 2017 3294 verbo
2039 3239 2176 3297 Novi
2217 3240 2554 3298 Testamenti
2599 3242 2805 3296 dictum
2855 3250 2980 3297 est:
3016 3260 3034 3293 ι
3097 3242 3174 3298 De
3221 3241 3353 3298 Sion
3391 3226 3580 3298 exibit.
3607 3245 3704 3306 lex,
3743 3257 3792 3300 et

555 3329 782 3384 verbum
835 3328 1050 3384 Domini
1097 3330 1162 3385 de
1203 3329 1530 3398 Jerusalem,
1580 3341 1634 3387 et
1671 3332 1943 3402 judicabit
1983 3334 2126 3388 inter
2163 3347 2355 3406 gentes
2378 3337 2446 3389 ".
2515 3355 2534 3387 ι
2570 3333 2762 3388 Divino
2791 3335 2934 3389 enim
2957 3333 3189 3404 judicio,
3251 3335 3670 3406 rationibusque
3701 3350 3790 3388 no-

557 3419 643 3474 bis
685 3421 916 3475 occultis
957 3433 1123 3492 atque
1173 3423 1540 3482 ineﬂ‘ahilibus
1571 3441 1633 3480 ea
1663 3443 1784 3496 quae
1849 3428 1916 3482 ad
1961 3431 2298 3483 vocationem
2362 3429 2634 3500 pertinent
2695 3443 2908 3493 eorum,
2951 3427 3044 3498 qui
3079 3427 3150 3482 ad
3174 3427 3353 3498 ipsum
3393 3437 3785 3490 convertuntur,

555 3513 940 3571 administrare
1007 3518 1162 3572 illum
1205 3535 1302 3590 par
1349 3529 1454 3576 est.
1524 3521 1666 3587 Quin
1714 3523 1877 3576 etiam
1923 3521 2052 3578 dum
2095 3539 2198 3580 nos
2237 3523 2480 3578 divinum
2537 3524 2693 3578 docet
2733 3523 3026 3593 judicium,
3067 3522 3306 3594 dumque
3357 3529 3417 3578 ut
3463 3525 3642 3579 omnia
3681 3539 3786 3579 cum

549 3607 756 3678 judicio
787 3609 1076 3678 faciamus,
1114 3614 1371 3680 instituit,
1393 3615 1660 3684 judicium
1692 3617 1947 3688 gentibus
1985 3617 2188 3673 dicitur
2215 3619 2545 3689 prolaturus.

2152 3745 2194 3800 c
2241 3735 2370 3791 Ἀπὸ
2403 3735 2508 3788 τοῦ
2534 3736 2739 3789 αὐτοῦ.
2793 3765 2862 3801 —__
2883 3733 3022 3801 Περὶ
3069 3733 3187 3785 τῶν
3214 3731 3480 3800 σημείων
3511 3733 3606 3785 καὶ
3641 3729 3782 3800 τερά-

621 3727 700 3778 Ab
721 3727 918 3784 eodem.
950 3761 1018 3770 -—
1039 3729 1116 3785 De
1141 3732 1305 3804 signis
1339 3745 1386 3787 ct
1427 3734 1684 3804 prodigiis
1719 3751 1836 3806 quae
1864 3735 2050 3790 edidit.

627 3923 647 3957 ι
678 3905 832 3962 Tunc
873 3909 1146 3965 manifesti
1179 3923 1340 3966 erunt
1370 3913 1462 3984 qui
1499 3913 1718 3984 signant
1763 3923 1816 3970 et
1860 3915 2126 3969 claudunt

549 3994 746 4066 legem,
773 4013 842 4051 ne
861 3997 1096 4054 discant.
1129 4000 1352 4057 Etdicet
1382 4021 1395 4056 :
1429 4003 1774 4073 Exspectabo
1811 4004 2004 4066 Deum,
2028 4005 2120 4074 qui

550 4088 749 4142 avertit
796 4087 990 4146 faciem
1029 4107 1184 4146 suam
1235 4109 1264 4148 a
1300 4095 1462 4150 domo
1510 4095 1699 4163 Jacob,
1751 4108 1803 4151 et
1841 4097 2120 4152 conlidens

547 4195 644 4234 ero
677 4183 732 4234 in
777 4181 916 4252 ipso.
969 4184 1110 4241 Ecce
1150 4203 1248 4258 ego
1294 4199 1348 4243 et
1395 4192 1568 4260 pueri,
1603 4207 1741 4261 quos
1792 4189 1922 4243 mihi
1971 4191 2120 4244 dedit

546 4271 709 4330 Deus.
757 4274 821 4328 Et
851 4287 1014 4332 erunt
1059 4278 1212 4348 signa
1260 4289 1310 4336 et
1359 4281 1604 4354 prodigia
1653 4285 1710 4338 in
1739 4282 1904 4339 Israel
1935 4299 1964 4336 a
2012 4283 2118 4337 Do-

544 4367 694 4420 mino
737 4365 1000 4434 Sabaoth,
1056 4371 1144 4440 qui
1193 4372 1400 4426 habitat
1429 4375 1480 4427 in
1523 4383 1706 4430 monte
1753 4375 1928 4428 Sion:
1970 4383 2022 4429 et
2071 4373 2116 4428 si

543 4457 783 4513 dixerint
815 4459 882 4514 ad
911 4476 1030 4525 vos,
1063 4463 1290 4532 quaerite
1329 4463 1627 4536 Pythonas,
1675 4475 1728 4522 et
1771 4481 1888 4532 eos,
1925 4467 2018 4536 qui
2049 4467 2116 4522 de

543 4555 690 4602 terra
737 4565 898 4605 voces
941 4553 1132 4616 edunt,
1169 4555 1260 4624 qui
1307 4556 1490 4610 inania
1535 4559 1856 4626 loquuntur,
1905 4560 2000 4628 qui
2048 4557 2115 4614 de

543 4647 732 4694 ventre
760 4656 921 4697 voces
953 4643 1234 4698 emittunt.
1281 4645 1398 4700 Non
1441 4664 1573 4716 gens
1613 4649 1681 4702 ad
1715 4649 1884 4704 Deum
1918 4651 2114 4706 suum?

543 4729 674 4798 quid
717 4731 1016 4800 exquirunt
1058 4734 1126 4790 de
1181 4736 1492 4792 viventibus
1551 4753 1578 4791 a
1631 4742 1902 4796 mortuis?
1941 4743 2108 4813 legem

541 4821 686 4876 enim
709 4821 762 4875 in
803 4825 1064 4878 auxilium
1095 4826 1244 4880 dedit
1265 4827 1332 4880 νδ.
1368 4849 1385 4880 ι
1413 4827 1615 4886 Paulus
1644 4831 1864 4900 quidem
1892 4843 2112 4904 aposto-

543 4913 632 4970 lus
659 4915 714 4968 in
747 4915 978 4984 epistola
1007 4917 1072 4971 ad
1103 4917 1382 4986 Hebraeos,
1409 4923 1587 4978 citans
1625 4924 1791 4993 hujus
1821 4925 1926 4980 loci
1947 4929 2108 4982 verba

543 5005 634 5060 illa
667 5025 680 5060 :
720 5026 738 5058 ι
771 5005 909 5062 Ecce
935 5024 1034 5079 ego
1063 5019 1117 5063 et
1153 5013 1326 5080 pueri,
1363 5029 1500 5082 quos
1538 5013 1686 5068 dedit
1727 5017 1858 5070 mihi
1884 5017 2102 5072 Deuszr

2655 3822 2790 3868 των,
2823 3799 2912 3858 ὧν
2935 3799 3382 3878 κατειργάσατο.

2360 3917 2492 3972 Τότε
2513 3935 2645 3987 φανε
2655 3919 2736 3989 ρο).
2760 3915 2973 3970 ἔσονται
2993 3917 3042 3968 οἱ
3069 3912 3490 3987 σφραγιζόμενοι
3511 3913 3604 3968 τὸν
3621 3911 3776 3984 νόμον,

2229 4009 2320 4062 τοῦ
2358 4009 2431 4080 μὴ
2467 4011 2673 4080 μαθεῖν.
2727 4010 2834 4062 Καὶ
2877 4011 3021 4080 ἐρεῖ·
3053 4007 3214 4061 Μενῶ
3245 4006 3336 4059 τὸν
3369 4007 3522 4070 Θεὸν,
3553 4007 3642 4060 τὸν
3667 4007 3780 4059 ἀτο-

2231 4101 2533 4174 στρέψαντα
2553 4101 2612 4154 τὸ
2637 4101 2924 4174 πρόσωπον
2955 4099 3120 4152 αὑτοῦ
3153 4099 3261 4152 ἀπὸ
3287 4097 3380 4150 τοῦ
3404 4099 3557 4151 οἴκου
3587 4095 3774 4158 Ἰακὼϐ,

2227 4194 2320 4247 καὶ
2343 4191 2614 4256 πεποιθὼς
2637 4191 2830 4262 ἔσομαι
2856 4191 2942 4244 ἐπ’
2965 4189 3132 4262 αύτῷ.
3169 4190 3298 4244 Ἰδοὺ
3317 4189 3447 4258 ἐγὼ,
3476 4191 3570 4243 καὶ
3593 4191 3656 4242 τὰ
3677 4203 3774 4240 παι-

2225 4287 2313 4341 δία
2340 4285 2376 4339 ἆ
2407 4303 2496 4356 μοι
2515 4284 2712 4338 ἔδωκεν
2731 4283 2758 4336 6
2781 4283 2932 4347 Θεός.
2957 4283 3066 4338 Καὶ
3088 4283 3239 4335 ἔσται
3261 4285 3461 4353 σημεῖα
3487 4283 3580 4335 καὶ
3601 4283 3774 4352 τέρατα

2225 4380 2282 4430 ἐν
2308 4377 2386 4450 τῷ
2425 4377 2636 4451 Ἰσραὴλ
2675 4376 2824 4449 παρὰ
2851 4375 3054 4448 Κυρίου
3087 4373 3312 4427 Σαϐαὼθ
3335 4415 3349 4437 ,
3381 4373 3440 4436 ὃς
3467 4375 3704 4427 κατοικεῖ
3725 4373 3772 4422 ἐν

2223 4471 2301 4542 τῷ
2329 4472 2442 4544 ὄρει
2483 4469 2638 4524 Σιών·
2679 4471 2771 4524 καὶ
2803 4469 2896 4523 saw
2931 4469 3128 4522 εἴπωσι
3161 4468 3296 4540 πρὸς
3326 4465 3492 4538 ὑμᾶςέ
3523 4469 3768 4538 Ζητῄσστε

2221 4563 2348 4626 τοὺς
2375 4561 2864 4633 ἐγγαστριμύθους,
2903 4561 2998 4614 καὶ
3027 4561 3154 4623 τοὺς
3186 4559 3294 4612 ἀπὸ
3329 4561 3432 4630 γῆς
3470 4559 3764 4628 φωνοῦντας,

2221 4656 2347 4718 τοὺς
2379 4653 2810 4723 κενολογοῦντας,
2839 4653 2888 4706 οἳ
2913 4655 2977 4706 ἐκ
2995 4653 3095 4723 τῆς
3127 4653 3331 4716 κοιλίας
3364 4652 3648 4722 φωνοῦσιν.
3677 4653 3765 4704 Οὐκ

2220 4745 2370 4808 ἔθνος
2405 4747 2538 4818 πρὸς
2563 4745 2693 4799 Θεὸν
2729 4744 2928 4810 αὐτοῦ;
2963 4745 3016 4798 τί
3047 4743 3334 4817 ὲκζητοῦσι
3372 4745 3498 4815 περὶ
3527 4743 3630 4796 τῶν
3657 4739 3758 4808 ζὼν-

2217 4855 2325 4892 των
2351 4841 2475 4903 τοὺς
2505 4839 2758 4910 νεκρούς;
2797 4839 2959 4910 νόμον
2991 4837 3099 4909 γὰρ
3133 4839 3212 4901 εἰς
3244 4837 3492 4908 βοήθειαν
3521 4837 3716 4890 ἔδωκεν.
3743 4853 3758 4880 ι

2231 4931 2319 4982 Ἐν
2357 4935 2424 5002 τῇ
2471 4932 2607 5002 πρὸς
2651 4931 2936 5004 Ἐϐραίους
2969 4930 3224 5000 ἐπιστολῇ
3271 4929 3536 4999 παραθεὶς
3567 4933 3594 4982 6
3629 4925 3756 4982 Ἁπὸο

2220 5023 2403 5086 στολος
2430 5023 2528 5095 τὴν
2557 5025 2866 5092 φάσκουσαν
2891 5023 3056 5089 λέξινο
3088 5041 3106 5073 ι
3147 5023 3276 5076 Ἰδοὺ
3301 5021 3431 5090 ἐγὼ,
3463 5023 3554 5076 καὶ
3575 5021 3638 5074 τὰ
3659 5033 3758 5071 παι-

539 5102 857 5171 exsequitur
917 5104 1353 5174 explanationem
1419 5107 1486 5162 de
1541 5107 1804 5172 Christo,
1853 5111 2044 5166 dicens
2089 5131 2104 5166 :

2243 5114 2293 5168 ία
2327 5115 2361 5169 ε
2403 5133 2490 5186 μοι
2527 5115 2725 5169 ἔδωκεν
2763 5117 2792 5168 ὁ
2834 5115 2984 5178 Θεὸς,
3025 5133 3042 5166 ι
3081 5113 3502 5186 ἐπεξεργάζεται
3535 5115 3650 5184 περὶ
3681 5107 3756 5162 τού

545 5209 564 5242 ι
593 5190 730 5257 Quia
770 5209 901 5264 ergo
943 5197 1096 5264 pueri
1127 5201 1670 5256 cominunieaverunt
1710 5203 1864 5258 carni
1895 5211 1948 5258 et
1981 5219 2112 5258 san-

537 5283 712 5351 guiui,
755 5297 808 5340 et
845 5287 960 5356 ipse
993 5289 1243 5344 similiter
1275 5293 1619 5362 participavit
1663 5295 1892 5360 eisdem,
1929 5305 1986 5350 ut
2015 5311 2112 5365 per

541 5385 768 5432 mortem
801 5381 1104 5436 destrueret
1122 5399 1246 5438 eum
1270 5385 1361 5453 qui
1389 5385 1616 5440 habebat
1643 5388 1934 5458 imperium
1963 5404 2109 5443 mor-

539 5468 610 5522 tis
633 5469 698 5524 ”.
741 5489 760 5522 ι
797 5469 1004 5528 Pueros
1047 5483 1228 5530 autem
1275 5493 1406 5532 suos
1437 5477 1540 5532 hoc
1577 5480 1632 5534 in
1679 5481 1798 5536 loco
1831 5483 2108 5552 apostolos

537 5560 802 5628 nominat,
851 5581 946 5634 per
976 5581 1114 5635 quos
1153 5565 1442 5622 Dominum
1486 5569 1726 5626 Sabaoth
1757 5573 1850 5644 qui
1897 5573 2108 5628 habitat

597 5779 1026 5865 "'_Psal_._t._sx_|.
1063 5787 1115 5840 2.
1212 5791 1268 5865 ff
1309 5787 1466 5848 Joan.
1506 5809 1572 5865 v,
1607 5797 1694 5852 22.

539 5852 728 5908 iii-19.
807 5855 852 5884 ⁸⁸
893 5855 1055 5913 llebr.
1094 5873 1165 5924 ιι,
1209 5859 1290 5914 ιι.

1801 5801 1844 5832 ⁹¹
1887 5801 1990 5858 lsa.
2029 5817 2152 5870 ut,
2183 5803 2238 5858 2.

2219 5209 2456 5280 Χριστοῦ
2483 5209 2674 5277 λέγων·
2715 5229 2731 5260 ι
2781 5209 2934 5261 Ἐπεὶ
2961 5204 3053 5261 οὗν
3087 5207 3157 5260 τά
3183 5205 3368 5260 παιδία
3399 5207 3756 5271 κεκοινώνηκεν

2209 5301 2441 5372 αἳματος
2461 5303 2555 5355 καὶ
2575 5303 2796 5372 σαρκὸς,
2827 5303 2920 5356 καὶ
2949 5303 3110 5366 αὐτὸς
3136 5300 3532 5371 παραπλησίως
3559 5297 3753 5370 μετέσχε

2207 5393 2314 5446 τῶν
2348 5395 2545 5456 αὐτῶν,
2593 5384 2810 5446 ἵνα’διά
2850 5391 2944 5445 τοῦ
2982 5392 3210 5447 θανάτου
3247 5395 3564 5465 καταργήσῃ
3599 5390 3678 5442 τὸν
3705 5385 3752 5438 τὸ

2209 5487 2409 5556 κράτος
2459 5487 2649 5556 ἔχοντα
2693 5487 2786 5540 τοῦ
2833 5485 3086 5541 θανάτου.
3127 5507 3146 5539 ι
3179 5487 3383 5549 Παῖδας
3421 5485 3478 5539 δὲ
3519 5481 3668 5538 αὐτοῦ
3703 5479 3752 5530 ἐν

2207 5577 2414 5642 τούτοις
2435 5579 2560 5642 τοὺς
2593 5579 2922 5642 ἀποστόλους
2946 5578 3220 5650 ὀνομάζει,
3245 5579 3330 5648 ἐφ’
3351 5571 3426 5632 ὧν
3461 5577 3648 5648 σημεῖα
3673 5569 3750 5623 καὶ

2343 5805 2389 5838 “
2429 5801 2532 5860 lsa.
2565 5821 2674 5861 xui
2699 5847 2714 5874 ,
2755 5807 2802 5863 l.
2903 5807 2948 5838 ³
2987 5806 3093 5864 lsa.
3127 5821 3200 5872 ιι,
3233 5805 3345 5873 5,.ι.
3425 5807 3467 5838 ’⁸
3505 5803 3600 5860 lsa.
3631 5811 3740 5862 vui,
