3928 6508
112 422 196 478 ῚθΙ

1021 413 1669 474 DEMONSTMTIONIS
1719 409 2179 468 EVANGELICE
2214 407 2344 464 LIB.
2383 406 2475 462 IX.

3250 403 3354 457 702

108 546 298 612 τέρατα
326 541 392 596 ὲν
423 541 510 615 τῷ
538 540 670 611 οἴκῳ
710 537 923 610 Ἰσραὴλ
955 539 1200 609 ποιήσειν
1233 536 1322 588 τὸν
1351 533 1554 605 Κύριον
1585 535 1680 587 Σα-

1795 532 1849 585 ἰη
1881 539 2066 585 monte
2115 526 2266 586 Sion.
2301 527 2453 596 signa
2494 530 2548 580 et
2591 521 2836 592 prodigia
2882 521 2938 575 in
2974 520 3144 574 'domo
3183 519 3352 575 Israel

108 634 266 697 ειηῖιθ,
304 634 406 687 τὸν
460 631 818 686 κατοικοῦντα
862 631 918 682 ὲν
956 629 1033 700 τῷ
1083 629 1198 699 ὅρει
1234 625 1389 688 Σιὼν,
1429 625 1684 678 διδάσκει·

107 726 322 789 τούτους
350 725 416 778 δὲ
448 726 646 786 αὐτοὺς
678 721 941 793 φανεροὺς
969 719 1183 773 ἔσεσθαι
1209 717 1448 788 συνήθως
1471 718 1600 788 ἡμῖν
1624 715 1692 768 τὰ

105 818 374 890 πρόσωπα
419 795 890 888 σφραγεζομένους
925 814 990 883 τῇ
1023 810 1116 864 τοῦ
1146 809 1380 881 Χριστοῦ
1417 808 1688 880 σφραγῖδι,

106 909 541 979 παιδευομένους
570 925 630 960 τε
660 902 853 978 μηκέτι
876 906 966 958 τὸν
997 903 1270 966 Μωῦσὲως
1292 902 1451 973 νόμον
1491 900 1693 972 μανθά-

106 1023 230 1064 saw,
259 1002 341 1072 τῷ
380 1001 590 1072 μηκέτι
615 999 933 1053 συνεστάναι
963 996 1144 1058 αὐτὸν,
1169 995 1261 1049 καὶ
1285 994 1361 1065 τῷ
1388 993 1477 1046 τὸν
1499 992 1694 1046 καλού-

112 1113 262 1165 μενον
311 1090 476 1147 οἷκον
544 1091 736 1146 Ἰακὼϐ
782 1085 1193 1156 καταλελεῖφθαι
1247 1086 1350 1140 ὑπὸ
1385 1084 1478 1140 τοῦ
1533 1083 1688 1137 Θεοῦ·

109 1185 326 1255 ἀσαφῶς
348 1185 413 1238 δὲ
445 1184 600 1256 παρὰ
627 1187 738 1247 τοῖς
766 1183 1158 1252 Ἑϐδομήκοντα
1181 1178 1483 1250 εἰρημένον·
1517 1196 1535 1228 ι
1559 1176 1690 1230 Τότε

114 1278 330 1350 φανεροὶ
373 1277 602 1330 ἔσονται
633 1278 682 1328 οἱ
712 1273 1130 1346 σφραγιζόμενοι
1167 1271 1257 1324 τὸν
1295 1271 1457 1339 νόμον
1485 1267 1579 1322 τοῦ
1617 1267 1690 1338 μὴ

115 1370 315 1440 μαθεῖν.
364 1369 492 1422 Καὶ
528 1369 659 1438 ἐρεῖ·
690 1365 853 1420 Μενῶ
877 1365 966 1418 τὸν
995 1363 1124 1417 Θεὸν
1159 1363 1248 1416 τὸν
1277 1359 1692 1431 ἀποστρέψαντα

111 1462 164 1514 τὸ
185 1460 490 1532 πρόσωπον
508 1457 667 1512 αὐτοῦ
693 1457 800 1510 ἀπὸ
817 1457 905 1510 τοῦ
922 1456 1069 1509 οἴκου
1087 1452 1297 1515 Ἰακὼϐ,
1318 1452 1409 1505 καὶ
1423 1447 1694 1511 πεποιθὼς

114 1554 294 1620 ἕπομαι
320 1554 415 1604 ἐπ’
439 1550 608 1620 αὐτῷ.
645 1568 662 1599 ι
698 1549 1031 1619 Σαφέστερον
1064 1548 1091 1598 ὁ
1123 1546 1412 1616 Σύμμαχος
1437 1542 1692 1606 ἐξέδωκεν

115 1643 290 1699 εἰπὼν·
337 1663 357 1695 ι
393 1645 575 1715 Δῆσον
618 1641 929 1714 μαρτύριον,
974 1640 1268 1710 σφράγισον
1304 1638 1464 1708 νόμον
1495 1638 1552 1690 ὲν
1581 1637 1694 1699 τοῖς

112 1733 446 1804 διατάγμασί
504 1751 624 1805 μου.
680 1733 788 1786 Καὶ
827 1730 1178 1802 προσδοκήσω
1214 1727 1304 1781 τὸν
1350 1726 1552 1798 Κύριον
1600 1725 1692 1777 τὸν

113 1826 376 1894 κρυϐόντα
413 1827 482 1879 τὸ
514 1826 802 1897 πρόσωπον
831 1822 994 1876 αὑτοῦ
1022 1821 1129 1875 ἀπὸ
1165 1820 1258 1873 τοῦ
1289 1820 1438 1875 οἴκου
1478 1818 1690 1886 Ἰακὼϐ,

115 1921 200 1972 καὶ
237 1917 508 1989 ἀναμενῶ
546 1917 724 1971 αὐτόν.
760 1934 778 1966 ι
811 1917 920 1968 Καὶ
957 1915 984 1965 6
1035 1912 1261 1974 Ἀκύλας
1287 1910 1342 1962 δὲ
1374 1909 1561 1962 τοῦτον
1600 1909 1692 1962 καὶ

117 2011 267 2074 αὐτὸς
317 2011 562 2076 ἐξέδωκε
605 2008 696 2060 τὸν
741 2007 968 2079 τρόπον·
1016 2025 1033 2056 ‹
1071 2003 1328 2074 Ἕνδησον
1378 2000 1689 2073 μαρτύριον,

119 2105 414 2175 σφράγισον
445 2102 612 2172 νόμον
640 2101 698 2154 ὲν
732 2100 998 2160 διδακτοῖς
1036 2115 1160 2168 μου,
1213 2095 1303 2148 καλ⁸
1332 2093 1692 2164 προσδέξομαι

117 2197 195 2248 τὸν
236 2195 370 2248 Θεὸν
417 2194 515 2247 τὸν
547 2190 926 2264 ἀποκρυϐόντα
961 2190 1022 2242 τὸ
1065 2188 1352 2258 πρόσωπον
1393 2183 1555 2238 αὐτοῦ
1585 2182 1692 2236 ἀπὸ

120 2288 199 2340 τοῦ
229 2287 381 2340 οἴκου
427 2281 649 2345 Ἰακὼϐ,
679 2283 772 2334 καὶ
800 2279 1054 2350 ὑπομενῶ
1080 2279 1262 2331 αὐτόν.
1289 2296 1306 2327 ι
1332 2275 1517 2328 Ταῦτα
1536 2274 1579 2326 δ’
1600 2270 1692 2328 οὖν

119 2381 161 2431 οἱ
193 2379 281 2431 τοῦ
315 2378 580 2448 Σωτῆρος
611 2378 643 2445 ὴ
654 2375 766 2445 μῶν
802 2371 1087 2425 ἀπόστολοι
1119 2370 1456 2424 διδάσκονται
1499 2368 1690 2429 ποιεῖν,

123 2468 190 2533 οἷς
227 2471 356 2539 ἑξῆς
402 2468 671 2536 ἐπιλέγει·
704 2485 722 2516 ‹
770 2465 900 2517 Ἰδοὺ
933 2463 1042 2531 ἐγὼ
1072 2462 1164 2516 καὶ
1192 2461 1260 2514 τὰ
1299 2459 1506 2523 παιδία,
1540 2447 1694 2527 apo;

123 2563 300 2614 ἔδωκεν
333 2563 364 2613 ὁ
400 2560 558 2624 Θεός.
593 2559 704 2612 Καὶ
743 2557 891 2610 ἔσται
925 2556 1005 2618 εἰς
1041 2555 1239 2631 σημεῖα
1272 2551 1366 2606 καὶ
1394 2550 1598 2621 τέρατα
1637 2549 1694 2603 ὲν

123 2655 188 2724 τῷ
218 2653 440 2725 Ἰσραὴλ
469 2651 616 2722 παρὰ
637 2649 838 2721 Κυρίου
859 2645 1104 2701 Σαϐαὼθ.
1135 2665 1152 2696 ι
1191 2646 1246 2697 Ὁ
1261 2643 1354 2696 τοῦ
1371 2641 1504 2696 Θεοῦ
1525 2641 1696 2709 Λόγος

125 2749 171 2798 ἐν
191 2739 231 2813 ᾧ
259 2747 556 2814 ἀνείληφεν
586 2741 873 2814 ἀνθρώπῳ,
910 2741 1006 2793 καὶ
1034 2737 1132 2801 τὰς
1161 2733 1441 2807 διατριϐὰς
1473 2749 1698 2802 πεποιη-

129 2836 266 2907 μένος
297 2839 354 2889 ὲν
391 2835 476 2905 τῷ
520 2833 636 2904 ὄρει
669 2831 826 2894 Σιὼν,
881 2829 1082 2901 σημεῖά
1117 2845 1178 2880 τε
1225 2826 1319 2879 καὶ
1354 2824 1554 2896 τέρατα
1582 2822 1697 2875 δια-

126 2927 484 2998 πραξάμενος,
517 2922 651 2995 όμοῦ
674 2925 785 2985 τοῖς
809 2920 972 2974 αὐτοῦ
998 2918 1280 2991 μαθηταῖς,
1313 2915 1406 2969 καὶ
1432 2917 1562 2967 πᾶσι
1587 2916 1696 2976 τοῖς

131 3021 196 3080 εἰς
219 3019 377 3071 αὑτὸν
409 3014 834 3069 πεπιστευκόσιν
873 3011 932 3076 ἐξ
967 3009 1216 3065 ἁπάντων
1246 3007 1353 3059 τῶν
1384 3006 1509 3075 πρὶν
1546 3005 1698 3057 εἰδω-

129 3111 382 3183 λολατρῶν
428 3106 861 3179 παρακελεύεται
900 3102 1089 3175 μηκέτι
1132 3099 1359 3154 δεδιέναι
1406 3096 1546 3150 κατὰ
1589 3113 1695 3167 μη-

129 3204 234 3255 δένα
272 3202 480 3274 τρόπον
520 3200 616 3271 τὴν
661 3196 1026 3266 δεισιδαίμονα
1077 3193 1321 3263 πλάνην·
1365 3189 1476 3243 ἀλλ’
1518 3189 1565 3241 εί
1601 3189 1695 3241 καὶ
1723 3214 1762 3270 C

133 3289 546 3362 παρασαλεύοιεν
572 3288 789 3349 αὐτοὺς,
818 3285 850 3355 ἢ
872 3284 966 3337 καὶ
991 3281 1345 3352 ἀναγκάζοιεν
1371 3280 1419 3332 οἱ
1441 3277 1498 3344 ἐξ
1526 3277 1691 3330 ἐθνῶν

131 3379 495 3450 εἰδωλολάτραι
544 3375 724 3446 ζητεῖν
774 3375 898 3436 τοὺς
946 3369 1444 3442 ἐγγαστριμύθους·
1495 3367 1588 3421 καὶ
1624 3366 1694 3420 τὰ

133 3472 222 3524 τῶν
249 3471 521 3542 δαιμόνων
564 3470 788 3540 μαντεῖα
820 3466 895 3527 ὼς
928 3463 1224 3534 θαυμάσια,
1265 3462 1356 3515 καὶ
1390 3461 1507 3513 κατ’
1543 3457 1693 3511 οὐδὲν

134 3562 363 3616 λείποντα
390 3561 498 3631 τῆς
523 3559 629 3613 τῶν
659 3557 819 3611 θείων
844 3556 938 3610 καὶ
963 3554 1224 3624 θεοφιλῶν
1251 3551 1470 3624 ἀνδρῶνι
1487 3567 1695 3623 προφη-

137 3654 270 3723 τικῆς
295 3654 532 3722 διαίτης,
579 3649 775 3711 αὐτοὺς
801 3647 910 3703 δεῖν
940 3646 1330 3719 ἀποκρίνεσθαι
1376 3643 1470 3696 καὶ
1516 3642 1694 3710 λέγειν

136 3743 368 3797 διδάσκει·
415 3761 434 3793 ‹
477 3740 542 3794 Τί
583 3738 870 3810 ἐκζητοῦσι
900 3736 1161 3808 περὶτῶν
1195 3735 1408 3801 ζώντων
1446 3734 1571 3796 τοὺς
1606 3749 1693 3783 νε-

140 3838 310 3904 κρούς;
341 3835 512 3906 νόμον
543 3832 646 3904 γάρ
673 3834 751 3895 είς
777 3829 1028 3901 βοήθειαν
1058 3827 1280 3892 δέδωκε,
1313 3845 1330 3877 ι
1357 3829 1450 3879 καὶ
1480 3824 1547 3878 τὰ
1574 3823 1696 3877 τού-

137 3940 230 3986 τοις
256 3924 542 3979 ἀκόλουθα.
579 3924 718 3987 Τοὺς
751 3921 860 3994 γὰρ
893 3919 1036 3984 ἅπαξ
1072 3918 1234 3990 νόμον
1279 3915 1564 3987 εἰληφότας
1602 3915 1695 3968 καὶ

143 4015 421 4085 τωτηρίους
469 4011 689 4074 ἐντολὰς
736 4011 828 4063 ἐπὶ
880 4007 1102 4080 βοηθείᾳ
1147 4007 1242 4060 καὶ
1289 4004 1555 4078 θεραπεία
1601 4004 1694 4057 τοῦ

142 4103 249 4156 ἰδίου
278 4106 396 4176 βίου
428 4103 679 4176 περιττὸν
713 4101 968 4172 μαντείας
998 4098 1472 4170 πολυπραγμονεῖν
1494 4095 1582 4149 διὰ
1598 4095 1696 4168 τῆς

139 4195 436 4269 δαιμονικῆς
465 4195 682 4268 ἀπάτης
714 4193 1128 4270 ὲνεργουμένας.

153 4488 264 4543 Ἀπὸ
295 4490 401 4545 τοῦ
429 4488 637 4544 αὑτοῦ.
669 4518 740 4528 --
767 4486 906 4554 Περὶ
940 4487 1044 4540 τοῦ
1072 4486 1158 4555 μὴ
1190 4486 1487 4555 φανητιᾷν
1518 4487 1588 4540 ἐν
1619 4487 1696 4554 τῷ

439 4557 932 4628 παραδοξοποιεῖν
967 4557 1076 4610 τὸν
1105 4558 1378 4625 Χριστόν.

205 4669 220 4702 ι
259 4653 450 4708 Ἰακὼϐ
478 4654 506 4705 6
535 4655 664 4715 παῖς
687 4668 808 4722 μου,
837 4649 1194 4720 ἀντιλήψομαι
1215 4647 1402 4701 αὑτοῦ·
1430 4649 1643 4721 Ἰσραὴλ
1666 4649 1696 4700 6

144 4743 369 4810 ἐκλεκτός
399 4763 522 4816 μου,
557 4743 912 4815 προσεδέξατο
942 4741 1103 4796 αὐτὸν
1130 4741 1326 4812 ἡψυχὴ
1355 4758 1474 4812 μου.
1499 4741 1695 4812 Κρίσιν

143 4839 235 4899 tot;
259 4839 458 4892 ἔθνεσιν
489 4837 704 4903 ἐξοίσει,
729 4837 790 4889 ού
817 4835 1163 4907 κεκράξεται,
1192 4833 1311 4886 οὐδὲ
1340 4835 1550 4905 ἀνήσει,
1574 4833 1693 4886 οὐδὲ

145 4926 510 5000 ἀκουσθήσεται
534 4928 690 4999 ἕξωή
715 4928 866 4998 φωνὴ
889 4927 1076 4995 αὐτοῦ.
1104 4927 1361 4996 Κάλαμον
1384 4943 1696 4997 συντετριμ-

149 5019 278 5084 μένον
301 5023 361 5075 ού
394 5019 667 5085 κατεάξει,
700 5021 794 5073 καὶ
816 5019 957 5073 λίνον
981 5019 1372 5090 καπνιζόμενον
1401 5019 1460 5070 ού
1491 5018 1691 5082 σϐέσει,

149 5109 239 5164 ἀλλ’
269 5116 345 5178 εἰς
377 5113 632 5184 ἀλήθειαν
667 5111 862 5176 ἐξοίσει
893 5111 1094 5182 κρίσιν.
1148 5109 1477 5180 Ἀναλάμψει
1511 5108 1602 5162 καὶ
1633 5109 1692 5160 ού

150 5197 538 5274 θραύει-θήσεται,
564 5205 669 5267 ἕως
695 5203 761 5257 ἂν
801 5203 865 5275 θῇ
893 5204 984 5255 ἐπὶ
1009 5203 1111 5272 γῆς
1144 5201 1343 5273 κρίσιν,
1375 5202 1467 5254 καὶ
1500 5202 1592 5254 ἐπὶ
1616 5199 1694 5270 τῷ

147 5291 339 5361 ὀνόματι
369 5294 535 5348 αὑτοῦ
573 5295 697 5366 ἔθνη
737 5295 1032 5350 ἐλπιοῦσιν.
1078 5295 1234 5349 Οὕτω
1263 5294 1408 5363 λέγει
1438 5295 1639 5364 Κύριος
1666 5297 1695 5348 6

149 5379 272 5447 Θεδς,
298 5389 326 5439 6
354 5389 582 5458 ποιήσας
609 5388 697 5440 τὸν
722 5388 964 5460 οὐρανὸν,
994 5389 1088 5441 καὶ
1115 5387 1290 5459 πήξας
1312 5387 1492 5450 αὐτὸν,
1521 5389 1548 5439 6
1576 5403 1695 5439 στε-

153 5475 333 5542 ρεὼσας
369 5480 466 5551 τὴν
511 5480 613 5552 γῆν
669 5481 766 5533 καὶ
798 5480 867 5532 τὰ
913 5482 969 5533 ὲν
1005 5481 1163 5550 αὐτῇ,
1198 5480 1289 5533 καὶ
1322 5479 1496 5542 διδοὺς
1529 5477 1694 5549 πνοὴν

149 5563 212 5632 τῷ
233 5567 337 5639 λαῷ
364 5571 440 5641 τῷ
475 5573 561 5623 ἐπ’
585 5571 774 5640 αὐτῆς,
801 5570 895 5623 καὶ
922 5571 1137 5642 πνεῦμα
1168 5575 1280 5635 τοῖς
1312 5570 1568 5624 πατοῦσιν
1600 5571 1696 5622 αύ-

152 5659 243 5728 τήν.
284 5664 422 5732 Ἐγὼ
457 5664 660 5736 Κύριος
691 5667 719 5716 6
750 5666 880 5729 Θεὸς
909 5665 1143 5718 ἐκάλεσά
1172 5682 1231 5718 σε
1271 5667 1326 5718 ἐν
1357 5664 1692 5735 δικαιοσύνῃ,

154 5752 227 5803 καὶ
261 5757 514 5826 κρατήσω
559 5755 656 5826 τῆς
695 5756 873 5826 χειρός
905 5773 1018 5817 σου,
1062 5757 1154 5808 καὶ
1187 5754 1451 5825 ἐνισχύσω
1489 5772 1569 5820 σε,
1603 5755 1694 5808 καὶ

155 5839 302 5899 ἔδωκά
327 5863 381 5899 σε
405 5849 484 5912 εἰς
506 5847 768 5920 διαθήκην
791 5849 998 5916 γένους,
1041 5848 1120 5910 εἰς
1140 5847 1254 5916 φῶς
1275 5846 1462 5914 ἐθνῶν,
1489 5845 1691 5913 ἀνοῖξαι

1790 621 2062 675 editurum
2130 616 2377 680 indicat,
2439 612 2770 682 eosdemque
2825 609 2941 666 fore
2998 609 3352 674 manifestos,

1789 711 1916 766 dum
1970 723 2121 763 more
2164 714 2353 760 nostro
2408 703 2590 758 vultus
2635 701 2838 756 Christi
2887 701 3087 755 annulo
3129 702 3359 772 impres-

1791 816 1884 855 sos
1938 805 1992 854 et
2049 798 2290 866 signatos
2330 799 2554 864 gerent,
2602 792 3075 861 monebuuturque
3123 807 3193 846 ne
3241 807 3358 846 am-

1793 893 1936 966 plius
1991 888 2159 944 Mosis
2218 887 2388 956 legem
2455 885 2708 946 discant,
2787 885 2986 954 quippe
3051 899 3172 954 qua:
3235 899 3356 937 am-

1793 986 1938 1056 plius
1976 997 2088 1036 non
2148 979 2458 1042 consistat,
2521 992 2588 1032 eo
2626 976 2774 1047 quod
2821 992 2940 1046 quae
2997 985 3223 1032 vocatur
3269 976 3360 1031 do-

1794 1091 1916 1129 nius
1962 1071 2166 1133 Jacob,
2227 1084 2258 1123 a
2316 1067 2424 1122 Deo
2475 1068 2668 1122 relicta
2733 1067 2823 1121 sil.
2881 1066 3017 1120 Cum
3073 1083 3204 1122 vero
3255 1067 3358 1122 ob-

1793 1165 2011 1221 scurius
2039 1161 2181 1232 apud
2212 1158 2351 1213 LXX
2382 1158 2587 1213 dictum
2620 1157 2693 1212 sit
2733 1158 2863 1213 illud
2894 1177 2906 1212 :
2947 1177 2964 1210 ι
2995 1157 3146 1212 Tunc
3180 1158 3361 1212 mani-

1793 1255 1916 1310 festi
1933 1261 2095 1309 erunt
2117 1251 2206 1321 qui
2242 1251 2460 1320 signant
2486 1256 2539 1304 et
2559 1249 2819 1302 claudunt
2841 1249 3008 1319 legem
3032 1264 3099 1302 ne
3121 1249 3356 1303 discant.

1793 1342 1951 1417 451
1985 1340 2050 1393 El
2087 1341 2270 1394 dicet:
2314 1337 2654 1407 Exspectabo
2695 1336 2862 1391 Deum
2903 1340 2995 1408 qui
3036 1339 3230 1392 avertit
3273 1338 3358 1393 fa-

1793 1435 1931 1487 ciem
1962 1447 2114 1486 suam
2142 1447 2170 1484 a
2200 1430 2361 1484 domo
2387 1428 2588 1492 Jacob,
2623 1436 2677 1483 et
2704 1428 2982 1484 conlidens
3008 1444 3101 1483 ero
3130 1430 3184 1483 in
3211 1445 3294 1485 eo.
3333 1448 3354 1482 ι

1791 1523 2014 1578 Planius
2043 1523 2182 1577 idem
2210 1522 2444 1576 reddidit
2469 1520 2828 1592 Symmachus
2850 1520 2935 1574 bis
2959 1521 3164 1575 verbis:
3190 1540 3208 1571 ι
3230 1520 3358 1591 Liga

1793 1615 2166 1668 testimonium
2189 1652 2204 1674 ,
2243 1613 2400 1684 signa
2430 1614 2600 1684 legem
2637 1614 2691 1666 in
2725 1612 3163 1666 ordinationibus
3199 1614 3358 1667 meis.

1794 1704 1860 1758 Et
1886 1704 2215 1774 exspectabo
2243 1701 2531 1756 Dominum
2555 1702 2649 1769 qui
2672 1701 2958 1756 abscondit
2983 1700 3175 1755 faciem
3201 1716 3358 1755 suam

1794 1812 1820 1849 a
1856 1796 2016 1851 domo
2047 1795 2216 1851 Jacob
2236 1836 2250 1859 ,
2283 1803 2337 1850 et
2369 1794 2699 1864 exspectabo
2733 1794 2932 1864 ipsum.
2963 1811 2981 1844 ι
3009 1792 3202 1861 Aquila
3232 1807 3362 1845 vero

1725 1877 1763 1932 Β
1793 1890 1955 1943 etiam
1997 1889 2112 1958 ipse
2149 1889 2204 1943 in
2245 1888 2392 1942 hunc
2431 1886 2652 1940 modum
2692 1886 3001 1940 convertit:
3031 1902 3050 1935 ι
3081 1883 3230 1952 llliga
3291 1889 3366 1936 te-

1793 1980 2108 2034 stimonium
2133 2020 2146 2042 ,
2176 1980 2330 2051 signa
2354 1979 2526 2048 legem
2556 1978 2608 2030 in
2642 1976 2972 2030 docibilibus
3003 1975 3170 2036 meis,
3195 1983 3248 2029 et
3275 1990 3366 2028 as-

1794 2086 2003 2127 sumam
2034 2070 2202 2124 Deum
2242 2071 2336 2140 qui
2376 2069 2662 2124 abscondit
2701 2065 2892 2122 faciem
2933 2082 3086 2120 suam
3129 2081 3158 2118 a
3198 2065 3364 2120 domo

1791 2164 1992 2228 Iacob,
2033 2171 2086 2217 et
2124 2162 2452 2235 exspectabo
2494 2161 2694 2230 ipsum.
2735 2178 2752 2210 ι
2802 2157 2928 2212 limo
2966 2157 3132 2226 igitur
3182 2155 3364 2212 facere

1796 2257 2099 2312 Salvatoris
2128 2256 2300 2311 nostri
2337 2255 2588 2324 discipuli
2616 2253 2900 2312 docentur,
2928 2258 3050 2322 post
3071 2263 3191 2319 qum
3215 2249 3367 2302 deiu-

1793 2364 1920 2418 ceps
1949 2348 2230 2416 subjungit
2257 2365 2267 2398 :
2302 2364 2318 2396 ι
2345 2344 2484 2398 Ecce
2509 2359 2608 2414 ego
2636 2350 2690 2398 et
2716 2343 2868 2412 pueri
2897 2357 3034 2412 quos
3060 2341 3207 2395 dedit
3229 2339 3362 2398 mihi

1796 2439 1960 2493 Deus.
1996 2437 2060 2490 Et
2087 2444 2249 2492 erunt
2274 2437 2329 2489 iu
2366 2435 2518 2505 signa
2547 2443 2600 2488 et
2631 2441 2882 2504 portenta
2915 2433 2968 2486 in
2998 2432 3164 2486 Israel
3199 2445 3229 2484 a
3260 2430 3366 2485 Do-

1794 2533 1942 2587 mino
1978 2529 2251 2592 Sabaoth,
2285 2529 2380 2599 qui
2411 2527 2619 2582 habitat
2648 2527 2703 2580 in
2741 2535 2924 2581 monte
2955 2526 3108 2581 Sion.
3146 2545 3164 2578 ι
3191 2523 3366 2579 Porro

1795 2623 2058 2677 Dominus
2093 2621 2330 2675 Sabaoth
2354 2659 2368 2683 ,
2404 2620 2583 2690 ipsum
2619 2617 2712 2673 Dei
2749 2617 2986 2672 Verbum
3011 2657 3026 2680 ,
3074 2623 3363 2686 postquam

1794 2714 2057 2768 habitavit
2098 2714 2154 2767 in
2194 2727 2260 2767 eo
2303 2711 2556 2774 homine,
2605 2723 2767 2779 quem
2817 2707 3148 2775 assumpsit,
3203 2713 3258 2760 et
3305 2705 3361 2758 in

1795 2814 1979 2860 monte
2032 2803 2166 2858 Sion
2213 2810 2470 2858 versatus
2522 2808 2643 2864 est,
2699 2800 2966 2871 signaque
3014 2807 3067 2852 et
3111 2805 3364 2867 portenta

1794 2894 1964 2950 edidit
1990 2914 2001 2948 :
2033 2903 2147 2948 tum
2178 2908 2309 2947 vero
2337 2892 2454 2948 suis
2483 2891 2770 2961 discipulis
2791 2929 2805 2953 ,
2833 2897 2888 2943 et
2917 2888 3174 2942 omnibus
3200 2927 3214 2950 ,
3243 2889 3366 2957 qui-

1795 3002 2010 3056 cunque
2056 2993 2214 3040 autea
2260 2983 2573 3039 simulacris
2615 2982 2854 3044 addicti,
2899 2980 2952 3034 in
2995 2979 3151 3034 fidem
3193 2979 3367 3048 ipsius

1795 3079 2112 3141 venissent,
2147 3079 2440 3148 praecepit,
2473 3091 2541 3129 ne
2571 3074 2808 3144 amplius
2838 3071 3250 3142 superstitionis
3280 3085 3368 3124 er-

1797 3188 1974 3227 rorem
2005 3172 2116 3225 ullo
2160 3169 2322 3223 modo
2364 3169 2653 3231 timerent,
2701 3181 2888 3221 verum
2932 3165 3146 3234 potius,
3177 3177 3369 3233 quam-

1793 3265 1876 3319 vis
1905 3264 2054 3334 ipsos
2083 3262 2382 3332 agitarent,
2429 3266 2523 3312 aut
2567 3259 2729 3313 etiam
2767 3267 3059 3328 cogerent,
3103 3256 3194 3326 qui
3224 3254 3366 3324 apud

1793 3363 1983 3425 gentes
2017 3353 2270 3408 colebant
2319 3350 2650 3413 simulacra,
2703 3364 2949 3418 quaerere
2995 3347 3267 3418 Pythones
3314 3353 3368 3400 et

1793 3446 2017 3500 oracula
2051 3444 2358 3498 diemonum
2395 3451 2653 3510 tanquam
2695 3439 3070 3502 admirabilia,
3101 3446 3155 3492 et
3197 3438 3364 3492 nullis

1795 3539 2042 3608 partibus
2095 3534 2357 3589 inferiora
2439 3533 2752 3587 divinorum
2799 3531 3016 3601 Deoque
3061 3531 3365 3584 amicorum

1794 3630 2112 3690 hominum,
2160 3627 2479 3698 prophetico
2519 3627 2664 3689 ritu,
2705 3633 2948 3680 attamen
2983 3625 3083 3696 ipsi
3128 3623 3237 3678 illis
3278 3639 3367 3678 re-

1793 3723 2125 3794 sponderent
2191 3738 2254 3776 ac
2317 3722 2605 3777 dicerent:
2649 3738 2665 3770 ι
2699 3719 2838 3786 Quid
2899 3719 3236 3786 interrogant
3290 3715 3366 3772 de

1797 3816 2105 3870 viventibus
2147 3801 2436 3870 mortuos?
2464 3815 2634 3885 legem
2680 3813 2823 3868 enim
2872 3811 2924 3865 in
2973 3809 3235 3864 auxilium
3279 3809 3370 3864 de-I

1795 3905 1912 3961 dit:
1951 3926 1969 3958 »
1997 3913 2050 3960 et
2091 3921 2212 3975 quae
2252 3907 2513 3976 deinceps
2560 3914 2886 3975 sequuntur.
2930 3901 3038 3957 Eos
3080 3901 3224 3956 enim
3272 3902 3366 3971 qui

1797 3997 1961 4053 semel
1997 4005 2050 4051 et
2081 3998 2252 4066 legem
2298 4005 2352 4051 et
2408 3995 2674 4049 salutaria
2718 4001 2991 4064 prmcepta
3025 3993 3092 4047 ad
3130 3991 3368 4062 propria:

1797 4089 2044 4160 ipsorum
2098 4089 2225 4142 vitae
2274 4103 2432 4158 Opem
2489 4095 2654 4156 atque
2706 4084 2972 4139 medelam
3023 4084 3366 4154 acceperint,

1796 4184 2019 4237 oracula
2077 4198 2199 4252 qua:
2257 4180 2576 4235 clmmonicis
2614 4178 2902 4232 fraudibus
2962 4176 3089 4230 nixa
3148 4190 3369 4246 respono

1797 4275 1994 4338 deant,
2045 4274 2318 4329 curiosius
2370 4272 2648 4344 inquirere
2706 4282 3176 4340 supervacaneum
3255 4267 3370 4321 ina-

1797 4381 1975 4436 neque
2008 4364 2192 4420 fuerit.

1903 4482 1980 4536 Ab
2019 4480 2215 4535 eodem.
2246 4511 2316 4520 —
2343 4479 2418 4533 De
2447 4475 2785 4533 enuntianda
2819 4485 2912 4528 aut
2941 4471 3260 4536 indicando,

2117 4551 2242 4604 dum
2285 4549 2546 4603 miracula
2585 4549 2754 4602 ederet
2787 4547 3048 4601 Christus.

1875 4667 1892 4699 ι
1920 4646 2086 4702 Jacob
2131 4662 2265 4716 puer
2295 4660 2448 4700 meus
2471 4684 2486 4707 ,
2522 4643 2818 4712 suscipiam
2854 4657 2976 4696 eum
3007 4658 3019 4693 :
3055 4637 3223 4694 Israel
3265 4636 3377 4691 ele-

1795 4748 1919 4795 ctus
1966 4755 2154 4803 meus,
2188 4737 2489 4808 assumpsit
2519 4751 2641 4790 eum
2674 4735 2856 4788 anima
2891 4746 3008 4786 mea
3045 4749 3058 4786 :
3099 4729 3367 4800 judicium

1794 4834 2047 4904 gentibus
2083 4832 2356 4903 proferet,
2390 4847 2501 4885 non
2537 4828 2827 4891 clamabit,
2877 4841 3054 4896 neque
3095 4826 3366 4888 remittet,

1795 4941 1972 4995 neque
2036 4924 2198 4996 452
2238 4923 2492 4978 audietur
2543 4922 2679 4978 foris
2732 4935 2836 4974 vox
2891 4919 3043 4988 ejus,
3098 4917 3368 4972 calamum

1795 5018 2090 5071 contritum
2141 5033 2248 5069 non
2303 5014 2548 5085 franget,
2605 5021 2659 5068 et
2709 5012 2881 5065 linum
2933 5009 3204 5079 fumigans
3254 5021 3366 5060 non

1794 5111 2134 5179 exstinguet,
2168 5108 2260 5163 sed
2295 5108 2350 5161 in
2384 5105 2615 5160 veritate
2649 5103 2892 5174 proferet
2935 5100 3238 5171 judicium,
3281 5113 3368 5153 re-

1796 5201 2101 5272 splendebit
2136 5207 2190 5254 et
2221 5217 2329 5254 non
2375 5195 2858 5269 conquassabitur,
2893 5195 3072 5249 donec
3110 5199 3279 5262 ponat
3310 5191 3367 5244 in

1797 5302 1942 5348 terra
1988 5293 2250 5362 judicium
2278 5331 2293 5354 ,
2343 5301 2397 5345 et
2435 5291 2490 5344 in
2532 5289 2754 5344 nomine
2787 5287 2908 5357 ejus
2954 5293 3142 5356 gentes
3179 5298 3367 5352 spera-

1794 5385 1953 5439 bunt.
1993 5384 2084 5438 Sic
2118 5383 2251 5437 dicit
2288 5383 2552 5437 Dominus
2587 5379 2731 5436 Deus
2765 5381 2857 5450 qui
2892 5379 3019 5435 fecit
3051 5378 3285 5442 cmlum,
3314 5382 3370 5431 et

1796 5477 2029 5532 intendit
2065 5475 2234 5539 illud,
2271 5475 2365 5546 qui
2403 5475 2637 5530 firmavit
2669 5482 2872 5530 terram
2906 5477 2960 5526 et
2992 5485 3056 5525 ea
3091 5483 3210 5540 qua!
3239 5475 3369 5524 sunt

1744 5589 1753 5599 ·
1795 5571 1849 5624 in
1884 5571 1999 5641 ipsa
2022 5609 2036 5630 ,
2074 5568 2280 5638 quique
2313 5567 2408 5621 dat
2441 5566 2626 5620 ﬂatum
2660 5564 2896 5636 populo,
2935 5561 3027 5633 qui
3058 5570 3143 5617 est
3183 5558 3235 5614 in
3270 5576 3367 5629 ea,

1794 5671 1848 5720 et
1895 5663 2148 5733 spiritum
2198 5660 2537 5716 calcantibus
2589 5673 2732 5713 eam.
2789 5656 2900 5728 Ego
2934 5655 3195 5712 Dominus
3226 5652 3370 5709 Deus

1796 5762 1922 5809 tuus
1951 5752 2139 5808 vocavi
2168 5761 2217 5809 te
2243 5752 2299 5805 in
2329 5751 2545 5822 justitia
2570 5792 2585 5816 ,
2618 5757 2674 5806 et
2707 5748 3111 5820 apprehendam
3147 5759 3366 5800 manum

1796 5853 1972 5914 tuam,
2007 5853 2060 5901 et
2091 5843 2459 5902 corroborabo
2495 5849 2546 5898 te
2568 5884 2582 5907 ,
2634 5852 2687 5897 et
2717 5840 2840 5897 dedi
2875 5852 2925 5896 te
2986 5839 3040 5896 in
3073 5844 3368 5894 tcstamcn-
