3928 6536
552 409 657 466 703

1224 405 1496 464 EUSEBII
1533 403 2014 462 CESARIENSIS
2051 405 2204 464 OPP.
2243 405 2424 462 PARS
2453 405 2519 461 ll.
2556 435 2624 444 —
2663 399 3166 458 APOLOGETICA.

3711 393 3810 451 τοι

553 541 670 586 tum
701 529 918 602 generis
951 529 1006 582 in
1035 528 1218 582 lumen
1255 527 1498 600 gentium
1522 567 1536 592 ,
1573 535 1631 582 ut
1662 527 1903 598 aperires
1931 527 2121 584 oculos

2240 525 2530 598 ὶφθαλμοὺς
2555 521 2793 590 τυφλῶν,
2831 521 2924 575 καὶ
2961 521 3248 588 ἐξαγαγεῖν
3297 521 3360 572 ἐκ
3405 515 3626 588 δεσμῶν
3667 514 3810 567 δεδε-

553 637 826 679 caecorum
849 663 864 684 .
899 629 954 675 et
998 621 1263 676 educeres
1304 637 1370 676 ex
1407 621 1644 676 vinculis
1677 621 1944 692 illigatos,
1979 621 2129 677 etde

554 717 718 770 domo
749 713 988 768 carceris
1021 712 1274 767 sedentes
1308 713 1362 766 in
1399 712 1644 767 tenebris
1671 712 1740 767 ".
1775 731 1794 764 ι
1823 713 1996 782 Atque
2025 713 2129 766 bu-

548 807 642 877 jus
685 805 790 860 loci
835 805 1170 874 evangelista
1203 804 1479 869 meminit,
1515 819 1624 874 quo
1657 813 1902 875 tempore
1929 803 2126 858 Phari-

561 900 654 954 saei
721 897 1014 952 consilium
1071 907 1334 966 ceperunt
1384 904 1573 950 contra
1629 893 1964 951 Salvatorem
2026 911 2128 950 no-

553 1001 727 1046 sti-um
751 1031 765 1054 ,
815 999 873 1044 ut
900 1005 1024 1045 eum
1059 990 1458 1055 interficerent,
1497 999 1780 1060 propterea
1815 992 1960 1060 quod
1992 989 2129 1043 Sab-

551 1083 694 1140 batis
715 1091 1044 1154 aegrotantes
1067 1091 1316 1148 curaret;
1339 1102 1356 1134 ι
1385 1092 1514 1136 tunc
1539 1083 1705 1146 enim,
1732 1082 1944 1156 inquit,
1967 1080 2129 1138 Jesus

553 1177 828 1231 intellecta
863 1175 1152 1229 adversum
1218 1191 1276 1230 se
1309 1175 1749 1244 conspiratione,
1787 1177 2012 1231 secessit
2047 1175 2130 1228 in-

552 1268 655 1331 de,
694 1278 747 1321 et
789 1275 994 1321 secuta:
1039 1273 1167 1319 sunt
1213 1283 1335 1319 cum
1374 1267 1548 1319 turltae
1583 1267 1794 1329 multae,
1833 1275 1886 1321 et
1915 1267 2129 1320 curavit

553 1374 650 1415 eos
681 1373 904 1422 omnes,
950 1365 1004 1411 et
1045 1357 1304 1426 praecepit
1343 1358 1423 1411 eis
1468 1373 1533 1410 ne
1562 1357 1913 1412 manifestum
1948 1357 2127 1429 ipsum

554 1450 804 1506 facerent
838 1450 908 1504 ".
941 1469 959 1501 ι
992 1449 1202 1516 Quibus
1250 1449 1365 1503 hate
1403 1448 1653 1518 adjungit
1687 1449 1945 1519 deinceps
1973 1467 1987 1503 :
2029 1450 2133 1504 «Et

553 1545 672 1600 haec
693 1545 899 1608 omnia,
935 1543 1133 1614 ittquit,
1171 1543 1311 1598 facta
1338 1555 1468 1598 sunt
1502 1562 1514 1598 :
1557 1563 1574 1594 ι
1620 1544 1720 1597 hoc
1751 1550 1835 1599 est
1867 1541 2014 1612 quod
2046 1557 2132 1596 se-

559 1634 823 1698 cesserit,
857 1635 1002 1704 quod
1036 1635 1394 1688 declinaverit
1429 1633 1818 1697 insidiatores,
1859 1633 2004 1704 quod
2047 1633 2130 1687 la-

555 1733 674 1780 tere
709 1725 984 1780 studuerit
1011 1765 1024 1788 ,
1061 1724 1189 1778 dum
1227 1725 1492 1779 miracula
1523 1725 1734 1790 ederet,
1767 1725 2021 1796 quodque
2049 1725 2131 1782 eis

558 1833 700 1889 quos
730 1825 1021 1881 curasset,
1061 1817 1422 1888 praeceperit,
1458 1833 1527 1871 ne
1562 1817 1914 1872 manifestum
1951 1818 2128 1886 ipsum

559 1909 803 1970 facerent
823 1949 836 1974 ,
872 1929 890 1960 ι
923 1918 982 1963 ut
1015 1910 1336 1980 impleretur
1366 1909 1511 1979 quod
1539 1909 1742 1963 dictum
1772 1918 1850 1963 est
1879 1923 1973 1978 per
2003 1923 2129 1978 pro-
2163 1893 2203 1947 Β

557 2001 776 2072 pbetam
814 2000 1083 2054 dicentem
1115 2019 1129 2054 :
1176 2000 1317 2055 Ecce
1359 2015 1494 2070 puer
1537 2016 1720 2064 meus.
1756 2001 1810 2053 in
1840 2015 1947 2070 quo
1981 2015 2130 2054 eom-

558 2092 738 2163 placui
775 2110 789 2147 :
826 2091 1061 2148 dilectus
1107 2108 1290 2158 meus,
1335 2109 1496 2162 quem
1547 2093 1707 2163 elegit
1755 2092 1938 2146 anima
1989 2107 2128 2146 mea.

557 2185 763 2240 Ponam
791 2186 1040 2255 spiritum
1065 2201 1243 2239 meum
1271 2201 1433 2256 super
1457 2201 1579 2240 eum
1601 2227 1613 2247 ,
1642 2193 1695 2240 et
1713 2183 1978 2254 judicium
2003 2199 2133 2256 gen-

559 2279 710 2334 tibus
753 2279 1049 2332 nuntiabit.
1094 2277 1212 2332 Non
1272 2277 1565 2332 contendet
1609 2293 1787 2348 neque
1840 2277 2128 2341 clamabit,

561 2387 738 2439 neque
767 2371 951 2426 audiet
981 2371 1250 2440 quispiam
1283 2370 1337 2422 in
1363 2370 1552 2440 plateis
1575 2385 1761 2424 vocem
1791 2370 1927 2439 ejus.
1949 2369 2132 2422 Arun-

557 2464 742 2520 dinem
784 2473 1098 2534 quassatam
1141 2465 1250 2518 no'n
1289 2463 1633 2532 confringet,
1663 2471 1716 2516 et
1757 2463 1928 2516 limnn
1971 2461 2133 2516 fumi-

563 2573 699 2630 gans
739 2573 848 2612 non
893 2557 1236 2628 exstinguet,
1285 2557 1460 2612 donec
1509 2557 1696 2624 ejiciat
1749 2556 1802 2610 in
1847 2555 2131 2610 victoriam

558 2650 824 2718 judicium
846 2689 861 2710 ,
889 2657 942 2704 et
973 2650 1026 2702 in
1060 2647 1280 2702 nomine
1312 2648 1433 2716 ejus
1466 2656 1657 2718 gentes
1686 2647 1984 2718 sperabunt
2015 2645 2080 2702 ".
2109 2665 2127 2696 ι

559 2738 954 2794 Animadverte
1001 2739 1291 2808 diligenter
1341 2753 1578 2808 quonam
1633 2738 1795 2792 modo
1851 2737 2133 2793 Mattlueus

559 2832 654 2886 ubi
699 2832 837 2886 dixit
865 2851 877 2886 :
911 2851 929 2882 ι
961 2831 1102 2886 Ecce
1147 2847 1281 2902 puer
1323 2845 1476 2885 meus
1505 2847 1664 2900 quem
1699 2833 1869 2902 elegi,
1901 2832 2134 2886 dilectus

561 2940 719 2979 meus
759 2924 817 2978 in
863 2939 971 2994 quo
1015 2923 1346 2992 complacuit
1386 2924 1567 2976 anima
1614 2937 1762 2984 mea,
1797 2941 1815 2974 ι
1843 2937 2016 2992 neque
2043 2920 2134 2976 Ja-

562 3017 702 3080 cob,
739 3032 916 3086 neque
961 3017 1130 3072 lsrael
1171 3017 1574 3080 nominaverit;
1625 3031 1734 3070 non
1775 3015 1920 3070 enim
1953 3015 2128 3070 dixit:

561 3105 732 3162 Jacob
764 3123 897 3176 puer
929 3123 1119 3172 meus,
1157 3109 1324 3164 Israel
1357 3109 1562 3164 electus
1594 3123 1746 3162 meus
1767 3147 1782 3169 ,
1815 3107 1910 3162 sed
1942 3105 2135 3162 indefi-

2231 620 2443 692 μένους,
2470 617 2564 672 καὶ
2589 615 2648 681 ἐξ
2667 615 2817 668 οἴκου
2843 613 3088 685 φυλακῆς
3111 612 3453 684 καθημένους
3477 612 3540 663 ἐν
3565 609 3768 662 σκότει.
3789 627 3806 660 ι

2227 713 2337 766 Καὶ
2367 710 2566 780 ταύτης
2605 711 2633 762 6
2666 705 3057 778 εύαγγελιστὴς
3092 724 3196 778 μνη
3207 707 3419 778 μονεύει
3449 703 3558 773 τῆς
3587 701 3808 767 λέξεως.

2226 803 2315 856 ὅτε
2343 801 2650 868 ἐξελθόντες
2679 801 2729 853 οῖ
2759 801 3041 872 Φαρισαῖοι
3078 797 3400 869 συμϐούλιον
3437 795 3636 850 ἔλαϐον
3677 795 3808 848 κατὰ

2226 896 2320 950 τοῦ
2350 893 2600 964 Σωτῆρος
2633 889 2809 962 ἡμῶν,
2853 891 3000 954 ὅπως
3037 889 3195 943 αὐτόν
3233 887 3595 951 ἀπολέσωσιν,
3627 885 3808 954 ἐπειδῆ

2227 991 2340 1051 τοῖς
2359 985 2630 1042 Σάϐϐασιν
2659 983 2786 1048 τοὺς
2817 983 3125 1052 κάμνοντας
3152 981 3469 1053 ἐθεράπευε.
3501 998 3524 1032 ι
3565 979 3641 1032 T6
3661 996 3806 1048 τηνι-

2227 1077 2404 1134 καῦτα
2449 1076 2577 1146 γὰρ,
2643 1074 2717 1138 ὥς
2769 1091 2924 1144 φησι,
2983 1073 3144 1141 γνοὺς
3199 1073 3228 1124 6
3271 1071 3477 1143 Ἰησοῦς
3550 1071 3656 1141 τὴν
3693 1069 3806 1123 καθ’

2228 1169 2392 1226 αὐτοῦ
2426 1166 2713 1238 συσκευὴν,
2751 1165 3096 1237 ἀνεχώρησεν
3129 1163 3356 1228 ἐκεῖθεν,
3393 1165 3486 1217 καὶ
3511 1163 3808 1234 ἠκολούθη-

2229 1281 2329 1316 σαν
2350 1259 2497 1331 αύτῷ
2523 1260 2668 1331 ὄχλοι
2702 1259 2905 1322 πολλοὶ,
2941 1257 3034 1311 καὶ
3059 1257 3422 1329 ἐθεράπευσεν
3449 1257 3654 1320 αὐτοὺς
3681 1257 3808 1309 πᾶν·

2226 1373 2345 1420 τας,
2401 1355 2494 1409 καὶ
2539 1352 2845 1424 ἐπέπληξεν
2892 1352 3074 1415 αὐτοῖς
3117 1351 3204 1404 ἴνα
3259 1349 3333 1422 μὴ
3375 1350 3612 1419 φανερὸν
3653 1349 3806 1402 αὐτὸν

2231 1450 2543 1520 ποιήσωσιν·
2573 1465 2591 1496 ι
2636 1439 2718 1508 οἷς
2746 1443 2998 1514 ἐπιφέρει
3029 1442 3222 1511 λέγων·
3252 1461 3271 1493 ι
3305 1443 3416 1494 Καὶ
3441 1443 3615 1495 ταῦτα
3639 1441 3806 1496 πάντα

2229 1540 2439 1610 γέγονε,
2471 1558 2488 1590 ι
2531 1537 2853 1591 τουτέστιτὸ
2869 1537 3166 1607 ἀναχωρεῖν
3201 1535 3382 1596 αὑτὸν,
3409 1535 3504 1588 καί⁸
3538 1533 3600 1586 τὸ
3633 1533 3808 1586 ἐκκλε-

2228 1650 2341 1686 νειν
2369 1634 2494 1695 τοὺς
2524 1627 2859 1694 ἐπιϐούλους,
2888 1629 2982 1681 καὶ
3008 1628 3068 1680 τὸ
3105 1627 3385 1681 λανθάνειν
3411 1625 3734 1690 σπουδάζειν
3749 1627 3804 1679 ἐν

2229 1721 2310 1789 οἷς
2335 1725 2538 1797 ἔπραξε
2560 1721 2901 1793 παραδόξοις,
2939 1721 3032 1774 καὶ
3069 1720 3129 1773 τὸ
3165 1721 3481 1792 παρεγγυᾷν
3517 1721 3628 1780 τοῖς
3655 1718 3802 1790 θερα-

2233 1815 2550 1887 πευομένοις
2593 1813 2666 1885 μὴ
2701 1811 2930 1884 φανερὸν
2964 1811 3123 1866 αὐτὸν
3154 1815 3348 1876 ποιεῖν,
3379 1829 3397 1862 ι
3435 1812 3522 1864 ἴνα
3549 1809 3796 1882 πληρωθῇ

2231 1906 2292 1959 τὸ
2326 1905 2485 1978 ῥηθὲν
2519 1903 2608 1958 διὰ
2649 1903 2742 1957 τοῦ
2789 1903 3065 1975 προφήτου
3103 1901 3384 1972 λέγοντος·
3434 1903 3566 1956 Ἰδοὺ
3611 1905 3640 1955 6
3683 1905 3798 1964 παῖς

2238 2017 2359 2070 μου,
2401 1999 2458 2051 ὃν
2495 1997 2756 2069 ᾑρέτισα,
2801 1997 2829 2048 6
2870 1996 3153 2066 ἀγαπητός
3188 2012 3289 2066 μου
3321 1997 3402 2059 είς
3434 1996 3493 2047 ὃν
3519 1994 3799 2064 εὐδόκησεν

2235 2093 2268 2161 ἡ
2306 2090 2448 2162 ψυχή
2505 2107 2626 2160 μου.
2667 2091 2829 2162 Θήσω
2861 2089 2920 2144 τὸ
2954 2090 3170 2162 πνεῦμά
3221 2107 3320 2161 μου
3371 2091 3456 2143 ἐπ’
3497 2090 3678 2154 αὐτὸν,
3715 2091 3796 2141 καὶ

2233 2183 2413 2254 κρίσιν
2434 2185 2546 2246 τοῖς
2579 2183 2784 2238 ἔθνεσιν
2815 2183 3136 2253 ἀπαγγελεῖ.
3169 2184 3282 2238 Οὐκ
3303 2183 3474 2255 ἐρίσει
3497 2183 3616 2236 ούδέ
3643 2200 3798 2254 κραυ-

2233 2277 2411 2345 γάσει,
2443 2277 2561 2330 ούδέ
2596 2277 2890 2331 ἀκούσεταί
2919 2295 3004 2341 τις
3033 2279 3090 2331 ἐν
3121 2280 3240 2340 ταῖς
3263 2277 3545 2340 πλατείαις
3575 2275 3672 2344 τὴν
3701 2292 3797 2342 φω-

2235 2370 2331 2441 νὴν
2360 2371 2542 2424 αὑτοῦ.
2575 2370 2833 2442 Κάλαμον
2863 2371 3316 2443 συντετριμμένον
3339 2371 3399 2423 οὐ
3423 2368 3692 2433 κατεάξει,
3716 2368 3798 2420 καὶ

2233 2460 2378 2514 λίνον
2407 2462 2706 2534 τυφόμενον
2739 2463 2798 2516 οὐ
2837 2463 3037 2528 σϐέσει,
3077 2463 3180 2528 ἕως
3218 2462 3283 2516 ἂν
3316 2461 3520 2532 ἐκϐάλῃ
3557 2465 3634 2525 είς
3664 2463 3796 2523 νῖκος

2235 2554 2331 2626 τὴν
2357 2555 2535 2627 κρίσιν
2561 2555 2653 2609 καὶ
2674 2557 2766 2609 ἐπὶ
2787 2555 2864 2628 τῷ
2904 2555 3126 2627 ὀνόματι
3153 2553 3316 2608 αὐτού
3349 2555 3474 2626 ἔθνη
3505 2553 3754 2607 ἐλπιοῦσι.
3775 2573 3790 2603 ι

2235 2647 2400 2718 Τήρει
2441 2646 2498 2700 δέ
2535 2645 2810 2719 ἐπιμελῶς
2841 2649 2961 2701 τίνα
2998 2649 3195 2719 τρόπον
3234 2651 3262 2702 ό
3305 2647 3580 2711 Ματθαῖος
3621 2645 3790 2699 εἰπὼν·

2241 2756 2259 2789 ι
2311 2739 2440 2793 Ἰδοὺ
2471 2743 2498 2794 6
2533 2743 2664 2806 παῖς
2695 2759 2818 2812 μου,
2849 2742 2906 2795 ὃν
2943 2743 3190 2814 ᾑρέτισα,
3222 2745 3250 2796 ό
3283 2742 3565 2812 ἀγαπητός
3599 2760 3714 2812 μου,
3745 2744 3794 2793 ἐν

2233 2823 2277 2898 ᾧ
2299 2830 2587 2902 εὐδόκησεν
2613 2835 2645 2904 ἡ
2675 2833 2819 2905 ψυχή
2851 2851 2972 2906 μου,
3011 2833 3189 2887 ’.οὔτε
3218 2833 3312 2888 τοῦ
3357 2833 3550 2887 Ἰακὼϐ
3577 2833 3694 2887 οὗτε
3711 2831 3790 2885 τοῦ

2247 2923 2460 2996 Ἰσραὴλ
2497 2925 2760 2998 ἐμνήσθη.
2798 2927 2870 2979 Οὐ
2901 2925 3008 2998 γὰρ
3043 2922 3211 2978 εἶπεν·
3250 2924 3440 2978 Ἰακὼϐ
3467 2928 3496 2979 6
3527 2928 3653 2988 παῖς
3686 2943 3791 2996 μου,

2249 3016 2465 3088 Ἰσραὴλ
2496 3019 2524 3070 6
2553 3017 2804 3082 ἐκλεκτός
2839 3036 2963 3090 μου,
3006 3019 3273 3090 ἀορίστως
3305 3017 3361 3071 δέ
3404 3017 3688 3090 ἐξήνεγκεν
3724 3019 3790 3068 εξ-

2237 3107 2373 3163 πών·
2409 3127 2426 3159 ι
2462 3107 2592 3163 Ἰδοὺ
2611 3111 2640 3163 ό
2663 3113 2791 3174 παῖς
2815 3127 2936 3181 μου,
2959 3111 3054 3164 καὶ
3075 3112 3102 3163 6
3125 3110 3403 3179 ἀγαπητός
3428 3127 3551 3180 μου.
3584 3129 3602 3160 ›
3633 3107 3790 3168 Ὅθεν,

563 3199 678 3252 nite
705 3198 1044 3262 enuntiavit,
1078 3198 1268 3254 dicens
1296 3217 1310 3254 :
1349 3217 1366 3250 ι
1397 3197 1537 3252 Ecce
1569 3213 1704 3267 puer
1733 3213 1887 3252 meus
1907 3235 1922 3260 ,
1960 3205 2015 3252 et
2051 3196 2134 3250 di-

2240 3201 2313 3265 ὡς
2327 3200 2460 3273 μηδέ
2471 3202 2530 3254 ἐν
2539 3201 2616 3272 τῷ
2641 3200 2912 3272 Ἐϐραῖκῷ
2922 3201 3022 3270 τῆς
3035 3199 3361 3271 προφητείας
3375 3215 3458 3251 κει
3467 3198 3652 3268 μένης,
3665 3195 3792 3266 παρὰ

565 3292 742 3348 lectus
773 3307 948 3348 meus.
981 3311 999 3344 ι
1026 3289 1328 3358 Quocirca,
1357 3290 1513 3360 quasi
1545 3289 1599 3344 in
1627 3288 1892 3344 Hebraieo
1918 3289 1981 3344 e'a
2010 3305 2136 3359 pro-

563 3383 750 3455 pbetia
803 3399 912 3438 non
963 3385 1058 3446 sit,
1097 3384 1238 3454 apud
1283 3384 1431 3453 ipsos
1472 3383 1690 3453 quidem
1723 3380 1865 3436 LXX
1897 3381 2137 3437 obelisco

565 3477 840 3546 signatum
885 3485 970 3532 est
1023 3491 1222 3530 nomen
1275 3473 1481 3540 Jacob,
1547 3481 1712 3544 atque
1745 3472 1915 3528 Israel
1945 3493 1958 3528 :
1991 3473 2137 3545 apud

567 3565 809 3634 reliquos
868 3573 1048 3620 autem
1107 3565 1434 3636 interpretes
1489 3563 1708 3619 silentio
1761 3562 2136 3632 praeteritum,

567 3665 854 3726 propterea
902 3656 1048 3726 quod
1100 3671 1169 3710 ne
1221 3657 1278 3710 in
1330 3654 1596 3710 llebraico
1645 3655 1864 3724 quidem
1909 3655 2136 3711 feratur.

566 3748 727 3820 5.53
755 3748 988 3803 Proinde
1029 3749 1192 3804 etiam
1223 3748 1560 3818 evangelista
1595 3747 1788 3802 merito
1837 3745 1888 3800 id
1914 3755 2142 3816 praeter-

567 3842 740 3902 misit,
777 3841 982 3912 quippe
1011 3842 1104 3911 qui
1137 3852 1190 3896 et
1219 3841 1481 3898 Hebraeus
1508 3849 1676 3904 esset,
1728 3847 1782 3896 et
1814 3840 1870 3894 in
1903 3839 2142 3911 prophe-

565 3934 658 3988 tia:
691 3934 966 4003 positione
995 3932 1294 3990 Hebraicos
1325 3933 1495 3988 libros
1531 3942 1872 4002 sequeretur.
1903 3929 2045 4002 Ergo
2073 3947 2142 3987 ne

569 4025 898 4080 sententiam
921 4025 1140 4095 quidem
1169 4026 1214 4081 si
1247 4035 1482 4096 spectes,
1518 4024 1718 4096 populo
1747 4024 1814 4078 ad
1845 4023 2140 4078 circumci-

569 4117 780 4174 sionem
821 4119 1110 4188 spectanti,
1145 4117 1427 4172 oraculum
1469 4115 1868 4172 accommodari
1915 4115 2140 4186 poterit,

569 4209 666 4265 sed
693 4209 786 4264 uni
817 4208 1038 4264 Christo
1074 4208 1188 4272 Dei,
1219 4209 1306 4264 cui
1340 4216 1394 4264 et
1421 4209 1538 4278 ipsa
1569 4206 1844 4262 evidentia
1901 4215 1957 4261 et
1987 4222 2147 4262 even-

567 4308 661 4356 tus
699 4317 880 4356 rerum
917 4300 1074 4356 fidem
1127 4301 1487 4356 indubitatam
1519 4299 1666 4355 facit.
1699 4299 1852 4354 Unus
1881 4299 2026 4354 enim
2057 4300 2145 4353 hic

571 4393 815 4448 futurum
857 4393 1128 4464 judicium
1179 4394 1432 4464 gentibus
1491 4393 1706 4464 publice
1763 4392 2142 4459 denuntiavit,

570 4500 696 4539 eum
721 4486 962 4555 seipsum
985 4487 1149 4542 tacite
1175 4486 1228 4540 in
1259 4487 1424 4542 vitam
1447 4487 1728 4541 hominum
1761 4485 2142 4548 insinuaverit,

2247 3292 2344 3365 μέν
2362 3295 2474 3356 τοῖς
2505 3293 2901 3365 Ἐϐδομήκοντα
2928 3291 3213 3346 ὠϐέλισται
3235 3291 3295 3344 τὸ
3311 3289 3405 3342 τοὺ
3447 3287 3638 3342 Ἰακὼϐ
3655 3286 3792 3340 καὶτὸ

2241 3385 2335 3440 τοῦ
2363 3385 2574 3458 Ἰσραὴλ
2585 3385 2770 3456 ὄνομα·
2787 3387 2881 3440 καὶ
2895 3405 2967 3439 πα
2975 3386 3039 3455 ρά
3050 3388 3160 3450 τοῖς
3171 3384 3372 3446 λοιποῖς
3385 3383 3442 3436 δὲ
3459 3384 3484 3434 ἐ
3493 3399 3522 3452 ρ
3529 3382 3791 3452 μηνευταῖς

2245 3475 2752 3547 παρασεσιώπηται,
2787 3478 2908 3531 ἐπεὶ
2931 3473 3054 3549 μηδ’
3078 3477 3134 3529 ἐν
3159 3475 3237 3546 τῷ
3274 3473 3546 3546 Ἐϐραῖκῷ
3571 3475 3788 3544 φέρεται.

2249 3571 2436 3626 ’Ἔνθεν
2489 3571 2710 3635 εἰκότως
2741 3569 2858 3624 οὐδὲ
2893 3567 3041 3638 παρά
3088 3566 3166 3638 τῷ
3215 3564 3570 3635 εὐαγγελιστῇ
3605 3565 3792 3634 εἴρηται

2257 3663 2494 3735 Ἑϐραίῳ
2525 3663 2635 3716 δντι
2661 3703 2676 3725 ,
2726 3662 2818 3715 καὶ
2867 3659 3172 3723 ἀκολούθως
3221 3660 3287 3728 τῇ
3323 3657 3594 3726 Ἐϐραίων
3629 3655 3790 3727 γραφῇ

2245 3755 2344 3826 τὴν
2375 3755 2704 3828 προφητείαν
2734 3753 3034 3824 ἐκθεμένῳ.
3059 3747 3358 3822 Τοιγαροῦν
3391 3747 3516 3800 οὔτε
3541 3747 3675 3800 κατὰ
3701 3746 3792 3798 διὰ-

2247 3843 2395 3900 νοιαν
2420 3845 2497 3916 τῷ
2529 3847 2592 3898 ἐκ
2616 3845 2916 3917 περιτομῆς
2946 3842 3059 3912 λαῷ
3082 3841 3149 3895 τά
3183 3839 3546 3910 θεσπιζόμενα
3573 3833 3790 3910 ἁρμόζει,

2253 3939 2396 4009 μόνῳ
2421 3937 2477 3991 δέ
2505 3937 2581 4008 τῷ
2613 3935 2830 4008 Χριστῷ
2861 3935 2953 3990 τοῦ
2981 3933 3114 3988 Θεοῦ
3141 3931 3574 4006 μαρτυρουμένῳ
3595 3931 3692 3984 ὑπὸ
3713 3929 3792 3998 τῆς

2249 4029 2536 4100 ἐναργείας
2564 4029 2656 4082 καὶ
2683 4029 2781 4099 τῆς
2813 4027 2922 4081 τῶν
2951 4027 3291 4100 πραγμάτων
3322 4025 3618 4090 ἐκϐάσεως.
3645 4026 3791 4085 Μόνος

2249 4121 2357 4192 γὰρ
2390 4113 2544 4182 οὗτος
2564 4121 2662 4191 τὴν
2699 4119 2995 4191 μέλλουσαν
3029 4118 3208 4190 κρίσιν
3239 4120 3351 4180 τοῖς
3377 4117 3554 4170 ἔθνεσι
3586 4117 3792 4187 προεκή-

2255 4213 2437 4283 ρυξεν,
2483 4211 2659 4284 ἠσυχῆ
2704 4211 2780 4282 τῷ
2817 4211 2916 4282 βίῳ
2949 4212 3055 4265 τῶν
3094 4209 3395 4282 ἀνθρώπων
3445 4209 3788 4280 ἐπιδημήσας,

2253 4305 2344 4360 καὶ
2375 4303 2553 4375 κρίσιν
2582 4303 2674 4356 ἐπὶ
2695 4305 2792 4374 τῆς
2823 4303 2928 4374 γῆς
2963 4303 3218 4374 θέμενος⁵
3243 4303 3335 4355 καὶ
3365 4301 3426 4354 ού
3463 4303 3621 4372 μόνον
3654 4301 3790 4354 κάλα-

2255 4415 2354 4472 μον
2387 4397 2840 4470 συντετριμμένον
2865 4397 2924 4450 ού
2961 4395 3222 4462 κατέαξεν
3241 4438 3254 4460 ,
3287 4394 3425 4448 ἀλλά
3446 4435 3462 4460 ,
3490 4397 3540 4447 εί
3567 4395 3701 4447 ἔστιν
3727 4393 3789 4444 εί-

2252 4493 2393 4552 πεῖν,
2421 4489 2729 4559 συνέδησεν,
2759 4487 3072 4560 ἀνορθώσας
3099 4489 3191 4542 καὶ
3223 4487 3476 4560 ἰσχυροὺς
3508 4485 3790 4558 ἀπεργασὰ-

570 4585 737 4648 atque
781 4585 834 4632 in
895 4587 1040 4632 terra
1087 4579 1358 4646 judicium
1415 4581 1678 4650 posuerit,
1725 4586 1778 4634 ct
1821 4595 1929 4633 non
1977 4579 2136 4634 modo

2247 4599 2403 4652 μενος
2435 4583 2564 4645 τοὺς
2613 4581 2885 4646 ἀσθενεῖς,
2913 4581 3006 4634 καὶ
3037 4582 3164 4644 τοὺς
3197 4580 3683 4651 συντετριμμένους
3715 4575 3790 4645 τὴν

569 4668 894 4722 arundinem
929 4671 1220 4724 contritam
1247 4687 1354 4724 non
1383 4669 1674 4741 confregit,
1713 4669 1832 4734 sed,
1861 4671 1908 4725 si
1949 4670 2032 4726 fas
2057 4681 2144 4728 est

569 4759 774 4824 dicere,
805 4763 1103 4832 colligavit.
1141 4777 1264 4816 cum
1311 4763 1556 4818 infirmos
1584 4772 1637 4820 et
1673 4765 1941 4820 contritos
1979 4765 2146 4822 corde

573 4853 826 4914 erexerit,
882 4853 1158 4925 fortesque
1209 4854 1526 4918 reddiderit,
1581 4863 1634 4910 et
1680 4857 2142 4926 quemadmodum

571 4945 820 5002 infirmos
859 4962 923 5002 ac
950 4947 1180 5012 debiles,
1221 4955 1274 5004 et
1311 4965 1424 5005 sua:
1451 4949 1621 5019 ipsius
1659 4952 1958 5008 curationis
1997 4952 2142 5006 indi-

572 5045 762 5106 gentes
805 5054 914 5094 non
947 5039 1312 5110 despiciebat,
1363 5057 1540 5112 neque
1593 5057 1732 5112 quos
1781 5041 1982 5114 prioris
2021 5045 2146 5099 vitae

571 5127 940 5198 paenituisset,
973 5130 1389 5196 condemnabat,
1437 5139 1528 5186 aut
1562 5135 1910 5198 conterebat;
1949 5135 2032 5190 sic
2075 5149 2144 5190 ne

573 5219 698 5276 illos
726 5223 944 5292 quidem
977 5224 1070 5294 qui
1115 5224 1169 5278 in
1215 5225 1372 5280 malis
1421 5233 1856 5296 perseverarent.
1903 5236 1997 5282 aut
2044 5228 2140 5298 qui

573 5315 757 5384 pravis
777 5317 940 5370 animi
964 5315 1246 5372 all'ectibus
1271 5318 1710 5382 incenderentur,
1741 5320 2142 5390 exstinguebat,

572 5414 670 5460 aut
701 5423 768 5462 ne
806 5423 872 5464 ex
921 5424 1020 5464 suo
1059 5412 1335 5482 proposito
1379 5427 1586 5482 suaque
1635 5411 1878 5481 ipsorum
1920 5413 2146 5468 libidine

575 5507 815 5568 agerent,
845 5499 1186 5568 prohibebat;
1211 5519 1386 5572 neque
1413 5517 1542 5558 vero
1575 5511 1771 5574 praeter
1797 5511 2009 5571 tempus
2041 5519 2144 5558 un-
2179 5555 2184 5560 .

575 5603 738 5656 quam
773 5589 968 5644 horum
1003 5591 1236 5662 aliquem
1279 5594 1550 5664 supplicio
1589 5593 1789 5658 affecit,
1818 5595 2016 5664 quippe
2047 5593 2140 5663 qui

575 5677 776 5736 talibus
804 5678 1014 5736 debitas
1045 5697 1140 5752 pro
1186 5683 1397 5738 meritis
1433 5699 1622 5753 pmnas
1656 5685 1710 5739 in
1751 5692 1966 5753 tempus
1993 5700 2142 5739 com-

2251 4673 2496 4744 καρδίαν.
2524 4675 2734 4744 ’Ὠσπερ
2767 4673 2822 4726 δέ
2855 4673 2980 4736 τοὺς
3014 4671 3257 4736 ἀσθενεῖς
3292 4673 3385 4726 καὶ
3428 4672 3688 4742 σαθροὺς,
3717 4668 3790 4722 καὶ

2251 4765 2347 4836 τῆς
2394 4765 2558 4819 αὑτοῦ
2607 4765 2902 4838 θεραπείας
2936 4765 3221 4837 δεομένους
3263 4765 3323 4818 ού
3357 4765 3648 4837 παρεώρα,
3695 4761 3788 4814 οὐδὲ

2255 4857 2649 4928 μετανοοῦντας
2701 4859 3044 4930 κατακρίνων
3091 4857 3436 4930 συνέτριϐεν·
3489 4857 3655 4920 οὕτως
3695 4853 3788 4907 οὐδὲ

2249 4952 2374 5013 τοὺς
2421 4953 2534 5014 τοῖς
2574 4954 2763 5013 κακοῖς
2795 4951 3182 5022 ἐπιμένοντας,
3219 4950 3314 5002 καὶ
3347 4950 3450 5002 ὑπὸ
3493 4949 3596 5002 τῶν
3635 4943 3788 4998 παθῶν

2248 5042 2582 5113 τυφομένους
2613 5043 2894 5106 ὲσϐέννυε,
2930 5042 3151 5095 κωλύων
3193 5041 3344 5112 παρά
3373 5041 3467 5112 τὴν
3494 5040 3660 5094 αὐτῶν
3687 5053 3788 5106 προ-

2249 5135 2460 5206 αίρεσιν
2491 5137 2762 5208 ἐνεργεῖν·
2795 5135 2913 5190 οὐδὲ
2951 5134 3055 5206 μὴν
3089 5133 3240 5206 παρά
3271 5134 3460 5205 καιρὸν
3504 5125 3788 5204 ἐτιμωρεῖτό

2248 5244 2370 5280 τινα
2409 5227 2612 5281 τούτων
2634 5269 2649 5292 ,
2691 5227 2789 5298 τὴν
2821 5229 2940 5280 κατ’
2969 5227 3124 5293 ἀξίαν
3169 5226 3350 5279 αὐτῶν
3377 5226 3592 5280 κόλασιν
3623 5225 3691 5286 είς
3718 5219 3787 5272 τὸν

2251 5319 2350 5390 τῆς
2391 5319 2620 5374 καθόλου
2661 5319 2892 5390 κρίσεως
2917 5319 3108 5388 καιρὸν
3142 5317 3558 5390 ὑπερτιθέμενος
3577 5333 3591 5346 ’
3621 5313 3692 5367 διὸ
3715 5309 3786 5363 λὲ-

2250 5411 2465 5466 λεκται·
2509 5431 2526 5462 ι
2559 5413 2669 5466 Καὶ
2714 5409 2854 5463 λίνον
2899 5411 3200 5482 τυφόμενον
3243 5410 3304 5462 οὐ
3355 5410 3553 5463 σϐέσει.
3585 5429 3602 5460 ι
3641 5409 3785 5458 ’Δντιτ

2249 5521 2384 5574 κρυς
2413 5503 2469 5557 δέ
2500 5503 2670 5575 πέρας
2697 5503 2884 5574 εἴληφε
2913 5503 2990 5567 τὸ,
3021 5523 3038 5553 ι
3069 5505 3176 5556 Καὶ
3209 5505 3266 5556 ἐν
3299 5502 3376 5573 τῷ
3409 5503 3624 5572 ὀνόματι
3651 5491 3782 5553 αὐτοῦ

2249 5593 2374 5665 ἔθνη
2419 5593 2716 5647 ἐλπιοῦσιν.
2753 5613 2771 5644 ι
2821 5593 2944 5646 Ἐπὶ
2976 5593 3120 5664 μόνῳ
3151 5591 3280 5662 γοῦν
3319 5592 3397 5663 τῷ
3437 5591 3532 5645 τοῦ
3573 5587 3780 5658 Σωτῆρος

2247 5685 2403 5756 ἡμῶν
2437 5683 2608 5756 Ἰησοῦ
2643 5685 2878 5757 Χριστοῦ
2913 5685 3134 5756 ὀνόματι
3168 5685 3362 5755 ἤλπισε
3385 5683 3452 5738 τὰ
3481 5673 3778 5756 Χριστιανῶν

645 5857 693 5892 ⁹⁶
731 5855 835 5915 lsa.
867 5872 1014 5924 ιιιι,
1051 5859 1159 5914 1-7.
1235 5862 1280 5894 ’τ
1321 5859 1506 5916 Matth.
1542 5879 1616 5918 xu
1642 5903 1655 5928 ,
1699 5862 1874 5922 l3,i6.
1949 5863 1996 5896 "
2035 5863 2168 5918 ibid.
2210 5859 2387 5919 17-21.
