3928 6516
102 395 200 450 763

948 419 960 431 ·
985 397 1642 458 οΕιιοΝετιιΑτιοΝιε
1681 399 2142 458 ΕνΔΝϐΕιΙΟίΕ
2179 403 2308 460 LIB.
2351 405 2444 465 IX.

3245 413 3350 469 706

100 515 215 582 εθνη
234 555 248 578 ,
285 514 386 584 τὴν
418 515 736 586 ἐπωνυμίαν
776 514 943 572 αυτοῦ
975 517 1051 582 ὡς
1079 519 1285 592 πατρὸς
1315 515 1384 591 ἦς
1413 519 1672 592 παρειλή-

1775 520 1957 575 munis
1979 521 2172 590 judicii
2207 532 2534 588 reservaret,
2559 540 2623 581 ex
2656 541 2770 597 quo
2801 527 2936 583 illud
2981 527 3187 584 dictum
3219 539 3304 585 est
3331 548 3346 584 ι

99 623 250 672 ςασιν
281 607 568 671 εὐσεϐείας
598 611 1036 680 ἐπιγραφόμενα.
1061 611 1169 664 Καὶ
1195 612 1305 683 γὰρ
1331 615 1410 676 εἰς
1441 613 1554 682 φῶς
1577 614 1677 668 οὐκ

96 696 268 760 ἄλλοις
300 698 332 770 ἠ
370 702 485 763 τοῖς
517 699 693 753 ἔθνεσι
725 700 969 755 δεδόσθαι
1004 701 1446 774 προπεφώνηται,
1472 704 1539 756 δι’
1577 705 1676 757 αύ-

94 788 181 842 τοῦ
211 807 268 842 τε
287 831 302 850 ,
339 793 407 861 τῇ
447 783 749 864 προρρήσει
775 793 1085 858 ἀκολούθως
1107 835 1120 860 ,
1151 795 1418 867 ὀφθαλμοὶ
1454 795 1674 866 τυφλῶν

91 884 192 937 τῶν
228 885 398 939 πάλαι
427 885 528 956 τὴν
555 886 794 940 διάνοιαν
823 886 1266 958 πεπηρωμένων,
1298 889 1392 941 καὶ
1420 887 1481 940 οὐ
1511 888 1672 958 μόνον

93 977 305 1040 τούτων,
340 978 482 1032 ἀλλά
526 979 622 1032 καὶ
655 979 764 1032 τῶν
801 980 932 1032 αὐτὸ
965 980 1026 1032 τὸ
1061 979 1220 1050 σῶμα
1250 980 1633 1051 ἠφανισμένων
1653 1019 1668 1044 ,

93 1070 180 1122 καὶ
201 1071 247 1121 οἱ
268 1068 491 1138 δεσμοῖς
510 1086 570 1121 τε
593 1069 686 1123 καὶ
712 1073 921 1140 σειραῖς
953 1069 1260 1140 ἁμαρτιῶν,
1289 1073 1347 1124 ὲν
1372 1072 1552 1125 σκότει
1577 1073 1671 1124 καὶ

91 1161 275 1231 ἀγνοίᾳ
302 1162 406 1231 τῆς
439 1160 674 1229 ἀληθοῦς
707 1162 988 1227 εὐσεϐείας
1023 1163 1082 1216 τὸ
1121 1165 1248 1234 πρὶν
1277 1163 1670 1235 κεκαλινδημέ-

92 1268 182 1313 vos,
203 1251 268 1304 δι’
301 1249 470 1304 αὐτοῦ
498 1251 607 1303 τῶν
630 1252 914 1323 ἁμαρτιῶν
938 1252 1209 1318 λυθέντες,
1245 1254 1338 1308 τοῦ
1370 1255 1546 1323 φωτὸς
1571 1255 1670 1325 τῆς

92 1343 336 1412 γνώσεως
367 1343 464 1396 καὶ⁵
493 1341 593 1412 τῆς
627 1344 781 1414 παρά
812 1343 891 1413 τῷ
917 1343 1035 1415 Θεῴ
1062 1344 1374 1418 ἐλευθερίας
1395 1345 1669 1414 ἠξίωνται.

94 1438 192 1490 Καὶ
222 1437 285 1489 σὺ
316 1436 400 1499 δὲ,
425 1436 517 1489 ἐπὶ
543 1437 738 1508 σχολῆς
773 1439 886 1500 τοῖς
914 1437 1329 1509 ἀποδεδομένας
1362 1437 1669 1502 ἀκολούθως

95 1526 382 1594 βασανίσας
409 1527 509 1598 τὴν
559 1525 724 1591 λέξιν,
762 1527 853 1580 ἐπὶ
890 1527 1038 1598 μόνῳ
1071 1526 1136 1581 ἂν
1168 1526 1347 1599 εὕροις
1377 1527 1455 1598 τῷ
1484 1528 1674 1600 Κυρίῳ

93 1623 170 1675 καὶ
199 1623 418 1692 Σωτῆρι
461 1621 618 1693 ἡμῶν
662 1623 889 1676 ἕκαστον
937 1623 1182 1693 ἀκριϐῶς
1230 1623 1339 1677 τῶν
1385 1623 1452 1676 δι’
1499 1624 1673 1695 αὐτῆς

91 1715 424 1785 δηλουμένων
448 1715 900 1786 πεπληρωμένον.

1779 633 1799 667 ι
1831 613 1897 668 Et
1922 614 2093 669 linum
2142 613 2418 688 fumigans
2449 633 2560 673 non
2605 620 2936 690 exstinguet.
2972 641 2990 673 ι
3027 619 3352 680 Planissime

1773 716 1955 762 autem
1987 706 2148 762 ﬁnem
2183 723 2342 764 suum
2369 711 2580 780 accepit
2604 711 2766 766 etiam
2793 712 2924 767 illud
2962 728 2976 764 :
3015 731 3034 764 ι
3068 712 3133 766 Ει
3168 714 3222 768 in
3257 731 3351 770 no-

1770 799 1918 854 mine
1948 800 2067 868 ejus
2100 811 2286 870 gentes
2313 803 2610 871 sperabunt
2639 803 2754 858 :iin
2785 805 2904 858 solo
2929 805 3074 859 cnim
3103 803 3351 861 Salvato-

1768 891 1849 948 ris
1885 892 2062 947 nostri
2094 891 2224 948 Jesu
2260 893 2466 948 Christi
2510 896 2753 959 nomine,
2788 896 3114 954 Christiana:
3161 907 3352 969 gentes

1771 992 2150 1054 speraverunt,
2181 1001 2304 1053 quae
2327 988 2493 1040 etiam
2534 1003 2598 1043 ex
2635 989 2898 1059 religione
2931 1005 3094 1060 quam
3123 1006 3354 1061 accepe-

1771 1091 1852 1140 re,
1902 1077 2050 1132 illius
2081 1076 2237 1145 quasi
2287 1080 2532 1146 parentis
2583 1081 2913 1151 cognomine
2951 1090 3152 1138 notatae
3195 1091 3345 1138 sunt.

1775 1165 1986 1222 Etenim
2019 1169 2362 1238 quod'nullis
2410 1171 2535 1226 aliis
2570 1172 2676 1227 nisi
2709 1173 2963 1243 gentibus
2989 1175 3043 1229 in
3069 1175 3243 1229 lucem
3277 1174 3354 1232 sit

1772 1259 1958 1324 datus,
2005 1260 2118 1330 jam
2151 1269 2310 1316 antea
2349 1261 2556 1316 dictum
2604 1265 2782 1319 fuerat
2811 1284 2824 1320 :
2859 1273 2913 1319 et
2947 1281 3044 1336 per
3071 1265 3350 1332 eumdem,

1770 1356 1830 1404 ut
1866 1349 2046 1420 ipsum
2090 1352 2376 1406 oraculum
2410 1353 2838 1423 signiﬁcaverat,
2871 1356 3014 1410 oculi
3051 1372 3346 1420 caecorum,

1769 1456 1958 1496 eorum
1987 1443 2176 1513 utique
2207 1443 2301 1513 qui
2344 1445 2620 1515 quondam
2654 1457 2833 1502 mente
2873 1449 3126 1503 excaecati
3168 1457 3348 1517 erant,

1768 1534 1938 1600 aperti
1973 1540 2123 1593 sunt,
2158 1548 2336 1602 neque
2367 1549 2557 1588 eorum
2585 1535 2770 1598 modo,
2802 1537 2895 1592 sed
2925 1538 3089 1592 etiam
3137 1538 3230 1608 qui
3260 1539 3348 1609 ip-

1769 1637 1890 1678 sum
1927 1640 2129 1694 corpus
2178 1627 2567 1694 perdidissent.
2596 1628 2758 1698 Atqui
2788 1630 3024 1686 vinculis
3053 1639 3107 1686 et
3137 1632 3350 1686 catenis

1767 1724 2116 1785 peccatorum
2141 1718 2196 1772 in
2227 1721 2472 1774 tenebris
2500 1727 2554 1774 et
2579 1722 2922 1792 ignoratione
2964 1739 3104 1778 verae
3126 1724 3348 1794 pietatis

90 1813 226 1880 prius
263 1811 651 1871 versabantur,
697 1826 788 1879 per
849 1811 1096 1866 eumdem
1135 1825 1165 1864 a
1204 1809 1445 1881 peccatis
1497 1810 1685 1877 soluti,
1751 1812 1933 1867 lumen
1998 1814 2328 1884 cognitionis
2377 1814 2796 1887 libertatemque
2826 1818 2966 1887 apud
3003 1816 3170 1872 Deum
3199 1817 3341 1871 accio

92 1917 204 1968 pere
231 1909 578 1957 meruerunt.
614 1899 694 1955 Tu
732 1916 857 1955 vero
906 1901 970 1957 ad
1003 1902 1196 1956 horum
1231 1903 1508 1972 exemplar
1540 1919 1660 1974 qua:
1698 1905 1945 1974 exposita
1982 1915 2132 1969 sunt,
2179 1907 2226 1961 si
2277 1907 2542 1978 reliquam
2617 1909 2745 1963 item
2818 1909 3112 1964 dictionem
3161 1911 3350 1980 explo-

88 1995 302 2056 raveris,
337 1994 394 2048 in
426 1994 546 2048 solo
571 1992 801 2050 Domino
819 1994 1212 2066 Salvatoreque
1268 2005 1480 2063 nostro,
1541 1997 1972 2069 unumquodque
2004 2015 2217 2066 eorum,
2245 2016 2367 2070 quae
2428 2002 2482 2055 in
2525 2002 2615 2056 illa
2665 2003 3036 2067 continentur,
3101 2002 3351 2059 absolute

89 2090 407 2160 completum
446 2090 710 2144 invenies.

99 2207 217 2263 Ἀπὸ
257 2209 370 2263 τοῦ
402 2211 719 2285 αὑτοῦη-
751 2215 888 2285 Περὶ
923 2216 1029 2268 τοῦ
1055 2215 1140 2284 μὴ
1180 2217 1537 2284 πιστεύσειν
1574 2217 1662 2280 εἰς

1771 2211 1930 2285 454,
1959 2211 2036 2265 Ab
2063 2211 2262 2266 eodem.
2295 2242 2362 2251 —
2394 2212 2469 2285 De
2502 2229 2560 2266 eo
2583 2212 2723 2282 quod
2749 2211 3011 2267 Judaicus
3038 2214 3261 2284 populus
3287 2214 3344 2270 in

357 2281 549 2335 αὐτὸν
579 2283 686 2336 τὸν
718 2281 840 2338 τῶνε
871 2281 1169 2340 Ἰουδαίων
1203 2281 1378 2342 λαόν.

154 2411 169 2442 ι
197 2387 358 2445 Εἶδον
390 2394 482 2446 τὸν
523 2395 726 2464 Κύριον
758 2397 1067 2468 καθήμενον
1101 2399 1192 2452 ἐπὶ
1228 2399 1416 2470 θρόνου
1456 2397 1660 2470 ὑψηλοῦ

92 2483 173 2534 καὶ
201 2486 540 2554 ἐπηρμένου,
565 2489 658 2540 καὶ
686 2491 962 2560 σεραφεὶμ
992 2493 1338 2562 εἰστὴκεισαν
1367 2491 1552 2561 κύκλῳ
1573 2492 1664 2542 αὑ-

92 2573 188 2627 τοῦ.
219 2595 236 2626 ι
286 2573 405 2629 Εἶθ’
436 2578 646 2642 ὑποϐάς
677 2597 808 2651 φησι
836 2598 848 2610 '
901 2600 919 2631 ι
972 2582 1081 2634 Καὶ
1117 2582 1324 2652 ἥκουσα
1355 2582 1452 2651 τῆς
1483 2581 1662 2651 φωνῆς

95 2668 283 2740 Κυρίου
316 2669 572 2737 λέγοντος
591 2690 603 2703 ·
630 2671 764 2726 Τίνα
799 2673 1102 2726 ἀποστείλω
1122 2714 1135 2738 ,
1169 2675 1261 2726 καῖ⁷
1287 2674 1372 2737 τίς
1405 2675 1663 2745 πορεύσε-

93 2775 166 2811 ται
190 2760 326 2832 πρὸς
347 2763 441 2814 τὸν
469 2762 598 2816 λαὸν
631 2763 854 2829 τοῦτον;
887 2767 999 2819 Καὶ
1026 2761 1183 2818 εἶπα*
1225 2766 1355 2819 Ἰδοὺ
1393 2765 1500 2834 ἐγώ
1525 2769 1659 2837 εἰμι,

94 2852 396 2905 ἀποστειλόν
428 2871 518 2924 με.
555 2857 662 2910 Καὶ
692 2853 846 2909 ε’ίτιε⁸
899 2857 1229 2928 Πορεύθητι,
1275 2858 1368 2910 καὶ
1413 2859 1533 2911 εἰπὲ
1585 2859 1664 2929 τῷ

93 2943 188 3012 λαῷ
212 2944 420 3014 τούτῳ·
464 2947 623 3017 Ἀκοῇ
651 2947 941 3012 ἀκούσετε,
975 2951 1071 3003 καὶ
1103 2951 1162 3003 οὐ
1196 2949 1272 3020 μὴ
1305 2951 1498 3020 συνῆτε
1518 2990 1532 3012 ,
1569 2951 1663 3004 καὶ⁵

95 3033 368 3100 βλέποντες
397 3037 620 3107 βλέψετε
651 3081 666 3102 ,
692 3041 787 3093 καὶ
808 3043 869 3094 ού
903 3041 978 3114 μὴ
1011 3042 1178 3113 ἴδητε.
1216 3042 1523 3114 Ἐπαχύνθη
1554 3043 1662 3116 γὰρ

96 3126 329 3196 ἡκαρδία
362 3126 457 3179 τοῦ
493 3127 623 3180 λαοῦ
655 3129 848 3182 τούτου
876 3171 890 3192 .
921 3132 1014 3185 καὶ
1044 3134 1157 3195 τοῖς
1191 3132 1326 3184 ὠσὶν
1355 3134 1534 3186 αὐτῶν
1567 3135 1662 3204 βα-

95 3220 213 3287 ρέως
241 3221 519 3291 ἥκουσαν,
555 3223 649 3276 καὶ
677 3224 802 3286 τοὺς
844 3224 1155 3296 ὀφθαλμοὺς
1188 3227 1369 3282 αὐτῶν
1412 3227 1664 3299 ἐκάμμυο

95 3327 209 3373 σαν,
241 3314 458 3383 μήποτε
513 3313 662 3368 ἴδωσι
708 3317 820 3378 τοῖς
853 3316 1186 3387 ὀφθαλμοῖς,
1235 3320 1331 3374 καὶ
1375 3324 1485 3384 τοῖς
1529 3321 1664 3374 ὠσὶν

95 3405 386 3470 ἀκούσωσι,
414 3407 510 3458 καὶ
531 3409 598 3476 τῇ
633 3407 830 3480 καρδίᾳ
863 3408 1095 3478 συνῶσι,
1124 3412 1218 3465 καὶ
1259 3413 1626 3485 ὲπιστρέψωσι
1645 3452 1664 3478 ,

95 3498 174 3549 καὶ
205 3498 446 3569 ῖάσωμαι
495 3499 712 3562 αύτούς.
745 3519 763 3551 ι
807 3501 992 3572 Ἔχεις
1039 3504 1134 3556 καὶ
1177 3505 1379 3560 τούτων
1423 3506 1485 3558 τὸ
1530 3507 1664 3559 ἀπο-

98 3590 315 3662 τέλεσμα
341 3591 435 3644 ἐπὶ
467 3591 562 3644 τοῦ
593 3593 844 3664 Σωτῆρος
872 3596 905 3665 ἡ
915 3595 1053 3666 μῶν,
1079 3597 1220 3650 κατά
1246 3599 1343 3669 μὲν
1364 3599 1454 3651 τὸν
1491 3599 1666 3652 Ἱωάν-
1691 3619 1734 3679 C

99 3701 181 3752 νην
209 3686 462 3754 φήσαντα
484 3701 497 3714 ο
553 3703 571 3735 ι
603 3684 852 3738 Τοσαῦτα
893 3685 949 3739 δὲ
985 3688 1152 3741 αὐτοῦ
1183 3692 1385 3759 σημεῖα
1431 3707 1662 3760 πεποιη-

98 3772 232 3836 κότος
261 3774 575 3845 ἔμπροσθεν
606 3774 783 3827 αὐτῶν
805 3816 818 3839 ,
851 3777 951 3830 ούκ
986 3778 1313 3832 ἐπίστευσαν
1350 3781 1429 3844 εἰς
1475 3780 1660 3843 αὑτὸν,

100 3864 169 3916 ἵνα
213 3868 241 3918 ὁ
286 3866 446 3935 λόγος
511 3869 733 3921 Ἡσαΐου
783 3868 877 3922 τοῦ
931 3872 1210 3941 προφήτου
1268 3871 1562 3942 πληρωθῇ,
1605 3872 1663 3924 ὃν

100 3955 227 4010 εἷπε·
271 3959 483 4030 Κύριε,
525 3961 609 4024 τίς
655 3961 944 4014 ἐπίστευσε
981 3965 1046 4034 τῇ
1081 3964 1217 4035 ἀκοῇ
1267 3964 1459 4036 ἡμῶν,
1515 3967 1664 4018 καὶὸ

102 4052 317 4124 βραχίων
364 4056 572 4126 Κυρίου
617 4055 721 4108 τίνι
769 4056 1168 4128 ἀπεκαλύφθη,
1230 4057 1314 4111 διὰ
1369 4056 1521 4111 τοῦτο
1565 4058 1665 4110 ούκ

101 4146 338 4211 ἠδύναντο
373 4149 683 4202 πιστεύειν·
718 4144 840 4201 εἷπε
869 4148 978 4221 γὰρ
1008 4149 1166 4203 πάλιν
1206 4151 1434 4214 Ἡσαΐας
1453 4167 1466 4181 ο
1497 4149 1666 4203 Τετύ-

102 4239 292 4306 φλωκεν
323 4239 508 4294 αὐτῶν
529 4242 654 4304 τοὺς
680 4240 1012 4312 ὀφθαλμοὺς,
1042 4241 1136 4294 καὶ
1161 4240 1453 4313 ἐπώρωσεν
1487 4241 1664 4294 αὐτῶν

100 4333 185 4400 τὴν
216 4331 460 4404 καρδίαν,
490 4331 579 4384 ἵνα
610 4331 683 4402 μὴ
708 4330 857 4383 ἴδωσι
879 4333 989 4394 τοῖς
1021 4330 1353 4400 ὀφθαλμοῖς,
1402 4329 1496 4383 καὶ
1542 4329 1666 4399 νοή-

105 4439 221 4476 σωσι
243 4428 308 4496 τῇ
333 4423 532 4494 καρδία
555 4463 569 4486 ,
603 4425 697 4475 καὶ
727 4422 1095 4492 ὲπιστρέψωσι
1117 4462 1131 4485 ,
1174 4423 1268 4475 καὶ
1302 4421 1539 4490 ίάσωμαι
1566 4421 1664 4473 αύ-

103 4516 228 4580 τούς.
277 4517 464 4569 Ταῦτα
509 4511 663 4569 εἶπεν
699 4515 960 4578 Ἡσαΐας,
999 4515 1087 4566 ὂτε
1117 4511 1224 4566 εἶδε
1263 4513 1360 4585 τὴν
1391 4514 1545 4578 δόξαν
1578 4514 1668 4566 αὺ-

105 4607 306 4669 τοῦ,κα“ι
330 4608 561 4678 ἐλάλησε
591 4606 717 4676 περί
747 4602 908 4659 αὐτοῦ
929 4622 942 4634 ο
970 4623 987 4654 ι
1014 4602 1156 4656 κατά
1179 4603 1235 4656 δὲ
1260 4603 1348 4655 τὸν
1369 4601 1663 4664 Ματθαῖον,

108 4699 180 4751 ὅτε
227 4699 614 4771 προσελθόντες
659 4701 709 4752 οἱ
759 4697 996 4768 μαθηταὶ
1053 4694 1217 4748 αὑτοῦ
1269 4690 1420 4748 εἷπον
1484 4693 1663 4764 αὐτῷ’

109 4792 192 4844 Διὰ
216 4794 262 4847 τί
294 4795 350 4845 ὲν
381 4793 720 4862 παραϐολαῖς
751 4793 934 4854 αὐτοῖς
967 4789 1178 4854 λαλεῖς;
1207 4789 1236 4841 ὁ
1262 4788 1317 4841 δὲ
1349 4785 1667 4858 ἀποκριθεὶς

109 4878 266 4936 εἶπενο
308 4886 468 4955 Ὑμῖν
499 4883 706 4936 δέδοται
747 4883 947 4951 γνῶναι
973 4881 1041 4934 τὰ
1073 4882 1348 4953 μυστήρια
1382 4881 1479 4952 τῆς
1513 4880 1667 4950 βασι-

2143 2285 2315 2352 ipsum
2348 2283 2642 2337 crediturus
2674 2301 2776 2337 non
2800 2294 2954 2339 esset.

1842 2415 1859 2448 ι
1896 2396 2015 2451 Vidi
2049 2394 2336 2450 Domimun
2378 2395 2653 2450 sedentem
2690 2411 2853 2467 super
2887 2397 3024 2453 solio
3053 2398 3267 2454 excelso
3293 2404 3348 2454 et

1766 2489 1986 2543 sublimi
2017 2508 2029 2542 :
2063 2497 2116 2542 et
2147 2488 2420 2557 scraphim
2458 2489 2677 2543 stabant
2709 2491 2762 2542 in
2798 2489 3032 2544 circuitu
3074 2489 3193 2558 ejus
3213 2491 3279 2547 θ’.
3321 2510 3340 2543 ι

1767 2579 1970 2634 Deinde
2016 2579 2294 2649 paululum
2339 2595 2665 2650 progressus
2718 2583 2797 2636 sic
2830 2584 2946 2635 ait:
2987 2600 3005 2632 ι
3048 2581 3112 2635 Et
3160 2582 3343 2636 audivi

1765 2688 1953 2724 vocem
2005 2670 2218 2724 Domini
2271 2672 2506 2726 dicentis
2551 2671 2780 2737 :IQnem
2843 2673 3087 2726 mittam?
3128 2682 3180 2728 et
3221 2675 3348 2743 quis

1766 2760 1868 2813 ibit
1895 2759 1961 2811 ad
2012 2760 2267 2828 populum
2321 2759 2509 2812 hunc?
2543 2758 2607 2812 Et
2637 2761 2748 2813 dixi
2783 2777 2794 2812 :
2824 2758 2964 2816 Ecce
2991 2777 3091 2831 ego
3127 2762 3343 2827 adsum,

1765 2852 1920 2904 mitte
1953 2867 2054 2904 me.
2101 2849 2164 2902 Et
2199 2851 2336 2904 dixit
2369 2870 2379 2904 :
2415 2849 2583 2912 Vade,
2618 2860 2670 2905 et
2703 2851 2793 2905 dic
2836 2853 3036 2923 populo
3063 2853 3212 2919 huic,
3247 2870 3346 2907 au-

1765 2943 1880 2995 ditu
1923 2942 2178 3004 audietis,
2209 2949 2261 2995 et
2285 2957 2392 2994 non
2426 2941 2760 3010 intelligetis,
2786 2952 2837 2997 et
2868 2944 3142 2999 intuentes
3166 2945 3345 2999 intue-

1764 3035 1978 3096 bimini,
2021 3042 2073 3087 et
2107 3050 2213 3086 non
2255 3034 2527 3087 videbitis.
2558 3032 2819 3088 Crassum
2851 3034 2997 3088 enim
3029 3033 3232 3090 factum
3262 3043 3348 3091 est

1765 3141 1862 3180 cor
1886 3127 2068 3195 populi
2101 3125 2283 3194 hujus,
2315 3137 2367 3179 et
2390 3125 2614 3179 auribus
2639 3127 2754 3179 suis
2774 3126 3012 3195 graviter
3030 3127 3347 3192 audierunt,

1765 3225 1819 3273 et
1848 3218 2039 3272 oculos
2069 3233 2200 3274 suos
2226 3219 2566 3283 clauserunt,
2599 3219 2888 3287 nequando
2905 3220 3122 3274 videant
3144 3219 3344 3286 oculis,

1765 3317 1820 3365 et
1849 3310 2076 3363 auribus
2112 3307 2360 3373 audiant,
2396 3316 2450 3362 et
2484 3309 2648 3362 corde
2676 3308 3002 3380 intelligant,
3031 3317 3086 3365 et
3124 3325 3349 3366 conver-

1766 3408 1974 3463 tantur,
2027 3407 2082 3453 et
2129 3414 2316 3453 sanem
2365 3398 2519 3454 eos’.
2571 3419 2590 3451 ›
2641 3399 2841 3455 Harum
2891 3416 3110 3470 quoque
3161 3416 3346 3455 rerum

1767 3491 1936 3546 habes
1969 3499 2223 3545 eventum
2261 3490 2317 3543 in
2359 3489 2644 3544 Salvatore
2670 3498 2880 3554 nostro,
2916 3497 2975 3543 ut
3000 3491 3143 3560 apud
3179 3488 3350 3544 Joan-

1767 3597 1890 3636 nem
1945 3581 2199 3650 lcgimus,
2243 3578 2336 3648 qui
2377 3579 2454 3631 ait
2494 3594 2506 3628 :
2546 3596 2564 3628 ι
2603 3579 2740 3633 Cum
2785 3587 2968 3633 autem
3023 3589 3131 3631 tam
3176 3581 3348 3632 multa

1767 3674 1921 3744 signa
1964 3673 2184 3728 fecisset
2217 3685 2403 3724 coram
2435 3670 2537 3735 eis,
2580 3686 2687 3725 non
2714 3671 3064 3725 crediderunt
3099 3671 3152 3724 in
3185 3685 3334 3735 eum,

1767 3772 1825 3819 ut
1856 3780 2038 3820 sermo
2070 3762 2223 3818 Isaia:
2257 3764 2536 3833 prophetae
2583 3763 2923 3832 impleretur,
2962 3778 3126 3833 quem
3160 3763 3297 3816 dixit
3328 3778 3342 3816 :

1767 3854 2017 3920 Domine,
2061 3855 2187 3925 quis
2222 3855 2450 3909 credidit
2481 3855 2688 3909 auditui
2724 3853 2957 3909 nostro?
2983 3866 3036 3909 et
3065 3855 3347 3908 brachium

1766 3947 2004 4013 Domini,
2032 3951 2120 4002 cui
2150 3949 2448 4003 revelatum
2483 3948 2605 4002 est?
2633 3955 2919 4018 propterea
2953 3964 3060 4004 non
3098 3955 3348 4017 poterant

1765 4043 2007 4109 credere,
2041 4043 2170 4114 quia
2221 4043 2418 4096 iterum
2455 4041 2593 4096 dixit
2637 4041 2810 4098 Isaias
2839 4057 2852 4093 :
2886 4041 3188 4096 Excmcavit
3215 4055 3351 4096 ocu-

1765 4139 1852 4195 los
1879 4157 2094 4206 eorum,
2125 4149 2180 4196 et
2211 4140 2488 4194 induravit
2517 4154 2614 4194 cor
2639 4155 2852 4203 eorum,
2878 4156 2945 4194 ne
2973 4140 3190 4194 videant
3214 4154 3351 4194 ocu-

1766 4235 1856 4295 lis,
1888 4242 1942 4290 et
1976 4235 2141 4289 corde
2183 4234 2508 4304 intelligant,
2542 4241 2598 4290 et
2626 4243 3040 4298 convertantur,
3061 4241 3116 4287 et
3156 4249 3344 4289 sanem

1766 4345 1882 4384 eos.
1933 4329 2057 4384 Haec
2087 4329 2224 4384 dixit
2271 4329 2463 4395 Isaias,
2496 4329 2718 4399 quando
2765 4329 2904 4382 vidit
2939 4328 3165 4398 gloriam
3200 4328 3344 4397 ejus,

1766 4403 2094 4474 et'locutus
2151 4427 2235 4474 est
2280 4417 2347 4472 de
2401 4434 2466 4472 eo
2489 4419 2528 4470 ².
2573 4437 2590 4469 ι
2626 4417 2934 4483 Czeternm,
2988 4425 3046 4471 ut
3090 4423 3174 4471 est
3202 4417 3345 4486 apud

1769 4511 2106 4574 ﬂatthteum,
2146 4513 2468 4568 accedentes
2500 4509 2758 4580 discipuli
2801 4509 2923 4578 ejus
2953 4508 3210 4562 dixerunt
3240 4509 3288 4562 ei
3327 4527 3340 4563 :

1776 4623 1792 4655 ι
1827 4603 2009 4670 Quare
2047 4605 2098 4658 in
2131 4605 2405 4674 parabolis
2429 4603 2672 4673 loqueris
2701 4602 2814 4656 eis?
2869 4601 2960 4671 qui
3009 4600 3347 4668 respondens

1770 4697 1846 4748 ait
1874 4696 1982 4750 illis
2009 4711 2020 4747 :
2051 4697 2215 4750 Vobis
2238 4696 2423 4750 datum
2455 4704 2537 4750 est
2569 4709 2731 4748 nosse
2765 4692 3021 4764 mysteria
3048 4690 3219 4761 regni,
3238 4690 3347 4746 illis

1770 4794 1950 4842 autem
2007 4802 2114 4841 non
2169 4796 2251 4842 est
2297 4787 2485 4842 datum
2521 4803 2532 4838 :
2563 4785 2685 4840 ideo
2725 4785 2775 4839 in
2829 4785 3102 4848 parabolis
3153 4783 3348 4852 loquor

1771 4877 1872 4942 eis,
1908 4885 1967 4930 ut
1996 4877 2243 4933 videntes
2284 4894 2390 4933 non
2426 4879 2666 4942 videant,
2697 4885 2750 4934 et
2784 4876 3071 4931 audientes
3105 4891 3213 4929 non
3249 4889 3348 4926 au-

110 4971 256 5037 λείας.
279 4976 508 5039 ἐκείνοις
531 4975 587 5027 δὲ
612 4975 672 5026 οὺ
695 4974 929 5027 δέδοται·
957 4971 1042 5026 διὰ
1067 4969 1226 5024 τοῦτο
1247 4973 1304 5023 ἐν
1332 4969 1669 5040 παραϐολαῖς

1775 4970 1945 5034 diant,
1979 4985 2046 5024 ne
2079 4971 2300 5040 quando
2323 4980 2732 5030 convertantur.
2764 4977 2816 5024 et
2848 4983 3032 5025 sanem
3060 4964 3347 5022 eos.Tune

113 5066 270 5131 αὐτοῖς
299 5067 445 5120 λαλῶ
465 5106 478 5130 ,
510 5065 604 5118 ἵνα
637 5064 926 5135 βλέποντες
963 5072 1036 5134 μη
1072 5061 1344 5132 βλέπωσι,
1383 5061 1476 5112 καὶ
1508 5059 1673 5112 ἀκού-

113 5172 238 5220 οντες
264 5167 336 5229 μη
366 5157 610 5211 ἀκούωσι
631 5196 645 5218 ,
681 5157 754 5227 μή
787 5173 912 5209 ποτε
947 5152 1315 5225 ἐπιστρέψωσι
1335 5193 1349 5215 ,
1379 5151 1474 5205 καὶ
1506 5151 1670 5204 ἰάσω-

119 5261 200 5314 μαι
223 5249 435 5312 αὐτούς.
470 5249 605 5301 Τότε
632 5247 922 5320 ἐπληρώθη
957 5247 1044 5300 ἐπ’
1079 5246 1262 5308 αυτοῖς
1299 5245 1332 5316 ἡ
1366 5241 1672 5316 προφητεία

127 5334 322 5392 Ἡσαΐου
369 5343 402 5411 ἡ
433 5339 668 5408 λέγουσα
689 5357 701 5369 ο
737 5361 755 5390 ι
786 5337 1118 5410 Πορεύθητι,
1150 5344 1246 5389 καὶ
1293 5333 1412 5387 εἰπὲ
1443 5331 1520 5403 τῷ
1557 5331 1672 5402 λαῷ

117 5423 293 5496 tuine)-
336 5430 498 5498 Ἀκοῇ
531 5426 791 5479 ἀκούσετε
812 5466 825 5490 ,
861 5427 955 5479 καὶ
978 5426 1038 5478 ού
1071 5425 1143 5496 μὴ
1181 5423 1399 5493 συνῆτε,
1433 5441 1451 5474 ι
1486 5423 1579 5476 καὶ
1607 5423 1674 5477 τὰ

119 5515 302 5582 τούτοις
342 5520 481 5590 ἑξῆς.
540 5519 819 5589 Ἐπιτήρει
864 5518 920 5570 δὲ
965 5518 1084 5570 τίνα
1119 5517 1320 5592 τρόπον
1352 5517 1380 5568 ὁ
1424 5515 1674 5586 Ἰωάννης

121 5607 290 5677 ἐπάγει
320 5612 526 5678 λέγων’
562 5629 580 5661 ι
611 5610 796 5664 Ταῦτα
828 5605 980 5662 εἶπεν
1015 5609 1264 5672 Ἡσαΐας,
1298 5610 1386 5662 ὅτε
1425 5603 1532 5660 εἶδε
1577 5608 1674 5676 τὴν

120 5698 254 5765 Ean
270 5703 449 5765 αὑτοῦ,
467 5704 560 5757 καὶ
581 5701 807 5773 ὲλάλησε
827 5703 956 5773 περὶ
975 5701 1161 5763 αὑτοῦ,
1193 5721 1209 5752 ι
1225 5703 1300 5764 ὡς
1321 5702 1412 5755 τὸν
1437 5699 1673 5770 Χριστὸν

183 5857 223 5887 ⁸³
259 5857 358 5911 Isa.
394 5874 476 5919 vt.
515 5857 621 5920 l.;‘!.
707 5856 722 5887 ⁸
761 5855 892 5911 ibid.
926 5856 1080 5912 8-I0.

1156 5857 1176 5887 '
1223 5855 1380 5912 Joan.
1421 5872 1527 5921 ιιι,
1563 5852 1758 5907 37-“.

1778 5059 2049 5128 completa
2084 5068 2168 5114 est
2212 5061 2266 5114 in
2316 5063 2395 5116 eis
2439 5062 2722 5132 prophetia
2776 5058 2964 5122 Isaiae,
3012 5073 3129 5125 qua:
3161 5055 3342 5109 dicit:

1779 5147 1950 5214 Vade,
1980 5159 2033 5204 et
2081 5151 2170 5205 die
2214 5153 2414 5222 populo
2461 5153 2606 5216 hinc,
2646 5153 2833 5206 auditu
2865 5151 3121 5213 audietis,
3154 5157 3205 5200 ot
3235 5161 3345 5202 non

1781 5243 2176 5314 intelligetis",
2223 5265 2242 5298 ι
2275 5253 2329 5300 et
2385 5262 2503 5316 qua:
2563 5253 2888 5316 sequuntur.
2939 5242 3170 5296 Attende
3216 5252 3349 5293 vero

1781 5335 1908 5404 quid
1949 5335 2030 5388 .sit
2074 5336 2217 5404 quod
2271 5335 2506 5391 Joannes
2549 5337 2814 5407 adjungit,
2859 5335 2947 5389 ubi
3000 5333 3120 5385 ait:
3163 5352 3180 5383 ι
3223 5330 3348 5386 Haec

1776 5428 1914 5482 dixit
1943 5425 2130 5491 Isaias,
2164 5429 2384 5498 quando
2434 5430 2566 5482 vidit
2597 5431 2822 5498 gloriam
2859 5427 3000 5494 ejus,
3027 5434 3081 5480 et
3129 5425 3348 5482 locutus

1777 5527 1860 5574 est
1914 5518 1982 5574 dc
2039 5535 2126 5574 eo.
2183 5538 2200 5568 ι
2261 5519 2417 5586 Quod
2472 5535 2605 5574 sane
2659 5536 2766 5575 non
2835 5519 2994 5574 aliter
3067 5514 3347 5586 accipien-

1777 5608 1906 5663 dum
1971 5618 2096 5672 est,
2158 5625 2222 5664 ac
2280 5609 2676 5692 si.Christum
2744 5608 3057 5679 Christique
3116 5606 3345 5677 gloriam

1779 5701 2042 5772 propheta
2101 5703 2155 5756 in
2223 5719 2286 5757 ea
2344 5702 2556 5758 visione
2629 5702 2867 5768 viderit,
2923 5701 2979 5754 in
3029 5711 3138 5768 qua
3197 5698 3274 5752 ait
3324 5710 3347 5756 :

1837 5853 1858 5886 ³
1893 5853 2084 5910 Matth.
2118 5871 2252 5920 χιιι,
2299 5858 2478 5915 lC-M.
