3928 6502
657 411 758 470 707

1255 407 1524 468 EUSEBII
1561 405 2044 467 CESARIENSIS
2079 409 2212 466 OPP

2316 409 2449 466 ARS
2487 409 2549 465 η.
2587 442 2656 453 -
2693 407 3186 470 ΑΡοιοοΕτιοΑ.
3783 422 3868 480 703

653 526 816 600 555
852 545 870 578 ι
905 524 1024 581 Vidi
1061 521 1348 580 Dominum
1379 521 1618 578 Sabaoth
1649 522 1930 578 sedentem
1971 523 2026 576 in
2075 524 2212 578 solio

2316 526 2615 598 ἑωρακότος
2663 529 2756 580 καὶ
2801 529 2898 599 τὴν
2941 529 3175 601 Χριστοῦ
3226 529 3400 596 δόξαν
3449 527 3546 585 τοῦ
3583 539 3864 608 προφήτου,

654 618 871 674 excelso
893 625 944 672 et
966 615 1204 682 sublimi,
1241 633 1260 666 ι
1294 623 1346 668 et
1375 629 1497 684 quae
1519 621 1843 682 sequuntur.
1877 611 2010 679 Quis
2031 619 2214 668 autem

655 721 766 762 non
795 706 1096 760 admiretur
1143 703 1467 758 oraculum?
1521 718 1644 757 cum
1685 704 1850 758 etiam
1905 717 2054 757 nunc
2081 701 2214 758 adeo

655 797 934 852 evidenter
983 795 1178 851 intueri
1233 795 1394 850 liceat
1434 793 1655 848 Judaici
1697 795 1880 864 populi
1951 793 2216 850 adversus

655 885 930 941 Christum
967 882 1442 940 incredulitatem?
1477 884 1610 938 Nam
1653 884 1782 938 olim
1816 883 2034 953 quidem
2063 883 2216 937 illum

655 976 929 1032 hominem
961 975 1182 1038 factum,
1207 975 1580 1045 miraculaque
1601 974 1846 1030 edentem
1880 973 2022 1044 apud
2055 989 2112 1029 se
2133 974 2220 1028 in-

653 1075 892 1134 tuentes,
943 1068 1110 1122 animi
1167 1073 1330 1138 atque
1376 1067 1746 1138 intelligentiae
1788 1067 1964 1121 oculis
1993 1081 2218 1122 cernere

653 1173 766 1214 non
799 1167 1072 1230 poterant,
1109 1175 1284 1229 neque
1318 1158 1464 1229 apud
1507 1159 1656 1229 ipsos
1698 1158 1842 1214 ullus
1873 1167 1992 1213 erat
2025 1159 2218 1213 animae

655 1249 1002 1322 intelligentis
1036 1249 1286 1311 intuitus,
1313 1263 1422 1319 quo
1445 1250 1834 1318 perspicerent,
1866 1264 2113 1320 quaenam
2129 1264 2218 1304 es-

655 1351 738 1398 set
767 1342 822 1396 in
855 1342 1048 1398 mediis
1085 1342 1220 1412 ipsis
1251 1341 1450 1405 virtus,
1487 1357 1608 1411 quae
1635 1349 1786 1396 tanta
1823 1349 1878 1396 et
1907 1349 2016 1396 tam
2047 1341 2218 1396 multa

653 1433 918 1488 miracula
945 1431 1202 1488 ediceret.
1233 1431 1378 1498 Quin
1412 1433 1577 1488 etiam
1609 1449 1732 1488 cum
1780 1433 2005 1486 auribus
2051 1432 2217 1487 verba

653 1525 776 1577 vita:
808 1529 1021 1576 αξιοι-ηαξ
1045 1521 1322 1591 percipere
1350 1519 1530 1575 idonei
1560 1519 1756 1576 redditi
1786 1529 1992 1584 essent,
2028 1529 2082 1575 et
2117 1536 2215 1576 vo-

655 1629 772 1670 cem
804 1615 1000 1668 divinaa
1028 1615 1307 1684 sapientiae
1335 1615 1608 1678 audirent,
1639 1615 1866 1670 auribus
1887 1615 2085 1670 mentis
2107 1630 2218 1670 non

655 1705 969 1769 audiebant,
1001 1713 1059 1760 ut
1089 1705 1170 1762 sic
1217 1705 1468 1761 videlicet
1503 1705 1718 1774 ipsimet
1753 1705 2048 1774 prophetia:
2095 1721 2214 1760 ma-

657 1795 916 1852 nifestum
967 1796 1125 1852 linem
1157 1797 1517 1868 imponerent.
1553 1795 1746 1849 Adhuc
1771 1801 1952 1848 autem
1979 1810 2104 1849 cum
2133 1795 2218 1848 di-

2313 617 2454 670 κατὰ
2477 617 2574 688 τὴν
2607 619 2889 684 ὀπτασίαν,
2914 619 2972 672 ὲν
3061 617 3276 690 1ἔφησεν
3295 637 3308 649 ·
3359 639 3380 670 ι
3411 615 3570 673 Εἶδον
3599 621 3686 674 τὸν
3703 625 3866 699 Κύριον

2315 707 2535 762 Σαϐαὼθ
2561 707 2876 780 «καθήμενον
2907 711 2997 764 ἐπὶ
3041 710 3234 781 θρόνου
3275 709 3496 781 ὑψηλοῦ
3531 713 3624 766 καὶ
3663 717 3865 789 ἐπηρμέ-

2315 817 2427 862 νου,
2459 819 2478 851 »
2528 801 2624 853 καὶ
2665 801 2734 854 τὰ
2785 799 2928 870 ἑξῆς.
2979 800 3075 864 Τίς
3111 801 3156 852 δ’
3188 802 3304 854 οὐκ
3355 802 3426 854 ἂν
3472 803 3758 876 ἐκπλαγείη
3789 809 3863 879 τὴν

2316 891 2634 964 πρόρρησιν,
2675 891 2920 964 ἐναργῶς
2951 892 3123 956 οὕτως
3166 894 3354 946 εἰσέτι
3401 893 3502 950 νῦν
3539 896 3676 970 ὀρῶν
3703 899 3792 953 τῶν
3815 905 3862 955 ἐκ

2317 985 2616 1054 περιτομῆς
2643 985 2742 1056 τὴν
2774 987 2854 1048 είς
2887 985 3118 1056 Χριστὸν
3148 985 3470 1052 rimae-Ea»;
3503 989 3594 1041 καὶ
3619 989 3768 1043 πάλαι
3789 993 3861 1060 μὲν

2317 1077 2425 1147 γὰρ
2467 1077 2916 1148 ἐνανθρωποῦντα
2943 1079 3036 1130 καὶ
3080 1077 3628 1147 παραδοξοποιοῦντσ
3649 1083 3700 1134 ἐν
3721 1083 3860 1148 αὐτοῖς

2318 1169 2549 1240 δρῶντες
2579 1169 2759 1234 αὑτὸν,
2793 1167 3090 1239 ὀφθαλμοῖς
3119 1169 3312 1240 ψυχῆς
3341 1171 3442 1224 καὶ
3467 1167 3698 1235 διανοίας
3719 1175 3852 1244 ὄμμα·

2320 1277 2404 1314 σιν
2426 1261 2524 1313 οὑκ
2553 1259 2810 1324 ἐθεῶντο,
2841 1260 2960 1313 οὐδέ
2993 1277 3073 1324 τις
3105 1259 3174 1328 ἦν
3207 1264 3273 1314 ἐν
3309 1261 3507 1325 αὐτοῖς
3531 1265 3708 1336 νοερᾶς
3741 1266 3856 1318 ἐνθυ-

2323 1357 2536 1427 μήσεως
2569 1353 2776 1424 ὅρασις,
2803 1355 2880 1416 είς
2907 1351 2967 1406 τὸ
2995 1353 3234 1406 συνιέναι
3271 1353 3364 1415 τίς
3411 1355 3532 1406 ποτ’
3557 1355 3658 1425 ἄρα
3685 1351 3742 1426 ἦν
3765 1361 3854 1427 ήτά

2316 1447 2553 1502 τοσαῦτα
2601 1447 2692 1500 καὶ
2733 1445 3028 1516 τηλικαῦτα
3077 1445 3592 1517 θαυματουργοῦσα
3631 1449 3683 1500 ἐν
3717 1451 3854 1514 αὐτοῖς

2317 1541 2562 1610 δύναμις.
2599 1537 2758 1591 Ἀλλὰ
2785 1539 2878 1592 καὶ
2904 1539 3092 1602 αὑταῖς
3124 1539 3328 1602 ἀκοαῖς
3357 1541 3584 1610 ῥήματα
3611 1539 3737 1611 ζωῆς
3759 1545 3849 1594 ait».

2318 1634 2429 1688 νίου
2449 1631 2700 1697 δέξασθαι
2729 1631 3143 1702 κατηξιωμένοι,
3165 1633 3269 1685 καί
3297 1633 3492 1702 φωνῆς
3519 1633 3690 1686 ἐνθέου
3711 1635 3851 1702 σοφίας

2319 1726 2692 1800 ἀκροώμενοι,
2739 1725 2842 1779 ὠσὶ⁸
2873 1723 3109 1788 διανοίας
3143 1726 3250 1778 οὐκ
3297 1726 3533 1795 ἤκουον,
3565 1726 3636 1788 ὡς
3675 1727 3848 1796 ἐναργὲς

2317 1820 2470 1882 τέλος
2501 1819 2798 1887 ἐπαγαγεῖν
2825 1818 3022 1879 αὐτοὺς
3041 1819 3107 1887 τῇ
3130 1817 3480 1888 προφητείᾳ.
3509 1817 3617 1868 Καὶ
3647 1819 3716 1879 είς
3731 1817 3848 1886 δεῦρ)

657 1887 838 1942 vinam
869 1887 1072 1942 Christi
1108 1888 1383 1954 virtutem,
1413 1903 1507 1956 per
1529 1901 1692 1957 quam
1725 1901 1885 1940 omne
1916 1895 2088 1957 genus
2117 1885 2213 1940 ho-

2316 1907 2370 1960 δὲ
2399 1907 2495 1979 τὴν
2519 1885 2705 1961 ἔνθεον
2730 1907 2822 1960 τοῦ
2855 1885 3391 1978 Χριστοῦ-δύναμιν,
3427 1885 3496 1961 δι’
3520 1904 3586 1980 ἦς
3619 1911 3714 1960 πᾶν
3731 1885 3844 1974 γένος

655 1982 862 2036 minum
891 1981 1083 2051 patriis
1111 1981 1593 2052 superstitionibus
1629 1981 1937 2044 liberatum,
1970 1997 2083 2037 suae
2132 1983 2216 2051 ip-

657 2071 774 2125 sius
805 2071 1058 2141 religioni
1090 2071 1340 2140 subjecit,
1375 2078 1484 2124 tam
1519 2071 1666 2126 clare
1719 2073 2008 2126 micantem
2041 2071 2216 2140 inspi-

655 2161 834 2230 ciant,
909 2177 1250 2232 nequaquam
1303 2161 1354 2215 vi
1409 2163 1605 2217 mentis
1654 2162 1982 2226 attendunt,
2040 2177 2217 2232 neque

654 2251 1114 2319 animadvertunt,
1139 2251 1616 2322 quemadmodum,
1643 2252 1788 2322 quod
1819 2267 1994 2322 neque
2018 2267 2048 2305 a
2069 2250 2217 2308 Mose

654 2357 833 2413 neque
855 2359 886 2398 a
915 2344 1311 2414 posterioribus
1343 2342 1490 2400 Mose
1525 2343 1802 2414 prophetis
1837 2343 1892 2396 in
1925 2343 2056 2398 solis
2084 2343 2218 2412 ipsis

652 2436 888 2492 obtineri
917 2437 1113 2506 potuit,
1151 2438 1254 2492 hoc
1296 2445 1380 2492 est
1429 2454 1496 2494 nc
1529 2437 1839 2492 simulacris
1892 2433 2215 2492 addiceren-

651 2533 764 2594 tur,
799 2545 975 2600 ncque
1007 2527 1300 2582 multorum
1325 2529 1550 2582 deorum
1574 2527 1949 2600 superstitioni
1981 2525 2218 2583 adhaere-

653 2627 794 2686 reut,
831 2621 1010 2692 ipsum
1043 2619 1147 2675 hoc
1181 2619 1236 2674 in
1279 2619 1494 2675 cunctis
1527 2619 1778 2691 gentibus
1807 2619 1990 2673 divina
2025 2617 2214 2673 Salva-

654 2711 791 2765 toris
853 2709 1026 2764 nostri
1087 2709 1286 2773 virtus,
1345 2717 1405 2763 ut
1457 2710 1900 2772 constitueretur,
1952 2707 2212 2762 eﬂ'ecerit.

653 2801 856 2858 Deinde
875 2802 1188 2874 prophetica
1212 2803 1278 2858 de
1302 2801 1396 2856 illo
1419 2801 1730 2857 testimonia
1757 2800 1975 2856 assidue
1995 2815 2218 2855 versan-

653 2905 758 2958 tes,
790 2895 978 2948 auditu
1010 2894 1228 2964 quidem
1283 2893 1534 2958 audiunt,
1572 2891 1668 2947 sed
1725 2907 1832 2946 non
1879 2892 2212 2961 intelligunt,

656 2989 842 3052 utpote
891 2997 1014 3036 cum
1073 2981 1235 3036 etiam
1273 2995 1421 3034 nunc
1469 2981 1774 3050 prophetia,
1816 2997 1937 3050 quae
1971 2997 2116 3036 nunc
2157 2981 2215 3035 in

655 3073 906 3128 manibus
933 3080 1035 3140 est,
1067 3079 1258 3128 contra
1293 3073 1442 3144 ipsos
1473 3087 1661 3128 revera
1691 3074 2048 3142 compleatur.

653 3190 696 3244 Α
729 3186 1580 3254 ΖαοΙιανὶα.--ριιρηιαάηιοάιωη
1629 3203 1782 3255 super
1831 3187 1976 3256 pullo
2031 3186 2214 3244 sedens

818 3257 1188 3328 Hierosolyma
1217 3259 1549 3329 ingressurus
1571 3259 1785 3311 oraculo
1814 3258 2043 3312 dicatur.

731 3389 752 3423 ‹
795 3369 982 3426 Gaude
1023 3371 1392 3436 vehementer,
1443 3370 1554 3425 lilia
1604 3370 1769 3438 Sion;
1819 3371 2072 3442 prmdica,
2107 3371 2214 3426 ﬁlia

651 3465 972 3520 Jerusalem.
1007 3463 1146 3524 Ecce
1179 3465 1290 3520 Rex
1317 3472 1446 3518 tuus
1479 3465 1627 3519 venit
1657 3465 1752 3518 tibi
1789 3465 1973 3533 justus
2013 3473 2069 3519 et
2103 3465 2217 3520 sal-

651 3571 750 3612 vos
795 3555 1000 3611 faciens
1036 3577 1050 3610 :
1084 3557 1199 3628 ipse
1251 3565 1573 3612 mansuetus
1626 3563 1680 3610 et
1713 3556 2004 3626 impositus
2052 3571 2216 3626 super

645 3645 958 3716 jumentum
992 3654 1046 3702 et
1075 3647 1283 3717 pullum
1313 3647 1738 3702 adolescentem.
1775 3647 1842 3700 Et
1877 3646 2065 3716 perdet
2089 3663 2216 3700 cur-

652 3751 774 3790 rum
813 3752 882 3791 ex
926 3736 1178 3806 Ephrem,
1207 3745 1260 3792 et
1289 3752 1488 3806 equum
1514 3751 1580 3790 ex
1609 3734 1906 3792 Jerusalem
1938 3756 1951 3791 :
1995 3745 2048 3792 et
2073 3737 2217 3807 peri-

651 3821 731 3876 bit
765 3837 926 3878 arcus
955 3825 1200 3889 bellicus,
1232 3833 1287 3878 et
1317 3825 1647 3879 abundantia
1668 3826 1820 3894 pacis
1847 3841 1910 3880 ex
1940 3827 2212 3895 gentibus.

655 3915 720 3968 Et
739 3917 1103 3986 principatum
1129 3917 1398 3970 obtinebit
1430 3931 1458 3970 a
1481 3918 1617 3970 mari
1649 3933 1824 3987 usque
1856 3915 1922 3970 ad
1955 3931 2124 3980 mare,
2161 3925 2216 3972 et

653 4021 682 4058 a
717 4003 1030 4062 [luminibus
1081 4021 1174 4074 per
1220 4007 1663 4078 exporrectiones
1719 4015 1875 4061 terra}
1903 4007 1944 4061 ⁸.
1999 4025 2018 4058 ι
2075 4007 2212 4062 Cum

655 4093 770 4150 [nec
799 4101 922 4163 post
952 4094 1180 4148 reditum
1211 4095 1277 4150 de
1302 4096 1593 4167 Babylone,
1627 4096 1937 4150 noviSsimis
1975 4097 2214 4166 prophe-

653 4191 830 4236 tarum
855 4183 1189 4252 temporibus
1221 4181 1516 4240 Zacharias
1541 4185 1819 4250 cecinerit,
1843 4185 2006 4258 456
2029 4189 2214 4243 nullus

651 4281 775 4345 post
800 4274 918 4342 ejus
942 4275 1240 4344 prophetia:
1283 4285 1497 4346 tempus
1521 4291 1610 4330 rex
1638 4274 1782 4346 apud
1802 4275 2018 4332 Judzcos
2043 4277 2213 4334 fuisse

650 4375 1003 4434 memoratur,
1056 4367 1270 4438 qualem
1327 4369 1439 4422 haec
1473 4367 1756 4438 praphetia
1788 4369 2067 4433 describit,
2105 4372 2214 4428 nisi

651 4475 795 4514 unus
823 4459 1090 4514 duntaxat
1131 4459 1384 4516 Salvator
1413 4475 1477 4515 ac
1513 4459 1777 4516 Dominus
1811 4469 2000 4518 noster
2027 4461 2210 4530 Jesus,

649 4551 902 4608 Christus
932 4551 1044 4617 Dei,
1068 4553 1224 4621 cujus
1253 4562 1494 4623 tempore
1523 4553 1626 4607 hoc
1653 4569 1868 4626 quoque
1893 4555 2206 4610 vaticinium

2316 4553 2403 4606 τοῦ
2452 4551 2621 4614 Θεοῦ,
2669 4551 2790 4603 καθ’
2844 4549 2902 4602 ὃν
2943 4549 3036 4600 καὶ
3087 4547 3225 4618 αὕτη
3269 4547 3456 4607 τέλους
3495 4537 3738 4626 ἐτύγχῇνίν

649 4659 808 4698 suum
840 4643 998 4698 linem
1029 4651 1114 4699 est
1150 4653 1526 4710 consecutum,
1559 4661 1683 4700 cum
1713 4647 1778 4700 ad
1810 4663 1940 4702 suos
1973 4649 2212 4718 discipu-

649 4731 734 4788 los
769 4733 933 4788 verba
964 4734 1053 4786 illa
1082 4734 1218 4788 dixit
1250 4755 1263 4789 :
1303 4754 1322 4786 ι
1355 4735 1432 4791 lte
1462 4736 1518 4789 in
1549 4735 1728 4789 vicum
1763 4737 1855 4806 qui
1893 4747 2084 4791 contra
2113 4755 2209 4794 vos

648 4833 752 4890 est,
781 4832 834 4878 et
865 4824 1149 4880 invenietis
1178 4827 1384 4881 asinam
1413 4837 1466 4882 et
1510 4827 1716 4897 pullum
1753 4829 2054 4900 alligatum.
2089 4829 2210 4886 Sol-

648 4915 760 4971 vite
789 4916 941 4970 illum
971 4925 1024 4972 et
1067 4917 1364 4972 adducite:
1398 4924 1452 4972 et
1502 4917 1548 4972 si
1599 4917 1721 4988 quis
1771 4920 1926 4974 vobis
1983 4919 2202 4986 dixerit,

645 5009 776 5080 quid
809 5007 1023 5064 facitis?
1061 5009 1224 5066 dicite
1271 5011 1348 5064 illi
1385 5029 1398 5066 :
1431 5010 1692 5066 Dominus
1727 5011 1811 5066 his
1859 5009 2081 5083 indiget.
2140 5009 2204 5066 Et

645 5103 909 5158 abeuntes
937 5102 1014 5156 illi
1047 5102 1294 5158 fecerunt
1325 5111 1384 5158 ut
1417 5112 1746 5174 praeceperat
1767 5105 1875 5160 illis
1905 5105 2065 5163 Jesus
2100 5107 2140 5162 ⁵.
2183 5125 2202 5160 ι

645 5195 711 5250 Ει
741 5211 804 5251 ea
835 5195 1052 5268 quidem
1089 5211 1209 5266 qua:
1239 5195 1324 5250 vel
1355 5197 1422 5250 ad
1445 5198 1751 5262 oraculum,
1790 5199 1876 5253 vel
1903 5198 1968 5252 ad
1999 5199 2207 5254 oraculi

643 5295 896 5344 eventum
923 5287 1217 5358 pertinent,
1253 5287 1308 5340 in
1340 5287 1486 5344 hunc
1515 5289 1734 5343 modum
1765 5305 1824 5345 se
1843 5289 2060 5345 habent.
2100 5289 2206 5344 Sed

643 5379 776 5448 quid
801 5381 1018 5434 tandem
1054 5381 1156 5436 sibi
1193 5380 1309 5436 vult
1357 5379 1472 5435 haec
1501 5377 1646 5437 illius
1681 5381 1736 5436 in
1764 5382 1919 5436 asino
1947 5382 2202 5446 vectatio,

645 5471 748 5524 nisi
775 5471 1032 5527 humilem
1061 5473 1208 5542 illius
1240 5483 1294 5530 et
1321 5473 1617 5529 obscurum
1663 5473 1972 5546 significare
2001 5475 2206 5528 adven-

643 5567 779 5626 tum,
817 5563 974 5632 cujus
1007 5573 1247 5634 tempore
1275 5565 1508 5636 primum
1537 5565 1710 5636 ipsius
1738 5580 2018 5620 accessum
2051 5580 2208 5634 pere-

643 5655 752 5726 git?
777 5670 902 5710 nam
955 5663 1040 5712 est
1093 5658 1231 5714 alter
1267 5658 1398 5714 item
1437 5659 1734 5730 gloriosus,
1767 5659 1833 5714 de
1877 5671 1987 5728 quo
2023 5655 2210 5712 Daniel

2241 3229 2288 3292 C

2317 1999 2615 2070 ἀνθρὼπων
2649 2001 2961 2069 ἀποστήσας
3005 1999 3105 2069 τῆς
3149 1997 3398 2069 πατρίου
3447 1998 3838 2069 δεισιδαιμονίας.

2316 2091 2626 2160 ὑπηγάγετο
2649 2093 2716 2162 τῇ
2741 2092 2859 2143 κατ’
2899 2090 3060 2143 αὐτὸν
3094 2089 3391 2162 θεοσεϐείᾳ
3409 2131 3424 2155 ,
3453 2091 3683 2162 ἐναργῶς
3713 2090 3838 2152 οὕτως

2317 2183 2719 2254 ἐμφαινομένην
2751 2183 3015 2253 όρῶντες,
3047 2183 3308 2256 οὐδαμῶς
3353 2183 3642 2254 ἐφιστῶσιν
3676 2187 3728 2254 τῇ
3761 2183 3839 2236 διπ-

2315 2275 2454 2346 νοίᾳ,
2485 2275 2592 2327 οὐδ’
2615 2271 3016 2341 ἐπιϐάλλουσιν,
3039 2279 3188 2340 ὅπως
3219 2277 3286 2330 τὺ
3321 2280 3464 2350 μήτε
3489 2279 3709 2340 Μωῦσεῖ,
3739 2277 3832 2346 μήτε

2311 2370 2423 2431 τοῖς
2455 2371 2594 2438 μετὰ
2625 2369 2861 2424 Μωῦσέα
2887 2371 3188 2441 προφήταις
3215 2370 3317 2422 ἐπὶ
3355 2370 3536 2440 μόνων
3557 2367 3716 2422 αὐτῶν
3741 2383 3828 2418 κατ-

2313 2459 2552 2531 ορθωθὲν
2577 2503 2590 2528 ,
2633 2461 2792 2514 τοῦτο
2818 2460 2882 2532 δὴ
2922 2460 2982 2513 τὸ
3029 2461 3103 2532 μὴ
3147 2460 3593 2535 εἰδωλολατρεῐν,
3639 2459 3746 2530 μηδὲ
3783 2461 3826 2526 τῇ

2315 2551 2559 2623 πολυθέῳ
2607 2553 2892 2624 προσέχειν
2922 2552 3097 2628 πλάνῃ
3119 2596 3133 2620 ,
3163 2553 3318 2608 τοῦτ’
3351 2555 3448 2606 ἐπὶ
3482 2554 3682 2606 πάντων
3709 2551 3829 2603 ἐθνῶν

2315 2643 2349 2712 ἡ
2377 2643 2468 2696 τοῦ
2498 2645 2746 2717 Σωτῆρος
2769 2645 2922 2716 ἡμῶν
2955 2643 3132 2708 ἔνθεος
3155 2645 3332 2718 ἀρετὴ
3359 2646 3716 2716 συνεστήσατο.
3735 2639 3825 2696 Εἶτα

2315 2739 2370 2792 δὲ
2402 2739 2521 2802 ταῖς
2549 2754 2694 2809 προφ
2705 2738 2912 2808 ητικαῖς
2939 2735 3366 2806 ἐντυγχάνοντες
3413 2736 3539 2806 περὶ
3562 2733 3706 2788 αὐτοῦ
3731 2748 3826 2802 μαρ-

2315 2829 2551 2902 τυρίαις,
2581 2831 2714 2898 ἀκοῇ
2743 2829 2838 2898 μὲν
2867 2827 3174 2892 ἀκούουσιν,
3203 2828 3326 2881 ἀλλ’
3359 2829 3421 2880 ού
3447 2829 3688 2888 συνιᾶσιν,
3719 2825 3822 2892 ἔργῳ

2317 2921 2698 2994 πληρουμένης
2726 2921 2890 2974 είσέτι
2917 2920 3010 2975 καὶ
3043 2921 3135 2975 νῦν
3162 2922 3288 2975 κατ’
3319 2921 3504 2976 αὐτῶν
3527 2920 3618 2984 τῆς
3643 2919 3692 2972 ὲν
3711 2915 3822 2988 χερσὶ

2318 3015 2672 3086 προφητείας.

2330 3171 2460 3226 Ἀπὸ
2487 3171 2592 3225 τοῦ
2617 3171 2929 3240 Ζαχαρίου.
2949 3203 3019 3212 -
3050 3172 3148 3238 Ὠς
3185 3173 3288 3227 ἐπὶ
3323 3167 3532 3226 πῶλον
3567 3167 3818 3238 ὀχούμενος

2419 3241 2663 3296 ἐλάσειν
2686 3247 2772 3308 εἰς
2799 3243 2872 3296 τὰ
2901 3244 3286 3312 Ἰεροσόλυμα
3317 3243 3729 3312 apage-vitreum.

2393 3376 2410 3406 ι
2439 3357 2606 3427 Χαῖρε
2643 3357 2863 3428 σφόδρα,
2893 3355 3130 3430 θύγατερ
3155 3356 3324 3422 Σιὼν,
3357 3358 3617 3428 κήρυσσε,
3642 3351 3815 3416 θύγατερ

2327 3447 2712 3519 Ἰερουσαλήμ·
2762 3448 2869 3502 ίδοὺ
2914 3451 2940 3502 ὁ
2985 3447 3241 3518 βασιλεύς
3278 3465 3375 3502 σου
3425 3443 3628 3517 ἔρχεταί
3667 3457 3729 3492 σοι
3759 3434 3810 3486 δὶ-

2317 3557 2470 3603 καιος
2493 3542 2586 3594 καὶ
2616 3541 2820 3605 σώζων,
2851 3540 3014 3605 αὐτὸς
3049 3541 3258 3612 πραῢς,
3297 3544 3394 3595 καὶ
3423 3531 3724 3604 ἐπιὸεῦηκικ
3749 3527 3811 3578 ἐπὶ

2317 3633 2604 3702 ὑποζύγιον
2636 3634 2729 3686 καὶ
2759 3632 2933 3686 πῶλον
2962 3633 3099 3686 νέον.
3135 3633 3249 3688 Καὶ
3273 3627 3620 3701 ἐξολοθρεύσει
3647 3623 3806 3693 ἅρματα

2315 3727 2373 3794 ἐξ
2405 3727 2670 3798 Ἑφραεὶμ
2690 3767 2703 3790 ,
2741 3727 2834 3778 καὶ
2882 3727 3045 3779 ἵππον
3076 3725 3135 3792 ἐξ
3167 3724 3550 3798 Ἰερουσαλήμ·
3581 3717 3660 3770 καὶ
3681 3711 3802 3776 £5010-

2315 3819 2667 3890 θρευθήσεται
2694 3817 2846 3881 τόξον
2881 3817 3192 3889 πολεμικὸν,
3231 3819 3326 3871 καὶ
3355 3815 3550 3886 πλῆθος
3571 3801 3804 3883 εἰρήνης

2315 3908 2483 3962 ἐθνῶν
2507 3948 2522 3972 ,
2569 3908 2659 3962 καὶ
2695 3908 2954 3980 κατάρξει
2997 3907 3103 3961 ἀπὸ
3131 3908 3406 3978 θαλάσσης
3443 3907 3540 3966 ἕως
3565 3899 3802 3980 θαλάσσης-ι

2315 3999 2407 4052 καὶ
2439 3999 2546 4051 ἀπὸ
2583 3977 2850 4067 ποταμῶν.
2877 3999 2956 4060 είς
2995 3995 3280 4060 διεκϐολὰς
3313 3977 3438 4064 γῆς.
3471 4013 3486 4042 ι
3527 3986 3681 4041 Ταῦτα
3707 3977 3801 4050 μετὰ

2313 4091 2410 4162 τὴν
2458 4091 2565 4144 ἀπὸ
2603 4087 2916 4153 Βαϐυλῶνος
2964 4089 3221 4143 ἐπάνοδον
3262 4087 3355 4141 τοῦ
3395 4081 3638 4154 Ζαχαρίου
3667 4075 3728 4132 εἰς

2315 4183 2521 4236 ὕστατα
2547 4181 2652 4235 τῶν
2682 4183 2974 4252 προφητῶν
2999 4181 3374 4244 θεσπίσαντος,
3396 4176 3558 4236 οὐδεὶς
3581 4167 3693 4242 μετὰ
3713 4173 3798 4216 τους

2313 4275 2411 4346 τῆς
2459 4251 2794 4346 προφητείᾷς
2831 4251 3054 4344 χρόνους
3107 4273 3358 4344 βασιλεὺς
3409 4267 3548 4339 παρὰ
3595 4251 3796 4348 Ἰουδαίοις

2313 4365 2551 4436 γεγονὼς
2582 4367 2892 4436 ἱστορεῖται,
2921 4359 3085 4435 οἷονή
3115 4363 3420 4436 προφητεία
3453 4355 3794 4436 παρίστησινιιίτ

2317 4461 2390 4532 μὴ
2429 4459 2586 4530 μόνος
2615 4460 2644 4512 ὁ
2667 4457 2856 4528 Σωτὴρ
2883 4456 2976 4508 καὶ
3003 4455 3205 4528 Κύριος
3235 4453 3389 4527 ἡμῶν
3423 4445 3608 4521 Ἰησοῦς
3625 4429 3792 4564 Χριστξ

2379 4553 2402 4564 ”’
2456 4552 2491 4564 ’⁵
2559 4551 2584 4562 ⁸
2746 4551 2790 4564 ‘“
2847 4549 2868 4564 "
3013 4549 3026 4564 ‘
3125 4547 3148 4562 "
3319 4547 3352 4564 η
3374 4560 3456 4564 ην-
3498 4537 3738 4564 ιωῆυυηυςν
3783 4553 3789 4564 .

2317 4609 2618 4714 πρόρρησιξ
2640 4681 2654 4704 ν
2679 4641 2766 4692 δτε
2801 4641 2913 4702 τοῖς
2947 4638 3138 4691 ἑαυτοῦ
3167 4609 3430 4708 μαθηταῖς
3463 4629 3582 4699 πρὸς
3610 4619 3718 4714 λέξιν
3735 4609 3786 4714 είν

2316 4733 2430 4786 πών
2450 4751 2464 4763 ·
2500 4753 2516 4784 ι
2547 4731 2908 4803 Πορευθέντες
2936 4732 3015 4793 είς
3044 4729 3142 4802 τὴν
3177 4731 3434 4783 ἀπέναντι
3459 4721 3653 4810 attint-'qu

2315 4835 2434 4878 σετε
2460 4825 2577 4878 ὄνον
2611 4824 2704 4878 καὶ
2739 4823 2916 4875 πῶλον
2946 4822 3244 4893 δεδεμένον.
3269 4821 3526 4875 Λύσαντες
3551 4803 3784 4893 αὖτδνῄατῒ

2311 4931 2462 4984 γετε’
2513 4917 2604 4968 καὶ
2653 4917 2748 4968 ἐάν
2784 4932 2866 4978 τις
2908 4913 3036 4984 ὑμῖν
3087 4913 3244 4984 εἴπῖΓ
3289 4913 3354 4965 Τί
3395 4906 3607 4962 ποιεῖτεὲ
3651 4889 3782 4984 sim:

2311 4981 2455 5076 ἀῦτῷ
2475 5025 2486 5036 ·
2523 5007 2580 5059 Ὀ
2602 5005 2802 5078 Κύριος
2831 4981 3008 5060 αὐτῶν
3034 4981 3220 5078 χρείαν
3253 5005 3380 5075 ἔχει.
3417 4997 3514 5053 Καὶ
3541 4981 3780 5078 dumo-4'53

2314 5095 2508 5151 ἐκεῖνοι
2532 5099 2790 5168 ἐποίησαν
2824 5099 2946 5152 καθ’
2968 5097 3002 5152 ἃ
3025 5097 3352 5170 προσέταξεν
3382 5089 3562 5146 αὐτοῖς.
3591 5072 3690 5130 »Τὰ

2313 5181 2406 5245 οὗν
2455 5193 2554 5262 τῆς
2607 5189 2962 5264 προρρήσεως
3002 5191 3095 5266 καὶ
3145 5189 3212 5243 τὰ
3273 5185 3362 5242 τοῦ
3409 5169 3774 5266 Gul-‘35”???

2311 5283 2498 5340 τοῦτον
2529 5285 2640 5356 ἔχει
2665 5286 2753 5338 τὸν
2773 5283 2992 5356 τρόπον.
3018 5265 3159 5337 Τίδὲ
3189 5283 3295 5354 ἄρα
3321 5275 3546 5331 ἐϐούλετο
3567 5261 3774 5366 dmi-“3:5:

2311 5379 2344 5448 ἡ
2393 5379 2485 5432 ἐπὶ
2527 5373 2632 5448 ὄνῳ
2669 5375 2858 5448 ὅκησις
2895 5375 3058 5429 αὑτοῦ
3101 5375 3216 5428 ἀλλ’
3265 5375 3296 5445 ἢ
3335 5369 3425 5440 τὴν
3465 5351 3678 5418 ταπεινὴν

2316 5427 2344 5448 Ἰ
2395 5427 2483 5432 ””’
2532 5427 2625 5448 ’”Ἰ’
2676 5427 2854 5448 “ΛἸῨ⁷⁸
2901 5427 2926 5429 “⁷
2981 5427 3051 5429 ‘7’
3111 5427 3116 5428 ⁷
3285 5427 3296 5445 Ι
3386 5427 3396 5440 ⁸
3751 5441 3758 5452 ‘

2311 5469 2497 5536 ἄδοξον
2542 5469 2706 5522 αὑτοῦ
2755 5469 3054 5540 παρουσίαν
3078 5513 3090 5532 ,
3139 5469 3258 5522 καθ’
3305 5468 3368 5538 ἥν
3415 5453 3658 5518 ἐποιήσατο
3683 5427 3768 5563 :2;

2667 5561 2676 5563 _
2819 5559 2840 5563 κ-
3025 5561 3032 5563 _
3353 5557 3361 5563 .
3483 5549 3495 5563 ο
3537 5539 3652 5563 91!-"
3689 5557 3728 5563 ._._

2313 5563 2534 5635 πρώτην
2561 5561 2763 5630 ᾶφιξινς
2788 5559 2953 5632 οὔσης
2977 5561 3086 5632 γὰρ
3107 5557 3458 5626 καὶδευτέρας
3479 5539 3666 5662 EVM?“

2317 5653 2344 5662 η
2481 5654 2493 5662 .
2547 5657 2557 5662 -
2670 5653 2680 5662 ι
2701 5653 2715 5662 .
2933 5653 2944 5662 .
3145 5655 3158 5662 -
3281 5651 3295 5662 ι
3323 5649 3335 5662 ι
3471 5661 3475 5662 ,
3505 5635 3584 5662 -‘-u
3633 5637 3684 5662 2h]

2313 5619 2380 5728 ἦέ
2411 5619 2503 5708 καί
2531 5619 2730 5722 Δανιὴλ
2753 5619 3102 5727 ’γυμᾴότέρᾲν
3143 5619 3476 5708 animo”,
3505 5635 3584 5704 τὴν
3605 5619 3766 5686 θεωρίαν

713 5833 734 5864 ⁸
773 5833 1000 5893 Zachar.
1025 5843 1086 5892 ‘Ix
1108 5878 1123 5904 ,
1157 5837 1210 5906 9,
1249 5839 1334 5894 10.
1413 5841 1432 5872 ⁸
1464 5839 1652 5896 Matth.
1685 5793 1776 5894 an
1799 5881 1812 5908 ,
1841 5839 1906 5906 ‘3,
1937 5839 1999 5906 5,
2029 5837 2102 5908 6;
2135 5837 2301 5894 Marc.
2339 5851 2416 5902 XI,
2453 5835 2578 5906 1-6;
2611 5834 2740 5892 Luc.
2777 5851 2888 5904 xm,
2923 5835 3112 5892 50—5i.
