3928 6512
195 384 286 438 7υ9
1104 393 1753 459 DEMONSTRATIONIS
1790 405 2248 464 EVANGELlCzE
2290 411 2416 467 LIB.
2455 414 2546 470 IX.
3321 432 3423 487 710

188 496 404 566 εἴρηκεν
429 515 443 528 ο
476 517 494 548 ι
537 502 833 571 Ἐθεώρουν
858 501 965 564 ἕως
991 502 1112 555 ὅτου
1148 505 1322 576 θρόνοι
1347 509 1628 580 ἐτέθησαν,
1661 531 1711 567 xc

188 589 279 608 ηλ
358 589 373 608 ε
461 592 475 608 .
610 591 635 603 .-
713 593 724 608 .
787 591 837 608 ,η
995 593 1084 608 νη
1275 597 1290 608 .
1342 599 1389 608 .-
1498 602 1536 608 --
1682 606 1690 608 ,

1813 530 1829 583 λ
1860 519 2101 586 apertius
2129 522 2364 589 prodens
2389 541 2509 594 quae
2536 530 2953 600 contemplanda
2985 534 3115 600 sint,
3150 544 3372 608 eXponit
3405 565 3417 598 :

183 589 417 653 Παλαιὸς
450 591 676 662 ἡμερῶν
709 591 960 662 ἐκάθητο.
994 593 1179 648 Χίλιαι
1219 597 1450 667 χιλιάδες
1494 602 1711 675 ἐλειτούι

1866 626 1886 658 ι
1928 609 2270 677 Aspiciebam
2300 589 2476 671 donec
2505 618 2688 673 throni
2715 589 2877 690 positi
2910 633 3055 691 sunt,
3079 589 3423 703 etAnrtiquus

181 698 301 750 γουν
350 680 541 750 αὐτῷ,
601 681 696 734 καὶ
746 681 938 752 μύριαι
993 685 1249 756 μυριάδες
1298 693 1711 763 παρειστήκεισο

1857 694 2067 751 dierum
2099 700 2258 755 sedit.
2288 700 2454 756 Millia
2485 680 3120 766 millium.ministraban—t
3147 680 3414 781 eiretlde:

177 772 484 842 ἔμπροσθεν
521 771 711 827 αὐτοῦ.
749 773 860 826 Kal
909 774 1018 828 ἰδοὺ
1062 777 1198 846 μετά
1236 779 1344 832 τῶν
1385 784 1622 851 νεφελῶν
1662 805 1711 841 τι

1856 785 1968 840 cies
1996 788 2193 843 millies
2228 791 2363 844 dena
2391 792 2558 846 millia
2591 795 2842 851 astabant
2868 799 2922 852 in
2954 771 3252 872 conspectu
3274 771 3418 876 ejus.

176 863 424 933 ούρανοῦ,
455 863 533 927 ὼς
567 863 694 927 Υἱὸς
725 863 1010 936 ἀνθρώπου
1043 868 1352 938 ἐρχόμενος.
1386 874 1495 926 Kal
1517 875 1624 940 ἕως
1653 895 1711 931 το

1855 874 1919 929 Et
1941 891 2068 932 ecce
2095 893 2218 932 cum
2250 882 2484 938 nubibus
2509 886 2633 939 coeli
2660 889 2818 956 quasi
2865 889 3036 948 Filius
3062 863 3418 954 hominis've-

177 954 413 1008 Παλαιοῦ
441 955 552 1008 τῶν
577 955 800 1026 ἡμερῶν
822 955 1042 1026 ἔφθασε,
1061 960 1154 1012 καὶ
1179 962 1496 1035 αὐτῷέδόοη
1524 968 1556 1036 ὴ
1585 968 1711 1038 ἀρχὶ

1852 966 2030 1021 niens.
2063 967 2128 1022 Et
2152 985 2324 1039 usque
2353 973 2419 1027 ad
2447 954 2744 1046 Antiquum
2788 980 2999 1037 dierum
3043 989 3285 1056 pervenit
3315 1008 3332 1046 :
3362 1001 3417 1047 et

176 1047 262 1098 καὶ
283 1047 316 1114 ἡ
338 1046 498 1116 τιμὴ.
530 1048 624 1099 καὶ
653 1049 687 1117 ἡ
722 1047 988 1117 βασιλεία,
1016 1051 1106 1103 καὶ
1128 1051 1322 1117 πάντες
1341 1056 1390 1107 oi
1407 1055 1542 1119 λαοὶ,
1568 1060 1711 1122 φυλα¹

1852 1058 2010 1113 datus
2039 1067 2121 1114 est
2151 1062 2202 1116 ei
2244 1064 2604 1134 principatus,
2651 1077 2706 1124 et
2758 1072 2949 1138 honor,
2981 1046 3414 1150 et-regnumsEt

173 1135 414 1202 γλῶσσαι
442 1136 594 1207 αὐτῷ
623 1137 984 1193 δουλεύουσιν.
1012 1141 1075 1193 Ἦ
1097 1142 1312 1208 ἐξουσία
1341 1147 1503 1200 αὑτοῦ
1535 1149 1711 1215 ἐξουσί

1851 1166 2041 1206 omnes
2073 1153 2278 1222 populi,
2316 1155 2512 1221 tribus,
2544 1159 2761 1228 linguaa,
2789 1167 3040 1221 serviunt
3066 1135 3158 1223 ei.“
3163 1170 3411 1228 Potestas

168 1228 403 1291 αἰώνιος,
435 1229 563 1298 ἥτις
594 1231 654 1282 οὐ
686 1230 1104 1301 παρελεύσεται,
1130 1237 1222 1289 καὶ
1251 1240 1283 1308 ἡ
1313 1237 1553 1308 βασιλεία
1583 1243 1748 1296 αὐτοῦ
1848 1240 1988 1308 ejus,
2028 1249 2268 1310 potestas
2299 1252 2525 1312 atterna,
2566 1265 2687 1318 qua:
2727 1268 2835 1306 non
2871 1259 3184 1325 praeteribit,
3219 1273 3272 1315 et
3321 1277 3412 1318 re-
3478 1260 3480 1262 ’

165 1319 221 1370 ού
252 1318 715 1390 διαφθαρήσεται.
743 1341 760 1374 ι
787 1322 867 1374 Τά
900 1323 1000 1393 μὲν
1020 1324 1118 1394 τῆς
1142 1326 1364 1399 πρώτης
1393 1329 1628 1398 ἀφίξεως
1649 1333 1711 1404 τῆ

1847 1345 2011 1400 gnum
2028 1331 2146 1401 ejus
2169 1348 2279 1388 non
2304 1348 2686 1408 corrumpetur
2714 1343 2754 1394 °.
2792 1363 2810 1394 ι
2859 1344 3058 1402 Verum
3081 1365 3145 1405 ea
3167 1352 3407 1421 quidem,

160 1410 724 1485 ἐνανθρωπικωτέρας
755 1415 850 1467 xal
869 1417 1134 1487 ταπεινῆς
1163 1420 1300 1488 μετὰ
1322 1421 1431 1474 τῶν
1454 1423 1626 1476 ἄλλων
1653 1442 1711 1478 κο

1845 1437 1967 1491 quae
1997 1422 2063 1476 ad
2089 1423 2326 1492 primum
2355 1426 2644 1484 adventum
2691 1436 2982 1504 pertinent,
3011 1441 3104 1508 qui
3136 1410 3410 1497 ethuma;

159 1500 314 1554 τοῦτο
344 1501 463 1572 ἔχει
498 1503 640 1572 μέγα
666 1505 870 1576 δεῖγμα
901 1510 996 1562 καὶ
1030 1512 1273 1606 σημεῖον,
1308 1513 1368 1564 τὸ
1400 1515 1574 1584 πρᾶον
1601 1515 1711 1583 λέγε

1844 1514 1966 1568 nior
2007 1524 2062 1571 et
2094 1516 2358 1586 abjectior
2385 1520 2506 1586 fuit,
2540 1538 2663 1579 cum
2689 1500 2831 1591 aliis,
2866 1500 2978 1585 hoc
2999 1500 3216 1604 quoque
3243 1550 3407 1606 argu-

158 1594 282 1646 σθαι
314 1596 415 1646 καὶ
443 1594 690 1665 ἡσύχιον,
725 1596 875 1666 ἥξειν
904 1616 962 1651 τε
987 1583 1279 1671 ὀχούμεῧον
1310 1583 1587 1676 ὑποζυγίῳ
1611 1624 1711 1678 προ

1843 1607 2012 1661 menti
2046 1583 2299 1679 sign'ique
2323 1583 2542 1680 habent,
2572 1616 2718 1684 quod
2738 1583 3058 1678 mansueth
3079 1583 3144 1678 et1
3159 1583 3407 1694 placidus

157 1687 489 1756 φητεύεσθαι
509 1705 522 1718 ⁸
555 1687 712 1741 τοῦτο
743 1689 851 1760 γὰρ
884 1691 1064 1744 κοινοῦ
1099 1694 1194 1746 καῖ.
1236 1694 1576 1766 ἀνθρωπίνου
1625 1699 1711 1770 βίο

1843 1695 2058 1753 futurus
2088 1698 2320 1765 dicatur,
2349 1711 2722 1775 venturusque
2758 1708 3002 1766 insidens
3028 1713 3278 1783 jumento
3305 1736 3404 1775 eo-

153 1780 351 1845 γένοιτ*
385 1779 453 1833 ἂν
477 1781 780 1850 τεκμήριον
799 1799 812 1811 ο
841 1783 908 1835 τὰ
937 1783 992 1836 δὲ
1024 1784 1121 1854 τῆς
1143 1785 1399 1856 δευτέρας
1431 1789 1526 1841 καὶ
1555 1789 1711 1843 ἐνθέοί

1844 1785 1965 1840 dem
1997 1789 2224 1842 oraculo
2264 1790 2574 1848 declaretur
2602 1811 2616 1848 :
2655 1795 2759 1851 hoc
2784 1800 2929 1853 enim
2963 1779 3270 1862 communis
3301 1807 3406 1862 hu-

153 1871 517 1942 λαμπρότατα
556 1871 807 1941 δηλοῦται
846 1873 934 1927 διὰ
967 1875 1065 1945 τῆς
1106 1877 1197 1929 ἐπὶ
1227 1877 1464 1947 νεφελῶν
1507 1879 1711 1950 ούρανοέ

1841 1878 2099 1947 manique
2139 1880 2317 1936 victus
2361 1893 2743 1953 argumentum
2793 1888 2976 1947 fuerit.
3015 1894 3145 1959 Quae
3177 1913 3305 1952 vero
3333 1899 3404 1954 ad

153 1962 572 2032 παρακομιδῆς,
613 1965 710 2016 xal
750 1963 850 2034 τῆς
893 1965 1112 2019 αἰωνίου
1158 1967 1374 2022 πάντων
1420 1969 1528 2023 τῶν
1567 1971 1711 2024 ἐθνῶι

1839 1969 2067 2023 alterum
2098 1971 2248 2025 illum
2279 1980 2333 2028 et
2373 1974 2680 2032 divinitatis
2719 1982 2952 2050 amplius
2982 2000 3092 2054 prae
3127 2002 3187 2042 se
3217 1988 3400 2045 feren-

153 2051 454 2120 βασιλείας.
505 2052 615 2106 Kal
645 2048 714 2123 ἦν
754 2070 818 2120 γε
851 2053 1014 2107 καλὸν
1054 2056 1371 2129 ἀμφοτέρας
1413 2061 1711 2131 παραθεῖνα

1837 2068 1966 2125 tem,
1992 2062 2438 2121 manifestissime
2479 2067 2792 2125 indicantur
2821 2089 2918 2142 per
2949 2075 3092 2130 illam
3147 2079 3202 2132 in
3234 2082 3400 2136 nubi-

149 2147 260 2206 τοῑς
286 2145 354 2197 ἐκ
382 2144 705 2215 περιτομῆς,
736 2143 892 2213 λόγον
924 2163 985 2198 τε
1016 2147 1213 2211 αὐτοὺς
1242 2150 1543 2222 ἀπαιτῆσαι
1566 2191 1580 2215 ,
1616 2152 1736 2216 πῶς

151 2235 215 2286 ἂν
262 2232 500 2288 σώσαιεν
545 2235 644 2297 τὰς
687 2235 1055 2306 προφητείας,
1103 2237 1232 2307 μίαν
1270 2239 1450 2310 ἄφιξιν
1495 2243 1730 2313 Χριστοῦ

150 2325 560 2395 προσδοκῶντες
579 2342 592 2356 ο
639 2326 760 2379 ἐπεὶ
777 2326 885 2398 γὰρ
917 2329 1182 2400 ἑκατέραν
1196 2330 1302 2384 τῶν
1326 2333 1732 2403 παρατεθεισῶν

149 2417 496 2488 προφητειῶν
520 2418 615 2471 καὶ
655 2419 721 2471 αύ
731 2419 812 2471 τοὶ
833 2419 924 2472 τὸν
946 2419 1178 2491 Χριστὸν
1199 2425 1329 2494 όρᾷν
1356 2424 1728 2494 ὁμολογοῦσιν,

148 2508 264 2579 ὥρα
300 2509 513 2576 λέγειν,
550 2509 644 2562 xal
686 2509 1108 2582 πυνθανομένοις
1140 2515 1272 2583 ἡμῖν
1312 2515 1727 2587 ἀποκρίνασθαι,

147 2600 265 2662 πῶς
302 2595 414 2652 οἷόν
447 2618 505 2653 τε
539 2601 630 2670 ὑφ’
663 2601 756 2655 ἕνα
791 2602 883 2655 καὶ
913 2603 1002 2656 τὸν
1053 2604 1215 2657 αὐτὸν
1244 2607 1465 2678 καιρὸν,
1501 2609 1594 2661 καὶ
1627 2610 1730 2663 ὑπὸ

148 2693 276 2760 μίαν
309 2689 524 2759 ἄφιξιν,
559 2693 652 2746 ἐπὶ
675 2693 912 2762 νεφελῶν
951 2695 1183 2767 ούρανοῦ
1217 2696 1475 2767 φέρεσθαι
1507 2699 1598 2752 τὸν
1631 2701 1730 2755 αύ-

143 2781 235 2831 τὺν
261 2821 276 2844 ,
311 2782 407 2834 καὶ
455 2781 549 2834 ἐπὶ
577 2781 872 2851 ὑποζυγίου
927 2785 1023 2836 καὶ
1065 2782 1246 2837 πώλου
1292 2785 1412 2839 νέου
1454 2788 1714 2858 ὀχεῖσθαι.

157 2873 280 2924 Ἐπὶ
335 2872 470 2925 πολὺ
522 2873 631 2945 γὰρ
675 2873 847 2927 ταῦτα
892 2874 1170 2945 διέστηκεν
1219 2876 1475 2948 ἀλλήλων.
1514 2882 1726 2953 Μυρίας

149 2965 189 3017 δ’
227 2960 324 3018 οὖν
355 2964 614 3029 τοιαύτας
645 2966 739 3020 καὶ
770 2965 934 3030 ἄλλας
967 2969 1095 3040 περὶ
1121 2969 1213 3021 τοῦ
1253 2969 1485 3039 Χριστοῦ
1513 2988 1725 3044 προφη-

143 3059 294 3120 τείας
351 3058 693 3128 συναγαγὼν,
737 3059 1002 3130 παραθείς
1046 3077 1106 3112 τε
1145 3061 1238 3114 καὶ
1274 3063 1615 3134 συγκρούσας
1655 3064 1723 3118 τὰ

138 3151 407 3222 διαφόρως
434 3152 827 3223 σημαινόμενα,
859 3153 1229 3223 ἐναργέστατα
1257 3155 1545 3228 καταλήψῃ
1561 3159 1716 3222 τινὰς

143 3243 240 3312 μὲν
282 3221 384 3313 τῆς
428 3242 647 3315 πρώτης
676 3221 855 3298 αὐτοῦ
887 3221 1186 3316 παρουσίας
1233 3221 1544 3317 δηλώματα.
1562 3265 1711 3320 περι-

1820 3249 2006 3322 Longe
2060 3257 2205 3308 enim
2254 3256 2370 3311 haec
2427 3271 2457 3309 a
2513 3274 2572 3313 se
2633 3259 2864 3314 invicem
2917 3262 3124 3317 distant

143 3335 391 3404 εχούσας,
421 3336 853 3408 πεπληρωμένας
871 3336 1011 3390 κατὰ
1028 3338 1125 3407 τὴν
1150 3338 1370 3409 πρώτην
1402 3340 1720 3408 ἐπιφάνειαν

142 3428 322 3491 αὐτοῦ,
358 3427 510 3490 τινὰς
541 3427 595 3480 δὲ
626 3430 704 3491 είς
731 3428 829 3500 τὴν
870 3429 1128 3500 δευτέραν
1162 3429 1325 3483 αὐτοῦ
1370 3432 1464 3484 καὶ
1511 3431 1720 3497 ἔνδοξον

139 3518 317 3588 ἄφιξιν
353 3518 782 3590 ἀναφερομένας.
846 3518 1240 3592 Ἐξωλόθρευσε
1278 3519 1385 3592 γὰρ
1411 3521 1712 3592 λεληθότως

138 3607 378 3678 ἅρματα,
420 3609 515 3660 καὶ
548 3607 746 3672 ἵππον,
787 3608 880 3660 καί
907 3611 1013 3662 πᾶν
1044 3609 1194 3676 τόξον
1231 3611 1524 3681 πολεμικὸν
1554 3614 1586 3682 ὴ
1621 3611 1716 3664 τοῦ

139 3698 387 3770 Σωτῆρος
428 3697 584 3769 ἡμῶν
636 3699 813 3763 ἔνθεος
863 3697 1121 3772 δύναμις,
1173 3701 1313 3755 κατά
1356 3703 1454 3773 τὴν
1492 3703 1716 3776 πρώτην

137 3790 295 3843 αύτοῦ
355 3791 690 3861 παρουσίαν,
737 3794 802 3844 ἐκ
852 3792 951 3864 τῆς
1002 3793 1458 3865 σωματικωτέρας
1519 3795 1716 3866 Ἰερου-

140 3881 349 3952 σαλὴμ,
391 3882 486 3934 καὶ
523 3880 618 3935 τοῦ
665 3882 1000 3953 καλουμένου
1055 3883 1293 3954 Ἑφραῒμ
1334 3884 1462 3938 λαοῦ
1487 3903 1500 3916 °
1536 3886 1615 3939 διὸ
1655 3886 1713 3952 ἐξ

138 3973 342 4026 ἐκείνου
375 3974 470 4026 καὶ
501 3974 581 4036 εἰς
607 3972 766 4045 δεῦρο
788 3974 887 4026 οὐκ
915 3973 994 4027 ἔτι
1022 3975 1248 4046 συνέστη
1277 3976 1452 4029 αὐτῶν
1472 3976 1532 4030 τὸ
1560 3977 1711 4047 βασί-

137 4065 288 4129 λειον,
317 4064 442 4117 οὐδὲ
461 4067 494 4135 ἡ
518 4064 684 4117 πάλαι
707 4066 764 4118 ἐν
796 4064 1053 4136 πολέμοις
1092 4065 1355 4136 ἰσχύσασα
1391 4073 1708 4143 παρασκευή

136 4174 187 4209 τε
213 4156 396 4211 αὐτῶν
433 4157 528 4209 καὶ
553 4157 804 4227 ὁπλιτικὴ
829 4156 1072 4228 δύναμις.
1106 4158 1300 4222 Καλῶς
1324 4160 1381 4212 δὲ
1413 4162 1470 4213 ἐν
1501 4161 1710 4226 τούτοις

137 4249 214 4302 τὸν
249 4250 431 4303 πάντα
463 4248 571 4301 τῶν
621 4249 886 4301 Ἰουδαίων
926 4247 1052 4302 λαὸν
1100 4250 1338 4322 Ἐφραῒμ
1377 4251 1664 4322 ὠνόμασεν
1690 4293 1704 4317 ,

136 4341 236 4393 ἀλλ’
261 4343 389 4412 οὐχὶ
429 4341 658 4412 Ἰσραὴλ,
689 4341 810 4394 οὐδὲ
844 4340 1040 4394 Ἰούδαν
1063 4381 1076 4403 ,
1112 4342 1198 4394 ἵνα
1237 4341 1310 4412 μὴ
1364 4343 1462 4405 τὰς
1519 4361 1708 4414 σεμνο-

137 4433 285 4504 τέρας
318 4431 594 4486 διαϐάλλοι
629 4432 1015 4504 προσηγορίας.
1052 4431 1245 4502 Εὖροις
1282 4432 1325 4484 δ’
1369 4432 1433 4485 ἂν
1469 4434 1563 4486 καὶ
1587 4437 1706 4498 ταῖς

137 4520 308 4585 ἄλλαις
357 4523 720 4594 προφητείαις
772 4523 832 4575 τὸ
888 4523 996 4577 πᾶν
1057 4522 1207 4585 ἔθνος
1277 4522 1516 4594 Ἐφραῖμ
1568 4525 1703 4594 μετά
1737 4563 1779 4617 D

138 4613 324 4684 πολλῆς
387 4612 640 4684 διαϐολῆς
709 4614 804 4667 καὶ
878 4614 1208 4685 κατηγορίας
1275 4613 1697 4687 ὠνομασμένον,

136 4700 309 4775 ὥσπερ
359 4704 460 4758 καὶ
516 4703 630 4757 νῦν.
681 4703 834 4758 Μετὰ
878 4703 1007 4773 γοῦν
1055 4705 1155 4776 τὴν
1218 4704 1324 4758 ἀπὸ
1384 4706 1698 4771 Βαϐυλῶνος

137 4795 403 4859 ἐπάνοδον,
437 4794 628 4866 μηκέθ’
653 4795 873 4865 ὁμοίως,
895 4795 970 4858 ώς
998 4794 1057 4847 τὸ
1090 4796 1237 4867 πρὶν,
1259 4795 1584 4869 διῃρημένου
1605 4798 1696 4850 τοῦ

137 4885 278 4953 λαοῦ,
310 4888 468 4950 τίνας
501 4883 567 4958 ἦν
595 4886 741 4950 εἰκὸς
783 4885 1071 4956 δηλοῦσθαι
1111 4887 1200 4940 διὰ
1237 4887 1332 4941 τοῦ
1390 4887 1628 4959 Ἐφραῒμ
1661 4888 1694 4960 ἢ

136 4979 314 5043 αὐτοὺς
337 4979 468 5042 τοὺς
500 4977 598 5048 τὴν
634 4977 984 5050 Ἰερουσαλὴμ
1009 4978 1324 5043 οἱκοῠντας;
1360 4972 1434 5033 ὧν
1471 4979 1567 5051 τὴν
1595 4997 1694 5033 πο-

137 5066 349 5143 λεμικὴν
382 5072 479 5124 καὶ
506 5070 784 5142 ὁπλιτικὴν
813 5070 1036 5142 δύναμιν
1062 5110 1076 5132 ,
1112 5069 1271 5142 μέχρι
1305 5070 1413 5123 τῶν
1459 5071 1695 5141 Ῥωμαῖ-

137 5162 231 5216 κῶν
261 5166 472 5238 χρόνων
502 5163 884 5236 διαρκέσασαν,
913 5165 946 5234 ἡ
971 5162 1064 5216 τοῦ
1095 5164 1341 5234 Σωτῆρος
1366 5163 1522 5234 ἡμῶν
1550 5181 1693 5235 παρ-

138 5258 278 5310 ουσία
304 5257 474 5328 ἐνθέῳ
504 5257 597 5309 καὶ
624 5257 918 5328 ἀπορρήτῳ
941 5255 1164 5325 δυνάμει
1190 5255 1458 5320 καθεῖλεν,
1492 5255 1695 5324 ὁμοίως

137 5347 192 5414 τῇ
227 5346 554 5419 προφητεία.
601 5346 783 5400 Ταῦτα
820 5345 877 5400 δὲ
915 5346 1012 5418 τὴν
1054 5346 1114 5410 ἐξ
1147 5346 1316 5398 ἐθνῶν
1372 5347 1693 5416 Ἐκκλησίαν

139 5435 526 5506 εύαγγελίζεται
556 5440 585 5491 ὁ
615 5437 769 5506 λόγος
787 5477 802 5502 ,
833 5437 930 5509 οὐχ
958 5435 1142 5500 ἁπλῶς
1171 5438 1400 5509 χαίρειν,
1438 5436 1570 5490 ἀλλά
1599 5437 1692 5489 καὶ

141 5529 323 5600 σφόδρα
366 5528 578 5601 χαίρειν
626 5528 759 5600 αὐτῇ
791 5527 1287 5599 παρακελευόμενος
1324 5527 1410 5581 διὰ
1455 5527 1551 5599 τὴν
1600 5525 1692 5578 τοῦ

140 5615 254 5672 Θεοῦ
289 5619 464 5690 Λόγου
506 5621 583 5682 είς
625 5618 793 5690 αὐτὴν
831 5619 1150 5691 παρουσίαν,
1181 5619 1246 5690 ἣν
1291 5620 1384 5673 καὶ
1422 5618 1694 5688 θυγατέρα

202 5801 220 5830 ⁸
242 5804 368 5858 Dan.
390 5818 486 5869 vn,
518 5801 673 5858 9-H.

1835 2149 1936 2205 bus
1963 2153 2087 2207 caeli
2128 2155 2577 2227 advectationem,
2625 2176 2830 2232 perque
2862 2167 2992 2220 illud
3045 2177 3306 2225 :eternum
3340 2174 3397 2228 in

1833 2245 2088 2300 omnibus
2125 2248 2377 2314 gentibus
2425 2266 2650 2320 regnum
2683 2272 2696 2308 :
2727 2271 2829 2309 nec
2860 2272 2992 2312 sane
3036 2261 3104 2313 ab
3134 2277 3192 2316 re
3235 2263 3399 2320 fuerit

1834 2344 2129 2404 utrumque
2159 2337 2362 2396 Iudaeis
2400 2357 2723 2412 proponere,
2761 2349 3134 2420 rationemque
3171 2355 3240 2408 ab
3285 2356 3395 2413 illis

1831 2428 2130 2497 postulare,
2162 2446 2397 2500 quonam
2431 2443 2611 2504 pacto,
2627 2437 2669 2490 si
2701 2455 2866 2492 unum
2899 2441 3163 2497 duntaxat
3185 2444 3392 2502 Christi

1831 2521 2118 2576 adventum
2150 2534 2485 2594 exspectant,
2539 2530 2850 2598 prophetias
2901 2548 3030 2588 suas
3074 2536 3176 2590 sibi
3225 2538 3394 2592 velint

1829 2619 2122 2667 constare:
2158 2629 2285 2667 nam
2311 2629 2436 2669 cum
2461 2626 2747 2689 utramque
2779 2637 2991 2687 earum,
3024 2640 3144 2695 quae
3171 2632 3392 2698 exposi-

1828 2708 1896 2754 tae
1919 2710 2068 2764 sunt,
2094 2702 2161 2757 ad
2193 2703 2470 2761 Christum
2495 2709 2768 2778 pertinere
2813 2712 2914 2782 ipsi
2944 2731 3158 2785 quoque
3183 2719 3392 2774 latean-

1829 2797 1937 2853 tur,
1992 2791 2178 2847 dicant
2224 2811 2432 2864 quaeso,
2482 2804 2536 2851 et
2581 2797 3042 2870 interrogantibus
3098 2807 3258 2862 nobis
3303 2824 3388 2864 re-

1827 2883 2168 2953 spondeant,
2233 2889 2327 2959 qui
2395 2892 2511 2946 ﬁeri
2565 2895 2736 2964 possit
2804 2904 2864 2950 ut
2917 2914 3027 2954 uno
3087 2902 3389 2972 eodemque

1827 2981 2114 3046 tempore,
2187 2980 2290 3035 sub
2371 2997 2536 3038 unum
2611 2986 2968 3057 eumdemque
3042 2991 3385 3059 adventum,

1825 3065 1970 3120 idem
2021 3075 2075 3123 et
2127 3069 2183 3124 in
2236 3071 2474 3130 nubibus
2539 3076 2664 3130 caeli
2726 3075 2970 3143 feratur,
3035 3088 3090 3134 et
3135 3081 3387 3150 jumento

1815 3161 2082 3232 .pulloque
2160 3164 2502 3222 adolescente
2571 3168 2816 3225 insidens
2892 3173 3142 3227 vehatur.
3220 3174 3383 3245 457

3179 3283 3192 3318 :
3247 3281 3385 3334 qua-

1818 3351 2038 3414 propter
2071 3345 2197 3400 situ
2231 3362 2450 3418 quoque
2479 3349 2901 3407 innumerabiles
2939 3354 3074 3410 alias
3120 3355 3204 3411 his
3226 3357 3383 3412 simi-

1816 3434 1896 3490 les
1927 3434 1994 3490 de
2027 3435 2246 3492 Christo
2285 3439 2598 3507 prophetias
2641 3441 2924 3511 collegeris
2958 3450 3011 3497 et
3053 3445 3378 3512 contuleris,

1815 3533 1870 3579 et
1918 3540 2106 3579 earum
2161 3526 2465 3596 signiﬁcata
2511 3528 2726 3583 diversa
2789 3531 2951 3585 simul
3007 3534 3377 3596 contenderis,

1816 3615 1951 3670 alias
1975 3615 2192 3686 quidem
2215 3633 2401 3672 earum
2434 3618 2675 3676 invenies
2708 3621 2866 3690 primi
2921 3622 3068 3678 illius
3113 3625 3378 3681 adventus

1816 3707 2070 3762 vaticinia
2121 3709 2602 3778 comprehendere,
2631 3725 2751 3780 qua:
2801 3713 2965 3766 etiam
2991 3714 3093 3768 sub
3127 3715 3376 3770 eumdem

1811 3799 2042 3869 primum
2107 3801 2374 3870 completa
2426 3809 2575 3865 sunt,
2618 3802 2754 3858 alias
2782 3817 2912 3857 vero
2964 3803 3032 3856 ad
3075 3806 3374 3860 secundum

1810 3889 2167 3960 eumdemque
2183 3891 2476 3961 gloriosum
2514 3891 2704 3947 referri
2760 3902 3033 3964 oportere.
3083 3895 3146 3949 Et
3178 3912 3375 3952 currus

1809 3981 1953 4034 enim
1977 3991 2029 4036 et
2055 3998 2253 4052 equum
2277 3994 2330 4038 et
2355 3997 2567 4037 omnem
2586 3999 2772 4038 arcum
2790 3986 3038 4040 bellicum
3075 3987 3374 4045 Salvatoris

1809 4073 1984 4127 nostri
2011 4074 2194 4128 divina
2247 4076 2423 4132 virtus
2479 4079 2534 4132 in
2583 4078 2766 4147 priore
2795 4077 2966 4146 ipsius
3021 4080 3277 4144 adventu,
3305 4081 3374 4134 de

1809 4164 1900 4216 illa
1933 4165 1999 4218 ad
2022 4180 2222 4236 corpus
2270 4170 2628 4238 umbramque
2684 4169 2989 4239 pertinente
3032 4167 3367 4234 Jerusalem,

1807 4254 1981 4325 deque
2009 4271 2073 4310 eo
2102 4257 2194 4326 qui
2216 4257 2442 4327 Ephrem
2462 4268 2686 4314 vocatur
2713 4259 2932 4329 populo,
2958 4260 3184 4314 latenter
3210 4261 3371 4330 ejecit

1805 4359 1869 4398 ac
1896 4345 2127 4414 perdidit
2153 4365 2166 4400 :
2191 4363 2358 4417 quare
2382 4363 2447 4402 ex
2473 4348 2564 4402 illo
2595 4348 2662 4402 ad
2697 4348 2842 4402 hunc
2874 4364 3046 4419 usque
3067 4346 3210 4402 diem
3238 4364 3372 4402 nus-

1804 4453 1964 4508 quam
1988 4439 2218 4508 amplius
2247 4440 2460 4493 illorum
2485 4439 2628 4510 regia
2656 4440 2890 4510 dignitas
2927 4446 3158 4505 constat,
3194 4455 3370 4512 neque

1805 4529 2124 4584 eorumdem
2154 4529 2246 4600 qui
2275 4530 2402 4584 olim
2459 4529 2672 4584 valebat
2698 4529 2752 4582 in
2783 4529 2962 4592 bellis,
2999 4536 3292 4598 apparatus
3313 4536 3369 4582 et

1805 4621 1861 4675 in
1893 4620 2060 4675 armis
2079 4623 2274 4676 virtus.
2316 4619 2741 4690 Sapientervero
2764 4620 2818 4674 in
2833 4620 2919 4674 his
2936 4635 3151 4674 omnem
3180 4617 3367 4674 Judai-

1805 4725 1926 4765 cum
1965 4712 2221 4780 populum
2240 4710 2474 4782 Ephrem
2500 4711 2821 4776 nominavit,
2849 4726 2956 4780 non
2975 4719 3152 4764 autem
3175 4710 3362 4775 Israel,

1804 4817 1978 4871 neque
2029 4801 2189 4864 Juda,
2226 4818 2292 4857 ne
2318 4803 2667 4860 veneratione
2706 4804 2979 4874 digniores
3005 4803 3366 4859 calumnietur

1801 4893 2212 4962 appellationes.
2250 4894 2498 4949 Invenies
2537 4903 2717 4950 autem
2748 4897 2802 4950 in
2827 4896 2948 4950 aliis
2981 4911 3196 4966 quoque
3229 4910 3359 4964 pro-

1801 4983 2002 5053 phetiis
2050 4991 2215 5038 totam
2243 4992 2454 5056 gentem
2483 4985 2714 5056 Ephrem
2743 5002 2867 5042 cum
2900 4988 3069 5040 multa
3091 4987 3361 5040 calumnia

1801 5081 1855 5126 et
1879 5073 2226 5128 accusatione
2281 5074 2571 5138 nominari,
2612 5077 2754 5131 sicut
2811 5076 2901 5130 hic
2938 5091 3173 5145 quoque.
3223 5073 3358 5128 Cuzn

1801 5162 1964 5233 igitur
1991 5170 2113 5232 post
2144 5164 2379 5218 reditum
2426 5164 2492 5219 de
2539 5165 2813 5236 Babylone
2869 5182 2980 5221 non
3013 5165 3242 5235 amplius
3275 5163 3362 5217 iti-

1801 5254 1921 5309 dem
1951 5262 2010 5308 ut
2034 5253 2187 5322 prius
2217 5255 2272 5308 in
2304 5255 2482 5312 tribus
2507 5256 2714 5312 divisus
2739 5267 2888 5312 esset
2933 5256 3188 5326 populus,
3221 5270 3361 5324 quos

1801 5346 2020 5400 tandem
2054 5362 2149 5416 per
2176 5345 2411 5416 Ephrem
2442 5347 2634 5403 merito
2679 5348 2974 5420 signiﬁcari
3003 5345 3354 5410 intellexeris,

1799 5437 1902 5491 nisi
1934 5452 2027 5493 eos
2075 5436 2167 5508 qui
2213 5439 2386 5508 ipsam
2418 5439 2716 5495 Jerusalem
2748 5438 3097 5492 habitarent?
3123 5451 3357 5507 quorum

1800 5528 1854 5582 in
1888 5527 2046 5584 bellis
2075 5537 2128 5583 et
2151 5529 2206 5584 in
2241 5531 2408 5587 armis
2436 5530 2704 5602 egregiam
2732 5530 3004 5596 virtutem,
3038 5545 3160 5600 quae
3184 5541 3358 5597 usque

1801 5617 1867 5673 ad
1900 5615 2145 5673 Romana
2175 5625 2419 5689 tempora
2469 5618 2656 5690 vigens
2693 5617 2814 5686 fuit,
2853 5616 3150 5674 Salvatoris
3179 5613 3356 5672 nostri
