3928 6516
531 409 630 464 7H
1199 402 1464 460 EUSEB“
1501 399 1980 458 CIESARIENSIS
2017 397 2130 454 ορι

2233 393 2386 450 'ABS
2424 391 2487 448 ll.
2517 421 2589 436 --
2626 388 3124 447 APOLOGETlCA.
3681 386 3779 440 7!!

533 521 818 584 adventus,
845 521 988 575 sicut
1017 519 1072 573 in
1105 518 1390 588 praphetia
1417 516 1625 569 dictum
1663 515 1859 577 fuerat,
1912 513 2096 567 divina
2128 563 2130 571 λ

2233 511 2296 581 ῆς
2325 508 2648 581 ἐπουρανίου
2684 505 2820 560 Σιὼν
2844 548 2858 570 ,
2887 506 2921 576 ἦ
2953 507 3047 559 καὶ
3076 504 3180 574 τῆς
3221 502 3496 576 προτέρας
3545 519 3778 570 συναγω-

531 623 586 668 et
615 612 871 668 ineﬂ‘abili
899 613 1098 665 virtute
1141 609 1356 664 delevit.
1417 606 1652 661 Proinde
1700 603 1984 660 collectam
2029 603 2097 658 de

2233 601 2300 669 ῆς
2329 600 2614 662 ἀποκαλεῖ,
2645 598 2733 650 διὰ
2761 597 2820 649 τὸ
2852 597 3062 658 πάντας
3095 596 3244 666 ἡμᾶς
3273 595 3400 657 τοὺς
3429 591 3491 658 ἒξ
3514 591 3685 645 ἐθνῶν
3709 595 3776 654 εἰς

534 702 787 772 gentibus
823 700 1116 755 Ecclesiam
1144 697 1426 753 oraculum
1446 694 1753 766 evangelice
1784 692 2005 748 instruit
2033 705 2098 745 ac

2233 693 2288 745 δν
2349 692 2582 762 Χριστὸν
2623 689 2718 742 τοῦ
2785 687 2920 742 Θεοῦ
2979 687 3409 750 πεπιστευκότας
3470 688 3776 757 γεννήματα

536 803 739 857 monet,
769 809 881 847 non
927 800 986 846 ut
1019 791 1342 861 simpliciter
1395 789 1647 859 gaudeat,
1697 787 1792 841 sed
1823 795 1881 838 ut
1938 784 2100 838 veheo

2233 779 2338 837 ἷναι
2382 785 2482 836 καὶ
2515 782 2681 835 τέκνα
2710 779 2946 853 Χριστοῦ
2987 781 3081 834 καὶ
3108 780 3217 833 τῶν
3257 778 3572 832 ἀποστόλων
3603 779 3776 840 abre},

537 891 748 938 menter
777 882 1028 952 gaudeat,
1060 883 1258 951 quippe
1282 880 1424 948 quod
1449 879 1594 930 illam
1619 877 1686 930 ad
1709 875 1762 929 id
1794 873 2100 929 faciendum

2233 868 2289 926 ἴα
2317 875 2381 925 ἐκ
2415 871 2620 943 μητρὸς
2653 871 2755 940 τῆς
2789 870 2897 922 τῶν
2940 869 3212 922 Ἰουδαίων
3251 866 3576 934 συναγωγῆς
3601 864 3778 935 προελ-

537 976 856 1029 exhortetur
888 982 1108 1044 propter
1151 972 1244 1027 Dei
1280 971 1444 1026 Verbi
1475 969 1542 1023 ad
1572 969 1745 1039 ipsam
1788 967 2102 1029 adventum,

2233 965 2414 1022 ὂντας.
2455 965 2566 1016 Kai.
2609 962 2670 1016 τὸ
2713 963 2839 1033 ἑξῆς
2873 961 2931 1015 δὲ
2970 960 3272 1032 ἐπληροῦτο
3305 959 3398 1011 ἐπὶ
3431 961 3496 1029 τῇ
3541 956 3637 1010 τοῦ
3675 957 3778 1008 Σω-

537 1083 698 1138 quam
738 1074 868 1120 item
922 1065 1163 1121 cmlestis
1217 1064 1368 1128 Sion,
1436 1072 1530 1118 aut
1557 1064 1718 1118 etiam
1746 1061 1944 1130 prioris
1973 1075 2107 1113 con-

2233 1056 2370 1127 ῆρος
2399 1055 2556 1126 ήμῶν
2580 1054 2872 1126 παρουσίᾳ.
2906 1055 3107 1126 Εἰρήνη
3131 1051 3262 1122 γοῦν
3290 1049 3351 1115 ἐξ
3378 1049 3552 1103 ἐθνῶν
3574 1049 3779 1117 γέγονεν

538 1159 870 1231 gregationis
899 1157 1063 1211 filiam
1095 1167 1272 1218 vocat,
1304 1164 1583 1226 propterea
1611 1153 1756 1224 quod
1786 1167 1886 1207 nos
1917 1167 2108 1208 omnes

2233 1148 2317 1201 ιπὺ
2335 1146 2443 1201 τῶν
2471 1146 2678 1216 χρόνων
2709 1147 2807 1217 τῆς
2837 1145 3072 1214 ἀφίξεως
3097 1143 3284 1208 αὑτοῦ,
3313 1145 3400 1197 οἵα
3424 1140 3776 1195 οὐδεπώποτε·

539 1249 633 1320 qui
655 1263 719 1302 ex
753 1247 1004 1318 gentibus
1040 1247 1268 1317 profecti
1313 1248 1365 1300 in
1401 1245 1682 1300 Christum
1734 1242 1828 1296 Dei
1877 1243 2111 1297 credidi-

2233 1242 2311 1294 ιύκ
2339 1241 2417 1294 ἔτι
2439 1239 2570 1308 γοῦν
2602 1238 2785 1302 πόλεις
2807 1238 3046 1300 πόλεσιν,
3067 1237 3141 1301 ὼς
3172 1237 3234 1289 τὸ
3263 1237 3413 1308 πρὶν,
3444 1233 3776 1304 πολεμοῦσιν,

540 1353 688 1402 mus,
707 1337 908 1393 Christi
939 1337 1420 1406 apostolorumque
1451 1335 1571 1404 ejus
1597 1334 1778 1405 proles
1809 1340 1865 1386 et
1896 1332 1990 1386 lilii
2019 1347 2114 1386 su-

2233 1331 2331 1384 ιὺδὲ
2366 1331 2493 1402 ἔθνη
2534 1331 2708 1384 ἔθνεσι
2744 1329 3160 1400 συρράσσουσιν,
3189 1327 3320 1391 οὐδ’,
3355 1327 3429 1389 ὡς
3459 1325 3520 1378 τὸ
3543 1323 3775 1385 παλαιὸν,

542 1443 691 1494 mus,
742 1434 925 1496 utpote
957 1427 1049 1496 qui
1083 1425 1152 1480 de
1183 1425 1493 1479 Judaaorum
1535 1423 1960 1493 congregatione
1995 1432 2115 1476 tan-

2233 1423 2243 1472 i
2286 1421 2396 1474 τῶν
2441 1420 2742 1492 ἀνθρώπων
2792 1419 2904 1488 βίος
2939 1418 3328 1478 ἀκαταστατεῖ,
3366 1415 3473 1467 οὐδ’
3527 1413 3779 1483 Ἀθηναῖοι

547 1534 710 1588 quam
769 1517 838 1572 de
889 1526 1062 1570 matre
1113 1516 1220 1570 orti
1261 1515 1474 1570 simus:
1507 1529 1631 1568 nam
1666 1515 1830 1567 etiam
1856 1513 2000 1583 quod
2027 1526 2117 1567 se-

2233 1512 2321 1566 ιέν
2348 1509 2796 1599 Λακεδαιμονίοις
2846 1505 3326 1578 ἐπιστρατεύονται
3349 1544 3364 1569 ,
3402 1503 3567 1573 Σύροι
3593 1503 3648 1556 δέ
3672 1502 3780 1555 Φοί-

543 1608 750 1678 quitur,
773 1610 828 1662 in
861 1606 1159 1662 Salvatoris
1180 1607 1354 1662 nostri
1384 1606 1617 1660 adventu
1639 1603 1967 1674 completum
1995 1618 2120 1660 esse

2233 1603 2378 1669 itEtv,
2425 1601 2665 1672 'Apa6t0t
2692 1594 2763 1653 δὲ’
2778 1599 3190 1662 Παλαιστίνοις,
3223 1596 3318 1650 καὶ
3359 1594 3645 1663 Αἰγύπτιοι
3681 1595 3779 1656 τοῖς

543 1706 778 1754 constat.
838 1697 974 1763 Quis
1026 1698 1170 1752 enim
1224 1698 1440 1768 ignorat
1485 1695 1756 1764 ejusmodi
1806 1710 1994 1765 pacem
2053 1709 2117 1749 ex

2233 1691 2635 1765 πλησιοχώροις.
2682 1693 2922 1744 ’Ἦνωται
2967 1690 3024 1743 δέ
3067 1689 3128 1754 ἐξ
3166 1688 3374 1742 ἐκείνου
3421 1689 3517 1741 σὺν
3557 1687 3672 1757 Θεῷ
3719 1687 3778 1740 τὰ

546 1789 798 1860 gentibus
829 1797 952 1858 post
973 1789 1238 1843 adventus
1270 1789 1676 1856 illiustempora
1701 1787 2001 1848 exstitisse,
2021 1802 2120 1840 cu-

2233 1776 2448 1847 πάντα,
2481 1785 2575 1837 καλ⁸
2630 1781 2841 1854 ἀληθῶς
2901 1781 3106 1852 πλῆθος
3156 1782 3376 1851 εἰρήνης
3413 1778 3473 1844 ἐξ
3528 1778 3686 1831 ιῑθνῶν
3727 1779 3777 1844 ἐξ

540 1878 784 1949 jusinodi
847 1893 1126 1948 nunquam
1173 1887 1332 1932 antea
1380 1852 1612 1932 fuisset?
1661 1893 1837 1946 neque
1884 1877 2028 1932 enim
2059 1885 2118 1930 ut

2233 1874 2427 1928 ἐκείνου
2457 1876 2544 1928 καὶ
2577 1877 2656 1938 εἰς
2677 1852 2836 1946 δεῦρο
2856 1873 3099 1942 γέγονεν,
3136 1871 3443 1934 ἀκολούθως
3481 1873 3546 1941 τῇ
3586 1887 3776 1942 ripaeq-

547 1970 724 2039 prius,
759 1972 838 2024 sic
868 1986 1014 2024 nunc
1030 1970 1283 2024 civitates
1310 1985 1339 2024 a
1370 1970 1684 2024 civitatibus
1714 1978 2117 2040 Oppugnantur,

547 2075 725 2128 neque
749 2067 937 2127 gentes
973 2073 1095 2113 cum
1121 2058 1375 2128 gentibus
1399 2059 1758 2122 colliduntur,
1792 2074 1968 2128 neque
1992 2075 2120 2114 vero

548 2159 611 2207 ut
642 2151 841 2220 priscis
879 2150 1217 2219 temporibus
1242 2188 1258 2214 ,
1315 2151 1394 2204 sic
1422 2152 1631 2206 nostris
1677 2151 1788 2204 vita
1839 2150 2119 2205 hominum

549 2243 792 2311 inquieta
827 2242 1206 2312 instabilisque
1223 2251 1326 2306 est,
1360 2241 1528 2313 458
1577 2243 1781 2313 quippe
1800 2257 1925 2297 cum
1949 2258 2122 2313 neque

549 2336 907 2391 Athenienses
939 2344 1126 2389 contra
1156 2333 1596 2390 Laceda-monios
1647 2336 1911 2396 ferantur.
1946 2352 2122 2406 neque

553 2424 676 2498 Syri
707 2427 966 2481 adversus
997 2425 1308 2488 thnicas,
1336 2442 1512 2496 neque
1541 2427 1751 2482 Arabes
1801 2432 1855 2481 in
1879 2425 2118 2482 Palaesti-

551 2531 674 2574 nos.
703 2531 878 2584 neque
924 2517 1052 2570 item
1105 2513 1343 2587 Egyptii
1377 2518 1640 2572 adversus
1675 2517 1937 2572 finitimos
1980 2519 2124 2572 mili-

553 2611 684 2664 tiam
715 2617 1027 2664 exerceant.
1079 2607 1184 2662 Sed
1233 2623 1298 2662 ex
1334 2609 1427 2662 illo
1463 2610 1518 2662 in
1576 2608 1721 2662 hunc
1756 2624 1932 2679 usque
1955 2609 2119 2671 diem,

553 2700 664 2756 Deo
692 2701 924 2765 favente,
953 2700 1007 2753 in
1039 2715 1206 2752 unum
1239 2699 1422 2752 omnia
1445 2699 1679 2764 coivere,
1705 2706 1759 2753 et
1782 2713 1990 2764 revera,
2011 2699 2123 2754 sic-

557 2797 622 2844 ut
677 2789 732 2842 in
772 2790 1054 2858 prophetia
1090 2788 1296 2842 dictum
1352 2787 1548 2852 fuerat,
1603 2788 1938 2842 abundantia
1971 2791 2125 2856 pac's

557 2897 624 2938 ex
649 2882 900 2950 gentibus
930 2880 1147 2950 prodiit,
1205 2887 1259 2933 et
1309 2894 1451 2932 unus
1476 2876 1655 2942 Jesus,
1691 2887 1745 2934 et
1779 2881 1847 2933 ab
1877 2881 1998 2944 ipso
2027 2877 2125 2932 de-

557 2975 867 3030 nuntiatum
911 2973 1238 3044 evangelica:
1269 2974 1532 3028 doctrinae
1564 2972 1812 3036 verbum,
1850 2972 2127 3041 principa-

554 3075 694 3128 tum,
759 3079 790 3118 a
837 3064 974 3118 mari
1025 3079 1196 3132 usque
1243 3063 1310 3118 ad
1361 3078 1531 3126 mare,
1569 3063 1671 3117 hoc
1702 3069 1786 3117 est
1810 3062 1879 3117 ab
1915 3063 2128 3116 oriente

556 3156 670 3212 sole
687 3169 858 3224 usque
885 3153 952 3206 ad
975 3154 1336 3219 occidentem,
1361 3164 1414 3208 et
1435 3168 1465 3206 a
1497 3153 1814 3208 ﬂuminibus
1845 3152 1912 3207 ad
1931 3169 2129 3222 expor-

556 3240 830 3296 rectiones
853 3247 1032 3303 terrae,
1059 3239 1202 3293 sicut
1221 3253 1283 3292 ea
1317 3237 1778 3308 signiﬁcaverant,
1812 3253 1934 3309 qua:
1982 3239 2127 3308 apud

556 3335 872 3404 prophetam
891 3331 1145 3402 praedicta
1171 3339 1322 3394 sunt,
1343 3330 1574 3400 accepit;
1620 3346 1742 3400 quae
1771 3345 1903 3386 sane
1933 3330 2128 3400 Aquila

557 3437 776 3494 quoque
803 3423 857 3477 in
881 3423 1026 3476 hunc
1075 3419 1292 3475 modum
1320 3420 1706 3490 interpretatus
1731 3429 1817 3476 est
1844 3435 1858 3471 :
1898 3439 1918 3472 ι
1950 3424 2016 3473 ιιι
2048 3422 2130 3474 lo-

563 3525 761 3585 quetur
796 3529 983 3584 pacem
1004 3515 1059 3568 in
1092 3513 1368 3583 gentibus,
1399 3519 1453 3568 et
1481 3521 1726 3582 potestas
1761 3513 1882 3582 ejus
1925 3527 1957 3567 a
1989 3513 2128 3567 mari

559 3623 734 3675 usque
755 3607 821 3660 ad
844 3621 1012 3668 mare,
1032 3614 1085 3658 et
1102 3621 1131 3657 a
1153 3604 1467 3658 (luminibus
1489 3620 1662 3675 usque
1677 3604 1744 3657 ad
1761 3607 1896 3659 lines
1915 3613 2089 3660 terra.
2103 3625 2122 3657 ι

561 3697 643 3753 Tu
669 3713 793 3753 vero
811 3697 922 3750 haec
938 3707 1254 3765 comparato
1280 3710 1404 3750 cum
1434 3696 1542 3750 illis
1564 3710 1684 3760 qua:
1703 3695 1756 3748 in
1776 3697 1986 3764 psalmo
2006 3712 2133 3750 con-

561 3791 822 3850 tinentur,
841 3789 931 3858 qui
951 3789 1246 3857 inscriptus
1267 3788 1414 3840 estin
1442 3785 1932 3856 Salomouem,quze
1945 3788 2132 3842 videli-

562 3893 648 3938 cet
675 3884 741 3937 de
765 3882 876 3935 ﬁlio
912 3881 1055 3950 regis
1075 3896 1138 3934 ex
1169 3879 1376 3935 semine
1424 3879 1735 3933 Salomonis
1777 3879 2016 3933 oriundo
2046 3878 2130 3932 di-

564 3971 865 4038 cuntur;de
891 3987 1000 4040 quo
1018 3970 1065 4023 is
1084 3970 1323 4038 psalmus
1348 3969 1420 4021 ita
1450 3967 1688 4037 loquitur
1717 3985 1730 4020 :
1765 3986 1784 4018 ι
1807 3966 2132 4021 Etdomina-

567 4066 713 4119 bitur
735 4078 767 4117 a
800 4064 938 4117 mari
970 4078 1141 4130 usque
1173 4062 1239 4115 ad
1267 4078 1432 4127 mare,
1471 4069 1526 4115 et
1553 4075 1583 4113 a
1611 4059 1927 4116 ﬂuminibus
1958 4077 2132 4132 usque

568 4157 634 4211 ad
654 4157 785 4211 lines
815 4156 962 4211 orbis
987 4155 1203 4210 terrm’.
1238 4173 1256 4202 ι
1280 4153 1449 4208 Porro
1471 4154 1612 4208 idem
1637 4154 1723 4207 hic
1743 4154 1986 4222 psalmus
2008 4170 2129 4208 eam

574 4256 701 4308 item
732 4269 853 4323 qua:
875 4253 964 4308 hic
982 4251 1338 4322 significatur,
1364 4262 1572 4316 pacem,
1592 4245 1671 4299 sic
1694 4242 1930 4297 futuram
1954 4241 2152 4294 descri-

575 4345 651 4400 bit
683 4365 696 4401 :
730 4367 749 4398 ι
779 4345 998 4400 Orictur
1027 4347 1078 4398 iu
1101 4344 1292 4398 diebus
1321 4341 1440 4410 ejus
1479 4337 1692 4408 justitia
1723 4344 1777 4390 et
1819 4333 2150 4388 abundantia

573 4437 721 4498 pacis
747 4435 788 4489 ⁸.
831 4457 850 4488 ι
882 4435 1050 4491 Isaias
1097 4447 1316 4501 quoque
1363 4447 1487 4485 cum
1538 4429 1624 4483 his
1667 4426 1802 4495 ipsis
1838 4422 2150 4486 concordat,

2218 1966 2359 2038 τείᾳ.
2382 1967 2555 2023 Μόνος
2584 1967 2642 2020 δὲ
2686 1966 2912 2037 Ἰησοῦς,
2940 1966 3034 2019 καὶ
3057 1968 3085 2018 δ
3104 1965 3169 2018 δι’
3196 1964 3362 2018 αὑτοῦ
3384 1963 3673 2035 κηρυχθείς
3691 1964 3776 2032 τῆς

2219 2058 2581 2128 εὐαγγελικῆς
2602 2058 2949 2121 διδασκαλίας
2975 2057 3132 2126 λόγος
3165 2053 3326 2128 ἦρξεν
3345 2057 3454 2110 ἀπὸ
3479 2061 3580 2127 τῆς
3601 2056 3777 2110 θαλάσο

2223 2164 2322 2217 σης
2345 2149 2449 2212 ἕως
2477 2147 2774 2220 θαλάσσης,
2807 2151 2914 2203 ἀπὸ
2935 2150 3033 2221 τῆς
3058 2150 3132 2202 ἐω
3165 2151 3245 2212 εἰς
3275 2150 3364 2202 τὸν
3401 2150 3777 2221 καταδυόμενον

2232 2239 2403 2309 ἥλιον,
2439 2241 2533 2293 καὶ
2578 2240 2688 2294 ἀπὸ
2733 2241 2993 2312 ποταμῶν
3017 2243 3094 2304 εἰς
3117 2241 3215 2304 τὰς
3243 2242 3524 2305 διεκϐολὰς
3545 2243 3642 2312 τῆς
3668 2242 3774 2311 γῆς,

2221 2331 2526 2395 ἀκολούθως
2547 2335 2660 2395 τοῖς
2682 2334 2740 2384 ἐν
2757 2331 2834 2402 τῷ
2860 2335 3110 2405 προφήτῃ
3135 2333 3603 2406 προλελεγμένοις.
3623 2336 3777 2401 "Amp

2223 2424 2316 2476 καὶ
2345 2427 2372 2476 ὁ
2412 2423 2640 2486 Ἀκύλας
2665 2417 2765 2478 ὧδέ
2789 2442 2905 2487 πως
2928 2425 3266 2496 ήρμήνευσεν
3296 2425 3488 2478 εἰπών·
3529 2445 3548 2477 ι
3577 2425 3680 2478 Kal.
3696 2424 3776 2476 λα-

2223 2512 2375 2584 λήσει
2405 2516 2623 2587 εἰρήνην
2654 2517 2712 2568 ἐν
2755 2518 2864 2579 τοῖς
2905 2516 3112 2579 ἔθνεσι,
3167 2518 3260 2569 καὶ
3297 2519 3328 2585 ἠ
3378 2517 3597 2583 ἐξουσία
3635 2515 3776 2569 αὑτοῦ

2227 2604 2335 2657 ἀπὸ
2393 2604 2669 2676 θαλάσσης
2728 2606 2832 2669 ἕως
2881 2607 3188 2677 θαλάσσης,
3237 2609 3330 2660 καὶ
3380 2608 3489 2661 ἀπὸ
3542 2607 3776 2676 ποταμῶν

2224 2697 2328 2760 ἓως
2352 2699 2598 2769 περάτων
2634 2700 2736 2769 τῆς
2769 2701 2889 2770 γῆς.
2931 2718 2949 2750 ι
2973 2699 3157 2752 Ταῦτα
3186 2700 3243 2753 δὲ
3264 2704 3376 2764 τοῖς
3401 2704 3458 2754 ἐν
3489 2700 3565 2770 τῷ
3603 2699 3779 2770 ψαλμῷ

2228 2793 2514 2864 σύγκρινον
2551 2792 2631 2863 τῷ
2675 2794 3133 2865 ἐπιγεγραμμένῳ
3191 2796 3272 2858 εἰς
3331 2794 3619 2864 Σολομῶνα
3673 2795 3783 2864 περὶ

2225 2887 2320 2940 τοῦ
2369 2885 2486 2938 υἱοῦ
2532 2886 2626 2938 τοῦ
2669 2884 2930 2954 βασιλέως
2953 2925 2967 2947 ,
3011 2885 3209 2956 δηλαδὴ
3248 2885 3342 2938 τοῦ
3377 2886 3440 2938 ἐκ
3493 2885 3782 2957 σπέρματος

2229 2977 2541 3048 Σολομῶνος
2603 2977 3104 3048 προελευσομένουξ,
3168 2977 3510 3048 λεγομένοις,
3571 2978 3694 3050 περὶ
3730 2969 3781 3028 οὗ

2229 3071 2392 3140 φησὶν
2437 3071 2465 3122 ὁ
2507 3067 2754 3138 ιξιιαλμός⁹
2795 3087 2814 3119 ι
2845 3069 2953 3121 Καὶ
2995 3068 3415 3136 κατακυριεύσει
3457 3067 3563 3122 ἀπὸ
3606 3067 3785 3120 θαλάσ-

2154 3191 2197 3247 c
2232 3179 2331 3233 σης
2376 3161 2482 3224 ἕως
2537 3159 2838 3230 θαλάσσης,
2879 3160 2972 3212 καὶ
3007 3160 3113 3213 ἀπὸ
3173 3159 3429 3230 ποταμῶν
3483 3160 3588 3224 ἕως
3635 3159 3788 3230 περά-

2231 3269 2340 3304 των
2377 3251 2478 3321 τῆς
2520 3251 2894 3323 οἰκουμένης.»
2927 3252 3186 3322 Σημαίνει
3218 3253 3274 3305 δὲ
3305 3253 3397 3306 καὶ
3436 3253 3534 3323 τήν
3577 3249 3792 3304 ἐνταῦθα

2232 3342 2566 3414 δηλουμένην
2589 3344 2810 3416 εἰρήνην
2835 3346 2863 3397 ὁ
2883 3343 3044 3407 αὐτὸς
3068 3343 3282 3415 ψαλμὸς
3307 3343 3531 3414 φάσκων
3557 3361 3570 3374 ο
3601 3362 3625 3395 ς
3657 3345 3794 3398 ’Δναο

2233 3433 2379 3487 τελεῖ
2401 3436 2460 3486 ἐν
2488 3437 2609 3498 ταῖς
2637 3435 2875 3507 ἡμέραις
2907 3435 3071 3489 αὑτοῦ
3097 3435 3408 3507 δικαιοσύνη
3436 3475 3451 3499 ,
3479 3436 3573 3490 καὶ
3607 3435 3793 3507 πλῆθος

2235 3527 2474 3598 εἰρήνης.
2506 3545 2525 3578 ›
2569 3528 2680 3580 Καὶ
2719 3521 2945 3590 Ἡσαΐας
2973 3526 3030 3580 δὲ
3073 3527 3282 3592 τούτοις
3317 3527 3596 3600 συντρέχει
3637 3528 3699 3582 δι’
3727 3521 3793 3581 ὧν

2237 3634 2369 3689 φησι
2394 3636 2406 3648 ·
2455 3637 2474 3668 ι
2514 3617 2623 3672 Ka‘i.
2665 3617 2995 3687 συγκόψουσι
3044 3618 3316 3691 μαχαίρας
3343 3619 3524 3673 αὐτῶν
3565 3622 3646 3683 εἰς
3681 3619 3792 3692 ἄρο-

2234 3706 2370 3780 τρα,
2406 3711 2500 3763 καὶ
2538 3709 2636 3772 τὰς
2687 3707 2909 3773 ζιόύνας
2960 3709 3139 3762 αὐτῶν
3184 3711 3264 3774 εἰς
3308 3710 3569 3781 δρέπανα.
3608 3712 3712 3766 Καὶ
3740 3711 3791 3764 οὐ

2236 3803 2461 3874 λήψεται
2508 3803 2588 3855 ἐτι
2635 3801 2782 3864 ἔθνος
2829 3803 2915 3856 ἐπ’
2964 3801 3113 3866 ἔθνος
3167 3803 3469 3874 μάχαιραν,
3504 3805 3599 3858 καὶ
3637 3805 3694 3858 ού
3728 3806 3789 3874 μὴ

2241 3895 2482 3965 μάθωσιν
2512 3895 2589 3946 ἔτι
2629 3895 2902 3964 πολεμεῖν.
2939 3914 2956 3945 ι
2996 3893 3187 3966 Εὖροις
3240 3895 3282 3948 δ’
3322 3895 3387 3949 ἂν
3435 3897 3529 3950 καὶ
3575 3897 3790 3967 Μιχαίαν

2237 3987 2446 4049 τούτοις
2473 3986 2761 4056 συνᾴδοντα
2783 4027 2798 4048 ,
2833 3987 2929 4039 καὶ
2960 3985 3153 4051 ἀλλους
3191 3988 3408 4051 πλείους
3449 3989 3558 4041 τῶν
3603 4007 3788 4061 προφη-

2237 4079 2370 4134 τῶν.
2419 4079 2745 4148 Ἐπιστήσας
2769 4077 2825 4129 δὲ
2853 4117 2867 4141 ,
2899 4078 2976 4142 ὼς
2999 4077 3134 4149 ἔφην
3160 4118 3174 4141 ,
3204 4083 3315 4142 τοῖς
3347 4081 3577 4151 χρόνοις,
3607 4082 3787 4153 δυνήσῃ

2242 4171 2470 4224 συνιδεῖν
2493 4209 2507 4232 ,
2541 4169 2617 4231 ὡς
2647 4169 2755 4222 ἀπὸ
2793 4169 2900 4222 τῶν
2935 4171 3243 4239 Αὐγούστου
3284 4173 3490 4243 χρόνων
3515 4212 3529 4235 ,
3591 4175 3678 4226 καὶ
3706 4175 3786 4242 τῆς

2240 4262 2360 4316 κατ’
2395 4261 2555 4315 αὑτὸν
2583 4259 2966 4332 ἐπιλαμψάσης
2997 4261 3088 4314 τοῦ
3131 4263 3379 4334 Σωτῆρος
3418 4263 3577 4334 ήμῶν
3619 4267 3788 4332 ἐπιφα-

2239 4355 2388 4418 νείας
2408 4394 2421 4415 ,
2453 4353 2554 4421 τῆς
2589 4353 2870 4423 Ῥωμαίων
2919 4354 3215 4424 μοναρχίας
3244 4356 3711 4428 ἐπικρατησάσης,
3742 4356 3787 4408 αἰ

2243 4445 2407 4498 πάλαι
2437 4443 2544 4496 τῶν
2569 4443 2736 4496 ἐθνῶν
2767 4443 3084 4516 διελύθησαν
3115 4445 3418 4510 διαστάσεις
3452 4449 3546 4501 καὶ
3578 4448 3786 4519 πολυαρ-

572 4537 695 4578 cum
730 4523 806 4576 ait
836 4537 850 4574 :
889 4541 906 4572 ι
933 4520 995 4574 Et
1026 4519 1336 4575 conﬂabunt
1362 4517 1572 4589 gladios
1616 4533 1747 4574 suos
1777 4517 1833 4570 in
1858 4533 2130 4580 vomeres,

2245 4536 2386 4606 χίαι,
2445 4535 2538 4588 καὶ
2578 4535 2729 4588 τόνδε
2779 4535 2838 4600 ἐξ
2881 4537 3088 4589 ἐκείνου
3131 4537 3331 4608 τρόπον
3379 4539 3565 4604 τέλους
3616 4517 3790 4611 ἧρξατο

572 4625 627 4669 et
656 4616 927 4669 lanceolas
957 4629 1084 4668 suas
1141 4612 1196 4665 in
1225 4609 1415 4666 faLees.
1445 4609 1510 4663 Et
1545 4626 1653 4674 non
1687 4616 1868 4664 sumet
1905 4611 2140 4680 amplius

573 4721 706 4778 gens
739 4707 791 4758 in
821 4713 1032 4775 gentem
1063 4703 1323 4773 gladium,
1348 4709 1404 4756 et
1436 4716 1545 4756 non
1592 4701 1808 4756 discent
1851 4701 1990 4755 ultra
2028 4701 2142 4755 bel-

577 4799 686 4852 lum
713 4812 899 4867 gerere
929 4799 972 4848 ’.
1007 4815 1026 4847 ι
1064 4794 1332 4849 (Ia-terum
1399 4794 1676 4849 Michazam
1735 4809 1952 4864 quoque
1987 4795 2140 4848 inve-

576 4891 695 4946 nies
727 4890 916 4945 iisdem
961 4898 1327 4944 consentanea
1371 4891 1662 4954 dicentem,
1724 4891 1960 4960 itemque
2003 4890 2142 4945 alios

576 4996 644 5035 ex
711 4981 987 5050 prophetis
1019 4981 1239 5036 multos.
1299 4980 1355 5035 Si
1391 4997 1518 5036 vero
1550 4982 1856 5054 diligenter,
1898 4991 1956 5036 ut
2005 4983 2140 5038 alias

2244 4625 2528 4695 τυγχάνειν
2561 4625 2628 4678 τὰ
2669 4627 2770 4695 τῆς
2818 4629 3304 4699 προφητευομένης
3351 4632 3590 4701 εἰρήνης.
3656 4628 3788 4682 Ἀλλὰ

2246 4713 2341 4767 νῦν
2394 4715 2492 4785 μὲν
2534 4715 2669 4778 τέως
2713 4714 2942 4786 ἠρξατο,
2991 4716 3138 4768 ἔσται
3180 4717 3237 4769 δὲ
3280 4719 3369 4770 ὅτε
3401 4718 3787 4789 πληρέσταταή

2249 4804 2554 4874 προφητεία
2582 4805 3116 4875 συμπερασθήσεται,
3151 4808 3287 4860 ἐπὰν
3324 4808 3384 4861 τὸ
3416 4808 3681 4879 πλήρωμα
3702 4806 3788 4858 τῶν

2249 4893 2421 4948 ἐθνῶν
2450 4894 2666 4966 εἰσέλθῃ
2691 4896 2909 4966 τὺηπρὸς
2931 4895 3024 4949 τοῦ
3063 4898 3104 4949 ἰε
3115 4897 3206 4970 ροῦ
3247 4898 3565 4952 Ἀποστόλου
3591 4897 3784 4969 δεδηλιψ

2253 4986 2432 5056 μένον.

577 5071 712 5138 dixi,
740 5087 978 5146 tempora
1027 5076 1425 5139 observaveris,
1467 5077 1623 5131 facile
1682 5079 1879 5134 intueri
1908 5081 2133 5149 poteris,
2175 5081 2637 5150 quemadmodum
2696 5083 2768 5138 ab
2835 5083 3065 5154 Augusti
3124 5085 3484 5154 temporibus,
3531 5093 3584 5141 et
3622 5102 3650 5138 a
3687 5081 3786 5138 Sal-

581 5170 784 5225 vatoris
813 5168 986 5224 nostri
1006 5168 1261 5224 adventu.
1291 5169 1384 5238 qui
1415 5185 1509 5238 per
1537 5186 1599 5224 ea
1660 5178 1905 5241 tempora
1969 5171 2217 5236 emicuit,
2260 5189 2384 5227 cum
2442 5173 2510 5228 ad
2561 5191 2728 5229 unum
2779 5175 3058 5229 redactum
3119 5174 3487 5230 Romanorum
3531 5176 3783 5246 imperium

581 5258 761 5312 omnia
791 5258 1156 5320 obtinuisset,
1222 5265 1434 5313 veteres
1473 5259 1716 5329 gentium
1789 5259 2132 5324 differentiae,
2163 5269 2218 5316 et
2257 5263 2592 5332 multiplices
2643 5265 2983 5334 principatus
3031 5265 3219 5318 abolili
3253 5277 3402 5330 sunt,
3435 5276 3595 5337 atque
3626 5281 3685 5319 ex
3711 5262 3785 5314 illo

581 5349 636 5404 in
656 5351 801 5404 hunc
827 5351 1068 5416 modum,
1131 5367 1250 5422 quae
1282 5350 1348 5406 ad
1394 5368 1580 5422 pacem
1621 5354 1980 5423 pertinerent,
2051 5371 2211 5426 quam
2254 5358 2532 5428 propheta:
2560 5358 2946 5428 praedixerant,
2981 5373 3045 5414 ea
3097 5357 3258 5414 liuent
3295 5375 3456 5414 suum
3509 5360 3785 5428 contingere

582 5443 1156 5511 cmperintﬁaéterum
1215 5445 1476 5500 hactenus
1525 5445 1747 5515 quidem
1813 5447 2000 5517 ccepit,
2081 5454 2291 5518 tempus
2357 5459 2539 5502 autem
2606 5451 2807 5509 veniet.
2841 5467 2964 5506 cum
2998 5453 3316 5522 plenissime
3337 5453 3615 5525 prophetia
3664 5463 3784 5504 com-

585 5536 839 5607 plebitur,
871 5537 961 5590 ubi
994 5539 1233 5607 gentium
1283 5539 1561 5609 plenitudo
1590 5540 1837 5608 ingressa
1866 5539 2000 5594 illud
2029 5538 2215 5605 fuerit,
2248 5533 2393 5610 quod
2420 5558 2450 5594 a
2484 5551 2677 5598 sancto
2699 5543 2960 5614 Apostolo
2993 5545 3199 5602 dictum
3234 5553 3318 5600 est
3344 5547 3410 5601 ".

656 5794 677 5827 '
714 5793 859 5850 Psal.
901 5812 1063 5863 tut,
1098 5797 1151 5853 8.
1227 5800 1247 5831 ³
1283 5798 1412 5854 ibid.
1456 5798 1502 5854 7.
1579 5799 1598 5831 ⁹
1640 5800 1745 5856 lla.
1779 5817 1839 5865 ll,
1891 5800 1942 5857 ι.
2017 5799 2060 5831 ⁹⁹
2097 5799 2130 5854 ll

2233 5820 2260 5858 ι.
2295 5816 2350 5856 ιι
2373 5841 2387 5868 ,
2417 5801 2506 5855 εδ.
