3928 6534
170 307 273 361 713

1073 300 1727 359 DEMONSTBATIONIS
1761 300 2220 363 EVANGELICAS
2254 304 2382 360 LIB.
2422 306 2511 362 IX.

3323 314 3428 369 7M

183 411 322 471 Ἀπὸ
381 412 491 467 τοῦ
526 413 779 487 ψαλμοῦΔ
792 410 917 487 pii".
948 443 1016 452 —
1040 414 1181 487 Περὶ
1224 414 1322 479 Ὠς
1355 412 1511 467 ἀννὰ
1540 411 1621 478 τῷ
1647 413 1754 479 υιῷ

1862 412 2024 485 459
2063 416 2107 469 Α
2164 417 2370 485 psalmo
2408 433 2575 475 cxvii.
2599 448 2671 459 —
2714 419 2792 475 De
2830 421 3230 487 acclamatione,
3278 422 3425 481 Hos-

608 483 787 537 Δαόὶδ
802 522 819 546 ,
847 484 1320 555 carpas-fututor.

240 619 260 651 ι
298 598 464 653 Λίθον
505 598 565 651 ὃν
606 598 1013 668 ἀπεδοκίμασαν
1044 600 1092 653 οἱ
1126 597 1529 670 οἰκοδομοῦντες
1557 638 1572 663 ,
1605 592 1757 663 οὗτος

168 690 400 763 ἐγενήθη
441 692 521 754 εἰς
564 690 805 761 κεφαλὴν
847 692 1069 760 γωνίας.
1111 689 1272 763 Παρὰ
1303 691 1510 765 Κυρίου
1543 691 1759 761 ἐγένετο

167 785 306 852 αῦτη
327 824 340 846 ,
366 784 462 836 καὶ
491 782 606 835 ἐστι
638 783 923 852 θαυμαστὴ
955 785 1013 836 ἐν
1043 782 1341 855 ὀφθαλμοῖς
1375 782 1552 855 ήμῶν.
1608 782 1757 855 Αὕτη

167 879 199 947 ἠ
224 876 411 947 ἡμέρα
447 878 516 947 ήν
544 876 802 945 ἐποίησεν
830 877 858 928 6
890 874 1098 947 Κύριος
1117 916 1131 940 ,
1168 875 1623 947 ἁγαλλιασώμεθα
1665 876 1760 929 καὶ

166 967 569 1038 εὐφρανθῶμεν
624 969 682 1020 ἐν
740 968 901 1038 αὐτῇ.
950 963 1021 1020 Ὦ
1072 968 1281 1040 Κύριε,
1344 969 1515 1023 σῶσον
1570 968 1671 1039 δὴ,
1712 963 1758 1022 ὦ

168 1059 378 1129 Κύριε,
425 1059 687 1111 εὐόδωσον
730 1059 813 1129 δή.
860 1058 1237 1131 Εὐλογημένος
1287 1062 1317 1113 6
1362 1060 1654 1132 ἐρχόμενος
1698 1060 1758 1113 ἐν

169 1152 394 1221 ὀνόματι
437 1152 665 1224 Κυρίου.
702 1152 835 1216 Θεὸς
873 1152 1075 1224 Κύριος
1116 1152 1211 1205 καὶ
1247 1152 1516 1223 ἐπέφανεν
1540 1154 1692 1224 ἡμῖν.
1731 1171 1750 1205 ι

172 1244 276 1296 Τοῦ
306 1245 561 1315 Σωτῆρος
598 1244 756 1316 ήμῶν
800 1246 974 1315 Ἰησοῦ
1004 1247 1239 1317 Χριστοῦ
1272 1246 1600 1309 εἰσελθόντος
1628 1246 1756 1299 ποτὲ

173 1342 252 1403 εἰς
299 1341 370 1394 τὰ
435 1342 801 1414 Ἱεροσόλυμα,
836 1344 925 1397 ὅτε
964 1344 1105 1398 κατὰ
1127 1343 1223 1415 τὴν
1256 1344 1363 1415 πρὸ
1394 1346 1599 1415 ταύτης
1625 1363 1756 1417 προ-

172 1434 405 1501 φητείαν
442 1435 731 1506 ὀχούμενος
770 1436 875 1508 ὄνῳ
910 1437 1009 1507 τὴν
1040 1438 1096 1489 ἐν
1132 1436 1209 1507 τῷ
1240 1437 1483 1510 Ζαχαρία
1512 1439 1755 1511 πρόρῤη-

175 1540 258 1578 σιν
302 1528 565 1599 ἐπλήρου,
604 1528 743 1581 κατὰ
770 1528 862 1581 τὸν
903 1528 1044 1582 θεῖον
1080 1529 1499 1601 εὐαγγελιστὴν,
1534 1532 1583 1584 οἱ
1610 1531 1754 1600 ὀχλοι

173 1620 513 1688 προάγοντες
541 1621 702 1674 αὐτὸν
727 1621 819 1674 καὶ
841 1621 1260 1686 ἀκολουθοῦντες
1290 1623 1640 1694 ἐπευφήμουν
1669 1622 1757 1675 λέ-

171 1730 362 1782 γοντες
390 1730 402 1743 ο
448 1731 467 1763 ι
521 1712 608 1775 '0;
653 1714 786 1766 ἀννὰ
818 1713 896 1783 τῷ
933 1712 1035 1783 υἱῷ
1075 1712 1255 1766 Δαδίδ.
1304 1714 1679 1785 Εὐλογημένος
1726 1718 1755 1768 6

170 1772 471 1875 ἐρχόμενος
502 1803 559 1853 ἐν
586 1772 810 1879 ὀνόματι
842 1772 1067 1872 Κυρίου,
1109 1802 1185 1864 ὼς
1227 1802 1363 1855 ἀννὰ
1400 1772 1467 1854 ἐν·
1488 1772 1602 1864 τοῖς
1627 1772 1751 1869 ὐψί-
1788 1772 1829 1830 Β

173 1912 341 1958 στοις.
385 1896 511 1947 Ὅτε
541 1894 634 1947 καὶ
659 1894 988 1957 εἰσελθόντος
1014 1894 1178 1947 αὐτοῦ
1207 1897 1286 1959 είς
1307 1894 1375 1948 τὰ
1412 1895 1752 1965 Ἰεροσόλυμα

172 1985 396 2055 ἐσείσθη
428 1987 576 2037 πᾶσα
601 1986 632 2055 ή
664 1984 816 2048 πόλις
842 1984 1108 2053 λεγόντων
1128 2003 1140 2015 ·
1170 1985 1265 2047 Τίς
1292 1987 1439 2038 ἐστιν
1474 1977 1659 2047 οὐτος;
1692 1988 1752 2039 Οί

170 2075 226 2130 δὲ
268 2076 414 2146 ὄχλοι
455 2076 638 2143 ἔλεγον
662 2091 675 2104 ·
711 2068 878 2136 Οὗτός
907 2075 1052 2127 ἐστιν
1077 2076 1106 2127 ὀ
1134 2079 1415 2145 προφήτης
1462 2073 1691 2143 Ἰησοῦς,
1727 2076 1754 2126 6

172 2167 281 2219 ἀπὸ
310 2164 564 2237 Ναζαρὲθ
610 2165 707 2234 τῆς
751 2163 1057 2227 Γαλιλαίας.
1092 2185 1112 2217 ι
1172 2166 1324 2219 Ἐπεὶ
1356 2167 1536 2219 τοίνυν
1568 2168 1633 2218 ἐκ
1661 2165 1752 2219 τοῦ

172 2258 537 2330 προκειμένου
590 2255 806 2327 ψαλμοῦ
843 2257 1091 2328 εἴρηται,
1138 2258 1237 2321 τὸ,
1285 2259 1371 2320 Ὠς
1418 2258 1571 2322 ἀννὰ,
1618 2260 1755 2327 ὅπερ

172 2349 510 2421 ἐρμηνευθέν
529 2348 704 2420 δηλοῖ,
741 2348 919 2401 Σῶσον
947 2348 1040 2420 δὴ,
1061 2348 1122 2402 τὸ
1145 2349 1202 2401 δὲ
1244 2348 1547 2420 Ἐϐραῖκὺν,
1600 2350 1755 2403 Ἀννὰ

184 2439 415 2493 ’Δδωναῒ
440 2440 515 2501 ὼς
544 2438 701 2500 ἀννὰ,
734 2438 996 2509 περιέχει.
1040 2438 1198 2491 Ἀλλὰ
1223 2440 1315 2492 καὶ
1337 2438 1431 2505 τὸ,
1469 2459 1487 2490 ι
1520 2440 1757 2510 Εὐλογη-
1804 2426 1809 2431 ’

177 2532 339 2601 μένος
379 2534 408 2586 6
438 2531 730 2601 ἐρχόμενος
775 2532 832 2583 ἐν
866 2531 1089 2601 ὀνόματι
1139 2531 1377 2602 Κυρίου,
1408 2551 1426 2583 ι
1460 2532 1756 2603 ἐπειδήπερ

174 2626 273 2678 καὶ
300 2624 436 2677 αὐτὸ
462 2623 571 2676 ἀπὸ
605 2622 698 2675 τοῦ
724 2622 887 2676 αὐτοῦ
913 2622 1130 2693 ψαλμοῦ
1162 2622 1514 2695 μετείληπται
1539 2665 1553 2689 ,
1583 2624 1756 2678 ταῦτα

169 2717 232 2771 δὲ
281 2715 470 2784 σαφῶς
509 2715 602 2767 ἐπὶ
646 2715 738 2767 τὸν
788 2714 1021 2787 Χριστὸν
1065 2714 1161 2767 τοῦ
1204 2714 1338 2767 Θεοῦ
1382 2718 1755 2787 ἀνενήνεκταιο

172 2807 404 2870 εἰκότως
455 2807 534 2869 εἰς
586 2806 748 2858 αὐτὸν
804 2806 897 2858 καὶ
939 2806 1007 2859 τὰ
1054 2805 1215 2859 λοιπὰ
1258 2806 1356 2875 τῆς
1402 2809 1755 2879 προρρήσεως

170 2899 565 2969 ἐξειλήφαμεν.
595 2892 762 2961 Οὗτος
782 2897 889 2970 γὰρ
923 2897 998 2951 ὢν
1032 2897 1286 2968 τυγχάνει
1320 2897 1696 2969 εὐλογημένος,
1728 2902 1755 2954 6

172 2992 274 3044 καὶ
318 2989 386 3042 δι’
416 2988 605 3060 ἐτέρου
631 2990 911 3060 προφήτου
945 2989 1330 3060 ὠνομασμένος
1368 2991 1396 3042 ό
1442 2990 1753 3063 ἐρχόμενος,

173 3081 272 3135 τοῦ
301 3082 601 3152 φήσαντος
651 3100 669 3132 ι
704 3082 823 3133 Ἔτι
866 3082 1089 3152 μικρὸν,
1120 3083 1213 3135 καὶ
1236 3085 1263 3135 6
1294 3082 1582 3153 ἐρχόμενος
1615 3085 1754 3155 ἥξει,

175 3177 272 3229 καὶ
306 3174 369 3228 οὐ
407 3173 483 3245 μὴ
528 3174 783 3244 χρονίσῃ,
841 3193 859 3225 ι
900 3174 959 3237 ὃς
1002 3176 1096 3227 καὶ
1142 3174 1396 3246 ἐλήλυθεν
1431 3177 1489 3229 ἐν
1536 3177 1760 3248 ὀνόματι

176 3267 387 3340 Κυρίου
416 3265 511 3319 τοῦ
538 3266 696 3329 Θεοῦ,
730 3268 823 3320 καὶ
855 3267 1067 3338 Πατρὸς
1093 3267 1307 3320 ἐαυτοῦ.
1332 3268 1502 3331 Αὐτὸς
1522 3270 1567 3322 δ’
1590 3270 1654 3323 ἂν
1680 3271 1762 3341 εἴη

176 3361 271 3414 καὶ
314 3376 336 3410 σ
374 3357 508 3421 Θεὸς
536 3356 739 3427 Κύριος
771 3360 800 3410 6
844 3359 1124 3426 ἐπιφανεὶς
1154 3360 1305 3429 ἡμῖν.
1349 3378 1367 3410 ι
1413 3360 1499 3412 Ἐν
1539 3361 1763 3431 ὀνόματι

176 3452 307 3521 γοῦν
348 3450 446 3504 τοῦ
485 3450 699 3521 Πατρδς
740 3450 903 3504 αὐτοῦ
940 3452 1189 3520 ὁμολογεί
1231 3453 1548 3523 ἐληλυθέναι
1590 3455 1763 3523 λέγων

178 3546 317 3618 πρὸς
368 3546 499 3609 τοὺς
549 3544 831 3607 Ἰουδαίους
857 3561 871 3575 υ
916 3562 935 3595 ι
981 3543 1120 3613 Ἐγὼ
1156 3545 1392 3617 ἐλήλυθα
1431 3549 1489 3600 ἐν
1532 3548 1609 3617 τῷ
1654 3549 1765 3601 ὀνό-

181 3654 311 3707 ματι
356 3634 457 3688 τοῦ
506 3634 717 3704 Πατρός
754 3651 853 3704 μου
879 3674 893 3698 ,
927 3636 1021 3687 καὶ
1045 3636 1106 3688 οὐ
1125 3636 1432 3707 λαμϐάνετέ
1463 3654 1526 3703 με
1551 3654 1564 3667 ·
1606 3636 1763 3701 ἄλλος

178 3728 271 3782 ἐὰν
296 3727 429 3799 ἔλθη
472 3730 528 3780 ἐν
554 3726 631 3795 τῷ
655 3726 875 3796 ὀνόματι
908 3725 986 3796 τῷ
1028 3727 1171 3797 ἰδίῳ,
1200 3728 1405 3782 ἐκεῖνον
1442 3727 1695 3799 λήψεσθε.
1738 3748 1757 3780 ι

178 3820 351 3883 Αὐτὸς
375 3822 444 3891 δὴ
468 3817 560 3873 οὖν
595 3821 623 3872 6
648 3820 931 3887 ἐπιφανεὶς
962 3822 1093 3890 ἡμῖν
1120 3818 1250 3882 Θεὸς
1282 3820 1484 3890 Κύριος
1504 3860 1517 3881 ,
1550 3821 1578 3873 6
1609 3820 1755 3873 εὐλο·

178 3916 447 3985 τημένος,
475 3915 504 3965 6
531 3912 701 3966 ἐλθὼν
728 3915 784 3965 ἐν
807 3913 1029 3981 ὀνόματι
1055 3912 1281 3982 Κυρίου,
1310 3914 1473 3977 αὐτὸς
1496 3910 1564 3985 ἧν
1601 3914 1694 3966 καὶ
1734 3915 1762 3965 6

180 4007 322 4070 λίθος
350 4048 365 4070 ,
404 4005 466 4059 ὃν
508 4005 916 4075 ἀπεδοκίμασαν
956 4006 1004 4057 οἱ
1044 4004 1210 4058 πάλαι
1250 4004 1510 4077 πρότερον
1560 4006 1649 4060 τὸν
1697 4007 1762 4057 ἐκ

182 4097 489 4171 περιτομῆς
515 4096 643 4151 λαὸν
663 4096 750 4150 διὰ
773 4095 873 4165 τῆς
897 4097 1196 4167 Μωςαῖκῆς
1226 4095 1580 4162 διδασκαλίας
1610 4100 1759 4151 οἱκο-

181 4191 498 4263 δομοῦντες,
533 4189 591 4252 ὃς
620 4190 711 4242 καὶ
735 4187 1187 4258 ἀποδοκιμασθεὶς
1214 4190 1303 4241 ὐπ’
1330 4190 1536 4254 αὐτῶν,
1562 4193 1641 4253 εἰς
1672 4207 1761 4244 κε·-

184 4284 356 4356 φαλὴν
387 4282 585 4353 ἐτέρας
608 4280 932 4349 γωνίαςτῆς
958 4279 1014 4343 ἐξ
1040 4278 1205 4332 ἐθνῶν
1247 4280 1569 4352 Ἐκκλησίας
1632 4299 1761 4335 κατ-

183 4377 334 4450 έστης
361 4378 433 4447 ἥν
465 4376 541 4439 ὡς
570 4375 643 4446 μὴ
680 4377 797 4439 τοῖς
831 4376 994 4427 πᾶσιν
1020 4373 1325 4443 ὁρωμένην,
1360 4376 1537 4444 μόνοις
1570 4375 1625 4428 δὲ
1649 4379 1760 4439 τοῖς

2384 506 2527 543 anna
2563 489 2676 559 ﬁlio
2708 489 2899 547 David.

1934 618 1953 650 ι
1988 598 2245 671 Lapidem
2275 618 2435 673 quem
2468 604 2899 674 reprobaverunt
2927 605 3258 663 aediﬁcantes
3278 648 3295 673 ,
3343 609 3430 665 hic

1859 692 2036 749 factus
2048 700 2131 750 est
2150 693 2203 748 in
2221 702 2379 765 caput
2402 696 2604 766 anguli.
2624 697 2665 749 A
2685 694 2914 752 Domino
2936 698 3137 754 factum
3157 708 3241 754 est
3260 702 3426 765 istud,

1858 792 1913 839 et
1939 793 2022 840 est
2053 783 2303 839 mirabile
2348 786 2401 839 in
2432 786 2607 842 oculis
2642 787 2864 843 nostris.
2919 787 3043 844 Haec
3096 792 3213 845 dies
3264 808 3427 861 quam

1858 874 1987 929 fecit
2017 874 2300 940 Dominus,
2332 877 2667 933 exsultemus
2693 887 2748 932 et
2782 879 3025 935 laetemur
3058 880 3112 935 in
3133 897 3214 935 ea.
3248 880 3293 935 0
3325 882 3433 936 Do-

1858 968 2004 1025 mine
2038 1009 2054 1030 .
2110 969 2319 1024 salvum
2354 971 2440 1024 fac
2479 970 2592 1039 jam
2628 985 2809 1038 nunc;
2845 986 2878 1026 ο
2916 971 3175 1037 Domine,
3207 976 3273 1027 da
3307 990 3430 1043 pro-

1856 1057 2057 1114 fectum
2087 1060 2201 1130 jam
2246 1077 2411 1116 nunc.
2444 1060 2767 1117 Benedictus
2808 1065 2902 1133 qui
2933 1067 3078 1119 venit
3108 1066 3162 1118 in
3209 1067 3429 1119 nomine

1856 1150 2071 1207 Domini
2105 1171 2117 1207 :
2156 1152 2572 1224 [Benediximus
2614 1155 2770 1211 vobis
2804 1155 2872 1210 de
2922 1155 3084 1210 domo
3114 1155 3329 1211 Domini
3366 1154 3425 1229 :]

1857 1241 2003 1300 Deus
2034 1243 2379 1308 Dominus,et
2424 1245 2604 1298 illuxit
2646 1244 2804 1300 nobis
2856 1246 2917 1299 ¹⁶.
2961 1266 2980 1299 ι
3020 1246 3301 1303 Salvatore
3330 1262 3429 1301 no.

1856 1345 1973 1391 stro
2007 1335 2137 1392 Jesu
2158 1336 2376 1391 Christo
2408 1337 2657 1408 ingresso
2684 1338 2955 1407 quondam
2989 1340 3044 1393 in
3072 1340 3262 1395 urbem
3289 1339 3418 1395 Ilie-

1856 1427 2149 1498 rosolyma,
2178 1442 2287 1497 quo
2318 1436 2579 1497 tempore,
2613 1428 2754 1483 sicut
2784 1429 3087 1498 prophetia,
3112 1446 3276 1499 quam
3307 1446 3430 1501 pro-

1856 1521 2000 1575 xime
2028 1531 2154 1575 ante
2186 1521 2325 1575 hanc
2363 1520 2749 1590 exposuimus,
2781 1522 3053 1587 continet,
3103 1522 3231 1576 dum
3259 1524 3427 1579 asello

1856 1610 2100 1666 insidens
2132 1611 2378 1675 vehitur,
2413 1612 2570 1666 ﬁdem
2604 1612 2732 1667 huic
2775 1612 2853 1667 rei
2908 1612 3142 1667 faciente
3196 1628 3427 1684 evange-

1856 1701 1979 1756 lista
2002 1741 2017 1765 ,
2076 1702 2393 1756 vaticinium
2442 1704 2587 1773 quod
2621 1713 2706 1759 est
2741 1703 2883 1773 apud
2934 1702 3252 1758 Zachariam
3284 1720 3429 1761 com-

1860 1794 2045 1863 plevit,
2078 1794 2251 1849 turba:
2284 1810 2406 1865 quae
2442 1796 2704 1864 praeibam
2746 1804 2801 1850 et
2857 1812 2978 1866 quae
3026 1797 3427 1865 sequebantur,

1860 1884 2235 1939 acclamabant
2271 1886 2651 1941 benedicentes
2680 1904 2694 1942 :
2732 1906 2750 1936 ε
2784 1885 3035 1941 Hosanna
3083 1884 3193 1940 [ilio
3232 1885 3424 1943 David.

1861 1976 2183 2034 Benedictus
2215 1979 2307 2048 qui
2338 1980 2487 2033 venit
2537 1978 2591 2033 in
2639 1980 2858 2033 nomine
2904 1977 3137 2043 Domini,
3180 1977 3426 2034 hosanna

1862 2070 1916 2124 in
1961 2071 2263 2127 altissimis.
2312 2069 2433 2136 Quo
2480 2070 2645 2125 etiam
2702 2076 2944 2140 tempore
2988 2083 3113 2124 cum
3166 2068 3427 2124 intrasset

1864 2158 2315 2230 Hierosolymam,
2344 2168 2615 2215 commota
2665 2167 2749 2215 est
2804 2162 3059 2216 universa
3099 2160 3312 2227 civitas,
3341 2159 3427 2215 di-

1862 2266 1992 2306 cens
2024 2270 2036 2305 :
2079 2250 2213 2317 Quis
2239 2258 2323 2306 est
2353 2252 2476 2307 hic?
2513 2251 2707 2307 Turba:
2755 2260 2933 2306 autem
2975 2252 3228 2308 dicebant
3262 2271 3276 2307 :
3327 2251 3428 2307 Hic

1861 2351 1944 2398 est
1972 2344 2232 2415 propheta
2280 2343 2440 2401 Jcsus
2471 2361 2501 2399 a
2542 2344 2809 2401 Nazareth
2844 2344 3075 2401 Galilaza:
3107 2348 3169 2399 “.
3210 2365 3230 2397 ι
3281 2346 3428 2412 Quo-

1861 2437 2006 2491 niam
2046 2437 2211 2506 igitur
2242 2452 2307 2492 ex
2356 2438 2603 2508 proximo
2633 2439 2842 2508 psalmo
2870 2439 3073 2493 dictum
3108 2448 3192 2494 est
3253 2439 3383 2494 illud
3406 2480 3423 2503 ,

1863 2530 2130 2593 hosanna,
2163 2529 2309 2600 quod
2348 2530 2394 2586 si
2428 2532 2822 2601 interpreteris,
2865 2532 3156 2602 signiﬁcat,
3216 2533 3427 2588 salvum

1863 2619 1947 2675 fac
1976 2620 2088 2689 jam
2136 2635 2314 2685 nunc,
2349 2630 2403 2676 et
2434 2620 2732 2677 Hebraicus
2761 2632 3070 2690 contextus,
3106 2624 3258 2677 Anna
3282 2625 3428 2681 Ado-

1862 2715 1949 2767 nai
1982 2714 2247 2778 hosanna,
2296 2714 2491 2777 habet,
2554 2729 2763 2768 necnon
2822 2714 2999 2768 illud:
3050 2735 3068 2766 ι
3102 2715 3427 2772 Benedictus

1861 2809 1953 2878 qui
1978 2808 2123 2863 venit
2156 2808 2209 2861 in
2257 2808 2476 2862 nomine
2504 2807 2754 2872 Domini,
2805 2827 2822 2859 ι
2884 2809 3059 2877 ipsum
3100 2824 3317 2878 quoque
3359 2810 3427 2863 ab

1861 2900 2051 2955 eodem
2088 2900 2296 2970 psalmo
2323 2907 2408 2954 est
2438 2910 2744 2969 acceptum,
2779 2908 2833 2953 et
2871 2900 2983 2954 tunc
3016 2901 3133 2971 ipsa
3170 2902 3327 2970 plane
3359 2901 3428 2955 ad

1861 2992 2138 3049 Christum
2199 2992 2365 3048 Deum
2422 2992 2612 3048 referri
2648 3000 2899 3047 constat:
2936 2993 3131 3046 merito
3172 2992 3239 3047 ad
3284 3009 3428 3047 eum-

1862 3084 1983 3139 dem
2014 3084 2222 3156 reliqua
2255 3099 2471 3155 quoque
2507 3084 2750 3154 ejusdem
2798 3084 3039 3138 vaticinii
3086 3085 3185 3139 hoc
3218 3086 3271 3139 in
3308 3086 3428 3139 loco

1866 3178 2171 3232 retulimus.
2204 3175 2301 3231 Hic
2327 3178 2471 3231 enim
2509 3185 2592 3233 est
2643 3176 2733 3232 ille
2792 3176 3144 3239 benedictus,
3211 3178 3304 3248 qui
3361 3180 3429 3232 ab

1865 3267 1971 3321 alio
2000 3268 2259 3336 propheta
2280 3266 2506 3321 veniens
2532 3272 2616 3321 est
2663 3265 2975 3320 nominatus
3000 3304 3017 3329 ,
3065 3266 3156 3321 ubi
3191 3267 3273 3321 sic
3307 3266 3381 3319 ait
3413 3287 3425 3320 :

1870 3378 1889 3410 ι
1930 3357 2122 3412 Adhuc
2176 3358 2447 3412 modicum
2473 3396 2489 3420 ,
2532 3364 2588 3410 et
2627 3357 2848 3411 veniens
2882 3358 3062 3411 veniet
3092 3368 3145 3411 et
3172 3373 3281 3411 non
3317 3367 3429 3411 tar-

1864 3450 2013 3505 dabit
2038 3453 2102 3516 η,
2140 3470 2157 3502 ι
2195 3451 2288 3520 qui
2322 3451 2447 3505 item
2480 3450 2625 3504 venit
2678 3450 2731 3503 in
2774 3450 2993 3504 nomine
3030 3448 3124 3505 Dei
3166 3458 3219 3504 et
3248 3448 3427 3505 Patris

1865 3545 1971 3599 sui.
2007 3544 2152 3599 Idem
2188 3556 2316 3598 vero
2371 3540 2534 3595 fuerit
2577 3540 2739 3594 etiam
2776 3559 2795 3591 ι
2854 3539 2998 3596 Deus
3035 3540 3299 3599 Dominus
3332 3546 3427 3614 qui

1864 3636 2041 3690 illuxit
2073 3636 2251 3691 nobis.
2290 3652 2309 3686 ι
2348 3633 2535 3703 Itaque
2577 3632 2633 3686 in
2688 3633 2906 3688 nomine
2931 3632 3109 3689 Patris
3140 3636 3224 3690 sui
3253 3633 3427 3690 conﬁ-

1863 3734 2009 3782 tetur
2036 3742 2094 3782 se
2125 3725 2343 3781 venisse
2378 3725 2446 3780 ad
2470 3724 2709 3790 Judazos,
2740 3724 2929 3780 dicens
2961 3744 2974 3779 :
3015 3743 3035 3777 ι
3072 3724 3185 3797 Ego
3214 3727 3338 3782 veni
3370 3728 3427 3783 in

1862 3818 2081 3873 nomine
2118 3816 2296 3873 Patris
2319 3819 2444 3881 mei,
2474 3826 2526 3873 et
2560 3831 2667 3871 non
2688 3817 2935 3886 accipitis
2958 3832 3061 3873 me.
3114 3818 3269 3874 Alius
3298 3834 3428 3874 cum

1861 3912 2069 3966 venerit
2100 3911 2153 3964 in
2190 3910 2410 3964 nomine
2451 3909 2671 3980 proprio
2698 3949 2712 3975 ,
2772 3910 2923 3963 illum
2976 3910 3258 3981 accipietis
3295 3912 3360 3964 ¹³.
3402 3932 3422 3963 ι

1863 4004 1963 4059 Hic
1994 4005 2112 4076 ipse
2134 4005 2320 4075 igitur,
2348 4004 2440 4074 qui
2474 4004 2651 4059 illuxit
2680 4004 2839 4061 nobis
2865 4003 3007 4060 Deus
3034 4004 3298 4065 Dominus
3335 4008 3430 4065 be-

1861 4097 2132 4164 nedictus,
2162 4096 2254 4168 qui
2292 4097 2442 4151 venit
2488 4096 2545 4152 in
2585 4097 2802 4152 nomine
2849 4095 3103 4162 Domini,
3156 4099 3294 4170 lapis
3338 4099 3429 4157 ille

1861 4187 1985 4254 fuit,
2012 4203 2172 4259 quem
2202 4188 2646 4259 reprobaverunt,
2669 4189 2759 4257 qui
2784 4189 3054 4258 quondam
3077 4197 3239 4245 antea
3263 4205 3430 4261 popu-

1860 4281 1973 4335 lum
2007 4279 2427 4335 circumcisione
2454 4280 2757 4350 signatum,
2805 4278 2970 4352 ἡδο
3001 4295 3097 4350 per
3133 4280 3428 4337 Mosaicam

1861 4373 2166 4428 doctrinam
2190 4371 2529 4427 aediﬁcabant
2562 4392 2574 4427 :
2604 4373 2696 4442 qui
2720 4373 2845 4427 item
2881 4373 2949 4427 ab
2973 4372 3082 4427 illis
3104 4375 3429 4443 reprobatus

185 4470 544 4543 προφητικοῖς
600 4466 930 4536 ὀφθαλμοῖς,
980 4464 1295 4535 θαυμαστὴν
1336 4461 1474 4519 εἷναί
1524 4484 1685 4538 φησιν
1729 4470 1757 4521 6

1862 4464 1917 4517 in
1947 4462 2123 4531 capite
2153 4462 2379 4517 alterius
2407 4462 2615 4533 anguli,
2647 4462 2887 4516 collecta:
2924 4462 3112 4532 utique
3153 4463 3222 4518 de
3248 4465 3427 4534 genti-

185 4558 337 4629 λόγος
364 4559 593 4629 φάσκων
622 4574 633 4587 ·
688 4577 705 4607 ι
738 4558 848 4610 Καὶ
886 4556 997 4609 ἔστι
1045 4555 1331 4626 θαυμαστὴ
1371 4557 1428 4609 ἐν
1461 4557 1754 4629 ὀφθαλμοῖς

186 4655 359 4726 ήμῶν.
410 4672 430 4704 ι
462 4651 573 4723 Τήν
596 4651 652 4703 δὲ
690 4649 1008 4717 ἐπιφάνειαν
1034 4649 1193 4702 αὐτοῦ
1227 4650 1386 4703 πάλιν
1410 4649 1620 4721 ἡμέραν
1640 4651 1756 4703 ὀνο-

192 4746 368 4816 μάζει,
403 4746 470 4813 ἦν
495 4743 748 4814 ἐποίησεν
778 4745 805 4796 6
831 4741 1052 4813 Κύριος,
1081 4741 1204 4794 ἐπεὶ
1236 4742 1330 4794 καὶ
1360 4741 1473 4810 φῶς
1498 4737 1567 4812 ἦν
1598 4742 1755 4805 αὐτὸς

189 4838 243 4891 τὸ
270 4836 544 4908 ἀληθινὸν,
586 4834 680 4887 καὶ
724 4833 872 4903 ἥλιος
914 4830 1256 4902 δικαιοσύνης
1281 4873 1295 4897 ,
1336 4831 1427 4884 καὶ
1450 4832 1633 4904 ήμέρα
1663 4829 1753 4883 τοῦ

189 4930 318 4985 Θεοῦ
341 4970 355 4991 ,
384 4931 443 4981 ἐν
530 4927 737 4995 γένοιτο
766 4925 860 4979 καὶ
885 4925 1031 4995 ἡμᾶς
1061 4925 1232 4977 είπεῖν
1264 4942 1276 4955 ·
1314 4923 1494 4995 (Αὕτη
1520 4924 1756 4995 ήήμέρα

190 5022 251 5094 ἢν
278 5022 531 5091 ἐποίησεν
564 5022 592 5073 6
629 5018 829 5090 Κύριος
851 5058 865 5080 ,
902 5016 1354 5087 ἀγαλλιασώμεθα
1395 5017 1488 5069 καὶ
1520 5016 1754 5086 εὐφραν-

193 5113 370 5185 θῶμεν
388 5115 445 5165 ἐν
460 5113 620 5181 αὐτῇ.
636 5130 653 5161 ι
677 5111 786 5163 Καὶ
804 5109 1005 5163 τούτων
1021 5109 1079 5162 δὲ
1100 5108 1285 5162 τοῦτον
1309 5126 1572 5179 συντετμη
1582 5108 1755 5178 μένων

191 5204 275 5258 τὸν
317 5206 551 5275 τρόπον,
591 5202 781 5273 καιρὸς
828 5202 922 5255 καὶ
970 5202 1062 5254 ἐπὶ
1101 5200 1198 5265 τὰς
1238 5202 1365 5273 περὶ
1407 5200 1500 5254 τοῦ
1550 5200 1756 5265 πάθους

192 5297 350 5353 αὐτοῦ
384 5294 686 5368 μεταῦἧναι
712 5294 1061 5365 προφητείας.

1858 4555 1963 4612 bus
1988 4554 2263 4622 Ecclesiae,
2289 4563 2371 4612 est
2394 4556 2745 4621 constitutus,
2768 4570 2929 4626 quam
2950 4571 3081 4611 sane
3092 4554 3420 4623 Ecclesiam,

1860 4661 1971 4701 non
2004 4654 2061 4701 ut
2080 4661 2197 4701 eam
2226 4662 2346 4717 quae
2372 4647 2440 4701 ab
2468 4647 2722 4701 omnibus
2744 4686 2760 4709 ,
2811 4647 2905 4702 sed
2934 4654 2995 4702 ut
3047 4663 3166 4703 eam
3196 4664 3317 4719 quae
3359 4649 3430 4705 ab

1862 4740 1987 4794 unis
2026 4739 2356 4810 propheticis
2377 4740 2551 4795 oculis
2573 4748 2849 4803 cernatur,
2872 4739 3245 4795 admirabilem
3281 4758 3427 4806 esse,

1861 4831 1937 4886 ait
1970 4832 2270 4895 oraculum,
2290 4831 2386 4886 ubi.
2407 4832 2487 4887 sic
2509 4832 2582 4885 ait
2612 4849 2627 4885 :
2669 4850 2686 4882 ‹
2714 4830 2779 4885 Ει
2799 4840 2881 4887 est
2904 4832 3217 4888 mirabilein
3255 4835 3429 4889 oculis

1860 4925 2083 4980 nostris.
2110 4943 2128 4977 ι
2165 4923 2465 4980 Adventum
2496 4939 2625 4979 vero
2653 4924 2772 4993 ejus
2793 4962 2808 4987 ,
2839 4940 3032 4980 rursus
3076 4924 3219 4980 diem
3252 4925 3429 4979 nomi-

1860 5024 1996 5081 nat,
2060 5031 2221 5087 quam
2275 5016 2403 5071 fecit
2460 5015 2762 5083 Dominus,
2820 5015 3258 5086 quandoquidem
3311 5016 3429 5086 ipse

1861 5110 2022 5164 etiam
2053 5109 2145 5162 lux
2171 5107 2272 5162 fuit
2304 5122 2449 5173 vera,
2481 5116 2535 5163 et
2563 5109 2644 5163 sol
2684 5108 2933 5177 iustitiae,
2978 5118 3032 5163 et
3057 5108 3173 5163 dies
3206 5106 3340 5169 Dei,
3373 5107 3428 5161 iu

1860 5217 1967 5271 qua
1996 5201 2203 5254 utinam
2232 5200 2388 5255 nobis
2410 5214 2626 5270 quoque
2648 5198 2832 5254 dicere
2864 5200 3024 5255 liceat
3049 5219 3063 5254 :
3103 5217 3121 5250 ι
3157 5197 3282 5252 Haec
3312 5197 3429 5252 dies

1861 5307 2024 5362 quam
2080 5290 2207 5346 fecit
2255 5290 2518 5346 Dominus
2555 5330 2572 5357 ,
2617 5291 2954 5347 cxsultemus
2999 5298 3053 5346 ct
3095 5291 3341 5345 laetemur
3372 5290 3428 5345 in

194 5412 271 5451 ea.
309 5417 327 5448 ι
362 5396 629 5450 Caeterum
679 5407 802 5448 cum
846 5390 961 5447 haec
998 5407 1028 5446 a
1057 5393 1215 5448 nobis
1251 5394 1305 5448 in
1339 5392 1485 5449 hunc
1532 5392 1754 5447 modum
1790 5391 2029 5446 breviter
2056 5388 2451 5459 comprehensa
2512 5389 2642 5455 sint,
2688 5395 2905 5458 tempus
2952 5387 3065 5458 jam
3109 5386 3316 5455 fuerit,
3358 5383 3429 5442 ad

197 5500 424 5560 eaquae
455 5487 523 5542 dc
564 5485 817 5555 passione
853 5483 999 5540 illius
1055 5486 1371 5557 loquuntur,
1404 5485 1745 5556 prophetias,
1785 5483 2041 5539 transire.

266 5671 309 5702 ¹⁶
348 5667 492 5723 Psal.
529 5684 673 5724 cxvu
699 5712 712 5733 ,
745 5668 941 5723 2i-26.

467 5877 735 5935 ΡΑτιιοι..
770 5871 882 5936 GR.
936 5866 1139 5933 XXII.

1021 5666 1059 5696 ¹¹
1100 5665 1291 5720 Matth.
1325 5680 1445 5728 ιιι,
1478 5663 1631 5720 9-H.
1711 5663 1753 5695 ¹¹
1794 5660 2000 5719 Babae.
2040 5680 2109 5730 ιι,
2146 5664 2179 5719 5
2279 5662 2320 5694 ⁸³
2357 5659 2519 5717 Joan.
2551 5678 2618 5727 v,
2652 5658 2741 5715 45.
