3928 6526
70 385 167 437 717
992 379 1639 437 DEMONSTIiATiONlS
1678 381 2131 439 EVANGEUCAZ
2168 384 2298 443 LIB.
2338 386 2403 438 Χ.
3229 393 3333 447 718

69 497 160 551 καὶ
186 496 301 567 τὴν
343 496 604 567 ἀπαρχὴν
641 494 734 548 τοῦ
768 495 876 548 τῶν
922 496 1225 567 ἀνθρώπων
1248 499 1437 566 γένους
1482 499 1664 551 καλλι-

1775 508 2068 565 serventur,
2125 501 2252 554 dum
2310 517 2465 556 sacro
2529 518 2752 557 munere
2810 503 3071 574 fungitur,
3119 517 3328 575 patrem

68 591 457 661 εῃσάμενος,
494 590 871 661 προσηγάγετο
914 588 993 660 τῷ
1022 591 1217 661 Πατρὶ,
1260 591 1328 643 δι’
1361 584 1422 643 οὗ
1466 592 1559 644 καὶ
1597 594 1662 663 τῇ

1775 604 1925 644 suum
1954 600 2162 646 exorat.
2203 591 2353 647 Alias
2386 600 2563 648 autem
2593 601 2850 664 tanquam
2895 604 2949 650 et
2991 597 3179 667 Agnus
3211 598 3330 664 Dei,

68 682 167 734 τῶν
196 680 524 753 ἀνθρώπων
565 681 808 752 ὡμίλησε
842 681 1022 750 φύσει,
1055 682 1155 735 οὐκ
1190 682 1363 745 ἄλλως
1391 682 1664 756 δυναμένῃ

1775 682 1858 751 qui
1914 683 2063 736 tollat
2089 693 2309 752 peccata
2366 687 2573 748 mundi,
2608 696 2660 740 ct
2690 688 2805 741 ovis
2839 703 2959 758 quae
3006 691 3074 743 ad
3131 693 3330 748 caedem

67 774 238 841 Λόγου
272 773 424 826 Θεοῦ
453 773 548 827 καὶ
571 773 851 843 δυνάμεως
871 774 1162 844 ἀσωμάτου
1188 775 1283 828 καὶ
1311 777 1502 845 νοερᾶς
1530 776 1664 845 ἐπη-

1775 772 2016 830 ducatur.
2062 774 2174 829 Hoc
2205 784 2384 830 autem
2420 776 2521 831 fuit
2557 778 2732 848 ipsum
2775 780 3070 834 humanum
3107 799 3329 854 corpus.

68 867 171 935 κόῳ
202 866 505 933 γενέσθαι,
540 865 658 918 οὺδέ
689 883 744 918 τι
796 865 978 937 μεῖζον
1018 866 1235 938 σαρκῶν
1278 868 1372 920 καὶ
1400 867 1664 937 σωμάτων

1775 866 1911 934 quod
1962 867 2051 921 illc
2085 867 2259 921 instar
2309 868 2434 936 agni
2481 876 2641 937 atque
2671 871 2809 933 ovis,
2847 887 2969 925 cum
3020 874 3087 927 de
3143 884 3331 930 nostro

66 957 125 1008 δι’
151 954 473 1024 ὀφθαλμῶν
516 954 716 1025 σαρκὸς
747 956 1051 1025 ἐπινοῆσαι.
1086 958 1226 1009 Ὅσα
1269 956 1447 1009 τοίνυν
1479 956 1571 1009 ἐπὶ
1606 957 1664 1010 τὸ

1775 973 1926 1028 grege
1965 959 2127 1012 veluti
2157 957 2405 1014 Pontifex
2459 960 2880 1031 assumpsisset,
2938 965 3193 1032 primitiis
3229 968 3330 1021 lm-

64 1046 467 1116 ταπεινότερον
489 1046 687 1113 δόξειεν
717 1047 774 1099 ἐν
799 1050 911 1110 τοῖς
938 1048 1317 1118 προκειμένοις
1345 1050 1471 1121 περὶ
1502 1050 1664 1104 αὑτοῦ

1775 1051 1913 1103 mani
1966 1051 2181 1122 generis
2229 1050 2407 1106 fauste
2454 1051 2793 1123 feliciterque
2848 1059 3124 1124 operatus,
3183 1058 3332 1115 Patri

66 1137 350 1205 λέγεσθαι,
369 1138 545 1192 ταῦτα
566 1138 655 1191 τὸν
684 1139 877 1209 Ἀμνὸν
901 1142 1032 1210 ὁρᾷν
1057 1139 1151 1193 τοῦ
1168 1140 1323 1206 Θεοῦ,
1337 1142 1427 1196 τὸν
1447 1142 1664 1213 αἴροντα

1775 1156 1967 1196 munus
2003 1143 2204 1207 attulit,
2236 1158 2333 1212 per
2364 1142 2507 1213 quod
2537 1144 2697 1197 etiam
2722 1160 2844 1198 cum
2873 1146 3108 1201 humana
3136 1160 3331 1204 natura

69 1231 153 1301 τὴν
183 1232 489 1301 ἁμαρτίαν
514 1230 605 1283 τοῦ
642 1232 869 1301 κόσμου,
905 1234 998 1286 καὶ
1037 1232 1097 1285 τὸ
1134 1235 1329 1303 σκῆνος
1368 1235 1428 1288 τὸ
1456 1236 1664 1306 ἀνθρώ-

1775 1233 2151 1287 commercium
2201 1234 2407 1299 habuit,
2442 1250 2561 1305 quaa
2594 1236 2795 1305 alioqui
2833 1252 3007 1306 neque
3062 1238 3154 1294 Dei
3199 1240 3334 1295 Ver—

72 1339 213 1373 πειον
283 1322 591 1376 ὑποϐάλλει
644 1327 802 1377 νοεῖν.
866 1325 1059 1394 ’Δμνὸς
1093 1325 1190 1395 μὲν
1222 1326 1331 1399 γὰρ
1378 1323 1445 1398 ἦν
1498 1329 1664 1400 αἴρων

1775 1325 1918 1389 bum,
1950 1342 2125 1395 neque
2174 1328 2281 1381 vim
2320 1327 2692 1397 incorpoream
2754 1336 2913 1399 atque
2947 1332 3331 1401 intelligentem

69 1412 155 1480 τὴν
178 1414 483 1483 ἁμαρτίαν
510 1413 600 1466 τοῦ
633 1415 859 1485 κόσμου,
880 1415 1019 1469 κατά
1039 1417 1130 1469 τὸν
1159 1418 1463 1491 Βαπτιστὴν
1492 1422 1664 1475 Ἰωάν-

1775 1419 2026 1474 exaudire
2053 1426 2145 1471 aut
2188 1419 2462 1488 percipere
2495 1420 2780 1489 potuisset,
2833 1436 3008 1489 neque
3037 1424 3331 1493 quidquam

72 1523 155 1575 νην
192 1505 293 1556 τὸν
346 1504 577 1573 λέγοντα
598 1524 611 1537 ·
660 1526 677 1557 ι
717 1508 811 1560 Ἰδὲ
838 1510 866 1560 6
907 1508 1099 1579 Ἀμνὸς
1132 1508 1227 1562 τοῦ
1257 1511 1413 1575 Θεοῦ,
1446 1514 1473 1565 6
1502 1512 1664 1584 αἴρων

1775 1527 1932 1581 supra
1960 1526 2177 1565 carnem
2232 1519 2324 1565 aut
2354 1526 2552 1580 corpus
2599 1527 2695 1581 per
2726 1514 2915 1568 oculos
2946 1516 3193 1583 corporis
3253 1517 3332 1569 in-

70 1596 156 1667 τὴν
188 1597 491 1668 ἁμαρτίαν
544 1597 637 1650 τοῦ
671 1599 874 1671 κόσμου
895 1618 907 1629 ·
946 1620 963 1650 ι
1002 1602 1171 1671 ἀμνὸς
1199 1602 1254 1655 δὲ
1288 1598 1355 1674 ἦν
1380 1605 1473 1657 καὶ
1515 1607 1543 1658 6
1580 1607 1664 1658 ἐπὶ

1775 1603 1930 1657 tueri.
1961 1603 2309 1672 Quaecunque
2359 1604 2522 1673 igitur
2574 1603 2640 1658 de
2692 1605 2783 1658 illo
2839 1606 2890 1658 in
2930 1608 3011 1661 his
3040 1623 3160 1676 quae
3190 1624 3333 1661 nunc

74 1690 285 1758 σταγὴν
317 1689 613 1760 ἀγόμενος,
648 1691 787 1743 κατά
818 1691 880 1744 τὸ
925 1694 1075 1763 παρά
1116 1693 1193 1764 τῷ
1251 1695 1445 1767 Ἡσαΐᾳ
1493 1696 1664 1765 λόγιον

1775 1704 2091 1759 tractamus,
2138 1695 2398 1749 humilius
2434 1695 2805 1765 abjectiusque
2844 1698 2948 1751 dici
2984 1699 3331 1760 videbuntur,

73 1783 309 1848 ginem-
363 1802 383 1833 ι
434 1784 518 1845 Ὠς
546 1782 814 1854 πρόϐατον
864 1784 957 1837 ἐπὶ
1004 1786 1213 1857 σφαγὴν
1243 1786 1419 1857 ἢχθη,
1460 1788 1553 1840 καὶ
1594 1787 1664 1851 ὼς

1775 1802 1834 1843 ea
1868 1794 2113 1857 spectare
2133 1787 2340 1856 Agnum
2373 1784 2487 1846 Dei,
2520 1787 2611 1855 qui
2634 1789 2773 1841 tollit
2806 1796 3084 1857 peccatum
3122 1788 3330 1849 mundi,

70 1874 231 1943 ἀμνὸς
273 1874 537 1926 ἐναντίον
585 1850 679 1926 τοῦ
730 1876 1006 1946 κείροντος
1048 1850 1529 1949 ἀφωνοςξῄιυΠερὶ
1571 1850 1664 1931 τοῦ

1775 1891 2077 1946 corpusque
2129 1877 2258 1929 illud
2313 1876 2631 1939 humanum,
2674 1878 2987 1933 meminisse
3039 1879 3329 1947 oportebit.

72 1963 225 2015 αᾷτοῦ
257 1964 320 2016 δὲ
354 1964 438 2026 ὡς
474 1964 599 2034 περὶ
640 1964 812 2035 ἀμνοῦ
847 1964 1064 2034 ἐλέγετο
1103 1966 1195 2019 καὶ
1223 1967 1304 2029 τὸ,
1341 1986 1359 2018 ι
1400 1968 1531 2021 Ἀπὸ
1560 1969 1664 2022 τῶν

1775 1966 1957 2036 Agnus
1982 1967 2071 2020 ille
2098 1965 2313 2034 quidem
2345 1964 2464 2031 fuit,
2498 1967 2692 2021 tollens
2723 1976 3004 2035 peccatum
3038 1968 3247 2032 mandi,
3274 1974 3334 2021 ut

72 2055 360 2127 ἁμαρτιῶν
392 2055 487 2107 τοῦ
514 2055 642 2108 λαοῦ
671 2074 772 2125 μου
796 2056 936 2128 ἤχθη
961 2060 1041 2121 είς
1073 2057 1299 2112 θάνατον
1319 2076 1331 2089 ·
1369 2079 1388 2110 ι
1422 2059 1527 2113 ἔδει
1561 2061 1664 2132 γάρ

1775 2057 2007 2127 Baptista
2036 2038 2565 2112 Joannesdiccbat:
2604 2077 2621 2108 ι
2681 2057 2838 2121 Ecce,
2892 2058 3084 2127 inquit,
3145 2060 3333 2128 Agnus

69 2148 151 2199 τὸν
197 2149 415 2217 Ἀμνὸν
446 2148 538 2200 τοῦ
572 2147 706 2200 Θεοῦ
733 2149 824 2202 τὸν
854 2149 959 2202 ὑπὸ
983 2149 1074 2202 τοῦ
1106 2151 1340 2219 μεγάλου
1371 2153 1664 2223 ἀρχιερέως

1775 2150 1885 2214 Dei,
1915 2151 2007 2219 qui
2032 2150 2172 2204 tollit
2204 2158 2487 2218 peccatum
2518 2149 2704 2203 mundi
2738 2150 2802 2216 “;
2836 2168 2853 2199 ι
2878 2167 3052 2218 agnus
3078 2151 3224 2213 item,
3259 2152 3328 2204 ad

69 2241 458 2312 ἀναληφθέντα
489 2243 629 2311 ὑπὲρ
651 2242 758 2294 τῶν
798 2242 998 2296 λοιπῶν
1036 2243 1309 2311 συγγενῶν
1338 2244 1544 2314 ἀμνῶν,
1574 2246 1664 2298 καὶ

1775 2243 1968 2297 caadem
2020 2242 2237 2305 ductus,
2274 2248 2331 2297 ut
2369 2252 2451 2296 est
2486 2242 2539 2296 in
2587 2241 2734 2296 Isaia:
2776 2243 3050 2311 propheta:
3087 2245 3330 2309 oraculo,

71 2335 201 2404 ὑπὲρ
230 2336 431 2403 πάσης
462 2337 561 2405 τῆς
592 2334 940 2407 ἀνθρωπίνης
966 2336 1166 2407 ἀγέλης
1208 2335 1394 2390 θυσίαν
1438 2336 1514 2408 τῷ
1543 2337 1662 2408 Θεῷ

1775 2336 1912 2405 quod
1968 2335 2040 2387 ita
2080 2334 2153 2387 ait
2190 2353 2201 2386 :
2245 2353 2263 2382 ι
2303 2332 2586 2403 Tanquam
2617 2335 2734 2388 ovis
2775 2334 2841 2387 ad
2885 2336 3082 2391 caulem
3135 2336 3332 2390 ductus

74 2426 480 2496 προσαχθῆναι.
528 2445 546 2475 ι
606 2426 820 2498 Ἐπειδὴ
877 2426 988 2495 γὰρ
1044 2426 1110 2480 δι’
1172 2428 1459 2500 ἀνθρώπου
1500 2430 1528 2481 6
1570 2429 1664 2482 θά-

1775 2432 1873 2483 est.
1932 2430 1985 2478 et
2034 2431 2292 2493 tanquam
2344 2438 2515 2493 agnus
2575 2438 2756 2477 coram
2827 2424 3085 2479 tondente
3137 2426 3333 2479 obmu-

75 2536 219 2580 νατος
256 2518 361 2570 καὶ
400 2518 468 2570 δι’
510 2516 792 2589 ἀνθρώπου
823 2522 855 2590 ἡ
884 2520 1174 2583 ἀνάστασις
1215 2521 1247 2589 ἡ
1282 2521 1347 2573 ὲκ
1389 2520 1613 2592 νεκρῶν,
1641 2540 1661 2573 ι

1775 2516 1873 2569 tuit
1906 2517 1970 2571 ¹⁸.
2007 2534 2024 2565 ι
2067 2513 2138 2569 De
2166 2514 2355 2569 codem
2392 2530 2522 2569 vero
2576 2523 2835 2583 tauquam
2885 2516 2953 2569 de
3005 2532 3146 2586 agno
3168 2520 3332 2571 etiam

78 2612 230 2680 φησὶν
262 2611 295 2661 ὁ
340 2607 668 2670 Ἀπόστολος
688 2625 699 2637 ·
739 2609 831 2661 ml.
862 2628 879 2660 ι
904 2609 1091 2681 ῶσπερ
1124 2609 1190 2663 δι’
1214 2609 1331 2673 ἐνὸς
1370 2610 1664 2681 παραπτώ-

1775 2606 1898 2661 illud
1932 2607 2135 2661 dictum
2163 2614 2241 2661 cst
2283 2625 2296 2660 :
2334 2625 2353 2657 ί
2390 2604 2465 2659 Ex
2498 2608 2737 2675 peccatis
2784 2606 2969 2675 populi
3004 2608 3106 2661 mei
3132 2607 3331 2662 ductus

79 2718 241 2771 ματος
282 2702 369 2763 εἰς
426 2700 630 2763 πάντας
665 2700 981 2770 ἀνθρώπους
1027 2702 1106 2762 εἰς
1137 2701 1483 2772 κατάκριμα,
1529 2701 1664 2754 οὕτω

1775 2708 1853 2754 est
1880 2699 1947 2753 ad
1978 2706 2204 2753 mortem
2237 2699 2279 2730 ³⁸
2317 2717 2329 2751 :
2370 2717 2389 2750 ι
2422 2698 2705 2767 oportebat
2761 2698 2904 2751 enim
2952 2698 3161 2768 Agnum
3215 2698 3328 2757 Dei.

78 2794 159 2845 καὶ
186 2794 256 2845 δι’
298 2793 427 2855 ἐνὸς
458 2791 825 2862 δικαιώματος
863 2796 942 2855 εἰς
977 2793 1185 2856 πάντας
1226 2792 1548 2863 ἀνθρώπους
1589 2796 1664 2858 εἰς

1775 2794 1862 2864 qui
1893 2808 1922 2847 a
1957 2793 2191 2847 maximo
2216 2791 2477 2847 POntifice
2512 2799 2825 2859 assumptus
2860 2789 3057 2855 fuerat,
3110 2806 3206 2860 pro
3247 2807 3332 2846 re-

76 2887 361 2939 δικαίωσιν
396 2885 572 2956 ζωῆςο
613 2904 629 2935 ι
669 2884 820 2938 ἔνθεν
853 2887 945 2938 καὶ
975 2885 1141 2948 αὐτὸς
1181 2886 1307 2949 τοὺς
1346 2886 1442 2955 μὲν
1476 2886 1664 2939 ἑαυτοῦ

1775 2888 1932 2957 liquis
1958 2885 2202 2955 cognatis
2233 2886 2409 2955 agnis,
2440 2894 2495 2939 et
2528 2899 2625 2954 pro
2656 2884 2801 2937 omni
2865 2884 3099 2936 lmmano
3149 2900 3329 2954 grege,

81 2979 329 3049 μαθητὰς
362 2976 509 3047 ζωὴν
548 2977 643 3029 καὶ
671 2977 786 3046 φῶς
830 2979 923 3030 καὶ
955 2976 1229 3048 ’ἀλήθειαν
1272 2977 1461 3030 ἑαυτὸν
1507 2972 1664 3041 εἶναι,

1775 2980 1880 3035 Deo
1908 2980 2183 3034 victimam
2239 2978 2439 3032 afferri.
2500 2978 2631 3031 Nam
2671 2997 2688 3028 ι
2731 2979 2984 3047 quoniam
3025 2993 3119 3046 per
3160 2979 3332 3031 homi-

79 3072 301 3133 καὶτὰς
354 3070 552 3133 λοιπὰς
600 3069 841 3133 ἐπινοίας
885 3070 985 3140 τῆς
1036 3070 1156 3124 κατ’
1185 3071 1347 3124 αὑτὸν
1393 3069 1664 3140 θεολογίας

1775 3088 1893 3127 nem
1926 3088 2094 3135 mors,
2146 3087 2241 3141 per
2269 3069 2542 3124 hominem
2575 3070 2737 3123 etiam
2773 3071 3102 3123 resurrectio
3128 3083 3157 3121 a
3189 3085 3334 3123 mor-

80 3165 355 3227 ὲπαίδευε,
379 3166 494 3225 τοῖς
516 3162 569 3214 δὲ
596 3164 860 3234 ἀμυήτοις
885 3162 993 3215 τῶν
1020 3164 1137 3215 κατ’
1160 3162 1320 3215 αὑτὸν
1345 3164 1664 3234 ἀπορρήτων

1775 3166 1878 3221 luis
1906 3166 1967 3230 ³⁷,
2014 3185 2032 3217 ι
2062 3164 2238 3234 inquit
2270 3163 2581 3233 Apostolus,
2609 3171 2661 3215 et
2690 3180 2707 3210 ι
2748 3162 2889 3216 sicut
2922 3176 3017 3229 per
3056 3161 3217 3215 unius
3239 3162 3332 3214 dc-

78 3256 254 3324 ἔλεγε·
298 3275 316 3305 ι
341 3256 411 3308 Τί
448 3274 514 3326 με
542 3258 755 3325 ζητεῖτε
788 3257 1106 3309 ἀποκτεῖναι
1139 3254 1444 3327 ἄνθρωπον,
1474 3255 1531 3317 ὂς
1566 3254 1664 3325 τὴν

75 3348 338 3419 ἀλήθειαν
362 3350 495 3417 ὑμῖν
522 3347 823 3418 λελάληκα;
845 3367 863 3397 ι
895 3348 1104 3419 Ὥσπερ
1137 3343 1230 3401 οὖν
1264 3347 1331 3400 τὰ
1357 3347 1457 3417 τῆς
1486 3347 1664 3400 θεολο-

78 3443 192 3510 γίας
238 3441 518 3511 ἰδιώματα
560 3443 618 3493 ἐν
664 3443 776 3504 τοῖς
825 3439 1131 3511 ἔμπροσθεν
1172 3439 1526 3503 ἀποδέδοται,
1576 3440 1667 3492 τὸν

78 3534 260 3604 ὅμοιον
306 3534 371 3605 δὴ
420 3533 621 3605 τρόπον
672 3532 950 3586 κάνταῦθα
988 3531 1082 3585 τοῦ
1133 3530 1306 3602 ἀμνοῦ
1357 3531 1425 3584 τὰ
1455 3531 1667 3601 ἀνθρω-

80 3626 303 3695 ποπαθῆ
341 3627 790 3697 παραστήσεται,
820 3625 928 3679 τῶν
978 3625 1085 3696 πρὸ
1122 3622 1216 3677 τοῦ
1251 3622 1456 3687 πάθους
1498 3623 1663 3676 αὐτοῦ

82 3721 265 3789 μέσων
302 3719 497 3782 ὄντων,
534 3717 669 3789 ὁμοῦ
704 3735 763 3770 τε
798 3717 986 3788 ἄμφω,
1020 3716 1091 3770 τά
1120 3733 1179 3769 τε
1221 3714 1361 3770 κατά
1410 3714 1502 3767 τὸν
1534 3714 1665 3767 Θεὸν

80 3814 169 3865 καὶ
211 3813 290 3865 τὰ
341 3812 488 3865 κατά
531 3811 622 3864 τὸν
668 3811 952 3882 ἄνθρωπον
994 3809 1157 3863 αὑτοῦ
1214 3809 1664 3881 περιειληφότων.

82 3905 299 3959 Τούτων
347 3905 639 3976 χρησίμως
684 3908 814 3975 ἡμῖν
860 3903 1352 3978 προτετηρημὲνων
1375 3943 1390 3967 ,
1426 3903 1527 3974 ἤδη
1576 3905 1668 3956 καὶ

82 4000 182 4051 τῶν
214 4000 422 4066 λογίων
464 3997 643 4051 αὐτῶν
677 3996 1032 4068 ὲφαψώμεθα,
1064 3998 1191 4069 περὶ
1221 3998 1320 4068 τῆς
1365 3996 1530 4050 Ἰούδα
1572 3995 1666 4049 τοῦ

83 4093 367 4163 προδότου,
392 4094 485 4145 καὶ
518 4091 624 4144 τῶν
661 4092 755 4143 σὺν
788 4089 935 4159 αὐτῷ
967 4089 1106 4143 κατά
1125 4088 1217 4142 τοῦ
1250 4088 1486 4159 Χριστοῦ
1518 4105 1668 4156 γενο-

86 4185 253 4255 μένης
291 4185 584 4254 σνσκευῆς,
620 4183 746 4255 περί
777 4200 835 4236 τε
879 4183 987 4236 τῶν
1021 4184 1163 4252 ἀμφὶ
1204 4182 1295 4235 τὸν
1344 4180 1535 4251 καιρὸν
1571 4180 1664 4233 τοῦ

85 4276 285 4341 πάθους
318 4277 487 4330 αὐτοῦ
525 4276 967 4347 συμϐεϐηκότων.

1766 3258 1951 3311 lictum
2003 3257 2054 3310 in
2086 3271 2274 3311 omnes
2304 3254 2550 3309 homines
2583 3254 2636 3306 in
2665 3252 3202 3315 condemnationem,
3253 3254 3332 3305 sic.

1768 3364 1861 3419 per
1887 3348 2047 3403 unius
2075 3346 2364 3416 justitiam,
2400 3345 2453 3397 in
2484 3359 2672 3397 omnes
2710 3343 2955 3396 homines
2985 3342 3039 3396 in
3063 3342 3333 3411 justifica-

1767 3440 1967 3495 tionem
1998 3440 2121 3493 vitae
2154 3439 2219 3502 ‘3,
2277 3457 2296 3490 ι
2330 3453 2396 3491 ex
2428 3437 2532 3489 hoc
2563 3436 2677 3506 ipse
2705 3450 2922 3503 quoque
2950 3434 3065 3488 suis
3112 3433 3329 3504 quidem

1769 3530 2052 3600 discipulis
2079 3545 2137 3585 se
2162 3536 2216 3583 et
2239 3529 2428 3591 vitam,
2454 3534 2507 3581 et
2536 3526 2735 3589 lucem,
2772 3534 2825 3580 et
2868 3526 3148 3579 veritatem
3188 3540 3329 3585 esse,

1766 3631 1820 3679 et
1854 3624 2058 3692 reliqua
2091 3621 2251 3693 (.63
2300 3620 2481 3675 omnia
2534 3632 2653 3687 qua:
2703 3633 2767 3671 ex
2817 3617 3085 3687 theologia
3121 3616 3187 3672 de
3240 3618 3333 3671 illo

1766 3715 2203 3779 considerantur,
2235 3712 2577 3768 ostendebat.
2609 3709 2689 3763 Ad
2722 3709 2980 3778 profanos
3013 3717 3189 3763 autem
3210 3750 3225 3773 ,
3280 3719 3333 3761 et

1767 3822 2089 3862 arcanorum
2144 3806 2317 3876 ipsius
2372 3816 2622 3875 expertes
2681 3803 2936 3858 dicebat:
2974 3821 2992 3852 ι
3055 3801 3194 3867 Quid
3248 3817 3334 3855 me

1769 3899 2010 3970 qumritis
2039 3899 2344 3952 interficere
2371 3896 2678 3960 hominem,
2713 3896 2804 3965 qui
2860 3894 3139 3949 veritatem
3178 3892 3333 3947 vobis

1773 3996 1988 4050 locutus
2020 4010 2137 4050 sum
2162 3994 2237 4045 "2'
2273 4013 2292 4046 ι
2313 3991 2776 4060 Quemadmodum
2800 3990 2964 4059 igitur
2989 4004 3109 4057 qua:
3132 3988 3337 4042 theolo-

1772 4089 1873 4158 gia:
1901 4090 1968 4141 de
1998 4087 2088 4141 illo
2119 4085 2334 4156 propria
2365 4093 2528 4151 sunt,
2574 4085 2627 4137 in
2679 4083 2954 4152 prioribus
3008 4080 3163 4135 libris
3207 4088 3335 4134 sunt
3406 4099 3413 4107 -

1771 4178 2041 4249 exposita,
2063 4178 2136 4229 ita
2170 4176 2220 4228 in
2253 4176 2357 4229 hoc
2384 4190 2505 4245 quae
2533 4175 2599 4229 ad
2631 4174 2753 4243 agni
2794 4173 3060 4225 humanas
3091 4169 3333 4223 affectio-

1772 4286 1891 4336 nes,
1916 4270 2299 4341 patibilemque
2333 4277 2579 4321 naturam
2609 4265 2900 4337 pertinent,
2922 4262 3333 4317 tractabuntdr;

82 4388 200 4443 quae
244 4374 413 4428 medii
445 4372 730 4441 cujusdam
764 4372 937 4426 instar
977 4370 1157 4434 fuere,
1184 4367 1251 4422 ad
1296 4382 1359 4423 ea
1406 4383 1525 4437 quae
1577 4365 1883 4436 passionem
1939 4363 2086 4418 illius
2134 4370 2565 4423 antecesserunt,
2616 4367 2671 4413 et
2744 4367 2972 4425 utraque
3014 4355 3176 4411 simul
3221 4366 3334 4408 tum

84 4482 142 4521 ea
171 4482 296 4538 qua:
342 4465 413 4518 ad
456 4463 622 4519 Deum
660 4463 963 4535 pertinent,
995 4468 1111 4515 tum
1148 4474 1210 4514 ea
1240 4474 1361 4529 quae
1405 4459 1472 4512 ad
1512 4458 1810 4522 hominem,
1866 4453 1960 4524 qui
2006 4454 2097 4507 ille
2143 4461 2281 4517 erat,
2319 4454 2600 4521 complexa
2638 4457 2785 4503 sunt.
2824 4445 3120 4516 Postquam
3173 4446 3339 4517 igitur

84 4562 197 4617 hac
226 4561 443 4616 anobis
473 4575 583 4614 non
638 4557 904 4613 inutiliter
949 4555 1238 4611 observata
1252 4579 1263 4621 λ
1317 4558 1636 4620 retentaque
1676 4555 1825 4613 sunt,
1881 4548 1994 4617 jam
2028 4554 2140 4600 tum
2192 4545 2308 4614 ipsa
2365 4545 2528 4599 etiam
2578 4541 2799 4597 oracula
2847 4538 3066 4609 aggredi
3121 4546 3337 4608 tempus

84 4671 204 4710 esse
231 4656 467 4717 videtur,
503 4667 623 4722 quae
645 4660 698 4706 et
726 4650 917 4704 Judam
944 4648 1302 4719 proditorem,
1332 4661 1565 4715 cumque
1595 4659 1661 4700 eo
1701 4642 1938 4697 futuram
1973 4642 2236 4695 adversus
2268 4638 2545 4693 Christum
2576 4635 3054 4722 conspirationem,
3108 4640 3162 4688 et
3216 4646 3338 4702 quae

87 4750 163 4803 illi
192 4749 298 4805 sub
319 4750 501 4818 ipsum
538 4746 809 4816 passionis
838 4756 1049 4813 tempus
1077 4752 1336 4798 eventura
1363 4749 1548 4804 erant,
1584 4738 1986 4810 signiﬁcabant.

99 4866 244 4920 Ἀπὸ
276 4861 526 4934 ψαλμοῦ
558 4869 637 4932 μ’.
677 4895 746 4904 -
782 4860 923 4934 Περί
980 4858 1172 4934 Ἰούδα.
1202 4856 1664 4934 τοῦ-προδότου,

1775 4854 1810 4907 Α
1843 4854 2164 4934 paul-most.
2198 4883 2265 4891 —-
2297 4850 2375 4934 pe
2403 4847 2870 4934 Judanproditore,
2900 4852 2948 4898 et
2991 4845 3057 4934 iis
3082 4846 3171 4929 qui
3215 4861 3335 4897 cum

154 4935 258 4989 καὶ
282 4919 423 4989 ’τῶνΖ
482 4919 606 4986 ab}
657 4932 813 4997 αὐτῷ
857 4919 982 4999 ’τὴν
1037 4929 1186 4983 κατὰ
1238 4928 1344 4982 τοῦ
1390 4919 1664 4997 Σωτῆρος

1842 4919 1902 4978 eo
1957 4924 2180 4978 insidias
2240 4921 2488 4975 adversus
2546 4919 2882 4975 Salvatorem
2940 4925 3178 4970 nostrum
3211 4931 3338 4967 con-

154 5004 325 5077 ἡμιῖιν
343 5003 679 5072 ἐπιϐουλὴν
702 5000 1275 5070 συσκευασαμένων.
1432 5042 1435 5044 .

1844 5004 2104 5048 struxere.

160 5142 180 5174 ο
208 5123 498 5194 Μακάριος
533 5121 564 5173 6
592 5117 787 5172 συνιὼν
822 5118 914 5170 ἐπὶ
966 5115 1178 5187 πτωχὸν
1212 5113 1306 5167 καὶ
1349 5113 1577 5185 πένητα,
1608 5110 1666 5162 ἐν

79 5215 274 5287 ἡμέρα
296 5214 509 5285 πονηρᾷ
543 5211 763 5283 ῥύσεται
790 5210 952 5263 αὐτὸν
982 5210 1011 5261 6
1045 5207 1265 5281 Κύριος.
1317 5204 1517 5276 Κύριος
1550 5202 1665 5255 δια-

81 5307 322 5376 φυλάξαι
342 5308 521 5371 αὑτὸν,
543 5306 639 5359 καὶ
663 5303 824 5377 ζήσαι
850 5303 1031 5363 αὐτὸν,
1056 5301 1151 5355 καὶ
1185 5298 1485 5372 μακαρίσαι
1506 5296 1668 5350 αὐτὸν

82 5402 139 5451 ἑν
172 5402 355 5470 τῇτῇ,
391 5398 487 5452 καὶ
529 5397 603 5469 μὴ
637 5396 863 5468 παραδῷ
907 5394 1068 5447 αὐτὸν
1099 5394 1182 5455 εἰς
1223 5394 1412 5461 χεῖρας
1456 5387 1666 5459 ὲχθρῶν

88 5492 284 5545 αὑτοῦ.
314 5492 513 5565 Κύριος
547 5489 801 5561 βοηθήσει
826 5485 974 5557 αὐτῷ
1007 5485 1098 5538 ἐπὶ
1136 5483 1323 5553 κλίνης
1352 5480 1542 5552 ὀδύνης
1574 5478 1668 5532 αὑ-

87 5583 207 5647 τοῦ,
234 5583 357 5653 ὅλην
382 5583 480 5654 τὴν
508 5581 696 5653 κοίτην
728 5578 892 5633 αὑτοῦ
926 5576 1189 5650 ἔστρεψας
1211 5577 1268 5628 ὲν
1289 5576 1354 5644 τῇ
1390 5570 1670 5644 ἀρρωστίᾳ

89 5677 281 5733 αὑτοῦ.
320 5677 457 5746 Ἐγὼ
498 5673 662 5729 εἶπα·
710 5673 920 5743 Κύριε,
976 5668 1197 5739 ἐλέησόν
1228 5684 1294 5738 με
1320 5708 1333 5733 ,
1373 5665 1522 5719 ἴασαι
1569 5664 1669 5731 τὴν

162 5789 209 5819 ⁸⁵
249 5787 400 5847 Joan.
436 5808 481 5855 ι,
524 5789 614 5845 29.
742 5788 785 5819 ¹⁸
824 5786 928 5842 lsa.
982 5800 1108 5849 LIII,
1144 5784 1195 5851 7,
1338 5784 1379 5814 ³⁸
1422 5780 1553 5836 ibid.
1589 5780 1641 5833 8.

93 5873 189 5914 tm:
216 5903 230 5929 ,
272 5860 352 5915 40.

742 5788 785 5819 ¹⁵
824 5786 928 5842 lsa.
982 5800 1108 5849 LIII,
1144 5784 1195 5851 7,

1847 5128 1866 5160 ι
1891 5108 2089 5164 Beatus
2110 5105 2201 5174 qui
2230 5104 2479 5176 intelligit
2497 5118 2660 5172 super
2686 5114 2914 5172 egenum
2943 5107 2996 5154 et
3025 5107 3335 5170 pauperem,

1775 5200 1831 5255 in
1875 5200 1961 5254 die
1982 5197 2123 5252 mala
2158 5196 2410 5251 liberabit
2441 5209 2563 5250 eum
2596 5192 2873 5245 Dominus.
2916 5188 3179 5242 Dominus
3207 5199 3343 5239 con-

1776 5298 1953 5348 servet
1980 5304 2126 5351 eum,
2159 5294 2213 5341 et
2238 5286 2471 5341 vivificet
2495 5300 2617 5341 eum
2640 5324 2655 5347 ,
2691 5294 2745 5337 et
2771 5285 2987 5336 beatum
3021 5278 3185 5332 faciat
3211 5292 3335 5331 eum

1775 5386 1831 5439 in
1861 5394 2028 5448 terra,
2057 5390 2243 5436 etnon
2288 5379 2464 5434 tradat
2492 5392 2617 5433 eum
2647 5377 2704 5430 in
2751 5388 2946 5429 manus
2991 5370 3336 5426 inimicorum

1776 5479 1916 5548 ejus.
1951 5475 2215 5529 Dominus
2244 5487 2399 5543 opem
2438 5471 2573 5524 feret
2599 5468 2676 5521 illi
2708 5480 2873 5535 super
2902 5465 3101 5518 lectum
3136 5461 3341 5515 doloris

1775 5571 1917 5641 ejus,
1944 5568 2260 5623 universum
2299 5572 2530 5622 stratum
2555 5562 2673 5630 ejus
2688 5558 2917 5613 versasti
2947 5557 3003 5610 in
3034 5553 3341 5610 infirmitate

1776 5662 1916 5731 ejus.
1943 5659 2055 5730 Ego
2069 5658 2180 5714 dixi
2210 5677 2222 5712 :
2256 5656 2501 5719 Domine,
2523 5655 2783 5708 miserere
2812 5650 3087 5711 mei,sana
3101 5646 3337 5700 animam

1783 5778 2014 5833 "lCor.
2056 5793 2158 5842 xv,
2219 5776 2307 5829 91.
2458 5773 2499 5804 ¹⁸
2541 5771 2697 5826 Rom.
2736 5787 2799 5831 v,
2852 5768 2934 5821 18.
3084 5765 3125 5794 ¹⁹
3184 5761 3337 5818 Joan.
