3928 6504
631 373 738 429 719

1305 360 1577 420 EUSEBH
1616 355 2095 414 CESARIENSIS
2134 354 2283 412 OPP.
2330 351 2510 408 PARS
2546 352 2612 407 Il.
2654 381 2725 392 —-
2759 347 3265 406 APOLOGETICA.

3802 348 3907 402 ’7Ξο

613 481 973 556 ‘meam,quia
999 479 1219 552 peccavi
1249 478 1380 544 tibi;
1414 475 1621 530 inimici
1659 474 1766 528 mei
1791 472 2049 528 dixerunt
2075 471 2217 524 mala

2342 471 2495 541 μυχήν
2527 486 2625 541 μου
2649 506 2664 531 ,
2699 468 2780 520 ὅτι
2813 465 3062 538 ἧμαρτόν
3108 482 3212 518 σοι.
3265 465 3326 517 Ol
3359 462 3543 534 ἐχθροί
3590 478 3690 532 μου
3743 458 3909 517 εἶπαν

634 579 772 637 mihi
798 575 1050 647 :quando
1073 571 1354 636 morietur,
1385 580 1439 625 et
1473 568 1672 640 peribit
1703 582 1902 622 nomen
1945 566 2065 635 ejus
2097 566 2119 620 ?
2151 564 2214 620 Et

634 674 682 731 si
705 663 1426 742 ingrediebaturutvideret,
1450 677 1590 716 vana
1618 660 1945 731 loquebatur
1958 674 2054 715 cor
2070 658 2212 729 ejus,

634 761 988 834 congregavit
1010 757 1359 828 iniquitatem
1391 754 1518 820 sibi,
1552 753 1934 823 egrediebatur
1961 750 2130 812 foras,
2162 759 2217 804 et

634 855 960 928 loquebatur
991 851 1048 905 in
1074 849 1360 920 idipsumt,
1414 845 1705 901 adversum
1735 859 1824 898 me
1853 843 2218 899 susurrabant

635 964 828 1006 omnes
882 943 1092 1000 inimici
1125 941 1254 1006 mei,
1293 939 1587 996 adversum
1618 952 1705 994 me
1727 937 2043 1007 cogitabant
2075 935 2219 988 mala

636 1042 793 1105 mihi,
818 1021 1050 1096 verbum
1080 1033 1331 1106 iniquum
1355 1028 2072 1096 constitueruntadversum
2107 1043 2217 1092 me,

640 1133 890 1206 nunquid
922 1130 1018 1202 qui
1047 1127 1272 1196 dormit,
1295 1141 1406 1181 non
1438 1122 1662 1194 adjiciet
1690 1129 1752 1176 ut
1784 1127 2037 1190 resurgat
2070 1120 2094 1174 ?
2147 1127 2222 1175 et-

640 1231 788 1287 enim
821 1229 985 1283 homo
1037 1224 1192 1296 pacis
1215 1237 1349 1278 meae
1375 1260 1391 1287 ,
1424 1220 1482 1275 in
1514 1233 1626 1290 quo
1641 1216 1880 1288 speravi,
1911 1215 2004 1286 qui
2027 1213 2225 1270 edebat

642 1337 817 1395 panes
849 1333 1023 1386 meos,
1058 1314 1432 1387 magniﬁcavit
1477 1327 1642 1383 super
1688 1325 1777 1366 me
1833 1308 2229 1380 supplantatio-

646 1433 794 1475 nem.
827 1415 907 1471 Tu
938 1421 1146 1478 autem,
1164 1409 1416 1474 Domine,
1441 1407 1703 1462 miserere
1729 1403 1931 1468 mei,et
1953 1400 2226 1457 resuscita

645 1525 756 1575 me.
786 1517 842 1564 et
871 1506 1166 1563 retribuam
1202 1503 1282 1558 eis
1307 1519 1323 1568 ;
1352 1501 1410 1556 in
1442 1499 1547 1555 hoc
1568 1495 1801 1568 cognovi
1837 1494 1984 1566 quod
2004 1493 2226 1549 voluisti

648 1619 758 1666 me,
784 1600 1042 1673 quoniam
1070 1593 1234 1670 464
1251 1609 1362 1650 non
1384 1592 1642 1665 gaudebit
1664 1589 1925 1646 inimicus
1952 1603 2108 1644 meus
2139 1603 2230 1643 su-

650 1710 746 1764 per
764 1708 871 1756 me,
897 1707 984 1746 me
996 1698 1176 1745 autem
1197 1691 1420 1757 propter
1439 1681 1810 1738 innocentiam
1839 1677 2152 1749 suscepisti,
2173 1682 2230 1732 et

652 1782 995 1840 conﬁrmasti
1036 1795 1122 1834 me
1151 1778 1208 1832 in
1242 1782 1541 1846 conspectu
1598 1781 1692 1829 tuo
1717 1772 1772 1826 in
1797 1781 2060 1827 aeternum
2093 1771 2160 1822 ’°.
2203 1786 2223 1818 ι

653 1875 925 1943 Quoniam
956 1869 1205 1928 nonnulli
1225 1868 1487 1937 suspicati
1502 1872 1632 1922 sunt
1646 1865 1846 1920 librum
1863 1865 2228 1927 Psalmorum,

653 1969 892 2040 hymnos
912 1971 1123 2020 tantum
1159 1965 1214 2016 in
1238 1960 1410 2016 Deum
1428 1967 1482 2014 et
1511 1957 1756 2012 carmina
1773 1957 2075 2027 theologica
2095 1970 2230 2010 con-

653 2063 853 2124 tinere,
885 2057 1150 2130 praesagia
1180 2069 1311 2110 vero
1339 2062 1434 2108 aut
1460 2052 1527 2107 de
1559 2049 1723 2107 rebus
1764 2049 1964 2104 futuris
1997 2048 2234 2118 prophe-

654 2152 766 2206 tias
791 2166 900 2206 non
925 2151 1078 2213 item,
1107 2147 1340 2219 primum
1369 2143 1502 2198 illud
1529 2139 2234 2210 eritobservandum,quod

660 2237 1086 2296 innumerabilia
1133 2243 1293 2298 sunt,
1330 2247 1452 2302 qua:
1494 2231 1548 2284 in
1585 2229 1694 2284 illis
1725 2228 1906 2282 futura
1938 2237 2233 2290 canuntur,

657 2349 782 2411 quae
805 2332 1027 2404 quidem
1077 2332 1298 2400 longum
1331 2331 1477 2382 esset
1510 2323 1566 2377 in
1616 2321 1906 2392 pnesenlia
1955 2319 2232 2388 colligere,

660 2425 759 2483 sed
771 2426 906 2481 satis
931 2422 1100 2479 fuerit
1119 2422 1187 2476 ad
1207 2418 1438 2489 hujusce
1454 2413 1721 2487 propositi
1737 2411 2234 2475 conlirmationem,

661 2519 878 2577 duobus
907 2531 1056 2572 nunc
1107 2515 1188 2569 uti
1221 2512 1472 2583 psalmis,
1498 2509 1593 2579 qui
1648 2507 1754 2577 ipsi
1785 2504 2003 2576 quidem
2053 2503 2238 2574 Asaph

637 2610 914 2680 inscripti
947 2615 1096 2670 sunt,
1126 2604 1257 2660 dicti
1304 2617 1434 2658 vero
1474 2599 1648 2670 ipsius
1682 2593 1851 2648 David
1877 2593 2234 2663 temporibus.

664 2705 822 2759 Tunc
842 2701 987 2758 enim
1019 2712 1146 2753 cum
1177 2696 1360 2765 Asapb
1396 2707 1542 2748 unus
1557 2695 1704 2746 esset
1727 2702 1792 2741 ex
1837 2681 1908 2740 iis
1931 2682 2066 2738 viris
2114 2695 2241 2765 san-

663 2797 770 2852 ctis
791 2794 882 2864 qui
903 2791 1144 2862 psalmos
1173 2761 1464 2849 canebant,
1493 2794 1554 2838 ut
1607 2782 1873 2851 scriptum
1893 2785 1976 2832 est
2012 2775 2070 2830 in
2099 2761 2241 2829 libro

664 2888 760 2960 qui
795 2884 1238 2952 Paralipomenon
1272 2877 1614 2939 inscribitur,
1655 2874 1895 2945 psalmos
1923 2869 2016 2940 qui
2052 2867 2129 2922 illi
2155 2873 2242 2920 at-

667 2957 1010 3038 tribuuntur,
1046 2972 1234 3028 divino
1264 2969 1477 3029 alllatus
1520 2966 1726 3037 Spiritu
1756 2961 2076 3020 enuntiavit.
2102 2957 2243 3026 Quid

671 3073 837 3144 igitur
865 3064 1246 3138 hujuscemodi
1272 3061 1469 3134 psalmi
1494 3058 1781 3115 continent
1809 3057 1832 3110 ’ἶ
1863 3054 2124 3110 nimirum
2155 3065 2244 3106 va-

667 3165 883 3228 ticinia,
942 3161 1144 3232 Quibus
1186 3156 1500 3211 Judaeorum
1549 3152 1711 3223 regiae
1741 3149 1980 3207 civitatis
2009 3145 2242 3201 vastatio

671 3255 1004 3328 praedicitur,
1033 3265 1156 3322 quae
1190 3247 1424 3303 vastatio
1442 3243 1646 3300 Iudaeis
1677 3240 1876 3296 accidit
1901 3253 2044 3292 anno
2074 3233 2240 3291 circi-

671 3326 757 3405 ter
783 3341 1220 3418 quingentesimo
1256 3347 1382 3410 post
1412 3334 1685 3407 ejusmodi
1729 3331 2069 3388 vaticinium.
2102 3326 2244 3398 Ergo

671 3441 917 3512 psalmus
938 3436 1370 3506 septuagesimus
1393 3429 1610 3492 tertius,
1628 3425 1720 3496 qui
1736 3424 2050 3479 intellectus
2061 3417 2246 3488 Asaph

671 3509 1018 3590 inscribitur,
1048 3526 1123 3580 ita
1156 3524 1317 3578 habet
1347 3541 1361 3577 :
1386 3519 1490 3575 «Ut
1511 3516 1668 3589 quid,
1701 3515 1868 3580 Deus,
1907 3511 2160 3584 repulisti
2189 3509 2246 3564 in

675 3619 889 3676 ﬁnem?
943 3619 1114 3672 iratus
1153 3620 1238 3670 est
1271 3611 1423 3666 furor
1479 3617 1610 3664 tuus
1661 3618 1824 3676 super
1872 3617 2003 3659 oves
2031 3613 2248 3670 pascuae

674 3712 823 3768 tum?
854 3723 1063 3765 memor
1079 3715 1200 3763 esto
1229 3699 1674 3774 congregationis
1699 3705 1836 3759 tuae,
1869 3708 2033 3765 quam
2066 3705 2250 3762 posse-

674 3803 809 3860 disti
841 3802 910 3856 ab
965 3799 1142 3866 initio,
1196 3795 1476 3852 redemisti
1506 3793 1714 3864 virgam
1744 3785 2079 3844 hmreditatis
2109 3793 2246 3848 tua},

676 3907 839 3952 mons
881 3893 1016 3948 Sion
1042 3891 1154 3958 hic,
1173 3891 1231 3944 in
1261 3905 1371 3960 quo
1401 3885 1661 3942 habitasti
1693 3884 1748 3939 in
1776 3897 1862 3947 eo,
1901 3881 2021 3936 leva
2050 3890 2248 3933 manus

678 3997 804 4044 tuas
836 3989 893 4042 in
914 3983 1199 4056 superbias
1225 3995 1418 4038 eorum
1448 3979 1505 4033 in
1535 3978 1718 4043 ﬁnem,
1745 3979 1950 4045 quanta
1977 3969 2250 4039 maligna-

676 4087 772 4136 tus
801 4085 884 4135 est
914 4077 1170 4132 inimicus
1200 4075 1259 4129 in
1289 4070 1494 4129 sanctis
1559 4069 1669 4124 tuis
1693 4106 1708 4131 ,
1747 4075 1802 4121 et
1849 4062 2071 4136 gloriati
2121 4065 2250 4116 sunt

676 4170 776 4241 qui
799 4170 1035 4226 oderunt
1065 4176 1117 4222 te
1146 4166 1203 4220 in
1228 4162 1408 4219 medio
1434 4155 1793 4218 solemnitatis
1809 4162 1935 4216 tuae.
1951 4158 2252 4223 posuerunt

678 4265 836 4336 signa
868 4277 968 4319 sua
995 4262 1150 4332 signa
1183 4279 1197 4314 :
1223 4268 1277 4314 et
1297 4272 1408 4312 non
1434 4261 1809 4326 cognoverunt
1842 4249 1988 4305 sicut
2019 4247 2074 4302 in
2101 4244 2250 4301 exitu

679 4358 937 4426 desuper,
962 4352 1118 4424 quasi
1149 4352 1206 4406 in
1226 4350 1364 4406 silva
1387 4349 1660 4419 lignorum
1713 4340 2002 4400 securibus
2029 4337 2251 4394 excide-

680 4454 812 4502 runt
829 4447 1028 4516 januas
1053 4443 1175 4513 ejus
1219 4441 1276 4495 in
1303 4440 1560 4508 idipsum,
1588 4437 1644 4490 in
1671 4432 1854 4491 securi
1887 4439 1942 4488 et
1969 4436 2123 4486 vecte
2150 4427 2246 4483 de-

676 4538 934 4608 jecerunt
957 4549 1100 4598 eam,
1152 4531 1515 4588 incenderunt
1533 4527 1643 4598 igni
1665 4523 2041 4582 sanctuarium
2071 4530 2249 4584 tuum,

2317 561 2464 618 κακά
2493 579 2582 633 μοι
2601 577 2614 590 ·
2661 561 2791 614 πότε
2827 558 3179 614 ἀποθανεῖται
3212 557 3310 612 καὶ
3335 555 3621 610 ἀπολεῖται
3649 556 3711 610 τὸ
3735 556 3908 626 Mys

2315 654 2519 720 αὐτοῦ;
2566 653 2676 708 Καὶ
2709 655 2756 706 εἰ
2789 650 3170 724 εἰσεπορεύετο
3190 650 3286 704 τοῦ
3321 649 3448 703 ίδεῖν
3471 690 3486 715 ,
3519 651 3696 720 μάτην
3728 650 3907 706 ἐλάλει

2317 751 2352 820 ἡ
2382 748 2576 821 καρδία
2611 744 2798 809 αὑτοῦ,
2833 746 3141 817 συνήγαγεν
3173 743 3404 813 ἀνομίαν
3436 741 3638 815 ἐαυτῷ.
3681 743 3906 809 Ἐξεπο-

2321 842 2510 914 ρεύετο
2542 841 2668 906 ἔξω,
2709 839 2805 893 xa‘t
2835 838 3011 893 ἐλάλει
3035 839 3138 892 ἐπὶ
3165 836 3228 890 τὸ
3251 835 3399 891 αὐτό.
3438 837 3572 890 Κατ’
3617 833 3755 907 ἐμοῦ
3788 839 3906 907 ἐψι-

2321 932 2539 1008 θύριζον
2573 938 2773 997 πάντες
2808 933 2858 986 οἱ
2891 931 3075 1003 ἐχθροί
3111 947 3237 1002 μου,
3283 931 3403 983 κατ’
3432 929 3565 1001 ἐμοῦ
3600 929 3900 998 ἐλογίζοντο

2321 1027 2467 1083 κακά
2480 1045 2589 1099 μοι.
2611 1027 2701 1099 Μὴ
2717 1029 2746 1080 ὁ
2762 1023 3103 1096 κοιμώμενος
3117 1022 3237 1094 οὐχὶ
3252 1021 3548 1095 προσθήσει
3557 1021 3657 1075 τοῦ
3673 1023 3904 1094 ἀναστῆ-

2321 1139 2410 1176 ναι
2431 1120 2553 1188 ;καὶ
2565 1119 2714 1190 γάρό
2727 1117 3011 1190 ἄνθρωπος
3040 1116 3142 1187 τῆς
3161 1116 3383 1187 είρήνης
3407 1132 3531 1186 μου,
3555 1116 3644 1184 ἐφ’
3663 1115 3724 1168 όν
3747 1115 3900 1187 {311n-

2327 1217 2458 1278 σα,ὁ
2482 1212 2674 1266 ἐσθίων
2699 1212 2897 1288 ἄρτους
2925 1227 3047 1281 μου,
3074 1207 3409 1280 ἐμεγάλυνεν
3426 1208 3512 1260 ἐπ’
3545 1208 3650 1279 ἐμὲ
3686 1225 3897 1280 πτερνιρ

2327 1305 2483 1378 σμόν.
2501 1306 2572 1358 Σὺ
2589 1305 2666 1369 δέ,
2682 1303 2878 1376 Κύριε,
2899 1301 3117 1373 ἐλέησόν
3137 1318 3225 1373 με,
3258 1300 3355 1354 καὶ
3381 1300 3689 1371 ἁνάστησὸν
3706 1319 3797 1373 με,
3813 1306 3898 1357 καὶ

2325 1396 2688 1452 ἀνταποδώσω
2712 1396 2912 1460 αὐτοῖς.
2951 1395 3040 1449 Ἑν
3063 1394 3240 1464 τούτῳ
3271 1392 3462 1463 ἔγνων,
3497 1394 3577 1448 ὅτι
3610 1394 3898 1467 τεθέληκάς

2331 1509 2418 1564 με,
2451 1492 2533 1546 ὅτι
2563 1491 2626 1544 ού
2659 1491 2731 1562 μὴ
2754 1492 2989 1561 ἐπιχαρῇ
3024 1489 3052 1541 ὁ
3084 1487 3276 1560 ἐχθρός
3307 1505 3407 1559 μου
3442 1487 3528 1541 ἐπ’
3559 1489 3704 1560 ἐμοί.
3742 1489 3897 1562 Ἔμοῦ

2327 1585 2382 1638 δέ
2426 1584 2515 1638 διὰ
2552 1584 2653 1656 τὴν
2689 1582 2924 1637 ἀκακίαν
2960 1579 3254 1635 ἀντελάϐου
3273 1622 3289 1648 ,
3325 1582 3419 1634 καὶ
3469 1580 3804 1644 ἐϐεϐαίωσάς
3837 1600 3897 1653 με

2329 1676 2558 1730 ἐνώπιόν
2583 1692 2676 1728 σου
2707 1677 2787 1739 είς
2818 1674 2912 1728 τὸν
2951 1674 3142 1728 αίῶνα.
3177 1694 3194 1726 ι
3233 1673 3450 1744 Ἐπειδὴ
3495 1689 3644 1736 τινες
3689 1674 3898 1745 ὑπειλή-

2332 1787 2464 1841 φασι
2495 1768 2592 1840 τὴν
2624 1766 2808 1839 βίϐλον
2828 1765 2936 1820 τῶν
2965 1766 3212 1838 Ψαλμῶν
3230 1764 3432 1837 ὕμνους
3469 1765 3625 1836 μόνον
3646 1767 3727 1828 είς
3753 1766 3896 1828 Θεὸν,

2334 1863 2428 1916 καὶ
2459 1860 2603 1932 ᾠδὰς
2636 1857 2949 1928 θεολογικάς
2978 1859 3276 1931 περιέχειν,
3301 1858 3362 1911 ού
3393 1859 3502 1929 μὴν
3535 1859 3630 1912 καὶ
3667 1858 3898 1931 προγνώ-

2335 1972 2468 2018 σεις,
2503 1953 2622 2006 οὐδὲ
2658 1951 2959 2023 μελλόντων
2994 1949 3348 2023 προφητείας,
3368 1948 3527 2002 τοῦτο
3555 1948 3768 2021 πρῶτον
3791 1951 3897 2000 ἐπι-

2331 2047 2630 2120 τηρητέον,
2681 2045 2758 2109 ὡς
2807 2043 2976 2116 μυρία
3023 2043 3334 2108 θεσπίζεται
3365 2041 3431 2095 δι’
3474 2041 3690 2105 αὐτῶν,
3730 2041 3763 2095 ἀ
3812 2044 3894 2094 καὶ

2340 2139 2546 2211 μακρὸν
2581 2137 2647 2191 ἂν
2680 2137 2764 2207 εἴη
2801 2135 3128 2202 συναγαγεῖν
3173 2134 3266 2186 ἐπὶ
3295 2132 3389 2186 τοῦ
3438 2133 3720 2200 παρόντος,
3751 2133 3893 2202 ἀρκεῖ

2335 2232 2391 2285 δὲ
2423 2229 2731 2303 χρήσασθαι
2761 2229 2840 2291 είς
2875 2227 3182 2299 μαρτυρίαν
3211 2225 3305 2278 τοῦ
3336 2225 3494 2294 λόγου
3523 2224 3615 2278 δύο
3645 2224 3891 2295 ψαλμοῖς·

2339 2322 2834 2394 ἐπιγεγραμμένως
2882 2320 2940 2373 δὲ
2993 2318 3133 2374 κατά
3187 2317 3282 2372 τοῦ
3332 2318 3495 2372 Δαϐὶδ
3549 2319 3782 2388 χρόνους.
3831 2318 3892 2371 Th

2336 2413 2637 2487 τηνικαῦτα
2668 2412 2778 2484 γὰρ
2807 2406 2889 2475 εἷς
2921 2410 3029 2464 τῶν
3069 2410 3399 2482 ἱεροψαλτῶν
3432 2411 3460 2463 ό
3499 2410 3670 2479 Ἀσάφ
3705 2411 3898 2478 cmi:

2337 2519 2464 2568 νων,
2500 2502 2576 2567 ὡς
2609 2503 2665 2555 ἐν
2698 2503 2764 2572 τῇ
2801 2499 2968 2571 βίϐλῳ
3007 2500 3228 2571 φέρεται
3261 2499 3368 2552 τῶν
3399 2500 3888 2571 Παραλειπομένων,

2337 2597 2465 2658 τοὺς
2513 2593 3026 2665 ἐπιγεγραμμένους
3076 2590 3239 2665 αύτρν
3283 2590 3529 2660 ψαλμοὺς
3577 2589 3703 2660 θείῳ
3741 2591 3892 2642 Ilva}-

2343 2704 2472 2757 ματι
2499 2663 2910 2757 προσεφώνησε.
2927 2684 2992 2736 Τί
3022 2683 3084 2754 δὴ
3110 2663 3202 2736 οὖν
3225 2681 3570 2753 περιέχουσιν
3598 2683 3644 2734 οἱ
3673 2681 3889 2751 ψαλμοί;

2341 2779 2674 2850 προρρήσεις
2731 2777 2831 2848 τῆς
2862 2775 3179 2846 πολιορκίας
3225 2775 3325 2844 τῆς
3385 2772 3666 2844 βασιλικῆς
3707 2772 3893 2836 πόλεως

2340 2869 2434 2923 τοῦ
2473 2869 2744 2924 Ἰουδαίων
2796 2867 3002 2931 ἔθνους,
3032 2867 3154 2938 ἥτις
3185 2865 3408 2934 γέγονεν
3447 2864 3612 2932 ἐγγύς
3644 2881 3741 2917 που
3783 2881 3894 2917 πεν-

2340 2963 2611 3027 τακοσίοις
2659 2961 2802 3015 ἔτεσι
2832 2961 2970 3033 μετὰ
3002 2961 3098 3031 τὴν
3134 2959 3455 3032 πρόρρησιν.
3492 2959 3654 3028 Λέγει
3690 2959 3734 3012 δ’
3760 2954 3892 3012 οὖνὸ

2344 3054 2742 3125 ἐϐδομηκοστὸς
2797 3053 2977 3124 τρίτος
3024 3052 3502 3123 ἐπιγεγραμμένος
3545 3052 3892 3122 συνέσεωςτῷ

2365 3148 2557 3217 Ἀσάφ,
2581 3166 2598 3198 ι
2630 3148 2745 3200 Ἵνα
2774 3145 2826 3199 τί
2850 3144 3077 3212 ἀπώσω,
3094 3146 3123 3198 ό
3148 3144 3300 3210 Θεὸς,
3335 3147 3415 3208 είς
3428 3144 3580 3208 τέλος
3597 3162 3611 3210 ς
3628 3144 3893 3216 ὠργίσθηό

2349 3235 2519 3307 θυμός
2567 3252 2661 3288 σου
2706 3233 2798 3288 ἐπὶ
2843 3233 3090 3305 πρόϐατα
3139 3233 3312 3305 νομῆς
3359 3251 3486 3300 σου;
3524 3235 3781 3306 μνήσθητι
3809 3234 3893 3302 τῆς

2349 3329 2672 3399 συναγωγῆς
2720 3346 2848 3393 σου,
2891 3323 2960 3400 ἦς
2990 3328 3205 3399 ἐκτήσω
3232 3328 3328 3381 ἀπ’
3379 3328 3583 3398 ἀρχῆς,
3632 3325 3893 3400 ἐλυτρώω

2350 3423 2542 3497 ῥάϐδον
2604 3421 2967 3494 κληρονομίας
3001 3439 3114 3475 σου.
3154 3423 3317 3492 Ὄρος
3355 3421 3494 3475 Σιὼν
3523 3418 3753 3483 cos-ma
3781 3436 3892 3472 κατ-

2347 3517 2661 3588 εσκήνωσας
2703 3515 2760 3566 ἐν
2792 3512 2960 3584 αὐτῷ,
2989 3513 3191 3584 ἔπαρον
3233 3511 3332 3576 τὰς
3358 3513 3545 3584 χεῖράς
3581 3529 3672 3565 σου
3701 3512 3785 3564 ἐπὶ
3811 3512 3892 3572 τὶς

2349 3607 2723 3680 ὑπερηφανίας
2755 3607 2933 3660 αὐτῶν
2964 3607 3045 3670 είς
3087 3604 3258 3669 τέλος.
3290 3605 3427 3659 Ὅσα
3469 3604 3891 3676 ἐπονηρεύσατοό

2348 3701 2542 3772 ἐχθρὸς
2596 3701 2653 3753 ἐν
2703 3702 2813 3764 τοῖς
2871 3699 3046 3766 ἁγίοις
3097 3714 3213 3762 σου,
3267 3697 3360 3751 καὶ
3393 3699 3813 3769 ἐνεκαυχήσαντο
3852 3696 3889 3746 cl

2353 3792 2637 3864 μισοῦντές
2667 3809 2726 3846 σε
2773 3793 2830 3845 ἐν
2893 3791 3042 3862 μέσῳ
3079 3791 3182 3861 τῆς
3211 3790 3407 3863 ἑορτῆς
3461 3806 3576 3853 σου,
3629 3789 3797 3841 ἔθεντο
3837 3787 3890 3837 τὰ

2352 3887 2551 3956 σημεῖα
2590 3883 2767 3937 αὐτῶν
2794 3886 2995 3954 σημεῖα
3015 3897 3032 3914 ⁶
3070 3883 3164 3936 καὶ
3208 3882 3308 3935 οὐκ
3339 3881 3580 3950 ἔγνωσαν
3611 3881 3687 3943 ὡς
3717 3882 3787 3941 είς
3812 3881 3890 3946 τὴν

2351 3975 2526 4039 ἔξοδον
2580 3975 2857 4046 ὑπεράνω.
2903 3973 2990 4037 Ὠς
3039 3975 3096 4026 ἐν
3127 3973 3316 4045 δρυμῷ
3346 3971 3546 4039 ξύλων,
3591 3971 3791 4038 ἀξίναις
3824 3968 3890 4031 ἐξ·

2353 4065 2554 4135 έκοψαν
2584 4065 2682 4128 τὰς
2709 4063 2880 4136 θύρας
2911 4064 3082 4135 αὐτῆς
3115 4064 3207 4116 ἐπὶ
3239 4064 3301 4118 τὸ
3331 4064 3481 4127 αὐτὸ,
3505 4065 3562 4116 ἐν
3588 4063 3794 4116 πελέκει
3815 4062 3889 4112 xz".

2350 4159 2688 4231 λαξευτηρίῳ
2717 4157 3060 4230 κατέρῥαξαν
3093 4156 3281 4228 αὐτήν.
3320 4154 3674 4226 Ἐνεπύρισαν
3705 4155 3760 4206 ἐν
3785 4151 3889 4221 πυρὶ

2349 4253 2411 4307 τὸ
2445 4251 2795 4323 ἀγιαστήριόν
2824 4267 2938 4315 σου,
2972 4253 3052 4314 είς
3076 4252 3174 4322 τὴν
3203 4249 3304 4320 γῆν
3338 4247 3681 4319 ἐϐεϐήλωσαν
3698 4247 3757 4298 τὸ
3782 4246 3887 4312 σκή-

2352 4362 2509 4417 νωμα
2540 4343 2637 4398 τοῦ
2660 4343 2921 4414 ὀνόματός
2954 4360 3068 4396 σου.
3100 4362 3118 4394 ι
3143 4341 3328 4395 Ταῦτα
3351 4340 3449 4412 μὲν
3475 4341 3504 4394 ό
3528 4337 3889 4409 ἐϐδομηκοστδς

2350 4439 2532 4512 τρίτος
2560 4437 2769 4510 ψαλμός
2789 4455 2803 4468 ο
2849 4437 2944 4491 καὶ
2989 4438 3018 4490 ὁ
3049 4433 3441 4507 ἐϐδομηκοστὸς
3470 4433 3527 4486 δὲ
3582 4433 3787 4501 ὄγδοος,
3814 4428 3886 4481 τοῦ

2366 4533 2538 4602 ’Δσάφ
2585 4532 2678 4586 καὶ
2721 4529 2885 4593 αὐτὸς
2927 4529 3240 4599 τυγχάνων,
3293 4527 3418 4581 τάδε
3464 4527 3738 4598 πριέχειο
3786 4545 3802 4576 ι
3844 4526 3887 4576 '0

679 4632 740 4684 in
773 4637 917 4684 terra
947 4626 1258 4697 polluerunt
1280 4619 1692 4678 tabernaculum
1728 4615 1968 4672 nominis
2004 4613 2083 4668 tui
2111 4615 2178 4665 “.
2225 4631 2239 4663 ι

2353 4622 2523 4687 Θεὸς,
2576 4620 2893 4691 είσήλθοσαν
2926 4618 3051 4691 ἐθνη
3106 4621 3186 4683 είς
3229 4618 3328 4691 τὴν
3386 4619 3740 4690 κληρονομίαν
3792 4633 3882 4674 σου.

684 4719 810 4773 Haec
828 4719 1047 4790 quidem
1098 4713 1532 4786 septuagesimus
1579 4710 1772 4765 tertius
1817 4708 2084 4779 psalmus.
2152 4704 2250 4760 Se-

680 4811 1055 4881 ptuagesimus
1068 4815 1248 4863 autem
1262 4805 1511 4871 octavus,
1528 4803 1620 4873 qui
1637 4803 1753 4872 ipse
1782 4813 1999 4870 quoque
2012 4805 2095 4853 est
2112 4797 2216 4852 Asa
2227 4827 2251 4841 -

682 4901 918 4975 phi,haac
943 4898 1187 4954 continet
1215 4916 1259 4951 ει
1285 4895 1448 4962 Deus,
1477 4899 1744 4951 venerunt
1756 4887 2253 4963 gentesinhaeredi-

681 5003 847 5048 tatem
867 5001 1034 5053 tuam,
1051 4991 1361 5060 polluerunt
1377 4987 1633 5057 templum
1650 4993 1901 5041 sanctum
1917 4990 2254 5051 tuum,posu-

682 5083 1156 5140 eruntlerusalem
1181 5083 1341 5152 quasi
1376 5095 1665 5152 pomorum
1697 5076 2025 5140 custodiam,
2053 5087 2253 5144 posue-

685 5186 815 5234 runt
860 5176 1154 5234 morticina
1184 5189 1470 5232 servorum
1495 5183 1713 5228 tuorum
1739 5184 1895 5227 escas
1937 5167 2253 5224 volatilibus

685 5272 834 5338 caeli,
857 5285 1051 5325 carnes
1064 5275 1610 5324 sanetorumtuorum
1635 5264 1828 5322 bestiis
1845 5269 2005 5318 terrae
2034 5262 2099 5313 “.
2133 5279 2150 5311 ι
2177 5256 2255 5312 Ex

686 5365 772 5419 bis
795 5379 858 5420 ea
880 5379 1001 5433 quae
1012 5363 1162 5433 prius
1184 5361 1415 5416 recitata
1442 5367 1589 5424 sunt,
1612 5358 1735 5415 dico
1752 5365 1930 5412 autem
1945 5369 2029 5418 ea,
2051 5369 2171 5423 qua:
2188 5353 2256 5406 de

687 5457 1090 5526 septuagesimo
1101 5455 1312 5526 psalmo
1325 5451 1918 5524 accepimugpraedicta
1941 5457 2067 5505 sunt
2081 5447 2256 5500 adhuc

688 5553 951 5616 regnante
965 5545 1455 5615 David,antequam
1479 5544 1736 5613 templum
1763 5559 1792 5596 a
1817 5540 2111 5595 Salomone
2129 5553 2255 5594 con-

686 5644 957 5692 structum
981 5647 1146 5694 esset.
1162 5637 1325 5710 565
1345 5636 1448 5692 Sed
1473 5651 1631 5690 suum
1655 5633 1814 5690 ﬁnem
1830 5633 2128 5702 contigere,
2147 5645 2252 5685 non

759 5816 806 5849 ⁸⁸
839 5815 985 5874 Psal.
1020 5834 1086 5872 η
1112 5858 1124 5881 ,
1153 5817 1312 5871 245.
1389 5820 1428 5848 ²¹
1472 5815 1614 5870 Psal.
1648 5827 1816 5867 tum
1839 5851 1853 5874 ,
1889 5811 2002 5865 1-7.

2357 4713 2584 4786 ἐμίαναν
2615 4714 2707 4767 τὸν
2736 4711 2862 4766 ναὸν
2885 4711 2977 4764 τὸν
3010 4711 3163 4780 ἅγιόν
3192 4728 3305 4765 σου.
3329 4710 3550 4765 Ἕθεντο
3579 4708 3884 4783 Ἰερωσαλὴμ

2358 4807 2432 4869 ώς
2457 4803 2918 4878 όπωροφυλάκιον,
2950 4803 3132 4857 ἔθεντο
3163 4803 3232 4856 τά
3264 4803 3562 4874 θνησιμαῖα
3586 4805 3692 4857 τῶν
3721 4803 3882 4856 δούλων

2361 4915 2453 4952 σου
2487 4898 2748 4971 βρώματα
2791 4899 2903 4960 τοῖς
2936 4899 3197 4960 πετεινοῖς
3226 4895 3317 4949 τοῦ
3359 4896 3586 4968 ούρανοῦ
3607 4937 3622 4962 ,
3662 4897 3752 4958 τὰς
3780 4895 3881 4964 σάρ-

2362 5006 2462 5052 κας
2492 4989 2600 5043 τῶν
2629 4989 2790 5044 ὁσίων
2821 5006 2914 5042 σου
2936 4993 3048 5051 τοῖς
3067 4988 3275 5060 θηρίοις
3303 4989 3401 5059 τῆς
3427 4989 3550 5058 γῆς.
3580 5009 3598 5039 ι
3629 4988 3816 5040 Τούτων
3838 4984 3881 5034 δὲ

2356 5081 2424 5133 τὰ
2471 5081 2567 5150 μὲν
2611 5081 2822 5153 πρῶτα,
2853 5081 2996 5150 λέγω
3025 5080 3080 5132 δὲ
3111 5080 3180 5134 τά
3228 5079 3336 5133 ἀπὸ
3387 5080 3478 5133 τοῦ
3527 5073 3880 5149 ἑϐδομηκοποῦ

2359 5170 2540 5243 τρίτου
2569 5171 2816 5243 ψαλμοῦ,
2855 5173 3036 5242 εἴρητο
3078 5169 3448 5240 βασιλεύοντος
3477 5169 3558 5221 ἔτι
3599 5167 3693 5221 τοῦ
3736 5163 3880 5222 Δαϐὶδ,

2360 5263 2468 5335 πρὸ
2504 5263 2598 5317 τοῦ
2634 5263 2722 5317 τὸν
2755 5263 2882 5316 ναὸν
2911 5262 3015 5315 ὑπὸ
3053 5259 3360 5331 Σολομῶνος
3384 5255 3880 5324 κατασκευασθῆνιισ

2360 5355 2545 5419 τέλους
2575 5355 2632 5408 δὲ
2661 5354 2848 5424 ἔτυχεν
2895 5355 2996 5407 οὐκ
3037 5353 3222 5408 ἄλλοτε
3257 5352 3290 5422 ἢ
3322 5350 3536 5423 πρῶτον
3569 5351 3666 5419 μὲν
3695 5347 3778 5401 ἐπὶ
3807 5342 3882 5414 τῆς

2361 5445 2712 5499 Βαϐυλωνίων
2766 5444 3098 5515 πολιορκίας,
3143 5444 3389 5513 δεύτερον
3425 5442 3482 5496 δὲ
3521 5441 3614 5492 ἐπὶ
3665 5439 3753 5491 τοῦ
3785 5438 3882 5488 Ῥωτ

2365 5535 2561 5608 μαῖκοῦ
2602 5535 2736 5605 πρὸς
2776 5535 3061 5599 Ἰουδαίους
3114 5535 3380 5606 πολέμου·
3428 5534 3630 5586 ἕκαστα
3666 5531 3768 5602 γάρ
3804 5527 3884 5579 τῶν

2361 5629 2664 5699 εἰρημένων
2707 5627 3006 5699 ἐπληροῦτο
3043 5628 3133 5680 ἐπί
3182 5645 3239 5680 τε
3285 5627 3383 5697 τῆς
3434 5623 3654 5696 πρώτης
3681 5624 3768 5676 καὶ
3797 5620 3884 5673 δεν-

2081 5814 2123 5842 ²⁹
2166 5809 2308 5862 Psnl.
2346 5823 2587 5873 uxvm,
2629 5806 2760 5872 1,2.
