3928 6530
966 484 1613 544 DEMONSTRATIONIS
1648 489 2104 546 EVANGELICE
2139 490 2248 544 LIB
2284 490 2349 546 Χ.

3192 498 3296 556 722

58 607 220 674 τέρας
242 600 341 654 τοῦ
368 599 515 672 ἱεροῦ
551 600 924 669 κατασκαφῆς,
952 602 1364 672 προγνωσθέντα
1392 602 1485 655 καὶ
1508 604 1625 657 άνα-

1739 606 1895 670 alias,
1932 621 2093 676 quam
2122 605 2289 660 semel
2316 604 2533 674 quidem
2552 606 2935 677 populantibus
2959 605 3291 682 Babyloniis,

59 694 380 769 φωνηθέντα
427 695 487 746 ἐν
546 695 657 755 τοῖς
701 691 1010 763 εἰρημένοις
1060 692 1306 764 Ψαλμοῖς
1374 695 1478 747 ὑπὸ
1538 696 1631 748 τοῦ

71 790 266 857 Ἀσάφ.
298 788 382 840 Τά
407 786 463 838 δὲ
484 784 710 857 δεύτερα
732 784 840 838 ἀπὸ
860 783 955 837 τοῦ
986 785 1383 857 ἑϐδομηκοποῦ
1411 788 1598 856 ὀγδόου
1615 829 1630 853 ,

54 879 365 953 ἐπληροῦτο
410 876 551 931 κατά
591 877 720 939 τοὺς
768 877 1039 945 Ἀντιόχου
1086 878 1328 948 χρόνους,
1367 879 1460 933 τοῦ
1500 879 1631 950 κλη-

56 976 238 1037 θέντος
287 969 634 1039 Ἐπιφανοῦς,
665 969 744 1033 ὃς,
773 970 871 1040 τῆς
914 970 1111 1041 Συρίας
1150 970 1488 1040 βασιλεύσας,
1529 975 1632 1028 ὑπ-

52 1070 245 1137 άγεται
290 1066 391 1136 μὲν
425 1063 493 1117 τὰ
529 1063 889 1134 Ἰεροσόλυμα,
934 1065 1133 1134 μιαίνει
1159 1064 1215 1117 δὲ
1254 1065 1343 1119 τὸν
1371 1066 1514 1131 ναὸν,
1541 1070 1632 1122 καὶ

56 1160 311 1231 καθαιρεῖ
354 1156 417 1212 τὸ
476 1157 888 1226 θυσιαστήριονο
934 1156 1119 1210 ἔπειτα
1166 1158 1293 1221 τοὺς
1353 1160 1632 1225 Ἰουδαίους

64 1250 414 1319 Ἐλληνίςων,
451 1248 735 1310 πλείστους
764 1248 921 1310 ὅσους
950 1248 1129 1301 αὐτῶν
1167 1250 1364 1321 ἄνδρας
1412 1254 1507 1305 καὶ
1534 1269 1632 1320 γυ-

56 1348 239 1407 ναῖκες
290 1342 435 1413 ὑπὲρ
483 1340 579 1393 τοῦ
624 1340 826 1393 οἰκείου
876 1342 1039 1411 νόμου
1091 1342 1184 1395 καὶ
1231 1344 1328 1414 τῆς
1376 1343 1631 1415 πατρῴας

56 1436 333 1501 εὐσεϐείας
378 1434 586 1505 ἀνῄρει,
618 1432 884 1497 ποικίλαις
917 1433 1365 1507 προαικιζόμενος
1402 1437 1629 1507 τιμωρί-

60 1550 156 1595 αις.
182 1532 287 1593 Εἰς
338 1530 545 1581 ἐκεῖνον
576 1525 861 1597 τοιγαροῦν
898 1526 988 1580 τὸν
1028 1527 1237 1598 καιρὸν,
1272 1529 1364 1581 καὶ
1397 1530 1475 1592 εἰς
1506 1531 1631 1593 τοὺς

62 1623 182 1695 μετὰ
226 1618 412 1675 ταῦτα
461 1616 540 1688 τῷ
597 1616 851 1686 Ἀντιόχῳ
885 1616 954 1669 τὰ
999 1616 1087 1669 ῐσα
1124 1617 1452 1687 πράξαντας,
1501 1620 1632 1671 ἀνα-

57 1714 209 1781 φωνεῖ
274 1713 304 1764 ό
380 1710 553 1781 Ἀσάφ
617 1704 679 1758 τὸ
724 1706 831 1760 ἀπὸ
868 1705 960 1759 τοῦ
1015 1706 1409 1777 ἐϐδομηκοστοῦ
1446 1709 1628 1777 ὀγδόου

58 1802 277 1873 ψαλμοῦ.
330 1803 619 1873 Μαρτυρεῖ
669 1800 724 1853 δέ
777 1796 855 1868 τῷ
898 1795 1038 1867 λόγῳ
1068 1798 1100 1866 ἡ
1134 1796 1241 1849 τῶν
1284 1798 1629 1868 καλουμένων

55 1893 429 1948 Maxuanin
484 1894 690 1965 γραφὴ,
748 1888 933 1942 τοῦτον
1001 1886 1194 1958 ἔχουσα
1237 1890 1331 1942 τὸν
1393 1892 1624 1961 τρόπον·

61 2005 77 2036 ι
112 1988 215 2039 Καὶ
265 1984 857 2057 προσεπισυνήχθησαν
893 1983 1025 2055 πρὸς
1066 1982 1331 2052 Ἰάκειμον
1360 1983 1451 2034 καὶ
1484 1983 1625 2034 Βακ-

55 2078 191 2148 χίδην
249 2077 553 2148 συναγωγὴ
609 2076 978 2147 γραμματέων
1015 2076 1315 2145 ἐκζητοῦσα
1357 2076 1557 2129 δίκαια.
1604 2095 1623 2128 ι

57 2169 150 2219 Καὶ
173 2167 305 2237 ἑξῆς
336 2167 616 2235 ἐπιλέγει·
642 2186 660 2218 ι
690 2168 799 2221 Καὶ
832 2166 1042 2237 ὤμοσεν
1070 2166 1251 2230 αὐτοῖς
1272 2167 1443 2235 λέγων
1464 2184 1475 2196 ·
1514 2169 1627 2221 Οὐκ

55 2258 426 2330 ἐκζητήσομεν
458 2260 585 2330 ὑμῖν
618 2260 807 2323 κακὸν,
827 2260 920 2312 καὶ
951 2261 1064 2322 τοῖς
1093 2258 1263 2328 φίλοις
1306 2258 1457 2329 ὑμῶν
1477 2276 1490 2290 ⁵
1535 2261 1628 2313 καὶ

56 2348 441 2401 ὲνεπίστευσαν
487 2347 669 2419 αύτῷ-
717 2348 812 2401 aut
873 2348 1158 2401 συνέλαϐεν
1199 2347 1257 2414 ἐξ
1293 2348 1470 2401 αὐτῶν
1497 2348 1624 2420 ἐξή-

56 2458 201 2493 κοντα
233 2440 468 2511 ἄνδρας,
511 2441 605 2493 καὶ
634 2441 950 2493 ἀπέκτεινεν
981 2441 1173 2504 αὐτοὺς
1196 2442 1252 2494 ἐν
1283 2441 1467 2513 ἡμέρᾳ
1507 2444 1623 2513 μιᾷ,

60 2535 182 2585 κατὰ
211 2533 307 2585 τὸν
340 2533 502 2601 λόγον
542 2532 712 2601 Ἀσάφ
741 2532 800 2585 ὃν
830 2532 1082 2604 ἔγραψεν,
1111 2533 1315 2587 ἔδωκαν
1346 2533 1415 2586 τά
1441 2533 1626 2605 θνησι-

61 2627 175 2693 μαῖα
219 2625 337 2678 τῶν
397 2623 597 2677 δούλων
655 2642 746 2677 σου
796 2624 1057 2695 βρώματα
1088 2628 1201 2688 τοῖς
1238 2629 1499 2689 πετεινοῖς
1530 2624 1624 2678 τοῦ

60 2714 294 2785 οὐρανοῦ,
332 2716 547 2785 σάρκας
580 2714 743 2768 ὁσίων
786 2732 879 2767 σου
912 2719 1025 2779 τοῖς
1054 2717 1211 2781 ζώοις
1253 2718 1350 2788 τῆς
1384 2717 1507 2787 γῆς,
1545 2718 1628 2771 αἶ-

61 2824 186 2875 ματα
226 2806 418 2860 αὐτῶν
444 2807 665 2877 ἐξέχεαν
694 2808 876 2878 κύκλῳ
911 2808 1279 2879 Ἰερουσαλὴμ,
1306 2810 1397 2863 καὶ
1431 2810 1529 2863 οὐκ
1559 2806 1627 2881 ἦν

60 2898 335 2951 ὁθάπτων.
377 2917 394 2949 ι
426 2898 644 2951 Τούτων
678 2897 820 2975 οὕτω
854 2900 1269 2971 προρρηθέντων
1304 2901 1396 2953 καὶ
1436 2902 1628 2954 ἀποτε-

60 2989 371 3053 λεσθέντων,
405 2991 466 3043 ού
498 2990 830 3060 θαυμαστὸν,
858 2993 905 3044 εἰ
940 2991 1079 3047 κατὰ
1108 2992 1198 3045 τὸν
1237 2992 1397 3045 αὐτὸν
1431 2992 1627 3063 τρόπον

60 3085 137 3137 καὶ
200 3085 273 3137 τὰ
328 3082 729 3154 προεκτεθέντα
774 3083 866 3136 τοῦ
912 3085 1345 3155 τεσσαρακοστοῦ
1412 3084 1626 3155 ψαλμοῦ

60 3175 191 3245 λόγια
246 3173 512 3245 σημαίνει
558 3173 628 3226 τὰ
669 3172 926 3243 μέλλοντα
968 3173 1183 3228 ἔσεσθαι
1230 3174 1369 3229 κατὰ
1409 3176 1496 3228 τὸν
1527 3176 1627 3246 τῆς

1734 699 1930 753 iterum
1949 707 2125 753 autem
2142 698 2281 753 bello
2293 699 2435 769 quod
2458 703 2744 757 adversum
2756 700 3012 756 Judaeosa
3035 702 3293 759 Romanis

1734 798 1945 860 gestum
1977 798 2082 855 est,
2107 793 2532 863 unumquodque
2574 794 2717 849 enim
2742 809 2959 857 eorum.
2986 811 3107 866 quae
3147 795 3295 852 dicta

1733 890 1883 947 sunt,
1914 883 2242 954 completum
2278 894 2360 940 est
2404 894 2515 939 tam
2550 888 2723 957 prima
2757 888 2941 960 templi
2987 890 3291 955 eversione,

1731 990 1892 1045 quam
1924 991 1986 1031 ea
2025 992 2146 1047 quae
2189 986 2374 1034 secuta
2404 986 2508 1041 est,
2552 980 2767 1036 tametsi
2807 980 2860 1035 in
2896 982 3045 1036 hisce
3080 980 3293 1038 duobus

1732 1068 1955 1137 psalmis
1993 1076 2046 1123 et
2077 1070 2357 1139 provisum
2403 1078 2458 1127 et
2486 1073 2830 1127 enuntiatum
2869 1082 2973 1128 est.
3009 1073 3140 1140 Quae
3166 1090 3294 1129 vero

1731 1159 1972 1213 secundo
1998 1158 2118 1213 loco
2140 1158 2511 1227 recitavimus,
2540 1170 2594 1217 et
2616 1177 2647 1214 a
2674 1164 3075 1234 septuagesimo
3101 1172 3294 1220 octavo

1731 1248 1939 1317 psalmo
1986 1250 2318 1319 accepimus,
2371 1252 2641 1320 completa
2698 1262 2827 1308 sunt
2875 1256 2995 1324 ejus
3038 1255 3294 1311 Antiochi

1730 1340 2088 1409 temporibus,
2134 1342 2229 1412 qui
2260 1350 2488 1397 vocatus
2521 1352 2606 1399 est
2652 1343 2908 1409 lllustris,
2954 1346 3045 1416 qui
3082 1361 3204 1400 cum
3240 1350 3293 1401 in

1732 1428 1890 1500 Syria
1914 1442 2183 1502 regnaret,
2221 1433 2416 1505 irrupit
2462 1434 2681 1505 quidem
2709 1436 2766 1490 in
2812 1436 3004 1491 urbem
3039 1435 3299 1491 Hieroso-

1732 1522 1895 1592 lyma,
1916 1522 2140 1578 foedavit
2162 1540 2293 1582 vero
2320 1526 2605 1597 templum,
2634 1535 2688 1583 et
2725 1528 3099 1584 sanctuarium
3144 1545 3299 1584 ever-

1729 1617 1813 1671 tit.
1840 1615 2085 1688 Dumque
2130 1616 2349 1675 Iudaeos
2387 1617 2701 1678 Graecorum
2744 1622 2988 1677 moribus
3040 1623 3184 1692 cogit
3218 1623 3301 1675 ιὶς

1730 1723 1877 1773 vere,
1912 1709 2344 1780 quamplurimas
2380 1726 2569 1767 eorum
2598 1719 2706 1766 tam
2739 1727 2916 1768 mares
2944 1727 3108 1783 quam
3144 1712 3301 1767 femi-

1731 1814 1849 1863 nas,
1878 1800 1970 1870 qui
2000 1815 2176 1871 neque
2206 1802 2457 1873 proprias
2492 1802 2638 1874 leges
2669 1819 2844 1874 neque
2876 1804 3111 1873 patriam
3135 1806 3302 1874 pieta-

1732 1898 1840 1945 tem
1863 1890 2114 1947 deserere
2148 1893 2421 1961 volebant,
2447 1895 2612 1950 variis
2640 1895 2794 1965 prius
2838 1904 3060 1952 vexatos
3089 1896 3299 1967 suppli-

1729 1982 1851 2042 ciis.
1887 1982 2178 2038 interfecit.
2210 1984 2269 2038 ln
2302 1983 2434 2042 illud
2474 1999 2604 2055 ergo
2631 1992 2867 2055 tempus,
2893 1992 2947 2040 et
2976 1986 3031 2040 in
3065 2000 3159 2041 eos
3202 1987 3296 2055 qui

1729 2074 1978 2144 posthac,
2010 2076 2202 2131 eadem
2234 2092 2354 2147 qua:
2381 2078 2684 2133 Antiochus
2715 2081 3071 2148 patraverint,
3097 2079 3296 2133 clamat

1727 2166 1909 2237 Asapb
1938 2182 2001 2222 ea
2029 2183 2151 2239 quae
2197 2173 2600 2247 septuagesimo
2639 2179 2834 2226 octavo
2877 2172 3087 2241 psalmo
3118 2173 3297 2225 contiu

1728 2266 1944 2312 nentur.
1973 2255 2159 2312 Fidem
2191 2257 2317 2313 huic
2349 2261 2427 2315 rei
2474 2260 2624 2325 facit,
2656 2276 2719 2316 ea
2767 2275 2887 2330 qua:
2919 2268 3146 2315 vocatur
3184 2258 3299 2312 Ma-

1727 2349 2032 2404 cabaaorum
2064 2350 2316 2417 historia,
2340 2367 2462 2422 quae
2482 2353 2536 2407 in
2570 2353 2717 2407 hunc
2747 2352 2965 2411 modum
3000 2368 3058 2407 se
3089 2352 3250 2407 habet
3277 2370 3290 2405 :

1733 2457 1752 2489 ι
1784 2437 1847 2493 Ει
1877 2451 2250 2495 convenerunt
2281 2441 2350 2495 ad
2378 2440 2647 2497 Jaeimum
2692 2450 2746 2498 et
2783 2442 3109 2497 Bacchidem
3155 2456 3293 2496 con-

1726 2532 1969 2601 gregatio
1996 2532 2300 2587 scribarum
2322 2533 2719 2604 requirentium
2743 2534 3022 2605 quzejusta
3045 2534 3287 2597 sunt",»

1727 2630 1783 2675 et
1812 2620 2069 2691 deinceps
2102 2620 2385 2693 adjungit:
2412 2641 2431 2674 ι
2458 2622 2522 2676 Et
2545 2623 2752 2693 juravit
2780 2623 2889 2678 illis
2921 2622 3109 2678 dicens
3134 2642 3145 2677 :
3174 2622 3294 2677 Non

1728 2709 2024 2766 inferemus
2061 2710 2217 2767 vobis
2265 2713 2490 2776 malum,
2528 2727 2705 2783 neque
2743 2712 2933 2768 amicis
2975 2713 3195 2777 vestris,
3239 2722 3295 2767 et

1727 2802 2073 2859 crediderunt
2120 2804 2194 2869 ei,
2231 2814 2284 2860 et
2332 2804 2741 2875 comprehendit
2784 2820 2852 2860 ex
2890 2805 2958 2860 iis
3011 2805 3294 2875 sexaginta

1726 2896 1897 2960 viros,
1925 2902 1979 2950 et
2007 2895 2208 2950 occidit
2235 2911 2330 2952 eos
2358 2896 2412 2950 in
2448 2912 2557 2951 uno
2590 2896 2697 2962 die,
2733 2897 3032 2953 secundum
3068 2897 3293 2951 verbum

1726 2984 1910 3057 Asaph
1938 2987 2085 3058 quod
2126 2988 2369 3057 scripsit,
2391 2988 2659 3044 dederunt
2689 2989 2979 3044 morticina
3011 3003 3296 3044 servorum

1728 3086 1944 3132 tuorum
1990 3092 2149 3135 escas
2184 3078 2498 3135 volatilibus
2536 3082 2683 3147 cmli,
2741 3096 2937 3137 carnes
2977 3088 3299 3137 sanctorum

1730 3180 1944 3225 tuorum
1975 3170 2166 3227 bestiis
2194 3178 2375 3237 terrae,
2413 3177 2843 3244 sanguinemque
2875 3189 3067 3229 eorum
3088 3172 3295 3229 effude-

60 3265 134 3319 τεῦ
175 3267 437 3337 Σωτῆρος
476 3266 630 3336 ἡμῶν
661 3266 950 3338 ἐπιϐουλῆς
976 3268 1186 3337 χρόνον,
1215 3268 1356 3339 άπερ
1388 3270 1460 3339 μὴ
1489 3268 1625 3322 πάν-

1730 3272 1856 3317 runt
1884 3265 1939 3318 in
1977 3263 2212 3319 circuitu
2251 3264 2575 3330 Jerusalem,
2628 3274 2683 3321 et
2714 3281 2824 3321 non
2852 3273 2970 3320 erat
3001 3266 3095 3336 qui
3138 3280 3295 3335 sepe—

60 3372 148 3410 των
178 3355 492 3428 ἀνθρώπων
523 3356 832 3421 συνιέντων,
867 3358 1011 3420 ὅπως
1047 3358 1218 3426 Λόγος
1244 3357 1318 3411 ὢν
1352 3358 1508 3423 Θεοῦ,
1532 3363 1625 3413 καὶ

62 3446 219 3515 σοςνξα,
256 3446 364 3499 καὶ
394 3444 526 3516 ζωὴ,
542 3446 636 3498 καὶ
664 3445 776 3515 φῶς
801 3446 1069 3517 ἀληθινὸν,
1087 3449 1180 3501 καὶ
1203 3448 1379 3502 πάντα
1402 3449 1626 3503 πλοῦτον

60 3537 258 3601 ἀγαθῶν
287 3536 653 3606 κεκτημένος,
683 3535 747 3588 δι’
777 3538 923 3607 ἡμᾶς
964 3536 1272 3606 ἐπτώχευσε
1327 3537 1503 3609 σάρκα
1533 3539 1628 3591 λα-

60 3628 171 3689 ϐὼν,
201 3630 301 3682 καὶ
350 3631 463 3692 τοῖς
493 3628 555 3680 τὸ
584 3628 739 3697 γένος
766 3629 978 3699 θνητοῖς
1012 3629 1317 3701 ἀνθρώποις
1353 3632 1445 3683 καὶ
1484 3647 1628 3683 πτω-

60 3724 156 3789 192;
185 3720 501 3791 ὀμοιωθεὶς,
519 3722 733 3791 μορφήν
753 3737 811 3772 τε
832 3720 1017 3775 δούλου
1044 3723 1137 3773 καὶ
1162 3721 1388 3791 πένητος
1407 3720 1592 3792 άνειλη

61 3814 175 3881 φὼς,
200 3815 296 3867 καὶ
329 3814 566 3884 μάλιστα
589 3814 709 3867 καθ’
734 3814 791 3866 ὃν
815 3814 1002 3884 καιρὸν
1023 3814 1260 3885 ἐπλήρου
1283 3814 1380 3885 τὴν
1408 3813 1513 3867 ἀπὸ
1534 3813 1625 3867 τοῦ

60 3907 251 3976 ψαλμοῦ
302 3907 671 3977 προφητείαν,
731 3906 954 3967 εἰκότως
995 3906 1052 3957 ἐν
1104 3906 1243 3976 ἀρχῇ
1275 3904 1369 3957 τοῦ
1412 3904 1626 3975 ψαλμοῦ

65 3999 413 4072 μακαρίζεται
447 3998 475 4049 6
503 3997 671 4050 ταῦτα
695 3998 822 4067 περὶ
853 3997 1017 4050 αὐτοῦ
1058 3997 1278 4060 συνιεὶς,
1302 3997 1625 4066 ἐπαγγελίας

64 4096 330 4161 τλγχάνων
362 4092 458 4161 τῆς
491 4090 1004 4162 ἀναγεγραμμένης.
1033 4087 1145 4142 Εἶθ’
1174 4089 1301 4162 ἑξῆς
1328 4093 1391 4144 ἐκ
1418 4089 1614 4161 προσώ-

65 4199 148 4234 που
162 4184 353 4235 λοιπὸν
471 4180 565 4233 τοῦ
592 4181 820 4250 πένητος
855 4181 949 4233 καὶ
979 4180 1213 4251 πτωχοῦ,
1232 4180 1394 4234 αὑτοῦ
1428 4181 1628 4253 δηλαδὴ

63 4274 139 4327 τοῦ
177 4275 240 4329 δι’
270 4277 427 4347 ἡμᾶς
466 4272 876 4343 πτωχεύσαντος
918 4273 1166 4344 Σωτῆρος
1211 4273 1401 4344 ἡμῶν,
1452 4272 1603 4325 ἐπιλέ

62 4383 226 4433 γεται·
268 4388 287 4418 ι
348 4367 490 4435 Ἐγὼ
538 4363 693 4420 εἶπα·
731 4366 924 4437 Κύριε,
977 4366 1196 4437 ἐλέησόν
1235 4385 1321 4438 με.
1366 4387 1385 4419 ι
1424 4370 1540 4420 Ὅτι
1571 4366 1625 4419 δι.

64 4463 116 4512 ἐκ
141 4461 437 4531 προσώπου
463 4459 556 4512 τοῦ
591 4458 843 4529 Σωτῆρος
882 4457 949 4511 τὰ
988 4460 1046 4511 ἐν
1091 4458 1168 4528 τῷ
1211 4458 1409 4530 ψαλμῷ
1438 4458 1614 4511 θεσπί-

64 4551 225 4617 ζεται,
260 4554 550 4624 αὐτάρκης
607 4552 816 4625 μάρτυς
862 4552 890 4604 6
938 4553 1329 4624 εύαγγελιστὴς
1379 4552 1629 4624 Ἰωάννης

1731 3357 1928 3411 liret“.
1963 3375 1983 3408 ι
2025 3355 2164 3427 cum
2194 3356 2310 3411 ιιωο
2355 3357 2411 3411 in
2441 3356 2587 3411 hunc
2615 3357 2835 3411 modum
2862 3364 2916 3412 et
2956 3355 3214 3425 praedicta
3243 3364 3299 3411 et

1726 3449 1993 3518 completa
2030 3449 2160 3513 sint,
2205 3449 2405 3503 mirum
2434 3447 2606 3503 videri
2649 3463 2758 3503 non
2806 3448 2984 3515 debet,
3029 3450 3075 3503 si
3104 3447 3295 3503 eodem

1727 3540 1888 3594 modo
1907 3540 2072 3594 etiam
2095 3540 2317 3594 oracula
2350 3539 2418 3594 de
2448 3539 2865 3610 quadragesimo
2892 3540 3105 3609 psalmo
3124 3554 3297 3608 nuper

1726 3644 1969 3703 accepta,
1999 3632 2132 3703 quid
2183 3632 2430 3688 futurum
2478 3640 2625 3689 esset
2674 3648 2770 3702 per
2817 3633 2871 3688 id
2915 3640 3146 3703 tempus,
3187 3648 3297 3702 quo

1725 3724 1896 3779 Judaei
1930 3725 2194 3781 adversus
2223 3724 2560 3781 Salvatorem
2592 3731 2841 3779 nostrum
2886 3724 3293 3793 conspirarunt,

1728 3814 2039 3886 signiﬁcant
2070 3834 2084 3870 :
2110 3832 2177 3872 ex
2207 3817 2407 3887 quibus
2457 3830 2581 3871 cum
2612 3814 2855 3870 universi
2904 3814 3156 3869 homines
3183 3828 3296 3868 non

1730 3909 2115 3980 intelligerent,
2148 3924 2389 3981 quonam
2436 3919 2598 3981 pacto
2641 3909 2737 3981 qui
2772 3907 3011 3964 Verbum
3058 3907 3153 3963 Dei
3187 3916 3292 3971 est,

1729 4012 1781 4058 et
1820 4003 2109 4072 sapientia,
2141 4011 2196 4058 et
2232 4003 2365 4067 vita,
2401 4009 2455 4058 et
2503 4004 2687 4057 lumen
2729 4016 2953 4067 verum,
3007 4008 3062 4055 et
3104 4015 3326 4065 omnes,

1730 4095 1997 4150 bonorum
2038 4095 2257 4150 divitias
2289 4094 2599 4164 possidens,
2622 4102 2846 4164 propter
2888 4107 2990 4148 nos
3014 4100 3297 4161 assumpto

1726 4203 1973 4258 corpore,
1998 4195 2051 4242 et
2084 4201 2291 4257 pauper
2320 4194 2375 4240 et
2404 4193 2598 4241 natura
2631 4185 2952 4241 mortalibus
2984 4183 3299 4239 hominibus

1728 4291 1781 4337 et
1805 4280 1990 4351 egenis
2028 4279 2227 4336 similis
2258 4280 2329 4334 sit
2358 4279 2558 4343 factus,
2601 4277 2945 4347 formamque
2970 4284 3025 4331 et
3067 4276 3212 4331 servi
3242 4285 3300 4330 et

1730 4372 1980 4443 pauperis
2028 4371 2318 4441 acceperit,
2350 4370 2588 4425 maxime
2632 4385 2741 4439 quo
2779 4376 3021 4438 tempore
3058 4368 3302 4437 comple-

1729 4464 1820 4519 bat
1869 4478 1932 4518 ea
1964 4478 2085 4534 quae
2113 4463 2178 4516 ad
2208 4462 2548 4533 prophetiam
2584 4461 2749 4529 hujus
2777 4458 2974 4529 psalmi
3000 4457 3303 4528 pertinent,

1730 4559 1923 4613 .nerito
1950 4558 2001 4611 in
2033 4557 2189 4611 initio
2219 4556 2437 4627 psalmi,
2467 4555 2514 4610 is
2542 4560 2603 4609 ut
2638 4554 2829 4608 beatus
2860 4549 3295 4613 commendatur,

62 4648 323 4717 τυγχάνει.
363 4647 589 4716 Ἱστορεῖ
622 4646 748 4718 γάρ,
786 4647 867 4701 ὅτι
918 4664 936 4698 ι
977 4645 1219 4699 Λαὸὼνό
1264 4644 1467 4716 Ἰησοῦς
1496 4663 1624 4699 ποτε

1729 4651 1822 4721 qui
1856 4651 1968 4704 haec
1998 4650 2065 4709 de
2093 4649 2188 4704 illo
2220 4646 2569 4709 intellexerit,
2609 4651 2793 4714 utpote
2845 4641 2939 4713 qui
2966 4640 3303 4711 promissum

63 4736 248 4792 λέντιον
281 4736 677 4811 περιεζώσατο,
714 4740 807 4792 καὶ
848 4739 1004 4804 νίψας
1040 4739 1165 4801 τοὺς
1191 4737 1355 4800 πόδας
1388 4738 1495 4791 τῶν
1525 4756 1627 4809 μα-

65 4827 222 4898 θητῶν
262 4830 433 4883 αὑτοῦ
476 4827 658 4883 εἶπεν·
697 4828 837 4899 Ἐγὼ
863 4824 979 4883 οἶδα
1011 4830 1103 4893 οὓς
1134 4830 1478 4901 ἐξελεξάμην·
1511 4831 1625 4885 ἀλλ’

65 4920 138 4974 ἵνα
180 4925 213 4994 ἡ
262 4923 459 4995 Γραφὴ
494 4922 754 4995 πληρωθῇ
780 4940 794 4952 ·
842 4923 900 4976 ὐ
943 4922 1167 4995 τρώγων
1222 4924 1336 4993 μετ’
1371 4924 1505 4993 ἐμοῦ
1534 4925 1625 4979 τὸν

64 5013 208 5084 ἄρτον
252 5016 459 5088 ἐπῆρεν
511 5017 599 5068 ἐπ’
631 5016 730 5086 ἐμὲ
767 5015 1140 5087 τὴνηπτέρναν
1183 5016 1368 5071 αὐτοῦ.
1400 5036 1418 5067 ι
1459 5017 1624 5069 Ποίαν

63 5106 157 5177 γάρ
190 5108 584 5180 πεπληρῶσθαι
631 5108 849 5181 γραφὴν
888 5111 945 5161 ἐν
976 5108 1184 5172 τούτοις
1226 5108 1410 5179 ἐδήλου
1443 5109 1558 5161 ἀλλ’
1592 5110 1626 5179 ἢ

62 5200 147 5269 τὴν
174 5202 266 5254 τοῦ
294 5202 435 5272 μετὰ
458 5205 645 5274 χεῖρας
664 5202 880 5274 ψαλμοῦ
913 5204 972 5257 ἐν
1002 5196 1045 5271 ᾧ
1078 5203 1311 5276 εἴρηται’
1333 5223 1351 5255 ι
1388 5204 1499 5257 Καὶ
1521 5203 1628 5276 γὰρ

61 5290 87 5340 6
114 5294 392 5364 ἄνθρωπος
410 5295 512 5364 τῆς
544 5296 766 5367 εἰρήνης
788 5313 908 5366 μου,
937 5297 1020 5365 ἐφ’
1048 5296 1105 5349 ὃν
1126 5296 1352 5365 ἤλπισα,
1376 5298 1404 5347 6
1434 5295 1626 5348 ἐσθίων

62 5380 243 5452 ἄρτους
296 5403 418 5456 μου,
456 5387 787 5457 ἐμεγάλυνεν
828 5389 912 5441 ἐπ’
942 5387 1041 5458 ἐμὲ
1071 5387 1430 5458 πτερνισμόν;
1464 5406 1482 5437 ι
1517 5388 1627 5456 Φη-

66 5475 136 5525 σὶν
165 5474 256 5530 οὖν
292 5479 621 5550 ἀρχόμενοςο
654 5498 673 5530 ι
718 5477 858 5547 Ἐγὼ
890 5474 1048 5532 εἶπα·
1083 5478 1512 5550 Κύριε,ἐλέησόν
1536 5494 1627 5548 με,

67 5562 199 5619 ἴαται
226 5569 326 5641 τὴν
357 5570 537 5641 ψυχήν
573 5570 795 5639 μου,ὅτι
815 5567 1058 5641 ἥμαρτόν
1093 5584 1205 5621 σοι·
1239 5587 1257 5620 ι
1298 5567 1389 5621 καὶ
1418 5567 1483 5620 δι’
1506 5568 1627 5621 ὅλου

62 5657 145 5709 τοῦ
170 5661 271 5729 ipa.)
285 5662 385 5732 μοῦ
406 5680 419 5692 θ
446 5664 593 5734 άπερ
628 5662 955 5733 σαφέστερον
974 5663 1002 5714 6
1024 5660 1314 5731 Σύμμαχος
1342 5659 1530 5713 τοῦτον
1545 5658 1630 5725 ἐξ-

64 5748 215 5805 έδωκε
239 5754 329 5806 τὸν
361 5754 593 5825 τρόπον⁸
635 5773 653 5807 ι
696 5753 860 5825 Ἑμοῦ
893 5753 1168 5823 λέγοντος·
1206 5751 1399 5824 Κύριε,
1433 5751 1631 5805 οἴκτει-

1733 4742 1963 4812 publicze
2016 4740 2293 4795 memoriae
2338 4740 2599 4794 traditum
2662 4736 2922 4792 obtineat.
2950 4733 3116 4807 566
3160 4733 3301 4788 Tum

1731 4833 2009 4901 deinceps,
2040 4833 2187 4903 quod
2218 4838 2489 4902 superest,
2522 4845 2590 4885 ex
2622 4829 2797 4899 ipsius
2844 4828 3099 4899 pauperis
3138 4835 3311 4898 atque»

1731 4925 1884 4994 egeni
1912 4938 2171 4993 persona,
2210 4923 2386 4992 ipsius
2435 4921 2693 4977 videlicet
2748 4920 3051 4975 Salvatoris
3098 4920 3298 4982 nostri,

1731 5016 1827 5085 qui
1856 5023 2079 5086 propter
2104 5031 2204 5070 nos
2230 5015 2449 5086 inopem
2492 5014 2661 5070 vitam
2692 5013 3013 5084 assumpsit,
3045 5012 3268 5082 adjungi

1731 5118 1861 5163 tur:
1904 5127 1923 5161 ι
1962 5108 2075 5178 Ego
2105 5108 2243 5174 dixi,
2277 5108 2526 5174 Domine,
2569 5108 2829 5167 miserere
2871 5108 3059 5162 mei".
3098 5125 3116 5158 ι
3144 5106 3299 5172 Quod

1729 5215 1947 5257 veroex
1982 5216 2215 5271 persona
2252 5200 2574 5268 Salvatoris,
2596 5217 2717 5271 quae
2754 5196 2820 5256 ad
2848 5201 2993 5255 hunc
3030 5200 3301 5270 psalmum

1729 5291 2025 5362 pertinent,
2059 5291 2321 5361 praedicta
2370 5292 2503 5355 sint,
2547 5292 2787 5363 Optimus
2841 5305 2974 5347 sane
3023 5290 3094 5344 sit
3143 5288 3303 5342 testis

1730 5384 2061 5455 evangelista
2094 5382 2356 5439 Joannes.
2384 5383 2583 5438 Narrat
2630 5384 2800 5448 enim,
2851 5391 2913 5437 ut
2959 5382 3085 5436 olim
3117 5378 3299 5444 Jesus,

1730 5492 1855 5532 cum
1905 5477 2208 5546 accepisset
2258 5477 2508 5539 linteum,
2552 5476 2900 5545 prmeinxerit
2947 5489 3027 5537 se,
3071 5488 3305 5543 cumque

1733 5567 1899 5638 pedes
1917 5566 2310 5637 discipulorum
2334 5582 2559 5621 suorum
2587 5566 2870 5627 abluisset,
2897 5563 3096 5618 dixerit
3121 5578 3135 5613 :
3161 5561 3306 5632 «Ego

1733 5658 1850 5713 scio
1871 5673 2010 5728 quos
2038 5658 2316 5728 elegerim,
2353 5658 2449 5714 sed
2488 5665 2547 5713 ut
2591 5658 2931 5728 compleatur
2972 5652 3257 5726 Scriptura
3287 5672 3313 5708 ε

1734 5751 1838 5816 Qui
1868 5752 1979 5807 edit
2024 5767 2236 5807 mecum
2269 5766 2488 5823 panem,
2536 5750 2734 5808 levavit
2765 5757 2957 5806 contra
2988 5764 3075 5804 me
3124 5747 3306 5803 (τειραν

131 5932 171 5961 ³³
210 5930 228 5984 l
263 5931 505 5988 Machab.
546 5949 653 6003 vn,
692 5933 779 5988 12.
859 5935 904 5967 ’δ
941 5933 1071 5990 ibid.
1112 5930 1293 5987 15-17.
1369 5932 1413 5966 ³⁸
1459 5928 1604 5986 Psal.
1644 5944 1731 5998 XL,
1768 5927 1818 5982 5.
