3928 6510
691 455 794 514 723

1347 455 1616 514 EUSEBH
1655 457 2136 516 C/ESARiENSlS
2167 458 2318 515 OPP.
2355 459 2534 514 PARS
2565 459 2630 513 ll.
2671 489 2740 499 —
2777 458 3286 515 APOLOGETICA.
3771 465 3842 526 Hi

689 593 852 636 neum
882 594 1039 634 suum
1062 578 1126 630 “.
1163 597 1182 630 ι
1217 577 1429 633 Etenim
1459 593 1620 650 quam
1647 578 1864 634 tandem
1895 579 2056 634 aliam
2085 580 2140 634 in
2173 579 2253 634 his

2363 580 2455 650 ρόν
2499 596 2588 650 με,
2625 579 2774 632 τασαι
2819 578 2920 650 τὴν
2950 578 3130 650 ψυχήν
3168 595 3298 650 μου,
3335 577 3428 631 καὶ
3460 582 3505 632 ει
3551 580 3750 652 ἧμαρτόν
3771 603 3838 654 σοι,

690 669 1030 740 Scripturam
1066 669 1390 739 completam
1419 685 1543 726 esse
1571 670 1807 734 dicebat,
1842 670 1950 726 nisi
1979 685 2098 725 eam
2133 687 2253 741 quae

689 762 744 814 ln
775 759 880 814 hoc
905 760 1116 830 psalmo
1150 759 1402 822 habetur,
1437 760 1532 830 qui
1578 775 1726 816 nunc
1757 761 1813 815 in
1847 762 2100 816 manibus
2147 773 2250 829 est,

686 853 742 907 in
779 867 889 922 quo
919 852 1136 922 quidem
1166 853 1374 921 psalmo
1402 851 1536 906 illud
1573 853 1780 908 dictum
1814 861 1897 909 est
1928 871 1942 906 :
1988 872 2006 905 ι
2041 854 2251 909 Etenim

686 939 852 996 homo
881 939 1030 1008 pacis
1061 955 1194 993 meae
1227 940 1280 992 in
1308 955 1428 1010 quo,
1451 941 1684 1010 speravi,
1721 942 1812 1011 qui
1853 943 2048 998 edebat
2087 960 2254 1013 panes

686 1046 864 1094 meos,
894 1033 1260 1102 Inagniticavit
1290 1049 1454 1103 super
1495 1051 1581 1090 me
1613 1037 2111 1108 supplantationem
2127 1038 2194 1090 ’⁷.
2229 1057 2249 1089 ι

685 1123 850 1180 Initio
877 1141 1008 1196 ergo
1053 1127 1134 1181 sic
1175 1127 1252 1181 ait
1283 1147 1296 1183 :
1333 1147 1352 1180 ι
1389 1127 1498 1198 Ego
1531 1129 1665 1194 dixi,
1703 1130 1950 1193 Domine,
1995 1135 2256 1189 miserere

682 1219 812 1282 mei,
849 1233 982 1274 sana
1007 1221 1244 1273 animam
1282 1235 1476 1284 meam,
1505 1225 1630 1291 quia
1658 1227 1876 1294 peccavi
1909 1225 2064 1278 tibi"
2099 1245 2112 1280 :
2148 1247 2166 1278 ι
2201 1235 2255 1282 et

683 1327 782 1381 per
819 1319 992 1366 totum
1028 1313 1318 1382 psalmum,
1363 1331 1427 1370 ea
1461 1331 1582 1386 qua:
1617 1318 1830 1385 planius
1863 1319 1916 1372 in
1959 1319 2109 1372 hunc
2135 1335 2256 1374 mo-

683 1404 812 1458 dum
851 1402 1472 1474 Symmachusedidit:
1513 1425 1532 1457 ‹
1589 1407 1672 1463 Me
1716 1408 1966 1472 dicente,
2003 1411 2250 1475 Domine,

683 1496 948 1550 miserere
998 1496 1126 1560 mei,
1165 1511 1298 1551 sana
1323 1498 1558 1552 animam
1591 1515 1807 1567 meam;
1849 1511 1902 1556 et
1933 1504 1978 1557 si
2033 1505 2254 1572 peccavi

682 1586 803 1649 tibi,
841 1586 1048 1640 inimici
1105 1588 1210 1642 mei
1265 1588 1518 1643 dixerunt
1574 1589 1642 1645 de
1691 1605 1777 1646 me
1827 1597 1991 1660 mala,
2037 1595 2256 1663 quando

685 1677 970 1744 morietur,
1001 1687 1053 1732 et
1081 1680 1282 1748 peribit
1309 1695 1506 1736 nomen
1529 1681 1681 1750 ejus?
1703 1693 1756 1737 et
1785 1699 1908 1738 cum
1942 1685 2256 1756 ingredere-

683 1783 793 1834 tur,
825 1787 962 1826 vana
996 1773 1318 1842 loquebatur
1355 1789 1450 1828 cor
1481 1775 1620 1844 ejus,
1647 1779 2009 1848 congregabat
2047 1780 2258 1850 injusti-

685 1864 814 1918 tiam
863 1865 988 1919 sibi.
1034 1863 1170 1918 Cum
1224 1866 1576 1934 egrederetur
1624 1869 1792 1936 foras,
1832 1871 2248 1942 obloquebatur.

683 1972 796 2010 uno
826 1959 1010 2012 animo
1046 1958 1410 2013 susurrabant
1435 1967 1626 2014 contra
1666 1977 1752 2018 me
1781 1979 1971 2018 omnes
1997 1965 2091 2035 qui
2122 1966 2252 2021 ode-

681 2055 808 2102 rant
837 2063 945 2112 me,
969 2049 1038 2103 de
1068 2065 1152 2106 me
1181 2051 1496 2120 cogitabant
1531 2055 1670 2107 mala
1703 2055 1858 2120 mihi,
1891 2057 2116 2110 verbum
2147 2057 2254 2112 ini-

681 2155 851 2209 quum
883 2139 1113 2195 elTusum
1144 2151 1264 2197 erat
1311 2143 1453 2197 inter
1477 2145 1647 2212 ipsos,
1684 2153 1738 2198 et
1775 2146 1869 2214 qui
1905 2147 2104 2201 cecidit
2143 2163 2253 2203 non

683 2234 918 2304 amplius
953 2243 1159 2306 surget,
1208 2237 1301 2292 sed
1351 2247 1404 2290 et
1446 2237 1610 2292 homo
1637 2239 1730 2308 qui
1777 2254 1965 2308 pacem
2021 2241 2254 2297 habebat

681 2341 917 2394 mecum,
950 2329 1038 2382 cui
1079 2330 1440 2396 conlidebam,
1471 2332 1763 2387 comedens
1815 2347 2026 2387 meeum
2055 2349 2252 2404 panem

679 2433 884 2484 meum,
922 2421 1304 2491 magniﬁcatus
1343 2431 1427 2478 est
1466 2433 1658 2478 contra
1691 2440 1774 2480 me
1805 2434 2249 2496 consequenter;

681 2517 738 2562 tu
771 2517 974 2574 autem,
1013 2511 1260 2578 Domine,
1280 2514 1538 2570 miserere
1567 2517 1694 2580 mei,
1725 2524 1779 2570 et
1807 2518 2012 2571 suscita
2047 2533 2152 2578 me.
2195 2526 2254 2571 ut

677 2602 982 2656 retribuam
1013 2603 1095 2658 eis
1127 2621 1142 2660 :
1171 2613 1394 2675 propter
1424 2606 1528 2660 hoc
1552 2621 1879 2676 cognoscam
1909 2609 2054 2678 quod
2081 2609 2251 2674 voles,

679 2699 728 2751 si
757 2711 868 2750 non
897 2696 1496 2766 obloqueturinimicus
1523 2715 1696 2764 meus,
1716 2716 1800 2756 me
1824 2711 2003 2756 autem
2033 2711 2260 2772 propter

679 2789 1086 2856 simplicitatem
1119 2792 1432 2860 suscepisti,
1465 2801 1518 2846 et
1561 2793 1864 2848 constitues
1903 2809 1988 2848 me
2035 2795 2086 2848 in
2121 2810 2256 2848 con-

681 2889 870 2949 spectu
901 2888 997 2935 tuo
1021 2882 1074 2935 in
1107 2891 1394 2938 mlernutn.
1433 2903 1452 2934 ›
1482 2884 1619 2938 Cum
1657 2885 1744 2940 his
1779 2901 1909 2939 vero
1935 2901 2056 2955 quae
2090 2885 2254 2956 Sym-

680 2971 910 3026 machus
943 2971 1114 3028 edidit
1139 2973 1475 3027 concordant
1507 2974 1669 3028 etiam
1721 2989 1784 3028 ea
1811 2989 1934 3043 quae
1959 2975 2027 3027 ab
2057 2975 2254 3044 Aquila

679 3063 826 3117 edita
857 3073 1006 3128 sunt,
1035 3081 1308 3134 sensuque
1329 3059 1470 3119 idem
1494 3067 1696 3119 valent.
1723 3063 1966 3118 Primum
1995 3065 2162 3136 igitur
2187 3067 2256 3122 de

679 3171 748 3208 eo
793 3157 939 3226 quod
982 3173 1048 3212 ex
1097 3173 1328 3226 persona
1385 3157 1689 3213 Salvatoris
1749 3159 1923 3214 nostri
1979 3161 2252 3214 enuntiari

2351 673 2402 724 οι
2430 670 2612 742 ἐχθροί
2642 687 2742 739 μου
2769 669 2954 738 ἔλεγον
2985 670 3118 742 περὶ
3145 668 3290 740 ἐμοῦ
3322 668 3488 724 κακά·
3507 670 3628 725 Πότε
3648 675 3839 751 ἀποθάνῃ,

2353 763 2447 816 καὶ
2471 761 2751 816 ἀπολεῖται
2783 761 2843 814 τὸ
2867 761 3037 833 ὄνομα
3056 761 3230 815 αὐτοῦ
3252 778 3266 826 ;
3301 762 3666 834 Εἰσερχόμενος
3690 769 3842 824 imm:

2353 854 2582 924 ψασθαι,
2638 853 2840 926 μάταια
2893 854 3068 907 ἐλάλει
3119 855 3154 924 ἡ
3205 853 3406 923 καρδξα
3459 855 3637 920 αὐτοῦ,
3668 857 3839 930 ἧθροιζεν

2353 945 2566 1000 ἀδικίαν
2603 947 2790 1016 ἑαυτῇ.
2821 945 3207 1017 Ἐξερχόμενος
3233 945 3292 998 δὲ
3319 945 3424 1008 ἔξω
3450 949 3714 1002 κατελάλει.
3733 953 3838 1020 Ὁμο-

2355 1039 2591 1110 θυμαδὺν
2641 1039 2951 1108 ὲψιθύριζον
2984 1040 3104 1093 κατ’
3147 1039 3287 1110 ἐμοῦ
3337 1039 3534 1104 πάντες
3571 1044 3613 1095 οἱ
3641 1045 3838 1113 μισοῦντές

2359 1147 2446 1202 με,
2483 1131 2610 1200 περὶ
2640 1130 2774 1200 ἐμοῦ
2799 1129 3107 1192 ἐννοοῦντες
3135 1129 3288 1184 κακά
3304 1147 3416 1200 μοι.
3441 1131 3599 1199 Λόγος
3615 1135 3838 1204 παράνομος

2355 1225 2616 1294 ἐκκέχυτο
2653 1223 2800 1277 ἔνδον
2842 1225 3038 1286 αὐτῶν,
3071 1225 3168 1278 καὶ
3204 1225 3392 1278 πεσὼν
3424 1227 3594 1278 οὐκέτι
3629 1230 3838 1300 ἀναστήσε-

2353 1333 2475 1370 ται·
2521 1317 2655 1369 ἀλλά
2707 1317 2800 1370 καί
2839 1317 3142 1390 ἄνθρωπος,
3181 1317 3243 1379 ὃς
3285 1319 3527 1388 εἰρήνευέ
3573 1335 3664 1390 μοι,
3755 1323 3836 1374 ἑτε-

2356 1407 2582 1470 ποίθειν,
2616 1409 2905 1462 συνεσθίων
2950 1427 3040 1480 μοι
3085 1411 3254 1479 ἄρτον
3303 1409 3455 1480 ἐμὸν.
3497 1411 3834 1484 κατεμεγαλὺνθη

2359 1515 2478 1570 μου.
2515 1499 2861 1563 Ἀκολούθως,
2889 1501 2952 1554 σὺ
2975 1501 3051 1563 δὲ,
3079 1501 3660 1573 Κύριεωῖκτειρόνίμε,
3682 1503 3750 1554 καὶ
3779 1505 3836 1554 ἀν-

2356 1588 2566 1660 έγειρὸν
2605 1606 2691 1659 με,
2725 1589 2809 1642 ἵνα
2848 1589 3218 1642 ἀνταποδώσω
3247 1589 3455 1652 αὐτοῖς.
3489 1590 3580 1642 Διά
3603 1589 3728 1643 τοῦτο
3745 1591 3834 1658 ne

2358 1697 2538 1752 σομαι,
2563 1683 2644 1734 ὅτι
2679 1681 2946 1752 θελήσεις,
2982 1681 3076 1734 ἐὰν
3136 1681 3214 1754 μὴ
3267 1681 3604 1754 καταλαλήσῃ
3644 1686 3667 1736 ό
3710 1683 3834 1754 Exigi;

2359 1790 2479 1845 μου.
2525 1773 2690 1843 Ἐμοῦ
2711 1774 2766 1827 δὲ
2789 1774 2874 1827 διὰ
2901 1773 2998 1844 τὴν
3024 1773 3310 1844 ἁπλότητα
3343 1775 3608 1843 ἀντέσχον,
3631 1776 3836 1844 καὶπαρα-

2357 1866 2580 1935 στήσεις
2607 1881 2675 1935 με
2722 1863 3026 1936 ἔμπροσθέν
3061 1881 3156 1918 σου
3207 1865 3276 1918 δι’
3304 1865 3513 1928 αἰῶνος.
3545 1885 3562 1916 ι
3604 1865 3832 1934 ’ῐσοδυνιμεῖ

2355 1955 2412 2008 δὲ
2458 1959 2572 2019 τοῖς
2606 1955 2700 2008 τοῦ
2733 1955 3028 2027 Συμμάχου
3061 1957 3156 2010 καὶ
3199 1957 3272 2010 τά
3312 1956 3554 2009 Ἀκόλου.
3587 1955 3756 2029 Πρῶτον
3775 1951 3832 2007 οὖν

2356 2045 2484 2118 περὶ
2531 2045 2626 2098 τοῦ
2679 2045 2853 2099 δοκεῖν
2886 2046 3258 2117 ἀπεμφαίνειν
3293 2048 3360 2100 ὲκ
3389 2045 3652 2118 προσώπου
3677 2045 3830 2098 1065:»-

2353 2139 2418 2210 τῆ
2425 2155 2515 2210 ρος
2545 2137 2702 2208 ἡμῶν
2731 2138 2790 2190 τὸ
2813 2138 3120 2210 εἰρημένον,
3137 2141 3223 2204 τὸ,
3252 2161 3270 2190 ι
3295 2140 3474 2192 Ἰασαι
3495 2139 3584 2209 τὴν
3601 2140 3736 2208 ψυχήν
3753 2155 3830 2206 μεν,

2353 2231 2434 2284 ὅτι
2483 2229 2728 2302 ἦμαρτόν
2769 2247 2871 2296 σοι,
2909 2251 2926 2282 ι
2959 2232 3228 2302 τηρήσεις
3257 2231 3322 2284 τὸ
3351 2231 3499 2303 παρὰ
3535 2231 3605 2300 τῷ
3639 2231 3830 2300 Συμμὰχῳ

2357 2321 2431 2392 μὴ
2475 2321 2646 2384 οὕτως
2693 2321 2834 2392 ἔχον,
2865 2321 3019 2386 ἀλλὰ,
3057 2341 3076 2374 ι
3121 2325 3304 2376 Ἴασαι
3337 2324 3436 2394 τὴν
3471 2323 3630 2392 ψυχήν
3661 2339 3747 2391 μου,
3773 2321 3828 2370 καὶ

2353 2417 2403 2468 εἰ
2427 2415 2670 2486 ἥμαρτόν
2705 2432 2805 2468 σοι.
2847 2435 2865 2466 ι
2901 2417 3010 2468 Καὶ
3053 2415 3201 2470 οὕτω
3235 2416 3297 2470 δὲ
3329 2415 3487 2470 τοῦτό
3530 2432 3680 2485 φησιν,
3710 2412 3826 2481 ἐπειδή

2353 2509 2451 2572 τὰς
2503 2510 2776 2580 ἡμετέρας
2817 2514 3110 2564 κοινοποιεῖ
3163 2513 3247 2574 εἰς
3295 2511 3484 2563 ἑαυτὸν
3525 2507 3751 2578 ἁμαρτίας.
3773 2503 3827 2555 Διὸ

2353 2601 2634 2654 λέλεκται·
2667 2621 2684 2652 ι
2715 2601 2822 2656 Καὶ
2843 2602 3047 2674 Κύριος
3079 2602 3402 2673 παρέδωκεν
3431 2602 3580 2656 αὑτὸν
3607 2601 3699 2662 ταῖς
3717 2600 3828 2666 ἀμαρ-

2353 2694 2494 2756 τὶαις
2534 2695 2565 2765 ἡ
2577 2692 2690 2763 μῶν
2715 2711 2728 2723 ·
2758 2713 2775 2744 ι
2815 2694 2927 2758 καὶ,
2960 2713 2978 2744 ι
3018 2694 3190 2756 Αὐτὸς
3221 2693 3496 2764 ἁμαρτίας
3525 2690 3656 2762 ἡμῶν
3677 2689 3822 2758 φέρει.»

2355 2783 2550 2851 Γέγονε
2584 2783 2712 2852 γοῦν
2736 2785 2875 2857 ὑπὲρ
2901 2785 3054 2856 ἡμῶν
3091 2786 3310 2856 κατάρα
3337 2788 3365 2838 ὁ
3402 2783 3580 2854 Ἀμνὸς
3605 2781 3678 2833 τοῦ
3695 2775 3826 2834 θειῦ,ὁ

2355 2875 2524 2946 αἴρων
2568 2876 2666 2947 τὴν
2713 2878 2983 2948 ἁμαρτίαν
3025 2877 3122 2930 τοῦ
3171 2878 3378 2947 κόσμου
3401 2893 3413 2906 ·
3445 2877 3500 2928 ὃν
3527 2876 3606 2928 καὶ
3627 2873 3824 2943 μὴῖνὸντι

2358 2970 2629 3042 ἁμαρτίαν
2681 2972 2708 3023 ό
2767 2969 2898 3033 Θεὸς
2943 2971 3084 3042 ὑπὲρ
3125 2971 3288 3042 ἡμῶν
3335 2968 3592 3042 ἁμαρτίαν
3635 2965 3823 3032 ἑποῐητεν,

2356 3061 2643 3133 ἀντίψυχον
2683 3063 2824 3134 ὑπὲρ
2869 3063 3086 3117 πάντων
3119 3063 3280 3134 ἡμῶν
3313 3063 3594 3135 προέμενος
3623 3055 3824 3114 sitim?”

2355 3158 2515 3226 ἡμεῖς
2544 3155 2828 3227 γενώμεθα
2853 3156 3164 3227 δικαιοσύνη
3201 3155 3340 3208 Θεοῦ
3365 3159 3421 3208 ἐν
3449 3152 3599 3222 αὐτῷ.
3631 3145 3825 3202 Ἀλλ’ἐπεὶ

679 3248 950 3310 videatur,
985 3247 1119 3302 illud
1155 3249 1298 3318 quod
1353 3249 1560 3304 dictum
1605 3260 1727 3305 est:
1767 3269 1784 3299 ι
1825 3248 1969 3304 Sana
2014 3253 2250 3305 animam

2357 3249 2446 3302 καὶ
2484 3251 2540 3301 ὲν
2570 3247 2871 3320 ὁμοιώματι
2929 3249 3129 3321 σαρκὸς
3181 3248 3454 3320 ἁμαρ-εἴας
3479 3245 3716 3314 γενόμενος
3743 3253 3824 3290 κετ-

679 3353 878 3401 meam,
913 3341 1038 3410 quia
1070 3341 1285 3410 peccavi
1321 3341 1440 3405 tibi,
1475 3341 1834 3408 robservato,
1877 3357 2064 3412 quaeso
2095 3355 2164 3408 te,
2197 3353 2256 3398 ut

678 3431 822 3486 idem
853 3433 992 3501 apud
1042 3432 1426 3503 Symmachum
1475 3449 1584 3487 non
1618 3434 1806 3489 eodem
1855 3435 2018 3490 modo
2067 3453 2124 3491 se.
2159 3437 2254 3490 ha-

678 3523 824 3586 beat,
859 3524 952 3579 sed
987 3526 1066 3578 sic
1097 3543 1108 3578 :
1141 3523 1285 3578 Sana
1329 3527 1568 3579 animam
1615 3541 1812 3591 meam,
1845 3534 1899 3582 et
1937 3529 1983 3583 si
2029 3529 2254 3598 peccavi

677 3611 800 3670 tibi.
833 3636 852 3668 ι
888 3613 980 3670 Sic
1009 3625 1189 3672 autem
1214 3618 1318 3672 hoc
1347 3618 1438 3672 ille
1456 3620 1550 3682 ait,
1579 3629 1864 3688 pmpterea
1894 3619 2040 3689 quod
2067 3629 2254 3676 nostra

677 3723 868 3763 secum
925 3709 1042 3778 ipse
1087 3719 1308 3779 peccata
1356 3710 1805 3765 communicavit.
1848 3711 1926 3766 Ex
1977 3729 2086 3784 quo
2119 3713 2254 3768 illud

677 3797 886 3854 dictum
931 3810 1058 3854 est:
1097 3819 1115 3850 ‹
1149 3800 1212 3853 Et
1259 3801 1522 3857 Dominus
1571 3803 1795 3857 tradidit
1842 3821 1964 3858 eum
2017 3807 2256 3874 peccatis

678 3890 907 3954 nostris,
937 3899 1012 3952 et,
1049 3892 1168 3960 ipse
1215 3902 1435 3960 peccata
1461 3901 1648 3948 nostra
1681 3893 1860 3949 fert".
1903 3915 1921 3946 ι
1959 3895 2120 3967 467
2153 3895 2256 3950 Fa-

677 3991 802 4048 ctus
833 3988 918 4035 cst
953 3981 1120 4051 igitur
1151 3998 1248 4052 pro
1275 3983 1434 4038 nobis
1462 3987 1769 4042 exsecratio
1799 3988 1890 4041 ille
1917 3988 2106 4056 Agnus
2137 3987 2252 4052 Dei,

678 4074 770 4142 qui
817 4073 961 4127 tollit
993 4083 1275 4144 peccatum
1311 4077 1520 4140 niundi,
1565 4093 1726 4146 quem
1763 4093 1872 4132 non
1917 4093 2258 4149 cognoscen-

677 4168 786 4218 tem
817 4171 1120 4232 peccatum,
1153 4164 1296 4220 Deus
1325 4181 1422 4235 pro
1447 4168 1605 4222 nobis
1636 4179 1917 4237 peccatum
1953 4169 2100 4232 fecit,
2125 4169 2252 4223 dum

679 4255 832 4308 illum
867 4257 1100 4326 pretium
1133 4259 1431 4312 animatum
1465 4275 1528 4313 ac
1559 4261 1738 4313 vivum
1771 4277 1870 4330 pro
1900 4261 2108 4316 nostris
2136 4275 2254 4314 om-

677 4343 830 4398 nium
862 4346 1064 4401 animis
1111 4349 1300 4412 tradit,
1331 4357 1391 4404 ut
1437 4365 1540 4406 nos
1569 4350 1870 4405 elliciamur
1911 4351 2128 4420 justitia
2157 4350 2252 4405 Dei

677 4435 734 4490 in
767 4437 907 4506 ipso.
941 4435 1048 4492 Sed
1075 4439 1298 4508 quando
1324 4441 1487 4495 etiam
1537 4442 1592 4494 in
1625 4442 2036 4498 similitudinem
2068 4445 2255 4499 carnis

675 4531 887 4598 peccati
939 4528 1139 4597 factus,
1197 4531 1581 4588 condemnavit
1627 4543 1910 4604 peccatum
1961 4535 2018 4588 in
2064 4549 2250 4598 carne,

2363 3338 2544 3410 έκρινε
2573 3339 2669 3409 τὴν
2691 3339 2960 3410 ἁμαρτίαν
2978 3341 3036 3390 ἐν
3057 3341 3123 3409 τῇ
3149 3357 3218 3392 σα
3229 3339 3340 3412 ρκὶ,
3363 3339 3572 3398 εἰκότως
3595 3329 3826 3404 προςέρετιι

2361 3437 2429 3488 τὰ
2461 3434 2772 3505 ἐκκείμενα.
2800 3436 2920 3487 Ὅτι
2961 3433 3016 3487 δὲ
3049 3433 3146 3498 τὰς
3187 3433 3464 3506 ἡμετέρας
3494 3427 3716 3501 ἁμαρτίας
3739 3421 3826 3484 ἐξαι⁸

2362 3525 2696 3596 κειούμενος,
2731 3525 2818 3579 διὰ
2875 3526 2975 3597 τὴν
3019 3526 3156 3597 πρὸς
3199 3527 3351 3597 ἡμᾶς
3377 3523 3581 3592 ἀγάπην
3603 3519 3677 3572 καὶ
3706 3513 3826 3582 φιλαν-

2363 3618 2628 3690 θρωπίανν
2660 3617 2832 3671 ταῦτά
2861 3635 3042 3687 φησιν,
3082 3617 3209 3687 ἑξῆς
3240 3613 3576 3675 ὑποκαταϐὰς
3593 3613 3640 3663 ἐν
3661 3605 3824 3672 eirea?

2360 3711 2557 3782 ψαλμῷ
2583 3710 2849 3780 ἐπιφέρει,
2884 3709 3056 3778 λέγων
3072 3726 3084 3738 ’
3126 3729 3142 3759 ε
3186 3708 3354 3780 Ἐμοῦ
3379 3707 3434 3760 δὲ
3458 3705 3539 3759 διὰ
3563 3702 3644 3772 τὴν
3669 3695 3824 3790 dicaris?

2361 3803 2684 3859 ἀντελά6⁰υ’
2723 3821 2740 3854 ³
2779 3803 2964 3871 σαφῶς
2992 3802 3052 3855 τὸ
3085 3803 3453 3873 ἀπειρόκακον
3483 3796 3567 3850 τοῦ
3599 3787 3744 3861 Ἀμνοῦ
3763 3801 3820 3836 τω

2361 3893 2495 3947 Θεοῦ
2521 3893 2807 3966 παριστὰς.
2833 3891 2956 3952 Πῶς
2982 3892 3038 3945 δὲ
3068 3893 3168 3954 τὰς
3195 3891 3469 3964 ἡμετέρας
3487 3883 3710 3958 ἁμαρτίας
3733 3873 3821 3972 ἒξξμ

2362 3983 2636 4046 κειοῦταις
2672 3983 2765 4035 καὶ
2795 3981 2912 4044 πῶς
2947 3982 3130 4052 φέρειν
3151 3981 3368 4050 λέγεται
3397 3979 3490 4041 τὰς
3508 3971 3695 4044 ἀνομίας
3707 3969 3818 4064 ἡμων,

2361 4077 2392 4147 ἢ
2430 4074 2548 4128 καθ’
2583 4075 2610 4127 ὃ
2641 4074 2798 4144 σῶμα
2813 4073 2976 4128 αὑτοῦ
3002 4069 3137 4127 εἶναι
3165 4073 3460 4146 λεγόμεθας
3487 4065 3610 4123 κατὰ
3625 4063 3696 4116 τὸν
3720 4058 3821 4147 HW}:

2364 4139 2547 4221 στολον
2576 4139 2824 4238 φήσαντα
2843 4183 2856 4198 ·
2883 4186 2900 4217 ι
2923 4167 3112 4238 Ὑμεῖς
3143 4167 3200 4220 δέ
3231 4139 3356 4221 έστε
3385 4165 3532 4234 σῶμα
3551 4139 3820 4254 Χριστοὲνκξὶ

2364 4258 2498 4329 μέλη
2526 4259 2590 4310 ὲκ
2619 4257 2818 4329 μέρους
2836 4275 2850 4288 ·
2889 4257 2982 4310 καὶ
3017 4255 3137 4309 καθ’
3176 4257 3205 4309 ὃ
3239 4256 3530 4326 πάσχοντος
3558 4247 3655 4308 ἑνὸς
3677 4247 3818 4335 pelea;

2363 4327 2670 4421 συμττάσχει
2695 4327 2883 4403 Ἳπάντα
2905 4349 2972 4402 τά
3001 4349 3155 4421 μέλη,
3189 4369 3206 4400 ι
3227 4349 3370 4403 οὕτω
3387 4347 3488 4400 τῶν
3509 4327 3820 4431 πολλῶν-μελέη

2361 4443 2676 4514 πασχόντων
2698 4444 2793 4496 καὶ
2821 4442 3265 4515 ἁμαρτανόντων,
3292 4443 3384 4496 καὶ
3423 4435 3569 4498 αὐτὸς
3599 4425 3708 4484 κατὰ

2360 4537 2458 4606 τῆς
2477 4511 2874 4605 ’-συμπαθείας
2895 4511 3106 4602 λόγους,
3138 4533 3451 4606 (ἐπειδήπερ
3489 4523 3713 4606 spumea,
3732 4511 3818 4606 Θιοῡ

675 4597 873 4675 merito
919 4621 1276 4692 proferuntur
1327 4641 1392 4678 ea
1449 4641 1570 4694 qua:
1612 4627 1725 4695 jam
1775 4629 2021 4696 exposita
2098 4635 2247 4683 sunt.

2357 4597 2527 4694 Λόγος
2554 4597 2650 4687 ὧν,
2685 4625 2898 4694 μορφὴν
2923 4597 3108 4676 δούλου
3127 4597 3344 4688 λαϐεῖν,
3365 4597 3453 4676 καὶ
3483 4617 3552 4687 τῷ
3582 4605 3709 4705 κοινῇ)
3735 4597 3816 4705 τεέν

674 4711 834 4778 Quod
874 4721 1056 4769 autem
1099 4725 1324 4784 peccata
1371 4723 1584 4780 nostra,
1637 4733 1738 4772 sua
1783 4717 1990 4773 faciens
2034 4725 2253 4789 propter

2354 4733 2458 4769 των
2500 4712 2658 4785 ἡμῶν
2711 4712 3028 4784 σκηνώματι
3075 4709 3466 4782 συναφθῆνα.ι-)
3495 4705 3604 4764 τοὺς
3641 4701 3721 4789 τῶν
3752 4701 3816 4789 τις

675 4805 1000 4862 charitatem
1031 4823 1162 4878 erga
1189 4823 1289 4862 nos
1335 4823 1398 4862 ac
1429 4807 1862 4863 benevolentiam
1888 4849 1902 4872 ,
1941 4811 2056 4864 haec
2085 4811 2254 4873 dicat,

674 4899 934 4970 deinceps
963 4901 1210 4958 oratione
1241 4919 1569 4973 progressus
1596 4905 1652 4958 in
1687 4904 1876 4957 eodem
1927 4905 2138 4976 psalmo
2163 4904 2262 4960 de-

673 5000 972 5058 monstrat,
997 4994 1187 5050 dicens
1216 5014 1229 5048 :
1263 5013 1282 5045 ι
1315 4993 1397 5050 Me
1425 5003 1607 5050 autem
1635 5003 1858 5066 propter
1887 4997 2258 5054 innocentiam

673 5087 966 5157 suscepisti
987 5087 1054 5142 ³⁸.
1108 5105 1130 5139 ι
1179 5087 1390 5153 Quibus
1435 5089 1618 5144 verbis
1663 5089 1984 5158 planissime
2031 5090 2246 5161 Agnum

671 5177 791 5244 Dei,
828 5177 1008 5234 omnis
1057 5178 1510 5249 mali'expertem
1545 5187 1597 5234 et
1647 5181 1944 5235 innocuum
1989 5184 2247 5240 ostendit.

677 5271 786 5328 Sed
813 5287 923 5344 quo
955 5273 1174 5328 tandem
1213 5273 1374 5327 modo
1411 5273 1502 5328 ille
1541 5281 1764 5342 peccata
1793 5283 1986 5330 nostra
2032 5291 2130 5330 sua
2176 5275 2256 5330 fe-

673 5367 772 5430 cit,
807 5373 862 5420 et
900 5381 1012 5436 quo
1057 5366 1188 5420 item
1241 5364 1406 5420 modo
1470 5365 1786 5436 iniquitates
1833 5375 2054 5422 nostras
2097 5367 2258 5421 tulit?

671 5471 806 5512 num
837 5472 904 5511 ex
927 5472 994 5511 eo
1023 5457 1170 5527 quod
1197 5471 1398 5528 corpus
1421 5457 1570 5511 illius
1601 5471 1704 5510 nos
1727 5472 1852 5512 esse
1875 5457 2006 5512 dicti
2038 5473 2250 5522 sumus,

673 5553 737 5601 ut
759 5547 836 5600 ait
873 5547 1204 5616 Apostolus:
1251 5565 1269 5597 ι
1297 5546 1408 5600 Vos
1438 5555 1618 5600 autem
1655 5548 1790 5602 estis
1821 5561 2024 5617 corpus
2047 5547 2252 5603 Christi

675 5643 732 5692 et
763 5639 1006 5692 membra
1047 5653 1112 5692 ex
1168 5645 1342 5707 parte,
1391 5647 1446 5691 et
1487 5652 1550 5692 ev
1601 5653 1668 5690 eo
1712 5637 1860 5710 quod
1905 5637 2036 5692 dum
2083 5655 2250 5692 unum

677 5725 984 5780 membrum
1029 5725 1254 5796 patitur,
1309 5727 1472 5780 simul
1503 5731 1688 5782 omnia
1737 5745 1862 5782 cum
1893 5743 1958 5782 eo
2007 5729 2252 5783 membra

2355 4807 2594 4878 σχόντων
2625 4805 2800 4876 μελῶν
2833 4805 3028 4868 πόνους
3074 4807 3152 4868 εις
3200 4804 3388 4858 ἑαυτὸν
3421 4788 3738 4886 ἀναλαμδάνεξ1

2354 4898 2452 4963 τὰς
2485 4897 2755 4970 ἡμετέρας
2789 4897 2976 4960 νόσους
3007 4896 3358 4961 ῑδιοποιεῖται,
3385 4893 3473 4947 καὶ
3512 4885 3690 4941 πάντων
3715 4877 3814 4970 ἡμων

2358 4990 2656 5064 ὑπεραλγεῖ
2695 4991 2788 5044 καὶ
2832 4991 3147 5061 ὑπερπονεῖ,
3181 4989 3324 5044 κατὰ
3345 4987 3463 5048 τοὺς
3485 4983 3573 5051 τῆς
3605 4961 3812 5072 eamea:

2355 5055 2486 5147 πίας
2511 5055 2728 5154 νόμους.
2762 5081 2836 5135 Οὐ
2864 5055 3022 5151 μόνον
3041 5080 3096 5134 δι
3125 5080 3296 5135 ταῦτα
3317 5077 3513 5150 πράξας
3541 5073 3566 5123 ὁ
3596 5055 3812 5160 “Mf?

2357 5175 2514 5240 Θεοῦ,
2551 5147 2686 5230 ἀλλά
2727 5175 2820 5228 καὶ
2857 5147 2996 5245 ι’)πὲρ
3027 5173 3184 5245 ἡμῶν
3223 5147 3493 5228 κολασθεὶς

2358 5265 2630 5337 ὑποσχὼν,
2670 5267 2736 5337 ἢν
2775 5264 2932 5327 αὐτὸς
2968 5265 3064 5335 μὲν
3099 5265 3196 5318 οὐκ
3229 5262 3464 5333 ὠφειλεν,
3495 5249 3592 5307 ἀλλ’
3615 5239 3814 5348 ἠξλεξοῗῗ

2357 5329 2592 5432 πλήθους
2618 5329 2810 5412 ένέκεν
2847 5329 2978 5408 τῶν.
3003 5329 3546 5454 πεπλημμέλημένωῖι,
3578 5329 3810 5454 with:

2355 5452 2456 5521 τῆς
2495 5451 2604 5504 τῶν
2651 5449 3064 5521 ἁμαρτημάτων
3115 5451 3356 5518 ἀφέσεως
3399 5440 3627 5538 κατέστης’
3649 5435 3720 5544 an:

2357 5515 2497 5614 ὑπτὲρ
2533 5515 2705 5613 ἡμῶν-
2728 5515 3122 5613 ἀναδέῑξάμενος
3149 5515 3392 5603 θάνατον,
3427 5521 3657 5614 μάστιγάς
3679 5515 3794 5614 ’³,ξί

2361 5611 2695 5706 ὓσρὲιςζκαὶ
2735 5611 2973 5704 ἀτιμίαςή
3009 5635 3140 5704 ἡμῖν
3173 5625 3568 5728 ιέποφειλθιλιένξἰς

2363 5699 2636 5798 μεταθεὶς,
2677 5729 2771 5782 καὶ
2964 5699 3094 5798 ἠμέν
3136 5699 3608 5801 προστετιμημένην
3643 5699 3788 5756 κατάμ

3704 5589 3808 5652 αὑτὸν
3819 5627 3824 5630 -

749 5909 794 5942 ⁸⁸
829 5907 986 5964 Jean.
1025 5927 1154 5976 xui,
1192 5911 1274 5966 18.
1355 5913 1396 5943 ⁸⁷
1439 5909 1582 5968 Psal.
1617 5917 1720 5978 η,
1755 5913 1841 5970 10.
1899 5915 1967 5994 θ³³¹
2013 5913 2148 5970 ibi].
2185 5912 2236 5970 ὅ.

2354 5919 2356 5938 ¹
2400 5911 2504 5968 lsa.
2545 5927 2677 5980 Llll,
2714 5911 2828 5970 4-6.
2907 5915 2949 5946 ⁸ο
2993 5911 3136 5968 Psal.
3173 5927 3274 5976 ιι,
3311 5909 3392 5966 l3.
