3928 6534
134 551 233 609 725

1037 549 1684 608 DEMONSTBATIONIS
1719 549 2179 608 EVANGELICIE
2216 549 2343 605 LIB.
2361 571 2364 574 '
2383 548 2452 608 Χ.

3260 543 3377 600 726-

130 671 209 739 αφ’
233 667 428 724 ἑαυτὸν
475 666 726 730 ἑλκύσας,
757 666 1046 738 γενόμενος
1078 667 1220 737 ὑπὲρ
1260 667 1415 738 ήμῶν
1445 667 1688 740 κατάρα·

1799 666 2157 738 partiuntur",
2188 683 2208 720 ι
2238 665 2314 720 ita
2341 663 2623 727 nimirum,
2647 660 2837 717 multis
2857 660 3000 716 enim
3031 659 3362 732 patientibus

130 761 217 812 καὶ
273 758 331 811 τί
365 758 475 829 γὰρ
515 757 728 829 ἄλλο,ἢ
775 755 1099 828 άντίψυχον;
1149 757 1230 812 διό
1271 775 1436 829 φησιν
1482 757 1541 822 ἐξ
1574 761 1706 830 ἠμε-

124 849 280 921 τέρου
338 847 632 920 προσώπου
683 847 745 901 τὸ
793 847 997 916 λόγιον·
1044 866 1063 899 ι
1113 847 1202 919 Τῷ
1260 848 1485 920 μώλωπι
1539 847 1702 903 αὐτοῦ

126 941 282 1011 ἡμεῖς
365 939 629 1011 ίάθημεν·
716 939 811 993 καὶ
878 939 1080 1011 Κύριος
1152 940 1465 1011 παρέδωκεν
1543 939 1704 994 αὑτὸν

126 1035 238 1095 ταῖς
281 1031 583 1104 ἁμαρτίαις
643 1031 820 1102 ἡμῶν.
865 1049 883 1082 ι
925 1033 1085 1084 Ὥστε
1126 1033 1350 1096 εἰκότως
1399 1031 1533 1086 ἑνῶν
1577 1034 1703 1086 ἐαυ-

125 1121 210 1175 τὸν
259 1121 418 1190 ἡμῖν,
473 1122 620 1191 ἡμᾶς
667 1138 735 1194 τε,
788 1118 970 1190 αὐτῷ,
1017 1121 1108 1174 καὶ
1152 1121 1220 1175 τὰ
1267 1122 1506 1194 ἡμέτερα
1555 1122 1700 1194 πάθη

129 1212 548 1282 ἰδιοποιούμενός
590 1193 780 1282 φησιν·
813 1230 832 1263 ι
880 1211 1022 1279 Ἐγὼ
1062 1208 1210 1267 εἶπα·
1245 1193 1446 1286 Κύριε,
1475 1193 1704 1286 ἐλέησόν

129 1322 209 1374 με,
233 1303 392 1357 ἴασαι
427 1305 527 1377 τὴν
548 1305 723 1376 ψυχήν
757 1305 975 1376 μου,ὄτι
1001 1304 1245 1376 ἦμαρτόν
1267 1321 1366 1358 σοι.
1398 1323 1416 1356 ι
1438 1305 1704 1376 Ὀρῶντας

125 1393 421 1456 δὲείκότως
465 1395 591 1457 τοὺς
626 1393 1072 1457 ἐπιϐουλεύοντας
1097 1394 1157 1446 ού
1194 1393 1350 1464 μόνον
1383 1393 1702 1466 ἀνθρώπους

125 1482 250 1535 ἀλλὰ
270 1485 375 1536 καὶ
389 1483 653 1557 ᾀοράτους
674 1483 928 1554 δυνάμεις
955 1483 1052 1554 τὴν
1077 1483 1520 1554 ὑπερϐάλλουσαν
1548 1485 1701 1555 ἰσχὺν

125 1573 277 1626 αὐτοῦ
307 1574 428 1643 τῆς
467 1573 616 1638 θείας
650 1574 1018 1646 προσηγορίας
1058 1573 1152 1628 καὶ
1196 1573 1290 1627 τοῦ
1326 1573 1606 1644 ὀνόματος,
1633 1573 1699 1627 δι’

123 1657 176 1718 οὗ
198 1665 404 1736 μικρὸν
420 1665 548 1718 ὓστε
559 1683 648 1738 ρον
671 1665 1010 1738 Χριστιανῶν
1038 1665 1137 1737 τὴν
1162 1667 1338 1719 πᾶσαν
1363 1667 1699 1737 κατέπλησεν

125 1761 468 1832 οἰκουμένην,
505 1761 718 1814 σϐέσειν
757 1760 923 1832 αὐτὴν
945 1756 1094 1832 οἶμαι
1130 1761 1505 1833 ὑπειληφέναι,
1546 1763 1593 1813 εί
1630 1759 1700 1813 τά

123 1851 248 1922 πρὸς
295 1852 538 1906 Θάνατον
588 1851 1030 1906 ἐπιϐουλεύσαιεν
1080 1854 1246 1926 αὐτῷ.
1289 1854 1459 1907 Τοῦτο
1500 1854 1563 1925 δὴ
1604 1849 1698 1908 οὖν

124 1945 242 1997 αὐτὸ
269 1943 545 2014 διελέγχει
588 1943 811 2012 φάσκων
830 1961 844 1974 ο
885 1961 904 1995 ι
934 1947 996 1998 Ol
1029 1945 1209 2018 ἐχθροί
1241 1963 1341 2017 μου
1367 1942 1524 2000 εἶπαν
1551 1948 1699 2001 κακά

1803 766 1858 814 et
1889 757 2242 828 peccantibus
2272 755 2553 821 membris,
2589 755 2706 826 ipse
2745 769 2962 825 quoque
2989 755 3200 810 ratione
3227 769 3365 810 con-

1803 847 2092 904 sentientis
2172 845 2277 901 sibi
2339 845 2572 901 invicem
2625 853 2836 900 natura;
2886 844 3373 916 (quandoquidem.

1803 955 1926 995 cum
1959 938 2053 994 Dei
2082 937 2320 994 Verbum
2350 945 2517 1003 esset,
2548 938 2597 992 ei
2630 937 2854 1008 placuit,
2872 944 2926 992 et
2964 936 3195 993 formam
3218 937 3360 993 servi

1802 1030 2073 1101 accipere,
2103 1038 2156 1084 et
2186 1030 2463 1084 communi
2489 1027 2731 1082 omnium
2759 1037 2948 1084 nostro
2969 1028 3247 1084 domicilio
3278 1042 3370 1084 co-

1801 1121 2000 1193 pulari)
2031 1121 2351 1192 patientium
2382 1124 2749 1175 membrorum
2772 1121 2990 1176 labores
3021 1120 3078 1174 in
3118 1119 3360 1191 seipsum

1801 1213 2119 1283 assumpsit,
2157 1218 2212 1266 et
2240 1219 2463 1267 nostras
2495 1210 2822 1266 valetudinis
2841 1209 3204 1276 inﬁrmitates,
3232 1224 3363 1266 suas

1801 1304 1950 1369 fecit,
1984 1311 2038 1360 et
2062 1319 2127 1358 ex
2159 1303 2370 1374 legibus
2399 1302 2757 1358 humanitatis
2787 1317 2886 1373 pro
2923 1301 3176 1357 omnibus
3205 1301 3378 1356 nobis-

1799 1405 1854 1452 et
1881 1394 2097 1450 dolores
2126 1401 2179 1449 et
2208 1394 2421 1450 labores
2451 1394 2726 1450 sustinuit.
2760 1394 3024 1449 Caeterum
3059 1407 3170 1446 non
3201 1391 3373 1446 modo-

1798 1488 1963 1542 rebus
1993 1487 2081 1542 bis
2103 1487 2274 1557 gestis
2304 1485 2398 1540 Dei
2427 1486 2635 1557 Agnus,
2668 1501 2854 1543 verum
2882 1485 3044 1540 etiam
3074 1498 3175 1554 pro
3204 1482 3384 1536 nobis.

1797 1587 2069 1633 tormenta
2125 1592 2344 1648 passus,
2390 1579 2764 1651 supplicioque
2809 1576 3056 1642 aﬂ‘ectus,
3086 1591 3195 1646 quo
3246 1573 3363 1644 ipse

1797 1671 2016 1742 quidem
2046 1671 2246 1745 dignus
2287 1673 2510 1728 minime
2547 1679 2686 1736 erat,
2727 1671 2823 1726 sed
2860 1685 2963 1726 nos
2999 1668 3104 1739 ipsi
3139 1673 3363 1738 propter

1797 1762 2202 1818 multitudinem
2242 1773 2616 1834 peccatorum,
2643 1771 2704 1818 ut
2732 1769 2952 1834 peccata
2976 1759 3136 1817 nobis
3175 1757 3362 1812 dimit-

1807 1861 2074 1918 terentur,
2107 1862 2300 1909 auctor
2333 1855 2545 1913 exstitit
2573 1873 2586 1908 :
2627 1861 2810 1924 utpote
2861 1851 2953 1922 qui
2983 1865 3081 1920 pro
3113 1847 3271 1903 nobis
3308 1854 3381 1902 et.

1796 1949 2025 1998 mortem
2051 1943 2297 2008 subierit,
2329 1953 2382 2000 et
2408 1943 2655 2010 verbera,
2685 1951 2739 1998 et
2760 1943 2980 2014 probra,
3009 1949 3064 1996 et
3085 1946 3382 1994 contume--

127 2054 232 2107 μοι·
286 2036 437 2090 Πότε
478 2035 829 2089 ἀποθανεῖται
872 2037 965 2090 καὶ
995 2037 1271 2090 ἀπολεῖται
1300 2038 1360 2091 τὸ
1399 2037 1568 2109 ὄνομα
1601 2039 1688 2093 αύ-

1796 2033 1919 2097 Iias,
1951 2033 2151 2104 quibus
2182 2049 2283 2088 nos
2312 2034 2463 2104 digni
2486 2049 2726 2098 eramus,
2761 2034 2817 2088 in
2847 2032 3085 2102 seipsum
3119 2038 3371 2085 transtu-e

124 2127 234 2192 τοῦς
271 2146 292 2179 ι
345 2126 501 2180 Ἐπεὶ
529 2127 586 2180 δὲ
624 2125 1144 2199 καθυποκρινόμενοι
1172 2127 1478 2198 προσῄεσαν
1504 2128 1696 2200 πειρά-

122 2218 289 2280 ζοντες
338 2219 492 2280 ὅπως
537 2216 697 2270 αὑτὸν
739 2216 1153 2285 παγιδεύσωσιν,
1185 2218 1260 2281 ώς
1290 2220 1323 2289 ή
1357 2218 1475 2271 θεία
1507 2217 1694 2290 Γραφὴ

125 2311 404 2380 μαρτυρεῖ,
428 2307 613 2362 ἄλλοτε
645 2307 808 2371 ἄλλας
834 2308 1029 2371 αὐτοὺς
1057 2310 1356 2379 προφάσεις
1387 2309 1478 2363 καὶ
1527 2327 1694 2382 κατη-

122 2401 292 2471 γορίας
339 2404 465 2454 κατ’
498 2401 663 2454 αὐτοῦ
694 2399 1116 2465 συσκευάζεσθαι
1154 2402 1461 2475 ἱστοροῦσα,
1486 2405 1694 2459 τούτων

123 2493 263 2547 ἕνεκα
279 2492 555 2561 ἐπιλέγειο
586 2511 604 2544 ι
634 2493 743 2545 Kal
767 2495 814 2547 εί
839 2494 1213 2565 είσεπορεύετο
1233 2493 1326 2547 τοῦ
1346 2495 1492 2558 ίδεῖν,
1519 2495 1693 2568 μάτην

123 2584 279 2639 ἐλάλει
337 2587 375 2656 ἡ
417 2583 618 2656 καρδία
660 2585 845 2649 αὐτοῦ,
883 2588 1183 2658 συνήγαγεν
1221 2587 1448 2659 ἀνομίαν
1495 2588 1690 2659 ἐαυτῷ.

131 2675 508 2751 Ἐξεπορεύετο
533 2677 638 2744 ἔξω
662 2679 756 2731 καὶ
783 2678 960 2732 ἐλάλει
1000 2680 1092 2734 ἐπὶ
1121 2680 1180 2733 τὸ
1200 2681 1332 2733 αὐτὸ
1352 2681 1471 2735 κατ’
1488 2680 1641 2752 ἐμοῦ.
1668 2701 1687 2734 ι

131 2768 270 2841 Έῇς
299 2771 364 2823 δὲ
391 2770 603 2833 τούτοις
634 2770 733 2841 ήδη
762 2770 947 2840 σαφῶς
970 2771 1222 2842 ἐμφαίνει
1248 2773 1341 2827 καὶ
1368 2773 1528 2828 αὐτὸν
1554 2777 1695 2827 ἐκεῖ·

120 2875 197 2912 νον
242 2859 340 2911 τὸν
396 2858 815 2912 δυσσεϐέστατον
855 2861 1152 2933 προδότην·
1194 2862 1380 2933 ἐπειδὴ
1414 2863 1693 2918 συνέϐαινε

122 2947 224 3018 μεθ’
261 2949 334 3012 ἃς
368 2950 633 3020 πεποίητο
679 2949 952 3021 συνθήκας
1007 2955 1121 3016 τοῖς
1160 2952 1384 3024 ἄρχουσι
1415 2953 1522 3007 τῶν
1561 2955 1691 3006 Ἰου-

118 3036 263 3094 δαίων
311 3042 444 3112 περὶ
480 3042 578 3111 τῆς
630 3040 720 3094 τοῦ
765 3040 1082 3096 διδασκάλου
1136 3045 1441 3116 προδοσίας,
1502 3046 1692 3118 μηκέτ’

117 3129 353 3204 ἀπαντᾷν
378 3133 539 3187 αὑτὸν
568 3132 813 3203 συνήθως
833 3135 925 3188 ἐπὶ
949 3135 1044 3207 τὴν
1059 3135 1167 3188 τῶν
1185 3135 1340 3190 θείων
1358 3137 1693 3209 μαθημάτων

119 3221 474 3291 διδασκαλίαν,
527 3226 650 3297 μηδ’
681 3226 756 3291 ὡς
786 3226 939 3300 παρὰ
979 3227 1295 3281 διδάσκαλον
1318 3231 1526 3300 φοιτᾷν,
1568 3222 1692 3301 μηδ’

118 3315 302 3384 ὁμοίως
349 3319 464 3383 τοῖς
511 3317 718 3388 ἑτέροις
762 3318 1132 3391 παραϐάλλειν
1176 3321 1243 3391 τῇ
1297 3319 1390 3372 τοῦ
1438 3320 1688 3392 Σωτῆρος
1715 3363 1756 3421 c

118 3406 384 3485 διατριϐῇ,
416 3409 530 3462 ἀλλ’
556 3410 649 3462 ἐπὶ¹
681 3410 760 3481 τῷ
784 3411 1137 3466 κατοπτεύειν
1163 3413 1258 3466 καὶ
1288 3412 1538 3485 θηρεύειν
1563 3433 1684 3469 και-

121 3499 218 3569 ρὸν,
244 3503 341 3555 ὅτε
372 3501 480 3555 δέοι
510 3501 791 3557 ἐπιθέσθαι
813 3504 978 3574 αύτῷ.
1013 3503 1183 3557 Τοῦτο
1215 3505 1260 3557 δ’
1277 3500 1368 3558 οὖν
1397 3507 1490 3559 καὶ
1523 3523 1688 3580 κατη-

119 3596 350 3664 γορεῖται
411 3593 664 3665 πράττων
719 3595 824 3650 ὑπὸ
869 3595 976 3650 τῶν
1058 3595 1217 3669 ίερῶν
1271 3596 1684 3666 εὐαγγελιστῶν,

119 3676 181 3736 ὧν
203 3686 234 3738 ὁ
270 3686 376 3756 μὲν
420 3686 699 3750 Ματθαῖός
732 3705 900 3759 φησι·
943 3708 960 3740 ι
987 3690 1120 3742 Τότε
1152 3688 1436 3760 πορευθεὶς
1469 3684 1548 3754 εἷς
1579 3690 1686 3744 τῶν

119 3775 332 3841 δώδεκα,
365 3779 395 3830 ὁ
427 3777 716 3850 λεγόμενος
762 3780 957 3844 Ἰούδας
996 3779 1372 3851 Ἰσκαριώτης,
1400 3781 1537 3853 πρὸς
1559 3785 1687 3848 τοὺς

119 3869 400 3942 ἀρχιερεῖς,
444 3866 595 3924 εἶπεν
622 3872 833 3935 αὐτοῖς·
873 3872 938 3924 Τί
969 3869 1152 3925 θέλετὲ
1195 3889 1283 3942 μοι
1311 3870 1513 3938 δοῦναι,
1532 3874 1687 3944 κάγὼ

119 3960 230 4031 ύμῖν
284 3962 595 4034 παραδώσω
639 3964 840 4029 αύτόν;
887 3966 948 4018 Οἱ
997 3965 1053 4018 δέ
1095 3957 1352 4036 ἔστησαν’
1381 3966 1529 4039 αὐτῷ
1570 3985 1686 4040 τρι-

119 4053 304 4108 άκοντα
341 4055 599 4126 ἀργύρια.
621 4056 732 4110 Καὶ
757 4057 865 4110 άπὸ
891 4056 1014 4110 τότε
1048 4057 1228 4130 ἐζήτει
1257 4060 1560 4132 εὐκαιρίαν,
1597 4055 1688 4116 ἴναῖ

117 4146 262 4200 αὐτὸν
291 4147 520 4219 παραδῷ
545 4149 725 4212 αὐτοῖς
741 4165 754 4178 ·
787 4168 804 4200 ι
828 4150 856 4201 ὁ
880 4149 934 4202 δὲ
955 4151 1178 4221 Μάρκος
1202 4169 1215 4182 ·
1241 4170 1259 4202 ι
1287 4153 1397 4207 Kal
1434 4152 1628 4218 Ἰούδας
1655 4156 1684 4208 ὁ

128 4235 468 4310 Ἰσκαριώτης
511 4234 593 4302 εἷς
641 4240 748 4294 τῶν
796 4241 1001 4294 δώδεκα
1045 4242 1253 4313 ἀπῆλθε
1281 4246 1416 4316 πρὸς
1441 4247 1566 4310 τοὺς
1587 4248 1684 4318 άρ-

115 4335 301 4403 χιερεῖς
333 4334 422 4386 ἵνα
467 4333 630 4386 αὐτὸν
677 4334 901 4406 παραδῷ
943 4337 1142 4400 αὐτοῖς.
1177 4339 1239 4390 Οἱ
1273 4337 1330 4391 δὲ
1354 4339 1683 4405 ἀκούσαντες

114 4421 395 4496 ἐχάρησαν,
429 4427 526 4480 καὶ¹
575 4427 967 4498 ἐπηγγείλαντο
1005 4428 1154 4498 αύτῴ
1185 4429 1446 4502 ἀργύριον
1475 4431 1676 4486 δοῦναι.

115 4511 209 4566 Καὶ
232 4514 413 4584 ἐζήτει
438 4515 556 4579 πῶς
578 4516 740 4572 αὐτὸν
771 4519 1042 4590 εὐκαίρως
1072 4520 1296 4592 παραδῷ
1317 4539 1330 4552 ο
1364 4541 1382 4573 ι
1409 4524 1438 4576 ὁ
1463 4524 1519 4578 δὲ
1542 4525 1681 4578 Λου-

114 4604 204 4667 κᾶς
227 4607 428 4678 γράφει
463 4607 636 4677 λέγων
656 4626 670 4639 ·
707 4627 725 4661 ι
754 4610 984 4682 Είσῆλθε
1018 4611 1075 4667 δὲ
1105 4613 1134 4666 ὁ
1162 4614 1404 4680 Σατανᾶς
1431 4618 1508 4681 εἰς
1554 4617 1682 4671 Ἰού-

1796 2123 1937 2188 lerit,
1965 2134 2018 2179 et
2047 2125 2349 2180 exsecratio
2379 2141 2479 2196 pro
2508 2125 2666 2182 nobis
2700 2125 2896 2190 factus,
2931 2123 3370 2179 exsecrationem.

1795 2231 1916 2286 quae
1944 2215 2104 2270 nobis
2132 2215 2456 2283 debebatur,
2501 2217 2569 2272 ad
2613 2216 2852 2288 seipsum
2881 2214 3187 2270 attraxerit.
3217 2212 3359 2280 Quid

1794 2308 1942 2363 enim
1972 2309 2119 2365 aliud
2150 2309 2262 2375 ille,
2297 2325 2459 2380 quam
2493 2325 2594 2380 pro
2629 2309 2825 2364 animis
2857 2307 3062 2364 nostris
3085 2306 3362 2378 pretium?

1793 2400 1984 2472 Itaque
2026 2416 2091 2457 ex
2125 2415 2357 2472 persona
2397 2410 2586 2459 nostra
2623 2403 2905 2458 oraculum
2946 2402 3062 2456 ait:
3112 2420 3130 2453 ι
3167 2399 3362 2456 Livore

1793 2493 1914 2565 ejus
1945 2508 2046 2551 nos
2087 2496 2265 2552 sanati
2305 2509 2494 2551 sumus
2527 2513 2540 2549 :
2573 2501 2628 2550 et
2662 2494 2927 2550 Dominus
2971 2491 3197 2549 tradidit
3233 2507 3360 2548 eum

1795 2586 2036 2656 peccatis
2075 2587 2280 2644 nostris
2298 2586 2362 2644 ".
2395 2606 2412 2640 ι
2439 2586 2675 2643 Proinde
2711 2588 2906 2643 merito
2949 2586 3077 2640 dum
3116 2585 3368 2655 seipsum

1794 2679 1953 2736 nobis
1975 2677 2277 2750 coniungit,
2306 2690 2359 2736 et
2383 2695 2484 2735 nos
2506 2695 2569 2734 ac
2597 2680 2728 2735 vitia
2757 2687 2948 2736 nostra
2977 2679 3081 2735 sibi
3116 2678 3379 2744 asciscit,.

1795 2773 1870 2826 ita
1900 2772 1978 2827 ait
2015 2789 2029 2826 :
2073 2791 2093 2824 ι
2126 2772 2239 2844 Ego
2271 2773 2407 2837 dixi,
2454 2771 2703 2837 Domine,
2746 2772 3009 2828 miserere
3048 2770 3188 2844 mei,
3224 2783 3364 2826 sana

1795 2864 2031 2918 animam
2082 2880 2282 2930 meam,
2315 2865 2442 2936 quia
2487 2866 2710 2938 peccavi
2758 2866 2857 2922 tibi
2897 2886 2909 2920 :
2953 2883 2972 2917 ι
3005 2865 3361 2934 videntesque

1794 2954 1923 3010 item
1947 2957 2142 3013 merito
2165 2971 2276 3012 non
2310 2958 2486 3013 solum
2520 2959 2870 3015 insidiatores
2895 2957 3164 3020 homines,
3194 2955 3362 3027 468

1795 3044 1890 3101 sed
1928 3047 2089 3103 etiam
2130 3049 2499 3106 insidiatrices
2557 3051 2862 3107 invisibiles
2892 3056 3212 3121 potestates,
3248 3048 3361 3102 vim

1793 3137 2115 3194 immensam
2159 3139 2306 3196 illius
2349 3139 2548 3197 divina:
2594 3142 2976 3212 appellationis
3007 3148 3061 3196 et
3093 3138 3389 3201 nominis..

1793 3243 1902 3297 quo
1947 3227 2092 3286 baud
2144 3231 2219 3286 ita
2259 3234 2431 3289 multo
2479 3242 2604 3304 post
2640 3241 2814 3290 totum
2861 3235 3045 3290 orbem
3093 3243 3394 3288 terrarum.

1793 3318 2125 3380 Christianis
2170 3325 2441 3396 implevit,
2489 3327 2638 3380 illam
2689 3342 2748 3382 se
2799 3341 2962 3396 posse
3013 3325 3360 3395 exstinguere

1792 3419 2150 3480 putaverunt,
2213 3417 2260 3471 si
2307 3425 2539 3473 mortem
2593 3417 2670 3471 illi
2724 3417 3192 3472 maclrinarentur.
3243 3413 3363 3469 Hoc

1791 3504 1970 3573 ipsum
2003 3507 2170 3575 igitur
2219 3508 2307 3564 his
2352 3509 2533 3564 verbis
2565 3507 2844 3580 redarguit
2877 3525 2889 3560 :
2932 3525 2952 3559 ι
2992 3506 3202 3562 Inimici
3252 3507 3361 3560 mei

1789 3595 2046 3650 dixerunt
2077 3599 2218 3652 mala
2273 3599 2429 3665 mihi,
2473 3600 2694 3670 quando
2748 3600 3015 3653 morietur
3062 3605 3116 3653 et
3162 3595 3361 3668 peribit

1790 3701 1989 3740 nomen
2019 3688 2139 3757 ejus
2163 3688 2250 3743 ³⁸⁸2
2280 3709 2298 3741 ι
2336 3689 2604 3757 Quoniam
2655 3697 2840 3746 autem
2874 3689 3144 3745 simulatis
3165 3687 3394 3746 verbis.

1791 3776 2156 3846 accedebant,
2194 3787 2471 3838 tentantes
2517 3789 2576 3838 ut
2619 3782 2799 3853 ipsum
2841 3788 3096 3853 caperent
3140 3779 3200 3837 in
3243 3795 3360 3836 ser.-

1789 3882 1969 3933 monc,
2003 3877 2062 3922 ut
2091 3868 2322 3940 legimus
2365 3857 2507 3952 apud
2549 3873 2790 3929 divinam
2842 3872 3200 3943 Scripturam,
3238 3888 3389 3943 qua:-

1789 3955 1912 4011 illos
1941 3967 2132 4014 contra
2165 3959 2318 4016 illum
2352 3962 2488 4018 alias
2517 3962 2642 4018 aliis
2665 3971 2720 4018 et
2749 3962 3131 4020 occasionibus
3158 3969 3212 4019 et
3250 3963 3389 4017 eri--

1787 4048 2028 4106 minibus
2082 4058 2302 4108 utentes
2336 4053 2564 4122 inducit,
2620 4054 2826 4110 idcirco
2870 4055 3003 4110 illud
3055 4053 3302 4125 adiungit
3340 4071 3354 4106 :

1791 4157 1810 4191 ‹
1842 4139 1909 4196 Et
1933 4142 2343 4214 ingrediebatur
2375 4159 2435 4201 ut
2483 4147 2714 4215 videret,
2741 4163 2878 4204 vana
2911 4147 3234 4219 loquebatur
3263 4164 3360 4202 cor

1785 4233 1926 4302 ejus,
1975 4239 2328 4307 congregavit
2387 4239 2734 4309 iniquitatem
2783 4240 2921 4304 sibi,
2976 4240 3391 4311 egrediebatur:

1789 4323 1938 4380 foras
1964 4334 2019 4382 et
2039 4327 2363 4398 loquebatur
2393 4330 2448 4384 in
2479 4331 2716 4400 idipsum
2746 4340 2934 4386 contra
2960 4330 3160 4388 me’h
3194 4330 3358 4387 llisce

1782 4431 1918 4473 vero.
1940 4419 2105 4477 rebus
2135 4421 2422 4491 expositis,
2465 4421 2726 4492 deinceps
2775 4423 2953 4492 ipsum
2987 4423 3142 4478 illum
3183 4423 3358 4478 scele-

1783 4508 2088 4564 stissimum
2120 4511 2457 4580 proditorem
2509 4512 2686 4568 verbis
2724 4513 2933 4568 indicat
2962 4529 2976 4564 :
3011 4513 3359 4584 quandoqui-

1781 4601 1906 4657 dem
1953 4602 2091 4659 illud
2125 4606 2326 4671 evenit,
2378 4613 2438 4660 ut
2468 4617 2758 4676 postquam
2792 4606 2860 4662 de
2892 4605 3174 4678 prodendo
3213 4621 3357 4678 prat-

114 4693 195 4748 δαν
214 4698 304 4751 τὸν
332 4700 758 4772 ἐπικαλούμενον
796 4702 1164 4777 Ἰσκαριώτην,
1187 4705 1316 4760 ὄντα
1348 4708 1412 4762 ἐκ
1437 4708 1532 4762 τοῦ
1560 4710 1680 4782 ἀρι-

1790 4704 2002 4763 ceptore
2039 4711 2165 4753 cum
2206 4697 2900 4770 principibusludaeorum
2945 4705 3139 4769 pactus
3187 4709 3389 4762 esset,.

115 4787 236 4858 θμοῦ
259 4793 369 4846 τῶν
391 4792 620 4848 δώδεκα.
656 4796 766 4849 Καὶ
792 4794 1040 4850 ἀπελθὼν
1079 4797 1407 4871 συνελάλησε
1430 4802 1541 4863 τοῖς
1582 4803 1680 4874 ἁρ-
1703 4840 1706 4843 -

113 4883 339 4954 χιερεῦσι
376 4887 471 4940 καὶ.
498 4886 906 4957 γραμματεῦσι,
946 4889 1042 4941 καὶ
1075 4889 1189 4953 τοῖς
1233 4894 1554 4960 στρατηγοῖς
1583 4891 1676 4944 τοῦ

115 4972 266 5046 ἱεροῦ,
294 4976 382 5028 ἵνα
421 4976 581 5029 αὐτὸν
619 4977 846 5049 παραδῷ
881 4977 1083 5042 αύτοίς.
1125 4979 1236 5033 Καὶ
1261 4980 1556 5051 ἐχάρησαν,
1583 4981 1678 5034 καὶ

115 5066 378 5120 συνέθεντο
424 5068 572 5138 αὐτῷ
616 5067 878 5141 ἀργύριον
910 5068 1108 5123 δοῦναι.
1135 5071 1245 5123 Καὶ
1274 5071 1453 5144 ἐζήτει
1489 5073 1675 5125 εὐκαι-

114 5157 221 5226 ρίαν
241 5158 332 5212 τοῦ
360 5159 694 5230 παραδοῦναι
722 5160 884 5213 αὐτὸν
903 5161 1086 5226 αὐτοῖς
1107 5161 1238 5234 ἄτερ
1256 5162 1432 5233 ὄχλου.
1454 5182 1471 5216 ι
1494 5163 1677 5216 Ταῦτα

110 5246 165 5318 δὴ
193 5247 280 5305 οὖν
313 5252 453 5306 αύτά
484 5251 818 5317 θεσπίζουσα
857 5255 889 5324 ή
945 5253 1084 5325 μετά
1131 5259 1317 5327 χεῖρας
1368 5256 1669 5327 πρόρρησις

111 5337 360 5410 ἐπιλέγει·
385 5344 526 5396 «Kal
544 5346 593 5396 εί
620 5345 994 5416 εἰσεπορεύετο
1006 5345 1100 5399 τοῦ
1120 5347 1267 5412 ἰδεῖν,
1296 5349 1470 5418 μάτην
1491 5348 1667 5402 ἐλάλει

109 5431 333 5505 ἠκαρδία
349 5435 540 5500 αὐτοῦ,
559 5439 865 5508 συνήγαγεν
893 5439 1121 5509 ἀνομίαν
1141 5439 1339 5510 ἐαυτῷ.
1358 5439 1669 5511 Ἐξεπορεύ-

111 5538 190 5576 ετο
209 5525 326 5592 ἐξω,
349 5528 444 5582 καὶ
465 5527 643 5582 ἐλάλει
675 5530 767 5583 ἐπὶ
789 5529 850 5582 τὸ
869 5530 1019 5584 αύτό.
1039 5531 1173 5584 Κατ’
1200 5531 1334 5602 ἐμοῦ
1358 5532 1667 5602 ἐψιθύριζον

109 5616 289 5684 πάντες
303 5622 352 5674 οἱ
369 5620 555 5693 ἐχθροί
581 5639 703 5692 μου.
729 5640 748 5674 ›
771 5622 826 5676 Ὀ
842 5621 972 5692 γοῦν
992 5623 1062 5676 Σύ
1071 5625 1673 5697 μμαχος,ιΕἰσερχόμε-

59 5711 67 5722 ’
109 5719 208 5770 νος,
235 5729 253 5761 i
283 5712 469 5782 φησιν,
500 5731 518 5764 ι
537 5713 924 5784 ἐπισκοπῆσαι,
974 5714 1176 5785 μάταια
1218 5715 1398 5770 ἐλάλει
1427 5719 1672 5790 ήικαρδία

109 5799 277 5868 αὐτοῦ,
301 5803 557 5876 ἥθροιζεν
575 5805 792 5862 ἀδικίαν
823 5807 1012 5880 ἑαυτῇ.
1055 5808 1443 5879 Ἐξερχόμενος
1466 5811 1524 5864 δὲ
1559 5811 1662 5878 ἔξω

1782 4804 1889 4845 non
1920 4789 2155 4860 amplius
2196 4801 2248 4845 ut
2285 4791 2496 4847 solebat
2543 4790 2611 4845 ad
2646 4790 2830 4847 divina
2876 4801 3144 4862 praecepta
3176 4790 3357 4861 perdi-

1781 4883 1985 4938 scenda
2029 4885 2366 4949 conveniret,
2413 4900 2592 4955 neque
2631 4899 2760 4939 vero
2809 4891 3069 4955 tanquam
3112 4883 3179 4938 ad
3218 4898 3357 4953 prae-

1778 4985 2054 5048 ceptorem
2091 4979 2785 5043 accederet,.aut,.aliorum
2819 4993 2969 5032 more
3001 4975 3354 5048 praeceptoris
3384 5019 3389 5026 .

1782 5070 2178 5125 consuetudine
2218 5078 2485 5135 uteretur,
2534 5071 2629 5128 sed
2663 5082 2882 5142 tempus
2931 5071 3197 5126 duntaxat
3241 5067 3355 5122 cir-

1779 5163 2143 5232 cumspiceret
2181 5173 2344 5236 atque
2391 5166 2731 5230 observaret,
2782 5180 2891 5235 quo
2946 5162 3148 5218 adoriri
3201 5161 3356 5215 illum

1778 5265 1985 5324 posset.
2005 5254 2242 5313 Proinde
2268 5259 2418 5312 illum
2448 5258 2554 5312 ista
2584 5259 2894 5313 molientem
2929 5270 2992 5310 ac
3021 5260 3362 5326 patrantem,

1777 5349 1953 5402 sancti
1985 5349 2332 5420 evangelista:
2347 5351 2717 5405 criminantur
2743 5366 2755 5400 :
2790 5362 3025 5418 quorum
3057 5360 3200 5401 unus
3224 5343 3358 5398 Mat-

1775 5441 1952 5496 tliaeus
1987 5442 2061 5495 ita
2105 5442 2180 5496 ait
2211 5461 2224 5495 :
2259 5461 2276 5492 ι
2309 5441 2464 5496 Tunc
2513 5441 2705 5497 abiens
2741 5456 2885 5496 unus
2932 5455 3000 5494 ex
3041 5435 3352 5500 duodecim,

1776 5535 1870 5604 qui
1907 5535 2194 5590 dicebatur
2225 5534 2396 5590 Judas
2438 5535 2726 5589 lscariotes
2755 5533 2822 5586 ad
2865 5531 3139 5602 principes
3168 5543 3353 5584 sacer-

1776 5626 1990 5693 dotum,
2025 5627 2098 5682 ait
2130 5627 2272 5682 illis:
2307 5626 2449 5694 Quid
2475 5625 2646 5681 vultis
2669 5625 2800 5679 mihi
2831 5623 2982 5690 dare,
3013 5630 3066 5679 et
3097 5637 3196 5694 ego
3226 5635 3352 5674 eum

1779 5721 1934 5777 vobis
1961 5720 2216 5776 tradam?
2244 5721 2323 5776 illi
2375 5729 2558 5776 autem
2599 5719 3005 5776 constituerunt
3031 5716 3079 5771 ei
3126 5714 3381 5786 triginta.

1780 5822 2088 5884 argenteos.
2123 5813 2188 5868 Et
2216 5830 2283 5869 ex
2312 5814 2403 5868 illo
2467 5812 2742 5885 quaerebat
2776 5809 3262 5894 opportunitatem,
3291 5811 3375 5862 ut:

172 5980 215 6013 "
248 5983 425 6041 lCor.
456 5997 557 6055 xu,
587 5983 676 6052 26,
703 5985 797 6047 27.
874 5987 928 6066 ³³,
955 5986 1059 6045 lsa.
1098 6004 1216 6050 tan.
1254 5990 1378 6050 4-6..
1447 5992 1492 6025 ³³
1532 5991 1678 6052 Psal.

1790 6031 1809 6060 ,.
1838 5993 1888 6048 6.
1971 5993 2014 6027 ’κ
2051 5994 2179 6051 ibid.
2219 5995 2269 6066 7,
2305 5997 2355 6056 8.
