3928 6518
598 509 712 568 ἠτ

1274 513 1546 572 EUSEBII
1579 513 2062 574 CESARIENSIS
2097 514 2250 574 OPP.

2289 516 2474 575 PARS
2508 517 2575 575 ll.
2613 547 2684 562 —-
2719 517 3218 576 APOLOGETICA.
3727 523 3818 580 τεε

599 629 780 699 ipsum
819 628 901 684 eis
945 628 1186 684 traderet
1209 629 1274 683 ³⁸.
1328 653 1346 685 ι
1383 630 1597 690 Marcus
1643 640 1823 690 autem
1863 633 1946 690 sic
1990 649 2005 687 :
2051 651 2072 686 ι
2107 632 2148 688 Ε

2275 635 2575 690 κατελάλει.
2627 635 2995 708 Ὀμοθυμαδδν
3042 635 3349 709 ἐψιθύριζον
3387 638 3507 691 κατ’
3539 637 3672 708 ἐμοῦ
3699 641 3817 693 πάν-

595 721 770 779 Iudas
806 717 1098 778 lscariotes
1135 739 1278 780 unus
1306 741 1374 781 ex
1401 725 1711 792 duodecim,
1747 725 1892 782 abiit.
1915 725 1983 780 ad
2021 727 2172 797 prin-

597 813 752 882 cipes
775 811 1122 868 sacerdotum
1155 821 1216 870 ut
1256 831 1381 872 eum
1427 818 1536 874 illis
1574 817 1832 874 traderet.
1866 816 1946 872 Illi
1989 824 2170 873 autem

596 904 884 960 audientes
912 905 1084 976 gavisi
1121 915 1269 962 sunt.
1303 906 1368 962 Et
1402 911 1772 979 promiserunt
1798 924 1857 965 se
1885 916 2166 981 argentum

590 996 644 1051 el
673 995 899 1052 daturos
931 1013 942 1050 :
981 1005 1036 1054 et
1063 1001 1340 1070 quaerebat
1368 1003 1644 1072 quomodo
1675 1005 1826 1059 illum
1866 1015 2168 1074 Opportune

591 1087 912 1145 traderet”.
954 1109 973 1142 ι
1011 1087 1189 1146 Lucas
1221 1107 1348 1147 vero
1396 1093 1454 1148 in
1496 1094 1643 1148 hunc
1672 1095 1894 1150 modum
1931 1095 2163 1150 scribit:

594 1176 880 1233 «intravit
923 1187 1105 1236 autem
1161 1181 1396 1239 Satanas
1445 1188 1500 1238 in
1549 1183 1746 1239 Iudam
1799 1185 1893 1256 qui
1940 1193 2168 1240 vocatur

589 1267 906 1336 lscariotes,
943 1288 1114 1327 unum
1145 1274 1212 1330 de
1251 1275 1563 1331 duodecim.
1603 1276 1668 1330 Et
1697 1277 1832 1331 abiit
1863 1285 1915 1333 et
1948 1279 2164 1333 locutus

586 1371 672 1418 est
693 1379 816 1419 cum
849 1367 1194 1437 principibus
1224 1371 1571 1426 sacerdotum
1605 1378 1659 1426 et
1706 1372 1902 1426 scribis
1931 1379 1986 1426 et
2009 1373 2165 1427 duci-

585 1453 691 1509 bus
725 1457 934 1527 templi,
967 1466 1027 1512 ut
1074 1474 1198 1514 eum
1233 1461 1344 1518 illis
1387 1462 1650 1516 traderet.
1685 1461 1750 1516 Et
1795 1463 1968 1533 gavisi
2011 1471 2160 1528 sunt,

585 1554 640 1600 et
678 1548 819 1616 pacti
859 1559 989 1604 sunt
1020 1559 1308 1621 argentum
1349 1554 1426 1608 illi
1456 1553 1627 1610 dare:
1658 1562 1714 1610 et
1754 1555 2033 1625 quaerebat
2065 1570 2164 1624 op-

583 1640 998 1706 portunitatem,
1025 1653 1082 1697 ut
1113 1645 1352 1700 traderet
1387 1647 1538 1701 illum
1571 1651 1690 1703 sine
1718 1648 1895 1702 turbis
1913 1649 1979 1703 ⁸⁷.
2015 1667 2032 1700 ι
2058 1646 2162 1700 Ea-

583 1729 707 1783 dem
741 1731 907 1798 igitur
937 1733 1081 1797 haec,
1115 1736 1432 1790 vaticinium
1467 1739 1614 1807 quod
1644 1753 1792 1792 nunc
1819 1740 1874 1793 in
1906 1739 2160 1793 manibus

581 1829 687 1886 est,
712 1837 937 1889 canens,
957 1826 1029 1879 ita
1054 1827 1160 1880 ait:
1182 1828 1696 1900 «Etingrediebatur
1713 1840 1770 1886 ut
1789 1831 2158 1896 videret,vana

581 1914 911 1985 loquebatur
943 1933 1039 1972 eor
1077 1920 1219 1989 ejus,
1249 1926 1601 1995 congregavit
1641 1924 1986 1994 iniquitatem
2031 1925 2154 1980 sibi.

577 2006 746 2080 ‘69
762 2008 1152 2080 Egrediebatur
1164 2013 1332 2078 foras,
1360 2024 1414 2071 et
1432 2017 1755 2086 loquebatur
1781 2019 1837 2072 in
1857 2015 2116 2086 idipsum.
2131 2035 2150 2068 ι

577 2099 783 2155 Contra
815 2119 900 2157 me
945 2107 1312 2161 susurrabant
1349 2122 1540 2164 omnes
1578 2109 1786 2164 inimici
1836 2110 1963 2164 mei.
2000 2107 2158 2180 Sym-

577 2194 809 2250 machus
839 2205 1019 2252 autem
1055 2215 1069 2251 :
1108 2219 1125 2250 ι
1159 2198 1494 2270 Ingrediens,
1525 2200 1728 2272 inquit,
1751 2208 1810 2254 ut
1835 2202 2153 2272 inspiceret,

575 2301 718 2340 vana
749 2286 1080 2358 loquebatur
1107 2304 1205 2344 cor
1233 2291 1376 2360 ejus,
1415 2293 1784 2362 congregabat
1825 2292 2154 2362 injustitiam

576 2379 704 2435 sibi.
761 2380 1062 2452 Egrediens
1115 2393 1297 2439 autem
1357 2385 1507 2442 foras
1553 2386 1972 2458 obloquebatur.
2035 2385 2156 2442 Uno

576 2473 760 2527 animo
802 2477 1171 2531 susurrabant
1225 2487 1418 2532 contra
1468 2494 1554 2534 me
1581 2495 1777 2535 omnes
1799 2480 1893 2550 qui
1921 2481 2155 2536 oderunt

573 2581 680 2621 me.
721 2585 740 2618 ι
794 2564 957 2624 Solus
986 2569 1153 2640 igitur
1185 2577 1447 2640 tanquam
1492 2571 1778 2628 familiaris
1807 2582 1862 2628 et
1911 2573 2154 2645 discipu-

572 2656 660 2710 lus
690 2656 996 2728 ingressus,
1028 2661 1512 2731 circumspiciebat
1539 2671 1593 2716 et
1631 2664 1950 2734 explorabat
1979 2666 2150 2731 intus,

574 2748 808 2804 insidias
861 2751 916 2804 in
961 2752 1128 2807 corde
1174 2769 1275 2808 suo
1312 2754 1616 2809 occultans.
1645 2753 1915 2825 Egressus
1945 2763 2149 2824 autem,

571 2852 696 2891 cum
729 2837 982 2907 pluribus
1009 2855 1120 2894 uno
1145 2843 1330 2895 animo
1359 2854 1412 2897 et
1433 2843 1488 2896 in
1524 2842 1667 2897 idem
1689 2844 2150 2914 obloquebantur,

570 2929 700 2982 dum
728 2926 1068 2985 Salvatorem
1117 2933 1357 2987 inimicis
1392 2933 1666 2998 tradebat,
1697 2943 1753 2990 et
1790 2935 2024 2992 latenter
2054 2952 2150 3008 pa-

568 3021 884 3076 ciscebatur
911 3039 1035 3076 cum
1070 3025 1410 3095 principibus
1431 3024 1745 3080 Judzeorum
1776 3041 1902 3082 cum
1933 3029 2001 3082 de
2027 3029 2149 3085 aliis

568 3112 757 3176 rebus,
784 3120 899 3168 tum
932 3131 1062 3169 vero
1101 3116 1263 3170 etiam
1306 3115 1374 3172 de
1417 3117 1648 3188 pecunia
1678 3133 1786 3190 qua
1817 3135 1876 3175 se
1910 3119 2147 3175 traditu-

567 3221 693 3260 rum
725 3205 876 3261 illum
923 3208 1291 3278 promittebat,
1327 3217 1381 3264 et
1430 3210 1497 3266 de
1533 3225 1638 3282 qua
1691 3226 1801 3266 una
1829 3227 1954 3266 cum
2009 3211 2145 3284 ipsis

566 3293 678 3351 illis
703 3297 1046 3352 susurrabat.
1066 3298 1141 3352 Ex
1168 3313 1276 3370 quo
1303 3301 1404 3355 ait:
1431 3320 1449 3351 ι
1474 3299 1869 3372 Egrediebatur
1897 3302 2068 3371 foras,
2093 3313 2146 3361 et
2172 3331 2214 3388 ρ

569 3391 897 3460 loquebatur
926 3391 980 3445 in
1035 3392 1294 3462 idipsum.
1348 3392 1629 3451 Adversus
1660 3411 1748 3450 me
1782 3397 2146 3452 susurrabant

565 3498 760 3538 omnes
795 3483 1001 3538 inimici
1030 3485 1158 3538 mei.
1190 3484 1497 3541 Adversum
1526 3502 1613 3542 me
1652 3487 1968 3558 cogitabant
2002 3489 2144 3543 mala

564 3576 721 3631 mihi.
767 3574 1006 3631 Verbum
1069 3577 1316 3647 iniquum
1389 3579 1797 3636 constituerunt
1852 3574 2143 3638 adversum

564 3668 744 3723 tne".
789 3685 808 3720 ι
841 3667 1071 3724 Videtur
1129 3677 1312 3726 autem
1370 3672 1679 3742 pactionem
1739 3671 1807 3728 de
1848 3675 2139 3744 argenteis,

564 3760 795 3813 verbum
825 3759 1099 3831 iniquum,
1123 3762 1444 3832 prophetice
1489 3765 1777 3820 nominare
1809 3783 1824 3819 :
1860 3773 1955 3820 aut
1977 3766 2142 3825 etiam

567 3852 640 3906 ita
673 3851 829 3914 dicit.
861 3864 1149 3923 propterea
1183 3855 1329 3925 quod
1361 3855 1569 3911 nefaria
1597 3864 1651 3912 et
1672 3857 1858 3928 iniqua
1881 3858 2144 3915 adversus

567 3943 720 3997 illum
763 3944 1100 4014 cogitabant,
1127 3953 1312 4015 utpote
1361 3947 1456 4016 qui
1496 3947 1651 4001 illum
1683 3949 2142 4020 exstinguendum

563 4044 620 4090 et
657 4043 778 4102 post
810 4051 1000 4090 necem
1044 4036 1396 4102 abolendum,
1431 4054 1608 4108 neque
1638 4039 1872 4110 amplius
1897 4041 2037 4097 inter
2062 4041 2140 4096 vi-

562 4139 664 4178 vos
700 4125 1088 4195 requirendum
1136 4128 1559 4184 arbitrarentur.
1593 4126 1724 4184 Tale
1761 4137 1846 4184 est
1895 4131 2039 4189 enim
2073 4131 2140 4184 il-

561 4213 657 4270 lud
696 4236 708 4272 :
746 4236 766 4270 ι
801 4217 1059 4289 Nunquid
1089 4221 1182 4291 qui
1210 4221 1434 4289 dormit,
1466 4239 1574 4277 non
1621 4222 1840 4292 adjiciet
1869 4231 1927 4276 ut
1958 4239 2142 4278 resur-

560 4317 656 4382 gat
693 4311 776 4365 θοι
808 4329 828 4364 ›
878 4313 1025 4382 quod
1073 4313 1309 4369 lucidius
1359 4316 1586 4386 protulit
1647 4315 2010 4388 Symmachus
2057 4317 2143 4374 his

558 4402 792 4459 verbis:
849 4422 868 4456 ι
920 4402 985 4457 Et
1030 4405 1122 4474 qui
1173 4405 1376 4459 cecidit
1433 4393 1543 4460 non
1600 4405 1743 4460 ultra
1806 4418 2074 4479 resurget.
2116 4429 2136 4461 ι

558 4492 757 4564 Aquila
790 4510 936 4559 vero,
1001 4516 1017 4546 ι
1056 4495 1257 4567 thui,
1291 4497 1490 4568 inquit,
1525 4497 1831 4563 dormierit,
1866 4514 1971 4554 non
2004 4499 2143 4570 adji-

559 4585 670 4639 ciet
701 4591 759 4638 ut
790 4596 1043 4657 resurgat
1069 4587 1155 4642 ιθε
1202 4608 1219 4639 ι
1251 4597 1305 4644 et
1335 4590 1450 4645 haec
1492 4590 1714 4661 quidem
1764 4590 1944 4646 adhuc
1991 4607 2143 4648 com-

2271 745 2363 792 τες
2393 729 2442 782 oi
2474 727 2754 800 μισοῦντές
2789 746 2877 800 με.
2917 747 2936 780 ι
2974 728 3148 792 Μόνος
3191 728 3286 800 μὲν
3317 723 3408 782 οὖν
3438 728 3516 792 ὡς
3549 726 3616 782 ἂν
3641 727 3817 799 γνώρι-

2275 837 2376 891 μος
2394 821 2487 873 καὶ
2512 819 2759 892 μαθητὴς
2774 821 2922 892 παρά
2941 821 3256 874 διδάσκαλον
3270 819 3474 883 εἰσιὼν,
3490 820 3815 891 περιεσκόπει

2271 915 2364 967 καὶ
2415 913 2840 985 κατεμάνθανεν,
2904 913 3048 967 ἔνδον
3094 914 3188 967 ἐπὶ
3233 914 3333 984 τῆς
3371 912 3567 966 ἑαυτοῦ
3615 913 3816 983 καρδίας

2269 1007 2525 1079 κρύπτων
2580 1006 2678 1078 τὴν
2735 1006 3042 1079 ἐπιϐουλήν.
3075 1006 3260 1072 Ἐξιὼν
3290 1007 3346 1060 δὲ
3368 1047 3382 1070 ,
3420 1006 3561 1077 μετά
3583 1007 3816 1060 πλειόνων

2267 1098 2607 1170 ὁμοθυμαδὸν
2637 1101 2727 1152 καὶ
2763 1099 2933 1152 ante;
2971 1100 3099 1152 αὐτὸ
3135 1097 3438 1161 κατελὰλει,
3480 1099 3596 1162 τοῖς
3628 1097 3816 1168 ἐχθροῖς

2266 1192 2549 1264 προδιδοὺς
2604 1193 2696 1245 τὸν
2747 1192 2992 1263 Σωτῆρα,
3034 1194 3126 1244 καὶ
3158 1191 3582 1262 συνταττόμενος
3603 1193 3707 1252 τοῖς
3722 1189 3814 1242 τῶν

2279 1285 2546 1340 Ἰουδαίων
2591 1285 2814 1355 ἄρχουσι
2841 1283 3138 1354 λεληθότως
3183 1282 3309 1354 περὶ
3357 1282 3580 1353 ἐτέρων,
3620 1281 3678 1333 ού
3725 1279 3813 1351 μὴν

2266 1376 2402 1431 ἀλλὰ
2441 1378 2534 1430 καὶ
2585 1377 2710 1446 ’περὶ⁹
2755 1375 2862 1428 τῶν
2907 1376 3224 1446 χρημάτων,
3260 1375 3344 1443 ἐφ’
3378 1368 3460 1436 οἷς
3491 1371 3812 1444 παραδώσειν

2265 1467 2426 1520 αὑτὸν
2458 1467 2786 1537 ὑπισχνεῖτο,
2831 1468 2958 1538 περὶ
2998 1461 3071 1519 ὧν
3113 1470 3230 1537 μετ’
3264 1465 3440 1519 αὐτῶν
3475 1466 3696 1519 ἐκείνων
3714 1465 3810 1532 ἐψι-

2265 1556 2467 1629 θύριζε.
2503 1557 2592 1610 Διό
2635 1574 2830 1628 φησιν’
2873 1576 2890 1607 ι
2947 1556 3329 1629 Ἐξεπορεύετο
3377 1555 3502 1622 ἔξω,
3535 1559 3632 1610 καὶ
3659 1556 3809 1608 ἐλάλει

2264 1647 2356 1698 ἐπὶ
2383 1645 2442 1697 τὸ
2479 1646 2628 1698 αύτὸ.
2666 1647 2798 1698 Κατ’
2827 1646 2959 1716 ἐμοῦ
3001 1646 3310 1718 ἐψιθύριζον
3343 1647 3544 1709 πάντες
3571 1650 3620 1699 oi
3652 1646 3808 1717 ἐχθροί

2265 1754 2386 1807 μου,
2410 1739 2528 1791 κατ’
2554 1737 2687 1808 ἐμοῦ
2746 1737 3044 1806 ἐλογίζοντο
3080 1740 3224 1792 κακά
3255 1755 3363 1808 μοι.
3396 1740 3568 1807 Λόγον
3604 1740 3808 1811 παράνο-

2265 1845 2362 1896 μον
2403 1828 2689 1881 κατέθεντο
2728 1830 2846 1881 κατ’
2876 1827 3033 1898 ἐμοῦ.
3080 1849 3096 1878 ι
3143 1829 3322 1880 Ἐοικε
3351 1827 3406 1880 δέ
3438 1827 3538 1899 τὴν
3562 1829 3806 1898 συνταγὴν

2261 1919 2356 1989 τὴν
2416 1919 2542 1990 περὶ
2593 1919 2700 1972 τῶν
2751 1920 3024 1991 ἀργυρίων
3073 1919 3228 1987 λόγον
3265 1920 3580 1990 παράνομον
3615 1920 3697 1973 διά
3723 1922 3803 1990 τῆς

2262 2008 2596 2079 προφητείας
2615 2008 2899 2079 ὀνομάζειν
2919 2026 2930 2038 ·
2953 2009 2986 2080 ἢ
3009 2010 3100 2062 καὶ
3123 2010 3202 2060 ὃτι
3237 2009 3402 2079 ἀσεϐῆ
3427 2011 3518 2062 καὶ
3539 2012 3802 2080 παράνομα

2260 2103 2379 2155 κατ’
2440 2100 2603 2156 αὐτοῦ
2641 2103 2958 2165 διενοοῦντο,
2999 2103 3073 2168 ὡς
3114 2103 3180 2157 ἂν
3242 2104 3676 2176 σϐεσθησομένου
3726 2106 3801 2157 καὶ

2257 2192 2758 2263 διαφθαρησομένου
2792 2194 2929 2264 μετά
2961 2195 3052 2248 τὸν
3087 2196 3334 2259 θάνατον,
3357 2197 3450 2249 καὶ
3482 2197 3677 2268 μηκέτι
3713 2197 3799 2261 ζῶ-

2259 2302 2345 2338 σιν
2390 2285 2904 2358 ἐξετασθησομένου.
2947 2287 3200 2341 Τοιοῦτον
3254 2289 3363 2361 γάρ
3401 2290 3520 2342 ἐστι
3562 2290 3639 2352 τὸ,
3670 2311 3685 2340 ι
3728 2291 3798 2360 Μὴ

2255 2379 2284 2430 6
2314 2376 2650 2447 κοιμώμενος
2677 2378 2797 2448 οὐχὶ
2831 2379 3124 2450 προσθήσει
3152 2379 3244 2433 τοῦ
3267 2381 3561 2450 ἀναστῆναι
3587 2399 3601 2445 ς
3637 2402 3653 2432 ι
3688 2384 3799 2452 ὅπερ

2255 2469 2573 2541 λευκότερον
2615 2472 2644 2524 6
2686 2470 2980 2542 Σύμμαχος
3009 2471 3266 2542 ἐξέφηνεν
3295 2471 3463 2526 εἰπών
3487 2490 3500 2502 ·
3544 2493 3562 2524 ι
3603 2475 3702 2527 Καὶ
3730 2490 3798 2525 πε-

2258 2561 2365 2614 σὼν
2387 2562 2562 2615 οὐκέτ’
2594 2564 2957 2635 ἀναστήσεται
2978 2581 3022 2626 ;ι
3055 2565 3083 2616 6
3109 2563 3165 2616 δὲ
3203 2565 3431 2630 Ἀκύλας
3460 2568 3641 2635 φησὶν,
3679 2565 3793 2617 «Καὶ

2254 2653 2313 2716 ὃς
2339 2653 2406 2707 ἂν
2432 2654 2691 2727 κοιμηθῇ,
2724 2655 2785 2709 οὐ
2827 2655 3124 2728 προσθήσει
3159 2657 3253 2710 τοῦ
3301 2657 3626 2727 ἀναστῆναις
3666 2676 3683 2707 ι
3707 2657 3794 2710 Καὶ

2253 2744 2427 2798 ταῦτα
2458 2745 2538 2799 ἐτι
2573 2746 2767 2810 κοινῶς
2795 2746 2921 2818 περὶ
2952 2747 3167 2800 πάντων
3199 2746 3413 2819 εἴρηται
3440 2749 3549 2800 τῶν
3569 2748 3697 2801 κατά
3722 2745 3792 2798 τὸν

2254 2837 2442 2908 καιρὸν
2503 2836 2599 2891 τοῦ
2649 2838 2852 2902 πάθους
2892 2838 3418 2893 ἐπιϐεϐουλευκότων
3460 2841 3636 2910 αὐτῷ·
3672 2840 3792 2901 ίδίως

2250 2927 2309 2981 δὲ
2365 2927 2527 2981 πάλιν
2567 2928 2695 3000 περὶ
2727 2929 2820 2982 τοῦ
2871 2929 3148 3000 προδότου,
3173 2930 3248 2993 ὡς
3290 2931 3357 2985 ἂν
3390 2931 3517 3002 περὶ
3551 2929 3789 3001 μαθητευ-

2250 3019 2434 3082 θέντος
2465 3020 2633 3091 αὐτῷ,
2671 3020 2793 3092 ἐξῆς
2838 3021 3087 3093 ἐπιφέρει
3111 3023 3310 3091 λέγων’
3350 3042 3367 3074 ι
3405 3024 3515 3076 Καὶ
3537 3024 3638 3096 γὰρ
3669 3026 3695 3077 6
3719 3024 3790 3076 ᾶνο

2249 3109 2466 3182 θρωπος
2521 3113 2622 3184 τῆς
2679 3114 2902 3185 εἰρήνης
2940 3133 3062 3185 μου,
3099 3114 3184 3182 ἐφ’
3211 3114 3269 3167 ὃν
3303 3114 3525 3186 ἤλπισα,
3570 3117 3597 3166 6
3626 3114 3790 3167 ἐσθίων

2248 3203 2446 3274 ἄρτους
2479 3222 2603 3276 μου,
2637 3206 2970 3278 ἐμεγάλυνεν
3012 3206 3100 3259 ἐπ’
3133 3205 3232 3276 ἐμὲ
3266 3207 3590 3278 πτερνισμὸν
3611 3223 3624 3233 ο
3652 3226 3667 3256 ›
3695 3206 3787 3257 ἐνθ’

2248 3291 2308 3349 οὗ
2343 3298 2502 3351 πάλιν
2535 3300 2563 3350 6
2593 3298 2906 3371 Σύμμαχος,
2936 3318 2955 3350 ι
2980 3299 3089 3353 Καὶ
3112 3297 3415 3372 ἄνθρωπος,
3443 3319 3460 3349 ι
3485 3301 3660 3369 φησιν,
3697 3319 3712 3347 ι
3741 3299 3788 3357 ὃς

2248 3388 2496 3460 είρήνευέ
2551 3407 2661 3460 μοι,
2811 3390 3140 3454 ἐπεποίθειν,
3204 3390 3495 3445 συνεσθίων
3540 3410 3624 3462 μοι
3653 3395 3788 3460 ἄρτον

2246 3478 2397 3548 ἐμὸν,
2431 3479 2885 3552 κατεμεγαλύνθη
2923 3497 3044 3552 μου.
3089 3500 3107 3532 ι
3162 3483 3444 3553 Χείριστος
3466 3482 3574 3553 γὰρ
3605 3481 3788 3551 ἀληθῶς

2244 3572 2497 3624 ἀπάντων
2543 3572 2636 3626 καὶ
2694 3574 3088 3643 ἐναργέστατος
3117 3576 3146 3627 6
3175 3573 3313 3644 μετὰ
3333 3574 3514 3645 κοινὴν
3546 3572 3788 3645 τράπεζαν

2244 3663 2339 3718 καί
2365 3663 2463 3735 τὴν
2499 3664 2556 3716 ἐν
2615 3663 2791 3734 λόγοις
2830 3664 2924 3718 τοῦ
2980 3665 3300 3720 διδασκάλου
3353 3666 3560 3736 τροφὴν
3615 3666 3695 3717 ἐπὶ
3734 3665 3786 3716 τὰ

2244 3755 2410 3826 χείρω
2465 3754 2736 3826 τραπεὶς,
2787 3755 2880 3808 καὶ
2935 3759 3048 3820 τοῖς
3099 3756 3361 3820 ἐναντίοις
3394 3755 3486 3808 τὸν
3529 3757 3787 3825 εὐεργέτην

2243 3847 2734 3920 ἀνταμειψάμενος.
2779 3848 2919 3902 Ἀλλ’
2951 3848 3245 3921 ἐπειδήπερ
3285 3847 3708 3909 ἐπιϐουλεύοντες
3747 3846 3785 3897 oi

2243 3937 2430 4011 ἐχθροὶ
2454 3941 2638 4009 ἔλεγον
2663 3957 2676 3972 ·
2709 3960 2726 3993 ι
2754 3941 2893 3994 Πότε
2920 3940 3294 4002 ἀποθανεῖται,
3335 3941 3426 3995 καὶ
3448 3941 3714 3993 ἀπολεῖται
3739 3937 3786 3988 τὸ

2241 4030 2413 4102 ὄνομα
2437 4032 2601 4086 αὑτοῦ
2626 4050 2673 4099 ;»
2715 4033 2882 4104 ᾧοντό
2912 4051 2969 4087 τε
2996 4032 3325 4105 κοιμηθέντα
3350 4033 3543 4104 μηκέτ’
3578 4032 3783 4098 ἀναστή-

2245 4126 2456 4192 σεσθαι,
2501 4125 2694 4179 τούτου
2756 4127 2916 4198 χάριν
2953 4123 3129 4189 ἀὐτὸς
3169 4127 3198 4177 6
3243 4124 3428 4195 Σωτὴρ
3473 4125 3568 4178 καὶ
3615 4123 3784 4194 Κύριος

2242 4217 2400 4288 ἡμῶν
2431 4219 2689 4271 τάναντία
2736 4216 2946 4281 τούτοις
2994 4217 3306 4287 εὐχόμενος.
3343 4217 3552 4287 καὶτῆς
3581 4214 3784 4270 ἀναστιὶο

2244 4327 2380 4374 σεως
2436 4310 2728 4374 ἀκωλύτως
2791 4313 2974 4381 τυχεῖν
3031 4309 3198 4374 ἀξιῶν
3235 4309 3324 4362 τὸν
3365 4309 3606 4381 Πατέρα,
3646 4307 3779 4378 φησι·

2249 4422 2266 4454 ι
2298 4405 2370 4476 Συ
2402 4405 2478 4467 δέ,
2514 4403 2706 4476 Κύριε,
2740 4403 2959 4471 ἐλέησόν
2990 4420 3076 4473 με,
3125 4403 3220 4455 καὶ
3271 4402 3568 4470 ἀνάστησόν
3600 4418 3680 4471 με,
3707 4399 3782 4452 καὶ

2241 4495 2606 4550 ἀνταποδώσω
2630 4496 2831 4558 αὐτοῖς.
2874 4495 2962 4547 Ἐν
2992 4495 3164 4564 τούτῳ
3189 4494 3376 4562 ἔγνων,
3407 4493 3487 4546 ὅτι
3521 4489 3782 4559 τεθέληκάς

2245 4605 2334 4658 με,
2365 4588 2531 4641 ὅτιού
2569 4587 2643 4659 μὴ
2680 4589 2914 4658 ἐπιχαρῇ
2947 4589 2975 4639 6
3021 4585 3212 4656 ἐχθρός
3237 4601 3340 4655 μου
3378 4585 3463 4636 ἐπ’
3498 4585 3637 4655 ἐμοί.
3662 4581 3782 4634 »Καὶ

561 4677 804 4731 muniter
843 4676 912 4732 de
963 4679 1240 4735 universis
1297 4682 1441 4737 dicta
1475 4691 1626 4745 sunt,
1680 4683 1775 4752 qui
1825 4685 1929 4739 sub
1961 4684 2136 4755 ipsum

2253 4678 2509 4750 πρόδηλόν
2547 4695 2610 4747 γε
2647 4678 2769 4731 τίνα
2816 4678 3015 4748 τρόπον
3045 4677 3182 4748 μετὰ
3212 4677 3310 4748 τὴν
3342 4679 3405 4730 ἐκ
3434 4677 3638 4748 νεκρῶν
3677 4673 3783 4728 avi-

559 4769 840 4839 passionis
882 4778 1100 4841 tempus
1129 4772 1359 4830 insidias
1391 4775 1468 4828 illi
1504 4773 1770 4830 fecerunt.
1801 4775 2137 4834 Atseorsum

560 4861 629 4916 de
651 4861 950 4931 proditore,
1006 4873 1264 4934 tanquam
1295 4865 1361 4920 de
1393 4882 1458 4922 eo
1479 4882 1638 4936 quem
1665 4867 1779 4938 ipse
1805 4879 1863 4923 ut
1897 4870 2138 4939 discipu-

559 4955 672 5008 lum
707 4955 1057 5021 instituisset,
1095 4957 1353 5028 deinceps
1407 4957 1676 5029 adjungit,
1705 4959 1893 5016 dicens
1930 4977 1942 5013 :
1989 4981 2007 5014 ι
2047 4961 2138 5016 Et-

558 5048 706 5103 enim
733 5047 896 5103 homo
933 5051 1083 5120 pacis
1118 5065 1271 5113 mete,
1305 5051 1361 5104 in
1414 5067 1524 5121 quo
1554 5052 1789 5121 speravi,
1821 5053 1911 5122 qui
1943 5054 2138 5108 edebat

557 5155 728 5210 panes
762 5156 937 5208 meos,
967 5141 1336 5213 magniﬁcavit
1382 5159 1548 5213 super
1591 5158 1678 5198 me
1731 5145 2132 5215 supplantatio-

562 5250 685 5290 nem
721 5235 786 5291 “.
820 5256 838 5289 ι
873 5235 980 5292 Pro
1013 5253 1122 5308 quo
1154 5254 1370 5292 rursum
1396 5236 1755 5310 Symmachus
1791 5259 1803 5294 :
1831 5239 1927 5294 «Et
1947 5240 2132 5304 homo.

559 5323 758 5394 inquit,
782 5328 874 5396 qui
911 5344 1096 5398 pacem
1126 5329 1357 5385 habebat
1385 5346 1619 5395 mecum,
1653 5332 1744 5386 cui
1771 5331 2134 5396 conﬁdebam,

556 5415 852 5473 comedens
898 5433 1111 5475 mecum
1143 5435 1336 5490 panem
1387 5437 1592 5489 meum,
1626 5422 2006 5492 magniﬁcatus
2051 5431 2140 5478 est

557 5517 748 5560 contra
809 5525 916 5564 me.
954 5529 972 5562 ›
1041 5509 1322 5568 Pessimus
1364 5514 1510 5568 enim
1566 5529 1757 5569 revera
1805 5513 2050 5568 omnium
2083 5523 2138 5570 et

557 5597 1042 5667 sceleratissimus,
1072 5603 1166 5673 qui
1197 5613 1321 5674 post
1379 5620 1726 5661 communem
1781 5621 2047 5670 mensam,
2083 5616 2135 5662 et

555 5697 680 5758 post
729 5691 837 5748 cibi
887 5694 1029 5751 inter
1062 5697 1228 5753 verba
1267 5699 1619 5768 praeceptoris
1674 5699 2128 5767 assumptionem,

628 5868 677 5944 ’ξ
704 5867 905 5944 Matth.
944 5888 1100 5936 xxvi,
1144 5873 1223 5928 li.
1305 5875 1348 5905 ³⁸
1389 5871 1555 5930 Marc.
1595 5891 1704 5943 ιμ’,
1746 5876 1829 5944 i0,
1867 5878 1952 5934 Η.

557 5937 603 5970 ⁸³
641 5939 776 5997 ibid.
819 5942 898 5995 10.

2030 5880 2072 5933 ’.⁷
2113 5876 2247 5935 Luc.
2288 5894 2428 5943 xxii,
2461 5878 2513 5945 '5,
2537 5878 2588 5933 6.

2240 4786 2424 4822 στασιν
2448 4769 2633 4834 αὐτοῦ,
2664 4769 3002 4840 παραχρῆμα
3054 4769 3149 4821 καὶ
3179 4771 3279 4822 οὐκ
3311 4771 3390 4832 εἰς
3425 4769 3638 4842 μακρὰν
3677 4781 3782 4837 μετ-

2243 4863 2374 4933 ῆλθε
2425 4866 2550 4926 τοὺς
2600 4861 3122 4925 ἐπιϐεϐουλευκότας
3169 4861 3382 4933 αύτῷή
3434 4860 3778 4920 ἀνταπόδοσις.

2237 4957 2384 5019 ὅπως
2416 4973 2475 5009 τε
2503 4957 2532 5009 6
2563 4955 2753 5026 ἐχθρὸς
2780 4953 2969 5019 αὑτοῦ,
3002 4953 3148 5024 ζωῆς
3182 4954 3555 5024 τυγχάνοντος,
3586 4953 3781 5010 θάνατος

2238 5047 2604 5122 κατῃσχύνθη,
2627 5047 2768 5100 ὥστε
2791 5049 2914 5111 τοὺς
2943 5047 3365 5112 ἐπονειδίζοντας
3402 5049 3575 5101 εἰπεῖν
3593 5063 3605 5076 ·
3641 5064 3656 5095 ι
3693 5040 3778 5094 Ποῦ

2242 5159 2356 5205 σου,
2381 5141 2598 5203 θάνατεζ
2625 5140 2686 5194 τὸ
2705 5140 2960 5211 κέντρον;
2989 5139 3090 5193 ποῦ
3123 5157 3236 5204 σου,
3265 5139 3483 5202 θάνατε,
3513 5139 3572 5192 τὸ
3596 5141 3776 5198 νῖκοςμ

2253 5232 2520 5305 Ἐντυχὼν
2552 5232 2609 5286 δέ
2636 5251 2719 5296 τις
2747 5236 2866 5298 ταῖς
2893 5234 3030 5304 μετά
3060 5233 3154 5305 τὴν
3187 5233 3480 5287 ἀνάστασιν
3514 5231 3604 5285 τοῦ
3627 5228 3779 5297 Σωτῆο

2245 5345 2333 5395 ρος
2358 5327 2516 5398 ἡμῶν
2553 5328 2812 5398 ἱστορίαις
2840 5327 2915 5398 τῷ
2962 5328 3206 5398 Ἰωσήπῳ
3233 5326 3577 5398 γραφείσαις,
3611 5322 3780 5376 εἴσεται

2242 5423 2341 5485 τὰς
2373 5422 2734 5492 μετελθούσας
2767 5421 2826 5474 τὸ
2859 5420 3125 5474 Ἰουδαίων
3167 5419 3316 5482 ἔθνος
3349 5422 3442 5472 καὶ
3481 5420 3604 5481 τοὺς
3622 5417 3781 5484 ἀρχονο

2242 5530 2340 5576 τας
2374 5511 2550 5565 αὐτῶν
2586 5511 2887 5582 συμφορὰς,
2932 5507 3019 5575 αἷς
3058 5512 3283 5574 εἰκότως
3341 5508 3777 5580 περιπεπτώκασῑν

2240 5607 2307 5658 τὰ
2332 5606 2584 5676 ἐπίχειρα
2605 5598 2679 5657 ὧν
2719 5606 2797 5667 είς
2853 5604 3014 5658 αὐτὸν
3060 5603 3291 5677 ἔδρασαν
3321 5602 3774 5674 ἀπολαμϐάνοντεςο

2241 5699 2347 5752 Καὶ
2372 5698 2540 5750 ταῦτα
2577 5697 2676 5768 μὲν
2704 5699 2783 5759 εἰς
2819 5697 3059 5760 ἐκείνους
3102 5695 3402 5768 ἐπληροῦτο
3433 5699 3623 5758 πάντα,
3665 5685 3777 5744 κατὰ

2699 5879 2739 5910 ³⁸³
2780 5875 2922 5934 Psal.
2961 5892 3050 5946 λι,
3089 5877 3137 5944 7,
3165 5877 3215 5932 8.
3261 5878 3302 5908 ³³
3344 5877 3475 5933 ibid.
3509 5878 3559 5931 9.
3593 5876 3633 5906 “
3667 5865 3770 5927 ibid-
