3928 6512
185 484 269 539 πθ

1096 451 1754 532 οειιοΝετιιΑτιοΝιε
1792 474 2254 533 annosum
2295 474 2425 531 us.
2464 475 2530 529 χ.

3312 468 3416 526 738

185 604 263 672 τὴν
293 596 595 668 πρόρρησιν
617 612 632 625 ·
692 593 787 648 τοῦ
820 593 876 646 δὲ
913 593 1163 666 Σωτῆρος
1191 593 1348 666 ἡμῶν
1373 596 1407 666 ἡ
1437 596 1502 648 ἐκ
1534 593 1744 667 νεκρῶν

1877 611 1905 651 e
1931 594 1999 650 ad
2024 595 2294 650 deteriora
2321 591 2615 658 convertit,
2637 598 2691 646 et
2720 587 3018 644 contrariis
3046 585 3210 640 rebus
3230 601 3355 640 eum
3385 600 3422 642 ιι

185 693 454 750 ἀνάστασις
511 685 734 750 διέδειξε
789 689 903 749 τοῖς
930 687 1116 751 πᾶσιν,
1149 687 1297 751 ὅπως
1325 688 1382 739 ἐν
1415 686 1566 758 αὐτῷ
1597 687 1745 740 εὑδό-

1884 687 2294 759 uojuvabatur,
2335 693 2391 742 et
2416 683 2685 741 beneficia
2713 679 2989 751 capiebat,
3022 677 3420 734 remuneravit.

185 801 332 856 κησεν
379 783 410 835 ό
459 781 687 851 Πατὴρ,
750 779 808 842 ὃς
868 779 964 833 καὶ
1027 779 1190 843 αὐτὸς
1237 778 1480 833 διδάσκει
1531 777 1742 848 λέγων·

188 901 202 930 ι
243 873 484 946 Ἐλέησόν
519 890 609 945 με,
645 873 739 925 καὶ
782 871 1090 943 ἀνάστησόν
1128 889 1215 945 με,
1251 872 1348 926 καὶ
1382 871 1747 926 ἀνταποδώσω

183 972 367 1030 αὐτοῖς.
399 967 490 1020 Ἑν
527 965 704 1037 τούτῳ
748 963 940 1033 ἔγνων,
986 966 1070 1018 ὅτι
1118 965 1415 1037 τεθέληκάς
1449 983 1537 1036 με,
1571 966 1652 1019 ὅτι
1685 966 1746 1018 οὐ

186 1063 252 1134 μὴ
281 1062 507 1132 ἐπιχειρῇ
533 1061 560 1111 ό
585 1057 779 1129 ἐχθρός
814 1075 914 1130 μου
945 1059 1032 1111 ἐπ’
1062 1059 1204 1129 ἐμοί.
1246 1077 1265 1110 ο
1309 1057 1531 1122 Τούτοις
1571 1057 1750 1112 ἐπιλέ-

181 1171 294 1225 γει·
331 1173 348 1204 ι
387 1151 553 1224 Ἐμοῦ
608 1150 665 1204 δὲ
711 1149 802 1204 διά
827 1150 926 1221 τὴν
967 1152 1200 1205 ἀκακίαν
1238 1150 1556 1206 ἀντελάϐου.
1594 1169 1612 1202 ι
1639 1151 1750 1204 Καὶ

179 1250 323 1320 τήρει
345 1263 406 1314 γε
430 1244 554 1297 τίνα
585 1243 785 1316 τρόπον
817 1243 966 1314 αὐτῷ
991 1244 1070 1314 τῷ
1097 1242 1216 1314 Θεῷ
1243 1243 1339 1296 καὶ
1378 1243 1552 1313 Πατρ“ι
1583 1239 1748 1296 αὐτοῦ

179 1341 272 1412 τὴν
318 1336 478 1409 εὐχὴν
537 1335 914 1406 ἀναπέμπων,
973 1337 1066 1388 ἐπὶ
1130 1336 1368 1408 τοσαύτῃ
1437 1334 1747 1406 τεθάρῤηκε

183 1432 473 1505 παρρησία,
497 1429 575 1494 ῶς
602 1431 838 1485 ἀκακίαν
864 1429 1040 1500 ἐαυτῷ
1069 1432 1385 1502 μαρτυρεῖν,
1407 1429 1584 1482 καίτοι
1613 1430 1752 1480 ἀνω-

183 1523 315 1592 τέρω
337 1523 544 1592 φήσας·
585 1540 603 1572 ι
646 1522 827 1574 ’Ῑασαι
864 1521 962 1592 τὴν
1009 1519 1185 1591 ψυχήν
1219 1537 1341 1591 μου,
1376 1521 1460 1572 ὅτι
1501 1517 1751 1590 ἦμαρτόν

188 1631 281 1667 σοι.
315 1633 331 1663 ι
378 1611 540 1665 Ἀλλά
570 1613 632 1665 τὸ
669 1613 788 1684 μὲν,
822 1632 840 1662 ε
868 1611 1116 1683 ἥμαρτόν
1152 1628 1255 1674 σοι,
1303 1631 1320 1662 ι
1347 1611 1538 1674 όποίας
1572 1610 1752 1681 ἔχεται

181 1705 405 1768 διανοίας
462 1705 948 1777 προδιειλήφαμεν.
985 1705 1093 1757 Καὶ
1125 1707 1152 1756 ό
1181 1705 1472 1774 Σύμμαχος
1504 1702 1559 1755 δὲ
1591 1701 1755 1770 σαφέ-

187 1816 361 1872 στερον
391 1798 736 1871 παρέστησεν
777 1796 946 1850 εἰπών
966 1814 978 1826 ·
1008 1816 1026 1848 ι
1062 1798 1241 1850 Ἰασαι
1277 1796 1380 1867 τὴν
1417 1795 1596 1866 ψυχήν
1627 1811 1751 1865 μου,

185 1892 271 1944 καὶ
327 1892 376 1944 εἰ
422 1891 673 1962 ἥμαρτόν
733 1907 816 1943 σοι
838 1907 851 1920 ·
897 1909 914 1940 ο
948 1889 976 1942 ὃ
1004 1890 1098 1942 καὶ
1129 1889 1259 1943 αὐτὸ
1300 1887 1493 1956 λέγοιτ’
1526 1886 1591 1940 ἂν
1627 1887 1754 1956 περὶ

1843 783 1913 837 At
1974 796 2106 838 vero
2159 779 2418 852 quoniam
2473 775 2683 832 inimici
2756 773 3078 828 insidiantes
3143 770 3422 838 dicebant,

1851 897 1870 929 ‹
1895 875 2115 947 quando
2146 874 2432 935 morietur,
2458 878 2511 925 et
2538 868 2738 940 peribit
2763 881 2963 921 nomen
2989 865 3158 934 ejus?
3193 883 3212 916 ι
3237 870 3292 919 et
3322 878 3426 934 pu-

1847 969 2034 1023 tabant
2072 975 2250 1022 morte
2291 965 2531 1035 sopitum
2582 977 2691 1016 non
2755 960 2992 1029 amplius
3021 941 3460 1023 surrecturum,-

1849 1060 2055 1114 idcirco
2079 1059 2196 1129 ipse
2231 1055 2482 1110 Salvator
2512 1069 2574 1108 ac
2612 1051 2876 1106 Dominus
2913 1049 3076 1122 470
3121 1056 3311 1104 noster
3338 1047 3429 1103 his

1849 1153 2077 1208 adversa
2107 1157 2384 1220 precatur,
2414 1155 2466 1201 et
2488 1145 2775 1200 reditionis
2803 1143 2871 1197 ad
2905 1143 3072 1238 vitam
3101 1142 3221 1197 sine
3249 1141 3429 1211 impe-

1848 1247 2092 1301 dimento
2135 1259 2192 1296 se
2223 1249 2526 1310 compotem
2561 1238 2678 1293 ﬁeri
2711 1235 2928 1290 Patrem
2966 1231 3126 1291 suum
3172 1241 3313 1297 orat,
3345 1231 3432 1288 di-

1850 1353 2018 1392 cens:
2055 1355 2072 1387 ς
2110 1335 2189 1388 Τιι
2214 1341 2415 1395 autem,
2448 1332 2694 1392 Domine,
2733 1329 2999 1393 miserere.
3035 1328 3163 1390 mei,
3201 1335 3255 1382 et
3306 1338 3432 1381 sus-

1850 1430 1958 1484 cita
1984 1444 2090 1491 me,
2126 1435 2178 1481 et
2203 1425 2500 1479 retribuam
2537 1424 2638 1479 eis.
2671 1422 2728 1477 In
2762 1423 2867 1479 hoc
2897 1421 3128 1492 cognovi
3155 1417 3298 1489 quod
3339 1413 3439 1472 vo?

1851 1521 2002 1574 luisti
2039 1535 2145 1582 me,
2176 1519 2321 1588 quod
2355 1533 2462 1571 non
2496 1515 2758 1586 gaudebit
2782 1515 3040 1568 inimicus
3079 1528 3236 1567 meus
3267 1523 3436 1580 super

1852 1630 1940 1668 me
1963 1613 2028 1668 δ’.
2072 1632 2089 1665 ι
2132 1611 2198 1664 Ει
2226 1626 2359 1666 sane
2389 1610 2535 1663 haud
2573 1609 2870 1664 obscurum
2903 1615 3010 1669 est,
3043 1621 3204 1676 quem
3231 1604 3287 1658 in
3317 1617 3437 1657 mo-

1853 1709 1984 1762 dum
2016 1713 2306 1777 postquam
2335 1721 2366 1758 a
2395 1705 2626 1758 mortuis
2657 1702 2839 1762 rediit,
2868 1700 3145 1771 evestigio
3165 1712 3342 1768 neque
3362 1696 3438 1751 ita

1854 1775 2030 1854 multo
2052 1775 2195 1868 post,
2216 1813 2310 1852 eos
2343 1796 2436 1867 qui
2460 1796 2538 1850 illi
2588 1795 2821 1850 insidias
2853 1801 3172 1849 struxerant
3200 1775 3450 1858 retribu-i

1857 1893 1935 1948 tio
1966 1893 2078 1946 ulta
2119 1891 2211 1957 sit,
2245 1877 2413 1961 utque
2466 1904 2551 1953 ea,
2577 1903 2699 1958 quae,
2737 1886 2856 1942 vitae
2902 1886 3022 1955 ejus
3058 1883 3278 1937 inimica
3321 1885 3442 1936 erat

181 1984 282 2038 τῶν
311 1985 600 2055 ἡμετέρων
626 1983 1057 2055 ἁμαρτημάτων,
1080 1982 1222 2054 ἆπερ
1247 1983 1276 2033 ό
1302 1980 1489 2052 Σωτὴρ
1517 1981 1612 2033 καὶ
1644 1978 1756 2031 Κύ-

1877 2000 2029 2047 nors,
2081 1984 2154 2039 sit
2202 1983 2412 2053 pudore
2455 1979 2711 2047 confusa,
2765 1979 2902 2033 adeo
2963 1977 3056 2031 illa
3104 1973 3324 2046 quidem
3379 1979 3442 2028 ut

187 2095 289 2148 ριος
325 2077 483 2148 ἡμῶν
510 2079 590 2141 εἰς
647 2077 838 2131 ἑαυτὸν
875 2076 1176 2142 ἀνεδέξατο.
1229 2075 1300 2127 Τὸ
1329 2075 1410 2138 δὲ,
1446 2093 1464 2125 ‹
1515 2073 1678 2144 Ἐμοῦ
1705 2073 1759 2126 δὲ

183 2169 263 2222 διὰ
278 2171 379 2240 τὴν
414 2170 653 2223 ἀκακίαν
680 2168 995 2231 ἀντελάϐου,
1020 2187 1036 2218 ι
1061 2168 1156 2239 τὴν
1172 2165 1235 2219 δι’
1269 2166 1388 2219 ὅλου
1413 2165 1762 2238 καθαρότητα

182 2261 276 2331 τῆς
306 2261 476 2314 αὑτοῦ
505 2260 721 2332 φύσεως
767 2259 1087 2333 παρίστησι,
1127 2259 1194 2312 δι’
1239 2259 1304 2328 ἣν
1329 2259 1506 2312 καὶτὸ
1552 2257 1762 2330 ἑδραῖον

185 2357 268 2409 καὶ
292 2357 552 2410 ἄσειστον
589 2357 686 2427 τῆς
714 2355 880 2425 ζωῆς,
903 2355 995 2408 καὶ
1027 2354 1126 2423 τῆς
1165 2351 1302 2423 μετὰ
1342 2352 1440 2424 τὴν
1474 2351 1766 2404 ἀνάστασιν

185 2446 336 2501 αὐτοῦ
368 2447 646 2519 σωτηρίας
692 2447 956 2501 διδάσκων
989 2446 1264 2514 ἐπιλέγει·
1299 2465 1317 2496 ι
1358 2444 1466 2497 Καὶ
1509 2442 1764 2496 ἐϐεϐαίω-

187 2541 277 2604 ad;
306 2559 372 2612 με
400 2540 636 2594 ἐνώπιόν
666 2557 760 2594 σου
807 2541 886 2604 είς
923 2540 1012 2593 τὸν
1035 2539 1237 2592 αἰῶνα·
1274 2557 1292 2589 ι
1315 2537 1370 2609 ἥ,
1403 2557 1421 2588 ι
1450 2537 1560 2590 Καὶ
1593 2554 1766 2608 παρα-

186 2635 392 2704 στήσεις
453 2651 520 2705 με
579 2632 886 2706 ἔμπροσθέν
946 2649 1038 2685 σου
1085 2630 1152 2677 δι’
1208 2632 1418 2694 αἰῶνος,
1450 2648 1470 2680 ›
1505 2628 1646 2682 κατά
1672 2628 1763 2682 τὸν

184 2726 494 2798 Σύμμαχον.

1859 2079 2020 2151 quasi
2054 2076 2314 2147 probrum
2345 2076 2394 2130 ei
2444 2073 2770 2144 objicientes
2802 2071 3048 2126 dicerent
3085 2087 3098 2124 :
3141 2086 3158 2119 ι
3199 2065 3304 2122 Ubi
3334 2073 3439 2130 est,

1862 2183 2034 2233 mors,
2069 2169 2325 2225 stimulus
2343 2167 2506 2222 tuus?
2528 2167 2621 2221 ubi
2644 2175 2748 2228 est,
2770 2179 2938 2227 mors,
2959 2160 3191 2217 victoria
3218 2168 3310 2212 tua
3329 2156 3437 2209 ιιι.

1863 2263 2153 2326 Craterum,
2187 2260 2233 2316 si
2263 2261 2387 2330 quis
2433 2259 2695 2314 historias
2745 2266 2992 2326 tempora
3046 2260 3170 2325 post
3218 2245 3455 2306 reditio"

1866 2372 1990 2412 nem
2031 2356 2099 2410 ad
2130 2354 2299 2410 vitam
2333 2352 2634 2407 Salvatoris
2668 2350 2845 2406 nostri
2893 2348 3231 2417 complexes.
3261 2356 3382 2412 quae
3413 2355 3446 2394 a

1866 2447 2106 2518 Josepho
2147 2445 2470 2514 conscriptae
2514 2443 2647 2505 sint,
2694 2440 2978 2502 evolverit,
3041 2435 3199 2491 facile
3243 2431 3448 2488 videbit

1867 2553 2116 2609 quaenam
2141 2535 2486 2591 calamitates
2529 2531 2810 2588 Judaicam
2845 2536 3062 2601 gentem
3109 2534 3273 2595 atque
3325 2520 3447 2590 ejus

1868 2633 2143 2702 principes
2173 2629 2512 2691 invaserint,
2545 2634 2706 2696 atque
2736 2622 3047 2684 aﬂlixerint,
3078 2620 3134 2674 in
3165 2633 3304 2688 quas
3334 2629 3452 2668 me-

1868 2723 1977 2778 rito
2018 2723 2094 2776 illi
2135 2721 2470 2784 inciderunt,
2498 2728 2556 2773 ut
2602 2715 2827 2773 sceleris
2855 2713 3002 2785 quod
3055 2712 3111 2766 in
3168 2710 3322 2764 illum
3354 2721 3451 2776 pa-

183 2826 459 2873 traverant
491 2817 716 2888 prtemia
763 2815 926 2886 digna
971 2814 1280 2884 reciperent
1309 2831 1323 2870 :
1351 2822 1406 2868 et
1439 2811 1556 2868 haec
1600 2813 1822 2882 quidem
1862 2813 2045 2869 omnia
2095 2813 2360 2866 adversus
2391 2811 2514 2866 illos
2563 2807 2834 2878 completa
2886 2814 3032 2867 sunt,
3085 2809 3143 2857 ut
3168 2799 3451 2855 oraculum

182 2913 525 2985 praedixerat.
576 2909 877 2966 Salvatoris
921 2917 1100 2965 autem
1143 2908 1320 2964 nostri
1372 2907 1440 2962 de
1481 2915 1655 2962 morte
1693 2905 1759 2959 ad
1797 2905 1961 2958 vitam
2012 2905 2208 2959 reditio
2267 2903 2425 2972 plane
2460 2901 2716 2956 omnibus
2747 2896 3163 2956 demonstravit,
3185 2900 3452 2964 quantum

184 3007 282 3060 sibi
312 3005 480 3061 Pater
512 3004 572 3058 in
621 3004 715 3059 illo
758 3003 1047 3074 placuerit,
1081 3017 1245 3072 quam
1292 2999 1512 3071 quidem
1563 3014 1676 3053 rem
1726 2998 1843 3067 ipse
1879 2995 2140 3057 ostendit,
2176 2994 2367 3050 dicens
2395 3013 2408 3048 :
2447 3012 2464 3044 ι
2498 2991 2759 3048 Miserere
2789 2989 2920 3052 mei,
2949 2993 3003 3042 et
3029 2986 3238 3042 suscita
3262 2998 3369 3045 me,
3399 2989 3454 3036 et

183 3100 482 3155 retribuam
540 3098 644 3155 eis.
691 3096 753 3152 In
799 3097 904 3152 hoc
949 3097 1181 3167 cognovi
1222 3096 1369 3167 quod
1431 3093 1651 3147 voluisti
1700 3108 1808 3156 me,
1870 3089 2016 3160 quod
2071 3105 2180 3143 non
2235 3087 2489 3160 gaudebit
2554 3084 2810 3140 inimicus
2867 3096 3022 3137 meus
3067 3092 3231 3148 super
3285 3090 3390 3129 me.
3428 3092 3449 3128 ι

185 3192 384 3247 Deinde
419 3190 672 3262 adjungit
701 3207 714 3243 :
754 3208 773 3242 ι
819 3187 902 3244 Me
930 3166 1110 3244 autem
1138 3166 1362 3258 propter
1389 3188 1760 3242 innocentiam
1804 3184 2118 3255 suscepisti.
2147 3203 2165 3236 ›
2201 3181 2436 3238 Attende
2479 3186 2661 3234 autem
2697 3189 2937 3248 quonam
2992 3182 3152 3243 pacto
3184 3169 3289 3241 ipsi
3343 3166 3457 3224 Deo

183 3298 235 3343 et
271 3286 423 3342 Patri
474 3301 576 3341 suo
635 3284 974 3360 supplicans,
1016 3291 1169 3338 tanta
1220 3290 1408 3338 utatur
1457 3282 1710 3337 libertate
1760 3281 2038 3351 loquendi,
2091 3288 2151 3334 ut
2205 3278 2309 3334 sibi
2355 3276 2462 3347 ipsi
2508 3275 2834 3328 innocentiae
2882 3267 3254 3325 testiinonium
3303 3263 3457 3320 exhi-

186 3379 327 3440 beat,
377 3373 602 3431 tametsi
651 3357 905 3444 superius
958 3374 1099 3429 dixit
1130 3393 1186 3429 ιι
1213 3372 1357 3428 Sana
1409 3373 1644 3426 animam
1681 3387 1881 3438 meam,
1920 3372 2051 3442 quia
2081 3369 2301 3441 peccavi
2335 3369 2456 3423 tibi.
2491 3385 2510 3419 ι
2552 3364 2659 3420 Sed
2709 3360 2842 3418 illud
2889 3359 3130 3431 quidem,
3161 3376 3179 3409 ι
3235 3357 3456 3428 peccavi

187 3472 303 3534 tibi,
341 3475 390 3536 ι’,
416 3483 530 3539 quo
555 3483 723 3524 sensu
767 3467 838 3523 sit
886 3466 1301 3538 accipiendum,
1329 3475 1488 3522 antea
1545 3465 1767 3536 planum
1808 3463 2059 3529 fecimus,
2091 3462 2238 3532 quod
2301 3459 2663 3533 Symmachus
2705 3455 2949 3526 apertius
2996 3450 3271 3521 exposuit,
3331 3463 3456 3503 cum

189 3564 322 3624 dixit
360 3581 375 3617 :
415 3581 436 3614 ι
467 3560 613 3616 Sana
658 3560 895 3616 animam
931 3575 1134 3625 meam,
1164 3561 1272 3616 etsi
1302 3559 1522 3631 peccavi
1568 3557 1666 3612 tibi
1699 3577 1711 3612 :
1752 3577 1771 3610 ι
1810 3555 1956 3627 quod
1990 3571 2122 3611 sane
2146 3556 2324 3626 ipsum
2361 3553 2524 3610 etiam
2559 3551 2626 3606 de
2679 3548 2918 3620 peccatis
2958 3546 3166 3602 nostris
3193 3543 3302 3598 dici
3357 3555 3458 3612 po-

189 3664 314 3720 test,
350 3667 477 3724 qua:
510 3649 763 3706 Salvator
812 3667 876 3707 ac
925 3650 1189 3706 Dominus
1222 3659 1406 3706 noster
1450 3650 1506 3704 in
1555 3649 1790 3716 seipsum
1833 3647 2092 3716 suscepit.
2145 3644 2279 3700 Illud
2314 3655 2496 3700 autem
2538 3663 2550 3698 :
2588 3662 2606 3694 ι
2645 3642 2728 3696 Me
2782 3648 2962 3696 autem
3007 3644 3224 3709 propter
3277 3635 3438 3688 inno—

191 3752 425 3803 centiam
491 3741 808 3812 suscepisti,
866 3762 886 3795 ι
943 3741 1240 3812 puritatem
1297 3748 1510 3795 natura:
1561 3738 1756 3809 ipsius,
1812 3751 1973 3807 quam
2028 3744 2197 3790 totam
2246 3733 2581 3805 possidebat,
2620 3731 2977 3792 demonstrat,
3008 3741 3077 3782 ex
3106 3740 3211 3795 qua
3240 3722 3448 3793 purita-

197 3848 245 3894 te
313 3837 496 3890 vitam
564 3849 784 3905 quoque
828 3841 882 3891 et
923 3836 1156 3890 salutem
1194 3833 1446 3890 stabilem
1500 3841 1663 3903 atque
1703 3833 2086 3888 inconcussam
2149 3837 2274 3902 post
2323 3829 2557 3884 reditum
2612 3826 2786 3897 ipsius
2833 3821 2902 3877 ad
2953 3821 3116 3875 vitam
3183 3829 3461 3888 exponens

196 3931 442 4000 adjungit
477 3947 490 3982 :
528 3946 546 3978 ‹
592 3925 658 3980 Ει
689 3926 1029 3982 confirmasti
1062 3941 1148 3982 me
1178 3926 1234 3980 in
1267 3934 1566 3998 conspectu
1601 3934 1693 3979 tuo
1721 3925 1777 3979 in
1814 3931 2100 3988 teternum,
2134 3943 2153 3976 ι
2220 3929 2316 3977 aut
2363 3921 2521 3975 aliter
2541 3938 2571 3985 ,ε
2613 3936 2632 3970 ι
2669 3915 2736 3971 Ει
2767 3913 3071 3972 constitues
3104 3927 3191 3966 me
3221 3917 3360 3992 ante
3391 3917 3449 3964 te

196 4029 248 4086 in
272 4041 564 4093 aternum,
595 4049 616 4082 ι
652 4035 714 4084 ιιι
739 4027 1135 4095 interpretatus
1166 4027 1250 4077 est
1283 4017 1673 4092 Symmachus:

207 4148 336 4222 Ἄ.πρ
367 4145 477 4222 τοῦ
504 4141 750 4222 prasino?)
776 4139 882 4222 arb”.
915 4169 985 4180 ——
1005 4137 1288 4222 :Ettjt‘lipl
1315 4133 1438 4214 τοῦ,
1449 4132 1655 4192 Ἰούδα,
1677 4131 1768 4219 x‘al

1880 4127 2103 4222 41!}
2120 4123 2482 4222 amicam;
2510 4113 3465 4222 7.1559:.5“.1:5.€.€£.§5...“:.trf

263 4201 383 4272 τῶν
407 4201 530 4269 σί)ιῖ
553 4201 715 4278 αὑὶῷ
740 4211 855 4278 τὴν
885 4208 1033 4263 κατὰ
1063 4207 1169 4262 τοῦ
1187 4201 1441 4274 Χξριστοῦ
1463 4201 1781 4268 (rumor:th

263 4283 710 4354 πεποιημένων.

272 4422 290 4453 ι
339 4399 652 4464 Ἐνώτισαι,
675 4401 702 4451 ό
727 4397 879 4460 Θεὸς,
910 4394 1008 4466 τὴν
1054 4391 1358 4464 προσευχήν
1393 4407 1517 4460 μου,
1567 4387 1661 4441 καὶ
1711 4384 1785 4456 μὴ

202 4491 463 4563 ὑπερίδῃς
521 4488 620 4560 τὴν
673 4488 854 4560 δέησίν
893 4503 1018 4558 μου.
1078 4483 1324 4555 Πρόσχες
1361 4498 1471 4553 μοι,
1525 4477 1618 4533 καὶ
1677 4480 1787 4530 εἰσ-

204 4583 438 4640 άκουσόν
502 4599 624 4654 μου.
656 4577 963 4650 Ἑλυπήθην
1007 4580 1064 4631 ὲν
1099 4578 1165 4646 τῇ
1223 4572 1505 4644 ἀδολεσχίᾳ
1547 4588 1666 4642 μου,
1695 4569 1788 4622 καὶ

205 4675 511 4750 ἐταράχθην
575 4673 682 4728 ἀπὸ
739 4671 922 4742 φωνῆς
973 4667 1191 4741 ἐχθροῦ,
1256 4667 1349 4720 καὶ
1400 4665 1508 4718 ἀπὸ
1560 4663 1790 4733 θλίψεως

205 4767 562 4840 ἀμαρτωλοῢ·
606 4767 689 4820 ὅτι
739 4765 1015 4830 ἐξέκλιναν
1049 4763 1134 4815 ἐπ’
1169 4760 1268 4832 ἐμὲ
1318 4756 1568 4829 ἀνομίαν,
1607 4755 1700 4808 κα)⁸
1733 4755 1789 4807 ἐν

205 4865 337 4934 ὀργῇ
398 4859 679 4914 ἐνεκότουν
735 4874 845 4928 μοι.
914 4855 978 4908 Ἡ
1031 4852 1228 4925 καρδία
1271 4867 1371 4922 μου
1414 4846 1690 4919 ἐταράχθη
1733 4847 1791 4898 ἐν

207 4956 350 5026 ἐμοὶ,
407 4952 503 5006 καὶ
559 4950 730 5005 δειλία
784 4947 1014 5002 θανάτου
1063 4944 1328 4999 ἐπέπεσεν
1363 4944 1450 4996 ἐπ’
1484 4939 1603 5011 ἐμέ.
1625 4937 1792 5001 Φόϐος

209 5051 300 5103 καὶ
329 5046 537 5118 τρόμος
567 5036 732 5115 ἦλθεν
756 5041 842 5092 ἐπ’
877 5038 998 5109 ἐμὲ,
1029 5037 1125 5090 xci.
1151 5033 1389 5102 ἐκάλυψέ
1431 5049 1498 5103 με
1532 5030 1742 5092 σκότος,
1769 5046 1788 5078 ι

211 5137 398 5194 καὶτὰ
433 5135 595 5205 ἑξῆς·
637 5129 719 5198 οἷς
754 5131 1029 5201 ἐπιλέγει·
1066 5147 1086 5180 ι
1132 5125 1564 5188 Καταπόντισον,
1599 5120 1793 5192 Κύριε,

210 5236 298 5290 καὶ
322 5231 608 5289 καταδίελε
633 5229 732 5294 τὰς
761 5225 1012 5297 γλώσσας
1044 5222 1222 5278 αὐτῶν
1240 5238 1254 5253 ·
1285 5222 1368 5274 ὅτι
1397 5213 1536 5271 εἶδον
1567 5214 1796 5286 ἀνομίαν

213 5327 304 5378 καὶ
344 5320 658 5389 ἀντιλογίαν
694 5319 752 5372 ἐν
777 5321 845 5389 τῇ
869 5316 1043 5370 πόλει.
1084 5313 1326 5385 Ἡμέρας
1363 5310 1456 5364 καὶ
1484 5306 1672 5369 νυκτὸς
1697 5323 1796 5358 κυ-

215 5416 412 5469 κλώσει
466 5411 637 5484 αὐτὴν
684 5409 777 5464 ἐπὶ
805 5408 876 5462 τὰ
905 5408 1061 5480 τείχη
1101 5406 1289 5474 αὐτῆς,
1329 5402 1423 5457 καὶ
1470 5399 1668 5470 ἀνομία
1705 5396 1799 5449 καὶ

215 5509 382 5572 κόπος
414 5507 474 5560 ἐν
500 5504 653 5575 μέσῳ
679 5501 983 5572 αὑτῆς,καὶ
1027 5499 1240 5553 ἀδικία·
1283 5496 1379 5549 καὶ
1421 5494 1522 5547 οὐκ
1553 5490 1799 5556 ἐξέλιπεν

218 5602 280 5654 ἐκ
308 5599 420 5653 τῶν
462 5594 737 5651 πλατειῶν
791 5593 961 5664 αὐτῆς
999 5591 1156 5654 τόκος
1211 5589 1306 5643 καὶ
1342 5587 1510 5648 δόλος.
1557 5584 1700 5649 Ὅτι,
1752 5583 1800 5635 εί

221 5692 411 5765 ἐχθρὸς
456 5687 703 5745 ὠνείδισέ
747 5704 838 5759 με,
883 5685 1166 5754 ὑπήνεγκα
1217 5681 1304 5736 ἄν.
1351 5681 1416 5734 Εἰ
1453 5679 1481 5730 ὀ
1519 5674 1690 5747 μισῶν
1734 5691 1801 5744 με

223 5786 307 5840 ἔπ’
339 5783 441 5856 ἐμὲ
473 5777 1082 5855 ὲμγαλορρημόνησεν,
1121 5772 1360 5846 ἐκρύόην
1395 5771 1460 5825 ἂν
1493 5771 1577 5822 ἐπ’
1613 5765 1775 5821 αὑτοῦ

1955 4186 2073 4251 ἓιῦη
2113 4186 2172 4250 eo
2234 4193 2482 4248 adversus
2535 4189 2806 4246 Christum
2865 4187 3283 4256 conjurationem
3321 4186 3461 4255 [ece-

1955 4279 2098 4321 runt.

1965 4404 1982 4436 ι
2024 4383 2266 4439 Auribus
2298 4380 2539 4452 percipe,
2571 4375 2740 4439 Deus,
2764 4373 3069 4428 orationem
3090 4384 3290 4434 meam,
3321 4379 3376 4423 et
3397 4382 3476 4425 ne.-

1889 4473 2204 4546 dcspexeris
2232 4469 2670 4543 deprecationem
2717 4479 2917 4520 meam.
2962 4463 3166 4517 Praesta
3198 4467 3474 4517 attentum.

1890 4576 1942 4623 te
1966 4567 2120 4630 mihi,
2156 4573 2210 4621 et
2253 4562 2452 4619 exaudi
2501 4575 2609 4616 me.
2645 4557 3019 4614 Contristatus
3052 4569 3174 4610 sum
3208 4553 3263 4608 in
3297 4566 3478 4622 nuga-.

1889 4662 2036 4715 tione
2073 4674 2214 4726 mea,
2245 4665 2299 4714 et
2319 4653 2679 4711 conturbatus
2709 4665 2830 4707 sum
2865 4665 2896 4704 a
2927 4663 3058 4703 voce
3095 4645 3324 4709 inimici,
3345 4654 3397 4700 et
3435 4658 3468 4697 a

1891 4752 2242 4808 tribulatione
2271 4748 2610 4820 peccatoris:
2658 4746 2920 4818 quoniam
2975 4742 3386 4798 declinaverunt
3413 4739 3468 4792 in

1892 4859 1977 4897 me
2006 4842 2371 4912 iniquitatem,
2395 4846 2448 4893 et
2494 4838 2549 4892 in
2583 4837 2665 4891 ira
2713 4835 2931 4890 molesti
2979 4841 3138 4888 erant
3169 4830 3323 4884 mihi.
3359 4828 3470 4883 Cor

1893 4951 2073 4990 meum
2095 4933 2478 4990 conturbatum
2505 4937 2586 4986 est
2611 4930 2667 4984 in
2691 4943 2798 4992 me,
2821 4934 2876 4982 et
2905 4924 3140 4981 formido
3166 4921 3360 4978 mortis
3380 4934 3472 4974 ce-

1895 5027 2028 5080 cidit
2060 5041 2225 5095 super
2254 5040 2359 5079 me.
2390 5022 2575 5077 Timor
2599 5029 2653 5076 et
2676 5028 2880 5078 tremor
2895 5023 3165 5073 venerunt
3185 5028 3348 5084 super
3365 5026 3469 5077 me,

1895 5125 1949 5171 et
1975 5123 2338 5171 contexerunt
2377 5129 2464 5169 me
2495 5113 2732 5169 tenebra:
2755 5112 2827 5175 “,
2855 5131 2873 5162 ι
2905 5119 2961 5164 et
3001 5123 3122 5178 qua:
3143 5111 3481 5176 sequuntur,

1898 5209 2098 5280 quibus
2134 5206 2414 5279 adjungit:
2455 5223 2474 5257 ι
2523 5204 2830 5273 Praecipua,
2887 5200 3134 5262 Domine,
3193 5204 3246 5251 et
3295 5194 3489 5248 divide

1899 5301 2112 5369 linguas
2136 5313 2326 5353 eorum
2357 5313 2370 5347 :
2393 5295 2649 5366 quoniam
2665 5293 2775 5347 vidi
2808 5291 3148 5360 iniquitatem
3175 5295 3229 5340 et
3256 5291 3485 5338 contra-

1900 5391 2197 5446 dictionem
2233 5389 2287 5442 in
2307 5389 2545 5442 civitate.
2566 5385 2661 5439 Die
2691 5400 2754 5438 ac
2779 5390 2939 5437 nocte
2967 5377 3328 5436 circumdabit
3353 5391 3478 5430 eam

1903 5500 2068 5554 super
2096 5498 2283 5538 muros
2312 5480 2451 5550 ejus,
2482 5489 2535 5534 et
2589 5477 2851 5548 iniquitas
2902 5482 2957 5529 et
3008 5473 3163 5526 labor
3212 5471 3266 5524 in
3297 5467 3485 5523 medio

1907 5580 2027 5650 ejus
2051 5584 2106 5633 et
2143 5574 2411 5646 injustitia
2447 5591 2460 5627 :
2495 5579 2550 5628 et
2580 5585 2692 5626 non
2743 5567 2944 5624 defecit
2993 5565 3060 5620 de
3111 5561 3305 5635 plateis
3359 5559 3492 5631 ejus.

1908 5687 2079 5726 usura
2107 5678 2161 5726 et
2177 5669 2358 5724 dolus.
2389 5664 2656 5732 Quoniam
2689 5662 2737 5718 si
2770 5659 3027 5716 inimicus
3061 5655 3262 5728 probro
3286 5667 3373 5708 me
3401 5650 3480 5705 at.

1908 5763 2148 5826 fecisset,
2184 5757 2570 5817 sustinuissem
2606 5754 2813 5826 utique.
2877 5749 2944 5807 Et
2992 5751 3040 5807 si
3089 5748 3138 5805 is
3171 5745 3266 5818 qui
3292 5742 3486 5802 oderat

298 5965 341 6000 “
381 5963 528 6022 Psal.
564 5978 652 6032 XL,
687 5960 778 6031 Η,
818 5958 904 6016 Η.
979 5955 1024 5991 ⁸³
1063 5954 1084 6011 ι
1119 5955 1244 6012 Cor.
1281 5969 1385 6023 xv,
1422 5948 1509 6008 55.
1587 5948 1631 5983 “
1669 5944 1814 6003 Psal.
1850 5958 1960 6012 Ltv,
2007 5939 2124 5996 “2-6.
