  <div class='ocr_page' id='page_1' title='image "/cluster/home/n/w/nwhite01/storage/ocr_20150623/22/hvd.32044020605168/395.png"; bbox 0 0 3928 6510; ppageno 0'>
   <div class='ocr_carea' id='block_1_1' title="bbox 557 393 659 452">
    <p class='ocr_par' dir='ltr' id='par_1_1' title="bbox 557 393 659 452">
     <span class='ocr_line' id='line_1_1' title="bbox 557 393 659 452; baseline 0.02 -2"><span class='ocrx_word' id='word_1_1' title='bbox 557 393 659 452; x_wconf 76' lang='grc'><strong>731</strong></span> 
     </span>
    </p>
   </div>
   <div class='ocr_carea' id='block_1_2' title="bbox 547 773 2111 859">
    <p class='ocr_par' dir='ltr' id='par_1_2' title="bbox 547 773 2111 859">
     <span class='ocr_line' id='line_1_2' title="bbox 547 773 2111 859; baseline 0.022 -33"><span class='ocrx_word' id='word_1_2' title='bbox 547 773 646 830; x_wconf 88' lang='lat' dir='ltr'><strong>bas</strong></span> <span class='ocrx_word' id='word_1_3' title='bbox 697 777 828 830; x_wconf 87' lang='lat' dir='ltr'><strong>mihi</strong></span> <span class='ocrx_word' id='word_1_4' title='bbox 876 779 1048 838; x_wconf 89' lang='lat' dir='ltr'><strong>cibos.</strong></span> <span class='ocrx_word' id='word_1_5' title='bbox 1106 784 1162 837; x_wconf 95' lang='lat' dir='ltr'><strong>ln</strong></span> <span class='ocrx_word' id='word_1_6' title='bbox 1198 786 1358 842; x_wconf 89' lang='lat' dir='ltr'><strong>domo</strong></span> <span class='ocrx_word' id='word_1_7' title='bbox 1402 788 1497 845; x_wconf 86' lang='lat' dir='ltr'><strong>Dei</strong></span> <span class='ocrx_word' id='word_1_8' title='bbox 1543 795 1939 858; x_wconf 88' lang='lat' dir='ltr'><strong>ambulavimus</strong></span> <span class='ocrx_word' id='word_1_9' title='bbox 1986 818 2111 859; x_wconf 89' lang='lat' dir='ltr'><strong>cum</strong></span> 
     </span>
    </p>
   </div>
   <div class='ocr_carea' id='block_1_3' title="bbox 543 870 2109 951">
    <p class='ocr_par' dir='ltr' id='par_1_3' title="bbox 543 870 2109 951">
     <span class='ocr_line' id='line_1_3' title="bbox 543 870 2109 951; baseline 0.022 -35"><span class='ocrx_word' id='word_1_10' title='bbox 543 878 815 922; x_wconf 88' lang='lat' dir='ltr'><strong>consensu</strong></span> <span class='ocrx_word' id='word_1_11' title='bbox 846 870 912 925; x_wconf 77' lang='lat'><strong>&quot;’.</strong></span> <span class='ocrx_word' id='word_1_12' title='bbox 953 890 972 922; x_wconf 81' lang='grc'>›</span> <span class='ocrx_word' id='word_1_13' title='bbox 1011 873 1085 926; x_wconf 84' lang='lat' dir='ltr'><strong>Ex</strong></span> <span class='ocrx_word' id='word_1_14' title='bbox 1116 874 1201 931; x_wconf 88' lang='lat' dir='ltr'><strong>his</strong></span> <span class='ocrx_word' id='word_1_15' title='bbox 1245 878 1407 949; x_wconf 77' lang='lat' dir='ltr'><strong>igitur</strong></span> <span class='ocrx_word' id='word_1_16' title='bbox 1457 883 1587 938; x_wconf 90' lang='lat' dir='ltr'><strong>illud</strong></span> <span class='ocrx_word' id='word_1_17' title='bbox 1624 903 1639 940; x_wconf 89' lang='lat'><strong>:</strong></span> <span class='ocrx_word' id='word_1_18' title='bbox 1675 904 1695 939; x_wconf 84' lang='grc'><strong><em>‹</em></strong></span> <span class='ocrx_word' id='word_1_19' title='bbox 1744 886 1801 943; x_wconf 97' lang='lat' dir='ltr'><strong>Si</strong></span> <span class='ocrx_word' id='word_1_20' title='bbox 1856 891 2109 951; x_wconf 80' lang='lat' dir='ltr'><strong>inimicus</strong></span> 
     </span>
    </p>
   </div>
   <div class='ocr_carea' id='block_1_4' title="bbox 538 955 2107 1047">
    <p class='ocr_par' dir='ltr' id='par_1_4' title="bbox 538 955 2107 1047">
     <span class='ocr_line' id='line_1_4' title="bbox 538 955 2107 1047; baseline 0.022 -43"><span class='ocrx_word' id='word_1_21' title='bbox 538 955 744 1017; x_wconf 80' lang='lat' dir='ltr'><strong>probro</strong></span> <span class='ocrx_word' id='word_1_22' title='bbox 765 973 850 1012; x_wconf 87' lang='lat' dir='ltr'><strong>me</strong></span> <span class='ocrx_word' id='word_1_23' title='bbox 881 958 1169 1032; x_wconf 76' lang='lat' dir='ltr'><strong>affecisset,</strong></span> <span class='ocrx_word' id='word_1_24' title='bbox 1201 969 1582 1027; x_wconf 89' lang='lat' dir='ltr'><strong>sustinuisscm</strong></span> <span class='ocrx_word' id='word_1_25' title='bbox 1614 976 1819 1047; x_wconf 92' lang='lat' dir='ltr'><strong>utique.</strong></span> <span class='ocrx_word' id='word_1_26' title='bbox 1862 978 1929 1034; x_wconf 89' lang='lat' dir='ltr'><strong>Et</strong></span> <span class='ocrx_word' id='word_1_27' title='bbox 1973 984 2020 1038; x_wconf 89' lang='lat' dir='ltr'><strong>si</strong></span> <span class='ocrx_word' id='word_1_28' title='bbox 2059 985 2107 1041; x_wconf 88' lang='lat' dir='ltr'><strong>is</strong></span> 
     </span>
    </p>
   </div>
   <div class='ocr_carea' id='block_1_5' title="bbox 540 1043 2101 1141">
    <p class='ocr_par' dir='ltr' id='par_1_5' title="bbox 540 1043 2101 1141">
     <span class='ocr_line' id='line_1_5' title="bbox 540 1043 2101 1141; baseline 0.023 -47"><span class='ocrx_word' id='word_1_29' title='bbox 540 1043 631 1110; x_wconf 85' lang='lat' dir='ltr'><strong>qui</strong></span> <span class='ocrx_word' id='word_1_30' title='bbox 659 1045 851 1099; x_wconf 88' lang='lat' dir='ltr'><strong>oderat</strong></span> <span class='ocrx_word' id='word_1_31' title='bbox 887 1065 988 1109; x_wconf 88' lang='lat' dir='ltr'><strong>me.</strong></span> <span class='ocrx_word' id='word_1_32' title='bbox 1034 1069 1198 1122; x_wconf 86' lang='lat' dir='ltr'><strong>super</strong></span> <span class='ocrx_word' id='word_1_33' title='bbox 1244 1073 1329 1112; x_wconf 85' lang='lat' dir='ltr'><strong>nte</strong></span> <span class='ocrx_word' id='word_1_34' title='bbox 1385 1076 1579 1132; x_wconf 86' lang='lat' dir='ltr'><strong>magna</strong></span> <span class='ocrx_word' id='word_1_35' title='bbox 1635 1065 1849 1124; x_wconf 89' lang='lat' dir='ltr'><strong>locutus</strong></span> <span class='ocrx_word' id='word_1_36' title='bbox 1891 1071 2101 1141; x_wconf 75' lang='lat' dir='ltr'><strong>fuisset,</strong></span> 
     </span>
    </p>
   </div>
   <div class='ocr_carea' id='block_1_6' title="bbox 539 1132 2106 1222">
    <p class='ocr_par' dir='ltr' id='par_1_6' title="bbox 539 1132 2106 1222">
     <span class='ocr_line' id='line_1_6' title="bbox 539 1132 2106 1222; baseline 0.024 -38"><span class='ocrx_word' id='word_1_37' title='bbox 539 1132 946 1194; x_wconf 86' lang='lat' dir='ltr'><strong>abseondissem</strong></span> <span class='ocrx_word' id='word_1_38' title='bbox 1007 1158 1094 1198; x_wconf 91' lang='lat' dir='ltr'><strong>me</strong></span> <span class='ocrx_word' id='word_1_39' title='bbox 1127 1144 1354 1204; x_wconf 77' lang='lat' dir='ltr'><strong>forsitan</strong></span> <span class='ocrx_word' id='word_1_40' title='bbox 1408 1152 1476 1207; x_wconf 92' lang='lat' dir='ltr'><strong>ab</strong></span> <span class='ocrx_word' id='word_1_41' title='bbox 1523 1169 1606 1210; x_wconf 90' lang='lat' dir='ltr'><strong>eo.</strong></span> <span class='ocrx_word' id='word_1_42' title='bbox 1672 1157 1752 1213; x_wconf 87' lang='lat' dir='ltr'><strong>Tu</strong></span> <span class='ocrx_word' id='word_1_43' title='bbox 1784 1177 1910 1218; x_wconf 83' lang='lat' dir='ltr'><strong>vero</strong></span> <span class='ocrx_word' id='word_1_44' title='bbox 1944 1166 2106 1222; x_wconf 90' lang='lat' dir='ltr'><strong>homo</strong></span> 
     </span>
    </p>
   </div>
   <div class='ocr_carea' id='block_1_7' title="bbox 537 1228 2102 1322">
    <p class='ocr_par' dir='ltr' id='par_1_7' title="bbox 537 1228 2102 1322">
     <span class='ocr_line' id='line_1_7' title="bbox 537 1228 2102 1322; baseline 0.024 -46"><span class='ocrx_word' id='word_1_45' title='bbox 537 1228 832 1291; x_wconf 83' lang='lat' dir='ltr'><strong>unanimis,</strong></span> <span class='ocrx_word' id='word_1_46' title='bbox 857 1241 910 1286; x_wconf 91' lang='lat' dir='ltr'><strong>ct</strong></span> <span class='ocrx_word' id='word_1_47' title='bbox 931 1233 1039 1287; x_wconf 80' lang='lat' dir='ltr'><strong>dux</strong></span> <span class='ocrx_word' id='word_1_48' title='bbox 1072 1252 1243 1301; x_wconf 86' lang='lat' dir='ltr'><strong>meus,</strong></span> <span class='ocrx_word' id='word_1_49' title='bbox 1278 1250 1332 1295; x_wconf 91' lang='lat' dir='ltr'><strong>et</strong></span> <span class='ocrx_word' id='word_1_50' title='bbox 1361 1255 1524 1300; x_wconf 91' lang='lat' dir='ltr'><strong>notus</strong></span> <span class='ocrx_word' id='word_1_51' title='bbox 1554 1263 1728 1314; x_wconf 92' lang='lat' dir='ltr'><strong>meus,</strong></span> <span class='ocrx_word' id='word_1_52' title='bbox 1749 1255 1842 1322; x_wconf 88' lang='lat' dir='ltr'><strong>qui</strong></span> <span class='ocrx_word' id='word_1_53' title='bbox 1876 1256 1931 1310; x_wconf 89' lang='lat' dir='ltr'><strong>in</strong></span> <span class='ocrx_word' id='word_1_54' title='bbox 1962 1257 2102 1314; x_wconf 91' lang='lat' dir='ltr'><strong>idem</strong></span> 
     </span>
    </p>
   </div>
   <div class='ocr_carea' id='block_1_8' title="bbox 536 1314 2096 1407">
    <p class='ocr_par' dir='ltr' id='par_1_8' title="bbox 536 1314 2096 1407">
     <span class='ocr_line' id='line_1_8' title="bbox 536 1314 2096 1407; baseline 0.026 -40"><span class='ocrx_word' id='word_1_55' title='bbox 536 1314 725 1373; x_wconf 72' lang='lat' dir='ltr'><strong>dulces</strong></span> <span class='ocrx_word' id='word_1_56' title='bbox 759 1327 1117 1392; x_wconf 82' lang='lat' dir='ltr'><strong>comparabas</strong></span> <span class='ocrx_word' id='word_1_57' title='bbox 1159 1332 1288 1384; x_wconf 89' lang='lat' dir='ltr'><strong>mihi</strong></span> <span class='ocrx_word' id='word_1_58' title='bbox 1330 1334 1504 1398; x_wconf 85' lang='lat' dir='ltr'><strong>cibos,</strong></span> <span class='ocrx_word' id='word_1_59' title='bbox 1547 1357 1566 1388; x_wconf 76' lang='grc' dir='ltr'><strong>ι</strong></span> <span class='ocrx_word' id='word_1_60' title='bbox 1623 1314 1800 1399; x_wconf 74' lang='lat' dir='ltr'><strong>simile</strong></span> <span class='ocrx_word' id='word_1_61' title='bbox 1841 1355 1923 1402; x_wconf 90' lang='lat' dir='ltr'><strong>est</strong></span> <span class='ocrx_word' id='word_1_62' title='bbox 1972 1351 2047 1404; x_wconf 84' lang='lat' dir='ltr'><strong>illi</strong></span> <span class='ocrx_word' id='word_1_63' title='bbox 2082 1371 2096 1407; x_wconf 88' lang='lat'><strong>:</strong></span> 
     </span>
    </p>
   </div>
   <div class='ocr_carea' id='block_1_9' title="bbox 538 1409 2098 1512">
    <p class='ocr_par' dir='ltr' id='par_1_9' title="bbox 538 1409 2098 1512">
     <span class='ocr_line' id='line_1_9' title="bbox 538 1409 2098 1512; baseline 0.025 -54"><span class='ocrx_word' id='word_1_64' title='bbox 538 1423 559 1458; x_wconf 72' lang='grc' dir='ltr'><strong>ι</strong></span> <span class='ocrx_word' id='word_1_65' title='bbox 605 1409 816 1464; x_wconf 84' lang='lat' dir='ltr'><strong>Etenim</strong></span> <span class='ocrx_word' id='word_1_66' title='bbox 862 1413 1022 1468; x_wconf 85' lang='lat' dir='ltr'><strong>ltumo</strong></span> <span class='ocrx_word' id='word_1_67' title='bbox 1075 1420 1224 1487; x_wconf 83' lang='lat' dir='ltr'><strong>pacis</strong></span> <span class='ocrx_word' id='word_1_68' title='bbox 1281 1439 1433 1487; x_wconf 58' lang='lat' dir='ltr'><strong>meai,</strong></span> <span class='ocrx_word' id='word_1_69' title='bbox 1479 1429 1531 1482; x_wconf 92' lang='lat' dir='ltr'><strong>iu</strong></span> <span class='ocrx_word' id='word_1_70' title='bbox 1575 1448 1684 1502; x_wconf 91' lang='lat' dir='ltr'><strong>quo</strong></span> <span class='ocrx_word' id='word_1_71' title='bbox 1739 1441 1972 1505; x_wconf 86' lang='lat' dir='ltr'><strong>speravi,</strong></span> <span class='ocrx_word' id='word_1_72' title='bbox 2005 1445 2098 1512; x_wconf 92' lang='lat' dir='ltr'><strong>qui</strong></span> 
     </span>
    </p>
   </div>
   <div class='ocr_carea' id='block_1_10' title="bbox 529 1498 2097 1600">
    <p class='ocr_par' dir='ltr' id='par_1_10' title="bbox 529 1498 2097 1600">
     <span class='ocr_line' id='line_1_10' title="bbox 529 1498 2097 1600; baseline 0.024 -50"><span class='ocrx_word' id='word_1_73' title='bbox 529 1498 725 1553; x_wconf 86' lang='lat' dir='ltr'><strong>edebat</strong></span> <span class='ocrx_word' id='word_1_74' title='bbox 754 1517 921 1570; x_wconf 83' lang='lat' dir='ltr'><strong>panes</strong></span> <span class='ocrx_word' id='word_1_75' title='bbox 945 1523 1113 1572; x_wconf 88' lang='lat' dir='ltr'><strong>meos,</strong></span> <span class='ocrx_word' id='word_1_76' title='bbox 1150 1516 1511 1583; x_wconf 79' lang='lat' dir='ltr'><strong>magnificavit</strong></span> <span class='ocrx_word' id='word_1_77' title='bbox 1533 1498 1697 1592; x_wconf 80' lang='lat' dir='ltr'><strong>super</strong></span> <span class='ocrx_word' id='word_1_78' title='bbox 1720 1498 1804 1582; x_wconf 75' lang='lat' dir='ltr'><strong>me</strong></span> <span class='ocrx_word' id='word_1_79' title='bbox 1835 1498 2097 1600; x_wconf 61' lang='lat' dir='ltr'><strong>supplan-</strong></span> 
     </span>
    </p>
   </div>
   <div class='ocr_carea' id='block_1_11' title="bbox 528 1589 2092 1688">
    <p class='ocr_par' dir='ltr' id='par_1_11' title="bbox 528 1589 2092 1688">
     <span class='ocr_line' id='line_1_11' title="bbox 528 1589 2092 1688; baseline 0.025 -50"><span class='ocrx_word' id='word_1_80' title='bbox 528 1589 790 1644; x_wconf 85' lang='lat' dir='ltr'><strong>tationem</strong></span> <span class='ocrx_word' id='word_1_81' title='bbox 822 1592 867 1622; x_wconf 76' lang='lat'>“</span> <span class='ocrx_word' id='word_1_82' title='bbox 900 1614 911 1648; x_wconf 94' lang='lat'><strong>:</strong></span> <span class='ocrx_word' id='word_1_83' title='bbox 947 1615 965 1647; x_wconf 78' lang='grc' dir='ltr'><strong>ι</strong></span> <span class='ocrx_word' id='word_1_84' title='bbox 1003 1600 1145 1666; x_wconf 90' lang='lat' dir='ltr'><strong>quod</strong></span> <span class='ocrx_word' id='word_1_85' title='bbox 1180 1617 1300 1657; x_wconf 88' lang='lat' dir='ltr'><strong>cmn</strong></span> <span class='ocrx_word' id='word_1_86' title='bbox 1327 1607 1392 1661; x_wconf 92' lang='lat' dir='ltr'><strong>de</strong></span> <span class='ocrx_word' id='word_1_87' title='bbox 1423 1607 1560 1664; x_wconf 85' lang='lat' dir='ltr'><strong>Juda</strong></span> <span class='ocrx_word' id='word_1_88' title='bbox 1595 1614 1666 1666; x_wconf 85' lang='lat' dir='ltr'><strong>sit</strong></span> <span class='ocrx_word' id='word_1_89' title='bbox 1696 1619 2092 1688; x_wconf 82' lang='lat' dir='ltr'><strong>accipiendum,</strong></span> 
     </span>
    </p>
   </div>
   <div class='ocr_carea' id='block_1_12' title="bbox 529 1676 2094 1779">
    <p class='ocr_par' dir='ltr' id='par_1_12' title="bbox 529 1676 2094 1779">
     <span class='ocr_line' id='line_1_12' title="bbox 529 1676 2094 1779; baseline 0.026 -51"><span class='ocrx_word' id='word_1_90' title='bbox 529 1676 584 1729; x_wconf 94' lang='lat' dir='ltr'><strong>in</strong></span> <span class='ocrx_word' id='word_1_91' title='bbox 612 1682 879 1748; x_wconf 83' lang='lat' dir='ltr'><strong>superiori</strong></span> <span class='ocrx_word' id='word_1_92' title='bbox 925 1689 1206 1758; x_wconf 78' lang='lat' dir='ltr'><strong>prophetia</strong></span> <span class='ocrx_word' id='word_1_93' title='bbox 1233 1698 1469 1763; x_wconf 87' lang='lat' dir='ltr'><strong>positum</strong></span> <span class='ocrx_word' id='word_1_94' title='bbox 1503 1711 1605 1757; x_wconf 88' lang='lat' dir='ltr'><strong>est.</strong></span> <span class='ocrx_word' id='word_1_95' title='bbox 1641 1703 1707 1759; x_wconf 90' lang='lat' dir='ltr'><strong>Ut</strong></span> <span class='ocrx_word' id='word_1_96' title='bbox 1739 1676 1866 1779; x_wconf 45' lang='lat' dir='ltr'><strong>erg-0</strong></span> <span class='ocrx_word' id='word_1_97' title='bbox 1898 1713 1950 1765; x_wconf 91' lang='lat' dir='ltr'><strong>in</strong></span> <span class='ocrx_word' id='word_1_98' title='bbox 2000 1716 2094 1768; x_wconf 88' lang='lat' dir='ltr'><strong>illo</strong></span> 
     </span>
    </p>
   </div>
   <div class='ocr_carea' id='block_1_13' title="bbox 526 1767 2090 1874">
    <p class='ocr_par' dir='ltr' id='par_1_13' title="bbox 526 1767 2090 1874">
     <span class='ocr_line' id='line_1_13' title="bbox 526 1767 2090 1874; baseline 0.027 -55"><span class='ocrx_word' id='word_1_99' title='bbox 526 1767 828 1837; x_wconf 81' lang='lat' dir='ltr'><strong>dicebatur,</strong></span> <span class='ocrx_word' id='word_1_100' title='bbox 855 1775 1018 1832; x_wconf 85' lang='lat' dir='ltr'><strong>homo</strong></span> <span class='ocrx_word' id='word_1_101' title='bbox 1053 1784 1202 1850; x_wconf 88' lang='lat' dir='ltr'><strong>pacis</strong></span> <span class='ocrx_word' id='word_1_102' title='bbox 1236 1787 1526 1858; x_wconf 83' lang='lat' dir='ltr'><strong>aliquando</strong></span> <span class='ocrx_word' id='word_1_103' title='bbox 1557 1795 1760 1864; x_wconf 78' lang='lat' dir='ltr'><strong>fuisse,</strong></span> <span class='ocrx_word' id='word_1_104' title='bbox 1795 1804 1884 1871; x_wconf 89' lang='lat' dir='ltr'><strong>qui</strong></span> <span class='ocrx_word' id='word_1_105' title='bbox 1916 1821 2090 1874; x_wconf 89' lang='lat' dir='ltr'><strong>quou-</strong></span> 
     </span>
    </p>
   </div>
   <div class='ocr_carea' id='block_1_14' title="bbox 1153 406 3084 496">
    <p class='ocr_par' dir='ltr' id='par_1_14' title="bbox 1153 406 3084 496">
     <span class='ocr_line' id='line_1_14' title="bbox 1153 406 3084 496; baseline 0.019 -36"><span class='ocrx_word' id='word_1_106' title='bbox 1153 406 1420 464; x_wconf 85' lang='lat' dir='ltr'><strong>EUSEBll</strong></span> <span class='ocrx_word' id='word_1_107' title='bbox 1457 411 1931 475; x_wconf 66' lang='lat' dir='ltr'><strong>CESARIENSIS</strong></span> <span class='ocrx_word' id='word_1_108' title='bbox 1969 420 2120 478; x_wconf 87' lang='lat' dir='ltr'><strong>OPP.</strong></span> <span class='ocrx_word' id='word_1_109' title='bbox 2161 423 2339 482; x_wconf 79' lang='lat' dir='ltr'><strong>PARS</strong></span> <span class='ocrx_word' id='word_1_110' title='bbox 2379 429 2442 485; x_wconf 89' lang='lat' dir='ltr'><strong>ll.</strong></span> <span class='ocrx_word' id='word_1_111' title='bbox 2479 459 2552 471; x_wconf 89' lang='lat'><strong>—-</strong></span> <span class='ocrx_word' id='word_1_112' title='bbox 2589 432 3084 496; x_wconf 72' lang='lat' dir='ltr'><strong>APOLOGETICA.</strong></span> 
     </span>
    </p>
   </div>
   <div class='ocr_carea' id='block_1_15' title="bbox 554 517 2117 591">
    <p class='ocr_par' dir='ltr' id='par_1_15' title="bbox 554 517 2117 591">
     <span class='ocr_line' id='line_1_15' title="bbox 554 517 2117 591; baseline 0.019 -31"><span class='ocrx_word' id='word_1_113' title='bbox 554 520 664 570; x_wconf 74' lang='lat' dir='ltr'><strong>ne,</strong></span> <span class='ocrx_word' id='word_1_114' title='bbox 697 521 862 578; x_wconf 86' lang='lat' dir='ltr'><strong>super</strong></span> <span class='ocrx_word' id='word_1_115' title='bbox 889 525 975 567; x_wconf 90' lang='lat' dir='ltr'><strong>me</strong></span> <span class='ocrx_word' id='word_1_116' title='bbox 1001 527 1194 584; x_wconf 77' lang='lat' dir='ltr'><strong>magna</strong></span> <span class='ocrx_word' id='word_1_117' title='bbox 1223 517 1436 575; x_wconf 81' lang='lat' dir='ltr'><strong>lo’cutus</strong></span> <span class='ocrx_word' id='word_1_118' title='bbox 1467 521 1678 591; x_wconf 82' lang='lat' dir='ltr'><strong>fuisset,</strong></span> <span class='ocrx_word' id='word_1_119' title='bbox 1709 527 2117 588; x_wconf 88' lang='lat' dir='ltr'><strong>abscondissem</strong></span> 
     </span>
    </p>
   </div>
   <div class='ocr_carea' id='block_1_16' title="bbox 550 595 2116 686">
    <p class='ocr_par' dir='ltr' id='par_1_16' title="bbox 550 595 2116 686">
     <span class='ocr_line' id='line_1_16' title="bbox 550 595 2116 686; baseline 0.021 -37"><span class='ocrx_word' id='word_1_120' title='bbox 550 610 640 652; x_wconf 88' lang='lat' dir='ltr'><strong>me</strong></span> <span class='ocrx_word' id='word_1_121' title='bbox 662 595 894 656; x_wconf 81' lang='lat' dir='ltr'><strong>forsitan</strong></span> <span class='ocrx_word' id='word_1_122' title='bbox 944 602 1012 657; x_wconf 89' lang='lat' dir='ltr'><strong>ab</strong></span> <span class='ocrx_word' id='word_1_123' title='bbox 1035 619 1119 659; x_wconf 91' lang='lat' dir='ltr'><strong>eo.</strong></span> <span class='ocrx_word' id='word_1_124' title='bbox 1155 605 1235 660; x_wconf 87' lang='lat' dir='ltr'><strong>Tu</strong></span> <span class='ocrx_word' id='word_1_125' title='bbox 1262 625 1392 665; x_wconf 82' lang='lat' dir='ltr'><strong>vero</strong></span> <span class='ocrx_word' id='word_1_126' title='bbox 1418 611 1579 669; x_wconf 88' lang='lat' dir='ltr'><strong>homo</strong></span> <span class='ocrx_word' id='word_1_127' title='bbox 1602 619 1895 686; x_wconf 84' lang='lat' dir='ltr'><strong>unanimis,</strong></span> <span class='ocrx_word' id='word_1_128' title='bbox 1919 632 1974 678; x_wconf 92' lang='lat' dir='ltr'><strong>et</strong></span> <span class='ocrx_word' id='word_1_129' title='bbox 2005 623 2116 681; x_wconf 83' lang='lat' dir='ltr'><strong>dux</strong></span> 
     </span>
    </p>
   </div>
   <div class='ocr_carea' id='block_1_17' title="bbox 549 697 2116 782">
    <p class='ocr_par' dir='ltr' id='par_1_17' title="bbox 549 697 2116 782">
     <span class='ocr_line' id='line_1_17' title="bbox 549 697 2116 782; baseline 0.02 -45"><span class='ocrx_word' id='word_1_130' title='bbox 549 699 726 750; x_wconf 86' lang='lat' dir='ltr'><strong>meus,</strong></span> <span class='ocrx_word' id='word_1_131' title='bbox 758 697 812 742; x_wconf 85' lang='lat' dir='ltr'><strong>et</strong></span> <span class='ocrx_word' id='word_1_132' title='bbox 837 697 1000 747; x_wconf 91' lang='lat' dir='ltr'><strong>notus</strong></span> <span class='ocrx_word' id='word_1_133' title='bbox 1031 709 1224 752; x_wconf 88' lang='lat' dir='ltr'><strong>meus:</strong></span> <span class='ocrx_word' id='word_1_134' title='bbox 1258 700 1351 767; x_wconf 90' lang='lat' dir='ltr'><strong>qui</strong></span> <span class='ocrx_word' id='word_1_135' title='bbox 1383 703 1438 755; x_wconf 90' lang='lat' dir='ltr'><strong>in</strong></span> <span class='ocrx_word' id='word_1_136' title='bbox 1461 702 1600 758; x_wconf 92' lang='lat' dir='ltr'><strong>idem</strong></span> <span class='ocrx_word' id='word_1_137' title='bbox 1628 705 1817 764; x_wconf 87' lang='lat' dir='ltr'><strong>dulces</strong></span> <span class='ocrx_word' id='word_1_138' title='bbox 1839 725 2116 782; x_wconf 88' lang='lat' dir='ltr'><strong>compara-</strong></span> 
     </span>
    </p>
   </div>
   <div class='ocr_carea' id='block_1_18' title="bbox 3681 452 3772 509">
    <p class='ocr_par' dir='ltr' id='par_1_18' title="bbox 3681 452 3772 509">
     <span class='ocr_line' id='line_1_18' title="bbox 3681 452 3772 509; baseline 0 -1"><span class='ocrx_word' id='word_1_139' title='bbox 3681 452 3772 509; x_wconf 72' lang='lat'><strong>733</strong></span> 
     </span>
    </p>
   </div>
   <div class='ocr_carea' id='block_1_19' title="bbox 2146 537 3770 632">
    <p class='ocr_par' dir='ltr' id='par_1_19' title="bbox 2146 537 3770 632">
     <span class='ocr_line' id='line_1_19' title="bbox 2146 537 3770 632; baseline 0.02 -44"><span class='ocrx_word' id='word_1_140' title='bbox 2146 537 2292 598; x_wconf 72' lang='lat' dir='ltr'><strong>A26</strong></span> <span class='ocrx_word' id='word_1_141' title='bbox 2343 539 2418 606; x_wconf 86' lang='grc' dir='ltr'>δὲ,</span> <span class='ocrx_word' id='word_1_142' title='bbox 2469 542 2719 614; x_wconf 79' lang='grc' dir='ltr'><strong>ἄνθρωπε</strong></span> <span class='ocrx_word' id='word_1_143' title='bbox 2771 549 3009 622; x_wconf 71' lang='grc' dir='ltr'>ἰσόψυχε,</span> <span class='ocrx_word' id='word_1_144' title='bbox 3049 554 3272 623; x_wconf 75' lang='grc' dir='ltr'>ἡγεμών</span> <span class='ocrx_word' id='word_1_145' title='bbox 3313 574 3416 627; x_wconf 89' lang='grc' dir='ltr'><strong>μου</strong></span> <span class='ocrx_word' id='word_1_146' title='bbox 3463 563 3560 615; x_wconf 77' lang='grc' dir='ltr'>καὶ</span> <span class='ocrx_word' id='word_1_147' title='bbox 3582 570 3770 632; x_wconf 72' lang='grc' dir='ltr'>γνωπέ</span> 
     </span>
    </p>
   </div>
   <div class='ocr_carea' id='block_1_20' title="bbox 2222 631 3767 728">
    <p class='ocr_par' dir='ltr' id='par_1_20' title="bbox 2222 631 3767 728">
     <span class='ocr_line' id='line_1_20' title="bbox 2222 631 3767 728; baseline 0.019 -48"><span class='ocrx_word' id='word_1_148' title='bbox 2222 645 2346 697; x_wconf 88' lang='grc' dir='ltr'>μου,</span> <span class='ocrx_word' id='word_1_149' title='bbox 2379 631 2436 694; x_wconf 87' lang='grc' dir='ltr'>ὂς</span> <span class='ocrx_word' id='word_1_150' title='bbox 2460 634 2550 686; x_wconf 73' lang='grc' dir='ltr'>ἐπὶ</span> <span class='ocrx_word' id='word_1_151' title='bbox 2571 634 2632 688; x_wconf 85' lang='grc' dir='ltr'>τὸ</span> <span class='ocrx_word' id='word_1_152' title='bbox 2659 637 2787 691; x_wconf 78' lang='grc' dir='ltr'>αὐτὸ</span> <span class='ocrx_word' id='word_1_153' title='bbox 2832 641 3138 709; x_wconf 84' lang='grc' dir='ltr'>ἐγλύκανάς</span> <span class='ocrx_word' id='word_1_154' title='bbox 3165 662 3253 715; x_wconf 86' lang='grc' dir='ltr'><strong>μοι</strong></span> <span class='ocrx_word' id='word_1_155' title='bbox 3288 631 3602 720; x_wconf 80' lang='grc' dir='ltr'>ἐδέσματα,</span> <span class='ocrx_word' id='word_1_156' title='bbox 3623 656 3677 709; x_wconf 88' lang='grc' dir='ltr'>ἐν</span> <span class='ocrx_word' id='word_1_157' title='bbox 3702 660 3767 728; x_wconf 82' lang='grc' dir='ltr'><strong>τῷ</strong></span> 
     </span>
    </p>
   </div>
   <div class='ocr_carea' id='block_1_21' title="bbox 2216 719 3765 810">
    <p class='ocr_par' dir='ltr' id='par_1_21' title="bbox 2216 719 3765 810">
     <span class='ocr_line' id='line_1_21' title="bbox 2216 719 3765 810; baseline 0.02 -40"><span class='ocrx_word' id='word_1_158' title='bbox 2216 719 2348 789; x_wconf 71' lang='grc' dir='ltr'>οἴκῳ</span> <span class='ocrx_word' id='word_1_159' title='bbox 2399 721 2492 776; x_wconf 80' lang='grc' dir='ltr'>τοῦ</span> <span class='ocrx_word' id='word_1_160' title='bbox 2527 723 2658 780; x_wconf 88' lang='grc' dir='ltr'><strong>Θεοῦ</strong></span> <span class='ocrx_word' id='word_1_161' title='bbox 2707 729 3077 804; x_wconf 76' lang='grc' dir='ltr'><strong>ἐπορεύθημεν</strong></span> <span class='ocrx_word' id='word_1_162' title='bbox 3118 735 3177 788; x_wconf 86' lang='grc' dir='ltr'>ἐν</span> <span class='ocrx_word' id='word_1_163' title='bbox 3207 719 3448 810; x_wconf 64' lang='grc' dir='ltr'>ὁμονοία.</span> <span class='ocrx_word' id='word_1_164' title='bbox 3487 760 3506 793; x_wconf 77' lang='grc' dir='ltr'><strong>ι</strong></span> <span class='ocrx_word' id='word_1_165' title='bbox 3546 743 3636 809; x_wconf 90' lang='lat' dir='ltr'><strong>T6,</strong></span> <span class='ocrx_word' id='word_1_166' title='bbox 3666 765 3684 798; x_wconf 78' lang='grc' dir='ltr'><strong>ι</strong></span> <span class='ocrx_word' id='word_1_167' title='bbox 3713 719 3765 802; x_wconf 70' lang='grc' dir='ltr'>ἐι</span> 
     </span>
    </p>
   </div>
   <div class='ocr_carea' id='block_1_22' title="bbox 2216 807 3766 903">
    <p class='ocr_par' dir='ltr' id='par_1_22' title="bbox 2216 807 3766 903">
     <span class='ocr_line' id='line_1_22' title="bbox 2216 807 3766 903; baseline 0.019 -44"><span class='ocrx_word' id='word_1_168' title='bbox 2216 807 2404 880; x_wconf 77' lang='grc' dir='ltr'>ἐχθρὸς</span> <span class='ocrx_word' id='word_1_169' title='bbox 2428 812 2665 867; x_wconf 86' lang='grc' dir='ltr'>ὠνείδισέ</span> <span class='ocrx_word' id='word_1_170' title='bbox 2699 832 2788 886; x_wconf 87' lang='grc' dir='ltr'><strong>με,</strong></span> <span class='ocrx_word' id='word_1_171' title='bbox 2815 819 3093 890; x_wconf 82' lang='grc' dir='ltr'><strong>ὑπήνεγκα</strong></span> <span class='ocrx_word' id='word_1_172' title='bbox 3123 823 3209 890; x_wconf 85' lang='grc' dir='ltr'><strong>ἂν,</strong></span> <span class='ocrx_word' id='word_1_173' title='bbox 3253 843 3272 876; x_wconf 78' lang='grc' dir='ltr'><strong>ι</strong></span> <span class='ocrx_word' id='word_1_174' title='bbox 3301 807 3442 880; x_wconf 50' lang='grc' dir='ltr'>καί(</span> <span class='ocrx_word' id='word_1_175' title='bbox 3472 829 3537 883; x_wconf 76' lang='grc' dir='ltr'><strong>Εἰ</strong></span> <span class='ocrx_word' id='word_1_176' title='bbox 3558 834 3586 885; x_wconf 99' lang='lat'><strong>6</strong></span> <span class='ocrx_word' id='word_1_177' title='bbox 3615 807 3766 903; x_wconf 76' lang='grc' dir='ltr'>μισῶν</span> 
     </span>
    </p>
   </div>
   <div class='ocr_carea' id='block_1_23' title="bbox 2218 902 3764 990">
    <p class='ocr_par' dir='ltr' id='par_1_23' title="bbox 2218 902 3764 990">
     <span class='ocr_line' id='line_1_23' title="bbox 2218 902 3764 990; baseline 0.02 -40"><span class='ocrx_word' id='word_1_178' title='bbox 2218 917 2284 969; x_wconf 90' lang='grc' dir='ltr'><strong>με</strong></span> <span class='ocrx_word' id='word_1_179' title='bbox 2311 902 2398 954; x_wconf 86' lang='grc' dir='ltr'><strong>ἐπ’</strong></span> <span class='ocrx_word' id='word_1_180' title='bbox 2432 904 2532 974; x_wconf 86' lang='grc' dir='ltr'>ἐμὲ</span> <span class='ocrx_word' id='word_1_181' title='bbox 2579 907 3176 984; x_wconf 78' lang='grc' dir='ltr'>ἐμεγαλορῤημόνησεν,</span> <span class='ocrx_word' id='word_1_182' title='bbox 3209 918 3450 990; x_wconf 84' lang='grc' dir='ltr'>ἐκρύϐην</span> <span class='ocrx_word' id='word_1_183' title='bbox 3472 922 3539 975; x_wconf 77' lang='grc' dir='ltr'>ἃν</span> <span class='ocrx_word' id='word_1_184' title='bbox 3573 902 3654 976; x_wconf 82' lang='grc' dir='ltr'>ἐπ’</span> <span class='ocrx_word' id='word_1_185' title='bbox 3680 929 3764 982; x_wconf 75' lang='grc' dir='ltr'><strong>αὖ·</strong></span> 
     </span>
    </p>
   </div>
   <div class='ocr_carea' id='block_1_24' title="bbox 2211 993 3767 1087">
    <p class='ocr_par' dir='ltr' id='par_1_24' title="bbox 2211 993 3767 1087">
     <span class='ocr_line' id='line_1_24' title="bbox 2211 993 3767 1087; baseline 0.016 -42"><span class='ocrx_word' id='word_1_186' title='bbox 2211 993 2326 1047; x_wconf 75' lang='grc' dir='ltr'>τοῦ.</span> <span class='ocrx_word' id='word_1_187' title='bbox 2352 995 2424 1049; x_wconf 85' lang='grc' dir='ltr'><strong>Σὺ</strong></span> <span class='ocrx_word' id='word_1_188' title='bbox 2456 996 2532 1058; x_wconf 86' lang='grc' dir='ltr'>δὲ,</span> <span class='ocrx_word' id='word_1_189' title='bbox 2564 998 2814 1070; x_wconf 82' lang='grc' dir='ltr'><strong>ἄνθρωπε</strong></span> <span class='ocrx_word' id='word_1_190' title='bbox 2860 1004 3102 1076; x_wconf 68' lang='grc' dir='ltr'>ίσὸψυχε,</span> <span class='ocrx_word' id='word_1_191' title='bbox 3141 1009 3363 1080; x_wconf 74' lang='grc' dir='ltr'>ἡγεμών</span> <span class='ocrx_word' id='word_1_192' title='bbox 3392 1029 3499 1082; x_wconf 88' lang='grc' dir='ltr'><strong>μου</strong></span> <span class='ocrx_word' id='word_1_193' title='bbox 3528 1015 3623 1067; x_wconf 70' lang='grc' dir='ltr'>καὶ</span> <span class='ocrx_word' id='word_1_194' title='bbox 3650 1035 3767 1087; x_wconf 84' lang='grc' dir='ltr'>γνω-</span> 
     </span>
    </p>
   </div>
   <div class='ocr_carea' id='block_1_25' title="bbox 2213 1084 3758 1176">
    <p class='ocr_par' dir='ltr' id='par_1_25' title="bbox 2213 1084 3758 1176">
     <span class='ocr_line' id='line_1_25' title="bbox 2213 1084 3758 1176; baseline 0.017 -40"><span class='ocrx_word' id='word_1_195' title='bbox 2213 1084 2306 1137; x_wconf 88' lang='grc' dir='ltr'><strong>στέ</strong></span> <span class='ocrx_word' id='word_1_196' title='bbox 2340 1103 2462 1156; x_wconf 89' lang='grc' dir='ltr'>μου,</span> <span class='ocrx_word' id='word_1_197' title='bbox 2495 1089 2554 1152; x_wconf 85' lang='grc' dir='ltr'>ὃς</span> <span class='ocrx_word' id='word_1_198' title='bbox 2595 1091 2688 1144; x_wconf 80' lang='grc' dir='ltr'>ἐπὶ</span> <span class='ocrx_word' id='word_1_199' title='bbox 2729 1093 2790 1146; x_wconf 84' lang='grc' dir='ltr'>τὸ</span> <span class='ocrx_word' id='word_1_200' title='bbox 2814 1095 2944 1148; x_wconf 78' lang='grc' dir='ltr'>αὐτὸ</span> <span class='ocrx_word' id='word_1_201' title='bbox 2973 1098 3276 1165; x_wconf 83' lang='grc' dir='ltr'>ἐγλύκανάς</span> <span class='ocrx_word' id='word_1_202' title='bbox 3313 1119 3402 1171; x_wconf 87' lang='grc' dir='ltr'><strong>μοι</strong></span> <span class='ocrx_word' id='word_1_203' title='bbox 3433 1084 3717 1176; x_wconf 82' lang='grc' dir='ltr'>ἐδέσματα,</span> <span class='ocrx_word' id='word_1_204' title='bbox 3744 1133 3758 1162; x_wconf 75' lang='grc' dir='ltr'><strong>ι</strong></span> 
     </span>
    </p>
   </div>
   <div class='ocr_carea' id='block_1_26' title="bbox 2208 1175 3762 1271">
    <p class='ocr_par' dir='ltr' id='par_1_26' title="bbox 2208 1175 3762 1271">
     <span class='ocr_line' id='line_1_26' title="bbox 2208 1175 3762 1271; baseline 0.027 -46"><span class='ocrx_word' id='word_1_205' title='bbox 2208 1175 2389 1246; x_wconf 83' lang='grc' dir='ltr'>ὅμοιόν</span> <span class='ocrx_word' id='word_1_206' title='bbox 2450 1180 2566 1232; x_wconf 89' lang='grc' dir='ltr'>ἐστι</span> <span class='ocrx_word' id='word_1_207' title='bbox 2599 1181 2698 1252; x_wconf 80' lang='grc' dir='ltr'>τῷ,</span> <span class='ocrx_word' id='word_1_208' title='bbox 2737 1202 2755 1236; x_wconf 63' lang='grc' dir='ltr'><strong>ι</strong></span> <span class='ocrx_word' id='word_1_209' title='bbox 2794 1186 2902 1239; x_wconf 78' lang='grc' dir='ltr'><strong>Καὶ</strong></span> <span class='ocrx_word' id='word_1_210' title='bbox 2923 1186 3030 1258; x_wconf 78' lang='grc' dir='ltr'><strong>γὰρ</strong></span> <span class='ocrx_word' id='word_1_211' title='bbox 3053 1190 3083 1241; x_wconf 91' lang='grc' dir='ltr'><strong>ὁ</strong></span> <span class='ocrx_word' id='word_1_212' title='bbox 3115 1187 3399 1262; x_wconf 80' lang='grc' dir='ltr'>ἄνθρωπος</span> <span class='ocrx_word' id='word_1_213' title='bbox 3433 1194 3537 1264; x_wconf 79' lang='grc' dir='ltr'><strong>τῆς</strong></span> <span class='ocrx_word' id='word_1_214' title='bbox 3561 1199 3762 1271; x_wconf 72' lang='grc' dir='ltr'>εἰρήνης</span> 
     </span>
    </p>
   </div>
   <div class='ocr_carea' id='block_1_27' title="bbox 2211 1267 3759 1354">
    <p class='ocr_par' dir='ltr' id='par_1_27' title="bbox 2211 1267 3759 1354">
     <span class='ocr_line' id='line_1_27' title="bbox 2211 1267 3759 1354; baseline 0.016 -37"><span class='ocrx_word' id='word_1_215' title='bbox 2211 1283 2332 1335; x_wconf 86' lang='grc' dir='ltr'>μου,</span> <span class='ocrx_word' id='word_1_216' title='bbox 2369 1267 2452 1337; x_wconf 88' lang='grc' dir='ltr'><strong>ἐφ’</strong></span> <span class='ocrx_word' id='word_1_217' title='bbox 2481 1269 2539 1323; x_wconf 82' lang='grc' dir='ltr'>ὃν</span> <span class='ocrx_word' id='word_1_218' title='bbox 2562 1271 2782 1341; x_wconf 83' lang='grc' dir='ltr'>ῆλπισα,</span> <span class='ocrx_word' id='word_1_219' title='bbox 2800 1277 2828 1328; x_wconf 89' lang='grc' dir='ltr'><strong>ὁ</strong></span> <span class='ocrx_word' id='word_1_220' title='bbox 2853 1275 3044 1331; x_wconf 79' lang='grc' dir='ltr'><strong>ἐσθίων</strong></span> <span class='ocrx_word' id='word_1_221' title='bbox 3067 1277 3264 1350; x_wconf 80' lang='grc' dir='ltr'><strong>ἄρτους</strong></span> <span class='ocrx_word' id='word_1_222' title='bbox 3295 1299 3418 1351; x_wconf 88' lang='grc' dir='ltr'>μου,</span> <span class='ocrx_word' id='word_1_223' title='bbox 3449 1267 3759 1354; x_wconf 72' lang='grc' dir='ltr'>ἐμεγάλύνεν</span> 
     </span>
    </p>
   </div>
   <div class='ocr_carea' id='block_1_28' title="bbox 2206 1357 3760 1450">
    <p class='ocr_par' dir='ltr' id='par_1_28' title="bbox 2206 1357 3760 1450">
     <span class='ocr_line' id='line_1_28' title="bbox 2206 1357 3760 1450; baseline 0.015 -42"><span class='ocrx_word' id='word_1_224' title='bbox 2206 1357 2290 1409; x_wconf 87' lang='grc' dir='ltr'><strong>ἐπ’</strong></span> <span class='ocrx_word' id='word_1_225' title='bbox 2319 1359 2417 1428; x_wconf 87' lang='grc' dir='ltr'>ἐμὲ</span> <span class='ocrx_word' id='word_1_226' title='bbox 2469 1366 2826 1435; x_wconf 77' lang='grc' dir='ltr'>πτερνισμὸν’</span> <span class='ocrx_word' id='word_1_227' title='bbox 2864 1387 2884 1418; x_wconf 81' lang='grc'><strong><em>›</em></strong></span> <span class='ocrx_word' id='word_1_228' title='bbox 2912 1369 3039 1439; x_wconf 75' lang='grc' dir='ltr'>περὶ</span> <span class='ocrx_word' id='word_1_229' title='bbox 3079 1369 3172 1423; x_wconf 82' lang='grc' dir='ltr'>τοῦ</span> <span class='ocrx_word' id='word_1_230' title='bbox 3239 1373 3404 1426; x_wconf 88' lang='grc' dir='ltr'>Ἰούδα</span> <span class='ocrx_word' id='word_1_231' title='bbox 3471 1378 3530 1428; x_wconf 87' lang='grc' dir='ltr'><strong>ἐν</strong></span> <span class='ocrx_word' id='word_1_232' title='bbox 3671 1380 3760 1450; x_wconf 74' lang='grc' dir='ltr'>πρὸ</span> 
     </span>
    </p>
   </div>
   <div class='ocr_carea' id='block_1_29' title="bbox 2204 1450 3756 1541">
    <p class='ocr_par' dir='ltr' id='par_1_29' title="bbox 2204 1450 3756 1541">
     <span class='ocr_line' id='line_1_29' title="bbox 2204 1450 3756 1541; baseline 0.016 -41"><span class='ocrx_word' id='word_1_233' title='bbox 2204 1450 2403 1520; x_wconf 77' lang='grc' dir='ltr'><strong>ταύτης</strong></span> <span class='ocrx_word' id='word_1_234' title='bbox 2457 1457 2756 1528; x_wconf 78' lang='grc' dir='ltr'>προφητείᾳ</span> <span class='ocrx_word' id='word_1_235' title='bbox 2814 1462 3069 1532; x_wconf 81' lang='grc' dir='ltr'>κειμένῳ.</span> <span class='ocrx_word' id='word_1_236' title='bbox 3103 1463 3309 1536; x_wconf 85' lang='grc' dir='ltr'>Ὥσπερ</span> <span class='ocrx_word' id='word_1_237' title='bbox 3338 1462 3434 1520; x_wconf 79' lang='grc' dir='ltr'>οὖν</span> <span class='ocrx_word' id='word_1_238' title='bbox 3484 1469 3542 1522; x_wconf 90' lang='grc' dir='ltr'>ἐν</span> <span class='ocrx_word' id='word_1_239' title='bbox 3587 1472 3756 1541; x_wconf 78' lang='grc' dir='ltr'>ἐκείνῳ</span> 
     </span>
    </p>
   </div>
   <div class='ocr_carea' id='block_1_30' title="bbox 2203 1541 3754 1633">
    <p class='ocr_par' dir='ltr' id='par_1_30' title="bbox 2203 1541 3754 1633">
     <span class='ocr_line' id='line_1_30' title="bbox 2203 1541 3754 1633; baseline 0.015 -41"><span class='ocrx_word' id='word_1_240' title='bbox 2203 1541 2474 1596; x_wconf 80' lang='grc' dir='ltr'>ἐδείκνυτο</span> <span class='ocrx_word' id='word_1_241' title='bbox 2519 1545 2799 1617; x_wconf 76' lang='grc' dir='ltr'>ἄνθρωπος</span> <span class='ocrx_word' id='word_1_242' title='bbox 2838 1553 3058 1623; x_wconf 72' lang='grc' dir='ltr'>εἰρήνης</span> <span class='ocrx_word' id='word_1_243' title='bbox 3094 1556 3223 1609; x_wconf 84' lang='grc' dir='ltr'>ποτὲ</span> <span class='ocrx_word' id='word_1_244' title='bbox 3273 1559 3539 1626; x_wconf 85' lang='grc' dir='ltr'>γεγονὼς,</span> <span class='ocrx_word' id='word_1_245' title='bbox 3580 1562 3663 1615; x_wconf 83' lang='grc' dir='ltr'>ὅτε</span> <span class='ocrx_word' id='word_1_246' title='bbox 3688 1563 3754 1633; x_wconf 83' lang='grc' dir='ltr'>τῷ</span> 
     </span>
    </p>
   </div>
   <div class='ocr_carea' id='block_1_31' title="bbox 2200 1632 3751 1711">
    <p class='ocr_par' dir='ltr' id='par_1_31' title="bbox 2200 1632 3751 1711">
     <span class='ocr_line' id='line_1_31' title="bbox 2200 1632 3751 1711; baseline 0.016 -27"><span class='ocrx_word' id='word_1_247' title='bbox 2200 1632 2413 1703; x_wconf 77' lang='grc' dir='ltr'><strong>Σωτῆρι</strong></span> <span class='ocrx_word' id='word_1_248' title='bbox 2439 1637 2823 1709; x_wconf 84' lang='grc' dir='ltr'>ἐμαθητεύετο,</span> <span class='ocrx_word' id='word_1_249' title='bbox 2853 1638 2933 1706; x_wconf 75' lang='grc' dir='ltr'>εἷς</span> <span class='ocrx_word' id='word_1_250' title='bbox 2969 1645 3064 1698; x_wconf 78' lang='grc' dir='ltr'>καὶ</span> <span class='ocrx_word' id='word_1_251' title='bbox 3095 1647 3253 1711; x_wconf 83' lang='grc' dir='ltr'>αύτὸς</span> <span class='ocrx_word' id='word_1_252' title='bbox 3283 1648 3377 1702; x_wconf 81' lang='grc' dir='ltr'>τοῦ</span> <span class='ocrx_word' id='word_1_253' title='bbox 3397 1651 3514 1705; x_wconf 83' lang='grc' dir='ltr'>τῶν</span> <span class='ocrx_word' id='word_1_254' title='bbox 3548 1632 3751 1707; x_wconf 63' lang='lat'><em>67:06:6-</em></span> 
     </span>
    </p>
   </div>
   <div class='ocr_carea' id='block_1_32' title="bbox 2199 1718 3749 1815">
    <p class='ocr_par' dir='ltr' id='par_1_32' title="bbox 2199 1718 3749 1815">
     <span class='ocr_line' id='line_1_32' title="bbox 2199 1718 3749 1815; baseline 0.017 -43"><span class='ocrx_word' id='word_1_255' title='bbox 2199 1718 2304 1773; x_wconf 88' lang='grc' dir='ltr'><strong>λων</strong></span> <span class='ocrx_word' id='word_1_256' title='bbox 2347 1723 2578 1795; x_wconf 78' lang='grc' dir='ltr'>ἀριθμοῦ</span> <span class='ocrx_word' id='word_1_257' title='bbox 2635 1731 2974 1799; x_wconf 73' lang='grc' dir='ltr'><strong>χρηματίσας</strong></span> <span class='ocrx_word' id='word_1_258' title='bbox 2996 1750 3008 1764; x_wconf 87' lang='grc'><strong>·</strong></span> <span class='ocrx_word' id='word_1_259' title='bbox 3035 1733 3176 1789; x_wconf 77' lang='grc' dir='ltr'>οὕτω</span> <span class='ocrx_word' id='word_1_260' title='bbox 3207 1738 3300 1792; x_wconf 71' lang='grc' dir='ltr'>καὶ</span> <span class='ocrx_word' id='word_1_261' title='bbox 3335 1739 3392 1792; x_wconf 90' lang='grc' dir='ltr'><strong>ἐν</strong></span> <span class='ocrx_word' id='word_1_262' title='bbox 3438 1741 3521 1812; x_wconf 83' lang='grc' dir='ltr'>τῷ</span> <span class='ocrx_word' id='word_1_263' title='bbox 3553 1760 3749 1815; x_wconf 81' lang='grc' dir='ltr'>προκει-</span> 
     </span>
    </p>
   </div>
   <div class='ocr_carea' id='block_1_33' title="bbox 2201 1811 3741 1904">
    <p class='ocr_par' dir='ltr' id='par_1_33' title="bbox 2201 1811 3741 1904">
     <span class='ocr_line' id='line_1_33' title="bbox 2201 1811 3741 1904; baseline 0.016 -41"><span class='ocrx_word' id='word_1_264' title='bbox 2201 1811 2344 1883; x_wconf 82' lang='grc' dir='ltr'>μένῳ</span> <span class='ocrx_word' id='word_1_265' title='bbox 2375 1814 2623 1885; x_wconf 66' lang='grc' dir='ltr'>ίσόψυχος</span> <span class='ocrx_word' id='word_1_266' title='bbox 2647 1818 2976 1891; x_wconf 77' lang='grc' dir='ltr'>καὶὴγεμὼν</span> <span class='ocrx_word' id='word_1_267' title='bbox 3006 1825 3098 1877; x_wconf 71' lang='grc' dir='ltr'>καὶ</span> <span class='ocrx_word' id='word_1_268' title='bbox 3121 1828 3358 1893; x_wconf 81' lang='grc' dir='ltr'><strong>γνωστὸς</strong></span> <span class='ocrx_word' id='word_1_269' title='bbox 3391 1811 3548 1901; x_wconf 81' lang='grc' dir='ltr'>αύτῷ</span> <span class='ocrx_word' id='word_1_270' title='bbox 3597 1811 3741 1904; x_wconf 75' lang='grc' dir='ltr'>προσ-</span> 
     </span>
    </p>
   </div>
   <div class='ocr_carea' id='block_1_34' title="bbox 525 1858 2072 1995">
    <p class='ocr_par' dir='ltr' id='par_1_34' title="bbox 525 1858 2072 1995">
     <span class='ocr_line' id='line_1_34' title="bbox 525 1858 2072 1965; baseline 0.018 -53"><span class='ocrx_word' id='word_1_271' title='bbox 525 1858 649 1914; x_wconf 86' lang='lat' dir='ltr'><strong>dam</strong></span> <span class='ocrx_word' id='word_1_272' title='bbox 675 1877 704 1915; x_wconf 89' lang='lat' dir='ltr'><strong>a</strong></span> <span class='ocrx_word' id='word_1_273' title='bbox 741 1861 1017 1925; x_wconf 86' lang='lat' dir='ltr'><strong>Salvatore</strong></span> <span class='ocrx_word' id='word_1_274' title='bbox 1043 1873 1445 1946; x_wconf 81' lang='lat' dir='ltr'><strong>instituebatur,</strong></span> <span class='ocrx_word' id='word_1_275' title='bbox 1478 1901 1601 1940; x_wconf 90' lang='lat' dir='ltr'><strong>cum</strong></span> <span class='ocrx_word' id='word_1_276' title='bbox 1632 1887 1748 1958; x_wconf 90' lang='lat' dir='ltr'><strong>ipse</strong></span> <span class='ocrx_word' id='word_1_277' title='bbox 1779 1907 1994 1965; x_wconf 78' lang='lat' dir='ltr'><strong>quoque</strong></span> <span class='ocrx_word' id='word_1_278' title='bbox 2022 1913 2072 1952; x_wconf 44' lang='lat' dir='ltr'><strong>ex</strong></span> 
     </span>
     <span class='ocr_line' id='line_1_35' title="bbox 525 1963 1875 1995; baseline 0 0"><span class='ocrx_word' id='word_1_279' title='bbox 525 1966 753 1995; x_wconf 65' lang='lat' dir='ltr'><strong>numam</strong></span> <span class='ocrx_word' id='word_1_280' title='bbox 782 1963 1147 1995; x_wconf 66' lang='lat' dir='ltr'><strong>ﬁnncln&#39;nrnru</strong></span> <span class='ocrx_word' id='word_1_281' title='bbox 1184 1986 1321 1995; x_wconf 79' lang='grc'><strong>......-</strong></span> <span class='ocrx_word' id='word_1_282' title='bbox 1369 1985 1503 1995; x_wconf 45' lang='grc' dir='ltr'><strong>---Α</strong></span> <span class='ocrx_word' id='word_1_283' title='bbox 1559 1979 1593 1995; x_wconf 72' lang='grc' dir='ltr'><strong>,ι</strong></span> <span class='ocrx_word' id='word_1_284' title='bbox 1710 1982 1743 1995; x_wconf 84' lang='grc'><strong>-.</strong></span> <span class='ocrx_word' id='word_1_285' title='bbox 1863 1985 1875 1995; x_wconf 90' lang='grc'><em>.</em></span> 
     </span>
    </p>
   </div>
   <div class='ocr_carea' id='block_1_35' title="bbox 2175 1858 3743 1995">
    <p class='ocr_par' dir='ltr' id='par_1_35' title="bbox 2189 1858 3743 1995">
     <span class='ocr_line' id='line_1_36' title="bbox 2201 1858 3741 1904; baseline 0.018 -43"><span class='ocrx_word' id='word_1_286' title='bbox 2201 1858 2342 1883; x_wconf 53' lang='grc' dir='ltr'>...υτ</span> <span class='ocrx_word' id='word_1_287' title='bbox 2375 1858 2620 1885; x_wconf 53' lang='grc' dir='ltr'><strong>---τνλνν</strong></span> <span class='ocrx_word' id='word_1_288' title='bbox 2649 1858 2739 1870; x_wconf 72' lang='grc' dir='ltr'><strong>η...</strong></span> <span class='ocrx_word' id='word_1_289' title='bbox 2759 1858 2784 1889; x_wconf 66' lang='grc' dir='ltr'><strong><em>ι,</em></strong></span> <span class='ocrx_word' id='word_1_290' title='bbox 2803 1858 2975 1891; x_wconf 53' lang='grc' dir='ltr'>ιιι-μων</span> <span class='ocrx_word' id='word_1_291' title='bbox 3009 1858 3098 1877; x_wconf 63' lang='grc' dir='ltr'>ηυδε</span> <span class='ocrx_word' id='word_1_292' title='bbox 3132 1858 3355 1893; x_wconf 59' lang='grc' dir='ltr'><strong>ινωυίυῑ,</strong></span> <span class='ocrx_word' id='word_1_293' title='bbox 3391 1858 3548 1901; x_wconf 48' lang='lat' dir='ltr'><strong>uniti)</strong></span> <span class='ocrx_word' id='word_1_294' title='bbox 3599 1858 3741 1904; x_wconf 69' lang='grc' dir='ltr'>προσ·</span> 
     </span>
     <span class='ocr_line' id='line_1_37' title="bbox 2189 1904 3743 1995; baseline 0.017 -42"><span class='ocrx_word' id='word_1_295' title='bbox 2189 1904 2528 1973; x_wconf 85' lang='grc' dir='ltr'>αγορεύεται.</span> <span class='ocrx_word' id='word_1_296' title='bbox 2548 1909 2656 1962; x_wconf 75' lang='grc' dir='ltr'>Καὶ</span> <span class='ocrx_word' id='word_1_297' title='bbox 2674 1910 2829 1964; x_wconf 88' lang='grc' dir='ltr'>πάλιν</span> <span class='ocrx_word' id='word_1_298' title='bbox 2848 1913 2922 1976; x_wconf 82' lang='grc' dir='ltr'>ὡς</span> <span class='ocrx_word' id='word_1_299' title='bbox 2938 1914 2994 1966; x_wconf 82' lang='grc' dir='ltr'><strong>ἐν</strong></span> <span class='ocrx_word' id='word_1_300' title='bbox 3010 1915 3201 1988; x_wconf 88' lang='grc' dir='ltr'>ἐκείνῳ</span> <span class='ocrx_word' id='word_1_301' title='bbox 3219 1937 3285 1972; x_wconf 88' lang='grc' dir='ltr'>πε</span> <span class='ocrx_word' id='word_1_302' title='bbox 3295 1920 3347 1992; x_wconf 77' lang='grc' dir='ltr'>ρὶ</span> <span class='ocrx_word' id='word_1_303' title='bbox 3363 1921 3534 1976; x_wconf 75' lang='grc' dir='ltr'>αὐτοῦ</span> <span class='ocrx_word' id='word_1_304' title='bbox 3553 1923 3743 1995; x_wconf 70' lang='grc' dir='ltr'>εἴρητο·</span> 
     </span>
    </p>
   </div>
   <div class='ocr_carea' id='block_1_36' title="bbox 524 1963 2088 2056">
    <p class='ocr_par' dir='ltr' id='par_1_36' title="bbox 524 1963 2088 2056">
     <span class='ocr_line' id='line_1_38' title="bbox 524 1963 2088 2056; baseline 0.026 -53"><span class='ocrx_word' id='word_1_305' title='bbox 524 1966 753 2009; x_wconf 83' lang='lat' dir='ltr'><strong>numero</strong></span> <span class='ocrx_word' id='word_1_306' title='bbox 781 1963 1149 2027; x_wconf 84' lang='lat' dir='ltr'><strong>apostolorum</strong></span> <span class='ocrx_word' id='word_1_307' title='bbox 1184 1986 1324 2027; x_wconf 92' lang='lat' dir='ltr'><strong>unus</strong></span> <span class='ocrx_word' id='word_1_308' title='bbox 1363 1985 1527 2041; x_wconf 89' lang='lat' dir='ltr'><strong>esset,</strong></span> <span class='ocrx_word' id='word_1_309' title='bbox 1553 1979 1630 2033; x_wconf 89' lang='lat' dir='ltr'><strong>sic</strong></span> <span class='ocrx_word' id='word_1_310' title='bbox 1675 1982 1833 2036; x_wconf 87' lang='lat' dir='ltr'><strong>etiam</strong></span> <span class='ocrx_word' id='word_1_311' title='bbox 1863 1985 1915 2040; x_wconf 91' lang='lat' dir='ltr'><strong>in</strong></span> <span class='ocrx_word' id='word_1_312' title='bbox 1948 2003 2088 2056; x_wconf 71' lang='lat' dir='ltr'><strong>prse-</strong></span> 
     </span>
    </p>
   </div>
   <div class='ocr_carea' id='block_1_37' title="bbox 522 2045 2086 2138">
    <p class='ocr_par' dir='ltr' id='par_1_37' title="bbox 522 2045 2086 2138">
     <span class='ocr_line' id='line_1_39' title="bbox 522 2045 2086 2138; baseline 0.026 -41"><span class='ocrx_word' id='word_1_313' title='bbox 522 2045 684 2109; x_wconf 90' lang='lat' dir='ltr'><strong>scnti,</strong></span> <span class='ocrx_word' id='word_1_314' title='bbox 715 2055 769 2103; x_wconf 89' lang='lat' dir='ltr'><strong>et</strong></span> <span class='ocrx_word' id='word_1_315' title='bbox 819 2056 1111 2122; x_wconf 91' lang='lat' dir='ltr'><strong>unanimis,</strong></span> <span class='ocrx_word' id='word_1_316' title='bbox 1163 2070 1215 2116; x_wconf 92' lang='lat' dir='ltr'><strong>et</strong></span> <span class='ocrx_word' id='word_1_317' title='bbox 1273 2063 1402 2128; x_wconf 81' lang='lat' dir='ltr'><strong>dux,</strong></span> <span class='ocrx_word' id='word_1_318' title='bbox 1439 2074 1491 2121; x_wconf 89' lang='lat' dir='ltr'><strong>et</strong></span> <span class='ocrx_word' id='word_1_319' title='bbox 1548 2079 1710 2128; x_wconf 90' lang='lat' dir='ltr'><strong>notus</strong></span> <span class='ocrx_word' id='word_1_320' title='bbox 1759 2075 1934 2134; x_wconf 85' lang='lat' dir='ltr'><strong>dictus</strong></span> <span class='ocrx_word' id='word_1_321' title='bbox 1981 2089 2086 2138; x_wconf 92' lang='lat' dir='ltr'><strong>est.</strong></span> 
     </span>
    </p>
   </div>
   <div class='ocr_carea' id='block_1_38' title="bbox 519 2132 2084 2228">
    <p class='ocr_par' dir='ltr' id='par_1_38' title="bbox 519 2132 2084 2228">
     <span class='ocr_line' id='line_1_40' title="bbox 519 2132 2084 2228; baseline 0.027 -42"><span class='ocrx_word' id='word_1_322' title='bbox 519 2132 651 2189; x_wconf 88' lang='lat' dir='ltr'><strong>ltem</strong></span> <span class='ocrx_word' id='word_1_323' title='bbox 686 2143 1140 2208; x_wconf 83' lang='lat' dir='ltr'><strong>quemadmodum</strong></span> <span class='ocrx_word' id='word_1_324' title='bbox 1172 2152 1227 2206; x_wconf 91' lang='lat' dir='ltr'><strong>in</strong></span> <span class='ocrx_word' id='word_1_325' title='bbox 1267 2155 1361 2210; x_wconf 86' lang='lat' dir='ltr'><strong>illo</strong></span> <span class='ocrx_word' id='word_1_326' title='bbox 1393 2157 1460 2212; x_wconf 87' lang='lat' dir='ltr'><strong>de</strong></span> <span class='ocrx_word' id='word_1_327' title='bbox 1488 2161 1675 2216; x_wconf 89' lang='lat' dir='ltr'><strong>eodem</strong></span> <span class='ocrx_word' id='word_1_328' title='bbox 1721 2165 1922 2221; x_wconf 87' lang='lat' dir='ltr'><strong>dictum</strong></span> <span class='ocrx_word' id='word_1_329' title='bbox 1956 2181 2040 2226; x_wconf 87' lang='lat' dir='ltr'><strong>est</strong></span> <span class='ocrx_word' id='word_1_330' title='bbox 2070 2193 2084 2228; x_wconf 90' lang='lat'><strong>:</strong></span> 
     </span>
    </p>
   </div>
   <div class='ocr_carea' id='block_1_39' title="bbox 525 2228 2087 2330">
    <p class='ocr_par' dir='ltr' id='par_1_39' title="bbox 525 2228 2087 2330">
     <span class='ocr_line' id='line_1_41' title="bbox 525 2228 2087 2330; baseline 0.025 -51"><span class='ocrx_word' id='word_1_331' title='bbox 525 2245 545 2279; x_wconf 71' lang='grc' dir='ltr'><strong>ι</strong></span> <span class='ocrx_word' id='word_1_332' title='bbox 581 2228 681 2294; x_wconf 86' lang='lat' dir='ltr'><strong>Qui</strong></span> <span class='ocrx_word' id='word_1_333' title='bbox 714 2235 907 2290; x_wconf 80' lang='lat' dir='ltr'><strong>edebat</strong></span> <span class='ocrx_word' id='word_1_334' title='bbox 959 2255 1128 2308; x_wconf 89' lang='lat' dir='ltr'><strong>panes</strong></span> <span class='ocrx_word' id='word_1_335' title='bbox 1169 2261 1339 2311; x_wconf 88' lang='lat' dir='ltr'><strong>meos,</strong></span> <span class='ocrx_word' id='word_1_336' title='bbox 1375 2255 1737 2320; x_wconf 82' lang='lat' dir='ltr'><strong>magniticavit</strong></span> <span class='ocrx_word' id='word_1_337' title='bbox 1786 2275 1950 2330; x_wconf 86' lang='lat' dir='ltr'><strong>super</strong></span> <span class='ocrx_word' id='word_1_338' title='bbox 2002 2280 2087 2320; x_wconf 91' lang='lat' dir='ltr'><strong>me</strong></span> 
     </span>
    </p>
   </div>
   <div class='ocr_carea' id='block_1_40' title="bbox 517 2325 2084 2421">
    <p class='ocr_par' dir='ltr' id='par_1_40' title="bbox 517 2325 2084 2421">
     <span class='ocr_line' id='line_1_42' title="bbox 517 2325 2084 2421; baseline 0.02 -44"><span class='ocrx_word' id='word_1_339' title='bbox 517 2325 1049 2398; x_wconf 83' lang='lat' dir='ltr'><strong>Supplantationem,</strong></span> <span class='ocrx_word' id='word_1_340' title='bbox 1116 2353 1135 2385; x_wconf 85' lang='grc'><strong>›</strong></span> <span class='ocrx_word' id='word_1_341' title='bbox 1190 2336 1260 2390; x_wconf 89' lang='lat' dir='ltr'><strong>ita</strong></span> <span class='ocrx_word' id='word_1_342' title='bbox 1310 2341 1470 2394; x_wconf 89' lang='lat' dir='ltr'><strong>etiam</strong></span> <span class='ocrx_word' id='word_1_343' title='bbox 1531 2359 1676 2400; x_wconf 79' lang='lat' dir='ltr'><strong>utine</strong></span> <span class='ocrx_word' id='word_1_344' title='bbox 1726 2363 1793 2403; x_wconf 81' lang='lat' dir='ltr'><strong>cx</strong></span> <span class='ocrx_word' id='word_1_345' title='bbox 1852 2367 2084 2421; x_wconf 87' lang='lat' dir='ltr'><strong>persona</strong></span> 
     </span>
    </p>
   </div>
   <div class='ocr_carea' id='block_1_41' title="bbox 515 2415 2085 2514">
    <p class='ocr_par' dir='ltr' id='par_1_41' title="bbox 515 2415 2085 2514">
     <span class='ocr_line' id='line_1_43' title="bbox 515 2415 2085 2514; baseline 0.02 -46"><span class='ocrx_word' id='word_1_346' title='bbox 515 2415 690 2483; x_wconf 77' lang='lat' dir='ltr'><strong>ipsius</strong></span> <span class='ocrx_word' id='word_1_347' title='bbox 724 2418 927 2474; x_wconf 86' lang='lat' dir='ltr'><strong>dicitur</strong></span> <span class='ocrx_word' id='word_1_348' title='bbox 959 2423 1090 2479; x_wconf 93' lang='lat' dir='ltr'><strong>illud</strong></span> <span class='ocrx_word' id='word_1_349' title='bbox 1127 2444 1138 2480; x_wconf 91' lang='lat'><strong>:</strong></span> <span class='ocrx_word' id='word_1_350' title='bbox 1177 2446 1195 2478; x_wconf 74' lang='grc' dir='ltr'><strong>ι</strong></span> <span class='ocrx_word' id='word_1_351' title='bbox 1231 2429 1335 2494; x_wconf 89' lang='lat' dir='ltr'><strong>Qui</strong></span> <span class='ocrx_word' id='word_1_352' title='bbox 1373 2432 1427 2485; x_wconf 81' lang='lat' dir='ltr'><strong>in</strong></span> <span class='ocrx_word' id='word_1_353' title='bbox 1458 2433 1599 2489; x_wconf 88' lang='lat' dir='ltr'><strong>idem</strong></span> <span class='ocrx_word' id='word_1_354' title='bbox 1633 2438 1819 2494; x_wconf 83' lang='lat' dir='ltr'><strong>dulces</strong></span> <span class='ocrx_word' id='word_1_355' title='bbox 1852 2415 2085 2514; x_wconf 65' lang='lat' dir='ltr'><strong>compa-</strong></span> 
     </span>
    </p>
   </div>
   <div class='ocr_carea' id='block_1_42' title="bbox 512 2506 2080 2603">
    <p class='ocr_par' dir='ltr' id='par_1_42' title="bbox 512 2506 2080 2603">
     <span class='ocr_line' id='line_1_44' title="bbox 512 2506 2080 2603; baseline 0.02 -43"><span class='ocrx_word' id='word_1_356' title='bbox 512 2506 677 2562; x_wconf 61' lang='lat' dir='ltr'><strong>rubas</strong></span> <span class='ocrx_word' id='word_1_357' title='bbox 709 2512 840 2565; x_wconf 86' lang='lat' dir='ltr'><strong>mihi</strong></span> <span class='ocrx_word' id='word_1_358' title='bbox 876 2513 1049 2570; x_wconf 87' lang='lat' dir='ltr'><strong>cibos.</strong></span> <span class='ocrx_word' id='word_1_359' title='bbox 1075 2536 1094 2568; x_wconf 76' lang='grc' dir='ltr'><strong>ι</strong></span> <span class='ocrx_word' id='word_1_360' title='bbox 1122 2517 1332 2574; x_wconf 86' lang='lat' dir='ltr'><strong>Etenim</strong></span> <span class='ocrx_word' id='word_1_361' title='bbox 1360 2539 1423 2577; x_wconf 80' lang='lat' dir='ltr'><strong>ex</strong></span> <span class='ocrx_word' id='word_1_362' title='bbox 1451 2525 1519 2580; x_wconf 89' lang='lat' dir='ltr'><strong>iis</strong></span> <span class='ocrx_word' id='word_1_363' title='bbox 1542 2527 1654 2597; x_wconf 89' lang='lat' dir='ltr'><strong>ipse</strong></span> <span class='ocrx_word' id='word_1_364' title='bbox 1684 2547 1899 2603; x_wconf 87' lang='lat' dir='ltr'><strong>quoque</strong></span> <span class='ocrx_word' id='word_1_365' title='bbox 1941 2553 2080 2594; x_wconf 84' lang='lat' dir='ltr'><strong>unus</strong></span> 
     </span>
    </p>
   </div>
   <div class='ocr_carea' id='block_1_43' title="bbox 511 2605 2080 2695">
    <p class='ocr_par' dir='ltr' id='par_1_43' title="bbox 511 2605 2080 2695">
     <span class='ocr_line' id='line_1_45' title="bbox 511 2605 2080 2695; baseline 0.019 -41"><span class='ocrx_word' id='word_1_366' title='bbox 511 2609 649 2666; x_wconf 87' lang='lat' dir='ltr'><strong>erat,</strong></span> <span class='ocrx_word' id='word_1_367' title='bbox 682 2605 772 2672; x_wconf 80' lang='lat' dir='ltr'><strong>qui</strong></span> <span class='ocrx_word' id='word_1_368' title='bbox 801 2605 869 2658; x_wconf 91' lang='lat' dir='ltr'><strong>ad</strong></span> <span class='ocrx_word' id='word_1_369' title='bbox 899 2622 1178 2675; x_wconf 84' lang='lat' dir='ltr'><strong>arcanam,</strong></span> <span class='ocrx_word' id='word_1_370' title='bbox 1213 2629 1318 2683; x_wconf 88' lang='lat' dir='ltr'><strong>qua</strong></span> <span class='ocrx_word' id='word_1_371' title='bbox 1341 2631 1462 2669; x_wconf 89' lang='lat' dir='ltr'><strong>cum</strong></span> <span class='ocrx_word' id='word_1_372' title='bbox 1502 2621 1617 2674; x_wconf 91' lang='lat' dir='ltr'><strong>suis</strong></span> <span class='ocrx_word' id='word_1_373' title='bbox 1650 2624 1932 2695; x_wconf 89' lang='lat' dir='ltr'><strong>discipulis</strong></span> <span class='ocrx_word' id='word_1_374' title='bbox 1963 2638 2080 2684; x_wconf 89' lang='lat' dir='ltr'><strong>ute-</strong></span> 
     </span>
    </p>
   </div>
   <div class='ocr_carea' id='block_1_44' title="bbox 511 2689 2078 2788">
    <p class='ocr_par' dir='ltr' id='par_1_44' title="bbox 511 2689 2078 2788">
     <span class='ocr_line' id='line_1_46' title="bbox 511 2689 2078 2788; baseline 0.019 -43"><span class='ocrx_word' id='word_1_375' title='bbox 511 2689 693 2754; x_wconf 87' lang='lat' dir='ltr'><strong>batur,</strong></span> <span class='ocrx_word' id='word_1_376' title='bbox 750 2692 1050 2757; x_wconf 81' lang='lat' dir='ltr'><strong>Salvatoris</strong></span> <span class='ocrx_word' id='word_1_377' title='bbox 1098 2707 1270 2759; x_wconf 85' lang='lat' dir='ltr'><strong>nostri</strong></span> <span class='ocrx_word' id='word_1_378' title='bbox 1323 2713 1773 2769; x_wconf 82' lang='lat' dir='ltr'><strong>consuetudinem</strong></span> <span class='ocrx_word' id='word_1_379' title='bbox 1821 2720 2078 2788; x_wconf 87' lang='lat' dir='ltr'><strong>spiritua-</strong></span> 
     </span>
    </p>
   </div>
   <div class='ocr_carea' id='block_1_45' title="bbox 510 2780 2076 2876">
    <p class='ocr_par' dir='ltr' id='par_1_45' title="bbox 510 2780 2076 2876">
     <span class='ocr_line' id='line_1_47' title="bbox 510 2780 2076 2876; baseline 0.023 -43"><span class='ocrx_word' id='word_1_380' title='bbox 510 2780 724 2852; x_wconf 89' lang='lat' dir='ltr'><strong>lemque</strong></span> <span class='ocrx_word' id='word_1_381' title='bbox 763 2787 945 2843; x_wconf 89' lang='lat' dir='ltr'><strong>cibum</strong></span> <span class='ocrx_word' id='word_1_382' title='bbox 995 2797 1260 2866; x_wconf 89' lang='lat' dir='ltr'><strong>assumpti</strong></span> <span class='ocrx_word' id='word_1_383' title='bbox 1322 2798 1580 2855; x_wconf 81' lang='lat' dir='ltr'><strong>fuerant:</strong></span> <span class='ocrx_word' id='word_1_384' title='bbox 1631 2804 1791 2876; x_wconf 67' lang='grc'><strong>472</strong></span> <span class='ocrx_word' id='word_1_385' title='bbox 1831 2780 1955 2864; x_wconf 74' lang='lat' dir='ltr'><strong>nam</strong></span> <span class='ocrx_word' id='word_1_386' title='bbox 2008 2815 2076 2870; x_wconf 89' lang='lat' dir='ltr'><strong>ad</strong></span> 
     </span>
    </p>
   </div>
   <div class='ocr_carea' id='block_1_46' title="bbox 508 2872 2073 2958">
    <p class='ocr_par' dir='ltr' id='par_1_46' title="bbox 508 2872 2073 2958">
     <span class='ocr_line' id='line_1_48' title="bbox 508 2872 2073 2958; baseline 0.023 -36"><span class='ocrx_word' id='word_1_387' title='bbox 508 2872 791 2940; x_wconf 83' lang='lat' dir='ltr'><strong>profanam</strong></span> <span class='ocrx_word' id='word_1_388' title='bbox 822 2881 1222 2939; x_wconf 89' lang='lat' dir='ltr'><strong>multitudinem</strong></span> <span class='ocrx_word' id='word_1_389' title='bbox 1253 2895 1305 2941; x_wconf 92' lang='lat' dir='ltr'><strong>et</strong></span> <span class='ocrx_word' id='word_1_390' title='bbox 1328 2888 1393 2940; x_wconf 89' lang='lat' dir='ltr'><strong>ad</strong></span> <span class='ocrx_word' id='word_1_391' title='bbox 1426 2891 1612 2948; x_wconf 86' lang='lat' dir='ltr'><strong>turbas</strong></span> <span class='ocrx_word' id='word_1_392' title='bbox 1645 2872 1960 2954; x_wconf 59' lang='lat' dir='ltr'><strong>cuni—verba</strong></span> <span class='ocrx_word' id='word_1_393' title='bbox 1990 2902 2073 2958; x_wconf 85' lang='lat' dir='ltr'><strong>fa-</strong></span> 
     </span>
    </p>
   </div>
   <div class='ocr_carea' id='block_1_47' title="bbox 507 2972 2069 3063">
    <p class='ocr_par' dir='ltr' id='par_1_47' title="bbox 507 2972 2069 3063">
     <span class='ocr_line' id='line_1_49' title="bbox 507 2972 2069 3063; baseline 0.022 -47"><span class='ocrx_word' id='word_1_394' title='bbox 507 2974 674 3028; x_wconf 90' lang='lat' dir='ltr'><strong>ceret,</strong></span> <span class='ocrx_word' id='word_1_395' title='bbox 701 2972 975 3037; x_wconf 89' lang='lat' dir='ltr'><strong>parabolis</strong></span> <span class='ocrx_word' id='word_1_396' title='bbox 999 2978 1266 3031; x_wconf 78' lang='lat' dir='ltr'><strong>utebatur.</strong></span> <span class='ocrx_word' id='word_1_397' title='bbox 1298 2979 1441 3036; x_wconf 87' lang='lat' dir='ltr'><strong>Solis</strong></span> <span class='ocrx_word' id='word_1_398' title='bbox 1471 3000 1597 3038; x_wconf 88' lang='lat' dir='ltr'><strong>vero</strong></span> <span class='ocrx_word' id='word_1_399' title='bbox 1619 2989 1736 3043; x_wconf 88' lang='lat' dir='ltr'><strong>suis</strong></span> <span class='ocrx_word' id='word_1_400' title='bbox 1766 2989 2069 3063; x_wconf 90' lang='lat' dir='ltr'><strong>discipulis,</strong></span> 
     </span>
    </p>
   </div>
   <div class='ocr_carea' id='block_1_48' title="bbox 507 3055 2069 3152">
    <p class='ocr_par' dir='ltr' id='par_1_48' title="bbox 507 3055 2069 3152">
     <span class='ocr_line' id='line_1_50' title="bbox 507 3055 2069 3152; baseline 0.023 -45"><span class='ocrx_word' id='word_1_401' title='bbox 507 3055 562 3109; x_wconf 89' lang='lat' dir='ltr'><strong>in</strong></span> <span class='ocrx_word' id='word_1_402' title='bbox 587 3071 816 3126; x_wconf 90' lang='lat' dir='ltr'><strong>quorum</strong></span> <span class='ocrx_word' id='word_1_403' title='bbox 847 3064 1089 3121; x_wconf 90' lang='lat' dir='ltr'><strong>ordinem</strong></span> <span class='ocrx_word' id='word_1_404' title='bbox 1142 3071 1303 3124; x_wconf 89' lang='lat' dir='ltr'><strong>etiam</strong></span> <span class='ocrx_word' id='word_1_405' title='bbox 1338 3071 1507 3130; x_wconf 85' lang='lat' dir='ltr'><strong>Judas</strong></span> <span class='ocrx_word' id='word_1_406' title='bbox 1552 3078 1826 3137; x_wconf 90' lang='lat' dir='ltr'><strong>admissus</strong></span> <span class='ocrx_word' id='word_1_407' title='bbox 1871 3083 2069 3152; x_wconf 86' lang='lat' dir='ltr'><strong>fuerat,</strong></span> 
     </span>
    </p>
   </div>
   <div class='ocr_carea' id='block_1_49' title="bbox 505 3150 2067 3239">
    <p class='ocr_par' dir='ltr' id='par_1_49' title="bbox 505 3150 2067 3239">
     <span class='ocr_line' id='line_1_51' title="bbox 505 3150 2067 3239; baseline 0.023 -41"><span class='ocrx_word' id='word_1_408' title='bbox 505 3150 745 3216; x_wconf 88' lang='lat' dir='ltr'><strong>apertius</strong></span> <span class='ocrx_word' id='word_1_409' title='bbox 767 3155 948 3207; x_wconf 83' lang='lat' dir='ltr'><strong>omnia</strong></span> <span class='ocrx_word' id='word_1_410' title='bbox 977 3157 1406 3218; x_wconf 77' lang='lat' dir='ltr'><strong>demonstrabat.</strong></span> <span class='ocrx_word' id='word_1_411' title='bbox 1448 3166 1522 3221; x_wconf 82' lang='lat' dir='ltr'><strong>Ex</strong></span> <span class='ocrx_word' id='word_1_412' title='bbox 1554 3186 1662 3239; x_wconf 90' lang='lat' dir='ltr'><strong>quo</strong></span> <span class='ocrx_word' id='word_1_413' title='bbox 1692 3173 1823 3228; x_wconf 90' lang='lat' dir='ltr'><strong>illud</strong></span> <span class='ocrx_word' id='word_1_414' title='bbox 1862 3150 2067 3234; x_wconf 86' lang='lat' dir='ltr'><strong>dictum</strong></span> 
     </span>
    </p>
   </div>
   <div class='ocr_carea' id='block_1_50' title="bbox 501 3240 2070 3340">
    <p class='ocr_par' dir='ltr' id='par_1_50' title="bbox 501 3240 2070 3340">
     <span class='ocr_line' id='line_1_52' title="bbox 501 3240 2070 3340; baseline 0.02 -46"><span class='ocrx_word' id='word_1_415' title='bbox 501 3247 623 3294; x_wconf 88' lang='lat' dir='ltr'><strong>est:</strong></span> <span class='ocrx_word' id='word_1_416' title='bbox 664 3260 682 3292; x_wconf 74' lang='grc' dir='ltr'><strong>ι</strong></span> <span class='ocrx_word' id='word_1_417' title='bbox 715 3240 814 3306; x_wconf 85' lang='lat' dir='ltr'><strong>Qui</strong></span> <span class='ocrx_word' id='word_1_418' title='bbox 848 3245 1039 3300; x_wconf 82' lang='lat' dir='ltr'><strong>edebat</strong></span> <span class='ocrx_word' id='word_1_419' title='bbox 1071 3265 1238 3318; x_wconf 90' lang='lat' dir='ltr'><strong>panes</strong></span> <span class='ocrx_word' id='word_1_420' title='bbox 1275 3271 1455 3319; x_wconf 85' lang='lat' dir='ltr'><strong>meos,</strong></span> <span class='ocrx_word' id='word_1_421' title='bbox 1487 3263 1855 3332; x_wconf 80' lang='lat' dir='ltr'><strong>magnificavit</strong></span> <span class='ocrx_word' id='word_1_422' title='bbox 1906 3285 2070 3340; x_wconf 87' lang='lat' dir='ltr'><strong>super</strong></span> 
     </span>
    </p>
   </div>
   <div class='ocr_carea' id='block_1_51' title="bbox 500 3333 2070 3424">
    <p class='ocr_par' dir='ltr' id='par_1_51' title="bbox 500 3333 2070 3424">
     <span class='ocr_line' id='line_1_53' title="bbox 500 3333 2070 3424; baseline 0.025 -44"><span class='ocrx_word' id='word_1_423' title='bbox 500 3343 587 3383; x_wconf 85' lang='lat' dir='ltr'><strong>me</strong></span> <span class='ocrx_word' id='word_1_424' title='bbox 635 3333 1164 3406; x_wconf 88' lang='lat' dir='ltr'><strong>supplantationem;</strong></span> <span class='ocrx_word' id='word_1_425' title='bbox 1212 3363 1229 3394; x_wconf 74' lang='grc' dir='ltr'><strong>ι</strong></span> <span class='ocrx_word' id='word_1_426' title='bbox 1268 3352 1320 3398; x_wconf 91' lang='lat' dir='ltr'><strong>et</strong></span> <span class='ocrx_word' id='word_1_427' title='bbox 1371 3347 1552 3406; x_wconf 89' lang='lat' dir='ltr'><strong>illud:</strong></span> <span class='ocrx_word' id='word_1_428' title='bbox 1602 3371 1621 3404; x_wconf 89' lang='grc'><em>‹</em></span> <span class='ocrx_word' id='word_1_429' title='bbox 1686 3356 1780 3424; x_wconf 87' lang='lat' dir='ltr'><strong>qui</strong></span> <span class='ocrx_word' id='word_1_430' title='bbox 1827 3359 1880 3412; x_wconf 90' lang='lat' dir='ltr'><strong>in</strong></span> <span class='ocrx_word' id='word_1_431' title='bbox 1928 3333 2070 3418; x_wconf 74' lang='lat' dir='ltr'><strong>idem</strong></span> 
     </span>
    </p>
   </div>
   <div class='ocr_carea' id='block_1_52' title="bbox 499 3419 2069 3515">
    <p class='ocr_par' dir='ltr' id='par_1_52' title="bbox 499 3419 2069 3515">
     <span class='ocr_line' id='line_1_54' title="bbox 499 3419 2069 3515; baseline 0.024 -44"><span class='ocrx_word' id='word_1_432' title='bbox 499 3419 685 3475; x_wconf 82' lang='lat' dir='ltr'><strong>dulces</strong></span> <span class='ocrx_word' id='word_1_433' title='bbox 717 3430 1070 3494; x_wconf 86' lang='lat' dir='ltr'><strong>comparabas</strong></span> <span class='ocrx_word' id='word_1_434' title='bbox 1103 3434 1230 3487; x_wconf 85' lang='lat' dir='ltr'><strong>mihi</strong></span> <span class='ocrx_word' id='word_1_435' title='bbox 1265 3437 1437 3500; x_wconf 86' lang='lat' dir='ltr'><strong>cibos.</strong></span> <span class='ocrx_word' id='word_1_436' title='bbox 1501 3465 1520 3497; x_wconf 74' lang='grc' dir='ltr'><strong>ι</strong></span> <span class='ocrx_word' id='word_1_437' title='bbox 1577 3448 1722 3515; x_wconf 87' lang='lat' dir='ltr'><strong>quod</strong></span> <span class='ocrx_word' id='word_1_438' title='bbox 1773 3463 1904 3504; x_wconf 84' lang='lat' dir='ltr'><strong>sane</strong></span> <span class='ocrx_word' id='word_1_439' title='bbox 1954 3456 2069 3508; x_wconf 81' lang='lat' dir='ltr'><strong>evi-</strong></span> 
     </span>
    </p>
   </div>
   <div class='ocr_carea' id='block_1_53' title="bbox 498 3509 2066 3604">
    <p class='ocr_par' dir='ltr' id='par_1_53' title="bbox 498 3509 2066 3604">
     <span class='ocr_line' id='line_1_55' title="bbox 498 3509 2066 3604; baseline 0.02 -41"><span class='ocrx_word' id='word_1_440' title='bbox 498 3509 719 3568; x_wconf 89' lang='lat' dir='ltr'><strong>dentius</strong></span> <span class='ocrx_word' id='word_1_441' title='bbox 761 3519 1031 3586; x_wconf 80' lang='lat' dir='ltr'><strong>expressit</strong></span> <span class='ocrx_word' id='word_1_442' title='bbox 1069 3522 1263 3590; x_wconf 86' lang='lat' dir='ltr'><strong>Aquila</strong></span> <span class='ocrx_word' id='word_1_443' title='bbox 1304 3529 1522 3598; x_wconf 89' lang='lat' dir='ltr'><strong>quidem</strong></span> <span class='ocrx_word' id='word_1_444' title='bbox 1555 3509 1635 3589; x_wconf 67' lang='lat' dir='ltr'><strong>sic</strong></span> <span class='ocrx_word' id='word_1_445' title='bbox 1670 3547 1685 3589; x_wconf 72' lang='grc' dir='ltr'><strong>ε</strong></span> <span class='ocrx_word' id='word_1_446' title='bbox 1716 3555 1733 3588; x_wconf 79' lang='grc' dir='ltr'><strong>ι</strong></span> <span class='ocrx_word' id='word_1_447' title='bbox 1771 3537 1875 3604; x_wconf 90' lang='lat' dir='ltr'><strong>Qui</strong></span> <span class='ocrx_word' id='word_1_448' title='bbox 1904 3541 2066 3599; x_wconf 84' lang='lat' dir='ltr'><strong>simul</strong></span> 
     </span>
    </p>
   </div>
   <div class='ocr_carea' id='block_1_54' title="bbox 496 3600 2065 3694">
    <p class='ocr_par' dir='ltr' id='par_1_54' title="bbox 496 3600 2065 3694">
     <span class='ocr_line' id='line_1_56' title="bbox 496 3600 2065 3694; baseline 0.021 -41"><span class='ocrx_word' id='word_1_449' title='bbox 496 3600 656 3657; x_wconf 90' lang='lat' dir='ltr'><strong>dulce</strong></span> <span class='ocrx_word' id='word_1_450' title='bbox 694 3610 1144 3677; x_wconf 82' lang='lat' dir='ltr'><strong>comparabamus</strong></span> <span class='ocrx_word' id='word_1_451' title='bbox 1177 3630 1460 3674; x_wconf 81' lang='lat' dir='ltr'><strong>arcanum.</strong></span> <span class='ocrx_word' id='word_1_452' title='bbox 1505 3642 1522 3674; x_wconf 73' lang='grc' dir='ltr'><strong>ι</strong></span> <span class='ocrx_word' id='word_1_453' title='bbox 1559 3621 1918 3694; x_wconf 85' lang='lat' dir='ltr'><strong>Symmachus</strong></span> <span class='ocrx_word' id='word_1_454' title='bbox 1969 3645 2065 3685; x_wconf 87' lang='lat' dir='ltr'><strong>au-</strong></span> 
     </span>
    </p>
   </div>
   <div class='ocr_carea' id='block_1_55' title="bbox 495 3693 2061 3777">
    <p class='ocr_par' dir='ltr' id='par_1_55' title="bbox 495 3693 2061 3777">
     <span class='ocr_line' id='line_1_57' title="bbox 495 3693 2061 3777; baseline 0.022 -34"><span class='ocrx_word' id='word_1_455' title='bbox 495 3701 602 3745; x_wconf 87' lang='lat' dir='ltr'><strong>tem</strong></span> <span class='ocrx_word' id='word_1_456' title='bbox 629 3693 708 3748; x_wconf 90' lang='lat' dir='ltr'><strong>sic</strong></span> <span class='ocrx_word' id='word_1_457' title='bbox 745 3715 756 3750; x_wconf 92' lang='lat'><strong>:</strong></span> <span class='ocrx_word' id='word_1_458' title='bbox 793 3715 810 3746; x_wconf 75' lang='grc' dir='ltr'><strong>ι</strong></span> <span class='ocrx_word' id='word_1_459' title='bbox 849 3697 949 3763; x_wconf 85' lang='lat' dir='ltr'><strong>Qui</strong></span> <span class='ocrx_word' id='word_1_460' title='bbox 979 3702 1123 3756; x_wconf 91' lang='lat' dir='ltr'><strong>inter</strong></span> <span class='ocrx_word' id='word_1_461' title='bbox 1153 3722 1253 3761; x_wconf 90' lang='lat' dir='ltr'><strong>nos</strong></span> <span class='ocrx_word' id='word_1_462' title='bbox 1283 3715 1820 3774; x_wconf 72' lang='lat' dir='ltr'><strong>coma&#39;iunicabau&#39;ius</strong></span> <span class='ocrx_word' id='word_1_463' title='bbox 1848 3719 2061 3777; x_wconf 90' lang='lat' dir='ltr'><strong>dulcem</strong></span> 
     </span>
    </p>
   </div>
   <div class='ocr_carea' id='block_1_56' title="bbox 495 3786 2063 3869">
    <p class='ocr_par' dir='ltr' id='par_1_56' title="bbox 495 3786 2063 3869">
     <span class='ocr_line' id='line_1_58' title="bbox 495 3786 2063 3869; baseline 0.022 -35"><span class='ocrx_word' id='word_1_464' title='bbox 495 3786 764 3839; x_wconf 87' lang='lat' dir='ltr'><strong>sermonis</strong></span> <span class='ocrx_word' id='word_1_465' title='bbox 793 3794 1264 3851; x_wconf 88' lang='lat' dir='ltr'><strong>consuetudinem.</strong></span> <span class='ocrx_word' id='word_1_466' title='bbox 1309 3819 1326 3850; x_wconf 79' lang='grc' dir='ltr'><strong>ι</strong></span> <span class='ocrx_word' id='word_1_467' title='bbox 1361 3799 1467 3855; x_wconf 86' lang='lat' dir='ltr'><strong>Pro</strong></span> <span class='ocrx_word' id='word_1_468' title='bbox 1492 3804 1582 3858; x_wconf 89' lang='lat' dir='ltr'><strong>illo</strong></span> <span class='ocrx_word' id='word_1_469' title='bbox 1608 3822 1772 3862; x_wconf 85' lang='lat' dir='ltr'><strong>vero:</strong></span> <span class='ocrx_word' id='word_1_470' title='bbox 1806 3829 1824 3861; x_wconf 83' lang='grc' dir='ltr'><strong>ι</strong></span> <span class='ocrx_word' id='word_1_471' title='bbox 1861 3810 1941 3865; x_wconf 89' lang='lat' dir='ltr'><strong>Tu</strong></span> <span class='ocrx_word' id='word_1_472' title='bbox 1970 3830 2063 3869; x_wconf 88' lang='lat' dir='ltr'><strong>au-</strong></span> 
     </span>
    </p>
   </div>
   <div class='ocr_carea' id='block_1_57' title="bbox 490 4056 2050 4141">
    <p class='ocr_par' dir='ltr' id='par_1_57' title="bbox 490 4056 2050 4141">
     <span class='ocr_line' id='line_1_59' title="bbox 490 4056 2050 4141; baseline 0.021 -35"><span class='ocrx_word' id='word_1_473' title='bbox 490 4056 568 4109; x_wconf 87' lang='lat' dir='ltr'><strong>ris</strong></span> <span class='ocrx_word' id='word_1_474' title='bbox 599 4056 840 4126; x_wconf 76' lang='lat' dir='ltr'><strong>ejusdem</strong></span> <span class='ocrx_word' id='word_1_475' title='bbox 872 4077 1104 4129; x_wconf 88' lang='lat' dir='ltr'><strong>mecum,</strong></span> <span class='ocrx_word' id='word_1_476' title='bbox 1129 4077 1181 4122; x_wconf 86' lang='lat' dir='ltr'><strong>et</strong></span> <span class='ocrx_word' id='word_1_477' title='bbox 1201 4070 1307 4125; x_wconf 81' lang='lat' dir='ltr'><strong>dux</strong></span> <span class='ocrx_word' id='word_1_478' title='bbox 1345 4088 1517 4137; x_wconf 90' lang='lat' dir='ltr'><strong>meus,</strong></span> <span class='ocrx_word' id='word_1_479' title='bbox 1550 4086 1602 4132; x_wconf 92' lang='lat' dir='ltr'><strong>et</strong></span> <span class='ocrx_word' id='word_1_480' title='bbox 1629 4087 1791 4136; x_wconf 87' lang='lat' dir='ltr'><strong>notus</strong></span> <span class='ocrx_word' id='word_1_481' title='bbox 1819 4099 2005 4141; x_wconf 89' lang='lat' dir='ltr'><strong>meus:</strong></span> <span class='ocrx_word' id='word_1_482' title='bbox 2031 4106 2050 4139; x_wconf 71' lang='grc' dir='ltr'><strong>ο</strong></span> 
     </span>
    </p>
   </div>
   <div class='ocr_carea' id='block_1_58' title="bbox 489 4154 2050 4245">
    <p class='ocr_par' dir='ltr' id='par_1_58' title="bbox 489 4154 2050 4245">
     <span class='ocr_line' id='line_1_60' title="bbox 489 4154 2050 4245; baseline 0.024 -47"><span class='ocrx_word' id='word_1_483' title='bbox 489 4161 612 4201; x_wconf 88' lang='lat' dir='ltr'><strong>nam</strong></span> <span class='ocrx_word' id='word_1_484' title='bbox 640 4165 764 4204; x_wconf 89' lang='lat' dir='ltr'><strong>cum</strong></span> <span class='ocrx_word' id='word_1_485' title='bbox 801 4154 867 4207; x_wconf 90' lang='lat' dir='ltr'><strong>ad</strong></span> <span class='ocrx_word' id='word_1_486' title='bbox 917 4164 1121 4212; x_wconf 87' lang='lat' dir='ltr'><strong>tantam</strong></span> <span class='ocrx_word' id='word_1_487' title='bbox 1161 4161 1476 4232; x_wconf 84' lang='lat' dir='ltr'><strong>dignitatem</strong></span> <span class='ocrx_word' id='word_1_488' title='bbox 1527 4183 1842 4242; x_wconf 88' lang='lat' dir='ltr'><strong>assumptus</strong></span> <span class='ocrx_word' id='word_1_489' title='bbox 1885 4187 2050 4245; x_wconf 90' lang='lat' dir='ltr'><strong>esset,</strong></span> 
     </span>
    </p>
   </div>
   <div class='ocr_carea' id='block_1_59' title="bbox 486 4239 2048 4337">
    <p class='ocr_par' dir='ltr' id='par_1_59' title="bbox 486 4239 2048 4337">
     <span class='ocr_line' id='line_1_61' title="bbox 486 4239 2048 4337; baseline 0.022 -45"><span class='ocrx_word' id='word_1_490' title='bbox 486 4245 541 4292; x_wconf 87' lang='lat' dir='ltr'><strong>et</strong></span> <span class='ocrx_word' id='word_1_491' title='bbox 567 4239 636 4294; x_wconf 93' lang='lat' dir='ltr'><strong>ob</strong></span> <span class='ocrx_word' id='word_1_492' title='bbox 661 4242 712 4295; x_wconf 88' lang='lat' dir='ltr'><strong>id</strong></span> <span class='ocrx_word' id='word_1_493' title='bbox 749 4244 890 4299; x_wconf 87' lang='lat' dir='ltr'><strong>inter</strong></span> <span class='ocrx_word' id='word_1_494' title='bbox 919 4249 1123 4316; x_wconf 86' lang='lat' dir='ltr'><strong>primos</strong></span> <span class='ocrx_word' id='word_1_495' title='bbox 1155 4251 1454 4313; x_wconf 88' lang='lat' dir='ltr'><strong>Salvatoris</strong></span> <span class='ocrx_word' id='word_1_496' title='bbox 1481 4263 1687 4319; x_wconf 90' lang='lat' dir='ltr'><strong>amicos</strong></span> <span class='ocrx_word' id='word_1_497' title='bbox 1713 4279 2048 4337; x_wconf 88' lang='lat' dir='ltr'><strong>censeretur,</strong></span> 
     </span>
    </p>
   </div>
   <div class='ocr_carea' id='block_1_60' title="bbox 484 4332 2055 4425">
    <p class='ocr_par' dir='ltr' id='par_1_60' title="bbox 484 4332 2055 4425">
     <span class='ocr_line' id='line_1_62' title="bbox 484 4332 2055 4425; baseline 0.024 -44"><span class='ocrx_word' id='word_1_498' title='bbox 484 4332 680 4386; x_wconf 89' lang='lat' dir='ltr'><strong>merito</strong></span> <span class='ocrx_word' id='word_1_499' title='bbox 715 4335 782 4390; x_wconf 93' lang='lat' dir='ltr'><strong>de</strong></span> <span class='ocrx_word' id='word_1_500' title='bbox 813 4352 877 4391; x_wconf 92' lang='lat' dir='ltr'><strong>eo</strong></span> <span class='ocrx_word' id='word_1_501' title='bbox 918 4341 998 4396; x_wconf 88' lang='lat' dir='ltr'><strong>sic</strong></span> <span class='ocrx_word' id='word_1_502' title='bbox 1029 4343 1104 4397; x_wconf 92' lang='lat' dir='ltr'><strong>ait</strong></span> <span class='ocrx_word' id='word_1_503' title='bbox 1141 4363 1154 4398; x_wconf 88' lang='lat'><strong>:</strong></span> <span class='ocrx_word' id='word_1_504' title='bbox 1191 4363 1210 4396; x_wconf 72' lang='grc' dir='ltr'>ι</span> <span class='ocrx_word' id='word_1_505' title='bbox 1242 4344 1298 4400; x_wconf 93' lang='lat' dir='ltr'><strong>Si</strong></span> <span class='ocrx_word' id='word_1_506' title='bbox 1335 4348 1590 4409; x_wconf 88' lang='lat' dir='ltr'><strong>inimicus</strong></span> <span class='ocrx_word' id='word_1_507' title='bbox 1624 4358 1824 4425; x_wconf 88' lang='lat' dir='ltr'><strong>probro</strong></span> <span class='ocrx_word' id='word_1_508' title='bbox 1856 4376 1942 4417; x_wconf 88' lang='lat' dir='ltr'><strong>me</strong></span> <span class='ocrx_word' id='word_1_509' title='bbox 1972 4363 2055 4417; x_wconf 85' lang='lat' dir='ltr'><strong>af-</strong></span> 
     </span>
    </p>
   </div>
   <div class='ocr_carea' id='block_1_61' title="bbox 484 4419 2046 4520">
    <p class='ocr_par' dir='ltr' id='par_1_61' title="bbox 484 4419 2046 4520">
     <span class='ocr_line' id='line_1_63' title="bbox 484 4419 2046 4520; baseline 0.023 -46"><span class='ocrx_word' id='word_1_510' title='bbox 484 4419 726 4490; x_wconf 87' lang='lat' dir='ltr'><strong>fecisset,</strong></span> <span class='ocrx_word' id='word_1_511' title='bbox 755 4429 1142 4489; x_wconf 86' lang='lat' dir='ltr'><strong>sustinuissem</strong></span> <span class='ocrx_word' id='word_1_512' title='bbox 1190 4439 1397 4509; x_wconf 88' lang='lat' dir='ltr'><strong>utique,</strong></span> <span class='ocrx_word' id='word_1_513' title='bbox 1435 4460 1453 4493; x_wconf 77' lang='grc' dir='ltr'><strong>ι</strong></span> <span class='ocrx_word' id='word_1_514' title='bbox 1489 4453 1542 4498; x_wconf 89' lang='lat' dir='ltr'><strong>et</strong></span> <span class='ocrx_word' id='word_1_515' title='bbox 1575 4462 1696 4516; x_wconf 70' lang='lat' dir='ltr'><strong>quae</strong></span> <span class='ocrx_word' id='word_1_516' title='bbox 1724 4464 2046 4520; x_wconf 89' lang='lat' dir='ltr'><strong>sequuntur.</strong></span> 
     </span>
    </p>
   </div>
   <div class='ocr_carea' id='block_1_62' title="bbox 2197 1993 3744 2087">
    <p class='ocr_par' dir='ltr' id='par_1_62' title="bbox 2197 1993 3744 2087">
     <span class='ocr_line' id='line_1_64' title="bbox 2197 1993 3744 2087; baseline 0.017 -44"><span class='ocrx_word' id='word_1_517' title='bbox 2197 2010 2216 2042; x_wconf 70' lang='lat'><strong>7</strong></span> <span class='ocrx_word' id='word_1_518' title='bbox 2242 1993 2296 2045; x_wconf 90' lang='lat'><strong>&#39;0</strong></span> <span class='ocrx_word' id='word_1_519' title='bbox 2325 1993 2519 2049; x_wconf 80' lang='grc' dir='ltr'>ἐσθίων</span> <span class='ocrx_word' id='word_1_520' title='bbox 2554 1999 2749 2068; x_wconf 80' lang='grc' dir='ltr'>ἄρτους</span> <span class='ocrx_word' id='word_1_521' title='bbox 2776 2019 2898 2072; x_wconf 87' lang='grc' dir='ltr'>μου,</span> <span class='ocrx_word' id='word_1_522' title='bbox 2930 2007 3256 2076; x_wconf 78' lang='grc' dir='ltr'>ἐμεγάλυνεν</span> <span class='ocrx_word' id='word_1_523' title='bbox 3288 2012 3374 2066; x_wconf 86' lang='grc' dir='ltr'><strong>ἐπ’</strong></span> <span class='ocrx_word' id='word_1_524' title='bbox 3407 2014 3516 2084; x_wconf 81' lang='grc' dir='ltr'>ἐμὲ</span> <span class='ocrx_word' id='word_1_525' title='bbox 3552 1993 3744 2087; x_wconf 76' lang='grc' dir='ltr'>πτερνι-</span> 
     </span>
    </p>
   </div>
   <div class='ocr_carea' id='block_1_63' title="bbox 2192 2085 3745 2176">
    <p class='ocr_par' dir='ltr' id='par_1_63' title="bbox 2192 2085 3745 2176">
     <span class='ocr_line' id='line_1_65' title="bbox 2192 2085 3745 2176; baseline 0.017 -41"><span class='ocrx_word' id='word_1_526' title='bbox 2192 2085 2325 2154; x_wconf 86' lang='grc' dir='ltr'>σμόν</span> <span class='ocrx_word' id='word_1_527' title='bbox 2351 2104 2396 2138; x_wconf 76' lang='grc'><strong>⁸)</strong></span> <span class='ocrx_word' id='word_1_528' title='bbox 2434 2089 2525 2142; x_wconf 81' lang='grc' dir='ltr'>τὸν</span> <span class='ocrx_word' id='word_1_529' title='bbox 2560 2092 2721 2144; x_wconf 83' lang='grc' dir='ltr'>αὑτὸν</span> <span class='ocrx_word' id='word_1_530' title='bbox 2774 2095 2972 2166; x_wconf 83' lang='grc' dir='ltr'>τρόπον</span> <span class='ocrx_word' id='word_1_531' title='bbox 3003 2100 3094 2152; x_wconf 75' lang='grc' dir='ltr'><strong>καὶ</strong></span> <span class='ocrx_word' id='word_1_532' title='bbox 3137 2101 3231 2154; x_wconf 78' lang='grc' dir='ltr'>ἐπὶ</span> <span class='ocrx_word' id='word_1_533' title='bbox 3259 2101 3352 2156; x_wconf 79' lang='grc' dir='ltr'><strong>τοῦ</strong></span> <span class='ocrx_word' id='word_1_534' title='bbox 3388 2085 3660 2176; x_wconf 81' lang='grc' dir='ltr'>παρόντος</span> <span class='ocrx_word' id='word_1_535' title='bbox 3679 2110 3745 2172; x_wconf 84' lang='grc' dir='ltr'><strong>είς</strong></span> 
     </span>
    </p>
   </div>
   <div class='ocr_carea' id='block_1_64' title="bbox 2188 2176 3742 2267">
    <p class='ocr_par' dir='ltr' id='par_1_64' title="bbox 2188 2176 3742 2267">
     <span class='ocr_line' id='line_1_66' title="bbox 2188 2176 3742 2267; baseline 0.017 -41"><span class='ocrx_word' id='word_1_536' title='bbox 2188 2176 2351 2228; x_wconf 74' lang='grc' dir='ltr'>αὐτοῦ</span> <span class='ocrx_word' id='word_1_537' title='bbox 2403 2181 2687 2250; x_wconf 80' lang='grc' dir='ltr'>πρόσωπον</span> <span class='ocrx_word' id='word_1_538' title='bbox 2705 2182 2917 2252; x_wconf 87' lang='grc' dir='ltr'>λέγεται</span> <span class='ocrx_word' id='word_1_539' title='bbox 2942 2187 3022 2252; x_wconf 84' lang='grc' dir='ltr'>τὸ,</span> <span class='ocrx_word' id='word_1_540' title='bbox 3065 2208 3084 2241; x_wconf 84' lang='grc'><em>‹</em></span> <span class='ocrx_word' id='word_1_541' title='bbox 3115 2192 3210 2255; x_wconf 85' lang='grc' dir='ltr'>Ὃς</span> <span class='ocrx_word' id='word_1_542' title='bbox 3244 2193 3337 2247; x_wconf 76' lang='grc' dir='ltr'>ἐπὶ</span> <span class='ocrx_word' id='word_1_543' title='bbox 3361 2195 3423 2248; x_wconf 85' lang='grc' dir='ltr'><strong>τὺ</strong></span> <span class='ocrx_word' id='word_1_544' title='bbox 3457 2198 3742 2267; x_wconf 59' lang='lat'><em>716166716-</em></span> 
     </span>
    </p>
   </div>
   <div class='ocr_carea' id='block_1_65' title="bbox 2188 2267 3741 2361">
    <p class='ocr_par' dir='ltr' id='par_1_65' title="bbox 2188 2267 3741 2361">
     <span class='ocr_line' id='line_1_67' title="bbox 2188 2267 3741 2361; baseline 0.016 -42"><span class='ocrx_word' id='word_1_545' title='bbox 2188 2267 2354 2331; x_wconf 87' lang='grc' dir='ltr'>κανάς</span> <span class='ocrx_word' id='word_1_546' title='bbox 2391 2287 2477 2340; x_wconf 88' lang='grc' dir='ltr'><strong>μοι</strong></span> <span class='ocrx_word' id='word_1_547' title='bbox 2502 2271 2787 2342; x_wconf 83' lang='grc' dir='ltr'>ἐδέσματα.</span> <span class='ocrx_word' id='word_1_548' title='bbox 2820 2294 2838 2327; x_wconf 78' lang='grc' dir='ltr'><strong>ι</strong></span> <span class='ocrx_word' id='word_1_549' title='bbox 2868 2279 2976 2331; x_wconf 74' lang='grc' dir='ltr'><strong>Καὶ</strong></span> <span class='ocrx_word' id='word_1_550' title='bbox 3022 2280 3130 2354; x_wconf 81' lang='grc' dir='ltr'><strong>γὰρ</strong></span> <span class='ocrx_word' id='word_1_551' title='bbox 3171 2283 3281 2337; x_wconf 83' lang='grc' dir='ltr'><strong>τῶν</strong></span> <span class='ocrx_word' id='word_1_552' title='bbox 3320 2289 3741 2361; x_wconf 77' lang='grc' dir='ltr'>καταξιουμένων</span> 
     </span>
    </p>
   </div>
   <div class='ocr_carea' id='block_1_66' title="bbox 2186 2353 3740 2452">
    <p class='ocr_par' dir='ltr' id='par_1_66' title="bbox 2186 2353 3740 2452">
     <span class='ocr_line' id='line_1_68' title="bbox 2186 2353 3740 2452; baseline 0.02 -48"><span class='ocrx_word' id='word_1_553' title='bbox 2186 2356 2278 2406; x_wconf 78' lang='grc' dir='ltr'>καὶ</span> <span class='ocrx_word' id='word_1_554' title='bbox 2302 2357 2460 2420; x_wconf 80' lang='grc' dir='ltr'>αὐτὸς</span> <span class='ocrx_word' id='word_1_555' title='bbox 2492 2353 2570 2422; x_wconf 72' lang='grc' dir='ltr'>εἷς</span> <span class='ocrx_word' id='word_1_556' title='bbox 2611 2357 2678 2431; x_wconf 76' lang='grc' dir='ltr'><strong>ἦν</strong></span> <span class='ocrx_word' id='word_1_557' title='bbox 2731 2365 2830 2435; x_wconf 89' lang='grc' dir='ltr'><strong>τῆς</strong></span> <span class='ocrx_word' id='word_1_558' title='bbox 2862 2367 3169 2442; x_wconf 76' lang='grc' dir='ltr'>ἀπορρήτου</span> <span class='ocrx_word' id='word_1_559' title='bbox 3194 2375 3332 2444; x_wconf 84' lang='grc' dir='ltr'>πρὸς</span> <span class='ocrx_word' id='word_1_560' title='bbox 3356 2353 3493 2442; x_wconf 80' lang='grc' dir='ltr'>τοὺς</span> <span class='ocrx_word' id='word_1_561' title='bbox 3521 2353 3740 2452; x_wconf 73' lang='grc' dir='ltr'>μαθητὰς</span> 
     </span>
    </p>
   </div>
   <div class='ocr_carea' id='block_1_67' title="bbox 2182 2445 3738 2544">
    <p class='ocr_par' dir='ltr' id='par_1_67' title="bbox 2182 2445 3738 2544">
     <span class='ocr_line' id='line_1_69' title="bbox 2182 2445 3738 2544; baseline 0.02 -48"><span class='ocrx_word' id='word_1_562' title='bbox 2182 2445 2276 2497; x_wconf 83' lang='grc' dir='ltr'>τοῦ</span> <span class='ocrx_word' id='word_1_563' title='bbox 2302 2448 2546 2518; x_wconf 85' lang='grc' dir='ltr'>Σωτῆρος</span> <span class='ocrx_word' id='word_1_564' title='bbox 2579 2453 2735 2522; x_wconf 75' lang='grc' dir='ltr'>ἡμῶν</span> <span class='ocrx_word' id='word_1_565' title='bbox 2757 2457 2970 2526; x_wconf 82' lang='grc' dir='ltr'><strong>ὁμιλίας</strong></span> <span class='ocrx_word' id='word_1_566' title='bbox 3011 2477 3072 2514; x_wconf 87' lang='grc' dir='ltr'><strong>τε</strong></span> <span class='ocrx_word' id='word_1_567' title='bbox 3109 2463 3202 2516; x_wconf 72' lang='grc' dir='ltr'>καὶ</span> <span class='ocrx_word' id='word_1_568' title='bbox 3231 2445 3612 2540; x_wconf 78' lang='grc' dir='ltr'>πνευματικῆς</span> <span class='ocrx_word' id='word_1_569' title='bbox 3634 2445 3738 2544; x_wconf 76' lang='grc' dir='ltr'>τρο·</span> 
     </span>
    </p>
   </div>
   <div class='ocr_carea' id='block_1_68' title="bbox 2183 2533 3737 2630">
    <p class='ocr_par' dir='ltr' id='par_1_68' title="bbox 2183 2533 3737 2630">
     <span class='ocr_line' id='line_1_70' title="bbox 2183 2533 3737 2630; baseline 0.021 -46"><span class='ocrx_word' id='word_1_570' title='bbox 2183 2533 2291 2604; x_wconf 86' lang='grc' dir='ltr'><strong>φῆς</strong></span> <span class='ocrx_word' id='word_1_571' title='bbox 2313 2552 2326 2564; x_wconf 89' lang='grc'><strong>·</strong></span> <span class='ocrx_word' id='word_1_572' title='bbox 2353 2539 2465 2600; x_wconf 86' lang='grc' dir='ltr'>τοῖς</span> <span class='ocrx_word' id='word_1_573' title='bbox 2500 2541 2597 2608; x_wconf 80' lang='grc' dir='ltr'><strong>μὲν</strong></span> <span class='ocrx_word' id='word_1_574' title='bbox 2620 2541 2728 2612; x_wconf 80' lang='grc' dir='ltr'>γὰρ</span> <span class='ocrx_word' id='word_1_575' title='bbox 2765 2544 2867 2609; x_wconf 77' lang='grc' dir='ltr'><strong>ἔξω</strong></span> <span class='ocrx_word' id='word_1_576' title='bbox 2899 2549 3126 2619; x_wconf 81' lang='grc' dir='ltr'>πλήθεσι</span> <span class='ocrx_word' id='word_1_577' title='bbox 3179 2555 3272 2607; x_wconf 71' lang='grc' dir='ltr'>καὶ</span> <span class='ocrx_word' id='word_1_578' title='bbox 3314 2533 3429 2621; x_wconf 79' lang='grc' dir='ltr'>τοῖς</span> <span class='ocrx_word' id='word_1_579' title='bbox 3482 2533 3737 2630; x_wconf 44' lang='grc' dir='ltr'>ὄχλοιςέν</span> 
     </span>
    </p>
   </div>
   <div class='ocr_carea' id='block_1_69' title="bbox 2181 2628 3732 2724">
    <p class='ocr_par' dir='ltr' id='par_1_69' title="bbox 2181 2628 3732 2724">
     <span class='ocr_line' id='line_1_71' title="bbox 2181 2628 3732 2724; baseline 0.019 -48"><span class='ocrx_word' id='word_1_580' title='bbox 2181 2628 2512 2697; x_wconf 83' lang='grc' dir='ltr'>παραϐολαῖς</span> <span class='ocrx_word' id='word_1_581' title='bbox 2546 2633 2742 2701; x_wconf 78' lang='grc' dir='ltr'>ἐλάλει,</span> <span class='ocrx_word' id='word_1_582' title='bbox 2786 2638 2966 2707; x_wconf 83' lang='grc' dir='ltr'>μόνοις</span> <span class='ocrx_word' id='word_1_583' title='bbox 3005 2643 3061 2695; x_wconf 84' lang='grc' dir='ltr'>δὲ</span> <span class='ocrx_word' id='word_1_584' title='bbox 3095 2647 3208 2709; x_wconf 89' lang='grc' dir='ltr'>τοῖς</span> <span class='ocrx_word' id='word_1_585' title='bbox 3239 2648 3434 2702; x_wconf 73' lang='grc' dir='ltr'>ἑαυτοῦ</span> <span class='ocrx_word' id='word_1_586' title='bbox 3471 2653 3732 2724; x_wconf 74' lang='grc' dir='ltr'>μαθηταῖς,</span> 
     </span>
    </p>
   </div>
   <div class='ocr_carea' id='block_1_70' title="bbox 2177 2714 3730 2803">
    <p class='ocr_par' dir='ltr' id='par_1_70' title="bbox 2177 2714 3730 2803">
     <span class='ocr_line' id='line_1_72' title="bbox 2177 2714 3730 2803; baseline 0.021 -35"><span class='ocrx_word' id='word_1_587' title='bbox 2177 2719 2234 2769; x_wconf 84' lang='grc' dir='ltr'><strong>ἐν</strong></span> <span class='ocrx_word' id='word_1_588' title='bbox 2286 2714 2366 2782; x_wconf 69' lang='grc' dir='ltr'>οἷς</span> <span class='ocrx_word' id='word_1_589' title='bbox 2428 2724 2519 2776; x_wconf 73' lang='grc' dir='ltr'>καὶ</span> <span class='ocrx_word' id='word_1_590' title='bbox 2562 2724 2590 2775; x_wconf 82' lang='grc' dir='ltr'><strong>ὁ</strong></span> <span class='ocrx_word' id='word_1_591' title='bbox 2645 2727 2841 2792; x_wconf 85' lang='grc' dir='ltr'>Ἰούδας</span> <span class='ocrx_word' id='word_1_592' title='bbox 2883 2731 3201 2803; x_wconf 73' lang='grc' dir='ltr'><strong>ἐξητάζετο,</strong></span> <span class='ocrx_word' id='word_1_593' title='bbox 3267 2740 3500 2795; x_wconf 78' lang='grc' dir='ltr'>ἐπέλυεν</span> <span class='ocrx_word' id='word_1_594' title='bbox 3524 2745 3730 2801; x_wconf 78' lang='grc' dir='ltr'>ἅπαντα.</span> 
     </span>
    </p>
   </div>
   <div class='ocr_carea' id='block_1_71' title="bbox 2177 2807 3730 2905">
    <p class='ocr_par' dir='ltr' id='par_1_71' title="bbox 2177 2807 3730 2905">
     <span class='ocr_line' id='line_1_73' title="bbox 2177 2807 3730 2905; baseline 0.02 -46"><span class='ocrx_word' id='word_1_595' title='bbox 2177 2807 2266 2860; x_wconf 82' lang='grc' dir='ltr'><strong>Διὸ</strong></span> <span class='ocrx_word' id='word_1_596' title='bbox 2319 2808 2599 2867; x_wconf 62' lang='grc' dir='ltr'>λέλεκταν</span> <span class='ocrx_word' id='word_1_597' title='bbox 2637 2835 2656 2868; x_wconf 74' lang='grc' dir='ltr'><strong>ι</strong></span> <span class='ocrx_word' id='word_1_598' title='bbox 2703 2819 2760 2872; x_wconf 86' lang='lat' dir='ltr'><strong>&#39;U</strong></span> <span class='ocrx_word' id='word_1_599' title='bbox 2780 2821 2972 2874; x_wconf 86' lang='grc' dir='ltr'>ἐσθίων</span> <span class='ocrx_word' id='word_1_600' title='bbox 3027 2825 3223 2896; x_wconf 81' lang='grc' dir='ltr'>ἄρτους</span> <span class='ocrx_word' id='word_1_601' title='bbox 3271 2849 3370 2901; x_wconf 89' lang='grc' dir='ltr'><strong>μου</strong></span> <span class='ocrx_word' id='word_1_602' title='bbox 3420 2835 3730 2905; x_wconf 74' lang='grc' dir='ltr'>ἐμεγάλυνεν</span> 
     </span>
    </p>
   </div>
   <div class='ocr_carea' id='block_1_72' title="bbox 2175 2898 3729 2991">
    <p class='ocr_par' dir='ltr' id='par_1_72' title="bbox 2175 2898 3729 2991">
     <span class='ocr_line' id='line_1_74' title="bbox 2175 2898 3729 2991; baseline 0.018 -43"><span class='ocrx_word' id='word_1_603' title='bbox 2175 2898 2261 2952; x_wconf 81' lang='grc' dir='ltr'><strong>ἐπ’</strong></span> <span class='ocrx_word' id='word_1_604' title='bbox 2289 2900 2387 2970; x_wconf 83' lang='grc' dir='ltr'>ἐμὲ</span> <span class='ocrx_word' id='word_1_605' title='bbox 2433 2907 2783 2976; x_wconf 75' lang='grc' dir='ltr'>πτερνισμὸν,</span> <span class='ocrx_word' id='word_1_606' title='bbox 2823 2929 2841 2960; x_wconf 74' lang='grc' dir='ltr'><strong>ι</strong></span> <span class='ocrx_word' id='word_1_607' title='bbox 2876 2912 2989 2974; x_wconf 78' lang='grc' dir='ltr'>καὶ,</span> <span class='ocrx_word' id='word_1_608' title='bbox 3023 2931 3041 2964; x_wconf 73' lang='grc' dir='ltr'><strong>ι</strong></span> <span class='ocrx_word' id='word_1_609' title='bbox 3086 2916 3180 2978; x_wconf 91' lang='grc' dir='ltr'>Ὃς</span> <span class='ocrx_word' id='word_1_610' title='bbox 3217 2898 3307 2969; x_wconf 75' lang='grc' dir='ltr'>ἐπὶ</span> <span class='ocrx_word' id='word_1_611' title='bbox 3334 2918 3395 2971; x_wconf 85' lang='grc' dir='ltr'>τὸ</span> <span class='ocrx_word' id='word_1_612' title='bbox 3432 2898 3568 2974; x_wconf 52' lang='lat' dir='ltr'><strong>ais-.5</strong></span> <span class='ocrx_word' id='word_1_613' title='bbox 3597 2923 3729 2991; x_wconf 81' lang='grc' dir='ltr'>ὲγλύ-</span> 
     </span>
    </p>
   </div>
   <div class='ocr_carea' id='block_1_73' title="bbox 2173 2985 3726 3082">
    <p class='ocr_par' dir='ltr' id='par_1_73' title="bbox 2173 2985 3726 3082">
     <span class='ocr_line' id='line_1_75' title="bbox 2173 2985 3726 3082; baseline 0.02 -48"><span class='ocrx_word' id='word_1_614' title='bbox 2173 2985 2340 3047; x_wconf 87' lang='grc' dir='ltr'>κανάς</span> <span class='ocrx_word' id='word_1_615' title='bbox 2370 3004 2457 3057; x_wconf 88' lang='grc' dir='ltr'><strong>μοι</strong></span> <span class='ocrx_word' id='word_1_616' title='bbox 2491 2989 2788 3062; x_wconf 77' lang='grc' dir='ltr'>ἐδέσματαο</span> <span class='ocrx_word' id='word_1_617' title='bbox 2831 3015 2849 3048; x_wconf 75' lang='grc' dir='ltr'><strong>ι</strong></span> <span class='ocrx_word' id='word_1_618' title='bbox 2896 2997 3038 3072; x_wconf 76' lang='grc' dir='ltr'>ἅπερ</span> <span class='ocrx_word' id='word_1_619' title='bbox 3083 3004 3413 3078; x_wconf 84' lang='grc' dir='ltr'>σαφέστερον</span> <span class='ocrx_word' id='word_1_620' title='bbox 3437 2985 3726 3082; x_wconf 74' lang='grc' dir='ltr'>ἐξέφηνενό</span> 
     </span>
    </p>
   </div>
   <div class='ocr_carea' id='block_1_74' title="bbox 2175 3074 3727 3172">
    <p class='ocr_par' dir='ltr' id='par_1_74' title="bbox 2175 3074 3727 3172">
     <span class='ocr_line' id='line_1_76' title="bbox 2175 3074 3727 3172; baseline 0.02 -47"><span class='ocrx_word' id='word_1_621' title='bbox 2175 3074 2271 3145; x_wconf 81' lang='grc' dir='ltr'><strong>μὲν</strong></span> <span class='ocrx_word' id='word_1_622' title='bbox 2312 3077 2537 3144; x_wconf 82' lang='grc' dir='ltr'>Ἀκύλας</span> <span class='ocrx_word' id='word_1_623' title='bbox 2587 3083 2786 3138; x_wconf 71' lang='grc' dir='ltr'>εἰπών’</span> <span class='ocrx_word' id='word_1_624' title='bbox 2827 3106 2845 3138; x_wconf 84' lang='grc'><em>‹</em></span> <span class='ocrx_word' id='word_1_625' title='bbox 2891 3090 2954 3143; x_wconf 72' lang='lat' dir='ltr'><strong>Ui</strong></span> <span class='ocrx_word' id='word_1_626' title='bbox 3003 3092 3137 3162; x_wconf 80' lang='grc' dir='ltr'>ὁμοῦ</span> <span class='ocrx_word' id='word_1_627' title='bbox 3172 3074 3559 3170; x_wconf 77' lang='grc' dir='ltr'>ἐγλυκάναμεν</span> <span class='ocrx_word' id='word_1_628' title='bbox 3581 3074 3727 3172; x_wconf 65' lang='lat'><em>61:66-</em></span> 
     </span>
    </p>
   </div>
   <div class='ocr_carea' id='block_1_75' title="bbox 2173 3168 3726 3264">
    <p class='ocr_par' dir='ltr' id='par_1_75' title="bbox 2173 3168 3726 3264">
     <span class='ocr_line' id='line_1_77' title="bbox 2173 3168 3726 3264; baseline 0.019 -46"><span class='ocrx_word' id='word_1_629' title='bbox 2173 3168 2364 3237; x_wconf 80' lang='grc' dir='ltr'>ρητον·</span> <span class='ocrx_word' id='word_1_630' title='bbox 2412 3190 2430 3221; x_wconf 76' lang='grc' dir='ltr'><strong>ι</strong></span> <span class='ocrx_word' id='word_1_631' title='bbox 2462 3173 2489 3224; x_wconf 96' lang='lat'><strong>6</strong></span> <span class='ocrx_word' id='word_1_632' title='bbox 2525 3171 2581 3224; x_wconf 86' lang='grc' dir='ltr'><strong>δέ</strong></span> <span class='ocrx_word' id='word_1_633' title='bbox 2619 3175 2944 3248; x_wconf 83' lang='grc' dir='ltr'>Σύμμαχος·</span> <span class='ocrx_word' id='word_1_634' title='bbox 2986 3200 3005 3232; x_wconf 78' lang='lat'><strong>7</strong></span> <span class='ocrx_word' id='word_1_635' title='bbox 3040 3184 3246 3250; x_wconf 83' lang='grc' dir='ltr'>Οἴτινες</span> <span class='ocrx_word' id='word_1_636' title='bbox 3266 3168 3726 3264; x_wconf 73' lang='grc' dir='ltr'>ἐκοινολογούμεθσ</span> 
     </span>
    </p>
   </div>
   <div class='ocr_carea' id='block_1_76' title="bbox 2171 3256 3724 3356">
    <p class='ocr_par' dir='ltr' id='par_1_76' title="bbox 2171 3256 3724 3356">
     <span class='ocr_line' id='line_1_78' title="bbox 2171 3256 3724 3356; baseline 0.019 -48"><span class='ocrx_word' id='word_1_637' title='bbox 2171 3256 2423 3325; x_wconf 85' lang='grc' dir='ltr'>γλυκεῖαν</span> <span class='ocrx_word' id='word_1_638' title='bbox 2469 3262 2702 3333; x_wconf 86' lang='grc' dir='ltr'>ὁμιλίαν.</span> <span class='ocrx_word' id='word_1_639' title='bbox 2748 3287 2766 3319; x_wconf 85' lang='grc'>›</span> <span class='ocrx_word' id='word_1_640' title='bbox 2813 3270 2957 3324; x_wconf 70' lang='grc' dir='ltr'>Ἀντὶ</span> <span class='ocrx_word' id='word_1_641' title='bbox 3000 3273 3056 3326; x_wconf 87' lang='grc' dir='ltr'><strong>δέ</strong></span> <span class='ocrx_word' id='word_1_642' title='bbox 3079 3275 3191 3339; x_wconf 81' lang='grc' dir='ltr'>τοῦ,</span> <span class='ocrx_word' id='word_1_643' title='bbox 3222 3297 3240 3328; x_wconf 76' lang='lat'><strong>7</strong></span> <span class='ocrx_word' id='word_1_644' title='bbox 3281 3279 3350 3332; x_wconf 77' lang='grc' dir='ltr'>Σὺ</span> <span class='ocrx_word' id='word_1_645' title='bbox 3383 3282 3463 3347; x_wconf 78' lang='grc' dir='ltr'>δὲ,</span> <span class='ocrx_word' id='word_1_646' title='bbox 3497 3256 3724 3356; x_wconf 67' lang='grc' dir='ltr'>άιιθρωπε</span> 
     </span>
    </p>
   </div>
   <div class='ocr_carea' id='block_1_77' title="bbox 2173 3348 3726 3444">
    <p class='ocr_par' dir='ltr' id='par_1_77' title="bbox 2173 3348 3726 3444">
     <span class='ocr_line' id='line_1_79' title="bbox 2173 3348 3726 3444; baseline 0.02 -46"><span class='ocrx_word' id='word_1_647' title='bbox 2173 3348 2413 3419; x_wconf 61' lang='grc' dir='ltr'>ἰσόψυχε,</span> <span class='ocrx_word' id='word_1_648' title='bbox 2449 3354 2670 3425; x_wconf 80' lang='grc' dir='ltr'>ἡγεμών</span> <span class='ocrx_word' id='word_1_649' title='bbox 2703 3376 2823 3428; x_wconf 85' lang='grc' dir='ltr'>μου,</span> <span class='ocrx_word' id='word_1_650' title='bbox 2859 3362 2953 3414; x_wconf 73' lang='grc' dir='ltr'><strong>καὶ</strong></span> <span class='ocrx_word' id='word_1_651' title='bbox 3003 3367 3208 3432; x_wconf 73' lang='grc' dir='ltr'>γνωπέ</span> <span class='ocrx_word' id='word_1_652' title='bbox 3238 3386 3358 3439; x_wconf 77' lang='grc' dir='ltr'>μου,</span> <span class='ocrx_word' id='word_1_653' title='bbox 3393 3390 3410 3422; x_wconf 78' lang='grc' dir='ltr'><strong>ι</strong></span> <span class='ocrx_word' id='word_1_654' title='bbox 3447 3374 3480 3425; x_wconf 89' lang='grc' dir='ltr'><strong>ὁ</strong></span> <span class='ocrx_word' id='word_1_655' title='bbox 3525 3348 3726 3444; x_wconf 72' lang='grc' dir='ltr'>Σύμμα-</span> 
     </span>
    </p>
   </div>
   <div class='ocr_carea' id='block_1_78' title="bbox 2169 3439 3723 3536">
    <p class='ocr_par' dir='ltr' id='par_1_78' title="bbox 2169 3439 3723 3536">
     <span class='ocr_line' id='line_1_80' title="bbox 2169 3439 3723 3536; baseline 0.021 -47"><span class='ocrx_word' id='word_1_656' title='bbox 2169 3439 2261 3507; x_wconf 83' lang='grc' dir='ltr'><strong>χός</strong></span> <span class='ocrx_word' id='word_1_657' title='bbox 2293 3457 2422 3511; x_wconf 80' lang='grc' dir='ltr'>φησι</span> <span class='ocrx_word' id='word_1_658' title='bbox 2449 3460 2459 3472; x_wconf 92' lang='grc'><strong>·</strong></span> <span class='ocrx_word' id='word_1_659' title='bbox 2501 3464 2518 3495; x_wconf 74' lang='grc' dir='ltr'><strong>ι</strong></span> <span class='ocrx_word' id='word_1_660' title='bbox 2561 3446 2630 3498; x_wconf 79' lang='grc' dir='ltr'>Σὺ</span> <span class='ocrx_word' id='word_1_661' title='bbox 2657 3447 2734 3511; x_wconf 79' lang='grc' dir='ltr'>δὲ,</span> <span class='ocrx_word' id='word_1_662' title='bbox 2766 3450 3015 3522; x_wconf 83' lang='grc' dir='ltr'>ἄνθρωπε</span> <span class='ocrx_word' id='word_1_663' title='bbox 3044 3456 3309 3528; x_wconf 82' lang='grc' dir='ltr'>ὁμότροπέ</span> <span class='ocrx_word' id='word_1_664' title='bbox 3346 3479 3456 3531; x_wconf 88' lang='grc' dir='ltr'>μοι,</span> <span class='ocrx_word' id='word_1_665' title='bbox 3493 3439 3723 3536; x_wconf 35' lang='grc' dir='ltr'>καὶ-ἠγε-</span> 
     </span>
    </p>
   </div>
   <div class='ocr_carea' id='block_1_79' title="bbox 2171 3529 3723 3624">
    <p class='ocr_par' dir='ltr' id='par_1_79' title="bbox 2171 3529 3723 3624">
     <span class='ocr_line' id='line_1_81' title="bbox 2171 3529 3723 3624; baseline 0.016 -42"><span class='ocrx_word' id='word_1_666' title='bbox 2171 3529 2284 3597; x_wconf 85' lang='grc' dir='ltr'><strong>μὼν</strong></span> <span class='ocrx_word' id='word_1_667' title='bbox 2333 3550 2454 3603; x_wconf 82' lang='grc' dir='ltr'>μου,</span> <span class='ocrx_word' id='word_1_668' title='bbox 2504 3538 2594 3590; x_wconf 72' lang='grc' dir='ltr'>καὶ</span> <span class='ocrx_word' id='word_1_669' title='bbox 2647 3543 2855 3607; x_wconf 83' lang='grc' dir='ltr'>γνωστέ</span> <span class='ocrx_word' id='word_1_670' title='bbox 2894 3561 3027 3613; x_wconf 89' lang='grc' dir='ltr'>μου·</span> <span class='ocrx_word' id='word_1_671' title='bbox 3071 3565 3088 3597; x_wconf 75' lang='grc' dir='ltr'><strong>ι</strong></span> <span class='ocrx_word' id='word_1_672' title='bbox 3142 3550 3438 3624; x_wconf 80' lang='grc' dir='ltr'>ἐπειδήπερ</span> <span class='ocrx_word' id='word_1_673' title='bbox 3474 3559 3723 3609; x_wconf 83' lang='grc' dir='ltr'>τοσούτων</span> 
     </span>
    </p>
   </div>
   <div class='ocr_carea' id='block_1_80' title="bbox 2165 3621 3717 3716">
    <p class='ocr_par' dir='ltr' id='par_1_80' title="bbox 2165 3621 3717 3716">
     <span class='ocr_line' id='line_1_82' title="bbox 2165 3621 3717 3716; baseline 0.016 -44"><span class='ocrx_word' id='word_1_674' title='bbox 2165 3621 2464 3693; x_wconf 80' lang='grc' dir='ltr'>ἠξιωμένος</span> <span class='ocrx_word' id='word_1_675' title='bbox 2520 3629 2672 3695; x_wconf 82' lang='grc' dir='ltr'>φίλος</span> <span class='ocrx_word' id='word_1_676' title='bbox 2719 3633 2775 3684; x_wconf 81' lang='grc' dir='ltr'><strong>ἐν</strong></span> <span class='ocrx_word' id='word_1_677' title='bbox 2826 3635 2939 3697; x_wconf 84' lang='grc' dir='ltr'>τοῖς</span> <span class='ocrx_word' id='word_1_678' title='bbox 2975 3635 3207 3705; x_wconf 88' lang='grc' dir='ltr'>μάλιστα</span> <span class='ocrx_word' id='word_1_679' title='bbox 3239 3635 3304 3711; x_wconf 81' lang='grc' dir='ltr'>ἦν</span> <span class='ocrx_word' id='word_1_680' title='bbox 3335 3643 3431 3696; x_wconf 76' lang='grc' dir='ltr'><strong>τοῦ</strong></span> <span class='ocrx_word' id='word_1_681' title='bbox 3467 3647 3717 3716; x_wconf 79' lang='grc' dir='ltr'>Σωτῆρος,</span> 
     </span>
    </p>
   </div>
   <div class='ocr_carea' id='block_1_81' title="bbox 2163 3711 3721 3803">
    <p class='ocr_par' dir='ltr' id='par_1_81' title="bbox 2163 3711 3721 3803">
     <span class='ocr_line' id='line_1_83' title="bbox 2163 3711 3721 3803; baseline 0.017 -42"><span class='ocrx_word' id='word_1_682' title='bbox 2163 3711 2385 3776; x_wconf 84' lang='grc' dir='ltr'>εἰκότως</span> <span class='ocrx_word' id='word_1_683' title='bbox 2416 3717 2546 3787; x_wconf 78' lang='grc' dir='ltr'>φησὶ</span> <span class='ocrx_word' id='word_1_684' title='bbox 2583 3721 2708 3791; x_wconf 75' lang='grc' dir='ltr'>περὶ</span> <span class='ocrx_word' id='word_1_685' title='bbox 2749 3722 2912 3775; x_wconf 83' lang='grc' dir='ltr'>αὑτοῦ</span> <span class='ocrx_word' id='word_1_686' title='bbox 2937 3725 3016 3786; x_wconf 86' lang='grc' dir='ltr'>τὸ,</span> <span class='ocrx_word' id='word_1_687' title='bbox 3063 3743 3082 3775; x_wconf 75' lang='grc' dir='ltr'>ί</span> <span class='ocrx_word' id='word_1_688' title='bbox 3119 3727 3257 3790; x_wconf 88' lang='grc' dir='ltr'>Ὅτι,</span> <span class='ocrx_word' id='word_1_689' title='bbox 3283 3731 3330 3782; x_wconf 89' lang='grc' dir='ltr'><strong>εί</strong></span> <span class='ocrx_word' id='word_1_690' title='bbox 3366 3732 3563 3803; x_wconf 76' lang='grc' dir='ltr'>ἐχθρὸς</span> <span class='ocrx_word' id='word_1_691' title='bbox 3587 3711 3721 3786; x_wconf 69' lang='grc' dir='ltr'>ὠνεί-</span> 
     </span>
    </p>
   </div>
   <div class='ocr_carea' id='block_1_82' title="bbox 2161 3802 3718 3895">
    <p class='ocr_par' dir='ltr' id='par_1_82' title="bbox 2161 3802 3718 3895">
     <span class='ocr_line' id='line_1_84' title="bbox 2161 3802 3718 3895; baseline 0.015 -42"><span class='ocrx_word' id='word_1_692' title='bbox 2161 3802 2274 3855; x_wconf 86' lang='grc' dir='ltr'>δισέ</span> <span class='ocrx_word' id='word_1_693' title='bbox 2310 3823 2396 3874; x_wconf 88' lang='grc' dir='ltr'><strong>με,</strong></span> <span class='ocrx_word' id='word_1_694' title='bbox 2427 3809 2707 3879; x_wconf 78' lang='grc' dir='ltr'><strong>ὑπήνεγκα</strong></span> <span class='ocrx_word' id='word_1_695' title='bbox 2733 3813 2796 3865; x_wconf 84' lang='grc' dir='ltr'><strong>ἄν</strong></span> <span class='ocrx_word' id='word_1_696' title='bbox 2823 3829 2836 3842; x_wconf 85' lang='grc'><em>’</em></span> <span class='ocrx_word' id='word_1_697' title='bbox 2878 3833 2896 3865; x_wconf 69' lang='grc' dir='ltr'><strong>ι</strong></span> <span class='ocrx_word' id='word_1_698' title='bbox 2933 3815 3026 3867; x_wconf 75' lang='grc' dir='ltr'>καὶ</span> <span class='ocrx_word' id='word_1_699' title='bbox 3052 3815 3119 3868; x_wconf 82' lang='grc' dir='ltr'>τὰ</span> <span class='ocrx_word' id='word_1_700' title='bbox 3145 3816 3289 3888; x_wconf 80' lang='grc' dir='ltr'>ἑξῆς.</span> <span class='ocrx_word' id='word_1_701' title='bbox 3323 3802 3508 3874; x_wconf 82' lang='grc' dir='ltr'>Ταῦτα</span> <span class='ocrx_word' id='word_1_702' title='bbox 3536 3824 3587 3876; x_wconf 78' lang='grc' dir='ltr'>δὲ</span> <span class='ocrx_word' id='word_1_703' title='bbox 3612 3824 3718 3895; x_wconf 80' lang='grc' dir='ltr'>περὶ</span> 
     </span>
    </p>
   </div>
   <div class='ocr_carea' id='block_1_83' title="bbox 2159 3893 3716 3981">
    <p class='ocr_par' dir='ltr' id='par_1_83' title="bbox 2159 3893 3716 3981">
     <span class='ocr_line' id='line_1_85' title="bbox 2159 3893 3716 3981; baseline 0.013 -36"><span class='ocrx_word' id='word_1_704' title='bbox 2159 3893 2252 3945; x_wconf 81' lang='grc' dir='ltr'>τοῦ</span> <span class='ocrx_word' id='word_1_705' title='bbox 2299 3897 2469 3950; x_wconf 86' lang='grc' dir='ltr'>Ἰούδα</span> <span class='ocrx_word' id='word_1_706' title='bbox 2523 3899 2804 3968; x_wconf 83' lang='grc' dir='ltr'>θεσπίσας,</span> <span class='ocrx_word' id='word_1_707' title='bbox 2841 3906 3148 3974; x_wconf 83' lang='grc' dir='ltr'>ἀκολούθως</span> <span class='ocrx_word' id='word_1_708' title='bbox 3175 3911 3272 3981; x_wconf 82' lang='grc' dir='ltr'><strong>τὴν</strong></span> <span class='ocrx_word' id='word_1_709' title='bbox 3299 3913 3360 3964; x_wconf 82' lang='grc' dir='ltr'><strong>ἐκ</strong></span> <span class='ocrx_word' id='word_1_710' title='bbox 3384 3913 3479 3966; x_wconf 81' lang='grc' dir='ltr'><strong>τοῦ</strong></span> <span class='ocrx_word' id='word_1_711' title='bbox 3508 3915 3716 3969; x_wconf 79' lang='grc' dir='ltr'>θανάτου</span> 
     </span>
    </p>
   </div>
   <div class='ocr_carea' id='block_1_84' title="bbox 2035 3985 3712 4074">
    <p class='ocr_par' dir='ltr' id='par_1_84' title="bbox 2035 3985 3712 4074">
     <span class='ocr_line' id='line_1_86' title="bbox 2035 3985 3712 4074; baseline 0.017 -41"><span class='ocrx_word' id='word_1_712' title='bbox 2035 4026 2058 4039; x_wconf 87' lang='grc'><strong>,</strong></span> <span class='ocrx_word' id='word_1_713' title='bbox 2161 3985 2431 4058; x_wconf 78' lang='grc' dir='ltr'>σωτηρίαν</span> <span class='ocrx_word' id='word_1_714' title='bbox 2451 3992 2543 4043; x_wconf 72' lang='grc' dir='ltr'>καὶ</span> <span class='ocrx_word' id='word_1_715' title='bbox 2589 3995 2872 4067; x_wconf 79' lang='grc' dir='ltr'>ἀποφυγὴν</span> <span class='ocrx_word' id='word_1_716' title='bbox 2905 4001 3095 4055; x_wconf 82' lang='grc' dir='ltr'>ἐαυτοῦ</span> <span class='ocrx_word' id='word_1_717' title='bbox 3141 4005 3489 4074; x_wconf 83' lang='grc' dir='ltr'>προδιδάσκει</span> <span class='ocrx_word' id='word_1_718' title='bbox 3526 4007 3712 4074; x_wconf 83' lang='grc' dir='ltr'>λέγων’</span> 
     </span>
    </p>
   </div>
   <div class='ocr_carea' id='block_1_85' title="bbox 2163 4078 3713 4168">
    <p class='ocr_par' dir='ltr' id='par_1_85' title="bbox 2163 4078 3713 4168">
     <span class='ocr_line' id='line_1_87' title="bbox 2163 4078 3713 4168; baseline 0.016 -40"><span class='ocrx_word' id='word_1_719' title='bbox 2163 4098 2181 4128; x_wconf 67' lang='grc' dir='ltr'><strong>ι</strong></span> <span class='ocrx_word' id='word_1_720' title='bbox 2237 4078 2372 4146; x_wconf 88' lang='grc' dir='ltr'><strong>Ἐγὼ</strong></span> <span class='ocrx_word' id='word_1_721' title='bbox 2409 4083 2542 4151; x_wconf 80' lang='grc' dir='ltr'>πρὸς</span> <span class='ocrx_word' id='word_1_722' title='bbox 2563 4085 2653 4137; x_wconf 79' lang='grc' dir='ltr'>τὸν</span> <span class='ocrx_word' id='word_1_723' title='bbox 2680 4087 2809 4140; x_wconf 77' lang='grc' dir='ltr'>Θεὸν</span> <span class='ocrx_word' id='word_1_724' title='bbox 2837 4091 3129 4163; x_wconf 78' lang='grc' dir='ltr'>ἐκέκραξα,</span> <span class='ocrx_word' id='word_1_725' title='bbox 3159 4097 3253 4149; x_wconf 68' lang='grc' dir='ltr'><strong>κα)⁸</strong></span> <span class='ocrx_word' id='word_1_726' title='bbox 3283 4099 3310 4150; x_wconf 91' lang='grc' dir='ltr'><strong>ὁ</strong></span> <span class='ocrx_word' id='word_1_727' title='bbox 3335 4097 3541 4168; x_wconf 86' lang='grc' dir='ltr'>Κύριος</span> <span class='ocrx_word' id='word_1_728' title='bbox 3564 4098 3713 4152; x_wconf 74' lang='grc' dir='ltr'>ἔσωσέ</span> 
     </span>
    </p>
   </div>
   <div class='ocr_carea' id='block_1_86' title="bbox 2158 4171 3713 4262">
    <p class='ocr_par' dir='ltr' id='par_1_86' title="bbox 2158 4171 3713 4262">
     <span class='ocr_line' id='line_1_88' title="bbox 2158 4171 3713 4262; baseline 0.012 -40"><span class='ocrx_word' id='word_1_729' title='bbox 2158 4186 2244 4241; x_wconf 88' lang='grc' dir='ltr'>με.</span> <span class='ocrx_word' id='word_1_730' title='bbox 2293 4171 2560 4242; x_wconf 82' lang='grc' dir='ltr'>Ἑσπέρας</span> <span class='ocrx_word' id='word_1_731' title='bbox 2593 4179 2687 4230; x_wconf 75' lang='grc' dir='ltr'><strong>καὶ</strong></span> <span class='ocrx_word' id='word_1_732' title='bbox 2729 4181 2874 4251; x_wconf 82' lang='grc' dir='ltr'>πρωῒ</span> <span class='ocrx_word' id='word_1_733' title='bbox 2900 4185 2992 4238; x_wconf 79' lang='grc' dir='ltr'>καὶ</span> <span class='ocrx_word' id='word_1_734' title='bbox 3026 4187 3371 4260; x_wconf 80' lang='grc' dir='ltr'>μεσημϐρίας</span> <span class='ocrx_word' id='word_1_735' title='bbox 3394 4191 3713 4262; x_wconf 76' lang='grc' dir='ltr'>διηγήσομαι</span> 
     </span>
    </p>
   </div>
   <div class='ocr_carea' id='block_1_87' title="bbox 2155 4264 3709 4354">
    <p class='ocr_par' dir='ltr' id='par_1_87' title="bbox 2155 4264 3709 4354">
     <span class='ocr_line' id='line_1_89' title="bbox 2155 4264 3709 4354; baseline 0.012 -38"><span class='ocrx_word' id='word_1_736' title='bbox 2155 4264 2248 4316; x_wconf 74' lang='grc' dir='ltr'>καὶ</span> <span class='ocrx_word' id='word_1_737' title='bbox 2301 4266 2614 4334; x_wconf 74' lang='grc' dir='ltr'>ἀπαγγελῶ,</span> <span class='ocrx_word' id='word_1_738' title='bbox 2666 4271 2761 4323; x_wconf 72' lang='grc' dir='ltr'><strong>καὶ</strong></span> <span class='ocrx_word' id='word_1_739' title='bbox 2811 4275 3186 4332; x_wconf 79' lang='grc' dir='ltr'>είσακούσεται</span> <span class='ocrx_word' id='word_1_740' title='bbox 3237 4281 3335 4351; x_wconf 85' lang='grc' dir='ltr'><strong>τῆς</strong></span> <span class='ocrx_word' id='word_1_741' title='bbox 3389 4283 3578 4354; x_wconf 83' lang='grc' dir='ltr'>φωνῆς</span> <span class='ocrx_word' id='word_1_742' title='bbox 3603 4301 3709 4354; x_wconf 87' lang='grc' dir='ltr'>μου.</span> 
     </span>
    </p>
   </div>
   <div class='ocr_carea' id='block_1_88' title="bbox 2152 4356 3708 4445">
    <p class='ocr_par' dir='ltr' id='par_1_88' title="bbox 2152 4356 3708 4445">
     <span class='ocr_line' id='line_1_90' title="bbox 2152 4356 3708 4445; baseline 0.024 -39"><span class='ocrx_word' id='word_1_743' title='bbox 2152 4356 2496 4427; x_wconf 85' lang='grc' dir='ltr'>Λυτρώσεται</span> <span class='ocrx_word' id='word_1_744' title='bbox 2523 4362 2580 4414; x_wconf 89' lang='grc' dir='ltr'>ἐν</span> <span class='ocrx_word' id='word_1_745' title='bbox 2615 4365 2802 4437; x_wconf 81' lang='grc' dir='ltr'>ειρήνῃ</span> <span class='ocrx_word' id='word_1_746' title='bbox 2835 4367 2932 4438; x_wconf 83' lang='grc' dir='ltr'>τὴν</span> <span class='ocrx_word' id='word_1_747' title='bbox 2967 4369 3144 4442; x_wconf 77' lang='grc' dir='ltr'>ψυχήν</span> <span class='ocrx_word' id='word_1_748' title='bbox 3171 4390 3272 4442; x_wconf 84' lang='grc' dir='ltr'><strong>μου</strong></span> <span class='ocrx_word' id='word_1_749' title='bbox 3295 4390 3308 4403; x_wconf 82' lang='grc'><strong>⁸</strong></span> <span class='ocrx_word' id='word_1_750' title='bbox 3335 4392 3353 4426; x_wconf 75' lang='grc' dir='ltr'><strong><em>ι</em></strong></span> <span class='ocrx_word' id='word_1_751' title='bbox 3385 4373 3460 4438; x_wconf 79' lang='grc' dir='ltr'><strong>ὡς</strong></span> <span class='ocrx_word' id='word_1_752' title='bbox 3499 4377 3558 4428; x_wconf 75' lang='grc' dir='ltr'>ὲν</span> <span class='ocrx_word' id='word_1_753' title='bbox 3595 4377 3708 4445; x_wconf 66' lang='grc' dir='ltr'>είδκῇ</span> 
     </span>
    </p>
   </div>
   <div class='ocr_carea' id='block_1_89' title="bbox 2150 4445 3709 4531">
    <p class='ocr_par' dir='ltr' id='par_1_89' title="bbox 2150 4445 3709 4531">
     <span class='ocr_line' id='line_1_91' title="bbox 2150 4445 3709 4531; baseline 0.012 -34"><span class='ocrx_word' id='word_1_754' title='bbox 2150 4445 2240 4498; x_wconf 83' lang='grc' dir='ltr'><strong>τὸν</strong></span> <span class='ocrx_word' id='word_1_755' title='bbox 2275 4449 2379 4517; x_wconf 78' lang='grc' dir='ltr'>πρὸ</span> <span class='ocrx_word' id='word_1_756' title='bbox 2409 4449 2501 4503; x_wconf 81' lang='grc' dir='ltr'>τοῦ</span> <span class='ocrx_word' id='word_1_757' title='bbox 2536 4451 2765 4508; x_wconf 86' lang='grc' dir='ltr'>θανάτου</span> <span class='ocrx_word' id='word_1_758' title='bbox 2812 4458 3002 4529; x_wconf 85' lang='grc' dir='ltr'>καιρὸν</span> <span class='ocrx_word' id='word_1_759' title='bbox 3040 4461 3313 4531; x_wconf 87' lang='grc' dir='ltr'>σημαίνει,</span> <span class='ocrx_word' id='word_1_760' title='bbox 3340 4465 3459 4517; x_wconf 82' lang='grc' dir='ltr'>καθ’</span> <span class='ocrx_word' id='word_1_761' title='bbox 3483 4466 3544 4519; x_wconf 83' lang='grc' dir='ltr'><strong>ὃν</strong></span> <span class='ocrx_word' id='word_1_762' title='bbox 3577 4467 3660 4519; x_wconf 76' lang='grc' dir='ltr'><strong>καὶ</strong></span> <span class='ocrx_word' id='word_1_763' title='bbox 3684 4466 3709 4516; x_wconf 88' lang='lat'><strong>6</strong></span> 
     </span>
    </p>
   </div>
   <div class='ocr_carea' id='block_1_90' title="bbox 482 4509 2072 4622">
    <p class='ocr_par' dir='ltr' id='par_1_90' title="bbox 482 4509 2046 4615">
     <span class='ocr_line' id='line_1_92' title="bbox 482 4509 2046 4615; baseline 0.021 -46"><span class='ocrx_word' id='word_1_764' title='bbox 482 4509 585 4569; x_wconf 84' lang='lat' dir='ltr'><strong>Ubi</strong></span> <span class='ocrx_word' id='word_1_765' title='bbox 618 4524 799 4572; x_wconf 90' lang='lat' dir='ltr'><strong>autem</strong></span> <span class='ocrx_word' id='word_1_766' title='bbox 838 4521 951 4577; x_wconf 69' lang='lat' dir='ltr'><strong>haec</strong></span> <span class='ocrx_word' id='word_1_767' title='bbox 986 4524 1052 4579; x_wconf 89' lang='lat' dir='ltr'><strong>de</strong></span> <span class='ocrx_word' id='word_1_768' title='bbox 1101 4525 1239 4582; x_wconf 88' lang='lat' dir='ltr'><strong>Juda</strong></span> <span class='ocrx_word' id='word_1_769' title='bbox 1289 4533 1506 4600; x_wconf 90' lang='lat' dir='ltr'><strong>cecinit,</strong></span> <span class='ocrx_word' id='word_1_770' title='bbox 1537 4509 1732 4596; x_wconf 68' lang='lat' dir='ltr'><strong>ordine</strong></span> <span class='ocrx_word' id='word_1_771' title='bbox 1787 4509 2046 4615; x_wconf 76' lang='lat' dir='ltr'><strong>deinceps</strong></span> 
     </span>
    </p>
   </div>
   <div class='ocr_carea' id='block_1_91' title="bbox 2175 4509 3704 4622">
    <p class='ocr_par' dir='ltr' id='par_1_91' title="bbox 2175 4509 3704 4622">
     <span class='ocr_line' id='line_1_93' title="bbox 2321 4509 3704 4531; baseline 0.009 -7"><span class='ocrx_word' id='word_1_772' title='bbox 2321 4509 2331 4517; x_wconf 91' lang='lat'><strong>-</strong></span> <span class='ocrx_word' id='word_1_773' title='bbox 2856 4509 2865 4510; x_wconf 46' lang='grc' dir='ltr'>ί</span> <span class='ocrx_word' id='word_1_774' title='bbox 2910 4509 2920 4529; x_wconf 83' lang='grc' dir='ltr'><strong>ι</strong></span> <span class='ocrx_word' id='word_1_775' title='bbox 2953 4509 2990 4512; x_wconf 38' lang='grc' dir='ltr'><strong>έν</strong></span> <span class='ocrx_word' id='word_1_776' title='bbox 3048 4509 3313 4531; x_wconf 76' lang='lat' dir='ltr'><strong>&quot;tt&quot;&quot;&quot;&quot;&#39;</strong></span> <span class='ocrx_word' id='word_1_777' title='bbox 3342 4509 3439 4517; x_wconf 74' lang='lat'><strong>&quot;&quot;&#39;</strong></span> <span class='ocrx_word' id='word_1_778' title='bbox 3485 4509 3539 4519; x_wconf 84' lang='lat'><strong>&quot;</strong></span> <span class='ocrx_word' id='word_1_779' title='bbox 3579 4509 3660 4519; x_wconf 89' lang='lat'><strong>&quot;&quot;&#39;</strong></span> <span class='ocrx_word' id='word_1_780' title='bbox 3688 4509 3704 4516; x_wconf 86' lang='lat'><em>‘</em></span> 
     </span>
     <span class='ocr_line' id='line_1_94' title="bbox 2175 4539 3704 4622; baseline 0.013 -32"><span class='ocrx_word' id='word_1_781' title='bbox 2175 4539 2361 4603; x_wconf 83' lang='grc' dir='ltr'>Ἰούδας</span> <span class='ocrx_word' id='word_1_782' title='bbox 2395 4541 2464 4595; x_wconf 85' lang='grc' dir='ltr'><strong>τά</strong></span> <span class='ocrx_word' id='word_1_783' title='bbox 2487 4543 2586 4614; x_wconf 89' lang='grc' dir='ltr'><strong>τῆς</strong></span> <span class='ocrx_word' id='word_1_784' title='bbox 2609 4548 2727 4599; x_wconf 88' lang='grc' dir='ltr'>κατ’</span> <span class='ocrx_word' id='word_1_785' title='bbox 2759 4549 2923 4602; x_wconf 82' lang='grc' dir='ltr'>αὑτοῦ</span> <span class='ocrx_word' id='word_1_786' title='bbox 2959 4551 3246 4622; x_wconf 84' lang='grc' dir='ltr'>προδοσίας</span> <span class='ocrx_word' id='word_1_787' title='bbox 3273 4562 3704 4613; x_wconf 70' lang='grc' dir='ltr'>συνεσκευάσατο.</span> 
     </span>
    </p>
   </div>
   <div class='ocr_carea' id='block_1_92' title="bbox 481 4603 2044 4697">
    <p class='ocr_par' dir='ltr' id='par_1_92' title="bbox 481 4603 2044 4697">
     <span class='ocr_line' id='line_1_95' title="bbox 481 4603 2044 4697; baseline 0.022 -41"><span class='ocrx_word' id='word_1_788' title='bbox 481 4603 857 4664; x_wconf 88' lang='lat' dir='ltr'><strong>liberationem</strong></span> <span class='ocrx_word' id='word_1_789' title='bbox 897 4627 926 4665; x_wconf 88' lang='lat' dir='ltr'><strong>a</strong></span> <span class='ocrx_word' id='word_1_790' title='bbox 986 4626 1158 4673; x_wconf 89' lang='lat' dir='ltr'><strong>morte</strong></span> <span class='ocrx_word' id='word_1_791' title='bbox 1215 4623 1635 4697; x_wconf 87' lang='lat' dir='ltr'><strong>evasionemque</strong></span> <span class='ocrx_word' id='word_1_792' title='bbox 1688 4645 1841 4686; x_wconf 90' lang='lat' dir='ltr'><strong>suam</strong></span> <span class='ocrx_word' id='word_1_793' title='bbox 1895 4641 2044 4691; x_wconf 92' lang='lat' dir='ltr'><strong>tanto</strong></span> 
     </span>
    </p>
   </div>
   <div class='ocr_carea' id='block_1_93' title="bbox 479 4697 2041 4792">
    <p class='ocr_par' dir='ltr' id='par_1_93' title="bbox 479 4697 2041 4792">
     <span class='ocr_line' id='line_1_96' title="bbox 479 4697 2041 4792; baseline 0.021 -46"><span class='ocrx_word' id='word_1_794' title='bbox 479 4702 606 4749; x_wconf 88' lang='lat' dir='ltr'><strong>ante</strong></span> <span class='ocrx_word' id='word_1_795' title='bbox 632 4697 836 4754; x_wconf 88' lang='lat' dir='ltr'><strong>indicat</strong></span> <span class='ocrx_word' id='word_1_796' title='bbox 877 4702 983 4758; x_wconf 88' lang='lat' dir='ltr'><strong>illis</strong></span> <span class='ocrx_word' id='word_1_797' title='bbox 1014 4709 1194 4764; x_wconf 80' lang='lat' dir='ltr'><strong>verbis</strong></span> <span class='ocrx_word' id='word_1_798' title='bbox 1223 4730 1234 4763; x_wconf 95' lang='lat'><strong>:</strong></span> <span class='ocrx_word' id='word_1_799' title='bbox 1259 4730 1279 4762; x_wconf 72' lang='grc' dir='ltr'><strong>ι</strong></span> <span class='ocrx_word' id='word_1_800' title='bbox 1320 4712 1430 4784; x_wconf 79' lang='lat' dir='ltr'><strong>Ego</strong></span> <span class='ocrx_word' id='word_1_801' title='bbox 1474 4717 1541 4770; x_wconf 92' lang='lat' dir='ltr'><strong>ad</strong></span> <span class='ocrx_word' id='word_1_802' title='bbox 1591 4716 1760 4773; x_wconf 90' lang='lat' dir='ltr'><strong>Deum</strong></span> <span class='ocrx_word' id='word_1_803' title='bbox 1790 4723 2041 4792; x_wconf 78' lang='lat' dir='ltr'><strong>clamavi,</strong></span> 
     </span>
    </p>
   </div>
   <div class='ocr_carea' id='block_1_94' title="bbox 476 4784 2044 4874">
    <p class='ocr_par' dir='ltr' id='par_1_94' title="bbox 476 4784 2044 4874">
     <span class='ocr_line' id='line_1_97' title="bbox 476 4784 2044 4874; baseline 0.021 -33"><span class='ocrx_word' id='word_1_804' title='bbox 476 4795 533 4841; x_wconf 85' lang='lat' dir='ltr'><strong>et</strong></span> <span class='ocrx_word' id='word_1_805' title='bbox 554 4784 816 4846; x_wconf 85' lang='lat' dir='ltr'><strong>Dominus</strong></span> <span class='ocrx_word' id='word_1_806' title='bbox 842 4793 1068 4850; x_wconf 80' lang='lat' dir='ltr'><strong>salvavit</strong></span> <span class='ocrx_word' id='word_1_807' title='bbox 1101 4814 1204 4854; x_wconf 91' lang='lat' dir='ltr'><strong>me.</strong></span> <span class='ocrx_word' id='word_1_808' title='bbox 1233 4801 1472 4874; x_wconf 78' lang='lat' dir='ltr'><strong>VeSpere</strong></span> <span class='ocrx_word' id='word_1_809' title='bbox 1489 4815 1542 4861; x_wconf 92' lang='lat' dir='ltr'><strong>et</strong></span> <span class='ocrx_word' id='word_1_810' title='bbox 1568 4824 1725 4865; x_wconf 87' lang='lat' dir='ltr'><strong>mane</strong></span> <span class='ocrx_word' id='word_1_811' title='bbox 1743 4821 1797 4866; x_wconf 88' lang='lat' dir='ltr'><strong>et</strong></span> <span class='ocrx_word' id='word_1_812' title='bbox 1819 4816 2044 4874; x_wconf 89' lang='lat' dir='ltr'><strong>meridie</strong></span> 
     </span>
    </p>
   </div>
   <div class='ocr_carea' id='block_1_95' title="bbox 478 4881 2040 4976">
    <p class='ocr_par' dir='ltr' id='par_1_95' title="bbox 478 4881 2040 4976">
     <span class='ocr_line' id='line_1_98' title="bbox 478 4881 2040 4976; baseline 0.022 -46"><span class='ocrx_word' id='word_1_813' title='bbox 478 4881 714 4937; x_wconf 88' lang='lat' dir='ltr'><strong>narrabo</strong></span> <span class='ocrx_word' id='word_1_814' title='bbox 746 4891 800 4938; x_wconf 91' lang='lat' dir='ltr'><strong>et</strong></span> <span class='ocrx_word' id='word_1_815' title='bbox 828 4891 1186 4957; x_wconf 89' lang='lat' dir='ltr'><strong>annuntiabo,</strong></span> <span class='ocrx_word' id='word_1_816' title='bbox 1213 4903 1266 4948; x_wconf 91' lang='lat' dir='ltr'><strong>et</strong></span> <span class='ocrx_word' id='word_1_817' title='bbox 1299 4899 1552 4954; x_wconf 84' lang='lat' dir='ltr'><strong>exaudiet</strong></span> <span class='ocrx_word' id='word_1_818' title='bbox 1591 4917 1778 4958; x_wconf 79' lang='lat' dir='ltr'><strong>vocem</strong></span> <span class='ocrx_word' id='word_1_819' title='bbox 1839 4922 2040 4976; x_wconf 87' lang='lat' dir='ltr'><strong>meam,</strong></span> 
     </span>
    </p>
   </div>
   <div class='ocr_carea' id='block_1_96' title="bbox 477 4972 2040 5068">
    <p class='ocr_par' dir='ltr' id='par_1_96' title="bbox 477 4972 2040 5068">
     <span class='ocr_line' id='line_1_99' title="bbox 477 4972 2040 5068; baseline 0.02 -42"><span class='ocrx_word' id='word_1_820' title='bbox 477 4972 704 5028; x_wconf 89' lang='lat' dir='ltr'><strong>redimet</strong></span> <span class='ocrx_word' id='word_1_821' title='bbox 736 4976 789 5030; x_wconf 92' lang='lat' dir='ltr'><strong>in</strong></span> <span class='ocrx_word' id='word_1_822' title='bbox 813 4993 946 5048; x_wconf 84' lang='lat' dir='ltr'><strong>pace</strong></span> <span class='ocrx_word' id='word_1_823' title='bbox 968 4984 1201 5039; x_wconf 82' lang='lat' dir='ltr'><strong>animam</strong></span> <span class='ocrx_word' id='word_1_824' title='bbox 1226 5002 1400 5043; x_wconf 89' lang='lat' dir='ltr'><strong>meam</strong></span> <span class='ocrx_word' id='word_1_825' title='bbox 1418 4990 1484 5046; x_wconf 66' lang='grc' dir='ltr'><strong>δ’.</strong></span> <span class='ocrx_word' id='word_1_826' title='bbox 1517 5011 1535 5045; x_wconf 73' lang='grc' dir='ltr'><strong>ι</strong></span> <span class='ocrx_word' id='word_1_827' title='bbox 1574 4992 1666 5049; x_wconf 91' lang='lat' dir='ltr'><strong>Sic</strong></span> <span class='ocrx_word' id='word_1_828' title='bbox 1693 5004 1948 5068; x_wconf 91' lang='lat' dir='ltr'><strong>tanquam</strong></span> <span class='ocrx_word' id='word_1_829' title='bbox 1985 5002 2040 5057; x_wconf 90' lang='lat' dir='ltr'><strong>in</strong></span> 
     </span>
    </p>
   </div>
   <div class='ocr_carea' id='block_1_97' title="bbox 475 5072 2038 5162">
    <p class='ocr_par' dir='ltr' id='par_1_97' title="bbox 475 5072 2038 5162">
     <span class='ocr_line' id='line_1_100' title="bbox 475 5072 2038 5162; baseline 0.021 -48"><span class='ocrx_word' id='word_1_830' title='bbox 475 5076 636 5131; x_wconf 88' lang='lat' dir='ltr'><strong>prece</strong></span> <span class='ocrx_word' id='word_1_831' title='bbox 663 5073 874 5137; x_wconf 90' lang='lat' dir='ltr'><strong>tempus</strong></span> <span class='ocrx_word' id='word_1_832' title='bbox 903 5072 1046 5140; x_wconf 90' lang='lat' dir='ltr'><strong>quod</strong></span> <span class='ocrx_word' id='word_1_833' title='bbox 1108 5084 1335 5132; x_wconf 90' lang='lat' dir='ltr'><strong>mortem</strong></span> <span class='ocrx_word' id='word_1_834' title='bbox 1390 5086 1704 5151; x_wconf 86' lang='lat' dir='ltr'><strong>antecessit,</strong></span> <span class='ocrx_word' id='word_1_835' title='bbox 1748 5089 2038 5162; x_wconf 82' lang='lat' dir='ltr'><strong>significat,</strong></span> 
     </span>
    </p>
   </div>
   <div class='ocr_carea' id='block_1_98' title="bbox 474 5155 2037 5246">
    <p class='ocr_par' dir='ltr' id='par_1_98' title="bbox 474 5155 2037 5246">
     <span class='ocr_line' id='line_1_101' title="bbox 474 5155 2037 5246; baseline 0.02 -42"><span class='ocrx_word' id='word_1_836' title='bbox 474 5167 582 5221; x_wconf 90' lang='lat' dir='ltr'><strong>quo</strong></span> <span class='ocrx_word' id='word_1_837' title='bbox 614 5155 832 5225; x_wconf 91' lang='lat' dir='ltr'><strong>quidem</strong></span> <span class='ocrx_word' id='word_1_838' title='bbox 864 5167 1106 5232; x_wconf 88' lang='lat' dir='ltr'><strong>tempore</strong></span> <span class='ocrx_word' id='word_1_839' title='bbox 1123 5163 1291 5223; x_wconf 67' lang='lat' dir='ltr'><strong>ludas</strong></span> <span class='ocrx_word' id='word_1_840' title='bbox 1329 5186 1547 5242; x_wconf 90' lang='lat' dir='ltr'><strong>quoque</strong></span> <span class='ocrx_word' id='word_1_841' title='bbox 1576 5175 1642 5230; x_wconf 90' lang='lat' dir='ltr'><strong>ad</strong></span> <span class='ocrx_word' id='word_1_842' title='bbox 1673 5155 2037 5246; x_wconf 79' lang='lat' dir='ltr'><strong>proditionem</strong></span> 
     </span>
    </p>
   </div>
   <div class='ocr_carea' id='block_1_99' title="bbox 473 5249 2038 5328">
    <p class='ocr_par' dir='ltr' id='par_1_99' title="bbox 473 5249 2038 5328">
     <span class='ocr_line' id='line_1_102' title="bbox 473 5249 2038 5328; baseline 0.02 -32"><span class='ocrx_word' id='word_1_843' title='bbox 473 5249 892 5314; x_wconf 87' lang='lat' dir='ltr'><strong>comparabatur</strong></span> <span class='ocrx_word' id='word_1_844' title='bbox 914 5262 1104 5309; x_wconf 90' lang='lat' dir='ltr'><strong>contra</strong></span> <span class='ocrx_word' id='word_1_845' title='bbox 1129 5259 1302 5316; x_wconf 91' lang='lat' dir='ltr'><strong>illum.</strong></span> <span class='ocrx_word' id='word_1_846' title='bbox 1335 5261 1490 5318; x_wconf 90' lang='lat' dir='ltr'><strong>Tunc</strong></span> <span class='ocrx_word' id='word_1_847' title='bbox 1522 5269 1666 5321; x_wconf 89' lang='lat' dir='ltr'><strong>enim</strong></span> <span class='ocrx_word' id='word_1_848' title='bbox 1697 5269 1947 5326; x_wconf 85' lang='lat' dir='ltr'><strong>Salvator</strong></span> <span class='ocrx_word' id='word_1_849' title='bbox 1974 5290 2038 5328; x_wconf 86' lang='lat' dir='ltr'><strong>ac</strong></span> 
     </span>
    </p>
   </div>
   <div class='ocr_carea' id='block_1_100' title="bbox 473 5329 2035 5429">
    <p class='ocr_par' dir='ltr' id='par_1_100' title="bbox 473 5329 2035 5429">
     <span class='ocr_line' id='line_1_103' title="bbox 473 5329 2035 5429; baseline 0.022 -46"><span class='ocrx_word' id='word_1_850' title='bbox 473 5329 736 5392; x_wconf 89' lang='lat' dir='ltr'><strong>Dominus</strong></span> <span class='ocrx_word' id='word_1_851' title='bbox 765 5349 969 5407; x_wconf 87' lang='lat' dir='ltr'><strong>noster,</strong></span> <span class='ocrx_word' id='word_1_852' title='bbox 1008 5347 1171 5400; x_wconf 76' lang='lat' dir='ltr'><strong>Veluti</strong></span> <span class='ocrx_word' id='word_1_853' title='bbox 1228 5351 1298 5404; x_wconf 92' lang='lat' dir='ltr'><strong>ob</strong></span> <span class='ocrx_word' id='word_1_854' title='bbox 1329 5355 1624 5421; x_wconf 90' lang='lat' dir='ltr'><strong>perniciem</strong></span> <span class='ocrx_word' id='word_1_855' title='bbox 1667 5368 1830 5429; x_wconf 91' lang='lat' dir='ltr'><strong>atque</strong></span> <span class='ocrx_word' id='word_1_856' title='bbox 1865 5363 2035 5418; x_wconf 87' lang='lat' dir='ltr'><strong>inter-</strong></span> 
     </span>
    </p>
   </div>
   <div class='ocr_carea' id='block_1_101' title="bbox 474 5420 2037 5518">
    <p class='ocr_par' dir='ltr' id='par_1_101' title="bbox 474 5420 2037 5518">
     <span class='ocr_line' id='line_1_104' title="bbox 474 5420 2037 5518; baseline 0.023 -45"><span class='ocrx_word' id='word_1_857' title='bbox 474 5420 608 5477; x_wconf 91' lang='lat' dir='ltr'><strong>itum</strong></span> <span class='ocrx_word' id='word_1_858' title='bbox 638 5428 722 5480; x_wconf 91' lang='lat' dir='ltr'><strong>sui</strong></span> <span class='ocrx_word' id='word_1_859' title='bbox 756 5428 1040 5491; x_wconf 87' lang='lat' dir='ltr'><strong>familiaris</strong></span> <span class='ocrx_word' id='word_1_860' title='bbox 1092 5438 1283 5496; x_wconf 91' lang='lat' dir='ltr'><strong>dolens</strong></span> <span class='ocrx_word' id='word_1_861' title='bbox 1333 5459 1700 5518; x_wconf 69' lang='lat' dir='ltr'><strong>mmrensque.</strong></span> <span class='ocrx_word' id='word_1_862' title='bbox 1747 5467 1809 5505; x_wconf 92' lang='lat' dir='ltr'><strong>ac</strong></span> <span class='ocrx_word' id='word_1_863' title='bbox 1861 5456 2037 5509; x_wconf 88' lang='lat' dir='ltr'><strong>multo</strong></span> 
     </span>
    </p>
   </div>
   <div class='ocr_carea' id='block_1_102' title="bbox 471 5513 2033 5611">
    <p class='ocr_par' dir='ltr' id='par_1_102' title="bbox 471 5513 2033 5611">
     <span class='ocr_line' id='line_1_105' title="bbox 471 5513 2033 5611; baseline 0.024 -47"><span class='ocrx_word' id='word_1_864' title='bbox 471 5513 634 5568; x_wconf 89' lang='lat' dir='ltr'><strong>etiam</strong></span> <span class='ocrx_word' id='word_1_865' title='bbox 673 5521 846 5590; x_wconf 78' lang='lat' dir='ltr'><strong>magis</strong></span> <span class='ocrx_word' id='word_1_866' title='bbox 871 5526 940 5579; x_wconf 94' lang='lat' dir='ltr'><strong>ob</strong></span> <span class='ocrx_word' id='word_1_867' title='bbox 960 5529 1127 5585; x_wconf 91' lang='lat' dir='ltr'><strong>totius</strong></span> <span class='ocrx_word' id='word_1_868' title='bbox 1154 5529 1395 5590; x_wconf 65' lang='lat' dir='ltr'><strong>Iudaica:</strong></span> <span class='ocrx_word' id='word_1_869' title='bbox 1435 5513 1612 5608; x_wconf 74' lang='lat' dir='ltr'><strong>gentis</strong></span> <span class='ocrx_word' id='word_1_870' title='bbox 1650 5543 2033 5611; x_wconf 84' lang='lat' dir='ltr'><strong>perditionem,</strong></span> 
     </span>
    </p>
   </div>
   <div class='ocr_carea' id='block_1_103' title="bbox 470 5608 2031 5702">
    <p class='ocr_par' dir='ltr' id='par_1_103' title="bbox 470 5608 2031 5702">
     <span class='ocr_line' id='line_1_106' title="bbox 470 5608 2031 5702; baseline 0.022 -48"><span class='ocrx_word' id='word_1_871' title='bbox 470 5608 729 5674; x_wconf 83' lang='lat' dir='ltr'><strong>tanquam</strong></span> <span class='ocrx_word' id='word_1_872' title='bbox 760 5611 829 5664; x_wconf 92' lang='lat' dir='ltr'><strong>ob</strong></span> <span class='ocrx_word' id='word_1_873' title='bbox 849 5628 978 5670; x_wconf 92' lang='lat' dir='ltr'><strong>suos</strong></span> <span class='ocrx_word' id='word_1_874' title='bbox 996 5615 1064 5670; x_wconf 87' lang='lat' dir='ltr'><strong>ad</strong></span> <span class='ocrx_word' id='word_1_875' title='bbox 1091 5617 1362 5676; x_wconf 87' lang='lat' dir='ltr'><strong>insaniam</strong></span> <span class='ocrx_word' id='word_1_876' title='bbox 1394 5608 1665 5696; x_wconf 71' lang='lat' dir='ltr'><strong>redactos,</strong></span> <span class='ocrx_word' id='word_1_877' title='bbox 1687 5637 1742 5685; x_wconf 91' lang='lat' dir='ltr'><strong>et</strong></span> <span class='ocrx_word' id='word_1_878' title='bbox 1773 5608 2031 5702; x_wconf 83' lang='lat' dir='ltr'><strong>tanquam</strong></span> 
     </span>
    </p>
   </div>
   <div class='ocr_carea' id='block_1_104' title="bbox 2152 4627 3707 4720">
    <p class='ocr_par' dir='ltr' id='par_1_104' title="bbox 2152 4627 3707 4720">
     <span class='ocr_line' id='line_1_107' title="bbox 2152 4627 3707 4720; baseline 0.015 -40"><span class='ocrx_word' id='word_1_879' title='bbox 2152 4629 2282 4681; x_wconf 82' lang='grc' dir='ltr'>Τότε</span> <span class='ocrx_word' id='word_1_880' title='bbox 2307 4627 2398 4684; x_wconf 78' lang='grc' dir='ltr'>οὖν</span> <span class='ocrx_word' id='word_1_881' title='bbox 2427 4633 2455 4685; x_wconf 93' lang='grc' dir='ltr'><strong>ὁ</strong></span> <span class='ocrx_word' id='word_1_882' title='bbox 2483 4635 2671 4708; x_wconf 79' lang='grc' dir='ltr'>Σωτὴρ</span> <span class='ocrx_word' id='word_1_883' title='bbox 2724 4639 2816 4691; x_wconf 67' lang='grc' dir='ltr'>καὶ</span> <span class='ocrx_word' id='word_1_884' title='bbox 2855 4640 3056 4711; x_wconf 89' lang='grc' dir='ltr'>Κύριος</span> <span class='ocrx_word' id='word_1_885' title='bbox 3085 4643 3260 4714; x_wconf 76' lang='grc' dir='ltr'>ἡμῶν,</span> <span class='ocrx_word' id='word_1_886' title='bbox 3285 4645 3359 4709; x_wconf 83' lang='grc' dir='ltr'>ὼς</span> <span class='ocrx_word' id='word_1_887' title='bbox 3395 4649 3486 4700; x_wconf 80' lang='grc' dir='ltr'>ἐπὶ</span> <span class='ocrx_word' id='word_1_888' title='bbox 3521 4650 3707 4720; x_wconf 71' lang='grc' dir='ltr'>ὀλέθρῳ</span> 
     </span>
    </p>
   </div>
   <div class='ocr_carea' id='block_1_105' title="bbox 2151 4721 3705 4809">
    <p class='ocr_par' dir='ltr' id='par_1_105' title="bbox 2151 4721 3705 4809">
     <span class='ocr_line' id='line_1_108' title="bbox 2151 4721 3705 4809; baseline 0.011 -36"><span class='ocrx_word' id='word_1_889' title='bbox 2151 4721 2244 4773; x_wconf 75' lang='grc' dir='ltr'>καὶ</span> <span class='ocrx_word' id='word_1_890' title='bbox 2267 4722 2490 4795; x_wconf 75' lang='grc' dir='ltr'>ἀπολείᾳ</span> <span class='ocrx_word' id='word_1_891' title='bbox 2517 4726 2610 4779; x_wconf 83' lang='grc' dir='ltr'>τοῦ</span> <span class='ocrx_word' id='word_1_892' title='bbox 2633 4730 2907 4800; x_wconf 86' lang='grc' dir='ltr'>γνωρίμου</span> <span class='ocrx_word' id='word_1_893' title='bbox 2949 4731 3248 4805; x_wconf 83' lang='grc' dir='ltr'>δυσφορῶν,</span> <span class='ocrx_word' id='word_1_894' title='bbox 3280 4737 3375 4789; x_wconf 82' lang='grc' dir='ltr'>καὶ</span> <span class='ocrx_word' id='word_1_895' title='bbox 3412 4737 3491 4790; x_wconf 78' lang='grc' dir='ltr'>ἔτι</span> <span class='ocrx_word' id='word_1_896' title='bbox 3523 4740 3705 4809; x_wconf 82' lang='grc' dir='ltr'>μᾶλλον</span> 
     </span>
    </p>
   </div>
   <div class='ocr_carea' id='block_1_106' title="bbox 2151 4812 3703 4902">
    <p class='ocr_par' dir='ltr' id='par_1_106' title="bbox 2151 4812 3703 4902">
     <span class='ocr_line' id='line_1_109' title="bbox 2151 4812 3703 4902; baseline 0.013 -40"><span class='ocrx_word' id='word_1_897' title='bbox 2151 4812 2243 4864; x_wconf 78' lang='grc' dir='ltr'><strong>ἐπὶ</strong></span> <span class='ocrx_word' id='word_1_898' title='bbox 2274 4815 2338 4884; x_wconf 82' lang='grc' dir='ltr'>τῇ</span> <span class='ocrx_word' id='word_1_899' title='bbox 2363 4815 2458 4867; x_wconf 81' lang='grc' dir='ltr'>τοῦ</span> <span class='ocrx_word' id='word_1_900' title='bbox 2504 4819 2702 4882; x_wconf 83' lang='grc' dir='ltr'>παντὸς</span> <span class='ocrx_word' id='word_1_901' title='bbox 2743 4821 3009 4876; x_wconf 86' lang='grc' dir='ltr'>Ἰουδαίων</span> <span class='ocrx_word' id='word_1_902' title='bbox 3033 4823 3217 4889; x_wconf 83' lang='grc' dir='ltr'>ἔθνους</span> <span class='ocrx_word' id='word_1_903' title='bbox 3238 4827 3498 4899; x_wconf 80' lang='grc' dir='ltr'>ἀποϐολῇ,</span> <span class='ocrx_word' id='word_1_904' title='bbox 3533 4830 3703 4902; x_wconf 84' lang='grc' dir='ltr'>ὥσπερ</span> 
     </span>
    </p>
   </div>
   <div class='ocr_carea' id='block_1_107' title="bbox 2150 4902 3764 4999">
    <p class='ocr_par' dir='ltr' id='par_1_107' title="bbox 2150 4902 3764 4999">
     <span class='ocr_line' id='line_1_110' title="bbox 2150 4902 3764 4999; baseline 0.014 -45"><span class='ocrx_word' id='word_1_905' title='bbox 2150 4902 2243 4954; x_wconf 80' lang='grc' dir='ltr'>ἐπὶ</span> <span class='ocrx_word' id='word_1_906' title='bbox 2313 4908 2608 4977; x_wconf 85' lang='grc' dir='ltr'>μεμηνόσιν</span> <span class='ocrx_word' id='word_1_907' title='bbox 2660 4912 2900 4978; x_wconf 76' lang='grc' dir='ltr'>οἰκείοις,</span> <span class='ocrx_word' id='word_1_908' title='bbox 2928 4915 3020 4990; x_wconf 55' lang='grc' dir='ltr'>καὶ</span> <span class='ocrx_word' id='word_1_909' title='bbox 3056 4915 3131 4980; x_wconf 83' lang='grc' dir='ltr'>ὡς</span> <span class='ocrx_word' id='word_1_910' title='bbox 3162 4919 3255 4970; x_wconf 74' lang='grc' dir='ltr'>ἐπὶ</span> <span class='ocrx_word' id='word_1_911' title='bbox 3285 4919 3559 4988; x_wconf 82' lang='grc' dir='ltr'>φιλτάτοις</span> <span class='ocrx_word' id='word_1_912' title='bbox 3581 4939 3702 4991; x_wconf 71' lang='grc' dir='ltr'>συμο</span> <span class='ocrx_word' id='word_1_913' title='bbox 3755 4987 3764 4999; x_wconf 37' lang='grc' dir='ltr'>ι</span> 
     </span>
    </p>
   </div>
   <div class='ocr_carea' id='block_1_108' title="bbox 2148 4995 3700 5079">
    <p class='ocr_par' dir='ltr' id='par_1_108' title="bbox 2148 4995 3700 5079">
     <span class='ocr_line' id='line_1_111' title="bbox 2148 4995 3700 5079; baseline 0.014 -33"><span class='ocrx_word' id='word_1_914' title='bbox 2148 4995 2392 5066; x_wconf 83' lang='grc' dir='ltr'>πάσχων,</span> <span class='ocrx_word' id='word_1_915' title='bbox 2415 5001 2593 5054; x_wconf 78' lang='grc' dir='ltr'>πᾶσαν</span> <span class='ocrx_word' id='word_1_916' title='bbox 2612 5002 2709 5073; x_wconf 77' lang='grc' dir='ltr'>τὴν</span> <span class='ocrx_word' id='word_1_917' title='bbox 2738 5005 2872 5075; x_wconf 85' lang='grc' dir='ltr'>πρὸς</span> <span class='ocrx_word' id='word_1_918' title='bbox 2895 5009 3089 5072; x_wconf 78' lang='grc' dir='ltr'>αὐτοὺς</span> <span class='ocrx_word' id='word_1_919' title='bbox 3103 5010 3319 5079; x_wconf 86' lang='grc' dir='ltr'>ὁμιλίαν</span> <span class='ocrx_word' id='word_1_920' title='bbox 3345 5013 3434 5065; x_wconf 69' lang='grc' dir='ltr'><strong>καὶ⁵</strong></span> <span class='ocrx_word' id='word_1_921' title='bbox 3462 5013 3700 5067; x_wconf 79' lang='grc' dir='ltr'>διδασκα-</span> 
     </span>
    </p>
   </div>
   <div class='ocr_carea' id='block_1_109' title="bbox 2147 5085 3700 5176">
    <p class='ocr_par' dir='ltr' id='par_1_109' title="bbox 2147 5085 3700 5176">
     <span class='ocr_line' id='line_1_112' title="bbox 2147 5085 3700 5176; baseline 0.012 -39"><span class='ocrx_word' id='word_1_922' title='bbox 2147 5085 2286 5152; x_wconf 86' lang='grc' dir='ltr'>λίαν,</span> <span class='ocrx_word' id='word_1_923' title='bbox 2309 5087 2396 5142; x_wconf 86' lang='grc' dir='ltr'>διὰ</span> <span class='ocrx_word' id='word_1_924' title='bbox 2451 5089 2512 5143; x_wconf 84' lang='grc' dir='ltr'>τὸ</span> <span class='ocrx_word' id='word_1_925' title='bbox 2557 5094 2722 5163; x_wconf 84' lang='grc' dir='ltr'>μηδὲν</span> <span class='ocrx_word' id='word_1_926' title='bbox 2760 5098 2952 5163; x_wconf 81' lang='grc' dir='ltr'>αὐτοὺς</span> <span class='ocrx_word' id='word_1_927' title='bbox 3000 5099 3358 5171; x_wconf 77' lang='grc' dir='ltr'>ὠφεληκέναι,</span> <span class='ocrx_word' id='word_1_928' title='bbox 3405 5104 3700 5176; x_wconf 85' lang='grc' dir='ltr'>ἀδολεσχίαν</span> 
     </span>
    </p>
   </div>
   <div class='ocr_carea' id='block_1_110' title="bbox 2147 5179 3690 5266">
    <p class='ocr_par' dir='ltr' id='par_1_110' title="bbox 2147 5179 3690 5266">
     <span class='ocr_line' id='line_1_113' title="bbox 2147 5179 3690 5266; baseline 0.011 -36"><span class='ocrx_word' id='word_1_929' title='bbox 2147 5179 2435 5246; x_wconf 86' lang='grc' dir='ltr'>ἀποκαλεῖ,</span> <span class='ocrx_word' id='word_1_930' title='bbox 2466 5183 2689 5253; x_wconf 81' lang='grc' dir='ltr'>φάσκων</span> <span class='ocrx_word' id='word_1_931' title='bbox 2711 5203 2724 5216; x_wconf 89' lang='grc'>·</span> <span class='ocrx_word' id='word_1_932' title='bbox 2748 5207 2766 5238; x_wconf 87' lang='grc'><strong><em>‹</em></strong></span> <span class='ocrx_word' id='word_1_933' title='bbox 2791 5189 3094 5260; x_wconf 80' lang='grc' dir='ltr'>Ἑλυπὴθην</span> <span class='ocrx_word' id='word_1_934' title='bbox 3117 5192 3175 5245; x_wconf 90' lang='grc' dir='ltr'><strong>ἐν</strong></span> <span class='ocrx_word' id='word_1_935' title='bbox 3196 5196 3261 5262; x_wconf 80' lang='grc' dir='ltr'>τῇ</span> <span class='ocrx_word' id='word_1_936' title='bbox 3285 5195 3564 5266; x_wconf 71' lang='grc' dir='ltr'>ἀδολεσχία</span> <span class='ocrx_word' id='word_1_937' title='bbox 3581 5213 3690 5266; x_wconf 87' lang='grc' dir='ltr'>μου,</span> 
     </span>
    </p>
   </div>
   <div class='ocr_carea' id='block_1_111' title="bbox 2152 5271 3694 5357">
    <p class='ocr_par' dir='ltr' id='par_1_111' title="bbox 2152 5271 3694 5357">
     <span class='ocr_line' id='line_1_114' title="bbox 2152 5271 3694 5357; baseline 0.012 -36"><span class='ocrx_word' id='word_1_938' title='bbox 2152 5271 2246 5322; x_wconf 74' lang='grc' dir='ltr'><strong>καὶ</strong></span> <span class='ocrx_word' id='word_1_939' title='bbox 2297 5273 2603 5346; x_wconf 88' lang='grc' dir='ltr'>ἐταράχθην</span> <span class='ocrx_word' id='word_1_940' title='bbox 2627 5277 2736 5330; x_wconf 82' lang='grc' dir='ltr'>ἀπὸ</span> <span class='ocrx_word' id='word_1_941' title='bbox 2779 5280 2960 5350; x_wconf 81' lang='grc' dir='ltr'>φωνῆς</span> <span class='ocrx_word' id='word_1_942' title='bbox 2989 5281 3206 5353; x_wconf 80' lang='grc' dir='ltr'>ἐχθροῦ,</span> <span class='ocrx_word' id='word_1_943' title='bbox 3237 5287 3330 5338; x_wconf 74' lang='grc' dir='ltr'><strong>καὶ</strong></span> <span class='ocrx_word' id='word_1_944' title='bbox 3353 5287 3458 5340; x_wconf 82' lang='grc' dir='ltr'>ἀπὸ</span> <span class='ocrx_word' id='word_1_945' title='bbox 3478 5287 3694 5357; x_wconf 70' lang='grc' dir='ltr'>θλίψεως</span> 
     </span>
    </p>
   </div>
   <div class='ocr_carea' id='block_1_112' title="bbox 2137 5361 3692 5448">
    <p class='ocr_par' dir='ltr' id='par_1_112' title="bbox 2137 5361 3692 5448">
     <span class='ocr_line' id='line_1_115' title="bbox 2137 5361 3692 5448; baseline 0.011 -35"><span class='ocrx_word' id='word_1_946' title='bbox 2137 5361 2462 5433; x_wconf 81' lang='grc' dir='ltr'>ἁμαρτωλοῦ</span> <span class='ocrx_word' id='word_1_947' title='bbox 2483 5384 2495 5396; x_wconf 86' lang='grc'><strong>·</strong></span> <span class='ocrx_word' id='word_1_948' title='bbox 2525 5367 2605 5420; x_wconf 85' lang='grc' dir='ltr'>ὅτι</span> <span class='ocrx_word' id='word_1_949' title='bbox 2625 5369 2951 5434; x_wconf 75' lang='grc' dir='ltr'>ἐξέκλιναν,ι</span> <span class='ocrx_word' id='word_1_950' title='bbox 2971 5374 3156 5443; x_wconf 74' lang='grc' dir='ltr'>φησὶν,</span> <span class='ocrx_word' id='word_1_951' title='bbox 3188 5396 3206 5426; x_wconf 81' lang='grc'><strong><em>‹</em></strong></span> <span class='ocrx_word' id='word_1_952' title='bbox 3235 5377 3320 5429; x_wconf 83' lang='grc' dir='ltr'>ἐπ’</span> <span class='ocrx_word' id='word_1_953' title='bbox 3359 5377 3457 5448; x_wconf 81' lang='grc' dir='ltr'>ἐμὲ</span> <span class='ocrx_word' id='word_1_954' title='bbox 3481 5377 3692 5448; x_wconf 84' lang='grc' dir='ltr'>ἀνομίαν</span> 
     </span>
    </p>
   </div>
   <div class='ocr_carea' id='block_1_113' title="bbox 2141 5453 3693 5540">
    <p class='ocr_par' dir='ltr' id='par_1_113' title="bbox 2141 5453 3693 5540">
     <span class='ocr_line' id='line_1_116' title="bbox 2141 5453 3693 5540; baseline 0.013 -36"><span class='ocrx_word' id='word_1_955' title='bbox 2141 5453 2235 5505; x_wconf 79' lang='grc' dir='ltr'>καὶ</span> <span class='ocrx_word' id='word_1_956' title='bbox 2264 5456 2321 5507; x_wconf 88' lang='grc' dir='ltr'><strong>ἐν</strong></span> <span class='ocrx_word' id='word_1_957' title='bbox 2354 5457 2488 5528; x_wconf 82' lang='grc' dir='ltr'>ὁργῇ</span> <span class='ocrx_word' id='word_1_958' title='bbox 2517 5459 2798 5512; x_wconf 84' lang='grc' dir='ltr'>ἐνεκότουν</span> <span class='ocrx_word' id='word_1_959' title='bbox 2835 5479 2924 5532; x_wconf 89' lang='grc' dir='ltr'><strong>μοι</strong></span> <span class='ocrx_word' id='word_1_960' title='bbox 2950 5480 2965 5494; x_wconf 77' lang='grc' dir='ltr'><strong>ο</strong></span> <span class='ocrx_word' id='word_1_961' title='bbox 3001 5482 3020 5515; x_wconf 75' lang='grc' dir='ltr'><strong>ι</strong></span> <span class='ocrx_word' id='word_1_962' title='bbox 3048 5464 3191 5537; x_wconf 72' lang='grc' dir='ltr'>ἅπερ</span> <span class='ocrx_word' id='word_1_963' title='bbox 3235 5466 3457 5523; x_wconf 86' lang='grc' dir='ltr'>δύναται</span> <span class='ocrx_word' id='word_1_964' title='bbox 3487 5471 3582 5540; x_wconf 84' lang='grc' dir='ltr'>μὲν</span> <span class='ocrx_word' id='word_1_965' title='bbox 3610 5471 3693 5523; x_wconf 74' lang='grc' dir='ltr'>καὶ</span> 
     </span>
    </p>
   </div>
   <div class='ocr_carea' id='block_1_114' title="bbox 2139 5543 3688 5634">
    <p class='ocr_par' dir='ltr' id='par_1_114' title="bbox 2139 5543 3688 5634">
     <span class='ocr_line' id='line_1_117' title="bbox 2139 5543 3688 5634; baseline 0.012 -39"><span class='ocrx_word' id='word_1_966' title='bbox 2139 5543 2232 5596; x_wconf 77' lang='grc' dir='ltr'>ἐπὶ</span> <span class='ocrx_word' id='word_1_967' title='bbox 2275 5547 2401 5610; x_wconf 84' lang='grc' dir='ltr'>τοὺς</span> <span class='ocrx_word' id='word_1_968' title='bbox 2453 5549 2717 5620; x_wconf 83' lang='grc' dir='ltr'>ἄρχοντας</span> <span class='ocrx_word' id='word_1_969' title='bbox 2750 5551 2856 5605; x_wconf 88' lang='grc' dir='ltr'><strong>τῶν</strong></span> <span class='ocrx_word' id='word_1_970' title='bbox 2888 5555 2953 5608; x_wconf 84' lang='grc' dir='ltr'><strong>ἐκ</strong></span> <span class='ocrx_word' id='word_1_971' title='bbox 2987 5561 3289 5631; x_wconf 79' lang='grc' dir='ltr'>περιτομῆς</span> <span class='ocrx_word' id='word_1_972' title='bbox 3319 5563 3688 5634; x_wconf 83' lang='grc' dir='ltr'>ἀναφέρεσθαι,</span> 
     </span>
    </p>
   </div>
   <div class='ocr_carea' id='block_1_115' title="bbox 2140 5636 3693 5723">
    <p class='ocr_par' dir='ltr' id='par_1_115' title="bbox 2140 5636 3693 5723">
     <span class='ocr_line' id='line_1_118' title="bbox 2140 5636 3693 5723; baseline 0.011 -37"><span class='ocrx_word' id='word_1_973' title='bbox 2140 5636 2264 5698; x_wconf 78' lang='grc' dir='ltr'>τοὺς</span> <span class='ocrx_word' id='word_1_974' title='bbox 2291 5639 2574 5709; x_wconf 74' lang='grc' dir='ltr'>ἐχθρωδῶς</span> <span class='ocrx_word' id='word_1_975' title='bbox 2608 5645 2698 5697; x_wconf 72' lang='grc' dir='ltr'>καὶ</span> <span class='ocrx_word' id='word_1_976' title='bbox 2744 5646 3196 5715; x_wconf 84' lang='grc' dir='ltr'>ὲπιϐουλευτικῶς</span> <span class='ocrx_word' id='word_1_977' title='bbox 3223 5653 3519 5723; x_wconf 86' lang='grc' dir='ltr'>ἐνεδρεύειν</span> <span class='ocrx_word' id='word_1_978' title='bbox 3542 5653 3693 5708; x_wconf 81' lang='grc' dir='ltr'>αὐτὸν</span> 
     </span>
    </p>
   </div>
   <div class='ocr_carea' id='block_1_116' title="bbox 557 5775 2072 5881">
    <p class='ocr_par' dir='ltr' id='par_1_116' title="bbox 557 5775 2069 5873">
     <span class='ocr_line' id='line_1_119' title="bbox 557 5775 2069 5873; baseline 0.025 -43"><span class='ocrx_word' id='word_1_979' title='bbox 557 5776 604 5809; x_wconf 75' lang='grc'><strong>⁵⁸</strong></span> <span class='ocrx_word' id='word_1_980' title='bbox 640 5775 780 5836; x_wconf 86' lang='lat' dir='ltr'><strong>Psal.</strong></span> <span class='ocrx_word' id='word_1_981' title='bbox 807 5797 913 5850; x_wconf 82' lang='lat' dir='ltr'><strong>uv,</strong></span> <span class='ocrx_word' id='word_1_982' title='bbox 941 5785 1116 5846; x_wconf 83' lang='lat' dir='ltr'><strong>l0-l5.</strong></span> <span class='ocrx_word' id='word_1_983' title='bbox 1171 5795 1240 5870; x_wconf 79' lang='lat'><strong>_“</strong></span> <span class='ocrx_word' id='word_1_984' title='bbox 1277 5795 1422 5854; x_wconf 84' lang='lat' dir='ltr'><strong>Psal.</strong></span> <span class='ocrx_word' id='word_1_985' title='bbox 1459 5816 1557 5873; x_wconf 74' lang='grc' dir='ltr'>ιι,</span> <span class='ocrx_word' id='word_1_986' title='bbox 1593 5803 1681 5860; x_wconf 83' lang='lat' dir='ltr'><strong>lo.</strong></span> <span class='ocrx_word' id='word_1_987' title='bbox 1757 5808 1802 5848; x_wconf 65' lang='grc' dir='ltr'>ιτ</span> <span class='ocrx_word' id='word_1_988' title='bbox 1838 5806 1982 5867; x_wconf 86' lang='lat' dir='ltr'><strong>Psal.</strong></span> <span class='ocrx_word' id='word_1_989' title='bbox 2018 5827 2069 5870; x_wconf 78' lang='lat' dir='ltr'><strong>LI</strong></span> 
     </span>
    </p>
   </div>
   <div class='ocr_carea' id='block_1_117' title="bbox 2175 5775 2353 5881">
    <p class='ocr_par' dir='ltr' id='par_1_117' title="bbox 2175 5815 2353 5872">
     <span class='ocr_line' id='line_1_120' title="bbox 2175 5815 2353 5872; baseline 0 -3"><span class='ocrx_word' id='word_1_990' title='bbox 2175 5815 2353 5872; x_wconf 66' lang='lat'><strong>17-19.</strong></span> 
     </span>
    </p>
   </div>
  </div>
