3928 6504
271 430 372 486 735

1110 469 1118 479 ο
1155 433 1800 494 DEMONSTRATIONIS
1835 436 2291 494 EVANGELICAE
2331 437 2456 492 LIB.
2500 436 2564 492 Χ.

3393 442 3490 497 734

266 546 640 617 πειρωμένους
659 562 672 575 °
708 545 926 598 δύναται
946 545 1002 600 δὲ
1019 547 1260 620 καὶπερὶ
1283 548 1563 619 δυνάμεων
1592 549 1835 620 ἀοράτων

1938 550 2008 604 ob
2043 549 2148 606 sibi
2190 549 2545 604 charissimos
2595 548 2967 603 misericordia
3023 557 3490 614 commotusmmo

265 639 466 706 ἔξωθεν
480 640 642 694 αὐτὸν
665 637 1175 710 προσπολεμουσῶν,
1197 643 1289 694 καὶ
1319 641 1417 713 τὴν
1440 641 1506 694 δι’
1534 640 1832 712 ἀνθρώπων

267 732 615 802 κατασκευὴν
671 731 1005 802 ἐνεργουσῶν
1053 731 1343 800 λέγεσθαι·
1385 731 1423 785 ἃ
1466 733 1559 786 καὶ
1591 732 1832 805 συνᾴδειν

268 840 360 892 μοι
393 825 680 887 δοκεῖ-τοίς
711 824 768 875 ἐν
816 821 892 892 τῷ
925 823 1238 893 Εὑαγγελίῳ
1269 824 1357 876 ὑπ’
1391 824 1553 878 αὑτοῦ
1575 823 1830 894 λελεγμέ-

266 935 378 981 νοις
410 915 555 970 κατά
575 915 666 968 τὸν
693 914 785 968 τοῦ
821 915 1025 978 πάθους
1047 915 1258 986 καιρὸν,
1283 916 1371 968 ὅτε
1397 915 1542 984 λέγει
1565 919 1675 978 τοῖς
1705 918 1832 970 ἐαυ-

263 1009 359 1064 τοῦ
431 1008 743 1080 μαθηταῖςο
806 1026 825 1058 ι
881 1007 1182 1080 Περίλυπός
1230 1009 1376 1059 ἐστιν
1439 1010 1470 1080 ἡ
1543 1007 1684 1078 ψυχή
1734 1024 1831 1078 μου

264 1105 373 1167 ἓως
429 1102 681 1155 Θανάτου.
728 1100 962 1154 Μείνατε
1021 1093 1123 1153 ὧδε
1148 1140 1162 1163 ,
1213 1101 1305 1152 καὶ
1347 1103 1664 1172 γρηγορεῖτε
1717 1099 1831 1170 μετ’

265 1193 403 1262 ἐμοῦ
427 1210 442 1222 ο
476 1212 495 1243 ι
533 1192 627 1246 καὶ
655 1191 815 1244 πάλιν
835 1208 848 1222 ο
878 1211 896 1242 ι
938 1191 1048 1244 Νῦν
1073 1181 1268 1263 ἡψυχὴ
1305 1209 1403 1261 μου
1433 1194 1776 1264 τετάρακται.
1808 1211 1827 1243 ι

268 1281 475 1352 Ὅμοια
505 1280 635 1351 γοῦν
670 1280 878 1343 τούτοις
908 1272 1022 1334 ἐστί
1051 1281 1143 1333 καὶ
1170 1281 1237 1333 τὰ
1266 1283 1322 1333 ἐν
1346 1280 1420 1350 τῷ
1452 1280 1666 1351 ψαλμῷ,
1702 1283 1758 1333 ἐν

264 1369 548 1424 λέλεκται·
603 1391 620 1421 ι
667 1372 729 1424 Ἡ
767 1370 963 1441 καρδία
1000 1389 1100 1441 μου
1150 1371 1423 1441 ἐταράχθη
1472 1373 1527 1423 ἐν
1554 1373 1694 1441 ἐμοὶ,
1741 1373 1834 1425 καί⁸

263 1462 438 1518 δειλία
473 1463 701 1516 Θανάτου
733 1463 997 1516 ἐπέπεσεν
1027 1463 1110 1515 ἐπ’
1143 1463 1262 1533 ἐμέ.
1306 1463 1470 1526 Φόϐος
1513 1465 1606 1517 καὶ
1637 1465 1835 1536 τρόμος

262 1552 428 1627 ἦλθεν
453 1556 538 1608 ἐπ’
575 1556 694 1627 ἐμὲ,
728 1556 821 1608 καὶ
850 1555 1084 1624 ἐκάλυῴέ
1123 1574 1186 1626 με
1212 1556 1397 1618 σκότος
1421 1574 1433 1586 ·
1477 1577 1494 1608 ι
1531 1556 1596 1609 δι’
1629 1550 1701 1609 ὧν
1728 1558 1834 1612 τῶν

263 1649 657 1720 ἀντικειμένων
685 1648 964 1720 δυνάμεων
986 1649 1084 1712 τάς
1113 1648 1232 1702 καθ’
1258 1648 1420 1702 αὑτοῦ
1452 1649 1624 1719 ὁρμὰς
1650 1648 1836 1721 σημαί-

263 1757 366 1793 νει.
428 1740 518 1803 Ὠς
567 1740 696 1809 γοῦν
747 1743 803 1794 ἐν
849 1745 968 1804 ταῖς
1022 1739 1378 1811 προφητείαις
1426 1739 1732 1810 ὠνόμασταί
1782 1759 1834 1794 τι

264 1831 485 1901 πνεῦμα
532 1831 807 1903 πορνείας,
860 1830 1002 1884 κατὰ
1050 1831 1131 1892 τὸ,
1191 1850 1209 1881 ι
1251 1831 1526 1901 Πνεύματι
1585 1832 1836 1904 πορνείας

1932 659 2056 698 nem
2103 658 2208 713 qua
2241 657 2365 696 cum
2402 642 2508 695 illis
2541 640 2792 694 utebatur
2848 641 3117 696 sermonis
3145 643 3493 697 consuetudi-

1932 751 2054 791 nem
2083 749 2146 788 ac
2177 733 2506 796 doctrinam,
2539 747 2604 786 eo
2651 731 2794 800 quod
2831 731 2938 785 illis
2991 732 3125 786 nihil
3174 733 3489 802 profuisset,

1933 827 2283 898 nugationem
2331 824 2587 894 appellat,
2635 823 2866 878 dicens:
2903 843 2921 874 ι
2979 822 3344 882 Contristatus
3369 842 3490 882 sum

1934 920 1988 973 in
2023 919 2318 989 nugatione
2359 932 2499 980 mea,
2531 926 2584 971 et
2613 917 2973 970 conturbatus
3017 932 3134 971 sum
3170 932 3200 969 a
3234 933 3364 973 voce
3389 919 3494 972 ini-

1936 1011 2086 1073 mici,
2109 1018 2163 1064 et
2192 1025 2221 1062 a
2254 1009 2602 1062 tribulatione
2632 1011 2932 1076 peccatoris
2967 1023 2982 1059 :
3019 1009 3272 1077 quoniam
3323 1009 3492 1064 decli-

1935 1112 2226 1166 noverunt,
2249 1101 2446 1170 inquit,
2488 1103 2542 1154 in
2578 1116 2663 1154 me
2699 1099 3124 1168 iniquitatem.ct
3160 1101 3211 1153 in
3244 1102 3322 1154 ira
3373 1117 3490 1154 mo-

1935 1191 2059 1245 lesti
2083 1199 2238 1244 erant
2279 1191 2409 1242 mihi
2445 1210 2456 1244 :
2499 1209 2517 1240 ι
2565 1206 2685 1260 quae
2725 1191 2942 1260 quidem
2977 1199 3205 1259 possunt
3233 1193 3394 1244 etiam
3425 1192 3492 1246 ad

1935 1282 2206 1352 principes
2234 1279 2541 1335 Judzeorum
2577 1282 2790 1341 referri.
2820 1282 2910 1350 qui
2943 1283 3162 1336 inimico
3187 1284 3495 1336 insidianti-

1936 1390 2040 1443 que
2060 1374 2241 1426 animo
2269 1373 2666 1427 circumvenire
2692 1373 2839 1425 illum
2865 1377 3223 1428 conabantur.
3261 1375 3494 1428 Possunt

1935 1467 2096 1519 etiam
2132 1463 2199 1518 de
2248 1465 2608 1533 potestatibus
2643 1464 3038 1527 invisibilibus,
3069 1483 3186 1533 qua:
3226 1470 3494 1521 extrinse—

1935 1571 2033 1609 cus
2088 1555 2236 1608 illum
2291 1553 2696 1622 oppugnabant,
2739 1568 2800 1606 ac
2827 1569 2920 1622 per
2951 1554 3196 1609 homines
3246 1557 3370 1609 talia
3417 1557 3492 1610 illi

1933 1645 2412 1707 machinabantur,
2445 1643 2693 1712 intelligi.
2744 1641 2977 1697 Proinde
3009 1646 3196 1697 eadem
3224 1647 3378 1699 -mihi
3423 1647 3494 1699 viv

1935 1736 2135 1790 dentur
2165 1733 2502 1789 concordare
2533 1750 2657 1788 cum
2700 1736 2765 1790 iis
2801 1751 2920 1804 quae
2947 1737 3012 1788 ab
3043 1739 3157 1805 ipso
3214 1736 3265 1788 in
3321 1735 3495 1788 Evan-

1937 1829 2076 1896 gelio
2119 1827 2262 1880 dicta
2309 1832 2436 1882 sunt
2477 1826 2578 1880 sub
2607 1826 2781 1895 ipsum
2823 1826 3094 1895 passionis
3141 1838 3370 1894 tempus,
3405 1826 3493 1881 ubi

263 1921 666 1992 ἐπλανήθησαν,
711 1943 728 1974 ι
755 1923 848 1976 καὶ
894 1923 1020 1977 ἄλλο
1055 1922 1264 1993 πνεῦμα
1297 1922 1613 1993 πλανήσεως
1665 1925 1722 1975 ἐν
1768 1926 1832 1994 τῇ

1938 1917 2012 1968 ait
2068 1917 2132 1970 ad
2178 1932 2308 1972 suos
2357 1915 2657 1986 discipulos
2693 1936 2706 1971 :
2747 1937 2764 1967 ι
2803 1915 3000 1972 Tristis
3032 1925 3114 1970 est
3153 1918 3330 1971 anima
3377 1931 3494 1972 mea

264 2016 458 2087 ἐρήμῳ
479 2033 493 2046 ο
547 2015 637 2068 τὸν
682 2016 845 2069 αὐτὸν
891 2016 1090 2087 τρόπον
1125 2016 1216 2068 καὶ
1246 2014 1460 2086 πνεῦμα
1489 2014 1716 2069 Θανάτου
1751 2017 1834 2086 εἴη

262 2107 328 2161 ἂν
352 2108 554 2171 δειλίας
578 2109 874 2178 ποιητικὸν,
899 2108 973 2170 ὼς
997 2108 1089 2160 καὶ
1112 2105 1325 2176 πνεῦμα
1359 2106 1537 2176 ἰσχύος
1565 2109 1657 2161 καὶ
1682 2107 1836 2162 δυνά-

264 2218 410 2271 μεως
444 2202 537 2254 καὶ
564 2200 810 2272 ἀνδρείας
837 2200 936 2270 τῆς
963 2200 1104 2252 κατά
1123 2200 1255 2255 Θεὸν
1287 2199 1651 2269 ἐνεργητικόν.
1683 2199 1836 2253 Οὖτω

260 2290 304 2344 δ’
337 2290 404 2346 ἃν
450 2292 664 2363 λεχθείη
701 2291 915 2362 πνεῦμα
961 2291 1123 2360 φόϐου
1170 2293 1262 2345 καὶ
1293 2291 1517 2363 τρόμου,
1550 2292 1643 2345 καὶ
1675 2292 1834 2345 πάλιν

262 2378 451 2449 ἕτερον
486 2379 634 2450 παρά
667 2379 837 2432 ταῦτα
869 2379 1081 2451 πνεῦμα
1112 2379 1274 2450 ιρόὸου
1308 2383 1400 2434 καὶ
1436 2379 1766 2452 συγχύσεως,
1800 2382 1835 2435 ἃ

262 2471 357 2523 καὶ
389 2471 596 2540 σχεδὸν,
632 2473 825 2535 εἰπεῖν,
861 2472 1026 2525 ἅπασι
1076 2473 1171 2542 μὲν
1205 2475 1315 2536 τοῖς
1343 2474 1400 2525 ἐν
1429 2472 1714 2544 μαρτυρίῳ
1744 2472 1833 2526 τὸν

263 2564 406 2634 ὑπὲρ
472 2563 753 2627 εὐσεϐείας
820 2563 1047 2617 Θάνατον
1115 2563 1523 2635 άναδεχομένοις
1593 2565 1836 2635 ἐφορμᾷν

261 2656 448 2716 εἴωθε,
488 2654 621 2708 πολὺ
655 2655 816 2710 πλέον
859 2655 914 2708 δὲ
947 2656 1038 2708 καὶ
1079 2654 1276 2725 μᾶλλον
1322 2655 1644 2709 ἐπιτέθειται
1691 2653 1835 2725 αὐτῷ

263 2748 354 2801 τὸν
384 2747 527 2819 ὑπὲρ
570 2747 820 2801 ἀπάντων
859 2745 1086 2799 Θάνατον
1118 2746 1484 2816 ὑπομείναντι.
1533 2746 1677 2818 Πλὴν
1721 2746 1835 2799 ἀλλ’

265 2837 376 2890 εἴτε
406 2838 622 2908 πνεῦμα
645 2837 844 2900 δειλίας
874 2837 966 2890 καὶ
998 2836 1246 2896 Θανάτου,
1275 2836 1384 2888 εἴτε
1417 2835 1578 2905 φόϐου
1603 2839 1696 2890 καὶ
1721 2835 1838 2907 τρό-

268 2948 395 3002 μου,
433 2932 465 3002 ῆ
505 2930 558 2982 εἴ
604 2947 688 2993 τις
724 2929 886 3000 ἑτέρα
923 2927 1141 2997 τοιαύτη
1194 2927 1418 2996 δύναμις
1460 2927 1834 2980 ἐπιπέπτωκεν

265 3021 437 3092 αὐτῷ,
464 3021 578 3075 ἀλλ’
603 3020 718 3074 οὔτι
749 3039 812 3090 γε
841 3019 1169 3092 κατέῤῥαξεν
1197 3019 1356 3072 αὐτόν
1381 3035 1394 3050 ·
1425 3021 1564 3083 ἐπεὶ,
1598 3013 1683 3072 οἷα
1714 3035 1837 3088 γεν-

266 3119 415 3178 ναῖος
449 3115 706 3184 ἀθλητὴς,
735 3113 829 3184 τὴν
867 3113 964 3184 μὲν
1005 3112 1204 3166 δειλίαν
1238 3111 1330 3165 τοῦ
1364 3111 1613 3174 Θανάτου,
1647 3129 1836 3164 πεποι-

265 3207 423 3278 θήσει
469 3205 634 3276 ζωῆς,
669 3205 853 3276 (αὐτὸς
892 3204 1000 3277 γὰρ
1041 3208 1072 3276 ἡ
1105 3206 1260 3276 ζωὴ,)
1295 3203 1507 3276 μακράν
1537 3203 1835 3276 ἀπέρριψεν

263 3297 715 3367 ἀποσεισάμενος.
762 3295 1030 3359 Ὡσαύτως
1076 3295 1132 3348 δέ
1180 3297 1272 3348 καὶ
1316 3295 1375 3347 τὸ
1417 3293 1638 3348 ἐπελθὸν
1688 3292 1835 3364 αὐτῷ

263 3390 484 3460 πνεῦμα
512 3388 674 3458 φόϐου
706 3387 740 3459 ἢ
774 3389 972 3460 τρόμου
999 3388 1275 3458 ποιητικὸν
1304 3387 1571 3456 πνεύματι
1602 3386 1836 3457 θάρσους

263 3483 356 3534 καὶ
399 3465 684 3549 δυνάμεως
734 3479 827 3531 καὶ
858 3478 1037 3548 ἰσχύος
1070 3477 1404 3550 πορρωτάτω
1430 3477 1791 3547 ἀπηκόντισεν
1817 3493 1830 3505 ·

264 3575 408 3636 ἐπεὶ,
446 3571 589 3626 κατὰ
613 3573 706 3625 τὸν
752 3572 998 3636 Ἡσαΐαν,
1039 3591 1057 3622 ι
1097 3569 1502 3624 ἐπανεπαύσατο
1545 3569 1632 3621 ἐπ’
1675 3569 1834 3622 αὐτὸν

265 3665 407 3736 μετὰ
443 3664 550 3718 τῶν
594 3664 766 3718 ἄλλων
801 3663 1122 3734 πνευμάτων
1156 3664 1248 3715 καὶ
1278 3661 1489 3732 πνεῦμα
1522 3659 1712 3732 βουλῆς
1744 3661 1837 3713 καὶ

268 3756 469 3827 ἰσχύος.
510 3777 527 3808 ι
578 3755 738 3812 Οὕτω
783 3757 875 3810 καὶ
906 3757 967 3810 τὸ
1000 3754 1216 3826 πνεῦμα
1259 3754 1351 3806 τοῦ
1397 3754 1618 3816 σκότους
1652 3756 1716 3823 τῇ
1743 3752 1836 3805 τοῦ

269 3849 400 3902 ἰδίου
432 3848 610 3918 φωτὸς
640 3849 978 3902 ἀπεσκέδασε
1023 3847 1280 3917 δυνάμειο
1316 3847 1436 3898 ἐπεὶ
1471 3864 1489 3896 ι
1538 3844 1598 3898 τὸ
1633 3844 1747 3914 φῶς
1780 3845 1837 3896 ἐν

265 3945 330 4012 τῇ
366 3941 559 4012 σκοτίᾳ
596 3941 726 3995 αὐτὸ
757 3942 816 3995 ού
844 3940 1157 3995 κατέλαϐεν.
1193 3960 1210 3990 ι
1245 3937 1439 4010 Εύροις
1469 3939 1511 3993 δ’
1542 3939 1606 3992 ἂν
1634 3936 1702 3990 τὰ
1729 3954 1836 3990 πα-

270 4036 547 4105 ραπλήσια
579 4034 787 4097 τούτοις
815 4035 908 4087 καὶ
945 4036 1002 4088 ἐν
1041 4031 1272 4104 εἰκοστῷ
1305 4031 1502 4104 πρώτῳ
1531 4029 1749 4102 ψαλμῷ,
1780 4031 1838 4082 ἐν

266 4130 342 4200 τῷ
376 4129 538 4183 πάλιν
563 4130 627 4182 ἐκ
654 4127 749 4181 τοῦ
783 4126 945 4182 αὐτοῦ
975 4126 1220 4181 λέλεκται
1250 4123 1536 4196 προσώπου
1559 4141 1572 4154 ·
1629 4142 1646 4174 ι
1678 4124 1839 4194 Περι-

268 4220 584 4274 εκύκλωσάν
611 4237 675 4291 με
703 4219 889 4289 μόσχοι
916 4217 1116 4282 πολλοὶ,
1141 4217 1331 4288 ταῦροι
1358 4217 1536 4280 πίονες
1556 4215 1838 4286 περιέσχον

271 4331 356 4384 με.
391 4311 648 4378 Ἤνοιξαν
687 4312 772 4364 ἐπ’
806 4311 906 4382 ἐμὲ
955 4311 1016 4364 τὸ
1053 4310 1226 4380 στόμα
1271 4309 1468 4372 αὐτῶν,
1515 4311 1590 4371 ὼς
1633 4307 1768 4361 λέων
1810 4309 1838 4360 ὁ

268 4403 531 4478 ἁρπάζων
567 4403 657 4456 καὶ
693 4402 1028 4474 ὠρυόμενος·
1069 4419 1090 4453 ι
1139 4400 1233 4452 καὶ
1268 4399 1454 4452 πάλιν·
1491 4415 1510 4448 ι
1550 4397 1669 4450 Ὅτι
1709 4396 1837 4450 ἐκύο

268 4496 482 4549 κλωσάν
529 4511 594 4566 με
628 4494 788 4556 κύνες
832 4493 1034 4557 πολλοὶ,
1073 4491 1358 4562 συναγωγὴ
1396 4489 1838 4560 πονηρευομένων

1939 2022 2108 2075 usque
2134 2007 2201 2060 ad
2233 2015 2482 2070 mortem,
2500 2014 2714 2061 manete
2739 2007 2825 2060 hic
2847 2015 2899 2059 et
2915 2008 3130 2076 vigilate
3159 2023 3365 2060 mecum
3390 2006 3490 2061 ⁸⁸.»

1937 2091 2001 2144 Ει
2032 2107 2221 2147 rursus
2256 2111 2267 2145 :
2305 2110 2323 2142 ι
2365 2088 2518 2144 Nunc
2543 2090 2725 2142 anima
2758 2106 2873 2142 mea
2909 2092 3228 2144 conturbata
3254 2100 3337 2145 est
3364 2091 3428 2145 “.
3469 2108 3490 2144 ι

1934 2182 2096 2254 473
2122 2181 2331 2235 Similia
2366 2196 2600 2250 namque
2630 2181 2711 2234 his
2741 2190 2867 2235 sunt
2895 2183 3079 2245 etiam,
3104 2198 3224 2251 qum
3255 2183 3495 2252 psalmus

1938 2277 2024 2330 hic
2058 2276 2320 2336 continet,
2373 2274 2463 2328 ubi
2504 2274 2582 2327 sic
2631 2275 2746 2327 ait:
2802 2292 2817 2323 ι
2849 2271 2956 2327 Cor
2985 2290 3158 2327 Ineunt
3202 2273 3497 2329 conturba-

1936 2375 2052 2420 tum
2084 2376 2166 2420 est
2189 2365 2242 2419 in
2267 2381 2372 2428 me,
2401 2374 2455 2418 et
2480 2365 2712 2419 formido
2739 2365 2930 2417 mortis
2961 2365 3155 2418 cecidit
3185 2381 3349 2433 Super
3385 2381 3492 2432 me,

1935 2468 1988 2512 et
2030 2465 2392 2512 contexerunt
2425 2472 2508 2512 me
2561 2457 2835 2512 tenebrae:
2869 2477 2887 2509 ι
2921 2458 3119 2527 quibus
3151 2457 3331 2510 verbis
3364 2473 3496 2509 con-

1935 2550 2221 2603 trariarum
2239 2555 2566 2618 potestatum
2589 2557 2817 2603 conatus
2833 2547 3116 2602 adversum
3134 2564 3189 2602 se
3204 2547 3490 2618 significat.

1936 2638 2402 2706 Quemadmodum
2442 2641 2585 2694 enim
2616 2640 2667 2692 in
2697 2640 2991 2710 prophetiis
3034 2640 3345 2691 nominatur
3376 2639 3496 2707 qui-

1935 2731 2058 2786 dem
2100 2733 2326 2801 Spiritus
2375 2732 2774 2796 fornicationis,
2833 2740 2887 2785 ut
2921 2740 3001 2786 est
3051 2731 3216 2784 illud:
3249 2749 3265 2780 ι
3299 2731 3493 2800 spiritu

1936 2823 2314 2880 fornicationis
2345 2825 2750 2887 aberraverunt,
2781 2824 2824 2855 ⁸ο
2853 2844 2871 2874 ι
2908 2832 2960 2877 et
2982 2824 3120 2877 alius
3153 2825 3378 2892 Spiritus
3404 2837 3494 2877 er-

1935 2917 2078 2970 roris
2108 2915 2162 2968 in
2194 2915 2433 2979 deserto,
2481 2916 2553 2969 ita
2581 2916 2740 2970 etiam
2791 2915 3012 2984 spiritus
3056 2913 3216 2967 fuerit
3250 2912 3494 2967 formidi-

1935 3026 2058 3064 nem
2091 3013 2280 3065 mortis
2312 3010 2549 3064 efficiens
2584 3029 2595 3063 :
2633 3024 2762 3063 sane
2795 3015 2850 3060 ut
2883 3009 3042 3061 etiam
3077 3007 3300 3076 spiritus
3331 3006 3494 3059 robo-

1935 3105 2032 3168 ris,
2093 3111 2146 3158 et
2198 3104 2480 3173 poteut'ue,
2529 3110 2582 3157 et
2634 3101 2967 3155 fortitudinis
3016 3100 3167 3169 ejus,
3221 3117 3340 3169 qtne
3387 3099 3496 3153 Deo

1939 3199 2112 3252 aliena
2161 3215 2271 3252 non
2326 3206 2432 3264 est,
2474 3206 2684 3251 auctor.
2733 3196 2908 3261 Quare
2955 3195 3034 3248 sic
3080 3195 3240 3248 etiam
3287 3194 3498 3245 dicetur

1939 3291 2162 3360 spiritus
2191 3292 2404 3344 timoris
2443 3304 2505 3342 ac
2532 3289 2804 3346 tremoris.
2840 3296 2892 3342 et
2922 3302 3113 3341 rursus
3141 3286 3279 3340 alius
3305 3292 3498 3354 praeter

1937 3381 2058 3445 hos,
2105 3381 2333 3450 spiritus
2387 3379 2600 3433 timoris
2635 3386 2687 3432 et
2736 3378 3096 3437 confusaonis,
3137 3376 3230 3444 qui
3277 3375 3494 3443 quidem

1938 3488 2107 3542 paene,
2129 3479 2187 3525 ut
2219 3473 2289 3524 ita
2319 3471 2570 3531 dixerim,
2607 3485 2795 3523 omues
2831 3480 3057 3522 mortem
3085 3484 3181 3537 pro
3211 3483 3333 3522 vera
3370 3468 3499 3521 reli-

1936 3566 2094 3634 gione
2141 3564 2440 3618 testimonii
2483 3562 2658 3632 gratia
2707 3561 3022 3626 subeuntes,
3073 3559 3327 3614 invadere
3365 3575 3498 3613 con-

1938 3666 2250 3716 sueverunt,
2275 3669 2337 3707 ac
2355 3653 2526 3706 multo
2546 3652 2708 3706 etiam
2733 3652 2903 3720 magis
2929 3650 3190 3718 longeque
3218 3651 3498 3702 vehemen-

1939 3747 2043 3801 tius
2072 3747 2220 3800 illum
2251 3745 2490 3816 aggressi
2526 3750 2674 3806 sunt,
2707 3743 2797 3810 qui
2833 3756 2931 3810 pro
2959 3739 3214 3793 omnibus
3269 3748 3496 3792 mortem

1939 3839 2240 3894 sustinuit:
2273 3845 2644 3893 verumtamen
2686 3835 2797 3888 sive
2838 3833 3062 3903 spiritus
3105 3830 3409 3885 formidinis
3444 3838 3498 3885 et

1939 3932 2150 3996 mortis,
2182 3930 2297 3985 sive
2325 3929 2536 3983 timoris
2568 3936 2620 3982 et
2646 3927 2918 3988 tremoris,
2948 3926 3060 3979 sive
3097 3926 3200 3976 alia
3232 3924 3494 3994 quaepiam

1938 4023 2183 4092 ejusdem
2207 4022 2423 4093 generis
2453 4029 2694 4091 potestas
2721 4019 2871 4072 illum
2901 4017 3088 4071 adorta
3123 4027 3223 4082 est,
3255 4031 3316 4069 ea
3347 4015 3497 4067 illum

1939 4133 2048 4172 non
2080 4113 2370 4184 confregit,
2410 4122 2697 4184 propterea
2726 4109 2868 4181 quod
2909 4118 3166 4178 tanquam
3202 4122 3499 4178 generosus

1939 4215 2197 4269 certator,
2243 4203 2585 4260 formidinem
2630 4203 2845 4272 quidem
2891 4201 3125 4264 mortis,
3172 4195 3498 4252 confidentia

1938 4297 2064 4350 vita:
2101 4295 2239 4367 (ipse
2279 4294 2422 4349 enim
2475 4294 2628 4362 vita),
2669 4290 2857 4361 procul
2885 4290 3228 4344 deturbatam
3277 4285 3498 4352 abjecit.

1939 4390 2115 4443 Alium
2157 4394 2338 4441 autem
2388 4385 2481 4456 qui
2529 4385 2705 4452 ipsum
2749 4381 2874 4435 item
2926 4380 3200 4432 invaserat
3247 4377 3498 4445 spiritum

1941 4480 2154 4536 timoris
2175 4488 2229 4535 et
2250 4477 2505 4534 tremoris
2531 4474 2871 4535 efficientem,
2901 4471 3096 4541 spiritu
3137 4467 3498 4531 confidentiae,

268 4561 555 4659 περιέσχον
590 4602 688 4656 με·
731 4604 750 4636 ι
787 4585 882 4638 καὶ
922 4580 1076 4646 αὖθις
1102 4601 1114 4614 ·
1153 4602 1170 4633 ι
1206 4561 1398 4635 Ῥῦσαι
1428 4580 1534 4634 άπὸ
1569 4579 1835 4651 ῥομφαίας

1942 4583 1994 4629 et
2023 4574 2298 4646 potentiae,
2328 4580 2382 4626 et
2419 4571 2652 4635 roboris,
2688 4567 3004 4638 longissime
3035 4581 3066 4618 ιι
3104 4580 3162 4620 se
3199 4561 3502 4634 praecipita-

265 4681 364 4751 τὴν
413 4679 590 4749 ψυχήν
635 4695 757 4750 μου,
803 4679 897 4731 καὶ
930 4678 994 4730 ἐκ
1023 4677 1203 4747 χειρὸς
1251 4674 1409 4737 κυνὸς
1441 4673 1537 4745 τὴν
1579 4671 1840 4743 μονογενῆ

271 4791 390 4844 μου.
423 4770 604 4824 Σῶσόν
636 4789 702 4842 με
733 4773 798 4825 ἐκ
840 4771 1102 4841 στόματος
1130 4768 1361 4831 λέοντος,
1390 4768 1483 4821 καὶ
1525 4765 1631 4819 ἀπὸ
1676 4765 1840 4836 κερά-

267 4881 372 4917 των
410 4861 796 4935 μονοκερὼτων
824 4863 922 4931 τὴν
950 4860 1275 4915 ταπείνωσίν
1305 4877 1425 4930 μου.
1462 4877 1480 4910 ι
1513 4856 1708 4927 Σαφῶς
1733 4857 1842 4926 γὰρ

269 4957 324 5008 ἐν
348 4955 562 5018 τούτοις
590 4955 848 5025 δυνάμεις
880 4952 1141 5026 πονηρὰς,
1172 4951 1426 5023 ταύρους,
1461 4951 1554 5004 καὶ
1586 4950 1835 5020 μόσχους,

268 5048 363 5100 καὶ
403 5046 642 5110 λέοντας,
674 5047 766 5100 καὶ
798 5047 982 5110 κύνας,
1010 5048 1101 5099 καὶ
1146 5044 1519 5116 μονοκέρωτας
1555 5041 1836 5104 ἀποκαλεῖ,

269 5138 325 5192 αἳ
360 5138 648 5209 περιέσχον
685 5139 782 5208 μὲν
805 5137 964 5190 αὑτὸν
997 5139 1089 5190 καὶ
1114 5133 1556 5208 περιεκύκλωσαν
1591 5131 1728 5185 κατά
1750 5131 1839 5183 τὸν

268 5231 364 5284 τοῦ
402 5230 605 5294 πάθους
647 5230 811 5283 αὐτοῦ
847 5229 1054 5302 καιρὸν,
1087 5229 1147 5281 οὐ
1188 5227 1294 5299 μὴν
1338 5225 1430 5280 καὶ
1466 5221 1759 5294 ἐνεργῆσαί
1790 5239 1842 5274 τι

272 5323 390 5375 κατ’
421 5321 584 5375 αὑτοῦ
615 5321 944 5391 δεδύνηνται.
973 5322 1077 5372 Καὶ
1106 5317 1276 5372 ταῦτα
1311 5316 1428 5387 μὲν,
1463 5317 1510 5368 εἰ
1543 5315 1636 5368 καὶ
1666 5311 1836 5366 ταῦτα

272 5413 360 5466 τοῦ
407 5411 621 5483 ψαλμοῦ
673 5411 743 5465 τά
783 5412 923 5483 μέρη
966 5411 1057 5464 ἐπὶ
1097 5409 1188 5462 τὸν
1239 5407 1468 5477 Σωτῆρα
1514 5405 1607 5457 καὶ
1636 5403 1838 5474 Κύριον

275 5503 426 5575 ἡμῶν
453 5503 705 5572 ἀνάγοιτο
729 5519 742 5533 ο
772 5504 820 5555 εἰ
846 5502 903 5556 δὲ
940 5502 1012 5573 μὴ
1051 5501 1137 5554 ἐπ’
1167 5499 1348 5563 αὐτὸν,
1385 5496 1497 5550 ἀλλ’
1533 5495 1615 5565 ἐφ’
1655 5494 1839 5564 ἕτερον

275 5594 595 5664 πρόσωπον,
643 5592 956 5663 ἐπιστήσεις
1002 5593 1097 5644 καί
1150 5589 1309 5651 αὐτὸς
1352 5587 1427 5650 ὡς
1475 5584 1541 5638 ἂν
1592 5583 1841 5654 ἐξομαλι-

279 5683 466 5736 σθέντα
492 5681 564 5735 τά
588 5679 728 5735 κατά
763 5681 855 5734 τὸν
884 5680 1064 5733 τόπον.
1111 5678 1259 5748 Πλὴν
1285 5675 1420 5730 άλλά
1459 5676 1552 5728 καὶ
1584 5673 1712 5745 περὶ
1744 5674 1841 5743 τῆς

345 5864 386 5895 ⁸⁸
424 5861 615 5918 Matth.
653 5878 810 5928 xxvi,
850 5861 936 5918 58.
1019 5862 1058 5894 δ’
1097 5857 1252 5919 Joan.
1286 5877 1395 5926 ιιι,
1428 5861 1516 5916 27.

1595 5860 1640 5893 ⁸ο
1684 5859 1808 5915 Osc.
1843 5874 1928 5924 tv,
1965 5855 2044 5911 l2.

1942 4667 2020 4721 vit
2060 4687 2073 4721 :
2107 4661 2569 4737 quandoquidem,
2622 4671 2680 4714 ut
2723 4667 2806 4714 est
2853 4657 2993 4728 apud
3037 4656 3252 4720 Isaiam,
3294 4652 3502 4724 quievit

1945 4773 2108 4829 super
2145 4773 2268 4812 eum
2308 4770 2416 4810 una
2439 4769 2564 4809 cum
2597 4754 2720 4808 aliis
2747 4751 3053 4822 spiritibus,
3077 4750 3238 4804 etiam
3271 4746 3500 4818 spiritus

1945 4852 2162 4908 consilii
2209 4859 2262 4906 et
2297 4849 2658 4908 fertitudinis.
2693 4845 2784 4902 Sic
2832 4861 2994 4917 porro
3039 4846 3202 4900 etiam
3246 4841 3500 4911 spiritum

1944 4945 2291 5000 tenebrarum
2312 4941 2516 5013 proprii
2547 4939 2768 4994 luminis
2801 4938 2853 4992 vi
2884 4936 3186 5006 dissipavit,
3219 4941 3500 5002 propterea

1944 5035 2085 5105 quod
2122 5054 2140 5085 ι
2181 5035 2270 5088 lux
2298 5035 2354 5087 in
2386 5032 2624 5087 tenebris
2658 5032 2822 5093 lucet,
2851 5039 2905 5083 et
2955 5029 3189 5082 tenebrae
3233 5038 3350 5076 eam
3391 5038 3501 5075 non

1945 5123 2555 5194 comprehenderunt“.
2591 5143 2609 5175 ι
2645 5122 2932 5182 Caeterum,
2976 5120 3060 5174 his
3101 5116 3296 5172 similia
3335 5115 3500 5169 etiam

1948 5217 2002 5270 in
2032 5215 2291 5286 vigesimo
2331 5215 2504 5284 primo
2541 5213 2750 5282 psalmo
2785 5210 3025 5264 invenire
3054 5205 3277 5277 poteris,
3310 5205 3364 5257 in
3393 5219 3502 5272 quo

1942 5322 2010 5361 ex
2039 5305 2283 5375 ejusdem
2314 5319 2548 5374 persona
2576 5320 2767 5358 rursus
2793 5300 2922 5355 illud
2953 5299 3157 5354 dietnm
3185 5305 3268 5351 est
3295 5316 3308 5352 :
3339 5315 3356 5346 ι
3381 5297 3502 5350 Cir-

1944 5397 2341 5452 cumdederunt
2381 5412 2467 5450 me
2494 5396 2650 5448 vituli
2682 5395 2835 5448 multi
2868 5412 2879 5447 :
2907 5392 3046 5446 tauri
3099 5391 3322 5461 pingues
3350 5389 3503 5445 obse-

1944 5488 2139 5543 derunt
2169 5503 2273 5541 me.
2299 5487 2645 5555 Aperuerunt
2674 5500 2837 5554 super
2865 5499 2949 5538 me
2974 5500 3036 5538 os
3062 5496 3218 5537 suum
3250 5481 3392 5536 sicut
3417 5480 3501 5534 leo

1946 5580 2165 5650 rapiens
2195 5585 2248 5632 et
2281 5578 2502 5647 rugiens
2524 5578 2590 5630 δ’.
2629 5599 2646 5629 ο
2693 5575 2760 5629 Et
2790 5590 2982 5629 rursus
3010 5593 3023 5629 :
3055 5594 3073 5624 ι
3107 5573 3371 5639 Quoniam
3395 5571 3502 5625 cir-

1946 5670 2339 5726 cumdederunt
2370 5684 2453 5723 me
2484 5684 2648 5724 canes
2679 5666 2830 5721 multi
2852 5684 2864 5718 :
2885 5666 3170 5721 concilium
3200 5665 3503 5734 malignan-

2121 5856 2164 5887 “
2204 5853 2358 5910 Joan.
2396 5869 2447 5922 ι,
2481 5852 2530 5908 5.
2611 5854 2652 5886 ⁵³
2693 5849 2838 5907 f'sal.
2876 5865 2993 5914 ut,
3031 5849 3116 5918 l3,
3147 5847 3230 5902 li.
