3938 6508
461 418 572 506 ’138
1117 440 1388 497 ΕῐδΕΒΙΙ
1425 438 1906 496 (ἈΕΞΑΠΙΕΝΞΙὸ
1940 438 2093 495 ΟΡΡ.
2135 436 2316 493 PARS
2355 435 2420 492 11.
2467 465 2536 476 --
2573 429 3074 489 APOLOGETICA.
3616 426 3712 483 736

457 563 598 620 tium
631 561 848 618 obsedit
880 576 966 618 me
987 561 1053 616 ⁸⁸.
1089 579 1108 613 ι
1140 559 1205 613 Et
1231 575 1423 615 rursus
1450 578 1462 614 :
1503 577 1522 612 ι
1555 557 1700 614 Erue
1729 574 1758 612 a
1803 558 2017 615 framea.

2139 558 2247 612 τῶν
2287 555 2556 610 Ἰουδαίων
2586 551 2989 625 μητροπόλεως,
3018 547 3190 619 αὐτῆς
3221 546 3285 618 δὴ
3310 547 3412 617 τῆς
3446 545 3717 618 Ἰερουσα-

457 652 628 719 Deus,
675 653 913 708 animam
947 666 1144 717 meam,
1191 658 1246 706 et
1290 649 1358 706 de
1405 664 1570 705 manu
1611 651 1766 706 canis
1808 650 2017 705 unicam

2130 649 2262 721 λὴμ,
2293 646 2597 710 ἀκολούθως
2626 645 2763 716 μετὰ
2784 644 2879 716 τὴν
2907 642 3047 697 κατὰ
3075 641 3183 695 τῶν
3214 639 3716 693 ἐπιϐουλευσάντων

458 759 660 800 meam.
698 741 858 797 Salva
888 757 975 797 me
1003 757 1070 797 ex
1109 756 1204 798 ore
1239 741 1434 804 leonis,
1457 749 1511 795 et
1539 755 1570 794 a
1600 741 1865 796 cornibus
1899 740 2017 795 uni-

2132 741 2281 813 αὐτῷ
2333 740 2634 811 πρόρρησιν
2683 737 2922 806 ἐπιλέγει
2975 734 3134 805 ἐξῆς·
3193 752 3212 785 ι
3263 729 3418 786 Εἶδον
3487 731 3714 801 ἀνομίαν

456 837 709 891 cornium
769 835 1130 891 humilitatem
1181 851 1358 891 meam
1389 836 1456 890 “.
1490 855 1508 889 ι
1563 835 1732 890 Plane
1777 834 1920 890 enim
1970 834 2017 888 in

2131 836 2227 890 καὶ
2273 833 2580 901 ἀντιλογίαν
2621 833 2678 884 ἐν
2711 833 2774 901 τῇ
2809 829 2958 882 πόλει
2983 845 2996 858 ⁸
3041 847 3059 880 ι
3103 825 3196 881 καὶ
3227 826 3295 880 τά
3324 824 3546 887 τούτοις
3587 823 3713 877 ἀκό-

456 927 544 984 his
593 926 861 997 malignas
905 935 1224 998 potestates,
1268 935 1574 994 taurorum,
1625 935 1680 982 et
1707 927 2017 989 vitulorum,

2128 925 2312 989 λουθα,
2338 926 2372 980 ἀ
2397 925 2490 980 καὶ
2515 922 2706 986 ὁποίας
2731 923 2909 992 ἔχεται
2943 919 3180 982 διανοίας
3205 918 3264 973 οὐ
3291 917 3386 971 νῦν
3418 917 3593 987 σχολὴ
3637 915 3712 969 διο

455 1027 512 1074 et
550 1019 790 1085 leonum,
846 1026 902 1074 et
949 1035 1167 1084 canum,
1217 1027 1270 1074 et
1315 1020 1661 1074 unicornium
1709 1019 2017 1073 nominibus

2128 1019 2396 1092 ηγεῖσθαι.

455 1113 715 1183 appellat,
762 1129 884 1183 quae
921 1114 1138 1182 quidem
1195 1115 1346 1168 illum
1391 1114 1494 1170 sub
1528 1116 1704 1185 ipsum
1758 1115 2034 1184 passionis
2073 1123 2288 1185 tempus
2328 1113 2662 1169 obsederunt
2702 1125 2766 1183 ac
2823 1106 3329 1170 circumdederunt,
3377 1103 3558 1177 474
3610 1117 3715 1158 non

453 1209 637 1260 tamen
681 1206 845 1260 etiam
901 1207 1102 1276 aliquid
1169 1206 1380 1264 elhcere
1445 1218 1636 1264 contra
1703 1209 1853 1263 illum
1906 1217 2222 1279 potuerunt.
2284 1207 2350 1264 Et
2405 1208 2521 1264 haec
2587 1206 2805 1277 quidem
2853 1203 3016 1258 talem
3063 1201 3299 1256 habeant
3335 1199 3636 1256 rationem.
3673 1197 3718 1253 si

452 1295 618 1350 modo
646 1297 810 1352 etiam
844 1297 924 1352 ha:
973 1299 1164 1369 psalmi
1199 1310 1402 1369 partes,
1455 1302 1523 1356 ad
1581 1301 1915 1357 Salvatorem
1959 1303 2357 1373 Dominumque
2418 1308 2670 1357 nostrum
2726 1297 3066 1353 referantur.
3115 1293 3272 1360 Quod
3301 1293 3348 1348 si
3393 1307 3515 1347 non
3562 1289 3629 1346 ad
3656 1289 3720 1343 il-

453 1386 701 1452 lum,sed
752 1390 820 1444 ad
869 1392 1026 1444 aliam
1077 1407 1384 1460 personam,
1427 1394 1542 1464 ipse
1583 1409 1798 1464 quoque
1849 1395 2135 1464 diligenter
2185 1395 2452 1457 attendes,
2512 1397 2572 1446 ut
2610 1405 2674 1446 ea
2710 1405 2829 1461 qua:
2865 1388 2932 1442 ad
2989 1388 3168 1458 ipsum
3202 1384 3348 1438 hunc
3372 1383 3568 1436 locum
3599 1395 3717 1450 pcr-

453 1480 651 1544 tinent,
700 1483 802 1536 sibi
850 1484 1080 1537 invicem
1121 1495 1333 1553 azquata
1391 1487 1783 1556 respondeant.
1848 1487 2233 1542 Verumtamen
2293 1487 2360 1542 de
2405 1486 2522 1556 ipsa
2563 1484 2729 1539 etiam
2786 1479 3100 1536 Iudaeorum
3149 1477 3388 1539 civitate,
3441 1473 3516 1528 de
3580 1472 3716 1542 ipsa:

454 1573 699 1642 inquam,
745 1574 1070 1641 Jerusalem,
1121 1577 1312 1632 ordine
1356 1577 1614 1648 deinceps
1662 1587 1784 1650 post
1822 1580 2143 1635 vaticinium
2209 1579 2276 1634 de
2326 1578 2397 1634 iis
2463 1575 2556 1646 qui
2629 1573 2858 1630 insidias
2902 1572 2982 1626 illi
3048 1569 3300 1634 fecerint,
3361 1565 3624 1637 adjungit
3666 1564 3717 1618 in

455 1667 603 1723 hunc
645 1669 864 1724 modum
894 1690 949 1726 ζ(
982 1669 1102 1725 Vidi
1137 1672 1476 1743 iniquitatem
1521 1683 1576 1730 et
1625 1674 2113 1730 contradictionem
2152 1673 2210 1729 in
2259 1672 2515 1729 civitate:
2548 1690 2565 1723 ι
2593 1676 2647 1726 ει
2692 1683 2814 1740 qua:
2867 1674 3191 1738 sequuntur,
3239 1678 3360 1734 quae
3395 1676 3526 1733 quo,
3552 1673 3714 1716 sensu

455 1764 567 1818 sint
601 1765 940 1834 accipienda,
976 1783 1086 1820 non
1121 1777 1204 1822 est
1239 1784 1382 1823 nunc
1415 1770 1671 1825 narrandi
1699 1778 1935 1840 tempus.

453 1883 499 1936 Δ
532 1883 737 1962 psalmo
763 1898 912 1962 cvnl.
944 1915 1012 1924 —
1036 1885 1168 1962 Ite.m_
1203 1887 1266 1940 de
1291 1885 1456 1962 Iuda,
1499 1895 1546 1942 et
1601 1888 1663 1962 d_e
1709 1888 1928 1962 suffecto
1972 1888 2017 1942 in

2139 1885 2294 1962 Ἀπὸ.
2322 1881 2444 1962 τοῦ.
2463 1880 2709 1962 West")
2743 1885 2858 1962 ρτϊ·
2876 1905 2948 1918 σ-
2980 1877 3099 1962 ἐῖι
3142 1872 3301 1962 feel,
3330 1872 3481 1962 vi,
3500 1870 3710 1962 29????

619 1952 789 2008 locum
819 1955 931 2023 ejus
962 1957 1223 2026 apostolo,
1265 1957 1313 2010 el
1344 1957 1406 2011 de
1437 1967 1584 2028 gente
1610 1952 1861 2014 Judaica.

531 2148 550 2182 ι
580 2127 742 2194 Deus,
788 2129 999 2184 laudem
1036 2145 1210 2184 meam
1242 2147 1310 2185 ne
1348 2131 1605 2196 tacueris,
1646 2133 1771 2202 quia
1795 2148 1858 2188 os
1895 2148 2024 2204 pec-

454 2220 658 2275 catoris
696 2228 750 2276 et
777 2236 840 2276 os
880 2220 1055 2274 dolosi
1093 2236 1257 2292 super
1287 2237 1371 2276 me
1414 2230 1660 2290 apertum
1699 2231 1802 2279 est.
1829 2222 2020 2281 Locuti

454 2317 583 2366 sunt
633 2310 920 2366 adversum
961 2326 1046 2366 me
1091 2311 1275 2383 lingua
1318 2311 1530 2376 dolosa,
1579 2322 1630 2368 et
1677 2315 2022 2370 sermonibus

379 2429 398 2442 ο
453 2400 566 2455 odii
613 2399 1094 2455 circumdederunt
1143 2417 1272 2465 me,
1337 2410 1391 2456 et
1432 2413 1883 2472 oppugnaverunt
1934 2421 2022 2460 me

452 2494 644 2563 gratis.
675 2491 781 2546 Pro
813 2508 878 2547 eo
909 2499 966 2545 ut
997 2507 1082 2547 me
1109 2491 1419 2562 diligerent,
1454 2492 1816 2548 detrahebant
1845 2495 1975 2549 mihi
2001 2514 2016 2562 ;

451 2597 554 2654 ego
601 2589 781 2638 autem
821 2583 1064 2637 orabam.
1120 2581 1186 2635 Et
1234 2591 1534 2652 posuerunt
1585 2573 1874 2640 adversum
1935 2601 2021 2641 me

451 2674 591 2728 mala
624 2687 723 2743 pro
746 2672 926 2734 bonis,
962 2681 1016 2724 et
1049 2671 1233 2725 odium
1267 2687 1366 2740 pro
1392 2672 1682 2728 dilectione
1704 2689 1844 2729 mea.
1876 2674 2020 2729 Con-

453 2767 622 2820 stitue
667 2779 831 2833 super
879 2779 1001 2819 eum
1047 2771 1406 2833 peccatorem,
1457 2773 1511 2819 et
1555 2765 1806 2822 diabolus
1847 2774 1952 2822 stet
1987 2783 2018 2822 a

452 2856 663 2910 dextris
707 2855 846 2924 ejus.
879 2853 1015 2908 Dum
1061 2855 1360 2924 judicatur,
1401 2862 1558 2909 exeat
1595 2857 2016 2922 condemnatus,

452 2955 509 3002 et
539 2947 718 3002 oratio
769 2947 889 3015 ejus
933 2946 1026 2999 ﬁat
1071 2945 1128 2999 in
1175 2953 1480 3014 peccatum.
1528 2945 1688 3002 Fiant
1732 2949 1850 3004 dies
1897 2949 2018 3018 ejus

458 3040 639 3109 pauci,
671 3045 724 3094 et
751 3040 1120 3110 episc0patum
1151 3039 1269 3108 ejus
1299 3039 1532 3109 accipiat
1558 3041 1694 3095 alter
1715 3042 1780 3097 ³⁸.
1815 3061 1833 3093 ι
1863 3040 2018 3108 Quod

445 3135 618 3188 [etiam
670 3132 781 3186 hac
826 3131 894 3185 ad
944 3130 1275 3201 proditorem
1305 3127 1499 3184 ludam
1550 3132 1659 3186 sint
1711 3132 2015 3199 referenda,

451 3225 686 3279 idoneus
716 3238 848 3278 sane
877 3231 995 3277 esto
1023 3223 1178 3277 testis
1205 3222 1487 3291 apostolus
1518 3221 1735 3288 Petrus,
1773 3225 1865 3295 qui
1899 3233 2020 3295 post

458 3315 759 3370 Salvatoris
806 3314 982 3369 nostri
1029 3328 1337 3378 ascensum,
1382 3314 1589 3369 coactis
1649 3315 1703 3368 in
1739 3331 1906 3370 unum
1939 3316 2019 3370 lo-

455 3423 582 3462 cum
611 3407 872 3478 apostolis
895 3406 1171 3470 omnibus,
1195 3406 1425 3476 aliisque
1461 3407 1878 3478 quamplurimis
1907 3407 2020 3462 fra-

443 3499 652 3566 tribus,
685 3499 740 3553 in
784 3499 976 3554 mediis
1013 3499 1118 3553 illis
1153 3498 1304 3554 stetit
1353 3505 1516 3568 atque
1559 3501 1635 3552 ait
1665 3518 1678 3554 :
1710 3517 1728 3549 (
1766 3497 1876 3554 Viri
1911 3499 2021 3555 ira-

444 3603 591 3657 ures,
623 3591 864 3661 oportuit
892 3591 1100 3660 impleri
1137 3587 1475 3660 Scripturam
1497 3590 1660 3655 hanc,
1691 3607 1856 3662 quam
1879 3607 2020 3661 prte-

456 3684 594 3738 dixit
635 3682 872 3754 Spiritus
919 3695 1142 3738 sanctus
1182 3698 1279 3753 per
1307 3697 1369 3739 os
1420 3681 1591 3738 David
1632 3684 1699 3738 de
1727 3683 1890 3748 Juda,
1925 3685 2019 3756 qui

460 3775 559 3830 fuit
588 3778 698 3831 dux
732 3791 919 3831 eorum
945 3775 1037 3844 qui
1081 3773 1609 3844 comprehenderunt
1635 3771 1857 3840 Jesum;
1891 3777 2019 3846 quia

456 3869 776 3923 numeratus
818 3875 935 3922 erat
966 3867 1273 3932 nobiscum,
1317 3874 1372 3921 et
1410 3867 1638 3922 sortitus
1668 3875 1786 3923 erat
1818 3875 2019 3923 sortem

457 3961 751 4016 ministerii
801 3960 986 4028 hujus.
1035 3957 1134 4012 llic
1186 3958 1353 4029 igitur
1411 3958 1652 4028 possedit
1714 3973 1905 4030 agrum
1953 3959 2022 4014 de

457 4051 707 4107 mercede
751 4050 1034 4120 iniustitiae
1063 4065 1175 4105 suae
1201 4068 1213 4103 :
1237 4057 1291 4104 et
1319 4065 1621 4119 suspensus
1648 4051 1862 4120 crepuit
1908 4065 2022 4105 me-

457 4143 602 4208 dius,
651 4150 704 4196 et
741 4140 912 4196 elIusa
962 4149 1090 4197 sunt
1133 4142 1317 4196 omnia
1363 4142 1577 4198 viscera
1605 4141 1744 4212 ejus.
1772 4139 2022 4213 475m

456 4243 644 4288 notum
698 4233 899 4288 factum
955 4239 1036 4288 est
1089 4233 1345 4288 omnibus
1388 4233 1761 4288 habitantibus
1801 4231 2023 4287 Jerusa-

456 4325 560 4380 lem
587 4345 601 4381 :
633 4325 707 4380 ita
759 4334 818 4380 ut
868 4325 1231 4396 appellaretur
1273 4340 1400 4396 ager
1445 4325 1538 4380 ille
1585 4325 1769 4396 lingua
1808 4338 2019 4391 eorum,

454 4417 844 4484 Akeldamach,
876 4416 980 4472 hoc
1009 4425 1113 4481 est,
1142 4418 1282 4488 Ager
1301 4417 1594 4488 sanguinis.
1630 4415 1911 4488 Scriptum
1939 4421 2023 4470 est

454 4509 598 4564 enim
629 4507 684 4562 in
715 4509 855 4564 libro
885 4507 1262 4563 Psalmorum:
1295 4528 1313 4559 ι
1341 4507 1463 4563 Fiat
1500 4507 1858 4562 commoratio
1901 4507 2022 4577 ejus

2203 1954 2300 2008 καὶ
2341 1951 2447 2006 τοῦ
2471 1941 2572 2017 ἐὶς
2589 1941 2723 2018 ’τὴν
2743 1941 2950 2018 χώραν
2991 1941 3714 2018 αὺτγοῦ-ἀτζτειεζᾳχθέντος

2203 2013 2571 2086 ἀποστόλου,
2619 2013 2719 2074 καὶ
2751 2013 2886 2087 kept
2921 2016 3026 2070 τοῦ
3067 2013 3360 2069 Ἰουδαίων
3395 2013 3643 2077 ἔθνους.

2204 2158 2222 2190 ι
2256 2139 2314 2191 '0
2345 2135 2495 2199 Θεὸς,
2519 2134 2617 2204 τὴν
2649 2132 2852 2186 αἵνεσίν
2889 2148 2987 2202 μου
3025 2127 3098 2200 μὴ
3131 2127 3602 2200 παρασιωπήσῃς,
3632 2126 3708 2182 ὅτι

2131 2229 2302 2299 στόμα
2334 2224 2656 2298 ἁμαρτωλοῦ
2684 2224 2777 2276 καὶ
2807 2223 2980 2293 στόμα
3003 2219 3174 2274 δολίου
3207 2220 3292 2272 ἐπ’
3327 2218 3430 2289 ἐμὲ
3460 2217 3702 2288 ἠνοίχθη.

2140 2319 2442 2389 Ἐλάλησαν
2486 2317 2608 2370 κατ’
2639 2314 2772 2386 ἐμοῦ
2817 2311 3034 2383 γλώσσῃ
3064 2310 3233 2382 δολία,
3269 2310 3363 2364 καὶ
3392 2309 3584 2378 λόγοις
3619 2307 3704 2379 μί-

2129 2427 2253 2475 σους
2305 2407 2622 2462 ἐκύκλωσάν
2673 2423 2759 2477 με,
2805 2404 2901 2458 καὶ
2950 2401 3293 2474 ἐπολέμησαν
3351 2418 3416 2472 με
3473 2400 3700 2472 δωρεάν.

2139 2503 2286 2555 Ἀντὶ
2315 2499 2410 2554 τοῦ
2441 2500 2658 2571 ἀγαπᾷν
2693 2515 2785 2566 με,
2820 2495 3148 2551 ἐνδιέϐαλλόν
3181 2512 3276 2567 με·
3308 2492 3416 2564 ἐγὼ
3451 2494 3512 2547 δὲ
3544 2510 3701 2564 προσ-

2122 2592 2390 2664 ηυχόμην.
2427 2592 2539 2645 Καὶ
2579 2590 2758 2643 ἐθεντο
2798 2589 2918 2643 κατ’
2948 2586 3082 2659 ἐμοῦ
3121 2587 3267 2641 κακά
3309 2586 3430 2640 ἀντὶ
3457 2585 3696 2655 ἀγαθῶν,

2125 2684 2218 2736 καὶ
2251 2685 2402 2753 μῖσος
2432 2681 2553 2736 ἀντὶ
2587 2681 2686 2751 τῆς
2717 2676 3042 2750 ἀγαπήσεὼς
3070 2693 3191 2749 μου.
3220 2675 3583 2745 Κατάστησον
3616 2674 3696 2727 ἐπ’

2125 2775 2287 2829 αὑτὸν
2317 2773 2658 2845 ἁμαρτωλὸν,
2689 2773 2782 2827 καὶ
2809 2770 3051 2834 διάϐολος
3079 2771 3259 2841 στήτω
3286 2771 3348 2822 ἐκ
3371 2767 3569 2834 δεξιῶν
3602 2767 3695 2820 αὐ-

2122 2865 2241 2920 τοῦ.
2280 2867 2366 2918 Ἐν
2394 2865 2472 2936 τῷ
2504 2864 2782 2937 κρίνεσθαι
2813 2863 2972 2918 αὐτὸν
2999 2859 3200 2926 ἐξέλθοι
3232 2857 3694 2929 καταδεδικασμέα

2123 2975 2233 3021 νος,
2263 2957 2414 3028 καὶὴ
2448 2955 2720 3028 προσευχὴ
2763 2954 2924 3010 αὑτοῦ
2959 2953 3243 3025 γενηθήτω
3274 2953 3354 3015 είς
3397 2951 3693 3024 ἁμαρτίαν,

2123 3049 2507 3121 Γενηθήτωσαν
2541 3050 2597 3104 αί
2631 3049 2833 3121 ἡμέραι
2881 3046 3046 3100 αὑτοῦ
3080 3045 3277 3115 ὀλίγαι,
3318 3047 3412 3099 καὶ
3442 3046 3548 3117 τὴν
3581 3045 3692 3098 ἐπι-

2127 3141 2330 3212 σκοπὴν
2359 3141 2522 3195 αύτοῦ
2553 3141 2762 3195 λαϐέτω
2793 3141 2997 3213 ἔτερος.
3034 3159 3053 3190 ›
3083 3140 3194 3192 Καὶ
3214 3139 3312 3209 τῆς
3338 3137 3448 3191 τῶν
3481 3154 3694 3210 προκει-

2047 3257 2092 3320 C
2125 3233 2300 3303 μένων
2331 3233 2426 3286 ἐπὶ
2455 3233 2545 3287 τὸν
2590 3233 2851 3305 προδότην
2891 3231 3087 3286 Ἰούδαν
3118 3228 3395 3303 ἀναφορᾶς
3435 3230 3694 3320 ἐχέγγυος

2124 3323 2332 3395 μάρτυς
2359 3325 2387 3375 ὁ
2429 3325 2722 3389 ἀπόστολος
2755 3324 2977 3397 Πέτρος,
3015 3321 3151 3395 μετά
3183 3321 3280 3393 τὴν
3317 3320 3412 3374 τοῦ
3446 3319 3694 3389 Σωτῆρος

2119 3417 2276 3488 ἡμῶν
2309 3417 2569 3487 ἀνάληψιν
2619 3417 2969 3488 συνηγμένων
3006 3415 3113 3470 τῶν
3144 3414 3453 3469 ἀποστόλων
3481 3413 3694 3466 πάντων

2123 3509 2218 3562 σὺν
2264 3508 2356 3561 καὶ
2399 3508 2578 3574 ἄλλοις
2626 3509 2864 3563 πλείοσιν
2903 3508 3171 3578 ἀδελφοῖς,
3227 3507 3391 3578 μέσος
3438 3502 3690 3564 ἀναστὰς,

2120 3600 2214 3652 καὶ
2244 3600 2412 3654 ταῦτα
2446 3602 2618 3674 φήσας
2641 3619 2654 3632 ’
2699 3621 2717 3653 ι
2751 3601 2974 3673 ’Ἄνδρες
3009 3600 3245 3670 ἀδελφοὶ,
3275 3597 3380 3652 ἔδει
3410 3595 3694 3668 πληρωθῆ-

2119 3709 2206 3746 ναι
2238 3693 2333 3766 τὴν
2368 3694 2405 3745 Γ
2413 3695 2606 3764 ραφὴν,
2639 3695 2703 3765 ἣν
2737 3695 2961 3767 προεῖπε
2986 3691 3047 3745 τὸ
3076 3690 3298 3761 Πνεῦμα
3329 3689 3390 3742 τὸ
3421 3689 3584 3757 ἅγιον
3612 3684 3693 3739 διὰ

2123 3785 2386 3854 στόματος
2434 3785 2598 3838 Δαϐὶδ
2639 3786 2765 3856 περὶ
2805 3783 2973 3838 ’ἰούδα
3015 3781 3108 3837 τοῦ
3156 3783 3442 3854 γενομένου
3501 3775 3690 3850 ὁδηγοῦ

2121 3877 2232 3938 τοῖς
2268 3875 2613 3928 συλλαϐοῦσιν
2657 3875 2862 3947 Ἰησοῦν
2895 3875 2975 3928 δτι
3014 3873 3494 3946 κατηριθμημένος
3530 3868 3599 3943 ἦν
3640 3873 3693 3924 ἐν

2120 3965 2278 4034 ἡμῖν,
2314 3965 2406 4018 καὶ
2441 3965 2596 4036 ἔλαχε
2626 3966 2719 4020 τὸν
2769 3966 2969 4037 κλῆρον
3000 3966 3100 4037 τῆς
3145 3964 3420 4027 διακονίας
3469 3964 3690 4033 ταύτης.

2122 4049 2289 4118 υῦτος
2323 4057 2419 4127 μὲν
2446 4053 2538 4109 οὖν
2567 4059 2831 4129 ἐκτήσατο
2869 4057 3066 4129 χωρίον
3113 4058 3178 4110 ἐκ
3213 4054 3406 4128 μισθοῦ
3439 4055 3539 4125 τῆς
3581 4053 3691 4107 ἀδι-

2122 4147 2245 4210 κίας
2274 4147 2460 4214 αὑτοῦ,
2509 4149 2604 4201 καὶ
2644 4148 2853 4220 πρηνὴς
2898 4148 3186 4220 γενόμενος
3230 4146 3460 4217 ἐλάκησε
3511 4145 3689 4216 μέσος,

2124 4239 2216 4291 καὶ
2238 4239 2462 4311 ἐξεχύθη
2498 4240 2674 4295 πάντα
2697 4240 2764 4293 τὰ
2795 4240 3080 4311 σπλάγχνα
3106 4238 3288 4292 αὑτοῦ.
3319 4239 3427 4291 Καὶ
3456 4236 3690 4306 γνωστὸν

2125 4331 2341 4400 ἐγένετο
2391 4333 2524 4385 πᾶσι
2569 4335 2681 4394 τοῖς
2725 4332 3066 4386 κατοικοῦσιν
3121 4328 3508 4401 Ἰερουσαλὴμ,
3555 4327 3689 4380 ὥστε

2124 4421 2386 4492 κληθῆναι
2418 4423 2478 4476 τὸ
2508 4423 2705 4496 χωρίον
2750 4424 2925 4476 ἐκεῖνο
2951 4425 3017 4494 τῇ
3065 4423 3171 4494 ἰδίᾳ
3203 4421 3466 4491 διαλέκτῳ
3516 4419 3689 4473 αὐτῶν

2137 4513 2494 4584 Ἀκελδαμάχ,
2525 4515 2552 4567 ὃ
2581 4515 2694 4568 ἐστι
2728 4515 2939 4585 Χωρίον
2972 4513 3219 4585 αἵματος.
3256 4512 3564 4584 Γέγραπται
3586 4510 3688 4580 γάρ

454 4601 692 4664 deserta,
723 4609 779 4657 ct
824 4617 934 4656 non
965 4602 1036 4657 sit
1061 4602 1158 4671 qui
1193 4601 1400 4656 habitet
1431 4601 1486 4655 in
1514 4616 1601 4667 ea,
1641 4609 1696 4657 et
1733 4601 2017 4671 episcopa-

2128 4604 2179 4656 ὲν
2203 4601 2369 4675 βίϐλῳ
2396 4604 2660 4676 Ψαλμῶνο
2701 4625 2718 4656 ι
2744 4604 3029 4676 Γενηθήτω
3060 4608 3094 4676 ἠ
3125 4604 3348 4668 ἔπαυλις
3377 4603 3542 4658 αὑτοῦ
3565 4603 3686 4674 ἔρη-

457 4701 569 4747 tum
603 4693 725 4762 ejus
760 4693 994 4762 accipiat
1025 4694 1164 4747 alter
1185 4693 1253 4748 ⁸⁸.
1287 4712 1306 4745 ι
1340 4692 1538 4747 Petrus
1566 4708 1696 4748 vero
1731 4707 1859 4748 cum
1889 4692 2018 4748 talia

455 4785 704 4850 dixisset,
759 4785 990 4854 subjecit
1045 4785 1101 4838 in
1157 4786 1335 4839 locum
1387 4783 1540 4839 Iudae
1601 4785 1765 4838 alium
1814 4783 2018 4838 assumi

455 4886 738 4951 oportere,
788 4890 897 4946 quo
955 4875 1240 4930 duodecim
1305 4877 1672 4945 apostolorum
1715 4888 2014 4940 numerus,

455 4969 547 5038 qui
589 4967 894 5022 diminutus
941 4965 1136 5032 fuerat,
1184 4968 1568 5036 compleretur,
1622 4975 1678 5020 ut
1732 4965 2020 5037 prophetia

456 5076 614 5114 suum
647 5059 805 5116 linem
839 5060 1197 5131 contingeret.
1250 5061 1369 5126 Quo
1414 5059 1578 5114 etiam
1610 5068 1853 5131 tempore
1893 5075 2021 5115 cum

457 5171 576 5211 sors
599 5157 745 5225 jacta
773 5162 938 5217 esset,
967 5170 1028 5209 ea
1058 5154 1252 5208 cecidit
1277 5167 1442 5223 super
1483 5151 1781 5218 Matthiam,
1806 5161 1860 5208 et
1882 5167 2018 5207 con-

459 5260 774 5302 numeratus
800 5256 882 5302 est
917 5263 1037 5302 cum
1073 5245 1360 5301 duodecim
1393 5245 1677 5317 apostolis.
1721 5244 1856 5300 Cum
1900 5243 2016 5302 hac

459 5340 622 5408 igitur
665 5341 716 5393 iu
758 5341 901 5394 hunc
952 5340 1168 5393 modum
1219 5345 1438 5408 peracta
1483 5339 1614 5403 sint,
1662 5338 1911 5408 sequitur
1956 5348 2016 5392 ut

458 5445 745 5502 personam
783 5447 904 5500 quae
933 5431 987 5483 in
1032 5431 1133 5484 hoc
1171 5430 1382 5500 psalmo
1422 5430 1686 5499 loquitur,
1724 5445 1830 5484 non
1855 5429 2018 5483 aliam

457 5529 579 5567 esse
609 5517 956 5581 arbitremur,
983 5534 1145 5588 quam
1178 5518 1477 5573 Salvatoris
1514 5520 1712 5580 nostri,
1744 5518 1838 5589 qui
1879 5520 2022 5573 assi-

458 5615 673 5675 gnatam
715 5609 816 5662 sihi
845 5624 874 5661 a
901 5608 1061 5665 Patre
1107 5611 1211 5665 sub
1256 5611 1431 5681 ipsum
1482 5612 1756 5680 passionis
1805 5619 2018 5680 tempus

456 5699 780 5766 orationem,
816 5701 1032 5772 publica
1079 5712 1230 5758 tanto
1264 5711 1390 5759 ante
1443 5719 1538 5773 per
1588 5702 1850 5774 Spiritum
1892 5718 2020 5759 san-

531 5880 574 5912 ⁸³
620 5879 760 5936 Psal.
797 5896 906 5947 nt,
951 5880 1032 5935 l7.
1112 5883 1155 5914 “
1196 5882 1323 5938 ibid.
1359 5881 1558 5948 21,22.

2127 4712 2244 4766 μος,
2273 4696 2367 4748 καὶ
2403 4693 2477 4766 μὴ
2511 4695 2649 4748 ἔστω
2676 4697 2704 4748 ὁ
2729 4695 2995 4749 κατοικῶν
3027 4697 3082 4749 ἐν
3126 4696 3285 4766 αὐτῇ,
3320 4695 3414 4748 καὶ
3445 4695 3544 4765 τὴν
3577 4695 3687 4746 ἐπι·

2123 4784 2330 4857 σκοπὴν
2353 4783 2520 4839 αὑτοῦ
2552 4784 2760 4840 λαϐέτω
2788 4786 2992 4858 ἕτερος.
3029 4805 3047 4838 ι
3075 4785 3261 4840 Ταῦτα
3286 4785 3413 4855 γοῦν
3437 4786 3465 4838 ό
3492 4785 3689 4856 Πέτρος

2123 4875 2290 4929 εἰπὼν
2322 4876 2633 4931 ὑποτίθεται
2673 4878 2857 4950 ἕτερον
2889 4879 3008 4932 ἀντὶ
3041 4877 3133 4931 τοῦ
3174 4877 3342 4931 Ἰούδα
3379 4876 3488 4930 δεῖν
3517 4892 3686 4947 παρα-

2123 4969 2305 5022 λαϐεῖν
2335 4969 2414 5033 εἰς
2445 4970 2532 5023 τὸν
2563 4969 2816 5024 λείποντα
2847 4971 2955 5024 τῶν
2987 4969 3190 5024 δώδεκα
3243 4969 3556 5024 ἀποστόλων
3577 4969 3688 5037 ἀρι-

2123 5059 2279 5132 θμὸν,
2312 5061 2459 5124 ὅπως
2490 5059 2746 5135 πληρωθῇ
2781 5062 2841 5116 τὸ
2873 5063 2972 5133 τῆς
2995 5061 3345 5133 προφητείας.
3379 5062 3528 5123 Ὅτε,
3560 5059 3687 5130 κλή-

2123 5169 2217 5225 ρου
2265 5153 2576 5224 γενομένου,
2615 5155 2806 5208 ἔπεσεν
2838 5157 2866 5208 ό
2904 5155 3102 5226 κλῆρος
3145 5154 3237 5207 ἐπὶ
3281 5152 3548 5214 Ματθίαν,
3600 5149 3686 5205 καὶ

2124 5245 2602 5318 συγκατεψηφίσθη
2641 5248 2778 5318 μετά
2804 5247 2910 5300 τῶν
2954 5247 3158 5300 δώδεκα
3189 5245 3519 5299 ἀποστόλων.
3558 5243 3683 5296 Τού-

2120 5353 2228 5389 των
2249 5337 2419 5401 οὕτως
2445 5338 2886 5402 ἐκτελεσθέντων,
2917 5339 3223 5402 ἀκολούθως
3252 5339 3318 5392 ἂν
3340 5337 3423 5410 είη
3458 5337 3518 5390 τὸ
3541 5336 3686 5403 λέγον

2119 5431 2177 5482 ἐν
2220 5429 2299 5499 τῷ
2351 5429 2547 5500 ψαλμῷ
2598 5431 2885 5499 πρόσωπον
2925 5431 3022 5501 οὐχ
3076 5430 3259 5501 ἕτερον
3298 5428 3391 5482 τοῦ
3443 5427 3684 5496 Σωτῆρος

2119 5521 2298 5591 ἡμῶν,
2333 5521 2390 5584 ὃς
2422 5520 2499 5591 τῷ
2539 5523 2712 5594 Πατρὶ
2742 5523 2836 5594 τὴν
2868 5522 3317 5592 ἀναπεμφθεῖσαν
3350 5519 3498 5589 αὐτῷ
3545 5515 3684 5588 παρά

2119 5613 2210 5665 τὸν
2236 5612 2327 5664 τοῦ
2359 5612 2560 5676 πάθους
2589 5614 2777 5685 καιρὸν
2810 5615 2972 5685 εὐχὴν
2997 5615 3092 5687 τῆς
3119 5614 3204 5667 διὰ
3234 5613 3324 5666 τοῦ
3346 5612 3500 5680 ἁγίου
3525 5607 3682 5662 Πνεύ-

2126 5724 2294 5778 ματος
2339 5707 2660 5776 ἀναγραφῆς
2706 5706 2991 5778 προλαϐὼν
3040 5703 3362 5774 κατηξίωσε,
3400 5703 3461 5755 τὸ
3503 5699 3682 5772 μέλλον

1639 5883 1680 5912 ³³
1723 5880 1863 5936 Psal.
1901 5898 2061 5948 cvm,
2098 5883 2213 5939 ‘2-8.
2292 5883 2336 5913 5"
2377 5883 2492 5935 Act.
2537 5899 2582 5950 I,
2623 5881 2804 5939 ιδςεο,
