3938 6514
289 386 389 441 737

1170 388 1820 445 DEMONSTRATIONIS
1861 389 2319 446 EVANGEUCIE
2361 388 2578 445 LIB.X.

3422 386 3529 446 138

284 499 411 575 περὶ
441 498 609 555 αὐτοῦ
647 500 1021 573 συμϐήσεσθαι
1054 502 1335 569 θεσπίσας.
1371 504 1535 576 Φησὶν
1568 500 1695 558 οὖν·
1735 526 1752 556 ι
1803 507 1850 559 Ὀ

1961 516 2107 559 ctum
2143 506 2512 575 descriptione
2555 504 2831 575 dignatus,
2865 504 3009 576 quod
3057 504 3161 562 sibi
3197 520 3300 559 usu
3344 513 3532 562 ventu-

281 596 433 660 Θεὸς,
476 596 577 667 τὴν
609 595 814 650 αῐνεσίν
853 613 953 666 μου
993 596 1065 667 μὴ
1094 598 1549 668 παρασιωπήσῃς,
1578 616 1597 648 ι
1632 597 1730 669 τὴν
1763 598 1852 650 ὐπ’

281 687 444 743 αὐτοῦ
493 688 883 759 παραδοθεῖσαν
928 691 1039 751 τοῖς
1079 677 1242 742 αὐτοῦ
1296 689 1562 761 μαθηταῖς
1605 690 1857 744 διδασκα-

280 782 418 847 λίαν,
455 783 551 837 καὶ
574 782 676 851 τῆς
704 782 899 851 καινῆς
925 782 1199 854 Διαθήκης
1229 784 1326 854 τὴν
1366 783 1570 838 αῖνεσιν
1602 802 1853 857 παρακα-

281 873 385 928 λῶν
443 876 519 946 μὴ
575 874 1058 945 κατασιγασθῆναι,
1120 875 1253 929 ἀλλά
1308 876 1402 929 καὶ
1453 878 1531 940 είς
1580 877 1672 930 τὸν
1730 877 1855 948 ἑξῆς

280 965 494 1021 ἅπαντα
525 966 695 1019 αἰῶνα
730 958 1063 1039 παραμεῖναι
1088 968 1165 1039 τῷ
1197 968 1313 1039 βίῳ.
1355 988 1372 1020 ι
1397 969 1578 1040 Στόμα
1599 969 1654 1022 δὲ
1681 971 1856 1042 ἀμαρ-

278 1058 448 1112 τωλοῦ
486 1058 579 1112 κα)⁵
611 1060 785 1130 στόμα
815 1059 982 1114 δολίου
1023 1080 1041 1113 ι
1068 1062 1271 1133 κυρίως
1321 1061 1386 1115 ἂν
1419 1061 1631 1132 λεχθείη
1663 1062 1723 1114 τὸ
1759 1061 1851 1115 τοῦ

290 1151 479 1217 Ἰούδα,
513 1152 572 1214 ὃς
614 1151 900 1223 πορευθεὶς
931 1154 1066 1225 πρὸς
1111 1155 1236 1217 τοὺς
1267 1154 1539 1227 ἀρχιερεῖς
1568 1150 1720 1208 εἶπεν
1758 1157 1854 1208 αὐ-

276 1247 383 1307 τοῖς
408 1262 421 1274 ·
463 1264 483 1295 ι
518 1245 584 1297 Τί
615 1245 794 1299 θέλετέ
824 1264 914 1317 μοι
943 1246 1143 1311 δοῦναι,
1180 1245 1335 1315 κάγὼ
1375 1248 1500 1317 ὑμῖν
1545 1246 1852 1319 παραδώσω

276 1337 437 1391 αὐτόν
462 1354 476 1401 ;
503 1339 566 1391 Oi
595 1338 651 1390 δὲ
676 1338 907 1409 ἔστησαν
930 1338 1079 1410 αὐτῷ
1104 1339 1395 1411 τριάκοντα
1423 1341 1713 1411 στατῆρας.
1742 1341 1852 1393 Kal

278 1428 381 1481 ἀπὸ
412 1428 535 1481 τότε
562 1427 741 1501 ἐζήτει
772 1430 1075 1503 εὐκαιρίαν,
1105 1432 1189 1484 ἵνα
1217 1432 1377 1485 αὐτὸν
1404 1431 1683 1504 παραδῷ.»
1728 1433 1848 1484 Τοι-

277 1514 413 1573 αὕτα
436 1520 569 1589 γοῦν
598 1523 718 1574 κατ’
763 1521 926 1574 αὐτοῦ
973 1522 1314 1593 συνθέμενος,
1350 1517 1429 1586 εἷς
1466 1520 1533 1593 ἦν
1574 1522 1681 1577 τῶν
1716 1522 1852 1593 μετὰ

275 1608 445 1665 ταῦτα
478 1614 573 1665 σὺν
607 1612 753 1682 αὐτῷ
784 1614 1153 1684 ἀνακειμένων
1183 1617 1239 1667 ἐν
1259 1616 1335 1686 τῷ
1362 1616 1455 1668 τοῦ
1487 1617 1680 1686 Πάσχα
1715 1633 1851 1687 συμ-

275 1704 473 1772 ποσίῳ,
506 1704 592 1756 ὅτε
629 1705 721 1757 καὶ
752 1705 914 1768 αὐτὸς
947 1708 975 1759 ὁ
1018 1706 1205 1777 Σωτήρ
1237 1707 1391 1777 ήμῶν
1429 1707 1672 1760 ἀνέκειτο
1713 1706 1849 1777 μετὰ

274 1795 378 1848 τῶν
432 1795 662 1860 δώδεκα,
712 1795 997 1849 ἐσθιόντων
1045 1816 1103 1851 τε
1155 1797 1331 1851 αὐτῶν
1375 1796 1558 1852 εἶπεν·
1617 1820 1635 1851 ι
1680 1800 1849 1872 Ἀμὴν

1962 614 2081 652 rum
2105 607 2243 662 erat,
2266 599 2483 654 cecinit.
2516 598 2605 651 Ait
2626 598 2800 668 igitur
2826 617 2838 653 :
2871 618 2888 649 ι
2921 598 3090 661 Deus.
3115 598 3326 653 laudem
3353 613 3531 654 meam

1961 704 2029 743 ne
2073 689 2347 745 tacueris:
2385 708 2402 739 ι
2438 690 2529 742 ubi
2564 690 2819 743 videlicet
2863 688 3167 743 doctrinam
3220 704 3383 760 quam
3414 690 3532 759 ipso

1961 778 2079 833 suis
2106 777 2391 848 discipulis
2425 778 2612 841 tradit,
2654 789 2706 832 et
2754 778 2969 832 laudem
3012 780 3139 832 novi
3168 777 3528 844 Testamenti,

1961 889 2071 928 non
2114 888 2238 927 esse
2270 872 2619 942 premendam
2670 871 2887 927 silentio
2935 871 3279 938 exhortatur,
3338 870 3431 925 sed
3474 871 3531 927 in

1961 981 2122 1020 omne
2164 964 2408 1018 futurum
2456 979 2630 1017 aevum
2676 963 2743 1016 ad
2782 963 2906 1017 vita:
2950 961 3201 1017 humanm
3236 962 3529 1018 utilitatem

1961 1072 2297 1129 permanere.
2337 1076 2354 1107 ι
2376 1054 2449 1110 Os
2479 1065 2659 1112 autem
2683 1055 3086 1126 peccatoris,_et
3107 1070 3170 1110 os
3186 1054 3383 1119 dolosi,
3408 1074 3430 1109 ι
3466 1070 3531 1111 os

1960 1150 2133 1221 ipsius
2170 1148 2325 1204 Iudae
2383 1149 2603 1218 prOprie
2654 1148 3015 1203 nominaverit
3061 1147 3374 1217 quispiam,
3437 1147 3530 1217 qui

1959 1257 2083 1295 cum
2130 1241 2356 1295 abiisset
2390 1241 2456 1295 ad
2493 1240 2769 1311 principes
2820 1238 3188 1306 sacerdotum,
3237 1239 3317 1294 eis
3348 1239 3528 1293 dixit:

1964 1353 1983 1385 ι
2020 1335 2161 1400 Quid
2182 1334 2346 1389 vultis
2376 1334 2510 1387 mihi
2543 1333 2696 1397 dare,
2726 1338 2780 1387 et
2812 1347 2912 1402 ego
2943 1348 3066 1386 eum
3092 1332 3247 1388 vobis
3278 1331 3534 1387 tradant?

1958 1428 2027 1482 At
2058 1428 2136 1482 illi
2166 1428 2576 1483 constituerunt
2603 1427 2654 1481 ei
2686 1425 2913 1496 triginta
2946 1432 3198 1480 stateres.
3229 1424 3295 1477 Et
3331 1441 3398 1480 ex
3438 1424 3533 1479 illo

1957 1521 2233 1591 quaerebat
2288 1521 2657 1585 occasionem,
2696 1528 2755 1572 ut
2798 1518 2952 1571 illum
2996 1516 3079 1572 eis
3123 1517 3379 1588 proderet
3406 1517 3475 1572 ⁸⁷.
3507 1535 3528 1569 ι

1957 1610 2093 1666 Cum
2144 1626 2277 1680 ergo
2322 1611 2451 1664 talia
2494 1617 2687 1664 contra
2722 1609 2874 1663 illum
2908 1608 3132 1663 molitus
3176 1618 3340 1671 esset,
3388 1623 3532 1661 unus

1957 1711 2147 1772 postea
2189 1703 2291 1755 fuit
2324 1717 2389 1757 ex
2438 1701 2507 1756 iis
2554 1701 2805 1771 quicum
2852 1699 2946 1754 illo
2993 1700 3048 1752 in
3081 1698 3327 1769 paschali
3372 1713 3531 1755 ccena

1958 1790 2355 1854 accubuerunt,
2381 1805 2493 1861 quo
2526 1798 2770 1859 tempore
2802 1790 2917 1859 ipse
2948 1804 3163 1859 quoque
3189 1787 3440 1843 Salvator
3467 1804 3533 1844 ac

274 1887 419 1957 ἀμὴν
450 1887 593 1955 λέγω
623 1889 769 1958 ὑμῖν,
817 1891 898 1943 ὃτι
932 1887 1012 1953 εἷς
1057 1890 1114 1957 ἐξ
1166 1892 1318 1962 ὑμῶν
1351 1891 1661 1964 παραδώσει
1698 1870 1784 1963 με.
1808 1870 1845 1944 Ἴ)

1957 1880 2220 1935 Dominus
2249 1891 2433 1935 noster
2466 1881 2823 1935 accumbebat
2864 1894 2970 1933 una
3002 1895 3125 1934 cum
3162 1880 3297 1950 ipsis
3325 1880 3532 1935 duode-

275 1980 381 2031 Καὶ
414 1977 743 2048 λυπούμενοι
774 1980 977 2051 σφόδρα
1021 1980 1254 2051 ῆρξαντο
1285 1980 1461 2048 λέγειν
1495 1981 1722 2043 ἕκαστος
1752 1983 1849 2035 αὐ-

273 2068 378 2121 τῶν
402 2084 416 2099 ·
461 2088 479 2119 ι
510 2070 656 2141 Μήτι
687 2070 797 2139 ἐγώ
828 2073 964 2142 εἰμι,
994 2071 1195 2141 Κύριες
1242 2092 1258 2123 ι
1299 2073 1354 2124 ἐν
1387 2067 1466 2135 οἷς
1496 2068 1564 2143 ἧν
1596 2073 1689 2126 καὶ
1724 2072 1853 2143 Ἰού-

272 2160 389 2225 δας,
424 2162 505 2226 ὃς,
534 2163 595 2215 τὸ
626 2162 831 2234 πλῆρες
864 2164 1063 2228 παντὸς
1095 2164 1243 2217 δόλου
1278 2165 1370 2217 καὶ
1394 2166 1673 2235 εἰρωνείας
1709 2165 1853 2218 ἀνοί-

274 2252 369 2317 ξας
424 2253 619 2325 στόμα,
672 2255 987 2327 ἀποκριθεὶς
1050 2251 1230 2309 εἶπεν·
1305 2275 1321 2307 ι
1362 2258 1506 2327 Μήτι
1568 2256 1680 2325 ἐγώ
1712 2260 1847 2327 εἰμι,

284 2343 510 2409 Ῥαϐϐί;
556 2364 573 2396 ι
607 2345 788 2399 Δόλιον
817 2347 1010 2416 στόμα,
1044 2346 1112 2399 δι’
1138 2339 1198 2399 οὗ
1230 2346 1292 2400 τὸ
1335 2349 1559 2417 σημεῖον
1594 2350 1704 2409 τοῖς
1732 2350 1852 2399 ἐπι-

274 2435 484 2499 δούλοις
511 2436 606 2490 τοῦ
639 2438 887 2508 Σωτῆρος
916 2438 1072 2509 ήμῶν
1101 2437 1309 2509 ἐδήλου,
1339 2438 1509 2506 λέγων
1534 2454 1548 2468 ·
1586 2456 1603 2489 ι
1638 2436 1733 2490 Ὃν
1756 2437 1852 2492 ἐὰν

271 2524 505 2595 φιλήσω,
546 2524 706 2589 αὐτός
746 2526 897 2578 ἐστι·
933 2528 1242 2598 κρατήσατε
1278 2526 1440 2580 αὐτόν
1466 2544 1479 2557 ο
1517 2546 1537 2579 ι
1574 2528 1602 2580 ὃ
1643 2528 1736 2582 καὶ
1776 2528 1853 2580 εἰ-

272 2616 410 2680 πὼν,
444 2616 591 2689 ἔργῳ
629 2617 718 2670 τὸν
757 2617 905 2671 δόλον
931 2618 1268 2691 ἀπεπλήρου,
1302 2620 1389 2672 ὅτε
1431 2618 1742 2691 προσελθὼν
1774 2620 1852 2692 τῷ

285 2708 483 2779 Ἰησοῦ,
539 2704 689 2762 εἶπεν
728 2708 907 2779 αὐτῷ’
951 2729 969 2762 ι
1016 2711 1207 2781 Χαῖρε,
1249 2712 1467 2765 Ῥαϐϐί·
1503 2714 1595 2766 καὶ
1630 2714 1853 2783 κατεφί-

272 2799 435 2870 λησεν
483 2801 665 2854 αὐτόν.
709 2802 765 2854 Ὀ
796 2802 851 2855 δὲ
895 2802 1100 2873 Ἰησοῦς
1143 2798 1293 2856 εἶπεν
1325 2803 1505 2874 αὐτῷ·
1547 2824 1564 2856 ι
1614 2806 1848 2877 Ἑταῖρε,

273 2893 355 2961 ἐφ’
385 2885 430 2959 ᾧ
463 2893 664 2963 παρεις
703 2911 720 2943 ι
774 2894 867 2946 καὶ
911 2894 1069 2948 πάλιν
1094 2912 1107 2924 ’
1166 2915 1182 2945 ι
1227 2894 1414 2959 Ἰούδα,
1465 2896 1727 2968 φιλήματι
1762 2898 1851 2951 τὸν

275 2985 400 3037 Υἰὸν
428 2985 524 3039 τοῦ
554 2984 839 3057 ἀνθρώπου
869 2988 1177 3060 παραδίδως
1202 3006 1247 3053 ς»
1266 2992 1479 3043 Τούτων
1507 2991 1549 3044 δ’
1572 2987 1663 3045 οὖν
1691 2992 1850 3045 ἕνεκα

273 3076 561 3148 προλαϐὼν
606 3078 693 3132 διὰ
738 3079 831 3132 τοῦ
878 3080 1092 3152 ψαλμοῦ
1140 3099 1340 3152 φησιν’
1406 3102 1424 3134 ι
1495 3085 1614 3138 Ὅτι
1678 3085 1851 3155 στόμα

273 3171 598 3243 ἁμαρτωλοῦ
625 3173 719 3225 καὶ
764 3173 937 3244 στόμα
969 3174 1138 3227 δολίου
1168 3176 1252 3228 ἐπ’
1284 3176 1383 3245 ἐμὲ
1411 3176 1654 3249 ήνοίχθη.
1700 3177 1852 3231 Ἐλά-

1953 1974 2081 2037 cim,
2122 1975 2216 2044 qui
2268 1974 2431 2027 etiam
2476 1972 2890 2027 comedentibus
2934 1972 3043 2025 illis
3085 1972 3263 2026 dixit:
3304 1990 3322 2023 ι
3354 1970 3531 2027 Amen

1953 2080 2110 2119 amen
2169 2064 2293 2120 dico
2344 2054 2543 2129 vobis,
2596 2064 2739 2135 quod
2794 2079 2936 2119 unus
2987 2071 3231 2119 vestrum
3280 2079 3366 2118 me
3427 2072 3536 2117 tra-

1952 2157 2062 2213 det.
2100 2179 2118 2211 ι
2154 2158 2220 2212 Ει
2251 2160 2378 2213 dum
2420 2158 2577 2213 valde
2629 2158 3053 2221 contristantur,
3087 2165 3375 2227 coeperunt
3413 2158 3532 2211 sin-

1954 2250 2064 2320 guli
2108 2250 2290 2305 dicere
2332 2268 2351 2301 ι
2380 2269 2392 2304 :
2420 2249 2675 2320 Nunquid
2717 2264 2819 2318 ego
2855 2265 3006 2312 sum,
3050 2247 3382 2303 Domine"?
3411 2270 3429 2302 ι
3472 2249 3530 2306 In

1953 2342 2315 2411 quibuserat
2358 2342 2520 2395 etiam
2548 2340 2742 2408 Judas,
2779 2342 2873 2411 qui
2924 2356 3047 2395 cum
3086 2342 3266 2395 omnis
3310 2340 3421 2395 doli
3466 2357 3535 2397 ac

1953 2430 2318 2485 simulationis
2382 2431 2600 2501 plenum
2648 2445 2711 2485 os
2760 2430 3063 2501 aperuisset
3110 2432 3425 2501 respondit,
3467 2446 3533 2486 ac

1952 2523 2139 2578 dixit:
2185 2541 2203 2574 ι
2232 2521 2490 2593 Nunquid
2536 2538 2637 2594 ego
2697 2538 2851 2586 sum,
2904 2520 3178 2575 Rabbi”?
3208 2541 3226 2574 ι
3270 2520 3530 2579 Dolosum

1953 2629 2082 2684 ergo
2101 2629 2183 2677 os,
2210 2629 2318 2684 quo
2342 2613 2755 2668 insidiatoribus
2785 2611 3086 2667 Salvatoris
3109 2612 3285 2668 nostri
3312 2613 3529 2683 signum

1952 2708 2263 2778 proposuit,
2303 2707 2492 2763 dicens
2520 2726 2533 2761 :
2567 2726 2585 2757 ι
2621 2706 3016 2776 Quemcunque
3036 2707 3318 2762 osculatus
3349 2706 3528 2771 fuero,

1955 2800 2072 2871 ipse
2101 2810 2205 2863 est,
2240 2809 2419 2855 tenete
2445 2816 2569 2855 eum
2597 2802 2663 2855 “.
2698 2819 2716 2852 ι
2753 2799 2909 2867 Quod
2937 2816 3061 2854 cum
3085 2800 3315 2855 dixisset
3337 2800 3527 2865 verbo,

1954 2907 2014 2947 re
2066 2907 2285 2961 quoque
2335 2893 2451 2961 ipsa
2499 2890 2684 2947 dolum
2736 2893 3065 2965 complevit,
3120 2908 3230 2963 quo
3276 2892 3533 2949 videlicet

1954 2995 2198 3058 tempore
2266 3003 2391 3043 cum
2447 2987 2515 3041 ad
2573 2986 2759 3043 Jesum
2818 2991 3167 3055 accessisset,
3222 2990 3360 3045 dixit
3422 2991 3527 3048 ei:

1961 3078 2174 3142 «Salve,
2198 3078 2372 3134 Rahbi
2397 3098 2411 3135 :
2440 3089 2494 3135 et
2520 3082 2802 3137 osculatus
2827 3091 2910 3137 est
2932 3098 3056 3138 eum
3079 3083 3143 3139 “.
3170 3102 3190 3136 ι
3213 3081 3374 3141 Jesus
3400 3100 3532 3141 vero

1958 3170 2025 3225 ad
2075 3172 2227 3226 illum
2275 3171 2414 3225 dixit
2444 3190 2457 3228 :
2487 3192 2504 3224 ι
2538 3171 2766 3239 Amice,
2823 3174 2889 3229 ad
2934 3173 3068 3244 quid
3120 3175 3403 3231 venisti?»
3463 3176 3532 3231 Et

270 3242 442 3333 λησαν
483 3266 605 3315 κατ’
654 3263 789 3333 ἐμοῦ
842 3242 1063 3338 γλώσσῃ
1108 3265 1277 3336 δολία,
1309 3242 1401 3319 καὶ
1436 3242 1634 3335 ’λόὴὸιέ
1662 3268 1850 3338 μίσους

1956 3281 2150 3320 rursus
2181 3285 2192 3319 :
2226 3285 2243 3316 ι
2279 3263 2441 3328 Juda,
2483 3267 2676 3321 osculo
2707 3266 2877 3321 ﬁlium
2914 3267 3155 3323 hominis
3190 3269 3367 3326 tradis
3392 3270 3475 3324 “?
3504 3288 3527 3324 ι

270 3353 590 3408 ἐκύκλωσαν
620 3372 687 3427 με
714 3355 937 3427 δωρεάν.
978 3375 999 3408 ι
1041 3357 1211 3411 Ἔνθα
1253 3359 1391 3430 μετὰ
1420 3360 1514 3414 τοῦ
1560 3362 1725 3416 Ἰούδα
1759 3368 1853 3418 καὶ

270 3446 377 3501 τῶν
410 3446 621 3500 λοιπῶν
638 3446 746 3500 τῶν
778 3448 1273 3504 ἐπιϐουλευσάντων
1305 3451 1454 3522 αὐτῷ
1501 3457 1849 3525 μνημονεύει.

271 3538 433 3607 Λέγει
461 3539 507 3592 δ’
540 3535 631 3593 οὖν
675 3540 735 3593 τὸ
778 3542 1131 3610 Εὐαγγέλιον,
1178 3545 1253 3607 ὡς
1299 3545 1428 3616 ἄρα,
1460 3545 1553 3599 τοῦ
1602 3546 1853 3617 Σωτῆρος

272 3632 428 3703 ήμῶν
461 3630 543 3684 ἔτι
589 3634 701 3694 τοῖς
742 3633 935 3687 ἐαυτοῦ
986 3634 1257 3705 μαθηταῖς
1298 3637 1602 3704 λαλοῦντος,
1652 3657 1669 3689 ι
1719 3640 1849 3692 Ἰδοὺ

285 3723 487 3788 Ἰούδας
520 3719 601 3787 εἷς
640 3724 746 3778 τῶν
785 3723 989 3778 δώδεκα
1037 3722 1189 3797 ἦλθε,
1224 3730 1318 3782 καὶ
1354 3729 1469 3799 μετ’
1504 3730 1667 3783 αὐτοῦ
1698 3730 1852 3800 ὄχλος

274 3816 439 3879 πολὺς
471 3818 608 3887 μετά
640 3817 922 3889 μαχαιρῶν
946 3819 1041 3872 καὶ
1060 3818 1251 3885 ξύλων,
1285 3820 1392 3873 ἀπὸ
1420 3821 1526 3876 τῶν
1555 3823 1849 3895 ἀρχιερέων

274 3910 367 3961 καὶ¹
405 3908 791 3980 πρεσϐυτέρων
822 3909 914 3963 τοῦ
947 3910 1077 3965 λαοῦ
1100 3929 1112 3942 ο
1160 3931 1179 3964 ι
1231 3907 1312 3976 οἷς
1355 3914 1447 3967 καὶ
1479 3909 1632 3969 εἶπεν
1672 3918 1700 3969 ό
1736 3916 1877 3985 Κύ--¹

278 4018 427 4073 ριος·
462 4020 483 4053 ς
538 4000 625 4065 Ὠς
667 4003 760 4055 ἐπὶ
802 4003 1003 4077 λῃστὴν
1048 4003 1320 4075 ἐξήλθετε,
1375 4004 1511 4077 μετά
1567 4007 1849 4079 μαχαιρῶν

274 4097 369 4151 καὶ
412 4096 585 4161 ξύλων
631 4097 914 4153 συλλαϐεῖν
960 4117 1057 4171 με;
1104 4099 1225 4154 καθ’
1272 4101 1483 4173 ἡμέραν
1528 4103 1662 4175 πρὸς
1706 4105 1849 4175 ὑμᾶς

273 4186 616 4258 ἐκαθεζόμην
648 4190 705 4241 ἐν
750 4189 825 4260 τῷ
860 4189 990 4263 ἱερῷ
1027 4190 1309 4257 διδάσκων,
1341 4193 1435 4245 καὶ
1479 4194 1576 4247 οὐκ
1615 4196 1849 4267 ἐκρατή-

276 4276 406 4330 σατέ
434 4294 522 4348 με.
560 4277 729 4332 Τοῦτο
755 4279 812 4332 δέ
850 4279 967 4334 ὅλον
995 4281 1236 4349 γέγονεν,
1267 4283 1353 4336 ἵνα
1394 4283 1751 4355 πληρωθῶσιν
1791 4287 1846 4339 αῖ

274 4367 314 4418 Γ
316 4367 492 4439 ραφαὶ
547 4368 657 4421 τῶν
716 4369 1029 4440 προφητῶν.
1068 4390 1086 4422 ›
1150 4373 1269 4426 Ἔτι
1322 4374 1378 4427 δέ
1440 4391 1602 4445 φησιν
1659 4376 1716 4428 ἐν
1770 4376 1848 4447 τῷ

547 4480 567 4513 ι
614 4462 757 4516 Ἀντὶ
801 4462 894 4515 τοῦ
947 4464 1166 4535 ἀγαπᾷν
1217 4482 1305 4535 με,
1350 4466 1683 4522 ἐνδιέϐαλλόν
1739 4485 1842 4540 με’

1952 3356 2116 3428 476
2139 3356 2340 3424 Harum
2391 3372 2520 3426 ergo
2584 3373 2768 3411 rerum
2838 3373 3005 3413 causa
3071 3366 3227 3414 tanto
3285 3369 3413 3417 ante
3472 3362 3530 3418 in

1954 3451 2167 3520 psalmo
2196 3450 2273 3503 ait
2307 3469 2319 3503 :
2355 3469 2373 3501 ι
2403 3448 2670 3514 Quoniam
2721 3465 2783 3505 os
2825 3452 3131 3520 peccatoris
3160 3460 3215 3507 et
3251 3467 3314 3508 os
3351 3452 3529 3509 dolosi

1953 3558 2118 3612 super
2159 3556 2245 3595 me
2274 3550 2522 3611 apertum
2561 3550 2664 3596 est.
2697 3540 2891 3596 Locuti
2923 3550 3053 3597 sunt
3083 3552 3275 3598 contra
3316 3560 3403 3599 me
3424 3544 3530 3599 lin-

1953 3648 2056 3705 gua
2080 3633 2272 3688 dolosa
2299 3640 2352 3687 et
2383 3634 2734 3687 sermonibus
2764 3633 2875 3687 odii
2903 3633 3383 3690 circumdederunt
3418 3652 3525 3701 me.

1950 3735 2002 3781 et
2030 3732 2485 3797 oppugnaverunt
2514 3742 2599 3781 me
2632 3726 2804 3797 gratis
2834 3746 2847 3781 :
2884 3746 2903 3780 ι
2939 3727 3032 3782 ubi
3069 3744 3193 3782 cum
3239 3728 3359 3798 ipso
3384 3728 3528 3787 Juda

1952 3816 2116 3871 etiam
2164 3818 2503 3887 reliquorum
2551 3818 2821 3884 meminit,
2855 3819 2948 3889 qui
2980 3820 3083 3889 ipsi
3118 3818 3346 3876 insidias
3381 3802 3526 3875 fece-

1951 3918 2101 3964 runt.
2124 3908 2313 3980 Itaque
2344 3912 2522 3980 ipsum
2548 3908 2904 3980 Evangelium
2936 3918 3146 3975 narrat,
3170 3912 3528 3983 quemadmo-

1950 4001 2080 4055 dum
2111 3999 2393 4056 Salvatore
2422 4010 2612 4057 nostro
2647 4018 2780 4057 suos
2811 4002 2989 4057 adhuc
3020 4004 3331 4076 alloquente
3358 4004 3528 4062 disci-

1951 4094 2131 4163 pulos,
2166 4094 2257 4149 ille
2302 4098 2548 4149 venerit:
2585 4112 2603 4146 ι
2635 4092 2801 4159 Ecce,
2846 4094 3045 4165 inquit,
3079 4094 3249 4152 Judas
3286 4114 3429 4154 unus
3458 4097 3530 4156 de

1950 4179 2240 4235 duodecim
2268 4182 2439 4246 venit,
2476 4189 2531 4236 et
2573 4196 2697 4236 cum
2741 4195 2806 4235 eo
2853 4184 3014 4236 turba
3048 4184 3218 4237 multa
3259 4199 3383 4239 cum
3418 4185 3531 4256 gla-

1949 4272 2055 4327 diis
2084 4280 2137 4327 et
2167 4271 2351 4342 lignis,
2386 4289 2416 4327 a
2452 4274 2797 4344 principibus
2831 4274 3179 4329 sacerdotum
3204 4285 3257 4331 et
3293 4278 3527 4332 seniori-

1947 4365 2052 4422 bus
2103 4367 2287 4436 populi
2328 4367 2391 4421 ⁸³.
2434 4386 2454 4419 ι
2528 4366 2739 4433 Quibus
2797 4369 2962 4422 etiam
3016 4368 3280 4425 Dominus
3336 4370 3527 4428 dixit:

1954 4478 1983 4511 ι
2010 4458 2291 4530 Tanquam
2324 4459 2390 4513 ad
2417 4461 2683 4515 latronem
2716 4461 2965 4516 exivistis
2998 4478 3121 4516 cum
3150 4463 3348 4533 gladiis
3369 4471 3424 4519 et
3454 4463 3529 4517 li-

274 4550 384 4620 ἐγὼ
412 4552 469 4606 δὲ
505 4556 955 4627 προσηυχόμηνοι
994 4556 1125 4610 αὐτὸ
1168 4556 1353 4620 τέλους
1390 4558 1699 4629 ἐτύγχανεν,
1731 4561 1841 4625 ὅτε,

1953 4551 2071 4620 gnis
2112 4552 2574 4621 comprehendere
2614 4552 2739 4605 me?
2767 4551 3012 4621 quotidie
3046 4553 3186 4623 apud
3234 4568 3332 4608 vos
3366 4553 3529 4609 sede-

272 4644 367 4697 τοῦ
401 4644 653 4715 Σωτῆρος
686 4646 841 4716 ἡμῶν
873 4648 931 4701 ἐν
956 4647 1034 4719 τῷ
1052 4648 1381 4719 καλουμένῳ
1406 4649 1727 4723 Γεθσημανῇ
1750 4671 1850 4723 χω-

1953 4640 2072 4695 bam
2104 4640 2158 4694 in
2203 4640 2407 4710 templo
2449 4638 2675 4702 docens,
2719 4648 2773 4696 et
2812 4656 2921 4696 non
2964 4642 3219 4698 tenuistis
3264 4658 3369 4699 me.
3409 4643 3530 4699 Hoc

274 4735 376 4805 ρίῳ
409 4736 546 4804 μετά
571 4734 678 4787 τῶν
711 4736 900 4789 ἕνδεκα
933 4738 1245 4791 ἀποστόλων
1280 4742 1736 4812 προσευχομένου,
1768 4762 1850 4814 μι-

273 4828 403 4898 κρόν
443 4844 503 4880 τε
558 4828 1011 4901 ἀναχωρήσαντος
1055 4832 1253 4895 αὐτῶν,
1304 4834 1397 4885 καὶ
1448 4837 1849 4905 προσπεσόντος

273 4919 348 4989 τῷ
378 4922 574 4992 Πατρὶ,
603 4922 850 4994 δεύτερόν
883 4941 941 4976 τε
976 4924 1273 4995 εὐξαμένου
1303 4928 1395 4980 καὶ
1419 4928 1618 4999 τρίτον,
1652 4931 1680 4982 ὁ
1720 4931 1849 4983 Ἰού-

274 5012 367 5076 δας
398 5016 494 5067 σὺν
523 5018 636 5079 τοῖς
662 5015 886 5085 ἄρχουσι
913 5015 1017 5069 τῶν
1058 5016 1319 5071 Ἰουδαίων
1341 5018 1407 5072 τά
1434 5020 1532 5090 τῆς
1557 5021 1847 5093 ἐπιϐουλῆς

275 5106 420 5175 αὐτῷ
454 5107 749 5177 κατήρτυε,
797 5108 1044 5175 συνάγων
1078 5108 1173 5161 καὶ
1222 5108 1494 5180 προξενῶν
1539 5114 1599 5163 τὸ
1647 5111 1847 5183 πλῆθος

276 5195 382 5250 τῶν
414 5199 550 5267 μετά
583 5197 865 5270 μαχαιρῶν
890 5199 980 5253 καὶ
1000 5199 1168 5265 ξύλων
1192 5200 1471 5255 συλλαϐεῖν
1498 5202 1658 5257 αὐτὸν
1688 5220 1850 5274 παρει

278 5290 679 5360 σκευασμένων.
726 5291 887 5345 Κακά
918 5291 973 5344 δὲ
1011 5295 1089 5356 είς
1135 5293 1297 5347 αὐτὸν
1343 5293 1525 5347 ἔθεντο
1562 5294 1681 5348 ἀντ)⁵
1714 5296 1848 5363 ἀγα·

277 5378 399 5443 θῶν,
442 5382 536 5433 καὶ
570 5384 723 5451 μῖσος
762 5383 880 5436 ἀντὶ
911 5384 1011 5454 τῆς
1044 5386 1374 5457 ἀγαπήσεως
1407 5386 1594 5451 αὐτοῦ,
1629 5388 1715 5441 ὅτε
1759 5406 1850 5442 πο-

274 5469 411 5540 νηρά
450 5470 767 5524 διετέθειντο
794 5473 884 5525 τὸν
923 5475 1149 5547 Σωτῆρα
1182 5477 1275 5529 καὶ
1303 5476 1595 5549 εὐεργέτην
1634 5478 1726 5531 καὶ
1758 5478 1839 5532 δι-

274 5558 557 5626 δάσκαλον,
597 5565 795 5635 μυρίας
826 5567 957 5629 ὅσας
991 5568 1162 5632 ίάσεις
1189 5570 1283 5623 καὶ
1322 5568 1635 5640 θεραπείας,
1667 5570 1840 5639 λόγων

345 5748 621 5819 natanti.
661 5766 822 5813 xxvi,
863 5751 948 5815 ιι,
992 5752 1075 5806 is.
1154 5752 1199 5783 σε
1239 5752 1371 5806 ibid.
1404 5752 1607 5819 ειπερ,
1688 5753 1733 5786 ιο
1776 5753 1905 5808 ibid.
1934 5751 2035 5806 es.

281 5814 339 5893 “_
364 5818 550 5875 Matth.
590 5836 752 5889 xxvr,
790 5822 879 5879 47.
958 5822 1001 5856 ⁸⁸
1040 5822 1170 5878 ibid.
1206 5823 1292 5894 55,
1317 5824 1403 5879 56.

1942 4740 2124 4787 autem
2163 4740 2333 4786 totum
2376 4731 2579 4787 factum
2628 4740 2734 4797 est,
2768 4741 2829 4787 ut
2860 4735 3193 4805 impleantur
3225 4734 3531 4806 Scriptum

1946 4828 2334 4897 praphetarum
2354 4827 2418 4882 “.
2451 4845 2468 4877 ι
2496 4825 2763 4883 Praeterea
2786 4844 2914 4883 vero
2932 4829 3079 4899 quod
3107 4830 3181 4883 ait
3200 4831 3252 4885 in
3270 4832 3485 4901 psalmo
3504 4848 3525 4886 τ

1950 4941 1969 4972 ι
2002 4921 2107 4976 Pro
2154 4938 2219 4977 eo
2257 4930 2315 4977 ut
2350 4938 2435 4977 me
2465 4922 2775 4993 diligerent,
2818 4924 3175 4980 detrahebant
3223 4926 3379 4987 mihi,
3420 4941 3529 4995 ego

1946 5022 2126 5067 autem
2170 5015 2435 5068 orabam:
2474 5034 2492 5066 ι
2531 5016 2710 5085 ipsum
2746 5032 2962 5086 quoque
2993 5025 3122 5070 tunc
3169 5032 3328 5071 suum
3361 5017 3520 5071 ﬁnem

1945 5105 2193 5175 contigit,
2227 5122 2351 5161 cum
2396 5105 2682 5164 Salvatore
2723 5118 2915 5163 nostro
2945 5110 2997 5161 in
3034 5109 3153 5163 loco
3192 5109 3286 5178 qui
3316 5108 3527 5163 dicitur

1946 5195 2296 5254 Getbsemani
2334 5214 2456 5253 cum
2490 5199 2743 5254 undecim
2776 5201 3042 5270 apostolis
3074 5209 3287 5259 orante.
3325 5201 3524 5270 paulu-

1945 5289 2169 5359 lumque
2206 5289 2276 5343 ab
2321 5288 2430 5344 illis
2478 5289 2729 5359 digresso
2775 5297 2834 5342 ut
2889 5289 3261 5360 procumbens
3301 5289 3525 5347 Patrem

1947 5388 2285 5451 precaretur,
2316 5380 2623 5449 iterumque
2661 5388 2715 5434 et
2746 5380 2905 5435 tertio
2955 5379 3318 5450 supplicante,
3348 5380 3525 5439 ludas

1948 5489 2071 5530 cum
2099 5472 2449 5544 principibus
2473 5470 2786 5526 Iudaeorum
2829 5472 3061 5527 insidias
3092 5470 3171 5526 illi
3200 5473 3524 5536 maturavit.

1948 5568 2075 5624 dum
2109 5569 2253 5637 cogit
2290 5566 2407 5637 ipse
2434 5574 2488 5621 et
2518 5566 2777 5621 conducit
2804 5566 2994 5635 copias
3020 5579 3141 5635 quae
3173 5579 3297 5620 cum
3319 5564 3521 5637 gladiis

2114 5750 2158 5783 «ο
2202 5748 2332 5806 ibid.
2368 5748 2457 5803 48.
2537 5750 2576 5779 σι
2622 5747 2754 5805 ibid.
2788 5747 2874 5802 49.
2987 5749 3032 5782 ιι
3070 5745 3203 5805 Luc.
3238 5763 3388 5815 xm.
3416 5744 3513 5805 48-
