3938 6516
418 365 524 434 ξω

1053 371 1318 428 ΕΠΞΕΕΙΙ
1359 365 1839 426 (ΞίΕΞΑΙΠΕΝΞῘΒ
1879 366 1986 420 0H

2090 363 2249 418 MRS
2279 364 2341 420 Il.
2384 396 2450 406 ν-
2495 361 2992 420 Αροιοοετιςει..

3565 363 3668 420 740

413 503 470 550 et
527 491 784 555 fustibus,
841 496 903 542 ut
957 487 1112 544 illum
1169 485 1720 558 comprehenderent,
1785 491 1986 553 paratae

2090 497 2148 534 τε
2179 479 2543 544 διδασκαλίας,
2587 479 2680 533 καὶ
2713 481 2971 544 παντοίας
3003 477 3270 548 ὠφελείας
3300 479 3486 544 αὐτοῖς
3531 497 3670 552 παρ-

412 591 589 644 erant.
633 581 790 636 Tunc
839 588 1020 636 autem
1067 580 1209 634 mala
1245 577 1510 634 adversus
1551 579 1730 648 ipsum
1781 591 1985 646 posue-

413 685 542 734 runt
567 691 665 746 pro
693 673 876 738 bonis,
908 680 962 728 et
987 673 1170 728 odium
1201 687 1301 743 pro
1323 670 1614 726 dilectione
1639 669 1835 740 ipsius.
1861 683 1984 722 cum

411 767 572 821 malis
605 763 906 820 aﬂ'ecerunt
937 765 1114 836 ipsum
1145 761 1480 816 Salvatorem
1511 767 1565 815 et
1595 759 1730 814 bene
1757 759 1826 814 de
1853 759 1986 828 ipsis

411 861 693 924 meritum,
727 867 784 914 et
823 859 1168 928 magistrum,
1211 857 1302 925 qui
1351 852 1778 908 innumerabiles
1822 867 1985 907 sana-

411 949 592 1005 tiones
631 957 685 1004 et
737 949 1002 1010 medelas,
1053 957 1478 1012 sermonumque
1528 941 1876 1004 documenta,
1935 948 1988 996 et

410 1043 592 1098 omnis
630 1041 848 1106 ueneris
893 1040 1154 1094 utilitates
1187 1038 1320 1108 ipsis
1342 1037 1668 1106 praestiterat
1695 1055 1707 1089 :
1737 1049 1876 1104 quas
1915 1035 1986 1088 ob

409 1147 502 1188 res
535 1148 660 1188 cum
691 1133 832 1185 mala
865 1147 962 1202 pro
983 1131 1143 1186 bonis
1176 1131 1440 1184 adversus
1469 1129 1645 1198 ipsum
1677 1128 1982 1197 posuerint,

409 1233 466 1278 et
506 1226 692 1279 odium
734 1238 833 1294 pro
880 1203 1174 1277 dilectione
1213 1221 1405 1290 ipsius,
1456 1221 1650 1274 merito
1685 1219 1932 1290 adjungit
1967 1238 1980 1274 :

416 1331 436 1364 ι
473 1312 756 1370 Constitue
789 1329 955 1384 super
976 1327 1098 1366 eum
1128 1318 1494 1382 peccatorem,
1525 1317 1578 1365 et
1603 1311 1856 1365 diabolus
1880 1319 1986 1364 stet

412 1421 442 1460 a
471 1407 682 1462 dextris
731 1407 869 1476 ejus.
917 1405 1052 1459 Dum
1085 1405 1396 1474 judicatur,
1453 1411 1612 1458 exeat
1651 1405 1986 1459 condemna-

411 1507 521 1563 tus,
563 1507 618 1554 et
661 1499 837 1552 oratio
895 1498 1014 1566 ejus
1058 1497 1152 1550 ﬁat
1203 1497 1256 1550 in
1310 1508 1617 1568 peccatum.
1664 1495 1824 1550 Fiant
1866 1498 1984 1550 dies

408 1591 530 1662 ejus
567 1595 744 1661 pauci,
793 1599 846 1644 et
893 1591 1266 1661 episcopatum
1318 1591 1438 1658 ejus
1479 1590 1712 1658 accipiat
1763 1590 1920 1643 alter.
1960 1609 1978 1640 ι

410 1683 540 1750 Quae
581 1684 797 1752 quidem
837 1683 952 1752 ipsa
997 1699 1156 1752 quem
1207 1683 1410 1737 exitum
1457 1685 1652 1738 sortita
1685 1683 1816 1744 sint,
1857 1698 1986 1736 san-

409 1785 533 1830 ctus
581 1775 862 1844 apostolus
909 1773 1103 1829 Petrus
1153 1775 1314 1844 paulo
1367 1784 1491 1828 ante
1533 1773 1816 1835 indicavit,
1855 1773 1984 1826 dum

2087 573 2422 644 εσχημένον·
2455 572 2570 626 ἀνθ’
2623 565 2720 636 ὧν,
2751 571 3047 643 ἐπειδήπερ
3092 571 3240 626 κακά
3285 573 3404 625 ἀντὶ
3445 573 3672 642 ἀγαθῶν

2085 662 2270 716 ἔθεντο
2313 663 2433 716 κατ’
2472 661 2661 724 αὑτοῦ,
2707 662 2800 716 καὶ
2842 651 2996 733 μῖσος
3041 663 3161 715 ἀντὶ
3208 663 3307 734 τῆς
3339 664 3674 732 ἀγαπήσεως

2087 755 2273 818 αὑτοῦ,
2320 757 2544 819 εἰκότως
2591 755 2862 824 ἐπιλέγει·
2915 775 2934 806 ι
2985 757 3342 826 Κατάστησον
3381 758 3468 808 ἐπ’
3509 757 3674 810 αὑτὸν

2086 849 2426 921 ἁμαρτωλὸν,
2454 850 2548 903 καὶ
2579 849 2824 911 διάϐολος
2860 850 3040 920 στήτω
3063 850 3128 902 ἐκ
3155 849 3343 915 δεξιῶν
3368 849 3554 902 αὑτοῦ.
3585 851 3672 904 Ἐν

2085 941 2164 1012 τῷ
2215 942 2496 1014 κρίνεσθαι
2539 941 2698 996 αὑτὸν
2733 941 2938 1010 ἐξέλθοι
2983 941 3534 1012 καταδεδικασμένος,
3579 943 3674 996 καὶ

2087 1037 2120 1107 ἡ
2169 1036 2444 1108 προσευχὴ
2494 1035 2658 1088 αὑτοῦ
2702 1035 2984 1107 γενηθήτω
3033 1036 3112 1098 εἰς
3155 1036 3451 1106 ἁμαρτίαν.
3501 1037 3540 1087 Γ
3543 1053 3658 1106 ενη-

2087 1127 2336 1198 θήτωσαν
2379 1130 2434 1180 αἱ
2485 1129 2686 1199 ἡμέραι
2733 1127 2898 1180 αὐτοῦ
2937 1127 3136 1196 ὀλίγαι,
3179 1128 3273 1180 καὶ
3303 1129 3402 1198 τὴν
3445 1131 3674 1181 ἐπισκο-

2088 1221 2194 1292 πὴν
2224 1220 2388 1276 αὐτοῦ
2427 1221 2637 1274 λαϐέτω
2667 1221 2885 1292 ἕτερος·
2925 1240 2943 1270 ι
2991 1219 3024 1273 ἃ
3069 1221 3164 1274 καὶ
3199 1219 3337 1273 αύτὰ
3369 1222 3562 1274 ὁποίαν
3589 1223 3672 1272 εἵ-

2085 1315 2223 1387 ληφε
2261 1317 2361 1387 τὴν
2408 1315 2702 1378 ἐκϐασι.ν,ὁ
2737 1316 2880 1386 ἱερδς
2922 1315 3218 1376 ἀπόστολος
3269 1314 3478 1384 Πέτρος
3534 1331 3674 1384 προ·

2085 1405 2264 1460 λαϐὼν
2310 1407 2658 1477 διεσάφησεν,
2701 1408 2788 1458 ἐπ’
2833 1407 2992 1460 αὑτὸν
3043 1407 3304 1476 προδότην
3349 1407 3674 1480 ἐφαρμόσας

2084 1497 2182 1567 τὴν
2232 1498 2475 1568 Γραφήν.
2513 1497 2620 1550 Καί
2669 1515 2748 1550 σοι
2787 1497 2842 1550 δέ
2881 1497 3028 1568 αὐτῷ
3061 1499 3291 1568 πάρεστι
3335 1501 3592 1570 συνορᾷν,
3623 1500 3672 1552 εί

2089 1591 2164 1661 μὴ
2195 1591 2524 1644 καθέσταται
2573 1593 2666 1644 ἐπὶ
2715 1590 2774 1642 τὸ
2826 1591 3095 1644 Ἰουδαίων
3143 1591 3295 1652 ἔθνος
3343 1592 3532 1661 ἄρχων
3577 1593 3672 1645 καὶ

2087 1685 2390 1756 ἡγούμενος
2418 1685 2762 1755 ἁμαρτωλὸς,
2785 1677 2828 1751 ᾧ
2856 1683 2992 1754 μετὰ
3017 1683 3084 1736 τά
3109 1683 3448 1754 τολμηθέντα
3485 1685 3674 1747 αὐτοῖς

2088 1777 2228 1832 κατὰ
2281 1776 2374 1829 τοῦ
2436 1777 2686 1847 Σωτῆρος
2731 1781 2762 1848 ὴ
2774 1777 2888 1847 μῶν
2937 1777 3334 1847 παρεδόθησαν,
3381 1777 3504 1829 ἀντὶ
3563 1776 3674 1830 τῶν

413 1842 751 1935 Scripturam
769 1863 910 1919 hanc
927 1865 992 1918 ad
1017 1842 1193 1936 ipsum
1221 1865 1551 1935 proditorem
1582 1865 1980 1920 accommodat.

2090 1869 2260 1922 πάλαι
2303 1869 2518 1922 οἰκείων
2577 1871 2670 1922 καὶ
2719 1869 2979 1938 θεοφιλῶν
3029 1871 3306 1942 ἀρχόντων
3351 1869 3674 1940 ἀλλοφύλοις

409 1956 476 2012 Et
504 1973 633 2011 sane
679 1957 778 2011 tibi
815 1957 914 2027 ipsi
969 1958 1184 2010 interim
1219 1957 1344 2012 licet
1389 1958 1608 2024 intueri,
1653 1975 1780 2012 num
1818 1975 1983 2028 super

407 2045 692 2102 Judaicam
730 2057 943 2118 gentem
989 2049 1322 2104 constitutus
1367 2049 1438 2103 sit
1485 2049 1838 2120 princepsae
1872 2051 1980 2102 dux

409 2149 698 2211 peccator,
772 2139 859 2194 cui
921 2139 1172 2194 videlicet
1229 2151 1352 2210 post
1435 2143 1640 2198 scelera
1717 2142 1983 2198 adversus

411 2231 744 2288 Salvatorem
799 2241 1045 2288 nostrum
1086 2235 1452 2290 audacissime
1511 2235 1826 2299 commissa,
1871 2245 1984 2290 tra-

409 2324 506 2378 diti
561 2331 727 2388 sunt,
781 2324 1000 2378 interim
1050 2339 1150 2394 pro
1203 2326 1448 2395 antiquis
1487 2334 1542 2380 et
1587 2327 1832 2396 ipsorum
1879 2325 1982 2380 do-

407 2416 652 2471 mesticis
724 2413 944 2484 Deoque
1015 2417 1208 2471 amicis
1283 2417 1662 2486 principibus,
1735 2418 1981 2473 externis

409 2508 572 2581 477
603 2517 656 2562 et
686 2509 978 2562 simutacra
1019 2507 1332 2562 colentibus
1375 2509 1581 2564 servire
1620 2510 1817 2564 coacti.
1864 2510 1982 2564 CIB-

410 2607 588 2655 tcrum
629 2599 754 2670 quis
797 2599 1014 2654 tandem
1063 2615 1172 2654 non
1221 2600 1576 2670 Obstupescat
1630 2601 1803 2670 ipsius
1852 2617 1984 2670 pra:-

406 2695 667 2750 dictionis
713 2694 1010 2748 eventum?
1061 2710 1184 2748 nam
1236 2709 1358 2749 cum
1408 2695 1694 2749 oraculum
1743 2695 1978 2760 dixerit,

413 2807 434 2840 ι
463 2785 621 2841 Fiant
643 2787 759 2842 dies
785 2787 904 2856 ejus
931 2787 1120 2857 pauci,
1155 2808 1172 2838 ι
1198 2795 1413 2841 constat
1439 2787 1598 2856 plane
1627 2803 1790 2857 quam
1817 2787 1981 2844 breve

409 2887 532 2950 post
560 2887 796 2935 structas
827 2880 1092 2934 adversus
1125 2878 1464 2934 Salvatorem
1492 2887 1739 2935 nostrum
1773 2881 1842 2934 ab
1875 2881 1982 2936 illis

409 2971 668 3036 insidias,
718 2985 880 3024 omne
931 2969 1096 3024 fuerit
1145 2977 1392 3038 tempus,
1445 2985 1554 3039 quo
1605 2985 1828 3024 manere
1877 2971 1980 3025 visi

409 3073 558 3120 sunt.
601 3062 732 3118 Post
775 3055 922 3133 quod
967 3071 1180 3132 tempus
1220 3063 1578 3118 novissimam
1617 3069 1979 3117 vastationem

408 3167 824 3224 extremumque
857 3155 1144 3209 interitum
1175 3155 1322 3224 passi
1368 3163 1534 3218 sunt,
1567 3169 1630 3208 ex
1665 3169 1774 3222 quo
1813 3154 1978 3208 etiam

408 3248 786 3318 episcopatum
837 3262 1028 3302 eorum
1076 3247 1286 3317 accepit
1332 3248 1489 3312 alter,
1540 3246 1795 3300 conditus
1843 3247 1984 3301 vide-

409 3344 540 3400 licet
571 3357 668 3411 per
695 3341 974 3398 Christum
1009 3357 1183 3396 novus
1221 3340 1476 3410 populus.
1505 3337 1679 3393 Porro
1707 3341 1870 3394 etiam
1907 3354 1986 3394 rc-

411 3435 557 3507 liqua
579 3435 740 3506 hujus
763 3437 958 3512 psalmi
982 3435 1164 3488 omnia
1193 3449 1288 3504 per
1315 3434 1510 3488 horum
1537 3433 1781 3504 ipsorum
1809 3447 1988 3488 ριοιιιι

410 3530 530 3600 plar
565 3530 830 3600 intelliges
864 3513 1031 3599 {quae
1081 3545 1210 3584 vero
1256 3541 1582 3598 sequuntur,
1615 3539 1668 3583 et
1713 3528 1869 3598 quasi
1919 3527 1988 3581 de

407 3622 738 3694 quibusdam
789 3619 943 3676 Iuda:
987 3622 1114 3675 (iliis
1157 3621 1265 3674 dici
1297 3619 1574 3684 videntur,
1609 3620 1719 3674 illis
1753 3618 1936 3673 verbis
1967 3635 1980 3670 :

341 3745 346 3764 ς
415 3733 437 3764 ι
467 3712 625 3768 Fiant
669 3713 764 3766 ﬁlii
811 3713 932 3782 ejus
979 3713 1216 3781 orphani
1246 3711 1312 3773 “,
1345 3728 1364 3760 ι
1391 3719 1445 3764 et
1475 3723 1836 3780 quaecumque
1881 3709 1988 3760 alia

411 3805 500 3862 bis
535 3805 734 3862 similia
768 3813 928 3868 sunt,
966 3804 1277 3858 referentur
1313 3801 1491 3872 primo
1523 3801 1743 3872 quidem
1776 3801 1896 3854 loco
1931 3800 1986 3853 in

411 3899 592 3971 ipsum
622 3895 819 3951 Judam
844 3939 859 3962 ,
894 3905 1016 3966 post
1049 3897 1200 3950 illum
1233 3910 1362 3950 vero
1391 3895 1558 3950 etiam
1592 3895 1648 3948 in
1677 3909 1870 3948 omnes
1911 3893 1990 3946 illi

413 3991 626 4048 similes
672 3991 914 4044 salutare
963 3989 1189 4044 verbum
1241 3989 1562 4058 prodeuntes.
1607 3985 1812 4041 Eadem
1853 4001 1986 4039 vero

412 4086 631 4140 ratione
669 4085 944 4154 intelliges
988 4097 1214 4137 uxorem
1247 4097 1466 4153 quoque
1496 4081 1617 4152 ejus
1639 4119 1653 4144 ,
1684 4087 1738 4134 et
1768 4089 1991 4148 peccata

413 4177 622 4252 patris,
653 4185 706 4231 et
751 4176 867 4245 ejus
898 4191 1020 4246 qua:
1067 4175 1238 4246 ipsius
1279 4184 1456 4230 mater
1486 4173 1709 4236 dicitur,
1752 4169 1992 4224 Iudaica:

413 4270 596 4342 gentis
629 4267 884 4322 videlicet
913 4267 1378 4338 congregationis.
1425 4265 1500 4321 De
1539 4265 1642 4318 hac
1669 4263 1814 4316 enim
1852 4261 1993 4314 arbi-

415 4371 534 4417 tror
562 4363 672 4417 dici
708 4361 840 4414 illud
867 4379 881 4415 :
921 4379 938 4412 ι
971 4359 1038 4412 Et
1071 4367 1356 4430 peccatum
1389 4359 1583 4412 matris
1613 4357 1734 4426 ejus
1767 4369 1874 4409 non
1903 4355 1994 4408 de-

415 4455 594 4510 lentur
621 4453 686 4508 ⁸⁸.
721 4471 742 4504 ι
769 4451 1160 4507 Verumtamen
1207 4453 1350 4507 sicut
1395 4451 1450 4503 in
1493 4463 1557 4504 ea
1587 4463 1708 4518 quae
1744 4445 1992 4517 proxime

2091 1965 2184 2018 καὶ
2221 1959 2630 2034 εἰδωλολάτραις
2673 1963 2942 2016 δουλεύειν
2993 1963 3528 2034 κατηναγκασμένοι.
3579 1961 3674 2026 Τίς

2088 2057 2133 2109 δ’
2156 2058 2256 2109 οὐκ
2279 2056 2344 2109 ἂν
2361 2055 2659 2126 θαυμάσειε
2682 2057 3037 2126 προρρήσεως
3063 2055 3124 2107 τὺ
3153 2054 3502 2124 ἀποτέλεσμα
3526 2069 3541 2116 ;
3573 2055 3674 2124 φή-

2092 2165 2283 2211 σαντος
2323 2147 2432 2218 γὰρ
2467 2147 2559 2200 τοῦ
2603 2147 2760 2216 λόγου
2785 2167 2798 2178 ·
2852 2166 2868 2196 ι
2911 2146 3308 2216 Τενηθήτωσαν
3355 2148 3412 2200 αἱ
3467 2147 3674 2218 ἡμέραι

2089 2240 2252 2294 αὑτοῦ
2287 2241 2494 2308 ὀλίγαι,
2531 2261 2548 2292 ι
2589 2241 2756 2308 σαφὲς
2792 2241 2938 2303 ὅπως
2978 2239 3231 2310 βραχὺςὸ
3267 2241 3376 2304 πᾶς
3404 2240 3674 2308 διεγένετο

2093 2333 2230 2405 μετὰ
2249 2331 2344 2404 τὴν
2369 2333 2462 2385 τοῦ
2483 2333 2632 2403 Σωτῆ
2643 2349 2731 2403 ρος
2757 2334 2788 2403 ἡ
2798 2333 2914 2403 μῶν
2937 2331 3228 2402 ἐπιϐουλὴν
3253 2332 3434 2385 αὐτῶν
3457 2333 3668 2403 χρόνος,

2089 2425 2210 2478 καθ’
2243 2425 2300 2478 ὃν
2336 2424 2519 2490 ἔδοξαν
2563 2424 2834 2496 διαμένειν
2859 2441 2874 2456 ο
2909 2423 3025 2495 μεθ’
3055 2423 3116 2477 ὃν
3145 2423 3242 2496 τὴν
3285 2425 3526 2494 ὑστάτην
3575 2425 3672 2476 ὑπ-

2088 2519 2308 2589 έμειναν
2357 2517 2672 2588 πολιορκίαν
2709 2518 2802 2571 καὶ
2823 2517 2921 2588 τὴν
2953 2517 3190 2587 παντελῆ
3219 2517 3559 2588 καθαίρεσιν,
3587 2516 3671 2586 ἐφ’

2089 2603 2122 2680 ᾖ
2177 2611 2270 2664 καὶ
2319 2609 2418 2682 τὴν
2465 2610 2766 2681 ἐπισκοπὴν
2805 2609 2987 2682 αὐτῶν
3029 2609 3217 2664 ἐλαϐεν
3267 2611 3470 2680 ἕτερος,
3503 2611 3534 2662 ὁ
3583 2607 3670 2662 διὰ

2088 2701 2324 2772 Χριστοῦ
2357 2677 2917 2774 συγκροτηθείςβΚαὶ
2954 2702 3023 2754 τὰ
3051 2701 3209 2756 λοιπὰ
3239 2703 3294 2756 δέ
3329 2701 3424 2755 τοὶ
3454 2701 3668 2774 ψαλμοῦ

2089 2793 2270 2856 αὐτοῖς
2307 2793 2516 2857 τούτοις
2556 2794 2904 2864 καταλλήλως
2945 2795 3160 2865 νοήσεις
3179 2811 3192 2824 ·
3227 2795 3296 2846 τὰ
3323 2795 3378 2848 δέ
3410 2793 3538 2862 ἑξῆς
3557 2837 3572 2860 ,
3595 2795 3670 2858 ὡς

2089 2886 2215 2956 περί
2243 2901 2402 2938 τινων
2436 2885 2564 2938 υἱῶν
2593 2884 2688 2938 τοῦ
2731 2884 2894 2938 ’ἰούδα
2922 2884 3207 2954 λεγόμενα,
3239 2885 3295 2938 ἐν
3323 2883 3428 2954 τῷ,
3457 2903 3474 2934 ι
3499 2885 3539 2936 Γ
3543 2901 3668 2955 ενη-

2091 2975 2343 3046 θήτωσαν
2376 2977 2424 3028 οἱ
2465 2978 2572 3028 υἱοὶ
2603 2977 2768 3028 αὑτοῦ
2811 2976 3067 3047 ὀρφανοὶ,
3109 2995 3128 3028 ι
3166 2977 3259 3028 καὶ
3287 2975 3354 3028 τὰ
3382 2976 3668 3046 παραπλή-

2091 3081 2214 3130 σια,
2255 3065 2496 3132 ἁνάγοιτ*
2527 3067 2594 3117 ἃν
2642 3067 2733 3118 καὶ
2774 3065 2860 3118 ἐπ’
2899 3065 3060 3118 αὑτὸν
3115 3065 3210 3136 μὲν
3246 3067 3668 3137 προηγουμένως

2088 3155 2178 3210 τὸν
2229 3155 2448 3222 Ἰούδαν,
2511 3158 2626 3227 μετ’
2671 3159 2876 3210 ἐκεῖνον
2929 3157 2986 3210 δέ
3031 3159 3124 3211 καὶ
3163 3157 3255 3210 ἐπὶ
3301 3161 3508 3220 πάντας
3545 3159 3668 3220 τοὺς

2085 3251 2304 3322 ὁμοίους
2373 3250 2521 3322 αύτῷ
2587 3249 2678 3302 τὸν
2755 3251 3020 3322 σωτήριον
3081 3250 3237 3318 λόγον
3301 3249 3665 3322 προδιδόντας.

2085 3343 2451 3415 Καταλλήλως
2488 3343 2544 3396 δέ
2593 3343 2808 3413 νοήσεις
2845 3343 2938 3396 καὶ
2965 3343 3064 3414 τὴν
3095 3345 3330 3412 γυναῖκα
3359 3341 3546 3404 αὐτοῦ,
3577 3343 3672 3395 καὶ

2085 3435 2182 3500 τὰς
2205 3437 2474 3507 ἁμαρτίας
2501 3436 2608 3488 τῶν
2639 3435 2888 3505 πατέρων
2909 3433 3094 3498 αὑτοῦ,
3125 3437 3219 3489 καὶ
3373 3435 3668 3506 λεγομένης

2089 3528 2290 3599 μητρὸς
2320 3527 2484 3581 αὐτοῦ
2511 3571 2525 3594 ,
2557 3527 2657 3598 τῆς
2683 3528 2776 3580 τοῦ
2821 3527 3083 3581 Ἰουδαίων
3112 3528 3294 3592 ἔθνους
3325 3528 3664 3598 συναγωγῆς.

2087 3621 2222 3692 Περὶ
2250 3619 2420 3690 αὐτῆς
2449 3619 2558 3692 γάρ
2587 3619 2827 3691 ἡγοῦμαι
2855 3620 3108 3690 λέγεσθαι
3135 3621 3216 3684 τὸ,
3243 3641 3262 3672 ι
3291 3621 3402 3674 Καὶ
3429 3624 3462 3692 ὴ
3487 3623 3668 3692 ἀμαρο
3695 3607 3698 3610 ί

2087 3713 2177 3765 τία
2208 3711 2306 3781 τῆς
2330 3711 2534 3782 μητρὸς
2560 3711 2725 3765 αὐτοῦ
2760 3713 2832 3783 μὴ
2863 3713 3220 3784 ἐξαλειφθείη.
3255 3733 3271 3764 ι
3307 3714 3452 3786 Πλὴν
3481 3713 3670 3784 ὥσπερ

2087 3805 2145 3857 ἐν
2173 3805 2238 3874 τῇ
2275 3803 2380 3875 πρὸ
2407 3803 2610 3874 ταύτης
2642 3805 2948 3876 προφητείᾳ
2976 3805 3192 3874 πτωχὸς
3221 3805 3316 3858 καὶ
3343 3807 3514 3876 πένης
3533 3807 3667 3858 ὠνο-

2093 3891 2292 3966 μάζετο
2338 3897 2366 3947 ὁ
2412 3894 2603 3965 Σωτὴρ
2651 3896 2743 3947 καὶ
2785 3894 2986 3966 Κύριος
3032 3895 3218 3966 ἡμῶν,
3267 3895 3520 3967 καθάπερ
3567 3896 3672 3948 ἁπ-

2091 3983 2370 4055 εδείξαμεν
2400 3985 2458 4036 ἐν
2487 3983 2598 4055 τῷ,
2637 4003 2654 4036 ι
2691 3985 2976 4056 Μακάριος
3009 3988 3037 4038 ὁ
3085 3983 3281 4039 συνιὼν
3325 3987 3416 4038 ἐπί
3457 3986 3670 4057 πτωχὸν

2091 4075 2185 4128 καὶ
2225 4075 2451 4146 πένητα·
2493 4094 2510 4126 ι
2543 4074 2634 4126 τὸν
2665 4075 2826 4127 αὐτὸν
2864 4074 3066 4144 τρόπον
3095 4077 3188 4129 καί
3231 4077 3290 4128 ἐν
3325 4074 3404 4146 τῷ
3439 4077 3670 4148 παρόντι

2091 4166 2288 4237 ψαλμῷ
2331 4167 2540 4229 τούτοις
2579 4166 2934 4237 ἐπικέκληται
2981 4172 3090 4231 τοῖς
3121 4169 3370 4239 ὀνόματι.
3393 4169 3528 4222 Τάδε
3565 4169 3672 4240 γὰρ

2093 4261 2184 4314 καὶ
2219 4259 2341 4312 τάδε
2361 4255 2646 4332 γενηθήτω
2661 4261 2738 4331 τῷ
2769 4261 2958 4322 Ἰούδα,
2976 4263 3070 4314 καὶ
3097 4267 3206 4324 τοῖς
3233 4263 3302 4315 τὰ
3325 4263 3486 4333 ὃμοια
3523 4265 3672 4332 αὐτῳ

2093 4355 2386 4429 ἐζηλωκόσι
2429 4356 2517 4410 διὰ
2553 4355 2620 4409 τά
2648 4357 3024 4427 τετολμημένα
3047 4355 3195 4426 αὐτῷ
3219 4399 3230 4420 ,
3263 4357 3414 4427 φησί.
3445 4359 3580 4412 Τίνα
3617 4359 3672 4412 δέ

2093 4449 2288 4516 ταῦτα,
2319 4450 2566 4520 ἐπιφέρει
2595 4449 2782 4518 λέγων’
2823 4469 2842 4499 ι
2893 4451 3032 4502 ἈνεΓ
3059 4443 3132 4500 ὧν
3161 4451 3260 4502 ούκ
3301 4450 3549 4520 ἐμνήσθη
3577 4449 3670 4504 τοῦ

418 4545 716 4602 antecessit
761 4545 1082 4614 prophetia,
1136 4557 1342 4613 egenus
1391 4551 1446 4594 et
1489 4553 1698 4610 pauper
1747 4537 1986 4590 nomina-

2099 4542 2322 4612 ποιῆσαι
2353 4541 2496 4605 ἕλεος
2515 4583 2529 4608 ,
2559 4543 2652 4596 καὶ⁹
2678 4541 2998 4606 κατεδίωξεν
3027 4542 3310 4615 ἄνθρωπον
3343 4543 3552 4616 πένητα
3581 4547 3672 4600 καὶ

417 4635 580 4692 batur
629 4633 884 4689 Salvator
928 4649 991 4688 ac
1035 4632 1300 4688 Dominus
1333 4639 1538 4693 noster,
1571 4629 1735 4684 veluti
1774 4627 1994 4682 demon-

417 4728 717 4786 stravimus
742 4727 796 4780 in
822 4727 916 4780 illo
949 4745 962 4780 :
991 4743 1010 4777 ι
1039 4725 1236 4780 Beatus
1265 4724 1358 4794 qui
1397 4721 1648 4791 intelligit
1680 4735 1848 4790 super
1875 4735 1992 4790 ege-

412 4837 550 4882 num
577 4795 632 4877 ei
661 4835 958 4892 pauperem
975 4819 1016 4850 ⁸⁷
1041 4835 1052 4870 :
1083 4839 1100 4868 ο
1121 4819 1195 4870 ita
1219 4817 1384 4871 etiam
1414 4816 1467 4869 in
1497 4816 1752 4886 praesenti
1785 4813 1994 4884 psalmo

417 4915 612 4972 iisdem
643 4921 873 4969 vocatur
903 4910 1236 4964 nominibus.
1285 4907 1444 4962 Fiant
1485 4907 1630 4962 enim
1673 4907 1764 4960 illa
1805 4913 1859 4961 et
1901 4907 1992 4960 illa

417 5007 525 5078 ipsi
551 5005 738 5068 ludar,
763 5005 938 5072 iisque
963 5001 1058 5070 qui
1088 4999 1168 5054 illi
1198 4998 1398 5054 similia
1422 4995 1664 5052 aemulati
1694 4997 1805 5054 sint
1825 5037 1838 5062 ,
1871 5011 1992 5066 pro-

419 5111 540 5174 pter
570 5099 660 5153 iila
693 5111 816 5169 quae
846 5107 933 5150 est
965 5109 1165 5157 ausus,
1203 5091 1402 5162 inquit.
1435 5091 1694 5158 Quaenam
1729 5105 1857 5145 vero
1889 5091 1992 5144 ista

420 5195 564 5257 sint,
597 5189 846 5262 adjungit
866 5227 881 5252 ,
918 5187 1112 5242 dicens
1141 5206 1154 5240 :
1195 5203 1213 5236 ι
1247 5181 1354 5240 Pro
1383 5201 1449 5240 eo
1479 5183 1626 5256 quod
1655 5199 1766 5239 non
1797 5193 1882 5240 est
1915 5199 1996 5240 re-

419 5285 686 5342 cordatus
727 5283 910 5338 l‘acere
957 5279 1396 5336 miscricordiam
1421 5319 1436 5344 ,
1471 5289 1525 5333 et
1561 5285 1884 5349 persecutus
1914 5285 2000 5334 est

419 5377 698 5434 hominem
757 5389 1052 5448 pauperem
1106 5383 1162 5428 ct
1201 5387 1465 5445 egenum,
1515 5379 1569 5427 et
1607 5379 1996 5442 compunctum

421 5469 618 5534 corde,
645 5477 704 5523 ut
723 5477 898 5524 morte
927 5467 1180 5522 alliceret.
1212 5465 1280 5520 Et
1311 5465 1501 5521 dilexit
1529 5465 1994 5528 exsecrationem,

421 5567 478 5614 et
511 5559 692 5613 veniet
732 5560 804 5614 ei.
855 5559 922 5613 Et
965 5559 1142 5614 noluit
1192 5557 1663 5624 benedictionem,
1697 5565 1754 5611 et
1801 5554 1991 5625 procul

423 5651 766 5708 amovebitur
809 5653 878 5707 ab
916 5667 981 5707 eo
1016 5653 1082 5706 “.
1113 5671 1132 5703 ι
1157 5649 1290 5708 Post
1338 5665 1462 5722 qua:
1513 5649 1678 5705 verba
1732 5649 1992 5720 deinceps

415 5863 420 5868 -
493 5827 1008 5908 .".Psai.cvm,9.
1089 5833 1134 5866 ιο
1173 5831 1308 5889 ibid.
1345 5833 1432 5888 it.
1513 5827 1962 5910 "_Psai.x1.,2.

2093 4635 2308 4705 πτωχὸν
2358 4637 2450 4688 καὶ
2487 4636 2953 4705 κατανενυγμένον
2981 4639 3047 4708 τῇ
3081 4636 3274 4710 καρδία
3303 4637 3397 4690 τοῦ
3429 4638 3674 4694 θανατῶ-

2096 4745 2206 4782 σαι.
2253 4730 2362 4782 Καὶ
2390 4729 2643 4800 ἠγάπησε
2675 4729 2915 4802 κατάραν
2935 4773 2948 4796 ,
2969 4731 3062 4782 καὶ
3091 4731 3208 4801 ἥξει
3241 4731 3422 4800 αύτῷ·
3455 4735 3551 4786 καὶ
3575 4733 3674 4788 οὐκ

2095 4821 2356 4891 ἠθέλησεν
2386 4821 2663 4890 εὐλογίαν,
2702 4823 2795 4875 καὶ
2827 4822 3264 4894 μακρυνθὴσεται
3309 4825 3403 4878 ἀπ’
3433 4825 3622 4880 αὑτοῦ.
3647 4845 3668 4878 ι

2096 4907 2193 4976 Οἷς
2221 4911 2347 4978 ἑξῆς
2375 4911 2710 4974 ἐπικαταϐὰς
2728 4955 2742 4978 ,
2765 4908 2919 4975 αὖθις
2948 4913 3154 4984 πένητα
3183 4915 3276 4968 καὶ
3308 4917 3522 4986 πτωχὸν
3550 4921 3672 4970 ἐαυ-

2095 5004 2186 5058 τὸν
2218 5005 2470 5076 ὀνομάζει
2499 5005 2696 5073 λέγων’
2735 5025 2752 5056 ι
2797 5005 2906 5058 Καὶ
2928 5006 3022 5070 σὺ,
3053 5005 3246 5078 Κύριε,
3271 5007 3469 5080 Κύριε,
3515 5010 3670 5078 ποίη-

2101 5113 2192 5150 σον
2243 5099 2360 5167 μετ’
2391 5093 2523 5166 ἐμοῦ
2573 5095 2718 5158 ἕλεος
2759 5095 2944 5149 ἕνεκεν
2979 5095 3072 5150 τοῦ
3123 5097 3382 5168 ὀνόματός
3425 5116 3554 5162 σου,
3593 5103 3672 5152 ὅτι

2100 5187 2335 5258 χρηστὸν
2379 5187 2442 5239 τὸ
2475 5186 2621 5250 ἔλεός
2667 5203 2780 5239 σου.
2828 5185 3016 5240 Ῥῦσαί
3065 5205 3154 5259 με,
3203 5189 3284 5241 ὃτι
3325 5190 3538 5260 πτωχὸς
3585 5191 3670 5244 καὶ

2097 5279 2266 5349 πένης
2293 5279 2408 5349 εἰμὶ
2437 5277 2566 5346 ἐγώ.
2609 5299 2627 5328 ι
2661 5273 2754 5340 Οἷς
2785 5277 2900 5348 μεθ’
2931 5277 3094 5350 ἕτερα
3117 5279 3388 5348 ἐπιλέγεγ
3428 5299 3446 5332 ι
3483 5281 3562 5334 Τὰ
3585 5281 3670 5349 γύ-

2095 5373 2233 5424 νατά
2277 5387 2380 5441 μου
2421 5368 2724 5441 ἡσθένησαν
2763 5371 2872 5424 ἀπὸ
2897 5371 3152 5440 νηστείας
3172 5413 3186 5436 ,
3221 5373 3315 5426 καὶ
3343 5373 3374 5442 ἡ
3407 5373 3543 5445 σάρξ
3573 5389 3669 5444 μου

2097 5461 2363 5534 ἠλλοιώθη
2409 5461 2478 5514 δι’
2513 5461 2690 5514 ἔλαιον
2727 5479 2740 5490 ·
2772 5463 2864 5516 καὶ
2901 5461 3010 5532 ἐγὼ
3055 5463 3315 5535 ἐγενήθην
3347 5463 3546 5528 ὄνειδος
3574 5465 3664 5518 αύ-

2097 5555 2228 5616 τοίς.
2264 5551 2492 5606 Εἴδοσάν
2539 5569 2605 5622 με
2627 5593 2640 5616 ,
2671 5553 2765 5606 καὶ
2805 5551 3104 5605 ἐσάλευσαν
3145 5553 3386 5622 κεφαλάς
3413 5554 3605 5608 αὐτῶν.
3639 5569 3660 5604 ι

2105 5649 2172 5702 *Α
2203 5648 2296 5700 καὶ
2327 5645 2468 5699 αὐτὰ
2495 5645 2682 5709 τέλους
2713 5645 3004 5716 ἐτύγχανεν
3033 5645 3122 5698 ὅτε
3159 5667 3176 5698 ο
3215 5647 3262 5699 οξ
3293 5643 3662 5721 παραπορευό-

2040 5829 2085 5863 ⁶³
2120 5829 2266 5886 Psai.
2301 5844 2464 5894 cvm,
2505 5827 2680 5882 16-18.
