3938 6536
171 344 248 400 ’161
1086 338 1740 396 DEMONSTRATIONIS
1778 335 2241 393 EVANGELICA'.
2284 334 2409 390 LIB.
2458 335 2525 389 Χ.

3274 341 3378 394 742

165 478 291 535 μενοι
329 458 707 531 ἐϐλασφήμουν
752 459 913 513 αὑτὸν
940 500 954 524 ,
1007 459 1282 525 κινοῦντες
1329 459 1428 523 τὰς
1470 459 1702 527 κεφαλὰς

1812 457 2057 512 oratione
2103 470 2461 526 progressus,
2508 469 2700 509 rursus
2734 469 3025 525 pauperem
3066 462 3228 526 atque
3257 471 3375 527 ego»

160 552 332 617 αὐτῶν,
357 552 449 605 καὶ¹
476 552 724 620 λέγοντες
742 569 754 581 ·
770 572 789 604 ι
811 550 1038 615 ’Ἄλλους
1070 552 1289 616 ἔσωσεν,
1316 551 1505 605 ἑαυτὸν
1526 552 1586 604 οὐ
1613 551 1705 604 δύ-

159 662 291 699 ναται
324 643 514 696 σῶσαι.
550 662 568 693 ι
617 643 768 695 Ἐπεὶ
790 642 845 695 δὲ
889 642 1051 695 είσέτι
1082 642 1177 695 νῦν
1205 644 1252 695 oi
1287 644 1352 696 ὲκ
1384 643 1702 714 περιτομῆς,

155 738 235 809 τὴν
255 736 356 789 τῶν
382 737 631 808 πατέρων
658 736 837 788 αὐτῶν
861 737 939 798 είς
970 736 1195 798 ἑαυτοὺς
1225 735 1362 807 ἀρὰν
1385 734 1702 806 ἐπισπώμε-

154 846 245 893 νοι,
282 828 617 899 βλασφήμοις
657 828 751 881 καὶ
781 828 1000 880 ἀσεϐέσι
1038 827 1243 899 ῥήμασι
1288 827 1705 898 ἀναθεματίζειν

152 922 229 974 τὸν
248 920 468 991 Σωτῆρα
494 920 589 971 καὶ
618 918 819 990 Κύριον
850 917 1023 989 ἡμῶν,
1050 920 1144 971 καὶ
1166 919 1293 983 τοὺς
1319 919 1398 982 εἰς
1426 920 1584 973 αὐτὸν
1605 937 1703 972 πε-

154 1013 487 1075 ⁴ιιιεττευκότας
532 1012 776 1074 ἃπαντας
824 1009 1042 1064 εἰώθασι
1066 1051 1081 1076 ,
1127 1010 1316 1065 τούτου
1373 1012 1531 1084 χάριν
1580 1012 1704 1082 ἑξῆς

156 1104 397 1173 ἐπιλέγει·
442 1123 459 1154 ι
498 1102 911 1173 Καταράσονται
934 1103 1120 1167 αὐτοὶ,
1147 1102 1241 1155 καλ⁹
1269 1104 1332 1156 σὺ
1369 1102 1699 1175 εὐλογήσεις.

156 1199 205 1251 Οἱ
229 1195 634 1266 ἐπανιστάμενοι
659 1213 747 1266 μοι
776 1195 1235 1266 αἰσχυνθήτωσανο
1262 1197 1291 1248 ὁ
1318 1195 1377 1249 δὲ
1403 1195 1584 1260 δοῦλός
1608 1214 1700 1250 σου

157 1288 572 1360 εὐφρανθήσεται.
625 1288 1064 1342 Ἐνδυσάσθωσαν
1090 1290 1139 1340 οἱ
1170 1288 1603 1353 ὲνδιαϐάλλοντές
1635 1307 1700 1359 με

155 1381 387 1453 ἑντῳπὴν
408 1421 422 1445 ,
448 1382 544 1433 καὶ
567 1380 1040 1452 περιϐαλέσθωσαν
1074 1379 1151 1444 ὡς
1177 1380 1420 1434 διπλοΐδα
1441 1382 1701 1454 αἰσχύνην

156 1471 323 1526 αὐτῶν.
371 1470 511 1540 Ἐγὼ
536 1471 593 1524 δὲ
618 1470 1077 1541 ὲξομολογήσομαι
1106 1468 1182 1539 τῷ
1206 1469 1394 1540 Κυρίῳ
1421 1470 1621 1541 σφόδρα
1644 1472 1699 1522 ἐν

153 1565 218 1635 τῷ
238 1563 451 1634 στόματί
489 1580 613 1634 μου,
643 1563 737 1617 καὶ
758 1562 815 1615 ὲν
848 1562 996 1632 μέσῳ
1035 1560 1243 1614 πολλῶν
1274 1561 1471 1615 αίνέσω
1495 1563 1654 1616 αὐτόν
1683 1582 1694 1593 ·

156 1658 220 1709 ὅτι
252 1655 489 1727 παρέστη
539 1656 603 1707 ὲκ
648 1653 836 1719 δεξιῶν
876 1653 1123 1723 πένητος,
1153 1652 1245 1706 τοῦ
1287 1653 1454 1705 σῶσαι
1486 1654 1550 1707 ἐκ
1593 1655 1698 1706 τῶν

156 1749 565 1803 καταδιωκόντων
605 1745 703 1817 τὴν
743 1746 922 1818 ψυχήν
968 1742 1090 1817 μου.
1131 1765 1149 1798 ι
1184 1745 1293 1798 Καὶ
1341 1746 1600 1817 πρόδηλόν
1637 1764 1697 1815 γε

156 1842 340 1905 ὁπόσοις
359 1840 529 1894 εἰσέτι
565 1840 660 1892 καὶ
680 1839 774 1893 νῦν
797 1840 847 1891 οἱ
871 1837 972 1901 τὰς
1003 1840 1122 1891 κατθ
1152 1836 1313 1890 αὑτοῦ
1338 1837 1476 1909 ἀρὰς
1503 1840 1559 1890 έν
1588 1843 1706 1901 ταῖς

156 1934 335 1987 ἑαυτῶν
391 1935 731 2001 συναγωγαῖς
780 1930 1093 2002 ποιούμενοι
1142 1929 1427 1984 παλαίουσι
1480 1935 1666 1991 κακοῖς
1688 1972 1700 1992 ,

155 2025 243 2101 ἀπὸ
265 2024 366 2077 τῶν
394 2023 572 2078 αὐτῶν
605 2024 812 2096 χρόνων
850 2024 971 2094 μηδ’
999 2023 1135 2086 ὅλως
1161 2023 1455 2076 ἀνανεῦσαι
1486 2022 1702 2092 δεδυνη-

157 2115 299 2186 μένοι,
324 2116 469 2177 ὅπως
494 2132 553 2167 τε
570 2114 733 2176 αὐτὸς
763 2109 909 2167 αἶνον
930 2111 1009 2182 τῷ
1036 2112 1211 2182 Πατρὶ
1240 2113 1297 2165 ἐν
1326 2112 1475 2183 μέσῳ
1496 2112 1703 2165 πολλῶν

154 2204 296 2258 ἐθνῶν
326 2204 415 2258 τὸν
454 2203 544 2258 διὰ
582 2204 681 2274 τῆς
726 2203 921 2272 καινῆς
970 2201 1245 2272 Διαθήκης
1284 2201 1449 2257 αὑτοῦ
1500 2219 1703 2271 καταρ-

151 2295 344 2361 τίζεται,
378 2297 636 2365 συνεργὸν
664 2295 756 2348 τὸν
788 2293 1026 2363 Πατέρα,
1059 2293 1153 2345 καὶ
1183 2292 1281 2360 τῆς
1313 2291 1506 2346 ἑαυτοῦ
1528 2292 1703 2357 δεξιᾶς

152 2389 389 2460 πάρεδρον
423 2388 758 2457 κεκτημένος
775 2400 790 2416 ⁸
824 2385 903 2439 διό
927 2400 1088 2455 φησιν
1109 2400 1121 2412 ·
1149 2401 1166 2432 ι
1204 2383 1290 2436 Ἐν
1317 2382 1466 2453 μέσῳ
1494 2381 1701 2435 πολλῶν

151 2484 323 2534 αἰνέσω
349 2478 509 2533 αὑτὸν
527 2519 541 2543 ,
578 2480 661 2531 ὅτι
694 2465 944 2549 παρέστη
970 2478 1033 2528 ὲκ
1055 2474 1244 2539 δεξιῶν
1272 2475 1517 2545 πένητος.
1546 2493 1563 2524 ι
1593 2473 1701 2526 Καὶ

150 2572 231 2641 τὴν
262 2571 391 2642 μετὰ
429 2571 521 2624 τὸν
566 2570 793 2623 θάνατον
826 2568 988 2621 αὑτοῦ
1025 2567 1293 2639 σωτηρίαν
1323 2565 1582 2628 διδάσκει,
1619 2567 1703 2619 λέ-

150 2680 243 2729 γων
263 2679 275 2692 '
314 2681 331 2713 ι
361 2660 466 2715 Τοῦ
505 2660 674 2714 σῶσαι
707 2662 771 2713 ὲκ
802 2659 910 2712 τῶν
944 2658 1383 2713 καταδιωκόντων
1410 2662 1505 2731 τὴν
1527 2660 1701 2730 ψυχήν

152 2771 263 2822 μου.
301 2773 317 2806 ι
367 2752 650 2825 Ἀνωτέρω
690 2752 820 2821 γοῦν
851 2752 1027 2823 φήσας
1057 2751 1148 2802 τόο
1182 2770 1199 2801 ι
1242 2750 1576 2813 Κατεδίωξεν
1605 2750 1700 2803 ἄν·

150 2843 340 2913 θρωπω
377 2844 585 2915 πένητα
611 2844 703 2896 καὶ
737 2845 948 2913 πτωχὸν
969 2883 982 2905 ,
1019 2844 1112 2897 καὶ
1142 2841 1602 2911 κατανενυγμὲνον
1633 2844 1697 2911 τῇ

148 2935 322 3007 καρδία
344 2936 438 2989 τοῦ
473 2934 820 2997 θανατῶσαι,
860 2954 879 2985 ι
908 2936 1003 2988 καὶ
1029 2933 1214 3003 σαφῶς
1235 2932 1478 3002 δηλώσας
1509 2932 1700 2985 ἑαυτοῦ

146 3030 227 3083 τὸν
244 3030 459 3085 θάνατον
482 3030 839 3102 περιγράφων
859 3031 957 3100 τὴν
982 3028 1312 3100 προφητείαν
1334 3026 1430 3097 τὴν
1454 3025 1588 3096 μετά
1610 3026 1702 3079 τὸν

148 3123 350 3177 θάνατον
377 3123 540 3177 αὑτοῦ
570 3122 838 3194 σωτηρίαν
868 3120 1083 3193 ᾐνίξατο
1113 3120 1300 3173 εἰπών·
1329 3139 1346 3169 ι
1375 3119 1493 3171 Ὅτι
1535 3119 1703 3189 παρέ-

1811 565 1945 604 num
1981 549 2223 619 seipsum
2252 548 2532 611 nominat,
2564 547 2753 605 dicens
2782 567 2794 601 :
2826 567 2844 600 ‹
2873 548 2939 603 Ει
2980 555 3036 604 ιιι
3059 590 3074 615 ,
3111 547 3337 604 Domine
3359 590 3377 616 ,

1811 641 2039 697 Domine
2061 683 2076 708 ,
2111 640 2196 696 fac
2223 658 2435 698 mecum
2466 642 2898 699 misericordiam
2928 651 3150 712 propter
3178 657 3376 697 nomen

1811 744 1994 797 tuum,
2030 732 2159 803 quia
2189 733 2424 805 benigna
2466 743 2549 791 est
2583 734 2963 805 misericordia
3011 744 3106 788 tua
3178 732 3376 789 Libera

1810 838 1930 890 me,
1976 824 2105 893 quia
2147 838 2351 894 egenus
2401 836 2455 879 et
2496 840 2702 896 pauper
2733 841 2854 880 sum
2884 841 2985 896 ego
3016 826 3082 880 ⁸⁸.
3115 846 3133 878 ι
3160 826 3376 893 Quibus

1810 924 1935 986 post
1967 916 2071 971 alia
2101 914 2349 988 adjungit
2381 936 2393 971 :
2424 936 2442 969 ι
2470 916 2659 973 Genua
2692 932 2813 973 mea
2855 918 3124 973 inﬁrmata
3174 926 3303 974 sunt
3344 936 3374 974 a

1804 1009 2049 1079 jejunio,
2083 1017 2136 1065 et
2167 1025 2295 1065 caro
2324 1026 2441 1066 mea
2473 1011 2757 1066 immutata
2786 1020 2870 1067 est
2900 1020 3121 1083 propter
3148 1014 3326 1067 oleum
3356 1031 3371 1067 :

1808 1108 1861 1156 et
1892 1116 1991 1172 ego
2022 1100 2200 1158 factus
2232 1118 2351 1157 sum
2404 1104 2759 1173 Opprobrium
2808 1105 2936 1158 illis.
2972 1104 3237 1158 Viderunt
3287 1121 3373 1160 me

1806 1202 1862 1250 et
1896 1202 2186 1250 moverunt
2220 1196 2398 1266 capita
2430 1211 2529 1250 sua
2557 1198 2640 1251 τοι
2674 1215 2691 1247 ι
2720 1213 2841 1267 quae
2869 1214 2999 1251 sane
3031 1198 3146 1268 ipsa
3180 1199 3376 1253 nihilo-

1807 1287 1990 1342 minus
2036 1303 2195 1342 suum
2244 1288 2405 1342 ﬁnem
2450 1300 2746 1343 consecuta
2780 1297 2942 1351 sunt,
2976 1306 3084 1359 quo
3127 1299 3373 1359 tempore

1806 1379 1897 1449 qui
1930 1380 2315 1449 praateribant,
2354 1380 2757 1435 maledicebant
2794 1383 2842 1438 ei
2880 1391 3160 1437 moventes
3190 1384 3372 1450 capita

1807 1488 1905 1529 sua
1945 1482 1999 1528 et
2034 1473 2279 1528 dicentes
2306 1492 2318 1527 :
2349 1492 2367 1524 ‹
2396 1473 2549 1529 Alios
2580 1475 2761 1530 salvos
2792 1475 2919 1531 fecit
2940 1516 2954 1539 ,
2987 1477 3224 1545 seipsum
3259 1491 3368 1530 non

1804 1574 1985 1635 potest
2013 1567 2223 1621 salvum
2253 1565 2432 1622 facere
2453 1567 2519 1622 “.
2548 1565 2850 1633 iQuoniam
2882 1583 3008 1622 vero
3032 1568 3192 1622 etiam
3222 1582 3372 1622 nunc

1802 1654 1974 1710 Judaei
2012 1666 2228 1726 patrum
2260 1672 2487 1712 suorum
2525 1658 2580 1711 in
2613 1659 2823 1728 seipsos
2849 1657 3016 1730 478
3048 1659 3374 1713 exsecratio-

1804 1763 1928 1803 nem
1968 1749 2309 1805 attrahentes
2351 1749 2784 1805 exsecrabilibus
2827 1756 2881 1804 et
2928 1750 3152 1803 nefariis
3189 1749 3371 1805 verbis

1740 1850 1779 1903 Β
1808 1840 2067 1896 detestari
2112 1840 2449 1895 Salvatorem
2493 1855 2558 1894 ac
2598 1839 2887 1894 Dominum
2935 1849 3220 1904 nostrum,
3261 1855 3373 1895 om-

1806 1948 2015 2002 nesque
2042 1932 2356 2002 quicunque
2397 1932 2453 1987 in
2485 1932 2646 1987 ﬁdem
2692 1932 2812 2001 ejus
2852 1934 3203 1996 transierint,
3247 1947 3372 1987 cou-

1805 2040 2068 2092 suevere,
2109 2024 2317 2080 idcirco
2359 2025 2615 2096 deinceps
2664 2024 2912 2095 adjungit
2946 2043 2958 2078 :
2995 2043 3013 2075 ι
3046 2023 3370 2079 Maledieent

1804 2115 1913 2181 illi,
1942 2122 1995 2170 et
2023 2123 2083 2170 tu
2109 2114 2419 2170 benedices.
2456 2115 2558 2181 Qui
2590 2116 2880 2186 insurgunt
2909 2116 2962 2168 in
2995 2130 3080 2169 me
3100 2154 3115 2179 ,
3146 2112 3371 2168 confun-

1804 2204 2042 2260 dantur:
2092 2222 2285 2262 servus
2334 2214 2513 2261 autem
2558 2214 2688 2261 tuus
2729 2206 3017 2261 laetabitur.
3070 2205 3370 2259 lnduantur

1803 2299 1895 2370 qui
1941 2298 2234 2355 detrahunt
2266 2298 2434 2363 mihi,
2484 2298 2726 2367 pudore,
2774 2306 2827 2352 et
2857 2297 3174 2367 aperiantur
3228 2296 3371 2350 sicut

1803 2392 2080 2462 diploide,
2133 2390 2456 2446 confusione
2508 2406 2627 2447 sua.
2675 2389 2787 2461 Ego
2837 2397 3017 2444 autem
3069 2387 3369 2444 conﬁtebor

1806 2483 2032 2538 Domino
2056 2485 2109 2537 in
2135 2499 2231 2539 ore
2259 2499 2379 2538 meo
2408 2503 2421 2537 :
2447 2490 2501 2539 et
2530 2484 2583 2537 in
2614 2482 2791 2536 medio
2818 2482 3112 2535 multorum
3137 2479 3370 2534 laudabo

1802 2588 1946 2631 eum.
2004 2574 2272 2642 Quoniam
2320 2574 2496 2632 astitit
2538 2590 2563 2629 a
2596 2573 2805 2631 dextris
2828 2572 3120 2645 pauperis,
3159 2578 3222 2627 ut
3260 2570 3370 2627 sal-

1802 2683 1924 2721 vam
1968 2666 2173 2723 faceret
2205 2683 2236 2722 a
2268 2668 2722 2739 persequentibus
2765 2667 3003 2721 animam
3050 2680 3225 2721 meam
3248 2665 3313 2722 7’.
3343 2683 3364 2717 ›

1803 2758 1868 2813 Ει
1898 2774 2029 2815 sane
2055 2768 2271 2815 constat
2298 2776 2459 2831 quam
2493 2761 2681 2814 multis
2711 2758 2875 2813 etiam
2905 2772 3051 2812 nunc
3080 2757 3244 2811 rebus
3273 2755 3370 2809 ad-

1801 2851 1977 2907 versis
2020 2850 2402 2907 conﬂictentur
2448 2852 2761 2921 quicunque
2817 2849 3222 2905 exsecrationes
3274 2846 3370 2900 ad-

1800 2958 1991 2997 versus
2024 2943 2173 2996 illum
2208 2944 2263 2997 in
2316 2945 2430 2999 suis
2486 2943 2841 2998 conventibus
2886 2942 3127 3009 jactant',
3174 2938 3371 3008 quippe

1801 3033 1893 3101 qui
1923 3034 1990 3087 ab
2016 3034 2211 3089 iisdem
2244 3036 2581 3105 temporibus
2609 3052 2676 3089 ne
2708 3034 2979 3103 respirare
3004 3031 3244 3102 quidem,
3276 3038 3371 3083 aut

1804 3124 2080 3193 suspicere
2113 3141 2351 3195 unquam
2398 3126 2693 3196 potuerint,
2727 3138 2997 3193 quamque
3038 3122 3124 3176 ille
3146 3119 3373 3175 feliciter

148 3232 237 3285 στη
266 3217 326 3268 ἐκ
360 3216 549 3282 δεξιῶν
579 3216 832 3287 πένητος,
861 3211 956 3266 τοῦ
992 3212 1162 3265 σῶσαι
1200 3213 1265 3264 ὲκ
1302 3210 1408 3264 τῶν
1442 3210 1698 3263 καταδιω-

1810 3233 1849 3270 κη
1885 3217 2061 3272 medio
2093 3220 2385 3272 multarum
2435 3218 2672 3288 gentium
2721 3233 2815 3286 per
2865 3230 3022 3271 suum
3063 3214 3234 3285 ipsius
3264 3210 3375 3265 No-

146 3308 327 3365 κέντων
351 3310 448 3381 τὴν
478 3309 654 3381 ψυχήν
691 3325 810 3378 μου.
854 3325 873 3358 ι

1807 3320 1931 3359 vum
1967 3306 2370 3363 Testamentum
2394 3323 2493 3362 suo
2524 3306 2670 3361 Patri
2704 3306 2911 3360 laudem
2958 3305 3220 3375 perliciat,
3244 3302 3371 3356 dum

144 3405 369 3459 eumdem
430 3404 647 3459 Patrem
692 3403 995 3472 adjutorem
1052 3407 1107 3456 et
1158 3414 1272 3454 sua:
1313 3397 1519 3453 dextra
1557 3412 1890 3453 assessorem
1944 3402 2172 3466 obtinet,
2228 3418 2364 3475 quas
2415 3402 2485 3455 ob
2529 3417 2617 3456 res
2666 3401 2739 3452 ita
2770 3400 3084 3468 loquiturzc
3114 3396 3169 3450 In
3194 3392 3374 3448 medio

146 3498 413 3551 multorum
454 3495 691 3551 laudabo
732 3508 880 3557 eum,
909 3491 1036 3562 quia
1082 3490 1253 3545 astitit
1282 3504 1312 3542 a
1354 3488 1565 3543 dextris
1624 3490 1900 3556 pauperis.
1939 3508 1958 3542 ι
2002 3492 2240 3546 Salutem
2284 3502 2539 3562 praeterea
2578 3506 2697 3560 quae
2745 3488 2918 3558 ipsius
2983 3491 3211 3539 mortem
3280 3493 3371 3535 se-

146 3596 258 3641 cuta
316 3598 419 3654 est,
475 3589 633 3644 docet
679 3588 764 3643 his
809 3585 1027 3640 verbis:
1079 3600 1098 3635 ι
1133 3579 1202 3638 Ut
1248 3583 1452 3637 salvam
1509 3582 1713 3637 faceret
1746 3599 1775 3635 a
1814 3587 2264 3656 persequentibus
2298 3585 2531 3639 animam
2563 3599 2759 3639 meam.
2800 3599 2819 3633 ι
2854 3579 3029 3649 Supra
3071 3576 3215 3633 enim
3245 3589 3369 3629 eum

144 3678 262 3733 illud
284 3681 477 3737 dixerit
506 3700 520 3737 :
559 3699 578 3732 ι
615 3679 943 3736 Persecutus
979 3684 1064 3732 est
1095 3676 1366 3733 hominem
1398 3694 1688 3751 pauperem
1728 3691 1782 3737 et
1814 3698 2062 3753 egenum,
2097 3690 2150 3737 et
2181 3687 2564 3750 compunctum
2615 3678 2816 3740 corde,
2871 3685 2932 3731 ut
2977 3682 3150 3730 morte
3196 3670 3374 3726 allice-

145 3781 231 3837 τεις
261 3792 279 3825 ι
334 3774 602 3844 planeque
657 3787 812 3827 suam
862 3776 1091 3825 mortem
1148 3768 1511 3835 indicaverit,
1568 3772 1696 3826 dum
1734 3774 2069 3844 prophetiam
2117 3773 2522 3829 circumscribit
2562 3790 2576 3827 :
2618 3779 2735 3825 tum
2781 3783 2911 3825 vero
2975 3768 3204 3823 salutem
3251 3780 3372 3835 quae

145 3873 353 3919 mortem
402 3864 577 3935 ipsius
615 3873 803 3920 secuta
856 3870 975 3929 est,
1027 3860 1394 3933 signiﬁcavit,
1457 3861 1646 3919 dicens
1683 3883 1697 3919 :
1743 3884 1760 3917 ι
1797 3866 2063 3933 Quoniam
2097 3867 2269 3921 astitit
2305 3882 2334 3922 a
2364 3865 2570 3921 dextris
2613 3862 2889 3934 pauperis,
2931 3868 2992 3914 ut
3055 3857 3259 3914 salvam
3290 3855 3372 3910 fa-

142 3964 275 4014 cere:
303 3974 331 4012 a
364 3958 818 4030 persequentibus
844 3958 1079 4013 animam
1108 3971 1306 4012 meam.
1338 3974 1357 4008 ι

156 4072 282 4131 Ἀπὸ
298 4075 403 4129 τοῦ
419 4072 809 4143 Ζαχαρίοιζμ-
826 4073 947 4143 Ἔτι
974 4069 1105 4140 περὶ
1125 4071 1232 4125 τοῦ
1247 4069 1432 4143 Ἰούδα
1456 4070 1555 4123 καὶ
1583 4069 1699 4143 τῶν·

204 4146 488 4216 ἀργιφίων
505 4137 651 4216 ’ἔξελθ’
667 4137 793 4216 diu:
803 4142 948 4216 τὸν⁸
970 4137 1189 4216 Κύριον
1223 4140 1525 4216 ,προῦδωκε
1544 4179 1559 4203 ,
1598 4140 1697 4216 καὶ

202 4210 480 4285 ἁερὶντῆς
524 4212 832 4285 ἀποϐολῆς
878 4211 995 4285 τῶν
1040 4210 1197 4279 παρὰ
1254 4210 1556 4275 Ἰουδαίοις
1605 4211 1699 4278 ἀρα

200 4282 438 4356 κόπτων
452 4302 515 4338 τε
545 4284 645 4337 καὶ
670 4282 1034 4352 ἀρχομένων.
1574 4290 1583 4294 ’

211 4398 359 4451 «Καὶ
407 4396 647 4467 λήψομαι
692 4394 914 4466 ἐμαυτῷ
971 4394 1064 4447 δυο
1108 4394 1368 4465 ῥάϐδους,
1422 4393 1521 4463 τὴν
1574 4392 1702 4463 μίαν

142 4498 359 4554 ἐκάλεσα
386 4500 611 4563 κάλλος,
646 4499 739 4551 καὶ
772 4498 869 4569 τὴν
904 4496 1093 4569 ἑτέραν
1116 4496 1351 4550 ἐκάλεσα
1383 4496 1699 4567 σχοίνισμα,

146 4601 231 4655 καὶ
258 4599 500 4672 ποιμανῶ
531 4598 600 4652 τὰ
633 4595 881 4670 πρόϐατά
909 4613 1030 4665 μου,
1066 4594 1158 4647 καὶ
1186 4590 1365 4664 ἐξαρῶ
1399 4593 1524 4655 τοὺς
1556 4594 1705 4662 τρεῖς
1736 4595 1782 4654 ι)

146 4694 387 4764 ποιμένας
412 4693 471 4746 ἐν
509 4690 638 4761 μηνὶ
672 4690 749 4741 ἐνὶ
769 4728 783 4751 ,
816 4687 910 4740 καὶ
942 4684 1391 4757 βαρυνθήσεταιὴ
1418 4684 1562 4754 ψυχή
1600 4699 1702 4751 μου

146 4784 223 4836 ἐπ’
253 4783 461 4847 αὐτούς.
495 4783 606 4836 Καὶ
629 4780 736 4851 γὰρ
773 4779 827 4831 αἱ
862 4778 1026 4849 ψυχαὶ
1061 4776 1237 4830 αὐτῶν
1270 4773 1579 4847 ὲπωρύοντο
1615 4775 1702 4827 ἐπ’

144 4884 266 4954 ἐμὲ,
296 4886 388 4939 καὶ
428 4878 594 4937 εἶπεν
642 4881 715 4933 Οὐ
759 4878 1006 4951 ποιμανῶ
1044 4878 1217 4947 ὑμᾶς·
1263 4880 1323 4929 τὸ
1366 4873 1705 4946 ἀποθνῆσκον

146 4985 539 5057 ἀποθνησκέτω,
572 4983 665 5036 καὶ
687 4980 746 5033 τὸ
785 4979 1033 5033 ἐκλεῖπον
1058 4976 1375 5040 ὲκλειπέτω,
1408 4975 1587 5034 καὶτὰ
1608 4992 1706 5028 κα-

144 5077 361 5132 τάλοιποι
392 5075 740 5136 ὲσθιέτωσαν,
764 5072 992 5134 ἕκαστος
1013 5069 1112 5132 τὰς
1134 5069 1341 5140 σάρκας
1360 5067 1454 5121 τοῦ
1480 5067 1705 5137 πλησίον

147 5174 319 5227 αὑτοῦ.
353 5177 463 5229 Καὶ
491 5173 727 5245 λήψομαι
744 5171 841 5241 τὴν
868 5169 1058 5241 ῥάϐδον
1088 5167 1184 5238 τὴν
1215 5165 1403 5237 καλὴν,
1422 5166 1513 5219 καὶ
1537 5166 1709 5237 ἀπορ-

148 5278 281 5348 ρίψω
310 5279 475 5350 αὐτὴν
522 5275 616 5330 τοῦ
649 5273 993 5328 διασκεδάσαι
1027 5272 1122 5343 τὴν
1164 5270 1436 5340 Διαθὴκην
1476 5286 1609 5340 μου,
1641 5268 1710 5339 ἢν

146 5377 385 5452 διεθέμην
417 5379 555 5451 πρὸς
584 5377 787 5439 πάντας
815 5376 941 5438 τοὺς
970 5372 1153 5435 λαούς.
1187 5372 1294 5425 Καὶ
1324 5370 1711 5442 διασκεδασθή-

150 5497 295 5535 σεται
332 5484 386 5535 ὲν
418 5485 486 5553 τῇ
520 5479 702 5552 ἡμέρᾳ
745 5476 946 5549 ἐκείνῃ,
982 5476 1073 5528 καὶ
1106 5474 1402 5543 γνώσονται
1442 5474 1490 5527 οἱ
1531 5474 1711 5525 Χανα-

148 5577 280 5627 ναῖοι
325 5576 389 5628 τὰ
437 5573 684 5645 πρόϐατα
724 5570 793 5623 τά
839 5566 1222 5639 φυλασσόμενά
1271 5583 1380 5637 μοι,
1420 5566 1501 5618 ὅτι
1540 5563 1714 5632 Λόγος

146 5674 346 5745 Κυρίου
374 5673 505 5729 ἐστί.
530 5672 642 5727 Kal.
672 5670 781 5743 ἐρῶ
807 5669 942 5742 πρὸς
961 5665 1155 5729 αὐτούς
1172 5681 1186 5695 °
1209 5666 1273 5719 Εί
1293 5664 1455 5718 καλὸν
1477 5661 1712 5721 ἐνώπιον

1803 4043 1848 4097 Α
1879 4041 2163 4097 Zacharia.
2194 4074 2264 4083 -—
2296 4042 2426 4097 Item
2481 4040 2545 4095 de
2576 4038 2721 4093 Juda
2773 4046 2823 4092 et
2875 4037 3159 4106 argenteis,
3184 4036 3371 4106 quibus

1875 4114 2161 4168 Dominum
2188 4114 2441 4181 prodidit,
2469 4118 2631 4181 deque
2657 4102 3096 4177 rejectione'apud
3127 4102 3367 4181 Iudaeos,

1875 4194 1983 4237 tam
2013 4177 2196 4237 eorunt
2230 4186 2318 4254 qui
2377 4177 2724 4253 imperabant,
2789 4194 2944 4247 quam
2976 4192 3155 4230 eorum
3184 4177 3370 4247 quibus

1873 4255 2250 4320 imperabatur.

1884 4387 1901 4420 ι
1938 4366 2004 4421 Ει
2031 4366 2242 4435 capiam
2269 4363 2403 4417 mihi
2430 4361 2569 4417 duas
2597 4361 2797 4431 virgas,
2833 4375 2999 4416 unam
3022 4358 3213 4413 vocavi
3250 4358 3372 4427 pul-

1808 4459 2214 4521 chritudinem,
2271 4462 2324 4511 et
2384 4455 2609 4509 alteram
2668 4452 2857 4507 vocavi
2925 4449 3259 4515 funiculum,
3320 4459 3374 4503 et

1810 4566 2028 4624 pascam
2081 4564 2210 4604 oves
2260 4561 2443 4611 meas,
2500 4552 2554 4599 et
2606 4543 2850 4599 auferam
2902 4550 3014 4597 tres
3046 4548 3293 4611 pastores
3317 4541 3371 4594 in

1806 4657 1994 4699 mense
2026 4656 2167 4705 uno,
2206 4647 2259 4693 et
2304 4636 2615 4709 gravabitur
2653 4636 2833 4689 anima
2877 4649 2996 4688 mea
3044 4648 3208 4703 super
3259 4647 3373 4688 eos.

1808 4735 1972 4808 479
1997 4732 2210 4789 Etenim
2245 4731 2437 4785 animm
2460 4743 2649 4784 eorum
2684 4727 2965 4797 rugierunt
2990 4740 3154 4815 super
3174 4740 3260 4780 me
3278 4763 3294 4788 ,
3321 4734 3378 4779 et

1810 4829 1945 4892 dixi,
1976 4826 2093 4882 Non
2123 4841 2340 4897 pascam
2362 4839 2496 4889 vos;
2531 4821 2676 4893 quod
2712 4822 2961 4883 moritur,
2988 4818 3285 4880 moriatur,
3322 4826 3379 4871 et

1810 4920 1955 4992 quod
1976 4919 2175 4984 deﬁcit,
2203 4917 2418 4973 deﬁciat
2446 4935 2457 4970 :
2490 4923 2543 4971 et
2566 4929 2685 4985 qua:
2709 4912 2917 4983 reliqua
2948 4920 3076 4966 sunt
3096 4910 3375 4969 devorent.

1811 5013 2187 5083 unusquisque
2209 5026 2402 5065 carnes
2431 5008 2665 5079 proximi
2707 5005 2813 5069 sui,
2844 5013 2898 5060 et
2929 5004 3139 5073 capiam
3172 5003 3377 5071 virgam

1812 5105 2119 5175 pulchram,
2147 5109 2201 5157 et
2229 5101 2483 5171 abjiciam
2514 5113 2658 5161 eam,
2688 5096 2755 5149 ad
2777 5092 3155 5164 dissipandum
3188 5090 3379 5145 Testa-

1816 5204 2057 5252 mentum
2090 5210 2268 5249 meum
2291 5232 2306 5257 ,
2356 5192 2499 5263 quod
2527 5190 2770 5259 disposui
2805 5187 2871 5241 ad
2897 5202 3085 5242 omnes
3116 5181 3342 5255 populos
3363 5220 3377 5239 .

1817 5298 1871 5345 et
1904 5287 2258 5357 dissipabitur
2289 5284 2343 5339 in
2378 5285 2464 5339 die
2492 5283 2613 5345 illa,
2660 5288 2714 5335 et
2740 5286 3069 5351 cognoscent
3089 5272 3382 5331 Chananaei

1820 5398 1949 5438 oves
1973 5396 2092 5452 quae
2114 5378 2499 5435 custodiuntur
2531 5376 2661 5430 mihi
2682 5415 2696 5438 ,
2728 5373 2871 5443 quod
2903 5370 3141 5427 Verbum
3173 5365 3383 5422 Domini

1819 5481 1925 5537 est,
1956 5479 2009 5528 et
2037 5471 2215 5526 dicam
2249 5468 2317 5524 ad
2339 5484 2433 5523 eos
2461 5488 2474 5521 :
2512 5466 2569 5521 Si
2591 5468 2881 5522 honestum
2900 5463 3051 5518 estin
3086 5466 3385 5529 conspectu

1819 5576 2021 5632 vestro,
2057 5567 2179 5621 date
2201 5563 2504 5619 mercedem
2531 5575 2704 5616 meam
2729 5599 2743 5623 ,
2776 5566 2868 5612 aut
2909 5556 3143 5618 renuite,
3177 5561 3230 5609 et
3254 5567 3387 5607 con-

1820 5658 2111 5714 stituerunt
2142 5652 2448 5711 mercedem
2490 5663 2685 5715 meam,
2711 5647 2929 5718 triginta
2966 5649 3288 5713 argenteos,
3332 5644 3388 5692 et

215 5831 262 5863 ⁸⁸
304 5828 467 5884 Palm.
500 5844 654 5892 cvm,
692 5827 785 5897 2i,
818 5826 905 5882 22.
983 5826 1027 5858 ⁷⁸
1069 5821 1199 5879 ibid.
1234 5821 1321 5875 24.
1356 5821 1445 5876 9.5.
1523 5821 1563 5853 τ’
1612 5817 1694 5875 Ma

1844 5833 2019 5882 xxvii,
2060 5816 2144 5881 41,
2188 5815 2277 5869 «42.
2352 5814 2396 5844 τ’
2439 5810 2581 5867 Psal.
2614 5822 2778 5871 cvm,
2811 5802 3002 5859 28-51.
