  <div class='ocr_page' id='page_1' title='image "/cluster/home/n/w/nwhite01/storage/ocr_20150623/22/hvd.32044020605168/401.png"; bbox 0 0 3938 6520; ppageno 0'>
   <div class='ocr_carea' id='block_1_1' title="bbox 1279 329 3835 398">
    <p class='ocr_par' dir='ltr' id='par_1_1' title="bbox 1279 329 3835 398">
     <span class='ocr_line' id='line_1_1' title="bbox 1279 329 3835 398; baseline 0 -6"><span class='ocrx_word' id='word_1_1' title='bbox 1279 336 1548 396; x_wconf 82' lang='lat' dir='ltr'><strong>EUSEBII</strong></span> <span class='ocrx_word' id='word_1_2' title='bbox 1587 335 2068 393; x_wconf 66' lang='lat' dir='ltr'><strong>CESARIENSIS</strong></span> <span class='ocrx_word' id='word_1_3' title='bbox 2105 338 2255 394; x_wconf 85' lang='lat' dir='ltr'><strong>OPP.</strong></span> <span class='ocrx_word' id='word_1_4' title='bbox 2301 340 2483 397; x_wconf 74' lang='lat' dir='ltr'><strong>PARS</strong></span> <span class='ocrx_word' id='word_1_5' title='bbox 2523 341 2586 398; x_wconf 91' lang='lat' dir='ltr'><strong>ll.</strong></span> <span class='ocrx_word' id='word_1_6' title='bbox 2629 375 2697 384; x_wconf 92' lang='lat'><strong>——</strong></span> <span class='ocrx_word' id='word_1_7' title='bbox 2737 339 3238 398; x_wconf 69' lang='lat' dir='ltr'><strong>APOLOGETICA.</strong></span> <span class='ocrx_word' id='word_1_8' title='bbox 3756 329 3835 384; x_wconf 71' lang='lat' dir='ltr'><strong>7N</strong></span> 
     </span>
    </p>
   </div>
   <div class='ocr_carea' id='block_1_2' title="bbox 621 455 2173 552">
    <p class='ocr_par' dir='ltr' id='par_1_2' title="bbox 621 455 2173 523">
     <span class='ocr_line' id='line_1_2' title="bbox 621 455 2173 523; baseline -0.002 -6"><span class='ocrx_word' id='word_1_9' title='bbox 621 461 761 517; x_wconf 87' lang='lat' dir='ltr'><strong>dixit</strong></span> <span class='ocrx_word' id='word_1_10' title='bbox 795 458 1062 516; x_wconf 77' lang='lat' dir='ltr'><strong>Dominus</strong></span> <span class='ocrx_word' id='word_1_11' title='bbox 1092 458 1159 512; x_wconf 88' lang='lat' dir='ltr'><strong>ad</strong></span> <span class='ocrx_word' id='word_1_12' title='bbox 1193 471 1299 522; x_wconf 89' lang='lat' dir='ltr'><strong>me,</strong></span> <span class='ocrx_word' id='word_1_13' title='bbox 1330 455 1553 512; x_wconf 88' lang='lat' dir='ltr'><strong>Dimitte</strong></span> <span class='ocrx_word' id='word_1_14' title='bbox 1591 471 1684 513; x_wconf 91' lang='lat' dir='ltr'><strong>eos</strong></span> <span class='ocrx_word' id='word_1_15' title='bbox 1717 458 1772 512; x_wconf 91' lang='lat' dir='ltr'><strong>in</strong></span> <span class='ocrx_word' id='word_1_16' title='bbox 1801 456 2078 513; x_wconf 79' lang='lat' dir='ltr'><strong>fornacem</strong></span> <span class='ocrx_word' id='word_1_17' title='bbox 2100 498 2114 523; x_wconf 97' lang='lat'><strong>,</strong></span> <span class='ocrx_word' id='word_1_18' title='bbox 2147 475 2173 514; x_wconf 90' lang='lat' dir='ltr'><strong>e</strong></span> 
     </span>
    </p>
   </div>
   <div class='ocr_carea' id='block_1_3' title="bbox 2278 455 3840 552">
    <p class='ocr_par' dir='ltr' id='par_1_3' title="bbox 2304 457 3840 534">
     <span class='ocr_line' id='line_1_3' title="bbox 2304 457 3840 534; baseline -0.001 -18"><span class='ocrx_word' id='word_1_19' title='bbox 2304 463 2457 534; x_wconf 82' lang='grc' dir='ltr'>ὑμῶν</span> <span class='ocrx_word' id='word_1_20' title='bbox 2489 466 2604 518; x_wconf 81' lang='grc' dir='ltr'>ἐστι</span> <span class='ocrx_word' id='word_1_21' title='bbox 2627 503 2639 527; x_wconf 88' lang='grc'><strong>,</strong></span> <span class='ocrx_word' id='word_1_22' title='bbox 2673 463 2791 517; x_wconf 84' lang='grc' dir='ltr'><strong>δότε</strong></span> <span class='ocrx_word' id='word_1_23' title='bbox 2823 463 2913 516; x_wconf 77' lang='grc' dir='ltr'>τὸν</span> <span class='ocrx_word' id='word_1_24' title='bbox 2949 460 3140 534; x_wconf 88' lang='grc' dir='ltr'>μισθόν</span> <span class='ocrx_word' id='word_1_25' title='bbox 3173 478 3295 532; x_wconf 88' lang='grc' dir='ltr'>μου,</span> <span class='ocrx_word' id='word_1_26' title='bbox 3330 458 3363 530; x_wconf 79' lang='grc' dir='ltr'>ἢ</span> <span class='ocrx_word' id='word_1_27' title='bbox 3396 457 3713 513; x_wconf 79' lang='grc' dir='ltr'>ἀπείπασθε.</span> <span class='ocrx_word' id='word_1_28' title='bbox 3748 459 3840 514; x_wconf 83' lang='lat' dir='ltr'><strong>Kal</strong></span> 
     </span>
    </p>
   </div>
   <div class='ocr_carea' id='block_1_4' title="bbox 621 548 2173 626">
    <p class='ocr_par' dir='ltr' id='par_1_4' title="bbox 621 549 2172 626">
     <span class='ocr_line' id='line_1_4' title="bbox 621 549 2172 626; baseline -0.003 -16"><span class='ocrx_word' id='word_1_29' title='bbox 621 561 810 626; x_wconf 83' lang='lat' dir='ltr'><strong>specta</strong></span> <span class='ocrx_word' id='word_1_30' title='bbox 831 568 960 609; x_wconf 91' lang='lat' dir='ltr'><strong>num</strong></span> <span class='ocrx_word' id='word_1_31' title='bbox 984 550 1340 621; x_wconf 73' lang='lat' dir='ltr'><strong>approbatum</strong></span> <span class='ocrx_word' id='word_1_32' title='bbox 1384 550 1474 614; x_wconf 88' lang='lat' dir='ltr'><strong>sit,</strong></span> <span class='ocrx_word' id='word_1_33' title='bbox 1515 549 1972 620; x_wconf 87' lang='lat' dir='ltr'><strong>quemadmodum</strong></span> <span class='ocrx_word' id='word_1_34' title='bbox 2003 552 2172 622; x_wconf 88' lang='lat' dir='ltr'><strong>proba</strong></span> 
     </span>
    </p>
   </div>
   <div class='ocr_carea' id='block_1_5' title="bbox 2278 548 3839 626">
    <p class='ocr_par' dir='ltr' id='par_1_5' title="bbox 2304 548 3839 626">
     <span class='ocr_line' id='line_1_5' title="bbox 2304 548 3839 626; baseline -0.001 -20"><span class='ocrx_word' id='word_1_35' title='bbox 2304 553 2535 625; x_wconf 78' lang='grc' dir='ltr'>ἔστησαν</span> <span class='ocrx_word' id='word_1_36' title='bbox 2575 555 2666 608; x_wconf 84' lang='grc' dir='ltr'>τὸν</span> <span class='ocrx_word' id='word_1_37' title='bbox 2715 553 2906 626; x_wconf 84' lang='grc' dir='ltr'>μισθόν</span> <span class='ocrx_word' id='word_1_38' title='bbox 2957 570 3057 624; x_wconf 86' lang='grc' dir='ltr'><strong>μου</strong></span> <span class='ocrx_word' id='word_1_39' title='bbox 3105 551 3395 624; x_wconf 87' lang='grc' dir='ltr'>τριάκοντα</span> <span class='ocrx_word' id='word_1_40' title='bbox 3426 548 3713 621; x_wconf 81' lang='grc' dir='ltr'>ἀργυροῦς.</span> <span class='ocrx_word' id='word_1_41' title='bbox 3750 550 3839 605; x_wconf 82' lang='lat' dir='ltr'><strong>Kal</strong></span> 
     </span>
    </p>
   </div>
   <div class='ocr_carea' id='block_1_6' title="bbox 621 643 2173 720">
    <p class='ocr_par' dir='ltr' id='par_1_6' title="bbox 621 643 2173 716">
     <span class='ocr_line' id='line_1_6' title="bbox 621 643 2173 716; baseline -0.002 -12"><span class='ocrx_word' id='word_1_42' title='bbox 621 658 713 704; x_wconf 81' lang='lat' dir='ltr'><strong>tus</strong></span> <span class='ocrx_word' id='word_1_43' title='bbox 744 662 864 704; x_wconf 90' lang='lat' dir='ltr'><strong>sum</strong></span> <span class='ocrx_word' id='word_1_44' title='bbox 898 659 997 716; x_wconf 89' lang='lat' dir='ltr'><strong>pro</strong></span> <span class='ocrx_word' id='word_1_45' title='bbox 1025 644 1134 700; x_wconf 84' lang='lat' dir='ltr'><strong>illis</strong></span> <span class='ocrx_word' id='word_1_46' title='bbox 1161 683 1176 706; x_wconf 91' lang='lat'><strong>,</strong></span> <span class='ocrx_word' id='word_1_47' title='bbox 1223 652 1276 698; x_wconf 92' lang='lat' dir='ltr'><strong>et</strong></span> <span class='ocrx_word' id='word_1_48' title='bbox 1309 643 1494 714; x_wconf 90' lang='lat' dir='ltr'><strong>accepi</strong></span> <span class='ocrx_word' id='word_1_49' title='bbox 1529 643 1754 714; x_wconf 75' lang='lat' dir='ltr'><strong>triginta</strong></span> <span class='ocrx_word' id='word_1_50' title='bbox 1787 653 2077 714; x_wconf 88' lang='lat' dir='ltr'><strong>argenteos</strong></span> <span class='ocrx_word' id='word_1_51' title='bbox 2100 685 2115 708; x_wconf 97' lang='lat'><strong>,</strong></span> <span class='ocrx_word' id='word_1_52' title='bbox 2149 661 2173 701; x_wconf 90' lang='lat' dir='ltr'><strong>e</strong></span> 
     </span>
    </p>
   </div>
   <div class='ocr_carea' id='block_1_7' title="bbox 2278 643 3838 720">
    <p class='ocr_par' dir='ltr' id='par_1_7' title="bbox 2301 643 3838 720">
     <span class='ocr_line' id='line_1_7' title="bbox 2301 643 3838 720; baseline -0.003 -18"><span class='ocrx_word' id='word_1_53' title='bbox 2301 645 2419 702; x_wconf 76' lang='grc' dir='ltr'>εἷπε</span> <span class='ocrx_word' id='word_1_54' title='bbox 2463 647 2664 720; x_wconf 80' lang='grc' dir='ltr'>Κύριος</span> <span class='ocrx_word' id='word_1_55' title='bbox 2711 647 2848 720; x_wconf 81' lang='grc' dir='ltr'>πρὸς</span> <span class='ocrx_word' id='word_1_56' title='bbox 2898 647 2995 718; x_wconf 84' lang='grc' dir='ltr'>μέ·</span> <span class='ocrx_word' id='word_1_57' title='bbox 3033 645 3213 709; x_wconf 85' lang='grc' dir='ltr'>Κάθες</span> <span class='ocrx_word' id='word_1_58' title='bbox 3245 645 3436 708; x_wconf 79' lang='grc' dir='ltr'>αὐτοὺς</span> <span class='ocrx_word' id='word_1_59' title='bbox 3476 646 3558 708; x_wconf 86' lang='grc' dir='ltr'><strong>είς</strong></span> <span class='ocrx_word' id='word_1_60' title='bbox 3584 643 3643 698; x_wconf 83' lang='grc' dir='ltr'>τὸ</span> <span class='ocrx_word' id='word_1_61' title='bbox 3671 662 3838 715; x_wconf 81' lang='grc' dir='ltr'>χωνευ-</span> 
     </span>
    </p>
   </div>
   <div class='ocr_carea' id='block_1_8' title="bbox 621 735 2173 815">
    <p class='ocr_par' dir='ltr' id='par_1_8' title="bbox 621 735 2173 815">
     <span class='ocr_line' id='line_1_8' title="bbox 621 735 2173 815; baseline -0.003 -18"><span class='ocrx_word' id='word_1_62' title='bbox 621 741 825 815; x_wconf 84' lang='lat' dir='ltr'><strong>projeci</strong></span> <span class='ocrx_word' id='word_1_63' title='bbox 855 756 950 796; x_wconf 90' lang='lat' dir='ltr'><strong>eos</strong></span> <span class='ocrx_word' id='word_1_64' title='bbox 988 739 1043 794; x_wconf 92' lang='lat' dir='ltr'><strong>in</strong></span> <span class='ocrx_word' id='word_1_65' title='bbox 1077 739 1240 793; x_wconf 87' lang='lat' dir='ltr'><strong>domo</strong></span> <span class='ocrx_word' id='word_1_66' title='bbox 1272 735 1488 793; x_wconf 88' lang='lat' dir='ltr'><strong>Domini</strong></span> <span class='ocrx_word' id='word_1_67' title='bbox 1516 737 1571 791; x_wconf 91' lang='lat' dir='ltr'><strong>in</strong></span> <span class='ocrx_word' id='word_1_68' title='bbox 1621 735 1922 801; x_wconf 79' lang='lat' dir='ltr'><strong>fornacem,</strong></span> <span class='ocrx_word' id='word_1_69' title='bbox 1947 745 2000 792; x_wconf 90' lang='lat' dir='ltr'><strong>et</strong></span> <span class='ocrx_word' id='word_1_70' title='bbox 2025 738 2173 807; x_wconf 88' lang='lat' dir='ltr'><strong>abjec</strong></span> 
     </span>
    </p>
   </div>
   <div class='ocr_carea' id='block_1_9' title="bbox 2278 735 3836 815">
    <p class='ocr_par' dir='ltr' id='par_1_9' title="bbox 2297 735 3836 812">
     <span class='ocr_line' id='line_1_9' title="bbox 2297 735 3836 812; baseline -0.001 -20"><span class='ocrx_word' id='word_1_71' title='bbox 2297 741 2502 812; x_wconf 90' lang='grc' dir='ltr'>τήριον.</span> <span class='ocrx_word' id='word_1_72' title='bbox 2569 740 2675 793; x_wconf 87' lang='lat' dir='ltr'><strong>Kal</strong></span> <span class='ocrx_word' id='word_1_73' title='bbox 2725 738 2922 808; x_wconf 81' lang='grc' dir='ltr'>σκέψαι</span> <span class='ocrx_word' id='word_1_74' title='bbox 2962 738 3010 790; x_wconf 79' lang='grc' dir='ltr'><strong>εί</strong></span> <span class='ocrx_word' id='word_1_75' title='bbox 3055 736 3276 807; x_wconf 86' lang='grc' dir='ltr'>δόκιμόν</span> <span class='ocrx_word' id='word_1_76' title='bbox 3330 739 3512 799; x_wconf 85' lang='grc' dir='ltr'>ἐστιν,</span> <span class='ocrx_word' id='word_1_77' title='bbox 3563 735 3621 789; x_wconf 82' lang='grc' dir='ltr'><strong>δν</strong></span> <span class='ocrx_word' id='word_1_78' title='bbox 3673 738 3836 808; x_wconf 81' lang='grc' dir='ltr'>τρόπον</span> 
     </span>
    </p>
   </div>
   <div class='ocr_carea' id='block_1_10' title="bbox 620 828 2173 905">
    <p class='ocr_par' dir='ltr' id='par_1_10' title="bbox 620 828 2168 903">
     <span class='ocr_line' id='line_1_10' title="bbox 620 828 2168 903; baseline -0.003 -15"><span class='ocrx_word' id='word_1_79' title='bbox 620 838 824 903; x_wconf 80' lang='lat' dir='ltr'><strong>virgam</strong></span> <span class='ocrx_word' id='word_1_80' title='bbox 857 833 1104 894; x_wconf 75' lang='lat' dir='ltr'><strong>alteram,</strong></span> <span class='ocrx_word' id='word_1_81' title='bbox 1147 844 1268 900; x_wconf 66' lang='lat' dir='ltr'><strong>quae</strong></span> <span class='ocrx_word' id='word_1_82' title='bbox 1316 829 1518 884; x_wconf 77' lang='lat' dir='ltr'><strong>dicitur</strong></span> <span class='ocrx_word' id='word_1_83' title='bbox 1554 828 1862 895; x_wconf 83' lang='lat' dir='ltr'><strong>funiculus,</strong></span> <span class='ocrx_word' id='word_1_84' title='bbox 1915 829 1982 883; x_wconf 91' lang='lat' dir='ltr'><strong>ad</strong></span> <span class='ocrx_word' id='word_1_85' title='bbox 2035 830 2168 885; x_wconf 90' lang='lat' dir='ltr'><strong>dissi</strong></span> 
     </span>
    </p>
   </div>
   <div class='ocr_carea' id='block_1_11' title="bbox 2278 828 3835 905">
    <p class='ocr_par' dir='ltr' id='par_1_11' title="bbox 2297 828 3835 905">
     <span class='ocr_line' id='line_1_11' title="bbox 2297 828 3835 905; baseline -0.001 -20"><span class='ocrx_word' id='word_1_86' title='bbox 2297 832 2658 905; x_wconf 77' lang='grc' dir='ltr'><strong>ἐδοκιμάσθην</strong></span> <span class='ocrx_word' id='word_1_87' title='bbox 2716 833 2857 904; x_wconf 80' lang='grc' dir='ltr'>ὑπὲρ</span> <span class='ocrx_word' id='word_1_88' title='bbox 2911 831 3111 888; x_wconf 75' lang='grc' dir='ltr'>αὐτῶν.</span> <span class='ocrx_word' id='word_1_89' title='bbox 3158 830 3266 885; x_wconf 90' lang='lat' dir='ltr'><strong>Kal</strong></span> <span class='ocrx_word' id='word_1_90' title='bbox 3319 828 3509 883; x_wconf 74' lang='grc' dir='ltr'>ἔλαϐον</span> <span class='ocrx_word' id='word_1_91' title='bbox 3559 831 3678 893; x_wconf 81' lang='grc' dir='ltr'>τοὺς</span> <span class='ocrx_word' id='word_1_92' title='bbox 3720 831 3835 900; x_wconf 83' lang='grc' dir='ltr'>τριά-</span> 
     </span>
    </p>
   </div>
   <div class='ocr_carea' id='block_1_12' title="bbox 621 916 2173 998">
    <p class='ocr_par' dir='ltr' id='par_1_12' title="bbox 621 921 2173 998">
     <span class='ocr_line' id='line_1_12' title="bbox 621 921 2173 998; baseline -0.003 -18"><span class='ocrx_word' id='word_1_93' title='bbox 621 928 858 998; x_wconf 86' lang='lat' dir='ltr'><strong>pandum</strong></span> <span class='ocrx_word' id='word_1_94' title='bbox 885 925 1294 981; x_wconf 83' lang='lat' dir='ltr'><strong>Testamentum</strong></span> <span class='ocrx_word' id='word_1_95' title='bbox 1358 923 1499 978; x_wconf 90' lang='lat' dir='ltr'><strong>inter</strong></span> <span class='ocrx_word' id='word_1_96' title='bbox 1547 921 1743 978; x_wconf 81' lang='lat' dir='ltr'><strong>Judam</strong></span> <span class='ocrx_word' id='word_1_97' title='bbox 1783 931 1838 978; x_wconf 93' lang='lat' dir='ltr'><strong>et</strong></span> <span class='ocrx_word' id='word_1_98' title='bbox 1879 924 2138 996; x_wconf 61' lang='lat' dir='ltr'><strong>israelf&#39;.</strong></span> <span class='ocrx_word' id='word_1_99' title='bbox 2172 971 2173 976; x_wconf 46' lang='grc' dir='ltr'><strong>η</strong></span> 
     </span>
    </p>
   </div>
   <div class='ocr_carea' id='block_1_13' title="bbox 2278 916 3832 998">
    <p class='ocr_par' dir='ltr' id='par_1_13' title="bbox 2296 916 3832 997">
     <span class='ocr_line' id='line_1_13' title="bbox 2296 916 3832 997; baseline -0.001 -19"><span class='ocrx_word' id='word_1_100' title='bbox 2296 942 2458 978; x_wconf 82' lang='grc' dir='ltr'>κοντα</span> <span class='ocrx_word' id='word_1_101' title='bbox 2492 925 2765 997; x_wconf 80' lang='grc' dir='ltr'><strong>ἀργυροῦς</strong></span> <span class='ocrx_word' id='word_1_102' title='bbox 2787 965 2802 988; x_wconf 88' lang='grc'><strong>,</strong></span> <span class='ocrx_word' id='word_1_103' title='bbox 2839 925 2932 979; x_wconf 76' lang='grc' dir='ltr'>καὶ</span> <span class='ocrx_word' id='word_1_104' title='bbox 2970 923 3218 978; x_wconf 78' lang='grc' dir='ltr'>ἐνέϐαλον</span> <span class='ocrx_word' id='word_1_105' title='bbox 3246 923 3442 986; x_wconf 70' lang='grc' dir='ltr'>αὐτοὺς</span> <span class='ocrx_word' id='word_1_106' title='bbox 3488 923 3569 984; x_wconf 84' lang='grc' dir='ltr'><strong>είς</strong></span> <span class='ocrx_word' id='word_1_107' title='bbox 3599 920 3681 974; x_wconf 82' lang='grc' dir='ltr'><strong>τὸν</strong></span> <span class='ocrx_word' id='word_1_108' title='bbox 3715 916 3832 977; x_wconf 70' lang='lat' dir='ltr'><strong>olm</strong></span> 
     </span>
    </p>
   </div>
   <div class='ocr_carea' id='block_1_14' title="bbox 621 1012 2173 1088">
    <p class='ocr_par' dir='ltr' id='par_1_14' title="bbox 621 1016 2173 1088">
     <span class='ocr_line' id='line_1_14' title="bbox 621 1016 2173 1088; baseline -0.004 -13"><span class='ocrx_word' id='word_1_109' title='bbox 621 1019 746 1076; x_wconf 63' lang='lat' dir='ltr'><strong>l-iazc</strong></span> <span class='ocrx_word' id='word_1_110' title='bbox 777 1019 942 1088; x_wconf 86' lang='lat' dir='ltr'><strong>igitur</strong></span> <span class='ocrx_word' id='word_1_111' title='bbox 973 1033 1131 1074; x_wconf 92' lang='lat' dir='ltr'><strong>suum</strong></span> <span class='ocrx_word' id='word_1_112' title='bbox 1188 1016 1348 1072; x_wconf 82' lang='lat' dir='ltr'><strong>ﬁnem</strong></span> <span class='ocrx_word' id='word_1_113' title='bbox 1395 1023 1691 1070; x_wconf 83' lang='lat' dir='ltr'><strong>consecuta</strong></span> <span class='ocrx_word' id='word_1_114' title='bbox 1729 1025 1876 1079; x_wconf 87' lang='lat' dir='ltr'><strong>sunt,</strong></span> <span class='ocrx_word' id='word_1_115' title='bbox 1913 1031 2024 1087; x_wconf 87' lang='lat' dir='ltr'><strong>quo</strong></span> <span class='ocrx_word' id='word_1_116' title='bbox 2055 1023 2173 1071; x_wconf 21' lang='lat' dir='ltr'><strong>terni</strong></span> 
     </span>
    </p>
   </div>
   <div class='ocr_carea' id='block_1_15' title="bbox 2278 1012 3830 1088">
    <p class='ocr_par' dir='ltr' id='par_1_15' title="bbox 2294 1012 3830 1088">
     <span class='ocr_line' id='line_1_15' title="bbox 2294 1012 3830 1088; baseline -0.003 -18"><span class='ocrx_word' id='word_1_117' title='bbox 2294 1017 2502 1088; x_wconf 77' lang='grc' dir='ltr'>Κυρίου</span> <span class='ocrx_word' id='word_1_118' title='bbox 2533 1017 2613 1081; x_wconf 82' lang='grc' dir='ltr'><strong>είς</strong></span> <span class='ocrx_word' id='word_1_119' title='bbox 2645 1016 2706 1069; x_wconf 82' lang='grc' dir='ltr'>τὸ</span> <span class='ocrx_word' id='word_1_120' title='bbox 2735 1018 3112 1088; x_wconf 79' lang='grc' dir='ltr'>χωνευτήριον,</span> <span class='ocrx_word' id='word_1_121' title='bbox 3149 1015 3243 1068; x_wconf 71' lang='grc' dir='ltr'>καὶ</span> <span class='ocrx_word' id='word_1_122' title='bbox 3264 1012 3547 1085; x_wconf 48' lang='lat' dir='ltr'><strong>suspensa</strong></span> <span class='ocrx_word' id='word_1_123' title='bbox 3568 1012 3658 1082; x_wconf 80' lang='grc' dir='ltr'>τὴν</span> <span class='ocrx_word' id='word_1_124' title='bbox 3678 1013 3830 1082; x_wconf 75' lang='grc' dir='ltr'>ράὅδον</span> 
     </span>
    </p>
   </div>
   <div class='ocr_carea' id='block_1_16' title="bbox 619 1105 2173 1182">
    <p class='ocr_par' dir='ltr' id='par_1_16' title="bbox 619 1105 2173 1180">
     <span class='ocr_line' id='line_1_16' title="bbox 619 1105 2173 1180; baseline -0.005 -15"><span class='ocrx_word' id='word_1_125' title='bbox 619 1126 772 1180; x_wconf 87' lang='lat' dir='ltr'><strong>pore,</strong></span> <span class='ocrx_word' id='word_1_126' title='bbox 799 1118 858 1164; x_wconf 91' lang='lat' dir='ltr'><strong>ut</strong></span> <span class='ocrx_word' id='word_1_127' title='bbox 892 1118 975 1164; x_wconf 88' lang='lat' dir='ltr'><strong>est</strong></span> <span class='ocrx_word' id='word_1_128' title='bbox 1004 1108 1146 1179; x_wconf 89' lang='lat' dir='ltr'><strong>apud</strong></span> <span class='ocrx_word' id='word_1_129' title='bbox 1177 1106 1378 1161; x_wconf 88' lang='lat' dir='ltr'><strong>Lucam</strong></span> <span class='ocrx_word' id='word_1_130' title='bbox 1401 1146 1416 1170; x_wconf 97' lang='lat'><strong>,</strong></span> <span class='ocrx_word' id='word_1_131' title='bbox 1475 1124 1494 1157; x_wconf 81' lang='grc' dir='ltr'><strong>ι</strong></span> <span class='ocrx_word' id='word_1_132' title='bbox 1533 1105 1722 1160; x_wconf 87' lang='lat' dir='ltr'><strong>abiens</strong></span> <span class='ocrx_word' id='word_1_133' title='bbox 1757 1105 1924 1162; x_wconf 80' lang='lat' dir='ltr'><strong>Judas</strong></span> <span class='ocrx_word' id='word_1_134' title='bbox 1980 1107 2173 1162; x_wconf 80' lang='lat' dir='ltr'><strong>locutu:</strong></span> 
     </span>
    </p>
   </div>
   <div class='ocr_carea' id='block_1_17' title="bbox 2278 1105 3830 1182">
    <p class='ocr_par' dir='ltr' id='par_1_17' title="bbox 2294 1105 3830 1182">
     <span class='ocr_line' id='line_1_17' title="bbox 2294 1105 3830 1182; baseline -0.005 -17"><span class='ocrx_word' id='word_1_135' title='bbox 2294 1111 2391 1182; x_wconf 84' lang='grc' dir='ltr'>τὴν</span> <span class='ocrx_word' id='word_1_136' title='bbox 2420 1111 2679 1182; x_wconf 79' lang='grc' dir='ltr'><strong>δευτέραν</strong></span> <span class='ocrx_word' id='word_1_137' title='bbox 2711 1111 2770 1164; x_wconf 82' lang='grc' dir='ltr'>τὸ</span> <span class='ocrx_word' id='word_1_138' title='bbox 2794 1110 3099 1181; x_wconf 86' lang='grc' dir='ltr'>σχοίνισμα,</span> <span class='ocrx_word' id='word_1_139' title='bbox 3134 1107 3230 1162; x_wconf 85' lang='grc' dir='ltr'><strong>τοῦ</strong></span> <span class='ocrx_word' id='word_1_140' title='bbox 3257 1105 3605 1160; x_wconf 76' lang='grc' dir='ltr'><strong>διασκεδάσαι</strong></span> <span class='ocrx_word' id='word_1_141' title='bbox 3633 1105 3718 1175; x_wconf 79' lang='grc' dir='ltr'>τὴν</span> <span class='ocrx_word' id='word_1_142' title='bbox 3737 1109 3830 1158; x_wconf 78' lang='grc' dir='ltr'>Διε-</span> 
     </span>
    </p>
   </div>
   <div class='ocr_carea' id='block_1_18' title="bbox 617 1197 2173 1276">
    <p class='ocr_par' dir='ltr' id='par_1_18' title="bbox 617 1198 2173 1272">
     <span class='ocr_line' id='line_1_18' title="bbox 617 1198 2173 1272; baseline -0.003 -14"><span class='ocrx_word' id='word_1_143' title='bbox 617 1215 702 1258; x_wconf 85' lang='lat' dir='ltr'><strong>est</strong></span> <span class='ocrx_word' id='word_1_144' title='bbox 741 1218 862 1258; x_wconf 92' lang='lat' dir='ltr'><strong>cum</strong></span> <span class='ocrx_word' id='word_1_145' title='bbox 895 1201 1234 1272; x_wconf 87' lang='lat' dir='ltr'><strong>principibus</strong></span> <span class='ocrx_word' id='word_1_146' title='bbox 1282 1198 1625 1254; x_wconf 85' lang='lat' dir='ltr'><strong>sacerdotum</strong></span> <span class='ocrx_word' id='word_1_147' title='bbox 1661 1206 1715 1253; x_wconf 92' lang='lat' dir='ltr'><strong>et</strong></span> <span class='ocrx_word' id='word_1_148' title='bbox 1748 1199 1968 1259; x_wconf 85' lang='lat' dir='ltr'><strong>scribis.</strong></span> <span class='ocrx_word' id='word_1_149' title='bbox 2001 1207 2055 1254; x_wconf 88' lang='lat' dir='ltr'><strong>et</strong></span> <span class='ocrx_word' id='word_1_150' title='bbox 2087 1200 2173 1254; x_wconf 31' lang='lat' dir='ltr'><strong>du‘</strong></span> 
     </span>
    </p>
   </div>
   <div class='ocr_carea' id='block_1_19' title="bbox 2278 1197 3830 1276">
    <p class='ocr_par' dir='ltr' id='par_1_19' title="bbox 2295 1197 3830 1276">
     <span class='ocr_line' id='line_1_19' title="bbox 2295 1197 3830 1276; baseline -0.005 -18"><span class='ocrx_word' id='word_1_151' title='bbox 2295 1204 2466 1276; x_wconf 82' lang='grc' dir='ltr'>θήκην</span> <span class='ocrx_word' id='word_1_152' title='bbox 2499 1204 2602 1258; x_wconf 80' lang='grc' dir='ltr'><strong>ἀνὰ</strong></span> <span class='ocrx_word' id='word_1_153' title='bbox 2637 1204 2799 1276; x_wconf 81' lang='grc' dir='ltr'>μέσον</span> <span class='ocrx_word' id='word_1_154' title='bbox 2813 1203 2981 1257; x_wconf 85' lang='grc' dir='ltr'>Ἰούδα</span> <span class='ocrx_word' id='word_1_155' title='bbox 3014 1203 3108 1258; x_wconf 72' lang='grc' dir='ltr'>καὶ</span> <span class='ocrx_word' id='word_1_156' title='bbox 3137 1201 3240 1256; x_wconf 75' lang='grc' dir='ltr'>ἀνα</span> <span class='ocrx_word' id='word_1_157' title='bbox 3276 1201 3437 1272; x_wconf 84' lang='grc' dir='ltr'>μέσον</span> <span class='ocrx_word' id='word_1_158' title='bbox 3467 1197 3720 1270; x_wconf 71' lang='grc' dir='ltr'>Ἰσραήλ.»</span> <span class='ocrx_word' id='word_1_159' title='bbox 3746 1201 3830 1252; x_wconf 77' lang='grc' dir='ltr'><strong>Καὶ</strong></span> 
     </span>
    </p>
   </div>
   <div class='ocr_carea' id='block_1_20' title="bbox 616 1287 2173 1364">
    <p class='ocr_par' dir='ltr' id='par_1_20' title="bbox 616 1287 2172 1364">
     <span class='ocr_line' id='line_1_20' title="bbox 616 1287 2172 1364; baseline -0.003 -15"><span class='ocrx_word' id='word_1_160' title='bbox 616 1295 772 1349; x_wconf 84' lang='lat' dir='ltr'><strong>cibus</strong></span> <span class='ocrx_word' id='word_1_161' title='bbox 799 1293 1004 1364; x_wconf 86' lang='lat' dir='ltr'><strong>templi,</strong></span> <span class='ocrx_word' id='word_1_162' title='bbox 1031 1291 1305 1361; x_wconf 87' lang='lat' dir='ltr'><strong>quomodo</strong></span> <span class='ocrx_word' id='word_1_163' title='bbox 1337 1289 1489 1342; x_wconf 89' lang='lat' dir='ltr'><strong>illum</strong></span> <span class='ocrx_word' id='word_1_164' title='bbox 1520 1290 1600 1344; x_wconf 90' lang='lat' dir='ltr'><strong>eis</strong></span> <span class='ocrx_word' id='word_1_165' title='bbox 1629 1287 1900 1354; x_wconf 87' lang='lat' dir='ltr'><strong>traderet;</strong></span> <span class='ocrx_word' id='word_1_166' title='bbox 1939 1299 1992 1344; x_wconf 91' lang='lat' dir='ltr'><strong>et</strong></span> <span class='ocrx_word' id='word_1_167' title='bbox 2022 1290 2172 1360; x_wconf 86' lang='lat' dir='ltr'><strong>gavis</strong></span> 
     </span>
    </p>
   </div>
   <div class='ocr_carea' id='block_1_21' title="bbox 2278 1287 3824 1364">
    <p class='ocr_par' dir='ltr' id='par_1_21' title="bbox 2292 1287 3824 1364">
     <span class='ocr_line' id='line_1_21' title="bbox 2292 1287 3824 1364; baseline -0.005 -18"><span class='ocrx_word' id='word_1_168' title='bbox 2292 1293 2465 1348; x_wconf 89' lang='grc' dir='ltr'>ταῦτα</span> <span class='ocrx_word' id='word_1_169' title='bbox 2490 1293 2675 1356; x_wconf 81' lang='grc' dir='ltr'>τέλους</span> <span class='ocrx_word' id='word_1_170' title='bbox 2709 1293 3124 1364; x_wconf 83' lang='grc' dir='ltr'>ἐτύγχανεν,ὅτε</span> <span class='ocrx_word' id='word_1_171' title='bbox 3146 1333 3160 1356; x_wconf 94' lang='grc'><strong>,</strong></span> <span class='ocrx_word' id='word_1_172' title='bbox 3185 1290 3327 1344; x_wconf 77' lang='grc' dir='ltr'>κατὰ</span> <span class='ocrx_word' id='word_1_173' title='bbox 3368 1289 3468 1360; x_wconf 85' lang='grc' dir='ltr'>μὲν</span> <span class='ocrx_word' id='word_1_174' title='bbox 3500 1287 3591 1340; x_wconf 75' lang='grc' dir='ltr'><strong>τὸν</strong></span> <span class='ocrx_word' id='word_1_175' title='bbox 3625 1289 3824 1350; x_wconf 75' lang='grc' dir='ltr'>Λουκεῖν,</span> 
     </span>
    </p>
   </div>
   <div class='ocr_carea' id='block_1_22' title="bbox 616 1377 2173 1454">
    <p class='ocr_par' dir='ltr' id='par_1_22' title="bbox 616 1377 2173 1451">
     <span class='ocr_line' id='line_1_22' title="bbox 616 1377 2173 1451; baseline -0.003 -14"><span class='ocrx_word' id='word_1_176' title='bbox 616 1392 765 1445; x_wconf 88' lang='lat' dir='ltr'><strong>sunt,</strong></span> <span class='ocrx_word' id='word_1_177' title='bbox 803 1392 856 1436; x_wconf 90' lang='lat' dir='ltr'><strong>et</strong></span> <span class='ocrx_word' id='word_1_178' title='bbox 890 1381 1034 1451; x_wconf 85' lang='lat' dir='ltr'><strong>pacti</strong></span> <span class='ocrx_word' id='word_1_179' title='bbox 1069 1387 1198 1434; x_wconf 88' lang='lat' dir='ltr'><strong>sunt</strong></span> <span class='ocrx_word' id='word_1_180' title='bbox 1228 1388 1514 1450; x_wconf 83' lang='lat' dir='ltr'><strong>argentum</strong></span> <span class='ocrx_word' id='word_1_181' title='bbox 1548 1378 1625 1431; x_wconf 91' lang='lat' dir='ltr'><strong>illi</strong></span> <span class='ocrx_word' id='word_1_182' title='bbox 1654 1378 1787 1434; x_wconf 85' lang='lat' dir='ltr'><strong>dare</strong></span> <span class='ocrx_word' id='word_1_183' title='bbox 1815 1379 1881 1434; x_wconf 73' lang='lat'><strong>“.</strong></span> <span class='ocrx_word' id='word_1_184' title='bbox 1917 1399 1934 1432; x_wconf 78' lang='grc' dir='ltr'><strong>ι</strong></span> <span class='ocrx_word' id='word_1_185' title='bbox 1966 1377 2036 1435; x_wconf 91' lang='lat' dir='ltr'><strong>Ut</strong></span> <span class='ocrx_word' id='word_1_186' title='bbox 2061 1397 2173 1436; x_wconf 76' lang='grc' dir='ltr'>νει-ι</span> 
     </span>
    </p>
   </div>
   <div class='ocr_carea' id='block_1_23' title="bbox 2278 1377 3826 1454">
    <p class='ocr_par' dir='ltr' id='par_1_23' title="bbox 2300 1380 3826 1454">
     <span class='ocr_line' id='line_1_23' title="bbox 2300 1380 3826 1454; baseline -0.006 -13"><span class='ocrx_word' id='word_1_187' title='bbox 2300 1387 2584 1441; x_wconf 75' lang='grc' dir='ltr'>«ἀπελθὼν</span> <span class='ocrx_word' id='word_1_188' title='bbox 2624 1389 2654 1440; x_wconf 98' lang='lat'><strong>6</strong></span> <span class='ocrx_word' id='word_1_189' title='bbox 2703 1386 2902 1450; x_wconf 81' lang='grc' dir='ltr'><strong>Ἰούδας</strong></span> <span class='ocrx_word' id='word_1_190' title='bbox 2940 1384 3215 1440; x_wconf 86' lang='grc' dir='ltr'>συνελάλει</span> <span class='ocrx_word' id='word_1_191' title='bbox 3268 1387 3380 1446; x_wconf 87' lang='grc' dir='ltr'>τοῖς</span> <span class='ocrx_word' id='word_1_192' title='bbox 3429 1380 3726 1454; x_wconf 74' lang='grc' dir='ltr'><strong>ἀρχιερεῦσι</strong></span> <span class='ocrx_word' id='word_1_193' title='bbox 3757 1382 3826 1432; x_wconf 74' lang='grc' dir='ltr'><strong>καὶ</strong></span> 
     </span>
    </p>
   </div>
   <div class='ocr_carea' id='block_1_24' title="bbox 614 1470 2173 1550">
    <p class='ocr_par' dir='ltr' id='par_1_24' title="bbox 614 1470 2173 1544">
     <span class='ocr_line' id='line_1_24' title="bbox 614 1470 2173 1544; baseline -0.003 -15"><span class='ocrx_word' id='word_1_194' title='bbox 614 1475 760 1544; x_wconf 86' lang='lat' dir='ltr'><strong>apud</strong></span> <span class='ocrx_word' id='word_1_195' title='bbox 791 1474 1029 1526; x_wconf 87' lang='lat' dir='ltr'><strong>Marcum</strong></span> <span class='ocrx_word' id='word_1_196' title='bbox 1059 1472 1318 1542; x_wconf 75' lang='lat' dir='ltr'><strong>legimus,</strong></span> <span class='ocrx_word' id='word_1_197' title='bbox 1369 1486 1494 1525; x_wconf 91' lang='lat' dir='ltr'><strong>cum</strong></span> <span class='ocrx_word' id='word_1_198' title='bbox 1543 1470 1678 1524; x_wconf 89' lang='lat' dir='ltr'><strong>abiit</strong></span> <span class='ocrx_word' id='word_1_199' title='bbox 1720 1488 1739 1520; x_wconf 82' lang='grc' dir='ltr'><strong>ι</strong></span> <span class='ocrx_word' id='word_1_200' title='bbox 1799 1471 1864 1525; x_wconf 90' lang='lat' dir='ltr'><strong>ad</strong></span> <span class='ocrx_word' id='word_1_201' title='bbox 1914 1472 2173 1542; x_wconf 78' lang='lat' dir='ltr'><strong>principe:</strong></span> 
     </span>
    </p>
   </div>
   <div class='ocr_carea' id='block_1_25' title="bbox 2278 1470 3822 1550">
    <p class='ocr_par' dir='ltr' id='par_1_25' title="bbox 2295 1471 3822 1550">
     <span class='ocr_line' id='line_1_25' title="bbox 2295 1471 3822 1550; baseline -0.005 -20"><span class='ocrx_word' id='word_1_202' title='bbox 2295 1481 2617 1550; x_wconf 83' lang='grc' dir='ltr'><strong>στρατηγοῖς</strong></span> <span class='ocrx_word' id='word_1_203' title='bbox 2648 1478 2741 1532; x_wconf 91' lang='grc' dir='ltr'><strong>τοῦ</strong></span> <span class='ocrx_word' id='word_1_204' title='bbox 2794 1475 2962 1548; x_wconf 88' lang='grc' dir='ltr'>ἱεροῦ,</span> <span class='ocrx_word' id='word_1_205' title='bbox 3004 1477 3154 1538; x_wconf 83' lang='grc' dir='ltr'>ὅπως</span> <span class='ocrx_word' id='word_1_206' title='bbox 3187 1473 3348 1528; x_wconf 80' lang='grc' dir='ltr'>αὐτὸν</span> <span class='ocrx_word' id='word_1_207' title='bbox 3394 1471 3622 1544; x_wconf 83' lang='grc' dir='ltr'>παραδῷ</span> <span class='ocrx_word' id='word_1_208' title='bbox 3651 1473 3822 1532; x_wconf 76' lang='grc' dir='ltr'>αὐτοῖς’</span> 
     </span>
    </p>
   </div>
   <div class='ocr_carea' id='block_1_26' title="bbox 613 1557 2173 1642">
    <p class='ocr_par' dir='ltr' id='par_1_26' title="bbox 613 1557 2169 1631">
     <span class='ocr_line' id='line_1_26' title="bbox 613 1557 2169 1631; baseline -0.003 -11"><span class='ocrx_word' id='word_1_209' title='bbox 613 1562 963 1621; x_wconf 87' lang='lat' dir='ltr'><strong>sacerdotum</strong></span> <span class='ocrx_word' id='word_1_210' title='bbox 988 1600 1004 1626; x_wconf 92' lang='lat'><strong>,</strong></span> <span class='ocrx_word' id='word_1_211' title='bbox 1054 1569 1114 1615; x_wconf 90' lang='lat' dir='ltr'><strong>ut</strong></span> <span class='ocrx_word' id='word_1_212' title='bbox 1155 1561 1308 1614; x_wconf 86' lang='lat' dir='ltr'><strong>illum</strong></span> <span class='ocrx_word' id='word_1_213' title='bbox 1362 1559 1651 1630; x_wconf 85' lang='lat' dir='ltr'><strong>proderet;</strong></span> <span class='ocrx_word' id='word_1_214' title='bbox 1707 1557 1786 1612; x_wconf 88' lang='lat' dir='ltr'><strong>illi</strong></span> <span class='ocrx_word' id='word_1_215' title='bbox 1818 1567 1997 1616; x_wconf 85' lang='lat' dir='ltr'><strong>autem</strong></span> <span class='ocrx_word' id='word_1_216' title='bbox 2023 1562 2169 1631; x_wconf 85' lang='lat' dir='ltr'><strong>gavis</strong></span> 
     </span>
    </p>
   </div>
   <div class='ocr_carea' id='block_1_27' title="bbox 2278 1557 3818 1642">
    <p class='ocr_par' dir='ltr' id='par_1_27' title="bbox 2293 1563 3818 1642">
     <span class='ocr_line' id='line_1_27' title="bbox 2293 1563 3818 1642; baseline -0.006 -19"><span class='ocrx_word' id='word_1_217' title='bbox 2293 1571 2386 1623; x_wconf 79' lang='grc' dir='ltr'>καὶ</span> <span class='ocrx_word' id='word_1_218' title='bbox 2414 1571 2708 1642; x_wconf 78' lang='grc' dir='ltr'>ἐχάρησαν,</span> <span class='ocrx_word' id='word_1_219' title='bbox 2748 1572 2841 1624; x_wconf 72' lang='grc' dir='ltr'>καὶ</span> <span class='ocrx_word' id='word_1_220' title='bbox 2863 1569 3144 1624; x_wconf 80' lang='grc' dir='ltr'>συνέθεντο</span> <span class='ocrx_word' id='word_1_221' title='bbox 3171 1566 3321 1638; x_wconf 81' lang='grc' dir='ltr'><strong>αύτῷ</strong></span> <span class='ocrx_word' id='word_1_222' title='bbox 3353 1565 3596 1639; x_wconf 82' lang='grc' dir='ltr'>ἀργύρια</span> <span class='ocrx_word' id='word_1_223' title='bbox 3620 1563 3818 1616; x_wconf 82' lang='grc' dir='ltr'>δοῦναι.ι</span> 
     </span>
    </p>
   </div>
   <div class='ocr_carea' id='block_1_28' title="bbox 614 1651 2173 1736">
    <p class='ocr_par' dir='ltr' id='par_1_28' title="bbox 614 1651 2173 1724">
     <span class='ocr_line' id='line_1_28' title="bbox 614 1651 2173 1724; baseline -0.003 -13"><span class='ocrx_word' id='word_1_224' title='bbox 614 1663 778 1717; x_wconf 88' lang='lat' dir='ltr'><strong>sunt,</strong></span> <span class='ocrx_word' id='word_1_225' title='bbox 819 1661 874 1709; x_wconf 91' lang='lat' dir='ltr'><strong>et</strong></span> <span class='ocrx_word' id='word_1_226' title='bbox 904 1652 1275 1724; x_wconf 88' lang='lat' dir='ltr'><strong>promiserunt</strong></span> <span class='ocrx_word' id='word_1_227' title='bbox 1326 1651 1375 1706; x_wconf 92' lang='lat' dir='ltr'><strong>ei</strong></span> <span class='ocrx_word' id='word_1_228' title='bbox 1425 1666 1486 1708; x_wconf 88' lang='lat' dir='ltr'><strong>se</strong></span> <span class='ocrx_word' id='word_1_229' title='bbox 1545 1658 1829 1722; x_wconf 76' lang='lat' dir='ltr'><strong>argentum</strong></span> <span class='ocrx_word' id='word_1_230' title='bbox 1877 1651 2124 1708; x_wconf 90' lang='lat' dir='ltr'><strong>daturos.</strong></span> <span class='ocrx_word' id='word_1_231' title='bbox 2165 1673 2173 1706; x_wconf 84' lang='grc' dir='ltr'><strong>ι</strong></span> 
     </span>
    </p>
   </div>
   <div class='ocr_carea' id='block_1_29' title="bbox 2278 1651 3823 1736">
    <p class='ocr_par' dir='ltr' id='par_1_29' title="bbox 2291 1658 3823 1736">
     <span class='ocr_line' id='line_1_29' title="bbox 2291 1658 3823 1736; baseline -0.005 -19"><span class='ocrx_word' id='word_1_232' title='bbox 2291 1663 2448 1718; x_wconf 81' lang='grc' dir='ltr'>Κατὰ</span> <span class='ocrx_word' id='word_1_233' title='bbox 2474 1663 2528 1716; x_wconf 87' lang='grc' dir='ltr'>δὲ</span> <span class='ocrx_word' id='word_1_234' title='bbox 2550 1665 2641 1717; x_wconf 82' lang='grc' dir='ltr'>τὸν</span> <span class='ocrx_word' id='word_1_235' title='bbox 2669 1664 2913 1736; x_wconf 87' lang='grc' dir='ltr'>Μάρκον,</span> <span class='ocrx_word' id='word_1_236' title='bbox 2928 1662 3162 1735; x_wconf 83' lang='grc' dir='ltr'>ὁπηνίκα</span> <span class='ocrx_word' id='word_1_237' title='bbox 3190 1660 3425 1732; x_wconf 73' lang='grc' dir='ltr'>«ἀπῆλθε</span> <span class='ocrx_word' id='word_1_238' title='bbox 3462 1658 3599 1730; x_wconf 83' lang='grc' dir='ltr'>πρὸς</span> <span class='ocrx_word' id='word_1_239' title='bbox 3624 1658 3732 1718; x_wconf 71' lang='grc' dir='ltr'>τοὺς</span> <span class='ocrx_word' id='word_1_240' title='bbox 3751 1658 3823 1728; x_wconf 63' lang='grc' dir='ltr'><strong>ἀρα</strong></span> 
     </span>
    </p>
   </div>
   <div class='ocr_carea' id='block_1_30' title="bbox 614 1743 2173 1828">
    <p class='ocr_par' dir='ltr' id='par_1_30' title="bbox 614 1743 2173 1817">
     <span class='ocr_line' id='line_1_30' title="bbox 614 1743 2173 1817; baseline -0.001 -17"><span class='ocrx_word' id='word_1_241' title='bbox 614 1745 818 1802; x_wconf 68' lang='lat' dir='ltr'><strong>Verum</strong></span> <span class='ocrx_word' id='word_1_242' title='bbox 865 1744 1007 1817; x_wconf 90' lang='lat' dir='ltr'><strong>apud</strong></span> <span class='ocrx_word' id='word_1_243' title='bbox 1077 1745 1178 1800; x_wconf 90' lang='lat' dir='ltr'><strong>hos</strong></span> <span class='ocrx_word' id='word_1_244' title='bbox 1229 1745 1452 1814; x_wconf 89' lang='lat' dir='ltr'><strong>quidem</strong></span> <span class='ocrx_word' id='word_1_245' title='bbox 1508 1751 1794 1816; x_wconf 85' lang='lat' dir='ltr'><strong>argentum</strong></span> <span class='ocrx_word' id='word_1_246' title='bbox 1867 1743 2173 1813; x_wconf 81' lang='lat' dir='ltr'><strong>simplicitei</strong></span> 
     </span>
    </p>
   </div>
   <div class='ocr_carea' id='block_1_31' title="bbox 2278 1743 3819 1828">
    <p class='ocr_par' dir='ltr' id='par_1_31' title="bbox 2291 1752 3819 1828">
     <span class='ocr_line' id='line_1_31' title="bbox 2291 1752 3819 1828; baseline -0.005 -20"><span class='ocrx_word' id='word_1_247' title='bbox 2291 1758 2510 1828; x_wconf 87' lang='grc' dir='ltr'>χιερεῖς,</span> <span class='ocrx_word' id='word_1_248' title='bbox 2533 1757 2618 1809; x_wconf 83' lang='grc' dir='ltr'>ἵνα</span> <span class='ocrx_word' id='word_1_249' title='bbox 2650 1755 2875 1827; x_wconf 88' lang='grc' dir='ltr'>παραδῷ</span> <span class='ocrx_word' id='word_1_250' title='bbox 2904 1756 3084 1810; x_wconf 81' lang='grc' dir='ltr'>αὐτόν.</span> <span class='ocrx_word' id='word_1_251' title='bbox 3109 1755 3172 1808; x_wconf 74' lang='lat' dir='ltr'><strong>Oi</strong></span> <span class='ocrx_word' id='word_1_252' title='bbox 3191 1753 3247 1807; x_wconf 88' lang='grc' dir='ltr'><strong>δέ</strong></span> <span class='ocrx_word' id='word_1_253' title='bbox 3269 1752 3570 1824; x_wconf 78' lang='grc' dir='ltr'>ἐχάρησαν,</span> <span class='ocrx_word' id='word_1_254' title='bbox 3597 1755 3682 1804; x_wconf 77' lang='grc' dir='ltr'>καὶ</span> <span class='ocrx_word' id='word_1_255' title='bbox 3698 1755 3819 1815; x_wconf 72' lang='grc' dir='ltr'>ἐπεγ-</span> 
     </span>
    </p>
   </div>
   <div class='ocr_carea' id='block_1_32' title="bbox 613 1835 2173 1918">
    <p class='ocr_par' dir='ltr' id='par_1_32' title="bbox 613 1835 2173 1907">
     <span class='ocr_line' id='line_1_32' title="bbox 613 1835 2173 1907; baseline -0.003 -11"><span class='ocrx_word' id='word_1_256' title='bbox 613 1839 955 1896; x_wconf 88' lang='lat' dir='ltr'><strong>nominatum</strong></span> <span class='ocrx_word' id='word_1_257' title='bbox 1005 1844 1110 1893; x_wconf 87' lang='lat' dir='ltr'><strong>est.</strong></span> <span class='ocrx_word' id='word_1_258' title='bbox 1144 1836 1301 1907; x_wconf 87' lang='lat' dir='ltr'><strong>Apud</strong></span> <span class='ocrx_word' id='word_1_259' title='bbox 1339 1835 1648 1892; x_wconf 63' lang='lat' dir='ltr'><strong>Mattbmum</strong></span> <span class='ocrx_word' id='word_1_260' title='bbox 1679 1845 1861 1892; x_wconf 88' lang='lat' dir='ltr'><strong>autem</strong></span> <span class='ocrx_word' id='word_1_261' title='bbox 1928 1853 2173 1893; x_wconf 70' lang='lat' dir='ltr'><strong>numerus</strong></span> 
     </span>
    </p>
   </div>
   <div class='ocr_carea' id='block_1_33' title="bbox 2278 1835 3820 1918">
    <p class='ocr_par' dir='ltr' id='par_1_33' title="bbox 2294 1839 3820 1918">
     <span class='ocr_line' id='line_1_33' title="bbox 2294 1839 3820 1918; baseline -0.005 -20"><span class='ocrx_word' id='word_1_262' title='bbox 2294 1845 2542 1914; x_wconf 89' lang='grc' dir='ltr'>γείλαντο</span> <span class='ocrx_word' id='word_1_263' title='bbox 2585 1846 2733 1917; x_wconf 81' lang='grc' dir='ltr'>αὐτῷ</span> <span class='ocrx_word' id='word_1_264' title='bbox 2776 1846 3014 1918; x_wconf 84' lang='grc' dir='ltr'>ἀργύρια</span> <span class='ocrx_word' id='word_1_265' title='bbox 3066 1844 3270 1898; x_wconf 90' lang='grc' dir='ltr'>δοῦναι.</span> <span class='ocrx_word' id='word_1_266' title='bbox 3319 1863 3335 1895; x_wconf 81' lang='grc' dir='ltr'><strong>ι</strong></span> <span class='ocrx_word' id='word_1_267' title='bbox 3377 1843 3520 1896; x_wconf 72' lang='grc' dir='ltr'>Ἀλλ’</span> <span class='ocrx_word' id='word_1_268' title='bbox 3565 1843 3619 1894; x_wconf 85' lang='grc' dir='ltr'><strong>ἐν</strong></span> <span class='ocrx_word' id='word_1_269' title='bbox 3661 1839 3820 1900; x_wconf 66' lang='lat' dir='ltr'><strong>mimi;</strong></span> 
     </span>
    </p>
   </div>
   <div class='ocr_carea' id='block_1_34' title="bbox 611 1929 2173 2010">
    <p class='ocr_par' dir='ltr' id='par_1_34' title="bbox 611 1929 2173 2004">
     <span class='ocr_line' id='line_1_34' title="bbox 611 1929 2173 2004; baseline -0.002 -17"><span class='ocrx_word' id='word_1_270' title='bbox 611 1946 833 2004; x_wconf 89' lang='lat' dir='ltr'><strong>quoque</strong></span> <span class='ocrx_word' id='word_1_271' title='bbox 860 1930 1156 1994; x_wconf 87' lang='lat' dir='ltr'><strong>indicatur,</strong></span> <span class='ocrx_word' id='word_1_272' title='bbox 1189 1929 1282 2000; x_wconf 90' lang='lat' dir='ltr'><strong>qui</strong></span> <span class='ocrx_word' id='word_1_273' title='bbox 1316 1945 1448 1995; x_wconf 83' lang='lat' dir='ltr'><strong>sane</strong></span> <span class='ocrx_word' id='word_1_274' title='bbox 1475 1929 1546 1984; x_wconf 91' lang='lat' dir='ltr'><strong>ab</strong></span> <span class='ocrx_word' id='word_1_275' title='bbox 1574 1945 1640 1986; x_wconf 92' lang='lat' dir='ltr'><strong>eo</strong></span> <span class='ocrx_word' id='word_1_276' title='bbox 1674 1945 1834 2000; x_wconf 91' lang='lat' dir='ltr'><strong>quem</strong></span> <span class='ocrx_word' id='word_1_277' title='bbox 1869 1930 2054 2000; x_wconf 88' lang='lat' dir='ltr'><strong>posuit</strong></span> <span class='ocrx_word' id='word_1_278' title='bbox 2082 1929 2173 1984; x_wconf 87' lang='lat' dir='ltr'><strong>Za-</strong></span> 
     </span>
    </p>
   </div>
   <div class='ocr_carea' id='block_1_35' title="bbox 2278 1929 3818 2010">
    <p class='ocr_par' dir='ltr' id='par_1_35' title="bbox 2296 1933 3818 2010">
     <span class='ocr_line' id='line_1_35' title="bbox 2296 1933 3818 2010; baseline -0.003 -20"><span class='ocrx_word' id='word_1_279' title='bbox 2296 1937 2392 2007; x_wconf 80' lang='grc' dir='ltr'>μὲν</span> <span class='ocrx_word' id='word_1_280' title='bbox 2419 1937 2604 2001; x_wconf 84' lang='grc' dir='ltr'>ἁπλῶς</span> <span class='ocrx_word' id='word_1_281' title='bbox 2634 1939 2696 1992; x_wconf 84' lang='grc' dir='ltr'>τὸ</span> <span class='ocrx_word' id='word_1_282' title='bbox 2717 1938 2976 2010; x_wconf 85' lang='grc' dir='ltr'>ἀργύριον</span> <span class='ocrx_word' id='word_1_283' title='bbox 3000 1937 3333 2009; x_wconf 83' lang='grc' dir='ltr'>ὠνόμασται·</span> <span class='ocrx_word' id='word_1_284' title='bbox 3360 1934 3520 2008; x_wconf 83' lang='grc' dir='ltr'>παρὰ</span> <span class='ocrx_word' id='word_1_285' title='bbox 3545 1935 3599 1988; x_wconf 84' lang='grc' dir='ltr'><strong>δέ</strong></span> <span class='ocrx_word' id='word_1_286' title='bbox 3622 1933 3691 2004; x_wconf 81' lang='grc' dir='ltr'>τῷ</span> <span class='ocrx_word' id='word_1_287' title='bbox 3713 1933 3818 1987; x_wconf 75' lang='lat' dir='ltr'><strong>Mr.-</strong></span> 
     </span>
    </p>
   </div>
   <div class='ocr_carea' id='block_1_36' title="bbox 603 2021 2173 2101">
    <p class='ocr_par' dir='ltr' id='par_1_36' title="bbox 603 2021 2173 2094">
     <span class='ocr_line' id='line_1_36' title="bbox 603 2021 2173 2094; baseline -0.004 -14"><span class='ocrx_word' id='word_1_288' title='bbox 603 2025 830 2080; x_wconf 80' lang='lat' dir='ltr'><strong>charias</strong></span> <span class='ocrx_word' id='word_1_289' title='bbox 855 2024 1080 2079; x_wconf 89' lang='lat' dir='ltr'><strong>minime</strong></span> <span class='ocrx_word' id='word_1_290' title='bbox 1112 2023 1407 2092; x_wconf 84' lang='lat' dir='ltr'><strong>discrepat.</strong></span> <span class='ocrx_word' id='word_1_291' title='bbox 1456 2021 1597 2077; x_wconf 92' lang='lat' dir='ltr'><strong>Dicit</strong></span> <span class='ocrx_word' id='word_1_292' title='bbox 1647 2023 1811 2094; x_wconf 88' lang='lat' dir='ltr'><strong>igitur</strong></span> <span class='ocrx_word' id='word_1_293' title='bbox 1857 2022 2173 2078; x_wconf 66' lang='lat' dir='ltr'><strong>Mattbzeus:</strong></span> 
     </span>
    </p>
   </div>
   <div class='ocr_carea' id='block_1_37' title="bbox 2278 2021 3818 2101">
    <p class='ocr_par' dir='ltr' id='par_1_37' title="bbox 2293 2023 3818 2101">
     <span class='ocr_line' id='line_1_37' title="bbox 2293 2023 3818 2101; baseline -0.005 -19"><span class='ocrx_word' id='word_1_294' title='bbox 2293 2028 2429 2100; x_wconf 87' lang='grc' dir='ltr'>θαίῳ</span> <span class='ocrx_word' id='word_1_295' title='bbox 2463 2029 2856 2101; x_wconf 84' lang='grc' dir='ltr'>μνημονεύεται</span> <span class='ocrx_word' id='word_1_296' title='bbox 2899 2029 2991 2082; x_wconf 74' lang='grc' dir='ltr'>καὶ</span> <span class='ocrx_word' id='word_1_297' title='bbox 3031 2031 3060 2082; x_wconf 88' lang='lat'><strong>6</strong></span> <span class='ocrx_word' id='word_1_298' title='bbox 3105 2027 3357 2101; x_wconf 77' lang='grc' dir='ltr'>ἀριθμὸς,</span> <span class='ocrx_word' id='word_1_299' title='bbox 3396 2027 3632 2098; x_wconf 78' lang='grc' dir='ltr'>συνᾴδων</span> <span class='ocrx_word' id='word_1_300' title='bbox 3660 2028 3714 2094; x_wconf 77' lang='grc' dir='ltr'><strong>τῇ</strong></span> <span class='ocrx_word' id='word_1_301' title='bbox 3741 2023 3818 2076; x_wconf 73' lang='grc' dir='ltr'>ἀπὸ</span> 
     </span>
    </p>
   </div>
   <div class='ocr_carea' id='block_1_38' title="bbox 616 2114 2173 2196">
    <p class='ocr_par' dir='ltr' id='par_1_38' title="bbox 616 2114 2173 2185">
     <span class='ocr_line' id='line_1_38' title="bbox 616 2114 2173 2185; baseline -0.003 -14"><span class='ocrx_word' id='word_1_302' title='bbox 616 2137 636 2171; x_wconf 72' lang='grc' dir='ltr'><strong>ι</strong></span> <span class='ocrx_word' id='word_1_303' title='bbox 670 2118 824 2173; x_wconf 89' lang='lat' dir='ltr'><strong>Tunc</strong></span> <span class='ocrx_word' id='word_1_304' title='bbox 856 2118 1045 2173; x_wconf 84' lang='lat' dir='ltr'><strong>abiens</strong></span> <span class='ocrx_word' id='word_1_305' title='bbox 1076 2132 1218 2172; x_wconf 90' lang='lat' dir='ltr'><strong>unus</strong></span> <span class='ocrx_word' id='word_1_306' title='bbox 1251 2116 1318 2171; x_wconf 91' lang='lat' dir='ltr'><strong>de</strong></span> <span class='ocrx_word' id='word_1_307' title='bbox 1337 2116 1644 2178; x_wconf 81' lang='lat' dir='ltr'><strong>duodecim,</strong></span> <span class='ocrx_word' id='word_1_308' title='bbox 1669 2116 1763 2185; x_wconf 89' lang='lat' dir='ltr'><strong>qui</strong></span> <span class='ocrx_word' id='word_1_309' title='bbox 1788 2115 1991 2170; x_wconf 88' lang='lat' dir='ltr'><strong>dicitur</strong></span> <span class='ocrx_word' id='word_1_310' title='bbox 2021 2114 2173 2170; x_wconf 76' lang='lat' dir='ltr'><strong>Judm</strong></span> 
     </span>
    </p>
   </div>
   <div class='ocr_carea' id='block_1_39' title="bbox 2278 2114 3812 2196">
    <p class='ocr_par' dir='ltr' id='par_1_39' title="bbox 2289 2114 3812 2196">
     <span class='ocr_line' id='line_1_39' title="bbox 2289 2114 3812 2196; baseline -0.003 -23"><span class='ocrx_word' id='word_1_311' title='bbox 2289 2120 2383 2173; x_wconf 85' lang='grc' dir='ltr'><strong>τοῦ</strong></span> <span class='ocrx_word' id='word_1_312' title='bbox 2413 2121 2680 2196; x_wconf 73' lang='grc' dir='ltr'>Ζαχαρίου</span> <span class='ocrx_word' id='word_1_313' title='bbox 2715 2121 3036 2193; x_wconf 80' lang='grc' dir='ltr'>παραθέσει.</span> <span class='ocrx_word' id='word_1_314' title='bbox 3069 2121 3230 2189; x_wconf 82' lang='grc' dir='ltr'>Λέγει</span> <span class='ocrx_word' id='word_1_315' title='bbox 3266 2120 3312 2174; x_wconf 79' lang='grc' dir='ltr'>δ’</span> <span class='ocrx_word' id='word_1_316' title='bbox 3354 2114 3451 2173; x_wconf 80' lang='grc' dir='ltr'>οὖν</span> <span class='ocrx_word' id='word_1_317' title='bbox 3493 2121 3523 2172; x_wconf 82' lang='lat'><strong>6</strong></span> <span class='ocrx_word' id='word_1_318' title='bbox 3562 2117 3812 2178; x_wconf 71' lang='grc' dir='ltr'>Ματθαῖιις·</span> 
     </span>
    </p>
   </div>
   <div class='ocr_carea' id='block_1_40' title="bbox 2297 2210 3815 2285">
    <p class='ocr_par' dir='ltr' id='par_1_40' title="bbox 2297 2210 3815 2285">
     <span class='ocr_line' id='line_1_40' title="bbox 2297 2210 3815 2285; baseline -0.002 -21"><span class='ocrx_word' id='word_1_319' title='bbox 2297 2235 2314 2264; x_wconf 78' lang='grc' dir='ltr'><strong>ι</strong></span> <span class='ocrx_word' id='word_1_320' title='bbox 2334 2214 2464 2267; x_wconf 86' lang='grc' dir='ltr'>Τότε</span> <span class='ocrx_word' id='word_1_321' title='bbox 2497 2214 2780 2285; x_wconf 76' lang='grc' dir='ltr'>πορευθεὶς</span> <span class='ocrx_word' id='word_1_322' title='bbox 2799 2210 2879 2277; x_wconf 75' lang='grc' dir='ltr'>εἷς</span> <span class='ocrx_word' id='word_1_323' title='bbox 2906 2213 3014 2266; x_wconf 81' lang='grc' dir='ltr'>τῶν</span> <span class='ocrx_word' id='word_1_324' title='bbox 3046 2211 3272 2277; x_wconf 76' lang='grc' dir='ltr'>δώδεκα,</span> <span class='ocrx_word' id='word_1_325' title='bbox 3299 2217 3327 2267; x_wconf 81' lang='lat'><strong>6</strong></span> <span class='ocrx_word' id='word_1_326' title='bbox 3349 2211 3640 2284; x_wconf 85' lang='grc' dir='ltr'>λεγόμενος</span> <span class='ocrx_word' id='word_1_327' title='bbox 3667 2210 3815 2269; x_wconf 76' lang='grc' dir='ltr'>Ἰούδας</span> 
     </span>
    </p>
   </div>
   <div class='ocr_carea' id='block_1_41' title="bbox 2302 2302 3813 2378">
    <p class='ocr_par' dir='ltr' id='par_1_41' title="bbox 2302 2302 3813 2378">
     <span class='ocr_line' id='line_1_41' title="bbox 2302 2302 3813 2378; baseline -0.002 -19"><span class='ocrx_word' id='word_1_328' title='bbox 2302 2305 2672 2378; x_wconf 78' lang='grc' dir='ltr'>Ἰσκαριώτης,</span> <span class='ocrx_word' id='word_1_329' title='bbox 2708 2306 2843 2378; x_wconf 87' lang='grc' dir='ltr'>πρὸς</span> <span class='ocrx_word' id='word_1_330' title='bbox 2873 2308 2999 2371; x_wconf 76' lang='grc' dir='ltr'>τοὺς</span> <span class='ocrx_word' id='word_1_331' title='bbox 3027 2307 3334 2378; x_wconf 81' lang='grc' dir='ltr'>ἀρχιερεῖς,</span> <span class='ocrx_word' id='word_1_332' title='bbox 3370 2302 3528 2361; x_wconf 74' lang='grc' dir='ltr'>εἶπεν</span> <span class='ocrx_word' id='word_1_333' title='bbox 3559 2307 3740 2370; x_wconf 81' lang='grc' dir='ltr'>αὐτοῖς·</span> <span class='ocrx_word' id='word_1_334' title='bbox 3769 2306 3813 2357; x_wconf 79' lang='grc' dir='ltr'><strong>ΤΞ</strong></span> 
     </span>
    </p>
   </div>
   <div class='ocr_carea' id='block_1_42' title="bbox 2291 2397 3812 2472">
    <p class='ocr_par' dir='ltr' id='par_1_42' title="bbox 2291 2397 3812 2472">
     <span class='ocr_line' id='line_1_42' title="bbox 2291 2397 3812 2472; baseline -0.001 -22"><span class='ocrx_word' id='word_1_335' title='bbox 2291 2397 2471 2451; x_wconf 81' lang='grc' dir='ltr'>θέλετέ</span> <span class='ocrx_word' id='word_1_336' title='bbox 2495 2415 2584 2470; x_wconf 92' lang='grc' dir='ltr'><strong>μοι</strong></span> <span class='ocrx_word' id='word_1_337' title='bbox 2617 2397 2840 2462; x_wconf 86' lang='grc' dir='ltr'>δοῦναι,</span> <span class='ocrx_word' id='word_1_338' title='bbox 2877 2397 3033 2467; x_wconf 85' lang='grc' dir='ltr'><strong>κάγὼ</strong></span> <span class='ocrx_word' id='word_1_339' title='bbox 3069 2399 3196 2470; x_wconf 75' lang='grc' dir='ltr'>ὑμῖν</span> <span class='ocrx_word' id='word_1_340' title='bbox 3230 2399 3544 2472; x_wconf 80' lang='grc' dir='ltr'>παραδώσω</span> <span class='ocrx_word' id='word_1_341' title='bbox 3575 2400 3744 2461; x_wconf 78' lang='grc' dir='ltr'>αὐτόνς</span> <span class='ocrx_word' id='word_1_342' title='bbox 3768 2399 3812 2449; x_wconf 84' lang='grc' dir='ltr'><strong>Οἱ</strong></span> 
     </span>
    </p>
   </div>
   <div class='ocr_carea' id='block_1_43' title="bbox 2287 2489 3810 2563">
    <p class='ocr_par' dir='ltr' id='par_1_43' title="bbox 2287 2489 3810 2563">
     <span class='ocr_line' id='line_1_43' title="bbox 2287 2489 3810 2563; baseline -0.003 -19"><span class='ocrx_word' id='word_1_343' title='bbox 2287 2490 2345 2544; x_wconf 84' lang='grc' dir='ltr'>δὲ</span> <span class='ocrx_word' id='word_1_344' title='bbox 2391 2490 2624 2562; x_wconf 79' lang='grc' dir='ltr'>ἔστησαν</span> <span class='ocrx_word' id='word_1_345' title='bbox 2665 2490 2814 2562; x_wconf 82' lang='grc' dir='ltr'><strong>αύτῷ</strong></span> <span class='ocrx_word' id='word_1_346' title='bbox 2858 2490 3150 2563; x_wconf 86' lang='grc' dir='ltr'>τριάκοντα</span> <span class='ocrx_word' id='word_1_347' title='bbox 3201 2492 3502 2563; x_wconf 81' lang='grc' dir='ltr'>στατῆρας.</span> <span class='ocrx_word' id='word_1_348' title='bbox 3544 2511 3563 2543; x_wconf 76' lang='grc' dir='ltr'><strong>ι</strong></span> <span class='ocrx_word' id='word_1_349' title='bbox 3596 2489 3810 2561; x_wconf 74' lang='grc' dir='ltr'>Σύμφωνα</span> 
     </span>
    </p>
   </div>
   <div class='ocr_carea' id='block_1_44' title="bbox 2288 2580 3808 2656">
    <p class='ocr_par' dir='ltr' id='par_1_44' title="bbox 2288 2580 3808 2656">
     <span class='ocr_line' id='line_1_44' title="bbox 2288 2580 3808 2656; baseline -0.002 -19"><span class='ocrx_word' id='word_1_350' title='bbox 2288 2580 2378 2637; x_wconf 82' lang='grc' dir='ltr'><strong>οὖν</strong></span> <span class='ocrx_word' id='word_1_351' title='bbox 2392 2583 2564 2638; x_wconf 83' lang='grc' dir='ltr'>ταῦτά</span> <span class='ocrx_word' id='word_1_352' title='bbox 2587 2584 2817 2656; x_wconf 82' lang='grc' dir='ltr'>ἐστιτῷ,</span> <span class='ocrx_word' id='word_1_353' title='bbox 2849 2586 2986 2638; x_wconf 72' lang='grc' dir='ltr'><strong>«Καὶ</strong></span> <span class='ocrx_word' id='word_1_354' title='bbox 3006 2584 3238 2656; x_wconf 78' lang='grc' dir='ltr'>ἔστησαν</span> <span class='ocrx_word' id='word_1_355' title='bbox 3261 2584 3352 2638; x_wconf 80' lang='grc' dir='ltr'>τὸν</span> <span class='ocrx_word' id='word_1_356' title='bbox 3376 2584 3570 2655; x_wconf 87' lang='grc' dir='ltr'>μισθόν</span> <span class='ocrx_word' id='word_1_357' title='bbox 3591 2601 3679 2654; x_wconf 81' lang='grc' dir='ltr'><strong>μου</strong></span> <span class='ocrx_word' id='word_1_358' title='bbox 3695 2583 3808 2654; x_wconf 77' lang='grc' dir='ltr'>τριά-</span> 
     </span>
    </p>
   </div>
   <div class='ocr_carea' id='block_1_45' title="bbox 2289 2673 3808 2750">
    <p class='ocr_par' dir='ltr' id='par_1_45' title="bbox 2289 2673 3808 2750">
     <span class='ocr_line' id='line_1_45' title="bbox 2289 2673 3808 2750; baseline -0.002 -21"><span class='ocrx_word' id='word_1_359' title='bbox 2289 2693 2451 2729; x_wconf 90' lang='grc' dir='ltr'>κοντα</span> <span class='ocrx_word' id='word_1_360' title='bbox 2484 2677 2758 2750; x_wconf 82' lang='grc' dir='ltr'>ἀργυροῦς</span> <span class='ocrx_word' id='word_1_361' title='bbox 2780 2718 2794 2742; x_wconf 99' lang='grc'><strong>,</strong></span> <span class='ocrx_word' id='word_1_362' title='bbox 2828 2697 2846 2729; x_wconf 74' lang='grc' dir='ltr'><strong>ι</strong></span> <span class='ocrx_word' id='word_1_363' title='bbox 2887 2679 2944 2731; x_wconf 76' lang='grc' dir='ltr'><strong>ἐν</strong></span> <span class='ocrx_word' id='word_1_364' title='bbox 2974 2679 3041 2749; x_wconf 79' lang='grc' dir='ltr'>τῇ</span> <span class='ocrx_word' id='word_1_365' title='bbox 3093 2677 3403 2750; x_wconf 76' lang='grc' dir='ltr'>προφητεία</span> <span class='ocrx_word' id='word_1_366' title='bbox 3447 2677 3703 2750; x_wconf 72' lang='grc' dir='ltr'>εἰρημένῳ</span> <span class='ocrx_word' id='word_1_367' title='bbox 3735 2673 3808 2728; x_wconf 74' lang='grc' dir='ltr'>ὑπὸ</span> 
     </span>
    </p>
   </div>
   <div class='ocr_carea' id='block_1_46' title="bbox 623 341 729 398">
    <p class='ocr_par' dir='ltr' id='par_1_46' title="bbox 623 341 729 398">
     <span class='ocr_line' id='line_1_46' title="bbox 623 341 729 398; baseline 0 -1"><span class='ocrx_word' id='word_1_368' title='bbox 623 341 729 398; x_wconf 67' lang='grc'><strong>745</strong></span> 
     </span>
    </p>
   </div>
   <div class='ocr_carea' id='block_1_47' title="bbox 610 2207 2188 2281">
    <p class='ocr_par' dir='ltr' id='par_1_47' title="bbox 610 2207 2188 2281">
     <span class='ocr_line' id='line_1_47' title="bbox 610 2207 2188 2281; baseline -0.003 -14"><span class='ocrx_word' id='word_1_369' title='bbox 610 2211 921 2275; x_wconf 83' lang='lat' dir='ltr'><strong>lscariotes,</strong></span> <span class='ocrx_word' id='word_1_370' title='bbox 941 2210 1007 2264; x_wconf 91' lang='lat' dir='ltr'><strong>ad</strong></span> <span class='ocrx_word' id='word_1_371' title='bbox 1037 2211 1313 2281; x_wconf 88' lang='lat' dir='ltr'><strong>principes</strong></span> <span class='ocrx_word' id='word_1_372' title='bbox 1337 2208 1708 2273; x_wconf 87' lang='lat' dir='ltr'><strong>sacerdotum,</strong></span> <span class='ocrx_word' id='word_1_373' title='bbox 1727 2208 1865 2262; x_wconf 85' lang='lat' dir='ltr'><strong>dixit</strong></span> <span class='ocrx_word' id='word_1_374' title='bbox 1895 2209 1975 2263; x_wconf 93' lang='lat' dir='ltr'><strong>eis</strong></span> <span class='ocrx_word' id='word_1_375' title='bbox 2002 2227 2015 2263; x_wconf 91' lang='lat'>:</span> <span class='ocrx_word' id='word_1_376' title='bbox 2047 2207 2188 2275; x_wconf 81' lang='lat' dir='ltr'><strong>Quid</strong></span> 
     </span>
    </p>
   </div>
   <div class='ocr_carea' id='block_1_48' title="bbox 609 2299 2186 2372">
    <p class='ocr_par' dir='ltr' id='par_1_48' title="bbox 609 2299 2186 2372">
     <span class='ocr_line' id='line_1_48' title="bbox 609 2299 2186 2372; baseline -0.001 -15"><span class='ocrx_word' id='word_1_377' title='bbox 609 2307 776 2361; x_wconf 91' lang='lat' dir='ltr'><strong>vultis</strong></span> <span class='ocrx_word' id='word_1_378' title='bbox 808 2304 939 2358; x_wconf 90' lang='lat' dir='ltr'><strong>mihi</strong></span> <span class='ocrx_word' id='word_1_379' title='bbox 965 2302 1117 2365; x_wconf 88' lang='lat' dir='ltr'><strong>dare,</strong></span> <span class='ocrx_word' id='word_1_380' title='bbox 1146 2309 1200 2358; x_wconf 92' lang='lat' dir='ltr'><strong>et</strong></span> <span class='ocrx_word' id='word_1_381' title='bbox 1231 2318 1330 2372; x_wconf 85' lang='lat' dir='ltr'><strong>ego</strong></span> <span class='ocrx_word' id='word_1_382' title='bbox 1353 2316 1477 2356; x_wconf 91' lang='lat' dir='ltr'><strong>eum</strong></span> <span class='ocrx_word' id='word_1_383' title='bbox 1504 2301 1660 2356; x_wconf 86' lang='lat' dir='ltr'><strong>vobis</strong></span> <span class='ocrx_word' id='word_1_384' title='bbox 1689 2299 1948 2355; x_wconf 89' lang='lat' dir='ltr'><strong>tradam?</strong></span> <span class='ocrx_word' id='word_1_385' title='bbox 1973 2301 2051 2355; x_wconf 92' lang='lat' dir='ltr'><strong>illi</strong></span> <span class='ocrx_word' id='word_1_386' title='bbox 2085 2316 2186 2356; x_wconf 78' lang='lat' dir='ltr'><strong>au-</strong></span> 
     </span>
    </p>
   </div>
   <div class='ocr_carea' id='block_1_49' title="bbox 607 2391 2188 2464">
    <p class='ocr_par' dir='ltr' id='par_1_49' title="bbox 607 2391 2188 2464">
     <span class='ocr_line' id='line_1_49' title="bbox 607 2391 2188 2464; baseline -0.003 -11"><span class='ocrx_word' id='word_1_387' title='bbox 607 2408 716 2453; x_wconf 88' lang='lat' dir='ltr'><strong>tem</strong></span> <span class='ocrx_word' id='word_1_388' title='bbox 746 2397 1150 2452; x_wconf 85' lang='lat' dir='ltr'><strong>constituerunt</strong></span> <span class='ocrx_word' id='word_1_389' title='bbox 1191 2395 1240 2449; x_wconf 88' lang='lat' dir='ltr'><strong>ei</strong></span> <span class='ocrx_word' id='word_1_390' title='bbox 1269 2393 1494 2464; x_wconf 88' lang='lat' dir='ltr'><strong>triginta</strong></span> <span class='ocrx_word' id='word_1_391' title='bbox 1523 2401 1758 2448; x_wconf 88' lang='lat' dir='ltr'><strong>stateres</strong></span> <span class='ocrx_word' id='word_1_392' title='bbox 1789 2393 1858 2448; x_wconf 86' lang='lat'><strong>&quot;&#39;.</strong></span> <span class='ocrx_word' id='word_1_393' title='bbox 1889 2412 1908 2446; x_wconf 69' lang='grc' dir='ltr'><strong>ι</strong></span> <span class='ocrx_word' id='word_1_394' title='bbox 1943 2391 2188 2450; x_wconf 87' lang='lat' dir='ltr'><strong>Consen-</strong></span> 
     </span>
    </p>
   </div>
   <div class='ocr_carea' id='block_1_50' title="bbox 606 2485 2185 2560">
    <p class='ocr_par' dir='ltr' id='par_1_50' title="bbox 606 2485 2185 2560">
     <span class='ocr_line' id='line_1_50' title="bbox 606 2485 2185 2560; baseline -0.003 -16"><span class='ocrx_word' id='word_1_395' title='bbox 606 2498 767 2544; x_wconf 86' lang='lat' dir='ltr'><strong>tanea</strong></span> <span class='ocrx_word' id='word_1_396' title='bbox 789 2490 952 2560; x_wconf 87' lang='lat' dir='ltr'><strong>igitur</strong></span> <span class='ocrx_word' id='word_1_397' title='bbox 980 2487 1093 2543; x_wconf 60' lang='lat' dir='ltr'><strong>haec</strong></span> <span class='ocrx_word' id='word_1_398' title='bbox 1121 2496 1248 2542; x_wconf 89' lang='lat' dir='ltr'><strong>sunt</strong></span> <span class='ocrx_word' id='word_1_399' title='bbox 1285 2486 1332 2540; x_wconf 92' lang='lat' dir='ltr'><strong>ei</strong></span> <span class='ocrx_word' id='word_1_400' title='bbox 1366 2485 1510 2555; x_wconf 90' lang='lat' dir='ltr'><strong>quod</strong></span> <span class='ocrx_word' id='word_1_401' title='bbox 1556 2485 1609 2539; x_wconf 90' lang='lat' dir='ltr'><strong>in</strong></span> <span class='ocrx_word' id='word_1_402' title='bbox 1642 2485 1927 2556; x_wconf 88' lang='lat' dir='ltr'><strong>prophetia</strong></span> <span class='ocrx_word' id='word_1_403' title='bbox 1979 2486 2185 2542; x_wconf 87' lang='lat' dir='ltr'><strong>dictum</strong></span> 
     </span>
    </p>
   </div>
   <div class='ocr_carea' id='block_1_51' title="bbox 605 2577 2181 2637">
    <p class='ocr_par' dir='ltr' id='par_1_51' title="bbox 605 2577 2181 2637">
     <span class='ocr_line' id='line_1_51' title="bbox 605 2577 2181 2637; baseline -0.002 -2"><span class='ocrx_word' id='word_1_404' title='bbox 605 2590 691 2637; x_wconf 82' lang='lat' dir='ltr'><strong>est</strong></span> <span class='ocrx_word' id='word_1_405' title='bbox 712 2597 741 2634; x_wconf 86' lang='lat' dir='ltr'><strong>a</strong></span> <span class='ocrx_word' id='word_1_406' title='bbox 777 2581 1044 2636; x_wconf 89' lang='lat' dir='ltr'><strong>Domino:</strong></span> <span class='ocrx_word' id='word_1_407' title='bbox 1084 2597 1103 2632; x_wconf 81' lang='grc' dir='ltr'><strong>ι</strong></span> <span class='ocrx_word' id='word_1_408' title='bbox 1141 2579 1206 2632; x_wconf 84' lang='grc' dir='ltr'>Ει</span> <span class='ocrx_word' id='word_1_409' title='bbox 1231 2578 1635 2632; x_wconf 88' lang='lat' dir='ltr'><strong>constituerunt</strong></span> <span class='ocrx_word' id='word_1_410' title='bbox 1666 2577 1971 2634; x_wconf 90' lang='lat' dir='ltr'><strong>mercedem</strong></span> <span class='ocrx_word' id='word_1_411' title='bbox 2005 2595 2181 2633; x_wconf 90' lang='lat' dir='ltr'><strong>meam</strong></span> 
     </span>
    </p>
   </div>
   <div class='ocr_carea' id='block_1_52' title="bbox 608 2669 2186 2744">
    <p class='ocr_par' dir='ltr' id='par_1_52' title="bbox 608 2669 2186 2744">
     <span class='ocr_line' id='line_1_52' title="bbox 608 2669 2186 2744; baseline -0.001 -19"><span class='ocrx_word' id='word_1_412' title='bbox 608 2673 833 2744; x_wconf 89' lang='lat' dir='ltr'><strong>triginta</strong></span> <span class='ocrx_word' id='word_1_413' title='bbox 882 2680 1196 2743; x_wconf 87' lang='lat' dir='ltr'><strong>argenteos.</strong></span> <span class='ocrx_word' id='word_1_414' title='bbox 1248 2688 1266 2721; x_wconf 78' lang='grc' dir='ltr'><strong>ι</strong></span> <span class='ocrx_word' id='word_1_415' title='bbox 1333 2669 1440 2724; x_wconf 85' lang='lat' dir='ltr'><strong>Pro</strong></span> <span class='ocrx_word' id='word_1_416' title='bbox 1491 2683 1600 2739; x_wconf 91' lang='lat' dir='ltr'><strong>quo</strong></span> <span class='ocrx_word' id='word_1_417' title='bbox 1653 2669 2014 2741; x_wconf 82' lang='lat' dir='ltr'><strong>Symmachus</strong></span> <span class='ocrx_word' id='word_1_418' title='bbox 2063 2672 2186 2740; x_wconf 86' lang='lat' dir='ltr'><strong>qui-</strong></span> 
     </span>
    </p>
   </div>
   <div class='ocr_carea' id='block_1_53' title="bbox 604 2761 2173 2842">
    <p class='ocr_par' dir='ltr' id='par_1_53' title="bbox 604 2761 2173 2832">
     <span class='ocr_line' id='line_1_53' title="bbox 604 2761 2173 2832; baseline -0.003 -13"><span class='ocrx_word' id='word_1_419' title='bbox 604 2765 728 2820; x_wconf 92' lang='lat' dir='ltr'><strong>dem</strong></span> <span class='ocrx_word' id='word_1_420' title='bbox 780 2765 894 2818; x_wconf 89' lang='lat' dir='ltr'><strong>ait:</strong></span> <span class='ocrx_word' id='word_1_421' title='bbox 935 2781 954 2815; x_wconf 79' lang='grc' dir='ltr'><strong>ι</strong></span> <span class='ocrx_word' id='word_1_422' title='bbox 1008 2763 1076 2818; x_wconf 84' lang='grc' dir='ltr'>Ει</span> <span class='ocrx_word' id='word_1_423' title='bbox 1128 2761 1605 2832; x_wconf 89' lang='lat' dir='ltr'><strong>apprehenderunt</strong></span> <span class='ocrx_word' id='word_1_424' title='bbox 1657 2762 1960 2818; x_wconf 91' lang='lat' dir='ltr'><strong>mercedem</strong></span> <span class='ocrx_word' id='word_1_425' title='bbox 2011 2778 2173 2816; x_wconf 85' lang='lat' dir='ltr'><strong>meam</strong></span> 
     </span>
    </p>
   </div>
   <div class='ocr_carea' id='block_1_54' title="bbox 2278 2761 3808 2842">
    <p class='ocr_par' dir='ltr' id='par_1_54' title="bbox 2285 2765 3808 2842">
     <span class='ocr_line' id='line_1_54' title="bbox 2285 2765 3808 2842; baseline -0.003 -21"><span class='ocrx_word' id='word_1_426' title='bbox 2285 2767 2379 2822; x_wconf 88' lang='grc' dir='ltr'><strong>τοῦ</strong></span> <span class='ocrx_word' id='word_1_427' title='bbox 2413 2769 2640 2841; x_wconf 81' lang='grc' dir='ltr'>Κυρίου.</span> <span class='ocrx_word' id='word_1_428' title='bbox 2676 2768 2814 2822; x_wconf 83' lang='grc' dir='ltr'>Ἀνθ’</span> <span class='ocrx_word' id='word_1_429' title='bbox 2843 2765 2904 2824; x_wconf 75' lang='grc' dir='ltr'><strong>οὗ</strong></span> <span class='ocrx_word' id='word_1_430' title='bbox 2936 2771 2964 2822; x_wconf 90' lang='lat'><strong>6</strong></span> <span class='ocrx_word' id='word_1_431' title='bbox 2991 2770 3089 2841; x_wconf 78' lang='grc' dir='ltr'>μὲν</span> <span class='ocrx_word' id='word_1_432' title='bbox 3116 2770 3410 2841; x_wconf 81' lang='grc' dir='ltr'>Σύμμαχος</span> <span class='ocrx_word' id='word_1_433' title='bbox 3433 2771 3647 2842; x_wconf 86' lang='grc' dir='ltr'>ἐποίησε</span> <span class='ocrx_word' id='word_1_434' title='bbox 3666 2787 3678 2798; x_wconf 87' lang='grc'><strong>·</strong></span> <span class='ocrx_word' id='word_1_435' title='bbox 3698 2767 3808 2820; x_wconf 75' lang='grc' dir='ltr'><strong>«Καὶ</strong></span> 
     </span>
    </p>
   </div>
   <div class='ocr_carea' id='block_1_55' title="bbox 604 2852 2173 2935">
    <p class='ocr_par' dir='ltr' id='par_1_55' title="bbox 604 2852 2173 2928">
     <span class='ocr_line' id='line_1_55' title="bbox 604 2852 2173 2928; baseline -0.002 -16"><span class='ocrx_word' id='word_1_436' title='bbox 604 2858 826 2928; x_wconf 88' lang='lat' dir='ltr'><strong>triginta</strong></span> <span class='ocrx_word' id='word_1_437' title='bbox 873 2865 1181 2926; x_wconf 84' lang='lat' dir='ltr'><strong>argenteos.</strong></span> <span class='ocrx_word' id='word_1_438' title='bbox 1216 2873 1234 2906; x_wconf 70' lang='grc' dir='ltr'><strong>ι</strong></span> <span class='ocrx_word' id='word_1_439' title='bbox 1291 2854 1486 2925; x_wconf 85' lang='lat' dir='ltr'><strong>Aquila</strong></span> <span class='ocrx_word' id='word_1_440' title='bbox 1519 2870 1688 2910; x_wconf 87' lang='lat' dir='ltr'><strong>vero:</strong></span> <span class='ocrx_word' id='word_1_441' title='bbox 1730 2872 1749 2906; x_wconf 81' lang='grc' dir='ltr'><strong>ι</strong></span> <span class='ocrx_word' id='word_1_442' title='bbox 1791 2852 1856 2907; x_wconf 87' lang='lat' dir='ltr'><strong>Et</strong></span> <span class='ocrx_word' id='word_1_443' title='bbox 1887 2855 2173 2909; x_wconf 82' lang='lat' dir='ltr'><strong>constitue-</strong></span> 
     </span>
    </p>
   </div>
   <div class='ocr_carea' id='block_1_56' title="bbox 2278 2852 3807 2935">
    <p class='ocr_par' dir='ltr' id='par_1_56' title="bbox 2288 2859 3807 2935">
     <span class='ocr_line' id='line_1_56' title="bbox 2288 2859 3807 2935; baseline -0.004 -20"><span class='ocrx_word' id='word_1_444' title='bbox 2288 2862 2618 2932; x_wconf 87' lang='grc' dir='ltr'>ἐστάθμισαν</span> <span class='ocrx_word' id='word_1_445' title='bbox 2651 2861 2741 2915; x_wconf 78' lang='grc' dir='ltr'>τὸν</span> <span class='ocrx_word' id='word_1_446' title='bbox 2777 2861 2966 2934; x_wconf 91' lang='grc' dir='ltr'>μισθόν</span> <span class='ocrx_word' id='word_1_447' title='bbox 2990 2880 3092 2934; x_wconf 87' lang='grc' dir='ltr'><strong>μου</strong></span> <span class='ocrx_word' id='word_1_448' title='bbox 3125 2863 3419 2935; x_wconf 82' lang='grc' dir='ltr'>τριάκοντα</span> <span class='ocrx_word' id='word_1_449' title='bbox 3447 2862 3729 2935; x_wconf 64' lang='grc' dir='ltr'>ἀργυροῦς·</span> <span class='ocrx_word' id='word_1_450' title='bbox 3760 2859 3807 2910; x_wconf 73' lang='grc' dir='ltr'><strong>»ὁ</strong></span> 
     </span>
    </p>
   </div>
   <div class='ocr_carea' id='block_1_57' title="bbox 602 2946 2173 3027">
    <p class='ocr_par' dir='ltr' id='par_1_57' title="bbox 602 2946 2173 3017">
     <span class='ocr_line' id='line_1_57' title="bbox 602 2946 2173 3017; baseline -0.002 -13"><span class='ocrx_word' id='word_1_451' title='bbox 602 2957 734 3005; x_wconf 87' lang='lat' dir='ltr'><strong>runt</strong></span> <span class='ocrx_word' id='word_1_452' title='bbox 781 2947 1085 3004; x_wconf 86' lang='lat' dir='ltr'><strong>mercedem</strong></span> <span class='ocrx_word' id='word_1_453' title='bbox 1120 2961 1296 3002; x_wconf 88' lang='lat' dir='ltr'><strong>meam</strong></span> <span class='ocrx_word' id='word_1_454' title='bbox 1321 2947 1547 3017; x_wconf 86' lang='lat' dir='ltr'><strong>triginta</strong></span> <span class='ocrx_word' id='word_1_455' title='bbox 1585 2953 1894 3017; x_wconf 85' lang='lat' dir='ltr'><strong>argenteos,</strong></span> <span class='ocrx_word' id='word_1_456' title='bbox 1929 2965 1947 2998; x_wconf 79' lang='grc' dir='ltr'><strong>ι</strong></span> <span class='ocrx_word' id='word_1_457' title='bbox 1983 2946 2173 3016; x_wconf 77' lang='lat' dir='ltr'><strong>quibus</strong></span> 
     </span>
    </p>
   </div>
   <div class='ocr_carea' id='block_1_58' title="bbox 2278 2946 3806 3027">
    <p class='ocr_par' dir='ltr' id='par_1_58' title="bbox 2284 2952 3806 3027">
     <span class='ocr_line' id='line_1_58' title="bbox 2284 2952 3806 3027; baseline -0.003 -18"><span class='ocrx_word' id='word_1_458' title='bbox 2284 2954 2342 3009; x_wconf 87' lang='grc' dir='ltr'>δὲ</span> <span class='ocrx_word' id='word_1_459' title='bbox 2384 2953 2642 3018; x_wconf 83' lang='grc' dir='ltr'>Ἀκύλας·</span> <span class='ocrx_word' id='word_1_460' title='bbox 2694 2972 2713 3006; x_wconf 81' lang='grc' dir='ltr'><strong>ι</strong></span> <span class='ocrx_word' id='word_1_461' title='bbox 2767 2955 2875 3009; x_wconf 82' lang='lat' dir='ltr'><strong>Kal</strong></span> <span class='ocrx_word' id='word_1_462' title='bbox 2917 2955 3158 3026; x_wconf 76' lang='grc' dir='ltr'>ἔστησαν</span> <span class='ocrx_word' id='word_1_463' title='bbox 3199 2956 3290 3009; x_wconf 84' lang='grc' dir='ltr'>τὸν</span> <span class='ocrx_word' id='word_1_464' title='bbox 3329 2956 3526 3027; x_wconf 85' lang='grc' dir='ltr'>μισθόν</span> <span class='ocrx_word' id='word_1_465' title='bbox 3572 2973 3660 3027; x_wconf 81' lang='grc' dir='ltr'><strong>μου</strong></span> <span class='ocrx_word' id='word_1_466' title='bbox 3695 2952 3806 3026; x_wconf 66' lang='lat' dir='ltr'><strong>spei-</strong></span> 
     </span>
    </p>
   </div>
   <div class='ocr_carea' id='block_1_59' title="bbox 602 3037 2173 3117">
    <p class='ocr_par' dir='ltr' id='par_1_59' title="bbox 602 3037 2173 3110">
     <span class='ocr_line' id='line_1_59' title="bbox 602 3037 2173 3110; baseline -0.003 -13"><span class='ocrx_word' id='word_1_467' title='bbox 602 3041 738 3097; x_wconf 86' lang='lat' dir='ltr'><strong>illud</strong></span> <span class='ocrx_word' id='word_1_468' title='bbox 772 3040 1129 3110; x_wconf 72' lang='lat' dir='ltr'><strong>adiungitur:</strong></span> <span class='ocrx_word' id='word_1_469' title='bbox 1181 3057 1200 3090; x_wconf 81' lang='grc' dir='ltr'><strong>ι</strong></span> <span class='ocrx_word' id='word_1_470' title='bbox 1238 3039 1304 3092; x_wconf 86' lang='grc' dir='ltr'>Ει</span> <span class='ocrx_word' id='word_1_471' title='bbox 1333 3038 1472 3092; x_wconf 89' lang='lat' dir='ltr'><strong>dixit</strong></span> <span class='ocrx_word' id='word_1_472' title='bbox 1518 3037 1782 3093; x_wconf 89' lang='lat' dir='ltr'><strong>Dominus</strong></span> <span class='ocrx_word' id='word_1_473' title='bbox 1815 3037 1881 3092; x_wconf 88' lang='lat' dir='ltr'><strong>ad</strong></span> <span class='ocrx_word' id='word_1_474' title='bbox 1930 3053 2058 3094; x_wconf 87' lang='lat' dir='ltr'><strong>me:</strong></span> <span class='ocrx_word' id='word_1_475' title='bbox 2093 3037 2173 3092; x_wconf 85' lang='lat' dir='ltr'><strong>Di-</strong></span> 
     </span>
    </p>
   </div>
   <div class='ocr_carea' id='block_1_60' title="bbox 2278 3037 3806 3117">
    <p class='ocr_par' dir='ltr' id='par_1_60' title="bbox 2288 3041 3806 3117">
     <span class='ocr_line' id='line_1_60' title="bbox 2288 3041 3806 3117; baseline -0.001 -19"><span class='ocrx_word' id='word_1_476' title='bbox 2288 3062 2448 3098; x_wconf 88' lang='grc' dir='ltr'>κοντα</span> <span class='ocrx_word' id='word_1_477' title='bbox 2471 3044 2745 3117; x_wconf 80' lang='grc' dir='ltr'>ἀργυροῦς</span> <span class='ocrx_word' id='word_1_478' title='bbox 2765 3062 2778 3076; x_wconf 87' lang='grc'><strong>·</strong></span> <span class='ocrx_word' id='word_1_479' title='bbox 2801 3064 2819 3097; x_wconf 77' lang='grc' dir='ltr'><strong>ι</strong></span> <span class='ocrx_word' id='word_1_480' title='bbox 2853 3041 2934 3109; x_wconf 76' lang='grc' dir='ltr'>οἷς</span> <span class='ocrx_word' id='word_1_481' title='bbox 2966 3046 3298 3114; x_wconf 85' lang='grc' dir='ltr'>ἐπιλέγεται·</span> <span class='ocrx_word' id='word_1_482' title='bbox 3345 3065 3364 3096; x_wconf 76' lang='grc' dir='ltr'><strong>ι</strong></span> <span class='ocrx_word' id='word_1_483' title='bbox 3388 3048 3501 3102; x_wconf 82' lang='lat' dir='ltr'><strong>Kal</strong></span> <span class='ocrx_word' id='word_1_484' title='bbox 3520 3042 3631 3100; x_wconf 73' lang='grc' dir='ltr'>εἷπε</span> <span class='ocrx_word' id='word_1_485' title='bbox 3653 3045 3806 3115; x_wconf 75' lang='grc' dir='ltr'>Κύριος</span> 
     </span>
    </p>
   </div>
   <div class='ocr_carea' id='block_1_61' title="bbox 600 3131 2173 3208">
    <p class='ocr_par' dir='ltr' id='par_1_61' title="bbox 600 3131 2173 3201">
     <span class='ocr_line' id='line_1_61' title="bbox 600 3131 2173 3201; baseline -0.003 -12"><span class='ocrx_word' id='word_1_486' title='bbox 600 3133 758 3189; x_wconf 88' lang='lat' dir='ltr'><strong>mitte</strong></span> <span class='ocrx_word' id='word_1_487' title='bbox 785 3148 880 3188; x_wconf 89' lang='lat' dir='ltr'><strong>eos</strong></span> <span class='ocrx_word' id='word_1_488' title='bbox 908 3133 964 3187; x_wconf 89' lang='lat' dir='ltr'><strong>in</strong></span> <span class='ocrx_word' id='word_1_489' title='bbox 995 3132 1295 3197; x_wconf 82' lang='lat' dir='ltr'><strong>fornacem,</strong></span> <span class='ocrx_word' id='word_1_490' title='bbox 1325 3139 1378 3185; x_wconf 91' lang='lat' dir='ltr'><strong>et</strong></span> <span class='ocrx_word' id='word_1_491' title='bbox 1423 3131 1549 3186; x_wconf 83' lang='lat' dir='ltr'><strong>vide</strong></span> <span class='ocrx_word' id='word_1_492' title='bbox 1577 3146 1708 3186; x_wconf 90' lang='lat' dir='ltr'><strong>num</strong></span> <span class='ocrx_word' id='word_1_493' title='bbox 1745 3131 2034 3201; x_wconf 82' lang='lat' dir='ltr'><strong>probatum</strong></span> <span class='ocrx_word' id='word_1_494' title='bbox 2069 3131 2139 3186; x_wconf 91' lang='lat' dir='ltr'><strong>sit</strong></span> <span class='ocrx_word' id='word_1_495' title='bbox 2160 3170 2173 3197; x_wconf 85' lang='lat'><strong>,</strong></span> 
     </span>
    </p>
   </div>
   <div class='ocr_carea' id='block_1_62' title="bbox 2278 3131 3803 3208">
    <p class='ocr_par' dir='ltr' id='par_1_62' title="bbox 2286 3131 3803 3208">
     <span class='ocr_line' id='line_1_62' title="bbox 2286 3131 3803 3208; baseline -0.003 -20"><span class='ocrx_word' id='word_1_496' title='bbox 2286 3135 2423 3208; x_wconf 83' lang='grc' dir='ltr'>πρὸς</span> <span class='ocrx_word' id='word_1_497' title='bbox 2453 3136 2518 3206; x_wconf 88' lang='grc' dir='ltr'><strong>μέ</strong></span> <span class='ocrx_word' id='word_1_498' title='bbox 2542 3153 2555 3165; x_wconf 76' lang='grc' dir='ltr'><strong><em>ο</em></strong></span> <span class='ocrx_word' id='word_1_499' title='bbox 2590 3135 2771 3198; x_wconf 84' lang='grc' dir='ltr'>Κάθες</span> <span class='ocrx_word' id='word_1_500' title='bbox 2792 3136 2991 3199; x_wconf 77' lang='grc' dir='ltr'>αὐτοὺς</span> <span class='ocrx_word' id='word_1_501' title='bbox 3024 3136 3104 3199; x_wconf 80' lang='grc' dir='ltr'><strong>είς</strong></span> <span class='ocrx_word' id='word_1_502' title='bbox 3124 3136 3184 3188; x_wconf 83' lang='grc' dir='ltr'>τὸ</span> <span class='ocrx_word' id='word_1_503' title='bbox 3208 3136 3590 3207; x_wconf 76' lang='grc' dir='ltr'>χωνευτήριον,</span> <span class='ocrx_word' id='word_1_504' title='bbox 3617 3133 3694 3186; x_wconf 80' lang='grc' dir='ltr'>καὶ</span> <span class='ocrx_word' id='word_1_505' title='bbox 3715 3131 3803 3184; x_wconf 70' lang='lat'><strong>615&#39;-</strong></span> 
     </span>
    </p>
   </div>
   <div class='ocr_carea' id='block_1_63' title="bbox 598 3201 2173 3300">
    <p class='ocr_par' dir='ltr' id='par_1_63' title="bbox 598 3223 2173 3298">
     <span class='ocr_line' id='line_1_63' title="bbox 598 3223 2173 3298; baseline -0.002 -15"><span class='ocrx_word' id='word_1_506' title='bbox 598 3225 1061 3298; x_wconf 84' lang='lat' dir='ltr'><strong>quemadmodum</strong></span> <span class='ocrx_word' id='word_1_507' title='bbox 1111 3225 1375 3296; x_wconf 89' lang='lat' dir='ltr'><strong>probatus</strong></span> <span class='ocrx_word' id='word_1_508' title='bbox 1420 3238 1541 3278; x_wconf 89' lang='lat' dir='ltr'><strong>sum</strong></span> <span class='ocrx_word' id='word_1_509' title='bbox 1572 3239 1672 3295; x_wconf 91' lang='lat' dir='ltr'><strong>pro</strong></span> <span class='ocrx_word' id='word_1_510' title='bbox 1705 3223 1832 3279; x_wconf 91' lang='lat' dir='ltr'><strong>illis.</strong></span> <span class='ocrx_word' id='word_1_511' title='bbox 1867 3243 1886 3277; x_wconf 70' lang='grc' dir='ltr'><strong>ι</strong></span> <span class='ocrx_word' id='word_1_512' title='bbox 1926 3223 2034 3280; x_wconf 88' lang='lat' dir='ltr'><strong>Pro</strong></span> <span class='ocrx_word' id='word_1_513' title='bbox 2073 3241 2173 3296; x_wconf 76' lang='lat' dir='ltr'><strong>quo</strong></span> 
     </span>
    </p>
   </div>
   <div class='ocr_carea' id='block_1_64' title="bbox 2278 3201 3804 3300">
    <p class='ocr_par' dir='ltr' id='par_1_64' title="bbox 2284 3201 3804 3300">
     <span class='ocr_line' id='line_1_64' title="bbox 2284 3201 3804 3300; baseline -0.016 -1"><span class='ocrx_word' id='word_1_514' title='bbox 2284 3201 2380 3298; x_wconf 53' lang='grc' dir='ltr'>ψίιι</span> <span class='ocrx_word' id='word_1_515' title='bbox 2413 3201 2463 3280; x_wconf 64' lang='grc' dir='ltr'><strong>εί</strong></span> <span class='ocrx_word' id='word_1_516' title='bbox 2485 3227 2702 3300; x_wconf 80' lang='grc' dir='ltr'>δόκιμόν</span> <span class='ocrx_word' id='word_1_517' title='bbox 2722 3231 2890 3293; x_wconf 85' lang='grc' dir='ltr'>ἐστιν,</span> <span class='ocrx_word' id='word_1_518' title='bbox 2917 3227 2976 3281; x_wconf 83' lang='grc' dir='ltr'><strong>δν</strong></span> <span class='ocrx_word' id='word_1_519' title='bbox 3004 3201 3591 3300; x_wconf 31' lang='grc' dir='ltr'>τρόπον-ἐδοκιμάσθην</span> <span class='ocrx_word' id='word_1_520' title='bbox 3608 3226 3724 3295; x_wconf 81' lang='grc' dir='ltr'>ὑπὲρ</span> <span class='ocrx_word' id='word_1_521' title='bbox 3741 3224 3804 3274; x_wconf 68' lang='grc' dir='ltr'><strong>αὐ-</strong></span> 
     </span>
    </p>
   </div>
   <div class='ocr_carea' id='block_1_65' title="bbox 598 3312 2173 3393">
    <p class='ocr_par' dir='ltr' id='par_1_65' title="bbox 598 3316 2173 3391">
     <span class='ocr_line' id='line_1_65' title="bbox 598 3316 2173 3391; baseline -0.001 -16"><span class='ocrx_word' id='word_1_522' title='bbox 598 3336 796 3376; x_wconf 90' lang='lat' dir='ltr'><strong>rursus</strong></span> <span class='ocrx_word' id='word_1_523' title='bbox 823 3320 1019 3391; x_wconf 82' lang='lat' dir='ltr'><strong>Aquila</strong></span> <span class='ocrx_word' id='word_1_524' title='bbox 1066 3317 1286 3390; x_wconf 90' lang='lat' dir='ltr'><strong>quidem</strong></span> <span class='ocrx_word' id='word_1_525' title='bbox 1328 3317 1409 3373; x_wconf 90' lang='lat' dir='ltr'><strong>sic</strong></span> <span class='ocrx_word' id='word_1_526' title='bbox 1442 3317 1518 3371; x_wconf 88' lang='lat' dir='ltr'><strong>ait</strong></span> <span class='ocrx_word' id='word_1_527' title='bbox 1548 3335 1560 3371; x_wconf 89' lang='lat'>:</span> <span class='ocrx_word' id='word_1_528' title='bbox 1599 3336 1617 3369; x_wconf 81' lang='grc' dir='ltr'><strong>ι</strong></span> <span class='ocrx_word' id='word_1_529' title='bbox 1656 3316 1721 3372; x_wconf 84' lang='grc' dir='ltr'><strong>Ει</strong></span> <span class='ocrx_word' id='word_1_530' title='bbox 1754 3318 1891 3372; x_wconf 81' lang='lat' dir='ltr'><strong>dixit</strong></span> <span class='ocrx_word' id='word_1_531' title='bbox 1918 3317 2173 3374; x_wconf 82' lang='lat' dir='ltr'><strong>Dominus</strong></span> 
     </span>
    </p>
   </div>
   <div class='ocr_carea' id='block_1_66' title="bbox 2278 3312 3801 3393">
    <p class='ocr_par' dir='ltr' id='par_1_66' title="bbox 2286 3312 3801 3393">
     <span class='ocr_line' id='line_1_66' title="bbox 2286 3312 3801 3393; baseline -0.005 -19"><span class='ocrx_word' id='word_1_532' title='bbox 2286 3321 2444 3374; x_wconf 75' lang='grc' dir='ltr'>τῶν.»</span> <span class='ocrx_word' id='word_1_533' title='bbox 2489 3321 2629 3375; x_wconf 76' lang='grc' dir='ltr'>Ἀνθ’</span> <span class='ocrx_word' id='word_1_534' title='bbox 2657 3315 2717 3376; x_wconf 78' lang='grc' dir='ltr'><strong>οὗ</strong></span> <span class='ocrx_word' id='word_1_535' title='bbox 2736 3322 2897 3376; x_wconf 86' lang='grc' dir='ltr'>πάλιν</span> <span class='ocrx_word' id='word_1_536' title='bbox 2926 3323 2954 3375; x_wconf 91' lang='lat'><strong>6</strong></span> <span class='ocrx_word' id='word_1_537' title='bbox 2990 3321 3087 3393; x_wconf 80' lang='grc' dir='ltr'>μὲν</span> <span class='ocrx_word' id='word_1_538' title='bbox 3120 3321 3349 3384; x_wconf 74' lang='grc' dir='ltr'>Ἀκύλας</span> <span class='ocrx_word' id='word_1_539' title='bbox 3379 3322 3518 3392; x_wconf 76' lang='grc' dir='ltr'><strong>φησί</strong></span> <span class='ocrx_word' id='word_1_540' title='bbox 3538 3339 3552 3352; x_wconf 69' lang='grc'><strong><em>⁸</em></strong></span> <span class='ocrx_word' id='word_1_541' title='bbox 3584 3312 3801 3372; x_wconf 61' lang='grc' dir='ltr'>«Καὶεῖτλ</span> 
     </span>
    </p>
   </div>
   <div class='ocr_carea' id='block_1_67' title="bbox 597 3407 2173 3489">
    <p class='ocr_par' dir='ltr' id='par_1_67' title="bbox 597 3409 2173 3483">
     <span class='ocr_line' id='line_1_67' title="bbox 597 3409 2173 3483; baseline -0.001 -15"><span class='ocrx_word' id='word_1_542' title='bbox 597 3413 668 3469; x_wconf 83' lang='lat' dir='ltr'><strong>ad</strong></span> <span class='ocrx_word' id='word_1_543' title='bbox 702 3428 825 3468; x_wconf 90' lang='lat' dir='ltr'><strong>me:</strong></span> <span class='ocrx_word' id='word_1_544' title='bbox 862 3412 1084 3467; x_wconf 89' lang='lat' dir='ltr'><strong>Dimitte</strong></span> <span class='ocrx_word' id='word_1_545' title='bbox 1109 3426 1206 3467; x_wconf 93' lang='lat' dir='ltr'><strong>eos</strong></span> <span class='ocrx_word' id='word_1_546' title='bbox 1240 3411 1294 3465; x_wconf 91' lang='lat' dir='ltr'><strong>in</strong></span> <span class='ocrx_word' id='word_1_547' title='bbox 1330 3409 1630 3483; x_wconf 79' lang='lat' dir='ltr'><strong>fornacem,</strong></span> <span class='ocrx_word' id='word_1_548' title='bbox 1657 3411 1863 3481; x_wconf 79' lang='lat' dir='ltr'><strong>projice</strong></span> <span class='ocrx_word' id='word_1_549' title='bbox 1895 3427 1990 3466; x_wconf 82' lang='lat' dir='ltr'><strong>eos</strong></span> <span class='ocrx_word' id='word_1_550' title='bbox 2019 3412 2086 3466; x_wconf 87' lang='lat' dir='ltr'><strong>ad</strong></span> <span class='ocrx_word' id='word_1_551' title='bbox 2117 3413 2173 3466; x_wconf 84' lang='lat' dir='ltr'><strong>ii-</strong></span> 
     </span>
    </p>
   </div>
   <div class='ocr_carea' id='block_1_68' title="bbox 2278 3407 3803 3489">
    <p class='ocr_par' dir='ltr' id='par_1_68' title="bbox 2286 3407 3803 3489">
     <span class='ocr_line' id='line_1_68' title="bbox 2286 3407 3803 3489; baseline -0.005 -18"><span class='ocrx_word' id='word_1_552' title='bbox 2286 3415 2512 3489; x_wconf 79' lang='grc' dir='ltr'><strong>Κύριος⁹</strong></span> <span class='ocrx_word' id='word_1_553' title='bbox 2533 3416 2714 3486; x_wconf 76' lang='grc' dir='ltr'>Ῥίψον</span> <span class='ocrx_word' id='word_1_554' title='bbox 2745 3415 2884 3470; x_wconf 83' lang='grc' dir='ltr'>αὐτὰ</span> <span class='ocrx_word' id='word_1_555' title='bbox 2923 3414 3059 3488; x_wconf 77' lang='grc' dir='ltr'>πρὸς</span> <span class='ocrx_word' id='word_1_556' title='bbox 3089 3414 3180 3468; x_wconf 79' lang='grc' dir='ltr'>τὸν</span> <span class='ocrx_word' id='word_1_557' title='bbox 3214 3413 3480 3482; x_wconf 85' lang='grc' dir='ltr'>πλάστην.</span> <span class='ocrx_word' id='word_1_558' title='bbox 3527 3407 3803 3482; x_wconf 75' lang='grc' dir='ltr'>’Υπερμιγὲο</span> 
     </span>
    </p>
   </div>
   <div class='ocr_carea' id='block_1_69' title="bbox 598 3502 2173 3580">
    <p class='ocr_par' dir='ltr' id='par_1_69' title="bbox 598 3503 2173 3576">
     <span class='ocr_line' id='line_1_69' title="bbox 598 3503 2173 3576; baseline -0.003 -16"><span class='ocrx_word' id='word_1_559' title='bbox 598 3507 813 3576; x_wconf 88' lang='lat' dir='ltr'><strong>gulum,</strong></span> <span class='ocrx_word' id='word_1_560' title='bbox 841 3505 1169 3560; x_wconf 88' lang='lat' dir='ltr'><strong>immensum</strong></span> <span class='ocrx_word' id='word_1_561' title='bbox 1200 3503 1434 3572; x_wconf 85' lang='lat' dir='ltr'><strong>pretium</strong></span> <span class='ocrx_word' id='word_1_562' title='bbox 1467 3517 1575 3572; x_wconf 92' lang='lat' dir='ltr'><strong>quo</strong></span> <span class='ocrx_word' id='word_1_563' title='bbox 1597 3504 1899 3558; x_wconf 63' lang='lat' dir='ltr'><strong>mstimatus</strong></span> <span class='ocrx_word' id='word_1_564' title='bbox 1932 3518 2053 3557; x_wconf 91' lang='lat' dir='ltr'><strong>sum</strong></span> <span class='ocrx_word' id='word_1_565' title='bbox 2080 3519 2173 3573; x_wconf 89' lang='lat' dir='ltr'><strong>pro</strong></span> 
     </span>
    </p>
   </div>
   <div class='ocr_carea' id='block_1_70' title="bbox 2278 3502 3801 3580">
    <p class='ocr_par' dir='ltr' id='par_1_70' title="bbox 2285 3502 3801 3580">
     <span class='ocr_line' id='line_1_70' title="bbox 2285 3502 3801 3580; baseline -0.003 -18"><span class='ocrx_word' id='word_1_566' title='bbox 2285 3508 2385 3579; x_wconf 84' lang='grc' dir='ltr'><strong>θης</strong></span> <span class='ocrx_word' id='word_1_567' title='bbox 2415 3511 2446 3571; x_wconf 76' lang='grc' dir='ltr'><strong>ἡ</strong></span> <span class='ocrx_word' id='word_1_568' title='bbox 2473 3507 2626 3580; x_wconf 81' lang='grc' dir='ltr'>τιμὴ,</span> <span class='ocrx_word' id='word_1_569' title='bbox 2654 3508 2721 3578; x_wconf 82' lang='grc' dir='ltr'>ἥν</span> <span class='ocrx_word' id='word_1_570' title='bbox 2754 3506 3016 3579; x_wconf 77' lang='grc' dir='ltr'>ἐτιμήθην</span> <span class='ocrx_word' id='word_1_571' title='bbox 3050 3505 3190 3577; x_wconf 78' lang='grc' dir='ltr'>ὑπὲρ</span> <span class='ocrx_word' id='word_1_572' title='bbox 3214 3504 3411 3558; x_wconf 85' lang='grc' dir='ltr'>αὐτῶν.</span> <span class='ocrx_word' id='word_1_573' title='bbox 3447 3523 3466 3557; x_wconf 72' lang='grc' dir='ltr'><strong>ι</strong></span> <span class='ocrx_word' id='word_1_574' title='bbox 3489 3504 3594 3557; x_wconf 80' lang='grc' dir='ltr'><strong>Καὶ</strong></span> <span class='ocrx_word' id='word_1_575' title='bbox 3620 3502 3801 3573; x_wconf 70' lang='grc' dir='ltr'>πρόσχες</span> 
     </span>
    </p>
   </div>
   <div class='ocr_carea' id='block_1_71' title="bbox 598 3580 2173 3674">
    <p class='ocr_par' dir='ltr' id='par_1_71' title="bbox 598 3580 2173 3668">
     <span class='ocr_line' id='line_1_71' title="bbox 598 3580 2173 3668; baseline -0.004 -18"><span class='ocrx_word' id='word_1_576' title='bbox 598 3596 728 3663; x_wconf 88' lang='lat' dir='ltr'><strong>illis,</strong></span> <span class='ocrx_word' id='word_1_577' title='bbox 755 3617 774 3649; x_wconf 76' lang='grc' dir='ltr'><strong>ι</strong></span> <span class='ocrx_word' id='word_1_578' title='bbox 802 3594 966 3668; x_wconf 62' lang='grc'><strong>480</strong></span> <span class='ocrx_word' id='word_1_579' title='bbox 988 3602 1041 3651; x_wconf 89' lang='lat' dir='ltr'><strong>et</strong></span> <span class='ocrx_word' id='word_1_580' title='bbox 1067 3609 1198 3651; x_wconf 88' lang='lat' dir='ltr'><strong>sane</strong></span> <span class='ocrx_word' id='word_1_581' title='bbox 1226 3580 1446 3648; x_wconf 75' lang='lat' dir='ltr'><strong>attende</strong></span> <span class='ocrx_word' id='word_1_582' title='bbox 1475 3607 1712 3663; x_wconf 89' lang='lat' dir='ltr'><strong>quonam</strong></span> <span class='ocrx_word' id='word_1_583' title='bbox 1745 3599 1902 3662; x_wconf 90' lang='lat' dir='ltr'><strong>pacto</strong></span> <span class='ocrx_word' id='word_1_584' title='bbox 1928 3591 2043 3661; x_wconf 91' lang='lat' dir='ltr'><strong>ipse</strong></span> <span class='ocrx_word' id='word_1_585' title='bbox 2072 3590 2173 3644; x_wconf 90' lang='lat' dir='ltr'><strong>Do-</strong></span> 
     </span>
    </p>
   </div>
   <div class='ocr_carea' id='block_1_72' title="bbox 2278 3580 3801 3674">
    <p class='ocr_par' dir='ltr' id='par_1_72' title="bbox 2283 3592 3801 3674">
     <span class='ocr_line' id='line_1_72' title="bbox 2283 3592 3801 3674; baseline 0 -20"><span class='ocrx_word' id='word_1_586' title='bbox 2283 3601 2402 3654; x_wconf 87' lang='grc' dir='ltr'>τίνα</span> <span class='ocrx_word' id='word_1_587' title='bbox 2434 3603 2632 3674; x_wconf 80' lang='grc' dir='ltr'>τρόπον</span> <span class='ocrx_word' id='word_1_588' title='bbox 2674 3600 2834 3664; x_wconf 78' lang='grc' dir='ltr'>αὐτὸς</span> <span class='ocrx_word' id='word_1_589' title='bbox 2867 3602 2895 3654; x_wconf 89' lang='lat'><strong>6</strong></span> <span class='ocrx_word' id='word_1_590' title='bbox 2921 3600 3121 3671; x_wconf 85' lang='grc' dir='ltr'>Κύριος</span> <span class='ocrx_word' id='word_1_591' title='bbox 3152 3599 3316 3670; x_wconf 83' lang='grc' dir='ltr'>τιμὴν</span> <span class='ocrx_word' id='word_1_592' title='bbox 3370 3596 3568 3651; x_wconf 85' lang='grc' dir='ltr'>ἐαυτοῦ</span> <span class='ocrx_word' id='word_1_593' title='bbox 3604 3592 3801 3665; x_wconf 79' lang='grc' dir='ltr'>ὁμολογεῖ</span> 
     </span>
    </p>
   </div>
   <div class='ocr_carea' id='block_1_73' title="bbox 2283 3682 3797 3765">
    <p class='ocr_par' dir='ltr' id='par_1_73' title="bbox 2283 3682 3797 3765">
     <span class='ocr_line' id='line_1_73' title="bbox 2283 3682 3797 3765; baseline -0.003 -19"><span class='ocrx_word' id='word_1_594' title='bbox 2283 3695 2407 3756; x_wconf 78' lang='grc' dir='ltr'>τοὺς</span> <span class='ocrx_word' id='word_1_595' title='bbox 2440 3693 2728 3765; x_wconf 85' lang='grc' dir='ltr'>τριάκοντα</span> <span class='ocrx_word' id='word_1_596' title='bbox 2762 3690 3034 3763; x_wconf 67' lang='grc' dir='ltr'>ἀργυροῦς</span> <span class='ocrx_word' id='word_1_597' title='bbox 3074 3689 3336 3743; x_wconf 83' lang='grc' dir='ltr'>δεδόσθαι.</span> <span class='ocrx_word' id='word_1_598' title='bbox 3368 3688 3552 3742; x_wconf 62' lang='lat' dir='ltr'><strong>&quot;Eone:</strong></span> <span class='ocrx_word' id='word_1_599' title='bbox 3594 3688 3645 3740; x_wconf 88' lang='grc' dir='ltr'><strong>δέ</strong></span> <span class='ocrx_word' id='word_1_600' title='bbox 3675 3686 3702 3754; x_wconf 75' lang='grc' dir='ltr'><strong>ἡ</strong></span> <span class='ocrx_word' id='word_1_601' title='bbox 3727 3682 3797 3748; x_wconf 73' lang='grc' dir='ltr'><strong>τῆς</strong></span> 
     </span>
    </p>
   </div>
   <div class='ocr_carea' id='block_1_74' title="bbox 595 3685 2176 3763">
    <p class='ocr_par' dir='ltr' id='par_1_74' title="bbox 595 3685 2176 3763">
     <span class='ocr_line' id='line_1_74' title="bbox 595 3685 2176 3763; baseline -0.004 -15"><span class='ocrx_word' id='word_1_602' title='bbox 595 3693 783 3748; x_wconf 88' lang='lat' dir='ltr'><strong>minus</strong></span> <span class='ocrx_word' id='word_1_603' title='bbox 815 3692 1046 3763; x_wconf 91' lang='lat' dir='ltr'><strong>pretium</strong></span> <span class='ocrx_word' id='word_1_604' title='bbox 1078 3703 1238 3745; x_wconf 90' lang='lat' dir='ltr'><strong>suum</strong></span> <span class='ocrx_word' id='word_1_605' title='bbox 1268 3687 1559 3742; x_wconf 78' lang='lat' dir='ltr'><strong>conﬁtetur</strong></span> <span class='ocrx_word' id='word_1_606' title='bbox 1612 3685 1839 3756; x_wconf 86' lang='lat' dir='ltr'><strong>triginta</strong></span> <span class='ocrx_word' id='word_1_607' title='bbox 1887 3694 2176 3755; x_wconf 88' lang='lat' dir='ltr'><strong>argenteos</strong></span> 
     </span>
    </p>
   </div>
   <div class='ocr_carea' id='block_1_75' title="bbox 2281 3773 3797 3853">
    <p class='ocr_par' dir='ltr' id='par_1_75' title="bbox 2281 3773 3797 3853">
     <span class='ocr_line' id='line_1_75' title="bbox 2281 3773 3797 3853; baseline -0.006 -14"><span class='ocrx_word' id='word_1_608' title='bbox 2281 3785 2479 3851; x_wconf 77' lang='grc' dir='ltr'>λέξεως</span> <span class='ocrx_word' id='word_1_609' title='bbox 2523 3786 2726 3839; x_wconf 81' lang='grc' dir='ltr'>διάνοια</span> <span class='ocrx_word' id='word_1_610' title='bbox 2758 3783 2996 3838; x_wconf 85' lang='grc' dir='ltr'>τοιοῦτόν</span> <span class='ocrx_word' id='word_1_611' title='bbox 3027 3801 3147 3837; x_wconf 87' lang='grc' dir='ltr'>τινα</span> <span class='ocrx_word' id='word_1_612' title='bbox 3183 3781 3470 3853; x_wconf 72' lang='grc' dir='ltr'>ἐμφαίνειν</span> <span class='ocrx_word' id='word_1_613' title='bbox 3515 3780 3658 3835; x_wconf 83' lang='grc' dir='ltr'>νοῦν·</span> <span class='ocrx_word' id='word_1_614' title='bbox 3697 3773 3797 3842; x_wconf 72' lang='grc' dir='ltr'><strong>Ἐγὼ</strong></span> 
     </span>
    </p>
   </div>
   <div class='ocr_carea' id='block_1_76' title="bbox 593 3777 2178 3850">
    <p class='ocr_par' dir='ltr' id='par_1_76' title="bbox 593 3777 2178 3850">
     <span class='ocr_line' id='line_1_76' title="bbox 593 3777 2178 3850; baseline -0.006 -10"><span class='ocrx_word' id='word_1_615' title='bbox 593 3785 788 3840; x_wconf 86' lang='lat' dir='ltr'><strong>datum</strong></span> <span class='ocrx_word' id='word_1_616' title='bbox 817 3799 960 3840; x_wconf 89' lang='lat' dir='ltr'><strong>esse.</strong></span> <span class='ocrx_word' id='word_1_617' title='bbox 1013 3780 1247 3837; x_wconf 73' lang='lat' dir='ltr'><strong>Videtur</strong></span> <span class='ocrx_word' id='word_1_618' title='bbox 1275 3787 1455 3835; x_wconf 88' lang='lat' dir='ltr'><strong>autem</strong></span> <span class='ocrx_word' id='word_1_619' title='bbox 1489 3779 1607 3850; x_wconf 89' lang='lat' dir='ltr'><strong>ipsa</strong></span> <span class='ocrx_word' id='word_1_620' title='bbox 1638 3779 1928 3833; x_wconf 78' lang='lat' dir='ltr'><strong>verborum</strong></span> <span class='ocrx_word' id='word_1_621' title='bbox 1956 3777 2178 3849; x_wconf 85' lang='lat' dir='ltr'><strong>excogi-</strong></span> 
     </span>
    </p>
   </div>
   <div class='ocr_carea' id='block_1_77' title="bbox 592 3871 2174 3945">
    <p class='ocr_par' dir='ltr' id='par_1_77' title="bbox 592 3871 2174 3945">
     <span class='ocr_line' id='line_1_77' title="bbox 592 3871 2174 3945; baseline -0.003 -14"><span class='ocrx_word' id='word_1_622' title='bbox 592 3878 735 3931; x_wconf 65' lang='lat' dir='ltr'><strong>tatio</strong></span> <span class='ocrx_word' id='word_1_623' title='bbox 763 3877 924 3931; x_wconf 86' lang='lat' dir='ltr'><strong>talem</strong></span> <span class='ocrx_word' id='word_1_624' title='bbox 949 3889 1065 3945; x_wconf 72' lang='lat' dir='ltr'><strong>pm</strong></span> <span class='ocrx_word' id='word_1_625' title='bbox 1093 3889 1154 3929; x_wconf 91' lang='lat' dir='ltr'><strong>se</strong></span> <span class='ocrx_word' id='word_1_626' title='bbox 1187 3872 1331 3928; x_wconf 82' lang='lat' dir='ltr'><strong>ferre</strong></span> <span class='ocrx_word' id='word_1_627' title='bbox 1362 3888 1583 3927; x_wconf 91' lang='lat' dir='ltr'><strong>sensum</strong></span> <span class='ocrx_word' id='word_1_628' title='bbox 1614 3891 1627 3926; x_wconf 89' lang='lat'><strong>:</strong></span> <span class='ocrx_word' id='word_1_629' title='bbox 1660 3871 1772 3944; x_wconf 80' lang='lat' dir='ltr'><strong>Ego</strong></span> <span class='ocrx_word' id='word_1_630' title='bbox 1811 3873 2028 3943; x_wconf 85' lang='lat' dir='ltr'><strong>quidem</strong></span> <span class='ocrx_word' id='word_1_631' title='bbox 2067 3872 2174 3927; x_wconf 84' lang='lat' dir='ltr'><strong>Do-</strong></span> 
     </span>
    </p>
   </div>
   <div class='ocr_carea' id='block_1_78' title="bbox 597 3965 2176 4037">
    <p class='ocr_par' dir='ltr' id='par_1_78' title="bbox 597 3965 2176 4037">
     <span class='ocr_line' id='line_1_78' title="bbox 597 3965 2176 4037; baseline 0 -15"><span class='ocrx_word' id='word_1_632' title='bbox 597 3970 784 4022; x_wconf 88' lang='lat' dir='ltr'><strong>minus</strong></span> <span class='ocrx_word' id='word_1_633' title='bbox 813 3981 843 4020; x_wconf 90' lang='lat' dir='ltr'><strong>a</strong></span> <span class='ocrx_word' id='word_1_634' title='bbox 877 3969 1055 4036; x_wconf 89' lang='lat' dir='ltr'><strong>primo</strong></span> <span class='ocrx_word' id='word_1_635' title='bbox 1083 3966 1352 4034; x_wconf 89' lang='lat' dir='ltr'><strong>incipiens</strong></span> <span class='ocrx_word' id='word_1_636' title='bbox 1386 3965 1475 4020; x_wconf 93' lang='lat' dir='ltr'><strong>die</strong></span> <span class='ocrx_word' id='word_1_637' title='bbox 1519 3981 1799 4037; x_wconf 88' lang='lat' dir='ltr'><strong>nunquam</strong></span> <span class='ocrx_word' id='word_1_638' title='bbox 1855 3967 1992 4022; x_wconf 87' lang='lat' dir='ltr'><strong>desii</strong></span> <span class='ocrx_word' id='word_1_639' title='bbox 2043 3983 2176 4022; x_wconf 59' lang='lat' dir='ltr'><strong>mea:</strong></span> 
     </span>
    </p>
   </div>
   <div class='ocr_carea' id='block_1_79' title="bbox 599 4056 2178 4128">
    <p class='ocr_par' dir='ltr' id='par_1_79' title="bbox 599 4056 2178 4128">
     <span class='ocr_line' id='line_1_79' title="bbox 599 4056 2178 4128; baseline -0.001 -12"><span class='ocrx_word' id='word_1_640' title='bbox 599 4059 952 4128; x_wconf 83' lang='lat' dir='ltr'><strong>benignitatis</strong></span> <span class='ocrx_word' id='word_1_641' title='bbox 969 4057 1169 4112; x_wconf 88' lang='lat' dir='ltr'><strong>indicia</strong></span> <span class='ocrx_word' id='word_1_642' title='bbox 1194 4057 1348 4112; x_wconf 82' lang='lat' dir='ltr'><strong>vobis</strong></span> <span class='ocrx_word' id='word_1_643' title='bbox 1362 4056 1566 4114; x_wconf 83' lang='lat' dir='ltr'><strong>Judaeis</strong></span> <span class='ocrx_word' id='word_1_644' title='bbox 1590 4057 2178 4128; x_wconf 82' lang='lat' dir='ltr'><strong>impendere,innume-</strong></span> 
     </span>
    </p>
   </div>
   <div class='ocr_carea' id='block_1_80' title="bbox 2280 3965 3795 4041">
    <p class='ocr_par' dir='ltr' id='par_1_80' title="bbox 2280 3965 3795 4041">
     <span class='ocr_line' id='line_1_80' title="bbox 2280 3965 3795 4041; baseline -0.009 -17"><span class='ocrx_word' id='word_1_645' title='bbox 2280 3970 2512 4024; x_wconf 87' lang='grc' dir='ltr'>διέλιπον</span> <span class='ocrx_word' id='word_1_646' title='bbox 2546 3970 2642 4041; x_wconf 82' lang='grc' dir='ltr'>τῆς</span> <span class='ocrx_word' id='word_1_647' title='bbox 2671 3968 2907 4040; x_wconf 85' lang='grc' dir='ltr'>ἐμαυτοῦ</span> <span class='ocrx_word' id='word_1_648' title='bbox 2940 3967 3303 4040; x_wconf 79' lang='grc' dir='ltr'>χρηστότητος</span> <span class='ocrx_word' id='word_1_649' title='bbox 3327 3967 3457 4036; x_wconf 81' lang='grc' dir='ltr'>ὑμῖν</span> <span class='ocrx_word' id='word_1_650' title='bbox 3478 3968 3586 4028; x_wconf 78' lang='grc' dir='ltr'>τοῖς</span> <span class='ocrx_word' id='word_1_651' title='bbox 3611 3965 3666 4016; x_wconf 74' lang='grc' dir='ltr'><strong>ἐκ</strong></span> <span class='ocrx_word' id='word_1_652' title='bbox 3690 3976 3795 4029; x_wconf 82' lang='grc' dir='ltr'>περι-</span> 
     </span>
    </p>
   </div>
   <div class='ocr_carea' id='block_1_81' title="bbox 2242 4051 3794 4133">
    <p class='ocr_par' dir='ltr' id='par_1_81' title="bbox 2242 4051 3794 4133">
     <span class='ocr_line' id='line_1_81' title="bbox 2242 4051 3794 4133; baseline -0.003 -19"><span class='ocrx_word' id='word_1_653' title='bbox 2242 4109 2263 4129; x_wconf 80' lang='grc'><strong>,</strong></span> <span class='ocrx_word' id='word_1_654' title='bbox 2281 4061 2450 4132; x_wconf 80' lang='grc' dir='ltr'>τομῆς</span> <span class='ocrx_word' id='word_1_655' title='bbox 2476 4061 2743 4132; x_wconf 81' lang='grc' dir='ltr'>δείγματα</span> <span class='ocrx_word' id='word_1_656' title='bbox 2773 4061 3048 4133; x_wconf 88' lang='grc' dir='ltr'>παρέχων,</span> <span class='ocrx_word' id='word_1_657' title='bbox 3083 4059 3176 4112; x_wconf 76' lang='grc' dir='ltr'>καὶ</span> <span class='ocrx_word' id='word_1_658' title='bbox 3198 4059 3366 4131; x_wconf 84' lang='grc' dir='ltr'>μυρία</span> <span class='ocrx_word' id='word_1_659' title='bbox 3397 4059 3501 4112; x_wconf 81' lang='grc' dir='ltr'>ὅσα</span> <span class='ocrx_word' id='word_1_660' title='bbox 3527 4055 3657 4128; x_wconf 70' lang='grc' dir='ltr'>ὑμεῖς</span> <span class='ocrx_word' id='word_1_661' title='bbox 3683 4051 3794 4119; x_wconf 75' lang='grc' dir='ltr'>εὐερ-</span> 
     </span>
    </p>
   </div>
   <div class='ocr_carea' id='block_1_82' title="bbox 2281 4140 3792 4224">
    <p class='ocr_par' dir='ltr' id='par_1_82' title="bbox 2281 4140 3792 4224">
     <span class='ocr_line' id='line_1_82' title="bbox 2281 4140 3792 4224; baseline -0.009 -19"><span class='ocrx_word' id='word_1_662' title='bbox 2281 4151 2472 4221; x_wconf 85' lang='grc' dir='ltr'>γετῶν,</span> <span class='ocrx_word' id='word_1_663' title='bbox 2496 4154 2555 4206; x_wconf 86' lang='grc' dir='ltr'><strong>ού</strong></span> <span class='ocrx_word' id='word_1_664' title='bbox 2581 4152 2737 4224; x_wconf 82' lang='grc' dir='ltr'>μόνον</span> <span class='ocrx_word' id='word_1_665' title='bbox 2759 4151 2826 4204; x_wconf 82' lang='grc' dir='ltr'>τὰ</span> <span class='ocrx_word' id='word_1_666' title='bbox 2851 4151 2936 4204; x_wconf 79' lang='grc' dir='ltr'>διὰ</span> <span class='ocrx_word' id='word_1_667' title='bbox 2968 4151 3078 4204; x_wconf 86' lang='grc' dir='ltr'><strong>τῶν</strong></span> <span class='ocrx_word' id='word_1_668' title='bbox 3097 4149 3359 4205; x_wconf 84' lang='grc' dir='ltr'>ἀνέκαθεν</span> <span class='ocrx_word' id='word_1_669' title='bbox 3386 4140 3792 4222; x_wconf 47' lang='grc' dir='ltr'>προφητῶνβλὶά</span> 
     </span>
    </p>
   </div>
   <div class='ocr_carea' id='block_1_83' title="bbox 594 4148 2172 4221">
    <p class='ocr_par' dir='ltr' id='par_1_83' title="bbox 594 4148 2172 4221">
     <span class='ocr_line' id='line_1_83' title="bbox 594 4148 2172 4221; baseline -0.001 -15"><span class='ocrx_word' id='word_1_670' title='bbox 594 4151 974 4221; x_wconf 67' lang='lat' dir='ltr'><strong>rabilibusque</strong></span> <span class='ocrx_word' id='word_1_671' title='bbox 1006 4165 1104 4206; x_wconf 88' lang='lat' dir='ltr'><strong>vos</strong></span> <span class='ocrx_word' id='word_1_672' title='bbox 1134 4148 1416 4206; x_wconf 82' lang='lat' dir='ltr'><strong>beneﬁciis</strong></span> <span class='ocrx_word' id='word_1_673' title='bbox 1439 4150 1673 4216; x_wconf 79' lang='lat' dir='ltr'><strong>allicere,</strong></span> <span class='ocrx_word' id='word_1_674' title='bbox 1707 4166 1817 4205; x_wconf 91' lang='lat' dir='ltr'><strong>non</strong></span> <span class='ocrx_word' id='word_1_675' title='bbox 1841 4151 2017 4206; x_wconf 91' lang='lat' dir='ltr'><strong>solum</strong></span> <span class='ocrx_word' id='word_1_676' title='bbox 2045 4151 2172 4205; x_wconf 91' lang='lat' dir='ltr'><strong>dum</strong></span> 
     </span>
    </p>
   </div>
   <div class='ocr_carea' id='block_1_84' title="bbox 2281 4238 3791 4314">
    <p class='ocr_par' dir='ltr' id='par_1_84' title="bbox 2281 4238 3791 4314">
     <span class='ocr_line' id='line_1_84' title="bbox 2281 4238 3791 4314; baseline -0.003 -20"><span class='ocrx_word' id='word_1_677' title='bbox 2281 4241 2373 4295; x_wconf 76' lang='grc' dir='ltr'>καὶ</span> <span class='ocrx_word' id='word_1_678' title='bbox 2404 4242 2471 4295; x_wconf 77' lang='grc' dir='ltr'><strong>τὰ</strong></span> <span class='ocrx_word' id='word_1_679' title='bbox 2505 4241 2591 4294; x_wconf 84' lang='grc' dir='ltr'>διὰ</span> <span class='ocrx_word' id='word_1_680' title='bbox 2622 4242 2719 4314; x_wconf 73' lang='grc' dir='ltr'>τῆς</span> <span class='ocrx_word' id='word_1_681' title='bbox 2753 4240 2989 4313; x_wconf 77' lang='grc' dir='ltr'>ἐμαυτοῦ</span> <span class='ocrx_word' id='word_1_682' title='bbox 3021 4241 3350 4313; x_wconf 83' lang='grc' dir='ltr'>παρουσίας,</span> <span class='ocrx_word' id='word_1_683' title='bbox 3383 4238 3440 4293; x_wconf 82' lang='grc' dir='ltr'><strong>ἐν</strong></span> <span class='ocrx_word' id='word_1_684' title='bbox 3475 4256 3532 4292; x_wconf 86' lang='grc' dir='ltr'><strong>τε</strong></span> <span class='ocrx_word' id='word_1_685' title='bbox 3566 4239 3670 4298; x_wconf 87' lang='grc' dir='ltr'>ταῖς</span> <span class='ocrx_word' id='word_1_686' title='bbox 3696 4247 3791 4299; x_wconf 77' lang='grc' dir='ltr'>προ·</span> 
     </span>
    </p>
   </div>
   <div class='ocr_carea' id='block_1_85' title="bbox 591 4241 2171 4312">
    <p class='ocr_par' dir='ltr' id='par_1_85' title="bbox 591 4241 2171 4312">
     <span class='ocr_line' id='line_1_85' title="bbox 591 4241 2171 4312; baseline -0.001 -14"><span class='ocrx_word' id='word_1_687' title='bbox 591 4243 667 4298; x_wconf 75' lang='lat' dir='ltr'><strong>ad</strong></span> <span class='ocrx_word' id='word_1_688' title='bbox 698 4257 795 4298; x_wconf 86' lang='lat' dir='ltr'><strong>vos</strong></span> <span class='ocrx_word' id='word_1_689' title='bbox 823 4243 892 4297; x_wconf 89' lang='lat' dir='ltr'><strong>ab</strong></span> <span class='ocrx_word' id='word_1_690' title='bbox 932 4241 1089 4297; x_wconf 87' lang='lat' dir='ltr'><strong>initio</strong></span> <span class='ocrx_word' id='word_1_691' title='bbox 1119 4241 1414 4312; x_wconf 86' lang='lat' dir='ltr'><strong>prophetas</strong></span> <span class='ocrx_word' id='word_1_692' title='bbox 1462 4242 1657 4306; x_wconf 83' lang='lat' dir='ltr'><strong>mitto,</strong></span> <span class='ocrx_word' id='word_1_693' title='bbox 1703 4243 1797 4298; x_wconf 84' lang='lat' dir='ltr'><strong>sed</strong></span> <span class='ocrx_word' id='word_1_694' title='bbox 1841 4243 2004 4298; x_wconf 89' lang='lat' dir='ltr'><strong>etiam</strong></span> <span class='ocrx_word' id='word_1_695' title='bbox 2043 4241 2171 4296; x_wconf 91' lang='lat' dir='ltr'><strong>dum</strong></span> 
     </span>
    </p>
   </div>
   <div class='ocr_carea' id='block_1_86' title="bbox 591 4333 2172 4406">
    <p class='ocr_par' dir='ltr' id='par_1_86' title="bbox 591 4333 2172 4406">
     <span class='ocr_line' id='line_1_86' title="bbox 591 4333 2172 4406; baseline -0.003 -16"><span class='ocrx_word' id='word_1_696' title='bbox 591 4351 686 4390; x_wconf 85' lang='lat' dir='ltr'><strong>me</strong></span> <span class='ocrx_word' id='word_1_697' title='bbox 713 4335 894 4406; x_wconf 89' lang='lat' dir='ltr'><strong>ipsum</strong></span> <span class='ocrx_word' id='word_1_698' title='bbox 915 4333 1072 4389; x_wconf 84' lang='lat' dir='ltr'><strong>vobis</strong></span> <span class='ocrx_word' id='word_1_699' title='bbox 1106 4341 1428 4404; x_wconf 68' lang='lat' dir='ltr'><strong>praesentem</strong></span> <span class='ocrx_word' id='word_1_700' title='bbox 1457 4334 1690 4389; x_wconf 77' lang='lat' dir='ltr'><strong>exhibeo</strong></span> <span class='ocrx_word' id='word_1_701' title='bbox 1710 4373 1724 4397; x_wconf 94' lang='lat'><strong>,</strong></span> <span class='ocrx_word' id='word_1_702' title='bbox 1768 4342 1879 4388; x_wconf 91' lang='lat' dir='ltr'><strong>tum</strong></span> <span class='ocrx_word' id='word_1_703' title='bbox 1913 4334 1966 4388; x_wconf 91' lang='lat' dir='ltr'><strong>in</strong></span> <span class='ocrx_word' id='word_1_704' title='bbox 1997 4333 2172 4387; x_wconf 83' lang='lat' dir='ltr'><strong>moni-</strong></span> 
     </span>
    </p>
   </div>
   <div class='ocr_carea' id='block_1_87' title="bbox 600 4426 2171 4496">
    <p class='ocr_par' dir='ltr' id='par_1_87' title="bbox 600 4426 2171 4496">
     <span class='ocr_line' id='line_1_87' title="bbox 600 4426 2171 4496; baseline -0.003 -14"><span class='ocrx_word' id='word_1_705' title='bbox 600 4429 670 4483; x_wconf 87' lang='lat' dir='ltr'><strong>tis</strong></span> <span class='ocrx_word' id='word_1_706' title='bbox 702 4443 767 4483; x_wconf 89' lang='lat' dir='ltr'><strong>ac</strong></span> <span class='ocrx_word' id='word_1_707' title='bbox 791 4427 1155 4490; x_wconf 86' lang='lat' dir='ltr'><strong>documentis,</strong></span> <span class='ocrx_word' id='word_1_708' title='bbox 1188 4426 1653 4496; x_wconf 90' lang='lat' dir='ltr'><strong>rationalibusque</strong></span> <span class='ocrx_word' id='word_1_709' title='bbox 1691 4426 2008 4495; x_wconf 67' lang='lat' dir='ltr'><strong>prseceptis,</strong></span> <span class='ocrx_word' id='word_1_710' title='bbox 2057 4433 2171 4478; x_wconf 89' lang='lat' dir='ltr'><strong>tum</strong></span> 
     </span>
    </p>
   </div>
   <div class='ocr_carea' id='block_1_88' title="bbox 593 4517 2174 4590">
    <p class='ocr_par' dir='ltr' id='par_1_88' title="bbox 593 4517 2174 4590">
     <span class='ocr_line' id='line_1_88' title="bbox 593 4517 2174 4590; baseline -0.004 -12"><span class='ocrx_word' id='word_1_711' title='bbox 593 4521 654 4578; x_wconf 83' lang='lat' dir='ltr'><strong>in</strong></span> <span class='ocrx_word' id='word_1_712' title='bbox 680 4519 856 4590; x_wconf 82' lang='lat' dir='ltr'><strong>signis</strong></span> <span class='ocrx_word' id='word_1_713' title='bbox 878 4527 934 4575; x_wconf 93' lang='lat' dir='ltr'><strong>et</strong></span> <span class='ocrx_word' id='word_1_714' title='bbox 956 4518 1224 4589; x_wconf 82' lang='lat' dir='ltr'><strong>portentis</strong></span> <span class='ocrx_word' id='word_1_715' title='bbox 1256 4527 1310 4572; x_wconf 91' lang='lat' dir='ltr'><strong>et</strong></span> <span class='ocrx_word' id='word_1_716' title='bbox 1356 4519 1478 4573; x_wconf 90' lang='lat' dir='ltr'><strong>aliis</strong></span> <span class='ocrx_word' id='word_1_717' title='bbox 1521 4517 1910 4572; x_wconf 89' lang='lat' dir='ltr'><strong>miraculorum</strong></span> <span class='ocrx_word' id='word_1_718' title='bbox 1959 4517 2174 4588; x_wconf 86' lang='lat' dir='ltr'><strong>generi-</strong></span> 
     </span>
    </p>
   </div>
   <div class='ocr_carea' id='block_1_89' title="bbox 597 4609 2172 4678">
    <p class='ocr_par' dir='ltr' id='par_1_89' title="bbox 597 4609 2172 4678">
     <span class='ocr_line' id='line_1_89' title="bbox 597 4609 2172 4678; baseline -0.002 -10"><span class='ocrx_word' id='word_1_719' title='bbox 597 4613 722 4678; x_wconf 88' lang='lat' dir='ltr'><strong>bus,</strong></span> <span class='ocrx_word' id='word_1_720' title='bbox 772 4621 885 4666; x_wconf 87' lang='lat' dir='ltr'><strong>tum</strong></span> <span class='ocrx_word' id='word_1_721' title='bbox 940 4613 1103 4666; x_wconf 89' lang='lat' dir='ltr'><strong>etiam</strong></span> <span class='ocrx_word' id='word_1_722' title='bbox 1138 4612 1191 4664; x_wconf 90' lang='lat' dir='ltr'><strong>in</strong></span> <span class='ocrx_word' id='word_1_723' title='bbox 1243 4609 1624 4666; x_wconf 85' lang='lat' dir='ltr'><strong>sanationibus</strong></span> <span class='ocrx_word' id='word_1_724' title='bbox 1678 4618 1732 4664; x_wconf 90' lang='lat' dir='ltr'><strong>et</strong></span> <span class='ocrx_word' id='word_1_725' title='bbox 1784 4610 2039 4677; x_wconf 86' lang='lat' dir='ltr'><strong>medelis;</strong></span> <span class='ocrx_word' id='word_1_726' title='bbox 2074 4625 2172 4665; x_wconf 87' lang='lat' dir='ltr'><strong>vos</strong></span> 
     </span>
    </p>
   </div>
   <div class='ocr_carea' id='block_1_90' title="bbox 593 4697 2172 4770">
    <p class='ocr_par' dir='ltr' id='par_1_90' title="bbox 593 4697 2172 4770">
     <span class='ocr_line' id='line_1_90' title="bbox 593 4697 2172 4770; baseline -0.001 -15"><span class='ocrx_word' id='word_1_727' title='bbox 593 4715 728 4770; x_wconf 87' lang='lat' dir='ltr'><strong>ergo</strong></span> <span class='ocrx_word' id='word_1_728' title='bbox 750 4701 842 4766; x_wconf 91' lang='lat' dir='ltr'><strong>qui</strong></span> <span class='ocrx_word' id='word_1_729' title='bbox 873 4706 1021 4752; x_wconf 85' lang='lat' dir='ltr'><strong>tanta</strong></span> <span class='ocrx_word' id='word_1_730' title='bbox 1045 4699 1397 4753; x_wconf 81' lang='lat' dir='ltr'><strong>beneﬁcentia</strong></span> <span class='ocrx_word' id='word_1_731' title='bbox 1428 4697 1577 4768; x_wconf 84' lang='lat' dir='ltr'><strong>digni</strong></span> <span class='ocrx_word' id='word_1_732' title='bbox 1622 4697 1794 4752; x_wconf 83' lang='lat' dir='ltr'><strong>habiti</strong></span> <span class='ocrx_word' id='word_1_733' title='bbox 1821 4698 1956 4754; x_wconf 91' lang='lat' dir='ltr'><strong>estis</strong></span> <span class='ocrx_word' id='word_1_734' title='bbox 1977 4739 1992 4765; x_wconf 98' lang='lat'><strong>,</strong></span> <span class='ocrx_word' id='word_1_735' title='bbox 2050 4699 2172 4755; x_wconf 90' lang='lat' dir='ltr'><strong>date</strong></span> 
     </span>
    </p>
   </div>
   <div class='ocr_carea' id='block_1_91' title="bbox 597 4781 2168 4861">
    <p class='ocr_par' dir='ltr' id='par_1_91' title="bbox 597 4781 2168 4861">
     <span class='ocr_line' id='line_1_91' title="bbox 597 4781 2168 4861; baseline 0.001 -15"><span class='ocrx_word' id='word_1_736' title='bbox 597 4781 902 4847; x_wconf 59' lang='lat' dir='ltr'><strong>mercedbm</strong></span> <span class='ocrx_word' id='word_1_737' title='bbox 935 4807 1130 4854; x_wconf 83' lang='lat' dir='ltr'><strong>meam,</strong></span> <span class='ocrx_word' id='word_1_738' title='bbox 1164 4800 1257 4846; x_wconf 91' lang='lat' dir='ltr'><strong>aut</strong></span> <span class='ocrx_word' id='word_1_739' title='bbox 1284 4792 1525 4846; x_wconf 88' lang='lat' dir='ltr'><strong>renuite:</strong></span> <span class='ocrx_word' id='word_1_740' title='bbox 1574 4792 1654 4846; x_wconf 89' lang='lat' dir='ltr'><strong>sic</strong></span> <span class='ocrx_word' id='word_1_741' title='bbox 1683 4791 1902 4861; x_wconf 87' lang='lat' dir='ltr'><strong>quidem</strong></span> <span class='ocrx_word' id='word_1_742' title='bbox 1933 4791 2000 4846; x_wconf 91' lang='lat' dir='ltr'><strong>ab</strong></span> <span class='ocrx_word' id='word_1_743' title='bbox 2029 4793 2168 4858; x_wconf 90' lang='lat' dir='ltr'><strong>illis,</strong></span> 
     </span>
    </p>
   </div>
   <div class='ocr_carea' id='block_1_92' title="bbox 590 4884 2171 4958">
    <p class='ocr_par' dir='ltr' id='par_1_92' title="bbox 590 4884 2171 4958">
     <span class='ocr_line' id='line_1_92' title="bbox 590 4884 2171 4958; baseline 0.002 -18"><span class='ocrx_word' id='word_1_744' title='bbox 590 4895 656 4940; x_wconf 77' lang='lat' dir='ltr'><strong>ut</strong></span> <span class='ocrx_word' id='word_1_745' title='bbox 687 4902 784 4956; x_wconf 83' lang='lat' dir='ltr'><strong>par</strong></span> <span class='ocrx_word' id='word_1_746' title='bbox 810 4893 913 4950; x_wconf 88' lang='lat' dir='ltr'><strong>est,</strong></span> <span class='ocrx_word' id='word_1_747' title='bbox 939 4885 1148 4942; x_wconf 64' lang='lat' dir='ltr'><strong>h&#39;uctus</strong></span> <span class='ocrx_word' id='word_1_748' title='bbox 1179 4886 1416 4956; x_wconf 86' lang='lat' dir='ltr'><strong>pietatis,</strong></span> <span class='ocrx_word' id='word_1_749' title='bbox 1445 4893 1500 4940; x_wconf 90' lang='lat' dir='ltr'><strong>et</strong></span> <span class='ocrx_word' id='word_1_750' title='bbox 1533 4885 1734 4942; x_wconf 85' lang='lat' dir='ltr'><strong>indicia</strong></span> <span class='ocrx_word' id='word_1_751' title='bbox 1767 4884 1892 4940; x_wconf 71' lang='lat' dir='ltr'><strong>fidei</strong></span> <span class='ocrx_word' id='word_1_752' title='bbox 1924 4901 2056 4958; x_wconf 88' lang='lat' dir='ltr'><strong>erga</strong></span> <span class='ocrx_word' id='word_1_753' title='bbox 2083 4903 2171 4943; x_wconf 76' lang='lat' dir='ltr'><strong>se-</strong></span> 
     </span>
    </p>
   </div>
   <div class='ocr_carea' id='block_1_93' title="bbox 595 4979 2168 5051">
    <p class='ocr_par' dir='ltr' id='par_1_93' title="bbox 595 4979 2168 5051">
     <span class='ocr_line' id='line_1_93' title="bbox 595 4979 2168 5051; baseline 0.002 -17"><span class='ocrx_word' id='word_1_754' title='bbox 595 4980 773 5050; x_wconf 87' lang='lat' dir='ltr'><strong>ipsum</strong></span> <span class='ocrx_word' id='word_1_755' title='bbox 807 4980 1111 5050; x_wconf 81' lang='lat' dir='ltr'><strong>postulans.</strong></span> <span class='ocrx_word' id='word_1_756' title='bbox 1160 4980 1229 5034; x_wconf 82' lang='lat' dir='ltr'><strong>At</strong></span> <span class='ocrx_word' id='word_1_757' title='bbox 1253 4980 1331 5034; x_wconf 93' lang='lat' dir='ltr'><strong>illi</strong></span> <span class='ocrx_word' id='word_1_758' title='bbox 1369 4979 1449 5049; x_wconf 93' lang='lat' dir='ltr'><strong>(ut</strong></span> <span class='ocrx_word' id='word_1_759' title='bbox 1483 4979 1537 5033; x_wconf 93' lang='lat' dir='ltr'><strong>in</strong></span> <span class='ocrx_word' id='word_1_760' title='bbox 1592 4993 1656 5034; x_wconf 88' lang='lat' dir='ltr'><strong>ea</strong></span> <span class='ocrx_word' id='word_1_761' title='bbox 1709 4993 1871 5049; x_wconf 90' lang='lat' dir='ltr'><strong>quam</strong></span> <span class='ocrx_word' id='word_1_762' title='bbox 1921 4983 2168 5051; x_wconf 84' lang='lat' dir='ltr'><strong>proxime</strong></span> 
     </span>
    </p>
   </div>
   <div class='ocr_carea' id='block_1_94' title="bbox 591 5071 2168 5146">
    <p class='ocr_par' dir='ltr' id='par_1_94' title="bbox 591 5071 2168 5146">
     <span class='ocr_line' id='line_1_94' title="bbox 591 5071 2168 5146; baseline 0.001 -19"><span class='ocrx_word' id='word_1_763' title='bbox 591 5083 721 5129; x_wconf 84' lang='lat' dir='ltr'><strong>ante</strong></span> <span class='ocrx_word' id='word_1_764' title='bbox 752 5074 890 5130; x_wconf 88' lang='lat' dir='ltr'><strong>hanc</strong></span> <span class='ocrx_word' id='word_1_765' title='bbox 925 5075 1207 5146; x_wconf 83' lang='lat' dir='ltr'><strong>posuimus</strong></span> <span class='ocrx_word' id='word_1_766' title='bbox 1259 5073 1575 5144; x_wconf 83' lang='lat' dir='ltr'><strong>prophetia,</strong></span> <span class='ocrx_word' id='word_1_767' title='bbox 1609 5071 1814 5127; x_wconf 86' lang='lat' dir='ltr'><strong>dictum</strong></span> <span class='ocrx_word' id='word_1_768' title='bbox 1845 5077 1973 5142; x_wconf 86' lang='lat' dir='ltr'><strong>est),</strong></span> <span class='ocrx_word' id='word_1_769' title='bbox 2015 5091 2033 5125; x_wconf 81' lang='grc' dir='ltr'><strong>ι</strong></span> <span class='ocrx_word' id='word_1_770' title='bbox 2069 5089 2168 5144; x_wconf 92' lang='lat' dir='ltr'><strong>pro</strong></span> 
     </span>
    </p>
   </div>
   <div class='ocr_carea' id='block_1_95' title="bbox 586 5165 2168 5237">
    <p class='ocr_par' dir='ltr' id='par_1_95' title="bbox 586 5165 2168 5237">
     <span class='ocr_line' id='line_1_95' title="bbox 586 5165 2168 5237; baseline -0.001 -15"><span class='ocrx_word' id='word_1_771' title='bbox 586 5181 660 5222; x_wconf 89' lang='lat' dir='ltr'><strong>eo</strong></span> <span class='ocrx_word' id='word_1_772' title='bbox 684 5177 740 5222; x_wconf 90' lang='lat' dir='ltr'><strong>ut</strong></span> <span class='ocrx_word' id='word_1_773' title='bbox 767 5183 853 5223; x_wconf 91' lang='lat' dir='ltr'><strong>me</strong></span> <span class='ocrx_word' id='word_1_774' title='bbox 883 5168 1190 5237; x_wconf 89' lang='lat' dir='ltr'><strong>diligerent,</strong></span> <span class='ocrx_word' id='word_1_775' title='bbox 1219 5165 1580 5220; x_wconf 88' lang='lat' dir='ltr'><strong>detrahebant</strong></span> <span class='ocrx_word' id='word_1_776' title='bbox 1607 5165 1762 5230; x_wconf 89' lang='lat' dir='ltr'><strong>mihi,</strong></span> <span class='ocrx_word' id='word_1_777' title='bbox 1791 5173 1846 5221; x_wconf 91' lang='lat' dir='ltr'><strong>et</strong></span> <span class='ocrx_word' id='word_1_778' title='bbox 1865 5174 2168 5237; x_wconf 89' lang='lat' dir='ltr'><strong>posuerunt</strong></span> 
     </span>
    </p>
   </div>
   <div class='ocr_carea' id='block_1_96' title="bbox 591 5257 2164 5329">
    <p class='ocr_par' dir='ltr' id='par_1_96' title="bbox 591 5257 2164 5329">
     <span class='ocr_line' id='line_1_96' title="bbox 591 5257 2164 5329; baseline 0.001 -17"><span class='ocrx_word' id='word_1_779' title='bbox 591 5261 885 5316; x_wconf 79' lang='lat' dir='ltr'><strong>adversum</strong></span> <span class='ocrx_word' id='word_1_780' title='bbox 917 5275 1003 5315; x_wconf 89' lang='lat' dir='ltr'><strong>me</strong></span> <span class='ocrx_word' id='word_1_781' title='bbox 1036 5259 1175 5314; x_wconf 88' lang='lat' dir='ltr'><strong>mala</strong></span> <span class='ocrx_word' id='word_1_782' title='bbox 1208 5274 1307 5328; x_wconf 89' lang='lat' dir='ltr'><strong>pro</strong></span> <span class='ocrx_word' id='word_1_783' title='bbox 1337 5259 1495 5314; x_wconf 89' lang='lat' dir='ltr'><strong>bonis</strong></span> <span class='ocrx_word' id='word_1_784' title='bbox 1515 5300 1530 5325; x_wconf 90' lang='lat'><strong>,</strong></span> <span class='ocrx_word' id='word_1_785' title='bbox 1569 5266 1624 5315; x_wconf 89' lang='lat' dir='ltr'><strong>et</strong></span> <span class='ocrx_word' id='word_1_786' title='bbox 1665 5257 1848 5313; x_wconf 86' lang='lat' dir='ltr'><strong>odium</strong></span> <span class='ocrx_word' id='word_1_787' title='bbox 1897 5273 1998 5329; x_wconf 92' lang='lat' dir='ltr'><strong>pro</strong></span> <span class='ocrx_word' id='word_1_788' title='bbox 2025 5257 2164 5313; x_wconf 87' lang='lat' dir='ltr'><strong>dile-</strong></span> 
     </span>
    </p>
   </div>
   <div class='ocr_carea' id='block_1_97' title="bbox 589 5347 2165 5422">
    <p class='ocr_par' dir='ltr' id='par_1_97' title="bbox 589 5347 2165 5422">
     <span class='ocr_line' id='line_1_97' title="bbox 589 5347 2165 5422; baseline -0.001 -19"><span class='ocrx_word' id='word_1_789' title='bbox 589 5352 776 5406; x_wconf 83' lang='lat' dir='ltr'><strong>ctione</strong></span> <span class='ocrx_word' id='word_1_790' title='bbox 805 5366 926 5407; x_wconf 81' lang='lat' dir='ltr'><strong>mea</strong></span> <span class='ocrx_word' id='word_1_791' title='bbox 959 5352 1040 5417; x_wconf 82' lang='grc'><strong>⁷⁶;</strong></span> <span class='ocrx_word' id='word_1_792' title='bbox 1080 5369 1100 5404; x_wconf 73' lang='grc' dir='ltr'><strong>ι</strong></span> <span class='ocrx_word' id='word_1_793' title='bbox 1138 5359 1333 5407; x_wconf 87' lang='lat' dir='ltr'><strong>etcum</strong></span> <span class='ocrx_word' id='word_1_794' title='bbox 1365 5350 1590 5422; x_wconf 89' lang='lat' dir='ltr'><strong>triginta</strong></span> <span class='ocrx_word' id='word_1_795' title='bbox 1630 5359 1917 5421; x_wconf 88' lang='lat' dir='ltr'><strong>argenteos</strong></span> <span class='ocrx_word' id='word_1_796' title='bbox 1959 5347 2165 5404; x_wconf 86' lang='lat' dir='ltr'><strong>consti-</strong></span> 
     </span>
    </p>
   </div>
   <div class='ocr_carea' id='block_1_98' title="bbox 589 5441 2164 5514">
    <p class='ocr_par' dir='ltr' id='par_1_98' title="bbox 589 5441 2164 5514">
     <span class='ocr_line' id='line_1_98' title="bbox 589 5441 2164 5514; baseline -0.001 -19"><span class='ocrx_word' id='word_1_797' title='bbox 589 5444 820 5506; x_wconf 84' lang='lat' dir='ltr'><strong>tuerint,</strong></span> <span class='ocrx_word' id='word_1_798' title='bbox 848 5452 1110 5514; x_wconf 85' lang='lat' dir='ltr'><strong>tanquam</strong></span> <span class='ocrx_word' id='word_1_799' title='bbox 1138 5457 1262 5498; x_wconf 90' lang='lat' dir='ltr'><strong>eum</strong></span> <span class='ocrx_word' id='word_1_800' title='bbox 1287 5445 1381 5514; x_wconf 92' lang='lat' dir='ltr'><strong>qui</strong></span> <span class='ocrx_word' id='word_1_801' title='bbox 1401 5443 1539 5497; x_wconf 84' lang='lat' dir='ltr'><strong>tanti</strong></span> <span class='ocrx_word' id='word_1_802' title='bbox 1561 5441 1907 5511; x_wconf 83' lang='lat' dir='ltr'><strong>venderetur,</strong></span> <span class='ocrx_word' id='word_1_803' title='bbox 1925 5441 2164 5497; x_wconf 72' lang='lat' dir='ltr'><strong>aestima-</strong></span> 
     </span>
    </p>
   </div>
   <div class='ocr_carea' id='block_1_99' title="bbox 593 5533 2162 5612">
    <p class='ocr_par' dir='ltr' id='par_1_99' title="bbox 593 5533 2162 5612">
     <span class='ocr_line' id='line_1_99' title="bbox 593 5533 2162 5612; baseline -0.002 -22"><span class='ocrx_word' id='word_1_804' title='bbox 593 5544 810 5591; x_wconf 78' lang='lat' dir='ltr'><strong>verunt.</strong></span> <span class='ocrx_word' id='word_1_805' title='bbox 835 5535 947 5590; x_wconf 86' lang='lat' dir='ltr'><strong>Sed</strong></span> <span class='ocrx_word' id='word_1_806' title='bbox 977 5536 1238 5607; x_wconf 87' lang='lat' dir='ltr'><strong>quoniam</strong></span> <span class='ocrx_word' id='word_1_807' title='bbox 1272 5535 1706 5606; x_wconf 83' lang='lat' dir='ltr'><strong>uniuscujusque</strong></span> <span class='ocrx_word' id='word_1_808' title='bbox 1739 5533 2071 5612; x_wconf 75' lang='lat' dir='ltr'><strong>opusquale</strong></span> <span class='ocrx_word' id='word_1_809' title='bbox 2091 5535 2162 5589; x_wconf 88' lang='lat' dir='ltr'><strong>sit</strong></span> 
     </span>
    </p>
   </div>
   <div class='ocr_carea' id='block_1_100' title="bbox 597 5625 2162 5700">
    <p class='ocr_par' dir='ltr' id='par_1_100' title="bbox 597 5625 2162 5700">
     <span class='ocr_line' id='line_1_100' title="bbox 597 5625 2162 5700; baseline -0.003 -15"><span class='ocrx_word' id='word_1_810' title='bbox 597 5628 739 5699; x_wconf 82' lang='lat' dir='ltr'><strong>ignis</strong></span> <span class='ocrx_word' id='word_1_811' title='bbox 765 5629 1236 5698; x_wconf 88' lang='lat' dir='ltr'><strong>probabit,merito</strong></span> <span class='ocrx_word' id='word_1_812' title='bbox 1251 5629 1484 5700; x_wconf 84' lang='lat' dir='ltr'><strong>imperat</strong></span> <span class='ocrx_word' id='word_1_813' title='bbox 1506 5636 1564 5684; x_wconf 86' lang='lat' dir='ltr'><strong>ut</strong></span> <span class='ocrx_word' id='word_1_814' title='bbox 1582 5628 1872 5683; x_wconf 87' lang='lat' dir='ltr'><strong>mittantur</strong></span> <span class='ocrx_word' id='word_1_815' title='bbox 1897 5627 1952 5682; x_wconf 92' lang='lat' dir='ltr'><strong>in</strong></span> <span class='ocrx_word' id='word_1_816' title='bbox 1976 5625 2162 5682; x_wconf 81' lang='lat' dir='ltr'><strong>forna-</strong></span> 
     </span>
    </p>
   </div>
   <div class='ocr_carea' id='block_1_101' title="bbox 2282 4413 3788 4499">
    <p class='ocr_par' dir='ltr' id='par_1_101' title="bbox 2282 4413 3788 4499">
     <span class='ocr_line' id='line_1_101' title="bbox 2282 4413 3788 4499; baseline -0.007 -20"><span class='ocrx_word' id='word_1_817' title='bbox 2282 4443 2443 4496; x_wconf 87' lang='grc' dir='ltr'>μασιν</span> <span class='ocrx_word' id='word_1_818' title='bbox 2464 4465 2478 4489; x_wconf 95' lang='grc'><strong>,</strong></span> <span class='ocrx_word' id='word_1_819' title='bbox 2507 4425 2563 4479; x_wconf 75' lang='grc' dir='ltr'><strong>ἐν</strong></span> <span class='ocrx_word' id='word_1_820' title='bbox 2594 4443 2653 4480; x_wconf 86' lang='grc' dir='ltr'><strong>τε</strong></span> <span class='ocrx_word' id='word_1_821' title='bbox 2685 4429 2800 4489; x_wconf 88' lang='grc' dir='ltr'>τοῖς</span> <span class='ocrx_word' id='word_1_822' title='bbox 2830 4424 3074 4497; x_wconf 83' lang='grc' dir='ltr'>σημείοις</span> <span class='ocrx_word' id='word_1_823' title='bbox 3101 4426 3194 4478; x_wconf 75' lang='grc' dir='ltr'>καὶ</span> <span class='ocrx_word' id='word_1_824' title='bbox 3228 4424 3453 4499; x_wconf 87' lang='grc' dir='ltr'>τέρασι,</span> <span class='ocrx_word' id='word_1_825' title='bbox 3491 4422 3578 4477; x_wconf 80' lang='grc' dir='ltr'>καὶ</span> <span class='ocrx_word' id='word_1_826' title='bbox 3599 4422 3698 4480; x_wconf 84' lang='grc' dir='ltr'>ταῖς</span> <span class='ocrx_word' id='word_1_827' title='bbox 3725 4413 3788 4468; x_wconf 74' lang='grc' dir='ltr'>άλ-</span> 
     </span>
    </p>
   </div>
   <div class='ocr_carea' id='block_1_102' title="bbox 2279 4509 3786 4587">
    <p class='ocr_par' dir='ltr' id='par_1_102' title="bbox 2279 4509 3786 4587">
     <span class='ocr_line' id='line_1_102' title="bbox 2279 4509 3786 4587; baseline -0.017 -5"><span class='ocrx_word' id='word_1_828' title='bbox 2279 4516 2397 4580; x_wconf 84' lang='grc' dir='ltr'>λαις</span> <span class='ocrx_word' id='word_1_829' title='bbox 2421 4515 2906 4587; x_wconf 74' lang='grc' dir='ltr'>Ιπαραδοξοποιίαις</span> <span class='ocrx_word' id='word_1_830' title='bbox 2923 4553 2938 4579; x_wconf 94' lang='grc'><strong>,</strong></span> <span class='ocrx_word' id='word_1_831' title='bbox 2971 4517 3092 4579; x_wconf 88' lang='grc' dir='ltr'>ταῖς</span> <span class='ocrx_word' id='word_1_832' title='bbox 3121 4532 3180 4568; x_wconf 87' lang='grc' dir='ltr'><strong>τε</strong></span> <span class='ocrx_word' id='word_1_833' title='bbox 3224 4515 3397 4568; x_wconf 83' lang='grc' dir='ltr'>ίάσεσι</span> <span class='ocrx_word' id='word_1_834' title='bbox 3421 4515 3512 4570; x_wconf 79' lang='grc' dir='ltr'>καὶ</span> <span class='ocrx_word' id='word_1_835' title='bbox 3539 4513 3648 4574; x_wconf 82' lang='grc' dir='ltr'>ταῖς</span> <span class='ocrx_word' id='word_1_836' title='bbox 3673 4509 3786 4577; x_wconf 65' lang='lat' dir='ltr'><strong>inpa-</strong></span> 
     </span>
    </p>
   </div>
   <div class='ocr_carea' id='block_1_103' title="bbox 2204 4574 2250 4632">
    <p class='ocr_par' dir='ltr' id='par_1_103' title="bbox 2204 4574 2250 4632">
     <span class='ocr_line' id='line_1_103' title="bbox 2204 4574 2250 4632; baseline 0 0"><span class='ocrx_word' id='word_1_837' title='bbox 2204 4574 2250 4632; x_wconf 92' lang='lat' dir='ltr'><strong>D</strong></span> 
     </span>
    </p>
   </div>
   <div class='ocr_carea' id='block_1_104' title="bbox 2277 4690 3783 4771">
    <p class='ocr_par' dir='ltr' id='par_1_104' title="bbox 2277 4690 3783 4771">
     <span class='ocr_line' id='line_1_104' title="bbox 2277 4690 3783 4771; baseline -0.007 -15"><span class='ocrx_word' id='word_1_838' title='bbox 2277 4701 2426 4771; x_wconf 84' lang='grc' dir='ltr'>μένοι</span> <span class='ocrx_word' id='word_1_839' title='bbox 2458 4701 2573 4755; x_wconf 85' lang='grc' dir='ltr'>δότε</span> <span class='ocrx_word' id='word_1_840' title='bbox 2609 4702 2699 4754; x_wconf 72' lang='grc' dir='ltr'><strong>τὸν</strong></span> <span class='ocrx_word' id='word_1_841' title='bbox 2731 4700 2916 4771; x_wconf 86' lang='grc' dir='ltr'>μισθόν</span> <span class='ocrx_word' id='word_1_842' title='bbox 2953 4717 3053 4771; x_wconf 89' lang='grc' dir='ltr'><strong>μου</strong></span> <span class='ocrx_word' id='word_1_843' title='bbox 3077 4741 3091 4764; x_wconf 94' lang='grc'><strong>,</strong></span> <span class='ocrx_word' id='word_1_844' title='bbox 3125 4700 3158 4771; x_wconf 80' lang='grc' dir='ltr'>ἢ</span> <span class='ocrx_word' id='word_1_845' title='bbox 3187 4700 3526 4754; x_wconf 78' lang='grc' dir='ltr'>ἀπείπασθεο</span> <span class='ocrx_word' id='word_1_846' title='bbox 3548 4694 3691 4752; x_wconf 74' lang='grc' dir='ltr'>αἰτῶν</span> <span class='ocrx_word' id='word_1_847' title='bbox 3713 4690 3783 4742; x_wconf 63' lang='grc' dir='ltr'><strong>αὖα</strong></span> 
     </span>
    </p>
   </div>
   <div class='ocr_carea' id='block_1_105' title="bbox 2271 4779 3781 4860">
    <p class='ocr_par' dir='ltr' id='par_1_105' title="bbox 2271 4779 3781 4860">
     <span class='ocr_line' id='line_1_105' title="bbox 2271 4779 3781 4860; baseline -0.002 -19"><span class='ocrx_word' id='word_1_848' title='bbox 2271 4790 2395 4852; x_wconf 76' lang='grc' dir='ltr'>τοὺς</span> <span class='ocrx_word' id='word_1_849' title='bbox 2414 4830 2428 4851; x_wconf 94' lang='grc'><strong>,</strong></span> <span class='ocrx_word' id='word_1_850' title='bbox 2453 4788 2528 4852; x_wconf 84' lang='grc' dir='ltr'>ὼς</span> <span class='ocrx_word' id='word_1_851' title='bbox 2555 4790 2700 4852; x_wconf 78' lang='grc' dir='ltr'>είκδς</span> <span class='ocrx_word' id='word_1_852' title='bbox 2720 4830 2732 4851; x_wconf 83' lang='grc'><strong>,</strong></span> <span class='ocrx_word' id='word_1_853' title='bbox 2765 4791 3006 4860; x_wconf 80' lang='grc' dir='ltr'>καρποὺς</span> <span class='ocrx_word' id='word_1_854' title='bbox 3039 4788 3320 4853; x_wconf 80' lang='grc' dir='ltr'>εὐσεϐείας</span> <span class='ocrx_word' id='word_1_855' title='bbox 3344 4830 3358 4853; x_wconf 94' lang='grc'><strong>,</strong></span> <span class='ocrx_word' id='word_1_856' title='bbox 3389 4790 3479 4843; x_wconf 80' lang='grc' dir='ltr'>καὶ</span> <span class='ocrx_word' id='word_1_857' title='bbox 3514 4788 3687 4856; x_wconf 80' lang='grc' dir='ltr'>δεῖγμα</span> <span class='ocrx_word' id='word_1_858' title='bbox 3714 4779 3781 4846; x_wconf 73' lang='grc' dir='ltr'><strong>τῆς</strong></span> 
     </span>
    </p>
   </div>
   <div class='ocr_carea' id='block_1_106' title="bbox 2271 4871 3777 4953">
    <p class='ocr_par' dir='ltr' id='par_1_106' title="bbox 2271 4871 3777 4953">
     <span class='ocr_line' id='line_1_106' title="bbox 2271 4871 3777 4953; baseline 0.001 -19"><span class='ocrx_word' id='word_1_859' title='bbox 2271 4883 2350 4944; x_wconf 77' lang='grc' dir='ltr'>εἰς</span> <span class='ocrx_word' id='word_1_860' title='bbox 2387 4881 2549 4934; x_wconf 83' lang='grc' dir='ltr'>αὑτὸν</span> <span class='ocrx_word' id='word_1_861' title='bbox 2580 4881 2835 4944; x_wconf 85' lang='grc' dir='ltr'>πίστεως.</span> <span class='ocrx_word' id='word_1_862' title='bbox 2873 4882 2935 4934; x_wconf 78' lang='lat' dir='ltr'><strong>Ol</strong></span> <span class='ocrx_word' id='word_1_863' title='bbox 2959 4881 3042 4943; x_wconf 82' lang='grc' dir='ltr'>δὲ,</span> <span class='ocrx_word' id='word_1_864' title='bbox 3081 4881 3257 4950; x_wconf 77' lang='grc' dir='ltr'>(κατὰ</span> <span class='ocrx_word' id='word_1_865' title='bbox 3289 4881 3349 4934; x_wconf 82' lang='grc' dir='ltr'>τὸ</span> <span class='ocrx_word' id='word_1_866' title='bbox 3377 4881 3646 4953; x_wconf 71' lang='grc' dir='ltr'>εἰρημένον</span> <span class='ocrx_word' id='word_1_867' title='bbox 3669 4876 3714 4926; x_wconf 81' lang='grc' dir='ltr'><strong>ἐν</strong></span> <span class='ocrx_word' id='word_1_868' title='bbox 3733 4871 3777 4935; x_wconf 60' lang='grc' dir='ltr'><strong>τῇ</strong></span> 
     </span>
    </p>
   </div>
   <div class='ocr_carea' id='block_1_107' title="bbox 2274 4963 3778 5046">
    <p class='ocr_par' dir='ltr' id='par_1_107' title="bbox 2274 4963 3778 5046">
     <span class='ocr_line' id='line_1_107' title="bbox 2274 4963 3778 5046; baseline -0.025 1"><span class='ocrx_word' id='word_1_869' title='bbox 2274 4972 2379 5044; x_wconf 66' lang='grc' dir='ltr'>πρὸ</span> <span class='ocrx_word' id='word_1_870' title='bbox 2410 4973 2612 5045; x_wconf 74' lang='grc' dir='ltr'>ταύτης</span> <span class='ocrx_word' id='word_1_871' title='bbox 2639 4973 2983 5046; x_wconf 82' lang='grc' dir='ltr'>παραθέσει,)</span> <span class='ocrx_word' id='word_1_872' title='bbox 3016 4992 3034 5024; x_wconf 75' lang='grc' dir='ltr'><strong>ι</strong></span> <span class='ocrx_word' id='word_1_873' title='bbox 3075 4974 3194 5026; x_wconf 76' lang='grc' dir='ltr'>ἀντὶ</span> <span class='ocrx_word' id='word_1_874' title='bbox 3221 4971 3315 5026; x_wconf 91' lang='grc' dir='ltr'><strong>τοῦ</strong></span> <span class='ocrx_word' id='word_1_875' title='bbox 3349 4975 3562 5043; x_wconf 71' lang='grc' dir='ltr'>ἀγαπᾷν</span> <span class='ocrx_word' id='word_1_876' title='bbox 3589 4987 3647 5041; x_wconf 79' lang='grc' dir='ltr'><strong>με</strong></span> <span class='ocrx_word' id='word_1_877' title='bbox 3683 4963 3778 5016; x_wconf 76' lang='grc' dir='ltr'>ἐνδι-</span> 
     </span>
    </p>
   </div>
   <div class='ocr_carea' id='block_1_108' title="bbox 2273 5054 3774 5142">
    <p class='ocr_par' dir='ltr' id='par_1_108' title="bbox 2273 5054 3774 5142">
     <span class='ocr_line' id='line_1_108' title="bbox 2273 5054 3774 5142; baseline -0.005 -23"><span class='ocrx_word' id='word_1_878' title='bbox 2273 5066 2494 5120; x_wconf 77' lang='grc' dir='ltr'>έῦαλλόν</span> <span class='ocrx_word' id='word_1_879' title='bbox 2522 5084 2609 5138; x_wconf 89' lang='grc' dir='ltr'><strong>με,</strong></span> <span class='ocrx_word' id='word_1_880' title='bbox 2641 5068 2734 5121; x_wconf 77' lang='grc' dir='ltr'>καὶ</span> <span class='ocrx_word' id='word_1_881' title='bbox 2762 5067 2943 5120; x_wconf 78' lang='grc' dir='ltr'>ἔθεντο</span> <span class='ocrx_word' id='word_1_882' title='bbox 2971 5067 3089 5142; x_wconf 83' lang='grc' dir='ltr'>κατ’</span> <span class='ocrx_word' id='word_1_883' title='bbox 3119 5065 3430 5136; x_wconf 49' lang='grc' dir='ltr'>ἐμοῦλκιικὰ</span> <span class='ocrx_word' id='word_1_884' title='bbox 3455 5065 3567 5118; x_wconf 76' lang='grc' dir='ltr'>ἀντὶ</span> <span class='ocrx_word' id='word_1_885' title='bbox 3591 5054 3774 5128; x_wconf 73' lang='grc' dir='ltr'>ἀγαθῶν.</span> 
     </span>
    </p>
   </div>
   <div class='ocr_carea' id='block_1_109' title="bbox 2272 5152 3773 5232">
    <p class='ocr_par' dir='ltr' id='par_1_109' title="bbox 2272 5152 3773 5232">
     <span class='ocr_line' id='line_1_109' title="bbox 2272 5152 3773 5232; baseline -0.007 -17"><span class='ocrx_word' id='word_1_886' title='bbox 2272 5160 2365 5215; x_wconf 73' lang='grc' dir='ltr'>καὶ</span> <span class='ocrx_word' id='word_1_887' title='bbox 2389 5163 2542 5232; x_wconf 86' lang='grc' dir='ltr'>μῖσος</span> <span class='ocrx_word' id='word_1_888' title='bbox 2557 5160 2676 5214; x_wconf 78' lang='grc' dir='ltr'>ἀντὶ</span> <span class='ocrx_word' id='word_1_889' title='bbox 2693 5161 2790 5230; x_wconf 82' lang='grc' dir='ltr'>τῆς</span> <span class='ocrx_word' id='word_1_890' title='bbox 2817 5157 3150 5230; x_wconf 80' lang='grc' dir='ltr'>ἀγαπήσειῦς</span> <span class='ocrx_word' id='word_1_891' title='bbox 3175 5176 3296 5229; x_wconf 89' lang='grc' dir='ltr'>μου,</span> <span class='ocrx_word' id='word_1_892' title='bbox 3312 5179 3329 5209; x_wconf 76' lang='grc' dir='ltr'><strong>ι</strong></span> <span class='ocrx_word' id='word_1_893' title='bbox 3356 5159 3633 5230; x_wconf 86' lang='grc' dir='ltr'>τριάκοντα</span> <span class='ocrx_word' id='word_1_894' title='bbox 3651 5152 3773 5218; x_wconf 63' lang='grc' dir='ltr'><strong>ἀρτυ-</strong></span> 
     </span>
    </p>
   </div>
   <div class='ocr_carea' id='block_1_110' title="bbox 2269 5332 3772 5419">
    <p class='ocr_par' dir='ltr' id='par_1_110' title="bbox 2269 5332 3772 5419">
     <span class='ocr_line' id='line_1_110' title="bbox 2269 5332 3772 5419; baseline -0.013 -20"><span class='ocrx_word' id='word_1_895' title='bbox 2269 5345 2613 5419; x_wconf 86' lang='grc' dir='ltr'>ὲτιμήσαντο.</span> <span class='ocrx_word' id='word_1_896' title='bbox 2673 5345 2810 5398; x_wconf 78' lang='grc' dir='ltr'>Ἀλλ’</span> <span class='ocrx_word' id='word_1_897' title='bbox 2863 5345 2985 5398; x_wconf 70' lang='grc' dir='ltr'>ἐπεὶ</span> <span class='ocrx_word' id='word_1_898' title='bbox 3037 5345 3096 5396; x_wconf 79' lang='grc' dir='ltr'>τὸ</span> <span class='ocrx_word' id='word_1_899' title='bbox 3165 5344 3393 5398; x_wconf 80' lang='grc' dir='ltr'>ἑκάστου</span> <span class='ocrx_word' id='word_1_900' title='bbox 3448 5343 3594 5415; x_wconf 80' lang='grc' dir='ltr'>ἔργον</span> <span class='ocrx_word' id='word_1_901' title='bbox 3639 5332 3772 5388; x_wconf 76' lang='grc' dir='ltr'>ὁποῖόν</span> 
     </span>
    </p>
   </div>
   <div class='ocr_carea' id='block_1_111' title="bbox 2269 5423 3771 5512">
    <p class='ocr_par' dir='ltr' id='par_1_111' title="bbox 2269 5423 3771 5512">
     <span class='ocr_line' id='line_1_111' title="bbox 2269 5423 3771 5512; baseline -0.013 -20"><span class='ocrx_word' id='word_1_902' title='bbox 2269 5439 2386 5493; x_wconf 88' lang='grc' dir='ltr'>ἐστι</span> <span class='ocrx_word' id='word_1_903' title='bbox 2407 5439 2468 5492; x_wconf 83' lang='grc' dir='ltr'>τὸ</span> <span class='ocrx_word' id='word_1_904' title='bbox 2497 5439 2604 5512; x_wconf 85' lang='grc' dir='ltr'><strong>πῦρ</strong></span> <span class='ocrx_word' id='word_1_905' title='bbox 2623 5438 2754 5492; x_wconf 83' lang='grc' dir='ltr'>αὐτὸ</span> <span class='ocrx_word' id='word_1_906' title='bbox 2780 5437 3085 5508; x_wconf 80' lang='grc' dir='ltr'>δοκιμάσει,</span> <span class='ocrx_word' id='word_1_907' title='bbox 3114 5437 3338 5500; x_wconf 86' lang='grc' dir='ltr'>εἰκότως</span> <span class='ocrx_word' id='word_1_908' title='bbox 3375 5423 3771 5510; x_wconf 70' lang='grc' dir='ltr'>προστάττεικαθσ</span> 
     </span>
    </p>
   </div>
   <div class='ocr_carea' id='block_1_112' title="bbox 2269 5512 3768 5602">
    <p class='ocr_par' dir='ltr' id='par_1_112' title="bbox 2269 5512 3768 5602">
     <span class='ocr_line' id='line_1_112' title="bbox 2269 5512 3768 5602; baseline -0.014 -12"><span class='ocrx_word' id='word_1_909' title='bbox 2269 5531 2393 5602; x_wconf 84' lang='grc' dir='ltr'>ἦναι</span> <span class='ocrx_word' id='word_1_910' title='bbox 2445 5533 2638 5589; x_wconf 75' lang='grc' dir='ltr'>αὐτοὺς</span> <span class='ocrx_word' id='word_1_911' title='bbox 2685 5531 2764 5593; x_wconf 80' lang='grc' dir='ltr'><strong>είς</strong></span> <span class='ocrx_word' id='word_1_912' title='bbox 2804 5529 2865 5582; x_wconf 86' lang='grc' dir='ltr'>τὸ</span> <span class='ocrx_word' id='word_1_913' title='bbox 2895 5528 3253 5599; x_wconf 83' lang='grc' dir='ltr'>χωνευτήριον</span> <span class='ocrx_word' id='word_1_914' title='bbox 3275 5566 3289 5590; x_wconf 95' lang='grc'><strong>,</strong></span> <span class='ocrx_word' id='word_1_915' title='bbox 3339 5524 3593 5592; x_wconf 83' lang='grc' dir='ltr'>ἐπιλέγων</span> <span class='ocrx_word' id='word_1_916' title='bbox 3613 5535 3625 5548; x_wconf 89' lang='grc'><strong>·</strong></span> <span class='ocrx_word' id='word_1_917' title='bbox 3655 5534 3670 5566; x_wconf 79' lang='grc' dir='ltr'><strong>ι</strong></span> 
     </span>
    </p>
   </div>
   <div class='ocr_carea' id='block_1_113' title="bbox 661 5795 2173 5879">
    <p class='ocr_par' dir='ltr' id='par_1_113' title="bbox 661 5801 2173 5879">
     <span class='ocr_line' id='line_1_113' title="bbox 661 5801 2173 5879; baseline -0.001 -22"><span class='ocrx_word' id='word_1_918' title='bbox 661 5805 711 5837; x_wconf 76' lang='grc'><strong>’⁸³</strong></span> <span class='ocrx_word' id='word_1_919' title='bbox 745 5803 975 5865; x_wconf 83' lang='lat' dir='ltr'><strong>Zachar.</strong></span> <span class='ocrx_word' id='word_1_920' title='bbox 1007 5818 1087 5879; x_wconf 75' lang='lat' dir='ltr'><strong>XI,</strong></span> <span class='ocrx_word' id='word_1_921' title='bbox 1119 5808 1169 5875; x_wconf 89' lang='lat'><strong>7,</strong></span> <span class='ocrx_word' id='word_1_922' title='bbox 1201 5807 1284 5865; x_wconf 64' lang='lat' dir='ltr'><strong>li.</strong></span> <span class='ocrx_word' id='word_1_923' title='bbox 1357 5805 1402 5837; x_wconf 70' lang='grc'><strong>⁷⁸</strong></span> <span class='ocrx_word' id='word_1_924' title='bbox 1442 5804 1576 5863; x_wconf 88' lang='lat' dir='ltr'><strong>Luc.</strong></span> <span class='ocrx_word' id='word_1_925' title='bbox 1614 5820 1763 5871; x_wconf 86' lang='lat' dir='ltr'><strong>xxu,</strong></span> <span class='ocrx_word' id='word_1_926' title='bbox 1799 5804 1852 5872; x_wconf 75' lang='grc'>4,</span> <span class='ocrx_word' id='word_1_927' title='bbox 1887 5805 1938 5859; x_wconf 84' lang='grc'>5.</span> <span class='ocrx_word' id='word_1_928' title='bbox 2015 5805 2058 5836; x_wconf 80' lang='grc'><strong>⁷³</strong></span> <span class='ocrx_word' id='word_1_929' title='bbox 2099 5801 2173 5857; x_wconf 82' lang='lat' dir='ltr'><strong>Ma</strong></span> 
     </span>
    </p>
   </div>
   <div class='ocr_carea' id='block_1_114' title="bbox 2278 5795 3410 5879">
    <p class='ocr_par' dir='ltr' id='par_1_114' title="bbox 2278 5795 3410 5866">
     <span class='ocr_line' id='line_1_114' title="bbox 2278 5795 3410 5866; baseline -0.001 -11"><span class='ocrx_word' id='word_1_930' title='bbox 2278 5843 2288 5856; x_wconf 92' lang='lat'>.</span> <span class='ocrx_word' id='word_1_931' title='bbox 2331 5815 2480 5866; x_wconf 76' lang='lat' dir='ltr'><strong>xxvr,</strong></span> <span class='ocrx_word' id='word_1_932' title='bbox 2519 5799 2601 5863; x_wconf 74' lang='lat' dir='ltr'><strong>H,</strong></span> <span class='ocrx_word' id='word_1_933' title='bbox 2637 5799 2720 5853; x_wconf 79' lang='lat' dir='ltr'><strong>l5.</strong></span> <span class='ocrx_word' id='word_1_934' title='bbox 2798 5801 2843 5831; x_wconf 79' lang='grc'><strong>⁷⁸</strong></span> <span class='ocrx_word' id='word_1_935' title='bbox 2883 5798 3029 5854; x_wconf 84' lang='lat' dir='ltr'><strong>Psal.</strong></span> <span class='ocrx_word' id='word_1_936' title='bbox 3063 5812 3227 5863; x_wconf 81' lang='lat' dir='ltr'><strong>cvm,</strong></span> <span class='ocrx_word' id='word_1_937' title='bbox 3262 5798 3315 5864; x_wconf 75' lang='grc' dir='ltr'><strong>-Ι,</strong></span> <span class='ocrx_word' id='word_1_938' title='bbox 3354 5795 3410 5854; x_wconf 81' lang='lat'><strong>5.</strong></span> 
     </span>
    </p>
   </div>
   <div class='ocr_carea' id='block_1_115' title="bbox 2273 5243 3841 5327">
    <p class='ocr_par' dir='ltr' id='par_1_115' title="bbox 2273 5243 3841 5327">
     <span class='ocr_line' id='line_1_115' title="bbox 2273 5243 3841 5327; baseline -0.006 -20"><span class='ocrx_word' id='word_1_939' title='bbox 2273 5253 2399 5327; x_wconf 90' lang='grc' dir='ltr'>ροῦς</span> <span class='ocrx_word' id='word_1_940' title='bbox 2438 5256 2750 5325; x_wconf 80' lang='grc' dir='ltr'>στήσαντες,</span> <span class='ocrx_word' id='word_1_941' title='bbox 2781 5252 2970 5323; x_wconf 78' lang='grc' dir='ltr'>ὥσπερ</span> <span class='ocrx_word' id='word_1_942' title='bbox 3007 5251 3260 5304; x_wconf 82' lang='grc' dir='ltr'>τοσούτου</span> <span class='ocrx_word' id='word_1_943' title='bbox 3294 5251 3452 5304; x_wconf 79' lang='grc' dir='ltr'>αὐτὸν</span> <span class='ocrx_word' id='word_1_944' title='bbox 3495 5243 3773 5311; x_wconf 61' lang='grc' dir='ltr'>πωλούμενον</span> <span class='ocrx_word' id='word_1_945' title='bbox 3839 5287 3841 5327; x_wconf 43' lang='grc' dir='ltr'><strong>ἱ</strong></span> 
     </span>
    </p>
   </div>
   <div class='ocr_carea' id='block_1_116' title="bbox 2269 5598 3765 5697">
    <p class='ocr_par' dir='ltr' id='par_1_116' title="bbox 2269 5598 3765 5697">
     <span class='ocr_line' id='line_1_116' title="bbox 2269 5598 3765 5697; baseline -0.005 -20"><span class='ocrx_word' id='word_1_946' title='bbox 2269 5623 2468 5697; x_wconf 85' lang='grc' dir='ltr'>τρόπον</span> <span class='ocrx_word' id='word_1_947' title='bbox 2501 5623 2858 5693; x_wconf 78' lang='grc' dir='ltr'>ἐδοκιμάσθην</span> <span class='ocrx_word' id='word_1_948' title='bbox 2898 5622 3038 5691; x_wconf 80' lang='grc' dir='ltr'>ὑπὲρ</span> <span class='ocrx_word' id='word_1_949' title='bbox 3079 5620 3279 5674; x_wconf 79' lang='grc' dir='ltr'>αὐτῶν.</span> <span class='ocrx_word' id='word_1_950' title='bbox 3324 5639 3342 5670; x_wconf 73' lang='grc' dir='ltr'><strong>ι</strong></span> <span class='ocrx_word' id='word_1_951' title='bbox 3382 5598 3765 5684; x_wconf 69' lang='grc' dir='ltr'><strong>Χωνευτήρῑονδὲ</strong></span> 
     </span>
    </p>
   </div>
   <div class='ocr_carea' id='block_1_117' title="bbox 2285 3866 3875 3949">
    <p class='ocr_par' dir='ltr' id='par_1_117' title="bbox 2285 3866 3875 3949">
     <span class='ocr_line' id='line_1_117' title="bbox 2285 3866 3875 3949; baseline 0.007 -19"><span class='ocrx_word' id='word_1_952' title='bbox 2285 3878 2384 3949; x_wconf 81' lang='grc' dir='ltr'>μὲν</span> <span class='ocrx_word' id='word_1_953' title='bbox 2434 3880 2462 3930; x_wconf 89' lang='lat'><strong>6</strong></span> <span class='ocrx_word' id='word_1_954' title='bbox 2507 3877 2739 3948; x_wconf 80' lang='grc' dir='ltr'>Κύριος,</span> <span class='ocrx_word' id='word_1_955' title='bbox 2777 3879 2842 3930; x_wconf 88' lang='grc' dir='ltr'><strong>ἐκ</strong></span> <span class='ocrx_word' id='word_1_956' title='bbox 2886 3875 3108 3948; x_wconf 78' lang='grc' dir='ltr'>πρώτης</span> <span class='ocrx_word' id='word_1_957' title='bbox 3151 3873 3458 3946; x_wconf 81' lang='grc' dir='ltr'>ἀρξάμενος</span> <span class='ocrx_word' id='word_1_958' title='bbox 3504 3871 3718 3943; x_wconf 57' lang='grc' dir='ltr'>ἡμέραν</span> <span class='ocrx_word' id='word_1_959' title='bbox 3752 3866 3794 3917; x_wconf 48' lang='grc' dir='ltr'><strong>οὗ</strong></span> 
     </span>
    </p>
   </div>
   <div class='ocr_carea' id='block_1_118' title="bbox 2277 4321 3863 4407">
    <p class='ocr_par' dir='ltr' id='par_1_118' title="bbox 2277 4321 3863 4407">
     <span class='ocr_line' id='line_1_118' title="bbox 2277 4321 3863 4407; baseline 0.001 -19"><span class='ocrx_word' id='word_1_960' title='bbox 2277 4337 2594 4407; x_wconf 87' lang='grc' dir='ltr'>τρεπτικαῖς</span> <span class='ocrx_word' id='word_1_961' title='bbox 2649 4334 3018 4398; x_wconf 86' lang='grc' dir='ltr'>διδασκαλίαις</span> <span class='ocrx_word' id='word_1_962' title='bbox 3075 4333 3169 4387; x_wconf 68' lang='grc' dir='ltr'>καὶ</span> <span class='ocrx_word' id='word_1_963' title='bbox 3219 4334 3331 4396; x_wconf 82' lang='grc' dir='ltr'>τοῖς</span> <span class='ocrx_word' id='word_1_964' title='bbox 3397 4331 3622 4400; x_wconf 79' lang='grc' dir='ltr'>λογικοῖς</span> <span class='ocrx_word' id='word_1_965' title='bbox 3669 4323 3789 4397; x_wconf 66' lang='grc' dir='ltr'>μαθὴ·</span> 
     </span>
    </p>
   </div>
   <div class='ocr_carea' id='block_1_119' title="bbox 2276 4598 3857 4680">
    <p class='ocr_par' dir='ltr' id='par_1_119' title="bbox 2276 4598 3857 4680">
     <span class='ocr_line' id='line_1_119' title="bbox 2276 4598 3857 4680; baseline 0.003 -20"><span class='ocrx_word' id='word_1_966' title='bbox 2276 4608 2488 4670; x_wconf 88' lang='grc' dir='ltr'>πείαις·</span> <span class='ocrx_word' id='word_1_967' title='bbox 2523 4609 2680 4680; x_wconf 86' lang='grc' dir='ltr'>ὑμεῖς</span> <span class='ocrx_word' id='word_1_968' title='bbox 2707 4607 2763 4660; x_wconf 84' lang='grc' dir='ltr'>δὲ</span> <span class='ocrx_word' id='word_1_969' title='bbox 2798 4610 2846 4660; x_wconf 80' lang='grc' dir='ltr'>οἱ</span> <span class='ocrx_word' id='word_1_970' title='bbox 2889 4608 2988 4678; x_wconf 80' lang='grc' dir='ltr'>τῆς</span> <span class='ocrx_word' id='word_1_971' title='bbox 3020 4607 3291 4679; x_wconf 85' lang='grc' dir='ltr'>τοσαύτης</span> <span class='ocrx_word' id='word_1_972' title='bbox 3323 4606 3629 4679; x_wconf 80' lang='grc' dir='ltr'>εὐεργεσίας</span> <span class='ocrx_word' id='word_1_973' title='bbox 3665 4598 3786 4669; x_wconf 58' lang='grc' dir='ltr'><strong>ἢξιυν</strong></span> <span class='ocrx_word' id='word_1_974' title='bbox 3851 4598 3857 4680; x_wconf 53' lang='lat'><strong>1</strong></span> 
     </span>
    </p>
   </div>
   <div class='ocr_carea' id='block_1_120' title="bbox 3845 4839 3851 4872">
    <p class='ocr_par' dir='ltr' id='par_1_120' title="bbox 3845 4839 3851 4872">
     <span class='ocr_line' id='line_1_120' title="bbox 3845 4839 3851 4872; baseline 0 0"><span class='ocrx_word' id='word_1_975' title='bbox 3845 4839 3851 4872; x_wconf 83' lang='lat' dir='ltr'><strong>l</strong></span> 
     </span>
    </p>
   </div>
   <div class='ocr_carea' id='block_1_121' title="bbox 3825 3949 3873 5955">
    <p class='ocr_par' dir='ltr' id='par_1_121' title="bbox 3829 4839 3851 5781">
     <span class='ocr_line' id='line_1_121' title="bbox 3845 4839 3851 5091; baseline 0 0"><span class='ocrx_word' id='word_1_976' title='bbox 3845 4839 3851 5005; x_wconf 65' lang='grc' dir='ltr'><strong>ί</strong></span> 
     </span>
     <span class='ocr_line' id='line_1_122' title="bbox 3829 5379 3839 5781; baseline 0 -344"><span class='ocrx_word' id='word_1_977' title='bbox 3829 5539 3835 5695; x_wconf 46' lang='grc' dir='ltr'>ί</span> 
     </span>
    </p>
   </div>
  </div>
