3938 6520
160 419 247 478 715
1066 421 1716 483 DEMONSTRATIOMS

1838 421 2202 477 ANGELICAE
2235 422 2361 477 LIB.
2394 422 2465 480 Χ.

3390 204 3398 233 l

3297 423 3400 481 746

156 535 378 591 ἐνταῦθα
422 536 566 593 laute
596 540 686 594 τὸν
714 537 860 594 οἶκον
899 522 1104 611 Κυρίου
1132 539 1437 607 ὀνομάζεινι
1466 540 1726 602 Εἰπόντος

1836 554 1967 601 cem,
2006 537 2135 591 illud
2189 536 2489 607 adiungens
2522 556 2535 593 :
2583 555 2600 588 ι
2639 537 3103 604 Quemadmodum
3140 540 3401 610 probatus

155 622 273 695 γοῦν
303 629 405 680 τοῦ
442 630 670 702 Κυρίου,
704 630 844 684 κατά
875 631 1001 694 τοὺς
1034 626 1460 704 Ἐϐδομήκονταο
1486 650 1504 683 ι
1541 630 1723 691 Κάθες

154 718 338 783 αὐτοὺς
376 723 461 784 είς
479 723 541 774 τὸ
569 724 926 793 χωνευτήριον
948 765 962 789 ,
1000 741 1018 774 ι
1049 716 1297 794 ἐπιφέρει
1319 738 1332 753 ·
1359 742 1377 775 ι
1400 721 1508 777 Καὶ
1539 722 1724 776 ὲνέεαέ

151 812 232 867 λον
270 816 473 879 αὐτοὺς
522 819 600 881 είς
645 817 735 871 τὸν
777 813 923 869 οἷκον
971 816 1196 887 Κυρίου,
1239 819 1319 880 εἰς
1362 816 1424 869 τὸ
1457 819 1725 887 χωνευτήο

154 924 278 979 ριον.
312 924 332 957 ι
357 907 519 960 Κατά
538 908 592 960 δὲ
615 909 703 961 τὸν
739 908 967 962 Ἀκύλαν
990 925 1002 938 ’
1038 928 1055 958 ι
1086 908 1345 972 Εἰπόντος
1372 908 1463 962 τοῦ
1495 908 1720 980 Κυρίουδ

162 996 339 1065 Ῥίψον
394 998 549 1060 αὐτὸ,
578 1018 594 1050 ι
624 999 781 1069 δῆλον
829 1000 873 1053 δ’
915 1002 995 1052 ὅτι
1026 999 1086 1051 τὸ
1126 998 1415 1071 ἀργύριον,
1452 1000 1587 1071 πρὸς
1633 998 1725 1052 τὸν

156 1087 417 1157 πλάστην,
447 1089 716 1160 ἐπιφέρει·
753 1093 892 1144 «Καὶ
919 1091 1116 1164 ἔρριψα
1140 1093 1196 1143 ὲν
1211 1093 1343 1162 οἴκῳ
1356 1091 1560 1163 Κυρίου
1590 1090 1725 1163 πρὸς

153 1178 235 1231 τὸν
252 1179 531 1250 πλάστην.
560 1200 577 1232 ι
606 1181 763 1235 Κατὰ
784 1182 839 1234 δὲ
862 1180 952 1235 τὸν
981 1182 1271 1253 Σύμμαχον
1291 1200 1303 1212 ·
1330 1184 1617 1247 (Εἰπόντος
1631 1183 1723 1235 τοῦ

154 1271 375 1341 Κυρίου·
416 1273 599 1342 Ῥίψον
624 1274 754 1327 αὐτὸ
800 1278 878 1338 είς
916 1277 974 1328 τὸ
1003 1278 1384 1346 χωνευτήριον,
1424 1294 1442 1329 t
1478 1275 1725 1349 ἐπιφέρει

154 1363 321 1431 λέγων
340 1381 355 1394 ο
392 1384 411 1414 ‹
451 1367 560 1418 Kal
590 1366 786 1437 ἔρριψα
821 1368 951 1420 αὐτὸ
982 1371 1061 1430 εἰς
1092 1365 1182 1420 τὸν
1215 1364 1360 1421 οἷκον
1390 1369 1615 1440 Κυρίου,
1648 1372 1726 1432 είς

153 1458 206 1509 τὸ
232 1458 622 1528 χωνευτήριον,
661 1477 679 1508 ι
729 1460 954 1531 Μήποτε
985 1460 1159 1513 δὲκαὶ
1196 1460 1352 1513 τοῦτο
1388 1461 1725 1533 ἐπληροῦτο,

152 1548 229 1601 ὅτε
249 1568 268 1599 ι
294 1548 520 1612 Ἰούδας,
536 1566 553 1599 t
572 1551 600 1602 ό
614 1551 936 1621 παραδιδοὺς
954 1538 1044 1604 τὸν
1063 1550 1284 1621 Κύριον,
1311 1571 1328 1603 ι
1343 1552 1483 1615 ἰδὼν,
1498 1554 1579 1606 ὅτι
1598 1571 1727 1607 κατ-

153 1638 337 1709 εκρίθη
364 1679 379 1701 ,
436 1639 830 1710 μεταμεληθεὶς
874 1642 1182 1713 ἀπέστρεψε
1222 1645 1282 1696 τὸ
1326 1644 1584 1716 ἀργύριον
1616 1647 1727 1707 τοῖς

152 1729 467 1801 ἀρχιερεῦσι
500 1732 595 1783 καὶ
630 1732 1016 1805 πρεσδυτέροις
1038 1776 1052 1799 ,
1084 1735 1255 1803 λέγων
1276 1752 1287 1765 ⁸
1322 1737 1602 1807 ’Ἥμαρτον
1626 1754 1731 1788 πα-

156 1822 347 1892 ραδοὺς
398 1817 538 1892 αἷμα
576 1811 772 1879 ἀθῶον.
822 1826 886 1877 Ol
934 1825 989 1877 δὲ
1040 1817 1199 1880 εἶπαν
1250 1827 1432 1896 αύτῷ·
1496 1826 1560 1880 Τί
1594 1826 1729 1898 πρὸς

1829 642 1949 680 ευιιι
1982 641 2080 695 pro
2120 627 2248 681 illis.
2294 646 2311 679 ι
2375 626 2672 682 Fornacem
2728 644 2854 683 vero
2909 629 3011 683 hoc
3060 629 3180 684 loco
3227 631 3400 701 ipsam

1826 718 2047 773 domum
2084 718 2294 773 Domini
2328 721 2612 776 nominare
2642 721 2881 778 videtur.
2911 720 3045 775 Nam
3070 738 3191 777 cum
3220 724 3402 779 Domi-

1827 824 1932 865 nus
1958 810 2191 876 dixerit,
2234 818 2293 865 ut
2332 819 2415 866 est
2464 813 2605 882 apud
2650 812 2826 875 LXX,
2861 832 2879 864 ι
2919 812 3138 870 Dimitte
3197 831 3294 871 eos
3344 817 3398 873 in

1825 898 2124 965 fornacem,
2167 922 2184 953 ι
2214 910 2329 955 ιιιιη
2366 902 2610 973 adiungit
2639 922 2651 957 :
2688 922 2706 954 ‹
2746 902 2810 957 Ει
2839 904 3045 974 proieci
3089 921 3184 959 eos
3213 907 3268 960 in
3303 908 3402 962 do-

1826 1010 1915 1049 mo
1941 994 2152 1049 Domini
2182 996 2237 1049 in
2266 994 2562 1050 fornacem.
2601 1016 2620 1049 ι
2651 995 2719 1050 Ut
2754 1012 2880 1051 vero
2919 1008 3001 1052 est
3045 1000 3185 1068 apud
3232 1002 3403 1070 Aqui-

1826 1086 1954 1149 lam,
1992 1103 2011 1137 ι
2044 1102 2166 1139 eum
2203 1086 2465 1141 Dominus
2496 1089 2693 1141 dixerit
2726 1107 2737 1141 :
2788 1087 3000 1159 Proiice
3042 1089 3174 1144 illud
3220 1091 3398 1161 ipsum

1827 1179 2078 1233 videlicet
2131 1186 2415 1247 argentum
2465 1180 2530 1232 ad
2591 1179 2832 1250 ﬁgulum,
2870 1201 2887 1232 ι
2932 1191 3045 1235 ιυιη
3103 1182 3397 1254 adiungit:

1833 1288 1851 1321 ι
1894 1270 1958 1323 Ει
1993 1270 2194 1340 proieci
2244 1271 2373 1326 illud
2411 1271 2465 1325 in
2511 1272 2674 1326 domo
2720 1271 2930 1327 Domini
2972 1274 3038 1329 ad
3089 1274 3332 1346 ﬁgulum.
3377 1295 3396 1329 ι

1826 1364 1896 1415 At
1928 1379 2078 1427 vero,
2115 1379 2179 1417 ex
2212 1363 2523 1435 Symmachi
2550 1364 2806 1430 editione,
2828 1383 2846 1416 ι
2879 1381 3002 1419 eum
3026 1366 3286 1423 Dominus
3316 1369 3404 1424 di-

1830 1458 2004 1520 xerit,
2069 1457 2275 1527 proiice
2323 1456 2454 1509 illud
2488 1457 2540 1510 in
2595 1457 2892 1521 fornacem,
2932 1477 2951 1511 ›
2988 1468 3099 1513 ιιιιη
3157 1461 3404 1533 adiungit

1826 1548 1991 1601 verba
2028 1547 2159 1602 illa:
2202 1566 2219 1597 ι
2251 1545 2313 1598 Ει
2348 1546 2552 1615 proieci
2588 1546 2717 1600 illud
2777 1548 2832 1601 in
2888 1546 3051 1602 domo
3081 1549 3294 1605 Domini
3344 1553 3402 1608 in

1830 1637 2129 1692 fornacem.
2166 1657 2182 1688 ι
2218 1636 2354 1690 Num
2389 1637 2556 1706 igitur
2586 1638 2688 1692 hoc
2718 1646 2851 1692 tunc
2896 1638 3126 1695 forsitan
3158 1644 3403 1712 comple-

1830 1741 1942 1784 tum
1966 1738 2068 1795 est,
2098 1746 2219 1785 cum
2254 1748 2271 1780 ι
2305 1729 2503 1783 ,ιιιιίειει
2540 1729 2630 1798 qui
2659 1729 2945 1785 Dominum
2971 1732 3230 1801 prodidit,
3264 1751 3283 1784 ι
3322 1736 3403 1789 vi-

1830 1825 1966 1877 dens
2009 1822 2150 1893 quod
2182 1821 2579 1876 condemnatus
2611 1833 2776 1884 esset,
2812 1823 3133 1892 paenitentia
3162 1824 3361 1881 ductus
3382 1866 3398 1889 .

152 1916 326 1984 ἡμᾶς
356 1915 425 1967 σὺ
455 1914 599 1984 ὄψεις
622 1915 732 1970 Kal
746 1915 906 1987 ῥίψας
922 1915 991 1969 τὰ
1012 1918 1250 1989 ἀργύρια
1273 1920 1351 1981 εἰς
1372 1918 1462 1972 τὸν
1474 1919 1619 1983 ναὸν,
1645 1920 1725 1972 ἀνι

1836 1914 2014 1970 retulit
2044 1922 2327 1985 argentum
2358 1913 2695 1983 principibus
2743 1915 3088 1969 sacerdotum
3131 1924 3184 1969 et
3224 1917 3404 1972 senim

157 2006 405 2077 εχώρησε
427 2023 440 2035 ·
472 2009 568 2059 καὶ
604 2007 852 2061 ἀπελθὼν
884 2009 1182 2081 ἀπήγξατο.
1216 2011 1278 2063 Οἱ
1326 2011 1381 2064 δὲ
1411 2012 1685 2083 ἀρχιερεῖς
1711 2054 1725 2077 ,

153 2094 407 2158 λαὸόντες
470 2095 539 2148 τὰ
594 2096 873 2169 ἀργύρια,
945 2094 1132 2152 εἶπανο
1198 2101 1312 2153 Οὐκ
1364 2101 1483 2153 ἔστι
1547 2102 1729 2172 βαλεῖν

151 2186 283 2240 αὐτά
333 2186 419 2250 είς
455 2186 547 2239 τὸν
588 2187 858 2259 κορϐανᾶν
880 2228 895 2253 ,
927 2189 1049 2242 ἐπεὶ
1083 2191 1215 2262 τιμὴ
1249 2190 1483 2263 αἵματός
1523 2194 1723 2246 ἐστιν.»

152 2279 484 2351 Συμὸούλιον
537 2281 594 2333 δὲ
643 2280 931 2347 λαϐόντες,
979 2276 1256 2355 ἠγόρασαν
1312 2284 1371 2349 ἐξ
1414 2286 1591 2338 αὐτῶν
1640 2287 1730 2340 τὸν

152 2372 314 2445 ἀγρὸν
388 2371 485 2425 τοῦ
558 2374 847 2445 κεραμέως
928 2377 1008 2439 είς
1093 2376 1270 2447 ταφὴν
1343 2379 1454 2439 τοῖς
1538 2376 1726 2442 ξένοις;

153 2464 236 2517 Διὸ
273 2464 485 2535 ἐκλήθη
519 2464 547 2515 ὁ
574 2464 743 2537 ἀγρὸς
782 2468 988 2530 ἐκεῖνος
1020 2465 1187 2537 ἀγρὸς
1218 2468 1466 2538 αἵματος,
1489 2467 1593 2532 ἕως
1633 2469 1732 2540 τῆς

154 2558 392 2628 σήμερον
425 2556 660 2628 ἡμέρας.
694 2556 827 2610 Τότε
868 2556 1162 2630 ἐπληρώθη
1195 2558 1256 2611 τὸ
1291 2558 1452 2630 ῥηθὲν
1495 2558 1582 2611 διὰ
1632 2559 1730 2612 Ἰε-

156 2646 454 2719 ρεμίουτώ
486 2650 763 2720 προφήτου
780 2648 1045 2718 λέγοντος·
1095 2649 1205 2700 Kal
1228 2648 1417 2701 ἔλαϐον
1462 2648 1528 2700 τά
1578 2649 1733 2718 τριά-

154 2758 313 2794 κοντα
347 2740 611 2813 ἀργύρια,
640 2741 738 2812 τὴν
780 2742 945 2812 τιμὴν
974 2740 1068 2794 τοῦ
1108 2740 1491 2812 τετιμημένου,
1527 2739 1585 2792 ὃν
1626 2741 1733 2793 ἐτι-

156 2834 396 2903 μήσαντο
431 2831 538 2884 ἀπὸ
567 2832 697 2884 υίῶν
739 2831 974 2903 Ἰσραήλ.
1014 2831 1122 2884 Kal
1148 2830 1351 2884 ἔδωκαν
1382 2830 1520 2884 αὐτὰ
1541 2834 1619 2894 είς
1641 2831 1732 2884 τὸν
1760 2844 1765 2851 ‘

153 2925 318 2995 ἀγρὸν
351 2922 449 2975 τοῦ
503 2922 823 2994 κεραμέως,
860 2921 1004 2974 καθά
1037 2921 1290 2987 συνέταξέ
1324 2940 1410 2993 μοι
1441 2922 1662 2994 Κύριος.
1706 2942 1726 2976 ι

158 3016 325 3071 Ἔνθα
355 3015 455 3070 καὶ
500 3014 832 3086 ἐπιστήσεις,
861 3010 982 3067 ἐπεὶ
1020 3014 1093 3087 μὴ
1123 3013 1295 3068 ταῦτα
1320 3014 1544 3086 φέρεται
1577 3017 1633 3069 ὲν
1665 3019 1731 3089 τῇ

153 3110 242 3163 τοῦ
285 3108 551 3180 Ἰερεμίου
587 3108 911 3180 προφητείᾳ,
934 3107 1045 3160 εἴτε
1074 3107 1180 3179 χρὴ
1204 3108 1448 3160 ὑπονοεῖν
1472 3110 1736 3181 περιῃρῆ-

156 3203 273 3258 σθαι
325 3202 471 3256 αὐτά
514 3202 572 3269 ἐξ
619 3202 788 3273 αὐτῆς
839 3201 978 3255 κατά
1028 3218 1146 3253 τινα
1182 3201 1546 3273 ῥᾳδιουργίαν,
1577 3203 1609 3273 ἢ
1641 3203 1735 3255 καὶ

1833 2007 2004 2070 ribus,
2035 2006 2257 2059 dicens:
2296 2003 2521 2059 Peccavi
2548 2005 2771 2058 tradens
2797 2007 3113 2075 sanguinem
3141 2008 3402 2064 innocen—

1831 2106 1957 2151 tem.
2018 2095 2082 2149 At
2136 2096 2209 2149 illi
2271 2096 2527 2149 dixerunt
2584 2096 2673 2149 ei:
2718 2096 2858 2161 Quid
2897 2095 2963 2150 ad
3020 2098 3160 2152 nos?
3210 2109 3267 2153 tu
3315 2101 3402 2153 vi-

1831 2191 1999 2253 deris,
2028 2199 2081 2245 et
2125 2190 2384 2259 proiectis
2420 2187 2693 2258 argenteis
2754 2189 2808 2241 in
2858 2189 3080 2258 templo.
3124 2192 3399 2249 recessit:

1831 2292 1883 2337 et
1917 2285 2104 2339 abiens
2152 2284 2345 2353 laqueo
2398 2298 2456 2337 se
2516 2283 2819 2352 suspendit.
2880 2281 3161 2354 Principes
3218 2294 3401 2343 autem

1833 2376 2178 2431 sacerdotum
2203 2375 2445 2445 acceptis
2481 2377 2754 2447 argenteis
2787 2377 3081 2434 dixerunt:
3124 2379 3243 2435 Non
3273 2381 3405 2437 licet

1831 2484 1926 2523 eos
1984 2468 2199 2523 mittere
2258 2468 2309 2521 in
2370 2469 2713 2534 corbanam,
2781 2471 2908 2539 quia
2970 2472 3203 2541 pretium
3270 2489 3402 2530 san-

1832 2560 2012 2630 guinis
2075 2568 2178 2614 est.
2237 2559 2483 2613 Consilio
2551 2569 2731 2613 autem
2795 2562 2973 2627 inito,
3034 2571 3284 2618 emerunt
3336 2580 3404 2620 ex

1835 2653 1939 2705 illis
2008 2666 2195 2720 agrum
2257 2652 2402 2721 ﬁguli
2462 2652 2517 2705 in
2570 2654 2902 2722 sepulturam
2967 2656 3399 2725 peregrinorum.

1832 2740 1991 2812 48],
2027 2739 2370 2811 Quapropter
2402 2750 2624 2795 vocatus
2663 2751 2746 2796 est
2789 2758 2917 2813 ager
2964 2745 3073 2807 ille,
3108 2761 3236 2816 ager
3272 2763 3403 2802 san-

1833 2832 2032 2903 guinis,
2068 2848 2238 2904 usque
2267 2833 2333 2887 ad
2374 2844 2692 2905 praesentem
2730 2835 2893 2889 diem.
2937 2834 3092 2890 Tunc
3123 2838 3404 2909 impletum

1834 2932 1917 2979 est
1951 2926 2095 2996 quod
2127 2926 2335 2981 dictum
2371 2936 2455 2982 est
2487 2942 2582 2996 per
2630 2925 2920 2982 Jeremiam
2950 2930 3267 3001 prophetam
3322 2933 3408 2989 di-

1835 3026 2046 3072 centem
2082 3036 2093 3071 :
2129 3017 2193 3071 Et
2223 3028 2551 3090 acceperunt
2590 3021 2811 3091 triginta
2855 3033 3141 3091 argenteos
3169 3027 3403 3094 pretium

1836 3108 2144 3179 appretiati,
2200 3126 2360 3182 quem
2413 3113 2854 3182 appretiaverunt
2896 3129 2925 3167 a
2971 3115 3096 3170 ﬁliis
3128 3115 3315 3181 Israel,
3350 3124 3406 3173 et

1836 3199 2103 3255 dederunt
2134 3216 2229 3255 eos
2263 3201 2319 3255 in
2350 3217 2541 3271 agrum
2573 3202 2744 3273 ﬁguli,
2779 3206 2923 3260 sicut
2959 3207 3241 3262 constituit
3270 3209 3404 3262 mihi

156 3295 377 3365 σφάλμα
425 3292 695 3365 γραφικδν
745 3291 1063 3361 γεγονέναι,
1116 3292 1220 3345 τῶν
1264 3293 1626 3365 ἀμελέστερον
1668 3294 1733 3348 τὰ

1840 3290 2103 3347 Dominus
2127 3293 2193 3347 ".
2236 3312 2253 3344 ι
2289 3291 2390 3347 Ubi
2420 3293 2704 3364 diligenter
2734 3296 3127 3360 considerabis,
3152 3300 3406 3355 cumbam

153 3388 257 3440 τῶν
289 3385 453 3458 ἱερῶν
476 3384 822 3454 Εὐαγγελίων
853 3385 1160 3455 ἀντίγραφα
1190 3385 1571 3455 πεποιημένων
1608 3404 1737 3455 σφα-

154 3477 335 3542 λέντος
368 3478 535 3541 τινὸς,
571 3478 665 3530 καὶ
707 3478 827 3530 ἀντὶ
879 3478 975 3548 μὲν
1020 3476 1113 3530 τοῦ
1161 3478 1426 3549 Ζαχαρίου
1472 3477 1737 3549 Ἱερεμίαν

154 3572 479 3635 τεθεικότος,
514 3572 590 3634 ὡς
630 3570 748 3625 δέον
802 3570 976 3633 οὕτως
1027 3569 1475 3641 ἀναγεγράφθαι·
1526 3588 1545 3620 ι
1605 3570 1737 3624 Τότε

154 3663 451 3736 ἐπληρώθη
484 3663 546 3715 τὸ
583 3663 746 3733 ῥηθὲν
788 3663 878 3716 διὰ
921 3664 1189 3734 Ζαχαρίου
1232 3661 1325 3714 τοῦ
1358 3662 1632 3733 προφήτου
1658 3678 1671 3691 ·
1714 3682 1732 3715 ›

155 3755 273 3811 ἀντὶ
314 3756 372 3809 δὲ
412 3754 530 3819 τοῦ,
571 3774 589 3806 ι
644 3750 924 3808 Ἐνέϐαλον
972 3754 1169 3817 αὐτοὺς
1201 3755 1281 3817 εἰς
1322 3752 1414 3806 τὸν
1445 3749 1591 3806 οἷκον
1625 3754 1740 3807 Κυ-

160 3851 295 3921 ρίου,
319 3851 402 3913 είς
434 3848 496 3901 τὸ
519 3850 898 3921 χωνευτήριον,
929 3866 946 3899 ι
976 3847 1325 3918 ὲσφαλμένως
1358 3848 1734 3920 πεποιηκότος

163 3960 182 3975 '
214 3943 327 3996 Kal
361 3941 572 3993 ἔδωκαν
609 3941 746 3994 αύτά
774 3942 853 4004 είς
877 3941 967 3993 τὸν
1011 3940 1178 4013 ἀγρὸν
1225 3940 1319 3995 τοῦ
1352 3940 1658 4014 κεραμέως.
1715 3962 1733 3994 ι

156 4036 353 4105 Σαφῶς
378 4034 488 4105 γάρ
521 4033 607 4087 διὰ
643 4034 739 4104 μὲν
773 4034 870 4105 τῆς
904 4034 1235 4105 προφητείας
1268 4037 1348 4098 είς
1375 4033 1465 4087 τὸν
1497 4037 1589 4088 τοῦ
1624 4037 1738 4089 Κυ-

92 4170 100 4185 .
162 4132 274 4201 ρίου
307 4128 438 4181 ναὸν
472 4126 729 4198 ἐῤῥίφθαι
762 4125 980 4195 λέγεται
1012 4124 1073 4177 τὸ
1104 4125 1386 4198 ἀργύριον,
1422 4126 1517 4179 καὶ
1543 4127 1612 4180 δι’
1646 4110 1741 4179 a6.-

158 4222 250 4275 τοῦ
282 4220 342 4273 δὲ
370 4218 466 4272 τοῦ
497 4217 828 4287 Εὑαγγελίου
856 4218 936 4281 είς
967 4213 1057 4271 τὸν
1086 4217 1228 4270 ναόν.
1259 4236 1277 4269 ι
1319 4218 1507 4287 Ῥίψας
1536 4217 1686 4286 γοῦν,
1716 4237 1734 4269 ι

160 4316 341 4385 φησιν,
369 4332 389 4363 ι
425 4312 623 4375 Ἰούδας
643 4311 711 4363 τὰ
732 4311 970 4383 ἀργύρια
988 4311 1067 4371 εἰς
1089 4310 1178 4363 τὸν
1201 4310 1347 4375 ναὸν,
1369 4309 1733 4381 ἀνεχώρησε.»

162 4408 269 4460 Kal
312 4406 465 4468 εἰκός
498 4422 560 4474 γε
597 4404 655 4470 ἐξ
684 4404 905 4457 ἐκείνων
933 4402 1039 4455 τῶν
1072 4402 1349 4476 ἀργυρίων
1384 4402 1609 4472 βέϐηλον
1646 4418 1739 4468 γε-

161 4499 497 4568 γονέναιτὸν
528 4498 674 4560 ναὸν,
710 4498 803 4550 καὶ⁵
830 4495 1222 4568 πεπληρῶσθαι
1249 4496 1329 4560 τὸ,
1364 4513 1382 4547 ι
1425 4495 1555 4548 Ἰδοὺ
1587 4495 1742 4563 ἀφίε-

162 4610 250 4645 ται
280 4593 412 4662 ὑμῖν
446 4592 474 4642 ὁ
495 4586 639 4653 οἶκος
669 4588 820 4659 ὑμῶν
852 4588 1072 4660 ἔρημος.
1118 4606 1135 4638 ι
1171 4588 1279 4641 Kal
1310 4588 1412 4658 ὅρα
1442 4604 1506 4656 γε
1534 4588 1739 4658 μήποτε

1840 3400 1947 3436 non
1978 3384 2280 3438 habeantur
2310 3386 2450 3454 apud
2474 3384 2761 3441 Jeremiam
2794 3388 3132 3457 prophetam,
3165 3406 3291 3443 num
3315 3406 3408 3446 ar-

1841 3476 2033 3530 bitrari
2062 3485 2312 3545 Oportcat
2338 3491 2398 3530 ea
2458 3492 2553 3545 per
2594 3477 2883 3546 quamdam
2916 3479 3177 3533 tnalitiam
3214 3497 3279 3535 ex
3310 3483 3404 3537 illo

1840 3566 2054 3620 sublata
2081 3582 2224 3629 esse,
2270 3581 2337 3619 an
2376 3582 2503 3621 vero
2554 3568 2762 3622 librarii
2796 3578 3037 3623 erratum
3088 3571 3275 3637 fuisse,
3309 3576 3404 3644 qui

1840 3657 2199 3729 negligentius
2249 3666 2561 3713 sanctorum
2617 3658 3031 3732 Evangeliorum
3075 3665 3405 3735 exemplaria

1840 3747 2158 3812 confecerit,
2194 3755 2246 3803 et
2277 3764 2344 3803 ex
2380 3749 2705 3820 negligentia
2740 3750 2794 3803 in
2841 3766 3082 3806 errorem
3125 3751 3402 3819 inciderit,

1839 3850 1894 3895 et
1935 3854 2035 3911 pro
2075 3839 2339 3894 Zacharia
2375 3840 2620 3911 posuerit
2650 3840 2939 3897 Jeremiam
2978 3860 2992 3897 :
3028 3851 3233 3913 utpote,
3279 3862 3404 3901 cum

1840 3933 1916 3986 ita
1946 3932 2152 4003 scripto
2185 3947 2320 4003 opus
2346 3932 2524 3998 fuerit,
2553 3952 2571 3986 ι
2602 3941 2733 3988 tunc
2762 3936 3090 4004 completum
3124 3946 3227 4001 est,
3258 3939 3405 4009 quod

1840 4028 2046 4084 dictum
2082 4036 2166 4083 est
2197 4044 2294 4099 per
2319 4028 2638 4085 Zachariam
2655 4030 3033 4101 prophetam.»
3065 4030 3173 4087 Pro
3199 4049 3263 4088 eo
3308 4050 3407 4090 au-

1840 4128 1948 4177 tem
1983 4121 2128 4192 quod
2160 4137 2443 4192 perperam
2468 4136 2792 4179 conversum
2823 4131 2906 4180 est
2937 4142 2950 4179 :
2992 4144 3010 4176 ι
3048 4124 3112 4178 Et
3139 4126 3407 4183 miserunt

1841 4230 1934 4269 eos
1965 4214 2020 4267 in
2053 4214 2215 4268 domo
2255 4213 2468 4268 Domini
2501 4215 2557 4269 in
2592 4214 2890 4283 fornacem,
2933 4236 2951 4268 ι
2984 4216 3191 4272 dictum
3222 4228 3307 4273 est
3335 4220 3408 4275 il¢

1840 4305 1935 4360 Iud
1969 4325 1983 4361 :
2021 4325 2039 4358 ι
2071 4305 2136 4359 Ει
2165 4305 2289 4361 dedi
2322 4321 2415 4361 eos
2444 4306 2500 4360 in
2538 4322 2728 4377 agrum
2784 4307 2952 4378 ﬁguli.
2994 4327 3011 4359 ι
3059 4308 3228 4364 Plane
3258 4312 3406 4367 enim

1841 4398 1897 4452 in
1954 4398 2073 4467 ipsa
2133 4397 2413 4469 prophetia
2468 4398 2525 4452 in
2576 4398 2777 4467 templo
2834 4397 3045 4452 Domini
3101 4400 3406 4471 projectum

1844 4489 2015 4545 fuisse
2044 4496 2326 4560 argentum
2361 4489 2580 4553 dicitur,
2616 4497 2670 4543 et
2712 4490 2778 4542 ab
2807 4487 3096 4559 Evangelio
3125 4492 3310 4547 itidem
3345 4495 3401 4550 in

1844 4584 2046 4653 templo
2080 4602 2093 4637 :
2132 4601 2150 4633 ι
2192 4580 2459 4651 Proiecﬁs
2487 4580 2654 4647 enim,
2690 4581 2888 4651 inquit,
2928 4579 3095 4639 Judas
3134 4587 3408 4654 argenteis

163 4661 526 4756 χωνευτήριον
575 4682 604 4733 ὁ
655 4677 801 4744 οἶκος
853 4681 1059 4752 Κυρίου
1116 4678 1207 4732 διὰ
1254 4678 1409 4732 τοῦτο
1458 4678 1733 4750 κέκληται,

1845 4677 1900 4730 in
1933 4674 2159 4746 templo,
2196 4673 2445 4729 recessit.
2496 4692 2513 4725 ›
2554 4672 2619 4726 Ει
2670 4688 2800 4728 sane
2846 4689 3059 4742 aequum
3091 4683 3264 4731 estex
3300 4679 3409 4734 illis

165 4778 396 4848 ἐπείπερ
435 4776 511 4839 ὡς
556 4776 613 4827 ὲν
659 4774 875 4845 χωνείᾳ,
916 4772 1377 4845 μεταπλάττεσθαι
1428 4771 1525 4834 τὰς
1566 4770 1741 4841 ψυχὰς

164 4872 228 4923 ὲκ
252 4870 351 4940 τῆς
385 4868 496 4922 τῶν
538 4868 695 4921 θείων
729 4868 900 4937 λόγων
936 4864 1230 4939 πυρώσεως
1271 4867 1328 4919 ὲν
1359 4864 1435 4935 τῷ
1473 4864 1566 4918 τοῦ
1605 4863 1737 4917 Θεοῦ

164 4963 296 5034 οἴκῳ
343 4962 657 5034 συμϐαίνει·
691 4961 722 5032 ἢ
766 4961 938 5024 ἄλλως
972 4959 1331 5029 ἀπελέγχεται
1365 4958 1437 5030 μὴ
1471 4956 1736 5029 καθαρὰς,

166 5057 242 5120 ὡς
273 5058 329 5108 ὲν
361 5052 709 5126 χωνευτηρίῳ
755 5052 1101 5125 πυρουμένας
1150 5052 1244 5104 καὶ
1285 5049 1735 5121 δοκιμαζομένας.

170 5149 345 5220 Ὅπερ
394 5149 422 5200 ὁ
466 5147 717 5210 Ἀκύλας,
753 5166 770 5198 ι
812 5145 1072 5218 Ἐρῤιψα,
1118 5162 1137 5195 ›
1168 5146 1363 5215 φήσας,
1397 5162 1416 5194 ι
1470 5142 1529 5196 τὸ
1564 5140 1741 5214 ἀργύ-

170 5258 283 5313 ριον
308 5244 367 5295 ὲν
396 5241 474 5313 τῷ
498 5239 632 5311 οἴκῳ
660 5239 862 5311 Κυρίου
897 5239 1033 5311 πρὸς
1072 5237 1159 5290 τὸν
1202 5236 1465 5308 πλάστην,
1498 5255 1516 5287 ι
1554 5233 1739 5303 σαφῶς

166 5334 424 5398 διδάσκει,
454 5333 529 5397 ὡς
561 5332 654 5386 τοῦ
673 5333 843 5401 Λόγου
878 5330 969 5385 τοῦ
991 5332 1131 5385 θείου
1163 5328 1316 5401 δίκην
1348 5328 1584 5382 πλάστου
1607 5344 1739 5381 κατ-ε

166 5428 442 5490 οικοῦντος
480 5429 561 5490 εἰς
598 5426 689 5479 τὸν
731 5423 878 5479 οἷκον
916 5424 1142 5496 Κυρίου,
1176 5424 1269 5477 καὶ
1295 5421 1617 5483 πλάττοντος
1646 5420 1740 5472 καὶ

168 5518 519 5582 ἀνανεοῦντος
559 5518 656 5581 τὰς
704 5517 813 5570 τῶν
848 5517 1176 5588 προσιόντων
1219 5515 1414 5585 ψυχάς.
1449 5512 1594 5583 Πλὴν
1627 5511 1738 5564 ἀλλ’

169 5607 400 5681 ἐπείπερ
430 5612 465 5680 ἡ
503 5607 760 5679 τιμητοῦ
804 5606 1164 5678 τετιμημένου
1210 5607 1288 5669 είς
1334 5607 1539 5658 ἐκεῖνον
1580 5619 1743 5674 μετα-

170 5697 427 5771 ϐληθεῖσα
452 5698 544 5753 τὸν
573 5696 717 5751 οἷκον
752 5698 973 5769 βέϐηλον
996 5693 1156 5751 αὑτὸν
1177 5696 1565 5768 κατεστήσατο,
1601 5694 1743 5748 είκό-

170 5804 282 5851 τως
325 5789 485 5852 εὐθὺς
532 5787 774 5855 ἐπιλέγει
801 5803 815 5816 ·
862 5804 880 5838 ι
937 5788 1049 5840 Kal
1094 5785 1371 5858 ἀπέρῤιψα
1415 5786 1513 5858 τὴν
1549 5783 1743 5857 ῥάϐδον

247 5903 293 5934 ιτ
331 5903 521 5957 Matth,
556 5917 706 5957 ιχγιι
731 5943 745 5967 ,
780 5902 937 5958 3-40.
1011 5901 1058 5933 "
1096 5899 1288 5956 Matth.
1325 5915 1459 5956 xxnt
1483 5941 1497 5968 ,
1536 5900 1631 5957 58.

333 6000 586 6068 Ρλτιιοῐ,
654 5999 768 6059 Gn.
806 5996 1001 6061 ΧΧιι.

1848 4768 2120 4839 argenteis
2155 4766 2412 4836 templum
2468 4763 2637 4820 fuisse
2688 4763 3057 4834 profanatum,
3088 4774 3141 4820 et
3172 4774 3409 4838 comple-

1846 4868 1963 4915 tum
2007 4860 2178 4914 fuisse
2204 4858 2334 4912 illud
2376 4877 2388 4911 :
2430 4876 2447 4910 ι
2491 4856 2629 4910 Ecce
2658 4855 2987 4925 relinquitur
3018 4855 3170 4910 vobis
3217 4857 3411 4911 domus

1848 4961 2027 5009 vestra
2063 4954 2279 5008 deserta
2307 4951 2375 5006 ⁷⁸.
2412 4970 2430 5003 ι
2466 4951 2637 5004 Porro
2682 4955 2863 5002 autem
2909 4947 3071 5001 etiam
3121 4946 3251 5002 illud
3282 4963 3411 5001 con-

1847 5047 2133 5118 templare,
2182 5061 2310 5100 num
2371 5044 2560 5099 fornax
2609 5042 2755 5096 dicta
2816 5040 2889 5094 sit
2933 5039 3128 5094 domus
3174 5038 3408 5098 Domini,

1849 5149 2133 5211 propterea
2159 5138 2301 5208 quod
2334 5137 2386 5189 in
2410 5136 2611 5206 templo
2634 5132 2728 5188 Dei
2764 5132 2919 5203 quasi
2953 5131 3007 5184 in
3036 5130 3255 5183 fornace
3283 5144 3412 5182 cono

1846 5232 2077 5298 ﬁatoris,
2101 5231 2313 5285 animos
2345 5242 2412 5283 ex
2444 5227 2752 5282 divinorum
2782 5238 3095 5278 sermonum
3128 5223 3308 5276 calore
3328 5230 3408 5274 at-

1847 5339 1953 5395 que
2003 5323 2128 5394 igne
2164 5320 2548 5376 transformari
2579 5318 2870 5387 contingit,
2926 5322 3020 5368 aut
3066 5315 3267 5384 alioqui
3300 5330 3412 5369 non

1846 5433 2013 5489 puros
2036 5417 2163 5471 dum
2199 5423 2459 5484 tanquam
2510 5414 2562 5467 in
2626 5411 2850 5465 fornace
2883 5409 3005 5478 igne
3034 5407 3407 5477 explorantur,

1846 5509 2120 5581 redargui.
2153 5507 2359 5562 Idcirco
2388 5505 2581 5575 Aquila
2629 5502 2757 5557 dum
2801 5501 2872 5555 ita
2930 5498 3197 5555 convertit
3233 5516 3246 5553 :
3288 5517 3307 5549 ι
3347 5498 3411 5551 Et

1847 5603 2081 5675 proiecit
2114 5608 2399 5671 argentum
2436 5598 2490 5650 in
2531 5595 2693 5649 domo
2724 5592 2939 5646 Domini
2988 5591 3053 5645 ad
3086 5590 3306 5661 ﬁgulum
3334 5629 3349 5655 ,
3387 5609 3406 5640 ι

1848 5694 2011 5765 plane
2054 5705 2157 5745 nos
2189 5689 2347 5745 docet
2396 5683 2850 5757 quemadmodum
2897 5682 3139 5737 divinum
3173 5678 3412 5734 Verbum

1852 5783 2028 5837 instar
2060 5778 2206 5849 ﬁguli
2244 5776 2451 5833 habitet
2479 5776 2533 5831 in
2562 5774 2725 5831 domo
2754 5772 2990 5839 Domini,
3021 5782 3073 5827 et
3102 5785 3291 5826 eorum
3320 5768 3416 5841 qui

3053 5981 3132 6042 2'0
