3938 6530
525 389 632 446 747

1165 384 1436 440 EUSEBII
1477 383 1958 442 CAESARIENSIS
1987 385 2140 443 OPP.
2181 387 2362 444 PARS
2391 389 2456 444 Il.
2501 419 2570 430 —-
2609 389 3114 446 APOLOGETICA.

3653 387 3756 444 'li8

527 511 658 564 illuc
691 507 961 564 accedunt
985 505 1197 560 animas
1227 503 1486 558 informet
1510 519 1574 558 ac
1603 513 1847 560 renovet.
1873 505 2092 560 Verum-

2205 511 2302 582 τὴν
2357 509 2613 582 δευτέραν
2668 510 2728 562 τὸ
2775 509 3078 579 σχοίνισμα,
3127 508 3220 561 τοῦ
3269 507 3620 561 διασκεδάσαι
3671 512 3758 582 τὴν

525 610 706 658 tamen
741 616 864 656 cum
899 599 1135 670 pretium
1172 597 1457 667 appretiati
1491 597 1544 650 in
1577 598 1669 650 illa
1714 599 1878 654 domo
1916 599 2099 668 proje-

526 703 697 756 ctum,
725 707 842 746 eam
877 691 1048 760 ipsam
1086 689 1372 759 profanam
1405 689 1727 752 reddiderit,
1761 691 1954 744 merito
1987 698 2100 744 sta-

525 783 624 840 tim
661 781 910 852 adjungit
949 799 962 836 :
999 799 1018 832 ι
1055 779 1121 834 Et
1149 781 1326 852 abjeci
1357 781 1566 852 virgam
1591 783 1840 844 alteram,
1877 798 1998 852 qua!
2024 783 2100 836 di-

525 875 672 930 citur
703 874 1002 936 funiculus,
1029 873 1098 927 ad
1119 873 1499 943 dissipandum
1533 881 1915 928 testamentum
1957 877 2100 930 inter

524 965 721 1022 Judam
753 974 806 1020 et
833 965 1024 1020 Israel.
1066 985 1084 1014 ι
1141 963 1214 1019 Ex
1257 966 1352 1020 illo
1400 967 1545 1020 enim
1583 967 1671 1020 illa
1705 967 1883 1036 gentis
1915 969 2100 1021 multi-

526 1059 661 1114 tudo
691 1059 904 1128 abjecta
937 1067 1021 1114 est
1044 1057 1230 1128 procul
1255 1059 1322 1112 ab
1357 1059 1582 1128 antiqua
1619 1059 1710 1113 Dei
1753 1061 1943 1122 tutela,
1977 1077 2098 1130 qua:

526 1151 684 1223 prius
707 1149 831 1203 illos
859 1149 1240 1203 conservabat.
1266 1149 1506 1202 Alteram
1539 1157 1716 1204 autem
1741 1150 1946 1221 virgam
1969 1160 2098 1220 puto

529 1259 628 1314 pro
661 1243 918 1298 universa
951 1243 1112 1296 simul
1139 1240 1367 1296 Iudaica
1395 1249 1554 1311 gente
1587 1241 1690 1296 hoc
1735 1243 1790 1296 in
1835 1243 1954 1296 loco
2003 1259 2100 1297 ac-

529 1335 634 1406 cipi
673 1342 943 1406 Oportere.
969 1334 1087 1400 Qua
1121 1334 1188 1389 de
1220 1349 1386 1390 causa
1421 1334 1568 1388 illam
1601 1334 1763 1389 etiam
1797 1333 2099 1390 funiculum

525 1438 710 1494 vocat,
731 1429 948 1484 dicens:
970 1429 1133 1500 482
1155 1446 1172 1477 ‹
1207 1426 1380 1482 Unam
1407 1429 1594 1482 vocavi
1614 1427 2095 1498 pulchritudinem,

526 1533 580 1579 et
616 1523 844 1578 alteram
877 1523 1068 1576 vocavi
1103 1521 1432 1577 funiculum.
1471 1539 1487 1572 ι
1527 1520 1665 1576 Tum
1691 1521 1758 1576 de
1786 1523 1956 1576 altera
1985 1523 2098 1576 evi-

527 1615 722 1670 denter
751 1613 1000 1684 adjungit
1038 1613 1171 1667 illud
1203 1632 1216 1667 :
1251 1631 1268 1662 ι
1313 1611 1380 1666 Et
1408 1611 1583 1680 abjeci
1611 1613 1819 1683 virgam
1847 1614 2096 1676 alteram,

529 1721 650 1778 quae
679 1706 880 1762 dicitur
896 1706 1193 1769 funiculus,
1223 1705 1288 1760 ad
1312 1704 1689 1774 dissipandum
1709 1714 2096 1761 testamentum

529 1799 677 1852 inter
708 1795 904 1851 Judam
932 1805 984 1852 et
1025 1797 1220 1852 Israel:
1255 1815 1270 1846 ι
1306 1797 1574 1867 siquidem
1615 1797 1672 1850 hi
1719 1807 1874 1852 erant
1919 1806 1972 1851 et
2015 1797 2100 1849 fu-

2204 600 2476 672 Διαθήκην
2508 599 2612 653 ἀνά
2638 600 2800 670 μέσον
2843 598 3010 652 Ἰούδα
3037 600 3130 650 καὶ
3155 597 3258 650 ἀνά
3285 597 3448 668 μέσον
3483 599 3518 650 Ἰ
3529 599 3708 670 σραήλ.
3735 621 3754 652 ο

2218 689 2307 754 Ἐξ
2341 691 2548 742 ἐκείνου
2577 689 2684 759 γάρ
2725 705 2807 740 τοι
2838 688 2898 740 τὸ
2931 687 3132 758 πλῆθος
3161 687 3256 739 τοῦ
3285 687 3472 749 ἔθνους
3501 688 3758 760 άπερῥίφη

2203 781 2304 851 τῆς
2337 781 2502 834 πάλαι
2531 780 2792 850 πρότερον
2827 775 3107 848 ὲφορώσης
3140 777 3334 839 αὐτοὺς
3361 777 3660 846 ἐπισκοπῆς
3677 778 3758 830 τοῦ

2205 873 2357 926 Θεοῦ.
2392 871 2657 942 Δευτέραν
2701 870 2756 922 δὲ
2803 868 2992 938 ῥάϐδον
3045 867 3282 938 ἡγοῦμαι
3325 867 3386 919 τὸ
3431 867 3542 918 πᾶν
3571 865 3758 936 ἀθρόως

2218 963 2480 1018 Ἰουδαίων
2509 961 2658 1025 ἔθνος
2679 959 2911 1014 ἐνταῦθα
2939 958 3248 1030 δηλοῦσθαι.
3286 957 3460 1010 Καλεί
3487 956 3534 1008 δ’
3557 953 3648 1010 οὖν
3673 957 3756 1010 αὐ-

2203 1057 2302 1128 τὴν
2338 1055 2642 1126 σχοίνισμα,
2676 1053 2870 1122 λέγων·
2906 1071 2924 1102 ‹
2965 1052 3074 1121 Τὴν
3113 1049 3237 1120 μίαν
3283 1048 3520 1101 ἐκάλεσα
3565 1047 3758 1112 κάλλος,

2205 1150 2298 1200 καὶ
2337 1149 2432 1218 τὴν
2465 1145 2720 1216 δευτέραν
2761 1144 2993 1198 ἐκάλεσα
3035 1142 3340 1212 σχοίνισμα.
3385 1160 3400 1191 ι
3443 1141 3554 1194 Καὶ
3597 1141 3758 1209 σαῷς

2205 1239 2444 1306 ἐπιλέγει
2471 1238 2597 1308 περί
2627 1235 2726 1306 τῆς
2756 1235 3012 1306 δευτέρας
3041 1233 3262 1302 φάσκων
3285 1249 3296 1260 ·
3323 1249 3338 1280 ι
3367 1232 3478 1284 Καὶ
3505 1232 3758 1302 άπέρῥιψα

2204 1331 2302 1401 τὴν
2333 1329 2524 1399 ῥάϐδον
2557 1328 2654 1396 τὴν
2697 1325 2952 1396 δευτέραν
2983 1325 3043 1377 τὸ
3084 1324 3388 1394 σχοίνισμα,
3425 1321 3520 1374 τοῦ
3565 1322 3758 1375 διασκε-

2204 1421 2360 1474 δάσαι
2391 1422 2490 1490 τὴν
2520 1419 2793 1490 Διαθήκην
2825 1415 2928 1469 ἀνά
2963 1415 3123 1486 μέσον
3167 1415 3335 1468 Ἰούδα
3361 1414 3456 1466 καὶ
3481 1414 3586 1466 ἀνά
3617 1413 3756 1482 μέσον

2218 1513 2452 1584 Ἰσραήλ.
2491 1531 2508 1560 ι
2549 1503 2709 1563 Οὗτοι
2744 1507 2853 1580 γάρ
2883 1503 3021 1578 ἦσαν
3041 1507 3102 1559 τὸ
3137 1507 3426 1576 σχοίνισμα
3469 1507 3564 1558 καὶ
3611 1508 3642 1576 η
3673 1506 3755 1576 pi-

2207 1605 2383 1676 ϐδοςὴ
2413 1604 2656 1675 δευτέρα.
2715 1602 2778 1654 Ἡ
2821 1601 2877 1653 δὲ
2914 1600 3151 1670 προτέρα
3183 1599 3376 1662 κάλλος
3415 1597 3754 1669 ὠνομασμένη

2204 1698 2310 1750 οὐδ’
2353 1697 2484 1766 άλλη
2532 1697 2740 1762 γένοιτο
2785 1692 2884 1762 τῆς
2941 1691 3289 1762 Ἰερουσαλὴμ
3319 1691 3510 1760 αὐτῆς,
3547 1691 3634 1742 καὶ
3673 1689 3755 1760 τῆς

2206 1790 2344 1844 κατὰ
2375 1789 2578 1842 Μωσέα
2621 1787 2892 1858 λατρείας,
2930 1787 3142 1856 ἀπάσης
3177 1802 3235 1838 τε
3267 1785 3366 1856 τῆς
3403 1784 3634 1846 παλαιᾶς
3657 1787 3754 1840 Δια-

527 1890 748 1944 niculus
777 1897 832 1945 et
862 1889 1010 1960 virga
1045 1889 1234 1944 altera.
1279 1889 1438 1942 Prior
1481 1898 1660 1944 autem
1701 1905 1821 1959 quze
1851 1889 2090 1958 pulchri-

2203 1882 2406 1953 θήκης’
2436 1881 2530 1933 καὶ
2563 1880 2718 1933 τοῦτο
2745 1881 2801 1932 δὲ
2845 1881 2902 1946 ἐξ
2931 1878 3100 1948 αὐτῆς
3141 1877 3474 1948 παρίσταται
3515 1878 3611 1948 τῆς
3643 1893 3754 1948 προ-

527 1981 666 2035 tudo
699 1981 980 2036 nominata
1009 1987 1114 2042 est,
1139 1996 1246 2034 non
1273 1981 1378 2034 alia
1413 1981 1576 2035 fuerit
1598 1995 1762 2050 quam
1794 1981 1909 2050 ipsa
1937 1979 2098 2034 Jeru-

527 2072 724 2134 salem,
752 2069 1112 2140 adoratioque
1141 2067 1402 2133 Mosaica,
1436 2071 1724 2140 omnisque
1751 2071 1932 2138 prisca
1967 2085 2101 2124 con-

529 2159 767 2222 stitutio,
809 2174 930 2228 quae
975 2167 1129 2213 vetus
1177 2159 1376 2214 dicitur
1425 2167 1835 2220 testamentum,
1889 2159 2100 2229 hocque

527 2252 708 2324 ipsum
741 2252 823 2306 vel
844 2267 907 2304 ex
943 2252 1060 2320 ipsa
1091 2251 1378 2320 prophetia
1409 2251 1568 2321 plane
1601 2253 1934 2316 constiterit,
1969 2252 2098 2305 dum

529 2343 608 2397 ait
643 2361 655 2396 :
697 2361 714 2394 ι
755 2341 821 2396 Et
855 2343 1068 2413 capiam
1089 2341 1298 2411 virgam
1330 2357 1504 2396 meam
1537 2342 1845 2412 pulchram,
1875 2351 1930 2397 et
1963 2343 2102 2412 abji-

528 2433 670 2488 ciam
701 2449 818 2487 eam
855 2433 919 2486 ad
954 2431 1334 2502 dissipandum
1369 2440 1756 2486 testamentum
1815 2447 2016 2486 meum.
2075 2452 2094 2485 ι

526 2519 696 2578 Vides
719 2533 777 2579 ut
809 2531 1194 2579 testamentum
1225 2523 1442 2592 quidem
1471 2539 1654 2586 suum,
1705 2523 1912 2592 virgam
1955 2523 2101 2591 prio-

527 2629 644 2668 rem
675 2629 799 2668 esse
827 2614 1061 2678 dixerit;
1095 2613 1326 2666 alteram
1349 2627 1482 2666 vero
1513 2610 1740 2681 virgam,
1770 2609 2096 2672 funiculum,

528 2715 583 2760 et
612 2713 792 2761 tamen
824 2722 880 2759 se
917 2713 1205 2774 utramque
1236 2703 1579 2771 ahjecturum
1610 2703 1870 2764 minatur,
1907 2715 2102 2771 quam-

529 2799 614 2852 vis
670 2799 821 2870 prins
865 2796 1062 2852 dixerit
1111 2815 1124 2850 :
1177 2814 1194 2847 ι
1241 2793 1308 2849 Et
1359 2793 1572 2864 capiam
1627 2792 1758 2846 mihi
1813 2793 1915 2862 ipsi
1961 2791 2098 2846 duas

527 2891 733 2960 virgas,
767 2903 930 2942 unam
965 2887 1150 2941 vocavi
1179 2884 1736 2958 pulchritudinem,-el
1758 2885 1981 2938 alteram
2005 2899 2099 2938 vo-

525 2984 646 3039 cavi
687 2981 988 3036 funiculum
1025 3000 1037 3035 :
1077 3000 1094 3032 »
1129 2997 1228 3050 pro
1255 2995 1366 3050 quo
1393 2979 1586 3050 Aquila
1610 2977 1827 3048 quidem
1852 2977 1932 3030 sic
1965 2993 2098 3030 cone-

530 3071 693 3126 vertit
727 3090 741 3125 :
777 3089 795 3121 ι
834 3068 1009 3124 Unam
1041 3069 1234 3123 vocavi
1260 3071 1536 3129 decorem,
1569 3076 1622 3121 et
1653 3067 1879 3120 alteram
1905 3065 2094 3119 vocavi

529 3161 856 3217 funiculum.
909 3177 928 3211 ι
967 3158 1328 3231 Symmachus
1359 3167 1540 3212 autem
1575 3176 1589 3212 :
1638 3175 1656 3208 ι
1697 3155 1846 3210 lianc
1872 3155 2090 3225 quidem

529 3253 721 3308 vocavi
745 3252 1019 3314 decorem,
1051 3251 1197 3306 illam
1229 3260 1409 3304 autem
1459 3251 1648 3305 vocavi
1704 3247 2024 3302 funiculum.
2069 3267 2084 3298 ι

531 3345 644 3398 Hoc
693 3344 864 3413 igitur
907 3341 1181 3396 universa:
1226 3341 1404 3411 gentis
1451 3337 1876 3409 pulchritudinis
1930 3338 2095 3392 deco-

529 3435 713 3505 risque
749 3433 990 3496 nomine,
1023 3430 1264 3484 divinam
1291 3431 1484 3500 legem,
1513 3437 1566 3483 et
1595 3428 1742 3498 quod
1769 3429 1822 3482 in
1854 3444 1916 3482 ea
1961 3445 2094 3482 con-

527 3529 731 3582 tinetur
747 3531 1163 3587 testamentum,
1187 3523 1386 3577 merito
1406 3521 1666 3592 appellat.
1697 3519 2092 3574 \‘enerabilitas

527 3619 671 3675 enim
703 3619 792 3671 illa
817 3617 969 3671 urbis
992 3613 1318 3680 Jerusalem,
1342 3621 1396 3669 et
1423 3627 1544 3684 quae
1577 3613 1630 3666 in
1665 3627 1728 3666 ea
1773 3611 1844 3664 ad
1893 3627 2092 3666 munus

526 3713 841 3786 pontificum
871 3711 1326 3780 sacerdotumque
1375 3708 1741 3778 pertinebant,
1771 3713 1884 3758 tum
1927 3705 2090 3759 etiam

523 3807 708 3860 omnia
739 3819 1076 3875 qumcunque
1103 3803 1232 3856 olim
1265 3799 1410 3871 apud
1445 3801 1566 3854 illos
1599 3799 1828 3869 populos
1859 3814 1922 3852 ex
1945 3797 2090 3852 divi-

525 3897 614 3952 nis
647 3895 880 3965 legibus,
911 3902 964 3946 ct
991 3908 1056 3946 ex
1089 3890 1257 3945 veteri
1283 3895 1607 3944 testamento
1642 3887 1708 3940 de
1739 3901 1888 3940 more
1939 3885 2090 3955 prius

526 3985 1070 4044 administrabantur,
1103 3981 1302 4036 decens
1325 3979 1548 4050 quidam
1572 3985 1798 4032 ornatus
1824 3976 1891 4030 iis
1912 3983 2088 4040 erant,

523 4080 616 4152 qui
647 4077 849 4132 talibus
871 4075 1032 4130 rebus
1064 4081 1410 4128 ornarentur.
1435 4069 1737 4125 Funiculus
1769 4079 1946 4122 autem
1973 4069 2091 4138 ipsa

523 4169 700 4242 gentis
723 4165 1013 4220 multitudo
1037 4166 1178 4235 apud
1215 4165 1390 4234 ipsum
1415 4178 1634 4233 quoque
1667 4161 1869 4215 Mosem
1897 4169 2089 4216 vocata

521 4269 627 4322 est,
657 4259 710 4312 in
749 4257 856 4312 illis
895 4255 1076 4310 verbis
1105 4275 1118 4309 :
1171 4273 1189 4306 ι
1226 4253 1392 4308 Facta
1421 4261 1504 4308 est
1536 4253 1713 4322 portio
1745 4251 1957 4306 Domini
1993 4269 2091 4323 po-

521 4351 683 4424 pulus
703 4349 823 4418 ejus
841 4347 1032 4413 Jacob,
1061 4348 1338 4403 funiculus
1361 4347 1680 4402 hereditatis
1709 4345 1829 4414 ejus
1855 4345 2038 4402 Israel.
2065 4366 2083 4398 ι

518 4446 589 4499 At
608 4459 734 4500 vero
753 4443 980 4512 hujusce
998 4443 1286 4512 utriusque
1303 4441 1467 4510 virgae
1492 4440 1866 4502 mutationem,
1893 4453 2090 4510 magno

521 4535 726 4606 impetu
759 4533 997 4587 futuram
1035 4533 1102 4586 iis
1133 4531 1492 4600 temporibus,
1532 4529 1598 4583 de
1652 4529 1850 4598 quibus
1880 4527 2086 4582 dictum
2119 4563 2165 4620 Β

519 4637 625 4690 est,
658 4625 902 4680 divinat:
937 4631 1147 4695 utpote,
1192 4639 1316 4678 cum
1362 4631 1416 4678 et
1459 4633 1637 4685 vetus,
1672 4622 1816 4692 quod
1851 4624 2003 4692 prius
2031 4623 2084 4676 in

517 4733 583 4772 ea
605 4725 742 4782 erat,
766 4705 1172 4776 testamentum.
1203 4723 1254 4769 et
1289 4715 1638 4785 pulchritudo
1666 4729 1786 4784 qua:
1817 4715 1872 4767 in
1900 4714 2089 4768 eadem

517 4808 646 4862 olim
670 4807 1020 4870 cernebatur,
1054 4805 1284 4860 delenda
1314 4806 1477 4860 fuerit
1501 4813 1556 4860 et
1585 4805 1648 4858 ad
1685 4805 1914 4858 nihilum
1946 4805 2092 4859 redi-

521 4901 721 4972 genda,
776 4897 1010 4956 simulac
1051 4897 1224 4968 pretio
1271 4898 1416 4952 illius
1463 4898 1732 4951 :estimato
1761 4935 1774 4959 ,
1847 4898 1938 4967 qui
1993 4899 2092 4952 tri-

514 4994 667 5066 ginta
695 4991 972 5064 argenteis
1021 4990 1323 5044 mstimatus
1357 4997 1459 5052 est,
1517 4989 1594 5042 illi
1649 5003 1746 5058 pro
1793 5005 1892 5044 sua
1935 4990 2084 5059 ipso-

518 5097 638 5137 rum
688 5082 966 5154 impietate
1026 5081 1232 5134 meritm
1296 5081 1608 5150 ignominia:
1668 5081 1890 5134 obnoxii
1957 5082 2080 5136 facti

517 5181 673 5236 sunt;
702 5173 838 5227 dicit
873 5171 1038 5244 igitur
1073 5191 1085 5228 :
1123 5191 1142 5222 ε
1182 5171 1246 5224 Et
1275 5172 1486 5242 capiam
1519 5173 1726 5240 virgam
1761 5188 1932 5226 meam
1965 5175 2084 5242 pul-

515 5263 727 5329 chram,
760 5273 814 5320 et
839 5265 1096 5334 abjiciam
1118 5279 1236 5318 eam
1271 5265 1339 5318 ad
1373 5263 1751 5334 dissipandum
1786 5275 2080 5320 testamen-

515 5365 632 5414 tum
659 5374 864 5414 meum.
895 5377 912 5410 ι
939 5357 1003 5412 Et
1021 5373 1214 5414 rursus
1237 5377 1250 5412 :
1278 5377 1296 5408 ‹
1321 5355 1386 5412 Et
1409 5357 1580 5425 abjeci
1605 5357 1808 5427 virgam
1829 5359 2078 5422 alteram,

515 5465 638 5519 qua!
654 5449 858 5504 dicitur
881 5449 1176 5504 funiculus.
1205 5471 1220 5500 ι
1241 5449 1320 5502 Ad
1345 5451 1476 5510 haec,
1500 5463 1620 5502 cum
1641 5449 1692 5502 in
1711 5449 1990 5518 prophetia
2009 5449 2085 5501 di-

517 5549 676 5594 catur
693 5541 826 5594 illud
843 5561 852 5592 :
879 5559 896 5590 ι
922 5539 984 5594 Et
1001 5541 1244 5594 auferam
1259 5551 1367 5593 tres
1385 5547 1631 5609 pastores
1650 5539 1702 5591 in
1719 5553 1902 5592 mense
1917 5552 2044 5600 uno,
2060 5557 2076 5586 ι

485 5629 940 5704 ‘marbitror
989 5633 1068 5687 sic
1115 5643 1227 5686 tres
1265 5637 1482 5686 ordines
1529 5645 1717 5685 eorum
1765 5628 2082 5698 significari,

515 5723 608 5791 qui
641 5723 768 5776 olim
801 5725 1000 5793 populo
1041 5723 1134 5777 Dei
1185 5731 1444 5792 prmeranl
1517 5737 1726 5787 regum,
1767 5721 2081 5790 pontificum

513 5825 568 5874 et
595 5815 1019 5886 prophetarum;
1050 5817 1312 5888 quoniam
1349 5815 1415 5868 ab
1451 5813 1538 5868 his
1573 5817 1768 5870 tribus.
1799 5813 1954 5884 quasi
1987 5829 2083 5883 pa-

2204 1970 2428 2041 φητείας
2472 1971 2754 2042 φησάσης·
2797 1987 2815 2020 ι
2869 1969 2978 2022 Καὶ
3019 1966 3258 2038 λήψομαι
3305 1968 3404 2038 τὴν
3453 1967 3640 2039 ῥάϐδον
3669 1986 3754 2038 μου

2200 2063 2300 2134 τὴν
2341 2061 2532 2133 καλὴν,
2579 2063 2672 2116 καὶ
2720 2060 3008 2133 άπορῥίψω
3055 2061 3245 2132 αὐτὴν,
3285 2063 3378 2112 τοῦ
3430 2060 3753 2114 διασκεδάσαι

2199 2155 2298 2225 τὴν
2335 2155 2606 2228 Διαθὴκην
2654 2172 2774 2226 μου.
2817 2175 2834 2204 ι
2885 2154 3046 2225 Ὁρᾷς
3089 2154 3166 2216 ὡς
3211 2153 3310 2224 τὴν
3359 2153 3460 2224 μὲν
3505 2154 3754 2226 malum»

2203 2247 2395 2300 ἑαυτοῦ
2437 2248 2536 2318 τὴν
2581 2247 2774 2318 ῥάϐδον
2823 2247 3023 2318 ἔφησεν
3071 2241 3208 2298 εἶναι
3258 2247 3359 2317 τὴν
3407 2245 3646 2317 πρώτην,
3673 2249 3754 2316 τὴν

2199 2339 2458 2410 δευτέραν
2494 2340 2550 2393 δὲ
2601 2339 2792 2409 ῥάϐδον
2827 2339 2889 2390 τὸ
2935 2339 3244 2410 σχοίνισμα,
3292 2338 3433 2410 πλὴν
3463 2339 3754 2410 ἀμφοτέρας

2201 2433 2298 2495 τὰς
2327 2431 2551 2502 ῥάϐδους
2581 2430 2900 2502 ἀπορῥίψειν
2927 2431 3160 2494 ἀπειλεῖ,
3183 2429 3459 2504 προειπὼν
3496 2432 3748 2504 πρότερονι

2207 2541 2226 2575 ι
2267 2524 2377 2576 Καὶ
2408 2521 2644 2592 λήψομαι
2689 2520 2910 2592 ἐμαυτῷ
2941 2521 3034 2574 δύο
3066 2521 3320 2592 ῥάϐδους*
3357 2522 3456 2593 τὴν
3491 2523 3616 2592 μίαν
3635 2522 3748 2576 ὲκά-

2199 2615 2330 2668 λεσα
2362 2613 2575 2676 κάλλος,
2603 2613 2696 2666 καὶ
2725 2612 2824 2683 τὴν
2851 2611 3107 2684 δευτέραν
3137 2614 3372 2668 ἐκάλεσα
3401 2615 3704 2684 σχοίνισμαι
3731 2634 3746 2662 ι

2200 2705 2316 2758 ἀνθ’
2362 2698 2435 2757 ὧν
2484 2705 2512 2756 ὁ
2559 2703 2656 2774 μὲν
2701 2703 2930 2764 ’Λκύλας
2980 2705 3146 2775 φησί·
3189 2725 3207 2756 ι
3239 2707 3348 2776 Τὴν
3383 2707 3510 2776 μίαν
3545 2705 3754 2758 ἐκάλεσα

2199 2794 2552 2866 εὐπρέπειαν,
2585 2793 2676 2845 καὶ
2707 2792 2805 2863 τὴν
2839 2793 3030 2865 ἑτέραν
3063 2794 3296 2848 ἐκάλεσα
3343 2795 3650 2867 σχοίνισμαο
3681 2816 3698 2848 ι
3723 2798 3752 2850 ό

2197 2887 2252 2940 δὲ
2299 2885 2621 2956 Σύμμαχος·
2671 2906 2688 2938 ‹
2738 2887 2848 2958 Τὴν
2885 2885 2981 2956 μὲν
3013 2887 3246 2940 ἐκάλεσα
3291 2889 3638 2958 εὐπρέπειαν,
3667 2889 3750 2960 τὴν

2195 2979 2252 3032 δὲ
2289 2979 2415 3049 μίαν
2453 2978 2686 3032 ἐκάλεσα
2721 2979 3026 3050 σχοίνισμα.
3068 3001 3084 3030 i
3134 2980 3304 3033 Τοῦτο
3333 2981 3430 3051 μὲν
3455 2977 3548 3036 οὖν
3577 2983 3748 3046 παντὸς

2197 3070 2380 3133 ἔθνους
2421 3069 2616 3133 κάλλος
2666 3071 2757 3122 καὶ
2801 3070 3152 3142 εὐπρέπειαν,
3186 3071 3276 3124 τὸν
3311 3071 3452 3124 θεῖον
3483 3072 3638 3144 νόμον
3670 3073 3746 3125 καὶ

2196 3163 2292 3234 τὴν
2321 3163 2377 3214 ὲν
2413 3161 2560 3232 αὐτῷ
2593 3161 2986 3234 περιεχομένην
3013 3163 3285 3234 Διαθήκην
3315 3163 3594 3236 ὠνόμασεν
3623 3165 3752 3218 εἰκό-

2193 3271 2322 3318 τως.
2357 3253 2441 3306 Τά
2470 3270 2529 3306 τε
2567 3254 2674 3325 γὰρ
2709 3253 2880 3325 σεμνά
2909 3255 3007 3326 τῆς
3045 3255 3414 3326 Ἰερουσαλὴμ,
3451 3257 3546 3309 καὶ
3575 3257 3638 3310 τά
3664 3257 3746 3324 τῆς

2195 3345 2587 3417 ἀρχιερατικῆς
2645 3345 3002 3418 λειτουργίας,
3061 3347 3154 3400 καὶ
3205 3346 3381 3399 πάντα
3443 3347 3542 3399 ὅσα
3605 3348 3748 3402 πάλαι

2195 3435 2458 3506 πρότερον
2501 3436 2558 3488 ὲν
2607 3436 2790 3499 αὐτοῖς
2836 3435 2974 3489 κατά
3017 3439 3140 3498 τοὺς
3196 3437 3371 3500 θείους
3415 3438 3626 3509 νόμους,
3668 3441 3750 3492 καὶ

2193 3525 2335 3579 κατὰ
2389 3527 2488 3596 τὴν
2537 3527 2772 3581 παλαιάν
2829 3528 3102 3600 Διαθήκην
3147 3529 3520 3594 ἐπολιτεύετο,
3567 3532 3748 3601 κόσμος

2193 3617 2474 3688 εὐπρεπὴς
2522 3618 2731 3690 ὑπῆρχε
2785 3622 2896 3682 τοῖς
2946 3620 3050 3672 ὑπὸ
3097 3620 3300 3674 τούτων
3357 3622 3745 3692 κοσμουμένοις.

2193 3709 2488 3778 Σχοίνισμα
2513 3708 2568 3760 δὲ
2599 3710 2656 3761 τὸ
2689 3709 2890 3779 πλῆθος
2923 3710 3016 3762 τοῦ
3043 3711 3225 3774 ἔθνους
3259 3711 3356 3765 καὶ
3389 3713 3538 3783 παρά
3579 3715 3746 3766 Menti

2193 3799 2454 3868 κέκληται
2505 3799 2754 3868 λέγοντι·
2795 3819 2812 3852 ι
2875 3802 3134 3873 Ἐγενήθη
3187 3805 3343 3875 μερὶς
3393 3804 3592 3876 Κυρίου
3639 3804 3748 3867 λαδς

2194 3891 2356 3944 αὑτοῦ
2383 3891 2596 3956 Ἰακὼϐ,
2615 3893 2898 3962 σχοίνισμα
2921 3893 3458 3966 κληρονομίαςαὺτοῦ
3485 3897 3706 3968 Ἰσραήλ,
3727 3915 3742 3944 ι

2204 3983 2365 4036 Ἀλλὰ
2395 3983 2502 4055 γάρ
2533 3984 2639 4036 τῶν
2671 3984 2762 4036 δύο
2793 3983 2995 4038 τούτων
3039 3986 3248 4056 ῥάϐδων
3283 3985 3492 4058 ἀθρόως
3542 3989 3750 4060 μεταϐο-

2191 4075 2286 4147 λὴν
2308 4075 2628 4147 γενήσεσθαι
2654 4077 2793 4129 κατὰ
2815 4077 2939 4140 τοὺς
2958 4077 3317 4150 δηλουμένους
3339 4079 3563 4150 χρόνους
3585 4079 3747 4134 θεσπί-

2193 4169 2294 4232 ζει,
2334 4167 2410 4231 ὼς
2441 4167 2534 4220 καὶ
2565 4169 2662 4240 τῆς
2694 4169 2860 4222 πάλαι
2902 4171 2958 4223 ἐν
3005 4171 3140 4241 αὐτῇ
3195 4171 3428 4236 παλαιᾶς
3471 4173 3748 4243 Διαθὴκης.

2193 4261 2284 4314 καὶ
2311 4259 2402 4312 τοῦ
2429 4259 2593 4312 πάλαι
2619 4261 2674 4312 ὲν
2709 4261 2844 4332 αὐτῇ
2874 4260 3100 4324 κάλλους
3125 4261 3644 4333 ἀφανισθησομένου,
3664 4262 3744 4314 τοῦ

2189 4369 2246 4406 τε
2283 4353 2660 4424 σχοινίσματος
2689 4352 2782 4405 καὶ
2814 4352 2907 4405 τοῦ
2943 4353 3142 4417 παντὸς
3173 4353 3358 4418 ἔθνους
3390 4353 3748 4424 διασκεδασθηο

2193 4442 2439 4510 σομένου,
2469 4441 2624 4504 ἐπάν,
2648 4441 2745 4512 τὴν
2778 4441 2941 4513 τιμὴν
2969 4441 3062 4494 τοῦ
3089 4443 3446 4514 τετιμημένου
3477 4447 3748 4516 τριάκοντα

2191 4531 2466 4604 ἀργυρίων
2510 4532 2909 4602 τιμησάμενοι.
2960 4532 3059 4602 τῆς
3111 4533 3258 4601 σᾳῶν
3307 4533 3619 4600 δυσσεϐείας
3659 4535 3744 4604 τὴν

2192 4625 2568 4694 προσήκουσαν
2601 4625 2819 4694 ἀτιμίαν
2849 4623 3154 4694 ὑπόσχοιεν.
3180 4625 3339 4694 Λέγει
3363 4626 3404 4680 δ’
3431 4623 3524 4680 οὗν
3544 4645 3558 4658 ·
3595 4647 3616 4678 ι
3649 4627 3744 4680 Καὶ

2189 4713 2425 4784 λήψομαι
2455 4713 2552 4785 τὴν
2593 4715 2783 4785 ῥάϐδον
2819 4733 2920 4786 μου
2953 4719 3052 4788 τὴν
3096 4716 3286 4788 καλὴν,
3335 4719 3427 4770 καὶ
3475 4719 3744 4792 ἀπορῥίψω

2189 4806 2381 4878 αὐτὴν,
2428 4806 2520 4858 τοῦ
2569 4807 2914 4862 διασκεδάσαι
2959 4809 3059 4880 τὴν
3111 4809 3384 4882 Διαθήκην
3421 4828 3554 4882 μου’
3597 4832 3616 4863 ι
3663 4813 3744 4864 καὶ

2191 4898 2350 4951 πάλιν
2370 4916 2382 4927 ·
2424 4917 2441 4948 ι
2483 4899 2590 4951 Καὶ
2625 4901 2902 4972 άπέρῥιψα
2933 4901 3029 4972 τὴν
3061 4901 3254 4972 ῥάϐδον
3285 4903 3383 4973 τὴν
3415 4902 3664 4976 δευτέραν
3691 4902 3742 4954 τὸ

2191 4991 2498 5062 σχοίνισμα.
2545 5011 2560 5039 ι
2603 4993 2724 5045 Ἐπὶ
2752 4993 2959 5056 τούτοις
2991 4993 3126 5045 ἐπάν
3159 4997 3190 5065 ἡ
3223 4995 3526 5066 προφητεία

2195 5099 2214 5132 ‹
2249 5083 2357 5134 Καὶ
2389 5081 2568 5152 ἑξαρῶ
2600 5083 2724 5146 τοὺς
2757 5087 2904 5154 τρεῖς
2937 5083 3198 5154 ποιμένας
3225 5087 3280 5138 ὲν
3325 5086 3454 5156 μηνὶ
3479 5087 3578 5147 ἐνὶ,
3621 5105 3638 5134 ι
3670 5101 3740 5136 νο-

2193 5171 2332 5244 μίζω
2365 5173 2491 5246 τρία
2522 5175 2776 5246 τάγματα
2809 5173 3137 5228 αἰνίττεσθαι
3168 5174 3275 5228 τῶν
3307 5175 3474 5230 πάλαι
3506 5175 3596 5231 τοῦ
3627 5173 3736 5228 λαοῦ

2187 5259 2281 5314 τοῦ
2317 5261 2451 5315 Θεοῦ
2480 5263 2854 5328 προεστώτων,
2887 5261 3172 5334 βασιλέων,
3201 5263 3293 5317 καὶ
3321 5265 3634 5337 ἀρχιερέων,
3659 5261 3736 5315 καὶ

2189 5355 2484 5427 προφητῶν
2507 5373 2520 5386 ·
2549 5358 2669 5411 ἐπεὶ
2695 5358 2788 5410 καὶ⁹
2814 5355 2901 5410 διὰ
2929 5355 3036 5410 τῶν
3065 5356 3233 5429 τριῶν
3261 5357 3464 5411 τούτων
3493 5357 3735 5428 ποιμένων

2189 5449 2369 5502 πάντα
2414 5447 2484 5501 τά
2533 5449 2672 5502 κατὰ
2708 5451 2833 5512 τοὺς
2883 5447 3050 5502 πάλαι
3105 5449 3367 5520 πρότερον
3414 5449 3730 5520 ᾠκονομεῖτο.

2201 5540 2339 5592 Ἀλλ’
2372 5539 2556 5610 ἐπειδὴ
2589 5539 2916 5612 διαστροφὴν
2961 5539 3052 5592 καὶ
3085 5541 3133 5592 οί
3183 5545 3332 5611 τρεῖς
3376 5537 3520 5594 οὗτοι
3561 5535 3730 5591 πεπον-

2190 5631 2312 5683 θασι
2340 5631 2612 5700 ποιμένες,
2649 5631 2770 5684 καθ’
2797 5633 2889 5684 ἕνα
2931 5635 3116 5704 καιρὸν
3145 5634 3235 5685 τὸν
3267 5633 3360 5685 ἐπὶ
3386 5631 3479 5684 τοῦ
3515 5631 3728 5698 θυτῆρος

2192 5725 2344 5794 ἡμῶν
2379 5725 2435 5794 (ὃ
2455 5739 2514 5774 τε
2547 5723 2653 5795 γάρ
2683 5723 2932 5795 βασιλεὺς
2994 5725 3325 5796 παρανόμως
3355 5725 3530 5778 αὐτῶν
3555 5725 3726 5794 ἡγεῖτο.

2189 5813 2482 5884 ἀλλόφυλος
2522 5833 2604 5878 τις
2635 5815 2709 5868 ὢν
2755 5817 2845 5868 καὶ
2893 5817 2990 5872 οὐκ
3029 5819 3223 5879 οἰκεῖος
3253 5817 3346 5870 τοῦ
3395 5815 3595 5876 ἔθνους·
3635 5813 3728 5866 ὅτε
