3938 6566
269 405 370 462 749

1187 411 1837 469 DEMONSTRATIONIS
1865 410 2323 468 EVANGELICIE
2355 408 2483 469 LIB.
2524 412 2592 469 X.

3401 415 3506 473 750

264 525 579 599 ἀρχιερεὺς.
630 527 736 582 ὑπὸ
780 525 1060 598 Ῥωμαίων
1110 529 1549 599 παραγενόμενος
1601 528 1694 582 ἐπὶ
1741 528 1819 600 τὴε

1945 526 2208 592 storibus,
2246 532 2432 586 omnia
2461 545 2584 601 quae
2613 528 2683 583 ad
2718 529 2842 586 illos
2864 537 3077 587 veteres
3100 531 3229 587 olim
3267 534 3502 602 pertine-

263 621 630 691 λειτουργίαν,
662 621 722 673 οὑ
755 618 892 672 κατὰ
934 619 1032 690 τὴν
1061 619 1155 672 τοῦ
1199 621 1389 689 γένους
1427 622 1672 692 διαδοχὴν
1718 621 1837 674 οὐδέ

261 712 403 768 κατὰ
422 713 554 775 τοὺς
583 712 836 783 ἐννόμους
876 710 1108 781 θεσμοὺς
1136 711 1228 762 ἐπὶ
1258 711 1356 782 τὴν
1393 713 1558 782 τιμὴν
1595 711 1796 783 παρῄει
1821 728 1836 742 ·

265 805 294 857 ὅ
319 822 380 857 τε
408 805 700 876 προφήτης
728 803 919 875 μέχρις
964 803 1230 865 Ἰωάννου,
1264 804 1627 873 παυσάμενος,
1655 803 1836 856 οὐκέτι

259 901 316 952 ἐν
355 899 543 960 αὐτοῖς
572 900 812 968 ἐνήργει,
837 896 956 949 ἀντὶ
988 896 1044 948 δὲ
1065 895 1251 948 τούτου
1283 894 1729 966 ψευδοπροφήτης
1753 913 1838 959 τις

257 990 466 1062 ἀσεϐὴς
497 991 592 1044 καὶ
624 989 838 1042 πλανῶν
866 988 955 1040 τὸν
989 987 1112 1040 λαὸν
1135 989 1174 1052 ),
1210 987 1432 1050 εἰκότως
1474 987 1542 1040 τὰ
1578 988 1703 1056 τρία
1734 1005 1868 1057 χαυ

260 1085 523 1152 ρίσματα,
561 1081 728 1134 πάλαι
773 1079 1032 1152 πρότερον
1084 1080 1223 1151 ὑπὲρ
1273 1079 1448 1132 πάντα
1493 1079 1695 1150 κόσμον
1745 1080 1834 1132 εὐ-

255 1176 445 1248 πρεπῆ
491 1174 552 1226 τὺ
598 1175 706 1226 πᾶν
751 1172 901 1234 ἔθνος
947 1171 1272 1242 κοσμοῦντα,
1319 1174 1693 1243 περιαιρήσειν
1744 1173 1832 1241 ὑφ’

253 1269 349 1321 ἱνα
391 1266 588 1338 καιρὸν
631 1266 844 1318 ἀπειλεῖ
884 1265 1087 1333 λέγων·
1122 1281 1139 1313 ι
1189 1264 1297 1316 Kal
1327 1263 1502 1336 ἐξαιρῶ
1526 1266 1652 1326 τοὺς
1685 1267 1833 1334 τρεῖς

253 1360 524 1430 ποιμένας
551 1362 608 1412 ἐν
645 1359 772 1429 μηνὶ
805 1359 904 1422 ἐνὶ,
934 1357 1026 1410 καὶ
1055 1355 1444 1428 βαρυνθήσεται
1480 1359 1511 1427 ἡ
1543 1357 1684 1426 ψυχή
1729 1373 1828 1426 μου

252 1452 343 1507 ἐπ’
397 1451 630 1514 αὐτούς’
675 1470 693 1501 ›
729 1448 842 1503 ἀνθ’
877 1444 989 1503 οὗό
1039 1449 1135 1520 μὲν
1183 1448 1411 1511 Ἀκύλας
1458 1449 1618 1518 φησί’
1661 1467 1676 1498 ι
1720 1448 1829 1501 Kal

248 1543 562 1615 ἐκολοϐώθη
587 1545 620 1614 ἡ
645 1541 788 1613 ψυχή
832 1558 930 1610 μου
955 1541 1014 1593 ἐν
1039 1541 1221 1603 αὐτοῖς
1245 1556 1257 1569 ·
1304 1559 1321 1589 ι
1349 1541 1376 1591 ὁ
1403 1540 1458 1592 δέ
1490 1541 1784 1610 Σύμμαχος
1807 1555 1821 1567 ο

251 1655 272 1688 ι
313 1637 429 1689 Kal
463 1633 853 1704 ὡλιγοψύχησα
910 1633 968 1685 ἐν
1013 1633 1194 1696 αὐτοῖς
1217 1650 1230 1664 ·
1268 1652 1286 1684 ι
1337 1635 1367 1686 ὁ
1398 1633 1453 1686 δὲ
1501 1632 1821 1685 Θεοδοτίων·

251 1749 271 1778 ι
308 1727 424 1780 Kal
457 1725 863 1796 ὼλιγοψύχησεν
901 1725 936 1794 ἡ
971 1723 1114 1796 ψυχή
1147 1742 1248 1796 μου
1287 1725 1372 1778 ἐπ’
1401 1724 1616 1788 αὐτούς.
1657 1745 1674 1776 ι
1715 1725 1824 1778 Kal

241 1822 307 1873 τὸ
358 1819 535 1872 αἴτιόν
576 1835 639 1888 γε
688 1819 787 1890 τῆς
834 1817 1180 1888 ὁλιγοιῖιυχίας
1224 1817 1486 1881 διδάσκει,
1533 1816 1816 1882 ἐπιλέγων·

247 1931 266 1962 ι
311 1912 427 1965 Καὶ
468 1912 578 1982 γὰρ
610 1911 668 1964 ai.
711 1911 879 1982 ψυχαὶ
919 1911 1098 1964 αὐτῶν
1140 1908 1448 1981 ἐπωρύοντο
1484 1909 1568 1960 ἐπ’
1619 1908 1756 1979 ἐμέ·
1801 1927 1820 1959 ι

241 2002 362 2056 ἀνθ’
399 1997 464 2055 οὗ
493 2003 652 2056 πάλιν
694 2005 722 2056 ὁ
767 2002 1029 2066 ’Δκύλας’
1071 2021 1090 2054 ι
1121 2001 1230 2056 Καί
1273 2018 1336 2071 γε
1380 2004 1412 2073 ἡ
1455 2000 1601 2072 ψυχὴ
1647 2001 1825 2053 αὐτῶν

240 2097 555 2167 ἐπὲρκασεν
605 2097 662 2148 ἐν
707 2095 860 2166 ἐμοί’
923 2114 940 2146 ι
996 2097 1025 2148 ὁ
1071 2094 1129 2147 δὲ
1176 2094 1498 2165 Σύμμαχος·
1557 2111 1576 2143 ι
1631 2094 1740 2146 Kal
1791 2095 1824 2163 ἡ

236 2188 392 2258 ψυχὴ
443 2185 621 2241 αὐτῶν
667 2187 916 2259 ἤκμασεν
973 2188 1030 2240 ἐν
1079 2186 1221 2259 ἐμοί.
1288 2205 1308 2238 ι
1353 2187 1578 2257 Ὅμοιον
1623 2186 1680 2238 δὲ
1723 2184 1823 2255 τῷ,

244 2300 264 2331 ι
307 2281 426 2335 Καὶ
465 2281 576 2352 γὰρ
624 2281 682 2333 αἱ
720 2280 889 2351 ψυχαὶ
935 2279 1112 2334 αὐτῶν
1154 2279 1459 2352 ἐπωρύοντο
1503 2279 1589 2332 ἐπ’
1638 2279 1756 2350 ἐμὲ,
1801 2299 1819 2330 ι

237 2371 399 2444 παρὰ
430 2371 955 2444 τοῖςἙϐδομήκοντα
987 2372 1278 2444 εἰρημένῳ,
1314 2371 1538 2443 φέρεται
1575 2370 1725 2442 παρὰ
1745 2369 1825 2441 τῷ

249 2463 500 2535 Ἱερεμίᾳ
547 2464 613 2516 ἐκ
669 2462 962 2535 προσώπου
1016 2462 1112 2516 τοῦ
1155 2462 1359 2534 Κυρίου
1421 2463 1672 2530 κείμενον
1731 2462 1820 2515 τό*

237 2572 263 2604 ι
310 2553 780 2622 Ἐγκαταλέλοιπα
799 2553 889 2607 τὸν
905 2548 1052 2608 οἶκόν
1080 2571 1200 2625 μου,
1233 2554 1418 2625 ἀφῆκα
1440 2553 1539 2625 τὴν
1564 2553 1823 2626 κληρονο-

237 2645 374 2716 μίαν
434 2661 556 2715 μου,
602 2645 778 2699 ἔδωκα
822 2645 920 2716 τὴν
971 2645 1335 2717 ἠγαπημένην,
1381 2645 1558 2715 ψυχήν
1612 2662 1712 2716 μου
1745 2646 1824 2708 είς

235 2740 435 2808 χεῖρας
479 2737 687 2809 ἐχθρῶν
730 2738 932 2808 αὐτῆςσ
977 2737 1206 2808 ἐγενήθη
1257 2738 1290 2808 ἡ
1339 2737 1670 2809 κληρονομία
1720 2755 1820 2809 μου

231 2831 364 2901 ἐμοὶ
394 2830 474 2892 ῶς
509 2830 646 2882 λέων
674 2831 732 2882 ἐν
763 2829 971 2900 δρυμῷ,
1007 2829 1203 2884 ἔδωκεν
1236 2831 1322 2883 ἐπ’
1366 2831 1466 2901 ἐμὲ
1507 2831 1606 2901 τὴν
1639 2831 1821 2902 φωνὴν

234 2920 435 2990 αὐτῆς.
461 2920 554 2990 Μὴ
571 2919 831 2990 σπήλαιον
858 2919 1102 2992 ὑαίνηςη
1131 2920 1462 2992 κληρονομία
1491 2937 1590 2992 μου
1617 2919 1767 2991 spot;
1797 2941 1815 2972 ι

234 3013 483 3075 Εἰκότως
523 3008 616 3065 οὖν
655 3011 747 3065 διὰ
786 3012 958 3066 ταῦτα
986 3012 1111 3083 ἐξῆς
1136 3012 1388 3084 ἐπιφέρει
1411 3013 1613 3083 λέγων’
1655 3032 1672 3064 ι
1713 3012 1821 3067 Καὶ

233 3098 368 3156 εἶπα
393 3120 408 3133 ·
440 3103 518 3156 Οὐ
566 3101 816 3173 ποιμανῶ
863 3103 1039 3174 ὑμᾶς’
1091 3102 1150 3155 τὸ
1200 3103 1540 3174 ἀποθνῆσκον
1587 3103 1821 3174 ἀποθνη-

1859 1879 1900 1932 Β

233 3197 442 3259 σκέτω,
478 3196 574 3248 καὶ
597 3195 658 3247 τὸ
685 3193 934 3248 ἐκλεῖπον
956 3193 1271 3258 ἐκλειπέτω,
1299 3195 1393 3248 καὶ
1415 3194 1484 3247 τὰ
1516 3194 1818 3248 κατάλοιπα
1845 3225 1888 3283 C

232 3288 594 3354 ἐσθιέτωσαν,
633 3288 863 3352 ἕκαστος
907 3287 1004 3349 τὰς
1049 3287 1258 3360 σάρκας
1294 3287 1388 3341 τοῦ
1431 3287 1656 3359 πλησίον
1694 3289 1818 3340 ἐαυ-

230 3383 326 3434 τοῦ
352 3397 368 3409 ·
410 3399 428 3432 ι
488 3380 604 3450 μεθ’
634 3379 670 3432 ἃ
712 3378 988 3449 ἐπιλέγει·
1025 3399 1043 3431 ι
1089 3381 1198 3434 Kal
1239 3378 1474 3451 λήψομαι
1501 3379 1598 3448 τὴν
1627 3377 1817 3450 ῥάϐδον

234 3491 341 3546 μου
359 3472 462 3544 τὴν
483 3471 778 3544 καλὴν,καὶ
796 3471 1082 3543 ἀπορρίψω
1103 3473 1288 3544 αὐτήνο
1304 3491 1322 3523 ι
1349 3471 1462 3524 ἀνθ’
1488 3466 1547 3524 οὗ
1565 3471 1814 3535 ’Λκύλας,

208 3571 212 3574 ’
239 3585 259 3617 ι
280 3567 398 3622 Καὶ
420 3565 630 3628 ἔλαϐον,
661 3584 678 3616 ι
708 3565 860 3637 φησὶ,
895 3564 1016 3636 «τὴν
1043 3564 1233 3636 ῥάϐδον
1263 3582 1385 3636 μου,
1405 3563 1502 3635 τὴν
1525 3562 1819 3634 εὐπρέπει-

233 3676 324 3722 αν,
363 3659 461 3711 καὶ
485 3656 786 3729 περιέκοψα
820 3656 1042 3726 αὐτὴν,›
1086 3655 1287 3726 δηλαδὴ
1318 3654 1416 3726 τὴν
1452 3653 1594 3707 κατὰ
1615 3653 1819 3708 Μωσέα

231 3749 519 3822 λατρείαν.
548 3745 755 3800 Οὐκοῦν
779 3746 812 3816 ἡ
837 3746 931 3816 μὲν
956 3743 1145 3815 πρώτη
1169 3742 1361 3815 ῥάϐδος
1383 3745 1416 3813 ἡ
1441 3742 1497 3795 ἐν
1513 3742 1706 3813 ἀρχαῖς
1722 3740 1816 3794 τοῦ

232 3843 400 3913 λόγου
452 3839 660 3913 πρώτη,
713 3832 1167 3913 συντριϐήσεσθαι
1210 3838 1305 3890 καὶ
1342 3834 1816 3907 ὰπορριφὴσεσθαι

232 3937 479 4004 λέγεται.
500 3935 625 3988 Ὀτε
657 3933 714 3987 δὲ
741 3932 925 4004 ητιμὴ
949 3929 1039 3984 τοῦ
1065 3929 1450 4001 τετιμημένου,
1470 3929 1564 3982 καῖ
1591 3927 1650 3980 τὸ
1678 3928 1817 3998 ὑπὲρ

231 4023 402 4078 αὑτοῦ
419 4022 500 4093 τῷ
522 4021 751 4094 προδότῃ
774 4021 924 4074 δοθὲν
953 4019 1211 4092 ἀργύριον
1232 4017 1434 4089 ἐϐλήθη
1459 4019 1538 4080 εἰς
1561 4016 1651 4070 τὸν
1671 4011 1816 4068 οἶκον

233 4116 472 4187 Κυρίου,
498 4114 574 4177 ὼς
605 4114 684 4176 εἰς
719 4112 1096 4182 χωνευτήριον,
1117 4110 1234 4163 τότε
1261 4110 1325 4181 δὴ
1353 4109 1445 4162 καὶ
1480 4106 1550 4161 τὰ
1570 4108 1696 4179 περὶ
1720 4107 1817 4177 τῆς

231 4201 496 4273 δευτέρας
519 4199 734 4272 ῥάϐδου,
751 4199 845 4252 τοῦ
867 4199 1067 4262 παντὸς
1082 4198 1263 4262 ἔθνους
1278 4198 1498 4269 δηλαδὴ,
1513 4196 1817 4260 ἀκολούθως

231 4291 320 4346 οἶα
343 4293 594 4346 πείσεται
616 4291 1012 4364 προφητεύεται
1034 4293 1089 4344 ἐν
1108 4292 1205 4363 τῷ,
1241 4313 1258 4342 ι
1290 4292 1400 4345 Kal
1421 4289 1698 4362 ἀπέρριψα
1717 4289 1816 4360 τὴν

235 4386 436 4456 ῥάϐδον
465 4385 562 4456 τὴν
583 4385 840 4457 δευτέραν
859 4385 918 4436 τὸ
936 4383 1334 4455 σχοίνισμα,τοῦ
1351 4383 1698 4438 διασκεδάσαι
1717 4382 1815 4454 τὴν

232 4477 516 4548 Διαθήκην
537 4476 639 4529 άνὰ
656 4477 815 4548 μέσον
832 4475 998 4530 Ἰούδα
1013 4478 1106 4529 καί
1126 4475 1229 4529 άνὰ
1257 4476 1418 4547 μέσον
1440 4475 1674 4547 Ἰσραήλ·
1692 4475 1813 4528 »καὶ

1939 617 2092 683 bant,
2139 621 2609 689 gubernabantur.
2649 619 2751 675 Sed
2778 622 2998 692 quando
3038 630 3152 679 tres
3187 624 3275 678 isti
3319 634 3506 694 pasto-

1939 725 2028 764 res
2065 726 2174 764 uno
2202 718 2446 781 tempore
2478 712 2892 768 conversionem
2941 716 3089 783 passi
3118 724 3264 777 sunt,
3313 713 3506 769 Salva-

1938 808 2057 856 tore
2089 803 2275 872 utique
2317 813 2505 859 nostro
2539 804 2862 860 adveniente
2897 804 3045 876 (nam
3085 817 3138 861 et
3165 825 3266 862 rex
3305 819 3507 878 praeter

1935 891 2083 963 leges
2129 902 2370 961 creatus,
2411 910 2521 948 non
2575 896 2643 950 ab
2680 897 2920 966 ipsorum
2973 913 3171 968 genere
3213 899 3502 965 oriundus,

1936 981 2032 1036 sed
2091 992 2355 1038 externus
2409 984 2544 1052 ipsis
2594 992 2725 1038 tunc
2761 996 3022 1054 praeerat;
3080 995 3133 1042 et
3185 987 3429 1057 pontifex
3471 1003 3504 1044 a

1934 1072 2195 1129 Romanis
2235 1076 2301 1129 ad
2339 1090 2551 1130 sacram
2585 1075 2918 1132 functionem
2945 1085 3256 1147 provectus,
3291 1095 3401 1134 non
3431 1096 3502 1136 ex

1934 1166 2285 1221 successione
2337 1151 2574 1236 generis,
2612 1183 2788 1238 neque
2821 1169 3122 1224 secundum
3160 1172 3308 1242 leges
3340 1183 3504 1244 atque

1933 1255 2207 1319 instituta,
2256 1257 2524 1312 honorem
2567 1259 2719 1312 illum
2772 1260 3081 1327 obtinebat;
3131 1276 3234 1317 nec
3265 1264 3502 1333 prophe-

1933 1356 2007 1412 ta,
2066 1348 2158 1417 qui
2192 1363 2366 1418 nsque
2415 1349 2482 1402 ad
2529 1347 2792 1403 Joannem
2848 1353 3194 1421 perveniens,
3240 1354 3498 1423 desierat,

1931 1440 2166 1508 amplius
2197 1439 2340 1509 apud
2384 1455 2480 1496 eos
2523 1442 2873 1510 cperabatur,
2909 1450 3004 1498 sed
3039 1443 3161 1499 loco
3196 1444 3316 1515 ejus
3345 1462 3502 1502 men-

1930 1531 2037 1584 dax
2085 1531 2305 1601 quidam
2337 1534 2598 1603 propheta
2629 1540 2683 1588 et
2716 1534 2915 1604 impius
2957 1537 3218 1606 pupulum
3261 1539 3501 1611 decipie-

1930 1622 2070 1694 bat),
2101 1625 2298 1679 merito
2339 1626 2444 1681 tria
2500 1625 2592 1679 illa
2641 1628 2804 1692 dona,
2848 1644 2968 1698 quae
3020 1631 3297 1699 quondam
3331 1647 3500 1702 supra

1929 1732 2090 1773 omne
2119 1727 2499 1774 ornamentum
2523 1735 2585 1774 ac
2613 1722 2780 1776 decus
2805 1731 2970 1777 totam
3002 1725 3148 1778 illam
3167 1734 3377 1786 gentem
3407 1741 3502 1780 or-

1930 1808 2152 1874 nabant,
2199 1811 2542 1866 sublaturum
2591 1828 2650 1868 se
2693 1829 2800 1867 uno
2835 1822 3077 1876 tempore
3111 1815 3371 1885 minatur,
3413 1817 3501 1872 di-

1929 1914 2098 1956 cens:
2153 1901 2251 1954 «Et
2305 1902 2548 1958 auferam
2591 1914 2702 1960 tres
2733 1916 2982 1974 pastores
3034 1907 3091 1960 in
3139 1922 3328 1962 mense
3361 1923 3497 1975 uno,

1929 1995 1984 2043 et
2014 1991 2327 2059 gravabitur
2343 1994 2521 2047 anima
2536 2010 2654 2050 mea
2675 2011 2838 2065 super
2860 2011 2954 2051 eos
2973 2013 2987 2063 ;
3003 2014 3020 2046 ι
3046 2011 3146 2066 pro
3164 2012 3272 2067 quo
3300 1996 3498 2067 Aquila

1927 2087 2146 2150 quidem
2169 2083 2248 2137 sic
2267 2084 2376 2139 ait:
2407 2103 2425 2136 ι
2454 2084 2517 2138 Ει
2543 2089 2789 2140 mutilata
2817 2095 2900 2142 est
2925 2089 3107 2141 anima
3138 2104 3257 2144 mea
3275 2090 3330 2144 in
3353 2091 3492 2157 eis"

1930 2171 2289 2243 Symmachus
2333 2186 2549 2232 autem:
2611 2177 2704 2230 «Et
2735 2180 3075 2234 exanimatus
3105 2195 3227 2236 sum
3259 2181 3314 2235 in
3340 2185 3491 2249 eis;»

1928 2262 2268 2320 Theodotion
2303 2278 2482 2323 autem
2509 2287 2520 2322 :
2551 2287 2570 2320 ι
2599 2268 2663 2322 Et
2693 2270 3005 2324 exanimata
3041 2280 3125 2327 est
3154 2273 3337 2326 anima
3374 2290 3496 2328 mea

1927 2373 2091 2427 super
2105 2373 2221 2414 eos.
2261 2379 2280 2411 ι
2311 2361 2376 2415 Et
2405 2363 2628 2417 causam
2659 2366 3078 2420 exanimationis
3097 2367 3406 2420 ostenditin
3425 2367 3495 2421 iis

1925 2464 2047 2518 qua:
2077 2449 2361 2522 adjungit:
2418 2451 2662 2508 «Etenim
2714 2457 2909 2510 anima:
2964 2472 3154 2512 eorum
3209 2459 3496 2527 rugierunt

1927 2557 2092 2612 super
2122 2559 2264 2609 me,»
2303 2559 2404 2614 pro
2432 2560 2542 2614 quo
2568 2561 2763 2602 rursus
2809 2548 3003 2616 Aquila
3035 2550 3141 2604 hoc
3166 2551 3328 2605 modo
3359 2567 3496 2607 con-

1923 2637 2118 2690 vertit:
2150 2656 2170 2688 ι
2197 2636 2410 2692 Etenim
2445 2639 2624 2693 anima
2654 2655 2842 2694 eorum
2874 2641 3210 2697 immaturuit
3253 2644 3308 2697 in
3334 2660 3418 2699 me
3440 2662 3489 2710 ,ι

1927 2729 2287 2801 Symmachus
2319 2743 2534 2787 autem:
2585 2751 2604 2785 ι
2629 2732 2694 2786 Ει
2723 2734 2903 2789 anima
2939 2751 3128 2791 eorum
3170 2739 3396 2792 invaluit
3436 2740 3493 2796 in

1924 2838 2029 2878 me.
2067 2841 2086 2874 ›
2111 2821 2190 2878 Illi
2217 2839 2348 2880 vero
2370 2825 2514 2895 quod
2539 2826 2678 2896 apud
2700 2825 2842 2880 LXX
2869 2827 3074 2882 dictum
3093 2836 3176 2883 est
3196 2848 3208 2882 :
3249 2828 3492 2885 «Etenim

1923 2916 2119 2972 anima:
2159 2926 2350 2974 eurum
2408 2919 2693 2989 rugierunt
2722 2935 2888 2989 super
2934 2935 3076 2984 me,»
3111 2922 3294 2976 simile
3337 2923 3497 2992 quid-

1922 3007 2047 3062 dam
2075 3007 2249 3064 fertur
2269 3009 2431 3065 etiam
2464 3009 2606 3080 apud
2628 3009 2940 3076 Jeremiam,
2976 3013 3120 3081 quod
3160 3029 3225 3067 ex
3255 3029 3493 3083 persona

1924 3096 2136 3154 Domini
2183 3099 2458 3170 profertur
2507 3101 2593 3155 his
2647 3103 2862 3157 verbis:
2911 3101 3217 3174 «Dereliqui
3267 3104 3489 3159 domum

1924 3205 2122 3254 meam,
2173 3191 2356 3247 dimisi
2388 3192 2759 3248 bareditatem
2813 3207 3010 3257 meam,
3055 3195 3175 3248 dedi
3237 3195 3491 3251 dilectam

1921 3282 2156 3336 animam
2186 3298 2362 3338 meam
2415 3283 2470 3337 in
2507 3299 2700 3338 manus
2754 3285 3099 3338 inimicorum
3151 3285 3291 3354 ejus,
3348 3287 3492 3341 facta

1919 3379 2002 3426 est
2035 3372 2326 3428 haareditas
2354 3388 2472 3429 mea
2502 3375 2632 3428 mihi
2664 3387 2721 3428 ut
2747 3377 2830 3431 leo
2857 3376 2911 3430 in
2947 3377 3102 3438 silva,
3141 3375 3290 3430 dedit
3323 3393 3492 3447 super

1920 3480 2006 3520 me
2039 3479 2227 3520 vocem
2259 3481 2437 3532 suam,
2471 3467 2720 3537 nunquid
2771 3469 3029 3537 spelunca
3071 3469 3270 3538 hyaenae
3316 3470 3486 3524 haere-

1919 3557 2062 3611 ditas
2097 3572 2214 3611 mea
2247 3557 2477 3612 mihi"?
2517 3577 2534 3610 ι
2565 3558 2664 3612 has
2699 3557 2866 3627 igitur
2887 3558 2958 3612 ob
2991 3573 3078 3613 res
3104 3561 3299 3613 merito
3333 3560 3491 3614 dein-

1919 3664 2047 3720 ceps
2093 3647 2370 3720 adjungit:
2414 3667 2432 3700 ι
2465 3647 2531 3703 Et
2574 3648 2707 3711 dixi,
2740 3648 2858 3703 Non
2905 3665 3122 3720 pascam
3156 3665 3290 3716 vos;
3339 3653 3488 3723 quod

1919 3742 2169 3805 moritur,
2213 3740 2498 3807 moriatur,
2527 3747 2581 3796 et
2610 3740 2756 3811 quod
2783 3740 2987 3806 deficit,
3019 3741 3259 3808 deficiat,
3292 3751 3344 3798 et
3365 3760 3489 3815 qua

1920 3833 2126 3903 reliqua
2162 3839 2290 3888 sunt
2315 3833 2596 3899 devorent,
2628 3833 3005 3904 unusquisque
3027 3849 3219 3890 carnes
3249 3837 3485 3906 proximi

1920 3925 2058 3980 sui.»
2095 3924 2224 3982 Post
2256 3940 2379 3996 quae
2403 3925 2627 3995 subjicit
2653 3945 2665 3980 :
2707 3945 2724 3977 ι
2751 3924 3043 3996 Ειοιιρίιιῐη
3073 3927 3281 3998 virgam
3308 3945 3485 3983 meam

1917 4015 2222 4088 pulchram,
2245 4024 2300 4072 et
2321 4016 2573 4087 abjiciam
2608 4031 2786 4072 eam.»
2824 4014 2932 4071 Pro
2967 4031 3077 4087 quo
3102 4016 3330 4087 Aquila:
3387 4017 3486 4074 «Et

1919 4110 2127 4182 accepi,
2163 4109 2359 4178 inquit,
2418 4110 2627 4177 virgam
2680 4125 2878 4174 meam,
2912 4108 3186 4176 decorem,
3221 4118 3274 4166 et
3302 4111 3484 4167 excidi

1919 4201 2088 4268 illam,
2124 4221 2144 4254 ι
2183 4201 2473 4257 Mosaicam
2534 4201 2785 4256 videlicet
2859 4201 3253 4258 adorationem.
3341 4202 3484 4274 Ergo

1917 4295 2093 4365 prima
2127 4292 2346 4364 quidem
2397 4293 2552 4364 virga
2584 4294 2742 4348 initio
2789 4294 3079 4357 sermonis,
3123 4295 3302 4365 prima
3352 4296 3483 4352 item

1916 4401 2038 4456 qua:
2087 4385 2368 4456 frangatur
2422 4394 2477 4439 et
2528 4384 2837 4454 abjiciatur,
2876 4385 2995 4442 fore
3036 4387 3257 4442 dicitur.
3310 4387 3482 4463 484

1915 4477 2053 4534 Cum
2085 4487 2267 4534 autem
2299 4479 2535 4549 pretium
2568 4479 2708 4548 ejus,
2762 4478 2856 4548 qui
2908 4479 3210 4535 aestimatus
3259 4488 3365 4545 est,
3429 4491 3483 4534 et

233 4569 540 4639 ἐπειδήπερ
562 4568 832 4640 ἀποϐολὴν
848 4568 1068 4622 ἐκείνων
1087 4567 1269 4638 σαφῶς
1287 4568 1375 4622 διὰ
1390 4567 1592 4622 τούτων
1617 4567 1812 4636 όλόγος

1923 4585 2020 4642 pro
2067 4586 2134 4626 eo
2189 4576 2472 4641 argentum
2516 4569 2782 4640 proditori
2835 4576 3140 4640 erogatum,
3177 4568 3480 4641 projectum

233 4661 532 4734 ἐμήνυσεν,
561 4661 783 4723 εἰκότως
814 4659 940 4730 ἑξῆς
975 4659 1150 4713 οὐκέτ’
1185 4661 1381 4724 αὐτοὺς
1412 4658 1806 4728 ἐπιγνώσεσθαι

233 4754 337 4824 τὴν
367 4753 477 4807 τῶν
513 4753 998 4825 προφητεύομένων
1035 4752 1256 4822 δύναμίν
1299 4770 1480 4824 φησιν,
1513 4751 1647 4806 ἀλλὰ
1682 4753 1808 4816 τοὺς

235 4846 597 4910 Χαναναίους,
618 4845 786 4914 λέγων
803 4862 814 4874 °
851 4863 868 4895 ι
900 4846 1008 4898 Kal
1035 4844 1326 4914 γνώσονται
1356 4846 1404 4898 οἱ
1431 4846 1717 4898 Χαναναῖοι
1740 4843 1810 4896 τά

237 4938 487 5010 πρόϐατα
532 4937 603 4991 τὰ
647 4937 1026 5008 φυλασσόμενά
1075 4956 1184 5008 μοι,
1220 4938 1353 4991 διότι
1400 4936 1554 5006 λόγος
1601 4936 1806 5009 Κυρίου

238 5031 374 5085 ἐστί.
419 5050 438 5083 ι
479 5031 634 5094 Τίνες
664 5031 706 5082 δ’
743 5031 808 5084 ἂν
841 5027 948 5085 εἶεν
976 5033 1025 5084 οἱ
1052 5032 1340 5085 Χαναναῖοι
1371 5029 1482 5082 ἀλλ’
1510 5029 1542 5102 ἢ
1575 5032 1734 5101 ἡμεῖς
1759 5029 1808 5081 oi

238 5125 367 5196 πρὶν
392 5123 701 5192 ἀλλόφυλοι,
731 5126 822 5176 καὶ
843 5124 900 5190 ἐξ
922 5124 1173 5178 ἁπάντων
1193 5125 1301 5177 τῶν
1329 5123 1495 5177 πάλαι
1520 5122 1693 5176 ἀθέων
1719 5123 1811 5176 καὶ

239 5215 451 5269 ἀσεϐῶν
481 5216 648 5270 ἐθνῶν
681 5216 924 5288 πρόϐατα
954 5216 1030 5288 τῷ
1059 5215 1278 5288 Χριστῷ
1305 5216 1732 5288 πεφυλαγμένος
1760 5217 1809 5270 οἶ

239 5308 331 5361 καὶ
355 5307 450 5361 διὰ
471 5312 572 5380 τῆς
602 5307 767 5361 αὐτοῦ
797 5309 1016 5380 χάριτος
1049 5307 1512 5380 μεταϐεϐλήμεθα,
1539 5309 1633 5362 καὶ
1681 5326 1808 5362 συν-

241 5400 390 5465 έντες
439 5400 507 5455 τὰ
543 5401 960 5472 τεθεσπισμένα,
989 5401 1188 5471 γνῶσιν
1213 5401 1386 5473 ἀληθῆ
1411 5400 1504 5454 τοῦ
1533 5400 1691 5471 λόγου
1713 5398 1806 5453 τοῦ

240 5490 444 5563 Κυρίου
489 5493 808 5564 εἰλήφαμεν.
838 5495 1118 5565 Ἐγνωμέν
1158 5511 1216 5547 τε
1251 5495 1408 5565 ἡμεῖς
1434 5494 1482 5546 οἱ
1515 5495 1807 5548 Χαναναῖοι

241 5584 330 5637 καὶ
365 5585 678 5656 συνήκαμεν
722 5585 790 5639 τά
819 5586 1145 5657 δηλούμενα·
1175 5587 1274 5641 οὐκ
1320 5586 1558 5657 ἔγνωσαν
1590 5585 1647 5640 δὲ
1687 5586 1807 5640 οὐδὲ

241 5678 481 5749 συνῆκαν
519 5681 565 5730 οἱ
595 5679 684 5732 τὸν
725 5679 938 5752 Ἰσραὴλ
971 5681 1257 5752 αὐχοῦντες
1291 5682 1382 5734 καὶ
1414 5681 1504 5734 ἐπὶ
1535 5679 1611 5751 τῷ
1640 5679 1808 5751 σπέρ-

247 5785 372 5842 ματι
417 5770 667 5843 Ἀϐραὰμ
701 5773 1070 5845 ἐπαιρόμενοι.

310 5911 355 5944 ”
390 5909 500 5966 Jer.
536 5925 649 5974 xu,
684 5909 795 5974 8,9.

1913 4671 1996 4719 est
2027 4663 2084 4717 in
2141 4661 2363 4717 domum
2400 4659 2615 4716 Domini
2643 4669 2905 4731 tanquam
2937 4661 2994 4714 in
3023 4659 3324 4726 fornacem,
3359 4669 3479 4716 tum

1915 4769 2045 4810 vero
2097 4754 2262 4809 etiam
2321 4769 2384 4808 ea
2438 4768 2560 4823 quae
2615 4753 2681 4806 ad
2717 4753 2944 4807 alteram
2975 4751 3206 4823 virgam,
3240 4753 3344 4808 hoc
3373 4761 3477 4818 est,

1915 4863 2037 4920 quae
2086 4845 2152 4901 ad
2185 4846 2500 4901 universam
2530 4854 2745 4916 gentem
2796 4844 3094 4914 pertinent,
3139 4843 3272 4914 quid
3301 4845 3480 4900 latura

1918 4941 2029 4996 sint
2059 4939 2209 5006 mali,
2240 4937 2557 5009 prophetice
2588 4935 2899 4990 declaratur
2925 4934 2980 4988 in
3004 4934 3113 4988 illis
3136 4935 3349 4990 verbis:
3375 4955 3392 4988 ι
3417 4936 3481 4989 Et

1919 5033 2091 5104 abjeci
2126 5033 2332 5102 virgam
2358 5032 2607 5095 alteram,
2644 5029 2949 5084 funiculum
2995 5028 3063 5082 ad
3099 5028 3481 5099 dissipandum

1915 5131 2299 5180 testamentum
2327 5123 2470 5178 inter
2500 5121 2697 5177 Iudam
2730 5130 2785 5177 et
2834 5120 3001 5178 Israel
3026 5141 3038 5176 :
3067 5140 3086 5174 ι
3135 5129 3189 5174 et
3220 5118 3476 5189 quoniam

1914 5218 2136 5272 illorum
2165 5215 2520 5286 rejectionem
2554 5215 2641 5268 his
2670 5211 2855 5267 verbis
2890 5212 3050 5282 plane
3083 5209 3367 5265 oraculum
3394 5207 3480 5260 in-

1914 5305 2138 5368 dicavit,
2199 5304 2396 5358 merito
2444 5302 2701 5371 deinceps
2745 5316 2855 5355 non
2914 5300 3148 5370 amplius
3198 5299 3322 5353 illus
3367 5297 3478 5350 vim

1914 5398 2325 5471 prOphetiarum
2381 5396 2758 5449 intellecturos
2823 5391 3076 5457 afﬁrmat,
3134 5392 3228 5447 sed
3262 5391 3478 5446 Chana-

1917 5507 2086 5557 naeos,
2118 5491 2199 5546 sic
2232 5491 2460 5544 dicens:
2497 5487 2594 5541 «Et
2619 5493 2957 5556 cognoscent
3001 5483 3314 5548 Cbananaei,
3348 5496 3482 5539 oves

1913 5601 2036 5659 quae
2067 5583 2459 5639 custodiuntur
2495 5581 2651 5639 mihi,
2679 5579 2825 5649 quod
2855 5579 3082 5632 verbum
3101 5575 3313 5631 Domini
3332 5584 3478 5631 est.)

1911 5681 2203 5742 Caeterum,
2244 5675 2337 5746 qui
2389 5673 2606 5729 tandem
2659 5671 2751 5727 alii
2797 5669 3001 5725 fuerint
3058 5668 3113 5724 bi
3157 5668 3477 5730 Chanana-i,

1909 5789 2074 5845 quam
2100 5786 2200 5827 nos
2225 5769 2370 5841 ipsi?
2397 5769 2487 5840 qui
2520 5767 2676 5839 prius
2707 5766 2867 5824 alieni
2908 5781 3148 5831 eramus,
3190 5775 3243 5820 et
3285 5763 3378 5833 qui
3409 5775 3477 5815 ex
