3938 6520
541 399 640 459 751
1210 401 1478 457 EUSEBII
1514 401 1996 459 CESARlENSlS
2035 403 2088 462 01

2223 401 2405 460 PARS
2443 405 2506 460 Il.
2546 437 2616 448 —
2648 406 3146 464 APOLOGETICA.
3652 414 3731 472 τῖε

540 519 815 576 universis
845 520 972 575 olim
996 518 1239 591 profanis
1266 529 1427 591 atque
1473 521 1655 592 impiis
1676 523 1951 593 gentibus,
1985 538 2118 580 oves
2161 523 2381 580 Christo
2415 526 2669 583 custoditi
2696 527 2922 582 sumus?
2965 528 3057 598 qui
3104 528 3266 584 etiam
3303 530 3554 588 beneflcio
3611 535 3727 594 illius

536 628 728 670 sumus
758 613 1048 676 immutati,
1078 620 1132 667 et
1163 613 1278 682 ipsa
1309 614 1564 669 vaticinia
1593 615 1979 685 prophetarum
2075 615 2454 687 intelligentes,
2491 620 2854 688 cognitionem
2915 637 3096 675 veram
3159 623 3309 676 γριδὶ
3372 621 3573 679 Domini
3606 645 3728 685 acce-

536 707 740 780 pimus.
785 706 948 761 lidem
996 721 1096 761 nos
1143 708 1235 777 qui
1277 723 1467 764 sumus
1495 707 1808 778 Chananrei,
1863 711 2118 768 novimus
2156 717 2316 781 atque
2347 713 2713 768 intelleximus
2737 729 2799 768 ea
2837 730 2956 784 quae
2980 715 3254 769 dicuntur.
3321 714 3441 770 Non
3504 730 3727 776 noverunt

536 809 719 856 autem
759 815 934 869 neque
983 797 1389 870 intellexerunt,
1457 803 1549 873 qui
1584 804 1806 859 nomine
1865 801 2032 859 Israel
2100 806 2425 876 gloriantur,
2466 816 2516 861 et
2571 807 2665 879 qui
2725 822 2908 863 semen
2954 810 3184 865 Abrahae
3207 811 3418 881 jactare
3481 828 3728 872 consueve-

535 903 684 949 runt.

733 1008 774 1060 Α
804 1006 1056 1062 Jeremia.
1085 1038 1152 1048 ——
1176 1007 1310 1062 Item
1337 1008 1400 1063 de
1425 1007 1572 1065 Iuda
1601 1010 1933 1064 nominatim.

2219 1011 2353 1067 Ἀπὸ
2372 1013 2476 1066 τοῦ
2492 1011 2982 1083 Ἰερεμίου.--Ἕτι
2998 1013 3130 1082 περὶ
3145 1014 3248 1068 τοῦ
3265 1015 3451 1069 Ἰούδα
3467 1018 3726 1089 ὀνομαστί.

610 1142 630 1174 ε
659 1122 953 1178 Peccatum
986 1121 1124 1177 Juda
1151 1123 1413 1193 scriptum
1436 1131 1520 1179 est
1545 1125 1684 1197 stylo
1715 1125 1890 1182 ferreo
1919 1126 1972 1180 in
2004 1143 2088 1181 unt

2293 1144 2310 1175 ι
2349 1125 2616 1198 Ἀμαρτία
2656 1127 2824 1181 Ἰούδα
2847 1128 3243 1200 γέγραπταικίω
3267 1132 3509 1202 γραφείῳ
3546 1134 3725 1207 σιδηρῷ,

531 1232 634 1285 gue
662 1217 1031 1280 adamantina,
1068 1223 1354 1268 exaratum
1377 1231 1541 1286 super
1558 1215 1896 1272 latitudinem
1922 1218 2088 1273 cordi:

2205 1220 2262 1271 ὲν
2283 1218 2434 1288 ὄνυχι
2457 1218 2819 1291 ἀδαμαντίνῳ,
2848 1219 3295 1294 ἐγκεκολαμμένη
3317 1223 3409 1275 ἐπὶ
3431 1223 3520 1276 τοῦ
3545 1227 3726 1296 στήθους

529 1308 668 1376 ejus,
709 1318 763 1361 et
815 1307 867 1360 in
923 1306 1183 1360 cornibus
1245 1306 1499 1362 altarium
1573 1318 1898 1362 vestrorum.
1967 1309 2088 1362 Cum

2202 1309 2303 1378 τῆς
2335 1309 2560 1380 καρδίας
2592 1309 2777 1375 αὑτοῦ,
2809 1311 2900 1364 καὶ
2948 1315 3058 1376 τοῖς
3107 1314 3298 1386 κέρασι
3344 1314 3452 1367 τῶν
3488 1315 3726 1391 θυσιαστη-

530 1399 800 1454 recordati
857 1397 1058 1453 fuerint
1117 1396 1212 1450 ﬁlii
1268 1413 1457 1452 eorum
1503 1413 1722 1453 ararum
1789 1416 2011 1454 suarum
2051 1413 2088 1454 e1

2205 1400 2336 1471 ρίων
2368 1401 2542 1472 ήμῶνδ
2585 1402 2776 1455 Ἡνίκα
2820 1403 3236 1474 ἀναμνησθῶσιν
3277 1406 3326 1458 οἱ
3373 1406 3475 1459 υἱοὶ
3505 1409 3657 1461 αὐτῶν
3676 1411 3725 1466 τὰ

530 1495 780 1546 lucorum
811 1505 1038 1545 suorum
1080 1490 1131 1544 in
1166 1491 1314 1560 ligno
1354 1491 1524 1545 denso
1549 1499 1604 1546 et
1637 1490 1693 1546 in
1739 1492 1971 1546 collibus
2007 1509 2104 1548 ex-

526 1585 713 1644 celsis.
751 1583 920 1638 robur
981 1591 1134 1636 tuum
1189 1592 1243 1637 et
1286 1598 1478 1638 omnes
1531 1583 1821 1640 thesauros
1864 1593 1990 1640 tuos
2046 1586 2101 1641 in

525 1677 885 1748 direptionem
917 1674 1082 1740 dabo,
1121 1685 1174 1731 et
1205 1677 1420 1730 excelsa
1445 1685 1536 1730 tua
1568 1676 1622 1730 in
1654 1687 1878 1746 peccato
1909 1677 1963 1732 in
1983 1693 2102 1732 omo

536 1768 708 1822 nibus
733 1765 934 1821 ﬁnibus
968 1770 1100 1830 tuis,
1128 1774 1182 1822 et
1212 1766 1514 1836 privaberis
1546 1775 1600 1822 et
1629 1768 2006 1823 bumiliaberis
2033 1770 2101 1824 ab

524 1855 864 1922 hzereditate,
898 1871 1061 1927 quam
1108 1856 1230 1911 dedi
1298 1857 1417 1922 tibi,
1459 1863 1515 1911 et
1568 1859 1898 1914 transferam
1949 1870 2000 1914 te
2031 1859 2099 1915 ad

526 1950 784 2005 inimicos
823 1949 946 2004 tuOs
982 1948 1038 2002 in
1066 1957 1266 2002 terram
1297 1965 1460 2019 quam
1493 1965 1601 2004 non
1628 1951 1810 2016 nosti;
1842 1953 2099 2021 quoniam

527 2043 672 2112 imis
703 2056 972 2096 accensus
1005 2049 1089 2093 est
1121 2040 1178 2095 in
1209 2040 1393 2096 furore
1424 2057 1565 2106 meo,
1605 2058 1779 2113 usque
1830 2043 1884 2096 in
1920 2059 2096 2098 szecu-

525 2133 637 2188 lum
665 2133 992 2188 ardebit3°a
1021 2131 1259 2189 Tametsi
1306 2135 1417 2189 haec
1449 2151 1556 2189 non
1588 2136 1728 2205 apud
1753 2134 1923 2200 LXX,
1955 2145 2098 2192 atta-

522 2243 646 2282 men
685 2229 739 2283 in
771 2227 1042 2283 Hebraico
1086 2229 1232 2282 nacti
1265 2236 1428 2299 atque
1459 2228 1514 2282 in
1557 2231 1892 2299 reliquorum
1930 2231 2098 2285 inter-

522 2327 738 2389 pretum
787 2319 1146 2382 editionibus,
1194 2319 1322 2374 item
1365 2319 1420 2372 in
1461 2319 1914 2390 exquisitioribus
1955 2336 2092 2392 quo-

521 2422 628 2478 que
663 2407 911 2479 ipsorum
966 2407 1109 2462 LXX
1151 2408 1562 2479 exemplaribus
1591 2425 1716 2465 cum
1747 2411 2091 2481 appositione

520 2501 884 2568 stcllularum,
923 2501 1087 2573 485
1120 2501 1435 2558 necessario
1461 2517 1526 2558 ea
1557 2504 1930 2574 apposuimus,
1975 2514 2097 2560 tan-

519 2609 684 2664 quam
717 2610 781 2650 ea
813 2611 934 2664 quae
957 2595 1280 2650 nominatim
1313 2596 1492 2666 ipsum
1536 2595 1874 2665 proditorem
1897 2595 2094 2651 Judam

519 2683 845 2754 signiﬁcent,
892 2693 948 2740 et
980 2693 1264 2755 peccatum
1311 2686 1456 2756 quod
1487 2687 1556 2740 ab
1600 2687 1692 2741 illo
1731 2688 2090 2743 commissum

518 2782 624 2836 est,
694 2774 810 2830 ﬁeri
861 2792 967 2831 non
1023 2792 1183 2846 posse
1228 2785 1286 2831 ut
1330 2793 1568 2847 unquam
1621 2779 1923 2834 aboleatur.
1979 2779 2092 2835 Hoc

516 2867 663 2922 enim
712 2868 846 2922 mihi
891 2868 1104 2923 videtur
1171 2869 1482 2938 signiﬁcare
1538 2870 1706 2927 illud:
1751 2891 1769 2924 ι
1800 2871 2090 2930 Peccatum

516 2955 654 3012 Iuda
690 2960 952 3028 scriptum
986 2967 1070 3014 est
1118 2961 1257 3031 stylo
1287 2959 1464 3016 ferreo
1509 2961 1563 3016 in
1607 2978 1787 3034 ungue
1830 2963 2091 3018 adaman-

517 3051 693 3102 ωηο.»
738 3049 1004 3130 Poterunt
1038 3049 1166 3104 item
1195 3049 1385 3105 referri
1435 3051 1500 3105 ad
1545 3052 1855 3107 universam
1901 3051 2089 3107 Judai-

516 3157 638 3196 cam
686 3153 924 3214 gentem,
976 3144 1177 3215 quibus
1240 3144 1499 3216 deinceps
1546 3146 1666 3216 ipso
1717 3146 1910 3202 ordine
1967 3155 2088 3217 post

516 3234 762 3304 ipsorum
808 3236 988 3291 scelus
1041 3236 1353 3301 indelebile,
1409 3247 1734 3305 extremam,
1773 3255 1895 3310 quae
1936 3239 2085 3310 ipsos

515 3329 772 3398 punitura
804 3336 906 3394 est,
937 3329 1233 3398 perniciem
1265 3331 1672 3395 intermittatur,
1715 3347 1836 3400 qua:
1865 3348 1973 3386 non
2002 3341 2086 3386 est

511 3437 660 3476 nunc
695 3421 971 3490 sigillatim
1027 3421 1094 3475 ad
1135 3421 1362 3476 verbum
1403 3421 1796 3492 interpretandi
1846 3431 2079 3491 tempus.

514 3512 617 3568 Sed
651 3514 872 3584 quando
904 3523 1012 3567 tam
1049 3515 1220 3569 multa
1250 3514 1519 3570 hactenus
1548 3515 1616 3571 de
1649 3531 1734 3583 eo,
1765 3515 1860 3586 qui
1892 3512 2083 3569 Salva-

511 3613 682 3660 torem
719 3621 782 3660 ac
812 3605 1098 3661 Dominum
1129 3615 1377 3662 nostrum
1412 3616 1531 3662 erat
1562 3608 1896 3678 proditurus,
1931 3607 2085 3660 aliis-

512 3714 618 3768 que
665 3698 759 3768 qui
816 3699 893 3752 illi
943 3699 1173 3755 insidias
1203 3699 1400 3754 facturi
1432 3709 1610 3762 erant,
1644 3699 1909 3756 divinitus
1937 3714 2077 3770 pra:-

512 3791 658 3844 tlicta
709 3792 1098 3860 exposuimus:
1154 3801 1373 3862 tempus
1416 3793 1528 3862 jatn
1581 3791 1748 3846 fuerit
1801 3808 1925 3862 qua:
1973 3792 2080 3848 sub

512 3884 687 3952 ipsam
745 3883 989 3949 ejusdem
1039 3885 1351 3954 passionem
1407 3891 1672 3940 eventura
1733 3884 1972 3949 fuerunt,
2023 3895 2084 3940 ut

513 3978 642 4032 item
692 3975 961 4031 divinitus
993 3993 1088 4046 per
1127 3978 1417 4048 prophetas
1463 3961 1783 4035 denuntiata
1827 3983 1957 4048 sint,
1994 3985 2080 4036 in-

511 4069 669 4123 tueri.
1566 4063 1571 4072 ’

509 4183 586 4235 Ab
617 4183 797 4236 Amos.
829 4212 899 4222 —
931 4180 1006 4235 De
1033 4182 1160 4235 solis
1186 4182 1408 4255 defectu,
1438 4186 1526 4255 qui
1548 4185 1603 4238 in
1633 4186 1749 4254 ipsa
1780 4184 2079 4242 Saluatoris

577 4255 746 4336 nostri
774 4255 1050 4336 .passionc
1090 4253 1322 4321 accidit,
1373 4266 1422 4309 et
1450 4253 1535 4310 'de
1568 4253 1805 4313 extremo
1834 4255 2080 4313 Judaica:

575 4333 741 4393 gentis
768 4333 1002 4378 interitu.

579 4520 598 4554 ι
635 4499 790 4556 Jurat
821 4502 1083 4560 Dominus
1129 4505 1182 4558 in
1242 4503 1554 4574 superbiam
1592 4501 1783 4570 Jacoh,
1837 4506 1897 4562 si'
1939 4506 2078 4561 obli-

503 4593 740 4649 viscetur
773 4595 826 4648 in
863 4595 1146 4650 victoriam
1191 4597 1376 4650 omnia
1407 4613 1572 4668 opera
1599 4606 1801 4661 vestra,
1832 4604 1886 4652 et
1915 4614 2078 4668 super

502 4687 591 4742 his
617 4703 728 4742 non
757 4687 1065 4743 turbabitur
1092 4696 1271 4754 terra,
1309 4697 1362 4745 et
1401 4691 1607 4760 lugebit
1644 4691 1823 4745 omnis
1853 4691 1945 4760 qui
1979 4691 2077 4746 ha-

503 4779 640 4833 bitat
663 4779 718 4832 in
748 4794 832 4846 ea,
862 4787 916 4835 et
948 4780 1206 4836 ascendet
1232 4782 1390 4854 quasi
1417 4782 1616 4838 fluvius
1647 4780 2072 4845 consummatio,

2205 1493 2563 1567 θυσιαστήρια
2611 1495 2809 1560 αὐτῶν,
2840 1497 2932 1549 καὶ
2973 1495 3043 1549 τά
3081 1497 3214 1569 ἄλση
3263 1498 3443 1552 αὐτῶν
3480 1500 3562 1554 ἐπὶ
3603 1501 3723 1566 ξύλου

2201 1587 2388 1652 δασέος
2411 1627 2425 1652 ,
2475 1589 2566 1642 καὶ
2607 1589 2698 1642 ἐπὶ
2746 1587 2948 1658 βουνῶν
2996 1589 3305 1662 μετεώρων,
3340 1591 3488 1661 ἰσχύν
3534 1610 3614 1646 σου
3654 1596 3724 1650 καὶ

2203 1681 2409 1744 πάντας
2435 1684 2561 1745 τοὺς
2604 1681 2908 1754 θησαυρούς
2931 1698 3024 1734 σου
3058 1685 3137 1745 είς
3172 1684 3449 1754 προνομὴν
3475 1683 3629 1750 δώσω,
3654 1689 3723 1740 καὶ

2201 1773 2269 1828 τὰ
2290 1773 2470 1845 ὑψηλά
2491 1791 2584 1826 σου
2613 1775 2670 1828 ὲν
2695 1775 2937 1846 ἁμαρτίᾳ
2962 1777 3018 1827 ὲν
3046 1776 3178 1828 πᾶσι
3203 1779 3314 1838 τοῖς
3336 1775 3499 1846 ὁρίοις
3522 1793 3620 1830 σου.
3642 1780 3724 1832 Kal

2201 1868 2566 1940 ἀφαιρεθήσῃ,
2595 1869 2690 1921 καὶ
2721 1868 3098 1940 ταπεινωθήσῃ
3126 1868 3233 1921 ἀπὸ
3263 1868 3368 1937 τῆς
3392 1868 3720 1939 κληρονομίας,

2198 1957 2266 2034 ἦς
2298 1961 2473 2015 ἐδωκά
2501 1978 2605 2025 σοι,
2643 1962 2736 2014 καί
2765 1959 3007 2014 ἀναϐιϐῶ
3033 1978 3091 2013 σε
3122 1963 3180 2014 ὲν
3203 1962 3318 2024 τοῖς
3355 1961 3557 2032 ἐχθροῖς
3582 1979 3657 2016 σου
3678 1965 3722 2017 ὲν

2197 2059 2265 2128 τῇ
2313 2059 2405 2127 γῇ,
2440 2057 2506 2127 ἢν
2550 2056 2649 2108 οὐκ
2691 2054 2891 2123 ἔγνωςο
2935 2055 3017 2108 ὅτι
3060 2054 3170 2123 πῦρ
3213 2055 3539 2109 ἐκκέκαυται
3583 2058 3630 2108 ὲν

2199 2151 2355 2222 θυμῷ
2385 2168 2508 2222 μου,
2533 2149 2638 2210 ἓως
2660 2149 2852 2212 αἰῶνος
2879 2149 3230 2220 καυθήσεται.
3267 2168 3288 2200 ι
3323 2150 3384 2202 Εἰ
3411 2150 3501 2202 καὶ
3525 2151 3588 2221 μὴ
3609 2151 3721 2222 παρὰ

2197 2250 2308 2308 τοῖς
2337 2244 2752 2315 Ἐϐδομήκοντα,
2783 2242 2894 2295 ἀλλ’
2911 2237 3002 2295 οὗν
3029 2244 3084 2296 ὲν
3107 2241 3184 2313 τῷ
3208 2242 3479 2312 Ἑϐραῖκῷ
3494 2241 3640 2296 ταῦτα
3652 2243 3722 2294 εὑ·

2199 2339 2399 2410 ρόντες,
2419 2337 2512 2390 καὶ
2533 2339 2590 2391 ἐν
2611 2338 2731 2400 ταῖς
2745 2336 2853 2388 τῶν
2869 2335 3070 2389 λοιπῶν
3101 2334 3452 2406 ὲρμηνευτῶν
3476 2335 3718 2396 ὲκδόσεσιν,

2202 2431 2281 2485 ἔτι
2325 2432 2430 2503 μὴν
2468 2429 2606 2502 μετά
2649 2428 3002 2502 παραθέσεως
3046 2427 3388 2498 ἀστερίσκων
3427 2429 3516 2480 καὶ
3553 2429 3603 2479 ὲν
3636 2429 3720 2489 τοῖς

2200 2523 2452 2597 ἀκριϐέσι
2483 2523 2593 2579 τῶν
2635 2521 2786 2594 παρά
2820 2524 2933 2585 τοῖς
2975 2520 3378 2591 Ἐϐδομὴκοντα
3405 2520 3717 2590 ἀντιγράφοις,

2200 2618 2511 2688 ἀναγκαίως
2547 2615 2687 2670 αὐτὰ
2732 2613 3101 2687 παρεθέμεθα,
3130 2613 3225 2667 ἅτε
3262 2614 3359 2666 καὶ
3385 2612 3620 2682 ὀνομαστὶ
3652 2611 3718 2664 τὸν

2200 2712 2465 2784 προδότην
2533 2709 2700 2763 Ἰούδα
2752 2707 3033 2781 δηλοῦντα,
3087 2706 3181 2760 καὶ
3230 2706 3332 2777 τὴν
3382 2704 3717 2777 πεπραγμένην

2198 2805 2344 2877 αὐτῷ
2369 2804 2644 2876 ἁμαρτίαν
2668 2801 3049 2867 ἀνεξάλειπτον
3072 2795 3212 2854 εἶναι
3236 2799 3563 2852 διδάσκοντα.
3586 2795 3717 2849 Τοῦτο

2197 2899 2306 2972 γὰρ
2348 2888 2678 2954 αἰνίττεσθαί
2729 2911 2817 2966 μοι
2855 2893 3004 2946 δοκεῖ
3049 2892 3129 2955 τὸ,
3187 2910 3206 2944 ι
3280 2891 3536 2962 Ἀμαρτία
3585 2887 3714 2943 Ἰούδα

2196 2993 2567 3063 ἐγγέγραπται
2616 2991 2672 3042 ὲν
2718 2987 2966 3060 γραφείῳ
3010 2985 3232 3057 σιδηρῷ,
3269 2988 3328 3038 ὲν
3355 2985 3498 3054 ὄνυχι
3526 2983 3715 3053 ἀδαμαν-

2192 3091 2344 3156 τίνῳ.
2386 3105 2404 3136 ι
2443 3083 2542 3156 Εἴη
2574 3082 2617 3135 δ’
2653 3081 2718 3136 ἀν
2763 3082 2855 3135 καὶ
2902 3080 2994 3133 ἐπὶ
3041 3081 3150 3132 πᾶν
3184 3071 3246 3131 τὸ
3307 3077 3562 3132 Ἰουδαίων
3599 3075 3713 3138 ἔθνος

2194 3176 2595 3249 ἀναφερόμενα,
2622 3169 2703 3238 οἷς
2734 3173 2860 3244 ἑξῆς
2900 3173 2994 3226 καὶ
3020 3170 3330 3235 ἀκολούθως
3358 3170 3488 3242 μετά
3511 3169 3599 3240 τὴν
3620 3169 3713 3220 ἀνε-

2195 3271 2476 3335 ξάλειπτον
2525 3267 2702 3322 αὐτῶν
2749 3265 3001 3319 ἀσέϐειαν
3047 3265 3138 3319 τὸν
3194 3264 3514 3335 μετελθόντα
3556 3260 3711 3322 αὐτοὺς

2192 3364 2418 3434 ἔσχατον
2465 3361 2686 3432 ὄλεθρον
2734 3361 2981 3414 ἀπειλεῖ·
3037 3359 3178 3429 ἅπερ
3228 3358 3371 3412 κατὰ
3415 3357 3547 3422 λέξιν
3574 3357 3710 3426 ἑρμη-

2192 3457 2365 3512 νεύειν
2397 3456 2459 3508 ού
2488 3454 2583 3508 τοῦ
2627 3453 2894 3525 παρόντος
2917 3451 3175 3522 τυγχάνει
3207 3450 3423 3523 καιροῦ.
3471 3449 3608 3502 Ἀλλά
3629 3446 3709 3516 γὰρ

2189 3548 2456 3604 τοσούτων
2483 3546 2609 3618 περὶ
2640 3545 2733 3598 τοῦ
2763 3542 3057 3616 προδώσειν
3089 3543 3372 3615 μέλλοντος
3410 3542 3494 3595 τὸν
3525 3538 3708 3609 Σωτῆρα

2190 3642 2285 3696 καὶ
2315 3639 2518 3712 Κύριον
2547 3637 2722 3710 ἡμῶν,
2769 3637 2877 3690 τῶν
2926 3653 2986 3689 τε
3019 3636 3193 3699 ἄλλως
3234 3632 3708 3689 ἐπιϐεϐουλευκότων

2107 3747 2149 3805 (ς
2186 3734 2333 3806 αὐτῷ
2362 3729 2954 3805 προαναφωνηθέντων,
2994 3729 3184 3800 καιρὸς
3228 3729 3358 3782 ἰδεῖν
3391 3729 3480 3782 καὶ
3504 3726 3565 3780 τὰ
3597 3724 3707 3795 ἀμφὶ

2183 3828 2244 3881 τὸ
2301 3826 2474 3889 πάθος
2530 3823 2697 3877 αὑτοῦ
2761 3822 3021 3894 μέλλοντα
3079 3820 3450 3892 συμϐήσεσθαι
3497 3815 3706 3880 θεσπιζόο

2187 3935 2340 3990 μενα.

2194 4189 2336 4245 Ἀπὸ
2355 4188 2457 4243 τοῦ
2483 4187 2765 4258 Ἀμὼςσέ-
2776 4189 2914 4257 Περὶ
2932 4188 3044 4256 τῆς
3062 4188 3390 4256 ἐκλείψεως
3415 4187 3514 4242 τοῦ
3539 4185 3700 4252 ἡλίου,

2251 4259 2364 4334 τῆς
2392 4261 2490 4313 ἐπὶ
2525 4258 2605 4334 τῷ
2641 4257 2814 4334 πάθει
2867 4260 2973 4334 τοῦ
3011 4259 3278 4334 Σωτῆρος
3315 4259 3475 4334 madiy
3503 4271 3701 4334 τετεγης

2244 4331 2458 4400 μένης,
2501 4330 2601 4384 καὶ
2638 4330 2772 4398 περὶ
2818 4330 2923 4385 τοῦ
2964 4329 3301 4396 παντελοῦς
3345 4328 3574 4398 ὀλέθρου
3617 4328 3700 4378 τοῦ

2262 4403 2557 4457 Ἰουδαίων
2581 4401 2814 4468 ἔθνους.

2255 4514 2274 4548 ι
2320 4493 2540 4565 Ὀμνύει
2583 4493 2788 4565 Κύριος
2831 4491 2972 4546 κατὰ
3015 4493 3392 4564 ὑπερηφανίας
3436 4487 3629 4552 Ἰακὼϐ,
3661 4484 3698 4537 ει

2174 4586 2597 4659 ἐπιλησθήσεται
2641 4588 2721 4650 εἰς
2763 4589 2910 4650 νῖκος
2939 4587 3113 4640 πάντα
3145 4586 3213 4640 τά
3254 4585 3387 4658 ἔργα
3428 4578 3589 4656 ὑμῶν,
3627 4579 3697 4632 καὶ

2177 4679 2268 4732 ἐπὶ
2299 4677 2505 4742 τούτοις
2540 4678 2600 4730 ού
2623 4676 3022 4749 ταραχθήσεται
3054 4679 3087 4747 ἡ
3118 4677 3212 4747 γῆ,
3240 4679 3332 4731 καὶ
3359 4675 3590 4746 πενθήσει
3613 4670 3696 4730 πᾶς

2177 4774 2204 4826 ὁ
2233 4771 2501 4826 κατοικῶν
2535 4774 2592 4826 ὲν
2637 4773 2796 4843 αὐτῇ,
2829 4772 2921 4825 καὶ
2959 4771 3288 4844 ἀναϐήσεται
3319 4771 3394 4834 ὡς
3430 4764 3641 4836 ποταμὸς
3670 4761 3696 4830 ἡ

499 4878 556 4925 et
584 4869 878 4925 descendet
923 4871 1082 4942 quasi
1139 4871 1338 4928 ﬂuvius
1372 4871 1618 4944 Egypti,
1663 4880 1717 4927 et
1767 4871 1869 4926 erit
1899 4871 1954 4925 in
1987 4871 2075 4927 die

2191 4864 2473 4928 συντέλεια,
2517 4864 2610 4918 καὶ
2648 4865 3015 4936 καταϐήσεται
3046 4863 3120 4928 ὡς
3163 4864 3402 4936 ποταμὸς
3439 4859 3693 4930 Αἰγύπτου.

502 4960 616 5026 illa,
647 4961 784 5017 dicit
810 4961 1096 5028 Dominus,
1132 4965 1343 5019 occidet
1374 4965 1453 5020 sol
1489 4965 1544 5018 in
1573 4964 1815 5028 meridie,
1837 4971 1890 5018 et
1921 4963 2075 5019 obte-

2191 4958 2285 5011 Καὶ
2319 4957 2470 5010 ἕσται
2510 4959 2567 5011 ὲν
2599 4956 2783 5030 ἐκείνῃ
2806 4961 2872 5029 τῇ
2902 4959 3115 5029 ἡμέρᾳ,
3147 4958 3290 5026 λέγει
3337 4956 3541 5028 Κύριος,
3569 4951 3692 5005 δύσε-

495 5056 820 5112 nebrabitur
848 5073 1015 5128 super
1045 5068 1244 5113 terram
1278 5058 1332 5112 in
1363 5058 1450 5112 die
1478 5058 1568 5112 lux
1594 5098 1609 5122 ,
1669 5064 1722 5113 et
1760 5063 2071 5112 convertam

2191 5067 2264 5104 ται
2294 5051 2322 5102 ὁ
2348 5049 2496 5120 ἣλιος
2531 5049 2896 5122 μεσημϐρίας,
2930 5050 3021 5102 καὶ⁸
3052 5049 3368 5102 συσκοτάσει
3397 5049 3483 5101 ἐπὶ
3508 5045 3595 5115 τῆς
3613 5041 3692 5110 γῆς

497 5148 764 5204 solemnia
797 5157 980 5204 vestra
1015 5149 1069 5203 in
1101 5148 1326 5215 luctum,
1361 5157 1413 5202 et
1437 5149 1618 5202 omnia
1646 5148 1858 5202 cantica
1891 5154 2072 5201 vestra

2191 5146 2234 5195 iv
2262 5114 2441 5214 ἡμέρᾳ
2469 5114 2544 5196 τὸ.
2563 5114 2693 5212 φῶςῖ
2724 5114 2834 5196 Καὶ
2859 5141 3214 5213 μεταστρέψω
3248 5141 3346 5204 τὰς
3365 5139 3542 5211 ἑορτὰς
3569 5130 3692 5203 ὑμῶν

494 5240 552 5296 in
583 5242 915 5306 lamentum,
950 5253 1004 5298 et
1052 5242 1306 5298 inducam
1354 5257 1518 5311 super
1564 5255 1780 5296 onmem
1827 5239 2069 5294 lumbum

2191 5237 2256 5298 εἰς
2287 5233 2499 5300 πένθος,
2542 5235 2635 5288 καὶ
2669 5234 2848 5298 πάσας
2887 5234 2986 5298 τάς
3019 5234 3162 5306 ᾠδὰς
3206 5233 3357 5306 ὑμῶν
3400 5235 3474 5295 εἰς
3499 5227 3688 5301 θρῆνον·

492 5346 740 5398 saccum,
779 5345 832 5390 et
871 5351 1036 5406 super
1065 5351 1229 5390 omne
1265 5341 1427 5405 caput
1456 5334 1747 5399 calvitiem,
1782 5341 1836 5388 et
1874 5349 2069 5403 ponam

2191 5328 2269 5382 καὶ
2291 5326 2530 5382 ἀναϐιϐῶ
2563 5327 2654 5380 ἐπὶ
2685 5328 2861 5380 πᾶσαν
2890 5327 3058 5396 ὀσφὺν
3085 5327 3304 5393 σάκκον,
3330 5325 3418 5380 καὶ
3443 5323 3524 5378 ἐπὶ
3548 5319 3689 5372 πᾶσαν

491 5441 618 5483 eum
649 5435 911 5498 tanquam
936 5429 1141 5483 luctum
1179 5427 1388 5492 dilecti,
1427 5433 1480 5482 et
1508 5428 1599 5498 qui
1628 5441 1751 5481 cum
1783 5441 1849 5481 eo
1873 5425 2073 5480 fuerint

2191 5417 2413 5490 ιεφαλὴν
2475 5415 2848 5489 φαλάκρωμα·
2907 5417 3000 5470 καὶ
3046 5416 3279 5489 θήσομαι
3331 5415 3482 5470 αὑτὸν
3536 5411 3688 5477 ὥσπερ

495 5525 754 5588 tanquam
789 5521 930 5576 diem
964 5521 1208 5576 doloris:
1234 5534 1361 5575 ecce
1383 5506 1780 5585 dies'veniunt,
1812 5517 1942 5572 dicit
1967 5515 2074 5572 Do-

2191 5513 2366 5577 τὲνθος
2402 5509 2686 5582 ἀγαπητοῦ
2707 5550 2720 5574 ,
2755 5510 2850 5562 καὶ
2875 5510 3002 5574 τοὺς
3050 5512 3167 5582 μετ’
3198 5509 3360 5565 αὑτοῦ
3400 5509 3470 5571 ὼς
3515 5501 3687 5602 ἡμέραν

495 5608 698 5673 minus,
753 5619 806 5665 et
846 5611 1053 5666 mittam
1113 5611 1308 5667 famem
1349 5616 1404 5665 in
1458 5619 1695 5676 terram,
1726 5624 1836 5664 non
1872 5607 2069 5663 famem

2191 5605 2381 5677 ιδύνης.
2442 5603 2570 5656 Ἰδοὺ
2610 5601 2810 5673 ἡμέραι
2855 5601 3136 5673 ἔρχονται,
3173 5602 3317 5673 λέγει
3356 5600 3572 5671 Κύριος,
3611 5600 3683 5646 καὶ

491 5701 672 5772 panis,
703 5717 876 5773 neque
914 5705 1063 5758 sitim
1095 5718 1268 5774 aquae,
1299 5702 1394 5758 scd
1427 5702 1622 5761 famem
1659 5700 1914 5759 audiendi
1948 5714 2072 5757 ver-

2191 5695 2510 5764 ;ξαποστελῶ
2535 5694 2693 5768 λιμὸν
2719 5695 2811 5749 ἐπὶ
2837 5693 2936 5768 τὴν
2973 5696 3094 5769 γῆν,
3135 5696 3195 5750 οὐ
3225 5694 3375 5767 λιμὸν
3403 5692 3569 5763 ἄρτου,
3588 5678 3681 5737 οὐδὲ

561 5880 604 5909 ⁸⁸
645 5878 752 5934 Jer.
788 5884 896 5933 xvn
923 5919 936 5945 ,
974 5879 1080 5934 ι-ι.
