3938 6516
194 406 287 461 753

1057 416 1711 476 DEMONSTRATIONI‘S
1760 420 2217 477 EVANGELlCIE
2258 418 2387 475 LIB.
2431 419 2499 475 Χ.
2544 434 2545 437 ‘

3312 425 3417 481 754

191 521 337 591 δίψαν
372 520 582 589 ὕδατος,
616 525 747 580 ἀλλὰ
780 528 932 600 λιμὸν
958 531 1053 584 τοῦ
1077 532 1309 587 ἀκοῦσαι
1339 534 1494 603 λόγον
1525 537 1750 610 Κυρίου.

1854 540 1983 593 bum
2011 535 2245 603 Domini,
2263 545 2318 592 et
2341 536 2825 597 commovebuntur
2850 552 3003 608 aqua:
3032 553 3063 592 a
3086 538 3221 592 mari
3244 553 3418 608 usque

190 612 287 665 Kal
316 612 737 686 σαλευθήσονται
779 618 945 674 ὕδατα
977 622 1084 676 ἀπὸ
1116 623 1392 698 θαλάσσης
1422 626 1524 691 ἕως
1556 626 1752 682 θαλάσ-

191 720 297 774 σης,
330 704 429 758 καὶ
467 706 575 759 ἀπὸ
623 708 794 781 βορρᾶ
839 712 943 776 ἕως
987 714 1260 770 ἀνατολῶν
1293 718 1751 790 περιδραμοῦνται

189 796 466 866 ζητοῦντες
489 799 579 853 τὸν
601 800 756 871 λόγον
774 805 998 877 Κυρίου,
1027 809 1118 863 καὶ
1147 810 1208 863 ού
1238 811 1311 882 μὴ
1343 811 1560 884 εὕρωσι.
1593 833 1611 865 ι
1642 814 1751 886 Τὴν

188 890 317 941 κατὰ
348 890 446 943 τοῦ
480 893 733 965 Σωτῆρος
762 896 917 968 ήμῶν
944 899 1101 971 ὕϐριν
1128 903 1220 955 καὶ
1257 904 1627 975 ὑπερηφανίαν
1658 907 1750 965 καὶ

187 982 567 1051 ἐπανάστασιν,
616 987 682 1059 ἢν
709 991 1083 1064 ἐπανέστησαν
1105 996 1251 1068 αὐτῷ
1271 998 1319 1049 οἱ
1340 999 1405 1051 ἐκ
1430 999 1747 1070 περιτομῆς,

188 1073 507 1139 θεσπίζουσα
537 1082 569 1149 ή
602 1082 850 1151 παροῦσα
883 1085 1186 1155 προφητεία
1208 1130 1221 1153 ,
1253 1090 1480 1158 ὀμνύναι
1522 1092 1612 1145 τὸν
1642 1092 1751 1145 Κύ-

189 1168 288 1238 ριόν
312 1187 449 1240 φησι
479 1172 598 1225 καθ’
622 1173 996 1247 ὑπερηφανίας
1021 1180 1230 1245 Ἰακὼϐ,
1262 1181 1337 1245 ὡς
1366 1184 1425 1237 ού
1445 1183 1517 1256 μὴ
1544 1184 1752 1255 γένοιτο

184 1259 307 1331 λήθη
339 1262 454 1315 τῶν
488 1264 608 1317 κατ’
638 1265 803 1319 αὐτοῦ
844 1269 1261 1342 τετολμημένων
1299 1274 1512 1341 αὐτοῖς,
1548 1277 1639 1329 καὶ
1670 1277 1751 1330 ὅτι

184 1353 405 1418 πένθους
455 1355 579 1421 ἄξια
618 1358 860 1413 πείσεται
902 1363 933 1432 ή
996 1364 1064 1434 γῆ
1101 1363 1278 1418 αὐτῶν
1325 1366 1462 1437 μετὰ
1506 1368 1597 1421 καὶ
1642 1368 1751 1421 τῶν

182 1448 495 1519 οἰκητόρων,
529 1452 621 1503 καὶ
652 1452 732 1504 ὅτι
761 1453 937 1508 οὐκέθ’
966 1456 1040 1520 ὡς
1072 1458 1131 1510 τὸ
1162 1458 1288 1528 πρὶν
1315 1462 1392 1523 εἰς
1421 1459 1593 1531 βραχὺ
1626 1479 1751 1514 παι-

181 1539 452 1606 δευθέντες
485 1538 639 1609 αὖθις
664 1545 1291 1620 ἀποκατασταθήσονται,
1322 1551 1434 1605 ἀλλ’
1469 1555 1548 1616 είς
1565 1554 1750 1606 συντέ-

181 1633 313 1687 λειαν
360 1636 434 1689 τὰ
482 1638 601 1691 κατ’
647 1640 843 1704 αὐτοὺς
880 1640 1017 1711 ἥξει.
1068 1662 1084 1694 ι
1127 1644 1475 1715 Ἀναϐήσεται
1531 1646 1693 1714 γοῦν,
1724 1664 1742 1697 ι

181 1731 351 1798 φησὶν,
387 1747 408 1781 ι
432 1731 507 1793 ὡς
536 1732 779 1803 ποταμὸς
806 1736 838 1805 ή
870 1734 1147 1789 συντέλεια
1181 1736 1413 1800 atticum,»
1447 1737 1547 1809 τὴν
1592 1737 1750 1791 ἐπελ-

181 1820 367 1874 θοῦσαν
402 1822 585 1887 αὐτοῖς
617 1824 720 1876 οὐδ’
753 1824 938 1878 ἄλλοτε
966 1826 998 1897 ἢ
1032 1826 1170 1879 κατὰ
1199 1827 1299 1899 τὴν
1339 1829 1621 1899 Ῥωμαίων
1653 1827 1749 1897 βα-

181 1913 375 1981 σιλείαν
401 1915 592 1987 ὀργήν,
624 1917 865 1988 ποταμὸν
890 1918 1291 1990 ἀναϐησόμενον
1316 1922 1402 1974 ἐπ’
1431 1921 1646 1986 αὐτοὺς,
1672 1908 1747 1986 ὡς

181 2008 230 2057 ἰν
258 2005 382 2075 iniec
417 2007 478 2059 τὸ
519 2010 647 2080 πρὶν
694 2009 884 2076 ὄντας,
931 2012 1313 2084 αἰνιττόμενος.
1347 2013 1453 2067 Καὶ
1494 2014 1558 2085 δὴ
1608 2012 1745 2085 μετά

179 2097 265 2168 τὴν
292 2098 628 2170 δηλωθεῖσαν
658 2104 777 2157 κατ’
804 2103 983 2156 αὐτῶν
1013 2107 1077 2159 ἐκ
1099 2105 1191 2159 τοῦ
1209 2106 1343 2159 Θεοῦ
1375 2106 1559 2178 ὀργῆν,
1589 2105 1745 2169 αὖθις

178 2190 238 2243 τὰ
284 2193 406 2244 κατ’
437 2192 635 2257 αὐτοὺς
675 2194 995 2266 πράγματα,
1030 2215 1048 2247 ι
1085 2196 1160 2260 ὡς
1200 2198 1461 2268 ποταμὸς,
1501 2216 1518 2246 ι
1560 2198 1741 2266 φησιν,

184 2300 202 2335 t
232 2281 509 2350 Αἰγύπτου
538 2284 935 2357 καταϐήσεταιι
964 2306 981 2338 ι
1011 2287 1075 2340 δι’
1120 2282 1193 2341 ὧν
1236 2284 1387 2359 οἶμαι
1434 2286 1742 2358 δηλοῦσθαι,

178 2373 249 2427 ὃτι
288 2374 358 2428 τὰ
400 2374 567 2429 πάλαι
613 2377 864 2447 μετέωρα
902 2379 993 2432 καὶ
1032 2379 1179 2451 παρά
1221 2378 1337 2450 Θεῷ
1384 2381 1743 2451 τετιμημένα,

179 2468 264 2521 καὶ
290 2467 484 2540 ὥσπερ
511 2472 568 2523 ὲν
600 2470 723 2541 ὕψει
755 2472 983 2543 κείμενα
1014 2474 1455 2545 πλεονεκτήματα
1483 2475 1576 2528 τοῦ
1613 2476 1743 2528 Ἰου⁹

181 2560 331 2615 δαίων
361 2561 566 2627 ἔθνους,
597 2564 756 2633 ὃμοια
784 2567 894 2628 τοῖς
918 2568 1159 2636 ρευστοῖς
1186 2566 1277 2619 καὶ
1310 2566 1467 2637 δίκην
1498 2566 1743 2638 ποταμοῦ

180 2654 576 2725 ’παρατρέχουσι
604 2655 709 2707 τῶν
754 2656 996 2709 ἀπίστων
1028 2656 1193 2709 ἐθνῶν
1239 2658 1526 2728 πράγμασι
1575 2676 1743 2721 κατα-

183 2746 451 2816 στήσεται,
477 2747 569 2815 ἀφ’
591 2746 757 2817 ὕψους
780 2765 840 2800 τε
868 2750 945 2811 είς
967 2747 1220 2801 ταπεινὸν
1253 2752 1741 2823 περιτραπήσεται.

182 2831 283 2889 Εἶθ’
324 2837 448 2908 ἑξῆς
479 2839 689 2901 τούτοις
726 2838 863 2893 αύτά
895 2839 955 2910 δὴ
988 2838 1054 2893 τὰ
1091 2841 1235 2910 ἀμφὶ
1280 2841 1369 2895 τὸν
1413 2843 1601 2914 καιρὸν
1651 2846 1744 2898 τοῦ

183 2932 440 3003 σωτηρίου
474 2931 679 2996 πάθους
712 2931 1089 3003 συμῦεὸηκότα
1115 2932 1309 3005 δηλῶν
1340 2951 1359 2985 ι
1391 2935 1476 2987 Ἐν
1505 2935 1739 3007 ὲκείνῃ,»

183 3023 329 3091 φησὶ,
358 3042 375 3073 ί
398 3026 462 3094 τῇ
494 3025 699 3095 ἡμέρᾳ,
733 3024 881 3093 λέγει
905 3024 1127 3096 Κύριος,
1146 3026 1363 3080 δύσεται
1400 3029 1428 3080 ὁ
1458 3027 1604 3098 ἦλιος
1646 3044 1744 3099 με-

182 3112 466 3184 σημϐρίας,
496 3116 589 3169 καὶ
623 3118 944 3173 συσκοτάσει
977 3117 1068 3169 ἐπὶ
1098 3119 1197 3189 τῆς
1228 3120 1329 3189 γῆς
1366 3121 1423 3173 ὲν
1461 3122 1645 3192 ήμέρᾳ
1684 3122 1745 3173 τὸ

1852 630 1919 684 ad
1950 645 2117 692 mare.
2148 638 2202 685 et
2233 630 2302 685 ab
2328 629 2582 700 aquilone
2608 645 2780 700 usque
2818 630 2884 685 ad
2914 632 3180 686 orientem
3218 631 3418 687 circui-

1852 722 1989 778 bunt
2034 732 2338 793 quaarentes
2398 723 2620 778 verbum
2672 722 2922 787 Domini,
2975 734 3028 779 et
3091 740 3202 778 non
3261 721 3420 782 Inve-

1852 814 2004 867 nient
2036 813 2103 868 ⁸³.
2147 833 2165 865 ›
2199 812 2593 869 Contumeliam
2635 825 2690 869 et
2734 815 3042 885 superbiam
3084 823 3139 871 et
3179 816 3420 870 insolen-

1852 905 1983 961 tiam
2015 906 2277 961 adversus
2310 904 2643 959 Salvatorem
2680 913 2951 971 nostrum,
2985 922 3148 977 quam
3180 910 3234 960 in
3266 907 3421 961 illum

1851 998 2158 1052 evcitarunt
2196 996 2386 1063 Judaei,
2413 998 2528 1053 haec
2570 999 2850 1068 prophetia
2885 998 3207 1069 praedicens,
3233 998 3421 1067 jurat‘e

1851 1089 2137 1145 Dominum
2169 1090 2245 1144 ait
2297 1101 2485 1145 contra
2535 1092 2844 1162 superbiam
2897 1090 3083 1158 Jacob,
3117 1092 3283 1163 486
3308 1108 3420 1147 non

1850 1178 2087 1234 futuram
2110 1194 2230 1233 esse
2257 1178 2581 1235 oblivionem
2607 1196 2793 1236 eorum
2817 1222 2832 1247 ,
2868 1197 2987 1251 quae
3016 1189 3206 1237 contra
3241 1183 3420 1252 ipsum

1851 1272 1967 1327 ausi
1992 1272 2121 1336 sint,
2154 1270 2424 1342 dignaque
2457 1272 2606 1327 luctu
2640 1275 2780 1328 mala
2811 1291 3093 1346 passuram
3127 1292 3247 1332 esse
3271 1276 3421 1347 ipso-

1850 1376 1971 1415 rum
2023 1369 2241 1425 terram,
2292 1376 2399 1415 una
2428 1377 2552 1416 cum
2585 1362 3013 1430 habitatoribus,
3069 1381 3244 1435 neque
3277 1367 3419 1421 ultra

1850 1454 1991 1509 sicut
2044 1453 2215 1523 prius,
2255 1452 2347 1507 ubi
2407 1454 2644 1509 breviter
2672 1456 2947 1510 emendati
3011 1456 3234 1521 fuerint,
3296 1474 3419 1514 esso

1850 1546 2044 1601 iterum
2079 1545 2466 1611 restituendos,
2499 1545 2591 1602 sed
2621 1547 2676 1600 in
2713 1547 3260 1613 consummationem,
3299 1565 3421 1619 qua:

1848 1636 1915 1691 ad
1948 1636 2097 1706 ipsos
2128 1644 2395 1705 spectant,
2427 1653 2549 1693 esse
2581 1646 2829 1694 ventura.
2856 1658 2875 1689 ι
2913 1637 3192 1709 Siquidem
3229 1655 3422 1694 ascen-

1848 1725 1957 1792 det,
1991 1726 2186 1797 inquit,
2222 1735 2282 1782 ut
2310 1728 2505 1784 fluvius
2537 1731 2937 1786 consummatio
2966 1732 3207 1802 ipsorum
3242 1750 3255 1785 :
3292 1751 3310 1783 ι
3339 1733 3420 1787 sic

1850 1818 2037 1889 utique
2078 1820 2214 1875 iram
2265 1837 2385 1892 quae
2442 1823 2564 1878 illos
2617 1839 2727 1878 non
2776 1824 2912 1879 alias
2955 1839 3117 1894 quam
3160 1823 3420 1879 Romanis

1846 1913 2204 1983 regnantibus
2272 1914 2577 1979 invaserit,
2635 1931 2731 1985 per
2788 1914 3009 1969 ﬂuvium
3062 1930 3417 1971 ascensurum

1848 2019 2012 2074 super
2044 2020 2161 2071 eos,
2194 2006 2362 2061 veluti
2393 2007 2487 2078 qui
2518 2007 2672 2078 prius
2707 2007 2762 2061 in
2796 2008 3016 2063 sublimi
3048 2017 3415 2073 versarentur,

1847 2097 2184 2169 signiﬁcans.
2215 2097 2479 2169 Deinceps
2537 2107 2660 2170 post
2711 2099 2873 2165 hanc,
2928 2100 2995 2155 de
3046 2115 3155 2170 qua
3211 2099 3416 2153 dictum

1846 2200 1950 2257 est,
1982 2199 2171 2247 contra
2207 2191 2331 2247 illos
2375 2192 2677 2247 immissam
2720 2207 2750 2246 a
2782 2192 2889 2248 Deo
2928 2193 3085 2259 iram,
3122 2208 3315 2249 rursus
3346 2192 3417 2247 ad

1850 2283 1970 2339 illos
2000 2284 2304 2354 spectantia
2347 2285 2581 2353 negotia,
2615 2285 2964 2355 persequitur
2994 2305 3005 2339 :
3038 2302 3056 2336 ι
3098 2283 3168 2339 Ut
3198 2284 3415 2350 ﬂuvius,

1848 2374 2046 2443 inquit,
2086 2373 2310 2446 Egypti
2370 2374 2679 2430 descendet.
2723 2394 2741 2426 ι
2780 2374 2990 2440 Quibus
3017 2374 3198 2429 verbis
3251 2375 3419 2444 signi-

1847 2465 1995 2519 ficari
2034 2467 2288 2532 arbitror,
2338 2483 2457 2538 quae
2514 2468 2641 2522 olim
2693 2468 2944 2522 sublimia
2979 2477 3032 2521 et
3059 2466 3201 2537 apud
3251 2465 3433 2522 Deum.

1844 2560 2178 2616 venerabilia
2211 2559 2431 2626 fuerint,
2457 2568 2510 2615 et
2541 2575 2663 2630 qua:
2703 2562 2860 2629 quasi
2889 2562 2942 2615 in
2974 2559 3193 2614 sublimi
3228 2559 3435 2628 posita:

1845 2651 2085 2707 Judaica:
2122 2652 2300 2723 gentis
2358 2652 2720 2723 praelationes,
2753 2668 2817 2711 ea
2851 2651 3049 2706 similia
3082 2658 3135 2706 et
3175 2649 3415 2713 fluentis.

1846 2753 1901 2800 et
1954 2745 2121 2799 rebus
2170 2745 2448 2799 nationum
2506 2744 2610 2800 fide
2667 2744 3007 2809 carentium,
3060 2745 3206 2798 fluvii
3246 2745 3437 2799 instar

1847 2834 2176 2902 labentibus,
2210 2852 2331 2893 esse
2379 2836 2878 2903 constituenda,_ac
2921 2837 2988 2892 de
3031 2837 3335 2892 sublimiori
3362 2837 3417 2891 in

1848 2929 2079 2984 inferius
2127 2945 2247 2985 esse
2279 2928 2919 3001 praecipitanda.IDeinde
2971 2939 3093 3000 post
3147 2929 3261 2984 inec
3300 2930 3435 2999 ipsa.

1846 3038 1967 3092 qua:
2016 3022 2357 3086 dicta‘sunt,
2410 3022 2529 3092 ipso
2584 3022 2774 3077 ordine
2807 3038 2870 3077 ea
2923 3038 3044 3092 quae
3088 3022 3188 3077 sub
3240 3022 3419 3091 ipsum

1849 3114 2108 3171 salutaris
2169 3116 2441 3186 passionis
2476 3124 2691 3187 tempus
2743 3117 3055 3180 evenerint,
3117 3118 3415 3186 aperiens:

181 3207 369 3275 φῶςε»
402 3209 436 3262 ἃ
470 3210 563 3262 καὶ
602 3212 803 3282 ἐναργῆ
833 3211 931 3280 τὴν
968 3209 1190 3264 ἔκϐασιν
1235 3212 1475 3282 εἴληφεν,
1520 3214 1609 3266 ὅτε
1651 3214 1743 3267 τοῦ

1853 3222 1871 3254 ι
1911 3203 1969 3257 in
2003 3205 2115 3272 illo,
2150 3205 2346 3276 inquit,
2378 3206 2487 3274 die,
2518 3207 2653 3261 dicit
2688 3205 2971 3279 Dominus,
2997 3208 3211 3263 occidet
3250 3210 3332 3264 sol
3362 3207 3418 3262 in

182 3299 421 3372 Σωτῆρος
454 3302 611 3372 ἡμῶν
647 3301 952 3371 ύψωθέντος
972 3345 985 3367 ,
1030 3302 1173 3357 κατὰ
1204 3303 1295 3356 τὸν
1333 3304 1740 3376 εὐαγγελιστὴν,

187 3410 205 3443 ι
225 3392 330 3444 ἀπὸ
359 3392 522 3462 ἕκτης
546 3391 695 3463 ὥρας
723 3393 913 3456 σκότος
935 3393 1148 3462 ἐγένετο
1181 3393 1270 3445 ἐπὶ
1296 3395 1474 3449 πᾶσαν
1503 3394 1602 3466 τὴν
1641 3395 1743 3466 γῆν

182 3484 277 3548 ἕως
305 3484 448 3557 ὥρας
477 3486 737 3555 ὲννάτης·
788 3485 914 3555 περὶ
940 3485 996 3540 δὲ
1034 3486 1130 3555 τὴν
1172 3485 1397 3555 ὲννάτην
1457 3484 1604 3557 ὥραν
1651 3487 1743 3538 ἀν-

182 3575 399 3648 εϐόησεν
450 3579 478 3630 ὁ
549 3576 756 3645 Ἰησοῦς
803 3579 950 3647 φωνῇ
1006 3576 1250 3649 μεγάλῃ,
1314 3576 1518 3645 λέγων·
1560 3577 1740 3641 Ἠλεὶ,

195 3671 351 3734 Ἠλεὶ,
370 3670 564 3741 λαμμᾶ
580 3668 894 3740 σαϐαχθανί.
909 3688 927 3721 ›
954 3669 1167 3723 Τούτων
1196 3670 1252 3723 δὲ
1289 3670 1478 3724 τοῦτον
1494 3672 1733 3725 ἐπιτελε-

185 3763 411 3816 σθέντων
430 3762 522 3816 τὸν
540 3762 760 3833 τρόπον,
786 3759 911 3832 ἑξῆς
943 3761 1195 3830 ἐπιλέγει·
1226 3763 1364 3815 «Καὶ
1387 3764 1745 3835 μεταστρέψω

183 3851 273 3914 τὰς
302 3851 492 3923 ἑορτὰς
529 3850 685 3921 ὑμῶν
734 3854 811 3915 είς
844 3851 1063 3914 πένθος,
1102 3851 1193 3904 καὶ
1238 3852 1416 3916 πάσας
1457 3854 1556 3919 τὰς
1604 3854 1746 3926 ᾠδὰς

184 3943 328 4013 ὑμῶν
376 3946 456 4007 είς
510 3942 744 4015 θρῆνον
791 3944 885 3995 καὶ
932 3941 1173 3995 ἀναὸιόὦ
1202 3944 1294 3996 ἐπὶ
1347 3945 1527 3999 πᾶσαν
1570 3947 1745 4017 ὀσφὺν

186 4035 396 4100 σάκκον,
433 4036 526 4088 καὶ
560 4035 653 4087 ἐπὶ
704 4036 881 4088 πᾶσαν
932 4033 1169 4106 κεφαλὴν
1221 4027 1597 4110 (ραλτίικρῖυμα⁸
1654 4041 1747 4095 καὶ

184 4124 407 4195 θήσομαι
438 4126 600 4178 αὑτὸν
620 4164 635 4186 ,
679 4124 866 4195 ὥσπερ
913 4124 1107 4187 πένθος
1135 4125 1419 4198 ἀγαπητοῦ
1442 4168 1456 4190 ,
1490 4130 1584 4183 καὶ
1621 4132 1747 4195 τοὺς

188 4220 297 4287 μετ’
328 4215 512 4277 αὐτοῦ,
546 4217 622 4280 ὡς
651 4218 864 4288 ἡμέραν
905 4216 1111 4289 ὀδύνης.
1149 4218 1280 4273 Ἰδοὺ
1323 4221 1525 4293 ἡμέραι
1561 4221 1747 4292 ἔρχον-

183 4327 287 4373 ται,
305 4310 445 4378 λέγει
465 4309 689 4383 Κύριος,
722 4311 814 4363 καὶ
835 4308 1179 4373 ἐξαποστελῶ
1198 4310 1353 4382 λιμὸν
1387 4313 1479 4365 ἐπὶ
1507 4314 1606 4387 τὴν
1622 4314 1744 4385 γῆν,

184 4403 240 4455 οὐ
278 4403 428 4474 λιμὸν
466 4402 653 4473 ἄρτου,
700 4401 818 4454 οὐδὲ
851 4400 1008 4469 δίψαν
1044 4400 1250 4464 ὕδατος,
1285 4401 1417 4455 ἀλλά
1452 4402 1606 4473 λιμὸν
1652 4402 1746 4457 τοῦ

184 4491 400 4545 ἀκοῦσαι
420 4492 577 4561 λόγον
604 4491 827 4563 Κυρίου,
854 4509 871 4541 ι
896 4490 1073 4544 καὶτὰ
1090 4490 1236 4562 ἑξῆςε
1255 4492 1397 4565 ἅπερ
1413 4492 1646 4555 ἅπαντα,
1665 4494 1749 4549 διὰ

1846 3295 2095 3359 meridie,
2149 3303 2203 3351 et
2263 3296 2710 3359 obtenebrabitur
2748 3314 2913 3368 super
2958 3308 3158 3355 terram
3220 3299 3275 3353 in
3330 3298 3421 3353 die

1846 3390 1959 3450 lux,
1998 3404 2168 3459 rquaa
2223 3404 2355 3445 sane
2402 3390 2702 3446 evidentem
2754 3392 2958 3447 exitum
3019 3392 3211 3448 sortita
3269 3399 3419 3459 sunt,

1847 3489 1979 3535 tunc
2003 3496 2127 3535 cum
2164 3479 2448 3537 Salvatore
2482 3483 2537 3536 in
2569 3484 2737 3537 altum
2767 3484 3004 3548 sublato,
3037 3492 3098 3538 ut
3146 3492 3231 3538 est
3276 3482 3419 3553 apud

1845 3575 2233 3646 evangelistam
2256 3618 2270 3643 ,
2302 3594 2320 3627 ι
2361 3576 2406 3636 Α
2436 3584 2586 3633 sexta
2641 3577 2774 3633 hora
2806 3578 3043 3633 tenebrae
3095 3577 3251 3633 facta:
3291 3586 3431 3641 sunt.

1847 3682 2010 3737 super
2043 3668 2353 3725 universam
2406 3676 2606 3725 terram
2644 3686 2817 3740 usque
2849 3670 2916 3724 ad
2952 3670 3140 3725 horam
3195 3684 3440 3738 nonam;_

1846 3768 1898 3815 et
1919 3762 2064 3815 circa
2095 3761 2284 3817 horam
2318 3777 2519 3817 nonam
2539 3764 2863 3818 exclamavit
2882 3762 3044 3820 Jesus
3073 3779 3205 3819 voce
3225 3778 3422 3833 magna

1847 3852 2034 3908 dicens
2063 3872 2075 3906 :
2108 3852 2212 3917 Eli,
2244 3852 2346 3918 Eli,
2379 3855 2577 3909 lamma
2607 3855 2967 3911 sabacbtbani
2990 3857 3057 3911 δ’.
3078 3875 3097 3908 ι
3135 3855 3268 3922 Quae
3296 3871 3421 3910 cum

1848 3946 1903 4000 in
1947 3945 2091 3999 hunc
2125 3944 2346 3999 modum
2383 3962 2541 4002 suum
2585 3947 2744 4004 finem
2781 3949 3130 4021 contigerint,
3164 3948 3422 4018 deinceps

1849 4036 2097 4109 adjungit
2154 4054 2169 4092 :
2226 4056 2244 4089 ι
2314 4036 2380 4092 Et
2436 4049 2746 4094 convertam
2810 4040 3072 4095 solemnia
3128 4048 3310 4095 vestra
3364 4043 3421 4094 in

1848 4129 2079 4192 luctum,
2123 4140 2177 4186 et
2229 4131 2413 4184 omnia
2462 4133 2675 4186 cantica
2705 4141 2883 4187 vestra
2917 4132 2972 4187 in
3013 4133 3331 4197 lamentum,
3368 4142 3422 4187 et

1850 4220 2108 4276 inducam
2161 4236 2325 4291 super
2362 4236 2576 4278 omnem
2615 4223 2856 4278 lumbum
2894 4238 3136 4288 saccum,
3172 4230 3227 4278 et
3259 4239 3423 4294 super

1851 4325 2011 4367 omne
2046 4319 2211 4383 caput
2240 4313 2533 4377 calvitiem,
2570 4321 2624 4370 et
2653 4330 2849 4384 ponam
2880 4330 3002 4370 eum
3032 4316 3176 4370 sicut
3215 4315 3422 4369 luctum

1851 4404 2054 4469 dilecti,
2091 4412 2145 4458 et
2177 4419 2271 4460 eos
2299 4403 2391 4475 qui
2426 4419 2553 4458 cum
2585 4405 2704 4476 ipso
2736 4404 2974 4471 fuerint,
3008 4412 3067 4459 ut
3096 4405 3237 4459 diem
3269 4404 3426 4460 dolo-

1853 4495 1950 4550 ris.
2003 4494 2141 4549 Ecce
2173 4494 2290 4551 dies
2328 4495 2589 4562 veniunt,
2631 4496 2765 4552 dicit
2793 4495 3078 4561 Dominus,
3111 4505 3166 4551 et
3209 4497 3447 4552 mittam.

185 4586 276 4657 τὴν
291 4584 659 4658 ὑπερηφανίαν
687 4583 864 4638 αὐτῶν
889 4584 985 4654 τὴν
1001 4582 1139 4639 κατὰ
1160 4583 1254 4637 τοῦ
1274 4584 1508 4656 Χριστοῦ
1530 4602 1750 4659 γεγενη-

1849 4586 2045 4641 famem
2077 4601 2242 4657 super
2271 4594 2495 4653 terram,
2514 4603 2622 4647 non
2653 4587 2849 4642 famem
2878 4591 3053 4658 panis,
3077 4602 3251 4656 neque
3278 4586 3451 4645 sitim.

189 4680 344 4750 μένην
364 4677 579 4732 έσεσθαι
602 4675 1279 4747 προφητευθέντα,ηέναργῆ
1295 4677 1391 4749 τὴν
1404 4677 1625 4733 ἔκϐασιν
1648 4679 1749 4749 τῆς

186 4772 527 4844 προρρήσεως
577 4768 898 4835 ἀπεδείξατο
931 4768 1070 4840 μετὰ
1098 4769 1196 4841 τὴν
1223 4770 1363 4823 κατά
1416 4771 1511 4825 τοῦ
1561 4772 1745 4844 Σωτῆ-

192 4880 273 4932 ρος
304 4862 457 4935 ήμῶν
486 4859 777 4931 ὲπιὸουλὴν
806 4859 1004 4921 αὐτῶν.
1023 4862 1096 4913 Ού
1120 4860 1385 4933 πρότερον
1436 4861 1587 4930 γοῦν,
1632 4862 1745 4916 ἀλλ’

188 4955 242 5019 ἐξ
271 4954 472 5009 ἐκείνου
512 4953 604 5008 καὶ
629 4953 709 5015 είς
751 4951 910 5024 δεῦρο
942 4952 1300 5024 μετέστρεψεν
1334 4953 1512 5007 αὐτῶν
1555 4956 1583 5007 ὁ
1614 4954 1746 5019 Θεὸς

188 5050 275 5112 τὰς
298 5050 488 5122 ἑορτὰς
509 5050 589 5112 είς
622 5046 833 5111 πένθος,
865 5047 958 5101 καὶ
989 5046 1087 5110 τὰς
1116 5046 1260 5117 ᾠδὰς
1292 5048 1371 5112 είς
1402 5047 1615 5120 θρῆνον,
1646 5050 1744 5121 τῆς

191 5142 498 5214 περιϐοήτου
542 5140 923 5213 μητροπόλεως
969 5140 1348 5211 ἀποστερήσας
1402 5140 1618 5205 αὐτοὺς,
1653 5142 1748 5194 καὶ

190 5232 244 5285 τὸ
263 5236 314 5287 ὲν
340 5236 476 5306 αὐτῇ
512 5233 706 5305 σεμνὸν
732 5233 999 5304 ἁγίασμα,
1035 5231 1174 5287 κατὰ
1201 5232 1300 5302 τὴν
1342 5232 1434 5284 ἐπὶ
1462 5232 1619 5285 Τίτου
1654 5232 1748 5286 καὶ

192 5325 585 5380 Οὐεσπασιανοῦ
641 5326 923 5397 Ῥωμαίων
991 5326 1403 5397 αὐτοκρατόρων
1454 5326 1750 5395 ἠγεμονίαν

194 5418 437 5484 καθελὼν,
465 5418 541 5481 ὡς
574 5419 709 5490 μηδὲ
746 5418 998 5483 ἐλθόντας
1038 5417 1296 5472 δύνασθαι
1326 5417 1412 5469 ἐπ’
1443 5417 1611 5488 αὐτῆς
1651 5416 1751 5481 τὰς

195 5509 431 5581 ἐννόμους
474 5511 668 5584 ἑορτὰς
714 5512 807 5564 καλΙ
867 5510 1202 5581 πανηγύρεις
1250 5508 1534 5562 ἐπιτελεῖν.
1565 5509 1630 5561 Τί
1673 5508 1753 5561 δεῖ

196 5598 373 5671 λέγειν,
399 5606 473 5667 ὡς
501 5605 529 5656 ὁ
560 5603 717 5674 λιμὸς
744 5602 839 5655 τοῦ
865 5602 1091 5656 ἀκοῦσαι
1120 5602 1273 5671 λόγον
1306 5602 1513 5673 Κυρίου
1546 5602 1751 5664 πάντας

198 5696 374 5761 αὐτοὺς
407 5696 688 5769 μετῆλθεν,
726 5696 839 5749 ἀνθ’
874 5688 947 5749 ὧν
984 5693 1248 5765 ἐξήλασαν
1283 5692 1491 5746 ἑαυτῶν
1518 5693 1609 5745 τὸν
1658 5695 1750 5746 τοῦ

260 5878 293 5915 ¹¹¹
332 5878 493 5944 Amos
525 5894 659 5942 vm,
699 5876 846 5929 7-12.
931 5877 973 5908 "
1013 5873 1198 5929 Matth.
1245 5890 1428 5943 xxvn,
1464 5873 1653 5941 45,56.

1854 4694 2027 4749 aquae,
2061 4679 2156 4735 sed
2189 4679 2383 4735 famem
2420 4680 2673 4737 audiendi
2727 4680 2956 4735 verbum
3013 4678 3264 4745 Domini,
3319 4701 3337 4731 ι
3370 4687 3447 4745 οι,

1852 4786 1974 4841 qua:
1996 4779 2302 4842 sequuntur
2332 4791 2344 4827 :
2382 4788 2503 4843 quze
2530 4772 2747 4843 quidem
2777 4771 2960 4827 omnia
2989 4781 3210 4844 prapter
3235 4789 3426 4844 super;

1852 4864 1999 4920 biam
2051 4866 2318 4937 ipsorum,
2367 4882 2473 4937 qua
2515 4866 2778 4923 adversus
2814 4865 3090 4923 Christum
3143 4867 3228 4921 usi
3274 4874 3461 4938 ειυιῑ,⁵

1852 4958 2115 5013 divinitus
2142 4958 2421 5029 praedicta,
2453 4958 2754 5014 evidentem
2777 4959 2982 5014 oraculi
3010 4958 3217 5014 exitum
3240 4964 3444 5014 osten-A

1852 5049 2210 5120 derunt,post
2245 5051 2487 5121 ipsorum
2517 5051 2778 5106 adversus
2811 5049 3147 5105 Salvatorem
3178 5056 3425 5105 nostrum

1854 5142 2103 5197 insidias.
2141 5141 2258 5197 Non
2305 5158 2436 5215 ergo
2481 5151 2608 5199 ante
2646 5143 2777 5198 illud
2832 5150 3075 5214 tempus,
3109 5141 3204 5198 sed
3235 5157 3301 5195 ex
3326 5142 3427 5210 illo

1856 5241 2101 5303 tempore
2131 5234 2187 5287 in
2245 5233 2390 5287 hunc
2422 5249 2598 5303 usque
2630 5231 2774 5288 diem
2819 5234 3082 5290 mlemnia
3118 5232 3334 5286 illorum
3371 5230 3426 5293 in

1852 5326 2059 5379 luctum
2090 5326 2359 5379 convertit
2406 5324 2570 5387 Deus,
2602 5332 2657 5380 et
2705 5325 2916 5380 cantica
2960 5324 3014 5379 in
3070 5324 3365 5378 lamentum
3408 5344 3421 5377 :

1854 5416 2055 5488 quippe
2085 5417 2179 5486 qui
2234 5416 2357 5473 illos
2384 5416 2741 5472 celeberrima
2783 5416 3004 5470 civitate
3031 5415 3344 5486 privaverit,
3374 5420 3428 5469 et

1854 5508 2163 5563 venerabile
2216 5509 2347 5563 illud
2396 5508 2769 5564 sanctuarium
2828 5507 2973 5577 quod
3027 5508 3083 5562 in
3135 5508 3227 5563 illa
3286 5514 3426 5570 erat,

1853 5600 2017 5673 487
2044 5601 2167 5657 Tito
2197 5617 2262 5657 ac
2286 5600 2630 5673 Vespasiano
2658 5600 2801 5671 apud
2833 5601 3114 5656 Romanos
3156 5604 3427 5671 imperan-

1857 5696 2027 5761 tibus,
2060 5696 2338 5765 everterit,
2372 5711 2546 5768 usque
2577 5695 2711 5751 adeo
2744 5707 2802 5752 ut
2829 5712 2937 5752 non
2980 5694 3216 5765 amplius
3246 5693 3428 5750 venirt
