3938 6506
485 406 590 462 ’155

1157 397 1428 457 EUSEBll
1467 392 1946 453 CAESARIENSIS
1987 389 2140 448 OPP.
2181 387 2364 444 PARS
2403 386 2465 443 ll.
2505 418 2575 428 ——
2611 379 3107 440 APOLOGETICA.

3623 371 3730 428 756

482 535 538 584 et
577 526 853 582 celebrare
897 524 952 578 in
995 537 1058 578 ea
1085 521 1322 591 legitima
1369 516 1657 580 solemnia,
1691 522 1742 570 et
1786 512 2055 577 legitimos

2163 508 2292 562 Θεοῦ
2339 506 2532 576 Λόγον,
2566 503 2906 576 ὁμοθυμαδὸν
2963 500 3124 554 αὑτὸν
3185 497 3584 569 ἀρνησάμενοι,
3637 491 3732 548 καὶ

483 625 786 674 conventus
817 616 1050 692 possint.
1081 612 1369 674 Caeterum,
1403 609 1534 681 quid
1567 623 1704 678 opus
1736 614 1820 662 est
1849 605 2054 668 dicere,

2163 597 2566 670 ἀπαρνηθέντες
2599 596 2689 648 ὑπ’
2718 593 2880 648 αὺτοῦ
2900 611 2916 660 ;

482 681 944 780 quemadmodum
998 705 1170 760 fames
1215 703 1468 758 audiendi
1509 701 1734 756 verbum
1766 695 2004 760 Domini,
2041 706 2236 748 omnes
2265 691 2391 746 illos
2425 689 2726 746 invaserit?
2753 700 3039 759 prepterea
3070 685 3216 758 quod
3249 684 3434 756 procul
3465 699 3500 738 a
3535 681 3736 753 seipsis

481 801 578 858 Dei
612 801 848 856 Verbum
891 797 1189 866 exegerint,
1222 812 1344 850 cum
1395 796 1527 850 illud
1561 809 1672 848 uno
1707 791 1892 846 animo
1929 793 2284 857 negaverunt,
2313 795 2366 840 et
2395 784 2466 840 ab
2491 783 2682 839 eodem
2705 784 2887 853 negati
2918 789 3064 838 sunt.

481 939 524 994 Α
561 937 851 996 Zacltaria.
885 967 954 980 —-
984 935 1119 990 Item
1143 935 1205 989 de
1235 936 1363 989 solis
1386 933 1616 1003 defectu,
1649 943 1697 988 et
1728 931 1793 986 de
1829 939 2056 1000 tempore

969 1008 1228 1062 salutaris
1267 1005 1570 1060 Passionis.

556 1233 576 1266 ι
615 1211 682 1267 Et
731 1212 985 1268 adveniet
1042 1210 1304 1266 Dominus
1357 1207 1501 1264 Deus
1553 1221 1728 1272 meus,
1775 1212 1831 1260 et
1867 1218 2058 1259 omnes

480 1307 656 1364 sancti
687 1322 812 1362 cum
843 1322 946 1372 eo;
983 1305 1041 1360 in
1068 1305 1156 1360 die
1203 1305 1295 1358 illa
1319 1319 1430 1359 non
1477 1301 1581 1358 erit
1604 1302 1720 1366 lux,
1759 1307 1815 1356 et
1857 1297 2054 1368 frigus,

477 1409 535 1456 et
565 1399 687 1471 gelu
736 1397 842 1454 erit
866 1379 936 1452 in.
962 1413 1072 1451 uno
1100 1397 1208 1460 die,
1244 1405 1300 1452 et
1321 1396 1442 1452 dies
1471 1395 1563 1450 ille
1593 1401 1759 1449 notus
1799 1387 2056 1456 Domino,

475 1498 536 1547 et
563 1503 742 1559 neque
769 1489 907 1553 dies,
945 1503 1123 1558 neque
1153 1503 1284 1552 nox,
1317 1487 1386 1542 ad
1409 1501 1693 1556 vesperam
1723 1484 1829 1540 erit
1859 1483 1973 1548 lux,
2003 1487 2059 1535 et

477 1583 540 1639 in
563 1583 652 1638 die
677 1582 770 1636 illa
799 1581 1114 1651 egredietur
1150 1595 1290 1652 aqua
1351 1579 1474 1637 viva
1496 1577 1564 1634 de
1592 1577 1922 1642 Jerusalem,
1968 1571 2058 1628 di-

477 1675 710 1730 midium
739 1673 859 1742 ejus
890 1673 948 1726 in
980 1688 1130 1728 mare
1157 1671 1419 1742 primum,
1443 1679 1498 1728 et
1534 1671 1819 1725 dimidium
1849 1669 1972 1739 ejus
2000 1666 2060 1722 in

477 1780 634 1820 mare
679 1773 1009 1828 extremum,
1047 1765 1103 1817 in
1139 1771 1331 1818 aestate
1353 1771 1408 1819 et
1451 1764 1508 1818 in
1553 1777 1682 1818 vere
1719 1762 1823 1817 erit
1870 1762 1968 1825 sic,
2003 1765 2058 1816 et

2178 925 2326 995 ἈπὸΔ
2362 925 2468 978 τοῦ
2507 925 2821 995 Ζαχαρίου.
2847 952 2917 995 τι·
2947 924 3076 976 Ἔτι
3117 923 3247 995 περὶ
3270 921 3378 995 τῆς
3406 921 3738 995 ἐκλείψεως

2232 993 2341 1049 τοῦ
2387 991 2735 1076 ἡδίουξκίαὶ
2787 993 2898 1048 τοῦ
2923 995 3072 1049 κατὰ
3108 992 3174 1046 τὸ
3213 993 3509 1062 σωτήριον
3549 991 3737 1056 πάθος

2237 1083 2470 1135 καιρου.

2243 1203 2262 1236 ι
2291 1183 2401 1236 Καὶ
2449 1184 2717 1256 παρέσται
2756 1182 2958 1255 Κύριος
2989 1185 3017 1236 ὁ
3066 1182 3199 1246 Θεός
3233 1199 3355 1254 μου,
3397 1182 3494 1236 καὶ
3541 1181 3738 1244 πάντες

2163 1277 2215 1330 οἱ
2248 1275 2393 1345 ἅγιοι
2428 1276 2544 1346 μετ’
2583 1274 2767 1329 αὐτοῦ.
2804 1275 2891 1328 Ἐν
2921 1275 3105 1348 ἐκείνῃ
3136 1277 3202 1346 τῇ
3233 1273 3413 1346 ἡμέρᾳ
3439 1272 3542 1326 οὐκ
3589 1273 3739 1326 ἔσται

2165 1369 2302 1438 φῶς,
2327 1369 2421 1422 καί
2445 1367 2615 1438 ψῦχος
2641 1369 2732 1422 καὶ
2771 1369 2944 1437 πάγος
2976 1368 3125 1421 ἔσται
3157 1367 3282 1438 μίαν
3319 1367 3550 1438 ἡμέραν.
3569 1366 3684 1419 Καὶ
3707 1365 3740 1434 ἡ

2163 1464 2348 1536 ἡμέρα
2375 1463 2556 1534 ἐκείνη
2590 1462 2802 1533 γνωστὴ
2828 1460 2906 1532 τῷ
2927 1461 3136 1534 Κυρίῳ,
3172 1461 3264 1514 καὶ
3291 1461 3389 1530 οὐχ
3421 1457 3631 1531 ἡμέρα,
3653 1459 3741 1511 καὶ

2165 1559 2226 1610 οὐ
2253 1557 2368 1623 νὺξ,
2402 1558 2463 1611 τὸ
2484 1559 2618 1628 πρὸς
2645 1558 2884 1628 ἑσπέραν
2910 1555 3058 1610 ἔσται
3088 1554 3222 1626 φῶς.
3240 1555 3350 1607 Καὶ
3375 1555 3432 1606 ὲν
3456 1556 3530 1624 τῇ
3558 1553 3740 1624 ἡμέρᾳ

2167 1653 2352 1726 ἐκείνῃ
2371 1649 2709 1715 ἐξελεύσεται
2733 1651 2873 1724 ὕδωρ
2895 1651 3002 1716 ζῶν
3020 1649 3079 1716 ἐξ
3105 1649 3473 1722 Ἰερουσαλὴμ,
3491 1648 3554 1700 τδ
3571 1648 3738 1718 ἣμισυ

2169 1751 2334 1806 αὑτοῦ
2368 1754 2448 1814 εἰς
2490 1749 2588 1822 τὴν
2623 1747 2892 1802 θάλασσαν
2922 1747 3021 1818 τὴν
3066 1743 3308 1818 πρώτην,
3343 1743 3438 1796 καὶ
3479 1743 3542 1793 τὸ
3571 1741 3740 1810 ἥμισυ

478 1859 584 1912 erit
615 1856 880 1937 Dominus
909 1855 964 1909 in
994 1871 1176 1926 regem
1206 1871 1368 1925 super
1398 1858 1708 1911 universam
1731 1863 1967 1918 terram;
2001 1853 2056 1907 in

2167 1845 2333 1900 αὐτοῦ
2366 1847 2448 1908 εἰς
2479 1845 2580 1916 τὴν
2612 1842 2887 1896 Θάλασσαν
2929 1841 3026 1912 τὴν
3055 1837 3302 1908 ἐσχάτην.
3343 1837 3430 1888 Ἐν
3463 1834 3620 1906 θέρει
3655 1834 3740 1886 καὶ

479 1951 571 2006 die
604 1951 696 2004 illa
728 1951 832 2005 erit
885 1947 1154 2004 Dominus
1185 1965 1349 2010 unus,
1382 1957 1436 2004 et
1478 1964 1674 2004 nomen
1715 1949 1835 2017 ejus
1865 1963 2058 2013 unum,

480 2043 731 2098 ambiens
781 2057 998 2098 omnem
1045 2051 1248 2096 terram
1294 2051 1348 2096 et
1395 2042 1828 2097 solitudinem”.
1883 2062 1900 2094 ι
1935 2041 2061 2098 Haec

478 2149 698 2204 quoque
725 2133 779 2187 in
811 2133 1046 2188 adventu
1073 2133 1373 2188 Salvatoris
1401 2133 1578 2188 nostri
1595 2133 1864 2204 completa
1889 2143 2018 2190 sunt
2042 2155 2056 2190 :

477 2242 604 2282 cum
640 2227 880 2291 advenit,
914 2227 1031 2282 sive
1072 2243 1198 2282 eum
1245 2227 1362 2282 suis
1411 2229 1586 2283 sacris
1627 2229 1912 2298 apostolis,
1946 2230 2062 2285 sive

478 2336 604 2374 cum
648 2320 766 2376 suis
811 2321 1040 2385 sanctis,
1067 2320 1268 2376 divinis
1299 2321 1550 2376 videlicet
1597 2321 1923 2391 quibusdam
1959 2337 2059 2392 po-

477 2412 772 2466 testatibus
802 2419 856 2466 et
888 2411 1230 2482 incorporeis
1259 2412 1564 2482 spiritibus,
1609 2428 1824 2468 necnon
1853 2413 2062 2483 angelis

475 2509 534 2558 et
567 2503 838 2559 ministris
887 2505 1026 2572 suis,
1060 2504 1126 2560 de
1156 2505 1358 2576 quibus
1413 2505 1616 2561 dictum
1663 2513 1746 2562 est
1781 2507 1836 2560 in
1886 2506 2061 2562 sacris

477 2594 816 2668 Evangeliis,
836 2599 982 2670 quod
1005 2591 1192 2668 utique
1217 2597 1286 2651 ad
1311 2599 1462 2652 illum
1491 2599 1826 2655 accesserint
1860 2599 2058 2670 angeli,

477 2699 534 2748 et
570 2692 648 2746 illi
680 2693 1135 2748 ministraverint.
1169 2691 1340 2746 Porro
1375 2703 1554 2748 autem
1591 2693 1678 2747 die
1710 2693 1804 2746 illo
1839 2692 1940 2764 (sie
1963 2707 2062 2746 au-

478 2791 592 2840 tem
617 2799 788 2840 sacra:
815 2786 1012 2841 litterae
1064 2793 1470 2841 consueverunt
1520 2801 1684 2839 omne
1723 2793 1938 2856 tempus
1962 2800 2060 2840 vo-

479 2890 629 2938 care,
663 2891 774 2942 quo
801 2875 892 2930 ille
925 2877 1069 2930 inter
1093 2875 1342 2930 homines
1375 2884 1624 2930 versatus
1657 2875 1760 2946 est)
1797 2891 1905 2930 una
1935 2890 2061 2930 eum

481 2967 604 3022 aliis
648 2967 1096 3036 praedictionibus
1150 2967 1314 3023 etiam
1371 2969 1517 3038 quod
1571 2984 1716 3024 nunc
1773 2975 2057 3032 tractatur,

479 3061 764 3114 oraculum
787 3062 1116 3131 completum
1147 3071 1252 3126 est,
1279 3079 1404 3118 cum
1432 3063 1619 3133 utique
1643 3064 1746 3118 sub
1770 3065 1916 3120 illius
1935 3080 2062 3136 pas—

479 3153 654 3208 sionis
694 3161 908 3224 tempus
941 3155 1010 3210 ab
1059 3156 1193 3210 hora
1241 3162 1395 3210 sexta
1446 3157 1685 3212 tenebrae
1727 3154 1884 3210 factae
1933 3166 2062 3213 sunt

2162 1943 2221 1996 ὲν
2249 1937 2372 2012 ἔαρι
2405 1937 2556 1991 ἔσται
2585 1935 2778 1999 οὕτως.
2814 1936 2922 1988 Καὶ
2954 1934 3104 1986 ἔσται
3157 1931 3360 2002 Κύριος
3400 1931 3480 1992 εἰς
3517 1927 3740 1998 βασιλέα

2161 2037 2253 2090 ἐπὶ
2285 2034 2467 2088 πᾶσαν
2505 2031 2606 2103 τὴν
2631 2031 2755 2102 γῆν.
2799 2029 2887 2083 Ἐν
2919 2029 2986 2099 τῇ
3022 2026 3206 2098 ἡμέρᾳ
3236 2025 3424 2096 ἐκείνῃ
3449 2023 3606 2076 ἔσται
3637 2021 3740 2074 K5-

2163 2148 2277 2202 ριος
2301 2123 2401 2195 εἷς,
2439 2127 2532 2180 xa‘t
2557 2125 2618 2178 τὸ
2651 2123 2822 2194 ὄνομα
2849 2121 3011 2176 αὗτοῦ
3053 2119 3134 2184 ἓν,
3164 2117 3396 2172 κυκλοῦν
3433 2119 3617 2171 πᾶσαν
3649 2116 3740 2188 τὴν

2161 2227 2264 2296 γῆν
2297 2225 2391 2278 καὶ
2409 2220 2512 2296 τὴν
2539 2219 2768 2292 ἔρημον.
2797 2237 2815 2269 ›
2853 2217 2963 2269 Καὶ
2988 2213 3156 2268 ταῦτα
3184 2213 3276 2266 ἐπὶ
3301 2213 3400 2283 τῆς
3441 2209 3740 2282 παρουσίας

2159 2317 2254 2373 τοῦ
2308 2318 2559 2389 Σωτῆρος
2595 2312 2750 2386 ἡμῶν
2812 2307 3139 2384 ἐπληροῦτο,
3189 2309 3252 2380 ἣν
3303 2308 3596 2378 ἐποιήσατο
3627 2307 3742 2376 ἦτοι

2165 2411 2304 2484 μετὰ
2333 2410 2440 2463 τῶν
2493 2408 2654 2482 ἱερῶν
2689 2403 3002 2460 ἀποστόλων
3048 2401 3210 2456 αὐτοῦ
3246 2401 3338 2454 καὶ.
3374 2399 3670 2471 μαθητῶν,
3703 2399 3736 2470 ἢ

2165 2503 2301 2576 μετὰ
2330 2503 2437 2558 τῶν
2472 2503 2640 2571 ἁγίων
2667 2498 2872 2564 αὐτοῦ,
2925 2495 3083 2549 θείων
3123 2495 3283 2550 τινῶν
3328 2495 3612 2564 δυνάμεων
3649 2493 3742 2547 καὶ.

2161 2597 2466 2668 ἀσωμάτων
2496 2595 2823 2666 πνευμάτων
2846 2631 2860 2654 ,
2905 2587 3150 2658 ἀγγέλων
3175 2605 3233 2640 τε
3280 2586 3374 2639 καὶ
3411 2583 3738 2656 λειτουργῶν

2161 2690 2349 2754 αὑτοῦ,
2379 2690 2506 2762 περὶ
2549 2682 2624 2742 ὧν
2669 2687 2881 2758 εἴρηται
2917 2685 2974 2738 ὲν
3019 2684 3132 2746 τοῖς
3164 2678 3326 2752 ἱεροῖς
3367 2677 3738 2747 Εὐαγγελὶοις,

2160 2785 2243 2838 ὅτι
2269 2802 2287 2835 ι
2315 2781 2618 2856 προσῆλθον
2640 2779 2789 2851 αὐτῷ
2817 2776 3060 2848 ἄγγελοι,
3102 2773 3198 2828 καὶ
3219 2772 3496 2844 διηκόνουν
3523 2769 3688 2839 αὐτῷ.
3711 2787 3738 2820 ι

2161 2874 2318 2929 Κατὰ
2343 2874 2400 2928 δὲ
2423 2875 2522 2945 τὴν
2550 2873 2762 2944 ἡμέραν
2795 2871 3011 2940 ἐκείνην
3041 2865 3218 2938 (οὕτω
3244 2864 3298 2918 δὲ
3345 2863 3498 2933 φίλον
3527 2863 3736 2916 ἀποκα-

2161 2969 2272 3022 λεῖν
2298 2970 2364 3040 τῇ
2391 2968 2510 3038 ἱερᾷ.
2536 2967 2721 3038 Γραφῇ
2753 2962 2930 3016 πάντα
2964 2962 3055 3016 τὸν
3085 2959 3276 3032 χρόνον
3307 2957 3404 3028 τῆς
3439 2958 3498 3009 ὲν
3532 2953 3736 3024 ἀνθρὼ-

2161 3077 2284 3125 ποις
2315 3058 2477 3113 αὑτοῦ
2506 3059 2784 3130 διατριϐῆς
2813 3059 2830 3126 )
2881 3055 3187 3128 ἐπληροῦτο
3227 3055 3363 3124 μετὰ
3425 3049 3534 3102 τῶν
3565 3048 3740 3102 ἄλλων

2165 3153 2522 3226 προρρήσεων
2554 3151 2646 3205 καὶ
2675 3150 2744 3203 τὰ
2771 3153 2827 3202 ὲν
2859 3149 3015 3220 χερσὶ
3045 3143 3468 3213 τεθεσπισμένα,
3508 3138 3737 3210 ὁπηνίκα

478 3260 648 3315 super
677 3248 988 3304 universam
1021 3256 1222 3304 terram
1271 3265 1447 3322 usque
1499 3249 1566 3305 ad
1600 3250 1792 3305 horam
1834 3265 2056 3304 nonam.

2163 3246 2314 3320 παρὰ
2337 3247 2426 3300 τὸν
2443 3243 2535 3300 τοῦ
2572 3244 2772 3307 πάθους
2804 3241 2968 3298 αὐτοῦ
3003 3241 3216 3314 καιρὸν,
3259 3237 3366 3292 ἀπὸ
3401 3237 3551 3308 ὧρας
3577 3235 3737 3304 ἕκτης

479 3337 560 3393 Ex
616 3355 726 3408 quo
778 3340 861 3394 sic
894 3341 970 3395 ait
1029 3342 1316 3413 prophetia
1351 3363 1362 3398 :
1400 3362 1416 3394 ι
1453 3340 1512 3397 1η
1545 3341 1634 3398 die
1681 3343 1771 3397 illa
1801 3357 1910 3398 non
1954 3343 2059 3398 erit

477 3431 592 3485 lux.
633 3451 651 3483 ι
686 3431 752 3486 Et
783 3447 1018 3490 rursus:
1051 3454 1069 3486 ι
1111 3433 1177 3489 Et
1221 3452 1398 3506 neque
1427 3437 1564 3500 dies,
1599 3452 1776 3506 neque
1827 3453 1957 3500 nox,
1989 3437 2058 3490 ad

475 3535 762 3588 vesperam
791 3523 896 3578 erit
927 3524 1040 3591 lux,
1080 3545 1098 3576 ›
1134 3525 1335 3595 quibus
1379 3526 1564 3582 verbis
1597 3527 1886 3596 perSpicue
1919 3527 2058 3580 indi-

477 3614 590 3667 cari
619 3623 749 3684 puto
776 3615 922 3672 illius
953 3619 1215 3688 temporis
1265 3619 1660 3682 conditionem,
1701 3634 1825 3673 cum
1869 3617 2059 3673 Salva-

477 3715 596 3760 tore
643 3715 833 3761 nostro
874 3707 1040 3763 altius
1086 3709 1300 3763 sublato
1332 3709 1388 3764 in
1431 3710 1549 3780 ipsa
1579 3710 1688 3766 diei
1719 3711 1860 3776 luce,
1889 3710 2058 3783 488

475 3810 587 3851 nox
639 3797 708 3851 ab
757 3797 891 3852 liora
935 3809 1086 3854 sexta
1127 3801 1202 3864 id,
1238 3801 1382 3870 quod
1439 3803 1648 3856 circum
1706 3814 1905 3857 terram
1947 3811 2052 3867 est,

476 3887 714 3944 obtinuit
737 3906 910 3960 usque
939 3891 1006 3945 ad
1033 3892 1222 3947 horam
1255 3909 1480 3950 nonam.
1511 3893 1642 3950 Post
1669 3911 1833 3966 quam
1862 3911 2056 3952 rursus

475 3981 855 4040 desinentibus
890 3985 1150 4051 tenebris,
1182 3986 1300 4042 dies
1327 4001 1378 4044 et
1411 3989 1502 4043 lux
1535 4005 1752 4045 reversa
1775 3998 1860 4044 est
1892 4009 1905 4045 :
1935 3999 2058 4060 post

473 4089 602 4148 qua:
631 4092 827 4134 rursus
865 4089 1127 4134 consueta
1177 4096 1284 4135 nox
1333 4091 1519 4136 secuta
1571 4090 1674 4138 est.
1713 4081 1844 4148 Quae
1873 4083 2056 4137 omnia

475 4181 660 4221 sermo
697 4167 1050 4238 propheticus
1093 4172 1294 4237 innuit,
1345 4173 1438 4228 ubi
1482 4175 1600 4228 ait:
1635 4195 1653 4226 ι
1689 4173 1756 4228 Et
1806 4175 1924 4231 dies
1965 4176 2056 4230 ille

473 4267 640 4314 notus
669 4257 920 4326 Domino,
951 4271 1005 4318 et
1029 4279 1208 4335 neque
1242 4265 1383 4332 dies,
1411 4283 1587 4338 neque
1619 4283 1748 4335 nox,
1781 4267 1847 4321 ad
1871 4281 2056 4338 vespe-

473 4365 592 4404 ram
619 4354 724 4406 erit
766 4353 880 4416 lux,
912 4373 930 4406 ›
971 4355 1088 4412 dies
1121 4356 1342 4427 quidem
1393 4359 1484 4415 ille
1518 4376 1630 4414 non
1659 4367 1795 4426 erat,
1830 4368 2054 4430 propter

471 4443 808 4500 meridianas
859 4443 1142 4516 tenebras,
1191 4451 1286 4506 sed
1341 4467 1444 4506 nec
1489 4453 1619 4508 item
1649 4469 1779 4517 nox,
1831 4461 2052 4524 propter

471 4535 650 4604 ipsius
665 4537 772 4592 diei
795 4553 1103 4605 recursum,
1129 4559 1290 4613 quem
1319 4543 1582 4599 indicavit
1607 4545 1924 4616 signiﬁcans
1955 4563 2051 4617 per

469 4626 566 4682 illa
600 4631 786 4694 verba,
820 4649 838 4682 ι
879 4632 948 4686 ad
993 4650 1278 4705 vesperam
1324 4637 1428 4692 erit
1471 4638 1582 4691 lux.
1629 4657 1647 4689 ι
1697 4637 1832 4704 Quis
1869 4649 2052 4696 autem

467 4733 582 4773 non
604 4719 907 4776 admiretur
936 4725 1098 4779 etiam
1122 4726 1364 4782 hiberna:
1405 4729 1554 4782 hora:
1584 4733 2057 4787 commemoratio-

469 4809 824 4881 nem?quam
859 4813 1034 4884 ipsam
1075 4816 1262 4872 itidem
1295 4819 1559 4873 divinavit
1584 4821 1890 4888 oraculum,
1927 4838 2054 4878 cum

469 4897 590 4952 ait:
627 4918 645 4952 ι
690 4901 754 4957 Ει
800 4902 976 4975 frigus
1007 4914 1060 4961 et
1108 4910 1232 4978 gelu
1263 4911 1388 4964 erit.
1417 4930 1439 4962 ι
1480 4909 1638 4978 Quod
1681 4914 1810 4968 item
1871 4915 2054 4986 ipsum

469 4989 752 5066 Evangelii
811 4999 1185 5055 testimonium
1237 5006 1618 5068 commendat,
1677 5021 1798 5061 cum
1856 5007 2052 5065 Petrus

469 5083 600 5141 dum
626 5085 809 5144 Iesum
839 5093 1112 5164 sequitur,
1135 5111 1370 5152 accenso
1407 5099 1530 5169 igne
1565 5100 1619 5152 in
1649 5102 1789 5156 atrio
1809 5101 2047 5173 Caiphae,

474 5189 582 5232 una
631 5195 759 5236 cum
805 5184 932 5240 aliis
991 5186 1352 5243 calefaciebat
1400 5207 1480 5246 se.
1529 5189 1764 5248 Proinde
1811 5193 2052 5252 Joannes

468 5265 695 5340 frigoris
738 5289 958 5348 quoque
1007 5280 1338 5334 mentionem
1385 5284 1732 5352 apertissime
1778 5287 1931 5354 facit,
1971 5289 2056 5344 di-

467 5375 642 5453 cens:
677 5383 695 5416 ι
729 5365 962 5424 Stabant
992 5371 1139 5426 servi
1179 5379 1234 5426 et
1265 5375 1508 5430 ministri
1543 5376 1612 5430 ad
1660 5395 1889 5446 prunas,
1925 5384 2054 5453 quia

467 5451 640 5526 frigus
679 5467 816 5524 erat,
860 5469 912 5516 et
955 5463 1352 5520 calefaciebant
1384 5483 1444 5523 se
1459 5467 1525 5523 ⁸⁵.
1567 5487 1586 5522 ι
1623 5467 1689 5524 Et
1718 5471 1788 5526 ad
1826 5451 2050 5530 verbum

467 5549 685 5616 quidem
719 5549 1034 5620 hujusmodi
1065 5556 1228 5612 ﬁnem
1257 5561 1628 5630 contigerunt,
1655 5578 1776 5634 quae
1803 5567 1882 5621 sic
1913 5583 2054 5638 pra»

465 5638 610 5694 dicta
642 5649 773 5696 sunt
803 5659 816 5692 :
855 5644 924 5698 ad
953 5662 1178 5703 sensum
1211 5665 1362 5716 vero,
1392 5667 1516 5708 cum
1567 5651 1772 5710 Judaeis
1806 5658 2051 5714 salutare

539 5818 588 5854 ³³
623 5817 862 5877 lachar.
899 5839 1010 5891 xw,
1048 5825 1209 5884 5-10.
1287 5827 1334 5860 ⁸⁸
1355 5825 1515 5884 Jcan.
1551 5847 1718 5900 xvm,
1757 5833 1846 5890 18.

2164 3341 2352 3406 σκότος
2374 3340 2592 3410 ἐγένετο
2617 3337 2711 3391 ἐπὶ
2733 3341 2912 3391 πᾶσαν
2933 3335 3031 3408 τὴν
3060 3336 3160 3406 γῆν
3187 3334 3291 3395 ἓως
3316 3329 3463 3400 ὧρας
3493 3328 3733 3398 ἐννάτης.

2161 3431 2251 3483 Διό
2285 3448 2447 3504 φησιν
2483 3432 2517 3502 ἡ
2553 3427 2890 3502 προφητεία·
2921 3445 2938 3478 ι
2973 3426 3061 3478 Ἐν
3093 3427 3157 3494 τῇ
3201 3421 3382 3493 ἡμέρᾳ
3417 3419 3600 3489 ἐκείνῃ
3639 3417 3737 3468 οὐκ

2160 3523 2312 3578 ἔσται
2349 3525 2494 3594 φῶς·
2521 3541 2540 3576 ι
2581 3524 2672 3576 καὶ
2715 3519 2877 3575 πάλιν
2902 3536 2916 3549 ·
2954 3537 2972 3570 ι
3014 3517 3124 3572 Καὶ
3157 3517 3254 3586 οὐχ
3299 3511 3500 3585 ἡμέρα,
3541 3510 3634 3564 καὶ
3675 3509 3734 3561 οὗ

2159 3615 2276 3682 νὺξ,
2301 3617 2361 3669 τὸ
2390 3616 2524 3688 πρὸς
2557 3615 2794 3689 ἑσπέραν
2827 3611 2981 3665 ἔσται
3017 3609 3131 3679 φῶς
3151 3626 3164 3639 υ
3193 3627 3211 3660 ι
3245 3607 3310 3661 δι’
3343 3599 3420 3660 ὧν
3446 3602 3736 3657 λευκότατα

2160 3709 2398 3781 ἠγοῦμαι
2433 3713 2530 3781 τὴν
2561 3709 2658 3764 τοῦ
2691 3706 2884 3781 καιροῦ
2937 3703 3305 3764 κατάστασιν,
3337 3701 3394 3754 ὲν
3419 3692 3464 3766 ᾧ
3501 3696 3596 3751 τοῦ
3630 3698 3736 3750 ω-

2158 3805 2224 3874 τῆ
2233 3820 2322 3874 ρος
2343 3801 2738 3873 ἀνυψωθέντος,
2761 3800 2859 3855 καὶ
2880 3797 3092 3871 ἡμέρας
3123 3793 3307 3866 οὔσης,
3328 3791 3424 3858 WE
3455 3790 3564 3845 ἀπὸ
3592 3789 3734 3860 ὥρας

2157 3897 2322 3968 ἓκτης
2346 3897 2410 3950 τὸ
2431 3896 2682 3970 περιέχον
2713 3895 2938 3964 συνέσχε
2963 3889 3240 3964 μέχριτῆς
3263 3887 3509 3956 ἑννάτης,
3537 3881 3732 3958 μεθᾙ

2157 3987 2312 4053 αὖθις
2341 3989 2433 4043 τοῦ
2457 3990 2682 4054 σκότους
2710 3986 3096 4049 διαλείποντος,
3113 3979 3293 4054 ἡμέρα
3319 3979 3413 4032 καὶ
3435 3975 3552 4047 φῶς
3572 3974 3734 4045 ἐγίνε-

2156 4101 2237 4148 το,
2261 4082 2378 4154 μεθ’
2405 4081 2442 4136 ἃ.
2467 4083 2628 4136 πάλιν
2659 4081 2907 4152 συνήθως
2934 4083 2968 4152 ἡ
2999 4077 3095 4142 νὺξ
3121 4071 3730 4144 κατελάμϐανεν.Ἃπερ

2155 4176 2184 4228 ὁ
2199 4176 2298 4246 τῆς
2325 4174 2658 4248 προφητείας
2677 4174 2834 4240 λόγος
2860 4173 3104 4244 ᾐνίττετο
3119 4168 3368 4238 φάσκων⁸
3388 4182 3406 4214 ι
3431 4163 3540 4216 Kal.
3555 4159 3731 4233 ἡμέρα

2157 4270 2338 4340 ἐκείνη
2367 4267 2581 4339 γνωστὴ
2609 4267 2686 4338 τῷ
2707 4267 2915 4338 Κυρίῳ,
2938 4256 3032 4319 καὶ
3067 4263 3164 4332 οὐχ
3192 4257 3392 4332 ἡμέρα,
3417 4255 3512 4309 καὶ
3529 4255 3590 4308 οὐ
3619 4249 3728 4340 νὺξ,

2155 4363 2216 4416 τὸ
2246 4337 2380 4434 προς
2405 4337 2828 4432 ἑσπέρανγὲσται
2863 4357 3028 4426 φῶς.»
3056 4355 3168 4426 Οὐχ
3194 4351 3378 4424 ἡμέρα
3409 4347 3508 4418 μὲν
3533 4344 3638 4415 γὰρ
3662 4337 3728 4434 ﬁt.

2159 4453 2248 4507 διὰ
2283 4431 2344 4507 τὸ
2392 4431 2759 4524 μεσημϐρινὸν
2796 4449 3011 4512 σκότος’
3055 4449 3148 4500 καὶ
3191 4443 3362 4496 ’πάλιν
3395 4440 3458 4492 οὐ
3509 4437 3604 4503 νὺξ
3647 4431 3728 4486 διὰ

2157 4548 2255 4620 τὴν
2283 4545 2786 4602 ἐπικαταλαϐοὖσαν
2809 4544 3040 4615 ἡμέραν,
3074 4542 3140 4612 ἣν
3171 4535 3515 4610 παρέστησεν
3547 4531 3722 4596 ἐπιση-

2160 4643 2468 4713 μηνάμενος
2510 4639 2598 4694 διὰ
2630 4639 2722 4692 τοῦ
2761 4639 2962 4708 φάναι,
2992 4657 3010 4688 ι
3038 4635 3098 4689 τὸ
3131 4635 3267 4706 πρὸς
3309 4629 3553 4702 ἑσπέραν
3585 4625 3726 4677 ἔσται

2157 4733 2296 4804 φῶς.
2326 4752 2344 4785 ›
2381 4733 2478 4796 Τίς
2505 4733 2548 4786 δ’
2584 4732 2684 4786 οὐκ
2717 4732 2783 4785 ἂν
2819 4731 3118 4802 θαυμάσειε
3151 4727 3252 4798 τῆς
3279 4723 3556 4796 χειμαδίου
3587 4716 3722 4788 ὥρας

2155 4827 2254 4900 τὴν
2288 4829 2506 4899 μνήμην
2531 4843 2545 4892 ;
2575 4827 2642 4896 ἣν
2687 4827 2782 4880 καὶ
2829 4825 2998 4896 αὐτὴν
3047 4823 3330 4876 ἐθέσπισεν
3371 4821 3400 4873 ὁ
3441 4817 3596 4886 λόγος
3628 4808 3720 4884 φή-

2159 4937 2257 4982 σας
2275 4937 2288 4949 ’
2325 4937 2344 4970 ι
2369 4919 2478 4971 Καὶ
2505 4915 2675 4988 ψῦχος
2720 4917 2815 4969 καὶ
2863 4915 3036 4984 πάγος
3061 4913 3212 4966 ἔσται
3231 4929 3243 4940 ·
3275 4930 3293 4963 ι
3323 4909 3352 4962 ὃ
3383 4908 3479 4962 καὶ
3527 4905 3651 4960 αὐτὸ
3681 4900 3711 4974 ἠ

2157 5012 2250 5066 τοῦ
2298 5011 2629 5081 Εὐαγγελίου
2677 5009 2948 5081 μαρτυρία
3009 5009 3355 5078 συνίστησιν,
3411 5001 3642 5074 ὁπηνίκα
3687 4997 3714 5048 ὁ

2151 5105 2356 5176 Πέτρος
2399 5102 2708 5157 ἀκολουθῶν
2751 5101 2830 5172 τῷ
2886 5098 3096 5171 Ἰησοῦ,
3131 5095 3514 5170 περιαψάντων
3555 5089 3710 5164 πυρὰν

2153 5199 2212 5249 ὲν
2245 5199 2310 5268 τῇ
2345 5195 2482 5268 αὐλῇ
2514 5195 2609 5249 τοῦ
2658 5194 2902 5264 Καῖάφα,
2951 5191 3088 5264 μετὰ
3121 5191 3229 5246 τῶν
3265 5189 3442 5246 ἄλλων
3479 5181 3708 5258 ἐθερμαί-

2153 5309 2294 5346 νετο,
2334 5291 2392 5344 Ὀ
2438 5289 2570 5360 γοῦν
2629 5289 2881 5358 Ἰωάννης
2933 5287 3193 5358 ἄντικρυς
3243 5282 3336 5337 καὶ
3385 5279 3482 5335 τοῦ
3529 5279 3708 5350 ψύχους

2154 5386 2560 5458 ἐμνημόνευσεν
2601 5382 2769 5437 εἰπών
2790 5399 2804 5413 ο
2839 5401 2856 5434 ι
2883 5381 3244 5451 Εἰστήκεισαν
3272 5377 3322 5430 οἱ
3360 5375 3536 5428 δοῦλοι
3567 5367 3706 5458 καλά

2159 5457 2431 5550 ὑπηρέται
2489 5475 2788 5548 ἀνθρακιὰν
2848 5471 3240 5543 πεποιηκότες,
3287 5470 3368 5522 ὅτι
3417 5467 3580 5538 ψῦχος
3618 5457 3704 5534 ἦν.

2159 5573 2252 5626 καὶ
2281 5568 2682 5642 ἐθερμαίνοντο.
2713 5585 2731 5618 ι
2759 5568 2870 5620 Καὶ
2921 5564 3058 5638 πρὸς
3103 5564 3198 5634 μὲν
3237 5562 3335 5634 τὴν
3369 5560 3512 5624 λέξιν
3552 5551 3705 5609 τοιού·

2156 5681 2250 5718 του
2285 5662 2474 5726 τέλους
2522 5659 2786 5732 ἐτύγχανε
2825 5661 2894 5714 τὰ
2951 5655 3401 5731 προηγορευμένα
3423 5671 3435 5684 ·
3497 5649 3620 5722 πρὸς
3655 5643 3704 5698 δὲ
