3938 6526
197 438 306 497 757

1131 424 1788 489 DEMONSTRATIONIS
1828 423 2292 480 EVANGELlC/E
2333 421 2462 477 LIB.
2506 421 2548 476 Χ

3353 423 3456 479 758

195 557 433 611 διάνοιαν
458 556 537 618 τὸ,
568 556 675 608 πᾶν
714 554 980 607 Ἰουδαίων
1003 553 1174 617 ἔθνος,
1206 553 1297 605 τοῦ
1318 552 1582 624 σωτηρίου
1613 545 1754 617 φωτὸ

1859 589 1864 599 .
1893 548 2072 603 lumen
2101 547 2394 608 illuxisset,
2435 544 2647 615 ipsique
2686 543 2867 614 potius
2897 545 3148 599 tenebras
3181 560 3340 613 quam
3366 546 3455 600 lu-

192 649 381 712 αῦτοῖς
412 648 838 720 ἐπιλάμψαντος,
876 648 1053 701 αὐτῶν
1093 665 1152 701 τε
1187 647 1384 719 μᾶλλον
1417 647 1477 699 τὸ
1511 647 1698 708 σκότος
1739 645 1771 716 ἢ

189 741 255 796 τὸ
308 740 421 810 φῶς
465 741 755 812 ἑλομένων,
799 740 945 794 τοῦθ’
979 743 1115 810 ὅπερ
1150 743 1242 794 καὶ
1272 742 1473 794 εἴλοντο
1513 738 1775 811 μετῆλθεν

190 834 410 898 αὐτοὺς,
441 835 893 904 ἀναχωρήσαντος
924 833 1020 902 μὲν
1077 831 1390 895 αύτῶνῖτοῦ
1431 832 1626 901 φωτὸς,
1658 831 1774 884 δια-

191 925 464 996 λαὸούσης
492 926 550 978 δὲ
583 926 780 988 αὐτοὺς
810 926 1004 988 νυκτὸς
1045 925 1345 995 ἀφεγγοῦς,
1399 925 1774 996 σκοτισθείσης

190 1019 371 1072 αὐτῶν
400 1018 503 1090 τῆς
529 1018 766 1081 διανοίας
786 1057 798 1081 ,
830 1019 966 1089 πρὸς
1006 1017 1067 1071 τὸ
1099 1018 1171 1089 μὴ
1205 1017 1493 1086 διαυγάσαι
1536 1018 1626 1071 τὸν
1658 1037 1772 1088 φω-

188 1115 380 1184 τισμὸν
408 1114 503 1167 τοῦ
533 1114 860 1184 Εὐαγγελίου
885 1117 942 1167 ἐν
969 1118 1088 1177 ταῖς
1109 1113 1357 1185 καρδίαις
1381 1112 1580 1166 αὐτῶν.
1612 1112 1772 1166 Ἀλλά

188 1205 282 1257 καὶ
318 1203 584 1275 ψυγείσης
611 1205 710 1274 τῆς
740 1206 878 1277 πρὸς
911 1205 1002 1257 τὸν
1037 1205 1167 1256 Θεὸν
1211 1203 1431 1274 ἀγάπης
1475 1202 1771 1271 αὐτῶν,,τὰ

189 1296 436 1368 σύμϐολα
462 1297 666 1350 τούτων
699 1299 921 1362 εἰκότως
954 1298 1204 1359 ἐτελεῖτο,
1235 1296 1536 1368 ἐπληροῦτό
1554 1314 1612 1349 τε
1641 1294 1768 1366 ἑξῆς

185 1389 252 1441 τά
277 1389 376 1460 τῆς
407 1390 788 1461 προρρήσεως,
818 1389 960 1443 κατὰ
993 1389 1091 1461 τὴν
1123 1390 1330 1444 τοιάνδε
1366 1390 1463 1461 τῆς
1500 1389 1766 1460 σωτηρίου

185 1483 510 1552 ἐπιφανείας
564 1484 776 1555 ἡμέραν
836 1483 1026 1546 ὓδατος
1081 1483 1279 1546 ζῶντος
1339 1481 1642 1549 ἐξελθόντος
1708 1480 1767 1547 ἐξ

195 1576 581 1649 Ἰερουσαλὴμ,
627 1578 707 1642 είς
758 1577 934 1630 πάντα
981 1577 1052 1630 τὰ
1103 1577 1228 1648 ἔθνη
1280 1576 1631 1649 προελθόντος
1671 1575 1764 1629 τοῦ

179 1669 406 1739 γονίμου
441 1669 535 1722 καὶ
575 1669 806 1734 ζωτικοῦ
857 1672 955 1742 τῆς
997 1669 1354 1742 εὐαγγελικῆς
1399 1669 1762 1735 διδασκαλίας,

180 1757 490 1830 ἀρξαμένου
528 1761 624 1831 μὲν
657 1761 766 1815 ἀπὸ
813 1762 912 1833 τῆς
969 1761 1229 1825 Ἰουδαίας
1264 1762 1356 1816 καὶ
1400 1760 1459 1823 ἐξ
1489 1761 1660 1832 αὐτῆς
1699 1779 1764 1830 γε

177 1854 276 1924 τῆς
311 1855 704 1928 Ἰερουσαλὴμ,
735 1855 1066 1920 διαδοθέντος
1101 1857 1156 1910 δὲ
1207 1860 1285 1920 εἰς
1315 1859 1494 1911 πᾶσαν
1526 1858 1623 1930 τὴν
1657 1857 1762 1929 γῆν

178 1946 269 1999 καὶ
295 1948 376 2011 εἰς
403 1947 582 2001 πάντα
605 1947 674 2002 τά
705 1949 802 2019 τῆς
844 1948 1168 2019 οἰκουμένης
1200 1949 1428 2020 πέρατα.
1462 1948 1664 2002 Τούτου
1704 1950 1761 2002 δὲ

176 2036 268 2090 τοῦ
321 2037 517 2102 ὓδατος
570 2041 664 2093 καὶ
709 2039 871 2103 αὐτὸς
902 2042 930 2092 6
974 2039 1163 2112 Σωτὴρ
1215 2042 1309 2094 καὶ
1356 2040 1560 2112 Κύριος
1605 2042 1761 2112 ἡμῶν

179 2130 511 2201 μνημονεύει
530 2130 702 2200 λέγων
724 2132 860 2204 πρὸς
891 2133 989 2203 τὴν
1004 2133 1330 2205 Σαμαρεῖτιν
1351 2153 1362 2164 ·
1386 2156 1400 2177 ο
1429 2135 1490 2187 Et
1515 2134 1661 2204 ᾕδεις
1679 2134 1762 2198 τίς

176 2220 319 2272 ἐστιν
351 2223 381 2274 6
414 2220 580 2274 αίτῶν
608 2239 667 2274 σε
696 2225 861 2286 πιεῖν,
883 2223 946 2276 σὺ
979 2222 1043 2276 ἂν
1073 2223 1281 2294 ᾔτησας
1305 2223 1487 2285 αὐτὸν,
1516 2224 1609 2276 καὶ
1629 2223 1759 2276 ἔδω-

178 2327 266 2363 κεν
300 2311 368 2365 ἄν
400 2329 480 2364 σοι
512 2311 656 2382 ὕδωρ
681 2309 808 2374 ζῶν.
833 2331 850 2364 ι
879 2314 1018 2384 Ὄση
1045 2313 1101 2366 δὲ
1143 2318 1256 2376 τοῖς
1296 2314 1760 2385 ἁπογευσαμένοις

174 2400 263 2454 τοῦ
304 2401 512 2468 ζῶντος
540 2406 635 2457 καὶ
664 2403 881 2473 λογικοῦ
927 2407 1164 2477 νάματος
1205 2406 1446 2479 ὑπῆρξεν
1486 2406 1754 2476 ὠφέλεια,

175 2496 502 2568 παρίστησιν
535 2499 682 2570 ἑξῆς,
703 2499 990 2564 διδάσκων,
1008 2502 1083 2564 ὡς
1106 2505 1152 2555 οἱ
1184 2503 1397 2566 πιόντες
1421 2502 1608 2566 αὑτοῦ,
1631 2505 1758 2568 τοὺς

174 2591 339 2644 πάλαι
376 2592 607 2658 πολλοὺς
649 2593 1072 2664 βασιλεύσαντας
1099 2596 1276 2649 αὐτῶν
1299 2597 1559 2667 δαίμονας
1589 2615 1756 2668 πονη-

177 2686 298 2756 ροὺς
349 2686 803 2758 ἀπαρνησάμενοι
830 2727 845 2752 ,
878 2689 968 2741 τὸν
1021 2689 1115 2742 ἕνα
1152 2689 1354 2758 Κύριον
1397 2691 1490 2744 καὶ
1536 2689 1756 2760 βασιλέα

173 2778 317 2846 σφῶν
349 2779 531 2832 αὐτῶν
553 2781 966 2852 ὁμολογήσουσι,
999 2784 1091 2836 καὶ
1118 2782 1192 2846 ὡς
1215 2785 1243 2835 6
1270 2783 1472 2854 Κύριος
1503 2785 1532 2836 6
1575 2783 1754 2853 μόνοις

171 2868 229 2921 τὸ
256 2868 390 2939 πρὶν
423 2868 696 2941 Ἑϐραίοις
727 2871 1144 2943 γνωριζόμενος,
1180 2875 1467 2942 γενήσεται
1505 2870 1755 2941 βασιλεὺς

173 2961 391 3015 πάντων
423 2962 533 3015 τῶν
570 2965 650 3028 εἰς
693 2963 854 3017 αὐτὸν
902 2964 961 3029 ἐξ
995 2965 1212 3036 ἁπάσης
1251 2966 1350 3036 τῆς
1385 2966 1486 3036 γῆς
1534 2983 1753 3018 πιστευ-

173 3053 379 3106 σάντων
427 3053 632 3108 ἐθνῶν·
682 3057 776 3110 καὶ
823 3055 884 3108 τὸ
935 3056 1103 3127 ὄνομα
1133 3056 1296 3110 αὐτοῦ
1343 3057 1400 3110 ἓν
1437 3058 1624 3124 ἔσται,
1657 3077 1752 3112 κυ-

170 3143 326 3196 κλοῦν
359 3146 543 3198 πᾶσαν
592 3146 693 3216 τὴν
734 3147 836 3218 γῆν
868 3149 962 3200 καὶ
989 3148 1088 3219 τὴν
1128 3147 1352 3219 ἔρημον.
1381 3151 1445 3202 Ὃ
1489 3151 1584 3204 καὶ
1619 3152 1750 3205 αὐτὸ

1881 658 2006 696 men
2067 640 2302 709 amplexi
2349 645 2556 702 essent,
2590 638 2694 692 hoc
2739 638 2884 708 quod
2929 638 2998 693 ab
3047 638 3180 707 ipsis
3221 639 3455 694 electum

1879 742 2334 802 assumptumqne
2369 741 2473 795 est,
2511 732 2823 788 universam
2883 733 3128 802 ipsorum
3176 734 3454 789 nationem

1877 826 2097 880 invasit.
2139 824 2276 879 Cum
2308 824 2453 879 enim
2485 823 2590 894 ipsi
2630 824 2990 878 recessissent
3018 840 3046 878 a
3086 825 3224 890 luce,
3258 831 3311 879 et
3355 841 3455 884 eos

1876 918 2112 974 obscura
2150 933 2261 972 nox
2295 922 2640 986 occupasset,
2681 916 2992 972 obscuratis
3021 919 3260 988 ipsorum
3301 936 3455 976 men-

1873 1009 2046 1073 tibus,
2079 1025 2144 1064 eo
2172 1008 2317 1078 quod
2371 1008 2695 1062 illuminatio
2737 1009 3046 1078 evangelica
3087 1008 3270 1065 radios
3318 1026 3453 1071 suos

1875 1104 1929 1158 in
1963 1103 2129 1158 corda
2161 1103 2404 1172 ipsorum
2442 1117 2552 1155 non
2596 1101 2932 1164 immitteret,
2964 1101 3263 1172 quinetiam
3290 1102 3452 1158 refri-

1871 1206 2056 1268 gerata
2089 1199 2330 1268 ipsorum
2364 1213 2492 1267 erga
2516 1195 2683 1253 Deum
2729 1196 3015 1257 charitate,
3047 1197 3234 1250 talium
3263 1212 3452 1254 rerum

1873 1288 2029 1357 signa
2064 1288 2261 1342 merito
2296 1301 2558 1356 expressa
2589 1293 2738 1354 sunt,
2763 1297 2819 1341 et
2851 1287 2904 1340 in
2937 1287 3030 1340 tali
3059 1287 3319 1342 salutaris
3351 1288 3448 1342 ad-

1870 1391 2066 1436 ventus
2093 1381 2180 1434 die
2213 1381 2482 1450 completa
2511 1387 2640 1434 sunt
2665 1395 2750 1444 ea,
2778 1395 2900 1450 qua:
2929 1380 2996 1433 ad
3035 1381 3136 1434 hoc
3161 1381 3447 1436 oraculum

1870 1473 2166 1544 pertinent,
2200 1472 2330 1526 dum
2358 1487 2498 1542 aqua
2541 1472 2733 1528 vivens
2755 1473 2991 1541 erumpit
3013 1488 3082 1528 ex
3116 1470 3444 1540 Jerusalem,

1868 1566 2006 1621 etin
2050 1581 2242 1620 omnes
2280 1574 2472 1635 gentes
2517 1563 2863 1634 progreditur
2912 1562 3183 1619 fecundus
3229 1574 3284 1619 et
3322 1564 3447 1619 vita:

1868 1665 2188 1728 apportator
2228 1655 2558 1726 evangelicae
2609 1653 2874 1710 doctrinae
2921 1670 3102 1710 sermo
3136 1673 3149 1707 :
3181 1654 3274 1726 qui
3317 1670 3444 1710 cum

1866 1749 2147 1820 profectus
2178 1749 2248 1805 sit
2273 1748 2339 1804 de
2366 1747 2551 1803 Judaea
2580 1756 2633 1803 et
2665 1748 2733 1803 de
2764 1747 2881 1818 ipsa
2909 1746 3232 1812 Jerusalem,
3269 1748 3445 1804 disse-

1867 1844 2107 1898 minatus
2154 1851 2343 1913 postea
2387 1849 2473 1898 est
2502 1843 2557 1896 in
2587 1856 2805 1896 omnem
2844 1851 3046 1897 terram
3079 1850 3134 1896 et
3162 1841 3217 1896 in
3250 1855 3443 1896 omnes

1865 1938 2016 1993 orbis
2039 1945 2312 1992 terrarum
2345 1935 2502 1991 ﬁnes.
2536 1934 2711 2005 Hujus
2739 1950 2870 1990 vero
2900 1950 3054 2004 aqua:
3083 1935 3198 2004 ipse
3223 1949 3444 2003 quoque

1867 2029 2118 2084 Salvator
2138 2044 2200 2084 ac
2232 2028 2496 2084 Dominus
2524 2036 2710 2084 noster
2739 2028 3006 2092 meminit,
3035 2027 3164 2082 dum
3200 2027 3445 2096 loquitur

1864 2139 1988 2177 cum
2032 2125 2258 2177 muliere
2292 2120 2672 2176 Samaritana:
2705 2140 2722 2172 ι
2753 2118 2809 2174 Si
2856 2120 3050 2186 scires,
3086 2121 3282 2190 inquit,
3315 2119 3442 2190 quis

1861 2225 1948 2273 est
1987 2216 2082 2286 qui
2113 2216 2245 2286 petit
2274 2231 2304 2269 a
2345 2225 2397 2269 te
2439 2215 2646 2279 bibere,
2692 2223 2750 2268 tu
2783 2213 3016 2284 petisses
3045 2213 3112 2267 ab
3141 2228 3228 2275 eo,
3257 2219 3312 2267 et
3340 2213 3440 2267 de-

1861 2309 2032 2364 disset
2061 2309 2156 2364 tibi
2186 2323 2383 2378 aquam
2413 2309 2589 2362 vivam
2608 2307 2675 2362 ⁸⁸.
2709 2326 2728 2358 ›
2767 2305 2980 2372 Quanta
3012 2312 3191 2360 autem
3220 2305 3286 2358 ad
3317 2320 3436 2370 eos,

1859 2403 1952 2473 qui
1982 2403 2164 2458 vivam
2218 2401 2656 2472 rationalemque
2694 2415 2889 2469 aquam
2921 2398 3284 2470 gustaverint,
3312 2414 3441 2453 ven-

1859 2507 1982 2552 tura
2036 2497 2107 2552 sit
2163 2497 2388 2558 utilitas,
2450 2495 2694 2550 declarat
2745 2493 3035 2563 deinceps,
3092 2490 3220 2546 dum
3277 2491 3437 2547 docet

1858 2590 2317 2662 quemadmodum
2349 2589 2441 2659 qui
2465 2603 2585 2644 eam
2615 2602 2811 2658 aquam
2855 2586 3116 2650 biberint,
3149 2594 3203 2640 et
3233 2585 3436 2640 multos

1857 2681 2001 2744 illos,
2026 2681 2121 2751 qui
2154 2687 2312 2734 antea
2362 2678 2500 2749 ipsis
2532 2677 2892 2749 imperabant,
2923 2676 3192 2746 malignos
3234 2675 3440 2730 demo-

1856 2787 1956 2826 nas
1973 2769 2384 2841 abnegaverint,
2408 2770 2444 2824 ii
2476 2784 2643 2824 unum
2675 2768 2762 2823 sui
2792 2768 3036 2838 ipsorum
3066 2774 3120 2822 et
3141 2765 3434 2822 Dominum

1854 2873 1907 2919 et
1943 2879 2123 2934 regem
2157 2862 2585 2927 conﬁtebuntur,
2620 2860 2747 2914 item
2777 2858 2924 2929 quod
2948 2859 2996 2915 is
3029 2858 3314 2925 Dominus,
3338 2859 3433 2930 qui

1854 2957 1922 3012 ab
1952 2960 2076 3012 unis
2120 2955 2364 3011 Hebrzeis
2396 2963 2554 3008 antea
2601 2953 2950 3018 noscebatur,
2994 2951 3162 3024 489
3205 2967 3301 3008 rex
3341 2952 3433 3007 liet

1851 3048 2094 3105 omnium
2133 3063 2321 3104 earum
2361 3047 2666 3110 nationum,
2702 3061 2822 3116 quae
2867 3061 2934 3100 ex
2976 3047 3232 3101 universa
3280 3051 3432 3102 terra

1854 3147 1908 3200 in
1934 3146 2107 3217 ipsius
2131 3144 2289 3200 ﬁdem
2323 3145 2606 3209 venerint;
2635 3152 2689 3198 et
2720 3157 2917 3197 nomen
2947 3139 3067 3210 ejus
3100 3155 3270 3195 unum
3302 3139 3437 3204 erit,

169 3237 246 3300 τίς
275 3237 380 3290 οὐκ
414 3237 482 3291 ἂν
510 3238 653 3309 ὁρῶν
701 3239 1030 3310 ἐκπλαγείη;
1074 3241 1179 3295 ἀπὸ
1208 3242 1338 3310 γοῦν
1371 3245 1468 3314 τῆς
1509 3243 1745 3316 Χριστοῦ

1859 3241 2098 3296 ambiens
2151 3239 2469 3294 universam
2517 3244 2721 3292 terram
2753 3245 2810 3290 et
2858 3233 3232 3296 solitudinem,
3282 3232 3440 3303 quod

169 3331 562 3402 προσηγορίας,
612 3331 772 3396 αὐτὸς
803 3333 859 3386 δὲ
896 3329 964 3405 ἦν
1011 3336 1038 3386 6
1080 3335 1312 3407 Χριστὸς
1348 3339 1376 3389 6
1415 3337 1637 3408 Κύριος,
1688 3342 1749 3394 τὸ

169 3421 270 3475 τῶν
309 3423 659 3495 Χριστιανῶν
695 3425 888 3497 ὅνομα,
913 3428 1089 3481 πάντα
1144 3430 1307 3483 τόπον
1346 3433 1438 3484 καὶ
1478 3433 1627 3487 πόλιν
1658 3436 1750 3488 καὶ

171 3512 367 3587 χώραν,
405 3517 500 3570 καὶ
544 3517 686 3571 αὐτά
733 3535 798 3587 γε
844 3518 914 3573 τὰ
958 3522 1016 3573 ὲν
1061 3524 1183 3585 ταῖς
1216 3524 1444 3594 ἐρήμοις
1483 3525 1577 3578 καὶ
1630 3528 1749 3590 ταῖς

169 3605 445 3676 ἐσχατιαῖς
475 3609 574 3679 τῆς
605 3609 708 3680 γῆς
743 3610 993 3664 οἰκοῦντα
1016 3611 1143 3682 ἔθνη
1181 3615 1606 3684 περιεκύκλωσε,
1637 3620 1748 3682 τοῖς

169 3697 260 3770 τῆς
285 3700 631 3774 προφητείας
657 3703 965 3769 ἀκολούθως
990 3705 1373 3778 θεσπίσμασιν.

180 4026 311 4112 Ἅπό
330 4029 594 4112 ψαλμοῦ
627 4039 738 4112 καθ.
756 4065 827 4112 :_—
856 4034 996 4103 Περὶ
1168 4040 1319 4112 κατὰ
1347 4041 1413 4095 τὸ
1451 4044 1748 4112 σωτήριον

229 4099 997 4184 πάθος¹ἐστιπευίιιᾳθέξντιυὶρζ
1015 4111 1121 4176 Εἰς
1152 4109 1217 4164 τὸ
1246 4110 1421 4180 τέλος
1457 4099 1748 4184 ὑπὲίτῆς

233 4171 620 4240 ἀντιλήψεως
646 4173 757 4244 τῆς
783 4175 1054 4246 ἑωθινῆς.

237 4345 253 4374 ι
275 4324 335 4376 Ὀ
370 4323 524 4389 Θεὸς,
551 4326 580 4378 6
607 4324 740 4392 Θεός
775 4345 898 4398 μου,
957 4330 1192 4404 πρόσχες
1217 4352 1325 4406 μοι·
1355 4335 1442 4391 ἵνα
1469 4337 1521 4390 τί
1549 4341 1747 4409 ἐγκατ-

169 4412 343 4479 έλιπές
379 4434 478 4488 με;
528 4418 744 4491 μακρὰν
775 4420 882 4474 ἀπὸ
914 4422 1014 4493 τῆς
1044 4429 1315 4499 σωτηρίας
1350 4447 1450 4501 μου
1501 4434 1550 4486 oi
1601 4433 1746 4504 λόγοι

167 4506 264 4600 τῶν
314 4514 781 4583 παραπτωμάτων
828 4519 1026 4587 μου.ὐ
1068 4519 1200 4584 Θεός
1245 4540 1366 4594 μου,
1408 4526 1747 4600 κεκράξομαι

167 4599 374 4674 ἡμέρας
403 4605 542 4677 πρὸς
568 4605 649 4668 σὲ,
681 4608 774 4662 καὶ
804 4610 906 4664 οὐκ
937 4612 1230 4687 εἰσακούσῃ
1249 4633 1262 4646 ·
1303 4618 1396 4671 καὶ
1421 4599 1631 4687 νυκτὸς,
1651 4625 1745 4680 καὶ

165 4694 258 4784 οὐκ
301 4697 385 4760 είς
430 4697 618 4753 ἄνοιαν
664 4701 810 4772 ἐμοί.
847 4703 918 4757 Σὺ
971 4705 1028 4759 δὲ
1074 4708 1132 4762 ὲν
1181 4708 1358 4778 ἁγίοις
1392 4719 1687 4784 κατοικεῖς,
1715 4719 1744 4771 6

167 4782 379 4882 έπαινος
409 4790 524 4882 τοῦ
568 4792 799 4866 Ἰσραήλ.
828 4795 950 4849 Ἐπὶ
1005 4799 1088 4852 σοὶ
1131 4799 1364 4870 ἤλπισαν
1407 4807 1457 4859 oi
1508 4782 1745 4882 πατέρες

168 4877 335 4949 ἡμῶν,
370 4881 624 4954 ἤλπισαν,
665 4886 760 4939 καὶ
803 4887 1018 4960 ὲῤῥύσω
1063 4892 1278 4959 αὐτούς.
1321 4897 1465 4968 Πρὸς
1515 4901 1574 4954 σὲ
1620 4877 1746 4956 ἐκέ-

169 4969 384 5041 κραξαν,
417 4975 514 5028 καὶ
541 4976 820 5049 ἐσώθησαν
840 4996 854 5008 ο
888 4981 982 5034 ἐπὶ
1017 4983 1100 5038 σοὶ
1126 4985 1381 5057 ἤλπισαν,
1409 4991 1501 5044 καὶ
1527 4993 1587 5045 οὑ
1618 5012 1747 5048 κατ-

169 5065 526 5139 ⁴ῃσχύνθησαν.
547 5068 687 5139 Ἐγὼ
717 5070 774 5125 δέ
819 5074 933 5145 είμι
971 5076 1206 5151 σκώληξ,
1235 5083 1328 5137 καὶ
1377 5085 1478 5139 οὐκ
1535 5087 1744 5160 ἅνθρω-

169 5174 276 5224 πος,
310 5162 511 5228 ὄνειδος
541 5165 863 5238 ἀνθρώπων,
895 5175 990 5227 καὶ
1043 5175 1375 5251 ὲξουδένημα
1419 5181 1570 5239 λαοῦ.
1601 5185 1742 5240 116v.-

165 5265 248 5349 ⁴τες
281 5256 338 5349 οἱ.
375 5255 706 5329 θεωροῦντές
763 5279 831 5333 με
877 5264 1316 5341 ὲξεμυκτήρισάν
1349 5291 1436 5344 με,
1473 5275 1743 5349 ἐλάλησαν

167 5339 220 5394 ὲν
257 5346 511 5416 χείλεσιν,
561 5349 836 5422 ἐκίνησαν,
874 5339 1447 5430 κεφαλήνλ-Ἤλπιῠσεν
1493 5367 1587 5420 ἐπὶ
1624 5339 1740 5423 iiii-

170 5448 291 5503 ριον,
327 5441 583 5511 ῥυσάσθω
607 5443 790 5509 αὐτὸν»
818 5450 1047 5505 σωσάτω
1074 5453 1256 5521 αὐτὸν,
1280 5457 1362 5511 δτι
1386 5458 1526 5514 θέλει
1554 5462 1735 5520 αὐτόν.

171 5525 278 5625 tua:
310 5533 373 5586 σὺ
407 5528 462 5585 si
505 5535 534 5586 6
581 5537 868 5603 ἑκσπάσας
897 5559 963 5612 με
1008 5545 1073 5597 ὲκ
1099 5549 1340 5620 γαστρὸς
1380 5551 1413 5622 ή
1445 5551 1600 5617 ἐλπίς
1633 5572 1734 5625 μου

165 5616 262 5719 ἀπὸ
294 5625 512 5719 μαστῶν
541 5629 641 5698 τῆς
672 5632 876 5703 μητρός
911 5651 1032 5704 μου.
1053 5637 1175 5692 Ἐπὶ
1219 5616 1278 5694 σὲ
1325 5616 1646 5719 ἐπέρῥίφηνν
1671 5651 1736 5702 ἐκ

169 5713 388 5786 μήτρας,
419 5718 528 5775 ἀπὸ
573 5723 808 5793 γαστρὸς
846 5727 1052 5799 μητρός
1085 5748 1186 5802 μου
1231 5733 1365 5800 Θεός
1401 5713 1504 5811 μου
1535 5713 1600 5794 si
1649 5740 1735 5796 σύ.

229 5890 272 5925 ⁸⁸
304 5891 458 5955 Joan.
496 5913 584 5965 tv,
620 5899 705 5957 10.

1777 4592 1828 4652 D

1853 3333 2070 3403 quidem
2112 3334 2290 3402 ipsum
2320 3332 2411 3386 ubi
2456 3331 2580 3400 quis
2627 3328 2845 3392 viderit,
2875 3327 2967 3398 qui
3016 3325 3131 3403 ﬁeri
3171 3327 3432 3397 pessitut

1851 3441 1962 3480 non
1993 3423 2327 3479 admiretur?
2352 3421 2552 3480 etenim
2579 3436 2608 3474 a
2639 3420 2846 3475 Christi
2871 3417 3158 3484 vocabulo,
3177 3418 3434 3476 Christus

1851 3529 2014 3584 porro
2039 3515 2154 3584 ipse
2200 3513 2463 3567 Dominus
2501 3518 2606 3573 est,
2631 3509 3073 3565 Christianorum
3102 3523 3298 3563 nomen
3334 3507 3433 3564 dc-

1849 3609 2073 3662 ductum
2135 3620 2351 3661 omnem
2402 3606 2579 3660 locum
2623 3612 2678 3660 et
2730 3593 3007 3662 civitatem
3052 3614 3106 3660 et
3148 3603 3430 3676 regionem

1849 3702 2105 3770 ipsasque
2140 3702 2194 3755 in
2235 3699 2466 3756 desertis
2499 3699 3025 3770 orisque‘extremis
3073 3708 3232 3756 terrae
3274 3699 3430 3754 babi-

1849 3801 2030 3848 tantes
2057 3793 2306 3848 nationes
2349 3792 2626 3861 circuivit,
2659 3794 2818 3852 ﬁdem
2853 3808 2919 3850 eo
2950 3792 3115 3849 modo
3137 3792 3354 3848 .l'aciens
3375 3797 3434 3848 et.

1849 3886 2205 3943 consentiens
2232 3885 2468 3958 hujusce
2499 3889 2802 3960 prophetiae
2827 3886 3111 3944 vaticinia.

1849 4048 1892 4100 A
1934 4051 2138 4120 psalmo
2165 4062 2279 4102 XXI.
2304 4048 2469 4120 _——De
2491 4051 2558 4105 iis
2575 4065 2697 4120 qua:
2715 4050 2765 4103 in
2786 4049 2901 4118 ipsa
2921 4046 3154 4102 salutari
3179 4043 3432 4120 passione

1955 4119 2095 4190 facta
2125 4127 2266 4175 sunt.
2295 4118 2359 4174 In
2387 4121 2548 4190 ﬁnem
2568 4118 2663 4193 pro
2687 4121 3013 4189 susceptione
3038 4118 3326 4172 matutinas.

1929 4365 1948 4399 ι
1979 4346 2145 4411 Deus,
2176 4347 2323 4404 Deus
2355 4365 2530 4416 meus,
2559 4347 2771 4418 respice
2799 4348 3004 4413 in‘me;
3032 4359 3305 4416 quare-me
3333 4344 3426 4400 de-

1850 4439 2174 4510 reliquisti?
2222 4442 2381 4513 longe
2418 4457 2450 4496 a
2497 4441 2674 4497 salute
2720 4454 2840 4494 mea
2893 4439 3056 4494 verba
3103 4436 3427 4492 delictorum

1852 4546 2125 4589 meorum.
2156 4531 2304 4588 Deus
2351 4547 2528 4597 meus,
2569 4530 2816 4586 clamabo
2853 4546 2948 4600 per
2987 4529 3128 4585 diem
3171 4528 3238 4583 ad
3269 4535 3342 4592 te,
3375 4535 3431 4584 et

1852 4639 1964 4678 non
1995 4625 2288 4692 exaudies;
2323 4633 2376 4679 et
2414 4640 2510 4696 per
2540 4633 2778 4688 noctem,
2816 4631 2870 4678 et
2908 4637 3016 4677 non
3063 4621 3131 4676 ad
3166 4619 3431 4692 insipien-

1852 4719 1986 4774 tiam
2020 4720 2170 4774 mihi.
2199 4718 2280 4773 Tu
2311 4726 2491 4774 autem
2527 4719 2580 4772 in
2606 4717 2811 4773 sanctis
2831 4715 3068 4781 habitas,
3095 4717 3216 4772 laus
3240 4714 3428 4772 Israel.

1852 4810 1912 4866 In
1941 4821 1994 4868 te
2020 4821 2382 4883 speraverant
2408 4820 2593 4882 patres
2636 4811 2835 4875 nostri,
2866 4817 3245 4880 speraverunt,
3279 4815 3333 4864 et
3367 4808 3430 4862 li-

1853 4904 2057 4960 berasti
2093 4921 2209 4960 eos.
2237 4902 2317 4958 Ad
2349 4911 2401 4959 te
2427 4904 2824 4966 clamaverunt,
2855 4910 2910 4957 et
2948 4901 3086 4956 salvi
3121 4899 3249 4954 facti
3280 4907 3428 4955 sunt.

1855 4995 1910 5050 In
1943 5003 1996 5051 te
2025 5003 2407 5066 speraverunt,
2436 5003 2490 5051 et
2522 5011 2631 5049 non
2661 5002 2790 5049 sunt
2819 4992 3057 5049 confusi.
3090 4991 3203 5062 Ego
3246 4999 3429 5045 autem

1854 5105 1976 5144 sum
2001 5090 2206 5144 vermis
2233 5097 2288 5146 et
2316 5105 2426 5146 non
2457 5089 2650 5155 homo;
2675 5087 3031 5158 opprobrium
3064 5084 3344 5140 hominum
3375 5092 3431 5140 et

1853 5181 2090 5249 abjectio
2134 5181 2330 5251 plebis.
2377 5179 2580 5236 Omnes
2621 5181 2870 5235 videntes
2909 5195 3016 5242 me,
3051 5178 3430 5234 subsannave-

1848 5281 1976 5327 runt
1995 5289 2104 5339 me,
2129 5275 2295 5328 locuti
2322 5282 2451 5330 sunt
2479 5275 2658 5340 labiis,
2686 5282 2740 5329 et
2762 5279 3049 5328 moverunt
3077 5279 3260 5341 caput.
3293 5269 3427 5341 Spe-

1845 5367 1987 5422 ravit
2015 5367 2068 5420 in
2093 5365 2326 5422 Domino
2359 5385 2372 5420 :
2405 5367 2603 5436 eripiat
2633 5382 2782 5431 eum,
2814 5366 3024 5420 salvum
3082 5363 3247 5418 faciat
3276 5377 3424 5424 eum,

1847 5463 2103 5532 quoniam
2133 5462 2248 5517 vult
2288 5477 2434 5526 eum,
2475 5461 2732 5532 quoniam
2774 5468 2830 5514 tu
2879 5475 2960 5523 es,
2995 5459 3086 5530 qui
3137 5455 3419 5513 extruxisti

1845 5572 1936 5612 me
1957 5555 2026 5612 de
2065 5564 2290 5623 ventre;
2324 5571 2450 5625 spes
2477 5569 2598 5609 mea
2637 5555 2705 5608 ab
2745 5552 3011 5608 uberibus
3040 5551 3231 5606 matris
3267 5561 3420 5602 mea.

1844 5648 1903 5704 In
1929 5657 1983 5706 te
2013 5648 2292 5720 projectus
2325 5663 2445 5703 sum
2465 5663 2528 5703 cx
2553 5653 2728 5700 utero.
2755 5645 2830 5701 De
2857 5653 3049 5700 ventre
3069 5642 3262 5698 matris
3290 5652 3424 5695 mea

1839 5744 1985 5802 Deus
2009 5759 2167 5801 meus
2191 5758 2250 5801 es
2280 5753 2362 5809 tu,
2389 5757 2458 5797 ne
2480 5739 2808 5798 discesseris
2833 5754 2863 5792 a
2895 5753 3001 5802 me,
3027 5736 3284 5808 quoniam
3315 5733 3424 5791 tiri-
