3938 6502
535 364 638 422 759

1205 365 1472 420 EUSEBII
1513 365 1996 422 CESARIENSIS
2046 365 2195 424 OPP.
2237 365 2418 434 PARS
2461 367 2524 424 ll.
2564 398 2634 408 —
2671 365 3170 440 APOLOGETICA,

3651 373 3748 434 760

533 479 744 535 bulatio
771 480 1018 550 proxima
1046 489 1152 550 est,
1183 481 1441 552 quoniam
1489 496 1596 535 non
1627 490 1708 536 est
1739 483 1832 554 qui
1861 483 2097 558 adjuvet.

2211 486 2294 556 Μὴ
2343 487 2584 556 ἀποστῇς
2639 485 2732 537 ἀπ’
2763 483 2920 554 ἐμοῦ,
2964 485 3046 538 ὅτι
3097 483 3273 550 θλίψις
3321 486 3508 554 ἐγγὺς,
3541 487 3618 540 δτι
3661 489 3750 542 οὐκ

533 569 1025 629 Cireutndederunt
1061 589 1147 628 me
1174 574 1330 626 vituli
1362 574 1554 641 multi;
1583 575 1724 630 tauri
1757 575 1984 644 pingues
2012 576 2104 630 ob-

533 662 798 720 sederunt
823 679 929 718 me.
961 663 1306 733 Aperuerunt
1334 679 1499 732 super
1527 678 1612 717 me
1638 678 1700 722 os
1723 679 1906 729 suum,
1932 671 1990 716 ut
2017 663 2102 719 leo

535 757 754 826 rapiens
790 763 842 809 et
869 756 1110 824 rugiens.
1145 753 1299 810 Sicut
1329 770 1470 825 aqua
1504 755 1709 810 effusus
1737 769 1880 818 sum,
1919 761 1973 809 et
2019 754 2104 808 di-

534 864 725 920 spersa
757 857 885 904 sunt
918 847 1100 902 omnia
1127 864 1252 906 ossa
1286 865 1425 904 mea.
1455 847 1681 902 Factum
1704 856 1896 904 estcor
1923 863 2103 902 meum

533 946 795 1010 tanquam
842 955 967 995 cera
1015 940 1346 1010 liquescens,
1381 943 1435 994 in
1489 939 1668 1004 medio
1718 939 1926 996 ventris
1975 939 2100 994 mei.

531 1031 692 1090 Aruit
731 1041 988 1103 tanquam
1017 1041 1156 1089 testa
1185 1034 1359 1092 virtus
1389 1045 1528 1086 mea.
1557 1029 1623 1084 Et
1653 1030 1834 1102 lingua
1859 1045 1977 1085 mea
2009 1027 2106 1083 ad-

533 1125 690 1180 haesit
719 1126 925 1195 gutturi
950 1141 1091 1188 meo,
1124 1133 1178 1180 et
1209 1126 1262 1179 in
1301 1126 1579 1194 pulverem
1611 1125 1802 1178 mortis
1831 1120 2103 1178 deduxisti

533 1231 620 1271 me
665 1232 678 1267 :
725 1215 888 1290 490
939 1217 1199 1286 quoniam
1265 1213 1750 1268 circumdederunt
1799 1227 1884 1267 me
1935 1225 2104 1270 canes

533 1309 711 1364 multi.
745 1309 1108 1380 Congregatio
1145 1309 1558 1378 malignantium
1593 1305 1807 1360 obsedit
1848 1320 1959 1361 me.
1998 1302 2105 1359 F0.

531 1401 732 1457 derunt
756 1418 950 1456 manus
973 1417 1121 1456 meas
1143 1409 1196 1456 et
1219 1401 1384 1471 pedes
1405 1414 1557 1455 meos
1585 1414 1597 1450 :
1621 1397 2106 1452 dinumeraverunt

532 1493 716 1548 omnia
749 1508 876 1549 ossa
907 1509 1045 1546 mea.
1077 1491 1185 1564 Ipsi
1233 1507 1361 1546 vero
1391 1491 1897 1552 eonsideraverunt,
1938 1495 1992 1543 et
2017 1489 2104 1543 in-

535 1591 838 1654 spexerunt
870 1599 954 1637 me
985 1599 997 1634 :
1031 1582 1338 1638 diviserunt
1370 1581 1694 1635 vestimenta
1727 1593 1844 1634 mea
1887 1578 2013 1644 sibi,
2049 1585 2106 1636 et

533 1691 702 1746 super
729 1682 932 1730 vestem
968 1689 1142 1738 meam
1193 1675 1462 1727 miserunt
1513 1683 1734 1727 sortem.
1771 1671 1851 1726 Tu
1898 1680 2100 1739 autem,

533 1763 784 1829 Domine,
823 1780 890 1819 ne
927 1765 1118 1836 procul
1161 1777 1415 1828 amoveas
1453 1760 1720 1816 auxilium
1769 1775 1968 1816 meum.
2020 1759 2103 1814 Ad

535 1855 939 1925 susceptionem
994 1870 1170 1909 meam
1207 1854 1436 1924 respice.
1472 1851 1634 1921 Eripe
1680 1868 1712 1906 a
1746 1851 1950 1909 framea
1983 1853 2103 1907 ani-

533 1961 678 2006 mam
711 1961 906 2016 meam,
939 1953 991 2000 et
1011 1963 1075 2006 ex
1106 1960 1267 2000 manu
1292 1945 1446 2002 canis
1475 1944 1690 1998 unicam
1713 1961 1907 2000 meam.
1943 1943 2102 2000 Salva

533 2051 621 2102 me
650 2052 710 2092 ex
745 2052 840 2096 ore
871 2037 1066 2100 leonis,
1099 2043 1154 2090 et
1187 2052 1216 2091 a
1252 2037 1514 2094 cornibus
1547 2037 1894 2093 unicornium
1925 2035 2104 2089 humi-

533 2129 742 2186 litatem
800 2145 996 2186 meam.
1053 2127 1298 2184 Narrabo
1365 2145 1564 2184 nomen
1627 2137 1780 2184 tuum
1838 2127 2102 2182 fratribus

533 2221 691 2276 meis.
724 2219 780 2275 ln
833 2220 1012 2275 medio
1063 2220 1322 2276 Ecclesia:
1373 2221 1606 2276 laudabo
1651 2230 1722 2280 te.
1766 2219 1870 2286 Qui
1902 2220 2102 2276 timetis

533 2311 845 2378 Dominum,
875 2311 1096 2368 laudate
1123 2327 1268 2366 eum.
1306 2311 1478 2368 Omne
1509 2327 1694 2372 semen
1731 2309 1902 2366 Jacob
1933 2311 2102 2381 glori-

533 2401 688 2466 ﬁcate
715 2419 863 2459 eum.
897 2403 1146 2461 Timeant
1175 2420 1298 2459 eum
1333 2419 1496 2459 omne
1525 2419 1710 2460 semen
1739 2403 1904 2459 Israel
1930 2420 1943 2468 ;
1977 2397 2104 2473 quo-

533 2496 681 2558 niam
717 2511 829 2552 non
861 2497 1088 2567 sprevit,
1114 2512 1291 2568 neque
1321 2497 1550 2552 moleste
1585 2497 1711 2564 tulit
1759 2493 2102 2566 deprecatio-

535 2602 656 2642 nem
691 2588 968 2664 pauperis,
1001 2603 1178 2658 neque
1200 2588 1395 2656 avertit
1445 2586 1638 2642 faciem
1672 2602 1824 2642 suam
1854 2603 1883 2640 a
1915 2601 2020 2650 me,
2049 2592 2104 2640 et

534 2695 660 2734 cum
717 2680 1008 2742 clamarem
1058 2680 1124 2736 ad
1156 2695 1302 2744 eum,
1342 2679 1621 2735 exaudivit
1669 2694 1774 2734 me.
1807 2679 1850 2732 A
1885 2687 1937 2734 te
1985 2678 2102 2733 laus

535 2787 653 2826 mea
685 2773 736 2832 in
773 2771 1017 2828 Ecclesia
1057 2787 1272 2844 magna.
1305 2770 1442 2826 Vota
1465 2786 1584 2825 mea
1622 2769 1848 2826 reddam
1887 2770 1942 2822 in
1971 2783 2104 2823 eon-

535 2872 726 2935 spectu
757 2864 1063 2918 timentium
1095 2879 1241 2919 eum.
1285 2861 1584 2919 Comedent
1613 2876 1900 2934 pauperes,
1933 2869 1986 2916 et
2017 2877 2104 2916 sa-.

535 2955 889 3018 turabuntur,
917 2965 972 3009 et
1004 2953 1306 3008 laudabunt
1342 2951 1652 3018 Dominum,
1685 2953 1778 3022 qui
1818 2953 2102 3016 requirunt

535 3041 704 3105 eum':
733 3048 918 3118 vivent
944 3046 1110 3102 corda
1134 3061 1320 3100 eorum
1371 3045 1427 3099 in
1468 3045 1728 3100 saeculum
1763 3044 1966 3100 saeculi.
1996 3042 2101 3102 Iter

537 3142 900 3196 miniscentur
942 3147 997 3196 et
1031 3145 1421 3195 convertentur
1465 3137 1533 3192 ad
1575 3136 1862 3191 Dominum
1912 3152 2102 3199 omnes

541 3232 676 3288 ﬁnes
708 3240 886 3295 terrae,
926 3239 982 3292 et
1033 3231 1339 3286 adorabunt
1373 3230 1431 3288 in
1482 3238 1780 3300 conspectu
1809 3229 1929 3299 ejus
1979 3230 2104 3283 uni-

539 3339 712 3386 versae
745 3323 962 3390 familia:
1004 3327 1284 3400 gentium;
1318 3321 1578 3392 quoniam
1631 3317 1847 3374 Domini
1892 3327 1976 3378 est.
2016 3333 2103 3374 re-
2131 3362 2175 3419 ϐ

539 3431 727 3487 gnum,
769 3423 821 3488 et
849 3415 965 3486 ipse
1009 3415 1323 3470 dominatur
1351 3413 1643 3485 gentibus;
1676 3409 2032 3468 comederunt
2053 3418 2108 3474 et

540 3508 908 3565 adoraverunt
952 3521 1143 3562 omnes
1197 3507 1428 3578 pingues
1471 3509 1652 3569 terrae,
1700 3501 1760 3556 in
1810 3509 2106 3573 conspectu

540 3599 664 3669 ejus
726 3597 1082 3670 prolabentur
1135 3613 1347 3663 omnes,
1389 3597 1482 3667 qui
1522 3594 1862 3654 descendunt
1910 3594 1966 3649 in
1999 3603 2110 3650 ter.-

543 3707 682 3755 ram,
715 3697 769 3745 et
793 3691 974 3760 anima
1021 3705 1138 3754 mea
1173 3691 1249 3743 illi
1282 3691 1437 3752 vivit,
1476 3696 1532 3744 et
1571 3703 1758 3746 semen
1789 3703 1968 3742 meum
1993 3701 2110 3744 ser-

539 3783 652 3838 viet
689 3783 760 3848 ei,
797 3781 1214 3844 annuntiabitur
1259 3779 1490 3844 Domino
1528 3781 1806 3854 generatio
1856 3787 2106 3842 ventura,

541 3884 597 3930 et
624 3875 1028 3946 annuntiabunt
1056 3875 1325 3944 justitiam
1349 3875 1472 3944 ejus
1495 3875 1696 3948 populo
1713 3873 1805 3944 qui
1827 3878 2108 3949 nascetur,

542 3980 704 4037 quem
739 3965 866 4020 fecit
896 3965 1270 4026 Dominus“.t
1305 3964 1442 4024 lllud
1473 3965 1692 4037 quidem
1729 3963 1930 4030 «Deus,
1967 3961 2110 4018 Deus

545 4071 719 4123 meus,
750 4057 961 4128 respice
989 4059 1042 4111 in
1074 4073 1180 4125 me,
1218 4073 1390 4128 quare
1415 4057 1748 4130 dereliquisti
1779 4055 1901 4112 me?
1921 4075 1939 4108 ι
1965 4053 2111 4126 quod

543 4149 703 4204 initio
732 4149 927 4220 psalmi
947 4148 1152 4220 dictum
1185 4161 1290 4216 est,
1325 4164 1356 4203 a
1389 4147 1668 4212 Salvatore
1699 4157 1911 4212 nostro,
1947 4155 2005 4201 ut
2028 4155 2112 4218 est

543 4241 688 4312 apud
709 4240 1045 4312 Matthazum,
1077 4241 1199 4312 ipso
1222 4242 1494 4314 passionis
1518 4250 1757 4312 tempore
1773 4239 1978 4294 dictum
2001 4245 2106 4302 est,

544 4333 600 4390 in
653 4333 799 4388 hunc
837 4332 1098 4403 modum:
1138 4351 1158 4384 ‹
1190 4333 1236 4386 Α
1278 4341 1432 4399 sexta
1480 4339 1661 4400 autem
1703 4332 1835 4386 hora
1875 4329 2113 4397 tenebris;

545 4425 708 4482 facta:
734 4431 864 4480 sunt
896 4439 1062 4496 super
1110 4427 1422 4484 universam
1467 4432 1668 4480 terram
1708 4437 1882 4493 usque
1913 4422 1982 4477 ad
2012 4421 2113 4476 ho-

543 4533 662 4572 ram
691 4533 917 4582 nonam,
951 4524 1005 4572 et
1035 4517 1171 4572 hora
1199 4532 1342 4572 nona
1367 4517 1620 4574 clamavit
1649 4513 1810 4570 Jesus
1848 4529 1980 4578 voce
2004 4529 2115 4578 ma-

542 4625 647 4680 gna
673 4627 689 4664 :
715 4608 913 4672 Eloim,
964 4607 1160 4670 Eloim,
1209 4611 1408 4663 lamma
1449 4605 1833 4670 sabachtliani,
1872 4603 2017 4675 quod
2044 4620 2111 4680 οξ

2208 577 2354 632 ἐστιν
2399 581 2426 630 ὁ
2479 575 2707 648 βοηθῶν.
2748 575 3199 648 Περιεκύκλωσάν
3233 594 3299 647 με
3331 577 3522 648 μόσχοι
3562 578 3748 642 πολλοὶ,

2204 669 2392 744 ταῦροι
2422 670 2600 731 πίονες
2629 667 2914 738 περιέσχον
2945 666 3296 738 με.Ἤνοιξαν
3325 669 3411 722 ἐπ’
3437 668 3538 740 ἐμὲ
3567 669 3625 722 τδ
3647 671 3752 723 cs6-

2207 779 2284 831 μα
2321 759 2519 824 αὐτῶν,
2549 759 2624 822 ὡς
2667 759 2802 812 λέων
2849 757 3110 830 ἁρπάζων
3154 759 3248 813 κα)⁸
3287 760 3753 831 ὠρυόμενος.⁹ασεὶ

2205 852 2348 922 ὕδωρ
2372 851 2651 922 ἐξεχύθην,
2676 852 2769 904 καὶ
2789 850 3173 922 διεσκορπίσθη
3201 852 3376 906 πάντα
3402 853 3469 906 τὰ
3493 855 3624 908 όστᾶ
3646 873 3750 924 μου.

2217 943 2475 1015 Ἐγενήθη
2509 945 2539 1016 ή
2569 943 2764 1016 καρδία
2794 962 2893 1014 μου
2923 943 3053 996 ὡσεὶ
3073 943 3240 1014 κηρὸς
3267 943 3566 1014 τηκόμενος
3589 947 3642 998 ἐν
3669 947 3752 1014 μὲ-

2206 1051 2282 1103 σῳ
2309 1034 2408 1102 τῆς
2439 1033 2644 1097 κοιλίας
2676 1050 2796 1104 μου.
2815 1032 3113 1104 Ἑξηρόινθη
3144 1033 3218 1096 ὡς
3248 1031 3514 1103 ὄστρακον
3559 1035 3592 1104 ἡ
3621 1033 3752 1104 ἰσχύς

2208 1142 2331 1196 μου,
2361 1126 2453 1180 καὶ
2481 1127 2514 1196 ή
2543 1125 2764 1193 γλῶσσά
2791 1142 2889 1196 μου
2921 1124 3243 1193 κεκόλληται
3267 1124 3346 1195 τῷ
3379 1124 3612 1195 λὰρυγγί
3645 1143 3753 1196 μου,

2207 1218 2298 1288 καὶ
2335 1217 2416 1280 είς
2444 1215 2571 1288 χοῦν
2611 1216 2840 1286 θανάτου
2867 1215 3177 1288 κατήγαγες
3209 1232 3274 1286 με
3298 1232 3311 1246 ·
3353 1218 3434 1270 ὅτι
3461 1217 3754 1272 ἐκύκλωσαν

2207 1327 2274 1382 με
2326 1309 2485 1372 κύνες
2535 1309 2741 1374 πολλοὶ,
2770 1309 3058 1378 συναγωγὴ
3105 1309 3555 1381 πονηρευομὲνων
3617 1327 3755 1379 περι-

2205 1403 2360 1473 έσχον
2393 1401 2722 1472 με.Ὤρυξαν
2751 1400 2937 1472 χεῖράς
2973 1418 3072 1472 μου
3102 1403 3193 1460 καὶ
3222 1402 3386 1465 πόδας
3441 1419 3566 1472 μου,
3593 1401 3754 1471 ἐξηρί-

2206 1493 2422 1564 θμησαν
2443 1493 2620 1547 πάντα
2648 1493 2716 1548 τὰ
2743 1494 2876 1547 ὀστᾶ
2911 1511 3030 1564 μου.
3051 1493 3208 1546 Αὐτοὶ
3237 1494 3293 1546 δὲ
3323 1493 3654 1562 κατενόησαν
3677 1493 3756 1545 καὶ

2205 1585 2415 1654 ἐπεῐδόν
2447 1602 2514 1656 με
2533 1601 2545 1613 ·
2581 1585 2955 1656 διεμερίσαντο
2985 1583 3053 1638 τὰ
3080 1586 3269 1655 ἱμάτιά
3295 1603 3394 1656 μου
3417 1588 3648 1647 ἑαυτοῖς,
3679 1587 3756 1638 καὶ

2205 1677 2298 1730 ἐπὶ
2323 1675 2413 1729 τὸν
2439 1676 2726 1746 ἱματισμόν
2757 1693 2856 1747 μου
2888 1675 3074 1732 ἔϐαλον
3099 1677 3318 1747 κλῆρον.
3347 1679 3419 1730 Σὺ
3456 1677 3538 1741 δὲ,
3585 1677 3754 1749 Κύριε,

2209 1769 2282 1840 μὴ
2319 1768 2600 1841 μακρύνῃς
2643 1766 2742 1840 τὴν
2788 1768 3036 1840 βοήθειάν
3071 1787 3195 1841 μου,
3229 1773 3308 1834 είς
3353 1769 3452 1841 τὴν
3495 1769 3756 1841 ἀντίληιῖρίν

2209 1880 2308 1933 μου
2354 1862 2813 1934 πρόσχες.Ῥῦσαι
2861 1863 2968 1918 ἀπὸ
2993 1863 3286 1934 ῖρομφαξας
3325 1864 3424 1935 τὴν
3449 1864 3626 1935 ψυχήν
3651 1881 3754 1934 μου,

2207 1956 2302 2009 καὶ
2343 1955 2408 2008 ἐκ
2451 1953 2632 2026 χειρὸς
2663 1955 2820 2022 κυνὸς
2847 1956 2946 2026 τὴν
2977 1957 3234 2027 μονογενῆ
3267 1973 3387 2027 μου.
3415 1955 3596 2008 Σῶσόν
3627 1972 3686 2025 με
3705 1958 3758 2008 ἐκ

2210 2046 2473 2118 στόματος
2493 2046 2722 2110 λέοντος,
2750 2047 2844 2100 καὶ
2877 2047 2984 2101 ἀπὸ
3003 2047 3243 2119 κεράτων
3275 2065 3464 2120 μονοκε
3473 2033 3658 2120 ρώτων
3675 2048 3757 2119 τὴν

2209 2139 2532 2193 ταπείνωσίν
2567 2157 2686 2210 μου.
2721 2139 3059 2210 Διηγήσομαι
3087 2139 3148 2193 τὸ
3176 2139 3346 2210 ὄνομά
3375 2157 3468 2194 σου
3501 2144 3614 2204 τοῖς
3635 2140 3759 2194 ἀδελ-

2211 2233 2330 2300 φοῖς
2365 2248 2486 2302 μου,
2513 2231 2571 2284 ἐν
2599 2231 2748 2302 μέσῳ
2785 2231 3106 2303 Ἐκκλησίας
3143 2233 3367 2303 ὑμνήσω
3389 2249 3472 2286 σε.
3503 2234 3568 2286 υί
3597 2231 3760 2302 φοϐού-

2215 2338 2364 2393 μενοι
2389 2322 2479 2375 τὸν
2507 2321 2729 2392 Κύριον,
2763 2320 3013 2374 αίνέσατε
3038 2321 3197 2375 αὐτόν
3217 2339 3230 2352 ·
3277 2322 3421 2375 ἅπαν
3463 2321 3526 2374 τὸ
3565 2321 3757 2392 σπέρμα

2223 2412 2434 2476 Ἰακὼϐ,
2474 2413 2730 2479 δοξάσατε
2773 2413 2954 2467 αὐτόν.
2995 2412 3387 2485 Φοϐηθήτωσαν
3425 2413 3591 2467 αὐτὸν
3635 2413 3758 2467 ᾶπαν

2209 2507 2269 2560 τὸ
2299 2507 2520 2578 σπέρμα
2560 2505 2801 2577 Ἰσραήλ·
2831 2505 2912 2560 ὅτι
2938 2505 3036 2558 οὐκ
3062 2505 3410 2572 ἐξουδένωσεν
3449 2504 3570 2558 οὐδὲ
3615 2521 3759 2578 προσ-

2209 2595 2408 2668 axem
2445 2599 2510 2667 τῇ
2543 2596 2720 2667 δεήσει
2769 2595 2860 2648 τοῦ
2912 2595 3128 2666 πτωχοῦ
3149 2635 3162 2659 ,
3209 2595 3330 2649 οὐδὲ
3373 2595 3678 2666 ἀπέστρεψε
3707 2597 3758 2650 τὸ

2211 2688 2498 2760 πρόσωπον
2525 2685 2688 2742 αὑτοῦ
2729 2687 2822 2741 ἀπ’
2854 2687 3007 2758 ἐμοῦ,
3041 2687 3134 2740 καὶ
3160 2689 3218 2740 ἐν
3243 2686 3322 2756 τῷ
3351 2687 3674 2758 κεκραγέναι
3701 2701 3758 2756 με

2209 2781 2346 2851 πρὸς
2374 2780 2552 2845 αὑτὸν,
2583 2779 2865 2850 εἰσήκουσέ
2901 2796 3024 2850 μου.
3055 2777 3213 2852 Παρὰ
3235 2777 3328 2831 σοῦ
3356 2779 3386 2830 ὁ
3414 2778 3630 2842 ἔπαινός
3671 2793 3756 2848 μου

2210 2874 2266 2924 ἐν
2315 2871 2608 2944 Ἐκκλησία
2644 2872 2853 2945 μεγάλῃ
2873 2887 2887 2904 ·
2920 2870 3018 2936 τὰς
3050 2871 3212 2942 εὐχάς
3261 2888 3359 2942 μου
3402 2867 3660 2924 ἀποδώσω
3685 2871 3758 2920 ὲν-

2208 2964 2376 3018 ώπιον
2406 2963 2512 3017 τῶν
2537 2965 2699 3034 φοϐου
2708 2965 2883 3036 μένων
2916 2963 3095 3018 αὐτόν.
3121 2965 3386 3030 Φάγονται
3419 2961 3660 3030 πένητες,
3679 2960 3760 3012 καὶ

2209 3055 2701 3128 ἐμπλησθήσονται,
2735 3059 2825 3112 καὶ
2869 3059 3137 3112 alveo-eum
3183 3055 3385 3128 Κύριον
3413 3056 3462 3109 οἱ
3489 3053 3758 3120 ἐπιζητοῦν-

2209 3169 2297 3216 τες
2327 3151 2515 3205 αὐτόν*
2545 3149 2798 3222 ζήσονται
2829 3153 2884 3205 αί
2916 3150 3135 3220 καρδίαι
3165 3149 3343 3203 αὐτῶν
3381 3148 3463 3212 εἰς
3491 3146 3658 3202 αἰῶνα
3679 3143 3760 3196 τοῦ

2209 3243 2420 3306 αἰῶνος.
2485 3243 2901 3313 Μνησθήσονται
2954 3242 3046 3295 καὶ
3105 3240 3596 3310 ἐπιστραφήσονται
3641 3235 3763 3308 πρὸς

2209 3334 2410 3407 Κύριον
2436 3334 2614 3388 πάντα
2639 3333 2708 3386 τὰ
2735 3333 2951 3404 πέρατα
2975 3331 3076 3402 τῆς
3099 3331 3224 3401 γῆς,
3255 3330 3350 3384 καὶ
3379 3331 3764 3400 προσκυνήσου-

2210 3443 2292 3496 σιν
2325 3423 2550 3480 ἐνώπιον
2583 3424 2744 3480 αὑτοῦ
2778 3425 2946 3478 πᾶσαι
2985 3426 3042 3477 αἱ
3077 3423 3306 3493 πατριαὶ
3328 3421 3435 3491 τῶν
3466 3420 3666 3474 ἐθνῶν⁸
3691 3421 3762 3472 ὅτι

2207 3518 2300 3572 τοῦ
2351 3517 2555 3589 Κυρίου
2611 3520 2644 3588 ἡ
2694 3516 2956 3588 βασιλεία,
3017 3515 3111 3570 καὶ
3165 3513 3326 3577 αὐτὸς
3376 3513 3620 3576 δεσπόζει
3667 3510 3762 3564 τῶν

2208 3609 2646 3679 ἐθνῶν.Ἔφαγον
2687 3609 2781 3662 καὶ
2813 3607 3226 3679 προσεκύνησαν
3271 3605 3472 3670 πάντες
3515 3607 3564 3658 οἱ
3599 3604 3763 3666 πίονες

2208 3701 2305 3776 τῆς
2327 3701 2449 3770 γῆς,
2478 3698 2707 3754 ἐνώπιον
2731 3697 2897 3752 αὐτοῦ
2930 3695 3368 3769 προσπεσοῦνται
3391 3697 3590 3757 πάντες
3613 3695 3658 3746 οἱ
3679 3709 3765 3744 κα·

2209 3789 2554 3864 ταϐαίνοντες
2584 3791 2663 3854 είς
2699 3789 2798 3860 τὴν
2828 3788 2948 3860 γῆν.
2981 3789 3091 3840 Καὶ
3117 3789 3150 3858 ή
3175 3787 3316 3856 ψυχή
3369 3801 3468 3854 μου
3519 3783 3664 3854 αύτῷ
3683 3782 3758 3852 ζῇ,

2210 3884 2303 3936 καὶ
2336 3883 2397 3936 τὸ
2438 3882 2656 3953 σπέρμα
2692 3899 2794 3952 μου
2837 3879 3112 3933 δουλεύσει
3145 3877 3314 3950 αὐτῷ,
3331 3876 3762 3947 Ἀναγγελήσεται

2208 3974 2286 4046 τῷ
2321 3975 2508 4048 Κυρίῳ
2555 3975 2716 4044 γενεὰ
2746 3975 2779 4044 ή
2815 3972 3106 4045 ἐρχομένη,
3151 3971 3244 4024 καὶ
3282 3967 3638 4042 ἀναγγελοῦσι
3677 3967 3762 4037 τήν

2208 4066 2554 4137 δικαιοσύνην
2577 4063 2740 4119 αὑτοῦ
2773 4063 2885 4136 λαῷ
2917 4063 2995 4134 τῷ
3016 4059 3414 4132 τεχθησομὲνῳ,
3442 4059 3502 4112 ὃν
3531 4058 3762 4128 ἐποίησεν

2209 4159 2238 4212 ὁ
2271 4158 2490 4230 Κύριος.
2523 4177 2541 4210 ›
2575 4156 2667 4220 Τὸ,
2702 4174 2720 4208 ι
2743 4157 2800 4209 ’0
2846 4155 2976 4218 Θεός
3011 4171 3132 4226 μου,
3163 4151 3397 4224 πρόσχες
3451 4166 3544 4220 μοι
3569 4167 3581 4180 ·
3615 4150 3698 4202 ἵνα
3719 4145 3763 4199 τί

2211 4247 2563 4318 ἐγκατέλιπές
2604 4264 2699 4318 με;
2731 4266 2748 4300 ι
2776 4248 2832 4300 ἐν
2859 4247 3056 4318 ἀρχαῖς
3087 4243 3179 4298 τοῦ
3211 4241 3422 4314 ψαλμοῦ
3471 4241 3759 4310 λεγόμενον,

2211 4340 2352 4410 κατὰ
2382 4339 2473 4394 τὸν
2501 4337 2774 4394 Ματθαῖον
2802 4337 2906 4406 ύπὸ
2939 4335 3030 4389 τοῦ
3059 4333 3309 4404 Σωτῆρος
3333 4330 3493 4403 ἡμῶν
3521 4330 3664 4402 παρὰ
3684 4327 3762 4381 τὸν

2211 4411 2304 4489 τοῦ
2339 4431 2558 4500 ιπάθους
2610 4430 2796 4506 καιρὸν
2843 4427 3012 4491 οὕτως
3056 4425 3298 4498 εἴρηται·
3345 4442 3363 4476 ι
3391 4423 3682 4493 Γενομέπις
3713 4419 3760 4471 δὲ

2213 4521 2362 4594 ᾧρας
2405 4522 2590 4592 ἕκτης,
2621 4522 2807 4584 σκότος
2854 4519 3069 4588 ἐγένετο
3108 4517 3192 4588 ἐφ’
3223 4515 3352 4586 ὃλην
3395 4512 3496 4585 τὴν
3515 4511 3638 4582 γῆν,
3673 4511 3764 4570 ἕως

2215 4615 2363 4688 ὥρας
2393 4614 2650 4684 ἐννάτης”
2679 4613 2773 4688 καὶ
2813 4613 2880 4688 τῇ
2927 4609 3118 4681 ἐννάτῃ
3165 4605 3284 4680 ὥρᾳ.
3321 4605 3545 4676 ἐϐόησεν
3585 4598 3764 4674 Ἰησοῦς

545 4699 997 4770 interpretatione
1018 4708 1136 4755 est:
1159 4697 1326 4767 Deus,
1356 4699 1500 4755 Deus
1539 4715 1716 4762 meus,
1746 4713 1916 4768 quare
1957 4696 2106 4752 dere-

2215 4711 2364 4780 φωνῇ
2403 4705 2644 4780 μεγάλῃ·
2685 4702 3202 4778 Ἐλωεὶμ,Ἐλωεὶμ,
3229 4699 3425 4771 λαμμᾶ
3455 4695 3762 4766 σαϐαχθανὶ,

543 4791 754 4860 liquisti
787 4791 962 4846 me"?
995 4811 1014 4843 ι
1056 4801 1278 4862 accepta
1307 4807 1435 4850 vero
1477 4797 1606 4850 sunt
1643 4788 1909 4846 Hebraica
1947 4789 2115 4860 verba

543 4899 610 4940 ει
645 4899 731 4946 ea,
769 4899 890 4954 quae
917 4897 1063 4938 nunc
1091 4889 1178 4940 est
1214 4883 1270 4938 in
1300 4883 1552 4942 manibus
1597 4880 1901 4954 prophetia.
1933 4877 2115 4950 Siqui-

544 4975 670 5031 dem
711 4975 798 5032 vel
844 4975 1036 5036 iisdem
1087 4976 1312 5048 syllabis
1355 4976 1492 5030 illud
1543 4975 1724 5045 ipsum
1761 4989 1774 5024 :
1823 4989 1842 5024 ι
1881 4971 1963 5026 Eli
2009 4971 2113 5036 Eli,

543 5067 744 5122 lamma
765 5065 1144 5136 sabaehthani,
1170 5087 1190 5120 ι
1219 5065 1376 5140 initio
1393 5066 1588 5137 psalmi
1609 5064 1942 5130 continetur;
1969 5063 2112 5133 quod

543 5157 742 5228 Aquila
778 5159 834 5215 in
870 5159 1018 5218 hunc
1055 5159 1279 5216 modum
1327 5158 1719 5234 interpretatus
1767 5166 1894 5214 est:
1928 5175 1948 5208 ι
1979 5154 2115 5211 For-

542 5251 618 5306 tis
673 5267 848 5318 meus,
897 5253 1056 5308 fortis
1116 5267 1312 5318 meus,
1360 5267 1532 5322 quare
1576 5249 1922 5322 dereliquisti
1973 5248 2114 5304 me?

541 5341 706 5416 49],
747 5343 916 5402 Porro
942 5345 1088 5416 quod
1121 5345 1236 5400 haec
1263 5343 1507 5400 eamdem
1554 5359 1678 5398 cum
1715 5341 1803 5406 iis,
1838 5355 1957 5413 quae
1985 5355 2113 5412 pas-

547 5434 720 5488 sionis
770 5443 1014 5506 tempore
1063 5451 1096 5489 a
1158 5433 1438 5491 Salvatore
1491 5442 1680 5493 nostro
1743 5432 1890 5494 dicta
1946 5437 2110 5496 sunt,

546 5523 783 5582 habeant
813 5526 944 5592 vim,
981 5543 1141 5583 nemo
1181 5528 1368 5597 utique
1415 5527 1711 5598 negaverit.
1741 5523 1982 5598 Tempus
2013 5522 2115 5594 igi-

549 5625 640 5672 tur
663 5619 776 5688 jam
809 5635 958 5676 nunc
985 5621 1147 5678 fuerit
1189 5623 1460 5692 psalmum
1513 5622 1692 5692 ipsum
1735 5623 1942 5692 absque
1976 5635 2112 5678 con-

547 5712 814 5768 troversia
839 5711 906 5766 ad
938 5712 1102 5766 alium
1135 5714 1342 5769 nullum
1375 5711 1600 5776 referre,
1621 5727 1784 5784 quam
1817 5711 1883 5766 ad
1916 5709 2066 5766 illum
2095 5731 2110 5772 ι

621 5801 666 5836 ³⁸
703 5801 846 5858 Psal.
882 5820 1008 5872 ut,
1038 5804 1188 5859 ευδτ.
1269 5805 1312 5836 ⁸⁷
1355 5805 1545 5861 Matth.
1577 5819 1725 5856 xxvn
1750 5823 1780 5867 ,ί
1837 5801 2022 5866 ιδ,ιο.

2212 4803 2240 4856 ὅ
2269 4801 2384 4852 ἐστι
2425 4789 2958 4868 μεθερμηνευόμενον
2978 4812 2992 4824 ·
3031 4794 3087 4846 '0
3113 4792 3261 4856 Θεὸς,
3284 4793 3312 4844 ό
3337 4789 3467 4852 Θεός
3491 4787 3707 4860 μου,ἵνα
3721 4783 3764 4835 τί

2215 4889 2568 4966 ἐγκατέλιπές
2596 4905 2696 4959 με;
2737 4907 2754 4950 ι
2788 4887 3040 4959 είληπται
3079 4885 3136 4940 δὲ
3163 4887 3196 4956 ὴ
3223 4881 3486 4953 Ἑϐραῐκὴ
3515 4879 3653 4943 λέξις
3675 4873 3764 4930 ἀπὸ

2213 4982 2313 5054 τῆς
2343 4982 2399 5033 ἐν
2428 4979 2584 5052 χερσὶ
2609 4977 2960 5051 προφητείας.
2991 4975 3186 5040 Δύταίς
3212 4973 3342 5044 γοῦν
3377 4971 3660 5033 συλλαϐαῖς
3695 4967 3763 5028 τὺ,

2221 5092 2240 5124 ι
2265 5070 2432 5136 Ἠλεὶ,
2450 5069 2616 5134 Ἠλεὶ,
2640 5069 2833 5139 λαμμᾶ
2857 5065 3171 5136 σαϐαχθανὶ,
3197 5085 3215 5118 ι
3247 5067 3279 5136 ή
3301 5061 3396 5117 τοῦ
3419 5059 3632 5132 ψαλμοῦ
3660 5071 3762 5110 κατε

2217 5166 2362 5240 αρχὴ
2394 5163 2657 5238 περιέχει,
2674 5163 2810 5233 ὅπερ
2827 5164 2856 5214 ὁ
2883 5161 3113 5224 ’Δκύλας
3130 5157 3318 5216 τοῦτον
3363 5156 3668 5228 ἡρμήνευσε
3687 5146 3762 5240 ται

2217 5237 2444 5330 τρόπον·
2470 5237 2492 5306 “.
2516 5255 2725 5327 Ἰσχυρέ
2751 5271 2872 5325 μου,
2901 5252 3084 5324 ίσχυρέ
3112 5269 3232 5323 μου,
3257 5251 3344 5306 ἵνα
3364 5249 3416 5302 τί
3438 5237 3761 5330 ἐγκατέλιπές

2222 5325 2324 5421 ps;
2359 5369 2377 5400 ι
2411 5325 2600 5407 Ταῦτα
2613 5325 2677 5401 δὲ-
2695 5347 2775 5400 ὅτι
2803 5349 2915 5408 τοῖς
2943 5333 3048 5398 ὕπὸ
3073 5341 3166 5396 τοῦ
3197 5341 3450 5412 Σωτῆρος
3475 5336 3624 5408 ἡμῶν
3641 5325 3760 5386 κατά

2217 5442 2309 5495 τὸν
2319 5439 2627 5510 τοῦκπάθους
2644 5439 2831 5507 καιρὸν
2847 5440 2966 5509 είρη
2975 5435 3150 5507 μένοις
3171 5429 3604 5502 ἱσοδυναμεῖκπᾱ
3617 5427 3757 5510 ὁστισ-

2219 5533 2312 5588 οῦν
2357 5507 2685 5604 ὁμολογήσαι
2721 5507 2964 5598 ἄν.Ὢρα
2979 5524 3264 5598 τοιγαροῦν
3289 5519 3660 5593 ἀναμφιλόγως
3685 5507 3758 5562 τίεν

2218 5625 2430 5695 ψαλμὸν
2455 5623 2561 5678 οὐδ’
2595 5624 2680 5692 ἐφ’
2703 5623 2886 5694 ἕτερον
2913 5621 2946 5692 ἢ
2975 5619 3068 5672 ἐπὶ
3101 5618 3256 5690 μόνον
3287 5615 3448 5669 αὑτὸν
3481 5605 3755 5695 ἀναφέρειντ

2232 5687 2579 5788 emissam
2601 5687 2746 5784 μόνῳ
2761 5687 2852 5768 καὶ
2871 5687 3134 5784 οὐδετέρῲ
3157 5707 3382 5782 ἁρμόζει
3404 5705 3472 5760 τὰ
3493 5687 3770 5777 ἐμπιριιχδ
