3938 6506
185 403 270 457 751

1116 402 1766 464 DEMONSTRATIONIS
1798 402 2258 459 EVANGELICE
2298 400 2423 456 LIB.
2461 400 2524 456 Χ.

3296 395 3401 451 762

182 539 323 595 lava.
334 524 629 594 Ἀντικρυς
639 525 766 588 γοῦν
778 528 861 579 ἐπ’
876 526 1022 597 αὐτῷ
1034 544 1099 580 πε
1109 528 1212 597 πλη
1221 546 1295 598 ρω
1302 530 1434 599 μένα
1448 528 1517 582 τά
1530 544 1588 580 τε
1603 527 1727 581 ἄλλο

1839 524 2273 595 quandoquidem
2326 522 2401 577 illi
2446 522 2540 576 uni
2588 528 2643 576 et
2681 518 2811 573 nulli
2844 524 3099 587 praeterea
3140 514 3251 578 alii,
3282 530 3403 585 qua:

175 615 565 679 ἀποδείκνυται,
582 628 674 677 και
700 618 762 688 δὴ
788 620 848 671 τὸ
877 620 1081 689 φάσκον
1100 622 1157 672 ἐν
1177 621 1376 691 ψαλμῷ
1393 637 1406 651 ·
1445 639 1462 671 ι
1490 620 1727 692 Διεμερίι

1840 618 1897 670 in
1929 632 1994 670 eo
2016 616 2387 676 continentur,
2419 612 2770 669 conveniunt.
2803 608 3127 663 Planissime
3155 608 3320 679 igitur
3345 609 3402 663 in

180 726 324 762 σαντο
347 707 418 761 τὰ
449 710 647 780 ἱμάτιὰ
688 728 787 781 μου
821 714 1052 778 ἑαυτοῖς,
1095 715 1190 768 καὶ
1218 716 1309 767 ἐπὶ
1336 716 1424 768 τὸν
1451 716 1739 787 ἱματισμόν

176 816 270 865 μου
321 798 513 852 ἔϐαλον
568 802 785 873 κλῆρον.
822 822 839 853 ι
873 805 982 857 Καὶ
1022 805 1122 875 τὴν
1173 806 1516 877 κατάπαρσιν
1543 807 1599 859 δὲ
1631 806 1740 859 τῶν

172 884 326 955 ἥλων,
357 886 469 940 τῶν
496 890 637 943 κατὰ
660 890 769 942 τῶν
796 893 992 963 χειρῶν
1026 896 1117 947 καὶ
1141 894 1313 948 ποδῶν
1342 896 1431 949 ἐπὶ
1459 896 1551 949 τοῦ
1581 914 1740 949 σταυ-

172 979 262 1048 ροῦ
280 980 738 1051 προσηλωθέντων
754 984 918 1055 αὐτῷ,
936 985 1227 1058 διαρρήδην
1251 987 1523 1058 ἐμφαίνει,
1541 988 1733 1056 λέγων’

175 1072 436 1142 ιὨρυξτν
483 1076 673 1143 χεῖρας
725 1093 823 1145 μου
869 1079 962 1131 καὶ
1012 1079 1178 1143 πόδας
1219 1098 1338 1150 μου,
1366 1079 1737 1151 ἐξηρίθμησαν

169 1166 338 1216 πάντα
365 1164 433 1217 τὰ
466 1165 604 1218 ὀστᾶ
634 1183 755 1235 μου.
790 1187 807 1217 ι
835 1169 944 1221 Καὶ
966 1169 1032 1224 τὰ
1054 1169 1213 1223 λοιπὰ
1238 1171 1292 1224 δὲ
1320 1172 1463 1241 μόνῳ
1485 1172 1548 1224 ἂν
1571 1174 1737 1245 ἐφαρ-

169 1256 324 1325 μόσαι
368 1255 538 1325 αύτῷ,
584 1257 656 1320 ὠς
705 1258 907 1329 προῖὼν
952 1263 980 1313 6
1027 1261 1179 1328 λόγος
1218 1265 1573 1333 παραστήσει.
1594 1266 1663 1317 Ἦ
1708 1267 1737 1318 6

167 1348 479 1417 βουλόμενος
506 1350 589 1418 ἐφ’
609 1350 793 1421 ἕτερον
824 1353 1141 1421 μεταλαϐεῖν
1166 1357 1470 1427 πρόσωπον,
1497 1359 1611 1429 ἤτοι
1641 1359 1738 1428 βα-

164 1438 370 1503 σιλέως,
405 1438 438 1509 ἢ
469 1443 768 1512 προφήτου,
801 1444 833 1513 ἦ
866 1445 957 1497 καί
996 1464 1139 1509 τινος
1183 1448 1289 1501 τῶν
1332 1448 1547 1504 πώποτε
1585 1453 1735 1523 παρὰ

174 1526 441 1591 Ἰουδαίοις
474 1529 756 1599 θεοφιλῶν,
788 1532 1066 1597 δεικνύτω,
1102 1539 1149 1590 εἰ
1193 1532 1301 1601 οἷός
1333 1556 1390 1590 τε
1420 1540 1525 1609 εἴη,
1566 1541 1735 1611 ἐφαρ-

165 1615 342 1685 μόζειν
376 1618 444 1671 τὰ
477 1620 960 1692 ἀναγεγραμμένα.
978 1626 1093 1678 Τίνι
1116 1626 1222 1696 γὰρ
1241 1628 1347 1679 τῶν
1375 1629 1589 1682 πώποτε
1611 1647 1735 1683 κυο-

161 1710 507 1779 φορουμένων
554 1714 648 1764 ἐπὶ
690 1714 939 1768 τοσοῦτον
983 1717 1163 1789 παρῆν
1212 1719 1411 1791 ἀρετῆς
1443 1722 1538 1774 καὶ
1570 1722 1733 1775 δυνά-

162 1818 321 1871 μεως,
353 1802 497 1856 ὥστε
540 1805 843 1860 καθεστῶτι
885 1809 1145 1880 λογισμῷ,
1180 1812 1273 1865 xui
1310 1814 1597 1884 ἀσυγχύτῳ
1629 1814 1731 1883 ψυ-

1836 711 1931 766 illo
1956 726 2079 764 cum
2128 710 2230 763 alia
2286 709 2551 778 completa
2586 722 2708 763 esse
2761 712 2997 768 constat,
3045 719 3164 771 qua:
3213 703 3267 756 in
3299 701 3405 758 hoc

1838 804 2050 872 psalmo
2080 804 2351 871 leguntur,
2394 808 2506 853 tum
2558 815 2686 853 vero
2719 797 2880 853 etiam
2941 795 3075 850 illud
3132 793 3277 864 quod
3327 794 3405 847 ita

1839 894 1913 947 ait
1946 913 1957 947 :
1989 913 2005 945 ι
2052 892 2360 948 Diviserunt
2409 891 2729 944 vestimenta
2783 902 2900 942 mea
2958 886 3084 951 sibi,
3138 892 3192 939 et
3242 900 3405 953 super

1836 999 2040 1040 vestem
2084 1000 2255 1039 meam
2310 986 2574 1037 miserunt
2634 988 2859 1036 sortem.
2935 998 2953 1031 ι
3003 976 3402 1046 Trajectionetn

1836 1093 1965 1131 vero
1998 1077 2272 1129 clavorum
2308 1074 2400 1144 qui
2454 1075 2598 1127 illius
2647 1073 2900 1125 manibus
2957 1086 3020 1125 ac
3070 1069 3298 1138 pedibus
3348 1067 3403 1120 in

1838 1185 1998 1224 eruce
2040 1167 2178 1221 afﬁxi
2237 1175 2383 1227 sunt,
2420 1166 2827 1220 evidentissime
2861 1163 3085 1226 indicat,
3121 1161 3246 1215 dum
3277 1160 3352 1213 ait
3384 1178 3400 1215 :

1842 1279 1859 1310 ι
1902 1259 2183 1313 Fuderunt
2226 1272 2423 1311 manus
2453 1272 2600 1310 meas
2637 1264 2689 1309 et
2723 1254 2886 1325 pedes
2932 1268 3103 1313 meos,
3157 1250 3405 1303 dinume—

1836 1360 2091 1407 raverunt
2122 1352 2303 1404 omnia
2351 1365 2475 1403 ossa
2511 1363 2649 1403 mea.
2685 1366 2703 1397 ι
2735 1348 2825 1399 Sic
2869 1346 3033 1401 etiam
3064 1344 3267 1413 reliqua
3310 1340 3403 1395 uni

1836 1446 1911 1498 illi
1952 1459 2049 1497 nec
2076 1443 2167 1495 alii
2204 1441 2437 1511 cuipiam
2474 1448 2728 1511 praeterea
2759 1438 3105 1497 convenient,
3143 1432 3405 1504 quemad-

1834 1535 2051 1590 modum
2086 1550 2370 1604 progressa
2410 1534 2623 1601 longius
2665 1532 2837 1585 oratio
2863 1528 3276 1588 demonstrabit,
3312 1534 3405 1579 aut

1834 1636 1978 1681 certe
2015 1626 2195 1695 quivis
2225 1641 2324 1679 suo
2356 1624 2645 1685 arbitratu,
2673 1620 2922 1691 quamvis
2963 1620 3123 1672 aliam
3164 1616 3404 1687 proferat

1833 1731 2120 1785 personam
2156 1724 2249 1769 aut
2313 1717 2476 1784 regis,
2526 1721 2619 1767 aut
2658 1713 2965 1782 prophetm,
3019 1717 3113 1764 aut
3170 1710 3404 1778 alicujus

1833 1824 2042 1874 eorum,
2066 1808 2158 1877 qui
2191 1809 2464 1877 quondam
2495 1806 2637 1877 apud
2671 1804 2887 1860 Judazos
2922 1803 3012 1858 Dei
3047 1803 3208 1857 amici
3239 1811 3292 1857 et
3325 1801 3406 1855 fa-

159 1899 246 1965 χῇ,
293 1897 542 1967 νηφαλίῳ
577 1916 634 1951 τε
688 1901 990 1971 φρονήματι
1023 1903 1155 1957 Θεοῦ
1186 1905 1384 1973 γνῶσιν
1423 1907 1727 1971 ἀναλαϐεῖν,

1834 1902 2077 1955 miliares
2108 1900 2441 1963 exstiterint,
2470 1898 2831 1967 ostendatque
2870 1898 2913 1953 si
2959 1897 3152 1966 possit,
3182 1911 3242 1951 ea
3284 1910 3405 1965 quae

158 1988 248 2040 xui
273 1990 455 2043 πᾶσαν
487 1991 579 2043 ἐπὶ
606 1993 697 2045 τὸν
723 1994 855 2047 Θεὸν
875 1997 1172 2066 ἀναρτῆσαι
1197 1998 1359 2051 αὑτοῦ
1386 2000 1483 2070 τὴν
1508 2000 1731 2071 ἐλπίδαὲ

157 2080 281 2133 ὥστ’
314 2080 382 2134 ἂν
412 2084 585 2136 είπεῖν
606 2101 619 2114 ·
659 2087 809 2140 «Ὅτι
847 2089 910 2141 σὺ
944 2085 991 2142 εί
1022 2093 1049 2143 ὁ
1083 2091 1363 2154 ἐκσπάσας
1430 2109 1495 2161 με
1541 2094 1603 2145 ἐκ
1642 2108 1733 2160 γα-

158 2174 313 2244 στρὸς
347 2176 555 2248 μητρός
590 2194 712 2247 μου,
750 2181 782 2251 ἡ
812 2181 965 2244 ἐλπίς
993 2200 1092 2252 μου
1128 2184 1234 2236 ἀπὸ
1266 2184 1483 2254 μαστῶν
1507 2185 1605 2254 τῆς
1637 2202 1735 2257 μη-

156 2263 275 2332 τρός
307 2281 435 2333 μου.
472 2267 596 2320 Ἐπὶ
648 2268 708 2321 σὲ
754 2270 1055 2341 ἐττερᾤην
1087 2273 1149 2323 ἐκ
1181 2274 1407 2343 μήτρας,
1440 2276 1502 2326 ἐκ
1526 2275 1732 2339 κοιλίας

158 2356 359 2427 μητρός
407 2376 507 2428 μου
556 2360 686 2424 Θεός
732 2379 833 2432 μου
877 2360 929 2417 εἷ
970 2363 1054 2416 σύ.
1087 2384 1106 2416 ο
1142 2365 1237 2427 Τίς
1264 2364 1319 2418 δὲ
1345 2366 1583 2430 τοιοῦτος
1613 2366 1730 2437 Θεῷ

157 2446 555 2525 μεμελημένος,
584 2452 783 2516 ὄνειδος
828 2454 1130 2525 ἀνθρώπων
1162 2456 1353 2524 γέγονε
1394 2458 1487 2510 καὶ
1520 2458 1731 2523 ἐξουθέ-

155 2556 299 2608 νημα
327 2540 491 2605 λαοῦ;
520 2542 625 2595 ὑπὸ
671 2544 828 2597 τίνων
873 2546 929 2598 δὲ
975 2548 1068 2600 xui
1110 2548 1363 2602 ποδαπῶν
1396 2550 1607 2619 μόσχων
1635 2551 1730 2603 καὶ

154 2632 367 2702 ταύρων
396 2634 501 2705 χρὴ
525 2639 664 2688 νοεῖν
693 2636 784 2689 τὸν
817 2639 1015 2692 τοιόνδε
1041 2641 1445 2705 κεκυκλῶσθαι;
1477 2643 1527 2694 τί
1556 2643 1611 2694 δὲ
1636 2660 1729 2695 πα-

156 2720 255 2773 θὼν
289 2724 318 2774 6
352 2723 679 2796 δηλούμενος
708 2729 839 2782 ὡσεὶ
880 2729 1021 2802 ὕδωρ
1055 2732 1313 2802 ἐξεχύθη;
1354 2734 1445 2785 καὶ
1508 2732 1624 2796 πῶς
1653 2733 1730 2785 δι·-

153 2814 486 2886 εσκορπίσθη
514 2817 678 2870 αὑτοῦ
712 2819 779 2872 τὰ
811 2819 976 2885 όστᾶ;
1007 2823 1121 2886 πῶς
1150 2823 1206 2875 δὲ
1235 2825 1315 2886 είς
1343 2823 1468 2893 χοῦν
1500 2824 1728 2877 θανάτου

153 2904 419 2975 κατήχθη,
451 2908 546 2961 καὶ
577 2910 869 2980 καταχθεὶς
890 2916 969 2977 είς
992 2914 1119 2984 χοῦν
1142 2914 1394 2975 θανάτου,
1418 2915 1485 2968 τὰ
1506 2915 1728 2970 τοιαῦτα

152 2997 299 3051 λαλεῖ
329 2999 431 3066 ἔτι,
472 3004 565 3055 καὶ
592 3004 656 3073 ζῇ
688 3006 782 3057 καὶ
803 3004 1126 3075 φθέγγεται;
1161 3006 1303 3069 τίνες
1336 3008 1391 3060 δὲ
1421 3009 1469 3061 οἱ
1497 3008 1655 3073 κύνες
1678 3009 1727 3061 οἱ

153 3090 531 3156 κυκλώσαντες
580 3095 763 3159 αὑτὸν,
796 3096 969 3166 ἕτεροι
1030 3097 1181 3162 ὄντες
1227 3099 1378 3171 παρὰ
1422 3101 1548 3165 τους
1593 3117 1727 3171 προ-

150 3184 571 3254 ωιομασμένους
598 3187 831 3259 ταύρους
848 3191 939 3243 xui
971 3192 1201 3261 μόσχους
1221 3208 1234 3256 ;
1255 3192 1384 3244 ποία
1410 3192 1463 3244 δὲ
1484 3210 1725 3260 συναγω-

149 3274 213 3347 γὴ
264 3278 719 3348 πονηρευομένων
761 3280 861 3344 τὰς
896 3286 1082 3352 χεῖρας
1126 3286 1185 3337 οὐ
1224 3286 1407 3353 μόνον,
1450 3285 1585 3340 ἀλλὰ
1634 3282 1726 3339 xai

148 3366 271 3430 τοὺς
304 3367 473 3432 πόδας
517 3369 614 3423 τοῦ
646 3372 961 3441 τηλικούτου
1006 3375 1238 3447 ὤρυξαν,
1270 3377 1635 3441 ἀποδύσαντές
1666 3396 1727 3431 τε

149 3456 327 3521 αὐτὸν,
361 3458 430 3511 τὰ
486 3460 587 3530 μέν
628 3478 751 3515 τινα
790 3463 1043 3518 διείλοντο
1072 3467 1233 3519 αὑτοῦ
1265 3467 1370 3520 τῶν
1396 3468 1723 3539 ἐνδυμάτων,

150 3548 210 3601 τὰ
236 3548 299 3601 δὲ
332 3549 429 3602 xui
467 3550 655 3621 κλήρῳ
687 3551 941 3622 λαχόντες
969 3555 1188 3622 ἔλαϐον;
1215 3559 1296 3622 τίς
1322 3558 1378 3610 δὲ
1412 3562 1443 3630 ἠ
1488 3560 1728 3630 ῥομφαία

150 3646 232 3698 xui
281 3646 310 3698 6
352 3644 521 3709 κύων,
557 3647 651 3699 xui
679 3646 901 3713 6g‘léotv;
929 3649 1073 3715 τίνες
1101 3652 1156 3705 δὲ
1186 3654 1235 3705 οἱ
1269 3655 1547 3725 λεγόμενοι
1580 3672 1729 3724 μονο-

149 3734 405 3805 κέρωτες,
447 3736 540 3789 τὸν
589 3736 915 3807 δηλούμενον
949 3742 1322 3812 περιέχοντες;
1357 3745 1473 3808 πῶς
1503 3745 1558 3798 δὲ
1590 3746 1729 3816 μετὰ

148 3828 238 3898 τήν
270 3829 409 3898 πρὸς
435 3829 722 3894 τοσούτους
752 3831 951 3902 πάλην,
978 3835 1114 3903 μετὰ
1144 3836 1203 3889 τὸ
1237 3839 1315 3899 εἰς
1342 3837 1470 3907 χοῦν
1495 3838 1725 3893 θανάτου

150 3919 503 3992 καταχθῆναι,
538 3922 933 3991 ἐπαγγέλλεται
962 3925 1022 3977 τὸ
1047 3925 1215 3997 ὄνομα
1256 3926 1349 3981 τοῦ
1411 3929 1624 4000 Πατρὸς
1650 3929 1728 3983 δι-

149 4011 417 4081 ηγεῖσθαι,
434 4013 497 4067 οὐ
524 4014 858 4078 πᾶσιν,ἀλλὰ
884 4016 1062 4087 μόνοις
1084 4022 1194 4082 τοῖς
1223 4019 1413 4073 ἑαυτοῦ
1443 4021 1723 4091 ἁδελφοῖς;

149 4103 281 4169 τίνες
307 4122 370 4159 τε
396 4107 448 4158 οἱ
476 4105 712 4175 ἀδελφοὶ,
746 4106 830 4171 τίς
860 4126 919 4161 τε
951 4112 982 4181 ἡ
1026 4110 1337 4184 Ἐκκλησία,
1368 4116 1491 4185 περὶ
1520 4110 1586 4186 ἧς
1620 4133 1724 4186 φη-

153 4213 225 4249 σιν
272 4199 302 4250 6
352 4196 423 4251 τὰ
475 4198 697 4255 τοιαῦτα
745 4200 971 4265 παθὼν,
1029 4221 1047 4251 ι
1084 4203 1172 4255 Ἐν
1220 4205 1367 4275 μέσῳ
1405 4206 1725 4276 Ἐκκλησίας

152 4287 371 4360 ὑμνήσω
419 4306 502 4353 σε,
556 4308 575 4341 ι
627 4285 709 4353 οἷς
752 4292 848 4344 καὶ
897 4294 1156 4362 ἐπιλέγει,
1185 4294 1261 4357 ὡς
1303 4296 1409 4367 ἆρα
1448 4300 1545 4368 ούχ
1580 4298 1637 4351 ἓν
1665 4299 1726 4353 τὸ

161 4380 427 4435 Ἰουδαίων
461 4380 634 4444 ἔθνος,
671 4400 691 4433 ι
722 4385 901 4437 πάντα
921 4383 977 4436 δὲ
1008 4385 1077 4438 τὰ
1112 4386 1321 4457 πέρατα
1348 4388 1446 4459 τῆς
1467 4390 1567 4460 γῆς
1602 4408 1725 4444 συν·-

150 4473 513 4545 αισθήσονται,
546 4475 639 4527 xui
666 4475 1160 4549 ἐπιστραφήσονται
1200 4482 1332 4551 πρὸς
1380 4482 1602 4554 Κύριον,
1630 4486 1724 4540 καὶ

150 4565 611 4633 προσκυνήσουσιν
636 4563 866 4618 ἐνώπιον
894 4566 1058 4620 αὑτοῦ
1090 4569 1257 4621 πᾶσαι
1285 4570 1338 4622 αί
1365 4571 1590 4642 πατριαὶ
1614 4571 1721 4625 τῶν

1834 1992 1907 2045 ita
1938 1991 2212 2061 descripta
2262 2000 2418 2053 sunt,
2456 1991 2583 2045 huic
2615 1989 2925 2045 convenire.
2983 1987 3085 2043 Sed
3136 1988 3278 2043 enim
3314 1987 3404 2041 cui

1833 2098 2071 2152 unquam
2122 2099 2333 2145 eorum,
2363 2100 2500 2152 quos
2560 2085 2610 2138 in
2667 2094 2819 2136 utero
2866 2089 3037 2135 mater
3089 2079 3401 2149 gestaverit,

1833 2185 2040 2230 tantum
2101 2176 2353 2238 virtutis,
2426 2183 2747 2243 tantumque
2810 2173 3004 2227 virium
3071 2171 3289 2225 adfuit?
3344 2180 3405 2224 ut

1832 2270 2102 2325 constanti
2155 2270 2498 2339 cogitatione,
2560 2268 2848 2335 animoque
2882 2264 3295 2334 imperturbata,
3351 2272 3405 2318 et

1831 2369 2008 2415 mente
2044 2361 2224 2419 sobria
2256 2370 2308 2415 et
2342 2368 2544 2420 erecta,
2598 2358 2689 2412 Dei
2717 2358 3077 2427 cognitionem
3109 2357 3400 2426 acceperit,

1830 2462 1883 2508 et
1915 2468 2129 2508 omnem
2180 2467 2333 2507 suam
2369 2466 2517 2518 spem
2550 2452 2603 2505 in
2636 2450 2745 2504 Deo
2789 2450 3167 2515 collocaverit,
3229 2464 3403 2518 usque

1830 2540 1963 2596 adeo
1994 2550 2051 2596 ut
2100 2544 2335 2613 potuerit
2362 2544 2545 2598 dicere
2580 2563 2591 2597 :
2625 2562 2642 2593 ι
2685 2541 2949 2608 Quoniam
2984 2550 3037 2595 tu
3074 2558 3133 2597 es
3160 2542 3250 2611 qui
3309 2557 3401 2596 ex-

1830 2632 2042 2687 traxisti
2096 2648 2180 2687 me
2228 2631 2294 2686 de
2343 2642 2531 2687 ventre
2583 2633 2774 2687 matris
2829 2647 2974 2686 meae.
3018 2647 3143 2700 spes
3177 2646 3292 2685 mea
3334 2631 3403 2685 al)

1830 2723 2090 2778 uberibus
2120 2725 2309 2780 matris
2338 2740 2491 2787 meae,
2524 2725 2575 2777 in
2608 2732 2659 2778 te
2688 2726 2962 2793 projectns
2992 2739 3111 2779 sum
3136 2738 3200 2777 ex
3224 2731 3399 2784 utero.

1827 2818 1895 2870 de
1923 2824 2112 2871 ventre
2157 2817 2349 2870 matris
2385 2832 2518 2872 mea:
2578 2816 2723 2882 Deus
2772 2832 2923 2870 meus
2970 2832 3029 2870 es
3076 2825 3153 2869 tu.
3211 2836 3228 2867 ι
3266 2816 3403 2881 Quis

1828 2923 1992 2977 porro
2023 2924 2263 2977 unquam
2290 2909 2379 2963 ubi
2416 2910 2531 2977 ipse
2570 2916 2731 2961 tanta:
2759 2924 2903 2961 cura:
2932 2907 3039 2962 Deo
3069 2906 3251 2969 fuerit,
3282 2915 3405 2977 post

1827 3013 1890 3052 ea
1932 2999 2284 3069 opprobrium
2317 2998 2599 3052 hominum
2630 3008 2683 3053 et
2724 2998 2955 3067 abjectio
2989 2999 3171 3069 populi
3226 2999 3403 3054 factus

1828 3089 1949 3143 est?
1971 3104 2001 3142 a
2027 3089 2228 3158 quibus
2264 3100 2444 3145 autem
2494 3097 2549 3144 et
2581 3090 2890 3159 cujusmodi
2916 3092 3124 3153 vitulis,
3162 3101 3253 3145 aut
3283 3101 3406 3145 tau-

1828 3187 1905 3239 ris
1936 3184 2345 3256 intelligendum
2377 3191 2461 3240 est
2509 3186 2653 3240 hunc
2684 3185 2854 3241 fuisse
2885 3186 3322 3251 circumdatum?
3351 3196 3404 3241 et

1828 3279 1958 3348 quid
1983 3279 2198 3333 tandem
2231 3280 2359 3335 huic
2386 3280 2487 3349 ipsi
2518 3281 2737 3345 accidit,
2758 3289 2815 3333 ut
2839 3282 2994 3350 quasi
3029 3297 3166 3351 aqua
3199 3279 3403 3335 clTusus

1830 3372 2019 3427 sit?et
2064 3373 2339 3443 quomodo
2369 3373 2617 3441 ejusdem
2677 3388 2802 3428 ossa
2856 3373 3104 3443 dispersa
3155 3375 3320 3435 sunt?
3348 3382 3404 3429 et

1828 3477 1933 3531 qua
1967 3464 2178 3517 ratione
2229 3464 2283 3516 in
2327 3464 2602 3533 pulverem
2641 3463 2852 3517 mortis-
2880 3463 3149 3518 deductus
3201 3465 3323 3518 est?
3348 3472 3403 3519 et

1828 3556 2057 3609 simulac
2115 3556 2167 3609 in
2206 3558 2367 3611 talem
2406 3557 2682 3626 pulverem
2708 3564 2793 3611 est
2818 3556 3105 3620 deductus,
3144 3556 3320 3611 adhuc
3348 3564 3403 3612 et

1826 3648 1958 3701 talia
2008 3648 2271 3719 loquitur,
2313 3656 2367 3704 et
2414 3650 2567 3711 vivit,
2597 3656 2651 3703 et
2682 3649 2922 3703 vocalem
2957 3664 3015 3704 se
3063 3648 3321 3719 praestat?
3349 3655 3404 3704 et

1827 3739 2051 3809 quinam
2102 3740 2194 3795 alii
2248 3756 2414 3795 canes
2460 3740 2611 3795 illum
2664 3739 3147 3795 circumdederunt
3197 3749 3398 3811 praeter

1827 3846 1943 3897 eos,
1976 3847 2114 3903 quos
2163 3832 2300 3887 dixit
2345 3840 2400 3887 et
2450 3840 2639 3887 tauros
2688 3840 2743 3887 et
2783 3832 3019 3887 vitulos?
3077 3832 3223 3903 quod
3273 3847 3402 3888 vero

1828 3922 2119 3977 consilium
2178 3924 2594 3994 malignantium
2645 3940 2755 3978 non
2811 3924 2987 3978 solum
3048 3939 3243 3978 manus
3305 3925 3400 3979 sed

1826 4014 1991 4067 etiam
2024 4014 2189 4085 pedes
2219 4014 2449 4084 hujusce
2500 4014 2566 4069 de
2600 4029 2709 4084 quo
2744 4030 2922 4069 sermo
2951 4022 3055 4077 est,
3110 4013 3403 4070 foderunt?

1806 4099 1923 4176 {qui
1960 4107 2122 4161 etiam
2177 4116 2467 4178 postquam
2522 4108 2772 4163 eumdem
2830 4116 3132 4171 exuerunt,
3193 4117 3401 4177 partem

1828 4196 2049 4266 quidem
2099 4199 2547 4253 vestimentorum
2617 4200 2787 4269 ipsius
2851 4199 3125 4263 divisere,
3188 4208 3399 4269 partem

1825 4303 1955 4341 vero
1983 4287 2148 4356 jactis
2194 4289 2435 4345 sortibus
2466 4290 2858 4360 arripuerunt?
2888 4298 2941 4344 et
2987 4306 3235 4358 quamam
3290 4291 3401 4345 fra-

1826 4395 1946 4435 mea
1989 4379 2118 4434 illa?
2147 4380 2273 4450 quis
2310 4381 2503 4437 canis?
2544 4382 2668 4451 quis
2707 4381 2833 4436 leo?
2866 4381 2957 4451 qui
3015 4382 3141 4436 item
3174 4382 3250 4436 illi
3305 4382 3400 4453 qui

1826 4470 2082 4524 dicuntur
2115 4472 2408 4529 unicornes
2435 4488 2581 4535 eum,
2622 4473 2689 4527 de
2730 4489 2842 4543 quo
2897 4490 3073 4528 sermo
3107 4482 3212 4539 est,
3246 4474 3400 4529 obsi-

1827 4561 2060 4617 dentes?
2089 4560 2251 4635 492
2285 4571 2338 4619 et
2366 4578 2474 4633 qua
2506 4563 2701 4618 fiducia
2730 4574 2853 4634 post
2890 4572 3096 4618 tantam
3121 4573 3309 4620 contra
3344 4564 3401 4619 id

150 4648 343 4719 ἐθνῶνς
378 4670 396 4703 ι
422 4652 534 4715 Καὶ
564 4653 627 4706 σὺ
652 4653 727 4717 δέ,
767 4655 913 4725 παρὰ
946 4655 1125 4727 σαυτῷ
1156 4657 1450 4727 βασανίσας
1478 4634 1721 4733 ’ἑκάστην

1829 4669 1999 4729 genus
2049 4648 2273 4721 luctam,
2329 4670 2393 4709 ac
2438 4669 2725 4726 postquam
2782 4656 2835 4709 in
2889 4656 3163 4726 pulverem
3206 4657 3401 4711 mortis

150 4739 282 4807 λέξιν
330 4741 429 4795 τοῦ
480 4742 716 4813 ψαλμοῦ,
747 4743 845 4798 θέα
890 4748 938 4798 εί
985 4746 1207 4801 δυνατὸν
1239 4750 1329 4802 ἐπὶ
1359 4749 1447 4803 τὸν
1494 4752 1724 4822 τυχόντα

150 4833 437 4907 ἀναφέρειν
467 4834 535 4887 τὰ
559 4833 937 4906 θεσπιζόμενα.
958 4837 1094 4890 Ἀλλ’
1121 4840 1220 4891 ούκ
1257 4840 1321 4893 ἂν
1348 4840 1527 4911 εὕροις
1553 4842 1724 4913 ἑτέρῳ

153 4943 222 4997 τῳ
244 4928 611 4999 ἐφαρμόττειν
643 4930 778 4982 αὐτὰ
810 4930 842 5001 ἢ
881 4932 1025 5002 μόνῳ
1051 4932 1259 5004 Σωτῆρι
1294 4936 1325 5004 ἡ
1337 4934 1470 5004 μῶν,
1500 4935 1558 4999 ὃς
1587 4938 1722 4991 πάν-

152 5037 249 5074 των
286 5021 611 5086 πιστότατος
651 5021 716 5075 ἂν
748 5023 830 5094 εἴη
865 5024 958 5079 καὶ
997 5024 1380 5096 ἀληθέστατος,
1415 5028 1495 5091 εἰς
1526 5028 1718 5082 ἑαυτοῦ

150 5114 429 5183 πρόσωπον
462 5113 769 5185 ἀνειληφὼς
796 5114 892 5185 τὴν
916 5116 1023 5169 ἀπὸ
1048 5116 1142 5170 τοῦ
1174 5116 1389 5187 ψαλμοῦ
1419 5119 1619 5190 φωνην,
1643 5120 1718 5183 ὼς

153 5205 532 5279 ἐμαρτύρησαν
560 5207 610 5267 οἱ
639 5207 1017 5276 εύαγγελισταί
1036 5225 1049 5238 ·
1078 5210 1107 5261 6
1139 5209 1236 5279 μὲν
1258 5209 1531 5273 Ματθαῖος
1556 5211 1622 5265 δι’
1643 5204 1719 5264 ὧν

153 5299 490 5371 παρεθέμεθα
523 5300 687 5354 αὐτοῦ
722 5300 949 5365 λέξεων⁶
980 5303 1007 5354 6
1039 5303 1095 5355 δέ
1138 5304 1364 5374 Μάρκος
1414 5304 1480 5357 δι’
1503 5298 1576 5357 ὧν
1626 5304 1719 5359 xui

154 5390 301 5455 αὐτὸς
324 5386 429 5445 ὧδέ
466 5409 581 5455 πως
609 5394 811 5463 ἱστορεῖ
842 5391 1013 5461 λέγων
1033 5410 1046 5423 ·
1080 5413 1099 5445 ι
1133 5395 1437 5466 Γενομένης
1479 5396 1535 5451 δὲ
1572 5394 1720 5466 ὥρας

154 5480 323 5553 ἕκτης,
346 5485 537 5547 σκότος
568 5484 784 5553 ἐγένετο
810 5486 893 5554 ἐφ’
914 5486 1039 5557 ὅλης
1066 5488 1165 5558 τῆς
1192 5488 1315 5557 γῆς,
1333 5489 1436 5552 ἕως
1467 5488 1615 5559 ὥρας
1643 5488 1722 5542 ἐν·

152 5576 322 5645 νὰτης.
361 5578 472 5631 Καὶ
507 5578 573 5647 τῇ
609 5577 802 5648 ἐννάτῃ
854 5576 973 5648 ὥρα
1021 5578 1244 5649 ἐϐόησεν
1294 5581 1322 5632 6
1359 5579 1565 5651 Ἰησοῦς
1608 5596 1721 5648 φωο

153 5668 207 5736 νῇ
244 5668 471 5741 μεγάλῃ,
505 5667 677 5737 λέγων
696 5686 709 5700 ’
750 5670 916 5733 Ἠλεὶ,
936 5669 1102 5736 Ἠλεὶ,
1120 5671 1314 5743 λαμμᾶ
1346 5672 1668 5744 σαϐαχθανὶ,
1692 5674 1719 5727 ὅ

152 5757 255 5811 ἐστι
294 5758 830 5833 μεθερμηνευόμενον
851 5778 866 5795 ν
916 5763 973 5815 '0
1006 5763 1155 5828 Θεὸς,
1187 5768 1215 5818 6
1248 5765 1379 5828 Θεός
1411 5784 1535 5836 μου,
1562 5768 1639 5832 εἰς
1666 5768 1719 5819 τί

160 5850 499 5919 ξτκατέλιπές
532 5870 630 5924 μσς
660 5855 767 5908 Καί
810 5871 953 5920 τινες
997 5856 1101 5913 τῶν
1135 5858 1478 5915 ἀκουσάντων
1505 5859 1713 5913 ξλενον·

1822 4745 2091 4802 deductus
2121 4754 2227 4811 est,
2263 4747 2552 4818 pollicetur
2585 4764 2643 4805 se
2669 4764 2867 4802 nomen
2916 4749 3088 4817 patris
3142 4748 3225 4803 sui
3270 4765 3400 4803 nar-

1820 4844 2069 4892 raturum
2108 4855 2220 4893 non
2257 4840 2536 4901 omnibus.
2564 4839 2657 4893 sed
2697 4841 2830 4893 solis
2862 4843 2975 4893 suis
3009 4839 3316 4893 fratribus?
3346 4847 3400 4893 et

1821 4930 1915 5000 qui
1970 4931 2188 4987 tandem
2248 4932 2302 4986 lti
2353 4931 2605 4987 fratres?
2650 4948 2899 5002 quaenam
2966 4948 3093 4987 vero
3154 4931 3397 4987 Ecclesia

1828 5023 1961 5085 haec,
1994 5023 2060 5077 de
2085 5039 2191 5094 qua
2218 5023 2263 5078 is
2300 5024 2391 5093 qui
2427 5025 2553 5077 talia
2582 5024 2823 5093 pertulit,
2857 5024 2928 5076 ita
2966 5022 3246 5093 loquitur?
3274 5042 3290 5073 ι
3339 5022 3399 5076 ln

1827 5114 2004 5167 medio
2034 5113 2288 5169 Ecclesiae
2347 5114 2580 5177 laudabo
2620 5122 2702 5178 te;
2765 5133 2783 5165 ι
2816 5114 3016 5182 quibus
3067 5114 3231 5168 etiam
3264 5113 3397 5167 illud
3498 5106 3507 5115 ’

1827 5205 2076 5275 adjungit
2104 5225 2115 5259 :
2149 5206 2294 5275 quod
2336 5208 2525 5276 utique
2556 5223 2663 5260 non
2697 5221 2799 5259 una
2828 5204 3057 5260 Judaica
3100 5220 3266 5275 gens,
3304 5204 3398 5271 sed

1834 5319 1849 5351 ι
1886 5314 2078 5353 omnes
2108 5298 2242 5353 ﬁnes
2272 5309 2431 5353 terrae
2475 5298 2894 5353 reminiscentur
2921 5306 2974 5353 et
3013 5304 3401 5353 convertentur

1829 5391 1897 5448 ad
1929 5391 2242 5456 Dominum,
2271 5399 2325 5448 et
2377 5390 2685 5446 adorabunt
2718 5390 2771 5443 in
2803 5398 3101 5459 conSpectu
3131 5388 3252 5458 ejus
3283 5403 3401 5442 om-

1827 5503 1924 5541 nes
1969 5484 2187 5539 familize
2238 5484 2502 5556 gentium.
2546 5483 2861 5538 tCaaterum
2923 5490 2981 5537 tu
3031 5498 3250 5553 quoque
3304 5481 3401 5538 ubi

1828 5595 1923 5649 per
1944 5587 1997 5635 te
2033 5579 2209 5649 ipsum
2244 5578 2457 5648 singula
2508 5576 2753 5645 ejusdem
2783 5576 2977 5646 psalmi
3027 5574 3192 5631 verba
3214 5576 3401 5647 explo-

1829 5672 2056 5734 raveris,
2084 5671 2243 5726 facile
2290 5670 2563 5741 intelliges
2597 5677 2779 5722 utrum
2801 5683 2862 5722 ea
2888 5683 3008 5739 quae
3043 5668 3097 5721 in
3124 5668 3240 5739 ipso
3265 5684 3398 5723 con-

1829 5766 2072 5819 tinentur
2122 5764 2189 5818 ad
2225 5765 2498 5833 vulgarent
2550 5762 2861 5833 quempiam
2893 5759 3086 5817 referri
3136 5764 3393 5833 possint;

1829 5858 1971 5926 quod
2011 5874 2133 5914 cum
2171 5857 2387 5929 feceris,
2414 5868 2560 5913 certe
2608 5872 2715 5911 non
2770 5855 3014 5911 invenies
3048 5859 3135 5910 cui
3178 5853 3396 5911 tandem
