3938 6524
176 412 276 469 765

1032 410 1680 474 DEMONSTRATIONIS
1717 416 2167 477 EVANGELICE
2194 420 2324 478 LlB.
2358 418 2427 479 Χ.

3258 418 3365 474 766

182 548 200 580 ι
228 528 315 591 Εἰς
342 526 469 596 χοῦν
503 526 731 582 θανάτου
774 530 1082 601 κατήγαγες
1124 551 1191 603 με
1215 551 1227 564 ·
1275 535 1356 586 ὅτι
1402 535 1707 591 ἐκύκλωσαν

1817 555 1936 609 qua!
1960 539 2026 594 ad
2055 540 2362 609 passionem
2406 536 2703 591 Salvatoris
2730 534 2902 588 nostri
2943 532 3234 604 pertinent,
3266 549 3367 588 nec

178 637 239 689 με
262 617 413 681 κύνες
443 619 629 671 πολλοὶ
645 660 658 681 ,
692 621 973 693 συναγωγὴ
998 628 1439 696 πονηρευομένων
1464 630 1716 702 περιέσχε

177 729 258 780 με.
285 710 509 780 Ὠρυξαν
532 713 716 783 χεῖράς
749 730 847 781 μου
874 716 965 766 καὶ
997 716 1165 781 πόδας
1197 736 1296 789 μου
1321 736 1333 748 ⁸
1367 740 1385 771 ι
1416 722 1509 773 καὶ
1539 722 1617 774 ἔτι
1648 723 1716 776 τὰ

171 803 305 872 ἀμφὶ
330 801 404 872 τῷ
436 802 599 856 πάθει
632 804 1007 874 συμϐεϐηκότα
1042 808 1185 879 αὐτῷ
1211 812 1457 882 σημήνας
1482 813 1569 867 διὰ
1599 814 1713 880 τοῦ,

176 913 193 945 ι
221 893 600 962 Διεμερίσαντο
641 896 709 948 τὰ
743 898 934 966 ἱμάτιά
970 918 1069 969 μου
1114 902 1343 969 ἑαυτοῖς,
1369 906 1461 957 καὶ
1496 907 1586 957 ἐπὶ
1625 905 1714 960 τὸν

170 984 447 1056 ἱματισμόν
484 1004 585 1056 μου
623 986 811 1041 ἔϐαλον
844 990 1066 1060 κλῆρον’
1106 1010 1123 1041 ›
1155 993 1325 1046 ταῦτα
1356 996 1447 1048 καὶ
1489 996 1556 1049 τὰ
1595 998 1717 1050 τού-

167 1095 273 1140 τοις
315 1078 670 1148 παραπλήσια
715 1082 987 1151 προειπὼν
1006 1123 1020 1146 ,
1068 1084 1166 1137 οὐκ
1197 1085 1288 1138 ἐπὶ
1321 1086 1526 1149 τούτοις
1552 1087 1678 1158 ἔστη
1697 1128 1713 1151 ,

168 1170 276 1222 ἀλλ’
295 1169 531 1237 ἐπιλέγει
556 1187 569 1200 ·
601 1189 619 1221 t
649 1172 710 1224 Οἱ
742 1172 1061 1243 φοϐούμενοι
1092 1176 1181 1228 τὸν
1212 1177 1433 1247 Κύριον,
1463 1178 1710 1232 αίνέσατε

164 1261 334 1324 αὐτὸν,
355 1262 437 1313 ὅτι
463 1262 563 1314 οὐκ
591 1262 967 1328 ἑξουδένωσεν,
991 1267 1110 1320 οὐδὲ
1140 1268 1475 1339 προσώχθισε
1506 1272 1571 1340 τῇ
1594 1271 1715 1341 δεή-

168 1366 241 1402 σει
272 1350 363 1403 τοῦ
390 1349 628 1419 πτωχοῦ,
656 1351 774 1403 οὐδὲ
806 1353 1109 1425 ἀπέστρεψε
1134 1356 1191 1408 τὸ
1222 1358 1507 1427 πρόσωπον
1547 1357 1711 1411 αὑτοῦ

164 1442 249 1495 ἀπ’
279 1442 429 1511 ἐμοῦ,
484 1442 577 1495 καὶ
612 1444 668 1495 ἐν
700 1443 777 1514 τῷ
807 1447 1133 1515 κεκραγέναι
1165 1466 1228 1518 με
1258 1450 1393 1521 πρὸς
1424 1452 1583 1504 αὑτὸν
1624 1454 1715 1504 1-m-

164 1534 349 1603 ήκουσέ
389 1552 509 1605 μου.
535 1553 554 1585 ι
587 1534 710 1597 Πῶς
750 1536 793 1587 δ’
820 1535 885 1589 ἂν
928 1536 1114 1606 ἔλεγεν
1144 1541 1522 1611 είσηκοῦσθαι,
1548 1545 1595 1595 εἰ
1638 1544 1710 1613 μὴ

164 1624 366 1686 παντως
395 1626 685 1695 τετυχήκει
716 1625 823 1677 τῶν
856 1628 1026 1697 εὐχῶν
1047 1668 1060 1691 ,
1097 1631 1190 1682 καὶ
1223 1625 1296 1683 ὧν
1333 1633 1390 1684 έν
1433 1636 1544 1695 τοῖς
1574 1633 1709 1704 πρό-

165 1714 275 1766 σθεν
301 1714 563 1785 ὲδεδέητο,
590 1718 678 1770 ὅτε
706 1717 857 1785 ἔλεγε
890 1720 971 1781 τὸ,
1005 1740 1022 1770 ι
1053 1722 1147 1783 El;
1176 1721 1302 1791 χοῦν
1334 1723 1559 1776 θανάτου
1579 1743 1711 1778 κατ-

162 1804 352 1872 ήγαγες
408 1822 494 1873 με.
546 1805 733 1860 Ῥῦσαι
772 1809 879 1861 ἀπὸ
925 1811 1192 1880 ῥομφαίας
1234 1812 1329 1883 τὴν
1362 1814 1536 1884 ψυχήν
1586 1833 1708 1886 μου,

162 1896 243 1947 καὶ
268 1897 330 1947 ἐκ
362 1898 544 1968 χειρὸς
574 1899 731 1960 κυνὸς
756 1900 851 1970 τὴν
881 1902 1138 1971 μονογενῆ
1176 1921 1311 1972 μου;
1350 1923 1366 1955 ι
1405 1905 1571 1958 ταῦτα
1605 1908 1712 1977 γὰρ

161 1984 480 2056 εὐξάμενος,
520 1990 612 2041 καὶ
652 1990 865 2061 δεηθεὶς
900 1994 965 2043 ἐκ
1004 1993 1204 2046 τούτων
1240 1996 1497 2066 ρυσθῆναί
1530 2016 1588 2050 τε
1619 2001 1712 2051 καὶ

163 2076 389 2147 σωθῆναι
410 2118 423 2141 ,
454 2078 630 2149 τυχὼν
658 2074 730 2134 ὧν
758 2080 959 2150 ηὔξατο
978 2124 991 2145 ,
1018 2085 1256 2152 ἐπιλέγει
1274 2102 1287 2115 ’
1321 2105 1337 2136 ι
1369 2090 1481 2140 Οὐκ
1508 2088 1714 2154 ἐξουδέ-

160 2184 313 2220 νωσεν
349 2170 471 2222 οὐδὲ
513 2171 850 2241 προσώχθισε
876 2177 940 2243 τῇ
976 2174 1155 2245 δεήσει
1195 2176 1286 2228 τοῦ
1320 2180 1565 2248 πτωχοῦ,
1592 2181 1711 2233 οὐδὲ

158 2258 453 2330 ἀπέστρεψε
484 2260 544 2313 τὸ
575 2262 861 2333 πρόσωπον
903 2264 1061 2316 αὐτοῦ
1101 2268 1193 2317 ἀπ’
1224 2267 1387 2336 ἐμοῦ,
1423 2270 1514 2321 καὶ
1551 2273 1606 2323 ὲν
1633 2269 1711 2340 τῷ

158 2352 477 2421 κεκραγέναι
519 2369 587 2422 με
638 2354 771 2424 πρὸς
805 2355 965 2407 αὐτὸν
1010 2358 1279 2426 ἐπήκουσέ
1310 2377 1409 2418 μου
1431 2377 1443 2390 ⁸
1469 2379 1487 2411 ›
1525 2362 1711 2430 σαφῶς

155 2443 242 2513 τὴν
274 2443 414 2512 μετὰ
462 2443 686 2498 θάνατον
716 2446 1009 2500 ἀναϐίωσιν
1046 2448 1210 2501 αὐτοῦ
1241 2449 1412 2521 δηλῶν
1432 2492 1446 2514 ,
1476 2454 1592 2522 ἥτις
1621 2455 1712 2522 γέ-

163 2552 306 2602 γονεν
339 2536 484 2591 κατὰ
507 2537 604 2607 τὴν
630 2538 860 2611 ἑωθινὴν
883 2540 1181 2607 ἀντίληψιν,
1208 2541 1271 2611 ἢν
1304 2542 1429 2611 ἑξῆς
1454 2543 1655 2613 προῖὼν
1684 2546 1712 2597 0

154 2626 350 2696 ψαλμὸς
399 2627 761 2697 παρέστησεν,
800 2627 999 2680 είιτών⁹
1038 2648 1055 2679 ι
1086 2629 1157 2682 Σὺ
1181 2629 1254 2691 δὲ,
1288 2629 1477 2700 Κύριε,
1514 2630 1586 2701 μὴ
1611 2648 1714 2701 μα-

154 2718 346 2787 κρύνης
364 2717 463 2787 τὴν
490 2716 738 2788 βοήθειάν
759 2735 882 2788 μου,
906 2720 984 2781 είς
1008 2718 1104 2788 τὴν
1123 2719 1400 2789 ἁντίληψίν
1426 2738 1524 2791 μου
1544 2723 1710 2791 πρόσ-

150 2823 291 2875 σλες.
323 2827 343 2860 ι
364 2810 532 2864 Ποίαν
573 2810 638 2881 δὴ
687 2810 987 2881 ἀντίληψιν,
1017 2810 1129 2864 ἀλλ’
1161 2812 1226 2882 ἣν
1255 2814 1348 2864 καὶ
1367 2814 1399 2882 ή
1421 2814 1708 2884 προγραφὴ

149 2900 231 2952 τοῦ
286 2899 499 2972 ψαλμοῦ
550 2901 825 2972 ᾐνίττετο;
865 2901 1025 2955 Ἀλλὰ
1055 2901 1225 2956 ταῦτα
1258 2903 1353 2971 μὲν
1401 2904 1528 2973 ἡμῖν
1562 2904 1713 2975 εἰρή-

152 2992 249 3045 σθω
286 2994 361 3056 είς
387 2993 485 3063 τὴν
504 2993 599 3046 τοῦ
619 2992 833 3064 ψαλμοῦ
856 2995 1197 3064 προγραφήψ
1217 2997 1293 3058 εἰς
1321 2994 1377 3047 δὲ
1398 2996 1476 3061 τὸ,
1498 3014 1515 3045 ι
1541 2994 1709 3059 Ἠλεὶ,

160 3084 332 3148 Ἠλεὶ,
361 3084 907 3157 λαμμᾶςσαϐαχθανὶ,
946 3106 965 3137 ι
1008 3086 1290 3159 είρημένον
1327 3086 1424 3156 μὲν
1468 3087 1571 3139 ὑπὸ
1614 3086 1706 3139 τοῦ

151 3176 388 3248 Σωτῆρος
424 3177 583 3247 ἡμῶν
625 3177 806 3240 αὐτοῖς
843 3176 1144 3249 Ἑϐραϊκοῖς
1192 3178 1417 3249 ὀνόμασι
1461 3180 1587 3247 περὶ
1619 3177 1706 3232 τὸν

151 3266 232 3319 τοῦ
274 3267 487 3329 πάθους
531 3267 745 3338 καιρὸν,
785 3268 1034 3337 κείμενον
1063 3268 1117 3321 δὲ
1152 3269 1244 3322 καὶ
1287 3270 1345 3322 ἐν
1374 3268 1448 3338 τῷ
1479 3268 1703 3339 ψαλμῷ,

150 3362 236 3429 ὅρα
259 3362 332 3431 μή
352 3378 435 3423 τις
463 3360 700 3428 ἔγκειται
728 3360 996 3433 βαθυτέρα
1030 3361 1229 3432 θεωρία
1254 3364 1381 3433 παρ’
1417 3361 1702 3432 Ἑϐραίοις.

162 3453 385 3522 Ἐλωεὶμ
413 3452 525 3525 γὰρ
546 3455 574 3505 0
594 3452 725 3515 Θεὸς
749 3451 1071 3523 ὀνομάζεται
1094 3470 1107 3483 ⁸
1139 3455 1231 3506 καὶ
1252 3454 1406 3506 τοῦτο
1424 3453 1512 3506 διὰ
1532 3454 1708 3523 πάσης

153 3545 323 3614 σχεδὸν
347 3545 532 3617 εὖροις
566 3544 630 3598 ἂν
651 3547 747 3616 τῆς
778 3547 1001 3616 Γραφῆς
1023 3563 1035 3575 ⁸
1066 3546 1187 3598 ἐπεὶ
1216 3548 1309 3599 καὶ
1339 3547 1539 3617 κυρίως
1568 3545 1708 3599 οὕτω

150 3638 286 3709 παρὰ
330 3640 446 3701 τοῖς
500 3638 902 3709 Ἑϐδομήκοντα
948 3638 1027 3692 ἔτι
1066 3639 1160 3691 καὶ
1191 3638 1285 3691 νῦν
1333 3640 1398 3708 τῇ
1443 3637 1707 3708 Ἐϐραίων

150 3729 459 3800 ὀνομάζεται
510 3732 683 3802 φωνῇ.
726 3729 984 3801 Φέρονταί
1016 3746 1078 3798 γε
1111 3729 1215 3801 μὴν
1252 3731 1380 3799 παρ’
1419 3730 1598 3791 αὐτοῖς
1618 3730 1708 3782 ἐπὶ

149 3822 237 3892 τῆς
262 3821 414 3884 θείας
442 3822 815 3893 προσηγορίας
844 3823 939 3875 καὶ
963 3820 1147 3893 ἒτεραί
1175 3838 1317 3883 τινες
1351 3821 1703 3890 ἐκφωνήσεις,

151 3912 420 3985 ὡσπεροῦν
449 3913 544 3965 καὶ
568 3912 627 3965 τὸ
647 3951 662 3976 ,
692 3912 888 3966 Σαδδαῒ
906 3954 920 3978 ,
945 3914 1038 3965 καὶ
1061 3911 1121 3965 τὸ
1161 3911 1308 3976 Ἰαὼ,
1334 3912 1426 3965 καὶ
1454 3912 1555 3964 Ἦλ
1574 3952 1588 3975 ,
1615 3911 1707 3964 καὶ

150 4005 271 4059 ἄλλα
312 4004 528 4068 τούτοις
562 4004 939 4075 παραπλήσια.
998 4004 1057 4056 Ὀ
1095 4002 1159 4074 δὴ
1205 3998 1296 4055 οὖν
1345 4002 1479 4073 μετὰ
1519 4006 1707 4074 χεῖρας

150 4096 345 4166 ψαλμὸς
379 4095 489 4149 ἀπὸ
518 4093 613 4146 τοῦ
653 4093 791 4159 Ἣλ,
844 4093 1023 4158 Ἠλεὶ,
1080 4091 1252 4154 Ἠλεὶ,
1295 4090 1486 4161 λαμμᾶ
1537 4090 1705 4143 σαϐα-

150 4189 312 4258 χθανὶ,
328 4188 593 4261 περιέχει,
608 4181 651 4253 ᾧ
667 4185 926 4257 κέχρηται
944 4186 1038 4237 καὶ
1056 4186 1082 4238 0
1098 4184 1298 4255 Κύριος
1324 4186 1355 4254 ἡ
1367 4183 1499 4253 μῶν,
1517 4183 1576 4236 οὐ
1601 4182 1707 4253 μὴν

151 4283 247 4335 ἀπὸ
278 4282 372 4336 τοῦ
406 4281 660 4351 Ἐλωείμ.
693 4280 752 4333 '0
784 4278 914 4347 γοῦν
963 4277 1214 4340 Ἀκύλας,
1241 4278 1499 4346 διαφορὰν
1531 4275 1703 4336 εἰδὼς,

151 4374 237 4443 τῆς
263 4376 391 4445 παρ’
416 4373 691 4442 Ἑϐραίοις
714 4370 849 4424 Θεοῦ
872 4370 1237 4440 προσηγορίας
1272 4371 1335 4421 ὲκ
1358 4366 1448 4421 τοῦ
1479 4367 1707 4437 Ἑλωεὶμ

153 4464 563 4536 σημαινομένης,
592 4463 652 4515 τὸ
673 4461 766 4515 νῦν
792 4460 1115 4533 δηλούμενον
1147 4461 1203 4512 ἐν
1224 4459 1300 4529 τῷ
1332 4459 1500 4522 Ἠλεὶ,
1534 4458 1702 4521 Ἠλεὶ,

1816 632 1869 685 in
1900 632 2153 701 passione
2182 630 2403 685 desierit
2442 644 2527 691 ea,
2558 644 2676 698 quae
2718 627 2783 680 ad
2812 627 2988 696 ipsum
3016 634 3222 696 spectat
3249 626 3367 680 dis-

1813 722 2079 791 pensatio,
2123 720 2395 790 passionis
2442 733 2572 773 vero
2627 717 2748 771 ﬁnis
2775 718 2890 787 ipsa
2920 715 3082 772 fuerit
3131 731 3163 769 a
3192 724 3368 772 morte

1815 811 1881 865 ad
1914 811 2077 864 vitam
2110 810 2403 874 restitutio,
2434 815 2489 863 et
2520 809 2784 861 matutina
2834 808 3127 876 susceptio,
3172 808 3366 861 merito

1814 902 2092 957 oraculum
2115 901 2242 955 huic
2272 899 2363 953 ﬁni
2383 899 2684 953 admirabili
2708 899 2876 967 ipsam
2907 898 3119 953 dedicat
3139 898 3367 967 scriptu-

1812 1008 1953 1059 ram,
1973 1009 2080 1047 non
2099 1006 2257 1047 secus
2282 1007 2343 1045 ac
2370 990 2416 1047 si
2446 1005 2605 1044 omne
2630 990 2937 1059 bujusmodi
2968 997 3366 1060 argumentum,

1812 1097 1865 1140 et
1906 1100 2090 1139 earum
2139 1084 2483 1138 vexationum
2534 1099 2654 1152 qua:
2688 1084 2845 1138 ﬁnem
2889 1082 3087 1153 ipsum,
3132 1081 3367 1136 reditum

1812 1176 1999 1246 utique
2027 1176 2094 1230 de
2124 1184 2299 1229 morte
2338 1173 2404 1227 ad
2430 1173 2592 1228 vitam
2631 1180 3063 1236 antecesserunt,
3094 1180 3146 1226 et
3179 1186 3369 1227 susce-

1812 1267 2014 1336 ptionis
2063 1266 2342 1319 matutinae
2384 1278 2571 1327 causa,
2623 1264 2903 1318 inductum
2949 1264 3041 1319 sit.
3094 1261 3196 1318 Ubi
3239 1276 3369 1333 ergo

1815 1358 2063 1411 Salvator
2099 1372 2162 1411 ac
2202 1355 2464 1412 Dominus
2518 1355 2649 1409 illud
2701 1355 2883 1409 dixit:
2941 1372 2960 1405 ι
3018 1353 3180 1418 Deus,
3228 1353 3370 1410 Deus

1812 1464 1996 1513 meus,
2040 1449 2250 1517 respice
2280 1449 2337 1502 in
2385 1463 2503 1513 me,
2543 1462 2709 1518 quare
2755 1447 3085 1516 dereliquisti
3120 1447 3274 1501 me?»
3304 1461 3370 1502 ac

1813 1540 2068 1608 deinceps
2104 1538 2234 1591 illud
2267 1538 2473 1591 addidit
2503 1556 2517 1592 :
2555 1556 2573 1589 ι
2608 1536 2718 1606 Ego
2755 1543 2929 1591 autem
2951 1551 3070 1590 sum
3087 1536 3288 1591 vermis
3316 1542 3373 1590 et

1812 1644 1920 1683 non
1952 1631 2133 1692 homo,
2157 1629 2507 1700 opprobrium
2531 1628 2831 1691 hominum,
2864 1636 2917 1683 et
2943 1627 3173 1696 abiectio
3200 1641 3372 1697 popu-

1812 1718 1847 1772 li
1884 1739 1897 1772 :
1934 1739 1952 1769 ›
1990 1734 2203 1774 necnon
2241 1720 2375 1773 illud
2410 1720 2642 1790 subjecit
2671 1739 2683 1774 :
2716 1739 2733 1771 ‹
2762 1718 3254 1773 Circumdederunt
3286 1733 3373 1773 me

1812 1812 1965 1866 vituli
1997 1813 2174 1875 multi,
2207 1814 2348 1867 tauri
2373 1814 2602 1884 pingues
2632 1814 2961 1868 obsederunt
2992 1827 3098 1875 me,
3130 1830 3149 1863 ι
3183 1817 3237 1866 et
3260 1810 3376 1865 evi-

1745 1886 1784 1939 Β
1814 1901 2004 1956 denter
2036 1918 2189 1957 suam
2239 1915 2464 1959 mortem
2504 1905 2845 1959 denuntiavit
2875 1920 2941 1958 ex
2972 1904 3084 1966 illo,
3115 1922 3133 1955 ι
3164 1902 3218 1956 in
3252 1902 3374 1972 pul-

1812 2008 1993 2047 verem
2021 1996 2210 2049 mortis
2249 1995 2516 2051 deduxisti
2546 2011 2631 2050 me
2665 2016 2676 2050 :
2704 1997 2958 2064 quoniam
2998 1994 3373 2050 circumdede-

1811 2094 1940 2139 runt
1984 2103 2068 2141 me
2117 2104 2283 2143 canes
2314 2090 2494 2153 multi,
2545 2090 2896 2159 congregatio
2958 2087 3371 2157 malignantium

1812 2180 2026 2234 obsedit
2056 2197 2162 2243 me,
2197 2181 2452 2237 foderunt
2483 2196 2678 2237 manus
2706 2197 2853 2236 meas
2888 2189 2941 2235 et
2976 2181 3139 2251 pedes
3160 2195 3365 2235 meos.»

1810 2270 2074 2326 Pratterea
2108 2274 2197 2327 ubi
2250 2275 2410 2328 etiam
2447 2290 2508 2328 ea
2542 2291 2663 2344 quae
2696 2274 2797 2330 sub
2845 2275 3015 2343 ipsam
3063 2272 3372 2342 passionem

1811 2362 1913 2418 sibi
1962 2371 2281 2423 evenerunt,
2326 2364 2648 2433 signiﬁcavit
2699 2366 2807 2419 illis
2843 2365 3068 2419 verbis:
3109 2382 3127 2415 ι
3165 2362 3375 2418 Divise-

1810 2462 1938 2507 runt
1977 2456 2297 2509 vestimenta
2348 2471 2464 2509 mea
2496 2457 2622 2519 sibi,
2652 2462 2706 2509 et
2752 2471 2915 2525 super
2965 2463 3165 2510 vestem
3196 2470 3373 2510 meam

1811 2544 2079 2599 miserunt
2110 2554 2332 2600 sortem.
2373 2568 2390 2598 ι
2424 2546 2569 2609 Hzec,
2596 2556 2758 2615 atque
2786 2548 2868 2601 his
2894 2547 3089 2601 similia
3117 2546 3205 2600 ubi
3237 2560 3375 2616 pra-

1811 2637 1965 2702 dixit,
2010 2655 2118 2693 non
2156 2641 2306 2693 intra
2357 2641 2470 2694 haec
2516 2640 2685 2704 stetit,
2721 2638 2885 2710 494,
2939 2638 3031 2692 sed
3075 2636 3371 2705 adjuuxit:

1817 2748 1834 2779 ι
1877 2728 1979 2794 Qui
2039 2730 2238 2785 timetis
2295 2730 2603 2793 Dominum,
2648 2728 2865 2783 laudate
2926 2743 3072 2789 eum,
3116 2728 3372 2798 quoniam

1812 2834 1919 2873 non
1963 2820 2209 2888 sprevit,
2255 2836 2428 2888 neque
2484 2819 2710 2873 moleste
2772 2819 2894 2870 tu‘lit
2943 2816 3371 2886 deprecationem

1811 2913 2084 2981 pauperis,
2118 2926 2292 2980 neque
2314 2911 2505 2965 avertit
2532 2909 2725 2964 facient
2759 2924 2911 2963 suam
2959 2923 2989 2960 a
3030 2922 3132 2971 me,
3163 2915 3216 2962 et
3250 2923 3373 2962 cum

1811 3003 2102 3057 clamarem
2137 3004 2203 3056 ad
2238 3018 2385 3066 eum,
2423 3001 2702 3055 exaudivit
2734 3016 2835 3056 me.
2872 3021 2889 3054 ξ
2927 2998 3044 3065 Qua
3078 3008 3257 3053 autem
3287 3015 3376 3052 ra-

1810 3095 1957 3149 tione
1984 3094 2190 3150 diceret
2235 3111 2293 3150 se
2338 3095 2690 3149 exauditum?
2719 3095 2762 3149 si
2793 3108 2899 3147 non
2936 3100 3263 3148 consecutus
3289 3108 3375 3147 es-

1812 3196 1914 3251 set,
1965 3203 2086 3257 quae
2141 3196 2441 3258 optaverat,
2477 3201 2704 3255 qumque
2740 3185 2991 3255 superius
3053 3184 3374 3253 deprecatus

1812 3280 2001 3336 fuerat.
2042 3295 2164 3333 cum
2195 3279 2331 3332 dixit
2359 3279 2528 3332 illu'd:
2568 3297 2585 3328 ι
2637 3277 2695 3330 lu
2744 3279 3015 3345 pulverem
3061 3277 3252 3330 mortis
3277 3272 3373 3328 de-

1809 3371 2011 3425 duxisti
2060 3387 2166 3431 me,
2201 3370 2352 3438 eripe
2389 3385 2418 3421 a
2454 3370 2655 3423 framea
2704 3369 2937 3420 animant
2990 3381 3188 3430 meam,
3221 3377 3275 3419 et
3307 3364 3373 3419 de

1807 3478 1970 3516 manu
2004 3463 2155 3540 canis
2180 3461 2393 3515 unicam
2426 3460 2646 3515 meam?
2690 3478 2707 3511 ι
2742 3458 2865 3512 Ηωο
2894 3460 3039 3513 enim
3060 3473 3184 3511 cum
3216 3471 3371 3510 oras-

1809 3563 1911 3615 set,
1947 3569 2008 3606 ac
2038 3569 2095 3607 se
2125 3569 2191 3607 ex
2239 3552 2323 3607 his
2352 3552 2488 3620 eripi
2522 3561 2574 3606 et
2609 3551 2827 3605 liberari
2873 3556 3125 3620 precatus
3159 3547 3370 3614 fuisset,

1809 3654 1919 3698 tum
1952 3659 2015 3699 ea
2060 3645 2176 3713 ipsa
2232 3652 2567 3699 consecutus
2613 3658 2733 3713 qua:
2773 3651 3044 3705 oraverat,
3077 3641 3319 3712 adjungit
3354 3660 3369 3697 :

1813 3753 1830 3784 ι
1868 3733 1982 3786 Non
2030 3732 2232 3799 sprevit
2284 3748 2461 3802 neque
2494 3733 2718 3788 moleste
2776 3733 2898 3786 tulit
2936 3732 3374 3803 deprecationem

1807 3824 2084 3893 pauperis,
2119 3839 2294 3893 neque
2324 3824 2518 3877 avertit
2550 3822 2744 3876 faciem
2778 3838 2931 3879 suam
2963 3839 2993 3877 a
3024 3839 3129 3886 me,
3160 3831 3212 3878 et
3247 3839 3370 3878 cum

1807 3917 2096 3970 clamarem
2150 3916 2215 3970 ad
2247 3931 2393 3977 eum,
2437 3915 2714 3971 exaudivit
2748 3932 2834 3971 me
2868 3935 2886 3971 ι
2916 3936 2934 3968 ι
2976 3917 3067 3969 ubi
3096 3916 3374 3971 evidenter

1807 4022 1964 4061 suum
2000 4007 2066 4061 de
2122 4014 2296 4062 morte
2346 4006 2413 4061 ad
2463 4008 2627 4061 vitam
2678 4007 2911 4062 reditum
2957 4007 3246 4077 signiﬁcat,
3278 4007 3372 4077 qui

1807 4096 1908 4153 sub
1939 4100 2259 4153 matutinam
2293 4101 2693 4168 susceptionem
2738 4097 2967 4161 exstitit,
3012 4112 3175 4166 quam
3221 4097 3369 4166 psal-

1806 4202 1929 4239 mus
1978 4187 2232 4257 deinceps
2286 4188 2504 4258 longius
2560 4202 2881 4257 progressus
2942 4186 3233 4248 indicavit,
3278 4185 3370 4239 ubi

1806 4277 1942 4332 dixit
1983 4295 1997 4331 :
2034 4299 2052 4331 (
2093 4279 2176 4333 Tu
2212 4288 2414 4345 autem,
2451 4279 2699 4343 Domine,
2727 4295 2796 4334 ne
2853 4294 3104 4334 amoveas
3156 4280 3371 4349 longius

1807 4371 2069 4425 auxilium
2104 4387 2308 4435 meum,
2330 4372 2397 4426 ad
2435 4371 2836 4441 susceptionem
2872 4385 3042 4424 meam
3077 4370 3305 4439 respice.
3344 4389 3364 4422 ι

1810 4462 1915 4517 Sed
1946 4477 2109 4532 quam
2144 4461 2363 4516 tandem
2415 4463 2576 4516 aliam
2633 4462 3050 4530 susceptionem,
3098 4462 3204 4516 nisi
3249 4476 3368 4516 eam

149 4559 237 4611 οὐκ
253 4559 483 4628 ἠξίωσεν
502 4557 701 4626 ὁμοίως
716 4558 827 4617 τοῖς
851 4554 1074 4616 λοιποῖς,
1104 4573 1121 4603 ι
1148 4555 1176 4605 0
1196 4552 1346 4616 Θεὸς,
1368 4552 1537 4615 ὁΘεός
1553 4569 1651 4621 μου
1678 4571 1695 4603 ›

1807 4570 1965 4624 quam
2003 4555 2291 4622 inscriptio
2320 4553 2515 4623 psalmi
2549 4552 2915 4624 signiﬁcavit?
2936 4552 3224 4615 Caeterum,
3256 4552 3371 4606 haec

151 4648 487 4712 μεταϐάλλων
502 4649 694 4710 εἰπεῖν,
712 4645 895 4711 ἀλλὰ,‹
911 4645 1094 4716 ίσχυρέ
1114 4661 1232 4714 μου,
1256 4643 1441 4714 ίσχυρέ
1456 4660 1575 4712 μου.
1592 4662 1609 4694 ι
1628 4642 1699 4696 Τὸ

147 4735 187 4787 δ’
206 4740 426 4810 ἀκριϐές
464 4740 639 4792 ἐστιν’
695 4737 846 4807 ἰσχύς
890 4755 1011 4806 μου,
1050 4734 1200 4806 ἰσχύς
1228 4753 1349 4806 μου.
1380 4736 1538 4788 Ὥστε
1563 4736 1700 4789 κατὰ

148 4829 235 4901 τὴν
248 4830 437 4885 τούτου
455 4830 714 4894 διάνοιαν,
747 4830 835 4882 τὸν
855 4827 1025 4899 ἀμνὸν
1045 4826 1138 4880 τοῦ
1161 4826 1295 4879 Θεοῦ
1318 4827 1406 4880 τὸν
1439 4828 1702 4899 ἡμέτερον

149 4921 360 4993 Σωτῆρα
399 4922 679 4991 φάσκοντα
721 4922 783 4975 τὸ
830 4921 1005 4989 Ἠλεὶ,
1052 4919 1236 4984 Ἠλεὶ,
1283 4920 1418 4990 πρὸς
1457 4920 1545 4974 τὸν
1585 4921 1699 4973 Πα-

145 5013 296 5084 τέρα,
352 5017 559 5084 λέγειν·
616 5035 635 5060 σ
677 5013 881 5086 Ἰσχυρέ
913 5032 1046 5086 μου,
1092 5012 1275 5083 ίσχυρέ
1329 5030 1429 5083 μου
1456 5052 1470 5076 ,
1519 5013 1602 5065 ἵνα
1646 5011 1701 5065 τί

148 5104 491 5171 ἐγκατέλιπές
523 5124 624 5177 με;
660 5126 680 5159 ι
718 5108 814 5160 καὶ
837 5108 976 5179 τάχα
1006 5107 1125 5159 ἐπεὶ
1148 5106 1502 5174 ἐγκατέλιπεν
1540 5105 1699 5158 αὐτὸν

150 5198 175 5247 0
206 5199 413 5271 ἰσχυρὸς
457 5198 643 5263 αὐτοῦ,
678 5199 865 5253 τούτου
897 5200 1056 5271 χάριν
1106 5197 1443 5269 ἐσταυρώθη,
1478 5198 1549 5260 ὥς
1596 5215 1701 5269 φη·-

151 5303 225 5339 σιν
265 5292 293 5342 0
336 5290 687 5355 ’Δπόστολοςο
726 5309 743 5340 ι
785 5292 893 5346 Καὶ
935 5290 1042 5359 γὰρ
1088 5289 1403 5360 ἐσταυρὼοη
1439 5287 1498 5351 ἐξ
1544 5288 1702 5341 ἀσθε-

146 5378 298 5443 νείας,
332 5382 426 5435 καὶ
455 5382 521 5454 ζῇ
558 5385 622 5436 ἐκ
653 5384 932 5455 δυνάμεως
976 5383 1134 5446 Θεοῦ,
1177 5403 1195 5435 ι
1233 5383 1308 5445 ὡς
1352 5380 1424 5451 μὴ
1460 5398 1702 5450 σταυρω-

147 5464 247 5531 θεὶς
277 5471 360 5535 ἂν,
394 5474 441 5525 εἰ
467 5473 541 5543 μὴ
572 5476 599 5527 0
628 5475 843 5545 ἰσχυρὸς
888 5474 1050 5528 αὐτοῦ
1097 5473 1471 5533 καταλελοίπει
1518 5471 1697 5524 αὐτόν.

148 5558 245 5613 Καὶ
274 5563 373 5633 ὅρα
404 5567 451 5616 εἰ
497 5566 569 5636 μὴ
603 5565 808 5635 ἔπρεπε
856 5567 945 5619 τὸν
977 5567 1146 5635 ἀμνὸν
1178 5566 1268 5623 τοῦ
1313 5566 1470 5625 Θεοῦ,
1502 5565 1592 5617 τὸν
1624 5564 1699 5626 ὡς

148 5651 397 5722 πρόϐατον
438 5659 530 5709 ἐπὶ
563 5658 770 5729 σφαγὴν
816 5658 1067 5729 ἀχθέντα,
1094 5659 1186 5711 καὶ
1216 5657 1290 5720 ὡς
1335 5656 1503 5726 ἀμνὸν
1550 5658 1699 5709 ἐναν-

146 5743 246 5795 τίον
268 5747 358 5800 τοῦ
382 5750 656 5821 κείροντος
675 5751 906 5820 ἄφωνον,
935 5750 1034 5814 τὰς
1066 5751 1267 5813 οἰκείας
1297 5750 1549 5820 δυνάμεις
1572 5750 1699 5802 ἀνα-

144 5832 327 5891 τιθέναι
376 5838 454 5908 τῷ
502 5840 639 5911 Θεῷ,
675 5841 767 5895 καὶ
822 5841 984 5915 μηδὲν
1034 5842 1159 5895 ἴδιον
1205 5842 1348 5914 ἔχειν
1386 5841 1696 5914 ἡγεῖσθαιῆ

1806 4645 2025 4715 quidem
2072 4644 2219 4699 dicta
2269 4645 2381 4700 sint
2406 4660 2436 4697 a
2462 4644 2621 4698 nobis
2676 4645 2727 4697 in
2764 4644 2935 4711 ipsam
2964 4643 3153 4711 psalmi
3179 4641 3371 4695 inscri-

1806 4738 2045 4807 ptionem
2082 4754 2097 4804 ;
2129 4736 2184 4791 in
2224 4735 2319 4790 illo
2349 4743 2551 4801 autem,
2583 4754 2601 4786 ι
2634 4734 2735 4801 Eli,
2770 4735 2869 4798 Eli,
2901 4735 3093 4788 lamina
3140 4735 3370 4789 sabach-

1808 4831 1981 4895 tbani,
2022 4851 2041 4883 ι
2072 4829 2218 4901 quod
2240 4846 2364 4886 cum
2391 4845 2421 4884 a
2451 4829 2735 4884 Salvatore
2763 4836 2951 4882 nostro
2990 4828 3121 4897 ipsis
3144 4827 3370 4883 Hebrai-

1807 4923 1886 4978 cis
1916 4922 2227 4977 nominibus
2256 4922 2460 4977 dictum
2492 4921 2561 4976 sit
2598 4921 2701 4975 sub
2732 4920 2909 4990 ipsum
2942 4921 3212 4989 passionis
3238 4928 3369 4973 tem-

1804 5032 1926 5086 pus,
1960 5015 2016 5068 in
2048 5014 2242 5084 psalmi
2298 5013 2455 5068 initio
2486 5014 2723 5084 positum
2755 5019 2859 5077 est,
2886 5013 3030 5077 vide,
3066 5026 3269 5081 qumso,
3302 5026 3367 5065 ne

1801 5121 1908 5177 qua
1939 5105 2068 5159 insit
2095 5104 2416 5175 profundior
2456 5104 2837 5175 contemplatio
2876 5104 3018 5174 apud
3066 5102 3362 5157 llebrmos:

1800 5213 1923 5253 nam
1972 5196 2141 5249 Eloim
2191 5194 2335 5252 Deus
2393 5196 2755 5250 nominatur:
2797 5202 2852 5249 et
2899 5195 3002 5248 lioc
3049 5209 3145 5262 per
3196 5201 3365 5246 totam

1800 5288 2189 5358 propemodum
2230 5286 2572 5355 Scripturam
2630 5285 2872 5339 invenies
2928 5302 2943 5337 :
2997 5280 3216 5352 quando
3283 5280 3364 5335 vel

1801 5378 2014 5447 proprie
2038 5378 2116 5431 sic
2134 5378 2274 5446 apud
2300 5375 2441 5430 LXX
2465 5377 2626 5431 etiam
2651 5390 2796 5429 nunc
2822 5372 3086 5428 Hebraica
3116 5386 3247 5426 voce
3273 5386 3366 5425 ne-

1802 5471 2058 5530 minatur,
2086 5469 2227 5538 apud
2257 5470 2406 5537 ipsos
2451 5479 2629 5521 tamen
2659 5465 2914 5521 Ilebrazos
2943 5466 3061 5519 alite
3092 5463 3364 5517 nonnulla:

1804 5560 2050 5614 feruntur
2081 5560 2473 5630 appellationes
2499 5558 2566 5614 ad
2590 5558 2832 5612 divinam
2868 5566 3117 5611 naturam
3147 5554 3361 5626 signiﬁ-

1802 5653 2053 5717 candam,
2090 5661 2146 5705 ut
2184 5652 2339 5719 illud,
2380 5650 2602 5713 Saddai,
2632 5659 2688 5703 ut
2736 5651 2891 5714 illud,
2948 5649 3069 5714 Jao,
3100 5657 3160 5703 ut
3206 5649 3359 5715 illud,

1800 5745 1884 5811 El,
1919 5748 2131 5816 aliaque
2185 5746 2271 5800 his
2306 5745 2500 5799 similia
2579 5759 2705 5804 ergo
2732 5743 2972 5801 nsalmus
3008 5743 3101 5811 qui
3132 5744 3363 5798 nuncin

1802 5841 2052 5899 manibus
2084 5848 2187 5906 est,
2226 5833 2355 5896 illud
2392 5860 2404 5894 :
2439 5837 2541 5906 Eli,
2574 5837 2675 5906 Eli,
2707 5850 2902 5893 tamma
2934 5835 3313 5903 sabacbtbani,
3337 5851 3361 5886 ι
