3938 6526
595 395 700 453 76¹Ι
1285 394 1552 451 EUSEBII
1585 394 2067 451 Ct‘ESABlENSIS
2105 393 2254 450 OPP.
2296 391 2476 448 PARS
2516 390 2582 447 11.
2622 420 2693 431 -
2731 389 3232 447 APOLOGETICA.
3674 399 3752 454 768

597 510 755 566 initio
779 509 963 574 habet,
991 523 1100 579 quo
1147 509 1308 564 etiam
1367 510 1614 565 Salvator
1660 517 1848 567 noster
1892 527 2026 568 usus
2055 517 2152 576 est;

2198 515 2236 571 Α
2268 507 2424 580 μόνον
2455 507 2546 561 τδν
2593 506 2838 579 Πατέρα·
2869 505 2948 560 διὸ
2993 507 3086 561 καὶ
3121 505 3333 578 ἰσχυρὸν
3365 506 3448 560 τὸν
3483 508 3662 583 Πατέρα
3684 516 3753 568 αὒ-

597 620 708 660 non
733 611 912 658 autem
944 602 1074 656 illud
1109 622 1122 657 :
1161 601 1356 659 Eloim.
1389 602 1623 658 Proinde
1655 602 1850 674 Aquila
1903 618 2028 658 cum
2079 601 2152 656 di«

2266 599 2360 653 τοῦ
2413 598 2728 664 ἀποκαλεῖν,
2781 597 2857 661 ὡς
2903 598 2994 652 καὶ⁵
3052 599 3108 650 ἐν
3156 599 3571 671 ἑπτακαιδεκάτῳ

596 697 912 752 versitatem
970 694 1063 750 Dei
1112 695 1516 765 appellationis,
1551 711 1670 768 quae
1704 711 1770 750 ex
1824 696 1943 766 ipso
1989 694 2151 748 Eloim

2269 691 2419 760 ίσχὺν
2447 690 2622 760 ἐαυτῷ
2658 691 2752 744 καὶ
2781 689 3106 762 κραταίωμα
3133 689 3224 742 καὶ
3257 691 3553 762 καταφυγὴν
3574 693 3648 746 τὸν
3670 697 3748 748 Πα-

596 786 939 858 signil’icatur
983 787 1127 855 apud
1178 786 1432 841 Hebrmos
1483 787 1727 852 vidisset,
1767 787 1894 841 illud
1944 786 2012 841 de
2051 802 2151 856 quo

2264 784 2398 855 τέρα
2423 782 2693 854 ὀνομάζει,
2714 783 2904 852 λέγων·
2933 801 2952 834 ι
2977 784 3270 854 Ἀγαπήσω
3296 801 3374 846 σε,
3395 785 3616 857 Κύριε,ἡ
3641 789 3750 858 ισχιες

596 894 742 934 nunc
775 880 1005 948 agimus,
1042 880 1097 933 in
1133 879 1245 942 illo,
1279 879 1382 943 Eli,
1415 879 1518 944 Eli,
1554 890 1661 934 non
1700 881 1770 934 ita
1804 879 2151 950 quemadmo-

2269 893 2391 945 μου,
2423 874 2624 946 Κύριος
2660 874 2944 945 στερέωμά
2978 892 3098 945 μου,
3127 876 3220 928 καλ⁵
3255 878 3527 948 καταφυγή
3563 896 3661 948 μου,
3684 883 3748 935 καὶ

593 971 721 1024 dum
746 970 937 1038 reliqui
968 985 1091 1024 cum
1126 979 1484 1046 converteret,
1510 972 1902 1026 enuntiandum
1932 971 2148 1041 putavit,

2266 966 2465 1036 ρύστης
2487 985 2609 1037 μου.
2653 969 2710 1020 '0
2740 969 2870 1031 Θεός
2905 986 3025 1038 μου,
3057 967 3243 1038 βοηθός
3278 985 3397 1038 μου,
3421 968 3507 1021 καὶ
3538 969 3672 1024 ἐλπιῶ
3690 975 3749 1026 ἐπ’

592 1061 688 1117 sed
726 1081 737 1116 :
786 1081 803 1112 ι
842 1061 1021 1117 Furtis
1049 1062 1398 1128 i_ueus,furtis
1422 1079 1596 1126 meus,
1628 1079 1797 1132 quare
1823 1062 2147 1133 tlereliquistl

2265 1059 2452 1112 αὐτόν·
2488 1061 2898 1132 ὑπερασπιστὴς
2935 1078 3056 1131 μου,
3091 1061 3184 1113 xal.
3212 1060 3376 1132 κέρας
3408 1063 3642 1134 σωτηρίας
3661 1082 3746 1133 μου,

591 1153 716 1207 me?
750 1171 770 1204 ι
809 1153 956 1222 quod
987 1153 1204 1223 quidem
1237 1154 1282 1207 si
1315 1154 1645 1223 exquisitius
1682 1154 1863 1224 eloqui
1895 1155 2146 1218 volueris,

2265 1152 2358 1205 καὶ
2397 1154 2740 1225 ἀντιλήπτωρ
2793 1171 2912 1224 μου.
2955 1173 2972 1204 ι
3023 1153 3417 1208 Καταλέλοιπεν
3447 1151 3530 1208 οὖν
3579 1156 3748 1211 αὑτὸνό

589 1241 760 1306 dices,
796 1245 964 1296 robur
1011 1259 1214 1306 meum,
1250 1243 1416 1298 robur
1448 1260 1648 1299 meum.
1679 1244 1857 1310 Quare
1896 1261 1961 1299 ex
1994 1245 2144 1313 hujus

2268 1243 2483 1314 ἰσχυρὸς
2511 1243 2697 1305 αὐτοῦ,
2746 1243 2976 1314 θελήσας
3021 1243 3182 1297 αὐτὸν
3229 1245 3388 1315 μέχρι
3435 1245 3648 1310 θανάτου,
3685 1251 3748 1301 καὶ

589 1335 1059 1406 interpretatione,
1092 1336 1278 1406 Agnus
1310 1335 1426 1401 Dei,
1469 1337 1560 1406 qui
1596 1343 1680 1392 est
1732 1344 1920 1391 noster
1964 1334 2144 1390 Salva-

2265 1331 2490 1386 Θανάτου
2535 1332 2763 1403 σταυροῦ
2799 1333 3094 1398 κατελθεῖν,
3125 1335 3217 1388 καὶ
3255 1334 3348 1387 τοῦ
3391 1336 3573 1408 κόσμου
3606 1339 3747 1406 παντὸς

587 1431 694 1484 tor,
735 1425 862 1478 dum
919 1424 1052 1478 illud
1101 1443 1114 1480 :
1169 1423 1270 1490 Eli,
1307 1423 1410 1490 Eli,
1462 1425 1593 1479 dicit
1640 1425 1707 1478 ad
1752 1423 1992 1490 Patrem,
2025 1427 2142 1480 illuc

2263 1424 2452 1497 λύτρον
2485 1425 2577 1478 καὶ
2625 1425 2912 1496 ἀντίψυχον
2947 1426 3349 1497 ἀποδειχθῆναι,
3400 1429 3487 1480 καὶ
3525 1429 3747 1499 καθάρειοι

586 1516 720 1570 dicit
773 1536 785 1570 :
824 1534 842 1566 ι
883 1514 1064 1570 Fortis
1112 1532 1288 1581 meus,
1343 1515 1502 1572 fortis
1554 1533 1729 1582 meus,
1762 1533 1930 1588 quare
1961 1518 2141 1576 dereli-

2263 1517 2511 1584 γενέσθαι
2543 1517 2641 1587 τῆς
2669 1517 2776 1571 τῶν
2817 1520 2897 1580 είς
2927 1518 3086 1571 αὐτὸν
3132 1519 3520 1573 πιστευσάντων
3547 1522 3676 1592 ζωῆς.
3710 1524 3747 1576 '0

583 1607 750 1676 quisti
782 1607 910 1660 me?
945 1627 964 1658 ι
1014 1615 1068 1662 et
1109 1608 1336 1664 forsitan
1379 1608 1524 1678 quod
1578 1608 1756 1678 ipsum
1807 1609 2130 1680 dereliqueri

2263 1609 2339 1671 δὲ,
2381 1609 2574 1662 αὐτίκα
2607 1607 2750 1679 μάλα
2781 1609 3195 1680 συναισθόμενος
3239 1611 3339 1680 τῆς
3372 1610 3541 1664 ἐνθέου
3579 1614 3650 1666 καὶ
3674 1631 3747 1666 παι

582 1697 746 1769 495
773 1698 928 1755 fortis
977 1716 1143 1766 suus,
1197 1701 1404 1755 idcirco
1453 1701 1750 1756 cruciﬁxus
1801 1709 1920 1764 ost,
1973 1713 2031 1756 ut
2080 1703 2128 1755 ai

2262 1700 2455 1772 τρικῆς
2505 1699 2721 1771 βουλῆς,
2777 1701 3026 1769 διαγνούς
3075 1720 3154 1765 τε,
3199 1705 3245 1756 εί
3299 1703 3389 1756 καί
3432 1721 3510 1766 τις
3543 1704 3748 1767 Magna

583 1790 878 1858 Apostolus
909 1808 922 1845 :
959 1810 978 1843 ι
1015 1791 1221 1846 Etenim
1263 1793 1560 1848 cruciﬁxus
1597 1802 1682 1848 est
1713 1810 1780 1848 ex
1816 1793 2138 1849 infirmitate

2263 1793 2410 1847 αἴτια
2441 1794 2533 1847 τοῦ
2578 1793 2990 1864 καταλελεῖφθαι
3035 1795 3194 1848 αὐτὸν
3227 1795 3333 1849 ὑπὸ
3355 1795 3442 1849 τοῦ
3474 1797 3666 1866 nam,
3695 1797 3748 1849 ἐτι

583 1889 638 1934 et
661 1882 790 1934 vivit
807 1898 873 1935 ex
893 1883 1094 1938 virtute
1112 1882 1294 1938 Dei":
1320 1904 1338 1936 ι
1357 1884 1450 1954 qui
1469 1885 1685 1954 quidem
1704 1902 1982 1955 nunquam
2003 1901 2131 1941 cruc

2193 1875 2232 1934 Β
2258 1887 2390 1940 πολὺ
2422 1887 2581 1941 πλέον
2609 1888 2970 1941 ἐταπείνωσεν
3011 1888 3222 1952 ἐαυτὸν,
3257 1890 3355 1943 καὶ
3383 1888 3469 1942 τὸν
3494 1890 3612 1961 ὑπὲρ
3639 1889 3748 1959 ἡμῶν

582 1979 728 2027 esset
765 1972 977 2041 aﬂixus,
1014 1975 1118 2030 nisi
1151 1975 1308 2030 fortis
1358 1992 1491 2032 suus
1525 1977 1701 2045 ipsum
1747 1976 2137 2046 dereliquisset

2257 1977 2484 2033 θάνατον
2517 1980 2683 2052 πολλῇ
2716 1984 2782 2052 τῇ
2820 1980 3098 2052 προθυμίᾳ
3148 1981 3512 2052 περιεϐάλετο,
3545 2002 3562 2033 ι
3593 1981 3749 2049 ἐγένετό

583 2061 649 2116 Et
680 2079 811 2118 sane
849 2066 1058 2135 inspice
1091 2074 1170 2136 tu,
1203 2082 1366 2137 quam
1401 2067 1538 2122 bene
1570 2069 1906 2131 convenerit,
1940 2075 2138 2138 Agnurr

2254 2087 2314 2124 τε
2341 2074 2370 2125 ό
2404 2072 2664 2140 πανάγιος
2696 2073 2790 2125 καὶ
2821 2073 3110 2142 εὐλογητὸς
3133 2073 3274 2144 ὑπὲρ
3299 2073 3450 2144 ἡμῶν
3469 2073 3661 2144 κατάρα,
3684 2072 3749 2126 καὶ

581 2152 699 2217 Dei,
731 2157 822 2225 qui
865 2167 922 2210 ut
951 2159 1069 2212 ovis
1098 2159 1163 2212 ad
1199 2159 1559 2214 occidendum
1613 2160 1684 2216 sit
1734 2159 1959 2222 ductus,
2008 2170 2061 2214 et
2093 2177 2136 2212 ut

2255 2162 2283 2213 ό
2311 2160 2382 2232 μὴ
2417 2163 2577 2228 γνοὺς
2621 2163 2890 2234 ἁμαρτίαν
2933 2164 3195 2235 ἁμαρτία,
3240 2163 3329 2217 ἵνα
3357 2166 3508 2235 ἡμεῖς
3534 2162 3749 2232 γενώμεθα

580 2261 754 2316 agnus
799 2265 982 2303 curam
1027 2251 1288 2306 tondente
1332 2251 1686 2312 obmutuerit.
1741 2269 1869 2308 suas
1902 2253 2046 2308 vires
2084 2269 2135 2306 at

2253 2251 2560 2322 δικαιοσύνη
2592 2252 2723 2306 Θεοῦ
2748 2253 2805 2305 ἐν
2838 2254 3004 2324 αὐτῷ.
3035 2273 3054 2307 ι
3089 2254 3197 2308 Καὶ
3219 2255 3301 2307 ἔτι
3337 2255 3467 2326 πρὸς
3487 2255 3660 2316 τούτοις
3681 2253 3749 2315 τὰς

579 2338 759 2410 ipsqu
801 2339 968 2396 Deum
1015 2344 1240 2404 referre,
1289 2352 1341 2399 et
1364 2345 1498 2399 nihil
1540 2346 1816 2416 proprium
1863 2361 1921 2401 se
1953 2345 2134 2399 haberi

2254 2343 2526 2414 ἡμετέρας
2595 2345 2866 2416 ἁμαρτίας
2925 2345 3343 2417 ἀναμαξάμενος
3391 2345 3748 2419 ἐσταυρώθη,ό

578 2433 836 2487 arbitrari
868 2435 971 2488 nisi
1005 2451 1174 2489 unum
1213 2436 1450 2491 Patrem.
1483 2436 1718 2505 Proinde
1760 2437 1923 2492 etiam
1958 2435 2133 2492 forteu

2253 2434 2418 2505 ἐχρῆν
2466 2437 2613 2506 ἡμᾶς
2660 2438 2786 2501 τοὺς
2837 2438 2966 2509 πρὶν
3019 2440 3236 2504 ἀσεϐεῖς
3280 2439 3484 2502 παθεῖν,
3527 2439 3748 2508 ἀντίψνχον

577 2538 760 2584 suum,
795 2525 970 2594 ipsum
1017 2524 1234 2581 Patrem
1283 2536 1462 2592 vocat,
1512 2543 1645 2584 sane
1689 2527 2132 2597 quemadmuduu

2251 2526 2409 2597 ἡμῶν
2443 2529 2534 2580 καὶ
2565 2529 2877 2600 ἀντίλυτρον
2910 2533 3294 2602 γεγενημένος,
3324 2532 3448 2586 ὥστ’
3477 2532 3536 2602 ἀν
3574 2532 3748 2598 εὐλόγως

576 2617 661 2670 vel
697 2617 748 2669 in
783 2617 995 2672 decimo
1036 2618 1271 2689 septimo
1303 2619 1514 2689 psalmo
1554 2620 1724 2673 robur
1756 2635 1938 2680 suum,
1975 2629 2028 2674 et
2057 2621 2131 2672 tir-

2251 2621 2424 2673 είπεῖν
2455 2622 2600 2696 ἡμᾶς
2637 2619 2699 2673 τὸ
2749 2624 3110 2694 προφητικὸν·
3148 2642 3166 2674 ι
3207 2625 3382 2688 Αὐτὸς
3426 2623 3517 2687 τὰς
3545 2621 3749 2694 ἁμαρτίας

575 2717 932 2774 mamentuin,
985 2717 1040 2763 et
1087 2711 1354 2780 refugium
1409 2709 1660 2764 eumdem
1707 2711 1973 2772 nominat,
2020 2709 2130 2764 dun

2250 2708 2408 2778 ἡμῶν
2459 2710 2632 2780 φέρει,
2686 2711 2780 2764 καὶ
2833 2715 2958 2784 περὶ
3009 2712 3162 2784 ἡμῶν
3211 2715 3477 2773 όδυνᾱται.
3518 2715 3598 2767 καὶ
3635 2712 3749 2774 αὐτὸς

573 2798 747 2855 dicit:
785 2817 802 2849 ι
834 2799 1062 2869 Diligam
1108 2807 1182 2864 te,
1231 2799 1478 2863 Domine,
1519 2801 1690 2855 robur
1733 2817 1932 2855 meum.
1967 2800 2128 2855 Domit

2251 2799 2652 2874 ἐτραυματίσθη
2688 2803 2776 2857 διὰ
2803 2803 2901 2867 τὰς
2935 2805 3208 2877 ἁμαρτίας
3240 2806 3418 2877 ἡμῶν,
3450 2807 3534 2860 καὶ
3565 2804 3750 2876 μεμαλά-

574 2906 680 2947 nus
709 2891 1106 2945 ﬁrmamentum
1150 2908 1330 2947 meum
1361 2903 1413 2947 et
1444 2891 1714 2964 refugium
1763 2909 1964 2957 meum,
2002 2905 2054 2950 et
2081 2895 2129 2948 li-

2249 2910 2429 2946 κισται
2453 2892 2542 2946 διὰ
2573 2893 2670 2958 τὰς
2702 2896 2929 2966 ἀνομίας
2961 2896 3137 2968 ἡμῶν,
3181 2896 3268 2951 ἵνα
3298 2899 3375 2970 τῷ
3402 2897 3604 2969 μώλωπι
3632 2895 3749 2949 αὑτοῦ

573 2981 794 3038 berator
836 2998 1007 3037 meus.
1054 2981 1194 3038 Deus
1224 2999 1399 3046 meus,
1449 2985 1666 3053 adjutor
1715 3001 1888 3047 meus.
1940 2994 1992 3040 et
2021 3003 2128 3055 spe-

2249 2985 2407 3054 ἠμεῖς
2460 2985 2717 3058 ίαθῶμεν.
2759 2988 2959 3060 Κύριος
2999 2990 3106 3061 γὰρ
3164 2991 3477 3062 παρέδωκεν
3507 2989 3642 3043 αὐτὸν
3666 2990 3749 3050 ταῖς

573 3075 710 3129 rabo
739 3075 791 3128 in
823 3091 970 3130 eum.
993 3074 1275 3130 Protector
1307 3093 1460 3133 meus
1490 3088 1542 3132 et
1571 3093 1742 3132 cornu
1767 3080 1958 3135 salutis
1990 3097 2122 3150 mea:

2248 3077 2542 3148 ἁμαρτίαις
2595 3079 2766 3149 ἡμῶν.
2808 3099 2827 3132 ι
2861 3081 3058 3152 Διόπερ
3089 3081 3165 3146 ὼς
3209 3082 3526 3155 παραδοθεὶς
3565 3081 3652 3134 ὑπὸ
3683 3077 3748 3131 τοῦ

574 3176 630 3230 et
661 3176 946 3236 susceptor
976 3183 1129 3223 meus
1153 3169 1218 3223 9‘.
1250 3188 1269 3221 ι
1311 3167 1607 3240 Dereliquit
1635 3185 1764 3239 ergo
1796 3173 1946 3225 illum
1984 3172 2129 3230 fortis

2246 3169 2479 3239 Πατρός,
2523 3171 2615 3224 καὶ
2675 3171 3050 3242 μαλακισθεὶς,
3102 3173 3196 3228 καὶ
3251 3173 3352 3238 τὰς
3395 3173 3600 3244 ἀνομίας
3636 3170 3749 3242 ἡμῶν

573 3278 728 3326 Suus,
766 3280 886 3319 cum
917 3265 1087 3318 voluit
1119 3265 1269 3322 illum
1309 3281 1480 3335 usque
1520 3266 1586 3320 ad
1622 3276 1870 3329 mortem.
1917 3276 1970 3322 et
2000 3285 2128 3323 ιιιοι·⁴

2195 3249 2214 3307 3
2247 3259 2569 3332 ἀνειληφὼς,
2610 3281 2627 3314 ι
2657 3263 2734 3328 ὼς
2764 3263 3032 3336 πρόϐατον
3055 3266 3147 3319 ἐπὶ
3193 3266 3405 3338 σφαγὴν
3437 3266 3579 3339 ἤχθη.
3609 3284 3624 3318 ι
3654 3265 3750 3318 Συν-

571 3360 680 3408 tem
713 3357 896 3417 crucis
923 3356 1272 3422 descendere,
1298 3366 1351 3412 et
1383 3373 1481 3428 pro
1510 3360 1764 3414 universo
1796 3361 1996 3415 mundo
2022 3379 2126 3434 pre-

2249 3351 2362 3420 ᾴδει
2383 3352 2590 3416 τούτοις
2613 3357 2705 3408 καὶ
2725 3357 2798 3426 (1)
2832 3357 3148 3422 Ἀπόστολος
3170 3358 3373 3427 λέγων·
3403 3379 3420 3411 ι
3463 3359 3550 3421 Ὄς
3576 3375 3628 3427 γε
3655 3356 3749 3412 ίδίου

570 3446 730 3510 tiu-eu,
767 3463 876 3517 quo
923 3450 1118 3503 anima:
1153 3451 1573 3511 redimerentur,
1619 3451 1888 3514 exhiberi,
1933 3460 1984 3506 et
2021 3454 2125 3508 vita

2250 3444 2379 3498 Υίοῦ
2409 3447 2507 3500 οὐκ
2558 3449 2828 3518 ἐφείσατο,
2864 3450 2976 3504 ἀλλ’
3025 3445 3164 3523 ὑπὲρ
3203 3453 3363 3522 ἡμῶν
3413 3452 3606 3506 πάντων
3645 3464 3750 3515 παρ-

570 3554 758 3594 eorum
809 3540 899 3609 qui
947 3541 1000 3594 iu
1053 3542 1210 3595 [idem
1257 3543 1376 3612 ejus
1428 3544 1724 3607 venissent,
1776 3545 2125 3614 expiationeu

2248 3538 2446 3592 έδωκεν
2477 3540 2655 3593 αὐτόν.
2694 3559 2713 3594 ι
2745 3542 2922 3595 Κινῶν
2958 3543 3015 3597 δὲ
3048 3545 3194 3613 ἡμᾶς
3223 3545 3318 3597 ἐπὶ
3357 3543 3566 3615 ζήτησιν
3591 3543 3671 3612 τῆς
3692 3540 3751 3592 al-

570 3630 710 3686 tieri.
745 3631 840 3687 Ille
873 3648 1003 3686 vero
1045 3635 1298 3703 protinus
1331 3634 1576 3689 divinum
1623 3651 1687 3690 ac
1719 3645 2002 3706 paternum
2046 3639 2125 3693 de-

2247 3631 2386 3695 τίας,
2419 3632 2486 3685 δι’
2517 3634 2580 3703 ἥν
2615 3633 2774 3687 αὐτὸν
2808 3634 2836 3686 ὁ
2858 3635 3047 3706 Πατὴρ
3071 3635 3350 3700 κατέλιπε,
3381 3635 3592 3705 φάσκει·
3624 3651 3638 3684 ι
3669 3633 3751 3684 Ἵνα

568 3732 780 3779 cretum
816 3725 1124 3796 intelligens
1170 3742 1615 3798 cognoscensque
1657 3730 1701 3784 si
1743 3731 1867 3799 quis
1901 3747 2123 3800 unquau

2247 3722 2298 3776 τί
2330 3741 2395 3794 με
2446 3725 2839 3793 ἐγκατέλιπες;
2887 3747 2904 3778 ι
2941 3727 3013 3780 Τὸ
3043 3727 3088 3780 δ’
3121 3727 3294 3782 αἴτιον
3327 3727 3480 3782 τοῦτο
3517 3725 3594 3799 ἦν,
3626 3728 3652 3797 ἡ
3682 3721 3749 3777 τοῦ

569 3817 731 3880 alius,
765 3833 962 3872 causas
988 3828 1208 3890 prepter
1235 3837 1371 3890 quas
1402 3837 1432 3874 a
1463 3819 1623 3876 Patre
1645 3831 1792 3877 esset
1826 3823 2124 3894 relinquen-

2247 3818 2446 3882 παντὸς
2491 3817 2792 3890 ἀνθρώπιον
2825 3809 3016 3888 γένους
3065 3821 3458 3894 ἀπολύτρωσις,
3516 3821 3584 3892 τῷ
3630 3819 3750 3889 τιμίῳ

568 3908 694 3971 dus,
725 3910 896 3964 multo
939 3912 1103 3965 etiam
1153 3913 1386 3982 amplius
1442 3914 1681 3981 seipsum
1713 3915 1952 3980 demisit,
1995 3932 2123 3969 mor-

2245 3911 2437 3980 αἵματι
2493 3911 2928 3983 ἐξαγοραςομένη
2973 3913 3079 3966 ἀπὸ
3110 3915 3207 3985 τῆς
3249 3916 3378 3987 πρὶν
3419 3915 3636 3986 χαλεπῆς
3667 3913 3749 3965 δου-

567 4013 788 4072 temque
811 4019 908 4073 pro
938 4005 1096 4060 nobis
1125 4005 1326 4076 ingenti
1347 4007 1626 4062 alacritate
1648 4009 1870 4072 subivit,
1895 4028 1913 4060 ι
1935 4009 2122 4065 Γιιοιιιε·

2245 4004 2411 4069 λείας,
2460 4005 2525 4075 ἣν
2568 4007 2681 4068 τοῖς
2728 4005 2983 4078 ἀοράτοις
3033 4006 3340 4071 δεσπόταις,
3395 4008 3618 4079 δαίμοσιν
3653 4007 3750 4058 ἀκιι·

567 4109 673 4163 que
703 4103 788 4148 est
823 4113 840 4146 ι
874 4095 920 4151 is
950 4096 1042 4164 qui
1070 4104 1208 4159 erat,
1241 4107 1294 4151 et
1323 4100 1704 4163 sanctissimus
1739 4112 1792 4156 et
1823 4102 2122 4159 benedictus

2246 4096 2461 4168 θάρτοις
2495 4097 2588 4150 καὶ
2613 4101 2868 4168 πονηροῖς
2896 4098 3121 4169 ἄρχουσί
3153 4117 3211 4152 τε
3237 4102 3330 4154 καὶ
3363 4100 3612 4171 πνεύμασι
3633 4112 3749 4150 καταο

571 4203 592 4238 ι
623 4200 721 4255 pro
746 4185 904 4240 nobis
934 4189 1240 4246 exsecratio
1263 4191 1332 4254 ⁸⁸,
1377 4201 1430 4245 et
1467 4192 1557 4260 qui
1591 4203 1873 4261 peccatum
1905 4211 2012 4248 non
2048 4212 2126 4249 not

2243 4187 2581 4244 δεδούλωντο.
2634 4189 2742 4241 Καὶ
2797 4187 2972 4251 ἄλλως
3018 4188 3075 4242 δὲ
3126 4191 3504 4245 καταλέλοιπεν
3560 4186 3748 4243 ai:th

564 4275 665 4339 vit,
723 4285 1026 4346 peccatum,
1079 4289 1138 4334 ut
1193 4296 1294 4336 nos
1341 4281 1639 4337 eﬂiciamur
1675 4284 1890 4352 justitia
1938 4285 2031 4341 Dei
2081 4287 2119 4340 ir

2245 4279 2451 4351 Πατὴρ,
2497 4281 2589 4332 καὶ
2617 4279 2779 4334 αὑτοῦ
2812 4279 2907 4332 τοῦ
2942 4280 3176 4352 Χριστοῦ
3207 4281 3305 4354 τὴν
3342 4283 3477 4355 ὑπὲρ
3511 4280 3749 4351 ἀνθρώπω

566 4366 686 4438 ipso
706 4369 772 4422 ".
810 4388 828 4421 ι
865 4371 946 4423 Ad
977 4371 1091 4426 [nec
1133 4373 1224 4428 ubi
1264 4383 1484 4444 peccata
1517 4382 1702 4430 nostra
1744 4376 1990 4440 detersit,
2021 4388 2121 4432 turr

2242 4370 2478 4424 διάθεσιν
2515 4371 2899 4442 ἀποδειχθῆναι
2929 4372 3177 4443 θελήσας.
3213 4375 3306 4428 Διὸ
3343 4374 3557 4445 μηδενὸς
3585 4372 3748 4441 εχθντος

563 4463 715 4517 cruci
749 4463 940 4520 aﬂixus
969 4475 1072 4529 est,
1114 4469 1260 4537 quod
1295 4468 1515 4539 quidem
1553 4485 1652 4524 nos
1685 4471 1795 4541 pati
1825 4473 2118 4542 oportebat

2243 4463 2484 4528 ἐξουσίαν
2504 4464 2603 4535 τῆς
2630 4463 2794 4518 αὑτοῦ
2811 4465 2988 4535 ψυχῆς
3005 4466 3143 4519 ἐκὼν
3172 4469 3332 4531 αὐτὸς
3351 4469 3485 4539 ὑπὲρ
3511 4463 3748 4536 ἀνθράωό

562 4563 619 4611 et
648 4572 748 4626 pro
783 4558 1116 4614 redimendis
1169 4561 1368 4616 animis
1418 4563 1626 4618 nostris
1671 4564 1786 4632 ipse
1831 4563 2007 4621 factus
2053 4579 2117 4622 es:

2192 4613 2211 4666 )
2241 4555 2410 4627 αὐτὴν
2439 4555 2702 4621 τέθεικεν,
2741 4556 3023 4629 ὠσπεροῦν
3066 4557 3306 4612 διδάσκει
3333 4560 3526 4629 λέγων·
3567 4577 3582 4608 ι
3607 4552 3747 4614 οὐδεὶς

2245 4646 2376 4666 ,νη
2414 4646 2558 4666 ,μμ
2652 4649 2662 4666 ι
2879 4651 2890 4666 ,
2946 4650 2960 4666 .
2998 4651 3010 4666 .
3101 4649 3125 4660 .-
3192 4652 3277 4666 ..ηρ
3389 4652 3399 4666 .
3502 4650 3521 4666 ..
3621 4647 3744 4666 ωε-.

563 4648 824 4718 pretium,
856 4665 1030 4717 usque
1064 4650 1199 4706 adeo
1224 4659 1281 4705 ut
1309 4667 1416 4706 non
1445 4653 1720 4708 immerito
1744 4654 1874 4708 illud
1899 4656 2118 4724 prophe-

2192 4646 2210 4666 ’
2238 4646 2382 4718 αἴρει
2411 4647 2509 4718 τὴν
2531 4646 2706 4718 ψυχήν
2735 4666 2836 4718 μου
2867 4650 2960 4702 ἀπ’
2994 4649 3147 4720 ἐμοῦ.
3192 4652 3464 4717 Ἐξουσίαν
3499 4650 3595 4720 ἔχω
3621 4647 3747 4699 Θεῖναι

562 4739 736 4794 ticum
765 4743 1040 4810 possimus
1068 4744 1249 4798 dicere
1279 4763 1292 4798 :
1327 4763 1345 4795 ι
1375 4745 1491 4814 Ipse
1519 4754 1740 4814 peccata
1772 4753 1964 4801 nostra
2002 4748 2117 4802 fert,

2238 4739 2427 4810 αὐτὴν,
2483 4742 2576 4793 καὶ
2627 4741 2868 4806 ἐξουσίαν
2923 4741 3029 4811 ἐχω
3091 4743 3254 4796 πάλιν
3310 4742 3484 4794 λαϐεῖν
3540 4738 3743 4806 αὑτήν.»

564 4838 619 4886 et
646 4847 744 4901 pro
786 4835 945 4889 nobis
975 4846 1056 4890 est
1086 4837 1138 4892 iu
1176 4838 1382 4892 dolore.
1416 4836 1479 4890 Et
1529 4839 1644 4907 ipse
1689 4838 2007 4895 vulneratus
2049 4852 2119 4896 esl

2250 4834 2405 4905 Ἑξῆς
2433 4832 2643 4896 τούτοις
2691 4836 2855 4904 φησί·
2899 4854 2916 4886 t
2955 4835 3188 4907 Μακράν
3243 4837 3350 4889 ἀπὸ
3387 4835 3483 4904 τῆς
3531 4829 3744 4900 σωτηρίας

565 4934 786 4998 prupter
813 4936 1033 4996 peccata
1070 4940 1280 4992 nostra,
1316 4939 1370 4985 et
1411 4930 1652 5000 elanguit
1683 4939 1904 5001 propter
1932 4932 2120 5002 iniqui-

2241 4944 2341 4997 μου
2372 4927 2420 4978 οἱ
2449 4926 2596 4995 λόγοι
2633 4927 2739 4979 τῶν
2786 4927 3242 4998 παραπτωμάτων
3297 4945 3419 4998 μου.
3454 4947 3472 4979 ι
3513 4923 3633 4978 Ἀνθ’
3659 4914 3747 4974 οὗό

561 5022 705 5072 tates
738 5027 989 5082 nostras,
1040 5030 1101 5078 ut
1151 5021 1318 5075 livore
1351 5021 1469 5089 ejus
1512 5037 1613 5076 nos
1663 5037 2004 5077 sanaremur.
2041 5023 2116 5078 Et-

2239 5017 2338 5088 μὲν
2374 5017 2602 5081 Ἀκύλας
2621 5035 2632 5048 ·
2671 5037 2688 5068 ι
2717 5019 2948 5090 Μακράν
2971 5021 3078 5072 ἀπὸ
3099 5023 3197 5091 τῆς
3223 5020 3488 5092 σωτηρίας
3509 5034 3596 5089 μου
3617 5015 3745 5087 MP“

560 5107 710 5162 enim
741 5108 964 5164 tradidit
1003 5110 1152 5165 illum
1196 5113 1434 5179 peccatis
1480 5114 1686 5168 nostris
1703 5114 1769 5167 ⁸⁷.
1809 5135 1826 5167 ι
1863 5113 2115 5180 Quocirc:

2232 5127 2300 5162 τα
2348 5109 2692 5182 βρυχήματός
2735 5128 2858 5181 μου,
2902 5131 2918 5163 ι
2965 5110 3248 5184 ἐξέδωκεν·
3299 5114 3326 5166 ό
3371 5112 3427 5165 δὲ
3469 5109 3743 5178 Σύμμαχος⁶

561 5205 824 5270 tanquam
865 5202 1099 5257 traditus
1149 5217 1178 5255 a
1210 5212 1361 5272 patre
1409 5213 1462 5258 et
1506 5203 1799 5274 languidus
1830 5203 2030 5269 factus,
2079 5217 2116 5260 el

2241 5220 2259 5252 ι
2315 5202 2708 5273 Ἀφεστήκασιν
2727 5203 2833 5256 ἀπὸ
2863 5204 2960 5273 τῆς
2984 5203 3254 5275 σωτηρίας
3301 5220 3400 5274 μου
3428 5204 3474 5256 oi
3510 5199 3638 5267 λόγοι
3666 5191 3743 5245 τῶν

561 5299 825 5361 tanquam
863 5292 912 5347 is
953 5297 1044 5362 qui
1080 5301 1305 5362 peccata
1361 5301 1548 5348 nostra
1599 5296 1982 5364 assumpserit,
2023 5314 2040 5346 ι
2072 5305 2116 5350 ιιι

2234 5294 2480 5365 ὀδυρμῶν
2513 5311 2642 5364 μου·
2685 5315 2704 5347 ι
2737 5297 2829 5348 καὶ
2850 5295 2968 5349 καθ’
3003 5296 3194 5367 ἑτέραν
3227 5296 3282 5350 δέ
3313 5294 3594 5367 φερομένην
3613 5289 3744 5358 ἑρμησ

562 5383 682 5438 ovis
710 5383 774 5438 ad
802 5383 1003 5438 caedem
1035 5394 1118 5439 est
1143 5385 1342 5440 ductus
1363 5386 1429 5439 ⁸⁸.
1462 5406 1480 5438 ι
1519 5384 1614 5440 His
1637 5387 1938 5442 concordat
1966 5387 2117 5442 etiam

2235 5387 2383 5439 νείαν
2408 5387 2662 5457 πέμπτην
2685 5389 2925 5458 εἴρηται·
2959 5407 2976 5439 ι
3012 5389 3242 5460 Μακράν
3273 5389 3382 5442 ἀπὸ
3405 5387 3500 5456 τῆς
3524 5374 3742 5451 σωτηρία

559 5471 857 5544 Apostolus
905 5476 1036 5530 dum
1082 5477 1156 5530 ita
1207 5477 1369 5531 aitzt
1413 5476 1517 5550 Qui
1568 5479 1790 5548 proprio
1832 5478 1972 5532 Filio
2019 5494 2114 5531 nor

2239 5497 2341 5548 μου
2383 5480 2433 5532 οἱ
2463 5478 2608 5546 λόγοι
2658 5478 2765 5531 τῶν
2804 5479 3039 5551 δεήσεων
3081 5497 3199 5551 μου.
3233 5497 3254 5531 ι
3287 5480 3423 5549 Ὅρα
3464 5476 3522 5545 δὴ
3562 5469 3658 5530 οὖν,
3682 5465 3741 5518 ὅτι

563 5567 822 5634 pepercit,
859 5567 951 5622 sed
979 5582 1079 5637 pro
1107 5568 1360 5624 omnibus
1393 5570 1552 5626 nobis
1582 5568 1803 5625 tradidit
1837 5570 1988 5625 illum
2011 5571 2079 5624 ”.
2108 5588 2118 5620 ι

2238 5573 2358 5623 κατ’
2411 5570 2696 5640 οὐδετέραν
2737 5571 2940 5624 τούτων
2990 5572 3069 5633 τὸ,
3114 5588 3134 5622 ι
3183 5571 3288 5624 τῶν
3346 5561 3740 5638 παραπτωμάτων

631 5685 676 5756 ’,³
711 5681 753 5736 11
785 5684 913 5742 Cor.
950 5703 1083 5740 xm.
1118 5689 1170 5742 4.
1303 5689 1350 5718 ⁸⁵
1388 5687 1531 5744 Psal.
1573 5707 1677 5745 xvn
1703 5731 1716 5756 ι
1749 5689 1861 5754 2,3.
2011 5689 2053 5719 "
2095 5686 2186 5754 Gal

2180 5687 2212 5741 l.
2254 5702 2344 5754 ιιι,
2388 5686 2469 5740 l5.
2617 5689 2662 5718 "
2702 5685 2742 5738 11
2778 5685 2902 5751 Cor.
2942 5703 2992 5753 v,
3025 5685 3118 5742 29.
3252 5687 3294 5718 "
3335 5685 3437 5741 lsa.
3472 5694 3600 5741 ιιιι,
3651 5669 3735 5727 ωε

565 5751 611 5788 ³⁸
652 5753 782 5809 Ibid.
824 5757 872 5810 7.
949 5758 994 5790 ”
1036 5757 1192 5812 Rom.
1232 5776 1365 5823 vni,
1403 5760 1488 5814 5‘2.

635 5847 708 5890 ('l
742 5846 1088 5903 Desideratur
1123 5853 1171 5906 ό.
1206 5849 1364 5906 Enn.
