3938 6502
149 425 234 479 769

1032 427 1673 487 DEMONSTRATIONIS
1707 432 2164 491 EVANGELICA'J
2203 433 2329 490 LIB.
2373 436 2438 491 Χ.

3246 439 3349 495 770

151 558 250 612 μου,
288 557 306 590 ›
342 537 578 609 εἴρηται,
627 541 701 603 ὠς
748 539 1028 610 συμϐαίνει
1074 544 1201 596 ποτὲ
1241 545 1512 617 σφάλματι
1558 563 1671 617 γρα·

1791 549 2054 606 Caeterum
2087 551 2335 608 excitans
2361 566 2461 606 nos
2496 549 2562 607 ad
2595 551 2967 623 inquirendam
2998 568 3216 610 causam
3250 569 3348 609 cur

149 628 269 701 φικῷ
291 629 541 693 τοιαύτας
572 630 720 694 τινας
742 630 1036 700 ὲναλλαγάς
1071 633 1344 704 φέρεσθαι.
1396 637 1486 688 Ἐκ
1514 637 1569 690 δὲ
1588 638 1687 708 τῆς

147 723 234 775 τῶν
259 720 508 774 πλειόνων
538 723 831 794 ἑρμηνείας
857 725 1254 796 καταληπτέον·
1286 729 1334 780 εἰ
1371 729 1445 800 μὴ
1471 729 1579 801 ἄρα
1605 747 1687 795 τις

147 813 393 868 κάνταῦθα
433 813 504 866 τὰ
537 815 779 885 ἡμέτερα
813 815 1228 888 παραπτώματα
1264 819 1685 893 ἐξοικειούμενον

144 906 291 962 ταῦτα
315 906 473 959 αὑτὸν
490 908 764 978 εἰρηκέναι
791 909 998 979 φήσειε.
1022 909 1241 974 Τούτοις
1271 911 1394 982 ἑξῆς
1423 912 1680 982 ὲπιλέγει’

150 1017 168 1050 ι
206 996 257 1050 Ὀ
285 996 410 1064 Θεός
461 1014 582 1067 μου,
630 999 964 1070 κεκράξομαι
1017 999 1250 1071 ἡμέρας,
1288 1004 1381 1055 καὶ
1437 1003 1534 1057 οὐκ
1573 1005 1684 1057 εἰσ-

147 1087 342 1158 ακούσῃ,
380 1089 474 1140 καὶ
505 1089 714 1153 νυκτὸς,
745 1091 838 1142 καὶ
880 1091 979 1143 οὐκ
1010 1093 1090 1154 εἰς
1119 1093 1300 1146 ἄνοιαν
1331 1093 1478 1163 ἐμοί·
1517 1115 1535 1146 ι
1566 1095 1680 1148 ἀνθ’

145 1174 194 1233 οὗ
217 1179 363 1231 πάλιν
383 1180 410 1231 6
438 1178 750 1249 Σύμμαχος·
785 1199 801 1230 ι
826 1181 882 1233 '0
904 1180 1033 1244 Θεός
1065 1200 1187 1253 μου,
1229 1203 1248 1237 ι
1282 1186 1432 1256 φησὶ,
1463 1204 1481 1236 ι
1504 1185 1680 1257 βοήσω

144 1271 346 1341 ἡμέρας,
374 1272 468 1323 καὶ
497 1271 596 1324 οὐκ
619 1271 932 1344 είσακούσῃ,
963 1275 1056 1326 καὶ
1087 1275 1297 1339 νυκτὸς.
1324 1278 1415 1330 καί
1443 1279 1541 1330 ούκ
1566 1278 1679 1331 ἔστι

146 1365 267 1434 σιγή.
298 1383 315 1414 ι
348 1363 625 1434 θαυμάζει
674 1363 738 1435 δὴ
771 1362 862 1418 οὖν
900 1367 956 1419 ὲν
992 1366 1198 1431 τούτοις
1234 1369 1324 1421 τὸν
1358 1371 1571 1442 Πατέρα
1604 1371 1680 1435 ὡς

147 1456 209 1526 μὴ
233 1456 573 1509 εἰσακούοντα
597 1456 779 1522 αὐτοῦ,
800 1456 946 1521 ξένον
962 1475 1014 1511 τι
1033 1459 1188 1512 τοῦτο
1211 1462 1303 1514 καὶ
1323 1462 1470 1534 παρὰ
1484 1463 1542 1515 τὸ
1559 1462 1677 1516 σύν-

142 1547 248 1618 ηθες
285 1547 524 1619 θεωρῶν.
563 1549 618 1602 Ὀ
651 1550 707 1603 δὲ
741 1550 1034 1618 ἐφύλαττεν
1079 1553 1225 1623 αύτῷ
1269 1553 1366 1625 τὴν
1409 1556 1574 1626 ἀκοὴν
1600 1557 1679 1619 εἰς

141 1640 211 1692 τδν
238 1632 532 1709 ἐπιτήδειον
555 1639 646 1692 τοῦ
673 1640 1083 1712 εἰσακουσθῆναι
1111 1643 1314 1715 καιρόν.
1348 1640 1512 1708 Οὗτος
1535 1645 1588 1698 δὲ
1609 1642 1677 1717 ἦν

138 1729 265 1799 ὁτῆς
301 1731 633 1802 ἀντιλήψεως
675 1734 773 1804 τῆς
803 1733 1029 1803 ἑωθινῆς
1068 1735 1161 1787 καὶ
1205 1735 1232 1786 6
1254 1737 1350 1806 τῆς
1381 1738 1445 1790 ὲκ
1470 1738 1676 1809 νεκρῶν

139 1824 474 1892 ἀναστάσεως,
496 1824 759 1890 καθ’ὃν,εἰ
777 1825 982 1879 καίτινι
999 1827 1160 1897 ἄλλῳ,
1180 1828 1273 1880 καὶ
1289 1829 1438 1900 αὑτῷ
1457 1830 1677 1894 δικαίως

1793 641 1970 711 ipsum
2010 651 2161 712 pater
2187 643 2488 699 deseruerit
2520 643 2596 698 ait
2628 665 2641 700 :
2679 664 2696 697 ι
2723 643 2901 711 Quare
2932 663 3018 701 me
3055 647 3349 718 dereliqui-

1792 734 1898 787 sti?
1924 754 1942 786 ι
1995 733 2171 788 Causa
2213 751 2376 806 porro
2410 736 2522 790 haec
2571 737 2691 801 fuit,
2725 737 3086 810 Momnis
3126 741 3348 795 humani

1790 827 2007 894 generis
2047 827 2342 897 redemptio
2393 843 2456 882 ac
2494 829 2765 894 liberatio,
2817 848 2934 900 quae
2975 833 3211 902 pretioso
3253 832 3348 886 illo

1790 917 2056 987 sanguine
2087 917 2224 974 facta
2279 925 2378 985 est,
2421 936 2450 973 a
2483 922 2660 990 priore
2694 924 2782 976 illa
2817 923 3138 978 intoleral..ili
3175 924 3350 979 servi-

1788 1013 1922 1070 tute,
1951 1023 2055 1077 qua
2084 1008 2186 1062 sub
2210 1010 2383 1064 visum
2413 1010 2795 1081 cffugientibus
2829 1013 3083 1076 dominis,
3117 1014 3348 1083 impuris

1789 1099 1974 1170 utique
2010 1100 2345 1156 daemonibus
2394 1110 2447 1156 et
2477 1104 2728 1174 malignis
2759 1106 3099 1175 principibus
3137 1122 3198 1160 ac
3233 1107 3346 1176 spi-

1787 1189 1982 1244 ritibus
2017 1191 2419 1257 premebantur,
2465 1202 2517 1246 et
2553 1195 2653 1246 alia
2689 1195 2814 1248 item
2859 1197 3068 1250 ratione
3109 1197 3349 1255 deseruit

1786 1278 1937 1332 illum
1971 1278 2151 1342 Pater,
2187 1290 2246 1335 ut
2272 1283 2402 1336 illud
2431 1285 2639 1339 scilicet
2677 1287 3070 1350 ostenderetur,
3104 1290 3348 1344 affectio-

1751 1384 1907 1424 'nem
1952 1387 2050 1441 pro
2088 1373 2401 1429 hominibus
2448 1375 2620 1444 ipsius
2656 1394 2872 1446 quoque
2913 1375 3116 1433 Christi
3151 1372 3341 1437 fuisse.

1785 1460 2124 1534 Quapropter
2177 1483 2298 1521 cum
2348 1469 2493 1522 illius
2546 1471 2739 1524 animae
2777 1471 2867 1540 jus
2924 1481 2977 1525 et
3021 1481 3346 1543 potestatem

1784 1571 1942 1609 nemo
1973 1557 2214 1621 haberet,
2246 1561 2432 1615 volens
2465 1563 2580 1631 ipse
2611 1579 2708 1632 pro
2739 1565 3047 1620 hominibus
3079 1567 3222 1620 illam
3246 1583 3347 1638 po-

1784 1650 1914 1714 suit,
1950 1650 2022 1702 ita
2065 1667 2194 1704 sane
2219 1655 2673 1721 quemadmodum
2704 1656 2857 1710 docet
2884 1657 3016 1725 ipse,
3051 1657 3180 1712 dum
3204 1661 3342 1712 ait':

1788 1758 1806 1791 ι
1836 1739 2006 1795 Nemo
2040 1744 2190 1797 tollet
2220 1747 2456 1798 animam
2500 1760 2673 1801 meam
2704 1762 2733 1800 a
2762 1763 2866 1814 me;
2901 1758 3218 1818 potestatem
3250 1752 3347 1806 ba-

1784 1833 1884 1887 beo
1915 1835 2147 1903 ponendi
2189 1851 2330 1899 eam,
2361 1844 2413 1890 et
2457 1846 2776 1906 potestatem
2821 1840 2991 1895 habeo
3025 1858 3220 1898 rursus
3252 1858 3346 1897 su-

141 1915 192 1967 ἂν
216 1914 394 1986 ἐλέχθη
417 1933 430 1945 υ
463 1935 479 1966 ι
533 1917 618 1968 Ἑν
648 1916 822 1986 καιρῷ
848 1915 1019 1986 δεκτῷ
1048 1917 1327 1986 ἐπήκουσά
1351 1936 1464 1983 σου,
1490 1921 1584 1974 καὶ
1626 1924 1671 1974 ὲκ

1785 1926 1961 1978 mendi
2002 1941 2140 1980 eam.
2173 1927 2243 1982 lis
2269 1943 2387 1997 quae
2415 1928 2554 1982 dicta
2591 1937 2738 1993 sunt,
2771 1930 3028 2004 deinceps
3057 1935 3340 2006 adjungit:

137 2007 292 2078 ἡμέρᾳ
323 2006 596 2078 σωτηρίας
641 2006 912 2079 ἐϐοήθησά
947 2024 1046 2061 σοι.
1088 2006 1215 2062 Ἰδοὺ
1244 2009 1338 2063 νῦν
1381 2011 1567 2083 καιρὸς
1592 2013 1680 2066 εύ-

138 2096 456 2168 πρόσδεκτος,
490 2097 599 2150 ἰδοὺ
649 2096 742 2150 νῦν
774 2097 954 2169 ἡμέρα
995 2099 1284 2170 σωτηρίας.
1320 2120 1338 2152 ι
1374 2102 1598 2170 Λέγοιτο
1632 2104 1677 2158 δ’

138 2186 190 2238 ἂν
204 2187 361 2240 ταῦτα
383 2189 476 2240 καὶ
500 2187 699 2261 ἑτέρως
727 2188 830 2241 ὑπὸ
854 2189 1102 2260 Σωτῆρος
1127 2193 1158 2261 ή
1167 2190 1303 2260 μῶν,
1333 2192 1407 2255 ὠς
1430 2193 1679 2256 εἰωθότος

139 2279 217 2349 μὲν
241 2280 320 2332 ἀεὶ
359 2282 455 2334 καὶ
485 2281 710 2334 πάντοτε
753 2281 1128 2336 εἰσακούεσθαι
1174 2284 1277 2337 ὑπὸ
1320 2285 1412 2338 τοῦ
1443 2285 1674 2359 Πατρὸς,

135 2371 212 2423 νῦν
242 2371 293 2424 δὲ
325 2373 661 2437 πιστεύοντος
695 2373 1229 2446 εἰσακουσθήσεσθαι,
1259 2375 1390 2429 ὡσεὶ
1425 2379 1679 2448 σαφέστε-

139 2479 212 2534 ρον
238 2464 410 2532 ἐλεγεσ
448 2464 537 2536 Μὴ
567 2460 673 2518 οἶόν
719 2482 778 2518 τε
809 2466 977 2530 ἐστὶν,
1010 2460 1054 2519 ὧ
1099 2467 1299 2539 Πάτερ,
1334 2469 1433 2538 ἐμὲ
1471 2469 1561 2522 τὸν
1588 2471 1676 2524 σὶν

138 2556 368 2626 μονογενῆ
426 2557 518 2610 καὶ
574 2556 854 2627 ἀγαπητὸν
912 2557 1072 2622 Υἱὸν,
1132 2557 1205 2630 μὴ
1265 2561 1674 2624 εἰσακούεσθαι,

136 2647 314 2718 βοῶντα
341 2649 435 2702 καὶ
457 2649 762 2720 κεκραγότα
781 2649 934 2722 ’πρὴς
959 2651 1016 2703 σὲ
1042 2650 1130 2704 τὸν
1158 2652 1390 2722 ἐμαυτοῦ
1419 2655 1633 2724 Πατέρα
1659 2669 1673 2718 ;

133 2741 340 2816 διδάσκει
371 2741 498 2810 γοῦν
529 2743 658 2795 αὐτὸ
689 2741 846 2795 τοῦτο
870 2743 926 2795 ὲν
952 2742 1028 2813 τῷ
1059 2743 1197 2796 κατά
1232 2744 1481 2815 Ἰωάννην
1511 2746 1677 2814 Εὐαγ-

131 2833 268 2904 γελίῳ
312 2834 401 2886 ἐπὶ
450 2833 545 2886 τοῦ
588 2833 864 2906 Λαζάρου,
909 2833 1140 2904 ὁπηνίκα
1185 2835 1384 2890 εἰπών·
1425 2855 1442 2887 ι
1476 2839 1676 2909 Ἀρατε

131 2923 205 2976 τὸν
231 2923 365 2978 λίθον
401 2925 506 2977 ἀπὸ
536 2925 628 2978 τοῦ
669 2926 953 2998 μνημείου,
1002 2927 1172 3000 ἐπῆρε
1203 2929 1329 2991 τοὺς
1368 2928 1676 2999 ὀφθαλμοὺς

131 3015 296 3068 ἑαυτοῦ
320 3019 396 3080 εἰς
420 3017 510 3069 τὸν
536 3017 781 3090 οὐρανὸν,
817 3019 908 3071 καὶ
938 3013 1059 3071 εἷπε
1084 3037 1097 3049 ο
1135 3020 1336 3091 Πάτερ,
1373 3021 1676 3091 εὐχαριστῶ

133 3123 218 3168 σοι,
240 3109 312 3161 ὃτι
341 3111 578 3181 ἤκουσάς
609 3129 728 3181 μου.
772 3112 910 3180 Ἐγὼ
937 3112 991 3165 δὲ
1016 3111 1180 3182 ᾔδειν,
1207 3113 1285 3165 ὅτι
1320 3113 1546 3166 πάντοτέ
1573 3131 1673 3184 μου

130 3201 335 3265 ἀκούεις.
379 3222 396 3253 ι
428 3202 491 3254 Εἰ
517 3202 696 3255 τοίνυν
717 3203 944 3255 πάντοτε
971 3200 1134 3256 αὑτοῦ
1165 3203 1483 3266 ἀκούει,οὐκ
1505 3205 1672 3274 ἀμφι-

1787 2029 1804 2062 ι
1834 2011 2015 2083 Longe
2045 2028 2072 2066 a
2097 2017 2272 2070 salute
2301 2033 2415 2070 mea
2448 2019 2609 2073 verba
2649 2021 2970 2076 delictorum
3015 2039 3281 2079 meorum.
3316 2045 3336 2079 ι

1778 2102 1882 2159 Pro
1932 2120 2038 2174 quo
2078 2108 2269 2176 Aquila
2320 2110 2536 2179 quidem
2583 2131 2595 2166 :
2644 2130 2662 2161 ι
2696 2110 2876 2183 Longe
2918 2129 2947 2168 a
2999 2117 3172 2172 salute
3224 2132 3344 2172 mea

1779 2197 1940 2249 verba
1996 2196 2242 2253 fremitus
2294 2201 2418 2264 mei,
2450 2219 2468 2251 ι
2515 2205 2785 2271 exposuit.
2845 2200 3202 2274 Symmachus
3246 2219 3342 2260 au-

1777 2293 1886 2338 tem
1920 2305 1932 2338 :
1966 2304 1982 2336 ι
2021 2285 2386 2342 lleccsserunt
2431 2304 2460 2343 a
2515 2291 2690 2346 salute
2740 2306 2859 2348 mea
2907 2295 3069 2347 verba
3097 2294 3342 2350 lux-tuum

1779 2391 2044 2438 meorum,
2079 2396 2096 2428 ι
2130 2393 2340 2431 necnon
2389 2380 2532 2449 apud
2577 2382 2844 2451 quintam,
2883 2398 3001 2452 qua:
3031 2382 3220 2448 fertur,
3259 2384 3343 2438 in-

1779 2467 2220 2532 terpretationem
2251 2468 2452 2522 dicitur
2481 2487 2492 2523 :
2529 2487 2547 2520 ι
2573 2469 2756 2542 Longe
2779 2487 2808 2525 a
2834 2473 3006 2528 salute
3037 2488 3152 2528 mea
3173 2473 3339 2530 verba

1777 2555 2215 2626 deprecationtnu
2269 2575 2534 2615 mearum.
2567 2580 2586 2613 ι
2624 2560 2698 2615 Ita
2749 2562 2899 2618 vides
2950 2564 3004 2616 in
3056 2564 3202 2617 nulla
3246 2564 3344 2619 ha-

1777 2664 1895 2702 rum
1952 2654 2367 2706 ronversionum
2412 2669 2530 2722 quae
2575 2654 2846 2722 posterius
2892 2653 3048 2709 dicta:
3081 2663 3227 2720 sunt,
3275 2655 3342 2710 il-

1780 2740 1889 2802 lud,
1947 2758 1964 2790 ι
1997 2743 2313 2796 delictorum
2361 2760 2628 2812 meorum,
2658 2765 2676 2797 ›
2730 2745 2940 2811 haberi,
2985 2746 3185 2816 quippe
3215 2761 3340 2801 cum

1777 2830 2046 2884 interdum
2080 2834 2317 2888 librariis
2361 2839 2671 2892 errantibus
2709 2835 3020 2904 huiusmodi
3052 2841 3340 2914 varietates

1777 2923 1928 2978 libris
1964 2927 2279 2995 contingere
2323 2928 2551 2984 soleant.
2598 2929 2677 2984 Ex
2715 2931 3012 2984 multorum
3044 2940 3223 2985 autem
3250 2931 3339 2986 in-

1776 3019 2162 3085 terpretatione
2193 3019 2625 3089 investigandum
2657 3027 2760 3086 est,
2789 3029 2969 3074 utrum
2998 3021 3050 3074 in
3082 3021 3166 3076 his
3187 3022 3341 3091 quis-

1774 3110 1914 3178 piam
1956 3110 2105 3163 illum
2134 3119 2316 3165 nostra
2341 3111 2538 3166 delicm.
2563 3128 2660 3168 sua
2697 3112 2982 3168 facientem
3009 3116 3136 3168 talia
3163 3130 3339 3170 enun-

1775 3199 1939 3252 tiasse
1963 3200 2177 3254 dixerit.
2214 3199 2308 3255 His
2331 3201 2589 3271 deinceps
2622 3201 2867 3274 adjungit
2894 3223 2907 3258 ε
2945 3223 2965 3256 ι
2997 3201 3138 3260 Deus
3161 3221 3335 3271 meus,

131 3289 329 3356 ϐάλλων,
362 3292 475 3345 ἀλλ’
509 3293 752 3364 ἁκριῆῶς
786 3293 1162 3364 ἐπιστάμενος,
1213 3295 1293 3347 ὅτι
1325 3295 1418 3347 καὶ
1456 3293 1549 3348 νῦν
1577 3295 1670 3348 αὐ-

1774 3289 2021 3343 clamabo
2047 3306 2139 3360 per
2155 3291 2318 3354 diem,
2347 3299 2400 3345 et
2430 3308 2536 3346 non
2570 3294 2849 3358 cxaudies,
2881 3302 2934 3349 ct
2970 3313 3066 3366 per
3099 3305 3336 3362 noctem,

128 3383 205 3435 τοῦ
244 3385 630 3449 εἰσακούσεται,
691 3385 765 3449 ὡς
810 3386 1067 3441 ἀδυνάτου
1116 3387 1266 3451 ὄντος
1296 3387 1390 3441 τοῦ
1441 3389 1513 3460 μὴ
1560 3391 1670 3441 εἱσ-

130 3472 385 3530 ακούεσθαι
433 3477 627 3542 αὐτὸν,
664 3478 1088 3550 ἐρωτηματικῶς
1128 3495 1318 3550 φησιν’
1365 3498 1384 3530 ι
1438 3479 1495 3531 Ὁ
1541 3479 1672 3544 Θεὸς

132 3584 233 3635 μου,
259 3567 586 3638 κεκράξομαι
607 3569 838 3640 ἡμέρας,
873 3571 965 3622 καὶ
991 3571 1088 3622 ούκ
1126 3569 1416 3642 εἰσακούσῃ
1443 3587 1457 3636 ;
1499 3590 1516 3622 ι
1547 3572 1671 3624 ὑπο-

130 3660 387 3724 στιζὸντων
437 3661 592 3734 ἡμῶν
626 3665 684 3715 ἐν
725 3662 821 3734 τῷ,
863 3682 880 3714 ι
921 3665 1022 3718 οὐκ
1064 3665 1376 3736 είσακούσῃ,
1420 3685 1438 3717 ι
1468 3666 1560 3719 καὶ
1609 3665 1670 3719 τὸ

128 3753 335 3807 ἐναντίην
363 3755 728 3808 ὑπονοούντων
761 3756 836 3827 τῷ
871 3755 1135 3826 πύσματι.
1171 3756 1338 3810 Τοῦτο
1369 3758 1497 3826 γοῦν
1529 3758 1670 3812 διδά·

127 3859 228 3895 σκει
279 3846 466 3918 μικρὸν
502 3845 744 3919 ὕστερον,
798 3847 1002 3921 προῖὼν
1056 3849 1180 3920 ἑξῆς
1219 3851 1274 3902 ἐν
1326 3849 1403 3921 τῷ
1448 3850 1665 3922 ψαλμῷ,

125 3932 271 4003 λέγων
289 3955 301 3967 ·
322 3956 339 3988 ι
379 3940 489 3994 Οὐκ
521 3939 872 4005 ἐξουδένωσεν
894 3941 1014 3994 οὐδὲ
1039 3940 1375 4013 προσώχθισε
1401 3945 1466 4014 τῇ
1489 3942 1666 4014 δεήσει

122 4025 200 4080 τοῦ
248 4029 490 4100 πτωχοῦ,
537 4031 657 4084 οὐδὲ
702 4032 1007 4104 ἀπέστρεψε
1055 4034 1116 4086 τὸ
1162 4034 1449 4105 πρόσωπον
1500 4033 1664 4089 αὑτοῦ

121 4117 200 4172 ἀπ’
228 4121 376 4192 ἐμοῦ,
413 4123 507 4175 καὶ
538 4124 596 4175 ὲν
638 4123 716 4193 τῷ
745 4125 1069 4196 κεκραγέναι
1105 4143 1172 4196 με
1205 4125 1339 4198 πρὸς
1374 4126 1531 4179 αὐτὸν
1558 4129 1667 4179 εἱσ-

122 4212 292 4279 ήκουσέ
317 4231 436 4284 μου.
453 4233 471 4266 ›
494 4214 616 4276 Πῶς
643 4210 736 4267 οῦν
762 4216 1112 4284 ἀποφατικῶς
1137 4216 1280 4284 λέγοι
1300 4217 1384 4281 ἂν,
1411 4237 1427 4267 ι
1453 4218 1508 4271 Ὁ
1535 4214 1666 4281 Θεὸς

126 4319 226 4370 μου,
271 4305 605 4376 κεκράξομαι
657 4306 888 4376 ἡμέρας,
937 4308 1030 4361 καλ¹
1059 4307 1158 4360 οὐκ
1205 4308 1515 4380 εἰσακούσῃ,
1560 4328 1576 4356 ι
1616 4310 1664 4361 εί

123 4393 184 4463 μὴ
229 4396 360 4449 κατὰ
397 4397 498 4469 τὴν
551 4396 899 4450 ἀποδοθεῖσαν
940 4399 1067 4468 ἡμῖν
1102 4397 1362 4469 θεωρίαν;
1413 4400 1478 4470 ἢν
1509 4395 1662 4470 οἶμαι

121 4487 196 4537 καὶ
237 4488 392 4541 αὐτὸν
449 4487 815 4553 αἰνίττεσθαι,
866 4488 1120 4556 λέγοντα·
1165 4508 1182 4539 ι
1239 4490 1294 4542 Ὀ
1357 4489 1489 4553 Θεός
1536 4508 1659 4562 μου,

122 4579 426 4651 κεκράξομαι
459 4580 691 4651 ἡμέρας,
727 4581 819 4633 καὶ
851 4582 948 4634 οὐκ
982 4581 1292 4655 εἰσακούσῃ,
1323 4583 1416 4635 καὶ
1446 4583 1656 4648 νυκτὸς,
1690 4615 1733 4669 D

123 4670 196 4720 καὶ
221 4671 314 4725 οὐκ
333 4673 412 4734 είς
436 4672 620 4726 ἄνοιαν
655 4673 793 4744 ἐμοί.
829 4693 847 4725 ›
877 4675 951 4726 Οὐ
987 4674 1092 4746 γὰρ
1127 4676 1206 4738 εις
1232 4676 1435 4738 ἄνοιαν,
1472 4676 1653 4746 φησιν,

122 4760 220 4830 ἐμοὶ
239 4763 450 4833 λέγεται
473 4765 554 4828 τὸ,
587 4783 604 4815 ι
640 4765 950 4837 εἰσακούσῃ.
987 4786 1006 4819 ι
1039 4763 1166 4820 Οἶδα
1187 4767 1296 4839 γὰρ
1328 4767 1487 4833 αὐτὸς
1512 4769 1658 4832 ὅπως

120 4853 246 4907 τοῦτό
287 4874 450 4927 φημι,
503 4861 882 4929 πεπεισμένος,
917 4860 997 4912 ὃτι
1050 4859 1296 4928 πέφυκας
1348 4861 1443 4930 οὐχ
1480 4862 1559 4915 ὅτι
1593 4878 1656 4930 γε

123 4945 229 5014 ἐμοῦ
263 4951 416 5020 μόνον
441 4950 924 5021 ἀντιλαμϐάνεσθαι
947 4953 1039 5005 καὶ
1059 4952 1378 5015 εἰσακούειν,
1415 4951 1547 5006 ἀλλά
1565 4953 1658 5006 καὶ

121 5038 308 5094 πάντων
327 5044 435 5096 τῶν
469 5043 637 5112 ἁγίων
672 5061 782 5097 σου.
831 5044 940 5097 Ἀεὶ
985 5043 1092 5116 γάρ
1126 5045 1218 5096 καὶ
1249 5043 1336 5097 διὰ
1368 5045 1566 5109 παντὸς
1600 5045 1658 5096 ὲν

121 5133 209 5194 τοῖς
237 5134 406 5202 ἁγίοις
441 5151 535 5187 σου
561 5137 850 5198 κατοικεῖς,
881 5135 973 5187 καὶ
1008 5136 1070 5187 σὺ
1105 5131 1153 5187 εἴ
1176 5137 1204 5188 6
1237 5135 1433 5198 παντὸς
1465 5134 1655 5206 ἀνδρὸς

122 5217 386 5292 θεοφιλοῦς,
433 5225 648 5296 Ἰσραὴλ
682 5228 1234 5300 προσαγορευομένου,
1284 5228 1532 5291 ἔπαινος·
1567 5226 1654 5280 διὰ

125 5311 170 5364 σὲ
193 5313 291 5387 γὰρ
325 5317 486 5369 παντὶ
515 5315 594 5385 τῷ
630 5331 686 5368 σε
722 5316 1027 5386 περιέποντι
1053 5318 1148 5387 οὐχ
1179 5317 1206 5369 6
1231 5314 1408 5386 τυχὼν
1433 5314 1656 5386 προσγί-

123 5419 244 5460 νεται
279 5408 517 5472 ἔπαινος,
566 5409 658 5461 καὶ
691 5411 781 5462 ἐπι
815 5411 894 5462 σοὶ
934 5409 980 5462 ot
1029 5409 1264 5476 πατέρες
1310 5407 1464 5479 ἡμῶν
1499 5407 1656 5480 ἤλπι-

126 5508 220 5560 σαν,
251 5502 341 5553 καὶ
390 5501 706 5564 ἐλπίσαντες
744 5500 853 5553 τῶν
882 5499 1296 5553 ἐπαναστάντων
1340 5499 1520 5562 αὐτοῖς
1552 5515 1654 5550 κα·-

125 5586 214 5640 κῶν
241 5592 597 5664 ὲρῤύσθησαν,
632 5594 726 5646 καὶ
773 5592 908 5664 πρὸς
940 5593 997 5646 σὲ
1044 5591 1362 5664 ὲκέκραξαν,
1397 5591 1490 5644 καὶ
1522 5589 1657 5642 ὲσώ-

124 5673 288 5748 θησαν.
318 5685 410 5737 ἐπὶ
442 5683 523 5737 σοί
546 5701 604 5737 τε
636 5684 889 5755 ῆλπισαν,
925 5685 1016 5737 καὶ⁹
1049 5684 1106 5736 οὐ
1137 5681 1601 5754 κατῃσχύνθησαν.
1633 5699 1652 5733 ι

181 5860 196 5891 ⁸
229 5861 377 5919 Joan.
410 5879 476 5930 ι,
515 5862 600 5919 18.
675 5864 696 5896 ¹
735 5861 781 5921 Π
814 5861 937 5917 Cor.
976 5877 1026 5917 vi
1048 5900 1064 5928 ,
1096 5860 1149 5915 9..

1773 3389 1827 3434 et
1870 3396 1977 3434 non
2038 3382 2103 3434 ad
2145 3383 2513 3452 insipientiam
2559 3385 2794 3457 mihi“
2847 3402 2944 3456 pro
2993 3403 3100 3458 quo
3144 3404 3337 3446 rursus

1775 3468 2136 3541 Symmachus
2169 3488 2182 3523 :
2215 3490 2233 3522 ι
2266 3470 2406 3526 Deus
2446 3489 2618 3538 meus,
2649 3475 2844 3543 inquit,
2889 3475 3134 3529 clamabo
3170 3479 3339 3530 inter-

1770 3562 1949 3626 diu,et
1993 3577 2101 3616 non
2156 3564 2436 3626 exaudies,
2484 3570 2536 3618 et
2576 3571 2766 3629 noctu,
2798 3573 2851 3619 et
2886 3581 2994 3618 non
3041 3574 3125 3621 cst
3171 3569 3339 3622 silen-

1770 3654 1925 3707 tium.
1964 3674 1983 3707 ι
2022 3653 2163 3725 Ergo
2201 3655 2256 3707 in
2301 3655 2384 3709 bis
2413 3653 2626 3709 Patrem
2659 3672 2814 3710 suum
2847 3665 3105 3727 tauquam
3137 3675 3195 3716 se
3226 3676 3335 3714 non

1770 3747 2147 3801 exaudientcm
2188 3746 2509 3813 admiratur,
2561 3755 2768 3817 utpote,
2814 3761 2935 3802 cum
2987 3763 3186 3804 novum
3232 3751 3335 3805 hoc

1769 3851 1928 3910 atque
1957 3841 2280 3895 inusitatum
2306 3840 2578 3910 inspiciat.
2617 3839 2709 3894 llle
2736 3847 2914 3894 autem
2941 3840 3067 3894 huic
3102 3841 3336 3897 audien-

1768 3935 1897 3989 tiam
1950 3935 2016 3989 ad
2071 3935 2325 3989 idoneum
2369 3935 2694 3990 exaudiendi
2738 3943 2952 4006 tempus
3011 3936 3329 3993 reservavit.

1768 4023 1881 4080 Hoc
1905 4041 2035 4080 vero
2063 4024 2188 4090 fuit,
2237 4027 2603 4096 susceptionis
2649 4029 2928 4082 matutinae
2963 4028 3333 4084 excitationis-

1767 4133 1872 4188 que
1897 4133 1926 4171 a
1956 4127 2129 4172 morte
2158 4119 2223 4171 ad
2257 4120 2420 4172 vitam
2460 4130 2690 4190 tempus,
2722 4136 2829 4190 quo
2861 4135 2990 4176 sane
3013 4129 3252 4189 tempore
3283 4120 3329 4175 si

1767 4213 1983 4279 quando
2035 4212 2099 4265 ad
2155 4212 2320 4264 alium
2373 4212 2704 4282 quempiam,
2757 4213 2822 4266 ad
2877 4212 3053 4281 ipsum
3113 4226 3332 4282 quoque

1768 4302 1911 4372 iuste
1949 4301 2237 4356 dicendum
2272 4303 2412 4357 fuit:
2452 4321 2470 4351 ι
2503 4300 2559 4354 In
2606 4312 2848 4371 tempore
2889 4311 3110 4372 accepto
3157 4317 3328 4357 exauo

1763 4392 1873 4446 divi
1909 4399 1981 4456 te,
2019 4401 2073 4446 et
2100 4393 2151 4446 in
2198 4393 2283 4447 die
2317 4394 2510 4447 salutis
2544 4392 2724 4463 adjuvi
2754 4401 2826 4458 te;
2859 4408 2987 4448 cecc
3015 4408 3160 4447 nunc
3190 4399 3329 4447 tem-

1763 4500 1866 4554 pus
1910 4484 2266 4554 acceptabile,
2322 4500 2450 4539 ccce
2508 4500 2655 4539 nunc
2688 4485 2806 4540 dies
2856 4485 3110 4540 salutis’.
3143 4504 3162 4538 ι
3210 4483 3326 4540 Dici

1764 4592 1891 4632 vero
1925 4584 2151 4648 possunt
2187 4576 2300 4632 haec
2333 4577 2438 4631 alia
2481 4592 2698 4646 quoque
2729 4577 2938 4630 ratione
2982 4592 3012 4630 a
3047 4575 3328 4633 Salvatore

1763 4678 1992 4735 nostro,
2039 4676 2292 4738 tanquam
2345 4669 2412 4723 ab
2443 4683 2542 4734 eo,
2588 4671 2680 4738 qui
2723 4672 3069 4735 consueverit
3112 4686 3329 4742 semper

1764 4763 1978 4833 quidem
2008 4769 2061 4817 et
2086 4763 2141 4816 in
2182 4763 2437 4818 omnibus
2471 4766 2719 4819 exaudiri
2759 4779 2789 4819 a
2822 4762 3003 4829 Patre,
3035 4780 3180 4820 nunc
3229 4779 3329 4818 au-

1763 4869 1892 4923 tem,
1929 4858 2020 4926 qui
2046 4856 2207 4912 etiam
2242 4855 2398 4910 ﬁdem
2430 4857 2625 4912 habeat
2655 4872 2714 4913 se
2751 4872 2872 4913 esse
2902 4857 3324 4919 exaudiendum,

1762 4964 1870 5002 non
1899 4963 2057 5002 secus
2093 4960 2156 4999 ac
2190 4945 2236 4999 si
2272 4946 2487 5015 planius
2525 4946 2752 5010 diceret,
2798 4945 3043 5014 nunquid
3076 4943 3192 4999 fieri
3230 4958 3327 5012 po-

1762 5047 1886 5103 test,
1906 5055 1938 5093 ο
1953 5037 2131 5100 Pater,
2157 5045 2217 5091 ut
2234 5053 2332 5108 ego
2350 5038 2543 5094 unicus
2563 5053 2626 5092 ac
2648 5037 2880 5093 dilectus
2897 5036 3087 5100 Filius,
3107 5037 3232 5089 dum
3257 5034 3326 5088 ad

1763 5140 1816 5187 te
1838 5131 2052 5185 Patrem
2077 5145 2258 5186 meum
2281 5131 2479 5194 clamo,
2510 5137 2565 5185 et
2586 5130 2876 5193 vociferor,
2900 5145 3005 5182 non
3030 5125 3328 5182 exaudiar?

1759 5223 1920 5295 497
1950 5221 2215 5291 siquidem
2247 5222 2351 5276 hoc
2381 5223 2557 5292 ipsum
2591 5223 2677 5277 ille
2714 5222 2854 5276 idem
2887 5221 3043 5276 docet
3073 5221 3125 5274 in
3148 5218 3328 5272 Evan-

1760 5317 1901 5386 gelio
1935 5313 2182 5374 Joannis.
2214 5314 2306 5368 ubi
2340 5313 2406 5368 de
2434 5314 2638 5368 Lazaro
2673 5329 2852 5370 sermo
2884 5320 2987 5368 est.
3032 5311 3166 5365 Nam
3198 5326 3328 5366 cum

1760 5407 2026 5462 dixis-set:
2066 5426 2084 5457 ι
2125 5405 2319 5461 Tollite
2351 5407 2578 5476 lapidem
2610 5421 2638 5459 a
2672 5414 3041 5468 monumento,
3083 5421 3104 5458 ι
3134 5411 3328 5459 sustu-

1761 5501 1823 5554 lit
1856 5499 2048 5555 deinde
2085 5499 2272 5554 oculos
2300 5514 2428 5554 suos
2461 5497 2527 5552 ad
2560 5499 2754 5554 coelum
2786 5506 2838 5553 et
2870 5497 3006 5552 dixit
3035 5515 3048 5552 :
3084 5515 3104 5548 ι
3139 5495 3325 5561 Pater,

1761 5593 1966 5662 gratias
1997 5607 2097 5664 ago
2133 5592 2248 5658 tibi,
2286 5591 2540 5661 quoniam
2579 5589 2834 5645 audivisti
2865 5604 2968 5649 me.
3001 5589 3115 5660 Ego
3143 5597 3324 5645 autem

1763 5683 2000 5740 sciebam
2034 5683 2180 5756 quod
2209 5699 2421 5755 semper
2446 5699 2532 5740 me
2574 5683 2728 5739 audis
2761 5683 2797 5740 ³.
2839 5701 2859 5736 ι
2894 5679 2952 5737 Si
2985 5681 3152 5752 igitur
3183 5697 3329 5738 scin-

1229 5861 1248 5894 ⁸
1283 5858 1444 5918 Joan.
1478 5873 1568 5931 ιι,
1605 5858 1788 5916 59-“.
