3938 6516
587 367 688 424 ’ΠΙ

1263 363 1534 426 EUSEBII
1567 360 2048 420 CESARIENSIS
2083 363 2234 422 OPP.
2275 363 2460 420 PARS
2493 365 2643 422 ll.—
2677 361 3178 420 APOLOGETICA.
3699 365 3787 419 77?.

589 505 692 562 per
723 489 874 546 illum
925 487 1096 554 audit,
1148 501 1296 542 nunc
1341 501 1558 558 quoque
1599 501 1712 540 non
1755 485 2032 552 dubitans,
2066 485 2159 540 sed

2275 483 2490 555 Ἐπειδὴ
2513 477 2606 537 οὖν
2630 483 2828 547 πάντες
2858 483 2908 535 οἱ
2935 483 3078 550 ἆγιοι
3099 479 3300 534 τούτων
3321 478 3510 550 ἔτυχον
3535 477 3672 550 παρὰ
3697 479 3790 544 σοῦ,

593 583 756 654 plane
805 589 1139 651 compertum
1186 579 1394 634 habens
1438 594 1498 634 se
1544 592 1668 634 esse
1708 577 2057 641 audiendum,
2105 587 2160 632 et

593 685 852 746 tanquam
883 673 998 728 ﬁeri
1027 689 1137 726 non
1167 673 1363 742 possit,
1397 678 1457 726 ut
1487 685 1596 724 non
1628 669 1900 732 audiatur,
1953 684 2019 722 ex
2075 669 2162 722 in-

591 765 958 837 terrogatione
995 765 1071 818 ait.
1107 783 1122 819 :
1165 783 1184 817 ι
1227 762 1369 819 Deus
1398 777 1574 826 meus,
1625 761 1872 816 clamabo
1901 759 2158 824 interdiu,

593 863 648 912 et
679 871 788 910 non
829 855 1128 910 exaudies?
1175 872 1194 906 ι
1233 854 1393 908 nobis
1435 852 1686 908 videlicet
1721 851 2160 922 interrogationis

593 953 778 1000 notam
801 945 1126 1001 addentibus
1148 943 1211 998 ad
1241 945 1485 1008 verbum,
1525 961 1544 994 ι
1583 942 1865 1006 exaudies,
1897 961 1916 994 ι
1948 950 2002 997 et
2029 957 2162 996 con-

592 1036 822 1092 trarium
853 1037 996 1107 ejus,
1032 1036 1180 1107 quod
1203 1037 1593 1106 interrogatum
1625 1033 1718 1098 sit,
1745 1034 2160 1106 subintelligen-

591 1129 761 1185 tibus.
801 1127 1085 1201 (Siquidem
1139 1129 1244 1184 hoc
1297 1129 1476 1198 ipsum
1525 1127 1688 1198 paulo
1739 1136 1862 1197 post
1911 1143 2162 1182 sermone

593 1237 922 1295 progressus
979 1221 1221 1277 ostendit
1253 1219 1510 1288 deinceps
1561 1219 1616 1272 in
1665 1220 1876 1288 psalmo
1917 1221 2108 1275 dicens
2145 1239 2159 1276 :

600 1333 620 1366 α
659 1313 780 1370 Non
821 1315 1027 1385 sprevit
1075 1329 1250 1381 neque
1284 1313 1564 1368 molestam
1603 1313 1792 1368 habuit
1822 1312 2162 1382 deprecatio-

593 1423 720 1463 nem
751 1407 1030 1478 pauperis,
1059 1420 1234 1474 neque
1267 1405 1462 1459 avertit
1489 1402 1682 1459 faciem
1727 1419 1881 1460 suam
1908 1417 1940 1456 a
1968 1419 2074 1468 me,
2109 1409 2164 1458 et

593 1513 720 1554 cum
751 1499 1042 1552 clamarem
1073 1497 1139 1550 ad
1171 1511 1318 1560 eum,
1369 1495 1645 1552 exaudivit
1675 1510 1780 1549 me.
1830 1513 1850 1546 ι
1881 1493 2164 1561 Quomodo

593 1589 762 1658 igitur
793 1587 1038 1656 negative
1069 1585 1198 1638 illud
1221 1585 1472 1639 dicetur?
1505 1581 1678 1638 «Deus
1701 1597 1881 1648 meus,
1913 1582 2164 1636 clamabo

595 1678 856 1740 interdiu,
885 1685 1068 1730 etnon
1097 1674 1378 1736 exaudies,
1435 1691 1454 1725 ι
1495 1672 1600 1727 nisi
1641 1687 1704 1726 ea
1739 1673 1948 1726 ratione
2002 1687 2162 1740 quam

595 1781 700 1824 nos
729 1768 1032 1830 attulimus,
1069 1781 1230 1836 quam
1267 1779 1398 1819 sane
1439 1765 1707 1818 rationem
1739 1763 1916 1833 ipsum
1945 1779 2164 1832 quoque

2261 575 2624 648 κεκράξαντές
2654 591 2714 627 τε
2747 574 3195 646 εἰσηκούσθησαν,
3237 573 3332 626 καὶ
3361 573 3422 624 οὐ
3461 571 3794 642 κατῃσχύνθη-

2263 687 2382 734 σαν,
2417 668 2568 738 πόσῳ
2597 667 2662 738 δὴ
2697 665 2855 720 ,πλέον
2889 667 3022 737 ἐμοῦ
3067 665 3160 719 τοῦ
3193 663 3286 718 σοῦ
3319 661 3598 734 ἀγαπητοῦ
3641 661 3792 726 παιῶς

2263 758 2492 829 βοῶντος
2522 756 2716 828 μᾶλλον
2748 757 3000 809 ἁπάντων
3027 757 3120 808 καὶ
3143 754 3484 824 ἑτοιμότερον
3507 751 3790 822 sicam-3:5;

2261 851 2325 904 Εἰ
2357 851 2413 903 δὲ
2441 849 2536 903 καὶ
2567 847 3062 918 ἀποθαυμαστικῶς
3095 863 3255 916 φημι,
3293 862 3314 894 ι
3353 841 3794 914 Κεκράξομαι,καὶ

2260 944 2360 995 οὐκ
2381 941 2704 1014 εἰσακούσῃὲ
2737 961 2754 992 ι
2780 941 2892 994 ἀλλ’
2913 940 3012 992 οὐκ
3031 941 3110 1002 εἰς
3139 940 3324 992 ἄνοιαν
3347 939 3376 991 ὁ
3397 937 3553 1004 λόγος
3587 951 3667 1004 μοι
3691 949 3794 1004 προ-

2263 1032 2504 1104 φέρεται.
2554 1027 2683 1085 υἷδα
2727 1031 2857 1100 γοῦν
2903 1031 3046 1092 ὅπως
3097 1029 3195 1100 τὴν
3228 1027 3391 1099 εὐχὴν
3433 1025 3708 1098 προφέρω,
3737 1025 3794 1094 μὴ

2263 1123 2686 1195 ἐναϐρυνόμενος
2713 1123 2844 1194 μηδέ
2877 1121 3312 1193 ἐγκαυχώμενος,
3347 1119 3460 1173 ἀλλ’
3493 1118 3568 1181 ὡς
3594 1131 3796 1172 ταπεινο-

2263 1213 2494 1286 φρονῶν.
2545 1215 2696 1268 Ἐπεὶ
2715 1213 2822 1285 γὰρ
2857 1213 3026 1286 πρᾶός
3057 1215 3170 1284 εἰμι
3202 1211 3297 1266 καὶ
3326 1209 3578 1272 ταπεινὸς
3605 1204 3667 1278 τῇ
3697 1223 3796 1278 καρ-

2265 1307 2372 1378 δίᾳ,
2405 1305 2672 1370 ταπεινῶς
2704 1307 2793 1359 καὶ
2816 1309 2882 1376 τῇ
2915 1303 3150 1376 ἐμαυτοῦ
3185 1304 3448 1376 πραότητι
3469 1303 3673 1366 οἰκείως
3695 1297 3798 1370 περὶ

2263 1396 2500 1468 ἐμαυτοῦ
2533 1395 2762 1450 ταπεινά
2786 1396 3110 1466 φθέγγομαι.
3157 1394 3311 1448 Οῦτω
3343 1395 3408 1465 δὴ
3452 1395 3546 1448 καὶ
3579 1393 3798 1464 σκώληκα

2263 1492 2498 1562 ἐμαυτὸν
2529 1487 2780 1562 ὀνομάζω
2803 1507 2816 1520 ·
2851 1489 2904 1542 τί
2945 1487 3055 1561 γὰρ
3083 1489 3146 1542 ἂν
3179 1489 3386 1556 γένοιτο
3431 1485 3697 1558 σκώληκος
3723 1505 3798 1540 τα-

2263 1585 2574 1656 πεινότερον
2599 1601 2613 1650 ;
2642 1583 2762 1636 ὅθεν
2793 1581 2898 1634 οὐδ’
2935 1580 3218 1653 ἄνθρωπον
3250 1579 3484 1650 ἐμαυτὸν
3518 1579 3704 1649 εἴποιμ’
3729 1578 3798 1638 ἂν,

2263 1679 2342 1740 εἰς
2382 1675 2648 1747 τοσαύτην
2701 1674 3025 1728 ταπείνωσιν
3068 1674 3133 1726 ἐκ
3181 1671 3276 1724 τοῦ
3325 1671 3526 1724 οἰκείου
3577 1669 3800 1740 μεγέθους

2265 1768 2557 1832 κατελθὼν,
2593 1767 2732 1820 ὥστε
2767 1767 2860 1844 κα).
2911 1763 3186 1836 σκώληκος
3235 1763 3398 1836 μηδὲν
3433 1763 3606 1816 δοκεῖν
3650 1761 3802 1829 διειςὲ-

595 1858 834 1914 arbitror
860 1856 1170 1928 signiﬁcare
1205 1856 1333 1910 dum
1364 1855 1499 1910 dicit
1541 1875 1554 1912 :
1591 1873 1610 1908 ι
1668 1855 1810 1911 Deus
1841 1873 2015 1920 meus,
2052 1859 2161 1911 cla-

2269 1877 2400 1933 ρειν,
2426 1859 2514 1913 διὰ
2546 1860 2605 1912 τὸ
2650 1861 2742 1912 καὶ
2779 1858 2938 1929 μέχρι
2977 1856 3204 1910 θανάτου
3233 1856 3326 1908 καὶ
3371 1855 3473 1924 τῆς
3517 1853 3610 1907 τοῦ
3645 1851 3799 1922 σῶμα·

593 1949 758 2006 mabo
791 1949 1046 2012 interdiu,
1070 1955 1123 2002 et
1143 1963 1250 2002 non
1277 1947 1560 2010 exaudies,
1592 1955 1645 2002 et
1669 1955 1855 2010 noctu,
1884 1955 1938 2001 et
1967 1963 2074 2000 non
2097 1946 2166 1999 ad

593 2041 967 2113 insipientiam
1000 2041 1187 2096 mihi.»
1221 2039 1340 2096 Non
1369 2040 1515 2096 enim
1556 2041 1623 2094 ad
1657 2040 2049 2111 insipientiam,
2083 2040 2167 2092 in-

595 2133 780 2204 quit,a
804 2149 890 2189 me
911 2133 1108 2187 dicitur
1133 2133 1288 2198 illud,
1314 2151 1334 2184 ‹
1367 2131 1645 2188 exaudies.
1673 2151 1691 2184 ι
1723 2131 1857 2185 Νονί
1885 2133 2028 2185 enim
2053 2131 2167 2199 ipse

595 2241 701 2298 qua
733 2226 944 2281 ratione
973 2225 1076 2280 hoc
1097 2225 1296 2290 dicam,
1325 2225 1524 2296 quippe
1553 2224 1646 2294 qui
1675 2223 1831 2277 iidem
1863 2223 2090 2276 habeam
2113 2229 2167 2276 te

594 2325 794 2373 natura
845 2331 1176 2387 propensum
1227 2330 1348 2370 esse
1401 2315 1466 2368 ad
1521 2313 1952 2384 suscipiendum,
2003 2321 2166 2384 atque

596 2411 928 2468 audiendum
960 2425 1068 2464 non
1102 2411 1280 2464 solum
1315 2424 1420 2472 me,
1469 2407 1562 2462 sed
1607 2409 1770 2462 etiam
1812 2422 2003 2462 omnes
2040 2423 2168 2462 sano

595 2515 716 2557 etos
748 2513 891 2556 tuos.
925 2500 1154 2571 Semper
1196 2501 1340 2554 enim
1394 2507 1448 2554 et
1493 2514 1886 2568 usquequaque
1947 2499 2004 2554 in
2055 2501 2166 2554 tuis

596 2594 803 2650 sanctis
833 2595 1069 2658 habitas,
1103 2593 1354 2662 idemque
1385 2593 1500 2662 ipse
1517 2607 1575 2647 es
1601 2591 2036 2662 uniuscujusque
2057 2591 2168 2648 Deo

595 2689 885 2745 familiaris
919 2697 1082 2757 atque
1108 2687 1270 2739 amici
1303 2683 1563 2746 hominis,
1587 2685 1678 2752 qui
1709 2683 1875 2738 Israel
1906 2685 2166 2754 appellari

595 2780 965 2845 consueverit,
989 2779 1106 2832 laus
1139 2797 1152 2831 :
1185 2784 1406 2846 propter
1443 2781 1494 2829 te
1524 2775 1669 2828 enim
1701 2775 1766 2829 ad
1802 2789 2017 2829 omnem
2042 2792 2166 2832 eum

596 2874 690 2944 qui
731 2882 798 2927 ἰο
844 2871 1163 2940 complexus
1214 2871 1308 2932 sit,
1363 2884 1472 2923 non
1517 2870 1757 2942 vulgaris
1803 2871 1984 2925 venire
2030 2871 2168 2925 solet

599 2965 740 3019 laus.
781 2983 800 3015 ι
835 2962 901 3016 Et
933 2964 986 3015 in
1017 2971 1068 3016 te
1094 2970 1275 3032 patres
1303 2963 1474 3016 nostri
1506 2970 1883 3032 speraverunt,
1916 2981 1934 3013 ›
1969 2969 2167 3016 etcum

599 3063 904 3126 sperarent,
941 3055 1008 3108 ab
1033 3053 1409 3122 ingruentibus
1433 3056 1486 3107 in
1521 3055 1671 3124 ipsos
1700 3055 1856 3108 malis
1891 3071 1908 3104 (
1953 3053 2168 3108 liberati

599 3159 750 3214 sunt,
779 3157 832 3203 et
860 3147 924 3202 ad
957 3154 1009 3201 te
1031 3147 1425 3212 clamaverunt,
1462 3155 1516 3202 et
1553 3147 1690 3202 salvi
1739 3147 1864 3200 facti
1906 3155 2056 3210 sunt,
2087 3153 2168 3198 at-

599 3259 706 3315 que
733 3243 786 3298 in
815 3251 866 3297 te
892 3246 1324 3312 speraveruutct
1349 3239 1562 3294 confusi
1597 3255 1702 3292 non
1731 3248 1880 3294 sunt.
1920 3257 1938 3289 ›
1975 3237 2030 3291 Si
2065 3239 2168 3308 igi-

597 3343 690 3392 tur
727 3351 918 3390 omnes
965 3333 1139 3389 sancti
1189 3333 1304 3386 haec
1353 3347 1384 3384 a
1417 3343 1468 3388 te
1499 3334 1946 3402 impetraverunt,
1981 3341 2034 3385 et
2057 3333 2173 3384 cla-

598 3441 812 3484 mantes
842 3427 1083 3480 exauditi
1138 3433 1287 3486 sunt,
1325 3441 1432 3480 non
1483 3435 1662 3478 autem
1693 3426 1928 3487 confusi,
1963 3435 2170 3495 quanto

599 3519 774 3588 magis
828 3533 914 3572 me
964 3525 1117 3570 tuum
1161 3516 1418 3570 dilectum
1467 3517 1634 3568 lilium
1680 3517 2004 3569 clamantem
2061 3533 2171 3586 pra:

599 3610 814 3664 cunctis
835 3609 1040 3678 absque
1077 3623 1228 3660 mora
1254 3607 1551 3662 exaudies?
1575 3607 1730 3672 Quod
1763 3607 1808 3660 si
1846 3608 2170 3662 admirantis

597 3702 904 3772 cujuspiam
933 3701 1106 3755 instar
1144 3701 1368 3756 enuntio
1403 3701 1554 3764 illud,
1613 3719 1630 3750 ι
1668 3699 1944 3761 Clarnabo,
1978 3709 2031 3754 et
2061 3715 2170 3754 non

600 3795 898 3850 exaudiesl
938 3812 957 3844 ι
999 3808 1108 3847 non
1142 3802 1322 3848 tamen
1356 3791 1424 3846 ad
1475 3793 1840 3861 insipientiam
1899 3793 2172 3862 profertur

599 3889 728 3944 talis
761 3903 792 3940 a
830 3903 918 3942 me
946 3887 1142 3940 oratio.
1177 3883 1314 3940 Novi
1369 3886 1514 3940 enim
1553 3885 1666 3955 ipse
1691 3900 1800 3954 quo
1829 3899 1994 3939 sensu
2021 3900 2170 3940 meas

599 3995 793 4052 preces
823 3979 1068 4042 enuntio,
1103 3993 1212 4032 non
1259 3978 1652 4047 gloriabundus
1700 3978 1952 4032 videlicet
1995 3993 2170 4048 neque

594 4069 963 4142 iactabundus
995 4087 1008 4122 :
1041 4083 1165 4122 nam
1215 4083 1338 4120 cum
1382 4069 1484 4124 sim
1531 4075 1848 4122 mansuetus
1877 4074 2038 4136 atque
2067 4067 2170 4121 liu-

599 4163 748 4218 milis
774 4161 958 4227 corde,
997 4160 1187 4214 humili
1231 4160 1358 4213 item
1397 4175 1546 4214 more
1573 4167 1628 4214 et
1667 4175 1800 4214 mea:
1849 4167 2170 4213 mansuetu-

601 4254 716 4309 dini
743 4261 1130 4314 consentaneo,
1167 4249 1395 4304 humilia
1421 4251 1488 4306 de
1515 4251 1725 4320 meipso
1761 4250 1972 4318 loquor.
2003 4248 2170 4320 498

599 4345 837 4402 Proinde
875 4344 1040 4399 etiam
1087 4343 1354 4411 meipsum
1389 4355 1624 4396 vermem
1674 4341 1922 4410 appello:
1955 4347 2008 4393 et
2037 4341 2168 4410 quid

599 4453 784 4494 verme
817 4436 1034 4491 tandem
1087 4451 1210 4488 esse
1260 4433 1431 4504 possit
1461 4431 1756 4486 humilius?
1788 4432 1867 4486 sic
1897 4447 1966 4486 ne
1993 4431 2170 4485 homi-

2266 1972 2356 2018 τος
2409 1954 2610 2024 φθάσαι
2659 1953 2880 2024 φθορᾶς.
2917 1949 3086 2003 Πόθεν
3131 1948 3238 2018 γάρ
3289 1947 3510 2002 ἄλλοθεν
3553 1945 3799 2014 γεννηθείη

2270 2047 2483 2118 σκώληξ
2515 2047 2548 2118 ἢ
2585 2047 2690 2100 ἀπὸ
2736 2047 3000 2117 σωμάτων
3035 2043 3274 2113 φθορᾶςς
3309 2043 3389 2104 εἰς
3441 2041 3506 2110 ἣν
3557 2039 3645 2092 καὶ
3672 2038 3801 2097 αὐτὸς

2268 2137 2560 2200 κατελθὼν,
2585 2137 2808 2200 εἰκότως
2842 2134 3074 2206 ἐμαυτὸν
3101 2131 3354 2201 σκώληκα
3387 2131 3480 2183 καὶ
3511 2131 3607 2182 οῦκ
3637 2127 3804 2198 ἀνθρω-

2268 2245 2366 2282 πον
2401 2227 2678 2296 γινώσκω·
2725 2227 2804 2280 διὸ
2836 2227 2929 2279 καὶ¹
2978 2225 3176 2294 γέγονα
3216 2241 3234 2272 ι
3275 2222 3472 2284 δνειδος
3519 2218 3801 2290 ἀνθρώπων,

2269 2322 2360 2374 καὶ
2393 2318 2638 2391 ἐξουδένη
2647 2337 2721 2390 μα
2739 2317 2890 2382 λαοῦ,
2922 2337 2939 2368 ι
2977 2317 3078 2370 οὐκ
3099 2314 3162 2368 ἂν
3177 2315 3465 2385 γενόμενος
3489 2313 3606 2366 οῦὃέ
3635 2311 3802 2372 ova-.53;

2269 2413 2589 2486 ἀνθρώπων,
2635 2413 2754 2466 ούδέ
2808 2411 3156 2482 ἐξουδὲνημα,
3221 2412 3268 2464 ει
3311 2409 3386 2480 μὴ
3431 2409 3592 2480 μέχρι
3625 2405 3801 2474 σκώλη-

2268 2522 2362 2568 κος
2395 2503 2652 2574 ἐφθάκειν
2705 2503 2856 2574 παρὰ
2895 2504 2986 2554 τὸν
3029 2501 3122 2554 τοῦ
3180 2503 3384 2564 πάθους
3417 2499 3623 2572 καιρόν.
3667 2499 3801 2568 Τηνε-

2267 2597 2444 2651 καῦτα
2475 2595 2603 2666 γοῦν
2627 2595 2955 2666 θεωροῦντες
2991 2612 3054 2666 με
3089 2594 3183 2648 ἐπὶ
3209 2593 3300 2647 τοῦ
3343 2592 3576 2664 σταυροῦ
3603 2593 3802 2661 ἀνηρτη-

2271 2689 2450 2762 μένον,
2505 2687 2958 2759 ἐξεμυκτήρισαν,
3011 2687 3104 2740 καὶ
3154 2685 3419 2754 ἐλάλησαν
3475 2687 3533 2736 ἐν
3583 2683 3802 2754 χείλεσιν.

2268 2781 2521 2854 ἐκίνησάν
2552 2798 2612 2833 τε
2645 2779 2884 2850 κεφαλὴν
2915 2779 3163 2847 λέγοντες
3186 2795 3199 2807 ·
3241 2797 3260 2828 ι
3297 2777 3562 2830 Ἦλπισεν
3591 2777 3678 2828 ἐπὶ
3715 2775 3802 2826 liii-

2272 2891 2406 2946 ριον,
2443 2873 2694 2946 ῥυσάσθω
2727 2871 2909 2934 αὑτὸν,
2947 2870 3174 2924 σωσάτω
3220 2869 3404 2934 αὐτὸν,
3445 2870 3528 2922 ὅτι
3560 2868 3690 2921 θέλει
3729 2867 3804 2920 αύ-

2269 2965 2379 3018 τόν.
2416 2986 2434 3017 ι
2474 2965 2656 3019 Ταῦτα
2684 2965 2779 3036 μὲν
2805 2959 2897 3018 οὖν
2921 2965 3137 3018 ἅπαντα
3167 2961 3254 3016 διὰ
3285 2961 3377 3016 τοῦ
3405 2960 3618 3032 ψαλμοῦ
3653 2959 3804 3028 σαφῶς

2271 3060 2398 3131 περὶ
2423 3060 2530 3112 τῶν
2560 3059 2855 3130 μελλόντων
2877 3056 3198 3128 γενήσεσθαι
3223 3057 3451 3127 μακροῖς
3477 3053 3596 3107 ποθ’
3619 3051 3806 3120 ὓστερον

2271 3155 2481 3225 χρόνοις
2507 3151 2836 3216 ἐθεσπίζετο,
2863 3151 3048 3214 τέλους
3075 3151 3132 3202 δὲ
3161 3150 3476 3218 ἐτύγχανεν,
3500 3146 3673 3206 ὁπότε,
3693 3141 3808 3196 κατὰ

2271 3248 2362 3299 τὸν
2388 3245 2680 3306 Ματθαῖον,
2718 3264 2736 3294 ι
2772 3241 3185 3316 σταυρωθέντων
3207 3241 3301 3294 σὺν
3331 3239 3476 3310 αὐτῷ
3501 3239 3594 3291 δύο
3607 3235 3804 3308 λῃστῶν,

2273 3337 2389 3400 ἐνὸς
2421 3338 2485 3389 ἐκ
2512 3336 2718 3402 δεξιῶν,
2755 3337 2848 3389 καὶ
2881 3335 2998 3398 ἐνὸς
3032 3335 3090 3400 ἐξ
3123 3332 3413 3402 εὐωνύμων
3447 3331 3540 3384 τοῦ
3571 3331 3806 3400 Σωτῆρος,

2271 3432 2320 3483 οἱ
2374 3429 2873 3501 παραπορευόμενοι
2927 3427 3310 3498 ἐϐλασφήμουν
3363 3425 3522 3478 αὑτὸν
3573 3421 3806 3484 κινοῦντες

2271 3521 2369 3584 τάς
2400 3519 2638 3589 κεφαλὰς
2671 3518 2868 3578 αὐτῶν,
2899 3521 2992 3572 καὶ
3023 3518 3270 3586 λέγοντες
3293 3537 3334 3568 οι
3360 3517 3493 3570 Ούαὶ
3515 3519 3544 3568 ὁ
3565 3513 3808 3570 καταλύων

2271 3617 2362 3668 τὸν
2397 3614 2542 3678 ναὸν,
2588 3615 2682 3666 καὶ
2725 3613 2782 3663 ἐν
2828 3615 3005 3682 τρισὶν
3044 3611 3278 3682 ἡμέραις
3323 3609 3640 3680 οἰκοδομῶν,
3667 3607 3808 3660 σῶσον

2275 3707 2524 3760 σεαυτόν·
2563 3709 2610 3759 εἰ
2657 3705 2786 3767 Υἱὸς
2818 3701 2867 3758 εἷ
2909 3703 3002 3756 τοῦ
3055 3703 3211 3766 Θεοῦ,
3267 3701 3532 3772 κατάϐηθι
3591 3701 3690 3754 ἀπὸ
3733 3695 3806 3751 τοῦ

2274 3797 2530 3870 σταυροῦ.
2575 3797 2804 3868 Ὁμοίως
2831 3797 2887 3850 δὲ
2933 3797 3026 3850 καὶ
3070 3798 3118 3849 οἱ
3166 3796 3440 3868 ἀρχιερεῖς
3487 3793 3808 3864 ἐμπαίζοντες

2276 3891 2413 3962 μετά
2455 3891 2562 3944 τῶν
2621 3889 3004 3962 πρεσϐυτέρων
3057 3888 3150 3941 καὶ
3201 3887 3574 3958 γραμματέων
3623 3885 3804 3952 ελεγον·

2275 3983 2496 4047 ’Ἄλλους
2529 3981 2748 4046 ἔσωσεν,
2781 3980 2968 4034 ἐαυτὸν
3007 3979 3066 4032 οὺ
3103 3979 3322 4032 δύναται
3371 3979 3562 4032 σῶσαι.
3599 3979 3658 4031 Ei

2270 4077 2394 4140 λεῦς
2425 4075 2518 4130 τοῦ
2565 4073 2776 4147 Ἰσραήλ
2801 4077 2938 4136 ἐστι,
2971 4071 3262 4126 καταϐάτω
3299 4070 3391 4124 νῦν
3425 4071 3534 4124 ἀπὸ
3561 4070 3652 4124 τοῦ
3679 4087 3806 4124 σταυο

2275 4169 2388 4240 ροῦ,
2425 4170 2518 4222 καὶ
2565 4167 2922 4238 πιστεύσομεν
2975 4163 3144 4236 αὐτῷ.
3187 4165 3249 4216 El
3299 4162 3559 4216 πέποιθεν
3609 4162 3695 4215 ἐπὶ
3739 4161 3807 4212 τὸν

2270 4259 2421 4322 Θεὸν,
2459 4257 2710 4330 ῥυσάσθω
2742 4257 2836 4312 νῦν
2870 4257 3051 4322 αὐτὸν,
3083 4258 3132 4309 εἰ
3165 4255 3306 4308 θέλει
3336 4255 3516 4308 αὐτόν.
3553 4251 3684 4308 Εἷπε
3705 4253 3804 4324 γὰρ,

2269 4348 2370 4411 ὅτι,
2405 4348 2532 4411 Υἱὸς
2555 4347 2689 4401 Θεοῦ
2724 4349 2857 4418 εἰμι.
2875 4365 2892 4398 ι
2913 4344 3070 4400 Κατά
3093 4345 3150 4397 δὲ
3176 4345 3265 4398 τὸν
3281 4347 3512 4398 Λουκᾶν·
3549 4363 3568 4396 ι
3591 4343 3806 4414 Εῐστήκει

2271 4448 2299 4500 ὁ
2328 4445 2452 4510 λαὸς
2487 4445 2723 4516 θεωρῶν,
2757 4443 2852 4498 καὶ
2888 4441 3309 4514 ἐξεμυκτήριζον
3358 4440 3522 4493 αύτὺν
3565 4441 3614 4492 οἱ
3645 4440 3803 4510 ἄρχον·

599 4548 726 4588 nem
754 4531 974 4602 quidem
1006 4529 1274 4598 meipsum
1305 4525 1556 4590 dixerim,
1587 4541 1714 4581 cum
1739 4527 1927 4596 utique
1955 4525 2022 4580 ad
2048 4533 2166 4578 tan-

2269 4557 2360 4603 τες
2407 4539 2502 4592 σὺν
2545 4539 2728 4600 αὐτοῖς
2772 4534 3016 4604 λέγοντες
3040 4551 3054 4565 ·
3093 4533 3316 4598 Ἀλλους
3371 4533 3562 4594 ἐσωσε,
3617 4529 3806 4583 σωσάτω

599 4635 714 4681 tam
745 4623 1106 4678 humilitatem
1144 4619 1332 4674 relicta
1381 4633 1499 4673 mea
1531 4619 1907 4692 magnitudine
1935 4618 2167 4673 descen-

599 4719 798 4782 derim,
838 4723 898 4770 ut
947 4715 1112 4769 etiam
1151 4727 1332 4768 verme
1378 4712 1550 4766 nihilo
1595 4712 1940 4782 praestantior
1999 4709 2170 4765 videri

601 4811 832 4884 possim,
859 4815 1146 4880 propterea
1179 4805 1326 4877 quod
1358 4823 1531 4877 usque
1571 4807 1638 4861 ad
1664 4817 1892 4862 mortem
1919 4815 1972 4861 et
1996 4821 2171 4876 usque

601 4907 670 4963 ad
721 4905 1003 4961 interitum
1051 4905 1298 4974 corporis
1345 4906 1704 4974 pervenerim.
1769 4903 2004 4974 (Etenim
2063 4919 2170 4975 qua

599 4999 820 5058 tandem
869 4999 976 5052 alia
1029 4997 1244 5052 ratione
1289 4993 1466 5050 lactus
1517 4995 1589 5052 sit
1635 4997 1858 5061 vermis,
1893 4997 1998 5051 nisi
2040 4996 2166 5066 quia

597 5108 832 5164 corpora
859 5091 1036 5148 solent
1056 5089 1393 5161 corrumpi?)
1417 5089 1498 5144 Ad
1527 5105 1688 5161 quem
1733 5105 1864 5144 sane
1887 5090 2166 5144 interitum

598 5201 726 5243 cum
771 5185 886 5256 ipse
931 5197 1150 5254 quoque
1194 5181 1594 5246 descenderim,
1655 5181 1851 5237 merito
1897 5181 2165 5251 meipsum

597 5292 840 5332 vermem
873 5283 926 5330 et
961 5291 1070 5330 non
1115 5275 1392 5330 hominem
1436 5289 1675 5344 agnosco
1708 5293 1720 5328 :
1767 5289 1834 5329 ex
1863 5288 1971 5344 quo
2003 5275 2167 5328 etiam

604 5389 624 5421 ε
673 5370 852 5426 [actus
881 5385 1004 5426 sum
1035 5368 1392 5440 Opprobrium
1425 5367 1703 5422 hominum
1737 5375 1792 5422 et
1827 5367 2057 5435 abjectio
2077 5380 2169 5436 po-

598 5463 737 5534 puli.
769 5481 788 5514 ι
819 5463 914 5534 qui
933 5462 1152 5532 quidem
1183 5475 1463 5532 nunquam
1487 5459 1540 5514 id
1564 5476 1738 5531 genus
1763 5459 1940 5514 factus
1965 5473 2165 5520 essem,

599 5555 706 5610 nisi
734 5569 910 5625 usque
939 5554 1006 5608 ad
1041 5555 1240 5610 vermis
1282 5554 1646 5609 conditionem
1683 5552 1784 5608 sub
1819 5553 1997 5622 ipsum
2043 5567 2168 5622 pas.

599 5643 775 5699 sionis
801 5653 1017 5716 tempus
1041 5661 1366 5718 progressus
1395 5661 1594 5702 essem.
1623 5643 1778 5700 Tunc
1803 5644 1966 5716 igitur
1989 5643 2168 5698 viden-

600 5749 683 5792 tes
708 5751 792 5792 me
823 5738 880 5792 in
918 5754 1082 5792 cruce
1112 5753 1458 5810 suspensum,
1501 5755 1520 5788 ι
1579 5737 2076 5798 subsannaverunt,
2109 5743 2164 5790 et

601 5829 768 5887 locuti
795 5837 925 5885 sunt
955 5829 1134 5894 labiis,
1189 5838 1242 5884 et
1289 5837 1572 5884 moverunt
1622 5835 1804 5896 caput,
1849 5826 2094 5882 dicentes
2144 5841 2158 5877 :

2275 4631 2486 4693 ἐαυτὸν,
2521 4633 2569 4684 εἰ
2614 4623 2765 4692 οὗτος
2797 4630 2943 4681 ἐστιν
2975 4630 3003 4681 ὁ
3033 4626 3263 4698 Χριστὸς
3293 4627 3322 4678 ὁ
3353 4626 3478 4690 Υἱὸς
3509 4623 3602 4676 τοῦ
3641 4620 3754 4675 Θεοῦ
3781 4620 3804 4670 ὁ

2275 4725 2548 4788 ἐκλεκτός.
2582 4743 2600 4774 ι
2631 4722 2786 4778 Κατὰ
2821 4723 2878 4776 δὲ
2903 4723 2992 4775 τὸν
3013 4722 3236 4792 Μάρκον
3255 4737 3268 4751 ·
3304 4739 3322 4769 ι
3353 4719 3463 4772 Καὶ
3492 4719 3541 4770 οἱ
3582 4716 3804 4788 παράγον-

2274 4835 2364 4882 τες
2395 4817 2775 4888 ἐδλασφήμουν
2807 4815 2992 4876 αὑτὸν,
3027 4814 3300 4878 κινοῦντες
3345 4813 3442 4876 τὰς
3477 4812 3702 4880 κεφαλὰς
3729 4807 3802 4860 αὑ-

2275 4911 2402 4974 τῶν,
2430 4911 2522 4964 καὶ
2544 4909 2790 4977 λέγοντες
2808 4925 2822 4938 ·
2852 4908 2988 4961 Οὐαὶ
3009 4909 3038 4961 ὁ
3069 4905 3350 4960 καταλύων
3373 4905 3464 4958 τὸν
3495 4905 3638 4968 ναὸν,
3660 4903 3736 4956 καὶ
3757 4902 3802 4952 ἐν

2276 5004 2450 5074 τρισὶν
2483 5003 2719 5074 ἡμέραις
2770 4999 3067 5071 οἰκοδομῶν
3123 4999 3313 5053 αὐτόν’
3376 4996 3548 5051 σῶσον
3597 4993 3800 5050 σεαυτὸν.

2275 5093 2369 5146 καὶ
2403 5091 2667 5164 κατάϐηθι
2711 5092 2818 5145 ἀπὸ
2865 5089 2959 5144 τοῦ
3020 5088 3272 5161 σταυροῦ.
3316 5107 3334 5139 ι
3377 5087 3604 5158 Ὁμοίως
3635 5086 3714 5139 καὶ
3759 5081 3800 5131 0!

2274 5187 2548 5258 ἀρχιερεῖς
2578 5183 2932 5256 ἐμπαίζοντες
2971 5184 3051 5247 εἰς
3075 5181 3334 5252 ἀλλήλους
3364 5179 3502 5250 μετὰ
3527 5177 3632 5232 τῶν
3665 5189 3802 5246 γραμι

2278 5276 2488 5346 ματέων
2521 5275 2702 5345 ἐλεγον
2721 5292 2733 5305 ·
2755 5293 2773 5324 ι
2805 5274 3028 5336 Ἀλλους
3061 5272 3283 5336 ἔσωσεν,
3312 5269 3501 5324 ἐαυτὸν
3532 5271 3591 5322 ού
3621 5267 3800 5320 δύναται

2277 5365 2469 5420 σῶσαι·
2505 5368 2534 5420 ὁ
2566 5366 2796 5437 Χριστὸς
2827 5367 2856 5418 ὁ
2883 5363 3132 5436 βασιλεὺς
3171 5361 3265 5416 τοῦ
3313 5361 3523 5433 Ἰσραὴλ
3553 5355 3800 5414 καταῦάτω

2275 5457 2368 5512 νῦν
2413 5459 2520 5512 ἀπὸ
2549 5457 2643 5513 τοῦ
2695 5455 2962 5529 σταυροῦ,
3007 5455 3096 5509 ἵνα
3149 5455 3346 5525 ἴδωμεν
3397 5455 3489 5508 καὶ
3541 5447 3798 5506 πιστεύσω-

2279 5567 2378 5623 μεν
2428 5550 2596 5622 αὐτῷ.
2641 5571 2660 5604 ι
2699 5549 2880 5604 Ταῦτα
2947 5549 3052 5622 γὰρ
3091 5549 3144 5601 τί
3199 5548 3263 5601 ἂν
3325 5547 3566 5616 διαφέροι
3613 5539 3708 5594 τῶν
3751 5536 3797 5623 ἐν

2400 5621 2596 5714 ψαλμῶ
2651 5621 3264 5714 προαναπεφωνημένων
3313 5641 3370 5692 ἐν
3421 5637 3516 5706 τῷ,
3543 5653 3563 5686 ι
3605 5625 3724 5696 Ἐγὼ

2269 5711 2384 5802 εἰμι
2418 5711 2702 5800 σκώληξ(
2733 5732 2827 5786 καὶ
2888 5731 2988 5784 οὐκ
3035 5711 3336 5801 ἄνθρωπος,
3385 5725 3576 5786 ὄνειδος
3620 5711 3794 5786 ἀνθρὼ-

2271 5840 2386 5878 πων
2445 5825 2538 5879 καὶ
2595 5825 2924 5896 ἐξουδὲνημα
2978 5823 3128 5878 λαοῦ.
3159 5823 3360 5882 Πάντες
3413 5821 3460 5874 oi
3515 5805 3792 5885 θεωροῦντες
