3938 6540
202 387 296 440 775

1067 383 1718 441 DEMONSTBATIONIS
1747 383 2199 440 EVANGELICJE
2239 384 2365 439 LIB.
2411 384 2477 442 Χ.

3298 382 3396 438 771

201 527 257 582 με
277 507 702 578 ἐξεμυκτήρισάν
734 525 822 578 με,
851 506 1115 577 ἐλάλησαν
1141 511 1196 561 ἐν
1219 512 1471 579 χείλεσιν,
1494 509 1726 580 ἐκίνησαε

1852 527 1870 559 ι
1915 507 2162 576 Speravit
2212 506 2267 560 in
2318 504 2569 569 Domino,
2596 504 2788 575 eripiat
2821 519 2967 569 eum,
2999 501 3207 560 salvum
3237 501 3399 559 faciat

193 601 436 670 κεφαλήνθ
478 599 742 652 ’Ήλπισεν
781 601 872 652 ἐπὶ¹
905 599 1124 670 Κύριον,
1162 600 1414 670 ῥυσάσθω
1448 599 1627 664 αὐτὸν,
1665 601 1746 653 ὅτι

193 691 322 744 θέλει
353 689 532 742 αὐτόν.
577 709 596 740 ι
628 689 737 741 Καὶ
774 690 846 757 μὴ
893 688 1177 761 θαυμάσῃς
1223 689 1271 740 εί
1313 688 1484 740 ταῦτα
1518 688 1658 741 κατά
1687 690 1748 742 τὸ

190 781 348 843 πάθος
379 779 474 833 τοῦ
507 781 756 851 Σωτῆρος
795 783 827 850 ἡ
839 779 952 849 μῶν
985 779 1170 850 εί’ρητό
1197 796 1256 831 τε
1283 779 1376 831 καὶ
1406 779 1742 850 πεπλήρωτο,

185 874 336 927 ὁπότε
359 873 522 926 εἰσέτι
543 872 699 941 δεῦρο
715 873 863 944 παρὰ
891 874 1050 926 πᾶσιν
1081 870 1378 941 ἀνθρώποις
1397 875 1505 934 τοῖς
1527 873 1746 943 μηδέπω

182 963 277 1034 τήν
302 966 375 1026 εις
413 962 574 1015 αὐτὸν
608 963 788 1014 πίστιν
835 962 1174 1032 ἀνειληφόσιν
1216 962 1415 1024 ὄνειδος
1448 963 1744 1034 ἀνθρώπων

180 1065 501 1137 νενόμισται.
543 1066 609 1118 Τί
644 1067 750 1138 γάρ
792 1065 855 1119 ἂν
899 1065 1105 1135 αἴσχιον
1151 1066 1242 1118 καὶ
1285 1065 1480 1128 παντὸς
1515 1066 1743 1130 ὀνείδους

181 1161 352 1227 χεῖρον
378 1157 471 1210 τοῦ
505 1157 913 1228 σταυρωθῆναι;
953 1157 1110 1209 Ἀλλά
1148 1158 1238 1209 καὶ
1269 1155 1510 1228 ἐξουδένη
1521 1175 1594 1228 μα
1613 1157 1740 1211 λαοῦ

177 1250 307 1309 ἐστι,
347 1248 441 1300 τοῦ
485 1250 548 1302 ἐκ
598 1249 927 1320 περιτομῆς,
981 1249 1180 1312 παντὸς
1218 1249 1393 1302 αὐτῶν
1427 1249 1518 1301 τού
1559 1249 1740 1312 ἔθνους

177 1341 336 1393 είσέτι
359 1340 456 1394 νῦν
497 1343 591 1394 καὶ
624 1345 858 1412 σήμερον
889 1341 1163 1412 χλευάζειν
1196 1342 1288 1394 καὶ
1322 1341 1612 1406 ἐξουθενεῑν
1650 1341 1764 1422 καὶ·

175 1433 503 1487 καταπτύειν
521 1433 768 1496 εἰωθότος
787 1434 971 1486 αὑτοῦ.
1005 1433 1162 1486 Ὀθεν
1181 1435 1272 1486 καὶ
1292 1433 1512 1496 εἰκότως
1533 1435 1560 1485 ὀ
1592 1434 1740 1487 Ἀπό-

177 1528 369 1590 στολοςο
397 1547 414 1578 ‹
435 1527 625 1598 Ἡμεῖς
639 1527 695 1581 δὲ
713 1527 1054 1600 κηρύσσομεν
1071 1528 1297 1598 Χριστὸν
1313 1527 1735 1598 ἐσταυρωμένον,

186 1620 448 1682 Ἰουδαίοις
483 1618 584 1688 μὲν
615 1620 924 1686 σκάνδαλον,
955 1618 1128 1672 ἔθνεσι
1147 1620 1202 1672 δὲ
1237 1620 1463 1690 μωρίαν.
1500 1639 1515 1670 ι
1545 1619 1650 1671 Καὶ
1669 1619 1735 1672 τά

170 1712 288 1783 ἑξῆς
320 1712 380 1764 δὲ
406 1713 668 1784 εἰρημένα
698 1714 755 1765 ἐν
785 1709 863 1781 τῷ
889 1710 1084 1780 ψαλμῶ
1115 1710 1276 1762 εἰσέτι
1313 1711 1402 1762 καὶ
1431 1710 1522 1762 νύν
1560 1709 1736 1782 εὕροις

168 1803 229 1854 ἂν
251 1803 405 1874 παρὰ
427 1807 539 1865 τοῖς
559 1804 769 1866 πολλοῖς
795 1802 921 1873 περὶ
950 1802 1041 1854 τοῦ
1069 1801 1229 1854 αὐτοῦ
1255 1801 1536 1870 λεγόμενα.
1557 1801 1735 1854 Ταῦτα

168 1894 260 1962 μὲν
293 1890 391 1946 οὖν
424 1895 550 1965 περὶ
581 1894 680 1964 τῆς
703 1893 1061 1963 διαλαϐούσης
1094 1893 1252 1944 αὑτὸν
1284 1892 1448 1944 εἰσέτι
1484 1893 1598 1944 τότε
1632 1911 1730 1946 πε-

166 1967 708 2056 ριπάσεωςήύχετοο
733 1985 884 2049 εἰδὼς
905 1987 960 2040 δὲ
996 1985 1069 2056 μὴ
1089 1984 1304 2055 χείρονα
1323 1980 1484 2036 οὖσαν
1509 1983 1609 2052 τῆς
1637 1985 1729 2036 τοῦ

164 2077 389 2133 θανάτου
434 2081 715 2150 συμφορᾶς
750 2079 848 2149 τὴν
883 2077 1104 2149 πρώτην
1139 2076 1300 2128 αὑτοῦ
1334 2077 1411 2137 εἰς
1444 2075 1618 2146 σάρκα
1651 2077 1733 2128 έν-

163 2171 320 2238 δεσιν,
351 2175 445 2226 καὶ
466 2174 564 2244 τὴν
591 2175 654 2226 ἐκ
683 2171 901 2243 θηλείας
926 2170 1018 2223 καὶ
1051 2168 1315 2240 παρθένου
1339 2169 1566 2237 γένεσιν,
1592 2168 1731 2222 κατά

162 2266 348 2335 καιρὸν
381 2268 438 2318 ἐν
470 2268 584 2328 τοῖς
608 2265 735 2334 περὶ¹
762 2263 991 2317 θανάτου
1020 2261 1128 2315 τῶν
1157 2262 1254 2332 τῆς
1279 2261 1543 2329 γενέσεως
1569 2260 1728 2314 αὐτοῦ

165 2356 487 2426 μνημονεύει
519 2357 692 2424 λόγων
726 2355 860 2427 πρὸς
895 2355 987 2408 τὸν
1027 2353 1272 2424 Πατέρα*
1317 2372 1334 2403 ι
1379 2354 1496 2405 Ὅτι
1533 2355 1596 2406 σὺ
1626 2349 1675 2405 εἷ
1703 2355 1731 2405 ὁ

160 2451 442 2512 ἐκσπάσας
489 2468 554 2520 με
597 2451 663 2502 ὲκ
692 2449 946 2520 γαστρὸς,
981 2451 1012 2519 ή
1050 2446 1203 2508 ἐλπίς
1240 2463 1339 2516 μου
1378 2445 1483 2497 ἀπὸ
1514 2447 1729 2515 μαστῶν

158 2541 252 2610 τῆς
293 2541 500 2614 μητρός
541 2557 662 2611 μου.
719 2540 838 2593 Ἐπὶ
871 2539 927 2591 σὲ
962 2538 1261 2608 ἐπερῤίφην
1307 2538 1369 2588 ἐκ
1409 2536 1638 2606 μήτρας,
1667 2537 1730 2586 ἐκ

158 2647 359 2710 κοιλίας
393 2646 595 2717 μητρός
623 2662 722 2716 μου
757 2643 886 2707 Θεός
919 2660 1018 2714 μου
1055 2639 1104 2695 εἷ
1136 2641 1218 2694 σύ.
1259 2661 1276 2692 ι
1313 2639 1528 2694 Τούτων
1567 2639 1623 2692 δὲ
1657 2643 1730 2693 εἰ-

156 2739 326 2803 κότως
347 2739 613 2809 ἀναφέρει
645 2737 740 2808 τὴν
773 2739 992 2807 μνήμην
1021 2737 1098 2798 είς
1125 2733 1476 2803 παραμυθίαν
1500 2733 1599 2801 τῆς
1623 2731 1728 2783 τῶν

157 2831 438 2899 παρόντων
467 2828 802 2898 ἀπαλλαγῆς.
831 2828 1038 2897 Ὥσπερ
1061 2827 1188 2898 γὰρ,
1213 2827 1362 2894 φησι,
1381 2824 1605 2892 γέγονας
1629 2841 1726 2892 μου

158 2921 370 2992 βοηθὸς,
407 2921 564 2992 σῶμα
610 2919 946 2991 ἀνθρώπειον
987 2917 1363 2981 ἀναλαϐόντος,
1414 2917 1500 2968 ὅτε
1544 2915 1637 2968 καὶ
1671 2913 1728 2978 ἐξ

154 3013 323 3082 αὐτῆς
349 3014 448 3084 τῆς
473 3011 843 3082 κυοφορούσης
876 3027 941 3080 με
977 3009 1210 3081 γαστρὸς
1239 3009 1300 3061 σὺ
1335 3009 1492 3071 αὐτὸς
1531 3009 1558 3059 ὀ
1598 3007 1728 3070 Θεός

157 3122 251 3173 μου
280 3104 378 3156 καὶ
398 3105 586 3175 Πατήρ
617 3120 739 3174 μου,
763 3102 948 3173 ὥσπερ
982 3100 1304 3171 μαιούμενος
1327 3100 1424 3170 τὴν
1448 3099 1569 3169 ἐμοὶ
1600 3114 1727 3150 κατ-

152 3197 559 3268 εσκευασμένην
580 3195 640 3260 ἐξ
665 3195 816 3264 ἁγίου
839 3193 976 3246 Πνεύ
985 3209 1150 3263 ματος
1172 3193 1368 3264 σάρκα,
1397 3191 1720 3256 ἐξέσπασας,

153 3291 244 3360 την
263 3289 462 3343 ἑαυτοῦ
496 3288 722 3358 δύναμιν
751 3287 962 3359 ὀρέξας,
993 3287 1068 3350 ὡς
1097 3285 1162 3338 ἂν
1195 3287 1267 3356 μή

153 3381 412 3453 ἐπιϐουλὴ
424 3380 484 3446 ἐξ
501 3381 886 3451 ἀντικειμένων
902 3379 1176 3449 δυνάμεων
1190 3379 1282 3432 καὶ
1302 3375 1548 3447 πονηρῶν
1564 3393 1721 3428 πνευ-

156 3474 337 3538 μάτων
367 3473 651 3542 διαφθονου
661 3473 831 3542 μένων
852 3474 917 3542 τῇ
941 3474 1018 3534 είς
1042 3469 1357 3543 ἀνθρώπους
1381 3467 1598 3540 παρόδῳ
1620 3485 1718 3537 μου

153 3564 377 3631 γένοιτο·
409 3565 535 3618 ἐπεὶ
564 3567 657 3618 καὶ
681 3564 822 3618 κατά
849 3564 944 3636 τὴν
978 3562 1196 3636 πρώτην
1225 3560 1482 3630 σύλληψιν
1518 3561 1580 3612 σὺ
1615 3560 1720 3612 πά-

151 3655 226 3710 λιν
252 3658 315 3710 τὺ
342 3658 484 3711 κατὰ
502 3657 737 3727 γαστρὸς
755 3657 1108 3718 ἐπεσκίασας,
1129 3655 1204 3717 ὡς
1226 3654 1290 3707 ἂν
1312 3653 1457 3705 λάθω
1483 3653 1608 3715 τοὺς
1633 3652 1720 3723 ἆρ-

153 3767 340 3818 χοντας
379 3750 475 3804 τοῦ
503 3751 698 3814 αἰῶνος
733 3749 919 3802 τούτου
949 3752 981 3818 ἡ
1013 3748 1071 3813 ἐξ
1100 3748 1254 3816 ἁγίου
1284 3745 1595 3816 Πνεύματος
1621 3745 1720 3815 τῆς

151 3843 305 3909 ἁγίας
345 3841 624 3914 Παρθένου
671 3840 946 3912 σύλληψις.
989 3841 1160 3911 Ὅπερ
1199 3838 1339 3908 μέγα
1373 3839 1664 3909 μυστήριον
1690 3838 1718 3889 ὁ

154 3934 236 3997 σὸς
275 3933 616 4006 ἀρχάγγελος
660 3934 884 4004 ἐξέφηνε
927 3933 965 3985 Γ
969 3931 1184 4004 αϐριὴλ,
1213 3934 1278 4002 τῇ
1310 3930 1496 4000 Μαρία
1527 3921 1712 3981 εἰπών’

155 4059 172 4085 ι
203 4038 434 4109 Πνεῦμα
477 4039 629 4106 ἅγιον
679 4036 1028 4091 ἐπελεύσεται
1081 4036 1172 4088 ἐπὶ
1221 4035 1300 4096 σὲ,
1348 4033 1442 4086 καὶ
1495 4032 1718 4102 δύναμις

161 4131 412 4202 Ὑψίστου
447 4131 754 4184 ἐπισκιάσει
787 4146 887 4182 σοι.
927 4147 946 4179 ι
997 4125 1345 4198 Ὠσπεροῦνὴ
1382 4125 1448 4196 σὴ
1478 4124 1595 4176 τότε
1621 4122 1716 4175 τοῦ

159 4219 413 4291 Ὑψίστου
455 4222 679 4293 δύναμις
723 4217 1222 4291 συλλαμϐανόμενον
1272 4217 1368 4288 μὲν
1404 4215 1714 4278 ἐπεσκίασε,

150 4315 463 4385 τικτόμενον
493 4313 550 4366 δὲ
581 4313 881 4380 ἐξέσπασεν
930 4310 1038 4364 ἀπὸ
1079 4309 1312 4379 γαστρὸς
1358 4305 1560 4378 μητρός
1594 4323 1714 4375 μου,

150 4407 280 4460 οὕτω
317 4407 486 4478 πολλή
524 4424 611 4477 μοι
633 4406 889 4476 τυγχάνει
919 4403 1258 4476 παραμυθία,
1283 4404 1362 4455 ὅτι
1385 4402 1477 4454 κα¹ι
1502 4399 1594 4452 τοῦ
1625 4398 1718 4452 θα-

151 4499 302 4552 νάτου
357 4517 425 4570 με
476 4500 610 4553 πολὺ
662 4499 860 4570 μᾶλλον
905 4497 1254 4559 ἀνασπάσεις.
1305 4494 1414 4546 Καὶ
1453 4491 1609 4546 τοῦτό
1653 4507 1716 4560 γε

1847 614 1970 654 eum
2000 599 2255 668 quoniam
2282 598 2394 651 vult
2423 612 2567 652 eum.
2601 616 2618 648 ι
2655 595 2778 651 Haec
2820 596 2982 667 igitur
3022 596 3182 666 plane
3213 595 3398 650 omnia

1847 691 1902 743 in
1933 691 2147 759 psalmo
2192 689 2258 743 de
2305 688 2372 742 iis
2401 703 2522 758 qua:
2551 695 2659 740 tam
2691 689 2850 758 longo
2879 697 3001 757 post
3042 695 3282 756 tempore
3312 685 3398 740 fu-

1845 787 1968 832 tura
1997 787 2172 843 erant,
2206 779 2462 849 praedicta
2494 786 2641 842 sunt,
2693 780 2989 848 eademque
3037 793 3194 833 suum
3235 777 3396 832 linem

1845 878 1975 925 sunt
2006 879 2319 932 consecuta,
2353 886 2461 940 quo
2493 879 2754 939 tempore,
2786 878 2845 924 ut
2875 879 2959 924 est
2985 869 3126 938 apud
3158 867 3398 924 Matthia-

1844 979 1956 1028 um,
1984 963 2131 1018 cruci
2161 963 2331 1016 allixis
2363 978 2487 1016 cum
2516 977 2580 1016 eo
2613 962 2824 1017 duobus
2847 962 3169 1025 latronibus,
3196 975 3304 1015 uno
3330 957 3396 1015 ad

1842 1055 2108 1116 dextram,
2137 1055 2306 1109 altero
2337 1053 2403 1107 ad
2435 1054 2736 1116 sinistram,
2760 1053 2850 1122 qui
2885 1053 3007 1107 illac
3029 1051 3393 1122 praeteribant,

1839 1147 1983 1200 mala
2015 1147 2069 1200 in
2108 1146 2259 1199 illum
2281 1146 2643 1215 congerebant
2673 1152 2949 1199 moventes
2982 1145 3160 1214 capita
3192 1157 3312 1206 sua,
3343 1149 3398 1196 et

1840 1238 2083 1292 dicentes
2116 1253 2128 1289 :
2159 1254 2176 1286 ι
2215 1234 2353 1301 Vah,
2384 1236 2474 1306 qui
2502 1236 2736 1293 destruis
2769 1235 3021 1304 templum
3052 1234 3183 1289 etin
3221 1233 3397 1289 tribus

1840 1326 2033 1381 diebus
2063 1326 2320 1380 aediﬁcas.
2356 1325 2574 1378 Salvum
2605 1323 2689 1378 fac
2721 1325 2950 1393 teipsum
2985 1343 2997 1379 :
3027 1325 3072 1379 si
3108 1321 3275 1378 Filius
3298 1323 3394 1379 Dei

1838 1432 1920 1481 es,
1951 1417 2218 1472 descende
2249 1418 2316 1472 de
2343 1432 2524 1471 cruce.
2555 1415 2813 1469 Similiter
2843 1425 2894 1470 et
2919 1418 3192 1486 principes
3213 1431 3396 1471 sacer-

1839 1507 2027 1562 dotum
2061 1509 2351 1562 illudentes
2381 1523 2504 1562 eum
2548 1508 2853 1562 senioribus
2881 1516 2936 1563 et
2982 1509 3208 1576 Scribis,
3246 1509 3394 1565 dice-

1837 1598 1968 1652 bant
2003 1617 2016 1653 :
2069 1599 2220 1652 Alios
2270 1599 2450 1652 salvos
2499 1597 2643 1662 fecit,
2675 1598 2912 1666 seipsum
2945 1612 3052 1651 non
3084 1605 3261 1667 potest
3290 1598 3396 1654 sal-

1836 1705 1962 1743 vum
1999 1690 2197 1744 facere.
2230 1688 2285 1743 Si
2323 1688 2434 1744 Rex
2470 1687 2633 1743 Israel
2657 1697 2762 1752 est,
2813 1690 3109 1744 descendat
3153 1706 3299 1744 nunc
3327 1689 3394 1745 de

1836 1795 2019 1844 cruce,
2057 1790 2109 1836 et
2145 1782 2433 1836 credemus
2454 1780 2523 1834 ei.
2562 1778 2617 1833 Si
2653 1780 2892 1834 conﬁsus
2921 1790 3006 1836 est
3035 1779 3165 1843 Deo.
3200 1782 3396 1837 liberet

1834 1888 1981 1926 nunc
2034 1889 2179 1937 eum,
2230 1873 2278 1928 si
2312 1873 2425 1928 vult
2475 1887 2620 1926 eum.
2671 1871 2815 1926 Dixit
2861 1874 3004 1927 enim
3043 1892 3056 1928 :
3095 1872 3263 1930 Filius
3297 1873 3394 1930 Dei

1833 1980 1954 2018 sum
1978 1964 2019 2017 ⁸.
2063 1984 2082 2016 ι
2117 1963 2184 2018 Ut
2213 1981 2342 2018 vero
2374 1972 2458 2019 est
2485 1964 2627 2034 apud
2656 1962 2856 2018 Lucam
2895 1983 2907 2018 :
2943 1983 2960 2014 ι
3003 1963 3191 2019 Stabat
3221 1981 3393 2038 popu-

1832 2057 1917 2111 lus
1946 2065 2221 2125 spectans,
2263 2065 2317 2112 et
2358 2058 2771 2113 subsannabant
2797 2073 2921 2112 eum
2961 2059 3236 2128 principes
3265 2073 3390 2113 cum

1831 2148 1931 2212 eis,
1968 2147 2211 2203 dicentes
2262 2168 2275 2202 :
2322 2150 2474 2204 Alios
2527 2151 2707 2204 salvos
2756 2149 2906 2216 fecit,
2967 2151 3175 2202 salvum
3229 2147 3392 2204 faciat

1832 2240 2094 2308 seipsum,
2128 2239 2174 2294 si
2210 2240 2298 2294 hic
2328 2249 2410 2295 est
2442 2241 2692 2296 Christus
2724 2239 2895 2295 Filius
2928 2240 3021 2295 Dei
3059 2241 3263 2296 electus
3285 2240 3325 2295 ⁸.
3362 2259 3384 2292 ι

1829 2331 1898 2384 At
1929 2331 2229 2385 secundum
2265 2331 2542 2386 Marcum:
2574 2350 2592 2381 ι
2633 2331 3028 2385 Prmtereuntes
3048 2330 3389 2400 blasphema-

1828 2421 1961 2475 bant
1997 2439 2140 2484 eum,
2172 2433 2449 2478 moventes
2477 2424 2656 2494 ca‘pita
2691 2440 2810 2486 sua,
2837 2431 2891 2478 et
2920 2423 3162 2478 dicentes
3196 2441 3209 2476 :
3247 2420 3384 2484 Vah,

1830 2515 1921 2583 qui
1952 2515 2190 2570 destruis
2222 2517 2480 2585 templum
2527 2522 2583 2570 et
2632 2515 2689 2569 in
2721 2516 2896 2570 tribus
2925 2514 3116 2569 diebus
3149 2514 3386 2570 aedificas

1829 2603 1983 2660 illud.
2018 2605 2236 2660 Salvum
2281 2607 2364 2661 fac
2399 2607 2653 2676 teipsum,
2695 2613 2748 2661 et
2795 2604 3063 2661 descende
3096 2606 3162 2661 de
3202 2621 3383 2661 cruce.

1833 2691 2095 2749 Similiter
2142 2702 2195 2748 et
2247 2695 2523 2765 principes
2577 2695 2920 2749 sacerdotum
2968 2695 3257 2750 illudentes
3300 2695 3387 2748 in-

1829 2792 1912 2840 ter
1964 2802 2022 2841 se
2064 2803 2186 2840 cum
2239 2787 2469 2849 Scribis,
2502 2786 2756 2840 dicebant
2790 2804 2805 2840 :
2838 2786 2986 2841 Alios
3017 2788 3196 2842 salvos
3236 2785 3383 2848 fecit,

1829 2882 2068 2950 seipsqu
2114 2896 2222 2933 non
2269 2885 2446 2947 potest
2493 2879 2700 2934 salvum
2737 2877 2934 2932 facere.
2970 2877 3222 2933 Christus
3271 2877 3386 2934 Rex

1829 2971 1994 3025 Israel
2025 2969 2317 3024 descendat
2340 2984 2483 3022 nunc
2506 2967 2572 3022 de
2595 2983 2778 3032 cruce,
2803 2977 2861 3022 ut
2890 2969 3170 3024 videamus
3191 2979 3245 3024 et
3267 2986 3387 3024 cre-
3420 2957 3423 2960 ’

1829 3064 2021 3118 damus
2050 3065 2097 3116 ei
2129 3062 2170 3115 ⁸.
2200 3081 2232 3112 ν)
2269 3060 2399 3115 ﬂare
2426 3076 2656 3130 namque
2695 3061 2748 3115 in
2795 3077 2903 3132 quo
2947 3064 3163 3116 tandem
3215 3064 3282 3117 ab
3319 3063 3386 3116 iis

1749 3195 1791 3252 ϐ
1830 3155 2106 3218 differunt,
2126 3170 2244 3224 qua:
2271 3155 2324 3207 in
2345 3154 2553 3223 psalmo
2581 3153 2837 3223 praedicta
2865 3163 2993 3210 sunt
3028 3155 3136 3208 illis
3171 3155 3381 3210 verbis:

1303 3245 1386 3348 τις
1414 3245 1598 3356 ἐνέδρα
1631 3245 1721 3337 καί

1824 3246 1985 3318 499
2015 3265 2033 3297 ι
2073 3245 2180 3316 Ego
2208 3253 2385 3298 autem
2429 3261 2549 3300 sum
2583 3246 2781 3300 vermis
2809 3254 2861 3300 et
2892 3261 3000 3300 non
3046 3245 3241 3308 homo.
3289 3261 3388 3316 0p-

2136 3335 2407 3356 μμεμημ
2465 3345 2507 3356 Α,
2558 3335 2780 3356 Λεώς,
2824 3336 3004 3356 “Mn
3079 3334 3122 3356 η
3308 3339 3353 3356 ί.

1821 3339 2100 3408 prourium
2134 3335 2411 3391 hominum
2459 3345 2512 3390 et
2555 3335 2787 3404 abjectio
2824 3336 3027 3406 populi.
3078 3334 3277 3393 Omnes
3306 3339 3387 3392 vi-

1821 3428 2010 3482 dentes
2035 3443 2138 3487 me.
2174 3427 2646 3480 subsannaverunt
2692 3443 2798 3490 me,
2834 3427 3000 3481 locuti
3047 3438 3172 3483 sunt
3206 3430 3382 3495 labiis,

1819 3529 1872 3574 et
1890 3525 2172 3572 moverunt
2198 3525 2358 3586 caput
2381 3533 2394 3568 :
2426 3517 2675 3587 Speravit
2698 3517 2753 3572 in
2771 3517 3015 3584 Domino,
3034 3521 3382 3590 cripiateum,

1819 3612 2026 3665 salvum
2073 3611 2233 3664 faciat
2282 3626 2427 3672 eum,
2457 3611 2713 3680 quoniam
2746 3611 2860 3664 vult
2889 3627 3034 3666 eum.
3073 3632 3092 3664 ι
3130 3613 3246 3666 Noli
3284 3629 3384 3669 au-

1819 3709 1928 3756 tem
1957 3703 2143 3755 mirari
2177 3703 2219 3756 si
2254 3703 2365 3757 hac
2395 3703 2496 3757 sub
2529 3703 2699 3772 ipsam
2733 3702 3030 3758 Salvatoris
3065 3706 3235 3760 nostri
3260 3721 3386 3775 pas-

1819 3793 2026 3847 sionem
2075 3804 2126 3847 et
2172 3791 2314 3846 dieta
2347 3800 2472 3848 sunt
2505 3800 2558 3847 et
2596 3794 2862 3863 completa
2892 3833 2906 3856 ,
2968 3794 3184 3863 quando
3223 3794 3384 3849 hodie

1819 3897 2033 3952 quoque
2065 3883 2204 3953 apud
2235 3899 2423 3940 omnes
2469 3884 2749 3948 homines,
2782 3885 3092 3955 quicunque
3139 3885 3380 3940 nondum

1819 3976 1873 4030 in
1905 3975 2050 4031 illius
2079 3975 2237 4045 fidem
2267 3983 2552 4038 venerunt,
2579 3977 2929 4046 opprobrium
2971 3976 3247 4031 hominum
3281 3977 3380 4029 ha-

1817 4067 1994 4122 betur.
2053 4067 2194 4134 Quid
2235 4068 2380 4123 enim
2411 4068 2626 4137 turpius
2656 4075 2709 4122 et
2755 4066 2902 4122 omni
2952 4068 3151 4136 probro
3180 4067 3380 4129 vilius,

1816 4173 1976 4227 quam
2007 4159 2155 4212 cruci
2179 4173 2300 4214 esse
2329 4159 2586 4212 affixum?
2617 4159 2710 4214 sed
2755 4173 2934 4213 nonne
2993 4158 3154 4212 etiam
3196 4159 3379 4227 populi

1815 4248 2024 4304 Judaici
2066 4251 2298 4320 abjectio
2340 4251 2462 4306 est?
2502 4251 2702 4321 quippe
2731 4265 2852 4304 cum
2886 4250 3134 4304 universa
3168 4249 3254 4302 illa
3291 4265 3381 4302 na-

1818 4341 1892 4393 tio
1919 4341 2080 4393 etiam
2115 4355 2260 4394 nunc
2296 4348 2349 4396 et
2389 4343 2442 4396 in
2473 4341 2618 4395 hunc
2647 4357 2817 4410 usque
2843 4341 3008 4402 diem,
3047 4347 3100 4394 et
3128 4341 3376 4400 irridere.

1815 4439 1869 4484 et
1898 4432 2186 4501 negligere,
2217 4439 2271 4485 et
2315 4431 2578 4500 despuere
2611 4431 2759 4484 illum
2790 4429 3149 4484 consueverit.
3187 4427 3380 4482 Proin-

1815 4524 1882 4578 de
1907 4523 2198 4592 Apostolus
2232 4523 2424 4577 merito
2447 4542 2458 4576 :
2484 4542 2501 4571 ι
2526 4521 2635 4578 Nos
2674 4531 2874 4588 autem,
2897 4522 3093 4592 inquit,
3117 4521 3379 4591 praedica-

149 4589 398 4655 ἐλπίζων,
429 4592 522 4644 ἐπὶ
548 4592 605 4644 σὲ
627 4590 859 4646 πέποιθα
881 4589 970 4642 τὸν
989 4587 1226 4659 ἐμαυτοῦ
1249 4587 1378 4638 Θεὸν
1401 4585 1493 4638 καὶ
1514 4583 1714 4655 Κύριον

1824 4583 2246 4670 mus-Christum
2279 4615 2618 4674 crucifixum.
2646 4613 2848 4670 Judaeis
2875 4583 3091 4684 quidem
3143 4613 3378 4669 scanda-

152 4683 233 4735 καὶ
261 4684 506 4754 Πατέραο
547 4684 641 4736 καὶ
685 4682 918 4736 πέποιθα
961 4684 1020 4734 οὐ
1056 4680 1149 4734 νῦν
1179 4679 1392 4751 πρῶτον
1417 4677 1718 4750 ἀρξάμενος

149 4771 234 4842 τῆς
263 4774 345 4835 είς
375 4771 438 4823 σὲ
460 4771 695 4834 ἐλπίδος,
727 4771 859 4824 ἀλλὰ
883 4773 975 4825 καὶ
1001 4772 1110 4834 ὅτε,
1139 4771 1246 4823 ἀπὸ
1269 4767 1486 4840 μαστῶν
1514 4767 1716 4839 μητρός

153 4876 239 4929 μου
268 4863 373 4933 τὴν
405 4862 647 4934 νηπιώδη
685 4865 889 4937 τροφὴν
928 4863 1344 4934 ἀναλαμϐάνων,
1393 4859 1714 4931 ἐνομιζόμην

150 4962 340 5029 δμοίως
367 4968 483 5030 τοῖς
506 4967 614 5020 τῶν
634 4967 933 5040 ἀνθρώπων
961 4966 1211 5038 βρέφεσιν
1243 4965 1436 5036 ἀτελὴς
1462 4961 1598 5018 εἶναι
1622 4965 1714 5017 καὶ

151 5055 350 5125 ἂλογος·
384 5058 461 5130 μὴ
489 5057 566 5112 ῶν
593 5059 700 5131 γὰρ
727 5059 984 5123 τοιοῦτος,
1015 5061 1062 5112 εί
1100 5059 1193 5112 καὶ
1222 5058 1381 5128 σῶμά
1415 5075 1504 5128 μοι
1530 5057 1714 5128 ὅμοιον

151 5135 447 5222 ἀνθρώποις
482 5147 570 5222 ἦν,
595 5153 688 5205 καὶ
714 5151 811 5223 τὴν
838 5152 1087 5223 δύναμιν,
1116 5151 1234 5205 οὺδέ
1264 5151 1360 5221 τὴν
1389 5150 1574 5202 οὐσίαν
1596 5152 1708 5212 τοῖς
1754 5141 1760 5155 ’

152 5241 350 5305 πολλοῖς
379 5242 455 5296 ὢν
486 5242 749 5314 ἐμφερὴς,
778 5244 962 5306 ἄνετος
985 5243 1040 5297 δὲ
1068 5244 1161 5296 καὶ
1187 5243 1466 5304 ἀπόλυτος,
1495 5234 1583 5293 οἷά
1612 5254 1705 5291 σου

150 5334 228 5386 τοῦ
244 5335 382 5389 Θεοῦ
413 5336 602 5406 ἀμνὸς,
650 5337 742 5389 καὶ
792 5336 851 5403 ἐξ
893 5337 1102 5408 ἐκείνης
1135 5336 1233 5406 τῆς
1259 5335 1472 5406 ἡλικίας
1513 5333 1708 5396 γαλου-

152 5441 418 5509 Ῑούμενος,
448 5442 591 5510 λέγω
614 5442 677 5512 δὴ
708 5442 814 5496 ἀπὸ
848 5443 1066 5513 μαστῶν
1096 5441 1194 5512 τῆς
1225 5441 1428 5512 μητρός
1453 5457 1574 5510 μου.
1600 5437 1710 5490 Καὶ

155 5531 286 5589 υῖιτιω
314 5536 474 5589 τοῦτο
511 5537 650 5607 μέγα
682 5553 763 5599 τις
787 5537 1070 5606 ἡγήσεται,
1114 5535 1160 5586 εί
1187 5533 1366 5604 μάθοι,
1399 5533 1479 5586 ὅτι
1510 5530 1603 5584 καὶ
1630 5529 1708 5582 ἔτι

157 5624 400 5697 πράτερον
434 5631 528 5682 ἐπὶ
567 5630 624 5682 σέ
653 5631 952 5701 ἐπερρίφην
991 5631 1055 5680 ἐκ
1088 5629 1320 5698 μήτρας,
1349 5627 1443 5680 καὶ
1471 5625 1578 5678 ἀπὸ
1606 5641 1705 5692 γα-

158 5719 302 5788 πρὸς
337 5722 539 5790 μητρός
575 5739 675 5791 μου
704 5721 833 5784 Θεός
867 5738 964 5790 μου
999 5715 1046 5771 εἶ
1076 5719 1162 5772 σύ.
1195 5719 1314 5771 Ἔτι
1341 5717 1451 5790 γὰρ
1474 5716 1620 5770 ἔνδον
1650 5717 1706 5768 ἐν

1816 4707 1950 4770 lum,
1980 4707 2230 4776 gentibus
2264 4717 2441 4761 autem
2476 4707 2759 4762 stultitiam
2783 4707 2824 4761 ".
2869 4725 2887 4758 ι
2929 4704 3033 4760 Sed
3066 4720 3166 4759 nec
3196 4705 3377 4760 minus

1814 4814 1878 4854 ea
1911 4815 2029 4870 qua!
2063 4809 2363 4869 sequuntur
2394 4798 2448 4852 in
2478 4799 2706 4870 psalmo,
2739 4797 2898 4854 facile
2926 4799 3084 4853 etiam
3123 4815 3267 4853 nunc
3292 4800 3376 4851 in-

1816 4891 1999 4944 venies
2027 4907 2054 4944 a
2093 4889 2365 4960 plerisque
2385 4889 2452 4944 de
2485 4889 2576 4942 illo
2597 4889 2724 4944 dici.
2758 4887 2880 4944 Haec
2926 4889 3088 4959 igitur
3114 4904 3212 4958 pro
3243 4888 3378 4942 allii-

1813 4983 1995 5037 ctione
2041 4997 2161 5052 quae
2209 4982 2360 5036 illum
2406 4981 2761 5052 apprehendit
2799 4982 2959 5036 etiam
2997 4989 3126 5034 tunc
3163 4979 3372 5033 orabat.
3442 4963 3447 4980 ³

1813 5073 1947 5128 Cum
1978 5083 2154 5128 autem
2199 5074 2370 5128 nihilo
2395 5076 2640 5130 viliorem
2685 5089 2912 5144 primam
2962 5087 3236 5142 corporea:
3281 5087 3376 5124 nn-

1814 5173 1946 5220 tura:
1973 5165 2419 5234 assumptionem,
2461 5175 2748 5234 ortumque
2801 5165 2949 5219 illum
2981 5164 3048 5218 de
3077 5163 3273 5217 femina
3321 5170 3376 5217 et

1812 5256 2040 5327 virgine,
2073 5256 2191 5326 ipsa
2243 5255 2438 5310 mortis
2498 5255 2804 5309 calamitate
2853 5269 2974 5309 esse
3023 5253 3374 5321 intelligeret,

1812 5363 1918 5402 non
1953 5344 2296 5400 incommode
2343 5346 2396 5398 in
2431 5345 2498 5400 iis
2528 5361 2648 5415 qua:
2679 5345 2746 5398 ad
2779 5353 3006 5400 mortem
3061 5345 3372 5414 pertinent,

1809 5442 1973 5495 etiam
2012 5452 2074 5493 ea
2095 5451 2216 5508 quae
2240 5435 2307 5490 ad
2330 5444 2508 5490 ortum
2537 5444 2786 5506 spectant
2818 5443 3240 5500 commemorat,
3293 5437 3374 5489 sic

1810 5532 1876 5586 ad
1913 5530 2122 5585 Patrem
2153 5530 2368 5584 dicens:
2413 5549 2431 5578 ‹
2466 5527 2729 5594 Quoniam
2761 5536 2817 5582 tu
2851 5543 2910 5584 es
2947 5529 3038 5598 qui
3089 5527 3373 5582 extraxisti

1809 5638 1896 5677 me
1920 5623 1986 5677 de
2015 5629 2202 5676 ventre
2222 5662 2235 5686 ,
2278 5635 2402 5690 spes
2443 5635 2560 5674 mea
2591 5620 2659 5674 ab
2687 5619 2944 5676 uberibus
2975 5621 3164 5673 matris
3191 5633 3322 5673 mea:
3354 5636 3369 5673 :

1809 5717 1871 5770 In
1959 5723 2012 5770 te
2090 5714 2371 5783 projectus
2438 5729 2558 5768 sum
2621 5727 2687 5766 ex
2753 5721 2910 5767 utero
2983 5711 3174 5767 matris
3242 5724 3372 5765 mea

245 5818 267 5846 ⁸
305 5813 496 5869 Matth.
533 5831 715 5882 uvn,
751 5817 943 5872 40-43.
1020 5816 1044 5846 '
1080 5814 1210 5868 Luc.
1250 5829 1418 5879 um,
1454 5813 1543 5868 55.
1620 5813 1641 5843 ‘
1681 5809 1847 5867 Marc.
1889 5828 1987 5877 xv,
2022 5809 2212 5865 29-32.
2299 5807 2318 5837 ⁷
2349 5807 2366 5861 l
2400 5807 2524 5864 Cor.
2577 5828 2616 5868 ι,
2653 5806 2744 5863 25.

121 5897 139 5944 ἡ
