3938 6516
552 379 757 436 775⁸

1231 375 1502 436 EUSEB"
1537 377 2021 438 CESAHIENSIS
2053 380 2204 440 OPP.
2246 381 2428 438 PARS
2463 381 2532 438 ll.
2571 413 2642 424 —
2673 377 3174 438 APOLOGETICA.
3678 386 3762 440 776

552 501 700 559 Deus
725 517 879 558 meus
912 515 971 557 es
1003 509 1082 555 tu.
1115 517 1134 551 ι
1171 498 1360 554 Merito
1383 509 1562 557 autem
1597 503 1712 556 haec
1758 503 2006 558 meminit
2027 544 2041 560 .
2075 509 2120 556 ul

2231 501 2307 574 τῷ
2335 502 2542 573 ταμείῳ
2581 501 2682 573 τῆς
2729 501 3100 574 κυοφορούσης
3147 519 3214 574 με
3257 502 3572 575 φερόμενος,
3609 507 3662 561 σὲ
3697 509 3768 564 τὸν

554 598 793 669 seipsum
823 593 1164 656 consoletur,
1196 601 1249 647 et
1294 609 1325 646 a
1375 595 1738 664 praesentibus
1775 597 1931 651 malis
1977 611 2133 650 aver-

553 699 654 746 tat.
701 688 804 754 Qui
852 687 1020 751 enim,
1065 686 1266 756 inquit,
1309 685 1461 741 fuisti
1509 689 1642 742 mihi
1695 689 1952 757 adjutor,
2004 703 2129 741 cum

553 783 852 839 humanum
883 794 1082 848 corpus
1111 791 1445 834 assumerem
1468 819 1482 842 ,
1523 795 1632 848 quo
1659 787 1901 850 tempore
1930 795 1994 832 ex
2049 777 2130 847 ip-

2229 592 2362 646 Θεόν
2403 610 2502 662 μου
2533 591 2738 663 ἐώρων,
2771 593 2864 646 ἆτε
2895 592 3198 665 ἀσύγχυτος
3235 595 3329 648 καὶ
3365 594 3625 658 ἀθόλωτος
3649 597 3768 670 sua

2230 684 2463 756 τοσαύτῃ
2493 685 2600 737 τῶν
2632 685 2850 756 σαρκῶν
2878 686 3134 758 κοινωνίᾳ,
3162 685 3464 756 διαμείνας,
3513 685 3696 756 μᾶλλον
3724 689 3768 742 δὲ

2230 778 2518 850 ἀσώματος
2540 779 2633 831 καὶ
2652 779 2774 831 τότε
2795 777 2889 842 ὣν,
2915 781 3010 833 καὶ
3031 781 3247 835 πάντων
3267 780 3550 852 ἐλεύθερος
3568 782 3766 852 δεσμῶν

549 878 666 934 sius
697 873 1049 946 parturientis
1073 879 1250 934 utero,
1287 887 1392 936 me,
1429 880 1486 924 tu
1542 873 1656 941 ipse
1689 871 1828 927 Deus
1867 887 2022 926 meus
2075 877 2130 925 et

549 968 712 1024 Pater
757 981 933 1028 meus,
969 973 1227 1033 tanquam
1269 963 1582 1021 obstetricis
1631 963 1861 1034 fungens
1901 963 2083 1016 ofﬁcio
2109 1002 2126 1027 ,

547 1077 647 1132 pro
677 1077 741 1116 ea
770 1076 889 1131 qua:
915 1059 1044 1113 mihi
1079 1059 1145 1113 de
1173 1057 1381 1128 Spiritu
1437 1067 1628 1113 sancto
1655 1065 1968 1126 comparata
2012 1063 2130 1112 erat

548 1169 732 1218 carne,
767 1153 1077 1214 extraxisti,
1111 1160 1202 1206 tua
1226 1161 1474 1222 porrecta
1513 1149 1714 1204 virtute
1742 1149 1811 1203 da
1839 1149 1970 1203 mihi
2013 1149 2125 1219 jam

545 1263 693 1303 nunc
727 1248 982 1310 salutem,
1019 1262 1084 1299 ne
1111 1260 1220 1315 qua
1259 1243 1409 1298 fraus
1463 1250 1556 1296 aut
1608 1243 1730 1296 ulla:
1762 1241 2006 1304 insidiae,
2058 1241 2126 1295 ab

545 1340 795 1396 adversis
845 1337 1209 1410 potestatibus
1257 1336 1616 1406 malignisque
1666 1334 1991 1404 spiritibus,
2031 1334 2126 1404 qui

541 1433 678 1488 mihi
701 1433 864 1489 etiam
897 1433 951 1486 in
984 1446 1206 1486 accessu
1240 1445 1360 1483 meo
1407 1427 1472 1481 ad
1511 1427 1762 1482 homines
1791 1427 2122 1490 inviderunt,

543 1527 698 1592 fiant,
729 1527 984 1597 Quoniam
1028 1525 1082 1578 in
1135 1524 1310 1594 prima
1347 1523 1472 1576 item
1526 1521 1884 1590 conceptione
1919 1531 1974 1574 tu
2007 1535 2128 1575 rur-

544 1637 641 1678 sus
672 1621 818 1692 quod
846 1621 899 1674 in
925 1628 1079 1674 utero
1107 1618 1206 1682 fui,
1239 1615 1597 1674 obumbrasti.
1627 1622 1685 1668 ut
1715 1613 1991 1684 principes
2024 1630 2126 1669 sre-

543 1713 653 1769 Culi
685 1712 848 1781 hujus
872 1711 988 1782 ipsa
1012 1711 1078 1766 de
1105 1708 1310 1780 Spiritu
1355 1718 1545 1764 sancto
1581 1716 1634 1762 et
1679 1717 1869 1763 sancta
1901 1705 2123 1777 Virgine

543 1801 831 1871 conceptio
870 1801 1078 1855 lateret.
1141 1797 1298 1866 Quod
1341 1813 1473 1854 sane
1507 1798 1699 1868 ingens
1759 1798 2075 1869 mysterium
2101 1838 2115 1862 ,

541 1899 672 1947 tuus
707 1889 1065 1962 archangelus
1097 1887 1316 1944 Gabriel
1358 1888 1540 1943 Mariae
1575 1889 1856 1950 indicavit,
1891 1889 2118 1944 dicens:

547 1997 571 2037 ι
613 1979 849 2052 Spiritus
881 1989 1104 2036 sanctus
1133 1979 1480 2050 superveniet
1522 1981 1574 2033 in
1604 1987 1655 2034 te
1679 2019 1693 2042 ,
1729 1988 1783 2033 et
1809 1979 1984 2033 virtus
2034 1979 2125 2033 Al—

541 2073 740 2130 tissimi
767 2073 1116 2131 obumbrabit
1153 2073 1249 2127 tibi
1288 2072 1330 2126 ⁸.
1371 2093 1390 2125 ι
1445 2071 1606 2143 500
1655 2069 2123 2138 Quemadmodum

541 2167 709 2240 igitur
740 2175 830 2222 tua
862 2177 1025 2231 tunc,
1061 2167 1154 2238 qui
1189 2182 1250 2221 es
1282 2165 1596 2221 Altissimus
1627 2205 1640 2226 ,
1705 2165 1876 2220 virtus
1929 2179 2014 2219 me
2069 2165 2124 2218 in

541 2259 901 2332 concipiendo
921 2259 1300 2324 obumbravit,
1335 2258 1389 2312 in
1425 2258 1688 2329 pariendo
1723 2267 1901 2313 autem
1942 2270 2124 2314 extra-

540 2355 620 2410 xit
648 2355 714 2410 de
743 2363 932 2410 ventre
963 2353 1151 2408 matris
1183 2369 1315 2408 mere
1339 2393 1354 2415 ,
1407 2353 1481 2406 ita
1527 2370 1750 2425 quoque
1806 2371 1916 2408 non
1957 2367 2124 2424 parva

539 2447 674 2502 mihi
705 2447 860 2504 adest
892 2447 1218 2512 consolatio,
1249 2447 1394 2517 quod
1430 2448 1600 2504 multo
1631 2449 1806 2520 magis
1852 2447 1920 2502 de
1949 2457 2123 2501 morte

539 2539 617 2595 sis
640 2551 1006 2596 extracturus.
1059 2540 1234 2612 Atque
1274 2541 1528 2611 equidem
1592 2541 1695 2596 hoc
1747 2556 1974 2612 sperans
2025 2541 2122 2596 tibi

541 2632 782 2690 conﬁsus
811 2649 953 2701 sum,
985 2633 1078 2704 qui
1121 2649 1274 2688 meus
1311 2632 1451 2687 Deus
1479 2639 1528 2688 et
1561 2631 1824 2688 Dominus
1855 2645 1908 2688 et
1965 2631 2123 2690 Pater

540 2741 602 2783 es
634 2742 648 2780 :
681 2736 734 2784 et
763 2728 1004 2786 conlisus
1037 2741 1180 2792 sum,
1229 2743 1338 2782 non
1377 2742 1522 2781 nunc
1564 2727 1796 2798 primum
1826 2728 1878 2781 in
1915 2735 1966 2781 te
1999 2742 2123 2796 spe-

539 2820 972 2890 rareincipiens.
1005 2820 1100 2876 sed
1145 2828 1277 2874 tunc
1330 2835 1546 2888 quaque
1573 2834 1697 2874 cum
1743 2820 1812 2874 ab
1861 2819 2121 2875 uberibus

543 2915 734 2968 matris
784 2929 915 2969 mea:
945 2913 1245 2968 infantilem
1277 2913 1590 2968 alimoniam
1624 2914 1929 2982 accipiens,
1967 2924 2124 2984 puta-

541 3005 642 3062 bar
672 3015 730 3061 ut
763 3007 957 3078 reliqui
995 3007 1274 3061 hominum
1321 3006 1584 3068 infantes,
1619 3005 1969 3077 imperfectus
2001 3022 2120 3062 esse

2227 3009 2391 3081 ρίφην
2417 3011 2480 3061 ἐκ
2514 3009 2744 3080 μήτρας,
2774 3007 2853 3069 είς
2879 3005 2937 3058 ὃν
2961 3004 3168 3077 ’ἤλπισα
3197 3004 3304 3057 ἀπὸ
3328 3001 3568 3080 μαστῶν,
3587 2999 3668 3054 τὸν
3695 2998 3767 3051 καὶ

541 3105 596 3152 et
624 3099 828 3167 absque
869 3103 970 3153 usu
1005 3099 1252 3152 rationis.
1291 3097 1407 3151 Non
1441 3099 1585 3152 enim
1615 3113 1762 3152 eram
1795 3098 1949 3162 talis,
1997 3098 2120 3152 licet

2225 3097 2334 3150 ἀπὸ
2390 3097 2627 3168 γαστρὸς
2687 3097 2892 3170 μητρός
2949 3113 3049 3167 μου
3083 3089 3484 3167 γνωριζόμενόν
3531 3108 3646 3163 μοι,
3693 3088 3766 3142 καὶ

541 3189 676 3244 mihi
723 3192 933 3245 caeteris
975 3190 1289 3244 hominibus
1348 3190 1526 3246 simile
1563 3199 1710 3245 esset
1742 3205 1964 3260 corpus.
2017 3190 2120 3246 Sed

2225 3191 2626 3261 γινωσκόμενον
2641 3191 2795 3256 Θεὸν,
2824 3188 3051 3243 ἱκετεύω
3071 3185 3449 3258 xaidv1t6o}&3
3469 3183 3544 3256 μὴ
3563 3182 3766 3251 ἀποστῆ-

541 3297 720 3352 neque
747 3283 876 3336 item
903 3283 974 3346 vi,
1005 3297 1180 3351 neque
1219 3282 1524 3338 substantia
1560 3283 1834 3352 plerisque
1867 3297 2014 3338 cram
2047 3281 2120 3337 si-

2224 3298 2311 3334 ναι
2357 3280 2450 3333 ἀπ’
2491 3279 2646 3351 ἐμοῦ,
2689 3281 2769 3333 ὅτι
2805 3279 2980 3350 θλίψις
3007 3278 3193 3348 ἐγγύς.
3231 3277 3432 3332 Μέλλει
3473 3275 3600 3346 γὰρ,
3639 3271 3766 3342 φησιν

541 3375 710 3438 milis,
743 3389 929 3428 verum
962 3375 1142 3444 potius
1167 3373 1301 3428 liber
1325 3389 1389 3428 ac
1413 3374 1625 3430 solutus
1653 3381 1912 3444 tanquam
1947 3389 2120 3444 agnus

2224 3375 2317 3428 καὶ
2347 3374 2470 3426 ὅσον
2500 3371 2651 3426 οὔπω
2690 3373 2943 3444 πάρεστι,
2985 3373 3080 3426 καὶ
3115 3369 3402 3442 πλησιάζει
3451 3369 3660 3438 συνέχον
3685 3363 3766 3434 ἢδη

541 3471 692 3528 tuus,
717 3465 810 3534 qui
843 3463 983 3519 Deus
1023 3477 1102 3522 es.
1135 3478 1258 3516 cum
1290 3464 1359 3518 ab
1403 3462 1495 3515 illa
1535 3477 1707 3532 usque
1759 3469 1919 3516 aztate
1981 3462 2120 3515 lacte

2224 3469 2318 3522 καὶ
2356 3465 2698 3538 ὲπικείμενόν
2755 3483 2843 3538 μοι
2891 3466 2952 3518 τὺ
2995 3464 3210 3518 πάντων
3239 3463 3466 3533 ἔσχατον
3501 3461 3598 3530 τῆς
3625 3461 3766 3526 ὑπερ·

540 3554 802 3617 nutrirer,
827 3554 951 3607 dico
979 3562 1160 3608 autem
1195 3553 1264 3606 ab
1303 3552 1562 3606 uberibus
1592 3551 1785 3605 matris
1815 3565 1964 3605 mea}.
2013 3549 2120 3604 Cte-

2224 3559 2521 3630 ϐα).λούσης
2553 3577 2652 3630 μου
2681 3559 2912 3628 θλίψεως
2941 3557 3116 3626 νέφος.
3154 3555 3319 3608 Οὔπω
3348 3553 3459 3624 γὰρ
3491 3550 3598 3620 ἐγὼ
3621 3547 3768 3616 θλίψιν

541 3651 716 3700 terum
755 3647 856 3700 hoc
883 3647 1120 3702 nomium
1149 3646 1418 3716 quispiam
1455 3659 1709 3715 magnum
1739 3643 2116 3706 arbitrabitur,

2224 3653 2422 3722 ταύτην
2449 3652 2547 3723 τὴν
2573 3651 2668 3705 νῦν
2697 3649 3053 3722 περιέχουσαν
3090 3665 3156 3719 με
3191 3645 3340 3700 καλῶ
3368 3643 3490 3697 οὕτε
3519 3635 3606 3696 τὸν
3637 3655 3770 3692 σταυ-

541 3741 588 3796 si
619 3741 904 3810 intelliget,
934 3739 1389 3812 quemadmodum
1439 3740 1591 3808 prius
1628 3753 1844 3808 quoque
1883 3755 1902 3786 ‹
1966 3738 2020 3790 in
2067 3744 2120 3790 te

2224 3743 2336 3815 ρον,
2377 3741 2497 3796 οὔτε
2536 3743 2663 3805 τοὺς
2707 3742 2766 3808 ἐξ
2809 3739 3112 3812 ἀνθρώπων
3152 3738 3506 3807 ὀνειδισμοὺς,
3549 3733 3664 3787 οὕτε
3691 3729 3770 3794 τάς

539 3831 817 3903 projectus
857 3848 976 3886 smn
1006 3848 1072 3886 ex
1111 3841 1286 3894 utero,
1319 3831 1464 3886 etde
1511 3840 1700 3885 ventre
1749 3829 1938 3900 niatris
1988 3845 2120 3884 meae

2224 3833 2434 3906 χλεύας,
2471 3833 2594 3888 οὔτε
2633 3832 2736 3904 μὴν
2769 3833 2839 3886 τά
2873 3833 2976 3903 πρὸ
2999 3831 3094 3885 τοῦ
3131 3829 3362 3902 σταυροῦ
3395 3825 3772 3899 συμϐεϐηκότα,

541 3925 687 3982 Deus
722 3942 878 3982 meus
909 3941 966 3980 es
998 3935 1076 3980 tu.
1115 3946 1133 3977 ι
1162 3925 1296 3980 Cum
1329 3927 1472 3980 enim
1507 3924 1684 3978 adhuc
1729 3923 1872 3978 intra
1922 3923 2120 3978 cellam

2224 3927 2318 3992 τὰς
2373 3928 2662 3999 μάστιγας,
2721 3925 2821 3990 τὰς
2877 3923 3080 3996 ὕϐρεις,
3133 3923 3226 3977 καὶ
3279 3924 3380 3977 ὅσα
3411 3921 3546 3978 ἄλλα
3577 3917 3774 3989 ἑπαροίο

542 4019 807 4090 gestantis
855 4035 940 4074 me
991 4022 1045 4074 in
1101 4027 1256 4073 utero
1287 4020 1552 4082 laterem,
1606 4026 1658 4072 te
1709 4025 1892 4071 tamen
1951 4015 2118 4070 Deum

2224 4037 2389 4092 νησαν
2437 4023 2515 4083 εἰς
2563 4019 2662 4090 ἐμὲ
2711 4019 2760 4072 οἱ
2815 4018 2920 4070 υίοὶ
2969 4017 3078 4070 τῶν
3133 4015 3470 4088 ἀνθρώπων·
3513 4011 3646 4066 ἀλλά
3683 4009 3774 4079 γὰρ

541 4125 722 4165 meum
749 4109 994 4164 videbam
1027 4120 1286 4180 tanquam
1325 4111 1372 4163 is
1396 4147 1411 4174 ,
1455 4109 1547 4179 qui
1583 4117 1636 4164 et
1690 4105 2013 4162 inconfusus
2065 4113 2120 4160 et

2224 4111 2330 4184 ὁρῶ
2359 4112 2458 4182 τὴν
2500 4113 2578 4173 εἰς
2613 4109 2737 4181 ᾅδου
2773 4109 3072 4163 κατάϐασιν
3113 4106 3538 4178 πλησιάζουσαν,
3573 4103 3775 4159 καὶτῶν

540 4202 970 4272 imperturbatus
1023 4203 1077 4256 in
1127 4209 1276 4256 tanta
1329 4199 1822 4256 communicatione
1869 4195 2118 4267 corporei

2224 4201 2606 4272 ἀντικειμένων
2652 4201 2746 4254 καὶ
2789 4200 3000 4272 ἐχθρῶν
3031 4199 3108 4270 τῷ
3133 4198 3252 4270 Θεῷ
3278 4197 3560 4268 δυνάμεων
3597 4195 3776 4249 ἑπανά-

541 4293 728 4349 oneris
759 4294 1204 4364 permansissem,
1237 4307 1300 4346 ac
1347 4291 1528 4361 potius
1585 4291 1940 4360 incorporeus
1985 4295 2118 4340 tunc

541 4401 758 4456 quoque
786 4385 1006 4450 fuerim,
1039 4393 1092 4440 et
1119 4387 1187 4438 ab
1215 4386 1469 4438 omnibus
1495 4382 1727 4436 vinculis
1762 4381 1916 4435 liber.
1943 4377 2116 4432 Porro

2224 4387 2246 4438 ὁ
2285 4385 2517 4458 βοηθῶν.
2551 4404 2570 4437 ι
2605 4384 2728 4449 Πῶς
2761 4383 2868 4455 γὰρ
2895 4385 2995 4454 οὑχ
3031 4382 3440 4454 ὑπερϐάλλουσα
3467 4377 3536 4452 ἦν
3573 4381 3664 4434 καὶ
3693 4391 3776 4448 με·

541 4487 722 4534 autem
748 4480 828 4533 sic
861 4497 880 4528 ι
917 4478 970 4532 in
1003 4487 1056 4534 te
1091 4477 1366 4547 projectus
1391 4491 1509 4530 sum
1532 4491 1596 4529 ex
1627 4483 1780 4528 utero
1804 4514 1818 4538 ,
1883 4491 1901 4524 ι
1937 4479 1991 4526 et
2035 4471 2114 4525 sic

2224 4478 2378 4546 γίστη
2409 4475 2584 4544 θλίψις
2613 4473 2751 4544 αὕτη
2783 4473 2985 4542 ἐκείνη,
3013 4473 3072 4524 ὲν
3177 4471 3278 4524 οὐκ
3311 4469 3458 4522 ἐστιν
3491 4469 3522 4520 ὁ
3555 4465 3770 4538 βοηθῶνς

547 4587 568 4624 ι
607 4571 674 4625 de
707 4579 896 4626 ventre
944 4572 1134 4624 matris
1170 4584 1302 4624 meae
1347 4567 1490 4622 Deus
1549 4581 1701 4620 meus
1749 4581 1810 4619 es
1855 4571 1952 4630 tu,
1993 4583 2010 4616 ι
2056 4571 2115 4616 ut

2232 4569 2289 4621 '0
2319 4567 2416 4638 μὲν
2439 4567 2548 4637 γάρ
2585 4564 2677 4617 ἐπὶ
2703 4562 2944 4634 σωτηρίᾳ
2976 4561 3085 4614 τῶν
3115 4563 3171 4613 ὲν
3209 4559 3334 4632 ᾅδου
3357 4557 3545 4630 ψυχῶν
3573 4555 3770 4628 παρῄει,

2229 867 2401 936 οὕτως
2427 873 2484 926 δὲ
2523 877 2614 928 ἐπὶ
2654 877 2713 932 σὲ
2756 879 3058 951 ἐπεῤῥίφην
3088 881 3151 933 ὲκ
3183 881 3416 952 μήτρας,
3456 879 3550 934 καὶ
3575 879 3670 932 ἀπὸ
3689 897 3766 948 γα-

2231 965 2390 1037 στρὸς
2418 967 2622 1038 μητρὸς
2651 969 2782 1033 Θεός
2817 988 2916 1040 μου
2939 967 3102 1044 ἦσθα,
3127 973 3203 1036 ὡς
3231 971 3517 1026 αἰσθέσθαι
3545 971 3640 1040 τῆς
3657 970 3769 1042 ὲμῆς

2227 1055 2506 1129 δυνάμεως
2529 1059 2608 1112 ἔτι
2637 1061 3080 1134 κυοφορουμένης
3107 1064 3242 1135 πρὸς
3269 1062 3370 1132 τῆς
3397 1062 3558 1132 ἁγίας
3591 1062 3768 1134 Παρθέ-

2227 1159 2342 1214 νου,
2373 1149 2464 1204 τὸν
2495 1149 2626 1222 ὲμὸν
2667 1153 2970 1226 πρόδρομον
3023 1151 3298 1224 Ἰωάννην,
3340 1156 3435 1207 καὶ
3465 1155 3626 1208 αὑτὸν
3657 1155 3768 1210 κατά

2228 1245 2460 1317 γαστρδς
2489 1245 2588 1315 τῆς
2628 1245 2904 1300 Ἐλισάϐεθ
2933 1245 3386 1320 κυοφορούμενον,
3413 1247 3554 1302 ὥστε
3575 1248 3670 1301 ὑπὸ
3693 1249 3767 1318 τῆς

2227 1337 2366 1408 ἐμῆς
2386 1331 2632 1408 θεότητος
2654 1337 2940 1409 κινηθέντα
2971 1341 3258 1412 σκιρτῆσαι
3275 1343 3333 1394 ὲν
3349 1339 3675 1409 ἀγαλλιάσει,
3697 1343 3767 1394 καὶ

2227 1431 2540 1502 Πνεύματος
2579 1431 2733 1501 ἁγίου
2775 1433 3098 1505 πλησθῆναι.
3149 1419 3366 1488 Τούτων
3414 1429 3510 1488 οὖν
3553 1433 3768 1487 ἁπάντων

2225 1525 2510 1598 ἀναφέρων
2538 1525 2634 1598 τὴν
2674 1528 2913 1599 μνήμην,
2955 1529 3048 1582 καὶ
3069 1527 3158 1582 διὰ
3189 1525 3390 1590 παντὸς
3417 1527 3511 1580 τὸν
3541 1525 3662 1579 Θεόν
3689 1541 3768 1596 μου

2225 1619 2318 1672 καὶ⁸
2347 1619 2565 1692 Πατέρα
2599 1639 2698 1691 μου
2733 1622 2839 1694 πρὸ
2867 1623 2975 1675 τῶν
3007 1621 3154 1692 ἐμῶν
3186 1619 3480 1691 ὀφθαλμῶν
3510 1619 3768 1689 τιθέμενος,

2224 1713 2445 1778 εἰκότως
2477 1715 2570 1768 καὶ
2607 1715 2750 1770 κατά
2786 1717 2876 1770 τὸν
2913 1714 3182 1768 ἐνεστῶτα
3223 1713 3318 1767 τοῦ
3359 1713 3690 1784 περιέχοντός
3719 1729 3771 1782 με

2225 1808 2428 1870 πάθους
2451 1793 2659 1881 καιρὸν,
2691 1810 2802 1872 ὅτε,
2835 1807 2916 1862 σοὶ
2935 1807 3013 1879 τῷ
3043 1809 3220 1880 Πατρὶ
3235 1807 3526 1878 γενόμενος
3547 1805 3770 1876 ὑπήκοος.

2231 1925 2248 1956 ι
2263 1887 2576 1978 αύθαίρετος
2606 1907 2699 1960 καὶ
2727 1899 2868 1959 ἑκὼν
2891 1889 3087 1976 γέγονα
3107 1901 3341 1974 σκώληξ,
3367 1902 3464 1955 καὶ
3485 1902 3588 1956 οὐκ
3601 1898 3775 1968 ἀνθρω-

2226 2009 2345 2062 πος,
2369 1997 2567 2061 ὄνειδος
2589 1983 2890 2070 ἀνθρώπων
2908 2001 3001 2052 καί
3027 1997 3357 2066 ὲξουδένημα
3375 1993 3530 2047 λαοῦ·
3559 2012 3577 2045 ι
3597 1991 3682 2045 καὶ
3701 1989 3776 2042 νῦν

2225 2089 2312 2142 ὅτε
2351 2091 2551 2154 πάντες
2587 2091 2633 2144 οί
2674 2089 3005 2163 θεωρούντές
3045 2099 3143 2162 μου
3163 2087 3224 2142 τὸ
3266 2087 3424 2160 σῶμα
3469 2085 3550 2156 τῷ
3593 2079 3776 2152 σταυρῷ

2227 2183 2497 2256 προσηλού
2507 2202 2684 2256 μενον,
2703 2184 3070 2257 ἀποτρόπαιον
3089 2182 3380 2254 ἡγούμενοι
3401 2181 3535 2252 όρᾷν
3555 2177 3774 2248 πρᾶγμα,

2225 2259 2659 2346 έξεμυκτήρισᾶν
2696 2293 2782 2346 με,
2830 2273 3098 2344 τοσαύτην
3127 2273 3248 2327 κατ’
3289 2271 3425 2343 ἐμοῦ
3471 2269 3662 2341 χλεύην
3699 2265 3776 2320 καὶ

2223 2365 2520 2438 διασυρμδν
2545 2365 2917 2438 καταχέοντες,
2941 2365 3016 2431 ὡς
3034 2367 3108 2438 μὴ
3131 2365 3290 2436 μόνον
3311 2366 3367 2416 ἐν
3383 2363 3590 2433 διανοίᾳ
3609 2361 3774 2428 λογίζε-

2227 2457 2350 2511 σθαι
2383 2459 2470 2512 καὶ
2501 2458 2848 2528 ἐνθυμεῖσθαι
2883 2459 3010 2530 περὶ
3051 2453 3185 2527 ἐμοῦ
3225 2455 3296 2509 τὰ
3323 2453 3514 2526 ἀσεϐῆ,
3549 2453 3674 2507 ἀλλά
3699 2451 3771 2506 καὶ

2224 2549 2443 2620 ἀφόϐως
2465 2550 2792 2620 φθέγγεσθαι
2815 2551 2908 2603 καὶ
2929 2552 2984 2603 ὲν
3005 2547 3225 2621 φανερῷ
3240 2547 3438 2601 λαλεῖν·
3470 2567 3488 2597 ι
3513 2545 3769 2614 Ἑλάλησαν

2223 2641 2354 2711 γοῦν
2382 2644 2438 2694 ὲν
2467 2641 2718 2713 χείλεσιν,
2740 2641 2996 2710 ἐκίνησαν
3015 2638 3273 2709 κεφαλὴν,
3307 2636 3574 2704 λέγοντες·
3608 2632 3768 2685 Ἠλπιο

2227 2751 2317 2788 σεν
2352 2735 2442 2788 ἐπὶ
2471 2723 2693 2806 Κύριον,
2729 2731 2983 2806 ῥυσάσθω
3017 2730 3210 2786 αὐτόν·
3247 2749 3264 2781 ι
3310 2729 3406 2782 καὶ
3437 2727 3534 2780 νῦν
3563 2723 3768 2794 γοῦνῧτε

2224 2827 2293 2880 τὰ
2328 2827 2552 2880 τοιαύτά
2597 2843 2664 2897 με
2711 2825 3058 2897 περιέστηκε,
3101 2825 3160 2876 σὲ
3191 2821 3285 2875 τὸν
3315 2819 3534 2890 Πατέρα
3575 2833 3668 2888 μου
3697 2813 3769 2869 τὺν

2225 2917 2579 2970 ὲκσπάσαντά
2623 2932 2688 2987 με
2722 2917 2787 2967 ὲκ
2807 2911 3042 2985 γαστρὸς
3073 2912 3278 2986 μητρός
3303 2928 3425 2982 μου,
3449 2911 3535 2975 ἐφ’
3561 2908 3616 2961 ὃν
3635 2909 3766 2978 ἐπερ-

2222 4311 2427 4348 στασιν.
2473 4293 2562 4346 Διὸ
2601 4310 2761 4365 φημι·
2793 4313 2810 4344 ι
2850 4294 2966 4346 Ὀτι
2997 4291 3174 4362 θλίψις
3201 4291 3386 4359 ἐγγὺς,
3417 4291 3500 4342 ὅτι
3533 4289 3630 4342 οὐκ
3649 4287 3774 4340 ἔστιν

463 4733 468 4738 _
540 4677 718 4716 meam
747 4664 998 4718 virtutem
1023 4677 1146 4716 cum
1183 4661 1358 4714 adhuc
1386 4659 1440 4712 in
1475 4668 1629 4713 utero
1663 4672 1694 4710 a
1732 4657 1951 4725 Virgine
1985 4670 2114 4710 san-

541 4763 632 4810 cta
667 4762 930 4825 gestarer,
963 4769 1114 4807 meus
1147 4767 1363 4822 quoque
1391 4751 1504 4820 jam
1547 4758 1659 4802 tmn
1713 4747 1945 4802 senserit
1978 4762 2114 4816 prm-

542 4861 738 4902 cursor
767 4843 1028 4908 Joannes,
1054 4844 1146 4914 qui
1176 4845 1338 4898 etiam
1393 4843 1510 4912 ipse
1547 4842 1606 4895 in
1636 4848 1790 4894 utero
1835 4837 2112 4893 Elisabeth

541 4939 876 5012 gestabatur,
910 4952 1082 5007 usque
1111 4937 1246 4990 adeo
1278 4947 1335 4990 ut
1365 4951 1481 4988 mea
1527 4935 1810 4988 divinitate
1863 4933 2112 4988 concitus

540 5033 902 5089 exsultatione
940 5030 1240 5094 exsilierit,
1295 5037 1350 5082 et
1398 5027 1604 5097 Spiritu
1651 5035 1840 5083 sancto
1873 5027 2112 5097 repletus

539 5127 632 5184 sit.
666 5125 792 5180 llam
823 5125 988 5195 igitur
1027 5131 1226 5178 cuncta
1262 5123 1328 5177 ad
1369 5121 1685 5176 memoriam
1725 5133 2024 5182 revocans,
2059 5127 2114 5174 et

539 5219 690 5276 omni
723 5227 966 5288 tempore
995 5217 1164 5272 Deum
1201 5226 1254 5271 et
1285 5215 1499 5270 Patrem
1550 5230 1728 5270 meum
1759 5223 1886 5270 ante
1924 5215 2113 5270 oculos

538 5313 673 5370 mihi
707 5313 1070 5375 constituens,
1105 5309 1294 5364 merito
1325 5319 1375 5362 et
1399 5308 1502 5363 sub
1525 5308 1701 5378 ipsum
1734 5311 1946 5362 instans
1965 5323 2104 5362 com-

539 5407 931 5482 prehendentis
967 5423 1053 5460 me
1085 5403 1360 5474 passionis
1391 5413 1634 5472 tempus,
1667 5415 1791 5456 eum
1835 5403 1930 5457 tibi
1963 5400 2112 5455 Patri

539 5503 719 5557 factus
739 5501 1021 5562 obediens,
1041 5505 1234 5570 sponte
1257 5505 1312 5553 et
1329 5497 1514 5552 volens
1537 5495 1762 5552 effectus
1785 5511 1904 5550 sum
1933 5513 1952 5548 ι
1990 5511 2106 5550 ver-

541 5599 668 5659 mis,
697 5603 752 5650 et
777 5610 887 5648 non
919 5594 1102 5654 homo.
1141 5591 1492 5663 opprobrium
1539 5589 1844 5652 hominum,
1872 5595 1926 5642 et
1960 5586 2114 5656 abie-

541 5687 654 5742 ctio
681 5687 887 5758 populi,
925 5705 946 5738 ι
979 5697 1033 5742 et
1067 5701 1212 5740 nunc
1255 5699 1378 5740 cum
1409 5697 1602 5739 omnes
1627 5697 1808 5738 meum
1831 5680 1986 5736 cruci
2031 5678 2112 5734 af-

615 5871 638 5905 '
673 5869 806 5928 Luc.
845 5888 899 5938 ι,
935 5871 1023 5928 35.

2219 4662 2284 4716 ὲκ
2327 4659 2553 4732 μακρῶν
2588 4655 2796 4712 αἰώνων
2822 4655 2920 4726 τὴν
2953 4654 3136 4725 ἄφιξιν
3159 4652 3325 4707 αὐτοῦ
3365 4648 3768 4723 περιμενουσῶν,

2221 4756 2312 4810 καὶ
2335 4755 2524 4826 κατῄει
2549 4770 2613 4823 γε
2641 4751 2810 4824 θύρας
2850 4749 3056 4820 χαλκᾶς
3096 4746 3418 4818 συντρίψων,
3447 4746 3539 4798 καὶ
3565 4742 3768 4816 μοχλοὺς

2221 4847 2470 4921 σιδηροῦς
2522 4845 2854 4908 συνθλάσων,
2905 4843 2998 4896 καὶ
3041 4841 3167 4903 τοὺς
3211 4840 3340 4910 πρὶν
3383 4837 3632 4908 δεσμίους
3659 4833 3765 4904 ᾅδου

2219 4942 2532 5012 ἐλευθέρους
2556 4940 2788 5010 ἀνήσων·
2817 4935 2846 4989 ὃ
2872 4936 2965 4989 καὶ
2993 4934 3232 5003 γέγονεν,
3259 4933 3344 4985 ὅτε
3371 4929 3540 4983 πολλά
3569 4927 3764 4997 σώματα

2217 5033 2326 5086 τῶν
2375 5029 2788 5102 κεκοιμημένων
2853 5027 3022 5095 ἁγίων
3080 5023 3384 5078 ἀναστάντα
3451 5017 3762 5089 συνεισῆλθον

2220 5125 2368 5196 αὐτῷ
2389 5127 2470 5188 εἰς
2491 5124 2590 5195 τὴν
2627 5121 2838 5191 ἀληθῶς
2865 5119 3028 5188 ἁγίαν
3049 5116 3141 5170 τοῦ
3169 5115 3304 5170 Θεοῦ
3335 5115 3506 5168 πόλιν·
3539 5115 3592 5166 αἱ
3616 5111 3668 5164 δὲ
3685 5108 3760 5162 δυ-

2219 5220 2408 5290 νάμεις
2439 5218 2494 5270 al
2521 5215 2908 5286 ἁντικείμεναι,
2945 5211 3080 5284 πρὸς
3101 5212 3212 5272 τοῖς
3237 5208 3344 5262 τῶν
3375 5203 3660 5277 ἀνθρώπων
3675 5215 3756 5290 κο·

2221 5287 2336 5376 κοῒς
2359 5308 2817 5382 ὲπεστρατεύοντο
2841 5304 3011 5375 αὐτῷ,
3044 5303 3222 5372 λύπην
3247 5301 3309 5354 ού
3339 5297 3535 5371 μικρὰν
3555 5293 3641 5348 καὶ
3663 5287 3752 5382 ut

2220 5407 2312 5476 ψιν
2345 5405 2492 5476 αὐτῷ
2527 5403 2882 5477 παρέχουσαι,
2931 5391 3322 5468 ἀποκλᾳομένῳ
3355 5393 3446 5444 καὶ
3480 5391 3562 5442 ἐπ’
3591 5381 3750 5477 αὑταῖς

2218 5465 2283 5550 δι’
2301 5465 2968 5567 ὑπρϐολὴνυάγαθότητος.
3011 5465 3170 5540 Ἀλλὰ
3195 5485 3304 5556 γὰρ
3330 5483 3506 5554 τήρει,
3527 5477 3634 5532 τίνα

2219 5605 2322 5642 πον
2346 5585 2516 5642 ταῦτα
2547 5585 2722 5640 πάντα
2745 5583 3008 5646 λέλεκται,
3031 5578 3107 5642 ὡς
3139 5579 3202 5630 ὲκ
3235 5573 3519 5648 προσώπου
3542 5568 3680 5622 αὐτου
3696 5557 3740 5608 ἓν

2222 5679 2406 5750 μήτρᾳ
2438 5673 2885 5746 κυοφορηθέντος,
2931 5671 3024 5725 καὶ
3059 5667 3166 5722 ἀπὸ
3199 5665 3435 5736 γαστρὸς
3461 5652 3642 5730 μητρὸς
3665 5659 3742 5714 για
