3938 6530
225 437 324 492 777
1144 446 1781 511 DEMONSTRATIONIS
1823 454 2278 518 EVANGELICA'I
2319 462 2445 518 LIB.
2490 463 2553 519 Χ.
3349 471 3450 528 778

224 562 578 630 γεννημένου,
607 561 666 613 ὃν
700 562 1005 634 ὲφάσκομεν
1033 560 1166 619 εἶναι
1197 569 1286 621 τὸν
1313 571 1480 641 ἀμνὸν
1510 572 1602 625 τοῦ
1632 573 1779 629 Θεοῦ.

1893 577 2054 632 iixum
2081 595 2279 650 corpus
2311 583 2555 638 videntes
2579 624 2594 643 .
2645 585 2771 640 dum
2805 590 2917 642 rem
2969 597 3020 643 ct
3054 587 3358 659 fugiendam
3394 606 3447 650 et

221 649 409 720 Τούτῳ
435 649 544 722 γὰρ
574 653 665 705 καὶ
698 652 981 724 συμϐαίνει
1010 655 1079 709 τὰ
1122 661 1248 730 περὶ
1288 660 1563 750 τὸπάθος,
1591 664 1665 727 ὠς
1694 669 1776 719 καὶ

1888 671 2185 726 ominosam
2215 684 2406 741 putant
2436 692 2497 730 se
2543 676 2755 742 videre,
2803 695 2888 734 me
2939 682 3443 748 subsannavernnt,

217 745 283 800 τὰ
316 748 420 818 τῆς
448 748 713 819 ὲνσὰρκου
737 749 998 816 γενέσεως
1021 750 1244 822 ἥρμοζε.
1277 745 1504 822 Τδγοῦν
1533 757 1772 829 γεννηθὲι

1893 768 2091 814 tantum
2114 763 2400 818 adversum
2445 782 2529 822 me
2571 768 2864 830 irrisionis.
2902 780 3220 841 tantumque
3268 775 3448 829 detra—

217 838 309 892 καὶ
344 838 713 909 ἀποθνήσκει·
756 838 816 891 τὸ
857 840 912 892 δὲ
955 841 1180 912 θνῆσκον
1217 847 1316 898 οὐκ
1349 845 1518 910 ἄλλως
1555 847 1772 903 θανατοι

1890 846 2394 923 ctionisjactautes,
2431 868 2487 912 ut
2527 860 2594 914 de
2649 877 2734 918 me
2764 879 2870 918 non
2927 865 3087 918 modo
3144 868 3445 937 cogitantes

214 932 473 1000 τυγχάνει
507 932 538 1002 ἢ
572 932 829 1004 πρότερον
855 933 1074 986 όδεῦσαν
1095 935 1182 988 διὰ
1198 937 1479 1004 γενέσεως.
1513 941 1670 994 Ταῦτ’
1692 939 1769 996 οὗι

1888 949 2342 1005 ratiocinarentnr
2393 953 2681 1024 animoque
2715 967 2993 1011 versarent
3049 960 3256 1013 nefaria
3287 1001 3301 1022 ,
3350 964 3443 1016 sed

213 1022 467 1089 διέξεισιν
497 1027 524 1076 6
555 1024 740 1095 Σωτὴρ
767 1025 858 1078 καὶ
892 1024 1093 1096 Κύριος
1120 1028 1292 1097 ἡμῶν,
1323 1031 1383 1082 οὐ
1415 1031 1533 1084 καθ’
1564 1032 1591 1085 ὃ
1617 1034 1768 1106 ἄσαρ-

1966 1039 2148 1107 repide
2167 1055 2380 1110 quoque
2410 1022 2760 1112 loquerentur
2782 1053 2834 1101 et
2858 1047 3032 1115 palam
3075 1051 3443 1114 enuntiarent,
3505 1115 3515 1121 ,

213 1135 304 1172 κος
341 1118 438 1170 καὶ
474 1116 758 1188 ἀσώματος
804 1119 1032 1188 ὑπάρχει
1081 1119 1178 1189 τὴν
1222 1119 1398 1187 φύσιν,
1439 1123 1560 1175 οὐδὲ
1605 1125 1768 1180 καθ“ί

1887 1145 1906 1177 ι
1926 1128 2187 1198 siquidem
2212 1132 2371 1184 locuti
2392 1143 2515 1187 sunt
2531 1135 2684 1190 labiis
2699 1145 3046 1192 etmoveruut
3060 1149 3240 1208 caput,
3261 1143 3442 1197 diecu-

211 1207 345 1261 Θεοῦ
378 1208 548 1275 Λόγος
577 1208 666 1260 καὶ
695 1208 825 1270 Θεὸς
852 1209 1161 1269 ἐπινοεῖται,
1201 1210 1334 1262 ἀλλὰ
1376 1212 1493 1266 καθ’
1520 1213 1548 1266 ὃ
1578 1209 1687 1278 οἷός
1720 1232 1766 1269 τε

1888 1226 1994 1274 les:
2024 1221 2177 1291 501
2203 1221 2776 1292 SperavilinDomino,
2795 1207 3182 1300 eripiateum,»
3219 1239 3272 1285 et
3301 1249 3443 1288 nunc

207 1295 274 1370 ἦν
317 1299 457 1370 πρὸς
486 1301 574 1352 τὸν
612 1300 827 1371 Πατέρα
855 1301 985 1371 εὐχῇ
1020 1301 1218 1368 λέγειν·
1257 1322 1276 1354 ι
1315 1305 1432 1358 Ὅτι
1463 1306 1526 1358 σὺ
1560 1303 1612 1358 εἷ
1635 1310 1663 1359 6
1690 1311 1762 1362 ἐκ·

1884 1313 2063 1381 igitur,
2098 1325 2152 1366 ιιι
2185 1313 2453 1379 dicebam,
2489 1332 2610 1370 cum
2643 1319 2766 1371 talia
2811 1333 2897 1374 me
2940 1321 3439 1385 circumsteterunt,

209 1393 426 1456 σπάσας
458 1411 526 1464 με
559 1396 622 1446 ὲκ
647 1393 896 1464 γαστρὸς,
929 1395 960 1464 ἡ
993 1394 1146 1457 ἐλπίς
1172 1413 1269 1466 μου
1303 1397 1410 1451 ἀπὸ
1440 1399 1657 1468 μαστῶν
1681 1402 1764 1472 τῆς

1888 1410 1931 1454 le
1958 1398 2171 1454 Patrem
2206 1417 2403 1465 meum,
2437 1406 2528 1474 qui
2562 1408 2848 1462 extruxisti
2879 1424 2963 1462 me
3004 1410 3070 1464 de
3097 1423 3284 1467 ventre
3331 1431 3443 1468 ma-

207 1487 418 1559 μητρός
447 1504 564 1556 μου.
613 1487 735 1540 Ἐπὶ
766 1489 824 1540 σὲ
861 1488 1162 1559 ὲπερῤίφην
1194 1491 1255 1542 ἐκ
1301 1492 1529 1562 μήτρας,
1555 1493 1660 1546 ἀπὸ
1679 1511 1762 1561 γα-

1887 1492 1978 1546 tris
2009 1507 2158 1555 meae,
2188 1494 2240 1548 in
2274 1510 2432 1564 quem
2467 1497 2742 1567 projectus
2773 1515 2892 1554 sum
2937 1517 3003 1556 ex
3037 1511 3213 1562 utero.
3248 1503 3301 1558 in
3331 1520 3442 1574 quo

205 1580 370 1649 στρος
415 1579 621 1649 μητρός
667 1597 768 1650 μου
808 1579 938 1644 Θεός
973 1599 1073 1650 μου
1110 1577 1159 1633 εί
1197 1581 1280 1634 σύ.
1313 1603 1329 1632 ι
1372 1577 1540 1649 Οὗτος
1569 1585 1630 1656 δὴ
1661 1582 1753 1639 οὖν

1886 1584 2093 1652 speravi
2153 1585 2220 1639 ab
2260 1587 2543 1653 uberibus,
2588 1591 2681 1659 qui
2726 1593 2886 1646 etiam
2923 1594 2991 1648 de
3031 1603 3220 1650 ventre
3253 1599 3441 1652 matris

202 1671 340 1741 πρὸς
372 1670 452 1739 τῷ
477 1671 634 1723 πάθει
665 1671 920 1739 γεγονὼς,
947 1671 1160 1743 εὔχεται
1187 1673 1254 1726 τὰ
1281 1676 1612 1746 προκείμενα
1642 1678 1757 1749 πρδς

1880 1691 2011 1730 meae
2041 1677 2254 1745 agnitus
2288 1696 2346 1733 es
2379 1681 2530 1741 mihi,
2568 1691 2620 1736 et
2663 1682 2882 1738 interim
2929 1688 3241 1756 agnosceris
3274 1689 3435 1753 Deus,

198 1764 289 1816 τὸν
310 1765 554 1833 Πατέρα,
581 1766 672 1817 καὶ
697 1765 982 1827 τοσούτων,
1013 1767 1164 1835 φησὶ,
1192 1767 1488 1837 μελλόντων
1525 1786 1589 1839 με
1621 1787 1753 1843 περι·

1885 1773 2100 1839 supplex
2131 1786 2226 1825 oro
2254 1787 2316 1826 ac
2350 1788 2542 1844 precor
2581 1795 2599 1825 ι
2628 1792 2692 1833 ne
2723 1778 2944 1834 recedas
2970 1794 2999 1831 a
3043 1795 3146 1843 me,
3184 1783 3440 1850 quoniam

201 1857 498 1928 στήσεσθαι
520 1859 903 1930 ἀντικειμένων
926 1861 1229 1930 ἐνεργειῶν,
1253 1863 1343 1915 καὶ
1360 1863 1626 1933 δαιμόνων
1646 1865 1756 1919 ἀκαη

1886 1863 1930 1916 in
1971 1867 2218 1933 proximo
2266 1875 2349 1922 est
2381 1867 2652 1922 ιιίΠίςῑίο.»
2709 1867 2871 1924 Venit
2912 1871 3078 1936 enim,
3135 1873 3330 1942 inquit,
3387 1881 3441 1928 et

197 1948 438 2020 θάρτων,
467 1952 559 2003 καὶ
582 1950 964 2020 πνευματικῶν
991 1953 1270 2023 πονηρίας,
1299 1957 1391 2008 καὶ
1412 1956 1502 2007 ἐπὶ
1524 1959 1654 2010 πᾶσι
1681 1959 1752 2010 τοι

1886 1927 2079 2022 quanta
2129 1956 2366 2010 nondum
2413 1957 2664 2019 antehac,
2732 1958 2888 2013 adest
2935 1927 3100 2029 atque
3149 1927 3441 2031 appropin-

197 2041 418 2094 πάντων
451 2042 740 2113 χειρίστου,
776 2042 938 2096 αὐτοῦ
959 2043 1021 2113 δὴ
1053 2043 1144 2095 τοῦ
1175 2044 1430 2116 ἄρχοντος
1461 2048 1553 2100 τοῦ
1584 2049 1752 2102 αἰῶνος

1884 2056 2027 2116 quat,
2059 2063 2179 2117 qua:
2209 2049 2619 2117 comprehendit
2653 2050 2788 2119 jam,
2824 2061 2876 2105 et
2904 2051 3033 2104 mibi
3067 2052 3234 2106 instat
3261 2061 3439 2106 extre-

193 2135 388 2187 τούτου
413 2133 529 2204 (οὓς
561 2135 661 2204 τῆς
698 2135 891 2198 κακίας
921 2137 1073 2189 ἕνεκε
1096 2135 1264 2208 θῆρας
1287 2141 1551 2209 πονηροὺς
1577 2141 1745 2212 ὀνομά

1879 2154 1964 2192 ma
2018 2140 2259 2193 omnium
2317 2141 2624 2196 immodicae
2682 2157 2817 2196 mea!
2881 2141 3186 2198 aﬂlictionis
3242 2147 3434 2201 nubes.

193 2226 308 2291 ζειν
345 2227 519 2293 ἄξιον,
560 2229 652 2280 καὶ
682 2229 802 2299 ἦτοι
831 2229 1063 2299 ταύρους
1095 2230 1338 2300 ἀγρίους,
1378 2231 1409 2301 ἦ
1457 2232 1710 2302 μόσχους,
1739 2238 1748 2286 1'

1883 2229 2060 2300 Neque
2090 2233 2233 2285 enim
2279 2248 2378 2303 ego
2435 2249 2530 2302 per
2575 2233 2917 2288 alﬂictionem
2949 2234 3090 2288 hanc
3143 2251 3262 2304 qua:
3295 2252 3438 2290 nunc

191 2316 504 2389 λέοντας,ῆ
548 2319 754 2388 κύνας),
802 2320 1008 2391 μέλλων
1056 2338 1114 2373 τε
1163 2323 1298 2393 πρὸς
1336 2323 1581 2388 ἅπαντας
1622 2326 1742 2379 ἵστα

1883 2335 1961 2374 me
2015 2320 2354 2384 circumstat,
2411 2338 2628 2378 crucem
2705 2324 2875 2392 ipsam
2939 2324 3200 2395 intelligo.
3263 2341 3438 2395 neque

193 2408 342 2473 σθαι,
399 2411 496 2464 καὶ
541 2412 704 2482 μηδὲν
748 2413 948 2481 ἀγαθὸν
1006 2416 1083 2478 εἰς
1133 2415 1326 2478 αὐτοὺς
1377 2417 1636 2488 ἐνεργεῖν,
1698 2418 1748 2482 τί

1881 2410 2073 2480 probra
2107 2428 2171 2466 ex
2205 2413 2537 2475 hominibus,
2581 2431 2757 2485 neque
2805 2415 3057 2479 ludibria,
3106 2431 3280 2486 neque
3309 2432 3436 2470 vero

194 2503 368 2573 μηδὲν
414 2505 814 2575 παραδέχεσθαι
870 2507 1063 2570 αὐτοὺς
1113 2506 1219 2560 τῶν
1265 2507 1410 2578 ἐμῶν
1452 2509 1669 2577 ἀγαθῶν
1707 2510 1749 2562 δι

1882 2519 1936 2557 ea
1967 2521 2086 2573 qua:
2112 2515 2233 2560 ante
2259 2521 2474 2560 crucem
2508 2507 2639 2560 mibi
2671 2505 3008 2570 acciderunt,
3033 2507 3263 2578 ﬂagella.
3301 2524 3437 2562 con-

189 2592 373 2664 ᾰκραν
395 2594 594 2657 κακίας
618 2593 749 2659 ἕξιν,
781 2596 914 2649 ἀλλὰ
951 2597 1083 2667 μηδὲ
1121 2597 1313 2668 βοηθοῦ
1349 2599 1482 2670 μηδὲ
1511 2606 1744 2670 συνεργοέ

1881 2597 2125 2650 tumelias
2157 2605 2210 2650 et
2262 2597 2369 2650 alia
2417 2613 2757 2666 quaecunque
2803 2596 3121 2651 debacchati
3148 2607 3274 2652 sunt
3304 2613 3436 2654 con-

187 2688 483 2754 τυγχανων
509 2687 653 2750 τινὸς
683 2688 792 2741 τῶν
821 2691 1252 2760 προειρημένων,
1284 2694 1362 2755 είς
1389 2692 1479 2744 τὸν
1499 2693 1636 2764 ὑπὲρ
1665 2693 1740 2746 τῶ

1879 2697 1956 2740 tra
1981 2704 2064 2742 me
2101 2689 2192 2743 lilii
2238 2688 2540 2750 hominum,
2599 2689 2693 2743 sed
2743 2690 2898 2744 video
2938 2699 3062 2759 post
3107 2691 3434 2745 solutionem

188 2779 248 2832 ὲν
446 2777 633 2847 ψυχῶν
679 2775 867 2843 ἆθλον,
919 2781 1035 2843 πῶς
1075 2783 1173 2835 οὐκ
1206 2781 1270 2835 ἂν
1297 2783 1527 2853 εὐλόγως
1562 2785 1743 2856 εἴποιμ

1880 2778 2118 2844 corporis
2151 2779 2203 2831 in
2237 2778 2352 2846 ipsa
2380 2787 2554 2832 morte
2601 2786 2655 2831 et
2685 2777 2753 2831 ad
2789 2777 2993 2834 inferos
3027 2778 3295 2833 descensu
3338 2795 3435 2850 ap—

193 2890 210 2921 ι
252 2873 381 2924 Ὅτι
412 2870 592 2940 θλίψις
631 2873 816 2941 ἐγγὺς,
863 2874 943 2926 ὅτι
976 2875 1074 2927 οὐκ
1121 2874 1265 2928 ἔστιν
1298 2877 1326 2928 ό
1357 2876 1598 2947 βοηθῶν;
1633 2899 1650 2930 ι
1699 2881 1748 2932 Τὲ

1880 2870 2318 2939 propinquantem
2373 2870 2806 2925 adversariarum
2851 2882 2903 2925 et
2936 2871 3280 2925 inimicarum
3326 2871 3435 2926 Deo

189 2966 291 3035 μὲν
338 2961 437 3018 οὖν
477 2966 572 3029 τὰς
605 2984 737 3036 πονη
749 2967 846 3038 ρας
871 2967 970 3020 κα)⁵
999 2967 1374 3038 ἀντικειμένας
1403 2969 1666 3039 δυνάμεις
1695 2972 1744 3041 μί

1879 2967 2200 3027 potestatum
2250 2961 2570 3016 insolentem
2607 2961 2889 3030 impetum.
2941 2961 3284 3032 Quapropter
3313 2963 3434 3016 dico

187 3061 477 3129 συνεργεῖν
510 3059 657 3130 αὑτῷ
681 3061 812 3131 μηδὲ
843 3060 1052 3130 βοηθεῖν
1087 3062 1171 3114 ἐπ’
1193 3061 1392 3129 ἀγαθὸν
1412 3062 1578 3133 αὐτῷ,
1618 3065 1741 3135 νομί

1878 3052 2212 3107 nillil-tionem
2259 3055 2311 3106 iu
2354 3054 2598 3121 proximo
2631 3068 2774 3116 esse,
2840 3072 2858 3104 ι
2889 3057 3146 3124 quoniam
3188 3072 3295 3108 non
3349 3066 3433 3110 est

186 3149 380 3221 ζομεν,
415 3153 498 3205 ὅτι
531 3153 681 3206 οὐδὲν
724 3149 792 3222 ἦν
821 3152 1130 3223 θαυμαστόν
1150 3171 1162 3184 ⁸
1197 3155 1256 3208 τὸ
1282 3155 1338 3208 δὲ
1367 3157 1580 3210 πάντων
1617 3158 1741 3228 μέγι

1882 3145 1960 3212 ιμιὶ
2003 3145 2238 3212 adjuvet.
2275 3162 2293 3194 ›
2315 3143 2425 3209 Qui
2451 3148 2593 3200 enim
2627 3145 2740 3198 ﬁeri
2775 3153 2972 3214 potest,
3008 3154 3065 3199 ut
3096 3161 3202 3199 nou
3248 3146 3437 3199 immo-

185 3257 314 3297 στον
340 3243 447 3312 τῆς
477 3244 707 3314 θλίψεως
737 3245 834 3315 τῆς
876 3245 1105 3315 μάλιστα
1143 3246 1434 3318 πιεζούσης
1473 3249 1633 3302 αὑτὸν
1661 3249 1740 3301 τόί

1877 3232 1994 3286 dica
2031 3241 2084 3286 et
2136 3234 2367 3286 maxima
2421 3235 2536 3300 ipsa
2594 3237 2684 3288 illa
2733 3235 2895 3291 fuerit
2937 3237 3176 3297 aﬂlictio,
3230 3239 3283 3292 in
3325 3253 3432 3308 qua

182 3331 246 3409 ἤν
269 3337 409 3407 ἄρα,
431 3337 495 3389 τὸ
525 3337 728 3408 μηδένα
754 3337 885 3407 μηδὲ
911 3338 1015 3390 τῶν
1035 3340 1224 3392 αἰσίων
1253 3343 1346 3394 καὶ
1387 3340 1574 3404 δεξιῶν
1603 3342 1737 3410 ἁγγέ

1878 3340 1977 3377 non
2012 3323 2174 3376 fuerit
2208 3325 2302 3392 qui
2340 3325 2622 3388 adjuvaret
2648 3327 2670 3379 ’ί
2694 3328 2783 3381 ille
2809 3330 2951 3382 enim
2985 3344 3083 3398 pro
3107 3345 3294 3384 earum
3322 3331 3433 3384 ani-

182 3429 312 3494 λων,
381 3430 516 3501 μηδὲ
572 3430 678 3501 μὴν
731 3429 839 3482 τῶν
877 3431 1034 3484 θείων
1074 3432 1372 3502 δυνάμεων,
1414 3433 1616 3503 τολμᾷν
1646 3437 1734 3486 ἐπι

1873 3431 2077 3470 marum
2104 3417 2280 3470 salute
2315 3417 2625 3480 accedebat,
2659 3435 2778 3487 quae
2804 3420 2946 3488 apud
2983 3421 3186 3477 inferos
3209 3439 3272 3476 ex
3309 3424 3428 3477 lon-

177 3520 394 3573 θαίνειν
427 3523 540 3583 τοῖς
569 3518 662 3572 τοῦ
703 3519 928 3573 θανάτου
962 3520 1266 3590 βασιλείοις,
1316 3523 1446 3593 μηδὲ
1489 3527 1764 3594 συνεργεῖν
1865 3510 2088 3578 Ηὶδείηπ)
2145 3519 2385 3579 l“"90"?
2438 3510 2727 3566 advemm"
2787 3512 2907 3580 eius
2937 3515 3342 3583 θκδβθοίίώίὶηῐν
3379 3523 3435 3570 ει

181 3612 272 3664 ἐπὶ
329 3610 560 3682 βοηθείᾳ
607 3611 715 3664 τῶν
767 3611 950 3664 αὐτόθι
999 3612 1202 3682 ψυχῶν.
1257 3614 1417 3683 Μόνῳ
1467 3614 1574 3685 γὰρ
1619 3615 1736 3667 αὐτὶ

1878 3601 2228 3656 iescendebat
2289 3601 2433 3659 fores
2485 3622 2656 3662 aereas
2695 3606 3052 3668 contrilurus,
3076 3615 3130 3661 et
3155 3616 3337 3661 vectes
3359 3622 3433 3660 ιιι-

179 3703 328 3756 τοῦτ’
362 3703 600 3774 ἀτρεμὲς
626 3699 714 3774 ἦν,
752 3704 871 3756 ἐπεὶ
913 3705 1005 3757 καὶ
1041 3705 1182 3775 μόνῳ
1210 3705 1556 3775 ἠνεῴχθησαν
1605 3707 1734 3760 mila

1879 3707 1990 3748 reos
2018 3695 2421 3760 coul‘racturus,
2454 3709 2506 3752 et
2529 3713 2643 3759 eos,
2669 3699 2760 3767 qui
2781 3707 2937 3752 antea
2956 3700 3117 3754 vincti
3137 3701 3276 3768 apud
3302 3700 3434 3754 infe-

181 3792 444 3859 Θανάτου,
475 3797 569 3849 καὶ
602 3796 760 3866 μόνον
780 3797 941 3849 αὑτὸν
963 3797 1198 3868 πυλωροὶ
1227 3797 1354 3868 ᾆδου
1385 3798 1578 3862 ἰδόντες
1603 3799 1736 3868 ἓπτη

1872 3802 1956 3840 ros
1985 3794 2161 3848 erant,
2193 3789 2246 3841 in
2281 3789 2581 3844 libertatem
2623 3789 3019 3852 vindicaturus,
3061 3790 3217 3860 "quod
3253 3791 3427 3860 ipsum

179 3882 298 3948 ξαν,
338 3885 506 3948 αὐτός
542 3902 600 3938 τε
627 3888 654 3938 ὁ
682 3886 742 3938 τὸ
777 3887 976 3958 κράτος
1017 3887 1153 3957 ἔχων
1185 3888 1278 3941 τοῦ
1315 3887 1564 3951 θανάτου,
1598 3891 1734 3943 ὑπεκ

1874 3879 2028 3933 etiam
2090 3882 2288 3935 factum
2327 3890 2430 3942 est,
2461 3881 2682 3952 quando
2729 3884 2898 3936 multa
2947 3899 3179 3954 corpora
3236 3900 3429 3939 eorum

181 3977 314 4038 cui;
333 3975 450 4028 τῶν
473 3975 756 4045 βασιλείων
783 3977 1008 4048 θρόνων,
1031 3977 1125 4030 ἆτε
1153 3978 1310 4047 μόνον
1330 3977 1491 4030 αὑτὸν
1512 3979 1732 4044 ἐπιγείου

1873 3973 1955 4041 qui
2006 3972 2341 4052 dormierant
2394 3985 2709 4030 sanctorum
2760 3977 3061 4045 surgentia,
3102 3979 3258 4031 simul
3304 3994 3428 4032 cum

177 4067 385 4121 ἑαυτοῦ
418 4067 645 4136 Κύριον,
691 4068 948 4139 ἐλάλησεν
982 4068 1128 4138 αὐτῴ
1167 4069 1346 4140 δεήσει
1390 4069 1484 4122 καὶ
1519 4069 1732 4140 ἱκετηρίη

1873 4081 1930 4118 eo
1964 4065 2207 4134 ingressa
2249 4074 2377 4121 sunt
2429 4066 2484 4120 iu
2537 4083 2660 4122 vere
2699 4076 2944 4122 sanctam
2992 4067 3084 4122 Dei
3131 4069 3428 4135 civitatem,

182 4161 471 4232 μαλακῶς,
490 4159 629 4214 κατὰ
642 4160 710 4213 τὰ
729 4161 1031 4231 δηλούμενα
1061 4165 1118 4215 ὲν
1137 4161 1214 4231 τῷ
1250 4161 1368 4215 Ἰὼϐ
1393 4162 1518 4232 περὶ
1537 4161 1737 4214 τούτων

1872 4159 2219 4213 adversantes
2249 4173 2376 4214 vero
2398 4166 2695 4228 potestates
2721 4167 2778 4212 ut
2805 4159 3120 4214 hominibus
3143 4167 3427 4224 nocerent,

181 4251 332 4323 Πλὴν
363 4251 502 4304 ἀλλὰ
532 4251 630 4323 τὴν
663 4253 834 4324 ἀσεϐῆ
877 4253 971 4306 τοῦ
998 4253 1260 4324 τυράννου
1307 4253 1733 4306 καταδυναστεία

1872 4260 2052 4304 contra
2109 4251 2258 4304 illum
2294 4251 2449 4320 quasi
2508 4251 2560 4303 in
2597 4249 2714 4305 acie
2773 4251 3085 4315 veniebant,
3135 4266 3427 4305 maerorem

182 4344 441 4398 τοσοῦτον
485 4344 626 4416 όρῶν
672 4345 974 4416 ἰσχύουσαν,
1013 4346 1087 4409 ὡς
1131 4346 1331 4416 μηδένα
1372 4344 1530 4400 ἄλλον
1562 4344 1735 4415 τολμᾷ

1876 4355 1972 4393 non
2001 4356 2224 4409 parvum
2253 4348 2416 4408 atque
2436 4339 2779 4393 aiﬂictiouem
2801 4340 2873 4392 illi
2899 4340 3209 4403 alTerentr-s,
3230 4343 3431 4410 quippe

184 4429 294 4483 τῶν
322 4431 447 4483 κατ’
473 4437 696 4499 υῦοανὸν
725 4439 782 4490 ἐν
805 4442 917 4500 τοῖς
945 4437 1129 4491 αὐτόθι
1157 4438 1373 4510 χωρίοις
1399 4455 1462 4490 συ
1471 4440 1739 4508 μπαρεῖνα

1873 4430 1957 4498 qui
1998 4429 2160 4483 etiam
2209 4429 2330 4482 illas
2383 4429 2547 4480 nimia
2591 4427 2834 4480 bonitate
2869 4427 3110 4482 deﬁeret.
3161 4427 3428 4482 Ca‘terum

185 4523 358 4594 αὒτῷ,
395 4526 492 4578 καὶ
519 4527 584 4594 τῇ
616 4529 721 4577 τῶν
749 4531 934 4584 αὐτόθι
965 4530 1150 4601 ψυχῶν
1184 4532 1463 4601 συνεργεῖν
1499 4529 1739 4601 σωτηρίᾳ

1874 4521 2085 4576 attende
2136 4535 2430 4590 quemnam
2481 4519 2535 4573 in
2585 4520 2805 4573 modum
2870 4528 3068 4575 cuncta
3125 4521 3239 4573 haec
3284 4518 3429 4571 dicta

185 4618 417 4680 εἰκότως
455 4619 636 4687 φησίν·
676 4638 696 4670 ι
739 4621 858 4674 ’Ότι
889 4623 1063 4693 θλίψις
1091 4624 1274 4692 ἐγγὺς,
1306 4623 1385 4675 ὅτι
1422 4625 1520 4676 οὐκ
1551 4622 1695 4675 ἔστιν
1733 4641 1740 4670 ι

1875 4616 1997 4679 sint,
2031 4614 2186 4683 quasi
2215 4630 2279 4667 ex
2321 4627 2552 4683 persona
2584 4613 2705 4681 ejus
2737 4613 2826 4684 qui
2853 4617 2906 4668 in
2927 4623 3095 4666 utero
3138 4613 3205 4666 sit
3250 4619 3430 4680 gesta-

187 4705 422 4778 βοηθῶν,
450 4727 468 4759 ι
494 4709 610 4771 ἐνὸς
636 4710 796 4779 μόνου
823 4711 914 4765 τοῦ
943 4714 1159 4766 κάκεῖσε
1197 4712 1408 4784 βοηθεῖν
1430 4712 1577 4783 α)τῷ
1604 4712 1742 4765 δυναι

1874 4716 1970 4771 tus,
2006 4715 2060 4761 et
2083 4706 2149 4759 de
2177 4713 2365 4760 ventre
2397 4705 2589 4759 matris
2615 4715 2797 4770 natus,
2831 4715 2884 4760 et
2916 4721 3076 4775 quem
3111 4703 3429 4759 dicebamus

186 4801 375 4870 μένου,
412 4801 858 4867 καταλελοιπότος
885 4806 1066 4868 αὐτὸν,
1100 4807 1173 4870 ῶς
1195 4807 1260 4859 ἂν
1284 4809 1360 4870 εἰς
1392 4806 1597 4869 πάντας
1628 4805 1741 4857 ἁνα-

1878 4815 1985 4854 ιεεε
2035 4800 2244 4867 Agnum
2299 4796 2414 4852 Dei.
2474 4797 2611 4853 Huic
2643 4801 2785 4854 enim
2843 4799 2948 4868 ipsi
3000 4798 3073 4851 ita
3115 4796 3433 4850 acciderunt

182 4891 488 4963 κηρυχθείη
529 4893 589 4946 τὸ
634 4893 878 4967 λαμπρὸν
919 4899 1012 4951 καὶ
1050 4896 1321 4970 ἐξαίρετον
1353 4899 1450 4969 τῆς
1490 4897 1622 4960 ίδίας
1661 4897 1737 4948 αὖ·

1878 4906 1983 4960 ιιιιιι
2031 4892 2096 4944 ad
2139 4891 2450 4960 passionem
2497 4898 2768 4962 spectant.
2813 4887 3269 4960 quemadmodum
3312 4900 3433 4954 quae

181 4984 277 5037 τοῦ
313 4985 705 5055 προαιρέσεως,
753 4989 852 5058 τῆς
897 5008 956 5043 τε
1003 4991 1143 5044 κατὰ.
1191 4991 1406 5044 πάντων
1447 4989 1621 5060 νίκης.
1652 4991 1736 5043 Κα

1871 4982 1932 5036 ad
1965 4990 2145 5036 ortum
2181 4982 2236 5035 in
2278 4998 2508 5054 corpore
2538 4981 2970 5037 conveniebant:
3009 4993 3135 5032 nam
3163 4975 3306 5046 quod
3331 4989 3426 5028 or-

183 5076 485 5147 ἐπειδήπερ
539 5077 568 5128 ὀ
623 5077 781 5146 μόνος
839 5080 987 5150 αὐτῷ
1038 5079 1248 5150 βοηθεῖν
1307 5081 1601 5151 δυνάμενος
1663 5081 1738 5133 06:

1876 5085 1978 5129 tum
2011 5081 2114 5136 est,
2161 5074 2214 5128 id
2245 5076 2406 5129 etiam
2445 5074 2690 5140 occidit;
2721 5071 2864 5143 quod
2898 5084 3026 5125 vero
3053 5068 3276 5130 occidit,
3323 5081 3431 5119 non

181 5163 251 5242 ἦν
290 5167 442 5238 αὐτῷ
483 5169 603 5220 τότε
651 5168 862 5240 βοηθὸς,
907 5172 1129 5236 εἰκότως
1164 5171 1462 5243 ἀρχόμενος
1493 5171 1645 5240 ἔλεγε
1678 5172 1736 5225 τὸ

1875 5163 2000 5217 alias
2031 5171 2262 5216 mortem
2307 5163 2596 5230 contingit,
2651 5176 2815 5232 quam
2864 5161 2910 5215 si
2943 5158 3096 5228 prius
3125 5172 3222 5226 per
3251 5162 3430 5209 ortum

190 5261 421 5322 «Ἠλεὶ,
490 5259 668 5324 Ἠλεὶ,
729 5260 922 5332 λαμμᾶ
979 5265 1312 5334 σαϐαχθανί,
1341 5284 1359 5315 ι
1416 5264 1560 5318 τοῦτ’
1611 5265 1745 5318 ἔστιη

1877 5258 2172 5325 ingressum
2213 5255 2303 5309 sit.
2353 5253 2478 5308 Haec
2507 5254 2672 5324 igitur
2704 5253 2928 5324 exponit
2959 5251 3210 5304 Salvator
3236 5262 3300 5300 ac
3328 5245 3432 5299 Do-

189 5372 210 5404 ¢
232 5353 339 5406 Θεέ
371 5371 505 5424 μου,
548 5353 649 5407 Θεέ
680 5372 783 5425 μου
803 5396 817 5418 ,
853 5357 939 5410 ἵνα
964 5356 1014 5410 τί
1052 5356 1402 5426 ἐγκατέλιπές
1451 5375 1549 5429 με;
1578 5377 1593 5407 ι
1634 5357 1744 5411 συλ·

1877 5351 2048 5403 minus
2087 5357 2294 5410 noster,
2332 5363 2440 5402 non
2479 5351 2747 5417 quatenus
2780 5352 2834 5399 et
2865 5343 3049 5398 carnis
3093 5348 3146 5394 et
3187 5339 3432 5404 corporis

182 5440 583 5514 λαμϐανομένῳ
646 5443 744 5513 μὲν
790 5439 880 5497 οὖν
933 5447 1027 5499 καὶ
1071 5447 1491 5518 κυοφορουμένῳ
1527 5448 1632 5501 ὑπὸ
1661 5447 1737 5515 τῆ.

1876 5458 2058 5512 διερριέ
2101 5450 2222 5495 erat
2275 5450 2494 5501 natura,
2529 5455 2704 5508 neque
2745 5446 3018 5508 quatenus
3063 5432 3157 5488 Dei
3196 5430 3431 5486 Verbum

185 5535 352 5603 ἁγίας
400 5535 679 5608 Παρθένου
717 5535 794 5604 τῷ
829 5537 1138 5611 δηλουμένῳ
1175 5543 1208 5611 ἡ
1265 5541 1502 5612 πατρική
1535 5540 1740 5611 δύναμιε

1876 5535 2119 5605 Deusque
2172 5534 2289 5603 ipse
2345 5532 2682 5595 intelligitur,
2728 5530 2822 5585 sed
2883 5535 3156 5598 quatenus
3198 5523 3431 5576 idoneus

185 5629 356 5697 συνῆν
380 5668 396 5690 ,
448 5628 537 5681 ὅτε
576 5624 800 5696 Πνεῦμα
835 5626 987 5695 ἅγιον
1014 5631 1216 5700 ἐπῆλθε
1243 5635 1308 5702 τῇ
1343 5631 1631 5703 Παρθένῳ,
1668 5632 1740 5684 κα

1876 5633 1982 5679 εισι
2011 5626 2063 5678 in
2093 5624 2344 5678 oratione
2368 5622 2434 5676 ad
2466 5621 2675 5677 Patrem
2706 5622 2917 5676 dicere:
2939 5619 3096 5690 502
3120 5635 3137 5665 ι
3164 5614 3431 5681 Quoniam

178 5719 414 5790 δύναμις
459 5720 714 5790 Ὑψίστου
745 5720 1070 5774 ἐπεσκίασεν
1106 5723 1275 5793 αὐτῇ,
1312 5723 1472 5787 αὐτός
1500 5739 1558 5776 τε
1594 5724 1624 5775 6
1647 5724 1728 5776 Πα

1878 5733 1922 5773 ιιι
1982 5735 2043 5776 es
2101 5720 2194 5790 qui
2235 5717 2523 5773 extraxisti
2580 5732 2666 5771 me
2698 5716 2767 5770 de
2795 5723 3007 5775 ventre,
3040 5726 3166 5780 spes
3217 5723 3336 5766 mea
3367 5715 3433 5760 ab

180 5814 295 5886 τὴρ
323 5814 412 5867 τθν
445 5814 778 5885 γεννώμενον
799 5856 814 5878 ,
849 5815 925 5878 ὡς
971 5816 998 5868 6
1041 5814 1196 5882 λόγος
1235 5816 1573 5888 παρέστησεν
1594 5857 1610 5874 .
1657 5817 1735 5869 ἀπ’

1875 5811 2130 5867 uberibus
2187 5810 2379 5864 matris
2440 5825 2593 5864 meae.
2654 5807 2713 5862 lu
2770 5816 2824 5863 te
2872 5807 3146 5877 proiectus
3194 5816 3318 5856 sum
3366 5813 3430 5854 ex

181 5907 286 5975 τῆς
325 5906 558 5978 γαστρὸς
592 5906 886 5972 ἐξέσπασεν
912 5922 926 5934 ·
989 5905 1353 5977 ἀποδιδομένου
1393 5906 1448 5954 ελ
1481 5903 1631 5976 παρὰ
1670 5904 1731 5956 τὺ

1874 5915 2040 5958 utero.
2084 5903 2155 5956 Ex
2192 5911 2380 5956 ventre
2411 5902 2601 5956 matris
2642 5917 2773 5957 mete
2822 5900 2970 5956 Deus
3009 5910 3164 5952 meus
3208 5909 3268 5949 es
3313 5897 3429 5946 tua

507 6003 773 6064 Parnm).
821 6005 938 6064 Gn.
973 6006 1177 6066 XXII.
3085 5990 3160 6054 2,5
