3938 6522
567 461 668 520 779

1194 458 1458 514 EUSEBII
1485 457 1962 514 CESARIENSIS
2000 457 2114 513 ΟΝ

2217 458 2370 513 »Αιιδ
2407 458 2470 514 ll.
2507 491 2573 502 —-
2604 459 3104 520 APOLOGETICA.

3657 473 3751 528 780

565 573 666 630 llic
695 576 859 647 igitur
891 575 1020 628 dum
1063 573 1126 626 in
1173 572 1287 642 ipsa
1323 573 1576 642 passione
1616 581 1721 636 est,
1775 575 2002 644 supplex
2049 575 2114 628 ad

2219 576 2408 646 καιρὸν
2439 575 2529 630 τοῦ
2571 575 2775 641 πάθους
2813 580 2946 652 πρὸς
2980 580 3076 650 τὴν
3111 581 3250 635 κατὰ
3293 584 3385 638 τοῦ
3423 585 3637 642 θανάτου
3663 590 3752 646 πά-

565 665 778 722 Patrem
811 680 970 720 suum
1028 677 1090 718 ea
1139 662 1290 726 dicit,
1327 679 1448 732 qua:
1503 668 1614 733 jam
1667 667 1915 736 exposita
1967 675 2116 722 sunt.

565 757 632 814 Et
679 771 802 811 cum
855 764 966 809 tam
1020 753 1223 820 multae,
1270 756 1464 823 inqttit,
1529 772 1615 812 me
1670 758 2120 813 circumventurze

565 849 674 904 sint
701 847 869 916 copiae
901 861 967 900 ex
1005 845 1234 900 adverso
1262 846 1528 914 eﬂicaccs,
1563 857 1616 902 ct
1665 850 1862 918 impuri
1911 850 2116 904 daemo-

563 954 682 1002 nes,
721 946 774 992 et
815 938 1120 1008 spiritualia
1147 938 1420 1006 nequitiae,
1453 949 1506 993 et
1535 940 1768 1010 denique
1795 941 1840 996 is
1869 941 1962 1010 qui
1997 957 2120 994 om—

563 1033 712 1086 nium
752 1034 1022 1102 pessimus
1061 1041 1165 1095 est,
1199 1033 1332 1104 ipse,
1369 1035 1608 1103 inquam,
1654 1035 1908 1104 princeps
1937 1035 2120 1090 saeculi

561 1123 726 1192 hujus
770 1125 928 1192 (quos
952 1133 1172 1194 propter
1212 1125 1498 1186 malitiam,
1535 1123 1680 1182 feras
1722 1127 1986 1196 malignas
2017 1143 2116 1181 no-

559 1217 768 1270 minare
799 1230 893 1286 par
921 1224 1026 1280 est,
1064 1224 1119 1271 et
1158 1218 1240 1272 vel
1283 1227 1468 1271 tauros
1493 1225 1756 1287 agrestes,
1786 1220 1868 1272 vel
1899 1219 2116 1281 vitulos,

560 1307 646 1360 vel
688 1308 890 1373 leones,
923 1309 1006 1362 vel
1053 1311 1262 1372 canes),
1309 1317 1364 1363 et
1404 1323 1488 1362 me
1527 1317 1714 1362 contra
1753 1323 1942 1364 omnes
1969 1319 2119 1364 stare

555 1406 828 1470 oporteat,
859 1414 1034 1468 neque
1069 1399 1364 1469 quidquam
1399 1399 1524 1452 boni
1555 1397 1608 1452 in
1638 1413 1732 1452 eos
1758 1398 1858 1451 sim
1889 1399 2122 1452 collatu-

561 1509 678 1558 rus,
725 1501 1014 1564 propterea
1043 1492 1188 1563 quod
1231 1494 1334 1563 ipsi
1363 1500 1580 1564 propter
1618 1507 1930 1561 supremum
1961 1493 2118 1546 mali-

559 1588 651 1641 tiae
689 1587 956 1651 habitum,
991 1600 1236 1640 meorum
1273 1585 1540 1639 bonorum
1565 1600 1796 1656 capaces
1828 1599 1934 1637 non
1969 1591 2118 1646 sunt.

559 1693 738 1746 neque
781 1676 1088 1744 adjutorem
1140 1685 1234 1728 aut
1285 1677 1496 1730 socium
1534 1676 1760 1730 habeam
1811 1677 2119 1746 quempiam

557 1783 757 1824 eorum
793 1769 1036 1838 ipsorum
1075 1769 1168 1838 qui
1214 1769 1344 1823 dicti
1379 1775 1526 1831 sunt,
1575 1767 1628 1820 in
1663 1767 1959 1822 certamine
1989 1767 2118 1820 mihi

555 1875 659 1930 pro
691 1861 864 1914 salute
889 1859 1192 1914 animarum
1217 1859 1477 1926 ineundo,
1515 1874 1638 1929 qnze
1665 1866 1791 1912 sunt
1815 1860 1956 1928 apud
1983 1859 2119 1914 infe-

555 1965 672 2014 ros,
699 1966 800 2005 cur
824 1951 1038 2004 tandem
1067 1965 1174 2004 non
1195 1951 1384 2004 merito
1410 1950 1636 2004 dixerim
1659 1965 1672 2000 :
1698 1967 1716 1999 ι
1741 1947 1894 2015 Quod
1911 1949 1964 2003 in
1989 1965 2117 2020 pro-

557 2042 709 2098 ximo
759 2045 832 2098 sit
883 2043 1122 2110 alllictio,
1181 2053 1235 2098 et
1276 2043 1422 2114 quod
1469 2057 1576 2096 non
1619 2043 1690 2096 sit
1731 2043 1821 2112 qui
1864 2041 2118 2111 adjuvet?

557 2134 1171 2205 «Caeterum'malignas
1209 2133 1428 2204 quidem
1471 2145 1630 2203 atque
1679 2135 1936 2190 adversas
1967 2141 2118 2203 pote-

557 2236 725 2283 states
753 2243 866 2282 non
901 2226 1076 2282 fuisse
1111 2227 1186 2280 illi
1217 2226 1441 2288 auxilio,
1476 2240 1651 2297 neque
1674 2225 2018 2280 succurrisse
2047 2225 2115 2278 ad

553 2323 758 2378 bonum
789 2325 1118 2396 properanti,
1149 2323 1332 2377 mirari
1359 2322 1492 2376 nihil
1529 2337 1755 2377 necesse
1794 2331 1897 2386 est,
1929 2334 2115 2374 verum

551 2417 700 2487 quod
729 2417 971 2471 omnium
1012 2415 1308 2470 maximum
1343 2424 1445 2477 est,
1487 2429 1552 2469 ex
1581 2428 1644 2470 ea
1679 2413 1966 2467 amictione
1997 2425 2117 2482 quite

553 2509 709 2562 illum
761 2509 996 2563 maxime
1041 2507 1344 2578 premebat,
1375 2507 1426 2561 id
1473 2521 1603 2562 sane
1655 2504 1775 2568 luit,
1818 2520 1886 2558 ne
1931 2503 2118 2558 faven-

551 2600 690 2656 tium
725 2600 940 2668 quidem
975 2613 1040 2653 ac
1069 2598 1426 2667 prepitiorum
1449 2597 1764 2666 angelorum
1783 2596 2114 2666 quempiam,

555 2706 658 2746 nec
685 2691 990 2745 divinarum
1027 2697 1360 2760 potestatum
1403 2703 1632 2758 prorsus
1683 2689 1872 2750 ullam,
1925 2701 2115 2742 ausam

553 2795 676 2834 esse
713 2781 888 2848 regias
927 2780 1118 2833 mortis
1149 2778 1340 2832 domos
1385 2776 1664 2840 invadere,
1701 2787 1861 2845 atque
1905 2775 1974 2829 ad
2012 2791 2113 2828 au-

556 2870 744 2923 xilium
771 2873 1101 2932 animarum,
1134 2883 1256 2938 quae
1305 2867 1416 2922 illic
1449 2874 1626 2929 erant,
1655 2869 1856 2922 sociam
1891 2881 1950 2922 se
1977 2883 2118 2938 pra:-

557 2963 704 3019 bere.
756 2962 810 3018 Si
841 2965 1058 3034 quidem
1085 2965 1178 3017 uni
1201 2963 1280 3017 illi
1321 2963 1426 3017 hoc
1454 2963 1746 3016 immotum
1777 2962 2114 3024 servabatur,

557 3056 996 3128 quandoquidem
1044 3056 1136 3110 uni
1165 3057 1329 3111 etiam
1359 3061 1558 3124 aperta:
1593 3063 1722 3110 sunt
1756 3063 1924 3124 porta:
1973 3067 2117 3108 mor-

555 3150 648 3216 tis,
677 3157 731 3204 et
765 3163 932 3202 unum
967 3149 1114 3202 illum
1146 3150 1258 3203 orci
1296 3149 1562 3218 janitores
1593 3147 1896 3216 conspicati
1931 3145 2118 3199 formi—

2220 666 2348 738 λην,
2402 667 2582 748 οῦκέτι
2614 668 2804 739 βοηθὸς
2835 671 2981 742 αὐτῷ
3017 673 3212 744 παρῆν.
3285 675 3453 730 Τοῦτο
3479 679 3604 746 γοῦν
3631 683 3754 754 aiat};

2222 761 2582 829 μαρτυροῦντι
2629 763 2904 815 πιστεύωο
2955 765 3014 816 τὸ
3069 767 3211 836 γὰρ,
3283 787 3302 818 ι
3347 771 3532 836 Ἠλεὶ,
3601 775 3754 838 Ἰίλεὶ,

2219 850 2410 920 λαμμᾶ
2450 852 2746 923 σαϐαχθανὶ
2771 895 2784 916 ,
2814 873 2832 904 ι
2877 857 3158 927 εἰρημένον
3197 859 3342 928 αὐτῷ
3375 863 3467 914 ἐπὶ
3495 865 3584 917 τοῦ
3619 883 3756 920 ara-J-

2221 942 2315 1016 ροῦ
2339 981 2354 1005 ,
2397 943 2488 995 καὶ
2519 944 2622 996 ὑπὸ
2669 944 2761 997 τοῦ
2795 945 3008 1015 ψαλμοῦ
3041 951 3388 1021 προφητικῶς
3429 955 3758 1029 ἀναπεφωνηο

2224 1031 2382 1100 μένον
2405 1072 2419 1094 ,
2457 1033 2584 1096 καὶ,
2646 1053 2664 1084 ι
2691 1035 2810 1087 Ὅτι
2849 1034 3022 1105 θλίψις
3051 1039 3246 1106 ἐγγὺς,
3303 1041 3382 1093 ὅτι
3417 1044 3516 1094 οὐκ
3561 1045 3692 1098 ἔστιν
3734 1049 3757 1100 ό

2222 1119 2462 1193 βοηθῶν,
2492 1143 2512 1174 ι
2571 1123 2623 1176 τί
2659 1123 2842 1196 ἓτερον
2875 1127 3062 1198 ἐδήλου
3105 1129 3137 1200 ἢ
3179 1131 3260 1182 ὅτι
3299 1131 3373 1194 ὡς
3415 1133 3587 1203 μέγας
3615 1136 3754 1208 ἀθλη-

2217 1211 2316 1282 τὴς
2353 1215 2461 1277 τοῖς
2515 1216 2782 1278 τοσούτοις
2839 1219 3151 1283 ἀντιπάλοις
3201 1222 3636 1295 προϐεϐλημένος
3685 1223 3754 1298 ἦν,

2219 1305 2674 1371 ἀγωνοθετοῦντος
2711 1310 2803 1362 καὶ
2837 1309 3186 1382 βραϐεύοντος
3215 1318 3326 1378 τοῖς
3355 1317 3655 1386 γινομένοις
3681 1317 3756 1374 τοῦ

2219 1396 2312 1449 ἐπὶ
2359 1399 2490 1450 πᾶσι
2529 1396 2704 1464 Θεοῦ;
2761 1401 2992 1472 Ἔφορον
3043 1403 3087 1456 δ’
3121 1401 3212 1458 οῦν
3255 1405 3362 1459 τῶν
3402 1413 3756 1480 πραττομένων

2220 1489 2516 1560 παρεκάλει
2553 1490 2641 1544 τὸν
2679 1491 2894 1564 Πατέρα
2927 1495 3021 1548 καὶ
3054 1497 3320 1568 πάρεδρον
3342 1543 3354 1563 ,
3415 1500 3489 1563 ὡς
3522 1501 3586 1555 ἂν
3615 1503 3757 1569 δεξιὸν

2219 1581 2513 1653 ἀλείπτην,
2570 1583 2718 1653 αὐτῷ
2773 1590 3170 1657 συμπαρεῖναι,
3211 1590 3382 1663 ταύτῃ
3439 1592 3662 1662 μάλιστα
3685 1599 3756 1648 οτι

2222 1671 2345 1742 μηδ’
2401 1672 2642 1743 ὑπῆρχεν
2694 1673 2841 1744 αὐτῷ
2888 1675 3077 1747 βοηθὸς
3137 1678 3384 1751 ἓτεροςῆ
3423 1681 3582 1750 trduo;
3629 1679 3698 1747 εἷς
3735 1685 3758 1737 ό

2221 1762 2522 1836 βραϐευτὴς
2571 1766 2678 1819 τῶν
2727 1768 3040 1838 γινομένων.
3119 1771 3211 1823 Διό
3261 1789 3422 1842 φησιν
3454 1775 3756 1845 εὐχόμενος·

2224 1857 2359 1928 «Μὴ
2407 1857 2646 1928 ἀποστῇς
2691 1859 2785 1911 ἀπ’
2838 1859 3006 1930 ἐμοῦ,
3071 1863 3151 1914 ὅτι
3213 1861 3388 1932 θλίψις
3419 1866 3620 1934 ἐγγὺς,
3691 1867 3760 1922 ὅτι

2217 1945 2317 1998 οὐκ
2353 1944 2498 1998 ἔστιν
2526 1948 2554 1999 ό
2585 1946 2812 2018 βοηθῶν.
2846 1968 2863 2000 ι
2956 1950 3126 2022 Ὁρῶν
3157 1951 3211 2005 δὲ
3257 1953 3462 2018 ἐνθέοις
3513 1956 3760 2027 ὄμμασιν,

2218 2035 2298 2088 ἔτι
2329 2037 2420 2089 ἐπὶ
2450 2035 2544 2090 τοῦ
2581 2038 2752 2109 ἰκρίον
2809 2043 3252 2112 προσηρτημένου
3281 2045 3430 2115 αὐτῷ
3463 2047 3558 2099 τοῦ
3605 2048 3763 2118 σώμα-

2217 2143 2306 2188 τος
2336 2165 2351 2189 ,
2410 2125 2506 2190 τὰς
2566 2127 2762 2192 ἔξωθεν
2795 2132 2936 2200 ἀμφὶ
2980 2131 3070 2184 τὸν
3109 2134 3245 2204 ἀέρα
3298 2135 3485 2188 τοῦτον
3518 2138 3764 2209 άσὰρκους

2218 2220 2310 2272 καὶ
2365 2219 2669 2292 ἀνθρώποις
2740 2223 3002 2294 ἀοράτους
3071 2225 3326 2296 δυνάμεις
3379 2229 3535 2300 δίκην
3585 2231 3766 2284 οἰωνῶν

2216 2311 2506 2384 ὡμοόόρων
2535 2316 2626 2368 καλ⁸
2650 2315 2845 2387 τρόπον
2874 2316 3076 2389 θηρίων
3114 2322 3241 2392 περὶ
3266 2323 3428 2376 αὑτὸν
3477 2325 3766 2396 ἰλυσπωμέ-

2217 2419 2313 2466 νας
2337 2442 2352 2466 ,
2394 2405 2486 2456 καὶ
2519 2405 2654 2475 πρὸς
2685 2406 2745 2458 τὸ
2785 2407 2973 2476 μέλλον
2999 2409 3122 2463 ὅσον
3148 2409 3300 2465 οὔπω
3335 2413 3530 2485 νεκρὸν
3574 2416 3768 2470 ἔσεσθαι

2215 2493 2378 2546 αὑτοῦ
2404 2494 2464 2546 τὸ
2486 2493 2646 2566 σῶμα
2663 2537 2678 2561 ,
2707 2497 3034 2568 πανταχόθεν
3053 2516 3111 2552 τε
3142 2503 3474 2572 συρρεούσας
3499 2505 3596 2568 τὰς
3616 2507 3766 2577 ἀρχὰς

2217 2587 2310 2638 καὶ
2337 2585 2580 2651 ἐξουσίας
2611 2587 2703 2640 τοῦ
2735 2589 2896 2660 ἀέρος
2917 2629 2932 2652 ,
2950 2588 3042 2643 τοῦ
3073 2593 3376 2664 πνεύματος
3407 2596 3500 2648 τοῦ
3529 2597 3621 2649 νῦν
3647 2601 3766 2670 ἐνερ-

2217 2677 2437 2747 γοῦντος
2461 2681 2517 2732 έν
2539 2683 2651 2742 τοῖς
2671 2681 2804 2744 υἱοῖς
2826 2682 2922 2752 τῆς
2945 2682 3240 2748 ἀπειθείας,
3265 2685 3360 2739 καὶ
3389 2685 3468 2740 ἔτι
3497 2687 3620 2751 τοὺς
3645 2689 3762 2758 ἁμαὶ

2216 2773 2314 2842 τὴν
2345 2773 2446 2843 γῆν
2477 2772 2861 2844 διιπταμένους
2893 2773 3015 2828 καθ’
3049 2774 3176 2845 ὅλης
3205 2775 3305 2846 τῆς
3337 2777 3446 2830 τῶν
3490 2779 3764 2851 ἀνθρώπων

2215 2865 2535 2936 οἰκουμένης
2561 2865 2817 2936 δαίμονας
2840 2882 2853 2895 ·
2909 2866 3056 2930 είκὸς
3085 2867 3128 2920 δ’
3152 2869 3234 2921 ὅτι
3263 2869 3358 2923 καλ⁸
3385 2871 3514 2934 τοὺς
3562 2871 3763 2943 ὑποχθο-

2217 2956 2361 3021 νίους
2390 2956 2488 3027 ήδη
2511 2997 2524 3020 ,
2553 2957 2647 3010 καὶ
2671 2957 2797 3020 τοὺς
2823 2957 2882 3011 ἐν
2910 2957 3056 3029 αὐτῷ
3083 2961 3338 3032 ταρτάρῳ
3365 2961 3539 3033 θῆρας
3567 2963 3760 3034 ἀγρίους

2218 3045 2310 3100 καὶ
2339 3045 2632 3118 φοϐεροὺς,
2669 3049 2795 3120 περὶ
2821 3041 2896 3101 ὧν
2935 3047 3158 3112 Ἡσαΐας
3191 3050 3326 3122 πρὸς
3373 3051 3461 3104 τὸν
3505 3053 3758 3104 ἐκπεπτω-

2219 3136 2350 3190 κότα
2405 3137 2499 3190 τοῦ
2537 3138 2765 3210 οὐρανοῦ
2848 3138 3152 3209 Ἑωσφόρον
3205 3141 3618 3212 ἀποτεινόμενος
3661 3141 3756 3194 ελε-

557 3240 841 3306 daverunt,
877 3245 1100 3312 ipseque
1133 3243 1222 3295 ille
1241 3243 1333 3312 qui
1363 3242 1557 3295 mortis
1581 3239 1866 3311 imperium
1895 3239 2113 3304 babcat,

2219 3245 2312 3297 γεν
2331 3245 2344 3260 ·
2395 3248 2413 3280 ι
2447 3229 2508 3282 '0
2529 3230 2659 3301 ᾅδης
2709 3229 2951 3284 κάτωθεν
2975 3231 3274 3303 ἐπικράνθη
3311 3235 3644 3304 συναντήσας
3675 3249 3756 3292 σοι,

557 3327 626 3384 de
657 3330 822 3400 regiis
857 3330 1078 3384 sedibus
1123 3331 1343 3394 cedens,
1393 3337 1578 3398 utpote
1623 3332 1718 3399 qui
1763 3345 1928 3383 unum
1961 3331 2111 3382 illum

557 3433 714 3476 suum
743 3420 1030 3475 Dominum
1061 3431 1432 3493 cognosceret,
1467 3436 1592 3475 cum
1637 3420 1732 3475 illo
1761 3427 1843 3475 est
1899 3420 2114 3474 locutus

566 3513 966 3584 icprecantium
1003 3529 1068 3568 ac
1118 3515 1542 3584 supplicantium
1595 3527 1748 3567 more
1780 3528 1887 3567 non
1933 3513 2114 3566 minus

571 3605 837 3672 gnaviter,
867 3617 1030 3671 quam
1067 3602 1208 3672 apud
1247 3601 1350 3656 Job
1381 3603 1447 3656 de
1479 3603 1563 3658 bis
1603 3603 1736 3672 ipsis
1779 3603 1941 3656 rebus
1980 3602 2116 3656 scri-

555 3702 702 3764 ptum
743 3703 864 3749 est:
913 3694 1008 3748 sed
1049 3703 1228 3748 tamen
1278 3692 1540 3748 nefariam
1587 3695 1734 3749 illius
1765 3693 1975 3765 tyranni
2011 3695 2114 3748 im-

555 3787 852 3855 potentiam
882 3801 1056 3856 usque
1082 3785 1216 3840 adeo
1245 3799 1475 3840 cernens
1503 3784 1820 3850 invaluisse,
1853 3796 1910 3837 ut
1933 3785 2115 3838 nullus

555 3879 694 3934 alios
719 3879 1022 3932 cmlestium
1049 3877 1243 3931 adesse
1279 3877 1356 3930 illi
1385 3877 1438 3932 in
1463 3879 1668 3933 talibus
1703 3878 1837 3931 locis
1868 3875 2112 3942 auderet,

553 3974 716 4034 atque
747 3966 813 4017 ad
853 3979 1044 4020 earum
1063 3968 1374 4022 animarum
1414 3969 1671 4031 salutem,
1705 3982 1825 4038 quat
1857 3967 1967 4020 illic
2019 3965 2116 4019 de-

555 4057 870 4112 tinebantur
894 4057 1104 4114 socium
1135 4074 1194 4114 se
1241 4061 1502 4132 pra-rbere.
1541 4061 1736 4115 merito
1773 4059 1849 4112 ait
1872 4057 2117 4112 afﬂictio-

554 4161 680 4202 nem
713 4149 936 4220 propius
978 4151 1190 4215 adesse,
1225 4160 1510 4221 propterea
1551 4150 1699 4222 quod
1741 4165 1852 4204 non
1903 4149 1974 4203 sit
2021 4147 2115 4219 qui

553 4243 790 4310 adjuvet.
817 4245 1015 4313 quippe
1059 4259 1184 4300 cum
1221 4261 1361 4302 unus
1407 4248 1500 4301 ille
1523 4248 1614 4316 qui
1654 4245 1921 4316 potuisset
1951 4245 2113 4299 etiam

552 4333 752 4388 talibus
785 4334 839 4387 in
873 4336 1006 4389 locis
1037 4337 1114 4390 illi
1142 4331 1417 4406 opitulari.
1454 4339 1632 4408 ipsum
1665 4335 2020 4399 deseruisset,
2053 4342 2113 4388 ut

553 4425 804 4480 videlicet
835 4427 1046 4482 illustre
1081 4429 1214 4484 illud
1240 4431 1610 4501 eximiamque
1635 4429 1960 4498 incceptum,
1995 4426 2114 4480 illa-

553 4531 658 4587 que
705 4519 998 4589 singularis
1025 4520 1290 4576 adversus
1337 4537 1528 4578 omnes
1573 4523 1803 4577 victoria
1851 4530 2110 4590 tauquam

2218 3317 2626 3390 συνηγέρθησάν
2653 3337 2732 3374 σοι
2757 3320 2953 3383 πάντες
2975 3322 3023 3373 oi
3049 3321 3300 3390 γίγαντες
3320 3339 3334 3352 ·
3362 3341 3380 3373 ι
3409 3322 3578 3375 ταῦτα
3604 3323 3661 3393 δὴ
3686 3317 3760 3374 οὖν

2216 3409 2428 3463 ἅπαντα
2467 3411 2704 3480 συνορῶν
2743 3409 2940 3476 ἔξωθεν
2977 3410 3036 3462 τὸ
3071 3411 3590 3482 ἀνεσκολοπισμένον
3627 3412 3758 3480 σῶμα

2215 3501 2536 3566 κυκλοῦντα,
2567 3504 2660 3555 καὶ
2690 3505 3214 3576 παρασκευαζόμενα
3243 3507 3361 3558 κατ’
3391 3505 3575 3568 αὐτοῦ,
3609 3505 3662 3558 τι
3691 3503 3758 3556 σύ-

2218 3609 2398 3663 στημα
2430 3593 2605 3646 αὐτῶν
2635 3594 2924 3666 διαγράφει
2959 3597 3182 3664 φάσκων
3211 3612 3225 3625 ·
3286 3615 3303 3645 ι
3333 3594 3758 3666 Περιεκύκλωεάν

2211 3702 2283 3756 με
2317 3686 2502 3756 μόσχοι
2527 3686 2728 3752 πολλοὶ,
2755 3687 2944 3757 ταῦροι
2963 3688 3142 3750 πίονες
3170 3687 3452 3757 περιέσχον
3482 3705 3568 3758 με.
3601 3689 3758 3740 Ἥνοι-

2216 3776 2312 3842 ξαν
2346 3780 2430 3830 ἐπ’
2455 3777 2554 3848 ἐμὲ
2577 3779 2636 3832 τὸ
2663 3778 2838 3848 στόμα
2865 3779 3062 3841 αὐτῶν,
3087 3779 3162 3842 ὡς
3183 3779 3316 3832 λέων
3343 3781 3372 3832 ὀ
3402 3778 3659 3850 ἁρπάζων
3685 3778 3753 3830 κιιι

2215 3869 2539 3942 ιῦρυόμενος.
2571 3891 2588 3922 ι
2621 3871 2813 3943 Ψυχὴν
2831 3871 2939 3943 γάρ
2960 3915 2973 3937 ,
3005 3872 3080 3936 ὡς
3101 3873 3248 3935 εἰκὸς
3264 3911 3278 3935 ,
3303 3872 3762 3944 ἀνθρωπείαν,κσὶ

2215 3965 2284 4034 τῇ
2320 3962 2427 4016 τῶν
2459 3963 2669 4017 πολλῶν
2697 3964 3115 4035 παραπλησίαν,
3159 3965 3322 4018 πλέον
3346 3965 3400 4018 δὲ
3434 3965 3586 4018 οὐδὲν
3615 3963 3756 4035 ἡγού-

2218 4071 2368 4126 μενοι
2422 4051 2560 4109 εἷναι
2592 4057 2692 4128 τὴν
2719 4057 2779 4111 τὸ
2811 4057 2967 4128 σῶμα
3001 4055 3174 4128 Ἰησοῦ
3215 4057 3688 4129 κατασκηνοῦσαν,
3718 4055 3762 4123 ἧς

2215 4146 2396 4212 νοιξαν
2431 4149 2492 4202 τὸ
2531 4150 2703 4220 στόμα
2741 4151 2790 4204 oi
2827 4149 3209 4222 προειρημένοι
3240 4189 3254 4214 ,
3319 4151 3394 4214 ὼς
3431 4151 3630 4221 ὁμοίως
3661 4151 3762 4211 ταῖς

2215 4239 2402 4304 ἄλλαις
2425 4239 2532 4295 τῶν
2552 4240 2851 4314 ἀνθρώπων
2879 4243 3076 4313 ψυχαῖς
3097 4243 3190 4297 καὶ
3217 4243 3384 4315 αὐτὴν
3415 4243 3756 4314 καταπιούμεν

2216 4351 2294 4386 νοι
2314 4350 2328 4363 ’
2385 4333 2466 4387 διό
2500 4350 2660 4404 φησιν
2683 4351 2695 4364 ·
2735 4353 2756 4384 ι
2789 4334 3037 4399 Ἢνοιξαν
3069 4336 3154 4388 ἐπ’
3189 4336 3286 4406 ἐμὲ
3313 4336 3374 4388 τὸ
3399 4337 3577 4406 στόμα
3605 4328 3756 4382 αδτῶν

2212 4425 2289 4490 ὼς
2334 4424 2469 4480 λέων
2501 4428 2530 4479 ὁ
2557 4424 2816 4496 ἁρπάζων
2847 4428 2942 4480 καὶ
2974 4427 3280 4498 ὠρυόμενος
3302 4443 3316 4456 ·
3339 4447 3358 4478 ι
3395 4421 3478 4483 οἷς·
3503 4420 3626 4489 εξῆς
3657 4421 3758 4471 ἑπι-

2213 4517 2358 4587 λέγει
2377 4533 2391 4548 ⁸
2455 4537 2474 4570 ι
2495 4518 2638 4570 Ὦσεὶ
2667 4517 2808 4588 ὕδωρ
2835 4517 3122 4589 ἐξεχύθην·
3155 4540 3172 4569 ι
3211 4520 3346 4586 ὅπερ
3373 4513 3642 4584 αἰσθητῶς
3674 4511 3756 4582 μὲν

553 4609 773 4678 propria
826 4609 999 4682 ipsius
1049 4611 1193 4681 apud
1231 4629 1420 4670 omnes
1459 4615 1867 4684 praedicaretur.
1923 4614 2109 4682 Itaque

2217 4606 2310 4660 καὶ
2329 4607 2469 4661 κατὰ
2489 4607 2582 4679 τὴν
2607 4608 2846 4678 ἱστορίαν
2863 4611 3003 4662 εἴποι
3026 4610 3091 4663 ἄν
3119 4625 3200 4671 τις
3233 4606 3654 4676 πεπληρῶσθαι,
3679 4607 3754 4659 ὅτε

552 4709 675 4751 cum
723 4697 818 4752 ille
863 4697 958 4768 qui
1009 4714 1151 4755 unus
1183 4701 1284 4774 ipsi
1335 4703 1539 4756 auxilio
1563 4717 1686 4757 esse
1711 4709 1944 4773 poterat,
1978 4709 2112 4756 tunc

550 4786 654 4856 ipsi
675 4786 893 4857 adjutor
907 4805 1020 4844 non
1047 4800 1212 4856 esset,
1237 4794 1433 4848 merito
1457 4793 1510 4848 in
1535 4794 1653 4863 ipso
1671 4791 1826 4848 initio
1843 4794 1918 4848 ait
1937 4794 2070 4848 illud
2092 4813 2106 4848 :

549 4875 709 4950 503
741 4897 759 4930 ι
783 4879 886 4942 Eli,
921 4881 1026 4947 Eli,
1064 4884 1262 4938 lamma
1297 4885 1679 4948 sabacbtltani,
1711 4885 1814 4939 hoc
1842 4893 1946 4949 est,
1971 4883 2112 4943 Deus

549 4985 722 5036 meus,
772 4972 916 5029 Deus
949 4989 1124 5041 meus,
1159 4991 1328 5046 quare
1355 4992 1440 5031 me
1469 4976 1882 5046 dereliquisti’?
1919 4997 1937 5028 ι
1975 4977 2110 5031 Nam

547 5075 672 5118 cum
691 5062 834 5119 idem
863 5066 1264 5136 conciperetur,
1294 5078 1349 5122 et
1375 5070 1428 5122 in
1445 5075 1604 5124 utero
1619 5083 1650 5121 ιι
1683 5075 1873 5122 sancta
1891 5065 2112 5138 Virgine

547 5161 868 5224 gestaretur,
889 5167 1017 5212 tunc
1045 5158 1264 5228 quidem
1293 5167 1518 5229 paterna
1542 5161 1630 5214 vis
1662 5175 1785 5212 cum
1817 5160 1935 5228 ipso
1970 5165 2112 5221 erat,

546 5263 658 5317 quo
703 5258 946 5320 tempore
979 5250 1218 5320 Spiritus
1272 5259 1498 5306 sanctus
1537 5251 1742 5321 Virgini
1777 5251 2110 5320 supervenit,

545 5345 603 5394 et
631 5339 804 5396 virtus
833 5341 1102 5398 Altissimi
1145 5343 1494 5398 obumbravit
1524 5343 1625 5406 illi,
1689 5345 1912 5414 ipseque
1951 5342 2112 5398 Pater

545 5445 670 5484 eum
691 5434 783 5502 qui
815 5435 1154 5504 gignebatur.
1201 5435 1345 5492 sicut
1395 5435 1678 5490 oraculum
1711 5437 1990 5498 iudicavit,
2039 5436 2110 5490 de

545 5530 735 5578 ventre
763 5527 954 5581 matris
979 5529 1232 5593 extraxit,
1263 5543 1387 5582 cum
1413 5536 1591 5584 autem
1631 5529 1734 5582 sub
1767 5529 1944 5598 ipsum
1971 5541 2108 5597 pas-

546 5612 718 5668 sionis
741 5623 954 5685 tempus
982 5619 1048 5672 ad
1083 5619 1284 5674 luctam
1311 5621 1580 5677 adversus
1611 5631 1840 5677 mortem
1883 5635 2110 5676 exuere-

543 5705 656 5767 tur,
686 5717 794 5758 non
815 5703 942 5760 item
993 5707 1066 5760 illi
1101 5716 1233 5764 tunc
1275 5717 1398 5765 erat
1453 5709 1692 5780 adjutor.
1722 5709 1834 5782 Ego
1871 5725 2108 5783 namque

615 5873 636 5908 ⁸
667 5869 860 5932 Bauli.
897 5895 1044 5934 nvn
1067 5918 1081 5944 ,
1117 5881 1204 5938 £0.

2215 4694 2296 4764 εἷς
2323 4699 2430 4754 τῶν
2460 4703 2836 4774 στρατιωτῶν,
2889 4703 3034 4757 κατά
3061 4702 3152 4756 τὸν
3177 4701 3563 4772 εὐαγγελιστὴν
3599 4701 3756 4754 Ἰωάν-

2217 4810 2342 4863 νην,
2378 4793 2470 4847 τοῦ
2501 4796 2671 4866 ἀμνοῦ
2712 4795 2804 4849 τοῦ
2826 4795 2966 4850 Θεοῦ
2998 4795 3163 4866 λόγχῃ
3200 4793 3298 4864 τὴν
3325 4793 3564 4865 πλευράν
3591 4793 3752 4857 ἔνυξε.

2217 4887 2308 4940 καὶ
2335 4887 2556 4958 ἐξῆλθεν
2586 4889 2748 4952 εὐθὺς
2777 4889 2920 4961 ὕδωρ
2949 4891 3046 4942 καὶ
3073 4885 3229 4959 αἷμα.
3263 4905 3282 4939 ο
3345 4887 3490 4957 Πλὴν
3519 4885 3650 4940 ἀλλὰ
3677 4885 3754 4938 καὶ

2205 4978 2312 5048 τὴν
2359 4979 2484 5050 ὃλην
2511 4982 2609 5052 τῆς
2637 4982 3008 5052 πνευματικῆς
3041 4981 3252 5050 φύσεως
3296 4979 3558 5050 νέκρωσιν
3587 4976 3752 5046 δηλοῦν

2215 5069 2356 5124 ἔοικε
2375 5071 2440 5124 δι’
2459 5068 2533 5126 ὧν
2557 5089 2716 5144 φησιν
2735 5090 2748 5103 '
2775 5093 2790 5124 ι
2817 5074 2956 5126 Ὡσεὶ
2973 5072 3119 5144 ὕδωρ
3137 5069 3415 5141 ἐξεχύθην,
3439 5071 3531 5122 καὶ
3547 5070 3752 5135 διεσκορ-

2213 5160 2379 5232 πίσθη
2405 5161 2584 5216 πάντα
2615 5163 2682 5216 τά
2713 5165 2846 5216 me
2901 5179 3022 5231 μου.
3076 5162 3339 5232 Ἐγενὴοη
3385 5161 3416 5228 ὴ
3459 5158 3642 5230 καρδία
3665 5171 3746 5225 μου

2211 5251 2343 5304 ὡσεὶ
2393 5253 2560 5323 κηρὸς
2605 5253 2903 5324 τηκόμενος
2951 5255 3008 5306 ὲν
3067 5253 3216 5323 μέσῳ
3259 5251 3360 5320 τῆς
3415 5249 3612 5312 κοιλίας
3643 5261 3740 5316 μου·

2225 5341 2522 5413 Ἕξηράνθη
2557 5345 2631 5408 ὡς
2663 5344 2928 5416 ὄστρακον
2962 5346 2993 5414 ἡ
3023 5342 3176 5414 ἰσχύς
3215 5359 3313 5413 μου
3332 5381 3347 5406 ,
3373 5341 3465 5394 καὶ
3502 5333 3740 5410 malum

2217 5449 2318 5505 μου
2347 5436 2664 5506 κεκόλληται
2715 5436 2791 5507 τῷ
2821 5435 3052 5508 λάρυγγί
3083 5451 3204 5506 μου.
3235 5454 3253 5484 ι
3335 5433 3398 5486 Τί
3419 5433 3530 5504 -γάρ
3557 5431 3618 5484 ἂν
3639 5424 3738 5481 mo

2215 5525 2384 5582 ταῦτα
2415 5528 2592 5582 πάντα
2621 5529 2870 5599 σημαίνοι
2917 5529 2949 5599 ἢ
2982 5527 3174 5596 νεκροῦ
3207 5525 3456 5594 σώματος
3485 5523 3734 5578 curram;

2228 5617 2508 5689 Ἐπιιρέρει
2541 5619 2673 5685 γοῦν
2705 5619 2866 5682 εὐθὺς
2896 5617 3065 5686 λέγων
3087 5634 3104 5650 ο
3157 5637 3182 5667 ι
3205 5619 3312 5670 Καὶ
3345 5619 3424 5681 είς
3455 5615 3572 5687 χοῦν
3603 5609 3732 5666 θανά·

2210 5727 2306 5766 του
2325 5712 2639 5784 κατήγαγές
2674 5729 2762 5784 με..
2789 5730 2809 5766 ι
2841 5711 3024 5766 Ταῦτα
3053 5709 3154 5782 μὲν
3178 5709 3330 5766 οὔπω
3361 5711 3608 5781 γενόμενα
3629 5715 3728 5774 προ·
