3938 6530
203 443 275 496 781
1017 440 1668 501 ΒΕΜΟΝΞΤΒΑΤΙΟΜΞ
1714 442 2167 500 ΕΥΔΝΕΕῌΟΛΕ
2204 444 2336 499 LIB.
2380 445 2450 501 Χ.

3273 445 3389 501 τες,

199 561 396 622 ϐλέπων,
446 559 516 622 ὡς
542 559 703 626 ἐγγὺς
733 557 787 612 δὲ
819 559 912 612 καὶ
944 558 1166 629 πλησίον
1192 560 1292 629 ήδη
1321 560 1529 615 ἑστῶτα
1548 601 1561 624 ,
1614 561 1697 613 καὶ

1809 561 1913 615 hoc
1945 562 2120 630 ipsum
2147 559 2223 612 illi
2279 560 2593 614 testiﬁcanti
2621 558 2818 614 credo:
2857 573 2982 612 nam
3007 557 3141 612 illud
3176 572 3193 609 ε·
3225 574 3246 608 ι
3272 555 3374 620 Eli,

201 649 572 723 περικυκλοῦντα
603 651 756 703 αὑτὸν
779 691 793 713 ,
848 650 1049 718 ἔλεγεν.
1086 647 1248 715 Αὖθις
1273 652 1329 704 δὲ
1359 650 1710 705 ἐπαναλαϐὼν

197 744 248 797 τὰ
272 741 355 814 ήδη
388 733 844 814 προπεπραγμένα
879 744 956 806 εἰς
987 743 1084 812 τήν
1107 742 1212 796 τῶν
1245 742 1541 814 μελλόντων
1575 761 1710 815 συμ-

196 834 411 906 ϐήσεσθαι
439 834 780 906 παραμυθίαν
802 876 816 899 ,
847 829 934 888 οἷα
968 835 1254 906 ὑπέμεινεν
1288 835 1705 902 ἐπιϐουλευθεὶς,

194 929 391 983 διδάσκει
421 926 608 994 λέγων·
645 945 664 977 ι
697 929 814 980 Ὅτι
851 927 1160 982 ἐκύκλωσαν
1206 946 1272 999 με
1311 929 1469 992 κύνες
1505 929 1705 994 πολλοὶ,

195 1018 433 1090 συναγωγή
461 1019 895 1088 πονηρευομένων
917 1020 1200 1092 περιέσχον
1224 1039 1289 1092 με
1309 1040 1320 1050 ·
1337 1040 1354 1073 t
1377 1021 1464 1076 διὰ
1483 1021 1706 1085 τούτων,

193 1114 250 1177 ὥς
270 1112 395 1175 εἰκὸς
413 1152 426 1173 ,
444 1111 616 1180 δηλῶν
641 1110 772 1181 όμοῦ
801 1112 897 1181 μὲν
926 1113 1019 1166 καὶ
1040 1114 1163 1176 τοὺς
1188 1112 1517 1184 στρατιώτας
1536 1153 1551 1174 ,
1573 1113 1706 1186 όμοῦ

192 1205 237 1259 δέ
257 1205 336 1257 καί
362 1205 476 1266 τοὺς
505 1206 567 1256 ἐκ
601 1203 898 1274 περιτομῆς
932 1205 1336 1268 ἐπαναστάντας
1370 1204 1535 1274 αὐτῷ.
1606 1225 1624 1257 ‹
1645 1206 1705 1260 Ol

195 1296 267 1366 μὲν
292 1295 386 1366 γὰρ
408 1295 725 1366 στρατιῶται
752 1296 841 1348 τοῦ
866 1296 1095 1350 Πιλάτου
1119 1338 1134 1361 ,
1188 1297 1589 1369 παραλαϐόντες
1616 1299 1708 1352 τὺν

200 1386 366 1458 Ἰησοῦν
390 1387 464 1450 εἰς
491 1387 551 1440 τὸ
579 1386 902 1458 πραιτώριον
918 1428 931 1451 ,
960 1390 1260 1460 συνήγαγον
1282 1390 1410 1462 ὃλην
1430 1390 1527 1461 τὴν
1551 1394 1705 1444 σπεῖ-

193 1495 266 1550 ραν
287 1479 360 1531 ἐπ’
383 1479 554 1536 αὐτόν.
608 1480 714 1533 Καὶ
743 1479 1060 1544 ἐκδύσαντες
1091 1482 1270 1548 αὐτὸν,
1300 1483 1544 1554 χλαμύδα
1577 1502 1704 1538 κοκ-

191 1571 310 1637 κίνην
335 1570 648 1641 περιέθηκαν
678 1569 842 1639 αὐτῷ.
909 1572 1018 1625 Kal
1051 1571 1339 1638 πλέξαντες
1365 1574 1620 1643 στέφανον
1647 1575 1706 1650 ἐξ

189 1660 389 1715 ἀκανθῶν
409 1661 676 1732 ἐπέθηκαν
704 1665 794 1717 ἐπὶ
818 1664 915 1734 τῆς
938 1663 1176 1733 κεφαλῆς
1204 1665 1364 1719 αὐτοῦ
1385 1707 1400 1730 ,
1432 1667 1524 1720 καὶ
1548 1667 1707 1723 κόιλαι-

191 1769 264 1819 μον
290 1753 338 1803 ἐν
360 1755 419 1822 τῇ
445 1755 583 1824 χειρί
613 1755 796 1809 αὐτοῦ.
872 1756 977 1808 Καὶ
1001 1758 1468 1827 γονυπετήσαντες
1499 1757 1704 1830 ἐμπροι-

188 1842 282 1899 σθεν
306 1844 472 1910 αὑτοῦ,
497 1847 776 1911 ἐνέπαιζον
827 1847 975 1918 αὐτῷ
1015 1847 1258 1916 λέγοντες
1284 1866 1297 1878 ’
1339 1851 1530 1921 Χαῖρε,
1555 1851 1583 1902 ό
1610 1850 1704 1921 βαρ

1813 650 1918 714 Eli,
1959 651 2158 705 lamma
2213 649 2591 711 sabacbtliani,
2618 671 2634 701 ι
2672 651 2814 718 quod
2850 652 2918 704 ah
2955 651 3075 722 ipso
3124 650 3178 704 in
3210 666 3375 706 cruce

1811 741 2014 795 dictum
2049 751 2152 804 est,
2189 755 2400 795 necnon
2447 755 2477 794 a
2529 741 2738 809 psalmo
2767 741 3084 810 prophetica
3125 742 3378 797 enuntia-

1805 840 1944 894 tum,
1980 833 2214 901 ilemque
2244 829 2389 900 quod
2417 829 2636 884 alllictio
2664 846 2830 900 prope
2869 831 3106 898 adesset,
3137 840 3192 886 et
3230 831 3376 902 quod

1810 937 1918 976 non
1945 929 2089 976 esset
2121 921 2214 992 qui
2267 920 2548 990 adjuvaret
2581 960 2597 982 ,
2651 922 2782 992 quid
2813 922 3029 977 tandem
3089 923 3190 980 sibi
3229 925 3374 978 aliud

1807 1012 2018 1075 volunt,
2044 1028 2205 1084 quam
2236 1013 2385 1086 quod
2415 1023 2670 1084 tanquam
2717 1029 2944 1085 magnus
2973 1022 3234 1080 certator,
3265 1024 3374 1069 tam

1808 1105 1994 1160 multis
2048 1105 2324 1173 tantisque
2382 1106 2712 1164 adversariis
2760 1108 2882 1178 ipse
2924 1108 3374 1176 essctobjcctus,

1809 1199 2062 1269 praefecto
2085 1199 2204 1268 ejus
2223 1200 2540 1255 certaminis
2576 1208 2632 1254 et
2677 1201 2852 1256 totius
2879 1203 3077 1273 negotii
3106 1204 3375 1273 guberna-

1805 1297 1926 1344 tore
1957 1305 2215 1360 supremo
2244 1291 2486 1344 omnium
2513 1288 2662 1344 Dco?
2696 1290 2983 1359 praesidem
3014 1306 3143 1362 ergo
3192 1307 3372 1346 rerum

1809 1384 2170 1454 gerendarum
2209 1393 2370 1452 atque
2394 1397 2731 1440 assessorem
2783 1385 3108 1453 precabatur
3137 1383 3372 1445 Patrem,

1809 1481 1868 1528 ut
1922 1474 2079 1544 quasi
2137 1474 2504 1546 peritissimus
2550 1474 2756 1544 Aliples
2813 1475 2917 1531 sibi
2977 1475 3194 1530 adesSct
3246 1484 3378 1530 tunc

1806 1568 2062 1630 maxime,
2095 1582 2218 1621 cum
2250 1569 2390 1622 alius
2419 1568 2520 1638 ipsi
2549 1569 2768 1638 adjutor
2792 1567 2984 1623 adesse
3019 1575 3231 1640 poterat
3254 1569 3377 1624 nul.

1806 1658 1912 1722 ius,
1951 1667 2148 1729 praeter
2177 1677 2344 1714 unum
2372 1661 2547 1731 ipsum
2573 1661 2666 1730 qui
2685 1662 2852 1715 totius
2878 1661 3076 1730 negotii
3097 1668 3242 1716 esset
3271 1678 3376 1730 gu-

1805 1749 2082 1805 bernator.
2116 1749 2383 1816 Quocirca
2412 1752 2539 1806 dum
2567 1760 2710 1816 orat,
2744 1751 2823 1808 sic
2849 1753 2924 1806 ait
2951 1768 2963 1803 :
2997 1771 3018 1803 ι
3050 1750 3127 1808 Nc
3153 1752 3376 1808 recedas

1807 1857 1838 1896 a
1871 1859 1978 1908 me,
2015 1845 2272 1913 quoniam
2300 1845 2518 1900 afﬂictio
2559 1861 2728 1917 prape
2775 1833 2950 1909 adest,
2978 1847 3240 1916 quoniam
3268 1862 3374 1908 non

187 1934 326 1994 inhio;
355 1935 455 1990 τῶν
495 1937 780 1994 Ἰουδαίων.
861 1913 969 1994 Καὶ
1007 1913 1381 2009 ἐμπτύσαντες
1413 1913 1492 2008 είς
1518 1913 1697 2006 αὐτὸν,

1805 1944 1888 1991 est
1918 1937 2010 2006 qui
2047 1936 2284 2006 adjuvet.
2317 1958 2336 1989 ι
2371 1936 2581 1994 Divinis
2611 1948 2793 1998 autem
2847 1938 3088 1994 oraculis
3119 1953 3372 2002 cernens.

186 2025 335 2081 ἔλαϐον
372 2028 456 2081 τὸν
485 2030 728 2101 κάλαμον
757 2072 772 2096 ,
827 2033 920 2086 καὶ
952 2033 1179 2088 ἔτυπτον
1212 2038 1292 2099 είς
1335 2036 1435 2109 τὴν
1464 2038 1701 2110 κεφαλήν

184 2119 327 2174 αὑτοῦ.
385 2123 488 2176 Καὶ
535 2124 627 2178 ὅτε
665 2124 950 2193 ἐνέπαιξαν
987 2127 1174 2199 αὐτῷ,
1235 2130 1490 2197 ἐξέδυσαν
1543 2135 1703 2187 αὑτὸν

183 2211 255 2280 τὴν
288 2213 511 2284 χλαμύδα
538 2255 553 2279 ,
592 2217 688 2269 καὶ
718 2216 970 2272 ἐνέδυσαν
997 2220 1158 2274 αὑτὸν
1189 2221 1256 2275 τὰ
1285 2221 1474 2292 ἱμάτια
1497 2224 1698 2278 αὐτοῦς

184 2305 252 2356 καὶ
281 2305 543 2375 ἀπήγαγον
581 2308 745 2362 αὑτὸν
782 2311 863 2374 εὶς
905 2310 966 2364 τὺ
1006 2312 1335 2385 σταυρῶσαι⁸
1369 2333 1387 2365 ι
1426 2319 1703 2388 μονονουχὶ

182 2393 294 2465 ἔργῳ
346 2397 671 2469 πληροῦντες
718 2400 778 2455 τὸ
802 2442 818 2466 ,
888 2420 907 2454 ι
935 2405 1056 2458 ’Ότι
1089 2405 1402 2460 ἐκύκλωσαν
1440 2425 1506 2478 με
1542 2409 1704 2474 κύνες

183 2485 356 2550 πολλοὶ,
389 2490 674 2561 συναγωγὴ
729 2497 1173 2572 πονηρευομένων
1203 2499 1488 2570 περιέσχον
1551 2518 1617 2571 με
1636 2517 1649 2530 ·
1677 2520 1696 2552 ο

181 2575 282 2628 ἀλλὰ
311 2580 393 2636 καὶ
432 2580 512 2646 τὸ,
567 2600 588 2633 r
621 2583 854 2654 Ὠρυξαν
889 2585 1074 2657 χεῖράς
1111 2606 1210 2658 μου
1249 2589 1341 2648 καὶ
1375 2591 1540 2654 πόδας
1577 2609 1700 2662 μου,

180 2664 497 2746 ἐξηρίῦμησαν
553 2677 737 2731 πάντα
789 2677 858 2734 τὰ
909 2679 1043 2734 ὀστᾶ
1097 2698 1195 2750 μου
1220 2700 1233 2713 ·
1270 2701 1289 2734 ι
1344 2683 1436 2736 καὶ
1493 2683 1572 2736 ἔτι
1617 2685 1699 2751 τὸ,

185 2767 356 2820 «Αὐτοὶ
401 2770 454 2823 δέ
497 2770 838 2843 κατενόησαν
887 2772 980 2829 καὶ
1025 2774 1236 2827 ἐπεῖδόν
1279 2792 1378 2846 με,
1412 2795 1430 2826 ι
1482 2777 1575 2829 καὶ
1605 2777 1698 2839 τὸ,

184 2862 569 2934 (Διεμερίσαντο
619 2863 686 2917 τὰ
726 2865 918 2935 ἱμάτιά
950 2883 1050 2936 μου
1092 2868 1321 2931 ἑαυτοῖς,
1358 2868 1450 2920 καὶ
1488 2869 1580 2921 ἐπὶ
1611 2868 1701 2921 τὸν

179 2951 417 3025 ἱματισμόν
441 2975 540 3028 μου
569 2957 765 3012 ἔϐαλον
789 2957 1009 3030 κλῆρον,
1035 2979 1054 3011 ι
1091 2956 1243 3024 αὖθις
1268 2959 1586 3032 ἐπληροῦτο,
1611 2962 1700 3016 ὅτε

178 3044 292 3113 ἥλοις
314 3048 464 3103 αὐτοῦ
500 3050 606 3113 τὰς
636 3053 824 3122 χεῖρας
863 3051 958 3105 καὶ
995 3052 1121 3116 τοὺς
1156 3052 1318 3117 πόδας
1359 3052 1436 3124 τῷ
1481 3053 1700 3124 σταυρῷ

177 3139 475 3211 κατέπειραν,
518 3143 618 3196 καὶ
654 3141 890 3214 ὁπηνίκα
922 3141 990 3196 τὰ
1019 3143 1210 3214 ἱμάτια
1247 3143 1412 3198 αὑτοῦ
1445 3145 1699 3209 λαϐόντες

176 3225 499 3303 διεμερίσαντο
561 3235 797 3297 ἑαυτοῖς.
871 3234 929 3287 '0
991 3233 1122 3302 γοῦν
1181 3234 1430 3305 Ἰωάννης
1492 3237 1695 3306 ἱστορεῖ

1805 2039 1928 2078 cum
1955 2024 2132 2080 adhuc
2163 2026 2237 2080 illi
2288 2041 2486 2097 corpus
2535 2028 2593 2082 in
2626 2027 2774 2098 ligno
2825 2035 2972 2088 esset
3020 2043 3374 2098 suspensum,

1801 2117 2149 2172 extrinsecus
2178 2119 2389 2174 circum
2439 2118 2586 2174 hunc
2619 2133 2802 2176 aerem
2857 2128 3142 2176 versantes
3191 2120 3375 2175 incor-

1804 2224 1998 2278 poreas
2023 2221 2076 2265 et
2105 2210 2420 2268 hominibus
2449 2212 2750 2271 invisibiles
2767 2221 3092 2287 potestates,
3115 2230 3236 2284 qure
3262 2215 3374 2276 cir-

1803 2317 1928 2357 cum
1959 2303 2137 2374 ipsum
2174 2305 2332 2375 quasi
2364 2304 2669 2360 crudivorae
2697 2321 2825 2362 aves
2854 2315 2908 2362 et
2943 2306 3067 2363 ferat
3116 2307 3372 2362 advolve-

1801 2391 2021 2456 bantur,
2045 2401 2100 2448 et
2127 2393 2192 2448 ad
2223 2401 2495 2450 mortuum
2526 2395 2636 2450 cito
2667 2394 2910 2450 futurum
2951 2395 3124 2465 ipsius
3150 2411 3373 2466 corpus.

1801 2484 2043 2555 undique
2074 2484 2410 2542 conﬂuentes
2444 2486 2782 2556 principatus
2815 2493 2869 2541 et
2901 2494 3198 2557 potestates
3231 2488 3373 2542 aeris

1802 2574 1967 2644 hujus
2003 2591 2066 2630 ac
2091 2577 2334 2646 spiritus,
2366 2576 2456 2646 qui
2476 2593 2619 2632 nunc
2643 2576 2933 2632 eﬂicaciam
2973 2593 3126 2634 suam
3155 2587 3372 2634 exercet

1802 2666 1858 2721 in
1891 2667 2016 2724 ﬁliis
2043 2671 2424 2729 contumaciae,
2455 2685 2552 2724 nec
2580 2685 2689 2725 non
2718 2670 2871 2724 circa
2907 2677 3108 2726 terram
3158 2685 3253 2740 per
3283 2676 3371 2722 to-

1799 2767 1917 2814 tum
1949 2761 2158 2823 orbem,
2191 2761 2281 2831 qui
2320 2761 2576 2816 iucol’.tur
2619 2761 2688 2814 ab
2740 2761 3052 2816 hominibus
3084 2763 3372 2820 volitantes

1799 2850 2099 2914 daemones,
2127 2852 2388 2908 credibile
2413 2859 2594 2906 autem
2625 2860 2708 2912 est
2741 2853 2942 2910 vidisse
2972 2852 3215 2910 infernas
3244 2871 3371 2924 quo-

1801 2959 1910 3013 que
1948 2958 2010 2998 ac
2042 2951 2308 2998 tartareas
2335 2944 2545 2999 belluas
2578 2953 2824 3015 agrestes
2863 2953 3027 3015 atque
3046 2944 3371 3008 formidabi-

1799 3033 1901 3095 les.
1929 3033 1996 3088 de
2019 3035 2218 3104 quibus
2259 3033 2426 3089 lsaias
2444 3075 2459 3100 ,
2485 3034 2552 3088 ad
2581 3051 2704 3092 eum
2734 3036 2824 3106 qui
2851 3037 2916 3092 de
2938 3038 3078 3092 cmlo
3102 3037 3372 3099 ceciderat

1801 3122 2113 3183 Luciferum
2164 3140 2471 3181 sermonem
2527 3127 2833 3190 intendens,
2877 3129 2951 3183 ita
3006 3129 3368 3200 loquebatur:

1805 3236 1825 3270 ι
1849 3217 2098 3274 lnl'ernus
2127 3217 2318 3274 subter
2356 3219 2713 3274 conturbatus
2749 3221 2911 3274 estin
2942 3236 3232 3283 occursum
3278 3223 3373 3276 ad-

175 3318 332 3389 λέγων)
366 3341 382 3373 ι
411 3326 469 3376 Οἱ
505 3320 606 3378 οὖν
652 3323 1015 3396 στρατιῶται,
1065 3325 1154 3378 ὅτε
1203 3325 1553 3397 ἐσταύρωσαν
1603 3328 1696 3381 τὸν

1800 3321 1994 3367 ventus
2016 3312 2114 3375 tui,
2134 3310 2381 3366 suscitati
2408 3313 2644 3368 sunttibi
2674 3328 2867 3368 omnes
2897 3314 3144 3384 gigantes
3173 3334 3184 3369 :
3213 3335 3232 3366 ι
3257 3315 3372 3378 haec

182 3412 380 3480 Ἰησοῦν,
429 3414 623 3469 ἔλαϐον
671 3415 739 3471 τὰ
791 3418 984 3488 ἱμάτια
1033 3416 1230 3481 αὐτοῦ,
1291 3419 1381 3472 καὶ
1436 3419 1697 3490 ἐποίησαν

174 3501 367 3576 τέσσαρα
394 3507 548 3579 μέρη,
583 3507 800 3579 ἑκάστῳ
830 3509 1134 3582 στρατιώτῃ
1162 3509 1341 3582 μέρος.
1365 3510 1467 3562 Τὸν
1496 3510 1696 3581 χιτῶνα

173 3591 230 3656 δὲ.
253 3596 322 3648 ὅτι
343 3598 583 3669 ἆρῤαφος
612 3595 700 3672 ἦν,
735 3601 799 3654 ἐκ
824 3600 931 3652 τῶν
959 3601 1163 3655 ἄνωθεν
1192 3603 1424 3672 ὑφαντὸς
1453 3602 1518 3654 δι’
1549 3603 1694 3667 ὅλου,

173 3680 292 3741 εἷπον
331 3691 455 3761 πρὸς
499 3691 764 3762 ἀλλήλους
788 3709 800 3722 ·
852 3691 941 3763 Μὴ
991 3693 1264 3763 σχίσωμεν
1316 3693 1499 3755 αὑτὸν,
1561 3693 1696 3747 ἀλλὰ

171 3773 376 3849 λῶχωμεν
417 3784 540 3856 περὶ
600 3782 762 3838 αὑτοῦ
810 3784 953 3848 τίνος
978 3784 1160 3847 ἔσται,
1214 3785 1300 3837 ἴνα
1341 3783 1598 3856 πληρωθῇ
1660 3785 1693 3854 ἡ

172 3866 322 3942 Γραφὴ
349 3874 636 3944 ήλέγουσα
657 3892 670 3905 ·
703 3877 1090 3948 Διεμερίσαντο
1116 3877 1183 3930 τὰ
1215 3877 1404 3948 ἱμάτιά
1435 3895 1534 3948 μου
1564 3880 1694 3930 ἐαυ-

169 3961 282 4022 τοῖς,
322 3965 406 4016 καὶ
445 3967 540 4023 ἐπὶ
590 3964 683 4018 τὸν
729 3966 1019 4037 ἱματισμόν
1080 3983 1180 4036 μου
1237 3966 1424 4020 ἔϐαλον
1471 3966 1690 4038 κλῆρον.

169 4049 216 4103 οι
271 4054 357 4124 μὲν
415 4054 507 4112 οῦν
582 4059 911 4128 στρατιῶται
971 4058 1139 4115 ταῦτα
1200 4060 1436 4114 ἐποίουν.
1485 4078 1505 4111 ι
1587 4061 1695 4113 Καὶ

167 4137 398 4211 Mcl-20am;
439 4149 494 4202 δέ
539 4153 657 4214 τοῖς
696 4150 1078 4222 γεγενημένοις
1125 4152 1313 4206 τοῦτον
1358 4152 1448 4211 τὸν
1495 4154 1694 4224 τρόπον

171 4243 395 4310 μαρτυρεῖ
421 4241 630 4311 λέγων’
682 4260 702 4293 r
736 4241 1153 4315 Σταυρώσαντες
1194 4243 1250 4297 δὲ
1289 4245 1468 4308 αὑτὸν,
1513 4245 1697 4316 διεμετ-

170 4321 348 4409 ρίσςιντο
370 4333 436 4385 τὰ
472 4333 667 4404 ἱμάτια
692 4333 879 4397 αὐτοῦ,
909 4334 1157 4405 βαλόντες
1182 4336 1400 4408 κλῆρον,
1431 4337 1516 4391 ἵνα
1554 4338 1694 4409 πλη-

168 4407 284 4498 ρωθῇ
318 4416 372 4465 τὺ
402 4419 562 4487 ῥηθὲν
602 4420 688 4475 διὰ
723 4421 816 4476 τοῦ
854 4424 1132 4494 προφήτου
1155 4441 1167 4453 ·
1201 4407 1585 4498 Διεμερίσαντο
1626 4407 1696 4482 τὰ

169 4496 325 4591 ἱμάτιά
369 4524 465 4578 μου
510 4513 720 4577 ἑαυτοῖς
745 4552 760 4577 ,
821 4516 912 4571 καὶ
965 4517 1056 4570 ἐπ)⁸
1101 4518 1190 4570 τὸν
1246 4496 1536 4589 ἱματισμόν
1591 4537 1692 4591 μου

1801 3404 1983 3475 itaque
2014 3406 2195 3458 omnia
2229 3405 2609 3476 conspiciens,
2641 3421 2799 3460 suum
2845 3407 3190 3461 extrinsecus
3219 3407 3370 3470 cruci

1800 3495 2014 3550 allixum
2035 3512 2236 3566 corpus
2264 3497 2317 3551 in
2356 3497 2540 3551 orbem
2575 3497 2873 3566 cingentia,
2908 3513 3076 3568 seque
3105 3499 3368 3558 adversus

1801 3589 1976 3658 ipsum
2007 3590 2382 3658 comparantia
2413 3589 2814 3644 multitudinem
2859 3605 3050 3645 eorum
3085 3591 3368 3652 collectam

1798 3679 2078 3745 describit,
2114 3682 2192 3735 sic
2219 3681 2409 3736 dicens
2440 3702 2452 3736 :
2493 3702 2510 3733 ‹
2547 3681 3049 3738 .Circumdederunt
3095 3700 3182 3743 me
3216 3685 3369 3741 vituli

1797 3771 1979 3834 multi,
2007 3773 2153 3826 tauri
2198 3773 2428 3844 pingues
2482 3775 2818 3831 obsederunt
2864 3792 2970 3833 me.
3023 3777 3370 3850 Aperuerunt

1798 3878 1962 3933 super
1981 3879 2067 3919 me
2088 3879 2149 3919 os
2177 3880 2358 3926 suum,
2385 3875 2441 3920 ut
2464 3867 2549 3922 leo
2581 3868 2801 3938 rapiens
2821 3877 2875 3924 et
2904 3870 3144 3941 rugiens.
3173 3892 3193 3926 ›
3212 3870 3372 3944 504

1797 3955 2006 4011 FJenim
2031 3956 2162 4011 dum
2193 3958 2449 4021 animam,
2482 3969 2541 4013 ut
2575 3975 2672 4030 par
2706 3968 2812 4023 est,
2849 3963 3139 4025 humanam
3177 3971 3230 4018 et
3265 3979 3371 4018 ca:-

1797 4048 1928 4105 teris
1958 4050 2189 4104 similem
2228 4066 2326 4106 nec
2358 4053 2593 4123 amplius
2626 4062 2884 4123 praeterea
2923 4055 3215 4127 quidquam
3247 4073 3370 4113 esse

1796 4141 2152 4205 arbitrantur,
2184 4145 2327 4214 quod
2376 4145 2430 4199 in
2473 4161 2701 4216 corpore
2740 4145 2868 4204 Jesu
2918 4149 3218 4214 habitabat,
3256 4150 3366 4205 bel-

1797 4234 1921 4299 luae,
1949 4235 2016 4290 dc
2046 4236 2247 4306 quibus
2304 4236 2566 4300 diximus,
2612 4249 2942 4308 aperuerunt
2981 4255 3044 4297 os
3096 4257 3278 4307 suum,
3311 4251 3364 4298 ut

1795 4329 2251 4398 quemadmodum
2281 4331 2417 4386 alias
2469 4331 2750 4386 hominum
2803 4335 3018 4397 animas
3072 4350 3366 4392 consueve-

1796 4427 1939 4483 rant,
1977 4422 2050 4476 ita
2100 4422 2262 4477 etiam
2311 4421 2454 4476 hanc
2507 4424 2856 4488 devorarent,
2909 4437 3240 4496 quapropter
3285 4429 3367 4483 sic

1797 4514 1872 4568 ait
1909 4533 1923 4568 :
1967 4533 1986 4566 ι
2021 4515 2366 4585 Aperucrunt
2427 4533 2590 4589 super
2645 4535 2732 4574 tne
2766 4536 2834 4575 os
2893 4536 3074 4583 suum,
3109 4529 3364 4586 tauquam

166 4589 319 4700 idem
363 4599 596 4700 κλήροψ
649 4607 741 4664 καὶ
797 4607 1095 4679 καθήμενοι
1157 4611 1385 4682 ἐτήρουν
1429 4589 1611 4666 αὐτόν,
1669 4633 1687 4665 ι

1800 4603 1884 4660 leo
1912 4605 2128 4676 rapiens
2164 4614 2219 4661 et
2254 4608 2494 4679 rugiens,
2530 4628 2547 4660 ι
2605 4610 2806 4679 quibus
2862 4609 3119 4681 deinceps
3173 4611 3368 4680 adjun-

166 4681 306 4750 Κύνες
343 4691 396 4744 δὲ
437 4689 580 4764 ἦσαν
633 4697 955 4764 κυκλοῦντες
1003 4701 1196 4765 αὑτὸν,
1252 4703 1346 4756 καὶ
1402 4703 1690 4776 συναγωγὴ

163 4783 588 4864 Μρευομένων,
625 4788 674 4840 οἱ
705 4790 770 4842 ἐκ
796 4792 1096 4863 περιτομῆς
1124 4793 1383 4864 ἄρχοντες
1415 4797 1522 4851 τῶν
1562 4799 1690 4852 Ἰου-

160 4862 310 4960 δαίων,
348 4875 401 4928 oi
431 4894 491 4930 τε
529 4885 874 4952 γραμματεῖς
928 4886 1019 4937 καὶ
1065 4887 1114 4938 ol
1153 4887 1457 4960 ἀρχιερεῖς,
1504 4892 1595 4944 καὶ
1639 4895 1688 4946 οἰ

161 4953 419 5028 Φαρισαῖοι,
449 4968 498 5020 οἱ
533 4970 624 5022 καὶ
663 4971 724 5023 τε
753 4975 859 5026 πᾶν
902 4975 1283 5042 ἁνασείσαντες
1314 4979 1513 5050 πλῆθος
1544 4979 1686 5046 ἐξαι-

158 5049 385 5120 τήσασθαι
419 5063 480 5118 τὸ
507 5057 646 5133 αἷμα
677 5066 840 5120 αὐτοῦ
871 5068 993 5122 καθ’
1016 5070 1223 5124 ἑαυτῶν
1261 5073 1356 5126 καὶ
1394 5074 1538 5128 κατὰ
1580 5075 1687 5134 τῶν

160 5135 276 5231 ἐδίων
308 5150 527 5208 τέκνων.
568 5156 758 5225 Σαφῶς
786 5159 916 5227 γοῦν
959 5163 987 5214 ό
1015 5162 1246 5226 Ἦσαῖας
1292 5163 1458 5228 κύνας
1491 5167 1689 5231 αὐτοὺς

156 5229 383 5296 ἀποκαλεῖ
424 5248 684 5315 φάσκωνθ
742 5269 761 5300 ι
795 5253 1000 5317 Πάντες
1046 5254 1205 5319 κύνες
1247 5257 1408 5320 ἐνεοὶ,
1439 5259 1497 5311 ού
1523 5229 1686 5313 δυνά-ζ

158 5339 280 5421 μενοι
312 5333 572 5394 ὑλακτεῖν.
607 5360 624 5391 ›
667 5341 796 5396 Δέον
832 5345 940 5416 γὰρ
977 5347 1196 5410 αὐτοὺς,
1231 5351 1280 5402 εί
1320 5352 1410 5403 καὶ¹
1441 5352 1514 5421 μὴ
1564 5369 1684 5404 ποι-

158 5414 302 5511 μένειν
331 5427 524 5496 τρόπον
556 5414 933 5508 ἀνειλήφεσαν,
972 5435 1106 5491 ἀλλὰ
1131 5437 1292 5511 δίκην
1315 5414 1682 5510 γοῦν-ἀγαθῶν

156 5509 320 5604 κυνῶν,
355 5519 453 5589 τήν
493 5521 586 5582 τοῦ
629 5523 885 5580 δεσπότου
931 5527 1153 5600 λογικὴν
1199 5532 1434 5604 ποίμνην
1481 5535 1573 5587 καὶ
1617 5533 1687 5588 τὰ

155 5601 363 5700 πρόβατα
385 5612 478 5671 τοῦ
510 5614 656 5670 οἴκου
693 5619 909 5692 Ἰσραὴλ
956 5623 1339 5692 φυλάττοντας,
1384 5629 1685 5700 ἐπιστημο-

152 5694 290 5762 ναώς
318 5701 582 5772 ὑλακτεῖν,
623 5708 904 5777 σαίνοντας
945 5714 1042 5786 μὲν
1081 5718 1176 5782 καὶ
1219 5694 1685 5787 ἐπιγινώσκοντας

238 5872 278 5907 ¹⁶
309 5878 458 5940 Joan.
496 5902 619 5953 xxx,
654 5889 743 5951 δι.

1799 4698 1913 4768 git:
1950 4717 1968 4749 ι
2011 4699 2176 4766 Quasi
2204 4715 2345 4770 aqua
2374 4701 2582 4766 effusus
2613 4719 2754 4770 sum,
2797 4721 2814 4753 ι
2850 4702 2996 4772 quod
3038 4703 3257 4773 quidem
3281 4703 3366 4759 vel

1798 4794 1932 4866 ipsis
1961 4795 2212 4852 sensibus
2235 4796 2444 4866 percipi
2474 4797 2671 4866 pcluit,
2702 4804 2865 4866 atque
2919 4796 3147 4852 historia
3207 4797 3366 4860 ﬁdem

1797 4887 2028 4944 faciente
2053 4890 2378 4959 completum
2399 4899 2503 4955 est,
2519 4906 2640 4945 cum
2660 4890 2910 4945 videlicet
2937 4905 3079 4946 unus
3107 4891 3362 4954 militum,

1798 4988 1858 5035 ut
1883 4987 1968 5041 est
1995 4981 2136 5051 apud
2167 4983 2555 5052 evangelistam
2579 4981 2874 5047 Joannem,
2915 5003 2932 5036 ι
2964 4983 3099 5054 Agni
3123 4981 3215 5046 Dei
3246 4993 3366 5042 lan-

1792 5087 1891 5131 cea
1921 5072 2063 5127 latus
2093 5073 2327 5142 aperuit,
2355 5084 2410 5127 et
2457 5073 2628 5133 exivit
2663 5074 2927 5128 continuo
2981 5089 3120 5144 aqua
3150 5080 3205 5128 et
3237 5085 3365 5126 san-

1792 5164 1918 5235 guis
1952 5165 2020 5226 ‘°,
2061 5183 2078 5216 ι
2116 5165 2211 5220 sed
2246 5173 2423 5222 tamen
2458 5175 2626 5218 totum
2657 5166 2955 5234 spiritualis
2979 5174 3185 5224 natura:
3214 5176 3361 5216 mor-

1793 5255 2146 5310 tilieationcm
2193 5255 2505 5324 signiﬁcare
2557 5255 2791 5319 videtur,
2827 5255 2918 5310 ubi
2975 5255 3094 5310 ait:
3136 5273 3156 5307 ι
3195 5251 3364 5318 Quasi

1794 5363 1934 5417 aqua
1977 5347 2184 5402 effusus
2231 5364 2374 5412 sum,
2409 5357 2465 5402 et
2511 5349 2757 5418 dispersa
2809 5355 2938 5402 sunt
2993 5348 3175 5405 omnia
3237 5361 3364 5401 ossa

1793 5453 1931 5493 mea.
1974 5436 2198 5492 Factum
2242 5449 2328 5499 cst
2359 5453 2456 5493 cor
2495 5455 2672 5493 meum
2721 5447 2976 5508 tanquam
3019 5451 3144 5492 cera
3192 5435 3407 5504 lique»-

1794 5547 1955 5588 sccns
1991 5533 2046 5588 in
2080 5529 2260 5589 medio
2287 5531 2495 5585 ventris
2543 5531 2668 5585 mei.
2708 5529 2868 5584 Aruit
2913 5537 3172 5602 tauquam
3221 5534 3364 5585 testa

1789 5625 1967 5680 virtus
1999 5639 2134 5690 mea
2161 5632 2217 5683 et
2246 5624 2432 5695 lingua
2463 5637 2580 5677 mca
2629 5623 2860 5686 adltmsit
2905 5622 3111 5694 gutturi
3156 5635 3297 5678 meo.
3339 5639 3359 5677 ι
3404 5663 3410 5670 .

1791 5718 1934 5788 Quid
1969 5719 2116 5781 enim
2150 5716 2300 5782 aliud
2354 5717 2574 5774 tandem
2606 5719 2859 5782 universa
2890 5718 3006 5781 haec
3033 5713 3361 5792 signiﬁcem,
