3938 6518
583 427 692 486 735

1238 427 1504 484 EUSEBII
1539 429 2022 486 CASSARIENSIS
2051 431 2200 486 OPP.
2243 433 2423 490 PARS
2465 435 2526 490 ΙΙ.
2563 469 2628 478 -
2663 439 3161 499 Αιιοιοσιιτιω.

3697 455 3778 512 τοι

577 563 744 621 quam
778 563 976 602 mortui
1011 546 1256 616 corporis
1292 546 1698 601 conditionem?
1723 547 1949 618 proinde
2000 547 2107 602 illic

2211 551 2336 612 ιτὸν
2386 553 2594 607 ἑαυτῶν
2637 555 2903 628 δεσπότην
2957 559 3049 612 καὶ
3101 562 3499 634 ἀρχιποιμὲνα,
3565 567 3698 644 πάσῃ
3729 592 3780 628 τι

581 641 828 711 adiungit
859 639 990 693 illud
1028 657 1040 692 :
1083 657 1100 689 ι
1140 637 1204 691 Et
1234 639 1288 692 in
1314 640 1589 709 pulverem
1641 639 1835 694 mortis
1867 639 2142 694 deduxisti

579 747 684 788 me.
722 749 742 782 ο
778 729 902 784 Haec
931 730 1096 800 igitur
1119 730 1248 784 dum
1309 731 1556 799 providet
1613 732 1852 784 nondum
1895 731 2056 796 facta,
2085 743 2144 788 ut

2245 645 2456 716 φυλακῇ
2505 647 2602 718 τὴν
2653 652 3086 723 πεπιστευμένην
3142 655 3328 720 αὐτοῖς
3375 657 3608 730 ποίμνην
3645 680 3780 734 glow.

2245 736 2487 808 ροῦντας,
2515 739 2764 794 ὑλακτεῖν
2795 742 2872 806 δὲ,
2909 747 2958 796 εἰ
2983 745 3110 816 ἄρα,
3141 747 3280 800 κατᾶ
3323 748 3434 801 τῶν
3463 750 3654 814 ἔξωθεν
3682 759 3778 811 ἐπι-

576 821 922 876 advcntantia
955 829 1136 876 tamen
1162 829 1215 876 et
1232 821 1298 876 de
1325 827 1572 891 proximo
1597 823 1958 884 imminentia,
1987 834 2040 879 et
2063 839 2109 880 se

2241 827 2602 882 ϐουλευόντων
2639 835 2704 902 τῇ
2735 832 2938 904 ποίμνῃ
2961 850 2974 864 ο
3011 835 3060 886 οἱ
3092 835 3146 888 δὲ
3189 835 3368 891 κυνῶν
3397 839 3592 910 τρόπον
3619 845 3779 911 ἐνεῶν,

573 913 750 983 ipsum
775 913 1000 982 jamjam
1053 913 1556 976 circumvenientia,
1585 911 1819 968 dicebat.
1875 913 1978 968 Sed
2019 931 2142 969 rur-

571 1019 668 1060 sus
696 1004 940 1075 repetitis
971 1005 1039 1060 iis
1076 1021 1196 1074 quae
1219 1005 1332 1074 jam
1369 1012 1530 1058 antea
1582 1012 1730 1075 gesta
1787 1014 1934 1068 sunt,
1969 1015 2024 1060 ut
2054 1023 2140 1062 se-

571 1097 749 1166 ipsum
782 1097 848 1151 de
883 1097 952 1153 iis
977 1111 1098 1166 quae
1139 1105 1325 1166 postea
1381 1106 1639 1151 eventura
1669 1105 1846 1160 erant,
1881 1101 2138 1154 consola-

569 1197 742 1250 retur,
777 1203 902 1259 quae
933 1189 1255 1244 sustinuerit
1278 1189 1492 1244 insidiis
1523 1190 1947 1254 circumventus,
1981 1191 2139 1246 docet

567 1281 654 1336 his
679 1281 904 1336 verbis:
944 1298 962 1330 ι
1003 1281 1268 1346 Quoniam
1316 1280 1793 1338 circumdederunt
1829 1297 1914 1336 me
1971 1296 2136 1338 canes

567 1374 768 1428 multi.‘
799 1372 1160 1444 Congregatio
1209 1371 1622 1442 malignantium
1683 1373 1896 1428 obsedit
1947 1389 2069 1428 me:
2109 1392 2128 1426 ι

565 1465 766 1536 quibus
797 1479 930 1520 sane
973 1465 1153 1519 verbis
1197 1469 1313 1516 tum
1369 1463 1519 1534 ipsos
1577 1465 1778 1520 milites
1827 1475 1940 1518 tum
1970 1468 2133 1520 etiam

563 1558 780 1613 Judmos
831 1559 925 1628 qui
993 1557 1050 1612 in
1101 1557 1344 1626 seipsum
1386 1558 1855 1626 conspira-verant.
1905 1557 2132 1628 intelligi

527 1697 530 1700 .
565 1651 700 1704 vult.
743 1647 1024 1719 Siquidem
1063 1667 1082 1702 ι
1123 1649 1322 1704 milites
1349 1647 1506 1703 Pilati
1555 1650 1916 1718 suscipientes
1945 1648 2130 1705 Iesum

565 1741 620 1796 in
678 1741 950 1812 praetorio,
986 1747 1456 1812 congregaverunt
1517 1743 1584 1794 ad
1633 1755 1756 1794 eum
1821 1741 2130 1796 universam

561 1835 861 1892 cohortem.
895 1835 961 1890 Et
991 1845 1252 1891 exucntes
1273 1851 1420 1899 eum,
1450 1835 1785 1907 chlamydem
1815 1834 2128 1890 coecineam

2239 923 2314 985 ὡς
2359 923 2572 994 ἀληθῶς
2605 927 2700 980 καὶ
2749 928 3062 1000 μεμηνότων
3105 933 3230 994 τοὺς
3275 931 3549 1004 ὐλαγμοὺς
3593 937 3775 1010 ἕτερον,

2237 1013 2306 1066 τὰ
2339 1013 2582 1084 πρόϐατα
2615 1015 2707 1068 τοῦ
2745 1017 3000 1088 ποιμένος
3049 1017 3449 1092 ἐξαγριοῦντες,
3485 1023 3620 1078 ὥστε
3659 1029 3778 1082 εἰκό-

2236 1118 2344 1164 τως
2369 1104 2552 1165 αὐτοῖς
2584 1104 2841 1174 ἁρμόζειν
2866 1107 2956 1159 τό·
3013 1127 3031 1158 ι
3058 1109 3510 1180 Περιεκύκλωσάν
3539 1132 3602 1184 με
3641 1117 3776 1185 κύνες

2237 1191 2454 1254 πολλοὶ,
2499 1195 2785 1266 συναγωγὴ
2832 1199 3279 1268 πονηρευομένων
3339 1203 3620 1273 περιέσχον
3657 1225 3734 1276 με.
3755 1229 3771 1260 ι

2235 1283 2344 1336 Καὶ
2381 1285 2578 1349 πάντες
2607 1286 2662 1338 δὲ
2695 1288 2745 1340 οί
2786 1290 2864 1351 είς
2901 1289 3058 1361 δεῦρο
3083 1289 3172 1343 τον
3207 1292 3388 1362 ὅμοιον
3427 1297 3622 1366 τρόπον
3654 1301 3776 1353 ὲκεί-

2233 1392 2343 1440 νοις
2365 1375 2830 1449 διαπραττόμενοι,
2865 1381 2922 1432 ὲν
2953 1381 3032 1452 τῷ
3064 1382 3400 1456 βλασφημεῖν
3431 1387 3523 1439 καὶ
3557 1389 3776 1443 ὑλακτεῖν

2231 1469 2320 1521 τὸν
2355 1470 2584 1540 Χριστὸν
2621 1469 2713 1524 τοῦ
2743 1471 2898 1534 Θεοῦ,
2927 1473 3026 1526 ούκ
3069 1472 3134 1526 ἂν
3167 1475 3433 1547 ἀλλότριοι
3467 1479 3672 1532 ἐκείνων
3703 1481 3776 1534 λο-

2231 1558 2482 1626 γισθείεν.
2537 1559 2694 1612 Ἀλλὰ
2739 1561 2830 1613 καὶ
2869 1561 2918 1613 οἱ
2955 1561 3111 1634 δίκην
3155 1563 3262 1616 τῶν
3301 1566 3421 1616 τότε
3461 1565 3774 1620 ἀσεϐούντων

2233 1653 2578 1722 στρατιωτῶν
2621 1653 3082 1724 ἀνασταυροῦντες
3123 1655 3215 1708 τὸν
3239 1656 3362 1709 Υἱὸν
3397 1656 3490 1710 τοῦ
3517 1657 3644 1710 Θεοῦ
3695 1661 3776 1713 καὶ

2227 1742 2811 1815 παραδειγματίζοντες
2841 1747 2940 1800 οὐκ
2973 1746 3038 1800 ἂν
3065 1745 3167 1816 τῆς
3197 1747 3422 1802 ἐκείνων
3451 1749 3652 1820 μακρὰν
3691 1751 3748 1819 γέ

2231 1849 2402 1886 νοιντο
2435 1833 2743 1899 διαθέσεως.
2797 1835 3000 1900 Πάντες
3037 1832 3130 1890 οὖν
3173 1837 3338 1890 εἰσέτι
3393 1839 3488 1891 καὶ
3519 1837 3608 1890 νῦν
3639 1841 3684 1892 οἱ
3721 1839 3774 1893 τὺ

555 1929 1036 1984 circumdederunt
1065 1929 1136 1984 ei.
1189 1928 1253 1982 Et
1285 1929 1579 1998 plectentes
1613 1943 1870 1983 coronam
1921 1927 1986 1982 de
2016 1926 2109 1995 spi

2229 1921 2386 1993 σῶμα
2417 1922 2511 1976 τοῦ
2539 1923 2794 1994 Χριστοῦ,
2827 1925 3072 1978 τουτέστι
3105 1926 3204 1997 τὴν
3241 1927 3584 1998 Ἐκκλησίαν,
3609 1927 3772 1980 λωεώ-

559 2021 669 2085 nis,
707 2021 1082 2090 impusuerunt
1112 2035 1275 2090 super
1316 2028 1480 2088 caput
1529 2019 1670 2087 ejus.
1717 2027 1772 2074 et
1805 2020 2124 2073 arundinem

557 2113 614 2168 in
647 2113 866 2169 dextera
896 2112 1035 2182 ejus.
1061 2109 1126 2163 Et
1155 2109 1383 2180 genibus
1415 2111 1568 2164 ﬂexis
1590 2119 1716 2166 ante
1748 2127 1893 2172 eum,
1928 2111 2124 2164 illude-

559 2207 690 2261 bant
719 2207 770 2262 ei
791 2204 1038 2260 dicentes
1063 2223 1076 2258 :
1105 2203 1236 2268 Ave,
1261 2201 1373 2257 Rex
1403 2201 1736 2258 Iudaeorum.
1775 2201 2126 2272 Etexspuen-

555 2307 638 2354 tes
674 2301 727 2353 in
755 2313 900 2362 eum,
935 2304 1262 2366 acceperunt
1295 2295 1640 2360 arundinem,
1663 2306 1716 2350 et
1741 2297 2122 2366 percutiebant

549 2399 718 2462 caput
751 2392 892 2460 ejus.
949 2388 1013 2444 Et
1064 2397 1349 2460 postquam
1393 2389 1685 2444 illuserunt
1733 2388 1807 2452 ei,
1855 2395 2123 2442 exuerunt

552 2499 676 2537 eum
728 2481 1112 2554 chlamydem,
1185 2489 1241 2535 et
1295 2480 1591 2536 induerunt
1647 2493 1772 2533 eum
1823 2485 2120 2533 vestimen-

549 2583 622 2636 tis
671 2581 787 2636 suis
820 2599 832 2634 :
863 2587 916 2634 et
971 2579 1313 2634 abduxerunt
1341 2594 1464 2633 eum
1495 2585 1554 2631 ut
1581 2575 1962 2644 crucifigerent
1986 2574 2058 2639 ";
2095 2593 2113 2626 ι

549 2671 941 2743 propemodum
993 2687 1054 2726 re
1107 2671 1224 2742 ipsa
1269 2673 1603 2740 complentes
1664 2667 1795 2721 illud
1850 2687 1863 2722 :
1907 2685 1925 2719 ε
1963 2666 2116 2732 Quo-

545 2767 695 2820 niam
769 2765 1244 2821 circumdederunt
1304 2780 1390 2819 me
1456 2777 1622 2818 canes
1693 2761 1846 2815 multi
1913 2780 1928 2815 :
1982 2775 2118 2814 con-

547 2859 732 2912 cilium
781 2859 1190 2929 malignantium
1240 2855 1454 2910 obsedit
1507 2869 1612 2908 me.
1673 2873 1692 2904 ι
1751 2851 1910 2924 505
1973 2852 2117 2918 Quin

547 2950 680 3004 illud
730 2951 892 3005 etiam
935 2969 952 3004 τ
1001 2967 1018 2999 ι
1071 2948 1349 3004 Foderunt
1392 2961 1588 3002 manus
1632 2960 1783 2999 meas
1833 2953 1886 2999 et
1947 2944 2112 3014 pedes

545 3055 735 3104 meos,
765 3039 1247 3094 dinumeraverunt
1294 3038 1477 3091 omnia
1541 3052 1666 3092 ossa
1719 3049 1861 3089 mea.
1920 3053 1938 3086 ι
1979 3033 2114 3088 Item

545 3131 680 3186 illud
727 3151 739 3186 :
793 3149 812 3181 ι
861 3130 970 3201 Ipsi
1007 3140 1186 3184 autem
1233 3130 1723 3184 consideraverunt
1765 3133 1818 3182 et
1861 3126 2113 3196 inspexe-

540 3231 672 3280 runt
713 3225 768 3278 in
808 3239 926 3287 me,
962 3243 980 3276 ι
1016 3231 1069 3279 et
1125 3223 1258 3278 illud
1303 3244 1318 3278 :
1357 3243 1376 3276 ι
1421 3222 1736 3278 Diviserunt
1787 3220 2109 3276 vestimenta

541 3329 662 3372 mea
715 3315 841 3380 sibi,
897 3323 951 3371 et
984 3331 1149 3385 super
1176 3327 1378 3370 vestem
1433 3329 1612 3369 meam
1667 3319 1936 3369 miserunt
1989 3325 2109 3366 sor-

540 3417 670 3461 tem.
705 3427 726 3459 ι
763 3405 908 3471 Hinc,
947 3407 1191 3476 inquam.
1221 3407 1404 3461 omnia
1449 3413 1585 3460 tunc
1630 3407 1902 3477 completa
1955 3410 2106 3468 sunt,

535 3513 661 3552 cum
691 3499 749 3552 in
775 3513 938 3552 cruce
969 3506 1022 3552 et
1043 3513 1242 3554 manus
1275 3499 1422 3553 illius
1449 3507 1498 3553 et
1525 3497 1708 3568 pedes,
1739 3499 1907 3554 clavis
1935 3505 2110 3552 trans-

537 3591 794 3656 ﬁxerunt,
845 3599 899 3646 et
933 3606 1056 3644 cum
1091 3591 1240 3646 illius
1271 3592 1594 3646 vestimenta
1641 3592 1995 3660 accipientes.
2041 3605 2105 3645 ea

537 3685 676 3732 mter
709 3693 768 3732 se
788 3677 1114 3733 diviserunt.
1149 3677 1279 3732 Nam
1304 3695 1422 3738 eam
1453 3696 1564 3734 rem
1611 3679 1850 3735 Joannes
1879 3681 2106 3751 exponit

535 3771 620 3826 his
648 3771 827 3826 verbis
855 3789 870 3824 :
909 3789 927 3822 ι
967 3770 1165 3825 Milites
1216 3772 1380 3840 igitur
1414 3787 1536 3825 cum
1572 3773 1975 3828 erui-.ilixissent
2007 3773 2100 3829 Je-

532 3877 678 3924 sum,
708 3869 1036 3931 acceperunt
1057 3863 1377 3916 vestimenta
1421 3863 1562 3930 ejus,
1600 3871 1654 3918 et
1689 3863 1936 3918 fecerunt
1964 3882 2102 3935 qua-

529 3959 658 4006 tuor
689 3961 890 4022 partes,
919 3953 1214 4023 unicuique
1233 3953 1392 4006 militi
1419 3961 1626 4024 partem
1671 3975 1688 4009 τ
1729 3958 1914 4011 tunica
1945 3973 2095 4022 vero,

527 4041 656 4112 quia
681 4053 797 4098 erat
821 4044 1166 4098 inconsutilis
1197 4059 1224 4096 a
1251 4059 1464 4098 summo
1493 4054 1746 4100 contexta
1776 4063 1870 4117 per
1893 4057 2094 4116 totum,

527 4137 784 4189 dixerunt
809 4137 950 4192 inter
985 4151 1044 4190 se
1075 4156 1088 4190 :
1127 4135 1203 4192 Ne
1233 4137 1552 4193 scindamus
1583 4155 1726 4198 eam.
1759 4141 1853 4195 sed
1899 4143 2097 4196 sortia-

525 4243 650 4283 mur
681 4229 748 4284 de
777 4231 866 4282 illa
893 4231 1055 4298 cujus
1096 4231 1188 4294 sit,
1223 4239 1282 4284 ut
1315 4232 1632 4302 impleretur
1665 4231 1948 4303 Scriptura
1977 4253 2096 4306 quze

523 4317 698 4373 dicit:
743 4317 932 4373 Partit'i
969 4329 1107 4376 sunt
1159 4321 1482 4376 vestimenta
1533 4337 1652 4377 mea
1681 4323 1900 4386 sibi,—et
1931 4341 2096 4396 super

523 4417 726 4466 vestem
757 4427 930 4466 meam
965 4413 1232 4468 miserunt
1277 4424 1480 4468 sortem
1515 4433 1528 4468 :
1563 4426 1616 4470 et
1644 4417 1844 4474 milites
1871 4418 2112 4488 quidem

521 4503 638 4556 hzcc
665 4503 913 4558 fecerunt
945 4506 1009 4559 ".
1061 4525 1079 4555 ι
1119 4503 1407 4560 Μοιιιιίῐξιιε
1437 4523 1568 4560 vero
1595 4509 1786 4563 iisdem
1813 4511 1979 4566 rebus
2001 4526 2093 4580 ge-

2229 2031 2376 2084 μενοι
2411 2017 2597 2084 χεῖρας
2630 2015 2794 2068 αὐτοῦ
2838 2017 2929 2068 καὶ
2961 2017 3124 2080 πόδας
3165 2017 3255 2070 καὶ
3289 2019 3510 2090 προσέτι
3539 2021 3606 2073 τὰ
3629 2019 3770 2074 ὀστέα

2223 2105 2678 2179 διαχειρίζονται,
2735 2109 2790 2162 εί
2835 2125 2896 2178 γε
2946 2109 3146 2174 πάντες
3197 2110 3254 2164 ἓν
3311 2111 3470 2184 σῶμά
3516 2115 3676 2185 ἐσμεν
3721 2115 3770 2168 ὲν

2223 2199 2464 2270 Χριστῷ,
2517 2201 2546 2252 ό
2591 2200 2648 2254 δὲ
2698 2201 2892 2266 καθεῖς
2937 2203 3178 2274 ἀλλήλων
3225 2205 3380 2276 μέλη.
3443 2207 3550 2260 Καὶ
3581 2209 3678 2260 ούκ
3713 2207 3770 2260 ἂν

2222 2289 2364 2342 εἴποι
2397 2291 2428 2360 ἠ
2459 2291 2666 2363 κεφαλὴ
2695 2295 2806 2354 τοῖς
2841 2293 2964 2346 ποσί
2987 2311 3000 2324 υ
3041 2295 3272 2365 «Χρείαν
3306 2297 3458 2366 ὑμῶν
3483 2299 3584 2350 οὐκ
3613 2297 3728 2368 ἔχω,
3749 2317 3764 2348 ι

2221 2379 2296 2444 ὡς
2329 2382 2447 2434 οὐδὲ
2487 2385 2606 2446 ταῖς
2641 2385 2827 2455 χερσὶν
2881 2386 2931 2437 οἱ
2969 2385 3252 2457 ὀφθαλμοί.
3301 2389 3458 2441 Κατὰ
3497 2388 3626 2457 γοῦν
3661 2392 3768 2453 τοὺς

2223 2475 2448 2544 καιροὺς
2471 2475 2579 2527 τῶν
2609 2475 2881 2544 διωγμῶν,
2913 2477 2965 2530 εἴ
2989 2479 3116 2531 ποτέ
3149 2495 3268 2534 τινα
3295 2481 3436 2534 κατὰ
3463 2481 3572 2534 τῶν
3613 2482 3768 2552 μελῶν

2219 2565 2312 2618 τοῦ
2341 2565 2572 2637 Χριστοῦ
2611 2567 2747 2638 πρὸς
2779 2569 2888 2622 τῶν
2937 2569 3145 2642 ἐχθρῶν
3191 2573 3284 2624 καὶ
3331 2572 3603 2644 πολεμίων
3637 2575 3768 2644 ἐνερ-

2220 2661 2386 2726 γοίτο,
2435 2658 2576 2712 εἴποι
2627 2658 2692 2712 ἂν
2733 2661 2826 2714 καὶ
2879 2663 3004 2734 περὶ
3051 2661 3229 2715 αὐτῶν
3270 2664 3369 2717 ούκ
3419 2665 3662 2736 ἀκαίρως
3697 2665 3766 2729 τὺ,

2225 2768 2244 2801 r
2280 2750 2512 2822 Ὠρυξαν
2572 2756 2759 2825 χεῖράς
2821 2771 2952 2825 μου,
3013 2757 3109 2809 καὶ
3174 2757 3336 2821 πόδας
3396 2777 3498 2828 μου
3529 2800 3546 2824 ,
3597 2759 3766 2830 £5119!-

2219 2841 2433 2913 θμησαν
2485 2845 2660 2899 πάντα
2705 2849 2774 2901 τὰ
2819 2848 2958 2902 ὀστᾶ
2999 2865 3120 2920 μου.
3169 2851 3330 2904 Αὐτοὶ
3358 2849 3416 2903 δὲ
3453 2852 3766 2922 κατενόησαν

2217 2937 2312 2988 καὶ
2355 2937 2562 2990 ἐπεῖδόν
2620 2955 2705 3008 με.
2739 2959 2756 2990 θ
2813 2940 2946 2994 Τότε
3004 2941 3059 2994 δὲ
3114 2943 3206 2995 καὶ
3267 2943 3670 3014 διαμερίζονται
3709 2943 3766 2996 τὰ

2219 3027 2410 3097 ἱμάτια
2439 3028 2604 3082 αὐτοῦ
2631 3029 2862 3092 ἑαυτοῖς,
2901 3030 2996 3084 καὶ
3031 3032 3124 3084 ἐπὶ
3143 3032 3233 3085 τὸν
3283 3033 3572 3103 ἱματισμόν
3619 3031 3764 3087 αὑτοῦ

2217 3117 2464 3190 βάλλουσι
2515 3122 2746 3194 κλῆρον,
2790 3125 2878 3177 ὅτε
2923 3125 3014 3177 τὸν
3041 3123 3136 3177 τοῦ
3179 3125 3337 3194 λόγου
3383 3127 3586 3198 κόσμον
3605 3168 3620 3190 ,
3663 3129 3764 3198 ἤτοι

2212 3213 2310 3276 τὰς
2337 3211 2506 3278 λέξεις
2529 3213 2637 3266 τῶν
2673 3215 2831 3268 θείων
2859 3215 3107 3287 Γραφῶν,
3147 3217 3334 3272 ἄλλοτε
3359 3219 3532 3284 ἄλλως
3554 3221 3766 3282 ἕκαστος

2212 3305 2535 3378 διαφθείρων
2571 3309 2888 3374 ἐπισπᾶται,
2923 3313 3014 3364 καὶ
3041 3312 3129 3364 ὅτε
3159 3311 3258 3375 τὰς
3285 3315 3410 3384 περὶ
3435 3315 3600 3368 αὐτοῦ
3627 3315 3766 3380 δόξας

2209 3395 2550 3469 διαστρόφοις
2609 3399 2978 3465 διδασκαλίαις
3041 3402 3550 3474 ἀπολαμϐάνουσιν,
3625 3409 3764 3460 dmi:

2211 3490 2439 3562 σύνηθες
2479 3495 2591 3555 τοῖς
2631 3493 2810 3556 ἀθέοις
2843 3493 3184 3565 αἱρεσιὼταις
3232 3501 3422 3550 ποιεῖν.
3475 3499 3598 3552 Ἐπὶ
3649 3500 3766 3552 πᾶσι

2207 3582 2416 3646 τούτοις
2463 3583 2597 3655 πρὸς
2643 3585 2733 3637 τὸν
2779 3585 2974 3638 ἑαυτοῦ
3011 3585 3143 3639 Θεὸν
3189 3589 3280 3640 καὶ
3303 3588 3508 3660 Κύριον
3543 3590 3638 3642 καὶ
3669 3591 3766 3643 Πα-

2207 3675 2339 3746 τέρα
2383 3676 2480 3747 τὴν
2509 3677 2674 3748 εὐχὴν
2717 3677 3035 3741 ἀποτείνας,
3081 3679 3334 3751 ἐπιφέρει
3389 3681 3564 3749 λέγων
3589 3700 3603 3711 ·
3655 3701 3673 3732 ι
3701 3682 3762 3733 ΣΞ»

2204 3765 2282 3830 δὲ,
2322 3767 2524 3838 Κύριε,
2576 3769 2648 3838 μὴ
2687 3769 2968 3842 μακρύνῃς
3013 3771 3112 3841 τὴν
3151 3771 3401 3841 βοήθειαν
3447 3791 3571 3844 μου.
3615 3795 3634 3826 ι
3687 3773 3764 3825 Ὠ·

2204 3860 2311 3931 γὰρ
2359 3861 2438 3922 είς
2485 3859 2658 3931 βραχὺ
2693 3860 3070 3930 καταλειφθεὶς
3108 3861 3244 3934 πρὸς
3287 3863 3382 3935 τὴν
3419 3864 3516 3918 τοῦ
3573 3866 3764 3934 ἀγῶνος

2200 3951 2481 4018 ἐπίδειξιν,
2530 3952 2622 4004 καὶ
2671 3953 2828 4021 μόνος
2863 3952 2981 4022 δίχα
3019 3953 3212 4024 βοηθοῦ
3245 3957 3380 4028 πρὸς
3415 3959 3510 4012 τὸν
3553 3961 3760 4014 θάνατον

2199 4045 2628 4116 ἀποδυσάμενος,
2667 4039 2724 4098 εὖ
2761 4045 2915 4110 εἰδὼς
2951 4045 3050 4117 τὴν
3084 4048 3336 4120 βοήθειαν
3367 4053 3466 4123 τὴν
3499 4055 3650 4126 παρὰ
3679 4053 3760 4106 τοῦ

2199 4139 2407 4210 Πατρός
2455 4139 2558 4191 οὐκ
2603 4137 2775 4201 ἄλλως
2819 4138 2966 4208 αὑτῴ
3011 4141 3334 4211 γενήσεσθαι
3379 4143 3410 4214 ἥ
3447 4143 3537 4198 διὰ
3575 4147 3670 4216 τῆς
3705 4147 3762 4198 ἐκ

2197 4232 2404 4304 νεκρῶν
2479 4231 2829 4294 ἀναστάσεως
2856 4272 2872 4296 ,
2935 4233 3158 4296 εἰκότως
3221 4235 3312 4288 ἐπὶ
3343 4235 3436 4288 τοῦ
3507 4237 3758 4308 παρόντος

2196 4326 2408 4396 εὔχεται
2447 4323 2680 4391 διεξόδου
2729 4326 2912 4392 τυχεῖν
2957 4325 3054 4396 τῆς
3093 4325 3200 4378 τῶν
3246 4327 3554 4380 ἀντιπάλων
3597 4340 3758 4396 ταρα-

2193 4415 2416 4482 τάξεως.
2462 4416 2552 4468 Διό
2580 4432 2740 4488 φησι*
2775 4415 2880 4468 «Σὺ
2910 4415 2986 4478 δὲ,
3017 4415 3206 4486 Κύριε,
3243 4417 3315 4488 μὴ
3353 4419 3632 4488 μακρύνῃς
3667 4417 3756 4485 τὴν

2197 4506 2442 4578 βοήθειάν
2495 4523 2626 4576 μου,
2681 4507 2762 4568 εἰς
2807 4504 2907 4576 τὴν
2949 4506 3232 4576 ἀντίληψίν
3285 4523 3385 4575 μου
3441 4505 3692 4576 πρόσχες.
3734 4522 3752 4554 ι

519 4597 622 4651 stis
665 4597 724 4651 in
757 4598 904 4654 hunc
946 4601 1166 4655 modum
1199 4601 1357 4654 Iidem
1389 4599 1517 4654 facit
1551 4621 1564 4655 :
1601 4621 1618 4652 ‹
1661 4602 1954 4672 Postquam
1987 4619 2087 4656 au-

2211 4599 2291 4652 ὶιέι
2324 4599 2433 4670 γὰρ
2473 4600 2572 4669 τῆς
2621 4599 2720 4668 σῆς
2771 4597 3026 4668 βοηθείας
3071 4595 3412 4669 ἡάντίληιῐρίς
3465 4615 3556 4668 μοι
3607 4597 3756 4666 γενῆν

516 4697 624 4742 tem
655 4691 1047 4746 crucihxerunt
1073 4707 1222 4754 eum,
1253 4692 1558 4747 diviserunt
1585 4697 1908 4750 vestimenta
1945 4695 2086 4764 ejus,

515 4785 718 4832 sortem
767 4781 1065 4846 mittentes,
1097 4791 1156 4836 ut
1205 4783 1521 4852 impleretur
1569 4785 1715 4854 quod
1761 4785 1966 4839 dictum
2002 4795 2090 4840 est

513 4883 614 4938 per
647 4871 960 4941 prophetam
1011 4893 1031 4928 ε
1085 4873 1396 4930 Diviserunt
1429 4877 1750 4932 vestimenta
1798 4893 1914 4932 mea
1955 4877 2082 4944 sibi,

510 4969 564 5015 et
591 4977 757 5034 super
776 4975 984 5020 vestem
1017 4983 1194 5022 meam
1217 4969 1485 5023 miserunt
1515 4977 1716 5024 sortem
1751 4987 1763 5024 :
1797 4975 1851 5024 et
1891 4971 2087 5026 sedenu

507 5060 592 5108 tes
625 5055 916 5110 servabant
956 5073 1080 5113 eum
1097 5059 1166 5112 ⁴³.
1207 5079 1228 5112 ο
1277 5059 1454 5116 Canes
1479 5069 1657 5116 autem
1691 5069 1848 5115 erant
1875 5063 1968 5132 qui
2019 5063 2085 5116 il-

509 5144 620 5200 lum
643 5147 1142 5213 circumdederant,
1187 5156 1242 5204 et
1289 5159 1592 5206 conventus
1641 5153 2080 5222 malignantium,

507 5231 610 5302 ipsi
645 5236 710 5290 ad
739 5238 1214 5294 circumcisionem
1241 5241 1580 5310 pertinentes
1605 5242 1958 5312 magistratus
1989 5240 2082 5294 Ju-

503 5323 769 5390 daeorum,
793 5335 847 5381 et
869 5325 1078 5384 Scriba:
1105 5339 1160 5385 et
1183 5331 1460 5401 principes
1487 5333 1834 5386 sacerdotum
1861 5341 1912 5386 et
1938 5331 2080 5386 Plia-

505 5417 670 5479 risaei,
717 5420 814 5488 qui
845 5421 1009 5475 etiam
1041 5423 1356 5477 universam
1391 5423 1798 5478 multitudinem
1848 5441 2080 5494 compu-

503 5503 703 5568 lerunt.
739 5517 800 5562 ut
829 5513 1152 5583 sanguinem
1188 5514 1336 5569 illius
1357 5521 1412 5568 et
1431 5515 1734 5570 adversum
1781 5517 2000 5586 seipsos
2025 5529 2078 5572 et

504 5595 792 5653 adversum
817 5602 956 5656 lilios
985 5617 1116 5659 suos
1149 5613 1416 5674 peterent.
1445 5603 1686 5660 Proinde
1709 5605 1879 5662 Isaias
1909 5609 2075 5676 plane

500 5685 622 5742 illos
649 5705 816 5748 canes
843 5701 1020 5758 vocat,
1053 5695 1184 5750 dum
1210 5697 1342 5752 dicit
1375 5717 1388 5752 :
1429 5715 1448 5750 ι
1491 5696 1694 5754 Omnes
1745 5711 1910 5754 canes
1947 5707 2068 5754 stu-

571 5871 614 5904 “
653 5871 842 5928 Matth.
877 5893 1060 5942 nm,
1097 5877 1284 5934 Ξῗ-ὗι.

2197 4707 2368 4752 σεται,
2406 4689 2474 4742 δι’
2497 4691 2562 4760 ἣν
2584 4689 2866 4758 ἀντίληψιν
2892 4689 2920 4740 ό
2949 4689 3054 4752 πᾶς
3085 4687 3308 4750 εἰκότως
3355 4687 3754 4758 προγέγραπται

2193 4781 2402 4852 ψαλμὸς
2435 4781 2573 4852 ὑπὲρ
2595 4782 2692 4852 τῆς
2716 4780 2946 4851 ἑωθινῆς
2988 4779 3339 4850 ἀντιλήψεως.
3362 4779 3458 4842 Εἰς
3489 4781 3587 4850 τὴν
3621 4777 3756 4832 ἀντί-

2191 4871 2351 4945 ληιξιν
2393 4874 2683 4945 τοιγαροῦν
2733 4874 3010 4945 πρότλες,
3061 4881 3318 4944 παρέχων
3367 4891 3456 4944 μοι
3501 4875 3600 4944 τὴν
3643 4873 3752 4926 ὅπν

2185 4965 2338 5019 οὔπω
2363 4965 2502 5020 κατά
2523 4967 2622 5037 τὴν
2655 4966 2728 5020 ἓω
2753 4967 2828 5020 ἐκ
2842 4967 3051 5038 νεκρῶν
3079 4965 3429 5030 ἀναστάσεως
3459 4965 3749 5036 ἀντίληψιν.

2185 5051 2251 5128 ἧς
2299 5055 2499 5119 ἐλπίζω
2563 5055 2886 5120 τεύξεσθαι,
2957 5058 3137 5120 ἐπὰν,
3202 5057 3276 5128 μὴ
3333 5057 3609 5128 μακρύνας
3659 5071 3749 5125 μου

2183 5146 2378 5216 αὐτὴν,
2427 5167 2444 5196 1
2481 5149 2619 5218 ῥύσῃ
2673 5147 2781 5200 ἀπὸ
2831 5149 3102 5220 ῥομφαίας
3155 5149 3255 5220 τὴν
3295 5147 3472 5218 ψυχήν
3514 5165 3634 5218 μου,
3667 5145 3748 5198 καὶ

2183 5239 2246 5290 ὲκ
2293 5237 2474 5310 χειρὸς
2525 5237 2684 5301 κυνὸς
2727 5239 2828 5307 τὴν
2887 5238 3146 5308 μονογενῆ
3201 5253 3336 5308 μου·
3397 5237 3532 5290 ἐπὰν
3581 5235 3748 5306 σῴσῃς

2183 5347 2251 5400 με
2335 5331 2399 5382 ἐκ
2475 5332 2740 5400 στόματος
2829 5329 3078 5393 λέοντος,
3163 5329 3258 5382 καὶ
3325 5329 3433 5381 ἀπὸ
3511 5329 3744 5398 κεράτων

2183 5423 2568 5496 μονοκερώτων
2599 5425 2701 5493 τὴν
2725 5423 3050 5476 ταπείνωσίν
3087 5437 3188 5492 μου
3209 5437 3223 5450 ⁸
3257 5439 3276 5470 ι
3313 5421 3392 5472 Δι’
3419 5413 3490 5472 ὧν
3519 5418 3740 5488 ἠγοῦμαι

2179 5517 2340 5570 αὐτὸν
2369 5516 2468 5579 τὰς
2503 5514 2885 5584 καταχθονίους
2923 5511 3256 5566 αἰνίττεσθαι
3283 5511 3554 5580 δυνάμεις,
3585 5504 3658 5561 ὧν
3685 5509 3738 5562 ού

2175 5607 2297 5662 καθ’
2328 5608 2474 5678 ἡμᾶς
2527 5606 2594 5659 ἂν
2645 5605 2730 5676 εἱή
2787 5607 2903 5658 κατ’
2937 5601 3072 5668 εἶδος
3131 5601 3521 5657 διαστείλασθαι
3549 5601 3642 5655 καὶ
3671 5599 3734 5654 δια

2171 5701 2334 5764 ελείν,
2355 5701 2500 5764 ὅπως
2529 5697 2688 5767 ἠμέν
2713 5715 2796 5760 τις
2817 5697 2994 5753 αὐτῶν
3025 5695 3266 5768 ῥομφαία
3295 5693 3430 5750 οὖσα
3453 5693 3736 5749 ἅνετείνετο

1366 5880 1406 5910 ¹²
1445 5879 1604 5936 Joan.
1643 5897 1732 5936 us
1757 5925 1770 5948 ,
1805 5881 1992 5952 εδει,
2069 5885 2116 5918 ⁸³
2153 5883 2202 5939 Il
2241 5885 2338 5938 tth.
2383 5895 2570 5948 um,
2605 5881 2794 5948 35,36.
