  <div class='ocr_page' id='page_1' title='image "/cluster/home/n/w/nwhite01/storage/ocr_20150623/22/hvd.32044020605168/422.png"; bbox 0 0 3938 6554; ppageno 0'>
   <div class='ocr_carea' id='block_1_1' title="bbox 191 451 2472 523">
    <p class='ocr_par' dir='ltr' id='par_1_1' title="bbox 191 451 2472 523">
     <span class='ocr_line' id='line_1_1' title="bbox 191 451 2472 523; baseline -0.006 -1"><span class='ocrx_word' id='word_1_1' title='bbox 191 468 276 523; x_wconf 80' lang='lat'><strong>185</strong></span> <span class='ocrx_word' id='word_1_2' title='bbox 1064 455 1712 514; x_wconf 74' lang='lat' dir='ltr'><strong>DEMONSTRATIONIS</strong></span> <span class='ocrx_word' id='word_1_3' title='bbox 1750 451 2206 511; x_wconf 68' lang='lat' dir='ltr'><strong>EVANGELICAE</strong></span> <span class='ocrx_word' id='word_1_4' title='bbox 2239 455 2364 510; x_wconf 84' lang='lat' dir='ltr'><strong>LIB.</strong></span> <span class='ocrx_word' id='word_1_5' title='bbox 2405 454 2472 510; x_wconf 77' lang='grc' dir='ltr'><strong>Χ.</strong></span> 
     </span>
    </p>
   </div>
   <div class='ocr_carea' id='block_1_2' title="bbox 3299 449 3392 506">
    <p class='ocr_par' dir='ltr' id='par_1_2' title="bbox 3299 449 3392 506">
     <span class='ocr_line' id='line_1_2' title="bbox 3299 449 3392 506; baseline 0 0"><span class='ocrx_word' id='word_1_6' title='bbox 3299 449 3392 506; x_wconf 78' lang='lat'><strong>786</strong></span> 
     </span>
    </p>
   </div>
   <div class='ocr_carea' id='block_1_3' title="bbox 190 567 1733 646">
    <p class='ocr_par' dir='ltr' id='par_1_3' title="bbox 190 572 1723 646">
     <span class='ocr_line' id='line_1_3' title="bbox 190 572 1723 646; baseline -0.007 -12"><span class='ocrx_word' id='word_1_7' title='bbox 190 577 306 635; x_wconf 72' lang='grc' dir='ltr'>κατὰ</span> <span class='ocrx_word' id='word_1_8' title='bbox 335 575 425 646; x_wconf 77' lang='grc' dir='ltr'>τῆς</span> <span class='ocrx_word' id='word_1_9' title='bbox 460 573 634 645; x_wconf 76' lang='grc' dir='ltr'>ψυχῆς</span> <span class='ocrx_word' id='word_1_10' title='bbox 666 573 759 626; x_wconf 88' lang='grc' dir='ltr'><strong>τοῦ</strong></span> <span class='ocrx_word' id='word_1_11' title='bbox 793 573 1038 644; x_wconf 80' lang='grc' dir='ltr'><strong>Σωτῆρος</strong></span> <span class='ocrx_word' id='word_1_12' title='bbox 1071 577 1102 645; x_wconf 79' lang='grc' dir='ltr'>ἡ</span> <span class='ocrx_word' id='word_1_13' title='bbox 1113 573 1228 643; x_wconf 85' lang='grc' dir='ltr'>μῶν</span> <span class='ocrx_word' id='word_1_14' title='bbox 1248 591 1262 605; x_wconf 69' lang='grc'><strong>⁸</strong></span> <span class='ocrx_word' id='word_1_15' title='bbox 1305 576 1337 644; x_wconf 77' lang='grc' dir='ltr'><strong>ἡ</strong></span> <span class='ocrx_word' id='word_1_16' title='bbox 1371 574 1429 628; x_wconf 77' lang='grc' dir='ltr'>δέ</span> <span class='ocrx_word' id='word_1_17' title='bbox 1456 591 1538 637; x_wconf 88' lang='grc' dir='ltr'><strong>τις</strong></span> <span class='ocrx_word' id='word_1_18' title='bbox 1578 572 1723 625; x_wconf 83' lang='grc' dir='ltr'><strong>κύων</strong></span> 
     </span>
    </p>
   </div>
   <div class='ocr_carea' id='block_1_4' title="bbox 1836 567 3394 646">
    <p class='ocr_par' dir='ltr' id='par_1_4' title="bbox 1836 567 3394 640">
     <span class='ocr_line' id='line_1_4' title="bbox 1836 567 3394 640; baseline -0.001 -17"><span class='ocrx_word' id='word_1_19' title='bbox 1836 567 1961 640; x_wconf 89' lang='lat' dir='ltr'><strong>pidi,</strong></span> <span class='ocrx_word' id='word_1_20' title='bbox 1983 569 2076 639; x_wconf 88' lang='lat' dir='ltr'><strong>qui</strong></span> <span class='ocrx_word' id='word_1_21' title='bbox 2109 579 2386 640; x_wconf 80' lang='lat' dir='ltr'><strong>nequeunt</strong></span> <span class='ocrx_word' id='word_1_22' title='bbox 2419 569 2616 625; x_wconf 88' lang='lat' dir='ltr'><strong>latrare</strong></span> <span class='ocrx_word' id='word_1_23' title='bbox 2639 570 2702 624; x_wconf 76' lang='grc'><strong>¹⁵.</strong></span> <span class='ocrx_word' id='word_1_24' title='bbox 2737 591 2756 622; x_wconf 70' lang='grc' dir='ltr'><strong>ι</strong></span> <span class='ocrx_word' id='word_1_25' title='bbox 2789 569 2924 624; x_wconf 92' lang='lat' dir='ltr'><strong>Cum</strong></span> <span class='ocrx_word' id='word_1_26' title='bbox 2955 568 3098 625; x_wconf 89' lang='lat' dir='ltr'><strong>enim</strong></span> <span class='ocrx_word' id='word_1_27' title='bbox 3121 583 3215 624; x_wconf 89' lang='lat' dir='ltr'><strong>eos</strong></span> <span class='ocrx_word' id='word_1_28' title='bbox 3235 584 3394 639; x_wconf 79' lang='lat' dir='ltr'><strong>Opur-</strong></span> 
     </span>
    </p>
   </div>
   <div class='ocr_carea' id='block_1_5' title="bbox 189 663 1723 738">
    <p class='ocr_par' dir='ltr' id='par_1_5' title="bbox 189 663 1723 738">
     <span class='ocr_line' id='line_1_5' title="bbox 189 663 1723 738; baseline -0.007 -12"><span class='ocrx_word' id='word_1_29' title='bbox 189 668 298 726; x_wconf 76' lang='grc' dir='ltr'>οὖσα</span> <span class='ocrx_word' id='word_1_30' title='bbox 337 665 564 734; x_wconf 87' lang='grc' dir='ltr'>θανάτῳ.</span> <span class='ocrx_word' id='word_1_31' title='bbox 599 664 698 736; x_wconf 76' lang='grc' dir='ltr'>τὴν</span> <span class='ocrx_word' id='word_1_32' title='bbox 740 663 1109 736; x_wconf 88' lang='grc' dir='ltr'>θανατηφόρον</span> <span class='ocrx_word' id='word_1_33' title='bbox 1139 669 1295 737; x_wconf 86' lang='grc' dir='ltr'>χεῖρα</span> <span class='ocrx_word' id='word_1_34' title='bbox 1340 664 1723 738; x_wconf 73' lang='grc' dir='ltr'>προύϐάλλετο,</span> 
     </span>
    </p>
   </div>
   <div class='ocr_carea' id='block_1_6' title="bbox 189 751 1727 825">
    <p class='ocr_par' dir='ltr' id='par_1_6' title="bbox 189 751 1727 825">
     <span class='ocr_line' id='line_1_6' title="bbox 189 751 1727 825; baseline -0.007 -11"><span class='ocrx_word' id='word_1_35' title='bbox 189 764 251 824; x_wconf 76' lang='grc' dir='ltr'><strong>είς</strong></span> <span class='ocrx_word' id='word_1_36' title='bbox 289 758 342 811; x_wconf 69' lang='grc' dir='ltr'>τδ</span> <span class='ocrx_word' id='word_1_37' title='bbox 386 753 728 822; x_wconf 68' lang='grc' dir='ltr'>καθάψασθαι</span> <span class='ocrx_word' id='word_1_38' title='bbox 774 754 962 825; x_wconf 80' lang='grc' dir='ltr'>αὑτῆς.</span> <span class='ocrx_word' id='word_1_39' title='bbox 1013 754 1103 806; x_wconf 88' lang='grc' dir='ltr'>Διό</span> <span class='ocrx_word' id='word_1_40' title='bbox 1148 770 1310 825; x_wconf 87' lang='grc' dir='ltr'>φησι·</span> <span class='ocrx_word' id='word_1_41' title='bbox 1349 752 1575 806; x_wconf 75' lang='grc' dir='ltr'>ιῬῦσαι</span> <span class='ocrx_word' id='word_1_42' title='bbox 1622 751 1727 804; x_wconf 82' lang='grc' dir='ltr'><strong>ἀπὸ</strong></span> 
     </span>
    </p>
   </div>
   <div class='ocr_carea' id='block_1_7' title="bbox 189 841 1727 926">
    <p class='ocr_par' dir='ltr' id='par_1_7' title="bbox 189 841 1727 926">
     <span class='ocr_line' id='line_1_7' title="bbox 189 841 1727 926; baseline -0.006 -24"><span class='ocrx_word' id='word_1_43' title='bbox 189 851 431 926; x_wconf 77' lang='grc' dir='ltr'>ῥομφαίας</span> <span class='ocrx_word' id='word_1_44' title='bbox 480 846 576 918; x_wconf 78' lang='grc' dir='ltr'>τὴν</span> <span class='ocrx_word' id='word_1_45' title='bbox 619 846 793 916; x_wconf 73' lang='grc' dir='ltr'>ψυχήν</span> <span class='ocrx_word' id='word_1_46' title='bbox 842 863 965 916; x_wconf 88' lang='grc' dir='ltr'>μου,</span> <span class='ocrx_word' id='word_1_47' title='bbox 993 846 1086 898; x_wconf 71' lang='grc' dir='ltr'><strong>καὶ</strong></span> <span class='ocrx_word' id='word_1_48' title='bbox 1118 847 1180 898; x_wconf 81' lang='grc' dir='ltr'><strong>ἐκ</strong></span> <span class='ocrx_word' id='word_1_49' title='bbox 1207 846 1385 917; x_wconf 76' lang='grc' dir='ltr'>χειρὸς</span> <span class='ocrx_word' id='word_1_50' title='bbox 1430 844 1588 906; x_wconf 81' lang='grc' dir='ltr'>κυνὸς</span> <span class='ocrx_word' id='word_1_51' title='bbox 1631 841 1727 913; x_wconf 79' lang='grc' dir='ltr'><strong>τὴν</strong></span> 
     </span>
    </p>
   </div>
   <div class='ocr_carea' id='block_1_8' title="bbox 189 935 1725 1015">
    <p class='ocr_par' dir='ltr' id='par_1_8' title="bbox 189 935 1725 1015">
     <span class='ocr_line' id='line_1_8' title="bbox 189 935 1725 1015; baseline -0.007 -19"><span class='ocrx_word' id='word_1_52' title='bbox 189 940 418 1015; x_wconf 75' lang='grc' dir='ltr'><strong>μονογενῆ</strong></span> <span class='ocrx_word' id='word_1_53' title='bbox 455 956 555 1008; x_wconf 87' lang='grc' dir='ltr'><strong>μου</strong></span> <span class='ocrx_word' id='word_1_54' title='bbox 575 955 588 968; x_wconf 77' lang='lat'><strong><em>°</em></strong></span> <span class='ocrx_word' id='word_1_55' title='bbox 627 958 644 988; x_wconf 75' lang='grc' dir='ltr'><strong>ι</strong></span> <span class='ocrx_word' id='word_1_56' title='bbox 683 937 811 1006; x_wconf 86' lang='grc' dir='ltr'>ἄλλη</span> <span class='ocrx_word' id='word_1_57' title='bbox 845 937 902 990; x_wconf 86' lang='grc' dir='ltr'><strong>δέ</strong></span> <span class='ocrx_word' id='word_1_58' title='bbox 931 955 1012 1000; x_wconf 88' lang='grc' dir='ltr'><strong>τις</strong></span> <span class='ocrx_word' id='word_1_59' title='bbox 1049 937 1258 1008; x_wconf 76' lang='grc' dir='ltr'>πονηρά</span> <span class='ocrx_word' id='word_1_60' title='bbox 1289 938 1382 991; x_wconf 78' lang='grc' dir='ltr'><strong>καὶ</strong></span> <span class='ocrx_word' id='word_1_61' title='bbox 1415 935 1520 990; x_wconf 84' lang='grc' dir='ltr'>τῶν</span> <span class='ocrx_word' id='word_1_62' title='bbox 1549 938 1725 990; x_wconf 79' lang='grc' dir='ltr'>ἐκεῖσε</span> 
     </span>
    </p>
   </div>
   <div class='ocr_carea' id='block_1_9' title="bbox 187 1027 1724 1105">
    <p class='ocr_par' dir='ltr' id='par_1_9' title="bbox 187 1027 1724 1105">
     <span class='ocr_line' id='line_1_9' title="bbox 187 1027 1724 1105; baseline -0.007 -17"><span class='ocrx_word' id='word_1_63' title='bbox 187 1034 358 1105; x_wconf 69' lang='grc' dir='ltr'>θηρίων</span> <span class='ocrx_word' id='word_1_64' title='bbox 405 1031 686 1102; x_wconf 73' lang='grc' dir='ltr'><strong>ἡγουμένη</strong></span> <span class='ocrx_word' id='word_1_65' title='bbox 737 1029 983 1099; x_wconf 83' lang='grc' dir='ltr'>δύναμις,</span> <span class='ocrx_word' id='word_1_66' title='bbox 1013 1029 1148 1082; x_wconf 86' lang='grc' dir='ltr'>λέων</span> <span class='ocrx_word' id='word_1_67' title='bbox 1192 1027 1724 1098; x_wconf 79' lang='grc' dir='ltr'><strong>προσαγορευομένη,</strong></span> 
     </span>
    </p>
   </div>
   <div class='ocr_carea' id='block_1_10' title="bbox 187 1116 1724 1188">
    <p class='ocr_par' dir='ltr' id='par_1_10' title="bbox 187 1116 1724 1188">
     <span class='ocr_line' id='line_1_10' title="bbox 187 1116 1724 1188; baseline -0.005 -12"><span class='ocrx_word' id='word_1_68' title='bbox 187 1123 232 1176; x_wconf 76' lang='grc' dir='ltr'><strong>τὸ</strong></span> <span class='ocrx_word' id='word_1_69' title='bbox 264 1121 419 1174; x_wconf 70' lang='grc' dir='ltr'>πλατύ</span> <span class='ocrx_word' id='word_1_70' title='bbox 465 1121 559 1172; x_wconf 75' lang='grc' dir='ltr'><strong>καὶ</strong></span> <span class='ocrx_word' id='word_1_71' title='bbox 590 1119 785 1188; x_wconf 75' lang='grc' dir='ltr'>ἀχανὲς</span> <span class='ocrx_word' id='word_1_72' title='bbox 816 1119 907 1171; x_wconf 84' lang='grc' dir='ltr'><strong>τοῦ</strong></span> <span class='ocrx_word' id='word_1_73' title='bbox 939 1117 1169 1171; x_wconf 79' lang='grc' dir='ltr'><strong>Θανάτου</strong></span> <span class='ocrx_word' id='word_1_74' title='bbox 1201 1119 1373 1187; x_wconf 92' lang='grc' dir='ltr'>στόμα</span> <span class='ocrx_word' id='word_1_75' title='bbox 1397 1116 1724 1183; x_wconf 81' lang='grc' dir='ltr'>διανοίξασα,</span> 
     </span>
    </p>
   </div>
   <div class='ocr_carea' id='block_1_11' title="bbox 186 1207 1728 1299">
    <p class='ocr_par' dir='ltr' id='par_1_11' title="bbox 186 1207 1728 1299">
     <span class='ocr_line' id='line_1_11' title="bbox 186 1207 1728 1299; baseline -0.003 -34"><span class='ocrx_word' id='word_1_76' title='bbox 186 1212 298 1284; x_wconf 81' lang='grc' dir='ltr'><strong>μετά</strong></span> <span class='ocrx_word' id='word_1_77' title='bbox 321 1211 424 1264; x_wconf 76' lang='grc' dir='ltr'>τῶν</span> <span class='ocrx_word' id='word_1_78' title='bbox 457 1210 630 1265; x_wconf 84' lang='grc' dir='ltr'>ἄλλων</span> <span class='ocrx_word' id='word_1_79' title='bbox 657 1209 766 1262; x_wconf 78' lang='grc' dir='ltr'><strong>τῶν</strong></span> <span class='ocrx_word' id='word_1_80' title='bbox 786 1212 872 1299; x_wconf 64' lang='grc' dir='ltr'>εἰς</span> <span class='ocrx_word' id='word_1_81' title='bbox 905 1209 1030 1280; x_wconf 73' lang='grc' dir='ltr'>ᾅδου</span> <span class='ocrx_word' id='word_1_82' title='bbox 1066 1209 1360 1278; x_wconf 79' lang='grc' dir='ltr'><strong>κατιόντων</strong></span> <span class='ocrx_word' id='word_1_83' title='bbox 1385 1209 1478 1262; x_wconf 75' lang='grc' dir='ltr'><strong>καὶ</strong></span> <span class='ocrx_word' id='word_1_84' title='bbox 1502 1207 1598 1279; x_wconf 76' lang='grc' dir='ltr'>τὴν</span> <span class='ocrx_word' id='word_1_85' title='bbox 1631 1208 1728 1261; x_wconf 84' lang='grc' dir='ltr'>αὑ-</span> 
     </span>
    </p>
   </div>
   <div class='ocr_carea' id='block_1_12' title="bbox 183 1301 1728 1375">
    <p class='ocr_par' dir='ltr' id='par_1_12' title="bbox 183 1301 1728 1375">
     <span class='ocr_line' id='line_1_12' title="bbox 183 1301 1728 1375; baseline -0.004 -16"><span class='ocrx_word' id='word_1_86' title='bbox 183 1306 258 1359; x_wconf 83' lang='grc' dir='ltr'><strong>τοῦ</strong></span> <span class='ocrx_word' id='word_1_87' title='bbox 284 1304 452 1374; x_wconf 69' lang='grc' dir='ltr'>ψυχὴν</span> <span class='ocrx_word' id='word_1_88' title='bbox 483 1305 766 1357; x_wconf 76' lang='grc' dir='ltr'>καταπιεῖν</span> <span class='ocrx_word' id='word_1_89' title='bbox 797 1302 1042 1374; x_wconf 78' lang='grc' dir='ltr'>ὥρμητο.</span> <span class='ocrx_word' id='word_1_90' title='bbox 1069 1301 1348 1375; x_wconf 84' lang='grc' dir='ltr'>ὡσπεροῦν</span> <span class='ocrx_word' id='word_1_91' title='bbox 1389 1301 1553 1355; x_wconf 84' lang='grc' dir='ltr'>πάλαι</span> <span class='ocrx_word' id='word_1_92' title='bbox 1597 1301 1728 1372; x_wconf 78' lang='grc' dir='ltr'>πρό-</span> 
     </span>
    </p>
   </div>
   <div class='ocr_carea' id='block_1_13' title="bbox 182 1392 1724 1468">
    <p class='ocr_par' dir='ltr' id='par_1_13' title="bbox 182 1392 1724 1468">
     <span class='ocr_line' id='line_1_13' title="bbox 182 1392 1724 1468; baseline -0.002 -18"><span class='ocrx_word' id='word_1_93' title='bbox 182 1409 311 1468; x_wconf 72' lang='grc' dir='ltr'>τερον</span> <span class='ocrx_word' id='word_1_94' title='bbox 336 1397 598 1449; x_wconf 78' lang='grc' dir='ltr'><strong>κατέπιεν</strong></span> <span class='ocrx_word' id='word_1_95' title='bbox 624 1397 651 1448; x_wconf 89' lang='grc' dir='ltr'>ὁ</span> <span class='ocrx_word' id='word_1_96' title='bbox 674 1394 899 1457; x_wconf 86' lang='grc' dir='ltr'>θάνατος</span> <span class='ocrx_word' id='word_1_97' title='bbox 937 1394 1179 1464; x_wconf 79' lang='grc' dir='ltr'>ἰσχύσας,</span> <span class='ocrx_word' id='word_1_98' title='bbox 1202 1394 1299 1463; x_wconf 76' lang='grc' dir='ltr'><strong>οὐχ</strong></span> <span class='ocrx_word' id='word_1_99' title='bbox 1326 1394 1512 1464; x_wconf 83' lang='grc' dir='ltr'>’ἑτερος</span> <span class='ocrx_word' id='word_1_100' title='bbox 1537 1392 1611 1446; x_wconf 79' lang='grc' dir='ltr'>ὢν</span> <span class='ocrx_word' id='word_1_101' title='bbox 1632 1393 1724 1447; x_wconf 87' lang='grc' dir='ltr'><strong>τοῦ</strong></span> 
     </span>
    </p>
   </div>
   <div class='ocr_carea' id='block_1_14' title="bbox 183 1483 1726 1555">
    <p class='ocr_par' dir='ltr' id='par_1_14' title="bbox 183 1483 1726 1555">
     <span class='ocr_line' id='line_1_14' title="bbox 183 1483 1726 1555; baseline -0.004 -13"><span class='ocrx_word' id='word_1_102' title='bbox 183 1487 378 1542; x_wconf 77' lang='grc' dir='ltr'>ἐνταῦθα</span> <span class='ocrx_word' id='word_1_103' title='bbox 422 1486 657 1550; x_wconf 84' lang='grc' dir='ltr'>λέοντος,</span> <span class='ocrx_word' id='word_1_104' title='bbox 689 1485 782 1538; x_wconf 83' lang='grc' dir='ltr'><strong>τοῦ</strong></span> <span class='ocrx_word' id='word_1_105' title='bbox 828 1485 889 1537; x_wconf 76' lang='grc' dir='ltr'>τὸ</span> <span class='ocrx_word' id='word_1_106' title='bbox 936 1485 1107 1554; x_wconf 81' lang='grc' dir='ltr'>στόμα</span> <span class='ocrx_word' id='word_1_107' title='bbox 1153 1485 1292 1538; x_wconf 88' lang='grc' dir='ltr'>κατὰ</span> <span class='ocrx_word' id='word_1_108' title='bbox 1340 1483 1431 1537; x_wconf 84' lang='grc' dir='ltr'><strong>τοῦ</strong></span> <span class='ocrx_word' id='word_1_109' title='bbox 1479 1485 1726 1555; x_wconf 81' lang='grc' dir='ltr'><strong>Σωτῆρος</strong></span> 
     </span>
    </p>
   </div>
   <div class='ocr_carea' id='block_1_15' title="bbox 181 1570 1728 1650">
    <p class='ocr_par' dir='ltr' id='par_1_15' title="bbox 181 1570 1728 1650">
     <span class='ocr_line' id='line_1_15' title="bbox 181 1570 1728 1650; baseline -0.001 -20"><span class='ocrx_word' id='word_1_110' title='bbox 181 1579 311 1650; x_wconf 71' lang='grc' dir='ltr'><strong>ἡμῶν</strong></span> <span class='ocrx_word' id='word_1_111' title='bbox 340 1576 692 1648; x_wconf 79' lang='grc' dir='ltr'>ἀνεῴξαντος,</span> <span class='ocrx_word' id='word_1_112' title='bbox 729 1577 820 1644; x_wconf 82' lang='grc' dir='ltr'>ἀφ’</span> <span class='ocrx_word' id='word_1_113' title='bbox 847 1570 904 1630; x_wconf 74' lang='grc' dir='ltr'><strong>οὗ</strong></span> <span class='ocrx_word' id='word_1_114' title='bbox 937 1577 1028 1628; x_wconf 75' lang='grc' dir='ltr'><strong>καὶ</strong></span> <span class='ocrx_word' id='word_1_115' title='bbox 1057 1575 1218 1628; x_wconf 81' lang='grc' dir='ltr'>αὑτοῦ</span> <span class='ocrx_word' id='word_1_116' title='bbox 1250 1576 1484 1647; x_wconf 84' lang='grc' dir='ltr'>σωθῆναι</span> <span class='ocrx_word' id='word_1_117' title='bbox 1511 1575 1598 1628; x_wconf 77' lang='grc' dir='ltr'>τὸν</span> <span class='ocrx_word' id='word_1_118' title='bbox 1625 1576 1728 1629; x_wconf 88' lang='grc' dir='ltr'><strong>Πα-</strong></span> 
     </span>
    </p>
   </div>
   <div class='ocr_carea' id='block_1_16' title="bbox 181 1666 1726 1742">
    <p class='ocr_par' dir='ltr' id='par_1_16' title="bbox 181 1666 1726 1742">
     <span class='ocr_line' id='line_1_16' title="bbox 181 1666 1726 1742; baseline -0.003 -20"><span class='ocrx_word' id='word_1_119' title='bbox 181 1670 288 1741; x_wconf 84' lang='grc' dir='ltr'>τέρα</span> <span class='ocrx_word' id='word_1_120' title='bbox 331 1669 640 1742; x_wconf 87' lang='grc' dir='ltr'>παρακαλεῖ</span> <span class='ocrx_word' id='word_1_121' title='bbox 689 1667 894 1736; x_wconf 76' lang='grc' dir='ltr'><strong>λέγων⁹</strong></span> <span class='ocrx_word' id='word_1_122' title='bbox 956 1687 972 1717; x_wconf 77' lang='grc' dir='ltr'><strong>ι</strong></span> <span class='ocrx_word' id='word_1_123' title='bbox 1002 1667 1180 1720; x_wconf 82' lang='grc' dir='ltr'>Σῶσόν</span> <span class='ocrx_word' id='word_1_124' title='bbox 1231 1685 1296 1737; x_wconf 86' lang='grc' dir='ltr'><strong>με</strong></span> <span class='ocrx_word' id='word_1_125' title='bbox 1347 1670 1410 1720; x_wconf 82' lang='grc' dir='ltr'><strong>ἐκ</strong></span> <span class='ocrx_word' id='word_1_126' title='bbox 1462 1666 1726 1736; x_wconf 90' lang='grc' dir='ltr'>στόματος</span> 
     </span>
    </p>
   </div>
   <div class='ocr_carea' id='block_1_17' title="bbox 179 1757 1727 1829">
    <p class='ocr_par' dir='ltr' id='par_1_17' title="bbox 179 1757 1727 1829">
     <span class='ocr_line' id='line_1_17' title="bbox 179 1757 1727 1829; baseline -0.005 -12"><span class='ocrx_word' id='word_1_127' title='bbox 179 1761 378 1826; x_wconf 77' lang='grc' dir='ltr'>λέοντος.</span> <span class='ocrx_word' id='word_1_128' title='bbox 415 1782 432 1812; x_wconf 77' lang='grc' dir='ltr'><strong>ι</strong></span> <span class='ocrx_word' id='word_1_129' title='bbox 471 1757 593 1814; x_wconf 80' lang='grc' dir='ltr'>Εἶεν</span> <span class='ocrx_word' id='word_1_130' title='bbox 625 1761 669 1812; x_wconf 74' lang='grc' dir='ltr'><strong>δ’</strong></span> <span class='ocrx_word' id='word_1_131' title='bbox 693 1759 758 1813; x_wconf 85' lang='grc' dir='ltr'>ἂν</span> <span class='ocrx_word' id='word_1_132' title='bbox 781 1761 873 1813; x_wconf 64' lang='grc' dir='ltr'>καὶ</span> <span class='ocrx_word' id='word_1_133' title='bbox 897 1759 1050 1813; x_wconf 78' lang='grc' dir='ltr'>ἄλλαι</span> <span class='ocrx_word' id='word_1_134' title='bbox 1074 1759 1218 1823; x_wconf 82' lang='grc' dir='ltr'>τινὲς</span> <span class='ocrx_word' id='word_1_135' title='bbox 1240 1759 1472 1829; x_wconf 67' lang='grc' dir='ltr'>πονηραὶ</span> <span class='ocrx_word' id='word_1_136' title='bbox 1502 1759 1594 1812; x_wconf 72' lang='grc' dir='ltr'><strong>καὶ</strong></span> <span class='ocrx_word' id='word_1_137' title='bbox 1620 1757 1727 1811; x_wconf 86' lang='grc' dir='ltr'>θεό-</span> 
     </span>
    </p>
   </div>
   <div class='ocr_carea' id='block_1_18' title="bbox 183 1846 1725 1922">
    <p class='ocr_par' dir='ltr' id='par_1_18' title="bbox 183 1846 1725 1922">
     <span class='ocr_line' id='line_1_18' title="bbox 183 1846 1725 1922; baseline -0.004 -18"><span class='ocrx_word' id='word_1_138' title='bbox 183 1868 317 1922; x_wconf 82' lang='grc' dir='ltr'>μαχοι</span> <span class='ocrx_word' id='word_1_139' title='bbox 356 1849 638 1921; x_wconf 81' lang='grc' dir='ltr'>δυνάμεις,</span> <span class='ocrx_word' id='word_1_140' title='bbox 684 1849 761 1920; x_wconf 82' lang='grc' dir='ltr'>τῷ</span> <span class='ocrx_word' id='word_1_141' title='bbox 808 1849 1132 1920; x_wconf 85' lang='grc' dir='ltr'>μονοκέρωτι</span> <span class='ocrx_word' id='word_1_142' title='bbox 1152 1847 1243 1900; x_wconf 87' lang='grc' dir='ltr'><strong>τοῦ</strong></span> <span class='ocrx_word' id='word_1_143' title='bbox 1267 1846 1399 1900; x_wconf 83' lang='grc' dir='ltr'><strong>Θεοῦ</strong></span> <span class='ocrx_word' id='word_1_144' title='bbox 1433 1846 1725 1916; x_wconf 85' lang='grc' dir='ltr'>ἀντιπράτ-</span> 
     </span>
    </p>
   </div>
   <div class='ocr_carea' id='block_1_19' title="bbox 177 1929 1800 2013">
    <p class='ocr_par' dir='ltr' id='par_1_19' title="bbox 177 1929 1800 2013">
     <span class='ocr_line' id='line_1_19' title="bbox 177 1929 1800 2013; baseline -0.006 -16"><span class='ocrx_word' id='word_1_145' title='bbox 177 1961 337 1997; x_wconf 84' lang='grc' dir='ltr'>τουσαι</span> <span class='ocrx_word' id='word_1_146' title='bbox 385 1943 485 1996; x_wconf 73' lang='grc' dir='ltr'>καὶ</span> <span class='ocrx_word' id='word_1_147' title='bbox 528 1941 982 2013; x_wconf 76' lang='grc' dir='ltr'>ἀντιπαρεξάγειν</span> <span class='ocrx_word' id='word_1_148' title='bbox 1008 1939 1171 1993; x_wconf 78' lang='grc' dir='ltr'>αὑτοῦ</span> <span class='ocrx_word' id='word_1_149' title='bbox 1209 1942 1450 2012; x_wconf 79' lang='grc' dir='ltr'>ὲπιχειρο</span> <span class='ocrx_word' id='word_1_150' title='bbox 1490 1957 1598 2001; x_wconf 88' lang='grc' dir='ltr'>σαι,</span> <span class='ocrx_word' id='word_1_151' title='bbox 1635 1939 1724 2007; x_wconf 86' lang='grc' dir='ltr'>ἀφ’</span> <span class='ocrx_word' id='word_1_152' title='bbox 1759 1929 1800 1987; x_wconf 75' lang='grc' dir='ltr'><strong>Β</strong></span> 
     </span>
    </p>
   </div>
   <div class='ocr_carea' id='block_1_20' title="bbox 179 2029 1727 2104">
    <p class='ocr_par' dir='ltr' id='par_1_20' title="bbox 179 2029 1727 2104">
     <span class='ocr_line' id='line_1_20' title="bbox 179 2029 1727 2104; baseline -0.005 -15"><span class='ocrx_word' id='word_1_153' title='bbox 179 2031 238 2089; x_wconf 81' lang='grc' dir='ltr'>ὦν</span> <span class='ocrx_word' id='word_1_154' title='bbox 264 2037 347 2089; x_wconf 77' lang='grc' dir='ltr'><strong>καὶ</strong></span> <span class='ocrx_word' id='word_1_155' title='bbox 378 2035 560 2088; x_wconf 76' lang='grc' dir='ltr'>αὐτῶν</span> <span class='ocrx_word' id='word_1_156' title='bbox 589 2036 617 2086; x_wconf 87' lang='grc' dir='ltr'>ὁ</span> <span class='ocrx_word' id='word_1_157' title='bbox 648 2033 739 2086; x_wconf 89' lang='grc' dir='ltr'><strong>τοῦ</strong></span> <span class='ocrx_word' id='word_1_158' title='bbox 761 2032 894 2089; x_wconf 89' lang='grc' dir='ltr'>Θεοῦ</span> <span class='ocrx_word' id='word_1_159' title='bbox 931 2032 1256 2104; x_wconf 83' lang='grc' dir='ltr'>μονόκερως,</span> <span class='ocrx_word' id='word_1_160' title='bbox 1285 2032 1443 2094; x_wconf 76' lang='grc' dir='ltr'>αὐτὸς</span> <span class='ocrx_word' id='word_1_161' title='bbox 1467 2029 1494 2080; x_wconf 86' lang='grc' dir='ltr'>ὁ</span> <span class='ocrx_word' id='word_1_162' title='bbox 1525 2031 1727 2102; x_wconf 75' lang='grc' dir='ltr'>Κύριος</span> 
     </span>
    </p>
   </div>
   <div class='ocr_carea' id='block_1_21' title="bbox 178 2119 1730 2199">
    <p class='ocr_par' dir='ltr' id='par_1_21' title="bbox 178 2119 1730 2199">
     <span class='ocr_line' id='line_1_21' title="bbox 178 2119 1730 2199; baseline -0.005 -19"><span class='ocrx_word' id='word_1_163' title='bbox 178 2128 327 2198; x_wconf 72' lang='grc' dir='ltr'>ἡμῶν,</span> <span class='ocrx_word' id='word_1_164' title='bbox 348 2129 510 2199; x_wconf 86' lang='grc' dir='ltr'>μόνον</span> <span class='ocrx_word' id='word_1_165' title='bbox 539 2125 630 2178; x_wconf 77' lang='grc' dir='ltr'>τὸν</span> <span class='ocrx_word' id='word_1_166' title='bbox 658 2125 877 2196; x_wconf 78' lang='grc' dir='ltr'>Πατέρα</span> <span class='ocrx_word' id='word_1_167' title='bbox 908 2123 1071 2195; x_wconf 82' lang='grc' dir='ltr'>κέρας</span> <span class='ocrx_word' id='word_1_168' title='bbox 1101 2123 1257 2193; x_wconf 79' lang='grc' dir='ltr'>ἔχων,</span> <span class='ocrx_word' id='word_1_169' title='bbox 1290 2121 1386 2192; x_wconf 78' lang='grc' dir='ltr'>τὴν</span> <span class='ocrx_word' id='word_1_170' title='bbox 1421 2119 1611 2173; x_wconf 78' lang='grc' dir='ltr'>ἑαυτοῦ</span> <span class='ocrx_word' id='word_1_171' title='bbox 1642 2137 1730 2174; x_wconf 87' lang='grc' dir='ltr'>τα-</span> 
     </span>
    </p>
   </div>
   <div class='ocr_carea' id='block_1_22' title="bbox 179 2211 1727 2290">
    <p class='ocr_par' dir='ltr' id='par_1_22' title="bbox 179 2211 1727 2290">
     <span class='ocr_line' id='line_1_22' title="bbox 179 2211 1727 2290; baseline -0.005 -20"><span class='ocrx_word' id='word_1_172' title='bbox 179 2219 407 2272; x_wconf 80' lang='grc' dir='ltr'>πείνωσιν</span> <span class='ocrx_word' id='word_1_173' title='bbox 449 2216 708 2290; x_wconf 77' lang='grc' dir='ltr'>ρυσθῆναι</span> <span class='ocrx_word' id='word_1_174' title='bbox 736 2215 896 2280; x_wconf 80' lang='grc' dir='ltr'>ἀξιοῖ,</span> <span class='ocrx_word' id='word_1_175' title='bbox 927 2213 1096 2280; x_wconf 79' lang='grc' dir='ltr'>λέγων</span> <span class='ocrx_word' id='word_1_176' title='bbox 1116 2230 1128 2243; x_wconf 87' lang='grc'><strong>·</strong></span> <span class='ocrx_word' id='word_1_177' title='bbox 1165 2233 1182 2264; x_wconf 86' lang='grc'>‹</span> <span class='ocrx_word' id='word_1_178' title='bbox 1218 2213 1326 2265; x_wconf 74' lang='grc' dir='ltr'>Καὶ</span> <span class='ocrx_word' id='word_1_179' title='bbox 1355 2211 1459 2264; x_wconf 83' lang='grc' dir='ltr'><strong>ἀπὸ</strong></span> <span class='ocrx_word' id='word_1_180' title='bbox 1485 2211 1727 2281; x_wconf 82' lang='grc' dir='ltr'>κεράτων</span> 
     </span>
    </p>
   </div>
   <div class='ocr_carea' id='block_1_23' title="bbox 178 2302 1727 2382">
    <p class='ocr_par' dir='ltr' id='par_1_23' title="bbox 178 2302 1727 2382">
     <span class='ocr_line' id='line_1_23' title="bbox 178 2302 1727 2382; baseline -0.004 -21"><span class='ocrx_word' id='word_1_181' title='bbox 178 2309 539 2382; x_wconf 83' lang='grc' dir='ltr'>μονοκερώτων</span> <span class='ocrx_word' id='word_1_182' title='bbox 576 2309 664 2378; x_wconf 73' lang='grc' dir='ltr'>τὴν</span> <span class='ocrx_word' id='word_1_183' title='bbox 704 2306 1028 2361; x_wconf 84' lang='grc' dir='ltr'>ταπείνωσίν</span> <span class='ocrx_word' id='word_1_184' title='bbox 1065 2323 1184 2372; x_wconf 85' lang='grc' dir='ltr'>μου.</span> <span class='ocrx_word' id='word_1_185' title='bbox 1217 2323 1234 2354; x_wconf 75' lang='grc' dir='ltr'><strong>ι</strong></span> <span class='ocrx_word' id='word_1_186' title='bbox 1271 2304 1434 2356; x_wconf 89' lang='grc' dir='ltr'>Ποίαν</span> <span class='ocrx_word' id='word_1_187' title='bbox 1463 2302 1518 2356; x_wconf 79' lang='grc' dir='ltr'>δὲ</span> <span class='ocrx_word' id='word_1_188' title='bbox 1539 2304 1727 2356; x_wconf 73' lang='grc' dir='ltr'>ταπείο</span> 
     </span>
    </p>
   </div>
   <div class='ocr_carea' id='block_1_24' title="bbox 176 2394 1728 2474">
    <p class='ocr_par' dir='ltr' id='par_1_24' title="bbox 176 2394 1728 2474">
     <span class='ocr_line' id='line_1_24' title="bbox 176 2394 1728 2474; baseline -0.005 -18"><span class='ocrx_word' id='word_1_189' title='bbox 176 2421 312 2457; x_wconf 84' lang='grc' dir='ltr'>νωσιν</span> <span class='ocrx_word' id='word_1_190' title='bbox 361 2404 396 2474; x_wconf 76' lang='grc' dir='ltr'>ἦ</span> <span class='ocrx_word' id='word_1_191' title='bbox 453 2402 655 2472; x_wconf 84' lang='grc' dir='ltr'>ταύτην</span> <span class='ocrx_word' id='word_1_192' title='bbox 706 2400 893 2471; x_wconf 78' lang='grc' dir='ltr'>αὐτὴν,</span> <span class='ocrx_word' id='word_1_193' title='bbox 931 2398 1145 2469; x_wconf 86' lang='grc' dir='ltr'>καθ’</span> <span class='ocrx_word' id='word_1_194' title='bbox 1205 2416 1222 2448; x_wconf 80' lang='grc' dir='ltr'><strong>ι</strong></span> <span class='ocrx_word' id='word_1_195' title='bbox 1255 2399 1311 2448; x_wconf 87' lang='grc' dir='ltr'>ὲν</span> <span class='ocrx_word' id='word_1_196' title='bbox 1363 2398 1541 2467; x_wconf 80' lang='grc' dir='ltr'>μορφῇ</span> <span class='ocrx_word' id='word_1_197' title='bbox 1594 2394 1728 2449; x_wconf 88' lang='grc' dir='ltr'>Θεοῦ</span> 
     </span>
    </p>
   </div>
   <div class='ocr_carea' id='block_1_25' title="bbox 178 2490 1730 2568">
    <p class='ocr_par' dir='ltr' id='par_1_25' title="bbox 178 2490 1730 2568">
     <span class='ocr_line' id='line_1_25' title="bbox 178 2490 1730 2568; baseline -0.005 -20"><span class='ocrx_word' id='word_1_198' title='bbox 178 2495 413 2568; x_wconf 80' lang='grc' dir='ltr'>ὑπάρχων</span> <span class='ocrx_word' id='word_1_199' title='bbox 442 2495 804 2547; x_wconf 77' lang='grc' dir='ltr'>ἐταπείνωσεν</span> <span class='ocrx_word' id='word_1_200' title='bbox 833 2491 1020 2544; x_wconf 79' lang='grc' dir='ltr'>ἑαυτὸν</span> <span class='ocrx_word' id='word_1_201' title='bbox 1043 2491 1134 2543; x_wconf 70' lang='grc' dir='ltr'><strong>καὶ</strong></span> <span class='ocrx_word' id='word_1_202' title='bbox 1162 2491 1416 2553; x_wconf 82' lang='grc' dir='ltr'>ἐκένωσε,</span> <span class='ocrx_word' id='word_1_203' title='bbox 1443 2490 1730 2559; x_wconf 85' lang='grc' dir='ltr'>γενόμενος</span> 
     </span>
    </p>
   </div>
   <div class='ocr_carea' id='block_1_26' title="bbox 176 2580 1728 2660">
    <p class='ocr_par' dir='ltr' id='par_1_26' title="bbox 176 2580 1728 2660">
     <span class='ocr_line' id='line_1_26' title="bbox 176 2580 1728 2660; baseline -0.004 -20"><span class='ocrx_word' id='word_1_204' title='bbox 176 2589 392 2660; x_wconf 77' lang='grc' dir='ltr'>ὑπήκοος</span> <span class='ocrx_word' id='word_1_205' title='bbox 429 2588 589 2659; x_wconf 83' lang='grc' dir='ltr'>μέχρι</span> <span class='ocrx_word' id='word_1_206' title='bbox 621 2585 872 2647; x_wconf 76' lang='grc' dir='ltr'>Θανάτου,</span> <span class='ocrx_word' id='word_1_207' title='bbox 902 2583 1125 2636; x_wconf 75' lang='grc' dir='ltr'>Θανάτου</span> <span class='ocrx_word' id='word_1_208' title='bbox 1156 2581 1212 2634; x_wconf 84' lang='grc' dir='ltr'><strong>δὲ</strong></span> <span class='ocrx_word' id='word_1_209' title='bbox 1238 2581 1503 2652; x_wconf 85' lang='grc' dir='ltr'>σταυροῦ;</span> <span class='ocrx_word' id='word_1_210' title='bbox 1543 2601 1560 2632; x_wconf 76' lang='grc' dir='ltr'><strong>ι</strong></span> <span class='ocrx_word' id='word_1_211' title='bbox 1594 2580 1728 2634; x_wconf 80' lang='grc' dir='ltr'><strong>ἀλλά</strong></span> 
     </span>
    </p>
   </div>
   <div class='ocr_carea' id='block_1_27' title="bbox 175 2671 1728 2752">
    <p class='ocr_par' dir='ltr' id='par_1_27' title="bbox 175 2671 1728 2752">
     <span class='ocr_line' id='line_1_27' title="bbox 175 2671 1728 2752; baseline -0.006 -18"><span class='ocrx_word' id='word_1_212' title='bbox 175 2682 265 2752; x_wconf 72' lang='grc' dir='ltr'><strong>γάρ</strong></span> <span class='ocrx_word' id='word_1_213' title='bbox 293 2681 390 2734; x_wconf 71' lang='grc' dir='ltr'>ἐπὶ</span> <span class='ocrx_word' id='word_1_214' title='bbox 423 2678 676 2733; x_wconf 80' lang='grc' dir='ltr'>τοσοῦτον</span> <span class='ocrx_word' id='word_1_215' title='bbox 723 2674 1016 2739; x_wconf 86' lang='grc' dir='ltr'>κατελθὼν,</span> <span class='ocrx_word' id='word_1_216' title='bbox 1049 2676 1141 2728; x_wconf 60' lang='grc' dir='ltr'><strong>καῖ¹</strong></span> <span class='ocrx_word' id='word_1_217' title='bbox 1187 2673 1345 2746; x_wconf 81' lang='grc' dir='ltr'>μέχρι</span> <span class='ocrx_word' id='word_1_218' title='bbox 1377 2671 1564 2725; x_wconf 81' lang='grc' dir='ltr'>τούτου</span> <span class='ocrx_word' id='word_1_219' title='bbox 1592 2672 1728 2743; x_wconf 79' lang='grc' dir='ltr'>φθά-</span> 
     </span>
    </p>
   </div>
   <div class='ocr_carea' id='block_1_28' title="bbox 175 2766 1729 2844">
    <p class='ocr_par' dir='ltr' id='par_1_28' title="bbox 175 2766 1729 2844">
     <span class='ocr_line' id='line_1_28' title="bbox 175 2766 1729 2844; baseline -0.005 -19"><span class='ocrx_word' id='word_1_220' title='bbox 175 2788 274 2836; x_wconf 85' lang='grc' dir='ltr'>σας,</span> <span class='ocrx_word' id='word_1_221' title='bbox 301 2772 448 2841; x_wconf 90' lang='grc' dir='ltr'>λέγω</span> <span class='ocrx_word' id='word_1_222' title='bbox 478 2772 540 2842; x_wconf 77' lang='grc' dir='ltr'><strong>δὴ</strong></span> <span class='ocrx_word' id='word_1_223' title='bbox 573 2772 732 2844; x_wconf 86' lang='grc' dir='ltr'>μέχρι</span> <span class='ocrx_word' id='word_1_224' title='bbox 755 2771 852 2842; x_wconf 80' lang='grc' dir='ltr'>τῆς</span> <span class='ocrx_word' id='word_1_225' title='bbox 877 2772 933 2823; x_wconf 83' lang='grc' dir='ltr'>ὲν</span> <span class='ocrx_word' id='word_1_226' title='bbox 963 2768 1038 2840; x_wconf 78' lang='grc' dir='ltr'>τῷ</span> <span class='ocrx_word' id='word_1_227' title='bbox 1068 2769 1167 2840; x_wconf 74' lang='grc' dir='ltr'><strong>ᾅδῃ</strong></span> <span class='ocrx_word' id='word_1_228' title='bbox 1195 2767 1486 2839; x_wconf 68' lang='grc' dir='ltr'>ῥομφαίας,</span> <span class='ocrx_word' id='word_1_229' title='bbox 1515 2767 1608 2821; x_wconf 74' lang='grc' dir='ltr'><strong>καὶ</strong></span> <span class='ocrx_word' id='word_1_230' title='bbox 1632 2766 1729 2835; x_wconf 79' lang='grc' dir='ltr'>τῆς</span> 
     </span>
    </p>
   </div>
   <div class='ocr_carea' id='block_1_29' title="bbox 175 2859 1729 2945">
    <p class='ocr_par' dir='ltr' id='par_1_29' title="bbox 175 2859 1729 2945">
     <span class='ocr_line' id='line_1_29' title="bbox 175 2859 1729 2945; baseline -0.003 -30"><span class='ocrx_word' id='word_1_231' title='bbox 175 2864 333 2945; x_wconf 50' lang='grc' dir='ltr'>χειρός</span> <span class='ocrx_word' id='word_1_232' title='bbox 360 2863 453 2917; x_wconf 92' lang='grc' dir='ltr'><strong>τοῦ</strong></span> <span class='ocrx_word' id='word_1_233' title='bbox 492 2862 678 2917; x_wconf 77' lang='grc' dir='ltr'>αὐτόθι</span> <span class='ocrx_word' id='word_1_234' title='bbox 702 2862 992 2932; x_wconf 80' lang='grc' dir='ltr'>λεγομένου</span> <span class='ocrx_word' id='word_1_235' title='bbox 1029 2861 1187 2924; x_wconf 76' lang='grc' dir='ltr'>κυνὸς</span> <span class='ocrx_word' id='word_1_236' title='bbox 1225 2859 1362 2930; x_wconf 79' lang='grc' dir='ltr'>(ὅθεν</span> <span class='ocrx_word' id='word_1_237' title='bbox 1405 2860 1498 2914; x_wconf 74' lang='grc' dir='ltr'><strong>καὶ</strong></span> <span class='ocrx_word' id='word_1_238' title='bbox 1535 2859 1729 2920; x_wconf 86' lang='grc' dir='ltr'>παῖδας</span> 
     </span>
    </p>
   </div>
   <div class='ocr_carea' id='block_1_30' title="bbox 181 2950 1728 3027">
    <p class='ocr_par' dir='ltr' id='par_1_30' title="bbox 181 2950 1728 3027">
     <span class='ocr_line' id='line_1_30' title="bbox 181 2950 1728 3027; baseline -0.003 -19"><span class='ocrx_word' id='word_1_239' title='bbox 181 2956 434 3027; x_wconf 76' lang='grc' dir='ltr'>Ἑλλήνων</span> <span class='ocrx_word' id='word_1_240' title='bbox 448 2955 608 3020; x_wconf 82' lang='grc' dir='ltr'>εἰκὼς</span> <span class='ocrx_word' id='word_1_241' title='bbox 627 2955 642 3026; x_wconf 95' lang='grc'>(</span> <span class='ocrx_word' id='word_1_242' title='bbox 661 2956 702 3026; x_wconf 96' lang='grc' dir='ltr'><strong>Ι)</strong></span> <span class='ocrx_word' id='word_1_243' title='bbox 734 2953 969 3008; x_wconf 77' lang='grc' dir='ltr'>τοιοῦτόν</span> <span class='ocrx_word' id='word_1_244' title='bbox 986 2970 1104 3006; x_wconf 90' lang='grc' dir='ltr'>τινα</span> <span class='ocrx_word' id='word_1_245' title='bbox 1119 2951 1567 3023; x_wconf 75' lang='grc' dir='ltr'>παρακούσαντας</span> <span class='ocrx_word' id='word_1_246' title='bbox 1596 2950 1728 3004; x_wconf 84' lang='grc' dir='ltr'>κύνα</span> 
     </span>
    </p>
   </div>
   <div class='ocr_carea' id='block_1_31' title="bbox 174 3043 1729 3118">
    <p class='ocr_par' dir='ltr' id='par_1_31' title="bbox 174 3043 1729 3118">
     <span class='ocr_line' id='line_1_31' title="bbox 174 3043 1729 3118; baseline -0.001 -19"><span class='ocrx_word' id='word_1_247' title='bbox 174 3047 409 3112; x_wconf 81' lang='grc' dir='ltr'>θανάτου,</span> <span class='ocrx_word' id='word_1_248' title='bbox 438 3049 531 3103; x_wconf 69' lang='grc' dir='ltr'><strong>καὶ</strong></span> <span class='ocrx_word' id='word_1_249' title='bbox 565 3047 750 3101; x_wconf 86' lang='grc' dir='ltr'>τοῦτον</span> <span class='ocrx_word' id='word_1_250' title='bbox 782 3044 1101 3118; x_wconf 78' lang='grc' dir='ltr'>τρικέφαλον</span> <span class='ocrx_word' id='word_1_251' title='bbox 1127 3043 1588 3116; x_wconf 77' lang='grc' dir='ltr'>ἀναζωγραφεϊν),</span> <span class='ocrx_word' id='word_1_252' title='bbox 1636 3044 1729 3097; x_wconf 81' lang='grc' dir='ltr'><strong>καὶ</strong></span> 
     </span>
    </p>
   </div>
   <div class='ocr_carea' id='block_1_32' title="bbox 174 3135 1727 3215">
    <p class='ocr_par' dir='ltr' id='par_1_32' title="bbox 174 3135 1727 3215">
     <span class='ocr_line' id='line_1_32' title="bbox 174 3135 1727 3215; baseline -0.005 -19"><span class='ocrx_word' id='word_1_253' title='bbox 174 3143 318 3215; x_wconf 79' lang='grc' dir='ltr'>μέχρι</span> <span class='ocrx_word' id='word_1_254' title='bbox 351 3143 407 3196; x_wconf 82' lang='grc' dir='ltr'><strong>δὲ</strong></span> <span class='ocrx_word' id='word_1_255' title='bbox 432 3143 540 3196; x_wconf 82' lang='grc' dir='ltr'>τῶν</span> <span class='ocrx_word' id='word_1_256' title='bbox 573 3141 866 3213; x_wconf 78' lang='grc' dir='ltr'>φαρύγγων</span> <span class='ocrx_word' id='word_1_257' title='bbox 896 3138 989 3192; x_wconf 90' lang='grc' dir='ltr'><strong>τοῦ</strong></span> <span class='ocrx_word' id='word_1_258' title='bbox 1017 3137 1490 3211; x_wconf 72' lang='grc' dir='ltr'>προδεδηλωμένου</span> <span class='ocrx_word' id='word_1_259' title='bbox 1519 3135 1727 3200; x_wconf 83' lang='grc' dir='ltr'>λέοντος</span> 
     </span>
    </p>
   </div>
   <div class='ocr_carea' id='block_1_33' title="bbox 175 3228 1729 3305">
    <p class='ocr_par' dir='ltr' id='par_1_33' title="bbox 175 3228 1729 3305">
     <span class='ocr_line' id='line_1_33' title="bbox 175 3228 1729 3305; baseline -0.003 -19"><span class='ocrx_word' id='word_1_260' title='bbox 175 3235 347 3300; x_wconf 66' lang='grc' dir='ltr'>ἐλθὼν,</span> <span class='ocrx_word' id='word_1_261' title='bbox 378 3237 471 3289; x_wconf 73' lang='grc' dir='ltr'><strong>καὶ</strong></span> <span class='ocrx_word' id='word_1_262' title='bbox 492 3233 589 3305; x_wconf 77' lang='grc' dir='ltr'><strong>τὴν</strong></span> <span class='ocrx_word' id='word_1_263' title='bbox 615 3233 938 3286; x_wconf 82' lang='grc' dir='ltr'>ταπείνωσιν</span> <span class='ocrx_word' id='word_1_264' title='bbox 969 3230 1132 3285; x_wconf 86' lang='grc' dir='ltr'>αὑτοῦ</span> <span class='ocrx_word' id='word_1_265' title='bbox 1161 3234 1270 3294; x_wconf 89' lang='grc' dir='ltr'>τοῖς</span> <span class='ocrx_word' id='word_1_266' title='bbox 1295 3230 1604 3293; x_wconf 85' lang='grc' dir='ltr'>ἀντιπάλοις</span> <span class='ocrx_word' id='word_1_267' title='bbox 1635 3228 1729 3281; x_wconf 69' lang='grc' dir='ltr'><strong>καὶ</strong></span> 
     </span>
    </p>
   </div>
   <div class='ocr_carea' id='block_1_34' title="bbox 175 3321 1729 3399">
    <p class='ocr_par' dir='ltr' id='par_1_34' title="bbox 175 3321 1729 3399">
     <span class='ocr_line' id='line_1_34' title="bbox 175 3321 1729 3399; baseline -0.004 -21"><span class='ocrx_word' id='word_1_268' title='bbox 175 3326 444 3399; x_wconf 79' lang='grc' dir='ltr'>θεομάχοις</span> <span class='ocrx_word' id='word_1_269' title='bbox 471 3324 832 3398; x_wconf 84' lang='grc' dir='ltr'>μονοκέρωσιν</span> <span class='ocrx_word' id='word_1_270' title='bbox 860 3322 1232 3394; x_wconf 81' lang='grc' dir='ltr'>ὑποστρώσας,</span> <span class='ocrx_word' id='word_1_271' title='bbox 1265 3322 1358 3374; x_wconf 71' lang='grc' dir='ltr'><strong>καὶ</strong></span> <span class='ocrx_word' id='word_1_272' title='bbox 1379 3322 1469 3375; x_wconf 65' lang='grc' dir='ltr'>ἐπὶ</span> <span class='ocrx_word' id='word_1_273' title='bbox 1495 3321 1648 3374; x_wconf 89' lang='grc' dir='ltr'>τοῦτό</span> <span class='ocrx_word' id='word_1_274' title='bbox 1667 3337 1729 3389; x_wconf 90' lang='grc' dir='ltr'><strong>γε</strong></span> 
     </span>
    </p>
   </div>
   <div class='ocr_carea' id='block_1_35' title="bbox 175 3410 1730 3489">
    <p class='ocr_par' dir='ltr' id='par_1_35' title="bbox 175 3410 1730 3489">
     <span class='ocr_line' id='line_1_35' title="bbox 175 3410 1730 3489; baseline -0.004 -20"><span class='ocrx_word' id='word_1_275' title='bbox 175 3418 304 3482; x_wconf 79' lang='grc' dir='ltr'>τέλος</span> <span class='ocrx_word' id='word_1_276' title='bbox 338 3419 432 3489; x_wconf 78' lang='grc' dir='ltr'>τὴν</span> <span class='ocrx_word' id='word_1_277' title='bbox 467 3420 644 3471; x_wconf 77' lang='grc' dir='ltr'>πᾶσαν</span> <span class='ocrx_word' id='word_1_278' title='bbox 674 3414 982 3485; x_wconf 85' lang='grc' dir='ltr'>οἰκονομίαν</span> <span class='ocrx_word' id='word_1_279' title='bbox 1013 3413 1112 3484; x_wconf 83' lang='grc' dir='ltr'>τῆς</span> <span class='ocrx_word' id='word_1_280' title='bbox 1139 3412 1343 3465; x_wconf 79' lang='grc' dir='ltr'>ἑαυτοῦ</span> <span class='ocrx_word' id='word_1_281' title='bbox 1365 3410 1642 3473; x_wconf 77' lang='grc' dir='ltr'>κενώσεως</span> <span class='ocrx_word' id='word_1_282' title='bbox 1672 3428 1730 3464; x_wconf 89' lang='grc' dir='ltr'><strong>τε</strong></span> 
     </span>
    </p>
   </div>
   <div class='ocr_carea' id='block_1_36' title="bbox 174 3503 1732 3580">
    <p class='ocr_par' dir='ltr' id='par_1_36' title="bbox 174 3503 1732 3580">
     <span class='ocr_line' id='line_1_36' title="bbox 174 3503 1732 3580; baseline -0.003 -18"><span class='ocrx_word' id='word_1_283' title='bbox 174 3512 253 3563; x_wconf 78' lang='grc' dir='ltr'>καὶ</span> <span class='ocrx_word' id='word_1_284' title='bbox 276 3510 656 3574; x_wconf 82' lang='grc' dir='ltr'>ταπεινώσεως</span> <span class='ocrx_word' id='word_1_285' title='bbox 686 3510 908 3580; x_wconf 83' lang='grc' dir='ltr'>στήσας,</span> <span class='ocrx_word' id='word_1_286' title='bbox 927 3509 1158 3562; x_wconf 84' lang='grc' dir='ltr'>κᾶπειτα</span> <span class='ocrx_word' id='word_1_287' title='bbox 1182 3505 1477 3576; x_wconf 77' lang='grc' dir='ltr'>εὐξάμενος</span> <span class='ocrx_word' id='word_1_288' title='bbox 1500 3506 1598 3576; x_wconf 70' lang='grc' dir='ltr'><strong>ἤδη</strong></span> <span class='ocrx_word' id='word_1_289' title='bbox 1626 3503 1732 3558; x_wconf 73' lang='grc' dir='ltr'>λιι-</span> 
     </span>
    </p>
   </div>
   <div class='ocr_carea' id='block_1_37' title="bbox 174 3595 1734 3672">
    <p class='ocr_par' dir='ltr' id='par_1_37' title="bbox 174 3595 1734 3672">
     <span class='ocr_line' id='line_1_37' title="bbox 174 3595 1734 3672; baseline -0.003 -20"><span class='ocrx_word' id='word_1_290' title='bbox 174 3601 258 3653; x_wconf 70' lang='grc' dir='ltr'>πὺν</span> <span class='ocrx_word' id='word_1_291' title='bbox 289 3605 465 3672; x_wconf 79' lang='grc' dir='ltr'>τυχεῖν</span> <span class='ocrx_word' id='word_1_292' title='bbox 503 3602 604 3672; x_wconf 82' lang='grc' dir='ltr'><strong>τῆς</strong></span> <span class='ocrx_word' id='word_1_293' title='bbox 649 3599 900 3671; x_wconf 82' lang='grc' dir='ltr'>βοηθείας</span> <span class='ocrx_word' id='word_1_294' title='bbox 939 3600 1031 3651; x_wconf 70' lang='grc' dir='ltr'><strong>καὶ</strong></span> <span class='ocrx_word' id='word_1_295' title='bbox 1063 3597 1160 3666; x_wconf 82' lang='grc' dir='ltr'>τῆς</span> <span class='ocrx_word' id='word_1_296' title='bbox 1201 3597 1348 3668; x_wconf 77' lang='grc' dir='ltr'>παρὰ</span> <span class='ocrx_word' id='word_1_297' title='bbox 1385 3596 1478 3648; x_wconf 86' lang='grc' dir='ltr'><strong>τοῦ</strong></span> <span class='ocrx_word' id='word_1_298' title='bbox 1523 3595 1734 3667; x_wconf 71' lang='grc' dir='ltr'>Πατρός</span> 
     </span>
    </p>
   </div>
   <div class='ocr_carea' id='block_1_38' title="bbox 174 3685 1733 3761">
    <p class='ocr_par' dir='ltr' id='par_1_38' title="bbox 174 3685 1733 3761">
     <span class='ocr_line' id='line_1_38' title="bbox 174 3685 1733 3761; baseline -0.003 -19"><span class='ocrx_word' id='word_1_299' title='bbox 174 3690 511 3761; x_wconf 65' lang='grc' dir='ltr'>ἀντιλήψεως,</span> <span class='ocrx_word' id='word_1_300' title='bbox 541 3688 814 3756; x_wconf 81' lang='grc' dir='ltr'>ἐπιλέγει·</span> <span class='ocrx_word' id='word_1_301' title='bbox 864 3708 880 3738; x_wconf 78' lang='grc' dir='ltr'><strong>ι</strong></span> <span class='ocrx_word' id='word_1_302' title='bbox 913 3689 984 3740; x_wconf 77' lang='grc' dir='ltr'><strong>Συ</strong></span> <span class='ocrx_word' id='word_1_303' title='bbox 1007 3687 1084 3751; x_wconf 77' lang='grc' dir='ltr'>δὲ,</span> <span class='ocrx_word' id='word_1_304' title='bbox 1112 3686 1304 3756; x_wconf 84' lang='grc' dir='ltr'>Κύριε,</span> <span class='ocrx_word' id='word_1_305' title='bbox 1344 3685 1417 3757; x_wconf 77' lang='grc' dir='ltr'>μὴ</span> <span class='ocrx_word' id='word_1_306' title='bbox 1453 3685 1733 3757; x_wconf 82' lang='grc' dir='ltr'>μακρύνῃς</span> 
     </span>
    </p>
   </div>
   <div class='ocr_carea' id='block_1_39' title="bbox 173 3779 1726 3852">
    <p class='ocr_par' dir='ltr' id='par_1_39' title="bbox 173 3779 1726 3852">
     <span class='ocr_line' id='line_1_39' title="bbox 173 3779 1726 3852; baseline -0.001 -20"><span class='ocrx_word' id='word_1_307' title='bbox 173 3781 256 3851; x_wconf 77' lang='grc' dir='ltr'><strong>τὴν</strong></span> <span class='ocrx_word' id='word_1_308' title='bbox 287 3781 535 3852; x_wconf 77' lang='grc' dir='ltr'>βοήθειάν</span> <span class='ocrx_word' id='word_1_309' title='bbox 582 3799 706 3852; x_wconf 84' lang='grc' dir='ltr'>μου,</span> <span class='ocrx_word' id='word_1_310' title='bbox 732 3784 811 3846; x_wconf 82' lang='grc' dir='ltr'><strong>εἰς</strong></span> <span class='ocrx_word' id='word_1_311' title='bbox 837 3781 934 3852; x_wconf 80' lang='grc' dir='ltr'>τὴν</span> <span class='ocrx_word' id='word_1_312' title='bbox 964 3779 1245 3850; x_wconf 68' lang='grc' dir='ltr'>ἀντίληψίν</span> <span class='ocrx_word' id='word_1_313' title='bbox 1278 3796 1379 3850; x_wconf 87' lang='grc' dir='ltr'><strong>μου</strong></span> <span class='ocrx_word' id='word_1_314' title='bbox 1423 3779 1674 3851; x_wconf 84' lang='grc' dir='ltr'>πρόσχες.</span> <span class='ocrx_word' id='word_1_315' title='bbox 1709 3799 1726 3830; x_wconf 75' lang='grc' dir='ltr'><strong>ι</strong></span> 
     </span>
    </p>
   </div>
   <div class='ocr_carea' id='block_1_40' title="bbox 176 3870 1736 3943">
    <p class='ocr_par' dir='ltr' id='par_1_40' title="bbox 176 3870 1736 3943">
     <span class='ocr_line' id='line_1_40' title="bbox 176 3870 1736 3943; baseline 0 -21"><span class='ocrx_word' id='word_1_316' title='bbox 176 3871 270 3924; x_wconf 77' lang='grc' dir='ltr'><strong>Καὶ</strong></span> <span class='ocrx_word' id='word_1_317' title='bbox 293 3872 432 3925; x_wconf 86' lang='grc' dir='ltr'>τοῦτ’</span> <span class='ocrx_word' id='word_1_318' title='bbox 463 3874 632 3926; x_wconf 80' lang='grc' dir='ltr'>εἰπὼν</span> <span class='ocrx_word' id='word_1_319' title='bbox 661 3873 761 3925; x_wconf 76' lang='grc' dir='ltr'><strong>οὐκ</strong></span> <span class='ocrx_word' id='word_1_320' title='bbox 791 3875 869 3935; x_wconf 81' lang='grc' dir='ltr'><strong>είς</strong></span> <span class='ocrx_word' id='word_1_321' title='bbox 904 3871 1118 3943; x_wconf 76' lang='grc' dir='ltr'>μακρὰν</span> <span class='ocrx_word' id='word_1_322' title='bbox 1147 3870 1385 3940; x_wconf 77' lang='grc' dir='ltr'>ἐπηκόου</span> <span class='ocrx_word' id='word_1_323' title='bbox 1405 3870 1499 3922; x_wconf 84' lang='grc' dir='ltr'><strong>τοῦ</strong></span> <span class='ocrx_word' id='word_1_324' title='bbox 1526 3870 1736 3939; x_wconf 65' lang='grc' dir='ltr'>Πατρός</span> 
     </span>
    </p>
   </div>
   <div class='ocr_carea' id='block_1_41' title="bbox 174 3958 1734 4034">
    <p class='ocr_par' dir='ltr' id='par_1_41' title="bbox 174 3958 1734 4034">
     <span class='ocr_line' id='line_1_41' title="bbox 174 3958 1734 4034; baseline -0.001 -20"><span class='ocrx_word' id='word_1_325' title='bbox 174 3964 432 4033; x_wconf 76' lang='grc' dir='ltr'>τυγχάνει,</span> <span class='ocrx_word' id='word_1_326' title='bbox 485 3964 560 4034; x_wconf 81' lang='grc' dir='ltr'>μὴ</span> <span class='ocrx_word' id='word_1_327' title='bbox 615 3961 1053 4034; x_wconf 82' lang='grc' dir='ltr'>μακρυνθέντος,</span> <span class='ocrx_word' id='word_1_328' title='bbox 1103 3961 1234 4032; x_wconf 82' lang='grc' dir='ltr'>μηδὲ</span> <span class='ocrx_word' id='word_1_329' title='bbox 1288 3959 1349 4013; x_wconf 83' lang='grc' dir='ltr'><strong>τὸ</strong></span> <span class='ocrx_word' id='word_1_330' title='bbox 1403 3958 1734 4031; x_wconf 78' lang='grc' dir='ltr'>βραχύτατον</span> 
     </span>
    </p>
   </div>
   <div class='ocr_carea' id='block_1_42' title="bbox 176 4050 1736 4123">
    <p class='ocr_par' dir='ltr' id='par_1_42' title="bbox 176 4050 1736 4123">
     <span class='ocr_line' id='line_1_42' title="bbox 176 4050 1736 4123; baseline -0.001 -19"><span class='ocrx_word' id='word_1_331' title='bbox 176 4051 549 4123; x_wconf 79' lang='grc' dir='ltr'>ὑπερθεμένου,</span> <span class='ocrx_word' id='word_1_332' title='bbox 579 4053 759 4116; x_wconf 69' lang='grc' dir='ltr'>αὐτοῖς</span> <span class='ocrx_word' id='word_1_333' title='bbox 803 4051 859 4105; x_wconf 80' lang='grc' dir='ltr'><strong>δὲ</strong></span> <span class='ocrx_word' id='word_1_334' title='bbox 913 4050 1096 4123; x_wconf 78' lang='grc' dir='ltr'>ἔργοις</span> <span class='ocrx_word' id='word_1_335' title='bbox 1150 4052 1429 4122; x_wconf 77' lang='grc' dir='ltr'>μονονουχὶ</span> <span class='ocrx_word' id='word_1_336' title='bbox 1471 4054 1736 4122; x_wconf 76' lang='grc' dir='ltr'>φήσαντος</span> 
     </span>
    </p>
   </div>
   <div class='ocr_carea' id='block_1_43' title="bbox 173 4141 1730 4213">
    <p class='ocr_par' dir='ltr' id='par_1_43' title="bbox 173 4141 1730 4213">
     <span class='ocr_line' id='line_1_43' title="bbox 173 4141 1730 4213; baseline 0 -21"><span class='ocrx_word' id='word_1_337' title='bbox 173 4141 340 4211; x_wconf 80' lang='grc' dir='ltr'>αύτῷ·</span> <span class='ocrx_word' id='word_1_338' title='bbox 384 4144 535 4195; x_wconf 79' lang='grc' dir='ltr'>ι’Έτι</span> <span class='ocrx_word' id='word_1_339' title='bbox 578 4141 863 4205; x_wconf 82' lang='grc' dir='ltr'>λαλοῦντός</span> <span class='ocrx_word' id='word_1_340' title='bbox 909 4159 1025 4205; x_wconf 72' lang='grc' dir='ltr'>σου,</span> <span class='ocrx_word' id='word_1_341' title='bbox 1059 4142 1199 4213; x_wconf 75' lang='grc' dir='ltr'><strong>ἐρῶ·</strong></span> <span class='ocrx_word' id='word_1_342' title='bbox 1241 4141 1370 4198; x_wconf 78' lang='grc' dir='ltr'>Ἰδοὺ</span> <span class='ocrx_word' id='word_1_343' title='bbox 1418 4141 1666 4213; x_wconf 86' lang='grc' dir='ltr'>πάρειμι.</span> <span class='ocrx_word' id='word_1_344' title='bbox 1713 4160 1730 4192; x_wconf 75' lang='grc' dir='ltr'><strong>ι</strong></span> 
     </span>
    </p>
   </div>
   <div class='ocr_carea' id='block_1_44' title="bbox 175 4233 1735 4305">
    <p class='ocr_par' dir='ltr' id='par_1_44' title="bbox 175 4233 1735 4305">
     <span class='ocr_line' id='line_1_44' title="bbox 175 4233 1735 4305; baseline 0.001 -21"><span class='ocrx_word' id='word_1_345' title='bbox 175 4233 276 4285; x_wconf 74' lang='grc' dir='ltr'>Καὶ</span> <span class='ocrx_word' id='word_1_346' title='bbox 300 4233 361 4304; x_wconf 77' lang='grc' dir='ltr'><strong>δὴ</strong></span> <span class='ocrx_word' id='word_1_347' title='bbox 383 4235 525 4287; x_wconf 79' lang='grc' dir='ltr'>τοῦτ’</span> <span class='ocrx_word' id='word_1_348' title='bbox 559 4234 900 4304; x_wconf 72' lang='grc' dir='ltr'>αἰσθόμενος,</span> <span class='ocrx_word' id='word_1_349' title='bbox 937 4235 1033 4305; x_wconf 82' lang='grc' dir='ltr'><strong>τῆς</strong></span> <span class='ocrx_word' id='word_1_350' title='bbox 1062 4251 1122 4287; x_wconf 87' lang='grc' dir='ltr'><strong>τε</strong></span> <span class='ocrx_word' id='word_1_351' title='bbox 1157 4234 1426 4305; x_wconf 81' lang='grc' dir='ltr'>πατρικῆς</span> <span class='ocrx_word' id='word_1_352' title='bbox 1466 4233 1735 4304; x_wconf 85' lang='grc' dir='ltr'>βοηθείας,</span> 
     </span>
    </p>
   </div>
   <div class='ocr_carea' id='block_1_45' title="bbox 177 4325 1739 4398">
    <p class='ocr_par' dir='ltr' id='par_1_45' title="bbox 177 4325 1739 4398">
     <span class='ocr_line' id='line_1_45' title="bbox 177 4325 1739 4398; baseline 0.017 -23"><span class='ocrx_word' id='word_1_353' title='bbox 177 4325 412 4398; x_wconf 76' lang='grc' dir='ltr'>καθάπερ</span> <span class='ocrx_word' id='word_1_354' title='bbox 450 4327 672 4398; x_wconf 73' lang='grc' dir='ltr'>ηὑξατο,</span> <span class='ocrx_word' id='word_1_355' title='bbox 701 4325 898 4398; x_wconf 73' lang='grc' dir='ltr'>τυχὼν,</span> <span class='ocrx_word' id='word_1_356' title='bbox 931 4325 1177 4380; x_wconf 62' lang='grc' dir='ltr'>ἐντεῦθεν</span> <span class='ocrx_word' id='word_1_357' title='bbox 1223 4326 1405 4378; x_wconf 66' lang='grc' dir='ltr'>λοιπὸν</span> <span class='ocrx_word' id='word_1_358' title='bbox 1442 4325 1739 4397; x_wconf 76' lang='grc' dir='ltr'>ἀπέρχεται</span> 
     </span>
    </p>
   </div>
   <div class='ocr_carea' id='block_1_46' title="bbox 177 4414 1739 4490">
    <p class='ocr_par' dir='ltr' id='par_1_46' title="bbox 177 4414 1739 4490">
     <span class='ocr_line' id='line_1_46' title="bbox 177 4414 1739 4490; baseline 0.016 -26"><span class='ocrx_word' id='word_1_359' title='bbox 177 4414 264 4466; x_wconf 87' lang='grc' dir='ltr'><strong>τοῦ</strong></span> <span class='ocrx_word' id='word_1_360' title='bbox 305 4420 559 4473; x_wconf 78' lang='grc' dir='ltr'>ὲπινικίου</span> <span class='ocrx_word' id='word_1_361' title='bbox 597 4419 787 4489; x_wconf 74' lang='grc' dir='ltr'>ὕμνου,</span> <span class='ocrx_word' id='word_1_362' title='bbox 818 4419 956 4489; x_wconf 65' lang='grc' dir='ltr'>ὑπὲρ</span> <span class='ocrx_word' id='word_1_363' title='bbox 997 4421 1094 4490; x_wconf 68' lang='grc' dir='ltr'>τῆς</span> <span class='ocrx_word' id='word_1_364' title='bbox 1135 4418 1362 4489; x_wconf 65' lang='grc' dir='ltr'>ἑωθινῆς</span> <span class='ocrx_word' id='word_1_365' title='bbox 1407 4418 1739 4488; x_wconf 58' lang='grc' dir='ltr'><strong>ἀντιλήψεως</strong></span> 
     </span>
    </p>
   </div>
   <div class='ocr_carea' id='block_1_47' title="bbox 177 4505 1739 4582">
    <p class='ocr_par' dir='ltr' id='par_1_47' title="bbox 177 4505 1739 4582">
     <span class='ocr_line' id='line_1_47' title="bbox 177 4505 1739 4582; baseline 0.004 -23"><span class='ocrx_word' id='word_1_366' title='bbox 177 4509 264 4563; x_wconf 75' lang='grc' dir='ltr'>τὸν</span> <span class='ocrx_word' id='word_1_367' title='bbox 283 4507 484 4580; x_wconf 71' lang='grc' dir='ltr'>ψαλμὸν</span> <span class='ocrx_word' id='word_1_368' title='bbox 517 4511 857 4581; x_wconf 86' lang='grc' dir='ltr'>ποιούμενος,</span> <span class='ocrx_word' id='word_1_369' title='bbox 881 4512 937 4563; x_wconf 84' lang='grc' dir='ltr'>ἐν</span> <span class='ocrx_word' id='word_1_370' title='bbox 970 4505 1050 4573; x_wconf 76' lang='grc' dir='ltr'>οἷς</span> <span class='ocrx_word' id='word_1_371' title='bbox 1081 4527 1240 4580; x_wconf 82' lang='grc' dir='ltr'>φησι·</span> <span class='ocrx_word' id='word_1_372' title='bbox 1277 4529 1294 4560; x_wconf 81' lang='grc' dir='ltr'><strong>ι</strong></span> <span class='ocrx_word' id='word_1_373' title='bbox 1323 4512 1659 4582; x_wconf 84' lang='grc' dir='ltr'>Διηγήσομαι</span> <span class='ocrx_word' id='word_1_374' title='bbox 1679 4511 1739 4565; x_wconf 75' lang='grc' dir='ltr'>τὸ</span> 
     </span>
    </p>
   </div>
   <div class='ocr_carea' id='block_1_48' title="bbox 1830 664 3388 733">
    <p class='ocr_par' dir='ltr' id='par_1_48' title="bbox 1830 664 3388 733">
     <span class='ocr_line' id='line_1_48' title="bbox 1830 664 3388 733; baseline -0.001 -18"><span class='ocrx_word' id='word_1_375' title='bbox 1830 670 1988 727; x_wconf 91' lang='lat' dir='ltr'><strong>teret,</strong></span> <span class='ocrx_word' id='word_1_376' title='bbox 2020 664 2232 718; x_wconf 75' lang='lat' dir='ltr'><strong>tametsi</strong></span> <span class='ocrx_word' id='word_1_377' title='bbox 2283 672 2565 733; x_wconf 75' lang='lat' dir='ltr'><strong>pastorum</strong></span> <span class='ocrx_word' id='word_1_378' title='bbox 2628 677 2836 716; x_wconf 85' lang='lat' dir='ltr'><strong>rnorem</strong></span> <span class='ocrx_word' id='word_1_379' title='bbox 2875 678 2980 717; x_wconf 91' lang='lat' dir='ltr'><strong>non</strong></span> <span class='ocrx_word' id='word_1_380' title='bbox 3013 672 3388 730; x_wconf 85' lang='lat' dir='ltr'><strong>susceperant,</strong></span> 
     </span>
    </p>
   </div>
   <div class='ocr_carea' id='block_1_49' title="bbox 1829 753 3393 820">
    <p class='ocr_par' dir='ltr' id='par_1_49' title="bbox 1829 753 3393 820">
     <span class='ocr_line' id='line_1_49' title="bbox 1829 753 3393 820; baseline -0.001 -14"><span class='ocrx_word' id='word_1_381' title='bbox 1829 761 2066 810; x_wconf 90' lang='lat' dir='ltr'><strong>attamen</strong></span> <span class='ocrx_word' id='word_1_382' title='bbox 2098 756 2364 810; x_wconf 84' lang='lat' dir='ltr'><strong>bonorum</strong></span> <span class='ocrx_word' id='word_1_383' title='bbox 2400 771 2596 809; x_wconf 87' lang='lat' dir='ltr'><strong>canum</strong></span> <span class='ocrx_word' id='word_1_384' title='bbox 2633 754 2826 820; x_wconf 88' lang='lat' dir='ltr'><strong>instar,</strong></span> <span class='ocrx_word' id='word_1_385' title='bbox 2865 753 3076 807; x_wconf 86' lang='lat' dir='ltr'><strong>Domini</strong></span> <span class='ocrx_word' id='word_1_386' title='bbox 3107 753 3188 807; x_wconf 89' lang='lat' dir='ltr'><strong>sui</strong></span> <span class='ocrx_word' id='word_1_387' title='bbox 3225 754 3393 805; x_wconf 84' lang='lat' dir='ltr'><strong>ratio-</strong></span> 
     </span>
    </p>
   </div>
   <div class='ocr_carea' id='block_1_50' title="bbox 1830 844 3444 918">
    <p class='ocr_par' dir='ltr' id='par_1_50' title="bbox 1830 844 3444 918">
     <span class='ocr_line' id='line_1_50' title="bbox 1830 844 3444 918; baseline -0.004 -16"><span class='ocrx_word' id='word_1_388' title='bbox 1830 848 2006 902; x_wconf 89' lang='lat' dir='ltr'><strong>nalem</strong></span> <span class='ocrx_word' id='word_1_389' title='bbox 2041 864 2258 918; x_wconf 81' lang='lat' dir='ltr'><strong>gregem</strong></span> <span class='ocrx_word' id='word_1_390' title='bbox 2290 854 2452 914; x_wconf 86' lang='lat' dir='ltr'><strong>atque</strong></span> <span class='ocrx_word' id='word_1_391' title='bbox 2477 863 2606 900; x_wconf 83' lang='lat' dir='ltr'><strong>oves</strong></span> <span class='ocrx_word' id='word_1_392' title='bbox 2643 844 2840 900; x_wconf 89' lang='lat' dir='ltr'><strong>domus</strong></span> <span class='ocrx_word' id='word_1_393' title='bbox 2880 845 3043 900; x_wconf 88' lang='lat' dir='ltr'><strong>Israel</strong></span> <span class='ocrx_word' id='word_1_394' title='bbox 3079 845 3393 898; x_wconf 80' lang='lat' dir='ltr'><strong>custodicn-</strong></span> <span class='ocrx_word' id='word_1_395' title='bbox 3439 851 3444 859; x_wconf 91' lang='lat'>&#39;</span> 
     </span>
    </p>
   </div>
   <div class='ocr_carea' id='block_1_51' title="bbox 1831 939 3390 1009">
    <p class='ocr_par' dir='ltr' id='par_1_51' title="bbox 1831 939 3390 1009">
     <span class='ocr_line' id='line_1_51' title="bbox 1831 939 3390 1009; baseline -0.001 -16"><span class='ocrx_word' id='word_1_396' title='bbox 1831 949 1933 1002; x_wconf 82' lang='lat' dir='ltr'><strong>tes,</strong></span> <span class='ocrx_word' id='word_1_397' title='bbox 1967 939 2126 994; x_wconf 88' lang='lat' dir='ltr'><strong>docte</strong></span> <span class='ocrx_word' id='word_1_398' title='bbox 2153 956 2216 993; x_wconf 86' lang='lat' dir='ltr'><strong>ac</strong></span> <span class='ocrx_word' id='word_1_399' title='bbox 2247 941 2538 1009; x_wconf 89' lang='lat' dir='ltr'><strong>prudenter</strong></span> <span class='ocrx_word' id='word_1_400' title='bbox 2561 941 2782 999; x_wconf 89' lang='lat' dir='ltr'><strong>latrare.</strong></span> <span class='ocrx_word' id='word_1_401' title='bbox 2809 939 3203 1008; x_wconf 86' lang='lat' dir='ltr'><strong>Dominumque</strong></span> <span class='ocrx_word' id='word_1_402' title='bbox 3233 954 3390 993; x_wconf 90' lang='lat' dir='ltr'><strong>suum</strong></span> 
     </span>
    </p>
   </div>
   <div class='ocr_carea' id='block_1_52' title="bbox 1829 1030 3388 1100">
    <p class='ocr_par' dir='ltr' id='par_1_52' title="bbox 1829 1030 3388 1100">
     <span class='ocr_line' id='line_1_52' title="bbox 1829 1030 3388 1100; baseline 0 -16"><span class='ocrx_word' id='word_1_403' title='bbox 1829 1045 1894 1084; x_wconf 90' lang='lat' dir='ltr'><strong>ac</strong></span> <span class='ocrx_word' id='word_1_404' title='bbox 1917 1038 2192 1100; x_wconf 84' lang='lat' dir='ltr'><strong>pastorum</strong></span> <span class='ocrx_word' id='word_1_405' title='bbox 2224 1030 2517 1099; x_wconf 84' lang='lat' dir='ltr'><strong>principem</strong></span> <span class='ocrx_word' id='word_1_406' title='bbox 2545 1031 2854 1086; x_wconf 76' lang='lat' dir='ltr'><strong>demulcere</strong></span> <span class='ocrx_word' id='word_1_407' title='bbox 2888 1039 3048 1100; x_wconf 87' lang='lat' dir='ltr'><strong>atque</strong></span> <span class='ocrx_word' id='word_1_408' title='bbox 3073 1044 3388 1100; x_wconf 85' lang='lat' dir='ltr'><strong>agnoscere,</strong></span> 
     </span>
    </p>
   </div>
   <div class='ocr_carea' id='block_1_53' title="bbox 1828 1122 3392 1193">
    <p class='ocr_par' dir='ltr' id='par_1_53' title="bbox 1828 1122 3392 1193">
     <span class='ocr_line' id='line_1_53' title="bbox 1828 1122 3392 1193; baseline -0.003 -16"><span class='ocrx_word' id='word_1_409' title='bbox 1828 1125 2084 1192; x_wconf 74' lang='lat' dir='ltr'><strong>omnique</strong></span> <span class='ocrx_word' id='word_1_410' title='bbox 2129 1122 2375 1176; x_wconf 80' lang='lat' dir='ltr'><strong>custodia</strong></span> <span class='ocrx_word' id='word_1_411' title='bbox 2411 1122 2678 1176; x_wconf 88' lang='lat' dir='ltr'><strong>creditum</strong></span> <span class='ocrx_word' id='word_1_412' title='bbox 2720 1124 2820 1178; x_wconf 88' lang='lat' dir='ltr'><strong>sibi</strong></span> <span class='ocrx_word' id='word_1_413' title='bbox 2852 1138 3065 1193; x_wconf 78' lang='lat' dir='ltr'><strong>gregem</strong></span> <span class='ocrx_word' id='word_1_414' title='bbox 3097 1137 3392 1176; x_wconf 77' lang='lat' dir='ltr'><strong>conserva-</strong></span> 
     </span>
    </p>
   </div>
   <div class='ocr_carea' id='block_1_54' title="bbox 1829 1211 3392 1277">
    <p class='ocr_par' dir='ltr' id='par_1_54' title="bbox 1829 1211 3392 1277">
     <span class='ocr_line' id='line_1_54' title="bbox 1829 1211 3392 1277; baseline -0.001 -11"><span class='ocrx_word' id='word_1_415' title='bbox 1829 1229 1909 1277; x_wconf 90' lang='lat' dir='ltr'><strong>re,</strong></span> <span class='ocrx_word' id='word_1_416' title='bbox 1941 1215 2142 1268; x_wconf 87' lang='lat' dir='ltr'><strong>latrare</strong></span> <span class='ocrx_word' id='word_1_417' title='bbox 2168 1221 2347 1267; x_wconf 89' lang='lat' dir='ltr'><strong>autem</strong></span> <span class='ocrx_word' id='word_1_418' title='bbox 2379 1211 2425 1266; x_wconf 91' lang='lat' dir='ltr'><strong>si</strong></span> <span class='ocrx_word' id='word_1_419' title='bbox 2462 1213 2602 1266; x_wconf 82' lang='lat' dir='ltr'><strong>forte</strong></span> <span class='ocrx_word' id='word_1_420' title='bbox 2638 1214 2893 1267; x_wconf 86' lang='lat' dir='ltr'><strong>acerbius</strong></span> <span class='ocrx_word' id='word_1_421' title='bbox 2924 1213 3144 1274; x_wconf 82' lang='lat' dir='ltr'><strong>vellent,</strong></span> <span class='ocrx_word' id='word_1_422' title='bbox 3199 1222 3392 1266; x_wconf 87' lang='lat' dir='ltr'><strong>contra</strong></span> 
     </span>
    </p>
   </div>
   <div class='ocr_carea' id='block_1_55' title="bbox 1801 1303 3388 1375">
    <p class='ocr_par' dir='ltr' id='par_1_55' title="bbox 1801 1303 3388 1375">
     <span class='ocr_line' id='line_1_55' title="bbox 1801 1303 3388 1375; baseline 0 -20"><span class='ocrx_word' id='word_1_423' title='bbox 1801 1322 1924 1361; x_wconf 85' lang='lat' dir='ltr'><strong>.eos</strong></span> <span class='ocrx_word' id='word_1_424' title='bbox 1957 1305 2013 1360; x_wconf 90' lang='lat' dir='ltr'><strong>id</strong></span> <span class='ocrx_word' id='word_1_425' title='bbox 2051 1305 2248 1368; x_wconf 81' lang='lat' dir='ltr'><strong>facere,</strong></span> <span class='ocrx_word' id='word_1_426' title='bbox 2281 1305 2370 1374; x_wconf 90' lang='lat' dir='ltr'><strong>qui</strong></span> <span class='ocrx_word' id='word_1_427' title='bbox 2400 1305 2746 1359; x_wconf 74' lang='lat' dir='ltr'><strong>extrinsecus</strong></span> <span class='ocrx_word' id='word_1_428' title='bbox 2786 1305 2936 1375; x_wconf 86' lang='lat' dir='ltr'><strong>gregi</strong></span> <span class='ocrx_word' id='word_1_429' title='bbox 2977 1303 3388 1366; x_wconf 84' lang='lat' dir='ltr'><strong>insidiarentur,</strong></span> 
     </span>
    </p>
   </div>
   <div class='ocr_carea' id='block_1_56' title="bbox 1830 1394 3393 1468">
    <p class='ocr_par' dir='ltr' id='par_1_56' title="bbox 1830 1394 3393 1468">
     <span class='ocr_line' id='line_1_56' title="bbox 1830 1394 3393 1468; baseline -0.004 -16"><span class='ocrx_word' id='word_1_430' title='bbox 1830 1399 1932 1468; x_wconf 85' lang='lat' dir='ltr'><strong>ipsi</strong></span> <span class='ocrx_word' id='word_1_431' title='bbox 1968 1407 2183 1459; x_wconf 88' lang='lat' dir='ltr'><strong>contra,</strong></span> <span class='ocrx_word' id='word_1_432' title='bbox 2227 1412 2426 1450; x_wconf 89' lang='lat' dir='ltr'><strong>canum</strong></span> <span class='ocrx_word' id='word_1_433' title='bbox 2483 1395 2826 1466; x_wconf 90' lang='lat' dir='ltr'><strong>stupidorum</strong></span> <span class='ocrx_word' id='word_1_434' title='bbox 2879 1410 3049 1463; x_wconf 80' lang='lat' dir='ltr'><strong>reque</strong></span> <span class='ocrx_word' id='word_1_435' title='bbox 3079 1409 3205 1449; x_wconf 81' lang='lat' dir='ltr'><strong>vera</strong></span> <span class='ocrx_word' id='word_1_436' title='bbox 3244 1394 3393 1448; x_wconf 83' lang='lat' dir='ltr'><strong>insa-</strong></span> 
     </span>
    </p>
   </div>
   <div class='ocr_carea' id='block_1_57' title="bbox 1830 1486 3392 1553">
    <p class='ocr_par' dir='ltr' id='par_1_57' title="bbox 1830 1486 3392 1553">
     <span class='ocr_line' id='line_1_57' title="bbox 1830 1486 3392 1553; baseline -0.003 -10"><span class='ocrx_word' id='word_1_437' title='bbox 1830 1490 2097 1544; x_wconf 90' lang='lat' dir='ltr'><strong>nientium</strong></span> <span class='ocrx_word' id='word_1_438' title='bbox 2128 1489 2320 1553; x_wconf 88' lang='lat' dir='ltr'><strong>instar,</strong></span> <span class='ocrx_word' id='word_1_439' title='bbox 2367 1489 2598 1542; x_wconf 89' lang='lat' dir='ltr'><strong>latratus</strong></span> <span class='ocrx_word' id='word_1_440' title='bbox 2625 1503 2756 1542; x_wconf 90' lang='lat' dir='ltr'><strong>suos</strong></span> <span class='ocrx_word' id='word_1_441' title='bbox 2785 1486 3105 1550; x_wconf 90' lang='lat' dir='ltr'><strong>emiserunt,</strong></span> <span class='ocrx_word' id='word_1_442' title='bbox 3158 1495 3211 1539; x_wconf 90' lang='lat' dir='ltr'><strong>ct</strong></span> <span class='ocrx_word' id='word_1_443' title='bbox 3263 1500 3392 1539; x_wconf 83' lang='lat' dir='ltr'><strong>oves</strong></span> 
     </span>
    </p>
   </div>
   <div class='ocr_carea' id='block_1_58' title="bbox 1829 1577 3388 1651">
    <p class='ocr_par' dir='ltr' id='par_1_58' title="bbox 1829 1577 3388 1651">
     <span class='ocr_line' id='line_1_58' title="bbox 1829 1577 3388 1651; baseline -0.004 -16"><span class='ocrx_word' id='word_1_444' title='bbox 1829 1581 2068 1651; x_wconf 84' lang='lat' dir='ltr'><strong>pastoris</strong></span> <span class='ocrx_word' id='word_1_445' title='bbox 2101 1579 2418 1644; x_wconf 72' lang='lat' dir='ltr'><strong>efferarunt,</strong></span> <span class='ocrx_word' id='word_1_446' title='bbox 2451 1589 2509 1633; x_wconf 89' lang='lat' dir='ltr'><strong>ut</strong></span> <span class='ocrx_word' id='word_1_447' title='bbox 2540 1580 2733 1633; x_wconf 89' lang='lat' dir='ltr'><strong>merito</strong></span> <span class='ocrx_word' id='word_1_448' title='bbox 2765 1577 3052 1632; x_wconf 79' lang='lat' dir='ltr'><strong>conveniat</strong></span> <span class='ocrx_word' id='word_1_449' title='bbox 3090 1577 3171 1632; x_wconf 89' lang='lat' dir='ltr'><strong>eis</strong></span> <span class='ocrx_word' id='word_1_450' title='bbox 3207 1577 3338 1630; x_wconf 91' lang='lat' dir='ltr'><strong>illud</strong></span> <span class='ocrx_word' id='word_1_451' title='bbox 3375 1595 3388 1630; x_wconf 90' lang='lat'><strong>:</strong></span> 
     </span>
    </p>
   </div>
   <div class='ocr_carea' id='block_1_59' title="bbox 1835 1669 3394 1737">
    <p class='ocr_par' dir='ltr' id='par_1_59' title="bbox 1835 1669 3394 1737">
     <span class='ocr_line' id='line_1_59' title="bbox 1835 1669 3394 1737; baseline -0.003 -11"><span class='ocrx_word' id='word_1_452' title='bbox 1835 1692 1851 1726; x_wconf 77' lang='grc' dir='ltr'><strong>ι</strong></span> <span class='ocrx_word' id='word_1_453' title='bbox 1899 1673 2391 1729; x_wconf 87' lang='lat' dir='ltr'><strong>Circumdederunt</strong></span> <span class='ocrx_word' id='word_1_454' title='bbox 2423 1687 2508 1726; x_wconf 91' lang='lat' dir='ltr'><strong>me</strong></span> <span class='ocrx_word' id='word_1_455' title='bbox 2539 1687 2705 1726; x_wconf 89' lang='lat' dir='ltr'><strong>canes</strong></span> <span class='ocrx_word' id='word_1_456' title='bbox 2739 1671 2916 1737; x_wconf 87' lang='lat' dir='ltr'><strong>multi,</strong></span> <span class='ocrx_word' id='word_1_457' title='bbox 2949 1669 3242 1725; x_wconf 87' lang='lat' dir='ltr'><strong>concilium</strong></span> <span class='ocrx_word' id='word_1_458' title='bbox 3280 1685 3394 1722; x_wconf 86' lang='lat' dir='ltr'><strong>ma-</strong></span> 
     </span>
    </p>
   </div>
   <div class='ocr_carea' id='block_1_60' title="bbox 1830 1761 3394 1834">
    <p class='ocr_par' dir='ltr' id='par_1_60' title="bbox 1830 1761 3394 1834">
     <span class='ocr_line' id='line_1_60' title="bbox 1830 1761 3394 1834; baseline -0.004 -17"><span class='ocrx_word' id='word_1_459' title='bbox 1830 1765 2154 1834; x_wconf 87' lang='lat' dir='ltr'><strong>lignantium</strong></span> <span class='ocrx_word' id='word_1_460' title='bbox 2203 1763 2418 1818; x_wconf 82' lang='lat' dir='ltr'><strong>obsedit</strong></span> <span class='ocrx_word' id='word_1_461' title='bbox 2449 1778 2554 1819; x_wconf 91' lang='lat' dir='ltr'><strong>me.</strong></span> <span class='ocrx_word' id='word_1_462' title='bbox 2597 1782 2614 1814; x_wconf 75' lang='grc' dir='ltr'><strong>ι</strong></span> <span class='ocrx_word' id='word_1_463' title='bbox 2653 1761 2814 1832; x_wconf 79' lang='lat'><strong>506</strong></span> <span class='ocrx_word' id='word_1_464' title='bbox 2839 1761 2981 1827; x_wconf 81' lang='lat' dir='ltr'><strong>Quin</strong></span> <span class='ocrx_word' id='word_1_465' title='bbox 3012 1763 3174 1815; x_wconf 88' lang='lat' dir='ltr'><strong>etiam</strong></span> <span class='ocrx_word' id='word_1_466' title='bbox 3206 1775 3394 1813; x_wconf 83' lang='lat' dir='ltr'><strong>omnes</strong></span> 
     </span>
    </p>
   </div>
   <div class='ocr_carea' id='block_1_61' title="bbox 1831 1851 3397 1926">
    <p class='ocr_par' dir='ltr' id='par_1_61' title="bbox 1831 1851 3397 1926">
     <span class='ocr_line' id='line_1_61' title="bbox 1831 1851 3397 1926; baseline -0.004 -18"><span class='ocrx_word' id='word_1_467' title='bbox 1831 1856 2142 1926; x_wconf 89' lang='lat' dir='ltr'><strong>quicunque</strong></span> <span class='ocrx_word' id='word_1_468' title='bbox 2175 1855 2228 1908; x_wconf 91' lang='lat' dir='ltr'><strong>in</strong></span> <span class='ocrx_word' id='word_1_469' title='bbox 2258 1855 2404 1909; x_wconf 91' lang='lat' dir='ltr'><strong>hunc</strong></span> <span class='ocrx_word' id='word_1_470' title='bbox 2435 1869 2610 1923; x_wconf 86' lang='lat' dir='ltr'><strong>usque</strong></span> <span class='ocrx_word' id='word_1_471' title='bbox 2656 1854 2801 1907; x_wconf 89' lang='lat' dir='ltr'><strong>diem</strong></span> <span class='ocrx_word' id='word_1_472' title='bbox 2853 1852 3036 1906; x_wconf 88' lang='lat' dir='ltr'><strong>itidem</strong></span> <span class='ocrx_word' id='word_1_473' title='bbox 3070 1861 3129 1905; x_wconf 94' lang='lat' dir='ltr'><strong>ut</strong></span> <span class='ocrx_word' id='word_1_474' title='bbox 3167 1851 3243 1904; x_wconf 89' lang='lat' dir='ltr'><strong>illi</strong></span> <span class='ocrx_word' id='word_1_475' title='bbox 3279 1865 3397 1919; x_wconf 89' lang='lat' dir='ltr'><strong>per-</strong></span> 
     </span>
    </p>
   </div>
   <div class='ocr_carea' id='block_1_62' title="bbox 1831 1941 3393 2017">
    <p class='ocr_par' dir='ltr' id='par_1_62' title="bbox 1831 1941 3393 2017">
     <span class='ocr_line' id='line_1_62' title="bbox 1831 1941 3393 2017; baseline -0.004 -17"><span class='ocrx_word' id='word_1_476' title='bbox 1831 1954 1966 2017; x_wconf 85' lang='lat' dir='ltr'><strong>gunt</strong></span> <span class='ocrx_word' id='word_1_477' title='bbox 1997 1947 2319 2002; x_wconf 84' lang='lat' dir='ltr'><strong>maledicere</strong></span> <span class='ocrx_word' id='word_1_478' title='bbox 2343 1961 2406 2000; x_wconf 91' lang='lat' dir='ltr'><strong>ac</strong></span> <span class='ocrx_word' id='word_1_479' title='bbox 2434 1945 2635 2000; x_wconf 89' lang='lat' dir='ltr'><strong>latrare</strong></span> <span class='ocrx_word' id='word_1_480' title='bbox 2666 1943 2933 2001; x_wconf 86' lang='lat' dir='ltr'><strong>adversus</strong></span> <span class='ocrx_word' id='word_1_481' title='bbox 2957 1944 3235 1998; x_wconf 77' lang='lat' dir='ltr'><strong>Christum</strong></span> <span class='ocrx_word' id='word_1_482' title='bbox 3274 1941 3393 2002; x_wconf 89' lang='lat' dir='ltr'><strong>Dei.</strong></span> 
     </span>
    </p>
   </div>
   <div class='ocr_carea' id='block_1_63' title="bbox 1830 2033 3395 2108">
    <p class='ocr_par' dir='ltr' id='par_1_63' title="bbox 1830 2033 3395 2108">
     <span class='ocr_line' id='line_1_63' title="bbox 1830 2033 3395 2108; baseline -0.004 -14"><span class='ocrx_word' id='word_1_483' title='bbox 1830 2041 1900 2095; x_wconf 83' lang='lat' dir='ltr'><strong>ab</strong></span> <span class='ocrx_word' id='word_1_484' title='bbox 1931 2041 2039 2095; x_wconf 86' lang='lat' dir='ltr'><strong>illis</strong></span> <span class='ocrx_word' id='word_1_485' title='bbox 2061 2040 2260 2094; x_wconf 89' lang='lat' dir='ltr'><strong>diversi</strong></span> <span class='ocrx_word' id='word_1_486' title='bbox 2299 2038 2524 2108; x_wconf 88' lang='lat' dir='ltr'><strong>putandi</strong></span> <span class='ocrx_word' id='word_1_487' title='bbox 2549 2053 2658 2091; x_wconf 89' lang='lat' dir='ltr'><strong>non</strong></span> <span class='ocrx_word' id='word_1_488' title='bbox 2690 2046 2839 2092; x_wconf 87' lang='lat' dir='ltr'><strong>sunt.</strong></span> <span class='ocrx_word' id='word_1_489' title='bbox 2876 2036 2984 2090; x_wconf 82' lang='lat' dir='ltr'><strong>Nec</strong></span> <span class='ocrx_word' id='word_1_490' title='bbox 3017 2037 3197 2090; x_wconf 89' lang='lat' dir='ltr'><strong>minus</strong></span> <span class='ocrx_word' id='word_1_491' title='bbox 3224 2034 3279 2097; x_wconf 91' lang='lat' dir='ltr'><strong>ii,</strong></span> <span class='ocrx_word' id='word_1_492' title='bbox 3301 2033 3395 2103; x_wconf 89' lang='lat' dir='ltr'><strong>qui</strong></span> 
     </span>
    </p>
   </div>
   <div class='ocr_carea' id='block_1_64' title="bbox 1831 2127 3394 2200">
    <p class='ocr_par' dir='ltr' id='par_1_64' title="bbox 1831 2127 3394 2200">
     <span class='ocr_line' id='line_1_64' title="bbox 1831 2127 3394 2200; baseline -0.004 -15"><span class='ocrx_word' id='word_1_493' title='bbox 1831 2139 1962 2186; x_wconf 91' lang='lat' dir='ltr'><strong>tunc</strong></span> <span class='ocrx_word' id='word_1_494' title='bbox 1999 2131 2052 2184; x_wconf 93' lang='lat' dir='ltr'><strong>in</strong></span> <span class='ocrx_word' id='word_1_495' title='bbox 2089 2132 2240 2185; x_wconf 89' lang='lat' dir='ltr'><strong>illum</strong></span> <span class='ocrx_word' id='word_1_496' title='bbox 2275 2131 2439 2200; x_wconf 86' lang='lat' dir='ltr'><strong>impie</strong></span> <span class='ocrx_word' id='word_1_497' title='bbox 2486 2130 2856 2199; x_wconf 81' lang='lat' dir='ltr'><strong>grassantium</strong></span> <span class='ocrx_word' id='word_1_498' title='bbox 2909 2128 3142 2182; x_wconf 89' lang='lat' dir='ltr'><strong>militum</strong></span> <span class='ocrx_word' id='word_1_499' title='bbox 3203 2127 3394 2189; x_wconf 90' lang='lat' dir='ltr'><strong>instar,</strong></span> 
     </span>
    </p>
   </div>
   <div class='ocr_carea' id='block_1_65' title="bbox 1831 2222 3399 2294">
    <p class='ocr_par' dir='ltr' id='par_1_65' title="bbox 1831 2222 3399 2294">
     <span class='ocr_line' id='line_1_65' title="bbox 1831 2222 3399 2294; baseline -0.003 -16"><span class='ocrx_word' id='word_1_500' title='bbox 1831 2241 1978 2280; x_wconf 91' lang='lat' dir='ltr'><strong>nunc</strong></span> <span class='ocrx_word' id='word_1_501' title='bbox 2018 2225 2212 2280; x_wconf 86' lang='lat' dir='ltr'><strong>Filium</strong></span> <span class='ocrx_word' id='word_1_502' title='bbox 2253 2224 2346 2280; x_wconf 88' lang='lat' dir='ltr'><strong>Dei</strong></span> <span class='ocrx_word' id='word_1_503' title='bbox 2385 2225 2581 2280; x_wconf 89' lang='lat' dir='ltr'><strong>iterum</strong></span> <span class='ocrx_word' id='word_1_504' title='bbox 2632 2223 2784 2278; x_wconf 87' lang='lat' dir='ltr'><strong>cruci</strong></span> <span class='ocrx_word' id='word_1_505' title='bbox 2831 2222 3075 2294; x_wconf 85' lang='lat' dir='ltr'><strong>alligunt,</strong></span> <span class='ocrx_word' id='word_1_506' title='bbox 3112 2223 3399 2293; x_wconf 78' lang='lat' dir='ltr'><strong>palamque</strong></span> 
     </span>
    </p>
   </div>
   <div class='ocr_carea' id='block_1_66' title="bbox 1830 2314 3398 2386">
    <p class='ocr_par' dir='ltr' id='par_1_66' title="bbox 1830 2314 3398 2386">
     <span class='ocr_line' id='line_1_66' title="bbox 1830 2314 3398 2386; baseline -0.003 -16"><span class='ocrx_word' id='word_1_507' title='bbox 1830 2316 2127 2386; x_wconf 83' lang='lat' dir='ltr'><strong>ignominia</strong></span> <span class='ocrx_word' id='word_1_508' title='bbox 2179 2315 2439 2380; x_wconf 85' lang='lat' dir='ltr'><strong>alliciunt,</strong></span> <span class='ocrx_word' id='word_1_509' title='bbox 2491 2331 2600 2371; x_wconf 89' lang='lat' dir='ltr'><strong>non</strong></span> <span class='ocrx_word' id='word_1_510' title='bbox 2648 2316 2807 2384; x_wconf 85' lang='lat' dir='ltr'><strong>longe</strong></span> <span class='ocrx_word' id='word_1_511' title='bbox 2853 2314 3142 2370; x_wconf 88' lang='lat' dir='ltr'><strong>admodum</strong></span> <span class='ocrx_word' id='word_1_512' title='bbox 3179 2315 3246 2369; x_wconf 88' lang='lat' dir='ltr'><strong>ab</strong></span> <span class='ocrx_word' id='word_1_513' title='bbox 3277 2315 3398 2369; x_wconf 90' lang='lat' dir='ltr'><strong>illo-</strong></span> 
     </span>
    </p>
   </div>
   <div class='ocr_carea' id='block_1_67' title="bbox 1830 2407 3396 2474">
    <p class='ocr_par' dir='ltr' id='par_1_67' title="bbox 1830 2407 3396 2474">
     <span class='ocr_line' id='line_1_67' title="bbox 1830 2407 3396 2474; baseline -0.002 -10"><span class='ocrx_word' id='word_1_514' title='bbox 1830 2425 1951 2464; x_wconf 88' lang='lat' dir='ltr'><strong>rum</strong></span> <span class='ocrx_word' id='word_1_515' title='bbox 2003 2408 2210 2464; x_wconf 78' lang='lat' dir='ltr'><strong>nefaria</strong></span> <span class='ocrx_word' id='word_1_516' title='bbox 2244 2411 2526 2464; x_wconf 81' lang='lat' dir='ltr'><strong>voluntate</strong></span> <span class='ocrx_word' id='word_1_517' title='bbox 2574 2411 2870 2474; x_wconf 88' lang='lat' dir='ltr'><strong>recedunt;</strong></span> <span class='ocrx_word' id='word_1_518' title='bbox 2922 2423 3113 2462; x_wconf 89' lang='lat' dir='ltr'><strong>omnes</strong></span> <span class='ocrx_word' id='word_1_519' title='bbox 3164 2422 3292 2462; x_wconf 90' lang='lat' dir='ltr'><strong>vero</strong></span> <span class='ocrx_word' id='word_1_520' title='bbox 3341 2407 3396 2461; x_wconf 91' lang='lat' dir='ltr'><strong>hl</strong></span> 
     </span>
    </p>
   </div>
   <div class='ocr_carea' id='block_1_68' title="bbox 1833 2491 3396 2569">
    <p class='ocr_par' dir='ltr' id='par_1_68' title="bbox 1833 2491 3396 2569">
     <span class='ocr_line' id='line_1_68' title="bbox 1833 2491 3396 2569; baseline -0.007 -13"><span class='ocrx_word' id='word_1_521' title='bbox 1833 2507 1982 2562; x_wconf 88' lang='lat' dir='ltr'><strong>sunt,</strong></span> <span class='ocrx_word' id='word_1_522' title='bbox 2013 2499 2105 2569; x_wconf 91' lang='lat' dir='ltr'><strong>qui</strong></span> <span class='ocrx_word' id='word_1_523' title='bbox 2147 2501 2308 2553; x_wconf 85' lang='lat' dir='ltr'><strong>etiam</strong></span> <span class='ocrx_word' id='word_1_524' title='bbox 2350 2515 2497 2554; x_wconf 89' lang='lat' dir='ltr'><strong>nunc</strong></span> <span class='ocrx_word' id='word_1_525' title='bbox 2522 2498 2725 2552; x_wconf 83' lang='lat' dir='ltr'><strong>Christi</strong></span> <span class='ocrx_word' id='word_1_526' title='bbox 2755 2512 2976 2566; x_wconf 88' lang='lat' dir='ltr'><strong>corpus,</strong></span> <span class='ocrx_word' id='word_1_527' title='bbox 3009 2496 3108 2548; x_wconf 92' lang='lat' dir='ltr'><strong>hoc</strong></span> <span class='ocrx_word' id='word_1_528' title='bbox 3152 2501 3255 2559; x_wconf 91' lang='lat' dir='ltr'><strong>est,</strong></span> <span class='ocrx_word' id='word_1_529' title='bbox 3293 2491 3396 2545; x_wconf 87' lang='lat' dir='ltr'><strong>Ec-</strong></span> 
     </span>
    </p>
   </div>
   <div class='ocr_carea' id='block_1_69' title="bbox 1831 2588 3396 2662">
    <p class='ocr_par' dir='ltr' id='par_1_69' title="bbox 1831 2588 3396 2662">
     <span class='ocr_line' id='line_1_69' title="bbox 1831 2588 3396 2662; baseline -0.006 -14"><span class='ocrx_word' id='word_1_530' title='bbox 1831 2594 2056 2648; x_wconf 86' lang='lat' dir='ltr'><strong>clesiam</strong></span> <span class='ocrx_word' id='word_1_531' title='bbox 2083 2592 2472 2662; x_wconf 85' lang='lat' dir='ltr'><strong>suscipientes,</strong></span> <span class='ocrx_word' id='word_1_532' title='bbox 2497 2607 2694 2646; x_wconf 79' lang='lat' dir='ltr'><strong>manus</strong></span> <span class='ocrx_word' id='word_1_533' title='bbox 2726 2591 2872 2645; x_wconf 88' lang='lat' dir='ltr'><strong>illius</strong></span> <span class='ocrx_word' id='word_1_534' title='bbox 2901 2596 2955 2643; x_wconf 90' lang='lat' dir='ltr'><strong>et</strong></span> <span class='ocrx_word' id='word_1_535' title='bbox 2990 2588 3154 2658; x_wconf 85' lang='lat' dir='ltr'><strong>pedes</strong></span> <span class='ocrx_word' id='word_1_536' title='bbox 3187 2595 3242 2641; x_wconf 91' lang='lat' dir='ltr'><strong>et</strong></span> <span class='ocrx_word' id='word_1_537' title='bbox 3269 2600 3396 2640; x_wconf 78' lang='lat' dir='ltr'><strong>ossa</strong></span> 
     </span>
    </p>
   </div>
   <div class='ocr_carea' id='block_1_70' title="bbox 1833 2681 3397 2755">
    <p class='ocr_par' dir='ltr' id='par_1_70' title="bbox 1833 2681 3397 2755">
     <span class='ocr_line' id='line_1_70' title="bbox 1833 2681 3397 2755; baseline -0.005 -17"><span class='ocrx_word' id='word_1_538' title='bbox 1833 2692 2095 2755; x_wconf 67' lang='lat' dir='ltr'><strong>praeterea</strong></span> <span class='ocrx_word' id='word_1_539' title='bbox 2136 2683 2428 2752; x_wconf 87' lang='lat' dir='ltr'><strong>dissipant,</strong></span> <span class='ocrx_word' id='word_1_540' title='bbox 2476 2682 2522 2737; x_wconf 89' lang='lat' dir='ltr'><strong>si</strong></span> <span class='ocrx_word' id='word_1_541' title='bbox 2564 2681 2726 2734; x_wconf 91' lang='lat' dir='ltr'><strong>modo</strong></span> <span class='ocrx_word' id='word_1_542' title='bbox 2774 2695 2964 2734; x_wconf 90' lang='lat' dir='ltr'><strong>omnes</strong></span> <span class='ocrx_word' id='word_1_543' title='bbox 2998 2694 3164 2733; x_wconf 91' lang='lat' dir='ltr'><strong>unum</strong></span> <span class='ocrx_word' id='word_1_544' title='bbox 3197 2689 3397 2744; x_wconf 82' lang='lat' dir='ltr'><strong>corpus</strong></span> 
     </span>
    </p>
   </div>
   <div class='ocr_carea' id='block_1_71' title="bbox 1834 2769 3396 2843">
    <p class='ocr_par' dir='ltr' id='par_1_71' title="bbox 1834 2769 3396 2843">
     <span class='ocr_line' id='line_1_71' title="bbox 1834 2769 3396 2843; baseline -0.008 -12"><span class='ocrx_word' id='word_1_545' title='bbox 1834 2776 2102 2832; x_wconf 89' lang='lat' dir='ltr'><strong>sumusin</strong></span> <span class='ocrx_word' id='word_1_546' title='bbox 2138 2773 2359 2829; x_wconf 78' lang='lat' dir='ltr'><strong>Christo</strong></span> <span class='ocrx_word' id='word_1_547' title='bbox 2388 2773 2540 2832; x_wconf 76' lang='lat' dir='ltr'><strong>Jesu.</strong></span> <span class='ocrx_word' id='word_1_548' title='bbox 2585 2772 2782 2843; x_wconf 77' lang='lat' dir='ltr'><strong>singuli</strong></span> <span class='ocrx_word' id='word_1_549' title='bbox 2828 2779 3006 2826; x_wconf 89' lang='lat' dir='ltr'><strong>autem</strong></span> <span class='ocrx_word' id='word_1_550' title='bbox 3055 2769 3396 2839; x_wconf 79' lang='lat' dir='ltr'><strong>singulorum</strong></span> 
     </span>
    </p>
   </div>
   <div class='ocr_carea' id='block_1_72' title="bbox 1833 2859 3400 2934">
    <p class='ocr_par' dir='ltr' id='par_1_72' title="bbox 1833 2859 3400 2934">
     <span class='ocr_line' id='line_1_72' title="bbox 1833 2859 3400 2934; baseline -0.005 -14"><span class='ocrx_word' id='word_1_551' title='bbox 1833 2867 2064 2920; x_wconf 85' lang='lat' dir='ltr'><strong>invicem</strong></span> <span class='ocrx_word' id='word_1_552' title='bbox 2119 2866 2381 2920; x_wconf 89' lang='lat' dir='ltr'><strong>membra.</strong></span> <span class='ocrx_word' id='word_1_553' title='bbox 2433 2883 2451 2914; x_wconf 76' lang='grc' dir='ltr'><strong>ι</strong></span> <span class='ocrx_word' id='word_1_554' title='bbox 2494 2862 2678 2934; x_wconf 88' lang='lat' dir='ltr'><strong>Neque</strong></span> <span class='ocrx_word' id='word_1_555' title='bbox 2706 2879 2836 2918; x_wconf 89' lang='lat' dir='ltr'><strong>vero</strong></span> <span class='ocrx_word' id='word_1_556' title='bbox 2865 2869 3028 2934; x_wconf 90' lang='lat' dir='ltr'><strong>caput</strong></span> <span class='ocrx_word' id='word_1_557' title='bbox 3058 2862 3287 2933; x_wconf 85' lang='lat' dir='ltr'><strong>pedibus</strong></span> <span class='ocrx_word' id='word_1_558' title='bbox 3314 2859 3400 2912; x_wconf 76' lang='lat' dir='ltr'><strong>di-</strong></span> 
     </span>
    </p>
   </div>
   <div class='ocr_carea' id='block_1_73' title="bbox 1833 2953 3399 3027">
    <p class='ocr_par' dir='ltr' id='par_1_73' title="bbox 1833 2953 3399 3027">
     <span class='ocr_line' id='line_1_73' title="bbox 1833 2953 3399 3027; baseline -0.003 -17"><span class='ocrx_word' id='word_1_559' title='bbox 1833 2959 1996 3019; x_wconf 77' lang='lat' dir='ltr'><strong>xerit,</strong></span> <span class='ocrx_word' id='word_1_560' title='bbox 2033 2972 2195 3027; x_wconf 86' lang='lat' dir='ltr'><strong>opera</strong></span> <span class='ocrx_word' id='word_1_561' title='bbox 2219 2965 2395 3011; x_wconf 79' lang='lat' dir='ltr'><strong>vestra</strong></span> <span class='ocrx_word' id='word_1_562' title='bbox 2431 2971 2539 3010; x_wconf 90' lang='lat' dir='ltr'><strong>non</strong></span> <span class='ocrx_word' id='word_1_563' title='bbox 2569 2955 2807 3026; x_wconf 86' lang='lat' dir='ltr'><strong>indigeo,</strong></span> <span class='ocrx_word' id='word_1_564' title='bbox 2843 2955 2986 3010; x_wconf 91' lang='lat' dir='ltr'><strong>sicut</strong></span> <span class='ocrx_word' id='word_1_565' title='bbox 3011 2972 3110 3010; x_wconf 88' lang='lat' dir='ltr'><strong>nec</strong></span> <span class='ocrx_word' id='word_1_566' title='bbox 3145 2953 3399 3007; x_wconf 85' lang='lat' dir='ltr'><strong>manibus</strong></span> 
     </span>
    </p>
   </div>
   <div class='ocr_carea' id='block_1_74' title="bbox 1833 3044 3400 3119">
    <p class='ocr_par' dir='ltr' id='par_1_74' title="bbox 1833 3044 3400 3119">
     <span class='ocr_line' id='line_1_74' title="bbox 1833 3044 3400 3119; baseline -0.004 -16"><span class='ocrx_word' id='word_1_567' title='bbox 1833 3049 2053 3119; x_wconf 88' lang='lat' dir='ltr'><strong>quidem</strong></span> <span class='ocrx_word' id='word_1_568' title='bbox 2089 3049 2234 3102; x_wconf 88' lang='lat' dir='ltr'><strong>oculi</strong></span> <span class='ocrx_word' id='word_1_569' title='bbox 2264 3049 2328 3102; x_wconf 76' lang='grc'><strong>⁸⁵.</strong></span> <span class='ocrx_word' id='word_1_570' title='bbox 2376 3068 2394 3100; x_wconf 76' lang='grc' dir='ltr'><strong>ι</strong></span> <span class='ocrx_word' id='word_1_571' title='bbox 2423 3047 2534 3102; x_wconf 87' lang='lat' dir='ltr'><strong>Illis</strong></span> <span class='ocrx_word' id='word_1_572' title='bbox 2563 3063 2692 3117; x_wconf 83' lang='lat' dir='ltr'><strong>ergo</strong></span> <span class='ocrx_word' id='word_1_573' title='bbox 2721 3048 3062 3118; x_wconf 84' lang='lat' dir='ltr'><strong>temporibus</strong></span> <span class='ocrx_word' id='word_1_574' title='bbox 3092 3046 3290 3116; x_wconf 85' lang='lat' dir='ltr'><strong>quibus</strong></span> <span class='ocrx_word' id='word_1_575' title='bbox 3317 3044 3400 3098; x_wconf 82' lang='lat' dir='ltr'><strong>in-</strong></span> 
     </span>
    </p>
   </div>
   <div class='ocr_carea' id='block_1_75' title="bbox 1832 3137 3402 3209">
    <p class='ocr_par' dir='ltr' id='par_1_75' title="bbox 1832 3137 3402 3209">
     <span class='ocr_line' id='line_1_75' title="bbox 1832 3137 3402 3209; baseline -0.004 -16"><span class='ocrx_word' id='word_1_576' title='bbox 1832 3138 2168 3194; x_wconf 87' lang='lat' dir='ltr'><strong>sectationes</strong></span> <span class='ocrx_word' id='word_1_577' title='bbox 2215 3146 2557 3208; x_wconf 88' lang='lat' dir='ltr'><strong>grassantur,</strong></span> <span class='ocrx_word' id='word_1_578' title='bbox 2597 3139 2642 3194; x_wconf 87' lang='lat' dir='ltr'><strong>si</strong></span> <span class='ocrx_word' id='word_1_579' title='bbox 2685 3155 2792 3209; x_wconf 89' lang='lat' dir='ltr'><strong>qua</strong></span> <span class='ocrx_word' id='word_1_580' title='bbox 2832 3138 2970 3193; x_wconf 84' lang='lat' dir='ltr'><strong>forte</strong></span> <span class='ocrx_word' id='word_1_581' title='bbox 2998 3137 3200 3192; x_wconf 88' lang='lat' dir='ltr'><strong>Christi</strong></span> <span class='ocrx_word' id='word_1_582' title='bbox 3231 3149 3402 3189; x_wconf 88' lang='lat' dir='ltr'><strong>mem-</strong></span> 
     </span>
    </p>
   </div>
   <div class='ocr_carea' id='block_1_76' title="bbox 1835 3228 3402 3302">
    <p class='ocr_par' dir='ltr' id='par_1_76' title="bbox 1835 3228 3402 3302">
     <span class='ocr_line' id='line_1_76' title="bbox 1835 3228 3402 3302; baseline -0.004 -16"><span class='ocrx_word' id='word_1_583' title='bbox 1835 3231 1932 3286; x_wconf 88' lang='lat' dir='ltr'><strong>bra</strong></span> <span class='ocrx_word' id='word_1_584' title='bbox 1964 3232 2032 3285; x_wconf 88' lang='lat' dir='ltr'><strong>ab</strong></span> <span class='ocrx_word' id='word_1_585' title='bbox 2062 3232 2301 3286; x_wconf 89' lang='lat' dir='ltr'><strong>inimicis</strong></span> <span class='ocrx_word' id='word_1_586' title='bbox 2347 3241 2508 3302; x_wconf 84' lang='lat' dir='ltr'><strong>atque</strong></span> <span class='ocrx_word' id='word_1_587' title='bbox 2547 3230 2800 3287; x_wconf 85' lang='lat' dir='ltr'><strong>hostibus</strong></span> <span class='ocrx_word' id='word_1_588' title='bbox 2846 3239 3132 3293; x_wconf 77' lang='lat' dir='ltr'><strong>vexentur,</strong></span> <span class='ocrx_word' id='word_1_589' title='bbox 3178 3243 3288 3281; x_wconf 88' lang='lat' dir='ltr'><strong>non</strong></span> <span class='ocrx_word' id='word_1_590' title='bbox 3318 3228 3402 3280; x_wconf 55' lang='lat' dir='ltr'><strong>in.</strong></span> 
     </span>
    </p>
   </div>
   <div class='ocr_carea' id='block_1_77' title="bbox 1836 3320 3404 3397">
    <p class='ocr_par' dir='ltr' id='par_1_77' title="bbox 1836 3320 3404 3397">
     <span class='ocr_line' id='line_1_77' title="bbox 1836 3320 3404 3397; baseline -0.004 -19"><span class='ocrx_word' id='word_1_591' title='bbox 1836 3323 2157 3394; x_wconf 86' lang='lat' dir='ltr'><strong>tempestive</strong></span> <span class='ocrx_word' id='word_1_592' title='bbox 2190 3321 2256 3378; x_wconf 91' lang='lat' dir='ltr'><strong>de</strong></span> <span class='ocrx_word' id='word_1_593' title='bbox 2281 3323 2388 3379; x_wconf 90' lang='lat' dir='ltr'><strong>illis</strong></span> <span class='ocrx_word' id='word_1_594' title='bbox 2423 3335 2534 3378; x_wconf 91' lang='lat' dir='ltr'><strong>tum</strong></span> <span class='ocrx_word' id='word_1_595' title='bbox 2560 3340 2776 3397; x_wconf 88' lang='lat' dir='ltr'><strong>quoque</strong></span> <span class='ocrx_word' id='word_1_596' title='bbox 2805 3323 3036 3378; x_wconf 81' lang='lat' dir='ltr'><strong>dixerit:</strong></span> <span class='ocrx_word' id='word_1_597' title='bbox 3070 3341 3087 3372; x_wconf 76' lang='grc' dir='ltr'><strong>ι</strong></span> <span class='ocrx_word' id='word_1_598' title='bbox 3129 3320 3404 3376; x_wconf 84' lang='lat' dir='ltr'><strong>Foderunt</strong></span> 
     </span>
    </p>
   </div>
   <div class='ocr_carea' id='block_1_78' title="bbox 1833 3412 3402 3483">
    <p class='ocr_par' dir='ltr' id='par_1_78' title="bbox 1833 3412 3402 3483">
     <span class='ocr_line' id='line_1_78' title="bbox 1833 3412 3402 3483; baseline -0.003 -17"><span class='ocrx_word' id='word_1_599' title='bbox 1833 3429 2034 3469; x_wconf 87' lang='lat' dir='ltr'><strong>manus</strong></span> <span class='ocrx_word' id='word_1_600' title='bbox 2057 3429 2204 3468; x_wconf 87' lang='lat' dir='ltr'><strong>meas</strong></span> <span class='ocrx_word' id='word_1_601' title='bbox 2237 3422 2289 3468; x_wconf 88' lang='lat' dir='ltr'><strong>et</strong></span> <span class='ocrx_word' id='word_1_602' title='bbox 2313 3415 2478 3483; x_wconf 46' lang='lat' dir='ltr'><strong>pelles</strong></span> <span class='ocrx_word' id='word_1_603' title='bbox 2502 3431 2672 3479; x_wconf 86' lang='lat' dir='ltr'><strong>meos,</strong></span> <span class='ocrx_word' id='word_1_604' title='bbox 2701 3415 3187 3468; x_wconf 80' lang='lat' dir='ltr'><strong>dinumeraverunt</strong></span> <span class='ocrx_word' id='word_1_605' title='bbox 3220 3412 3402 3464; x_wconf 86' lang='lat' dir='ltr'><strong>omnia</strong></span> 
     </span>
    </p>
   </div>
   <div class='ocr_carea' id='block_1_79' title="bbox 1835 3503 3403 3573">
    <p class='ocr_par' dir='ltr' id='par_1_79' title="bbox 1835 3503 3403 3573">
     <span class='ocr_line' id='line_1_79' title="bbox 1835 3503 3403 3573; baseline -0.003 -12"><span class='ocrx_word' id='word_1_606' title='bbox 1835 3521 1961 3561; x_wconf 89' lang='lat' dir='ltr'><strong>ossa</strong></span> <span class='ocrx_word' id='word_1_607' title='bbox 1998 3520 2138 3559; x_wconf 90' lang='lat' dir='ltr'><strong>mea.</strong></span> <span class='ocrx_word' id='word_1_608' title='bbox 2175 3503 2278 3573; x_wconf 89' lang='lat' dir='ltr'><strong>Ipsi</strong></span> <span class='ocrx_word' id='word_1_609' title='bbox 2310 3517 2488 3559; x_wconf 89' lang='lat' dir='ltr'><strong>autem</strong></span> <span class='ocrx_word' id='word_1_610' title='bbox 2515 3508 3024 3566; x_wconf 81' lang='lat' dir='ltr'><strong>consideraveruut,</strong></span> <span class='ocrx_word' id='word_1_611' title='bbox 3059 3513 3113 3558; x_wconf 81' lang='lat' dir='ltr'><strong>et</strong></span> <span class='ocrx_word' id='word_1_612' title='bbox 3152 3504 3403 3569; x_wconf 78' lang='lat' dir='ltr'><strong>inspexe-</strong></span> 
     </span>
    </p>
   </div>
   <div class='ocr_carea' id='block_1_80' title="bbox 1836 3593 3404 3666">
    <p class='ocr_par' dir='ltr' id='par_1_80' title="bbox 1836 3593 3404 3666">
     <span class='ocr_line' id='line_1_80' title="bbox 1836 3593 3404 3666; baseline -0.003 -16"><span class='ocrx_word' id='word_1_613' title='bbox 1836 3604 1965 3650; x_wconf 91' lang='lat' dir='ltr'><strong>runt</strong></span> <span class='ocrx_word' id='word_1_614' title='bbox 1996 3596 2048 3650; x_wconf 90' lang='lat' dir='ltr'><strong>in</strong></span> <span class='ocrx_word' id='word_1_615' title='bbox 2077 3611 2181 3650; x_wconf 88' lang='lat' dir='ltr'><strong>me.</strong></span> <span class='ocrx_word' id='word_1_616' title='bbox 2218 3615 2235 3646; x_wconf 77' lang='grc' dir='ltr'><strong>ι</strong></span> <span class='ocrx_word' id='word_1_617' title='bbox 2267 3593 2421 3650; x_wconf 87' lang='lat' dir='ltr'><strong>Tunc</strong></span> <span class='ocrx_word' id='word_1_618' title='bbox 2453 3598 2617 3652; x_wconf 90' lang='lat' dir='ltr'><strong>etiam</strong></span> <span class='ocrx_word' id='word_1_619' title='bbox 2650 3599 2899 3652; x_wconf 84' lang='lat' dir='ltr'><strong>dividunt</strong></span> <span class='ocrx_word' id='word_1_620' title='bbox 2931 3597 3052 3666; x_wconf 90' lang='lat' dir='ltr'><strong>ejus</strong></span> <span class='ocrx_word' id='word_1_621' title='bbox 3083 3597 3404 3651; x_wconf 89' lang='lat' dir='ltr'><strong>vestimenta</strong></span> 
     </span>
    </p>
   </div>
   <div class='ocr_carea' id='block_1_81' title="bbox 1837 3685 3404 3756">
    <p class='ocr_par' dir='ltr' id='par_1_81' title="bbox 1837 3685 3404 3756">
     <span class='ocr_line' id='line_1_81' title="bbox 1837 3685 3404 3756; baseline -0.002 -15"><span class='ocrx_word' id='word_1_622' title='bbox 1837 3687 1962 3748; x_wconf 89' lang='lat' dir='ltr'><strong>sibi,</strong></span> <span class='ocrx_word' id='word_1_623' title='bbox 2001 3695 2058 3741; x_wconf 90' lang='lat' dir='ltr'><strong>et</strong></span> <span class='ocrx_word' id='word_1_624' title='bbox 2087 3687 2138 3739; x_wconf 94' lang='lat' dir='ltr'><strong>in</strong></span> <span class='ocrx_word' id='word_1_625' title='bbox 2169 3693 2369 3740; x_wconf 86' lang='lat' dir='ltr'><strong>vestem</strong></span> <span class='ocrx_word' id='word_1_626' title='bbox 2400 3687 2521 3756; x_wconf 86' lang='lat' dir='ltr'><strong>ejus</strong></span> <span class='ocrx_word' id='word_1_627' title='bbox 2548 3697 2748 3742; x_wconf 83' lang='lat' dir='ltr'><strong>sortem</strong></span> <span class='ocrx_word' id='word_1_628' title='bbox 2778 3690 2997 3741; x_wconf 90' lang='lat' dir='ltr'><strong>mittunt</strong></span> <span class='ocrx_word' id='word_1_629' title='bbox 3035 3705 3050 3739; x_wconf 86' lang='lat'><strong>:</strong></span> <span class='ocrx_word' id='word_1_630' title='bbox 3079 3701 3202 3738; x_wconf 87' lang='lat' dir='ltr'><strong>cum</strong></span> <span class='ocrx_word' id='word_1_631' title='bbox 3232 3685 3404 3753; x_wconf 87' lang='lat' dir='ltr'><strong>ipsius</strong></span> 
     </span>
    </p>
   </div>
   <div class='ocr_carea' id='block_1_82' title="bbox 1837 3778 3405 3848">
    <p class='ocr_par' dir='ltr' id='par_1_82' title="bbox 1837 3778 3405 3848">
     <span class='ocr_line' id='line_1_82' title="bbox 1837 3778 3405 3848; baseline -0.001 -16"><span class='ocrx_word' id='word_1_632' title='bbox 1837 3778 1988 3833; x_wconf 83' lang='lat' dir='ltr'><strong>verbi</strong></span> <span class='ocrx_word' id='word_1_633' title='bbox 2041 3787 2318 3838; x_wconf 89' lang='lat' dir='ltr'><strong>ornatum.</strong></span> <span class='ocrx_word' id='word_1_634' title='bbox 2368 3780 2474 3836; x_wconf 90' lang='lat' dir='ltr'><strong>hoc</strong></span> <span class='ocrx_word' id='word_1_635' title='bbox 2512 3790 2619 3846; x_wconf 89' lang='lat' dir='ltr'><strong>est,</strong></span> <span class='ocrx_word' id='word_1_636' title='bbox 2647 3780 2960 3834; x_wconf 84' lang='lat' dir='ltr'><strong>divinarum</strong></span> <span class='ocrx_word' id='word_1_637' title='bbox 2991 3778 3405 3848; x_wconf 88' lang='lat' dir='ltr'><strong>Scripturarum</strong></span> 
     </span>
    </p>
   </div>
   <div class='ocr_carea' id='block_1_83' title="bbox 1838 3870 3408 3944">
    <p class='ocr_par' dir='ltr' id='par_1_83' title="bbox 1838 3870 3408 3944">
     <span class='ocr_line' id='line_1_83' title="bbox 1838 3870 3408 3944; baseline -0.002 -19"><span class='ocrx_word' id='word_1_638' title='bbox 1838 3887 2002 3927; x_wconf 81' lang='lat' dir='ltr'><strong>voces</strong></span> <span class='ocrx_word' id='word_1_639' title='bbox 2053 3873 2190 3926; x_wconf 90' lang='lat' dir='ltr'><strong>alias</strong></span> <span class='ocrx_word' id='word_1_640' title='bbox 2237 3873 2395 3927; x_wconf 90' lang='lat' dir='ltr'><strong>aliter</strong></span> <span class='ocrx_word' id='word_1_641' title='bbox 2433 3875 2812 3944; x_wconf 79' lang='lat' dir='ltr'><strong>unusquisque</strong></span> <span class='ocrx_word' id='word_1_642' title='bbox 2845 3872 3150 3941; x_wconf 86' lang='lat' dir='ltr'><strong>corrumpit</strong></span> <span class='ocrx_word' id='word_1_643' title='bbox 3181 3879 3234 3924; x_wconf 90' lang='lat' dir='ltr'><strong>et</strong></span> <span class='ocrx_word' id='word_1_644' title='bbox 3263 3870 3408 3924; x_wconf 84' lang='lat' dir='ltr'><strong>lace-</strong></span> 
     </span>
    </p>
   </div>
   <div class='ocr_carea' id='block_1_84' title="bbox 1839 3961 3408 4036">
    <p class='ocr_par' dir='ltr' id='par_1_84' title="bbox 1839 3961 3408 4036">
     <span class='ocr_line' id='line_1_84' title="bbox 1839 3961 3408 4036; baseline -0.004 -17"><span class='ocrx_word' id='word_1_645' title='bbox 1839 3972 1946 4029; x_wconf 90' lang='lat' dir='ltr'><strong>rat,</strong></span> <span class='ocrx_word' id='word_1_646' title='bbox 2000 3965 2127 4020; x_wconf 89' lang='lat' dir='ltr'><strong>item</strong></span> <span class='ocrx_word' id='word_1_647' title='bbox 2185 3980 2309 4019; x_wconf 90' lang='lat' dir='ltr'><strong>cum</strong></span> <span class='ocrx_word' id='word_1_648' title='bbox 2359 3967 2642 4036; x_wconf 79' lang='lat' dir='ltr'><strong>Opiniones</strong></span> <span class='ocrx_word' id='word_1_649' title='bbox 2673 3967 2739 4020; x_wconf 82' lang='lat' dir='ltr'><strong>de</strong></span> <span class='ocrx_word' id='word_1_650' title='bbox 2774 3967 2867 4020; x_wconf 89' lang='lat' dir='ltr'><strong>illo</strong></span> <span class='ocrx_word' id='word_1_651' title='bbox 2921 3964 3194 4035; x_wconf 79' lang='lat' dir='ltr'><strong>perversis</strong></span> <span class='ocrx_word' id='word_1_652' title='bbox 3237 3961 3408 4015; x_wconf 89' lang='lat' dir='ltr'><strong>docu-</strong></span> 
     </span>
    </p>
   </div>
   <div class='ocr_carea' id='block_1_85' title="bbox 1840 4051 3410 4127">
    <p class='ocr_par' dir='ltr' id='par_1_85' title="bbox 1840 4051 3410 4127">
     <span class='ocr_line' id='line_1_85' title="bbox 1840 4051 3410 4127; baseline -0.005 -15"><span class='ocrx_word' id='word_1_653' title='bbox 1840 4059 2040 4113; x_wconf 89' lang='lat' dir='ltr'><strong>mentis</strong></span> <span class='ocrx_word' id='word_1_654' title='bbox 2074 4057 2375 4127; x_wconf 82' lang='lat' dir='ltr'><strong>excipiunt,</strong></span> <span class='ocrx_word' id='word_1_655' title='bbox 2408 4057 2715 4125; x_wconf 76' lang='lat' dir='ltr'><strong>cuiusmodi</strong></span> <span class='ocrx_word' id='word_1_656' title='bbox 2748 4065 2897 4120; x_wconf 90' lang='lat' dir='ltr'><strong>sunt,</strong></span> <span class='ocrx_word' id='word_1_657' title='bbox 2939 4071 3060 4126; x_wconf 65' lang='lat' dir='ltr'><strong>quae</strong></span> <span class='ocrx_word' id='word_1_658' title='bbox 3085 4053 3276 4109; x_wconf 81' lang='lat' dir='ltr'><strong>nefarii</strong></span> <span class='ocrx_word' id='word_1_659' title='bbox 3300 4051 3410 4105; x_wconf 69' lang='lat' dir='ltr'><strong>hae-</strong></span> 
     </span>
    </p>
   </div>
   <div class='ocr_carea' id='block_1_86' title="bbox 1840 4142 3409 4206">
    <p class='ocr_par' dir='ltr' id='par_1_86' title="bbox 1840 4142 3409 4206">
     <span class='ocr_line' id='line_1_86' title="bbox 1840 4142 3409 4206; baseline -0.004 -3"><span class='ocrx_word' id='word_1_660' title='bbox 1840 4151 1993 4204; x_wconf 74' lang='lat' dir='ltr'><strong>retici</strong></span> <span class='ocrx_word' id='word_1_661' title='bbox 2024 4151 2204 4206; x_wconf 78' lang='lat' dir='ltr'><strong>facere</strong></span> <span class='ocrx_word' id='word_1_662' title='bbox 2234 4152 2427 4206; x_wconf 79' lang='lat' dir='ltr'><strong>solent.</strong></span> <span class='ocrx_word' id='word_1_663' title='bbox 2452 4149 2582 4203; x_wconf 86' lang='lat' dir='ltr'><strong>Post</strong></span> <span class='ocrx_word' id='word_1_664' title='bbox 2601 4148 2782 4203; x_wconf 88' lang='lat' dir='ltr'><strong>omnia</strong></span> <span class='ocrx_word' id='word_1_665' title='bbox 2810 4148 2924 4201; x_wconf 67' lang='lat' dir='ltr'><strong>haec</strong></span> <span class='ocrx_word' id='word_1_666' title='bbox 2954 4146 3021 4200; x_wconf 86' lang='lat' dir='ltr'><strong>ad</strong></span> <span class='ocrx_word' id='word_1_667' title='bbox 3056 4161 3214 4200; x_wconf 89' lang='lat' dir='ltr'><strong>suum</strong></span> <span class='ocrx_word' id='word_1_668' title='bbox 3239 4142 3409 4196; x_wconf 85' lang='lat' dir='ltr'><strong>Deum</strong></span> 
     </span>
    </p>
   </div>
   <div class='ocr_carea' id='block_1_87' title="bbox 1841 4231 3410 4300">
    <p class='ocr_par' dir='ltr' id='par_1_87' title="bbox 1841 4231 3410 4300">
     <span class='ocr_line' id='line_1_87' title="bbox 1841 4231 3410 4300; baseline -0.007 -5"><span class='ocrx_word' id='word_1_669' title='bbox 1841 4250 1896 4295; x_wconf 88' lang='lat' dir='ltr'><strong>et</strong></span> <span class='ocrx_word' id='word_1_670' title='bbox 1929 4240 2218 4296; x_wconf 89' lang='lat' dir='ltr'><strong>Dominum</strong></span> <span class='ocrx_word' id='word_1_671' title='bbox 2249 4253 2300 4295; x_wconf 89' lang='lat' dir='ltr'><strong>et</strong></span> <span class='ocrx_word' id='word_1_672' title='bbox 2336 4240 2550 4295; x_wconf 88' lang='lat' dir='ltr'><strong>Patrem</strong></span> <span class='ocrx_word' id='word_1_673' title='bbox 2586 4241 2885 4294; x_wconf 88' lang='lat' dir='ltr'><strong>orationem</strong></span> <span class='ocrx_word' id='word_1_674' title='bbox 2919 4236 3204 4291; x_wconf 86' lang='lat' dir='ltr'><strong>intendens</strong></span> <span class='ocrx_word' id='word_1_675' title='bbox 3237 4231 3410 4300; x_wconf 85' lang='lat' dir='ltr'><strong>subji-</strong></span> 
     </span>
    </p>
   </div>
   <div class='ocr_carea' id='block_1_88' title="bbox 1841 4327 3410 4398">
    <p class='ocr_par' dir='ltr' id='par_1_88' title="bbox 1841 4327 3410 4398">
     <span class='ocr_line' id='line_1_88' title="bbox 1841 4327 3410 4398; baseline -0.008 -10"><span class='ocrx_word' id='word_1_676' title='bbox 1841 4334 1916 4388; x_wconf 89' lang='lat' dir='ltr'><strong>cit</strong></span> <span class='ocrx_word' id='word_1_677' title='bbox 1953 4334 2086 4388; x_wconf 88' lang='lat' dir='ltr'><strong>illud</strong></span> <span class='ocrx_word' id='word_1_678' title='bbox 2116 4352 2129 4388; x_wconf 89' lang='lat'><strong>:</strong></span> <span class='ocrx_word' id='word_1_679' title='bbox 2168 4353 2185 4384; x_wconf 77' lang='grc' dir='ltr'><strong>ι</strong></span> <span class='ocrx_word' id='word_1_680' title='bbox 2235 4332 2314 4387; x_wconf 84' lang='grc' dir='ltr'><strong>Τυ</strong></span> <span class='ocrx_word' id='word_1_681' title='bbox 2344 4342 2546 4396; x_wconf 88' lang='lat' dir='ltr'><strong>autem,</strong></span> <span class='ocrx_word' id='word_1_682' title='bbox 2572 4330 2821 4394; x_wconf 86' lang='lat' dir='ltr'><strong>Domine,</strong></span> <span class='ocrx_word' id='word_1_683' title='bbox 2854 4344 2922 4382; x_wconf 89' lang='lat' dir='ltr'><strong>ne</strong></span> <span class='ocrx_word' id='word_1_684' title='bbox 2943 4327 3132 4398; x_wconf 89' lang='lat' dir='ltr'><strong>procul</strong></span> <span class='ocrx_word' id='word_1_685' title='bbox 3157 4339 3410 4378; x_wconf 76' lang='lat' dir='ltr'><strong>amoveas</strong></span> 
     </span>
    </p>
   </div>
   <div class='ocr_carea' id='block_1_89' title="bbox 1843 4421 3412 4493">
    <p class='ocr_par' dir='ltr' id='par_1_89' title="bbox 1843 4421 3412 4493">
     <span class='ocr_line' id='line_1_89' title="bbox 1843 4421 3412 4493; baseline -0.007 -15"><span class='ocrx_word' id='word_1_686' title='bbox 1843 4426 2106 4480; x_wconf 83' lang='lat' dir='ltr'><strong>auxilium</strong></span> <span class='ocrx_word' id='word_1_687' title='bbox 2132 4442 2333 4481; x_wconf 90' lang='lat' dir='ltr'><strong>meum.</strong></span> <span class='ocrx_word' id='word_1_688' title='bbox 2371 4447 2388 4477; x_wconf 73' lang='grc' dir='ltr'><strong>ι</strong></span> <span class='ocrx_word' id='word_1_689' title='bbox 2427 4423 2707 4493; x_wconf 81' lang='lat' dir='ltr'><strong>Siquidem</strong></span> <span class='ocrx_word' id='word_1_690' title='bbox 2747 4433 3006 4491; x_wconf 89' lang='lat' dir='ltr'><strong>tanquam</strong></span> <span class='ocrx_word' id='word_1_691' title='bbox 3036 4421 3089 4473; x_wconf 92' lang='lat' dir='ltr'><strong>in</strong></span> <span class='ocrx_word' id='word_1_692' title='bbox 3119 4429 3412 4487; x_wconf 86' lang='lat' dir='ltr'><strong>angustum</strong></span> 
     </span>
    </p>
   </div>
   <div class='ocr_carea' id='block_1_90' title="bbox 1845 4511 3412 4584">
    <p class='ocr_par' dir='ltr' id='par_1_90' title="bbox 1845 4511 3412 4584">
     <span class='ocr_line' id='line_1_90' title="bbox 1845 4511 3412 4584; baseline -0.004 -18"><span class='ocrx_word' id='word_1_693' title='bbox 1845 4515 2102 4569; x_wconf 88' lang='lat' dir='ltr'><strong>redactus</strong></span> <span class='ocrx_word' id='word_1_694' title='bbox 2134 4515 2200 4570; x_wconf 86' lang='lat' dir='ltr'><strong>ad</strong></span> <span class='ocrx_word' id='word_1_695' title='bbox 2227 4518 2401 4584; x_wconf 88' lang='lat' dir='ltr'><strong>ipsam</strong></span> <span class='ocrx_word' id='word_1_696' title='bbox 2426 4515 2742 4569; x_wconf 79' lang='lat' dir='ltr'><strong>certaminis</strong></span> <span class='ocrx_word' id='word_1_697' title='bbox 2765 4511 3206 4573; x_wconf 86' lang='lat' dir='ltr'><strong>ostentationem,</strong></span> <span class='ocrx_word' id='word_1_698' title='bbox 3240 4517 3294 4562; x_wconf 94' lang='lat' dir='ltr'><strong>et</strong></span> <span class='ocrx_word' id='word_1_699' title='bbox 3325 4522 3412 4560; x_wconf 87' lang='lat' dir='ltr'><strong>so-</strong></span> 
     </span>
    </p>
   </div>
   <div class='ocr_carea' id='block_1_91' title="bbox 178 4600 1733 4678">
    <p class='ocr_par' dir='ltr' id='par_1_91' title="bbox 178 4600 1733 4676">
     <span class='ocr_line' id='line_1_91' title="bbox 178 4600 1733 4676; baseline 0.002 -25"><span class='ocrx_word' id='word_1_700' title='bbox 178 4600 337 4672; x_wconf 80' lang='grc' dir='ltr'>όνομά</span> <span class='ocrx_word' id='word_1_701' title='bbox 383 4619 474 4657; x_wconf 85' lang='grc' dir='ltr'><strong>σου</strong></span> <span class='ocrx_word' id='word_1_702' title='bbox 523 4608 634 4669; x_wconf 88' lang='grc' dir='ltr'>τοῖς</span> <span class='ocrx_word' id='word_1_703' title='bbox 678 4606 924 4676; x_wconf 83' lang='grc' dir='ltr'>ἀδελφοῖς</span> <span class='ocrx_word' id='word_1_704' title='bbox 957 4621 1091 4676; x_wconf 62' lang='grc' dir='ltr'>μουτ·</span> <span class='ocrx_word' id='word_1_705' title='bbox 1124 4607 1180 4658; x_wconf 83' lang='grc' dir='ltr'>ὲν</span> <span class='ocrx_word' id='word_1_706' title='bbox 1227 4604 1375 4675; x_wconf 83' lang='grc' dir='ltr'>μέσῳ</span> <span class='ocrx_word' id='word_1_707' title='bbox 1417 4603 1733 4673; x_wconf 81' lang='grc' dir='ltr'>Ἐκκλησίας</span> 
     </span>
    </p>
   </div>
   <div class='ocr_carea' id='block_1_92' title="bbox 1836 4600 3412 4678">
    <p class='ocr_par' dir='ltr' id='par_1_92' title="bbox 1846 4606 3412 4678">
     <span class='ocr_line' id='line_1_92' title="bbox 1846 4606 3412 4678; baseline -0.006 -17"><span class='ocrx_word' id='word_1_708' title='bbox 1846 4608 1933 4664; x_wconf 92' lang='lat' dir='ltr'><strong>lus</strong></span> <span class='ocrx_word' id='word_1_709' title='bbox 1965 4609 2173 4678; x_wconf 86' lang='lat' dir='ltr'><strong>absque</strong></span> <span class='ocrx_word' id='word_1_710' title='bbox 2198 4609 2449 4678; x_wconf 85' lang='lat' dir='ltr'><strong>adjutore</strong></span> <span class='ocrx_word' id='word_1_711' title='bbox 2470 4609 2733 4663; x_wconf 85' lang='lat' dir='ltr'><strong>adversus</strong></span> <span class='ocrx_word' id='word_1_712' title='bbox 2761 4614 2990 4662; x_wconf 77' lang='lat' dir='ltr'><strong>mortem</strong></span> <span class='ocrx_word' id='word_1_713' title='bbox 3012 4606 3268 4666; x_wconf 81' lang='lat' dir='ltr'><strong>nudatus,</strong></span> <span class='ocrx_word' id='word_1_714' title='bbox 3288 4616 3412 4656; x_wconf 90' lang='lat' dir='ltr'><strong>cum</strong></span> 
     </span>
    </p>
   </div>
   <div class='ocr_carea' id='block_1_93' title="bbox 180 4693 1737 4768">
    <p class='ocr_par' dir='ltr' id='par_1_93' title="bbox 180 4693 1737 4768">
     <span class='ocr_line' id='line_1_93' title="bbox 180 4693 1737 4768; baseline 0.002 -23"><span class='ocrx_word' id='word_1_715' title='bbox 180 4693 388 4767; x_wconf 81' lang='grc' dir='ltr'>ὑμνήσω</span> <span class='ocrx_word' id='word_1_716' title='bbox 418 4713 495 4750; x_wconf 90' lang='grc' dir='ltr'>σε.</span> <span class='ocrx_word' id='word_1_717' title='bbox 534 4717 550 4746; x_wconf 77' lang='grc' dir='ltr'><strong>ι</strong></span> <span class='ocrx_word' id='word_1_718' title='bbox 587 4696 832 4767; x_wconf 89' lang='grc' dir='ltr'>Πρώτοις</span> <span class='ocrx_word' id='word_1_719' title='bbox 867 4698 964 4768; x_wconf 82' lang='grc' dir='ltr'><strong>μὲν</strong></span> <span class='ocrx_word' id='word_1_720' title='bbox 986 4693 1076 4752; x_wconf 76' lang='grc' dir='ltr'>οὖν</span> <span class='ocrx_word' id='word_1_721' title='bbox 1107 4699 1216 4761; x_wconf 80' lang='grc' dir='ltr'>τοῖς</span> <span class='ocrx_word' id='word_1_722' title='bbox 1251 4695 1440 4752; x_wconf 81' lang='grc' dir='ltr'>ἑαυτοῦ</span> <span class='ocrx_word' id='word_1_723' title='bbox 1471 4694 1737 4766; x_wconf 82' lang='grc' dir='ltr'>μαθηταῖς</span> 
     </span>
    </p>
   </div>
   <div class='ocr_carea' id='block_1_94' title="bbox 180 4785 1740 4860">
    <p class='ocr_par' dir='ltr' id='par_1_94' title="bbox 180 4785 1740 4860">
     <span class='ocr_line' id='line_1_94' title="bbox 180 4785 1740 4860; baseline 0.009 -24"><span class='ocrx_word' id='word_1_724' title='bbox 180 4785 270 4837; x_wconf 68' lang='grc' dir='ltr'>καὶ</span> <span class='ocrx_word' id='word_1_725' title='bbox 291 4787 598 4853; x_wconf 86' lang='grc' dir='ltr'>ἀποστόλοις</span> <span class='ocrx_word' id='word_1_726' title='bbox 619 4789 1113 4860; x_wconf 70' lang='grc' dir='ltr'>ἐπαγγέλλεται,τά</span> <span class='ocrx_word' id='word_1_727' title='bbox 1155 4789 1250 4860; x_wconf 81' lang='grc' dir='ltr'><strong>τῆς</strong></span> <span class='ocrx_word' id='word_1_728' title='bbox 1281 4789 1364 4840; x_wconf 73' lang='grc' dir='ltr'>ἐπ’</span> <span class='ocrx_word' id='word_1_729' title='bbox 1393 4786 1540 4857; x_wconf 78' lang='grc' dir='ltr'>αύτῴ</span> <span class='ocrx_word' id='word_1_730' title='bbox 1566 4788 1740 4858; x_wconf 78' lang='grc' dir='ltr'>χαρᾶς</span> 
     </span>
    </p>
   </div>
   <div class='ocr_carea' id='block_1_95' title="bbox 182 4879 1740 4949">
    <p class='ocr_par' dir='ltr' id='par_1_95' title="bbox 182 4879 1740 4949">
     <span class='ocr_line' id='line_1_95' title="bbox 182 4879 1740 4949; baseline 0 -19"><span class='ocrx_word' id='word_1_731' title='bbox 182 4879 270 4930; x_wconf 69' lang='grc' dir='ltr'><strong>καὶ</strong></span> <span class='ocrx_word' id='word_1_732' title='bbox 315 4880 683 4948; x_wconf 86' lang='grc' dir='ltr'>ἀγαλλιάσεως</span> <span class='ocrx_word' id='word_1_733' title='bbox 723 4880 1188 4949; x_wconf 85' lang='grc' dir='ltr'>εὑαγγελίσεσθαι,</span> <span class='ocrx_word' id='word_1_734' title='bbox 1234 4879 1495 4948; x_wconf 70' lang='grc' dir='ltr'>ἀδελφούς</span> <span class='ocrx_word' id='word_1_735' title='bbox 1545 4879 1740 4941; x_wconf 78' lang='grc' dir='ltr'>αὑτοὺς</span> 
     </span>
    </p>
   </div>
   <div class='ocr_carea' id='block_1_96' title="bbox 181 4969 1742 5042">
    <p class='ocr_par' dir='ltr' id='par_1_96' title="bbox 181 4969 1742 5042">
     <span class='ocr_line' id='line_1_96' title="bbox 181 4969 1742 5042; baseline 0.001 -20"><span class='ocrx_word' id='word_1_736' title='bbox 181 4972 441 5041; x_wconf 76' lang='grc' dir='ltr'>ὀνομάζων</span> <span class='ocrx_word' id='word_1_737' title='bbox 467 4991 481 5004; x_wconf 73' lang='grc' dir='ltr'><strong>ο</strong></span> <span class='ocrx_word' id='word_1_738' title='bbox 527 4969 607 5038; x_wconf 80' lang='grc' dir='ltr'><strong>οἷς</strong></span> <span class='ocrx_word' id='word_1_739' title='bbox 650 4974 915 5027; x_wconf 83' lang='grc' dir='ltr'>ἀκόλουθα</span> <span class='ocrx_word' id='word_1_740' title='bbox 961 4973 1056 5026; x_wconf 73' lang='grc' dir='ltr'><strong>καὶ</strong></span> <span class='ocrx_word' id='word_1_741' title='bbox 1105 4974 1141 5042; x_wconf 51' lang='grc' dir='ltr'><strong>ὁ,</strong></span> <span class='ocrx_word' id='word_1_742' title='bbox 1178 4971 1454 5036; x_wconf 86' lang='grc' dir='ltr'>Ματθαῖος</span> <span class='ocrx_word' id='word_1_743' title='bbox 1502 4971 1742 5025; x_wconf 69' lang='grc' dir='ltr'>διδάσκει</span> 
     </span>
    </p>
   </div>
   <div class='ocr_carea' id='block_1_97' title="bbox 181 5061 1743 5137">
    <p class='ocr_par' dir='ltr' id='par_1_97' title="bbox 181 5061 1743 5137">
     <span class='ocr_line' id='line_1_97' title="bbox 181 5061 1743 5137; baseline 0.001 -21"><span class='ocrx_word' id='word_1_744' title='bbox 181 5061 365 5132; x_wconf 75' lang='grc' dir='ltr'>λέγων·</span> <span class='ocrx_word' id='word_1_745' title='bbox 401 5088 418 5118; x_wconf 77' lang='grc' dir='ltr'><strong>ι</strong></span> <span class='ocrx_word' id='word_1_746' title='bbox 447 5068 558 5120; x_wconf 77' lang='grc' dir='ltr'>Καὶ</span> <span class='ocrx_word' id='word_1_747' title='bbox 590 5067 699 5120; x_wconf 74' lang='grc' dir='ltr'>ἰδοῦ</span> <span class='ocrx_word' id='word_1_748' title='bbox 732 5067 759 5118; x_wconf 90' lang='grc' dir='ltr'><strong>ὁ</strong></span> <span class='ocrx_word' id='word_1_749' title='bbox 801 5065 1007 5136; x_wconf 79' lang='grc' dir='ltr'>Ἰησοῦς</span> <span class='ocrx_word' id='word_1_750' title='bbox 1032 5067 1341 5137; x_wconf 77' lang='grc' dir='ltr'>ἀπήντησεν</span> <span class='ocrx_word' id='word_1_751' title='bbox 1367 5066 1575 5130; x_wconf 85' lang='grc' dir='ltr'>αὑταῖς,</span> <span class='ocrx_word' id='word_1_752' title='bbox 1609 5086 1625 5117; x_wconf 75' lang='grc' dir='ltr'><strong>ι</strong></span> <span class='ocrx_word' id='word_1_753' title='bbox 1651 5066 1743 5134; x_wconf 86' lang='grc' dir='ltr'><strong>δη-</strong></span> 
     </span>
    </p>
   </div>
   <div class='ocr_carea' id='block_1_98' title="bbox 181 5153 1736 5230">
    <p class='ocr_par' dir='ltr' id='par_1_98' title="bbox 181 5153 1736 5230">
     <span class='ocr_line' id='line_1_98' title="bbox 181 5153 1736 5230; baseline 0.004 -25"><span class='ocrx_word' id='word_1_754' title='bbox 181 5153 336 5211; x_wconf 76' lang='grc' dir='ltr'>λονότι</span> <span class='ocrx_word' id='word_1_755' title='bbox 365 5163 485 5224; x_wconf 86' lang='grc' dir='ltr'>ταῖς</span> <span class='ocrx_word' id='word_1_756' title='bbox 531 5159 674 5230; x_wconf 65' lang='grc' dir='ltr'>ἀμφὶ</span> <span class='ocrx_word' id='word_1_757' title='bbox 718 5158 814 5230; x_wconf 73' lang='grc' dir='ltr'>τὴν</span> <span class='ocrx_word' id='word_1_758' title='bbox 862 5157 1224 5228; x_wconf 77' lang='grc' dir='ltr'>Μαγδαληνὴν</span> <span class='ocrx_word' id='word_1_759' title='bbox 1254 5158 1494 5227; x_wconf 86' lang='grc' dir='ltr'>Μαρίαν,</span> <span class='ocrx_word' id='word_1_760' title='bbox 1529 5158 1700 5226; x_wconf 82' lang='grc' dir='ltr'>λέγων</span> <span class='ocrx_word' id='word_1_761' title='bbox 1723 5175 1736 5186; x_wconf 92' lang='grc'><strong>·</strong></span> 
     </span>
    </p>
   </div>
   <div class='ocr_carea' id='block_1_99' title="bbox 189 5249 1739 5323">
    <p class='ocr_par' dir='ltr' id='par_1_99' title="bbox 189 5249 1739 5323">
     <span class='ocr_line' id='line_1_99' title="bbox 189 5249 1739 5323; baseline 0.004 -25"><span class='ocrx_word' id='word_1_762' title='bbox 189 5266 207 5298; x_wconf 82' lang='grc' dir='ltr'><strong>ι</strong></span> <span class='ocrx_word' id='word_1_763' title='bbox 239 5249 476 5323; x_wconf 82' lang='grc' dir='ltr'>Χαίρετε.</span> <span class='ocrx_word' id='word_1_764' title='bbox 510 5272 527 5302; x_wconf 79' lang='grc' dir='ltr'><strong>ι</strong></span> <span class='ocrx_word' id='word_1_765' title='bbox 581 5253 645 5304; x_wconf 86' lang='grc' dir='ltr'><strong>Αἱ</strong></span> <span class='ocrx_word' id='word_1_766' title='bbox 683 5251 740 5304; x_wconf 82' lang='grc' dir='ltr'>δὲ</span> <span class='ocrx_word' id='word_1_767' title='bbox 787 5249 1178 5322; x_wconf 73' lang='grc' dir='ltr'>προσελθοῦσαι</span> <span class='ocrx_word' id='word_1_768' title='bbox 1218 5250 1526 5321; x_wconf 78' lang='grc' dir='ltr'>ἐκράτησαν</span> <span class='ocrx_word' id='word_1_769' title='bbox 1576 5250 1739 5304; x_wconf 79' lang='grc' dir='ltr'>αὑτοῦ</span> 
     </span>
    </p>
   </div>
   <div class='ocr_carea' id='block_1_100' title="bbox 180 5341 1742 5416">
    <p class='ocr_par' dir='ltr' id='par_1_100' title="bbox 180 5341 1742 5416">
     <span class='ocr_line' id='line_1_100' title="bbox 180 5341 1742 5416; baseline 0.002 -24"><span class='ocrx_word' id='word_1_770' title='bbox 180 5341 293 5406; x_wconf 75' lang='grc' dir='ltr'>τοὺς</span> <span class='ocrx_word' id='word_1_771' title='bbox 325 5344 510 5408; x_wconf 83' lang='grc' dir='ltr'>πόδας,</span> <span class='ocrx_word' id='word_1_772' title='bbox 541 5345 636 5397; x_wconf 72' lang='grc' dir='ltr'><strong>καὶ</strong></span> <span class='ocrx_word' id='word_1_773' title='bbox 667 5342 1079 5416; x_wconf 80' lang='grc' dir='ltr'>προσεκύνησαν</span> <span class='ocrx_word' id='word_1_774' title='bbox 1108 5341 1276 5412; x_wconf 84' lang='grc' dir='ltr'>αὑτῷ.</span> <span class='ocrx_word' id='word_1_775' title='bbox 1307 5342 1438 5394; x_wconf 86' lang='grc' dir='ltr'>Τότε</span> <span class='ocrx_word' id='word_1_776' title='bbox 1471 5341 1617 5411; x_wconf 90' lang='grc' dir='ltr'>λέγει</span> <span class='ocrx_word' id='word_1_777' title='bbox 1647 5344 1742 5395; x_wconf 85' lang='grc' dir='ltr'>αὑ-</span> 
     </span>
    </p>
   </div>
   <div class='ocr_carea' id='block_1_101' title="bbox 179 5433 1740 5506">
    <p class='ocr_par' dir='ltr' id='par_1_101' title="bbox 179 5433 1740 5506">
     <span class='ocr_line' id='line_1_101' title="bbox 179 5433 1740 5506; baseline 0.001 -19"><span class='ocrx_word' id='word_1_778' title='bbox 179 5437 284 5500; x_wconf 82' lang='grc' dir='ltr'>ταῖς</span> <span class='ocrx_word' id='word_1_779' title='bbox 313 5439 341 5488; x_wconf 78' lang='grc' dir='ltr'>ὁ</span> <span class='ocrx_word' id='word_1_780' title='bbox 386 5435 622 5506; x_wconf 81' lang='grc' dir='ltr'>Ἰησοῦς·</span> <span class='ocrx_word' id='word_1_781' title='bbox 666 5454 684 5486; x_wconf 75' lang='grc' dir='ltr'><strong>ι</strong></span> <span class='ocrx_word' id='word_1_782' title='bbox 720 5436 809 5506; x_wconf 84' lang='grc' dir='ltr'><strong>Μὴ</strong></span> <span class='ocrx_word' id='word_1_783' title='bbox 851 5433 1124 5503; x_wconf 76' lang='grc' dir='ltr'>φοϐεῖσθε.</span> <span class='ocrx_word' id='word_1_784' title='bbox 1145 5433 1433 5502; x_wconf 83' lang='grc' dir='ltr'>Ὑπάγετε,</span> <span class='ocrx_word' id='word_1_785' title='bbox 1471 5436 1740 5504; x_wconf 84' lang='grc' dir='ltr'>ἀπαγγεί-</span> 
     </span>
    </p>
   </div>
   <div class='ocr_carea' id='block_1_102' title="bbox 177 5523 1744 5602">
    <p class='ocr_par' dir='ltr' id='par_1_102' title="bbox 177 5523 1744 5602">
     <span class='ocr_line' id='line_1_102' title="bbox 177 5523 1744 5602; baseline 0.003 -24"><span class='ocrx_word' id='word_1_786' title='bbox 177 5523 292 5580; x_wconf 82' lang='grc' dir='ltr'>λατε</span> <span class='ocrx_word' id='word_1_787' title='bbox 319 5531 429 5592; x_wconf 88' lang='grc' dir='ltr'>τοῖς</span> <span class='ocrx_word' id='word_1_788' title='bbox 461 5529 708 5598; x_wconf 80' lang='grc' dir='ltr'>ἀδελφοῖς</span> <span class='ocrx_word' id='word_1_789' title='bbox 755 5545 875 5598; x_wconf 84' lang='grc' dir='ltr'>μου,</span> <span class='ocrx_word' id='word_1_790' title='bbox 906 5528 991 5581; x_wconf 84' lang='grc' dir='ltr'><strong>ἵνα</strong></span> <span class='ocrx_word' id='word_1_791' title='bbox 1026 5527 1330 5581; x_wconf 85' lang='grc' dir='ltr'>ἀπέλθωσιν</span> <span class='ocrx_word' id='word_1_792' title='bbox 1357 5531 1435 5592; x_wconf 83' lang='grc' dir='ltr'><strong>είς</strong></span> <span class='ocrx_word' id='word_1_793' title='bbox 1465 5528 1562 5602; x_wconf 79' lang='grc' dir='ltr'>τὴν</span> <span class='ocrx_word' id='word_1_794' title='bbox 1595 5529 1744 5582; x_wconf 85' lang='grc' dir='ltr'>Γαλι-</span> 
     </span>
    </p>
   </div>
   <div class='ocr_carea' id='block_1_103' title="bbox 182 5603 1743 5694">
    <p class='ocr_par' dir='ltr' id='par_1_103' title="bbox 182 5603 1743 5694">
     <span class='ocr_line' id='line_1_103' title="bbox 182 5603 1743 5694; baseline 0.003 -22"><span class='ocrx_word' id='word_1_795' title='bbox 182 5621 342 5687; x_wconf 68' lang='grc' dir='ltr'>λαίαν,</span> <span class='ocrx_word' id='word_1_796' title='bbox 371 5624 531 5676; x_wconf 84' lang='grc' dir='ltr'>κάκεῖ</span> <span class='ocrx_word' id='word_1_797' title='bbox 565 5638 632 5692; x_wconf 85' lang='grc' dir='ltr'><strong>με</strong></span> <span class='ocrx_word' id='word_1_798' title='bbox 674 5620 912 5689; x_wconf 55' lang='grc' dir='ltr'>δφονται.</span> <span class='ocrx_word' id='word_1_799' title='bbox 947 5638 965 5670; x_wconf 87' lang='grc'>›</span> <span class='ocrx_word' id='word_1_800' title='bbox 999 5603 1055 5672; x_wconf 79' lang='lat' dir='ltr'><strong>&#39;D</strong></span> <span class='ocrx_word' id='word_1_801' title='bbox 1095 5620 1343 5691; x_wconf 83' lang='grc' dir='ltr'>Ἰωάννης</span> <span class='ocrx_word' id='word_1_802' title='bbox 1380 5621 1434 5676; x_wconf 88' lang='grc' dir='ltr'><strong>δὲ</strong></span> <span class='ocrx_word' id='word_1_803' title='bbox 1484 5621 1620 5692; x_wconf 88' lang='grc' dir='ltr'><strong>μετά</strong></span> <span class='ocrx_word' id='word_1_804' title='bbox 1644 5624 1743 5694; x_wconf 78' lang='grc' dir='ltr'>τὴν</span> 
     </span>
    </p>
   </div>
   <div class='ocr_carea' id='block_1_104' title="bbox 183 5713 1744 5789">
    <p class='ocr_par' dir='ltr' id='par_1_104' title="bbox 183 5713 1744 5789">
     <span class='ocr_line' id='line_1_104' title="bbox 183 5713 1744 5789; baseline 0.003 -23"><span class='ocrx_word' id='word_1_805' title='bbox 183 5713 239 5766; x_wconf 79' lang='grc' dir='ltr'>ὲκ</span> <span class='ocrx_word' id='word_1_806' title='bbox 274 5715 477 5789; x_wconf 81' lang='grc' dir='ltr'>νεκρῶν</span> <span class='ocrx_word' id='word_1_807' title='bbox 511 5717 806 5771; x_wconf 85' lang='grc' dir='ltr'>ἀνάστασιν</span> <span class='ocrx_word' id='word_1_808' title='bbox 837 5715 1045 5783; x_wconf 78' lang='grc' dir='ltr'>εἰσάγει</span> <span class='ocrx_word' id='word_1_809' title='bbox 1087 5715 1180 5769; x_wconf 69' lang='grc' dir='ltr'><strong>καὶ</strong></span> <span class='ocrx_word' id='word_1_810' title='bbox 1208 5716 1372 5779; x_wconf 81' lang='grc' dir='ltr'>αὑτὸς</span> <span class='ocrx_word' id='word_1_811' title='bbox 1412 5717 1500 5774; x_wconf 73' lang='grc' dir='ltr'>τὸν</span> <span class='ocrx_word' id='word_1_812' title='bbox 1541 5717 1744 5787; x_wconf 85' lang='grc' dir='ltr'>Ἰησοῦν</span> 
     </span>
    </p>
   </div>
   <div class='ocr_carea' id='block_1_105' title="bbox 249 5808 1324 5873">
    <p class='ocr_par' dir='ltr' id='par_1_105' title="bbox 249 5808 1324 5873">
     <span class='ocr_line' id='line_1_105' title="bbox 249 5808 1324 5873; baseline 0 -9"><span class='ocrx_word' id='word_1_813' title='bbox 249 5809 286 5838; x_wconf 71' lang='grc'><strong>’⁸</strong></span> <span class='ocrx_word' id='word_1_814' title='bbox 327 5811 428 5864; x_wconf 84' lang='lat' dir='ltr'><strong>lsa.</strong></span> <span class='ocrx_word' id='word_1_815' title='bbox 468 5827 592 5872; x_wconf 79' lang='lat' dir='ltr'><strong>LVI,</strong></span> <span class='ocrx_word' id='word_1_816' title='bbox 633 5810 719 5864; x_wconf 78' lang='grc'><strong>10.</strong></span> <span class='ocrx_word' id='word_1_817' title='bbox 799 5809 842 5841; x_wconf 90' lang='grc'><strong>¹¹</strong></span> <span class='ocrx_word' id='word_1_818' title='bbox 883 5809 898 5862; x_wconf 95' lang='lat' dir='ltr'><strong>I</strong></span> <span class='ocrx_word' id='word_1_819' title='bbox 936 5811 1063 5862; x_wconf 83' lang='lat' dir='ltr'><strong>Cor.</strong></span> <span class='ocrx_word' id='word_1_820' title='bbox 1102 5825 1188 5873; x_wconf 73' lang='lat' dir='ltr'><strong>xu,</strong></span> <span class='ocrx_word' id='word_1_821' title='bbox 1229 5808 1324 5866; x_wconf 53' lang='grc' dir='ltr'>Ἧι</span> 
     </span>
    </p>
   </div>
   <div class='ocr_carea' id='block_1_106' title="bbox 247 5899 1112 5973">
    <p class='ocr_par' dir='ltr' id='par_1_106' title="bbox 247 5899 1112 5973">
     <span class='ocr_line' id='line_1_106' title="bbox 247 5899 1112 5973; baseline 0.002 -18"><span class='ocrx_word' id='word_1_822' title='bbox 247 5903 316 5971; x_wconf 79' lang='lat' dir='ltr'><strong>(l)</strong></span> <span class='ocrx_word' id='word_1_823' title='bbox 355 5902 555 5970; x_wconf 72' lang='grc' dir='ltr'><strong>Εῑχώς.</strong></span> <span class='ocrx_word' id='word_1_824' title='bbox 591 5901 729 5973; x_wconf 79' lang='lat' dir='ltr'><strong>Lege</strong></span> <span class='ocrx_word' id='word_1_825' title='bbox 759 5905 917 5968; x_wconf 75' lang='grc' dir='ltr'>εἰκός.</span> <span class='ocrx_word' id='word_1_826' title='bbox 953 5899 1112 5957; x_wconf 74' lang='lat' dir='ltr'><strong>Eon.</strong></span> 
     </span>
    </p>
   </div>
   <div class='ocr_carea' id='block_1_107' title="bbox 1846 4697 3415 4774">
    <p class='ocr_par' dir='ltr' id='par_1_107' title="bbox 1846 4697 3415 4774">
     <span class='ocr_line' id='line_1_107' title="bbox 1846 4697 3415 4774; baseline -0.006 -18"><span class='ocrx_word' id='word_1_827' title='bbox 1846 4703 2007 4774; x_wconf 88' lang='lat' dir='ltr'><strong>plane</strong></span> <span class='ocrx_word' id='word_1_828' title='bbox 2063 4711 2406 4773; x_wconf 88' lang='lat' dir='ltr'><strong>compertum</strong></span> <span class='ocrx_word' id='word_1_829' title='bbox 2457 4702 2706 4766; x_wconf 84' lang='lat' dir='ltr'><strong>haberet,</strong></span> <span class='ocrx_word' id='word_1_830' title='bbox 2753 4700 3016 4756; x_wconf 78' lang='lat' dir='ltr'><strong>auxilium</strong></span> <span class='ocrx_word' id='word_1_831' title='bbox 3065 4697 3168 4753; x_wconf 86' lang='lat' dir='ltr'><strong>sibi</strong></span> <span class='ocrx_word' id='word_1_832' title='bbox 3197 4712 3227 4750; x_wconf 91' lang='lat' dir='ltr'><strong>a</strong></span> <span class='ocrx_word' id='word_1_833' title='bbox 3257 4697 3415 4748; x_wconf 81' lang='lat' dir='ltr'><strong>Patre</strong></span> 
     </span>
    </p>
   </div>
   <div class='ocr_carea' id='block_1_108' title="bbox 1845 4793 3414 4864">
    <p class='ocr_par' dir='ltr' id='par_1_108' title="bbox 1845 4793 3414 4864">
     <span class='ocr_line' id='line_1_108' title="bbox 1845 4793 3414 4864; baseline -0.006 -15"><span class='ocrx_word' id='word_1_834' title='bbox 1845 4810 1955 4849; x_wconf 91' lang='lat' dir='ltr'><strong>non</strong></span> <span class='ocrx_word' id='word_1_835' title='bbox 1989 4795 2150 4850; x_wconf 89' lang='lat' dir='ltr'><strong>aliter</strong></span> <span class='ocrx_word' id='word_1_836' title='bbox 2181 4795 2348 4849; x_wconf 63' lang='lat' dir='ltr'><strong>all‘ore</strong></span> <span class='ocrx_word' id='word_1_837' title='bbox 2385 4811 2548 4864; x_wconf 87' lang='lat' dir='ltr'><strong>quam</strong></span> <span class='ocrx_word' id='word_1_838' title='bbox 2581 4809 2676 4864; x_wconf 92' lang='lat' dir='ltr'><strong>per</strong></span> <span class='ocrx_word' id='word_1_839' title='bbox 2706 4793 3111 4848; x_wconf 88' lang='lat' dir='ltr'><strong>restitutionem</strong></span> <span class='ocrx_word' id='word_1_840' title='bbox 3164 4805 3194 4842; x_wconf 90' lang='lat' dir='ltr'><strong>a</strong></span> <span class='ocrx_word' id='word_1_841' title='bbox 3243 4796 3414 4840; x_wconf 78' lang='lat' dir='ltr'><strong>morte</strong></span> 
     </span>
    </p>
   </div>
   <div class='ocr_carea' id='block_1_109' title="bbox 1845 4881 3414 4957">
    <p class='ocr_par' dir='ltr' id='par_1_109' title="bbox 1845 4881 3414 4957">
     <span class='ocr_line' id='line_1_109' title="bbox 1845 4881 3414 4957; baseline -0.007 -16"><span class='ocrx_word' id='word_1_842' title='bbox 1845 4887 1911 4941; x_wconf 88' lang='lat' dir='ltr'><strong>ad</strong></span> <span class='ocrx_word' id='word_1_843' title='bbox 1947 4887 2138 4952; x_wconf 89' lang='lat' dir='ltr'><strong>vitam,</strong></span> <span class='ocrx_word' id='word_1_844' title='bbox 2174 4889 2369 4943; x_wconf 87' lang='lat' dir='ltr'><strong>merito</strong></span> <span class='ocrx_word' id='word_1_845' title='bbox 2402 4889 2454 4940; x_wconf 92' lang='lat' dir='ltr'><strong>in</strong></span> <span class='ocrx_word' id='word_1_846' title='bbox 2489 4887 2776 4957; x_wconf 69' lang='lat' dir='ltr'><strong>prwsentia</strong></span> <span class='ocrx_word' id='word_1_847' title='bbox 2813 4891 2934 4939; x_wconf 90' lang='lat' dir='ltr'><strong>orat</strong></span> <span class='ocrx_word' id='word_1_848' title='bbox 2974 4899 3037 4938; x_wconf 79' lang='lat' dir='ltr'><strong>ex</strong></span> <span class='ocrx_word' id='word_1_849' title='bbox 3086 4881 3202 4935; x_wconf 87' lang='lat' dir='ltr'><strong>acie</strong></span> <span class='ocrx_word' id='word_1_850' title='bbox 3225 4881 3414 4933; x_wconf 81' lang='lat' dir='ltr'><strong>adver-</strong></span> 
     </span>
    </p>
   </div>
   <div class='ocr_carea' id='block_1_110' title="bbox 1845 4973 3415 5046">
    <p class='ocr_par' dir='ltr' id='par_1_110' title="bbox 1845 4973 3415 5046">
     <span class='ocr_line' id='line_1_110' title="bbox 1845 4973 3415 5046; baseline -0.009 -12"><span class='ocrx_word' id='word_1_851' title='bbox 1845 4981 2118 5034; x_wconf 88' lang='lat' dir='ltr'><strong>sariorum</strong></span> <span class='ocrx_word' id='word_1_852' title='bbox 2149 4981 2397 5034; x_wconf 85' lang='lat' dir='ltr'><strong>evadere.</strong></span> <span class='ocrx_word' id='word_1_853' title='bbox 2436 4978 2706 5046; x_wconf 84' lang='lat' dir='ltr'><strong>Quocirca</strong></span> <span class='ocrx_word' id='word_1_854' title='bbox 2753 4979 2833 5032; x_wconf 92' lang='lat' dir='ltr'><strong>sic</strong></span> <span class='ocrx_word' id='word_1_855' title='bbox 2880 4978 2954 5030; x_wconf 86' lang='lat' dir='ltr'><strong>ait</strong></span> <span class='ocrx_word' id='word_1_856' title='bbox 2986 4993 3001 5031; x_wconf 88' lang='lat'><strong>:</strong></span> <span class='ocrx_word' id='word_1_857' title='bbox 3040 4994 3058 5025; x_wconf 77' lang='grc' dir='ltr'><strong>ι</strong></span> <span class='ocrx_word' id='word_1_858' title='bbox 3102 4973 3183 5027; x_wconf 87' lang='grc' dir='ltr'><strong>Τιι</strong></span> <span class='ocrx_word' id='word_1_859' title='bbox 3212 4981 3415 5030; x_wconf 84' lang='lat' dir='ltr'><strong>autem,</strong></span> 
     </span>
    </p>
   </div>
   <div class='ocr_carea' id='block_1_111' title="bbox 1846 5062 3415 5141">
    <p class='ocr_par' dir='ltr' id='par_1_111' title="bbox 1846 5062 3415 5141">
     <span class='ocr_line' id='line_1_111' title="bbox 1846 5062 3415 5141; baseline -0.007 -17"><span class='ocrx_word' id='word_1_860' title='bbox 1846 5071 2094 5136; x_wconf 86' lang='lat' dir='ltr'><strong>Domine,</strong></span> <span class='ocrx_word' id='word_1_861' title='bbox 2124 5087 2190 5127; x_wconf 86' lang='lat' dir='ltr'><strong>ne</strong></span> <span class='ocrx_word' id='word_1_862' title='bbox 2225 5072 2414 5141; x_wconf 90' lang='lat' dir='ltr'><strong>procul</strong></span> <span class='ocrx_word' id='word_1_863' title='bbox 2473 5085 2727 5125; x_wconf 85' lang='lat' dir='ltr'><strong>amoveas</strong></span> <span class='ocrx_word' id='word_1_864' title='bbox 2773 5068 3037 5124; x_wconf 77' lang='lat' dir='ltr'><strong>auxilium</strong></span> <span class='ocrx_word' id='word_1_865' title='bbox 3092 5079 3270 5119; x_wconf 86' lang='lat' dir='ltr'><strong>meum</strong></span> <span class='ocrx_word' id='word_1_866' title='bbox 3306 5079 3318 5114; x_wconf 92' lang='lat'>:</span> <span class='ocrx_word' id='word_1_867' title='bbox 3351 5062 3415 5114; x_wconf 87' lang='lat' dir='ltr'><strong>ad</strong></span> 
     </span>
    </p>
   </div>
   <div class='ocr_carea' id='block_1_112' title="bbox 1849 5153 3416 5237">
    <p class='ocr_par' dir='ltr' id='par_1_112' title="bbox 1849 5153 3416 5237">
     <span class='ocr_line' id='line_1_112' title="bbox 1849 5153 3416 5237; baseline -0.008 -18"><span class='ocrx_word' id='word_1_868' title='bbox 1849 5165 2250 5237; x_wconf 82' lang='lat' dir='ltr'><strong>susceptionem</strong></span> <span class='ocrx_word' id='word_1_869' title='bbox 2283 5180 2456 5218; x_wconf 89' lang='lat' dir='ltr'><strong>meam</strong></span> <span class='ocrx_word' id='word_1_870' title='bbox 2513 5164 2745 5232; x_wconf 77' lang='lat' dir='ltr'><strong>reSpice.</strong></span> <span class='ocrx_word' id='word_1_871' title='bbox 2799 5181 2818 5212; x_wconf 74' lang='grc' dir='ltr'><strong>ι</strong></span> <span class='ocrx_word' id='word_1_872' title='bbox 2869 5159 3081 5214; x_wconf 85' lang='lat' dir='ltr'><strong>Etenim</strong></span> <span class='ocrx_word' id='word_1_873' title='bbox 3113 5157 3180 5210; x_wconf 89' lang='lat' dir='ltr'><strong>ab</strong></span> <span class='ocrx_word' id='word_1_874' title='bbox 3216 5153 3416 5209; x_wconf 73' lang='lat' dir='ltr'><strong>auxilio</strong></span> 
     </span>
    </p>
   </div>
   <div class='ocr_carea' id='block_1_113' title="bbox 1850 5245 3415 5326">
    <p class='ocr_par' dir='ltr' id='par_1_113' title="bbox 1850 5245 3415 5326">
     <span class='ocr_line' id='line_1_113' title="bbox 1850 5245 3415 5326; baseline -0.01 -16"><span class='ocrx_word' id='word_1_875' title='bbox 1850 5265 1946 5312; x_wconf 90' lang='lat' dir='ltr'><strong>tuo</strong></span> <span class='ocrx_word' id='word_1_876' title='bbox 1977 5258 2254 5326; x_wconf 86' lang='lat' dir='ltr'><strong>susceptio</strong></span> <span class='ocrx_word' id='word_1_877' title='bbox 2286 5257 2412 5309; x_wconf 83' lang='lat' dir='ltr'><strong>mihi</strong></span> <span class='ocrx_word' id='word_1_878' title='bbox 2439 5257 2638 5318; x_wconf 81' lang='lat' dir='ltr'><strong>veniet,</strong></span> <span class='ocrx_word' id='word_1_879' title='bbox 2671 5261 2894 5324; x_wconf 77' lang='lat' dir='ltr'><strong>prapter</strong></span> <span class='ocrx_word' id='word_1_880' title='bbox 2924 5265 3088 5321; x_wconf 87' lang='lat' dir='ltr'><strong>quam</strong></span> <span class='ocrx_word' id='word_1_881' title='bbox 3116 5245 3415 5315; x_wconf 81' lang='lat' dir='ltr'><strong>susceptio-</strong></span> 
     </span>
    </p>
   </div>
   <div class='ocr_carea' id='block_1_114' title="bbox 1849 5343 3416 5418">
    <p class='ocr_par' dir='ltr' id='par_1_114' title="bbox 1849 5343 3416 5418">
     <span class='ocr_line' id='line_1_114' title="bbox 1849 5343 3416 5418; baseline -0.011 -12"><span class='ocrx_word' id='word_1_882' title='bbox 1849 5365 1976 5406; x_wconf 85' lang='lat' dir='ltr'><strong>nem</strong></span> <span class='ocrx_word' id='word_1_883' title='bbox 2031 5357 2188 5403; x_wconf 87' lang='lat' dir='ltr'><strong>totus.</strong></span> <span class='ocrx_word' id='word_1_884' title='bbox 2229 5349 2472 5418; x_wconf 87' lang='lat' dir='ltr'><strong>psalmus</strong></span> <span class='ocrx_word' id='word_1_885' title='bbox 2526 5349 2721 5399; x_wconf 86' lang='lat' dir='ltr'><strong>merito</strong></span> <span class='ocrx_word' id='word_1_886' title='bbox 2771 5343 3070 5412; x_wconf 88' lang='lat' dir='ltr'><strong>inscriptus</strong></span> <span class='ocrx_word' id='word_1_887' title='bbox 3122 5347 3228 5398; x_wconf 87' lang='lat' dir='ltr'><strong>est.</strong></span> <span class='ocrx_word' id='word_1_888' title='bbox 3265 5355 3284 5386; x_wconf 71' lang='grc' dir='ltr'><strong>ε</strong></span> <span class='ocrx_word' id='word_1_889' title='bbox 3325 5350 3416 5405; x_wconf 87' lang='lat' dir='ltr'><strong>pre</strong></span> 
     </span>
    </p>
   </div>
   <div class='ocr_carea' id='block_1_115' title="bbox 1850 5431 3402 5511">
    <p class='ocr_par' dir='ltr' id='par_1_115' title="bbox 1850 5431 3402 5511">
     <span class='ocr_line' id='line_1_115' title="bbox 1850 5431 3402 5511; baseline -0.011 -13"><span class='ocrx_word' id='word_1_890' title='bbox 1850 5441 2200 5511; x_wconf 84' lang='lat' dir='ltr'><strong>susceptione</strong></span> <span class='ocrx_word' id='word_1_891' title='bbox 2224 5441 2514 5496; x_wconf 83' lang='lat' dir='ltr'><strong>matutina.</strong></span> <span class='ocrx_word' id='word_1_892' title='bbox 2545 5459 2563 5491; x_wconf 78' lang='grc' dir='ltr'><strong>ι</strong></span> <span class='ocrx_word' id='word_1_893' title='bbox 2603 5439 2680 5492; x_wconf 76' lang='lat' dir='ltr'><strong>Ad</strong></span> <span class='ocrx_word' id='word_1_894' title='bbox 2709 5436 3116 5506; x_wconf 87' lang='lat' dir='ltr'><strong>susceptionem</strong></span> <span class='ocrx_word' id='word_1_895' title='bbox 3148 5431 3315 5500; x_wconf 84' lang='lat' dir='ltr'><strong>igitur</strong></span> <span class='ocrx_word' id='word_1_896' title='bbox 3337 5445 3402 5482; x_wconf 82' lang='lat' dir='ltr'><strong>re</strong></span> 
     </span>
    </p>
   </div>
   <div class='ocr_carea' id='block_1_116' title="bbox 1849 5525 3408 5604">
    <p class='ocr_par' dir='ltr' id='par_1_116' title="bbox 1849 5525 3408 5604">
     <span class='ocr_line' id='line_1_116' title="bbox 1849 5525 3408 5604; baseline -0.011 -13"><span class='ocrx_word' id='word_1_897' title='bbox 1849 5535 2018 5604; x_wconf 89' lang='lat' dir='ltr'><strong>spice,</strong></span> <span class='ocrx_word' id='word_1_898' title='bbox 2043 5533 2459 5604; x_wconf 64' lang='lat' dir='ltr'><strong>prazstansmihi</strong></span> <span class='ocrx_word' id='word_1_899' title='bbox 2485 5546 2649 5602; x_wconf 88' lang='lat' dir='ltr'><strong>quam</strong></span> <span class='ocrx_word' id='word_1_900' title='bbox 2681 5529 2966 5586; x_wconf 86' lang='lat' dir='ltr'><strong>celerrime</strong></span> <span class='ocrx_word' id='word_1_901' title='bbox 2992 5525 3096 5582; x_wconf 91' lang='lat' dir='ltr'><strong>sub</strong></span> <span class='ocrx_word' id='word_1_902' title='bbox 3127 5525 3298 5595; x_wconf 77' lang='lat' dir='ltr'><strong>ipsum</strong></span> <span class='ocrx_word' id='word_1_903' title='bbox 3323 5537 3408 5575; x_wconf 88' lang='lat' dir='ltr'><strong>au-</strong></span> 
     </span>
    </p>
   </div>
   <div class='ocr_carea' id='block_1_117' title="bbox 1852 5620 3417 5686">
    <p class='ocr_par' dir='ltr' id='par_1_117' title="bbox 1852 5620 3417 5686">
     <span class='ocr_line' id='line_1_117' title="bbox 1852 5620 3417 5686; baseline -0.01 -5"><span class='ocrx_word' id='word_1_904' title='bbox 1852 5642 2031 5681; x_wconf 90' lang='lat' dir='ltr'><strong>roram</strong></span> <span class='ocrx_word' id='word_1_905' title='bbox 2065 5625 2394 5681; x_wconf 87' lang='lat' dir='ltr'><strong>reversionis</strong></span> <span class='ocrx_word' id='word_1_906' title='bbox 2429 5639 2457 5678; x_wconf 88' lang='lat' dir='ltr'><strong>a</strong></span> <span class='ocrx_word' id='word_1_907' title='bbox 2517 5623 2747 5678; x_wconf 85' lang='lat' dir='ltr'><strong>mortuis</strong></span> <span class='ocrx_word' id='word_1_908' title='bbox 2797 5620 3224 5686; x_wconf 82' lang='lat' dir='ltr'><strong>susceptionem,</strong></span> <span class='ocrx_word' id='word_1_909' title='bbox 3256 5629 3417 5686; x_wconf 83' lang='lat' dir='ltr'><strong>quam</strong></span> 
     </span>
    </p>
   </div>
   <div class='ocr_carea' id='block_1_118' title="bbox 1852 5707 3414 5790">
    <p class='ocr_par' dir='ltr' id='par_1_118' title="bbox 1852 5707 3414 5790">
     <span class='ocr_line' id='line_1_118' title="bbox 1852 5707 3414 5790; baseline -0.011 -12"><span class='ocrx_word' id='word_1_910' title='bbox 1852 5735 1982 5778; x_wconf 89' lang='lat' dir='ltr'><strong>sane</strong></span> <span class='ocrx_word' id='word_1_911' title='bbox 2013 5734 2172 5790; x_wconf 87' lang='lat' dir='ltr'><strong>spero</strong></span> <span class='ocrx_word' id='word_1_912' title='bbox 2207 5734 2291 5774; x_wconf 91' lang='lat' dir='ltr'><strong>me</strong></span> <span class='ocrx_word' id='word_1_913' title='bbox 2322 5725 2770 5774; x_wconf 70' lang='grc' dir='ltr'>οοιιεοουιυωηι.</span> <span class='ocrx_word' id='word_1_914' title='bbox 2801 5730 2925 5771; x_wconf 82' lang='lat' dir='ltr'><strong>cum</strong></span> <span class='ocrx_word' id='word_1_915' title='bbox 2950 5729 3068 5769; x_wconf 87' lang='lat' dir='ltr'><strong>eam</strong></span> <span class='ocrx_word' id='word_1_916' title='bbox 3092 5726 3201 5767; x_wconf 90' lang='lat' dir='ltr'><strong>non</strong></span> <span class='ocrx_word' id='word_1_917' title='bbox 3225 5707 3414 5781; x_wconf 85' lang='lat' dir='ltr'><strong>procul</strong></span> 
     </span>
    </p>
   </div>
  </div>
