3938 6538
205 378 316 436 ’189

1071 379 1718 438 DEMONSTRATIONIS
1754 381 2205 439 EVANGELICA!
2245 385 2373 443 LIB.
2414 385 2481 443 Χ.

3349 380 3447 448 7'90

202 495 370 567 δόξης
416 499 856 570 ισμικρυμμένῃ.
903 493 1013 552 Εἶτ’
1064 499 1337 568 ἐπιλέγει’
1401 517 1419 550 ο
1469 498 1581 562 Τὰς
1624 500 1787 569 εὐχάς

1898 499 2146 557 Ecclesiae
2175 504 2402 560 laudabo
2444 515 2514 561 te.
2561 525 2579 558 ι
2619 505 2815 562 Primis
2851 506 2995 562 enim
3023 506 3138 564 suis
3165 507 3447 580 discipulis

205 607 314 662 μου
337 591 420 661 τῷ
453 591 640 662 Κυρίῳ
672 589 934 644 ἀποδώσω
960 591 1186 646 ἐνώπιον
1219 591 1430 646 πάντων
1457 592 1564 646 τῶν
1591 591 1784 662 φοϐου-

205 680 395 753 μένων
420 683 581 736 αύτόν
601 700 612 713 ·
628 703 646 735 ι
671 682 1030 754 φοϐουμένους
1050 684 1208 737 αὑτὸν
1230 683 1515 738 ἀποκαλῶν
1534 685 1631 756 τὴν
1662 685 1784 756 πρό-

201 790 372 847 τερον
405 775 792 846 ὀνομασθεῖσαν
827 777 1148 848 Ἐκκλησίαν
1182 777 1439 849 μεγάλην,
1465 772 1547 842 οἷς
1573 778 1781 846 ἐλεγενο

207 885 230 921 ι
267 868 340 922 οἱ
363 866 682 938 φοϐούμενοι
701 868 788 921 τὸν
818 868 1038 941 Κύριον,
1070 870 1318 924 αἰνέσατε
1345 871 1525 924 αὐτόν.
1573 890 1591 922 ι
1622 872 1787 936 Ποίας

201 957 262 1013 δέ
299 959 475 1030 εὐχὰς
508 960 804 1014 ἀποδώσειν
840 963 1022 1032 φησὶν,
1052 961 1084 1033 ἥ
1111 962 1176 1026 ἃς
1205 964 1597 1034 ἐπηγγείλατο;
1629 964 1786 1029 ποίας

203 1049 263 1105 δὲ
299 1052 670 1122 ἐπηγγείλατο
698 1053 730 1124 ἢ
771 1054 1000 1118 ὲκείνας,
1024 1054 1089 1107 δι’
1121 1048 1194 1107 ὧν
1225 1056 1392 1128 ἔφησε
1412 1073 1424 1086 ·
1468 1075 1485 1106 ι
1523 1058 1786 1128 Διηγήσο-

208 1158 308 1211 μαι
354 1140 419 1195 τὸ
450 1141 619 1212 ὄνομά
663 1161 755 1196 σου
793 1147 902 1208 τοῖς
937 1145 1184 1213 ἀδελφοῖς
1217 1164 1344 1217 μου·
1382 1149 1440 1200 ἐν
1477 1147 1625 1219 μέσῳ
1668 1149 1788 1202 Ἐκο

204 1231 450 1301 κλησίας
479 1233 704 1303 ὑμνήσω
735 1251 814 1296 σε,
842 1254 859 1287 i
891 1236 1044 1305 εὐχαὶ
1080 1237 1175 1310 γάρ
1198 1239 1333 1291 εἰσιν
1361 1240 1415 1291 αἱ
1444 1238 1786 1307 ἐπαγγελίαι,

204 1323 276 1388 ἃς
313 1325 783 1396 ἐπαγγειλάμενος
826 1326 1017 1382 δώσειν
1060 1337 1117 1383 ἐν
1159 1330 1306 1402 μέσῳ
1348 1331 1668 1401 Ἐκκλησίας
1709 1331 1789 1384 δι-

205 1416 550 1471 εϐεϐαιοῦτο.
585 1418 803 1482 Τούτοις
829 1418 950 1489 ἐξῆς
973 1419 1212 1489 ἐπιλέγει
1233 1437 1246 1452 ’
1283 1442 1300 1473 ι
1324 1422 1588 1490 Φάγονται
1622 1423 1788 1494 πένη-

205 1528 305 1572 τες
355 1512 450 1564 καὶ⁵
493 1510 992 1583 ἐμπλησθήσονται,
1038 1513 1131 1566 καὶ
1180 1513 1448 1566 αίνέσούσι
1495 1513 1693 1585 Κύριον
1741 1515 1788 1568 οἱ

209 1601 578 1673 ἐκζητοῦντες
618 1603 798 1658 αὐτόν.
840 1605 1102 1675 Ζήσονται
1151 1605 1208 1656 αἱ
1240 1604 1457 1677 καρδίαι
1505 1604 1681 1658 αὐτῶν
1713 1607 1792 1667 είς

208 1691 396 1744 αἰῶνα
450 1691 659 1755 αἰῶνος.
704 1691 1116 1764 Μνησθήσονται
1159 1695 1250 1746 καὶ
1297 1694 1791 1766 ἐπιστραφήσονται

210 1781 362 1854 πρὸς
393 1781 598 1855 Κύριον
638 1783 815 1837 πάντα
853 1782 919 1836 τὰ
957 1783 1168 1856 πέρατα
1208 1785 1308 1856 τῆς
1339 1786 1461 1856 γῆς,
1496 1787 1588 1840 καὶ
1622 1801 1790 1858 προσ-

1884 604 1938 649 et
1965 598 2225 666 aposmlis
2260 613 2379 668 qua:
2421 599 2487 653 ad
2522 614 2675 654 suam
2713 599 2951 653 laetitiam
3015 610 3069 655 et
3124 603 3443 656 exsultatio-

1882 700 2003 740 nem
2035 687 2340 756 pertinent,
2391 688 2677 757 pollicetur
2703 703 2762 744 se
2809 689 3208 755 nuntiaturum,
3242 706 3336 747 eos
3367 693 3444 746 in-

1883 777 2040 834 terim
2075 779 2363 834 nominans
2398 778 2632 835 fratres:
2665 781 2862 850 quibus
2892 782 3052 838 etiam
3083 793 3446 840 consentanea

1883 870 2166 925 Matthaeus
2200 872 2444 941 exponit,
2475 873 2602 925 dum
2633 873 2763 926 dicit
2793 892 2806 927 :
2839 891 2857 924 ι
2923 873 2985 927 lit
3010 889 3136 930 ecce
3162 873 3322 931 Jesus
3352 892 3447 932 oc-

1885 964 2058 1017 currit
2103 964 2230 1028 illis,
2268 984 2286 1017 ι
2337 965 2424 1019 tibi
2461 965 2581 1019 illas
2618 966 2908 1036 intelligit,
2945 983 3066 1037 qua:
3099 984 3222 1022 ciim
3279 969 3447 1025 Maria

1886 1049 2198 1122 Magdalene
2231 1061 2421 1116 erant,
2459 1071 2476 1103 ι
2507 1052 2697 1110 dicens
2723 1075 2735 1109 :
2769 1053 3000 1112 Salvete.
3029 1056 3135 1110 Illa:
3159 1067 3338 1112 autem
3364 1075 3450 1114 ac-

1887 1151 2168 1199 cesserunt
2195 1152 2248 1199 et
2281 1153 2569 1199 tenuerunt
2597 1147 2716 1213 ejus
2744 1147 2907 1216 pedes
2928 1189 2942 1210 ,
2991 1155 3047 1203 et
3089 1149 3449 1205 adoraverunt

1886 1251 2032 1290 eum.
2069 1234 2221 1290 Tunc
2246 1238 2322 1290 ait
2356 1237 2460 1292 illis
2484 1236 2684 1293 Iesus;
2729 1237 2904 1294 Nolite
2941 1240 3146 1295 timere.
3198 1240 3304 1304 Ite,
3349 1258 3449 1297 an-

1888 1326 2136 1380 nuntiate
2165 1325 2424 1380 fratribus
2461 1328 2616 1390 meis,
2645 1336 2702 1382 ut
2733 1329 2930 1383 abeant
2961 1331 3013 1383 in
3048 1329 3320 1385 Galilaeam
3340 1371 3352 1392 .
3395 1341 3451 1387 et

1889 1419 1962 1474 ibi
1997 1434 2082 1474 me
2112 1419 2369 1474 videbunt
2400 1420 2461 1472 ’⁸.
2497 1441 2516 1472 ι
2561 1420 2628 1476 At
2653 1437 2782 1476 vero
2812 1421 3050 1476 Joannes
3079 1431 3198 1492 post
3229 1424 3452 1478 reditio-

1891 1524 2012 1564 nem
2046 1524 2075 1562 a
2103 1510 2330 1566 mortuis
2353 1512 2469 1581 ipse
2499 1528 2711 1583 quoque
2737 1512 2942 1567 inducit
2965 1512 3149 1568 Jesuin
3179 1514 3450 1570 dicentem

1891 1601 1958 1656 ad
2001 1600 2172 1671 ipsam
2223 1601 2491 1658 Mariam:
2543 1621 2562 1654 ι
2613 1603 2732 1658 Noli
2766 1620 2848 1658 me
2897 1611 3157 1674 tangere:
3210 1607 3450 1660 nondum

1890 1692 2034 1748 enim
2065 1693 2284 1747 ascendi
2336 1693 2402 1748 ad
2451 1692 2664 1749 Patrem
2701 1710 2901 1750 meum.
2970 1693 3118 1750 Vade
3168 1703 3347 1753 autem
3383 1697 3449 1752 ad

1893 1781 2088 1838 fratres
2117 1797 2284 1846 meos,
2314 1792 2365 1837 et
2391 1783 2479 1838 dic
2506 1785 2585 1838 eis
2617 1803 2629 1838 :
2664 1783 2911 1840 Ascendo
2940 1785 3005 1839 ad
3029 1783 3239 1840 Patrem
3272 1801 3451 1842 meum

210 1872 550 1944 κυνήσουσιν
604 1872 829 1927 ἐνώπιον
876 1874 1038 1927 αὐτοῦ
1093 1876 1259 1928 πᾶσαι
1311 1878 1364 1929 αἱ
1427 1877 1650 1948 πατριαὶ
1687 1877 1792 1929 τῶν

1898 1881 1947 1929 ει
1978 1871 2193 1928 Patrem
2226 1880 2464 1928 vestrum
2489 1913 2502 1938 ,
2562 1883 2614 1929 et
2646 1872 2812 1927 Deum
2865 1889 3041 1928 meum
3079 1885 3133 1930 ct
3165 1874 3331 1928 Deum
3359 1891 3452 1930 ve-

211 1964 422 2018 ἐθνῶνο
458 1965 538 2019 ὅτι
563 1963 656 2018 τοῦ
691 1963 894 2035 Κυρίου
927 1968 959 2037 ή
991 1965 1254 2036 βασιλεία,
1281 1968 1373 2020 καὶ
1406 1968 1566 2030 αὐτὸς
1598 1968 1788 2021 δεσπό-

213 2056 300 2122 ζει
337 2055 452 2111 τῶν
484 2055 669 2111 ἐθνῶν.
711 2077 729 2109 ι
765 2058 840 2110 Δι’
877 2051 951 2110 ὧν
983 2059 1185 2130 σφόδρα
1219 2058 1524 2123 ἀκολούθως
1555 2059 1624 2113 τὰ
1659 2059 1796 2131 μετά

215 2148 322 2220 τὴν
353 2149 650 2204 ἀνάστασιν
682 2148 845 2202 αὑτοῦ
880 2148 1275 2221 κατορθώματα
1319 2151 1606 2220 ἀναφωνεί,
1635 2151 1668 2206 ἃ
1701 2153 1795 2206 καὶ

215 2240 583 2311 πεπλήρωται
606 2239 692 2292 διὰ
718 2240 818 2310 τῆς
847 2240 904 2307 ἐξ
933 2240 1182 2294 ἁπάντων
1207 2240 1312 2294 τῶν
1338 2239 1502 2295 ἐθνῶν
1531 2242 1793 2313 κλήσεως,

213 2331 309 2384 διά
339 2347 403 2384 τε
431 2331 532 2402 τῆς
561 2331 617 2384 ὲν
640 2334 754 2395 τοῖς
783 2331 979 2402 πέρασι
1011 2332 1109 2403 τῆς
1140 2334 1461 2405 οἰκουμένης
1497 2334 1794 2406 ἀνθρώπων

216 2421 482 2490 ἐκλογῆς,
533 2413 608 2474 ὧν
655 2423 711 2474 αἱ
768 2421 1021 2486 ἐκϐάσεις
1079 2423 1373 2494 ὀφθαλμοῖς
1431 2424 1794 2496 θεωρούμεναι

217 2515 446 2568 πάντων
479 2513 546 2567 ἂν
588 2514 826 2582 γένοιντο
851 2514 957 2567 τῶν
1000 2515 1086 2569 διὰ
1120 2515 1214 2569 τοῦ
1248 2516 1461 2587 ψαλμοῦ
1493 2517 1794 2588 λεγομένων

220 2609 656 2678 παραστατικαί.
707 2609 946 2681 Πένητες
992 2610 1047 2664 δέ
1095 2611 1256 2665 πάλιν
1303 2614 1484 2682 ἡμεῖς,
1529 2611 1620 2674 οὒς
1658 2612 1796 2665 κατά

221 2698 361 2752 Θεὸν
395 2697 774 2769 πτωχεύοντας
820 2702 1098 2775 ἐκτρέφων
1149 2705 1177 2756 6
1221 2703 1483 2774 σωτήριος
1510 2702 1679 2771 Λόγος
1718 2702 1798 2773 τῷ

221 2791 404 2863 νοητῷ
436 2793 530 2845 καὶ
560 2791 760 2863 λογικῷ
802 2793 949 2867 ἄρτῳ
978 2796 1096 2859 ταῖς
1141 2795 1418 2859 ζωοποιοῖς
1464 2793 1571 2847 τῶν
1612 2793 1796 2865 ψυχῶν

222 2885 476 2955 τροφαῖς,
514 2883 612 2956 τήν
642 2882 858 2940 αἰώνιον
888 2887 1016 2957 ἡμῖν
1057 2887 1283 2958 παρέχει
1317 2886 1480 2958 ζωήν.
1513 2887 1602 2940 Διό
1635 2903 1798 2957 φησιν

223 2978 255 3029 6
284 2975 502 3047 ψαλμός
519 2993 533 3006 ·
600 2996 618 3030 ι
653 2979 917 3048 Φάγονται
945 2979 1172 3051 πένητες
1193 2980 1284 3032 καὶ
1308 2979 1796 3052 ἐμπλησθήσονται,

227 3069 325 3123 καὶ
359 3068 630 3123 αἰνέσουσι
661 3071 862 3144 Κύριον
897 3073 947 3126 οἱ
987 3070 1336 3143 ἐκζητοῦντες
1384 3070 1564 3125 αὐτόν.
1603 3073 1798 3142 Ζήσον-

227 3175 321 3213 ται
351 3161 408 3214 αἱ
440 3162 656 3232 καρδίαι
688 3164 867 3218 αὐτῶν
895 3165 974 3228 εἰς
998 3162 1169 3217 αἰῶνα
1189 3161 1400 3226 αἰῶνος.
1438 3180 1458 3213 ι
1494 3163 1604 3217 Καὶ
1627 3164 1655 3216 6
1683 3161 1800 3215 ἐπί-

228 3250 390 3318 λογος
411 3251 471 3306 δέ
494 3253 593 3324 τῆς
619 3254 744 3327 ὅλης
771 3248 1100 3328 προφητείας
1134 3253 1272 3324 μετά
1294 3253 1470 3309 πάντα
1496 3255 1794 3327 ἐπιφέρων·

234 3363 254 3395 ι
309 3342 768 3418 Ἀναγγελήσεται
788 3347 864 3417 τῷ
895 3346 1084 3417 Κυρίῳ
1112 3344 1275 3414 γενεὰ
1303 3347 1336 3417 ή
1370 3345 1656 3416 ἐρχομένη.
1690 3345 1802 3398 Καὶ

227 3434 590 3505 ἀναγγελοῦσι
613 3439 712 3509 τὴν
739 3437 1080 3509 δικαιοσύνην
1111 3437 1274 3491 αὐτοῦ
1305 3436 1418 3507 λαῷ
1439 3437 1516 3508 τῷ
1544 3435 1802 3506 τεχθησο-

233 3528 404 3598 μένῳ,
459 3528 518 3581 δν
569 3529 820 3600 ἐποίησεν
857 3531 886 3583 6
942 3529 1172 3601 Κύριοςο
1219 3550 1238 3581 ι
1275 3528 1530 3598 ἄντικρυς
1576 3526 1665 3581 τὸν
1741 3525 1801 3590 ἐξ

229 3619 404 3673 ἐθνῶν
439 3619 788 3693 προθεσπίζει
817 3621 964 3685 λαὸν,
1017 3622 1108 3674 καὶ
1141 3622 1236 3692 τὴν
1285 3619 1373 3673 διὰ
1412 3619 1502 3672 τοῦ
1554 3619 1804 3689 Σωτῆρος

230 3707 393 3779 ήμῶν
435 3708 607 3778 Ἰησοῦ
638 3708 870 3781 Χριστοῦ
905 3711 1175 3763 συστᾶσαν
1209 3710 1299 3762 ἐπὶ
1331 3709 1428 3778 τῆς
1456 3709 1557 3778 γῆς
1590 3708 1796 3775 γενεάν.

231 3800 333 3862 Τίς
358 3797 466 3872 γὰρ
493 3800 559 3853 ἂν
582 3801 664 3872 εἴη
698 3803 726 3855 6
763 3803 898 3873 μετά
925 3803 1096 3856 ταῦτα
1135 3801 1485 3873 τεχθήσεσθαι
1518 3800 1803 3870 λεγόμενος

230 3890 311 3961 τῷ
343 3891 465 3962 Θεῷ
491 3891 637 3957 λαὸς,
670 3892 832 3948 πάλαι
869 3893 942 3966 μὴ
969 3894 1064 3960 ὣν,
1094 3894 1210 3965 μηδ’
1239 3892 1482 3962 ὑφεστὼς
1519 3895 1574 3946 ἐν
1607 3891 1806 3964 ἀνθρώ-

233 4001 380 4047 ποις,
415 3983 638 4055 ὕστερον
671 3985 727 4038 δὲ
760 3985 1029 4056 γεγονώς;
1077 3986 1160 4050 τίς
1203 4003 1261 4039 τε
1302 3986 1362 4038 οὐ
1400 3987 1472 4057 μὴ
1504 3983 1636 4038 οὖσα
1661 3985 1802 4049 τότε,

230 4075 502 4146 λεγομένη
525 4076 582 4129 δέ
611 4077 922 4132 ἐλεύσεσθαι
946 4078 1128 4146 γενεὰ,
1165 4080 1212 4130 εἰ
1239 4078 1313 4149 μὴ
1367 4077 1500 4150 αῦτη
1528 4080 1561 4150 ή
1589 4077 1673 4132 διὰ
1710 4076 1804 4130 τοῦ

232 4167 489 4240 Σωτῆρος
519 4168 672 4238 ἡμῶν
702 4170 759 4221 ἐν
792 4170 952 4222 παντὶ
988 4169 1066 4238 τῷ
1094 4170 1287 4241 κόσμῳ
1305 4173 1546 4224 συστᾶσα
1582 4170 1807 4238 Ἐκκλη-

235 4257 361 4321 σία;
393 4260 488 4311 καὶ
514 4262 541 4313 6
563 4261 679 4324 νέος
709 4260 767 4326 ἐξ
791 4261 959 4315 ἐθνῶν
989 4262 1137 4326 λαὸς,
1172 4264 1258 4332 ἐφ’
1288 4257 1330 4332 ᾧ
1353 4264 1447 4316 καὶ
1474 4263 1561 4316 διὰ
1590 4262 1806 4316 Ἡσαΐου

235 4353 295 4406 τὸ
344 4352 572 4424 Πνεῦμα
598 4355 658 4407 τὸ
705 4354 857 4424 ἅγιον
890 4354 1275 4425 θαυμαστικῶς
1307 4353 1680 4424 ἀπεφθέγξατο
1708 4356 1809 4425 φῆ-

239 4461 340 4497 σαν
365 4461 376 4474 ι
417 4465 436 4496 ι
483 4447 578 4509 Τίς
599 4447 792 4518 ἤκουσε
826 4449 1068 4515 τοιαῦτα,
1100 4451 1192 4504 καὶ
1217 4449 1301 4513 τίς
1333 4449 1574 4520 ἑώρακεν
1597 4447 1807 4512 οῦτως;

1894 1973 2066 2020 strum
2105 1966 2166 2022 ".
2209 1986 2227 2018 ι
2263 1965 2458 2021 Primis
2487 1980 2615 2038 ergo
2645 1966 2909 2037 apostolis
2958 1966 3104 2030 suis,
3140 1982 3278 2036 quos
3323 1983 3453 2023 suos

1892 2056 2088 2112 fratres
2116 2059 2376 2122 nominat,
2411 2074 2606 2113 nomen
2652 2074 2710 2114 se
2741 2057 2918 2115 Patris
2965 2059 3048 2115 sui
3103 2067 3452 2114 narraturum

1893 2151 1988 2204 ait.
2019 2149 2148 2205 Post
2179 2151 2300 2206 illos
2333 2159 2548 2214 autem,
2602 2151 2720 2220 ipso
2752 2151 2943 2207 ordine
2995 2153 3220 2223 ipsaque
3258 2167 3450 2208 conse-

1892 2243 2090 2314 quendi
2125 2243 2334 2298 ratione
2358 2243 2630 2308 Ecclesiae,
2665 2261 2784 2316 quae
2815 2260 2907 2314 per
2929 2253 3101 2298 totum
3138 2246 3322 2300 orbem
3347 2252 3456 2299 tcr-

1892 2349 2075 2389 rarum
2125 2335 2178 2388 in
2214 2335 2431 2390 nomine
2474 2335 2658 2404 ipsius
2716 2336 2939 2390 fundata
2999 2343 3114 2402 est,
3171 2345 3454 2406 paternum

1894 2425 2153 2495 hymnum
2189 2441 2246 2480 se
2275 2427 2644 2497 expositurum
2679 2429 2961 2498 promittit.
2990 2427 3456 2494 Quemadmodum

1893 2515 2036 2570 enim
2077 2515 2123 2570 si
2172 2516 2294 2585 quis
2337 2517 2608 2572 excellens
2638 2517 2900 2588 sapientia
2933 2526 3230 2588 prwccptor
3261 2518 3314 2570 in
3346 2532 3459 2572 me-

1894 2606 2001 2663 diis
2032 2607 2149 2661 suis
2179 2607 2463 2677 discipulis
2493 2607 2658 2662 verba
2693 2615 3008 2678 percurrat,
3073 2615 3132 2661 ut
3185 2604 3290 2680 ipsi
3321 2622 3458 2675 quo-

1895 2712 2001 2766 que
2029 2696 2310 2752 audientes
2341 2698 2671 2762 auscultent,
2705 2699 2778 2752 ita
2811 2699 2972 2753 etiam
3021 2698 3110 2753 ille
3144 2716 3161 2747 ι
3201 2698 3253 2750 in
3283 2697 3459 2752 medio

1896 2787 2172 2852 Ecclesiae,
2202 2789 2398 2858 inquit,
2431 2789 2664 2844 laudabo
2697 2797 2770 2853 te,
2810 2811 2828 2842 ι
2887 2797 2946 2843 ut
2978 2805 3101 2844 cum
3143 2789 3243 2843 hoc
3272 2787 3462 2845 Ecile-

1897 2885 1978 2941 sia
2005 2885 2279 2952 didicerit,
2301 2885 2429 2940 dum
2465 2885 2533 2940 ab
2568 2887 2686 2955 ipso
2719 2887 2907 2949 audit,
2964 2900 3073 2940 non
3105 2885 3243 2938 ultra
3275 2891 3332 2938 ut
3363 2898 3461 2939 a'i-

1898 2986 1985 3032 tea
2017 2976 2320 3042 daemonas,
2373 2977 2502 3041 sed,
2550 2987 2610 3031 ut
2666 2993 2758 3048 par
2815 2985 2939 3041 est,
2988 2977 3163 3047 ipsum
3223 2974 3461 3030 universi

1900 3064 2067 3122 Deum
2101 3081 2195 3137 per
2215 3083 2357 3131 eum,
2391 3067 2482 3138 qui
2514 3067 2665 3121 ἰΙΙιιιιι
2696 3067 3018 3130 denuntiat,
3076 3067 3289 3138 hymnis
3327 3080 3463 3120 con-

1901 3158 2154 3214 celebret.
2180 3159 2304 3214 Haec
2334 3160 2424 3214 ubi
2453 3175 2512 3215 se
2547 3158 2817 3214 facturum
2848 3160 3092 3230 promisit
3126 3199 3141 3221 ,
3199 3167 3313 3211 tuin
3364 3155 3460 3210 ad-

1903 3251 2120 3305 modum
2145 3255 2531 3307 convenienter
2556 3260 2720 3322 atque
2763 3262 2886 3322 apte
2935 3251 3045 3320 jam
3078 3250 3201 3304 inde
3235 3249 3462 3317 imperat

1902 3343 2158 3399 Ecclesiae
2188 3359 2250 3398 ac
2293 3344 2409 3399 suis
2453 3344 2749 3408 fratribus,
2807 3351 2866 3396 ut
2920 3342 3136 3413 hymnis
3191 3339 3462 3394 celrbrcnt

1900 3434 2135 3499 Patrem,
2180 3435 2273 3489 ubi
2307 3435 2416 3488 ait:
2453 3454 2473 3485 ι
2515 3434 2619 3502 Qui
2671 3433 2874 3488 timetis
2908 3432 3215 3494 Dominum,
3249 3428 3464 3483 laudate

1901 3543 2044 3584 eum.
2102 3525 2272 3582 Omne
2321 3542 2504 3582 scinen
2543 3526 2734 3587 Jacob,
2771 3525 3065 3596 glorificale
3107 3539 3250 3579 cum.
3287 3521 3352 3574 Et
3397 3521 3465 3575 ti-

1901 3630 2083 3676 meant
2105 3619 2174 3673 ab
2195 3634 2260 3674 eo
2283 3633 2441 3673 omne
2466 3633 2651 3674 semen
2682 3616 2844 3672 Israel
2864 3656 2878 3678 ,
2905 3615 3159 3686 quoniam
3191 3627 3296 3666 non
3323 3625 3465 3680 spre-

1901 3713 1998 3775 vit,
2050 3726 2225 3781 neque
2272 3710 2499 3765 moleste
2547 3709 2669 3763 liilit
2695 3709 3129 3778 deprecationem
3174 3703 3465 3776 pauperis,

1905 3805 2066 3876 509
2108 3820 2283 3875 neque
2329 3804 2525 3858 avertit
2568 3804 2763 3859 faciem
2805 3817 3041 3886 summa
3084 3815 3205 3861 me,
3244 3807 3297 3854 et
3343 3811 3467 3850 cum

1903 3899 2196 3952 clamarem
2243 3895 2310 3950 ad
2341 3913 2464 3952 cum
2491 3937 2504 3962 ,
2539 3895 2814 3950 exaudivit
2848 3911 2952 3949 me.
2992 3912 3009 3944 ι
3041 3891 3250 3958 Quibus
3289 3887 3469 3944 verbis

1908 3991 2067 4062 plane
2109 3991 2348 4046 ostendit
2389 4006 2448 4046 se
2493 3990 2562 4044 ab
2611 3989 2720 4044 illis
2767 4003 2889 4043 esse
2936 3987 3224 4041 liberatum
3278 3981 3468 4041 malis.

1909 4098 2027 4152 quin
2055 4083 2310 4152 superius
2340 4083 2483 4137 dicta
2515 4089 2664 4136 sunt.
2698 4080 2753 4135 Si
2787 4080 2928 4135 enim
2964 4094 3086 4132 cum
3116 4077 3373 4132 clamaret
3403 4070 3470 4126 ad

1907 4175 2092 4239 illum,
2125 4176 2196 4229 ab
2224 4176 2315 4230 illo
2349 4175 2638 4230 exauditus
2670 4185 2753 4228 est
2776 4215 2790 4239 ,
2839 4180 2892 4228 et
2933 4172 3178 4225 clamans
3218 4173 3473 4238 precatus

1908 4275 2023 4330 est,
2057 4275 2115 4321 ut
2143 4269 2377 4338 eriperet
2409 4283 2438 4319 a
2475 4265 2678 4320 framea
2709 4264 2927 4334 quidem
2959 4263 3193 4318 animam
3224 4273 3408 4321 suam,
3441 4272 3472 4310 a

1909 4374 2045 4414 cane
2084 4368 2262 4412 autem
2310 4358 2522 4412 unicam
2570 4372 2723 4412 suam
2749 4396 2763 4418 ,
2800 4371 2900 4410 nec
2942 4370 3048 4409 non
3082 4355 3150 4408 ab
3182 4369 3274 4406 ore
3304 4351 3474 4405 leonis

1910 4458 1963 4506 et
2005 4465 2034 4503 a
2081 4449 2340 4504 cornibus
2381 4449 2726 4502 unicornium
2770 4446 3128 4501 humilitatem
3163 4457 3352 4504 suam.
3383 4455 3475 4495 se-

237 4539 286 4589 εἰ
315 4534 473 4588 ὢδινε
500 4539 568 4607 γῆ
595 4539 651 4590 ἐν
693 4538 872 4611 ἡμέρᾳ
907 4541 1024 4611 μιᾷ,
1060 4541 1155 4594 καὶ
1187 4541 1233 4592 εί
1267 4540 1457 4610 ἐτέχθη
1494 4538 1642 4603 ἐθνος
1699 4541 1797 4592 είσ-

1914 4543 2100 4610 quitur
2132 4550 2186 4596 ut
2231 4540 2594 4611 intelligamus
2626 4539 2775 4592 illum
2810 4536 3183 4591 liberationem
3215 4549 3244 4586 a
3276 4531 3475 4585 talibus

239 4625 408 4695 ἀπαξ.
447 4647 467 4678 ι
497 4629 681 4684 Ταῦτα
705 4632 800 4701 μὲν
829 4627 922 4685 οὖν
953 4633 1133 4702 ἡμεῖς,
1161 4633 1244 4700 ἐφ’
1270 4631 1434 4704 ἕτερα
1465 4630 1806 4684 συνελαύνον-

235 4736 330 4785 τος
359 4721 455 4774 τοῦ
499 4722 715 4794 καιροῦ,
761 4724 1144 4797 διαδραμόντες
1197 4723 1501 4796 ἀκροθιγῶς
1545 4723 1812 4796 διεξήλθο-

239 4829 363 4883 μεν,
399 4813 506 4885 ὅτῳ
543 4814 588 4867 δ’
623 4814 687 4868 ἂν
716 4815 864 4886 μέλοι
902 4815 1002 4885 τῆς
1027 4815 1120 4868 τοῦ
1169 4816 1417 4887 Σωτῆρος
1448 4817 1479 4885 ἡ
1490 4815 1604 4885 μῶν
1634 4832 1811 4886 παρα-

236 4904 558 4969 κελεύσεως,
591 4905 883 4977 [φήσαντος
907 4925 921 4938 ·
960 4927 976 4958 ι
1025 4908 1310 4978 Ἐρευνᾶτε
1346 4908 1444 4970 τὰς
1471 4908 1690 4979 Γραῳάς
1711 4925 1722 4938 ο
1752 4910 1809 4961 ἐν

236 4991 328 5059 αἷς
359 4996 567 5050 δοκεῖτε
607 4995 752 5069 ζωὴν
796 4997 1013 5051 αἰώνιον
1048 4997 1210 5068 ἔχειν,
1241 4999 1334 5052 καὶ
1380 4999 1537 5051 αύταί
1579 5000 1715 5051 εἰσιν
1753 5000 1808 5051 αἱ

239 5090 618 5163 μαρτυροῦσαι
661 5091 787 5162 περι
833 5089 985 5162 ἐμοῦ.
1033 5110 1050 5142 ι
1100 5091 1334 5161 Ἐκάστῃ
1367 5089 1511 5154 λέξει
1543 5089 1636 5144 τοῦ
1678 5089 1812 5160 ψαλ-

239 5179 344 5252 μοῦ
376 5181 470 5234 τὸν
501 5182 627 5236 νοῦν
647 5182 974 5254 ἐμϐαθύνας,
1002 5182 1100 5253 τὴν
1127 5182 1326 5253 ἀκριϐῆ
1355 5182 1593 5235 διάνοιαν
1623 5182 1813 5256 θηρεύ-

239 5288 330 5324 σαι
364 5272 430 5326 ἂν
453 5275 552 5344 τῆς
573 5277 632 5327 ἐν
663 5279 775 5338 τοῖς
806 5276 1114 5348 εἰρημένοις
1143 5275 1398 5346 ἀληθείας
1430 5274 1555 5347 (1).]

1912 4632 2072 4685 malis
2101 4637 2454 4685 consecutum
2478 4669 2493 4693 ,
2528 4628 2728 4698 quippe
2767 4627 2858 4697 qui
2897 4624 3132 4685 dixerit,
3168 4622 3335 4677 Deum
3369 4636 3476 4674 non

1913 4725 2141 4778 moleste
2163 4723 2356 4777 tulisse
2383 4721 2819 4792 deprecationem
2851 4733 3040 4780 suam,
3075 4729 3251 4784 neque
3282 4711 3476 4766 faciem

1911 4832 2064 4873 suam
2095 4819 2360 4872 avertisse
2382 4816 2450 4869 ab
2477 4815 2617 4884 ipso,
2641 4813 2736 4870 sed
2761 4813 3085 4866 clamantem
3113 4809 3290 4879 ipsum
3315 4819 3477 4861 exau-

1915 4909 2135 4964 divisse.
2181 4908 2450 4975 Quocirca
2480 4908 2652 4962 eidem
2683 4907 2748 4961 de
2780 4904 2944 4960 tantis
2976 4903 3134 4957 malis
3175 4908 3392 4971 erepto,
3427 4904 3478 4952 ct

1917 5001 2018 5072 ipsi
2059 5000 2126 5056 de
2168 5010 2342 5055 morte
2383 4999 2569 5070 elapso
2599 4997 2814 5065 abunde
2841 4996 3108 5065 contingit
3140 5008 3245 5047 uua
3271 4987 3478 5044 versari

1917 5106 1980 5147 ac
2008 5092 2203 5160 degere
2229 5107 2352 5145 cum
2386 5091 2501 5147 suis
2529 5095 2582 5146 et
2606 5089 2892 5160 discipulis
2931 5098 2986 5144 et
3017 5087 3296 5145 fratribus,
3336 5089 3390 5136 ct
3424 5081 3479 5136 in

1917 5181 2094 5236 media
2120 5181 2362 5236 Ecclesia
2390 5190 2594 5250 patrem
2622 5182 2861 5235 laudare.
2891 5179 2996 5234 Sed
3019 5178 3238 5232 attende
3265 5187 3478 5236 rursus.

1920 5283 1980 5328 ut
2014 5289 2306 5344 pauperem
2341 5274 2579 5343 seipsum
2612 5275 2806 5328 iterum
2848 5279 3027 5334 vocat,
3075 5273 3130 5323 in
3158 5283 3224 5324 eo
3249 5280 3479 5322 concor—

240 5367 379 5422 dans
405 5382 530 5421 cum
559 5373 686 5422 ante
713 5367 976 5438 expositis
998 5368 1332 5439 pr0phetiis,
1361 5367 1418 5422 in
1478 5367 1681 5437 quibus
1735 5382 1940 5437 pauper
1986 5373 2040 5420 et
2085 5381 2290 5435 egenus
2329 5373 2414 5420 est
2460 5365 2814 5431 nominatus;
2859 5364 2954 5419 sed
2997 5363 3125 5433 quia
3187 5374 3347 5418 suum
3415 5355 3479 5410 ad

243 5463 406 5516 vitam
450 5462 686 5518 reditum
729 5464 782 5517 in
825 5463 912 5518 his
953 5462 1249 5529 indicavit,
1283 5479 1476 5519 rursus
1506 5477 1811 5519 sermonem
1853 5469 2179 5518 convertens
2211 5460 2278 5513 ad
2307 5459 2520 5515 Patrem
2544 5500 2558 5524 ,
2593 5479 2612 5512 ι
2643 5475 2673 5514 a
2701 5467 2788 5522 te,
2823 5457 3034 5529 inquit,
3099 5456 3220 5512 laus
3281 5465 3401 5509 mea
3427 5449 3481 5505 in

247 5555 488 5614 Ecclesia
522 5573 716 5628 magna
739 5599 755 5625 ,
782 5577 802 5610 υ
861 5559 916 5615 in
945 5559 1146 5630 quibus
1175 5576 1308 5617 sane
1337 5560 1520 5616 verbis
1579 5557 1882 5614 Ecclesiam
1922 5561 1978 5612 ιη
2011 5557 2233 5612 nomine
2264 5556 2440 5627 ipsius
2467 5571 2533 5610 ex
2563 5555 2815 5626 gentibus
2843 5553 3127 5608 collectam
3151 5590 3164 5615 ,
3199 5558 3254 5607 et
3281 5561 3336 5606 ιι
3365 5559 3476 5622 ως(

317 5715 358 5748 ⁸⁸
395 5712 584 5772 Matth.
621 5730 833 5780 xxvm,
866 5713 1010 5777 9,!0.
1090 5717 1133 5748 ¹⁹
1173 5713 1344 5771 Joan.
1372 5732 1478 5780 ιι,
1515 5714 1604 5769 17.

315 5837 393 5905 (1)
429 5836 600 5892 Uncis
641 5839 897 5894 conclusa
937 5837 1209 5908 supplevit
1252 5837 1554 5894 Fabricius.
1583 5835 1727 5892 Vide
1772 5833 2190 5890 Admonitionem
2243 5832 2397 5889 initio
2450 5828 2758 5886 voluminis.
