3938 6540
147 422 234 477 793
839 415 1483 474 DEMONSTRATIONIS
1509 415 1959 473 EV’ANGELICJE
2000 416 2254 472 FRAGM.
2301 417 2387 472 EX
2429 418 2556 475 LIB.
2598 417 2716 473 XV.

3259 417 3363 476 794

145 551 225 596 νας
249 535 303 586 ὲν
331 531 799 601 πεντεκαιδεκάτῳ
825 531 973 603 τόμῳ
1000 531 1096 602 τῆς
1110 531 1514 602 Εὑαγγελικῆς
1544 535 1688 588 Ἀπο-

1799 533 2268 586 Demoustrationis
2298 530 2626 603 Evangelicw
2654 532 2796 586 libro
2831 538 3071 587 exstant.
3092 531 3144 588 Is
3169 549 3360 605 nempe

141 625 362 689 δείξεως
380 640 394 653 ·
427 619 580 688 οὗτος
608 623 715 694 γὰρ
744 625 921 676 πᾶσαν
951 623 1237 694 ἐκθέμενος
1268 625 1365 695 τὴν
1387 626 1572 696 ὅρασιν
1601 625 1693 678 οῦ-

140 735 231 780 τως
281 715 448 785 φησί·
487 735 504 766 ι
558 715 822 786 Ἠγοῦμαι
866 715 1034 769 ταῦτα
1087 717 1247 787 μηδὲν
1291 718 1560 789 διαφέρειν
1599 719 1694 788 τῆς

141 808 402 878 προφήτου
447 803 711 877 θεωρίας·
753 807 827 869 ὡς
880 809 986 878 γὰρ
1023 810 1050 861 6
1094 810 1375 880 προφήτης
1426 809 1693 862 θάλασσαν

140 899 265 970 ἑώρα
295 898 560 969 μεγάλην,
583 898 754 962 οὕτως
770 901 797 952 6
820 898 884 967 βα
895 901 1068 963 σιλευς
1096 902 1276 955 εἰκόνα
1312 902 1509 972 πολλήν
1529 943 1541 955 .
1587 904 1693 956 Καὶ

139 989 279 1044 πάλιν
325 990 403 1053 ὡς
449 993 478 1042 6
529 993 811 1061 προφήτης
850 991 992 1063 ὲ.τ›ρα
1037 993 1076 1045 δ’
1123 993 1304 1065 θηρία,
1346 995 1484 1064 άπερ
1524 997 1693 1064 ἑρμη-

138 1081 286 1136 νεύων
326 1081 625 1152 μετέϐαλεν
663 1086 740 1146 εἰς
779 1083 818 1135 δ’
859 1083 1150 1152 βασιλείας,
1183 1084 1353 1148 οὕτως
1380 1087 1406 1137 ὁ
1445 1086 1692 1155 βασιλεὺς

139 1177 220 1239 τὰς
243 1176 327 1229 διὰ
347 1175 444 1227 τοῦ
477 1178 676 1247 χρυσοῦ
716 1178 807 1230 καὶ
837 1177 1074 1248 ἀργύρου
1106 1179 1197 1231 καὶ
1229 1177 1426 1247 χαλκοῦ
1470 1179 1560 1231 καὶ
1609 1196 1688 1231 σι-

139 1268 302 1338 δήρου,
327 1267 606 1339 τέσσαρας
637 1268 906 1337 βασιλείας
936 1270 1206 1339 ᾐνίττετο·
1256 1271 1349 1322 καὶ
1379 1267 1530 1334 αὖθις
1559 1272 1632 1334 ὡς
1661 1271 1689 1322 6

141 1362 406 1430 προφήτης
459 1361 566 1414 τῶν
615 1361 707 1413 τοῦ
755 1361 982 1413 ὑστάτου
1031 1360 1218 1432 θηρίου
1269 1363 1512 1433 κεράτων
1559 1363 1686 1416 δέκα

139 1450 375 1519 διαίρεσιν
397 1450 568 1520 ἐώρα,
603 1451 694 1503 καὶ
724 1450 849 1521 τρία
897 1450 1100 1520 κέρατα
1139 1450 1228 1518 ὑφ’
1261 1449 1375 1513 ἑνὸς
1416 1449 1689 1516 συντριϐό-

144 1560 282 1612 μενα·
324 1541 418 1593 καὶ
449 1544 478 1594 6
508 1540 756 1611 βασιλεὺς
798 1541 1056 1604 ὡσαύτως
1086 1541 1177 1592 ἐπὶ
1219 1540 1324 1592 τῶν
1370 1540 1688 1593 τελευταίων

140 1631 224 1700 τῆς
250 1630 459 1693 εἰκόνος
492 1630 654 1701 μέρος
683 1647 735 1681 τι
777 1628 1025 1700 σιδηροῦν
1066 1629 1156 1682 καὶ
1188 1629 1348 1698 μέρος
1375 1627 1690 1697 ὀστράκινον

141 1722 372 1793 ἐθεώρει*
409 1723 504 1775 καὶ
535 1723 626 1773 ἐπὶ
668 1720 892 1784 τούτοις,
920 1721 994 1782 ὡς
1030 1723 1058 1773 6
1100 1721 1384 1791 προφήτης
1421 1721 1557 1785 μετά
1589 1720 1688 1792 τὴν

139 1817 228 1868 τῶν
270 1814 552 1886 τεσσάρων
600 1812 882 1883 βασιλειῶν
918 1815 1104 1884 ὅρασιν
1141 1811 1286 1882 ἑώρα.
1325 1812 1436 1864 υἱὸν
1485 1812 1689 1884 ἀνθρὼ-

1795 630 2105 683 universnm
2176 629 2348 683 visum
2407 633 2686 699 explicans
2743 629 2824 684 sic
2875 629 2998 684 ait:
3038 649 3057 681 ι
3093 629 3359 688 Existimo

1795 720 1894 772 hoc
1921 722 2091 773 visum
2128 719 2346 773 minime.
2373 718 2590 773 diﬁ‘erre
2638 720 2707 774 ab
2753 719 2925 788 ipsius
2967 721 3241 789 propheta:
3278 721 3358 776 vi-

1794 815 1960 867 sione.
1999 811 2149 865 Slcut
2171 812 2311 864 enim
2341 813 2597 882 propheta
2629 811 2755 865 vidit
2799 828 2947 867 tuare
2982 814 3358 882 tuagnmu,sic

1793 919 1883 956 rex
1919 914 2186 972 ingentem
2223 912 2478 958 statuam.
2508 906 2823 973 Itur-susque
2856 914 2911 957 ιιι
2939 906 3195 973 propheta
3224 907 3358 960 vidit

1796 997 1936 1050 feras
1965 1007 2220 1064 quatuor,
2275 1012 2410 1063 quas
2449 997 2812 1066 interpretans
2841 997 2892 1050 in
2927 1007 3168 1064 quatuor
3193 1013 3356 1068 regna

1791 1091 2056 1140 convertit
2077 1104 2090 1150 ;
2111 1088 2179 1139 ita
2204 1102 2293 1142 rex
2315 1102 2468 1148 auro,
2491 1097 2734 1156 argento,
2754 1102 2860 1144 aere
2880 1097 2933 1139 et
2954 1088 3098 1141 ferro
3123 1099 3360 1156 quatuor

1792 1193 1954 1247 regna
2017 1179 2374 1247 signiﬁcabat.
2417 1177 2704 1246 Denuoque
2739 1187 2797 1230 ut
2854 1179 3112 1247 propheta
3169 1183 3224 1231 in
3259 1193 3357 1248 po-

1791 1277 1988 1320 strema
2022 1269 2195 1321 bellua
2225 1283 2428 1320 cornua
2461 1267 2645 1320 decem
2675 1267 2843 1321 divisa
2871 1268 3104 1330 videbat,
3142 1269 3360 1337 triaque

1792 1375 1992 1413 cornua
2036 1363 2103 1413 ah
2162 1375 2269 1414 uno
2303 1360 2565 1416 contrita:
2620 1361 2869 1414 similiter
2914 1375 3004 1414 rex
3056 1360 3108 1414 in
3160 1369 3362 1416 statim

1789 1439 2224 1508 extremitatibus
2293 1465 2500 1523 partem
2571 1452 2697 1506 ferri
2760 1452 2974 1505 videbat
3035 1461 3366 1522 partemque

1790 1553 1958 1598 testae.
1983 1546 2228 1613 Insuper,
2251 1554 2310 1597 ut
2344 1544 2600 1614 pri-pheta
2637 1552 2757 1614 post
2795 1553 3028 1614 quatuor
3065 1560 3361 1614 regnorum

1786 1635 2069 1694 visionem,
2105 1634 2270 1688 ﬁliuni
2303 1634 2539 1689 hominis
2571 1635 2778 1703 aSpexit
2804 1651 3014 1690 smmno
3043 1635 3266 1703 imperio
3287 1650 3358 1691 ac

1789 1735 2055 1797 potestate
2086 1742 2358 1796 regnoque
2393 1726 2718 1795 potientem;
2750 1727 2821 1778 ita
2847 1741 2940 1780 rex
2971 1725 3196 1794 lapidem
3233 1739 3354 1778 cer-

1790 1835 1917 1873 nere
1953 1819 2052 1872 sibi
2085 1818 2387 1879 videbatur,
2422 1817 2513 1886 qui
2557 1818 2864 1871 universam
2902 1823 3206 1870 contereret
3241 1826 3356 1870 sla-

143 1924 227 1958 πσυ
253 1907 346 1976 τὴν
377 1905 522 1958 κατά
563 1905 775 1957 πάντων
806 1905 975 1976 ἀρχὴν
1006 1905 1098 1957 καὶ
1136 1905 1381 1970 ἐξουσίαν
1410 1905 1501 1957 καὶ
1535 1904 1688 1973 βασι-

1791 1919 1936 1964 tuam
1976 1911 2230 1977 ﬁeretque
2261 1925 2417 1964 mons
2453 1925 2700 1979 magnus,
2727 1909 2798 1962 ita
2831 1916 2888 1963 ut
2917 1925 3062 1963 mare
3088 1909 3354 1978 opplerct.

141 1997 269 2050 λείαν
299 1996 672 2069 παρειληφότα
693 2013 704 2026 ·
737 1995 908 2059 οὕτως
945 1997 1034 2049 κού⁸
1059 1995 1086 2046 6
1117 1995 1364 2065 βασιλεὺς
1389 1995 1532 2048 λίθον
1566 2012 1690 2047 συν-

140 2095 370 2165 τιίδοντα
404 2095 506 2164 τὴν
538 2095 718 2147 εἰκόνα
767 2095 946 2145 πᾶσαν
990 2092 1082 2144 καὶ
1123 2091 1408 2161 γινομένην
1438 2092 1516 2149 εἰς
1563 2089 1690 2160 ὅρος

144 2186 264 2254 μέγα
303 2187 396 2239 καὶ
442 2185 679 2257 πληροῦν
709 2184 977 2236 θάλασσαν
1023 2182 1193 2234 ἐδόκει.
1225 2183 1385 2253 όρᾷνο
1419 2181 1509 2234 καὶ
1548 2181 1678 2233 εἰκόσ

141 2290 253 2336 τως·
286 2274 491 2344 ἔπρεπε
529 2273 636 2345 γὰρ
681 2273 756 2343 τῷ
796 2274 890 2343 μὲν
931 2272 1266 2342 ἡπατημένῳ
1308 2270 1435 2342 περὶ
1473 2271 1568 2341 τὴν
1594 2269 1687 2323 τοῦ

145 2359 240 2430 βίον
275 2362 571 2424 φαντασίαν
605 2361 828 2430 βασιλεῖ,
866 2362 958 2413 καὶ
1011 2359 1106 2430 τὴν
1141 2360 1247 2413 τῶν
1292 2359 1559 2429 αἰσθητῶν
1601 2355 1688 2413 οἷα

142 2454 422 2524 χρωμάτων
450 2453 773 2525 ὡραιότητα.
809 2451 1116 2522 ἐπιγραφῆς
1163 2451 1524 2520 ἀνακειμένης
1562 2450 1690 2504 θαυ-

147 2544 361 2614 μάζοντι,
396 2545 565 2598 εἰκόνι
595 2543 799 2614 μεγάλῃ
841 2543 932 2595 τὸν
967 2541 1177 2595 πάντων
1207 2540 1503 2612 ἀνθρώπιον
1534 2543 1689 2594 ἀπει-

143 2635 304 2700 κὰζειν
334 2637 448 2706 βίον
467 2654 480 2666 ο
512 2636 604 2687 τὸν
631 2635 684 2686 δὲ
714 2634 1018 2704 προφήτην.
1062 2633 1150 2684 τδν
1182 2632 1344 2685 πολὺν
1383 2633 1474 2684 καὶ
1519 2633 1687 2703 μέγαν

145 2731 279 2788 σάλον
328 2728 424 2782 τοῦ
470 2728 584 2798 βίου
627 2727 835 2800 μεγάλῃ
880 2727 1121 2798 θαλάσσῃ
1153 2726 1547 2798 παραϐάλλειν·
1597 2727 1688 2780 καὶ

143 2821 206 2890 τῷ
230 2823 316 2892 μὲν
349 2821 578 2891 βασιλεῖ,
606 2820 703 2882 τὰς
733 2819 881 2890 παρὰ
897 2818 1198 2889 ἀνθρώποις
1227 2819 1530 2881 πολυτελεῖς
1559 2819 1689 2884 ὔλας

144 2912 318 2981 χρυσοῦ
359 2913 452 2964 καὶ
485 2908 722 2982 ἀργύρου
761 2908 961 2979 χαλκοῦ
990 2927 1047 2961 τε
1080 2909 1173 2961 καὶ
1216 2909 1434 2979 σιδήρου
1478 2908 1687 2979 θαυμά-

144 3001 285 3066 ζοντι,
311 3006 410 3067 τὰς
451 3003 592 3056 κατά
622 3003 843 3073 χρόνους
885 3003 940 3053 ὲν
981 3001 1058 3071 τῷ
1107 2999 1204 3071 βίῳ
1250 3001 1356 3053 τῶν
1391 2999 1688 3073 ἀνθρώπων

144 3097 431 3166 ὲπικρατεῖς
463 3094 758 3166 βασιλείας,
784 3093 1002 3155 ταύταις
1038 3091 1328 3163 ἀφομοιοῦν
1354 3094 1470 3155 ταῖς
1499 3091 1649 3155 ὕλαις
1673 3109 1694 3122 ’-

141 3187 208 3256 τῷ
222 3188 271 3239 δὲ
301 3189 550 3260 προφήτῃ
595 3187 652 3238 ὲν
698 3187 931 3256 μορφαῖς
962 3183 1163 3254 θηρίων
1193 3183 1291 3247 τὰς
1333 3184 1502 3247 αὐτὰς
1533 3183 1688 3253 βασι-

141 3279 268 3344 λείας
287 3280 629 3350 καταλλήλως
653 3279 728 3350 τῷ
744 3279 841 3348 τῆς
866 3278 1038 3350 ἀρχῆς
1062 3277 1244 3348 τρόπῳ
1258 3277 1649 3348 διαγράφεσθαι
1669 3295 1681 3306 ·

144 3374 220 3424 καὶ
249 3373 402 3426 πάλιν
427 3372 503 3442 τῷ
536 3373 633 3442 μὲν
669 3371 874 3442 βασιλεῖ
903 3371 1064 3440 μέγα,
1097 3372 1172 3430 ὼς
1206 3370 1367 3433 εἰκὸς,
1398 3371 1480 3438 ἐφ’
1511 3369 1686 3440 ἐαυτῷ

145 3465 422 3534 φρονοῦντι,
467 3466 560 3518 καί
581 3463 1019 3532 ἀλαζονευομένῳ
1061 3463 1152 3514 ἐπὶ
1182 3465 1246 3532 τῇ
1276 3462 1382 3514 τῶν
1412 3461 1687 3532 προγόνων

146 3556 383 3629 βασιλεία,
409 3563 440 3630 ἡ
473 3559 582 3611 τῶν
613 3557 949 3628 πραγμάτων
981 3554 1244 3626 μεταϐολὴ
1276 3554 1563 3614 δείκνυται,
1595 3553 1687 3605 καὶ

143 3647 231 3701 τῶν
254 3652 342 3704 ἐπὶ
375 3651 478 3721 γῆς
511 3650 792 3720 βασιλειῶν
821 3650 880 3702 τὸ
907 3648 1056 3710 τέλος
1079 3665 1090 3676 ·
1133 3649 1213 3710 εἰς
1255 3645 1565 3717 καθαίρεσιν
1592 3645 1684 3698 τοῦ

144 3739 191 3792 ὲν
213 3742 350 3812 αύτῷ
367 3742 556 3810 τύφου,
589 3743 682 3795 καὶ
719 3743 797 3804 εἰς
824 3740 883 3793 τὸ
913 3739 1076 3810 μηδὲν
1104 3736 1352 3808 ἡγεῖσθαι
1395 3735 1604 3805 βέϐαιον
1627 3734 1688 3788 τὸ

145 3833 191 3884 ὲν
214 3835 527 3907 ἀνθρώποις,
561 3835 593 3906 ἢ
625 3836 781 3906 μόνον
812 3832 872 3885 τὸ
912 3832 1003 3884 ἐπὶ
1037 3832 1250 3884 πάντων
1284 3828 1433 3892 τέλος
1459 3829 1558 3898 τῆς
1594 3828 1686 3881 τοῦ

144 3927 256 3982 Θεοῦ
281 3931 580 4000 βασιλείας’
614 3927 829 3980 ἔσεσθαι
860 3924 967 3996 γὰρ
1003 3921 1136 3994 μετὰ
1178 3921 1274 3993 τὴν
1300 3919 1521 3992 πρώτην
1565 3921 1685 3972 Ἀσ-

147 4023 319 4092 σνρίων
355 4023 550 4094 ἀρχὴν,
595 4021 660 4091 ἦν
703 4021 729 4071 6
773 4017 968 4089 χρυσὸς
1014 4015 1248 4086 ᾐνίξατο,
1293 4012 1548 4084 δευτέραν
1589 4013 1686 4085 τὴν

144 4111 234 4163 τῶν
275 4114 518 4184 Περσῶν,
567 4112 666 4182 τὴν
709 4108 798 4163 διὰ
851 4103 946 4159 τοῦ
999 4105 1235 4177 ἀργύρου
1285 4103 1682 4176 δεδηλωμένην·

145 4200 302 4259 ἔπειτα
324 4205 508 4277 τρίτην
535 4204 634 4273 τὴν
666 4199 1004 4262 Μακεδόνων,
1033 4199 1098 4269 ἣν
1127 4198 1154 4249 6
1183 4196 1379 4266 χαλκὸς
1408 4197 1503 4266 ὲσή
1516 4213 1649 4266 μανε
1671 4212 1684 4225 ο

148 4293 245 4360 μεθ’
285 4297 347 4365 ἣν
377 4295 644 4367 τετὸρτην
679 4293 1018 4357 διαδέξασθαι
1067 4291 1173 4342 τῶν
1213 4289 1516 4359 Ῥωμαίων,
1557 4305 1690 4359 κρα-

145 4384 414 4454 ταιωτέραν
439 4380 608 4436 οὖσαν
629 4383 736 4435 τῶν
761 4382 865 4454 πρὸ
889 4381 1053 4450 αὐτῆς
1072 4397 1084 4408 ·
1112 4377 1191 4431 διο
1225 4380 1316 4430 καὶ
1354 4377 1554 4448 σιδήρῳ
1595 4393 1692 4429 πα-

147 4475 434 4544 ρεϐάλλετο·
462 4478 643 4548 εἴρητο
674 4474 800 4543 γοῦν
825 4474 915 4526 καὶ
942 4471 1067 4542 περὶ
1095 4469 1283 4539 αὐτῆς.
1308 4470 1416 4521 Καὶ
1450 4467 1689 4539 βασιλεία

1788 2004 1924 2072 Apte
1972 2002 2022 2054 id
2062 2000 2298 2073 quidem.
2330 2001 2439 2056 Rex
2490 2004 2708 2070 quippe.
2761 2001 2886 2055 vitae
2918 2001 3054 2056 fastu
3087 2001 3350 2064 irretitus,

1790 2096 2230 2164 sensibiliumque
2259 2109 2435 2148 rerum
2489 2093 2940 2163 pulchritudinem
2972 2101 3224 2162 tauquam
3257 2107 3352 2148 c0-

1790 2185 1977 2240 loriam
2013 2187 2248 2241 tabulam
2291 2185 2462 2238 titulis
2493 2184 2688 2252 adjecti
2760 2185 2996 2245 mirans,
3053 2199 3350 2253 congruum

1788 2287 1923 2336 erat,
1958 2285 2013 2330 ut
2043 2293 2249 2347 magnae
2283 2286 2476 2332 statum
2508 2285 2828 2330 cuni-torum
2875 2276 3150 2329 hominum
3189 2277 3350 2328 vitam

1789 2379 2128 2438 compararet
2173 2389 2185 2424 :
2232 2369 2548 2438 prophetam
2598 2376 2776 2421 autem
2833 2368 3088 2427 deceLat,
3129 2368 3351 2421 multam

1791 2462 1929 2516 hanc
1969 2471 2021 2515 et
2047 2477 2292 2531 magnam
2325 2463 2448 2516 vitae
2492 2459 2920 2520 ﬂuctuationem,
2978 2459 3085 2511 lato
3118 2461 3248 2510 mari
3279 2461 3354 2514 si-

1791 2553 1967 2606 milem
1993 2553 2188 2607 dicere.
2223 2551 2445 2623 Regem,
2476 2552 2719 2621 inquam,
2754 2566 2852 2620 par
2887 2562 3000 2604 erat
3035 2550 3268 2619 pretiosa
3298 2549 3352 2603 in

1789 2641 2064 2694 hominum
2101 2642 2454 2695 a:stimatione
2478 2641 2689 2694 metalla
2709 2657 2923 2704 aurum,
2952 2650 3260 2706 argentum,
3279 2655 3354 2694 :es

1791 2731 2099 2800 ferrumque
2125 2733 2530 2801 suspicieulem.
2570 2735 2818 2785 conferre
2845 2747 2964 2783 cum
2995 2731 3078 2783 his
3114 2731 3354 2786 materiis

1789 2834 2142 2896 prmpoteutes
2197 2825 2357 2877 rariis
2411 2826 2746 2893 temporibus
2790 2823 2928 2875 inter
2973 2823 3218 2876 homines
3255 2821 3355 2893 dy-

1787 2916 2039 2968 nastias:
2089 2915 2406 2984 prophetam
2454 2929 2583 2968 vero
2634 2929 2737 2966 nou
2786 2912 3056 2975 dedecuit,
3119 2913 3354 2965 ferarum

1791 3006 1975 3076 ﬁguris
2003 3006 2189 3060 eadem
2243 3019 2404 3074 regna
2439 3005 2748 3074 designare.
2791 3011 3154 3072 congruenter
3198 3003 3359 3057 nimi-

1789 3115 1908 3153 rum
1936 3099 2283 3168 imperiorum
2333 3098 2596 3152 moribus.
2632 3096 2869 3166 Denique
2900 3097 3032 3166 regi,
3067 3108 3119 3149 ut
3155 3095 3231 3160 ﬁt,
3263 3109 3358 3149 su-

1794 3191 1956 3261 perbo
2001 3200 2054 3245 et
2098 3190 2362 3258 majorum
2422 3204 2645 3242 suormn
2709 3189 2922 3241 diutina
2985 3185 3361 3241 dominatione

1787 3285 1962 3347 elato,
2011 3297 2190 3338 rerum
2248 3281 2533 3335 conversio
2577 3281 2909 3340 ostenditur,
2961 3285 3362 3349 regnorumque

1789 3375 2128 3428 terrestrium
2165 3372 2289 3426 ﬁnis
2318 3387 2330 3421 :
2361 3371 2569 3424 scilicet
2609 3371 2677 3423 ob
2701 3370 2818 3438 ejus
2849 3369 3014 3421 animi
3061 3369 3357 3421 curandam

1787 3442 2170 3523 tumiditatem,
2203 3472 2364 3532 atque
2397 3472 2453 3515 ut
2488 3462 2533 3516 is
2561 3461 2691 3514 nihil
2729 3462 2782 3513 in
2818 3460 3131 3513 hominibus
3161 3459 3358 3513 stabile

1783 3557 2071 3626 judicaret,
2105 3566 2297 3625 praeter
2323 3554 2489 3609 divini
2522 3567 2685 3622 Super
2716 3567 2905 3606 omnes
2928 3551 3182 3605 mortales
3207 3549 3357 3618 regni

1787 3649 2330 3704 consummationem.
2369 3645 2501 3699 Nam
2542 3646 2769 3714 primam
2801 3645 3148 3714 Assiriorum
3181 3641 3339 3695 dumi-

1788 3742 2086 3800 nationem.
2129 3755 2290 3810 quam
2336 3754 2528 3793 aurum
2569 3736 2947 3808 portendebat,
3000 3742 3356 3804 excepturum

1787 3843 1902 3889 erat
1934 3835 2175 3888 secundo
2205 3834 2324 3886 loco
2357 3832 2642 3886 Persarum
2675 3829 2962 3898 imperium
3014 3833 3238 3894 argento
3266 3823 3355 3878 de-

1788 3934 2173 3981 monstratum.
2209 3923 2413 3979 Deinde
2455 3923 2674 3976 tertium
2724 3919 3078 3973 Macedonum
3109 3929 3358 3984 regnum,

1789 4018 1931 4090 quod
1986 4033 2091 4073 aere
2136 4016 2564 4086 signiﬁcabatur.
2622 4008 2751 4065 Post
2800 4009 2942 4081 quod
2995 4008 3358 4061 Roizanorum

1789 4119 2063 4181 quartum,
2103 4109 2315 4163 caeteris
2341 4122 2460 4176 qua:
2497 4109 2890 4174 praecesserant
2922 4100 3116 4154 fortius
3146 4118 3159 4153 :
3193 4111 3363 4166 quare

1788 4215 1837 4258 et
1886 4202 2029 4256 ferro
2087 4207 2434 4269 comparatur
2491 4197 2801 4264 diciturqtte
2839 4193 2904 4247 de
2945 4208 3009 4246 eo
3053 4197 3360 4260 :quartum

1789 4291 1893 4345 erit
1924 4305 2147 4360 regnum
2179 4288 2416 4341 validum
2454 4283 2581 4339 ferri
2618 4285 2810 4337 instar.
2845 4281 2922 4335 Ac
2967 4280 3130 4333 veluti
3159 4279 3361 4331 ferrum

1791 4369 1970 4433 omnia
2009 4387 2266 4434 extenuat
2310 4378 2626 4444 douiatque,
2668 4375 2740 4426 ita
2785 4374 2888 4426 hoc
2927 4386 3150 4442 regnum
3181 4368 3362 4422 omnia

1792 4474 2251 4527 comminutnruin
2288 4485 2350 4523 ac
2381 4469 2822 4536 subjugatnrnm.
2864 4463 2994 4517 Post
3041 4462 3154 4515 haec
3183 4459 3364 4513 omnia

147 4569 346 4651 τετάρτη
380 4569 526 4622 ἔσται
579 4566 772 4638 ισχυρὰ
819 4567 893 4628 ὼς
938 4563 1182 4633 σίδηρος⁶
1233 4561 1289 4614 ὃν
1321 4561 1517 4632 τρόπον
1545 4561 1572 4612 6
1609 4559 1688 4612 σί-

1793 4567 1886 4620 Dei
1934 4579 2156 4635 regnum
2203 4563 2255 4616 in
2309 4561 2483 4631 lapide
2535 4569 2700 4613 totam
2761 4565 2995 4611 statuam
3052 4558 3365 4609 conterente

144 4653 280 4728 δηρος
312 4660 558 4713 λεπτύνει
605 4660 698 4712 καὶ
748 4656 979 4727 δαμάζει
1031 4656 1242 4716 πάντα,
1285 4653 1456 4716 οὕτως
1514 4653 1690 4707 πάντα

145 4746 366 4806 λεπτυνεῖ
395 4755 486 4807 καὶ
520 4752 753 4822 δαμάσει
773 4767 785 4780 ·
818 4750 911 4802 καὶ
943 4748 1079 4819 μετά
1105 4746 1202 4809 τὰς
1225 4746 1518 4817 εἰρημένας
1545 4745 1690 4798 ἀπά-

147 4857 243 4906 σας,
265 4844 356 4916 τὴν
377 4845 469 4898 τοῦ
493 4843 626 4897 Θεοῦ
659 4842 952 4914 βασιλείαν,
971 4841 1058 4893 διὰ
1084 4839 1176 4892 τοῦ
1197 4837 1566 4909 συντρίϐοντος
1592 4837 1690 4909 τὴν

147 4937 297 4989 πᾶσαν
323 4937 502 4991 εἰκόνα
541 4936 688 4989 λίθου
738 4931 1144 5003 παρισταμένην
1168 4945 1180 4960 ⁸
1220 4930 1313 4983 καὶ
1348 4931 1375 4982 6
1407 4930 1692 5000 προφήτης

146 5027 316 5081 τούτων
347 5028 670 5090 ἀκολούθως,
703 5026 800 5096 τὴν
836 5025 928 5077 ἐπὶ
952 5023 1092 5077 τέλει
1128 5021 1236 5073 τῶν
1265 5021 1397 5074 ὅλων
1428 5019 1559 5072 Θεοῦ
1585 5018 1689 5088 βα-

149 5119 338 5180 σιλείαν,
367 5123 426 5174 ού
457 5121 718 5191 πρότερον
744 5117 953 5188 θεωρεῖ,
983 5115 1014 5186 ἦ
1047 5117 1144 5178 τάς
1173 5113 1462 5183 εἰρημένας
1491 5112 1686 5164 τέσσα-

151 5227 225 5280 ρας
247 5213 550 5277 δυναστείας
576 5211 871 5283 διαγράψαι
916 5209 1004 5262 τὸν
1033 5207 1206 5276 λόγον.
1230 5206 1329 5259 Διά
1355 5205 1460 5258 τῶν
1497 5205 1688 5258 τεσσά-

150 5321 236 5374 ρων
259 5310 423 5379 μόνων
449 5309 542 5362 καὶ
565 5307 683 5360 οὐδὲ
721 5305 918 5375 ἐτέρων
947 5301 1185 5373 ἡγοῦμαι
1215 5300 1313 5363 τὰς
1348 5300 1563 5369 ὁράσεις
1593 5298 1687 5350 καὶ

146 5396 210 5467 τῷ
234 5399 426 5468 βασιλεῖ
447 5401 541 5454 καὶ
565 5398 644 5468 τῷ
672 5397 923 5468 προφήτῃ
951 5389 1233 5460 δεδεῖχθαι,
1265 5390 1350 5442 διὰ
1374 5390 1436 5442 τὸ
1463 5388 1688 5451 ταύταις

149 5493 585 5564 κατώουλωθῆναι
641 5493 702 5543 τὸ
768 5488 1033 5542 Ἰουδαίων
1084 5486 1235 5552 ἔθνος
1278 5483 1387 5541 ἀπὸ
1433 5482 1540 5537 τῶν
1591 5479 1686 5536 τοῦ

149 5584 393 5654 προφήτου
418 5581 645 5654 χρόνων.
692 5598 711 5630 ι

1794 4671 2086 4727 agnoscere
2111 4662 2212 4708 est.
2239 4651 2376 4705 Tum
2409 4661 2461 4704 et
2495 4650 2753 4719 propheta
2781 4648 2866 4700 his
2896 4660 3227 4703 consonans.
3251 4642 3365 4696 ιιιιί-

1791 4748 2002 4803 versale
2038 4745 2126 4798 Dei
2170 4754 2454 4815 postremo
2492 4743 2610 4794 loco
2666 4742 2903 4803 futurum
2953 4754 3180 4808 regnum
3224 4732 3366 4789 hara!

1793 4847 1918 4893 ante
1937 4838 2100 4900 videt,
2120 4851 2281 4906 quam
2308 4834 2578 4904 praedicta
2597 4842 2829 4902 quatuor
2846 4830 3110 4901 dynastize
3130 4835 3367 4898 quatuor

1790 4931 2088 4986 belluarum
2119 4932 2304 5001 tigni-is
2334 4942 2603 4997 expressa:
2628 4942 2678 4979 ιιι
2715 4939 2964 4979 sermone
2998 4924 3229 4977 fuerunt.
3263 4918 3354 4974 Ho-

1791 5041 1909 5078 rum
1928 5039 2056 5092 ergo
2069 5033 2302 5092 quatuor
2314 5035 2600 5091 regnorum
2621 5016 3013 5076 tantummodo,
3037 5021 3089 5066 et
3112 5029 3216 5065 non
3235 5011 3366 5062 alio-

1796 5133 1936 5175 rum,
1972 5117 2210 5168 arbitror
2239 5114 2604 5168 visionestuui
2635 5109 2744 5176 regi
2780 5118 2889 5160 tum
2919 5106 3190 5176 prepfietm
3215 5101 3368 5152 obla-

1793 5217 1878 5262 tas
1913 5206 2100 5269 fuisse,
2133 5206 2258 5275 quia
2311 5204 2566 5257 nimirum
2599 5201 2666 5254 ab
2717 5200 2802 5252 his
2841 5197 3020 5265 regnis
3051 5191 3366 5247 Judamrum

1795 5301 2027 5372 populus
2057 5299 2278 5354 servitio
2303 5297 2402 5350 fuit
2429 5308 2748 5366 Oppressus,
2785 5298 2944 5359 capto
2973 5302 3003 5341 a
3029 5281 3367 5355 temporibus

1793 5391 2068 5463 propheta:
2097 5389 2271 5444 initio.
2301 5407 2319 5440 ι
