3938 6534
120 465 214 521 839

1239 457 1438 513 LIBER
1477 454 1753 512 CONTRA
1813 449 2229 508 HIEROCLEM.

3254 443 3362 501 8l0

120 581 212 650 ἄρα
241 573 402 644 φύσιν
431 572 738 646 ἀνθρώποις
773 572 1178 642 ἐπιλάμψασαν,
1211 572 1422 624 σκότιον
1455 587 1556 622 που
1589 569 1686 622 καὶ

1813 564 2080 619 alemfere
2112 562 2394 618 stabiliens
2411 568 2696 616 auctorum
2728 558 3088 614 memoriam:
3117 557 3363 614 divinam

121 666 448 741 μινυνθάδιον
479 665 764 718 ἀποτελεῖν
783 705 797 727 ,
831 665 952 735 ούχί
984 665 1037 718 δὲ
1069 666 1126 728 ἐς
1151 664 1322 718 αἰῶνα
1351 663 1448 735 τὴν
1481 661 1684 734 ἀρετὴν

119 758 540 821 ἐπιδείκνυσθαι,
580 759 654 830 μὴ
689 760 744 824 ἐς
783 759 879 812 ἕνα
907 759 1028 812 τινὰ
1063 759 1255 830 Δάμιν,
1293 758 1324 828 ἢ
1366 759 1458 811 καὶ
1491 755 1684 820 ἄλλους

119 856 326 926 βραχεῖς
379 851 767 922 πτωχεύουσαν
812 851 923 923 (46)
958 851 1066 904 τῶν
1104 849 1439 922 ἀνθρώπων,
1478 849 1592 903 ἀλλ’
1627 850 1686 911 ἐς

121 947 314 1023 μυρίων
347 947 488 998 ὅσων
525 945 794 1013 ὠφελείας
815 983 829 1008 ,
864 945 922 996 ού
962 942 1069 996 τῶν
1098 943 1218 998 καθ’
1252 936 1325 997 ὧν
1361 942 1686 1015 ὲγνωρίζετο

121 1040 296 1108 μόνον,
339 1036 478 1093 ἀλλὰ
511 1039 606 1090 καὶ
645 1037 752 1090 τῶν
790 1037 928 1107 μετὰ
969 1036 1142 1091 ταῦτα
1176 1037 1556 1107 γενησομένων
1587 1035 1685 1107 τὴν

121 1133 338 1205 πάροδον
370 1133 692 1204 ποιουμένη.
719 1131 904 1205 Ταύτῃ
926 1131 1102 1184 τοίνυν
1128 1131 1220 1184 καὶ
1252 1132 1376 1194 τοὺς
1406 1129 1572 1183 πάλαι
1595 1146 1688 1181 σο-

119 1225 234 1294 φοὺς
265 1224 518 1292 ζηλωτάς
550 1241 610 1276 τε
645 1223 740 1276 καὶ
772 1223 1048 1292 διαδόχους
1082 1220 1410 1290 ποιήσασθαι
1444 1219 1555 1291 (47)
1590 1219 1687 1290 τῆς

119 1314 330 1387 ἀρετῆς,
365 1315 630 1369 ἀθάνατον
679 1314 754 1378 ὡς
792 1313 1007 1384 ἀληθῶς
1056 1312 1362 1386 ἀνθρώποις
1405 1328 1687 1384 παρεσχη-

122 1413 297 1481 μένους
343 1411 407 1464 τὺ
453 1410 800 1481 κατόρθωμα.
844 1410 907 1461 Εἰ
950 1409 1006 1460 δὲ
1049 1407 1249 1478 Θνητὴν
1276 1405 1322 1458 0‘
1353 1406 1689 1476 ὑπογράφεις

119 1502 322 1573 τάνδρὸς
356 1503 458 1572 τὴν
489 1501 682 1570 φύσιν,
711 1502 812 1571 ὅρα
858 1499 930 1571 μὴ
973 1498 1132 1551 πλέον
1171 1497 1203 1568 ἢ
1239 1497 1483 1568 προσῆκε
1517 1496 1689 1569 ταύτῃ

120 1595 487 1668 χαριζόμενος,
517 1595 672 1665 δίκην
699 1593 945 1656 ἀποίσεις
979 1590 1334 1663 παραλογίας.

639 1878 1039 1933 ΚΕΦΑΛΑΙΟΝ
1081 1876 1161 1932 H'.

1792 673 1921 713 vero
1953 665 2232 720 naturam,
2259 655 2511 710 homines
2549 654 2929 719 irradiantem,
2961 652 3248 708 admittere
3278 659 3364 708 te-

1793 753 2014 815 nebras,
2051 764 2354 819 parumque
2384 746 2687 801 durabilem
2728 761 2883 802 esse:
2927 761 3104 816 neque
3126 745 3180 800 in
3202 754 3364 801 aeter-

1793 860 1925 898 num
1979 842 2281 898 subsistere
2312 840 2591 902 virtutem,
2655 847 2969 894 contentam
3027 837 3273 902 minime,
3307 837 3366 893 in

1792 934 2072 989 Damidem
2133 933 2391 1002 aliquem,
2447 931 2694 1001 aliosque
2735 931 2915 986 brevis
2963 931 3060 985 aevi
3116 931 3367 987 homines

1794 1043 2087 1101 pauperem
2118 1025 2433 1081 exercuisse
2458 1025 2869 1086 liberalitatem,
2897 1025 2992 1080 sed
3027 1023 3084 1079 in
3118 1027 3368 1080 multitu-

1795 1117 1942 1173 dinis
1990 1118 2270 1173 hominum
2316 1117 2558 1182 inﬁnitae,
2593 1134 2702 1172 non
2739 1119 2858 1188 ejus
2882 1125 3093 1172 tantum
3123 1133 3233 1192 quo
3286 1120 3370 1176 in-

1795 1214 1992 1267 claruit
2012 1213 2334 1277 mvi,verum
2364 1213 2526 1268 etiam
2548 1213 2774 1282 posthac
2804 1214 3196 1269 exstiturorum
3218 1229 3373 1269 emo-

1796 1304 2096 1360 lumentum
2134 1302 2557 1358 redundantem.
2591 1303 2755 1374 Atqui
2791 1319 2854 1358 ea
2899 1306 3112 1360 ratione
3158 1303 3368 1374 antiqui

1797 1397 2094 1467 sapientes,
2130 1397 2349 1451 virtutis
2404 1413 2517 1452 suae
2564 1397 2866 1454 imitatores
2909 1414 3372 1469 successoresque

1797 1487 1902 1542 sibi
1936 1496 2288 1557 paraverunt,
2321 1488 2632 1544 immortale
2663 1490 2905 1545 humano
2941 1493 3125 1562 generi
3157 1493 3372 1548 emolu-

1797 1594 2039 1637 mentum
2069 1583 2561 1652 praabentes.Quod
2593 1585 2638 1639 si
2660 1587 2940 1642 mortalem
2963 1602 3093 1642 vero
3122 1595 3373 1650 naturam

1798 1674 2041 1729 ascribas
2082 1675 2220 1739 viro,
2276 1691 2407 1731 cave
2439 1692 2507 1731 ne
2534 1677 2657 1748 plus
2689 1694 2852 1748 quam
2883 1694 2946 1735 ea
2982 1677 3143 1746 ferat,
3178 1680 3252 1735 illi
3278 1681 3377 1736 tri-

1799 1766 1993 1833 buens,
2032 1777 2231 1838 praeter
2261 1769 2528 1846 rationem
2561 1769 2740 1840 egisse
2769 1772 3072 1826 accuseris.

2290 1880 2451 1951 516
2485 1879 2712 1935 CAPUT
2752 1877 2890 1933 vni.

191 1996 347 2051 Ἀλλὰ
384 1997 492 2068 μὴν
515 1994 765 2066 εἰσῆκται
799 1992 947 2064 αὑτῷ
979 1991 1119 2055 θεῖος
1151 1989 1458 2062 ἄνθρωπος,
1485 1989 1578 2042 καὶ
1605 1986 1696 2040 θα-

1869 1993 2033 2065 Atqui
2065 1995 2290 2051 omnino
2321 1997 2394 2050 ita
2425 1997 2493 2051 ab
2513 2014 2578 2053 eo
2597 2001 2775 2052 virum
2805 2004 3252 2067 repraesentatum
3274 1996 3377 2049 ha-

121 2088 319 2144 λαττίου
373 2088 625 2158 δαίμονος
662 2086 850 2158 σχῆμά
875 2102 932 2138 τε
967 2086 1062 2138 καὶ
1095 2085 1434 2156 προσωπεῖον
1461 2080 1572 2136 ἀπὸ
1600 2097 1696 2148 γε-

121 2187 300 2247 νέσεως
325 2180 759 2252 ἀναλαμϐάνων.
797 2177 1019 2251 κυούσῃ
1048 2177 1176 2248 γὰρ,
1206 2173 1280 2238 ὣς
1303 2191 1456 2246 φησι,
1501 2176 1567 2245 τῇ
1599 2174 1697 2225 αύ-

121 2277 198 2330 τοῦ
227 2276 400 2347 μητρὶ
437 2274 571 2344 (48),
594 2273 786 2343 φάσμα
817 2268 948 2344 ἦλθε
978 2268 1262 2324 Θαλαττίου
1288 2268 1542 2338 δαίμονος
1563 2265 1696 2336 (49),

123 2370 389 2440 Πρωτεὺς,
411 2369 439 2422 ὁ
472 2368 624 2440 παρὰ
653 2366 730 2438 τῷ
757 2367 978 2437 Ὁμήρῳ
1005 2363 1345 2429 ἐξαλλάττων
1369 2360 1502 2432 (50).
1536 2359 1598 2412 Ἠ
1618 2358 1696 2423 δὲ,

121 2462 253 2517 οὐδὲν
290 2460 568 2525 δείσασα,
597 2461 761 2532 ἤρετο
808 2457 970 2512 αὐτὸν
1015 2456 1068 2509 τί
1116 2456 1453 2526 ἀποκυήσοι;
1512 2453 1569 2504 Ὀ
1618 2450 1696 2515 δὲ,

132 2555 274 2626 Ἐμὲ,
308 2549 459 2608 εἷπε.
490 2555 562 2606 Σὺ
597 2553 653 2606 δὲ
693 2550 807 2614 τίς-ς
840 2550 1130 2620 εἰπούσης·
1162 2547 1420 2620 Πρωτεὺς
1443 2586 1457 2608 ,
1496 2544 1635 2615 ἔφη,
1670 2545 1700 2599 ὁ

125 2649 432 2716 Αἰγύπτιος.
475 2643 609 2699 Εἶτα
657 2645 714 2698 δὲ
749 2642 989 2713 λειμῶνά
1021 2659 1140 2695 τινα
1165 2681 1180 2704 ,
1217 2641 1312 2694 καὶ
1341 2639 1572 2702 κύκνους
1600 2636 1699 2708 τὴν

124 2746 346 2810 γυναῖκα.
419 2739 740 2814 μαιεύεσθαι
809 2737 1048 2810 γράφει,
1111 2733 1305 2788 ὁπόθεν
1364 2731 1495 2786 αὐτὸ
1552 2728 1698 2784 τοῦτ’

123 2835 310 2908 ὲλήφθη
347 2834 463 2907 (Si)
489 2833 564 2905 μὴ
599 2830 789 2886 εἰπών.
842 2829 916 2883 υύ
953 2828 1062 2900 γὰρ
1095 2826 1158 2898 δὴ
1219 2826 1314 2880 καὶ
1358 2823 1547 2878 τούτου
1594 2824 1700 2894 ὑφ-

123 2928 311 2999 ηγητὴν
347 2928 524 2997 Δάμιν
548 2924 639 2977 τὸν
678 2922 959 2992 Ἀσσύριον
986 2917 1500 2991 ὑπο-τράψεταε(52).
1540 2915 1699 2969 Ἀλλὰ

125 3021 203 3071 καὶ
233 3020 334 3072 οὐκ
392 3019 452 3080 ἐς
482 3016 691 3088 μακρὸν
723 3014 824 3084 τῆς
870 3013 1042 3083 αὐτῆς
1099 3012 1340 3082 ἱστορίας
1403 3008 1552 3079 αὐτῴ
1593 3009 1700 3063 Δά-

127 3113 244 3182 μιδι,
317 3105 412 3164 οἷα
443 3109 508 3181 δὴ
555 3108 707 3172 Θείας
752 3107 883 3161 ὅντα
926 3105 1170 3175 φύσεως,
1213 3104 1305 3157 τὸν
1347 3101 1700 3156 Ἀπολλώνιον

125 3203 341 3270 εἰσάγει,
379 3201 520 3254 αὐτὰ
554 3199 618 3270 δὴ
653 3197 827 3252 ταῦτα
859 3197 1083 3264 λέγοντα
1112 3211 1124 3224 ·
1164 3215 1183 3246 ι
1234 3191 1402 3262 Ἐἰ-ὼ,
1431 3188 1476 3247 ὦ
1498 3195 1697 3265 ἑταῖρε,

125 3294 295 3347 πασῶν
325 3292 442 3346 τῶν
472 3291 665 3362 φωνῶν
705 3289 959 3361 ξυνίημι,
994 3288 1178 3359 μαθὼν
1204 3288 1458 3359 οὐδεμίαν
1482 3303 1494 3316 ·
1532 3308 1549 3338 ι
1582 3288 1696 3353 καὶ,
1727 3327 1767 3384 C

129 3404 147 3436 ι
166 3386 248 3458 Μὴ
271 3386 596 3456 Θαυμάσῃς·
623 3378 739 3437 οἰδα
770 3382 879 3453 γὰρ
912 3383 1004 3436 καὶ
1031 3382 1067 3435 ἃ
1096 3380 1372 3448 σιωπῶσιν
1404 3381 1454 3433 οἰ
1483 3379 1697 3452 ἄνθρω-

126 3495 221 3532 ποι.
255 3501 278 3548 ρ
310 3479 425 3532 Καὶ
456 3477 620 3530 πάλιν
642 3478 698 3530 ἐν
727 3473 1052 3546 Ἀσκληπιοῦ
1083 3472 1390 3544 τιμώμενον
1425 3472 1536 3543 (55)
1563 3473 1698 3543 πρὸς

124 3571 205 3622 τοῦ
228 3571 506 3642 δαίμονος,
541 3569 634 3624 καὶ
664 3567 970 3640 πρόγνωσίν
1001 3564 1110 3638 (Si)
1140 3583 1260 3619 τινα
1292 3565 1386 3618 καὶ
1411 3564 1697 3618 ἀδίδακτον

126 3660 222 3731 (55)
262 3663 415 3732 ἔχειν
462 3661 530 3714 ἐκ
574 3659 781 3724 παιδὸς,
827 3656 1112 3731 κρείττονά
1142 3672 1202 3708 τε
1230 3655 1468 3724 ἀτεχνῶς
1497 3651 1699 3724 ἀνθρὼ-

187 3819 209 3852 ¹
244 3821 340 3874 lib.
377 3834 426 3876 ι.
461 3833 510 3870 c.
545 3817 600 3872 4.
679 3816 698 3846 ⁸
736 3816 828 3869 lih.
864 3829 914 3879 ι,
949 3830 999 3868 c.
1035 3813 1089 3868 5.
1168 3811 1189 3842 ⁵
1229 3812 1322 3867 lib.
1360 3825 1414 3875 ι,
1448 3825 1499 3864 c.
1537 3809 1621 3865 l9.

175 3977 280 4050 (46)
312 3977 415 4050 Μὴ
458 3978 526 4050 ἐς
575 3975 684 4029 ἕνα
730 3977 862 4028 τινὰ
893 3971 1073 4050 Δάμιν
1107 4011 1148 4025 ..
1174 4009 1189 4024 .
1242 3969 1694 4050 πτωχεύουᾳᾳν.

175 3992 280 4050 (4ο)
312 3992 415 4045 Μὴ
458 3994 526 4043 ες
575 3992 684 4029 ενα
730 3992 862 4028 τινα
893 3992 1073 4097 Διέΐιιν
1107 4011 1148 4025 ..
1174 4009 1189 4024 .
1242 3992 1694 4050 πτωχευουσριν.

127 4045 426 4120 Πτωχεύειν
459 4049 539 4110 εἰς
563 4063 683 4120 τινα
705 4053 792 4100 est
820 4059 942 4098 men
989 4045 1070 4098 ice
1100 4051 1154 4097 et
1186 4057 1375 4112 parum
1400 4040 1700 4095 liberaliter

129 4133 179 4190 se
223 4119 493 4175 adversus
542 4119 780 4190 aliquem
827 4130 1040 4190 gerere,
1094 4129 1253 4190 quem
1302 4127 1545 4190 sensum.
1575 4126 1700 4190 esse

163 4189 405 4252 hraseos,
450 4191 520 4245 ab
550 4181 793 4247 Acéiolo,
831 4181 894 4239 ut
933 4187 1100 4238 multa
1139 4186 1264 4248 alia,
1297 4198 1488 4252 parum
1532 4181 1698 4236 intel-

145 4269 284 4322 ectas,
324 4251 524 4330 linguze
556 4257 806 4326 analogia
838 4257 987 4330 satis
1013 4255 1213 4330 prodit.
1248 4251 1568 4330 Πτωχεῦσαι
1597 4267 1699 4330 au-

129 4337 222 4400 tem
255 4321 334 4384 ait
363 4321 686 4400 sapientiam
718 4321 1284 4400 Apollonii—divinam,
1311 4321 1543 4400 si_'_tanta_
1573 4321 1698 4393 qui-

129 4399 237 4454 dem
277 4395 466 4464 i‘uerit,
505 4415 651 4454 nunc
685 4395 866 4454 autem
897 4399 1043 4452 nulla
1074 4397 1194 4462 ejus
1232 4395 1468 4464 amplius
1496 4395 1580 4447 vis
1607 4410 1701 4448 su-

131 4474 330 4543 persit:
378 4473 524 4543 quod
567 4472 761 4541 exigua
804 4485 898 4543 res
921 4479 976 4524 et
1017 4467 1236 4543 indigna
1268 4465 1459 4543 divina
1499 4464 1701 4543 virtute

131 4535 412 4614 videaturf
435 4535 721 4614 pauculos
734 4542 998 4614 quosdam
1045 4535 1208 4614 unius
1237 4537 1414 4590 aetatis
1447 4535 1700 4614 homines

131 4612 354 4681 allicere,
401 4607 514 4667 imo
547 4628 614 4666 ne
657 4611 724 4665 ad
754 4607 938 4681 ἀκμήν
977 4610 1196 4679 quidem
1228 4622 1324 4681 eos
1361 4607 1698 4681 perducere;

1798 2085 2013 2150 bemus,
2059 2095 2118 2141 ut
2151 2088 2242 2158 qui
2285 2089 2454 2143 divini
2505 2093 2578 2144 sit
2627 2088 2882 2158 generis.
2944 2089 3140 2158 deique
3174 2087 3376 2142 marini

1798 2176 2032 2232 formam
2076 2187 2129 2234 et
2166 2181 2404 2251 speciem
2453 2181 2521 2234 ab
2554 2180 2690 2251 ipsis
2725 2181 3003 2237 natalibus
3054 2181 3296 2236 induerit
3328 2183 3374 2237 '.

1797 2271 1956 2327 Matri
2007 2273 2153 2327 enim
2185 2274 2327 2343 ejus,
2368 2283 2426 2328 ut
2461 2275 2558 2339 ait,
2591 2282 2835 2330 ventrem
2886 2273 3124 2340 ferenti,
3174 2273 3375 2328 marini

1798 2365 1892 2420 Dei
1925 2366 2106 2421 oblata
2147 2379 2232 2422 est
2259 2368 2492 2438 species,
2527 2367 2780 2433 Proteus,
2814 2369 3061 2438 inquam,
3091 2369 3233 2439 apud
3267 2367 3378 2424 llo-

1799 2473 2012 2512 merum
2064 2459 2201 2514 alias
2244 2459 2490 2529 aliasque
2540 2459 2740 2531 ﬁguras
2795 2461 3048 2517 induens.
3091 2459 3168 2514 Ea
3209 2476 3376 2527 vero.

1799 2550 1936 2605 nihil
1967 2551 2279 2620 perterrita,
2310 2552 2440 2622 quid
2463 2553 2708 2623 paritura
2733 2563 2880 2610 esset
2909 2569 3034 2608 eum
3070 2553 3377 2626 interroga-

1801 2645 1899 2698 vit.
1925 2643 1976 2698 ls
2001 2660 2155 2710 vero,
2191 2646 2296 2712 Me,
2331 2649 2638 2717 respondit,
2677 2647 2879 2718 ipsum.
2910 2646 3044 2713 Quis
3069 2654 3124 2700 tu
3160 2645 3381 2702 autem?

1800 2734 2174 2818 interrogante
2218 2755 2282 2794 ea
2328 2759 2340 2795 :
2376 2738 2628 2804 Proteus,
2690 2739 2781 2796 ille
2823 2739 3038 2810 inquit,
3082 2737 3376 2811 Egyptius

1804 2827 1995 2902 [sum].
2044 2830 2180 2886 Tum
2239 2843 2456 2902 pratum
2513 2833 2789 2904 quoddam
2820 2841 2875 2888 et
2903 2848 3109 2904 cycnos
3161 2833 3377 2888 mulieri

1802 2920 2176 2976 obstetriciam
2201 2939 2422 2993 operam
2460 2924 2783 2994 praestitisse
2822 2924 3074 2987 scribit'.
3109 2924 3254 2980 unde
3270 2923 3376 2982 hoc

1802 3009 1982 3080 ipsum
2014 3012 2396 3085 depromptum
2429 3018 2498 3072 sit
2533 3017 2684 3071 nullo
2739 3015 2884 3072 facto
2927 3016 3152 3072 indicio.
3184 3015 3372 3089 Neque

1801 3104 1948 3157 enim
1977 3102 2158 3178 [puto]
2185 3106 2353 3175 hujus
2388 3124 2607 3178 quoque
2640 3110 2719 3165 rei
2767 3117 3050 3164 auctorem
3090 3109 3378 3180 Assyrium

1805 3192 1998 3250 Damin
2027 3197 2307 3268 allegabit.
2343 3199 2414 3252 At
2441 3208 2495 3254 et
2525 3217 2634 3255 non
2679 3200 2852 3255 multo
2883 3209 3008 3272 post
3057 3201 3210 3254 initia
3263 3199 3384 3270 ejus

1803 3286 2070 3352 historiae,
2121 3290 2188 3344 ad
2231 3291 2408 3360 ipsum
2448 3291 2753 3355 Damidem,
2794 3293 2953 3362 quasi
2988 3292 3187 3347 divinae.
3214 3293 3386 3362 parti-

1805 3395 1935 3450 ceps
1985 3381 2058 3435 sit
2093 3389 2338 3446 natura},
2386 3384 2567 3440 hzecce
2603 3387 2767 3440 verba
2810 3385 3196 3456 Appollonium
3256 3399 3380 3455 pro.

1806 3472 2073 3528 ferentem
2105 3475 2359 3530 inducit‘
2397 3496 2409 3532 :
2456 3497 2474 3529 ι
2513 3477 2646 3549 Ego,
2687 3479 2884 3546 amice,
2909 3495 3102 3547 omnes
3137 3479 3384 3546 intelligo

1807 3567 2022 3636 linguas
2049 3607 2063 3630 ,
2109 3568 2233 3624 licet
2266 3570 2468 3626 nullam
2527 3573 2812 3628 didicerim
2849 3593 2861 3629 :
2919 3593 2938 3626 ι
2976 3575 3103 3629 item
3143 3589 3156 3626 :
3211 3593 3229 3624 ε
3267 3572 3387 3627 Noli

1807 3659 2016 3722 mirari,
2038 3674 2162 3713 nam
2176 3669 2229 3716 et
2245 3677 2366 3732 quae
2391 3664 2612 3719 silentio
2626 3665 2880 3722 homines
2897 3674 3174 3737 premunt,
3189 3666 3336 3721 novi.
3360 3683 3381 3719 ›

1805 3967 2088 4023 tinendum
2130 3975 2263 4040 puto
2309 3970 2453 4040 quod
2487 3970 2620 4028 editi
2667 3973 2960 4039 habebant,
2984 3973 3116 4028 nihil
3163 3989 3390 4034 necesse

1805 4041 1959 4113 enim
1973 4040 2036 4113 in
2071 4040 2138 4095 iis
2164 4048 2377 4113 mutare
2408 4043 2727 4113 quidquam.

1879 4110 1989 4188 (Δρ)
2005 4111 2334 4188 quando!)
2349 4110 2512 4188 ᾂιιῖμΖ
2523 4110 2827 4188 ἰγυπτίου
2841 4115 3094 4188 δαίμονος
3111 4116 3384 4188 legebatur

1807 4196 1896 4259 ap.
1925 4179 2191 4259 Philostr.
2226 4181 2334 4236 vid.
2361 4184 2397 4237 1.
2422 4179 2472 4239 (ι’.
2494 4179 2562 4259 U_t
2590 4179 2780 4259 nostro
2803 4179 3090 4259 Θαλαττίου
3107 4179 3389 4259 ρἆμονος,

1808 4251 1883 4306 ita
1914 4251 2083 4305 ἁλίοιο
2107 4253 2363 4323 γέροντος
2394 4256 2616 4310 nomine
2649 4256 2798 4310 venit
2829 4256 3064 4313 Homero
3087 4251 3282 4323 Odyss.
3326 4251 3390 4323 si,

1806 4338 1950 4399 v_ers.
1979 4315 2270 4399 3395,30}.
2305 4315 2458 4399 Adde
2485 4343 2628 4399 vers.
2666 4325 2791 4389 384,
2817 4328 2908 4382 ubi
2928 4328 3106 4399 γέρων
3154 4315 3301 4392 ἅλιος
3335 4315 3392 4383 et

1807 4394 2175 4456 Ποσειδάωνος
2202 4394 2458 4465 ὑποδμώς
2483 4396 2706 4451 dicitur.

2127 4466 2288 4532 παρὰ
2325 4482 2376 4518 τ.
2420 4466 2620 4536 Ὀμήρ.
2663 4467 3068 4532 ἐξαλλάττων.
3107 4467 3301 4539 Odyss.
3327 4473 3392 4532 Δ,

1808 4552 1952 4592 γεγε.
1982 4552 2108 4590 450.

1881 4606 1993 4674 (51)
2039 4605 2325 4676 Ἐλήφθη.
2356 4606 2772 4680 Μοιεεὶληφθέν
2802 4609 2857 4664 in
2879 4609 3063 4674 editis,
3098 4609 3394 4668 manifesto

132 4680 309 4738 Damin
340 4673 486 4737 enim
516 4684 568 4737 in
598 4673 959 4736 medioxuuiis
989 4673 1457 4750 philosophis,qui
1478 4693 1606 4750 cum
1627 4691 1704 4750 eo
1735 4673 1780 4727 D
1807 4673 2016 4750 errore,
2049 4673 2217 4750 quem
2244 4673 2466 4750 sustulit
2490 4679 2603 4748 jam
2624 4673 2999 4750 'Honsrnmus.

133 4751 420 4809 liberaliter
454 4755 646 4824 egerit,
666 4756 752 4824 vix
781 4747 1025 4807 censeat.
1052 4750 1122 4805 Ut
1150 4747 1306 4824 adeo.
1342 4747 1701 4824 nisiEusebii

131 4837 233 4894 tero
259 4819 519 4879 virtutem
550 4823 819 4894 Apollonii
849 4825 1079 4890 ejusque
1109 4821 1373 4894 doctrinae
1401 4819 1699 4894 ellica_ciam

133 4893 426 4950 luculenter
460 4891 614 4948 tueri
645 4896 826 4957 liceat,
856 4894 929 4946 ita
967 4893 1086 4963 ejus
1122 4891 1371 4963 ἐνεργείᾳ
1417 4891 1700 4963 hominum

133 4970 284 5019 animi
335 4966 725 5036 percellantur,
759 4972 818 5018 ut
852 4961 1058 5020 Christi
1113 4961 1548 5036 pereelrle‘bantur
1589 4961 1696 5014 vir-

132 5043 269 5098 tute,
302 5032 438 5091 nihil
461 5037 629 5090 divini
659 5037 706 5089 ei
735 5037 915 5090 inesse
945 5037 1015 5089 sit
1040 5035 1419 5105 judicandum.
1448 5032 1611 5101 quue
1635 5045 1701 5105 eo

131 5109 292 5176 magis
331 5111 515 5162 valere
543 5109 696 5168 dicit,
726 5107 871 5176 quod
895 5107 968 5159 illi
1001 5101 1219 5176 quoque
1250 5105 1579 5176 philosophi,
1605 5101 1701 5176 qui

131 5173 300 5231 tanien
330 5180 537 5232 nullam
568 5179 670 5234 sibi
694 5173 1041 5247 ari-ogasseni
1063 5173 1303 5232 divinam
1331 5175 1606 5236 virtutem,
1632 5173 1700 5227 ad

134 5257 372 5315 posteros
395 5260 579 5304 tamen
609 5255 662 5303 et
702 5256 1002 5305 sectatores
1033 5247 1452 5318 propagaverint
1482 5247 1700 5318 inventa

134 5332 244 5384 sua,
279 5331 336 5374 ut
380 5322 520 5376 adeo
561 5336 749 5374 eorum
794 5319 962 5391 ἀρετή
1014 5315 1405 5391 riiinus'l'uerit
1454 5315 1701 5391 πτωχεύ-

133 5404 277 5453 ουσα,
305 5408 482 5462 quam
504 5391 780 5462 Apollonii
811 5390 1127 5462 v’irtus,res
1157 5390 1320 5443 unius
1348 5390 1546 5442 :etatis.

197 5463 304 5532 (47)
325 5459 734 5527 Ἡοιήσάσθαι.
767 5459 867 5532 Per
908 5461 1188 5532 enallagﬁen
1218 5462 1700 5532 pruA'utthojawo.

198 5529 305 5601 (48)
332 5535 583 5601 Κυούσῃ
599 5535 728 5603 γὰρ,
750 5531 829 5596 ὣς
855 5548 1027 5603 φησι,
1060 5531 1134 5600 τῇ
1165 5529 1352 5603 αὐτῷ
1366 5529 1564 5598 μητρί.
1593 5529 1701 5597 Δύ-

130 5603 213 5655 τόν
243 5600 305 5658 ex
335 5600 670 5656 Philostrato
702 5618 799 5673 pro
827 5601 990 5654 αὑτοῦ
1019 5604 1255 5671 reposui.
1291 5600 1566 5654 "()LSTEN.

198 5673 328 5728 Male
360 5691 487 5728 vero
515 5693 526 5727 :
561 5689 687 5727 nam
702 5667 852 5742 apud
886 5667 1273 5726 Philostratum
1298 5687 1516 5741 quoque
1537 5667 1699 5724 αὑτοῦ

133 5740 433 5813 legendum,
468 5761 575 5798 non
616 5740 798 5797 αὐτόν.
834 5742 969 5797 Vide
986 5742 1088 5797 Vit.
1120 5744 1239 5811 Ap.,
1273 5740 1397 5804 1ςᾷ.
1431 5742 1699 5796 Praeterea

134 5816 269 5884 apud
299 5815 693 5869 Philostratum
742 5815 898 5884 plane
933 5815 1037 5867 alia
1071 5815 1406 5868 constructio
1451 5823 1554 5872 est.
1582 5827 1703 5884 (inae

135 5881 229 5954 hoc
260 5887 378 5939 loco
427 5903 534 5939 non
575 5881 1042 5954 possituhtinere.
1078 5886 1181 5938 nisi
1221 5886 1458 5938 articulo
1506 5886 1569 5954 τῇ
1599 5883 1702 5954 ρε-

132 5951 254 6021 ieto,
287 5967 341 6010 ut
373 5951 680 6010 monstrosa
711 5958 870 6028 plane
895 5960 963 6009 sit
995 5954 1349 6010 Holsteuiana
1381 5951 1702 6030 lectio..Re-

445 6052 713 6112 PATBOL.
774 6050 892 6114 Gn.
952 6047 1150 6111 XXJI.

1879 4749 1991 4822 (A52)
2032 4751 2114 4803 Οὐ
2155 4749 2268 4822 τὰρ
2317 4749 2394 4818 δὴ
2554 4749 2983 4822 ὑπογράφεται.
3036 4751 3216 4806 Malim
3260 4752 3393 4808 61:6-

1805 4820 2094 4893 γράφεται.
2151 4819 2283 4872 Nam
2335 4822 2576 4891 loquitur
2623 4819 2870 4876 dc’l'acto
2919 4821 3257 4885 Philostrati,
3295 4824 3389 4893 qui

1809 4891 1912 4944 ista
1938 4900 1996 4944 ut
2039 4898 2236 4946 caetera
2268 4907 2334 4946 ex
2367 4893 2590 4947 Daniide
2635 4908 2744 4947 non
2794 4893 3000 4949 retulit.
3025 4893 3176 4949 Ferri
3207 4891 3391 4950 tamen

1808 4961 2181 5034 ὐπογρᾲψεται
2213 4977 2376 5034 posse
2416 4973 2619 5032 putem,
2649 4972 2708 5017 ut
2742 4980 2940 5020 sensus
2985 4965 3058 5019 sit
3089 4984 3101 5019 :
3133 4981 3240 5019 non
3267 4981 3392 5034 spe-

1807 5047 1932 5087 rare
1965 5033 2278 5097 Eusebium,
2313 5033 2704 5090 Philostratum
2728 5051 2846 5089 eam
2874 5051 2985 5090 rem
3015 5051 3043 5088 a
3075 5033 3307 5089 Damide
3331 5049 3393 5089 se

1807 5104 2088 5173 accepisse
2142 5103 2559 5160 allirmaturum.
2591 5105 2727 5160 Cum
2787 5107 2876 5161 ille
2938 5121 3122 5160 rerum
3175 5113 3390 5160 tantum

1807 5175 2088 5243 scripserit
2127 5174 2412 5228 historiam
2458 5177 2527 5231 ab
2572 5178 2864 5245 Apollonio
2905 5188 3204 5246 gestarum,
3241 5186 3390 5245 post-

1805 5260 1968 5314 quam
1993 5247 2046 5297 in
2063 5247 2382 5317 comitatum
2411 5249 2533 5314 ejus
2560 5248 2678 5317 ipse
2703 5247 2950 5317 adscitus
2980 5257 3125 5300 esset
3153 5265 3164 5298 :
3198 5255 3257 5298 ut
3285 5246 3387 5300 ob"-

1806 5325 2080 5371 servatum
2109 5315 2602 5388 Philostratoipsi,
2637 5317 2755 5370 Vita
2789 5315 3062 5387 Apollon.,
3089 5331 3127 5388 t3
3157 5317 3211 5371 5.

1878 5388 1990 5456 (55)
2041 5385 2390 5455 Τιμώμενον.
2452 5384 2846 5458 Ῐὶορθιειιόιιῐιι
2882 5388 2989 5441 ἀπὸ
3042 5386 3136 5440 τοῦ
3205 5384 3390 5440 κοινοῦ

1805 5460 2032 5510 verbum
2062 5458 2300 5526 εἰσάγειν
2327 5462 2469 5528 quod
2503 5459 2803 5528 praecessit.

1879 5529 1990 5596 (54)
2027 5526 2391 5597 Πρόγνωσιὶθ.
2442 5526 2572 5597 Ejus
2627 5530 2703 5583 rei
2756 5545 2851 5599 per
2903 5537 3073 5584 totam
3116 5526 3388 5599 Apollonii

1805 5599 2093 5654 historiam
2145 5615 2335 5668 sparsa
2387 5609 2708 5669 argumenta
2758 5601 2850 5654 lib.
2901 5615 2942 5656 ι.
2979 5599 3161 5655 Videri
3208 5606 3393 5670 potest

1806 5685 1928 5742 cap.
1959 5671 1995 5724 ε).
2016 5679 2069 5726 et
2098 5669 2184 5742 l2.
2218 5671 2322 5724 sub
2348 5670 2466 5734 iin.,
2493 5672 2553 5724 it.
2587 5688 2710 5742 cap.
2746 5671 2837 5726 22.

1879 5740 1993 5811 (55)
2031 5740 2400 5814 Ἀ-διῗᾷᾳκτον.
2437 5740 2679 5813 ltespicit
2707 5743 2773 5798 ad
2809 5744 2970 5814 paulo
3002 5751 3130 5814 ante
3158 5741 3391 5814 allegala

1806 5830 1871 5870 ex
1895 5829 2016 5882 cap.
2045 5812 2130 5866 19.
2166 5811 2299 5866 Nam
2331 5815 2465 5868 alias
2491 5811 2615 5869 etc.
2647 5814 2718 5869 9.0
2754 5811 2822 5870 ρι’
2845 5831 2966 5885 sqq.
2999 5813 3134 5867 varii
3169 5813 3395 5882 Apollo-

1806 5885 1882 5939 nii
1932 5891 2296 5958 praeceptores
2339 5885 2674 5953 referuntur,
2712 5902 2946 5958 quorum
2989 5891 3044 5941 et
3071 5885 3236 5954 paulo
3266 5886 3403 5952 post

1809 5955 1953 6026 apud
1990 5963 2236 6012 nostrum
2266 5958 2489 6013 mentio.

2871 6062 2949 6122 26
