3938 6524
143 452 232 510 813
1259 446 1459 504 LIBER
1499 442 1779 504 CONTRA
1819 442 2235 505 Hlli-ROCLEM.

3295 450 3400 509 εει

145 567 500 644 πορευόμενος,
529 565 731 639 ἄριστα
752 566 1167 637 γιγνωσκόντων
1205 583 1263 620 τε
1305 568 1398 620 κα)⁸
1435 569 1703 639 πραττόν-

1820 568 2166 624 animantium
2201 567 2303 624 sibi
2349 567 2710 637 comparavit.
2746 566 2803 621 ld
2844 582 2978 622 vero
3012 568 3230 632 didicit,
3267 569 3398 626 dum

143 680 233 719 των
257 662 382 718 αὑτό
411 660 545 732 (68).
581 661 738 713 Ἐστι
773 657 882 730 γὰρ
910 658 1018 730 τῶν
1057 658 1326 731 Ἀραδίων
1367 659 1582 713 κύκνων
1609 661 1707 733 ἤδη

143 753 222 810 καὶ
261 751 487 824 ὀρνίθων
525 749 636 821 (69)
689 749 1110 820 μαντευομένων
1152 748 1373 802 ἀκούειν
1396 791 1410 815 ,
1446 749 1622 802 ὁπόσα
1662 752 1710 803 οἰ

145 844 381 919 χρησμοί.
414 841 828 913 Ξυμὸάλλονται
871 841 928 894 δὲ
971 840 1079 894 τῶν
1107 840 1349 909 ἀλόγων,
1405 842 1709 912 σιτούμενοι

142 939 234 994 τῶν
251 937 555 1008 δρακόντων
579 937 626 988 oi
661 935 760 1005 μὲν
789 934 1040 1006 καρδίαν,
1085 934 1269 1002 φασὶν,
1298 934 1347 986 οἱ
1381 933 1438 986 δὲ
1483 927 1656 1006 ἧπαρ.
1687 954 1704 987 ι

153 1029 399 1084 Ἐνταῦοα
433 1027 655 1092 πάντως
684 1045 785 1081 που
813 1028 1120 1098 δρακόντων
1148 1026 1375 1097 καρδίας
1401 1025 1573 1096 δήπου
1615 1026 1710 1079 καὶ

139 1126 326 1194 ἥπατος
358 1120 450 1175 τὸν
495 1121 898 1192 Πυθαγόρειον,
953 1120 1211 1192 ἐμψύχων
1245 1137 1307 1173 τε
1348 1121 1553 1192 τροφῆς
1602 1123 1710 1174 ἀπ-

142 1214 398 1285 εχόμενον,
423 1213 519 1265 καὶ
542 1213 673 1284 μηδὲ
705 1213 852 1266 θύειν
869 1213 1115 1282 δαίμοσιν
1140 1210 1533 1282 ἐπιτολμῶντα,
1561 1212 1711 1277 εἰκὸς

139 1304 197 1378 ἦν
218 1302 640 1375 ἀπογεύσασθαι,
678 1306 754 1368 ὡς
779 1305 844 1359 ἂν
890 1304 982 1358 καὶ
1019 1305 1119 1375 τῆς
1155 1302 1307 1375 παρά
1343 1302 1555 1367 τούτοις
1599 1319 1712 1356 κοι-

137 1404 346 1470 νωνήσοι
379 1399 592 1468 σοφίας.
622 1395 766 1469 Πρὸς
791 1396 900 1468 γὰρ
923 1395 1142 1449 τοιῶνδε
1167 1391 1568 1465 διδασκομένων
1593 1395 1710 1458 πῶς

138 1495 195 1549 ἂν
225 1490 412 1557 ἄλλως,
451 1493 524 1564 μὴ
551 1493 672 1562 οὐχ).
717 1490 785 1544 τά
823 1491 983 1561 ὃμοια
1016 1491 1128 1553 τοῖς
1157 1487 1498 1552 διδασκάλοις
1532 1486 1702 1558 ζηλώ-

139 1601 294 1650 σαντι,
321 1584 675 1657 κατωρθοῦτο
715 1581 776 1636 τὸ
813 1581 1187 1653 ἐπιτήδευμα;
1240 1581 1477 1651 ’Ἑχομεν
1518 1580 1581 1651 δὴ
1615 1576 1709 1634 οὖν

138 1677 258 1751 πρὸς
316 1681 429 1741 τοῖς
479 1673 966 1747 καταλελεγμένοις
1005 1673 1114 1746 (70)
1165 1675 1260 1728 καὶ
1296 1674 1423 1738 τοὺς
1455 1673 1700 1746 Ἀράϐων

137 1772 316 1841 σοφοὺς
345 1771 700 1834 διδασκάλους
731 1771 830 1842 τῆς
884 1770 1025 1824 κατά
1070 1770 1168 1841 τὴν
1212 1770 1555 1841 οίωνιστικὴν
1582 1771 1710 1823 τάν-

133 1864 244 1937 δρὸς
266 1866 577 1935 ἐπιστήμης
597 1879 610 1894 σ
637 1863 730 1933 ἀφ’
764 1859 831 1934 ἦς
861 1863 1085 1926 εἰκότως
1113 1861 1457 1934 ὁρμώμενος,
1483 1858 1708 1934 ὕστερόν

137 1975 252 2010 ποτε
282 1957 374 2010 τὸν
399 1955 678 2028 στρουθὸν,
707 1954 735 2009 ὅ
764 1969 816 2008 τι
843 1956 937 2008 καὶ
965 1954 1226 2026 βούλοιτο,
1269 1952 1555 2022 ξυγκαλῶν
1583 1953 1709 2017 τοὺς

135 2050 369 2123 ἑταίρους
421 2051 516 2103 ἐπὶ
562 2050 792 2122 τροφὴν,
854 2046 1178 2121 προειπὼν,
1223 2046 1408 2119 θαῦμα
1458 2047 1711 2119 μέγιστον

137 2144 381 2214 παρέχειν
409 2140 556 2208 εδοξε
582 2145 693 2204 τοῖς
723 2139 976 2212 παροῦσι.
1007 2139 1192 2213 Ταύτῃ
1222 2140 1286 2211 δὴ
1322 2140 1414 2193 καὶ
1452 2139 1550 2211 τὴν
1595 2140 1703 2192 ἀπ-

139 2233 478 2306 εσφαγμένην
503 2236 625 2288 ὅσον
652 2234 804 2288 ούπω
829 2234 1046 2286 λέαιναν
1071 2234 1186 2304 ἀμα
1228 2236 1340 2296 τοῖς
1379 2227 1522 2286 ὀκτὼ
1569 2231 1700 2285 σκύ⁶

139 2341 275 2396 μνοις
304 2324 447 2378 κατά
480 2326 578 2398 τὴν
615 2325 916 2396 Ἀσσυρίων
943 2322 1061 2376 όδδν
1098 2323 1459 2394 θεασάμενος,
1487 2323 1708 2388 αὐτίκα,

134 2417 201 2488 τῷ
231 2419 511 2491 μαθήματι
543 2417 865 2489 ξυμϐαλὼν,
905 2419 1006 2487 τῆς
1045 2413 1310 2488 ἐσομένης
1359 2415 1506 2487 αύτῷ
1558 2416 1708 2488 παρά

136 2511 358 2582 Πέρσαις
386 2510 666 2583 διατριϐῆς
691 2510 782 2563 τὸν
813 2509 1002 2582 χρόνον
1033 2507 1422 2580 ἐμαντεύσατο.

1815 677 1910 731 ρει·
1944 660 2080 714 istos
2107 659 2320 713 Arabia
2356 660 2588 729 populos
2619 659 2722 713 iter
2753 657 2981 725 faceret,
3014 661 3109 731 qui
3142 670 3196 716 et
3227 663 3404 717 scicn-

1812 757 1884 808 tia
1925 760 1978 807 et
2001 768 2101 807 usu
2130 751 2250 820 ejus
2278 752 2354 804 rei
2397 751 2633 806 maxime
2657 753 2953 821 pollebant.
2987 751 3086 808 Est
3113 755 3261 809 enim
3299 757 3402 810 hoc

1811 846 2075 909 Arabum,
2110 854 2169 900 ut
2219 860 2424 917 cycnos
2464 845 2792 910 bodienum,
2838 847 3089 917 aliasque
3145 846 3400 903 Iatidicas

1813 954 1942 995 aves
1964 940 2316 995 scisritentur
2345 937 2574 1003 perinde
2607 949 2770 1008 atque
2800 941 3047 995 oracula.
3081 940 3401 1010 Conjiciunt

1811 1047 1942 1086 vero
1983 1033 2174 1086 brutas
2215 1046 2377 1086 voces
2414 1031 2713 1086 draconum
2751 1032 2916 1102 pasti,
2953 1041 3012 1086 ut
3047 1032 3137 1086 alii
3181 1041 3396 1104 putant,

1813 1125 1998 1189 corde,
2048 1132 2109 1178 ut
2143 1123 2257 1188 alii,
2299 1124 2516 1196 hepate.
2557 1145 2575 1176 ι
2617 1124 2717 1178 Hic
2760 1140 2959 1196 nempe
2988 1127 3216 1180 omnino
3270 1126 3399 1181 dra-

1811 1229 2034 1278 conum,
2077 1215 2193 1268 sive
2216 1229 2332 1278 cor,
2361 1215 2474 1269 sive
2498 1215 2667 1284 hepar
2689 1215 3114 1287 Pythagoricum
3161 1217 3336 1284 illum,
3367 1232 3399 1271 a

1812 1307 1962 1361 victu
1988 1306 2372 1360 abhorrentem
2416 1306 2801 1370 animantium,
2838 1315 2892 1362 et
2932 1323 3000 1362 ne
3031 1307 3139 1362 diis
3169 1307 3395 1378 quidem

1811 1401 2079 1470 sanguine
2109 1415 2223 1454 rem
2293 1414 2507 1454 sacram
2551 1399 2734 1455 facere
2768 1402 3157 1466 sustinentem,
3190 1401 3402 1457 verost-

1813 1493 1940 1549 mile
1973 1501 2057 1548 est
2085 1492 2416 1556 comedisse,
2449 1507 2558 1561 quo
2588 1493 2874 1548 scilicetin
2911 1494 3196 1563 sapientiae
3220 1495 3399 1565 gentis

1811 1581 1973 1637 istius
2010 1592 2194 1652 partes
2235 1582 2352 1652 ipse
2382 1596 2600 1651 quoque
2633 1583 2866 1638 veniret.
2903 1582 3064 1654 Apud
3103 1585 3400 1655 magistros

1810 1674 1956 1727 enim
1998 1673 2293 1744 ejusmodi,
2336 1688 2443 1744 qua
2488 1675 2593 1726 alia
2627 1674 2860 1736 ratione,
2909 1675 3014 1729 nisi
3059 1675 3247 1731 eadem
3280 1690 3402 1745 quas

1811 1775 2172 1836 praeceptores
2225 1764 2526 1835 sequendo.
2576 1765 2631 1819 in
2684 1766 2940 1820 instituto
2985 1783 3087 1821 suo
3131 1767 3400 1838 proﬁcere

1793 1858 2115 1929 potuisset?
2159 1857 2433 1915 Tenemus
2467 1861 2632 1930 igitur
2660 1861 2803 1916 inter
2843 1859 3121 1931 Apollonii
3157 1874 3397 1930 praecep-

1813 1959 1981 2016 tores,
2020 1967 2255 2021 quorum
2291 1953 2603 2023 catalogum
2644 1952 2918 2019 dedimus,
2961 1952 3202 2006 Arabum
3231 1951 3399 2006 etiam

1816 2044 2115 2114 sapientes,
2145 2045 2281 2098 artis
2316 2046 2614 2114 auguralis,
2649 2061 2757 2115 qua
2783 2046 2900 2115 ipse
2946 2045 3266 2114 praestabat,
3300 2042 3402 2096 do-

1811 2143 1993 2191 ctores
2023 2152 2036 2186 z
2069 2136 2251 2206 cujus,
2285 2148 2343 2191 ut
2366 2137 2676 2193 verosimile
2701 2146 2807 2200 est,
2839 2137 3178 2206 adjuniento,
3209 2144 3398 2206 postea

1812 2228 2107 2300 aliquando
2137 2228 2205 2284 de
2229 2230 2548 2298 passerculo
2569 2231 2635 2294 “,
2669 2228 2802 2299 quid
2825 2229 2932 2285 sibi
2969 2230 3122 2294 velit,
3157 2227 3285 2282 dum
3309 2244 3401 2283 so-

1811 2321 1927 2376 cios
1967 2321 2033 2375 ad
2066 2328 2284 2392 pastum
2316 2321 2597 2386 invitaret,
2627 2321 2986 2384 vaticinatus,
3017 2335 3132 2375 rem
3161 2321 3399 2374 maxime

1813 2413 2121 2468 mirandam
2156 2421 2418 2483 prmstare
2443 2414 2806 2483 praesentibus
2830 2413 3088 2468 omnibus
3111 2421 3195 2467 est
3216 2427 3394 2466 visus.

1816 2504 2104 2572 Similiter,
2138 2523 2336 2564 caesam
2370 2509 2532 2563 modo
2561 2509 2813 2572 leaenam,
2843 2524 2952 2561 una
2993 2523 3121 2562 cum
3148 2515 3275 2561 octo
3307 2519 3406 2560 ca-

136 2608 272 2671 tulis,
305 2608 361 2661 in
402 2609 598 2662 itinere
629 2623 724 2678 per
767 2607 1052 2677 Assyriam
1103 2605 1492 2675 conspicatus,
1528 2602 1699 2669 illico,
1741 2619 1808 2661 ex
1843 2606 1949 2661 isto
1973 2605 2348 2675 conjecturam
2409 2604 2618 2660 faciens
2645 2605 2688 2636 ’⁸
2727 2603 3083 2666 documento,
3138 2599 3403 2656 facienda!

135 2704 225 2757 sibi
253 2703 393 2774 apud
424 2702 620 2758 Persas
653 2717 818 2756 mora:
845 2711 1061 2772 tempus
1093 2703 1368 2774 praedixit.

644 2824 1044 2879 ΚΕΦΑΛΔῘΟΝ
1086 2825 1189 2878 ῙΑ’.

205 2915 494 2970 Ἀκόλουθα
547 2913 604 2970 δὲ
647 2921 713 2988 τῇ
775 2917 928 2988 παρὰ
971 2920 1083 2980 τοῖς
1138 2912 1413 2988 Ἀραδίοις
1466 2915 1710 2988 φοιτήσει

133 3010 392 3082 ἐγχειρεῖν
424 3011 588 3064 αὐτὸν
620 3012 713 3064 καὶ
746 3010 900 3082 παρά
933 3011 1174 3082 Πέρσαις
1212 3011 1240 3062 ὁ
1273 3010 1436 3074 αὐτὸς
1472 3009 1714 3080 ξυγγρα-

133 3102 262 3168 φεὺς
295 3103 512 3171 ἱστορεῖ.
547 3100 637 3171 Τῷ
667 3100 775 3171 γάρ
799 3119 882 3154 τοι
923 3101 1136 3171 Δάμιδι,
1166 3100 1225 3166 ὃς
1254 3101 1412 3171 μόνος
1451 3101 1710 3172 φοιτητὴς

129 3185 187 3260 ἦν
212 3190 364 3260 αὐτῷ
404 3192 498 3244 καὶ
546 3187 781 3263 ἑταῖρος,
814 3193 1200 3263 ἀπαγορεύσας
1238 3193 1349 3264 (71)
1399 3193 1550 3265 παρά
1582 3194 1710 3256 τοὺς

133 3283 332 3353 μάγους
369 3285 525 3347 ξέναι,
553 3284 712 3356 μόνος
735 3282 918 3350 αὐτὸς,
947 3287 1022 3350 ὡς
1058 3286 1122 3340 ἂν
1149 3287 1224 3358 μὴ
1258 3288 1373 3358 μετ’
1394 3283 1709 3358 ἀγνώμονος

132 3376 318 3449 δηλαδὴ
352 3379 421 3432 τὰ
441 3378 542 3448 τῆς
571 3378 803 3448 μαγείας
835 3378 1127 3450 μανθάνοι,
1160 3377 1504 3451 μεσημϐρίας
1524 3397 1605 3440 τε,
1634 3379 1709 3442 ὡς

134 3469 261 3539 ἀμφὶ
293 3471 467 3541 μέσας
495 3469 718 3533 νύκτας,
744 3469 843 3533 τὰς
875 3471 990 3541 μετ’
1019 3470 1196 3523 αὐτῶν
1228 3467 1463 3523 ἐποιεῖτο
1494 3469 1707 3541 σχολάς.

138 3559 243 3613 Ἔτι
270 3560 326 3613 δὲ
357 3559 643 3632 Οὐαρδάνῃ
678 3558 1005 3630 Βαϐυλωνίῳ
1043 3561 1101 3622 ἐς
1135 3558 1326 3626 λόγους
1361 3557 1577 3611 ἐλθόντα
1612 3559 1710 3629 βαι»

137 3652 276 3715 σιλεῖ,
299 3646 404 3706 ὧδέ
433 3670 550 3716 πως
579 3652 758 3720 λέγειν
787 3652 952 3705 αὐτὸν
990 3651 1346 3723 παρατίθεται
1366 3668 1379 3681 ο
1414 3669 1431 3701 ι
1461 3650 1630 3720 Σοφία
1655 3650 1710 3704 δέ

137 3759 214 3814 μοι
261 3744 630 3816 Πυθαγόρου,
673 3744 878 3815 Σαμίου
946 3737 1171 3815 ἀνδρδς,
1235 3743 1294 3807 ὃς
1347 3742 1503 3807 θεοὺς
1554 3743 1714 3816 θερα-

135 3835 305 3890 πεύειν
333 3837 448 3907 (72)
489 3830 594 3890 ὧδέ
628 3853 696 3908 με
728 3834 1026 3900 ἐδιδάξατο,
1055 3833 1130 3897 ὡς
1154 3833 1267 3903 (75)
1301 3832 1536 3897 ξυνιέναι
1563 3832 1712 3902 σφῶν

135 3926 415 4000 ὁρωμένων
443 3946 507 3982 τε
554 3930 648 3983 καὶ
670 3929 769 3999 οὐχ
813 3927 1105 4000 ὁρωμένων
1126 3943 1138 3956 ·
1190 3927 1379 3997 φοιτᾷν
1421 3943 1480 3978 τε
1509 3927 1566 3990 ἐς
1599 3926 1715 3980 δια-

137 4017 289 4084 λέξεις
320 4019 484 4073 θεῶν.
517 4040 536 4071 ι
558 4020 654 4083 Τίς
686 4020 730 4073 δ’
758 4019 905 4090 αύτῴ
944 4018 1115 4072 ταῦτα
1143 4017 1581 4090 ξυγχωρήσειεν;
1623 4021 1714 4073 ὅτε

138 4109 418 4183 Πυθαγόρα
480 4111 578 4181 μὲν
627 4109 856 4182 οὐδεμία
893 4128 976 4175 τις
1028 4111 1251 4183 τοιαύτη
1298 4111 1716 4168 καταλέλειπται

137 4203 327 4272 γραφὴ,
345 4202 454 4255 οὐδ’
482 4201 770 4274 ἀπόρρητά
789 4219 912 4256 τινα
935 4201 1340 4274 ξυγγράμματα
1360 4203 1494 4274 (74),
1511 4204 1587 4267 ὡς
1612 4205 1715 4258 κᾶν

138 4291 423 4364 ὑπονοῆσαι
458 4293 620 4347 αὐτὸν
647 4294 706 4358 ἐξ
730 4294 952 4347 ἐκείνων
979 4295 1251 4365 ὁρμᾶσθαι
1272 4313 1284 4326 ο
1312 4298 1340 4349 ό
1377 4295 1436 4349 δέ
1486 4313 1550 4366 γε
1575 4297 1717 4350 διδάο

141 4387 320 4451 σκαλος
349 4385 503 4456 αύτῷ
529 4387 626 4456 τῆς
664 4386 806 4439 κατά
839 4386 1164 4459 Πυθαγόραν
1209 4390 1530 4459 φιλοσοφίας
1567 4389 1717 4442 ούδέν

137 4491 185 4530 τι
208 4479 485 4552 διαφέρειν
523 4478 631 4532 τῶν
685 4479 1072 4551 Ἐπικουρείων
1116 4482 1254 4553 πρὸς
1291 4483 1456 4536 αὐτοῦ
1505 4497 1719 4554 μεμαρ-

2305 2808 2469 2881 519
2503 2809 2732 2867 CAPUT
2769 2807 2858 2866 χι.

1888 2909 2268 2966 Consentanea
2296 2916 2477 2964 autem
2497 2907 2800 2978 disciplinae
2827 2905 2970 2977 apud
2989 2901 3220 2970 Arabes,
3253 2898 3399 2976 apud

1817 2998 2016 3059 Persas
2046 3017 2265 3072 quoque
2298 3016 2621 3072 aggressum
2648 3015 2771 3054 eum
2802 2999 2994 3063 fuisse,
3040 2998 3182 3053 idem
3210 3005 3405 3052 auctor

1817 3103 2232 3149 commemorat.
2270 3092 2553 3148 Damidem
2599 3091 2770 3156 enim,
2804 3091 2898 3161 qui
2953 3090 3106 3146 solus
3154 3089 3256 3160 ipsi
3286 3100 3404 3145 erat

1815 3187 2119 3256 discipulus
2137 3185 2450 3255 sociusque,
2470 3184 2766 3254 prohibens
2795 3183 2862 3238 ad
2887 3197 3076 3253 magos
3093 3197 3320 3236 accessu
3335 3181 3400 3244 ⁸⁸,

1813 3280 1964 3335 solus
1990 3278 2126 3348 ipse,
2157 3277 2298 3348 (eam
2321 3277 2392 3331 ob
2421 3291 2644 3330 causam
2678 3277 2907 3339 scilicet,
2942 3291 3010 3330 ne
3039 3275 3213 3338 illum,
3238 3289 3402 3344 quem

1813 3371 2132 3442 planissime
2167 3369 2410 3438 liquebat
2439 3383 2626 3422 rerum
2660 3368 2996 3438 magicarum
3032 3367 3251 3438 penitus
3278 3382 3405 3422 esse

1813 3459 2594 3532 imperitum,condiscipulum
2619 3456 2892 3530 haberet,)
2922 3459 3072 3513 circa
3094 3457 3403 3521 meridiem,

1815 3555 1891 3609 uti
1922 3562 1976 3610 et
2005 3555 2151 3608 circa
2195 3551 2406 3607 medias
2454 3560 2672 3618 noctes,
2705 3567 2901 3607 eorum
2953 3552 3180 3607 scholas
3208 3551 3401 3608 obivit.

1813 3645 2190 3715 Praetereaque
2214 3644 2282 3698 ad
2304 3643 2571 3698 Bardanis
2601 3643 2888 3716 Babylonii
2925 3646 3069 3716 regis
3101 3644 3405 3704 admissum

1815 3737 2173 3807 colloquium,
2205 3736 2292 3790 his
2323 3735 2439 3791 fere
2486 3736 2671 3806 verbis
2703 3753 2865 3792 usum
2897 3753 3024 3792 eum
3050 3735 3222 3792 fuisse
3252 3735 3408 3808 [Phi-

1816 3827 2098 3902 lostratus]
2127 3828 2298 3884 refert
2320 3829 2364 3860 ¹⁷
2398 3849 2410 3884 :
2447 3847 2465 3881 ι
2506 3829 2845 3901 Sapientiam
2886 3839 3070 3885 autem
3104 3832 3407 3901 amplector

1814 3920 2136 3994 Pythagorae
2169 3921 2362 3986 Samii,
2393 3924 2485 3993 qui
2517 3933 2571 3978 et
2600 3924 2783 3979 colere
2817 3924 2952 3980 deos
2982 3939 3068 3978 me
3094 3924 3168 3979 ita
3197 3924 3406 3992 docuit,

1817 4025 2074 4072 utmente
2102 4032 2198 4072 eos
2230 4017 2589 4088 complectar,
2616 4018 2732 4073 sive
2751 4017 3018 4074 videndos
3049 4034 3108 4074 se
3131 4019 3410 4090 praebeant

1819 4111 1936 4166 sive
1968 4112 2174 4176 minus,
2223 4111 2452 4180 pariter,
2504 4117 2671 4180 atque
2724 4108 2781 4162 in
2822 4111 3096 4180 colloquia
3127 4125 3253 4165 cum
3300 4111 3408 4165 diis

1819 4201 2168 4257 descendam.
2209 4220 2228 4253 ›
2257 4199 2364 4255 Sed
2395 4201 2541 4255 enim
2583 4201 2708 4270 quis
2745 4201 2849 4255 hoc
2902 4201 2983 4255 illi
3023 4198 3410 4258 concesserit!

1819 4293 1958 4349 Cum
1999 4292 2339 4364 Pythagoras
2385 4293 2508 4362 ejus
2552 4293 2772 4363 generis
2815 4294 3084 4362 scriptum
3124 4294 3410 4362 reliquerit

1821 4388 2054 4450 nullum,
2090 4400 2266 4455 neque
2297 4385 2518 4454 aliquod
2553 4385 2822 4454 scriptum
2855 4384 2976 4454 ejus
3026 4393 3208 4442 exstet
3244 4400 3408 4440 arca-

1821 4495 1952 4535 num
1972 4480 2168 4551 magis,
2204 4491 2265 4533 ut
2293 4477 2379 4533 vel
2409 4477 2684 4549 suspicari
2713 4477 2876 4532 liceat
2898 4478 3101 4538 talibus
3129 4494 3256 4534 eum
3275 4479 3411 4535 sub.

203 4638 244 4673 “
278 4643 374 4700 lib.
419 4657 510 4709 tv,
545 4658 595 4698 c.
629 4643 686 4700 2.
764 4645 811 4676 ⁸³
849 4644 944 4700 lib.
990 4661 1038 4708 ι,
1079 4661 1130 4700 c.
1166 4644 1259 4700 22.
1339 4647 1382 4678 “
1424 4646 1517 4701 lib.
1553 4663 1606 4712 ι,
1640 4662 1691 4702 c.

1895 4647 1940 4679 "
1980 4647 2077 4702 lib.
2119 4661 2175 4713 t,
2217 4646 2310 4702 '52.

203 4798 309 4869 (68)
341 4801 644 4875 Γιγνωσλι.
696 4817 764 4875 τε
809 4802 908 4875 καὶ
949 4817 1157 4875 πραττ.
1207 4802 1376 4857 αὐτό.
1426 4801 1710 4875 Philostr.,

1820 4804 1963 4860 hanc
2011 4803 2306 4860 lectionem
2337 4805 2624 4875 sequentia

141 4873 545 4946 γιγνωσκόντων
557 4888 627 4946 Δτε
651 4871 782 4926 αὐτὸ
809 4873 902 4926 καὶ
925 4872 1293 4943 πραττόντων,
1326 4874 1472 4945 quod
1493 4875 1716 4946 elegans

143 4944 303 5010 magis
348 4942 486 4994 mihi
521 4941 756 4997 videtur.

206 5011 310 5086 (69)
346 5013 603 5086 Κῷκνων
634 5012 750 5082 ἤδη
791 5012 889 5086 καὶ
913 5013 1097 5081 ὀρνίθ.
1130 5011 1413 5086 P27.ilostr.,
1464 5014 1564 5086 ἠδη

145 5079 242 5146 eo,
274 5082 532 5156 ὀρνίθων,
567 5079 705 5147 etc.,
741 5079 887 5153 quod
919 5079 1240 5153 :iiagismihi
1268 5079 1715 5156 probatrirfNam

144 5161 191 5223 ct
218 5165 337 5222 post
360 5155 601 5223 speciem
644 5170 816 5222 genus
851 5156 1123 5209 nominari
1153 5155 1279 5209 non,
1306 5158 1442 5212 adeo
1496 5170 1716 5210 conve-

146 5222 312 5295 niens,
343 5222 406 5279 et
425 5226 582 5295 cycni
617 5225 761 5278 inter
787 5227 1077 5295 augurales
1105 5241 1235 5280 aves
1258 5242 1367 5281 non
1397 5226 1534 5281 adeo
1570 5227 1712 5280 cele-

143 5290 280 5365 bres,
324 5296 439 5348 imo
459 5290 750 5348 'corvorum
786 5310 849 5350 ea
864 5290 944 5365 fin
977 5313 1034 5350 re
1066 5296 1334 5351 celebrior
1379 5312 1542 5365 opera
1577 5295 1720 5365 apud

145 5362 366 5490 ﬁrmatis,
402 5373 462 5420 ut
485 5366 836 5422 observatum
867 5364 1171 5440 Porphyrio
1198 5367 1276 5423 De
1300 5362 1481 5471 abst".
1496 5367 1591 5422 lib.
1613 5362 1720 5433 'm,

213 5506 321 5575 (70)
355 5508 612 5577 Ἐ’χομεν
654 5507 723 5578 δὴ
776 5504 891 5564 οὖν
925 5521 1025 5577 πρ.
1071 5525 1126 5563 τ.
1161 5511 1446 5565 καταλελ.
1490 5507 1617 5562 Hac
1656 5523 1723 5563 eo

149 5579 591 5653 spectan_t_,Aquod
621 5581 736 5653 ista
763 5579 831 5634 de
861 5580 1132 5635 Arabibus
1163 5583 1481 5653 narratione
1500 5587 1724 5653 contra-

151 5647 287 5720 dicat
331 5650 435 5703 sibi
463 5647 589 5720 'ipsi
621 5648 1011 5712 Philostratus,
1057 5666 1183 5705 cum
1229 5652 1357 5706 alibi
1395 5651 1721 5720 sapientiam

149 5711 414 5795 Apollonii
435 5711 815 5775 αὐτοδίδακτον
839 5734 964 5778 esse
984 5711 1210 5778 statuat.
1235 5720 1390 5791 Quod
1415 5711 1577 5794 paulo
1596 5729 1724 5775 ante

153 5791 200 5841 et
229 5791 639 5859 exprobratum,
665 5806 716 5847 c.
745 5796 800 5848 9.

186 5856 335 5938 ,(⁷1⁷)
366 5857 828 5938 ,Ἀπαγορεύσςαᾳ
863 5861 940 5918 ita
969 5861 1260 5938 legendpm
1290 5879 1416 5938 esse
1448 5863 1564 5920 sole
1600 5862 1719 5918 cla-

157 5932 268 5987 rius
289 5970 306 5998 .
335 5933 384 5989 si
446 5932 628 5990 locum
675 5933 994 5994 Philostrati
1032 5932 1342 6008 conferas,
1390 5935 1720 6007 ﬁrmantque

1599 5031 1716 5068 κοι-

2666 4815 2681 4857 ι
2729 4802 2806 4868 ὡς
2850 4803 2918 4858 ἂν
2969 4801 3044 4876 μὴ
3077 4805 3206 4874 ’μετ’
3235 4801 3413 4874 ἀγνώ-

1827 4892 1985 4945 μονος
2009 4887 2117 4930 etc.
2152 4876 2397 4942 Quorum
2432 4877 2621 4931 nullus
2652 4891 2776 4930 esse
2806 4885 2985 4944 potest
3017 4889 3235 4938 sensus,
3264 4876 3311 4930 si
3334 4891 3414 4930 re-

1822 4949 2097 5018 tineamus
2139 4947 2430 5018 lectionem
2471 4947 2827 5018 depravatam
2871 4945 3144 5002 editorum
3189 4947 3284 5015 qui
3313 4945 3414 4998 ha-

1821 5014 1974 5088 bent;
1985 5016 2448 5088 ἀπαγορεύσαντι.

1893 5085 2005 5155 (72)
2040 5084 2223 5153 Θεοῦς
2255 5088 2623 5154 θεραπεύειν.
2656 5085 3027 5143 Philostratus
3057 5084 3415 5155 omittitipar-

1818 5154 2044 5211 ticula’m
2087 5173 2149 5210 τε
2188 5172 2351 5226 quam
2390 5157 2482 5212 hic
2517 5159 2778 5214 insertam
2815 5158 3018 5212 habent
3058 5156 3204 5211 edita
3242 5154 3416 5211 Euse-

1818 5227 2006 5290 biana,
2037 5228 2232 5299 melius
2263 5242 2382 5281 eam
2410 5242 2517 5299 ego
2546 5240 2764 5299 quoque
2798 5229 2976 5282 omitti
3001 5237 3215 5299 putem,
3242 5226 3319 5299 illi
3350 5239 3413 5279 τε

1826 5299 1971 5351 enim
2009 5297 2145 5352 nihil
2179 5296 2501 5367 respondet,
2537 5296 2593 5354 et
2645 5296 2930 5367 sequentia
2980 5297 3090 5350 duo
3120 5296 3240 5348 cola
3273 5297 3415 5350 inter

1828 5383 1888 5422 se
1921 5367 2126 5421 rectius
2156 5365 2246 5422 illa
2283 5365 2551 5438 particula
2583 5365 2909 5439 junguntur,
2941 5375 3202 5435 tanquam
3233 5375 3415 5439 partes

1827 5439 2166 5492 continentia
2215 5437 2420 5503 cultus,
2464 5455 2627 5509 quem
2674 5437 2710 5494 εἰ
2771 5437 3092 5510 Pythagorae
3143 5437 3415 5508 sapientia

1829 5524 1890 5564 se
1912 5524 2190 5580 accepisse
2221 5509 2328 5580 ait.
2515 5575 2546 5580 Α,

1902 5579 2017 5648 (75)
2044 5577 2184 5645 ⁷Ὧς.
2217 5578 2478 5648 Philostr.
2514 5577 2678 5632 habet
2707 5577 2823 5648 καί.

1904 5645 2018 5721 (74)
2067 5647 2394 5718 Ἀπόῤῥητά
2412 5666 2545 5703 τινα
2575 5647 3017 5720 ξυγγράμματα.
3040 5645 3169 5704 Η.θ.
3206 5647 3414 5721 scripta

1830 5720 2007 5775 variis
2045 5721 2343 5775 involucris
2383 5735 2606 5776 sensum
2649 5721 3008 5784 involventia,
3049 5727 3111 5773 ut
3161 5720 3416 5776 solebant

1830 5791 2096 5863 symbolis
2125 5792 2242 5847 suis
2270 5792 2349 5846 uti
2393 5792 2460 5847 ad
2489 5790 2765 5863 tegendas
2784 5791 3106 5863 _recondita_s
3135 5790 3418 5863 doctrinas

1827 5859 1906 5917 illi
1932 5863 2323 5936 philosophi,
2361 5859 2721 5936 symbolicam
2778 5861 2979 5920 imitati
3028 5859 3420 5936 Egyptiorum

1815 5933 2148 6020 sapientiam
2177 5933 2429 6005 passim.“
