3938 6502
111 409 213 465 827

1254 403 1456 460 LIBER
1494 403 1773 460 CONTRA
1813 399 2232 458 HIEROCLEM.

3286 399 3392 464 818

109 529 215 580 νεῖν
244 523 454 582 ἔπεισι,
485 521 581 575 καὶ
617 520 714 592 τὴν
747 521 875 593 περ).
904 520 1092 575 τούτου
1122 521 1304 576 πίστιν
1351 525 1541 587 αἰτεῖν,
1576 525 1697 577 οὐδὲ

1808 531 1925 577 ctro
1963 522 2319 591 "inquirere,
2353 519 2580 589 ejusque
2611 526 2928 588 argumenta
2962 525 3021 572 ut
3049 517 3173 574 edat
3203 528 3394 589 postu-

108 618 212 672 τῶν
257 615 399 687 παρ’
429 614 579 685 αὑτῷ
616 612 830 667 κύκνων
862 615 961 678 τὰς
1003 615 1323 682 ἀποδείξεις,
1355 615 1448 680 οὓς
1477 617 1700 685 γελοίως

109 711 407 764 τίκτουσαν
432 706 594 760 αὑτὸν
619 705 716 776 τὴν
746 707 961 778 μητέρα
984 708 1079 761 καὶ
1101 709 1427 780 περιστῆσαι
1450 708 1580 778 (85),
1609 710 1702 762 καὶ

113 799 409 872 μαιοῦσθαι
435 801 659 870 ἱστορεῖ.
705 798 842 852 Ἀλλ’
876 800 998 852 οὑδέ
1031 799 1159 872 περ).
1190 800 1282 853 τοῦ
1315 800 1560 872 σκηπτοῦ
1591 801 1700 872 (84)

113 890 446 964 μυθολογίας
473 891 566 944 τὸν
604 891 855 962 μάρτυρα
897 890 1162 962 παρέχειν
1203 891 1358 956 ἀξιῶ.
1395 893 1469 946 Οὑ
1499 893 1604 964 γὰρ
1636 893 1701 961 δὴ

110 982 200 1034 καὶ
229 981 472 1042 τούτων,
503 980 580 1043 ὡς
609 979 734 1051 ἔφη,
771 980 946 1050 Δάμις
975 982 1108 1051 ἡμῖν
1155 979 1420 1051 ξυνίστωρ
1447 981 1556 1050 (85)
1601 982 1704 1049 ἁφ-

113 1072 298 1140 ίξεται,
334 1070 536 1142 μακρῷ
554 1070 778 1141 ὕστερον
807 1073 865 1123 ἐν
894 1069 1040 1140 Νίνῳ
1065 1071 1163 1141 τῆς
1202 1070 1487 1141 Ἀσσυρίας
1517 1069 1703 1142 τάνδρὶ

113 1163 377 1232 ξυνάψας.
427 1161 573 1231 Ἐγὼ
611 1163 709 1232 μὲν
739 1158 834 1215 οὖν
867 1158 926 1216 εὖ
966 1162 1111 1233 μάλα
1157 1161 1452 1234 προθύμως
1483 1165 1596 1225 τοῖς
1628 1163 1705 1214 εί-

111 1255 223 1308 κόσι
249 1272 314 1308 τε
362 1256 460 1308 καὶ
494 1253 752 1324 ἀληθείας
800 1255 1082 1324 ἐχομένοις
1128 1253 1468 1324 πειθόμενος,
1517 1255 1566 1306 εἰ
1609 1254 1705 1307 καὶ

115 1348 337 1419 μείζονά
366 1366 490 1401 τινα
517 1347 640 1402 καθ’
676 1347 977 1418 ὑπερϐολὴν
1004 1349 1062 1411 ἐς
1089 1347 1309 1400 ἔπαινον
1341 1347 1535 1419 ἀνδρὸς
1569 1349 1706 1416 ἀγα·

112 1441 199 1495 θοῦ
256 1441 470 1509 λέγοιτ’
512 1441 598 1506 ἂν,
656 1440 823 1493 πιστά
879 1441 972 1494 καὶ
1033 1440 1378 1512 παραδεκτέα
1425 1435 1561 1493 εἷναί
1615 1457 1704 1510 μοι

113 1533 266 1595 δοκῶ,
300 1534 388 1587 ὅτι
437 1533 516 1604 μὴ
571 1531 704 1603 μόνα
745 1532 813 1585 τὰ
862 1530 1140 1604 τερατώδη
1186 1533 1282 1586 καὶ
1331 1531 1496 1603 λήρου
1543 1530 1702 1586 πλέα.

114 1625 316 1679 Οὔκουν
361 1623 642 1696 φθονείην,
689 1625 743 1678 εἴ
781 1641 944 1694 φησιν
991 1625 1019 1675 ὁ
1061 1623 1407 1696 ξυγγραφεὺς
1439 1622 1597 1691 γένος
1645 1639 1705 1674 τε

116 1720 355 1788 ἀρχαῖον,
383 1717 481 1770 καὶ
647 1717 902 1770 οἰκιστῶν
931 1695 1243 1788 ἀνημμένον
1275 1713 1352 1784 τῷ
1373 1714 1527 1787 ἀνδρὶ
1556 1731 1708 1783 γεγο-

115 1810 252 1862 νέναι
273 1826 288 1838 ο
320 1809 420 1862 καὶ
449 1808 700 1862 πλουτῶν
723 1810 772 1861 εί
799 1807 971 1872 οὕτως
1003 1808 1193 1878 ἔτυχεν
1218 1809 1358 1878 ὑπὲρ
1386 1807 1512 1871 τοὺς
1541 1809 1709 1877 ἐγχω-

1809 615 1943 674 lare.
1979 622 2036 667 ut
2064 615 2216 675 item,
2249 613 2316 667 de
2339 613 2531 684 cycnis
2555 627 2675 680 qua:
2711 612 2871 664 habet
2904 611 2971 676 ’°,
2999 613 3225 681 probet,
3255 627 3393 680 quos

1804 705 2037 760 ridicule
2070 713 2299 758 matrem
2346 704 2491 773 ejus,
2549 703 2728 772 ipsum
2766 702 2877 772 jam
2929 703 3251 773 parientem.
3283 704 3393 758 cir-

1808 796 2181 858 cumstetisse,
2205 796 2364 865 eique
2411 795 2784 850 obstetriciam
2822 797 3142 865 praestitisse
3165 810 3388 866 operam

1807 897 2014 959 narrat.
2072 886 2187 940 lmo
2218 901 2394 956 neque
2449 894 2507 940 ut
2543 887 2738 940 faLula:
2768 888 2810 916 ¹¹
2848 886 2913 941 de
2946 888 3172 942 fulmine
3195 895 3388 942 testem

1808 977 2076 1048 producat
2099 987 2314 1046 expeto.
2361 975 2549 1047 Neque
2592 978 2736 1031 enim
2781 977 3008 1029 istorum
3042 978 3202 1030 etiam
3257 991 3392 1030 con-

1807 1069 1958 1124 scius
1990 1067 2196 1130 Damis.
2228 1067 2293 1121 ad
2340 1083 2501 1137 quem
2561 1070 2899 1138 provocavit,
2935 1068 3093 1122 nobis
3131 1067 3389 1138 prodibit,

1805 1162 1898 1230 qui
1931 1161 2025 1216 diu
2076 1169 2199 1232 post
2251 1159 2470 1216 demum
2529 1159 2676 1225 Nini,
2709 1160 2946 1232 Assyriae
2977 1162 3131 1223 urbe,
3186 1163 3304 1216 viro
3330 1176 3390 1216 se

1807 1253 2079 1323 adiunxit.
2117 1252 2324 1323 Nempe
2366 1269 2468 1323 ego
2491 1251 2708 1323 quidem
2738 1254 3114 1309 lubentissime
3138 1254 3392 1324 probabi-

1807 1347 1948 1400 libus
1969 1345 2152 1408 rebus,
2175 1355 2230 1400 et
2255 1345 2320 1398 ad
2359 1361 2544 1400 verum
2565 1345 2790 1415 propius
2819 1344 3206 1400 accedentibus
3233 1345 3388 1399 ﬁdem

1808 1438 2038 1498 habens,
2069 1437 2196 1491 licet
2242 1437 2405 1492 etiam
2459 1437 2704 1506 quaedam
2755 1436 3040 1506 magniﬁce
3071 1437 3264 1507 magis,
3295 1453 3391 1508 per

1809 1529 2311 1599 exaggerationem,
2346 1529 2412 1583 ad
2446 1529 2980 1582 comtiit-ridationem
3019 1530 3116 1582 viri
3154 1529 3279 1584 boni
3309 1529 3391 1583 af-

1810 1618 2078 1680 ferantur,
2136 1634 2200 1674 ea
2261 1617 2534 1674 credenda
2569 1634 2693 1672 esse
2741 1618 3225 1689 amplecteudaque
3257 1618 3389 1672 mihi

1811 1709 2136 1780 persuadeo,
2171 1711 2332 1765 modo
2353 1725 2423 1764 ne
2468 1722 2775 1764 monstrosa
2813 1711 2924 1764 sint
2984 1710 3164 1781 plane,
3197 1719 3249 1763 et
3279 1716 3393 1762 sto-

1811 1802 1934 1858 lidis
1970 1803 2241 1874 figmentis
2282 1802 2504 1858 referta.
2541 1801 2726 1872 Neque
2756 1803 2890 1856 adeo
2922 1801 3213 1862 invideam,
3245 1800 3390 1870 quod

118 1903 254 1973 ρίους
286 1901 547 1966 ἅπαντας
570 1919 582 1932 ·
614 1901 953 1956 διδασκάλων
987 1918 1066 1967 τε,
1117 1901 1235 1954 νέον
1267 1901 1416 1965 ὄντα,
1454 1900 1514 1953 οὑ
1547 1900 1698 1971 μόνον

1808 1896 1956 1949 dicat
1994 1896 2312 1958 historicus,
2368 1911 2542 1966 genus
2602 1911 2723 1950 esse
2770 1895 2890 1947 viro
2917 1896 3199 1963 antiquum
3225 1895 3304 1958 ”,
3338 1903 3392 1946 et

113 1994 211 2046 τῶν
255 1994 656 2066 δεδηλωμένων
711 1997 914 2064 τυχεῖν,
961 1993 1098 2056 ἀλλ’,
1144 1994 1192 2046 εἰ
1234 1992 1399 2056 δοκεῖ,
1432 1993 1528 2045 καὶ
1577 1990 1700 2045 τού-

118 2103 212 2138 των
238 2085 350 2156 (86)
382 2086 551 2140 αὑτὸν
579 2085 898 2139 διδάσκαλον
924 2087 1018 2140 καὶ
1052 2084 1370 2156 καθηγητὴν
1399 2083 1697 2153 γεγονέναι.

120 2179 288 2232 Ἔστω
322 2179 369 2232 δ’
404 2181 503 2232 ἐπὶ
539 2178 748 2242 τούτοις
792 2180 1053 2250 ἐντρεχὴς
1079 2180 1172 2232 καὶ
1202 2177 1270 2231 τά
1305 2176 1480 2241 κοινὰ,
1511 2176 1586 2239 ὡς
1610 2175 1701 2229 τὸν

117 2271 168 2334 ἐς
208 2270 547 2343 Ἀσκληπιοῦ
578 2269 875 2344 θεραπείας
909 2271 1068 2341 χάριν
1099 2271 1424 2341 ἀφιγμένον,
1457 2270 1545 2323 διὰ
1561 2268 1703 2339 γνώ-

120 2379 217 2431 μης
262 2362 504 2433 ἀρίστης
552 2360 863 2427 ἀπαλλάξαι
911 2361 1014 2429 τῆς
1058 2361 1389 2433 ἀρρωστίας.
1439 2358 1700 2414 Νοσοῦντι

119 2452 292 2523 γάρῖδὴ
326 2452 527 2525 ὑδέρου
575 2451 762 2514 πάθει,
810 2449 1148 2521 κατάλληλον
1197 2451 1523 2523 ἐγκρατείας
1575 2451 1701 2502 ὑπο-

120 2543 289 2598 θέσθαι
330 2544 547 2598 δίαιταν
592 2543 671 2616 τῷ
700 2544 982 2616 κάμνοντι,
1017 2544 1108 2598 κα).
1156 2542 1328 2616 ταύτῃ
1370 2544 1532 2597 αὑτὸν
1575 2543 1703 2611 ὑγιᾶ

120 2637 474 2708 καταστῆσαι,
503 2637 597 2691 καὶ
637 2636 811 2707 τούτῳ
838 2653 901 2706 γε
933 2637 1032 2707 τῆς
1063 2637 1702 2708 φρονήσεωςάποδεκτὸν

118 2728 169 2784 τὸ
201 2729 514 2804 μειράκιον.
536 2730 644 2784 Καὶ
675 2729 752 2794 ὡς
779 2729 870 2782 τὸν
901 2727 1208 2792 πολυτελῶς
1234 2729 1344 2797 (87)
1391 2727 1538 2782 θύειν
1562 2748 1703 2802 παρ-

122 2821 520 2894 εσκευασμένον
558 2815 756 2893 εἷρξεν,
787 2817 874 2873 οἷα
907 2819 1052 2883 εἰκὸς
1091 2820 1182 2872 ἐπὶ
1215 2819 1380 2891 κακίᾳ
1420 2819 1702 2893 διαϐεϐοη-

123 2915 265 2985 μένον
288 2933 303 2947 ·
374 2914 468 2968 καὶ
520 2913 630 2984 γὰρ
672 2913 736 2984 δὴ
793 2915 884 2966 καὶ
942 2912 1050 2965 τῶν
1107 2911 1388 2982 ἐγχωρίων
1443 2911 1700 2965 ἁπάντων

121 3000 516 3055 πλουσιῶτατόν
541 3001 649 3064 (88)
684 3018 742 3054 τε
777 3001 870 3054 καὶ
904 3000 1367 3072 περιφανέστατον
1393 3001 1554 3054 αὑτὸν
1579 3003 1703 3054 ὑπο-

120 3092 332 3148 τίθεται.
372 3093 485 3147 Καὶ
525 3094 581 3145 ἐν
623 3091 864 3165 σώφροσι
891 3093 935 3146 δ’
970 3092 1131 3144 αὑτὸν
1160 3091 1353 3161 φθόνος
1382 3094 1556 3157 οὐδεὶς
1579 3094 1704 3147 ἀνα-

120 3186 363 3256 γράφειν,
391 3186 476 3238 ὅτι
511 3203 568 3239 τε
600 3185 734 3257 πρδς
767 3185 856 3237 τὸν
883 3183 1136 3256 ἐραστὴν,
1167 3183 1503 3257 πειρώμενον
1534 3184 1698 3240 αὑτοῦ

120 3278 204 3349 τῆς
229 3278 406 3349 ὧρσις,
447 3277 900 3348 δινελοιδορήσατο,
944 3277 1038 3330 καὶ
1063 3278 1378 3346 γυναικείας
1411 3278 1492 3330 ὅτι
1526 3277 1697 3330 καθα-
1727 3261 1769 3318 C

131 3371 207 3441 ρδν
247 3372 446 3424 ἑαυτὸν
483 3371 682 3442 μίξεως
726 3371 813 3424 διὰ
859 3371 1066 3434 τέλους,
1117 3372 1193 3435 ὡς
1235 3372 1263 3423 ὁ
1309 3372 1466 3440 λόγος
1512 3373 1698 3442 φησὶν,

127 3465 299 3534 ἤγαγε.
335 3463 511 3517 Πιστά
546 3464 593 3517 δ’
633 3463 772 3516 ἔστω
814 3465 909 3516 κα).
948 3464 1014 3517 τά
1046 3463 1146 3533 τῆς
1193 3464 1520 3528 πενταετοῦς
1558 3467 1700 3521 κατά

126 3555 438 3628 Πυθαγόραν
469 3557 681 3627 σιωπῆς
711 3556 899 3617 αὑτοῦ,
930 3558 1023 3609 καὶ
1066 3557 1152 3616 τὰ,
1199 3558 1347 3620 ὅπως
1373 3556 1576 3628 ταύτην
1613 3557 1696 3610 δι-

126 3649 325 3716 ήνυσεν,
359 3647 586 3702 ἐπαίνου
618 3647 763 3712 ἄξια.
798 3647 984 3701 Ταῦτα
1000 3647 1084 3717 δὴ,
1104 3648 1199 3700 καὶ
1232 3648 1334 3700 ὅσα
1363 3646 1588 3700 τοιαῦτα
1611 3651 1702 3703 άν-

126 3736 375 3809 θρὼπινα,
413 3741 508 3793 καὶ
531 3740 606 3802 ὡς
630 3739 846 3810 άληθῶς
876 3739 1193 3809 φιλοσοφίας
1224 3739 1317 3792 καὶ
1351 3738 1606 3810 ἀληθείας
1637 3741 1698 3793 ού

127 3833 316 3904 πόρρω,
350 3832 558 3905 δέχοιμ¹
588 3833 676 3894 ἂν,
715 3835 843 3905 περὶ
883 3831 1078 3886 πολλοῦ
1113 3831 1173 3884 τὸ
1196 3830 1476 3903 εὖγνωμόν
1504 3851 1562 3885 τε
1607 3833 1700 3886 καὶ

127 3924 399 3997 φιλάληθες
433 3925 760 3997 τιμώμενος.
803 3925 875 3977 Τό
901 3925 963 3994 γέ
993 3941 1074 3977 τοι
1120 3926 1369 3996 κρεῖττον
1409 3923 1696 3997 ἀνθρώπου

125 4015 390 4086 τὴνφύσιν
433 4016 804 4082 ὑποτίθεσθαι,
837 4019 932 4071 καὶ
978 4016 1126 4088 παρά
1167 4017 1331 4079 πόδας
1379 4017 1489 4087 (89)
1536 4019 1694 4070 ἐναν-

125 4109 384 4179 τιολογεῖν,
435 4110 536 4174 τῆς
583 4127 642 4163 τε
697 4109 947 4180 δοθείσης
984 4111 1316 4180 ἀμνημονεῖν
1363 4109 1693 4175 ὑποθέσεως,

126 4198 246 4270 ἔχειν
270 4203 442 4273 ψόγον
474 4203 561 4266 ἂν,
596 4204 690 4257 καὶ
730 4203 980 4274 διαϐολὴν
1011 4202 1158 4274 αὑτῷ
1198 4221 1258 4256 τε
1298 4203 1374 4274 τῷ
1406 4204 1691 4277 γράφοντι,

128 4293 204 4343 καὶ
233 4295 367 4348 πολὺ
403 4289 676 4366 πρότερον
709 4294 787 4364 τῷ
819 4294 1169 4366 γραφομένῳ,
1207 4294 1494 4365 περιάψειν
1529 4293 1688 4366 ἠγοῦ-

130 4398 231 4450 μαι.

1806 1988 1950 2057 quod
1986 1987 2040 2040 in
2088 1987 2296 2056 primos
2355 1987 2670 2042 Conditores
2703 1984 2937 2058 [patrita]
2964 1986 3196 2040 desinat.
3231 1984 3387 2051 Quod

1811 2079 1938 2132 item
1969 2078 2170 2132 civium
2206 2079 2450 2132 omnium
2481 2078 2812 2133 ditissimum
2850 2078 2984 2134 liCat
3015 2078 3214 2132 fuisse:
3249 2092 3390 2148 prae-

1804 2180 2166 2242 ceptoresque
2195 2173 2240 2203 ’³
2280 2171 2685 2226 adolescentem
2727 2187 2834 2225 non
2890 2172 3230 2226 clarissimos
3270 2181 3391 2224 lan-

1803 2272 1917 2317 ttan
1969 2279 2090 2318 esse
2146 2273 2394 2327 nactum,
2450 2280 2638 2318 verum
2678 2265 2866 2325 etiam,
2929 2265 2973 2320 si
3025 2265 3099 2318 ita
3153 2265 3385 2334 placeat,

1801 2372 1991 2412 eorum
2017 2358 2194 2426 ipsum
2221 2357 2543 2428 magistrum
2585 2358 2867 2413 exstitisse
2901 2365 3064 2426 atque
3086 2357 3384 2417 doctorem,

1805 2452 1935 2507 Esto
1958 2463 2137 2507 autem
2172 2463 2454 2523 praeterea,
2491 2454 2653 2508 etiam
2687 2454 2741 2510 in
2781 2455 2941 2508 rebus
2965 2453 3280 2526 [ordinariis
3309 2447 3387 2523 et}

1803 2546 2119 2616 vulgaribus
2154 2561 2319 2616 sagax
2355 2564 2368 2598 :
2401 2545 2475 2599 ita
2517 2553 2576 2599 ut
2607 2545 2675 2600 ad
2737 2546 3080 2616 Asclepieum
3105 2528 3388 2601 medicina:

1805 2652 1973 2692 causa
2008 2639 2357 2693 accedentem
2398 2640 2465 2702 ³⁸,
2494 2639 2702 2708 optimo
2725 2641 2956 2694 consilio
2981 2641 3047 2694 ab
3066 2639 3391 2710 azgritudine

1805 2729 2050 2784 liherarit
2101 2730 2290 2801 (Aquae
2340 2729 2626 2787 intercutis
2673 2731 2818 2785 enim
2872 2733 3062 2787 morbo
3094 2729 3386 2794 laboranti,

1803 2821 2222 2875 convenientem
2283 2838 2431 2892 aegro
2460 2823 2518 2877 in
2577 2822 2723 2878 victu
2774 2826 3190 2894 temperantiam
3241 2821 3392 2893 quod

1804 2914 2143 2981 przeceperit,
2197 2931 2432 2986 eumque
2486 2915 2621 2970 adeo
2673 2917 2976 2970 restituerit
3014 2916 3258 2978 sanitati.
3318 2917 3390 2972 ob

1804 3003 1907 3059 hoc
1960 3021 2178 3074 quoque
2236 3009 2540 3078 prudentia:
2585 3007 3018 3082 [argumentum]
3079 3008 3388 3064 laudandus

1801 3099 2168 3171 adolescens);
2225 3101 2298 3153 ita
2332 3099 2520 3172 [porro
2569 3102 2626 3156 in
2679 3102 2845 3158 rebus
2874 3103 3192 3173 vulgaribus
3220 3119 3391 3174 sagax

1803 3190 1896 3264 sit]
1947 3200 2018 3244 vut
2047 3201 2116 3258 eL
2148 3193 2433 3262 magnifice
2471 3194 2643 3250 sacris
2689 3204 3006 3265 operantem
3055 3195 3294 3265 abegerit
3317 3193 3387 3262 ’⁸,

1803 3287 2004 3358 quippe
2035 3285 2236 3340 aﬂatim
2270 3287 2340 3341 ob
2358 3287 2489 3342 vitia
2519 3288 2785 3344 famosum
2832 3287 3051 3360 (nempe
3109 3288 3388 3344 hominem

1803 3386 1863 3432 ut
1919 3379 2162 3449 regionis
2215 3379 2361 3434 illius
2425 3380 2660 3434 maxime
2711 3380 2931 3434 divitem
2993 3387 3386 3449 repraesentat,

1803 3470 2148 3539 maximeque
2170 3470 2586 3540 conspicuum);
2617 3487 2793 3542 neque
2811 3470 3083 3525 invideam
3115 3471 3168 3524 in
3193 3471 3392 3526 castis-

1802 3562 1958 3618 simis
1987 3577 2111 3616 eum
2153 3563 2390 3627 censeri,
2455 3564 2712 3634 quodque
2767 3571 3038 3618 amantem
3071 3565 3137 3626 ",
3172 3569 3386 3622 aetatem

1803 3653 1925 3722 ejus
1953 3669 2310 3724 corrumpere
2341 3660 2668 3721 tentantem,
2707 3654 3060 3725 objurgatum
3092 3652 3384 3723 repulerit;

1803 3744 1949 3815 quod
1989 3745 2115 3798 item
2147 3758 2177 3797 a
2219 3744 2470 3798 muliebri
2531 3745 2867 3800 commercio
2919 3760 3112 3816 puram
3145 3760 3384 3816 semper.

1798 3841 1863 3896 ut
1894 3833 2125 3889 historia
2151 3833 2320 3888 refert
2343 3835 2411 3896 ³⁷,
2444 3836 2611 3889 vitam
2663 3837 2855 3907 egerit.
2890 3834 3076 3891 Fidem
3099 3837 3264 3891 etiam
3301 3836 3386 3890 in-

1803 3927 2044 3988 veniant,
2077 3942 2198 3996 qua:
2226 3927 2291 3980 ad
2313 3925 2706 4001 [observatum]
2749 3929 2851 3999 ipsi
2874 3929 3029 3997 juxta
3059 3927 3386 3999 Pythagora:

1813 4021 2057 4075 instituta
2082 4021 2457 4091 quinquennio
2490 4023 2764 4108 silentium
2793 4032 3041 4091 spectant
3060 4024 3126 4084 ⁸⁸,
3149 4029 3204 4075 et
3233 4022 3385 4091 quid-

1811 4107 1963 4177 quid,
1997 4108 2124 4162 dum
2159 4109 2286 4163 illud
2311 4111 2501 4175 obivit,
2523 4110 2679 4164 laude
2712 4111 2835 4164 fecit
2857 4111 3101 4182 dignum.
3124 4110 3267 4178 Hzec,
3297 4111 3384 4164 in-

1811 4214 1994 4268 quam,
2014 4207 2068 4253 et
2087 4200 2348 4269 quidquid
2371 4201 2490 4269 ejus
2515 4213 2598 4255 est
2617 4203 2851 4270 generis,
2872 4203 3163 4256 humanam
3183 4213 3382 4257 sortem

1811 4309 1918 4347 non
1959 4293 2276 4349 excedentia
2301 4335 2315 4356 ,
2353 4293 2508 4363 521
2559 4302 2614 4348 et
2664 4309 2805 4348 vera:
2863 4292 3222 4362 philosophiae
3257 4308 3388 4346 eon-

1804 4395 2090 4450 sentanea,
2125 4403 2304 4456 neque
2342 4387 2509 4442 nimis
2541 4387 2611 4442 ab
2641 4387 2755 4458 ipsa
2780 4388 3007 4441 veritate
3037 4387 3235 4449 aliena,
3275 4401 3384 4440 non

128 4473 309 4532 invitus
343 4477 703 4545 admiserim;
741 4477 922 4548 magni
961 4492 1092 4533 sane
1127 4476 1419 4532 candorem
1456 4477 1688 4538 faciens.
1731 4488 1784 4534 et
1820 4480 2061 4532 studium
2099 4477 2368 4534 veritatis.
2397 4478 2614 4531 Atvero
2644 4478 2883 4533 hominis
2942 4476 3091 4532 illius
3147 4475 3383 4530 indolem

128 4566 343 4627 humana
391 4573 652 4642 majorem
688 4573 909 4646 ﬁngere,
944 4575 1241 4644 statimque
1271 4575 1375 4630 sibi
1407 4574 1510 4646 ipsi
1547 4577 1949 4642 contradicere,
1979 4582 2033 4630 et
2095 4589 2291 4646 parum
2322 4589 2619 4629 memorem
2662 4590 2787 4630 esse
2842 4584 3002 4628 antea
3059 4573 3384 4642 positorum,

187 4725 353 4797 ¹χιιι).
392 4744 441 4791 ι,
477 4745 526 4782 c.
559 4729 616 4784 ι.
693 4729 739 4763 ὀ
779 4730 872 4784 lib.
917 4739 1056 4791 n‘,c.
1095 4730 1146 4784 5.
1227 4729 1421 4784 “ibid.
1498 4731 1542 4764 η
1585 4733 1676 4786 lib.

1811 4748 1858 4785 c.
1902 4731 1956 4784 4.
2034 4733 2080 4762 ¹³
2120 4732 2213 4786 lib.
2248 4748 2300 4797 ι,
2337 4747 2386 4788 c.
2421 4733 2475 4786 3.

2570 4732 2616 4763 “
2667 4732 2759 4786 lib.
2803 4749 2851 4794 ι,
2896 4746 2944 4784 c.
2979 4729 3033 4784 9.
3111 4731 3156 4761 "
3198 4727 3292 4783 lib.
3330 4741 3384 4794 ι,

129 4807 170 4848 c.
201 4794 278 4851 l9.
355 4798 404 4829 ³⁸
443 4800 536 4854 lib.
577 4816 628 4864 ι,
663 4818 713 4856 c.
751 4800 863 4854 12.:
916 4803 958 4832 ²⁷
999 4803 1092 4856 lib.
1134 4817 1180 4866 ι,
1216 4820 1265 4855 c.
1303 4803 1389 4857 15.
1465 4802 1510 4833 ³³
1551 4803 1644 4858 lib.
1682 4819 1696 4856 ι

1808 4824 1832 4855 τ.
1871 4802 1933 4856 14
1960 4811 2014 4857 et
2049 4802 2137 4858 16.

188 4951 288 5019 (85)
324 4953 714 5023 Περιστῆσαι.
747 4955 1102 5013 Restituenda
1137 4973 1204 5014 ex
1237 4956 1570 5014 Philostrato
1589 4975 1691 5014 vox

131 5019 233 5084 fuit,
260 5041 383 5093 quae
405 5019 694 5079 exciderat
735 5027 790 5080 in
821 5029 1002 5083 editis.

187 5094 287 5170 (84)
324 5095 437 5149 Τοῦ
482 5097 776 5170 σκηπτοῦ.
827 5096 1141 5169 Legendum
1192 5099 1286 5153 τοῦ
1333 5101 1598 5170 σκηπτοῦ,
1634 5109 1692 5155 ιιι

130 5176 183 5236 ᾳ
213 5162 337 5236 Reg.
380 5181 481 5236 ms.
514 5162 952 5222 et’Philostrat'o
994 5170 1365 5226 emendaram.
1412 5162 1686 5228 HOLSTEN.

130 5232 402 5318 Nempéﬁn
445 5235 662 5292 Eusebii
693 5239 858 5294 editis
897 5240 1077 5311 inepte
1120 5242 1383 5311 scriptum
1409 5251 1525 5297 erat
1562 5244 1691 5316 περὶ

129 5308 248 5377 τοὺς
265 5308 490 5377 κήπους.

187 5376 288 5461 (8ἓξ)
321 5376 652 5461 Ξυνζστωρ.
685 5379 1201 5461 ξυνίστωρῃροειιξ
1235 5397 1331 5451 pro
1366 5381 1474 5461 ξὺν.
1521 5382 1689 5461 ἵστριρ

132 5441 415 5525 (αυοιίέςςιιι
442 5448 496 5502 in
537 5441 814 5518 prioribus
855 5441 1208 5524 editionibus)
1235 5441 1511 5508 sententia
1543 5441 1692 5525 fla'gi-

132 5522 258 5571 tante
310 5518 583 5575 llocsreu.

189 5587 580 5670 ($6)7_Todtwr_-.
620 5589 712 5670 Sic
737 5593 960 5670 _resti_tui
979 5609 1092 5670 _p_ro_
1129 5593 1338 5670 τοῦτον,
1379 5596 1691 5670 postulante

133 5661 402 5738 sententia,
439 5671 493 5715 et
543 5661 660 5738 ipsa
698 5663 925 5738 historia
977 5661 1294 5738 Philostrati
1338 5661 1688 5733 concinente,

133 5728 210 5808 qui
240 5727 858 5808 Euxeno,_niagistro_in
889 5733 1248 5808 Pythagorica
1272 5738 1538 5808 sapientia
1563 5727 1686 5800 suo;

133 5793 269 5922 mae
327 5793 662 5873 superiorem
721 5803 891 5861 fuisse
935 5793 1280 5876 'discipulum
1337 5793 1686 5877 hpollomum

1724 5003 1772 5060 D

1870 4958 1980 5029 (87)
2020 4964 2129 5017 Kal
2159 4966 2239 5030 ὡς
2282 4965 2390 5018 τὸν
2431 4967 2642 5016 πολυτ.
2680 4958 3048 5030 Suspenditur
3079 4957 3266 5030 oratio!
3289 4975 3386 5029 per

1797 5028 2118 5099 particulam
2171 5028 2246 5097 ὡς
2297 5050 2328 5089 a
2367 5033 2765 5099 superioribus,
2793 5028 2934 5084 ἔστω
2961 5028 3003 5082 δ’
3037 5031 3131 5082 ἐπὶ
3177 5028 3385 5094 τούτοις

1798 5101 2054 5173 ἐντρεχὴς
2082 5105 2172 5156 κα).
2197 5105 2264 5158 τά
2310 5099 2484 5162 κοινά,
2531 5104 2628 5155 ὨΣ
2652 5103 2742 5156 τὸν
2787 5099 3127 5173 Ἀσκληπιοῦ
3144 5099 3385 5173 ἀφιγμέ-

1796 5170 1902 5254 νον
1931 5170 2237 5238 ἀπαλλάξαι
2278 5177 2378 5246 τῆς
2433 5174 2745 5245 ἀρρωστίας
2770 5212 2783 5225 .
2804 5210 2816 5218 .
2839 5210 2853 5225 .
2893 5172 2986 5223 καὶ
3033 5170 3130 5222 ὨΣ
3156 5170 3248 5222 τὸν
3282 5187 3384 5223 πο-

1797 5251 1912 5294 λυτ.
1944 5251 2050 5298 etc.

1867 5313 1976 5382 (88)
2005 5316 2114 5369 Καὶ
2136 5333 2189 5383 γ.
2208 5315 2262 5367 δ.
2283 5314 2382 5383 καὶ
2421 5331 2470 5366 τ.
2502 5314 2713 5380 ἐγχωρ.
2731 5311 2836 5366 ἀπ.
2864 5313 3087 5366 πλουσ.
3126 5308 3382 5383 Qualium

1796 5386 2002 5438 scelera
2045 5382 2259 5439 facilius
2282 5382 2336 5435 in
2363 5383 2556 5453 vulgus
2582 5399 2838 5439 emanare
2875 5383 3076 5454 solent,
3134 5389 3192 5434 ut
3226 5382 3385 5454 adeo

1794 5455 2117 5523 Apollonius
2159 5456 2277 5510 sine
2313 5452 2495 5508 divina
2549 5454 2801 5518 scientia,
2833 5469 2900 5508 ex
2947 5453 3114 5514 fama,
3146 5452 3269 5521 quae
3313 5452 3382 5505 ad

1799 5525 2072 5580 hominem
2109 5527 2270 5581 istum
2303 5523 2646 5594 spectabant.
2681 5525 2919 5594 potuerit
2950 5523 3268 5578 resciscere.

1869 5596 1980 5666 (89)
2013 5597 2176 5664 Παρὰ
2201 5591 2406 5661 πόδάς.
2441 5591 2696 5666 ιιιιηιῖεεῖ
2725 5595 2860 5666 cod.
2889 5610 2987 5664 pro
3025 5595 3174 5649 edito
3204 5610 3382 5664 παρα-

1796 5662 1976 5731 δόσας,
2004 5662 2148 5736 quod
2177 5668 2336 5722 nauci
2375 5673 2478 5721 est.
2514 5662 2787 5723 HOLerN.
2823 5662 2976 5720 lianc
3007 5662 3296 5736 lectionem
3327 5672 3380 5720 et

1799 5739 1916 5808 ipse
1939 5731 2111 5808 probo
2137 5754 2152 5801 ;
2177 5738 2492 5807 suspicatus
2541 5736 2670 5790 olim
2713 5737 2944 5804 fueram,
2971 5731 3288 5808 παραδόξως
3314 5736 3380 5790 le-

1795 5809 2030 5878 gendum
2067 5823 2209 5864 esse.
