3938 6514
203 404 302 459 82!

1329 383 1526 440 LIBER
1563 381 1842 439 CONTRA
1880 374 2294 435 HIEROCLEM.

3329 365 3430 420 8’23

202 513 438 589 ἡγεμόνα
479 527 539 564 τε
575 510 715 576 ἀξιοῖ
748 509 844 578 τῆς
886 508 943 570 ἐς
974 505 1300 578 Βραχμᾶνας
1347 503 1570 574 πορείας
1614 500 1764 570 γενέ-

1875 505 2043 567 rogat.
2099 494 2301 548 Ducem
2351 491 2478 546 item
2528 489 2762 559 aliquem
2806 486 2906 543 vias
2955 485 3023 542 ad
3063 483 3427 540 Brachmanas

204 610 323 661 σθαι
353 605 454 657 τιν’
486 602 656 672 αὐτῷ.
699 603 806 654 Καὶ
848 597 1047 670 μεταξὺ
1081 599 1108 649 6
1143 597 1239 666 μὲν
1271 594 1377 647 τῶν
1416 593 1587 646 Ἰνδῶν
1615 592 1765 662 βασι-

198 699 348 761 λεὺς,
395 697 490 749 καὶ⁸
529 695 704 747 ταῦτα
753 691 1024 762 βάρϐαρος
1070 687 1145 740 ὢν
1189 687 1286 758 τὴν
1323 685 1504 754 φύσιν,
1537 685 1627 737 τὸν
1671 685 1762 755 ἑρ-

202 790 374 860 μηνέα
433 787 679 840 ἐκποδὼν
735 782 1238 856 μεταστησάμενος,
1302 777 1510 832 Ἐλλάδι
1571 777 1766 848 χρῆται

199 882 333 953 πρὸς
380 879 542 933 αὑτὸν
589 881 656 948 τῇ
702 875 909 946 ὁμιλίᾳ,
958 872 1201 926 παιδείαν
1252 869 1345 922 καὶ
1400 868 1766 938 πολυμάθειαν

198 971 633 1041 ινδεικνὺμενος·
690 971 718 1022 6
758 967 814 1020 δὲ
851 967 958 1019 οὐδ’
995 967 1104 1031 ὣς,
1130 965 1212 1018 ὅτι
1244 963 1307 1033 δὴ
1341 963 1435 1015 καὶ
1475 961 1635 1024 αὐτὸς
1666 960 1766 1030 τῆς

196 1069 329 1139 παρ’
360 1067 543 1128 αὐτοῖς
567 1065 667 1117 οὐκ
701 1061 926 1134 ἀμαθῶς
964 1060 1076 1131 ἔχοι
1110 1058 1312 1129 φωνῆς,
1344 1056 1460 1110 δέον
1493 1053 1767 1124 ἀντεφιλο-

191 1160 467 1230 τιμήσατο
520 1155 651 1226 (96).

691 1263 1084 1318 ΚΕΦᾹΛΑΙΟΝ
1137 1262 1237 1315 IE’.

282 1380 437 1433 Ἀλλά
485 1382 579 1433 καὶ
626 1379 912 1440 λαλοῦντος
951 1375 1158 1428 Ἐλλάδι
1196 1371 1406 1443 γλώττῃ
1445 1371 1538 1425 τοῦ
1579 1370 1763 1433 Ἰνδοῦ,

191 1472 588 1542 ἐκπλήττεται,
704 1487 865 1541 φησιν
904 1469 932 1522 6
962 1467 1341 1536 Φιλόστρατος,
1381 1465 1665 1528 ἀκόλουθα,
1693 1466 1768 1528 ὡς

189 1569 389 1631 ἔοικεν,
425 1564 602 1634 ἐαυτῷ
632 1565 879 1634 γράφων.
911 1562 1036 1623 Πῶς
1078 1559 1186 1630 γὰρ
1232 1559 1296 1614 ἂν
1339 1558 1642 1630 ἐξεπλάγη.
1693 1559 1767 1630 μὴ

188 1659 310 1727 οὐχὶ
341 1655 622 1729 βάρϐαρον
665 1654 886 1724 οἰηθεὶς,
921 1654 1013 1705 καὶ
1061 1652 1343 1721 θαυμάσας
1379 1650 1490 1718 (97)
1518 1667 1532 1714 ;
1567 1650 1661 1702 καὶ
1689 1649 1769 1701 ὃτι

189 1747 256 1817 δὴ
279 1745 369 1798 τὸν
403 1746 644 1798 τοιοῦτον
675 1742 734 1796 οὗ
770 1741 885 1795 ποτ’
910 1741 975 1795 ἂν
1007 1739 1309 1810 Ἑλληνίσαι
1336 1738 1766 1810 προσεδόκησεν;

190 1833 311 1896 εἶθ’,
357 1835 551 1906 ὥσπερ
589 1851 642 1886 τι
677 1832 968 1903 παραδόντι
1024 1829 1321 1901 παράδοξον
1363 1829 1764 1896 καταπλαγεὶς,
1802 1866 1842 1920 Β

190 1928 374 1982 καὶτὸ
401 1927 595 1980 τούτου
627 1925 707 1978 ἔτι
752 1925 860 1995 (98)
906 1923 1113 1992 ἀγνοῶν
1167 1923 1357 1984 αἴτιον,
1395 1941 1413 1973 ι
1457 1923 1590 1975 Εἰπέ
1639 1938 1761 1990 μοι,

188 2022 289 2091 ἔφη
323 2023 354 2073 ὁ
390 2018 766 2081 Ἀπολλώνιος,
831 2011 875 2070 ὦ
940 2015 1180 2086 βασιλεῦ,
1218 2014 1380 2068 πόθεν
1411 2014 1582 2078 οὕτως
1623 2016 1765 2084 ἔχεις

188 2110 377 2179 φωνῆς
431 2109 721 2172 Ἐλλάδος·;
779 2107 1064 2176 Φιλοσοφία
1118 2124 1177 2158 τε
1235 2109 1268 2178 ὴ
1315 2108 1439 2178 περὶ
1492 2107 1549 2159 σὲ
1604 2108 1765 2160 πόθεν

189 2199 463 2264 bruma;
499 2200 618 2252 οὐδὲ
652 2200 758 2267 γὰρ
800 2201 858 2258 ἐς
890 2197 1274 2260 διδασκάλους,
1325 2193 1477 2267 οἶμαί
1512 2213 1596 2265 γε,
1638 2199 1767 2251 ἀνα-

188 2289 410 2360 φέρεις,
446 2290 570 2341 ἐπεὶ
604 2291 676 2360 μὴ
708 2285 845 2342 εἶναι
890 2288 1068 2350 Ἰνδοῖς
1099 2287 1244 2350 εἰκὸς
1271 2289 1381 2356 (99)
1419 2287 1766 2351 διδασκάλους

183 2381 402 2434 τούτου.
435 2402 454 2434 ι
505 2377 672 2435 Λῦται
713 2383 768 2434 αἱ
813 2379 1101 2452 παράδοξοι
1135 2379 1227 2433 τοῦ
1259 2379 1434 2432 πάντα
1461 2377 1765 2452 προγνώσει

185 2473 528 2543 διειληφότος
575 2473 769 2543 φωναὶ,
818 2472 884 2536 ἀς
916 2475 943 2525 6
978 2472 1229 2542 βασιλεὺς
1264 2470 1639 2542 ἀμειϐόμενος.
1685 2471 1765 2522 ὃτι

186 2581 246 2616 τε
280 2565 437 2633 σχοίη
482 2563 851 2625 διδασκάλους,
891 2563 983 2614 καὶ
1023 2562 1216 2624 οἵτινες
1266 2558 1430 2625 οὗτοι,
1472 2561 1679 2614 ἕκαστά
1705 2577 1764 2614 τε

185 2653 462 2726 πατρόθεν
491 2653 599 2707 τῶν
634 2655 760 2726 περὶ
797 2654 957 2709 αὑτὸν
997 2653 1412 2726 ξυμϐεϐηκότων
1442 2653 1654 2726 φράζει.

314 3021 319 3026 ν
706 2946 1098 3000 ΚΕΦΑΛΑΙΟΝ
1137 2948 1252 3014 ις’.

255 3026 396 3086 Εἶτα
424 3035 519 3088 καί
545 3053 652 3088 τισι
678 3035 770 3089 τοῦ
803 3037 962 3090 Ἰνδοῦ
989 3037 1296 3102 δικάζοντος
1329 3035 1458 3107 περὶ
1489 3035 1761 3108 θησαυροῦ

1867 587 1971 641 sibi
2000 585 2118 639 dari
2144 599 2252 638 non
2279 581 2459 636 renuit
2485 579 2548 632 ³⁸.
2584 577 2792 634 Interea
2824 577 3078 632 Indorum
3105 591 3198 631 rex
3222 575 3288 637 ⁸⁵,
3312 573 3432 627 baro

1873 679 2044 733 barus
2077 677 2206 731 licet
2238 673 2534 734 natalibus,
2577 671 2875 740 interprete
2916 669 3098 723 subito
3153 665 3427 730 submoto,

1867 768 2053 824 Graece
2081 784 2204 822 cum
2234 767 2352 837 ipso
2391 767 2654 836 loquitur,
2682 763 2945 818 doctrinas
2971 769 3134 828 atque
3163 757 3431 813 eruditio-

1867 863 1956 916 nis
1991 861 2160 916 edens
2190 865 2530 929 argumenta.
2586 854 2908 925 Apollonius
2951 867 3080 906 vero
3108 865 3177 904 ne
3203 849 3282 902 sic
3310 847 3430 916 qui-

1865 951 2010 1014 dem,
2047 958 2106 1004 ut
2135 954 2206 1018 [se
2237 963 2452 1018 quoque
2487 947 2722 1001 vicissim
2767 945 2962 1014 lingua:
2993 956 3114 1013 quae
3169 938 3307 1010 apud
3343 936 3429 990 In-

1867 1043 1967 1097 dos
1997 1041 2284 1102 obtineret,
2330 1041 2563 1110 peritum
2621 1036 2956 1099 ostenderet,
2987 1041 3200 1096 contra,
3230 1038 3290 1086 ut
3332 1045 3430 1100 par

1865 1138 2004 1196 erat,
2038 1130 2342 1186 contendit.

2365 1236 2524 1307 522
2559 1231 2787 1290 CAPUT

1939 1353 2037 1408 Ast
2061 1363 2114 1408 et
2146 1351 2278 1406 Indo
2307 1350 2490 1406 Graece
2529 1351 2784 1421 loquente
2828 1348 3130 1419 obstupuit,
3162 1355 3220 1400 ut
3245 1346 3431 1400 Philo-

1869 1450 2072 1498 stratus
2111 1450 2362 1506 testatur,
2395 1441 2601 1496 scilicet
2625 1449 2989 1494 consentanea
3019 1435 3120 1491 sibi
3156 1435 3256 1505 ipsi
3289 1434 3428 1488 Seri-

1868 1536 2020 1590 bens.
2057 1535 2195 1600 Quid
2229 1536 2370 1590 enim
2415 1534 2715 1602 obstupuit,
2749 1532 2794 1585 si
2831 1531 3121 1585 barbarum
3168 1542 3273 1580 non
3309 1540 3430 1579 esse

1871 1627 2112 1696 putavit,
2145 1626 2307 1695 idque
2339 1627 2409 1680 ob
2441 1626 2616 1696 ipsum
2647 1621 2930 1692 suspexit?
2961 1619 3024 1671 Et
3066 1632 3164 1671 cur
3191 1631 3432 1684 quacun~

1869 1736 1975 1790 que
2010 1735 2067 1774 re
2097 1728 2306 1773 tantum
2335 1719 2512 1772 virum
2538 1717 2756 1772 Graecos
2800 1714 3133 1768 imitaturum
3165 1724 3285 1763 esse
3322 1722 3430 1759 non

1871 1812 2204 1882 exspectavit
2234 1811 2451 1882 potius?
2500 1809 2691 1871 Porro,
2723 1805 2878 1876 quasi
2920 1819 3006 1857 res
3050 1803 3209 1872 plane
3241 1799 3431 1865 singu-

1873 1905 2002 1957 laris
2033 1904 2101 1958 ab
2143 1919 2208 1958 eo
2247 1903 2350 1957 sibi
2394 1901 2575 1956 oblata
2623 1907 2790 1965 esset,
2833 1897 3059 1966 ejusque
3121 1889 3430 1944 adhucdum

1868 1999 2124 2068 ignorans
2159 2005 2448 2061 causamr,
2501 1993 2668 2058 Cedo,
2732 2008 2764 2045 ο
2813 2005 2927 2054 rex,
2978 1986 3156 2055 inquit
3209 1982 3434 2052 Apollo—

1866 2089 2072 2153 nius",
2109 2088 2251 2142 unde
2284 2103 2346 2142 ea
2389 2087 2484 2140 tibi
2535 2087 2606 2139 sit
2659 2083 2860 2138 Griecae
2907 2082 3104 2150 lingua:
3157 2075 3434 2130 facultas?

1868 2178 2214 2246 Philosophia
2249 2177 2397 2240 item,
2433 2192 2537 2245 qua
2588 2175 2828 2228 imbutus
2858 2187 2938 2235 es,
2968 2170 3109 2224 unde
3140 2167 3225 2221 his
3253 2167 3435 2236 regio-

1869 2272 2032 2325 nibus
2074 2269 2263 2323 venit?
2307 2283 2484 2338 neque
2529 2268 2694 2328 enim,
2729 2275 2787 2320 ut
2824 2273 2976 2336 puto,
3007 2260 3286 2332 magistris
3311 2273 3430 2312 eam

1868 2363 1923 2417 in
1952 2363 2189 2432 acceptis
2241 2361 2370 2426 fers,
2409 2376 2531 2414 nam
2583 2359 2859 2429 probabile
2901 2355 3044 2411 haud
3084 2365 3166 2410 est
3204 2354 3322 2423 ejus
3353 2351 3432 2406 rei

1868 2455 2158 2523 magistros
2192 2469 2313 2508 esse
2356 2452 2555 2506 Indis.»
2609 2450 2731 2505 "th
2760 2448 3006 2503 miranda
3038 2456 3164 2503 sunt
3199 2446 3254 2499 in
3289 2445 3428 2507 viro,

1870 2543 2206 2614 prwscientia
2243 2544 2423 2595 omnia
2482 2541 2787 2610 complexa,
2843 2539 3037 2592 verba:
3085 2536 3286 2606 quibus
3341 2549 3431 2587 re-

1865 2634 2142 2704 spondens
2198 2648 2326 2694 rex,
2355 2631 2498 2700 quod
2547 2638 2602 2686 et
2636 2637 2996 2700 praeceptores
3044 2627 3315 2689 habuerit,
3376 2633 3431 2679 et

1866 2728 2089 2798 quinam
2143 2727 2219 2780 illi
2276 2724 2477 2779 fuerint
2510 2720 2858 2795 [exponens,]
2908 2722 3086 2774 omnia
3130 2718 3430 2788 sigillatim,

1865 2835 1986 2886 quae
2022 2817 2124 2889 ipsi
2165 2833 2194 2870 a
2224 2817 2495 2872 natalibus
2527 2815 2651 2870 inde
2679 2814 3002 2884 obtigerant,
3037 2811 3257 2881 exponit
3280 2811 3347 2868 ³².

2451 2946 2679 3005 CAPUT
2711 2947 2850 3012 XVI,

1936 3044 2065 3100 Inde
2094 3060 2256 3116 porro
2291 3058 2412 3098 cum
2443 3043 2534 3111 jus
2595 3039 2922 3112 quibusdam
2969 3037 3175 3092 diceret
3202 3033 3367 3090 Indus
3388 3033 3435 3066 ³⁸

186 3126 538 3196 φωραθέντος
571 3129 628 3179 ὲν
671 3127 845 3200 ἀγρῷ,
893 3129 1094 3199 πότερα
1125 3128 1202 3199 τῷ
1231 3127 1551 3200 πριαμένῳ,
1602 3127 1634 3199 ἢ
1686 3126 1762 3198 τῷ

1875 3139 1932 3193 lle
1967 3139 2223 3192 thesauro
2264 3135 2317 3189 in
2364 3150 2494 3204 agro
2527 3140 2764 3203 reperto,
2802 3149 2870 3185 an
2904 3129 3134 3199 emptori
3183 3144 3251 3181 an
3302 3143 3433 3180 ven-

183 3213 246 3264 τὸ
282 3216 488 3286 χωρίον
519 3216 852 3289 ἀποδομένῳ,
888 3218 1004 3271 δέον
1031 3215 1181 3290 οἶμαι
1210 3219 1285 3289 (Ἰ)
1314 3219 1521 3281 τοῦτον,
1572 3221 1599 3272 6
1627 3219 1764 3272 πάν-

1875 3229 2027 3284 [IilOl‘i
2069 3229 2184 3299 agri
2231 3242 2355 3282 eum
2399 3203 2624 3280 reddere
2675 3238 2770 3292 par
2824 3223 2936 3288 sit;
2980 3219 3322 3290 Apollonius,
3377 3218 3432 3270 in

181 3317 292 3367 τπως
335 3304 644 3374 φιλόσοφος,
681 3308 773 3360 καὶ
807 3307 947 3371 θεοῖς
980 3308 1400 3379 κεχαρισμένος,
1447 3306 1759 3378 ἐρωτηθεὶς,

184 3395 464 3468 ὶπικρίνει
493 3398 569 3468 τῷ
603 3399 906 3470 πριαμένῳ,
941 3400 1196 3472 λογισμὸν
1226 3401 1288 3471 δὴ
1315 3403 1494 3464 αὺτοῖς
1529 3403 1764 3472 ῥήμασιν

184 3489 468 3541 ἐπειπών·
503 3510 521 3542 ι
559 3491 644 3554 Ὠς
692 3493 792 3545 οὐκ
833 3491 898 3545 ἂν
940 3494 988 3545 οἱ
1023 3492 1132 3546 θεοὶ
1169 3494 1259 3546 τὸν
1289 3493 1385 3563 μὲν
1419 3493 1636 3562 ἀφεῖλον
1671 3495 1764 3546 καὶ

184 3580 333 3634 κατὰ
365 3579 468 3650 τὴν
512 3581 612 3651 γῆν
655 3582 761 3647 (2),
817 3583 865 3634 εί
913 3582 986 3654 μὴ
1028 3582 1228 3651 φαῦλος
1266 3579 1366 3654 ἦν,
1400 3583 1478 3654 τῷ
1517 3582 1560 3635 δ’
1592 3579 1658 3636 αὖ
1689 3584 1762 3653 (5)

185 3675 280 3726 καὶ
311 3673 382 3725 τά
409 3674 516 3726 ὑπὸ
553 3675 656 3744 γῆν
693 3674 908 3737 δοῦναι,
945 3678 992 3728 εί
1029 3676 1102 3747 μὴ
1139 3675 1360 3745 βελτίων
1393 3672 1460 3746 ἦν
1492 3675 1586 3728 τοῦ
1627 3677 1762 3728 ἀπο·-

183 3764 418 3834 δομὲνου
447 3804 458 3815 .
487 3783 505 3814 ι
547 3765 634 3828 Ὠς
673 3766 789 3818 κατ’
821 3765 982 3818 αὑτὸν
1009 3766 1072 3836 δὴ
1114 3766 1471 3834 ξυνάγεσθαι,
1505 3767 1629 3829 τοὺς
1666 3766 1764 3836 μὲν

184 3854 460 3926 εὐπόρους
495 3855 589 3908 καὶ
619 3855 830 3927 πλούτῳ
863 3857 1214 3927 διαφέροντας
1236 3900 1250 3923 ,
1291 3857 1392 3911 κάν
1425 3857 1764 3928 αίσχρότατοι

184 3945 280 3996 καὶ
330 3945 732 3998 πανωλέστατοι
784 3948 1138 4016 τυγχάνοιεν,
1183 3947 1628 4018 τρισευδαίμονας
1675 3948 1766 4000 καὶ

185 4033 460 4103 θεοφιλεῖς
504 4037 772 4104 ἡγεῖσθαι,
823 4037 1016 4106 μόνους
1049 4037 1091 4089 δ’
1124 4039 1232 4109 ἀρα
1278 4037 1674 4106 κακοδαίμονάς
1705 4056 1763 4090 τε

185 4126 280 4177 καὶ
328 4124 547 4187 ἀθλίους
591 4126 716 4189 τοὺς
754 4129 1144 4191 πενεστάτους,
1179 4127 1280 4181 κᾶν
1305 4129 1620 4200 Σωκράτης,
1663 4129 1766 4183 κᾶν

187 4217 485 4286 Διογένης,
533 4217 635 4269 κᾶν
677 4219 837 4281 αὐτὸς
879 4219 1082 4282 ἐκεῖνος
1119 4220 1442 4291 Πυθαγόρας
1488 4221 1764 4294 τυγχάνῃ,

187 4306 297 4360 κᾶν
333 4307 512 4370 ἄλλος,
556 4309 608 4360 οί
649 4310 862 4362 πάντων
881 4311 1089 4381 ἀνδρῶν
1120 4312 1549 4382 σωφρονέστατοί
1581 4329 1640 4363 τε
1674 4312 1768 4364 καὶ

185 4399 608 4453 ἐπιεικέστατοι.
643 4402 797 4454 Εἴποι
841 4402 946 4472 γὰρ
982 4402 1046 4455 ἄν
1091 4421 1174 4466 τις
1214 4404 1479 4474 ἑπόμενος
1517 4404 1595 4473 τῷ
1627 4403 1769 4475 λόγῳ

189 4490 264 4560 μὴ
319 4489 387 4542 ἂν
438 4491 558 4542 κατ’
588 4491 748 4543 αὑτὸν
798 4493 923 4555 τοὺς
973 4491 1128 4555 θεοὺς
1174 4493 1298 4555 τοὺς
1348 4494 1448 4562 μὲν
1508 4494 1766 4564 πένητας,

1867 3317 2120 3374 omnibus
2147 3315 2452 3387 philosophi
2502 3328 2633 3368 usus
2665 3311 2939 3372 acumine,
2977 3309 3191 3377 diisque
3223 3305 3437 3360 charis-

1867 3412 2058 3476 simus,
2097 3409 2422 3464 sententiam
2464 3406 2554 3460 ubi
2585 3413 2729 3459 esset
2759 3403 3151 3470 interrogatus,
3185 3397 3423 3468 emptori

1866 3519 1989 3556 eum
2017 3501 2244 3562 addixit,
2279 3498 2491 3551 ratione
2515 3497 2580 3550 ad
2617 3495 2838 3550 verbum
2866 3493 2968 3546 hac
2990 3491 3208 3545 addita:
3247 3489 3431 3554 «Quod

1865 3588 1939 3641 dii
1973 3585 2230 3640 vendenti
2300 3583 2719 3652 haudquaquam
2767 3579 2997 3649 agellum
3024 3579 3190 3633 etiam
3229 3578 3434 3632 fuerint

1866 3676 2193 3745 adempturi,
2230 3673 2512 3744 improbus
2555 3673 2659 3727 nisi
2703 3672 2794 3736 sit,
2834 3669 3066 3739 emptori
3095 3684 3227 3722 vero
3259 3669 3427 3722 vicis-

1866 3767 1968 3822 sim
2001 3766 2222 3820 latentia
2257 3765 2418 3820 etiam
2461 3763 2563 3819 sub
2592 3771 2736 3818 terra
2767 3763 2908 3816 bona
2943 3760 3282 3823 concessuri,
3327 3761 3433 3814 nisi

1866 3858 2136 3914 vendente
2170 3858 2241 3912 sit
2273 3858 2430 3928 longe
2456 3857 2702 3911 melior.»
2745 3853 2812 3908 Ut
2843 3853 2997 3921 juxta
3033 3853 3182 3906 illum
3210 3853 3434 3906 conclu-

1867 3951 2110 4005 dendum
2165 3949 2258 4012 sit,
2304 3964 2399 4002 eos
2433 3949 2523 4018 qui
2557 3948 2753 4017 opibus
2783 3945 3033 4010 allluunt,
3069 3951 3438 4012 priestantqne

1867 4041 2095 4106 divitiis,
2127 4056 2438 4110 quanquam
2473 4039 2761 4094 foedissimi
2793 4039 2903 4094 sint
2961 4043 3013 4091 et
3061 4037 3435 4107 perditissimi,

1867 4149 1966 4203 pro
2024 4143 2106 4188 ter
2138 4135 2310 4189 beatis
2358 4143 2562 4199 tamen,
2616 4131 2836 4201 Deoque
2891 4130 3269 4187 dilectissimis
3313 4144 3440 4184 esse

1869 4224 2176 4280 habendos:
2232 4225 2478 4279 infelices
2515 4230 2695 4278 autem
2750 4225 3098 4292 miserosque
3136 4221 3283 4276 solos
3318 4235 3440 4274 esse

1868 4331 1984 4379 eos,
2042 4316 2136 4385 qui
2185 4331 2308 4369 cum
2364 4323 2682 4385 paupertate
2741 4316 2977 4368 maxime
3031 4312 3438 4371 conflictentur,

1871 4407 1997 4460 licet
2033 4405 2313 4460 Socratem
2357 4407 2534 4475 ipsum
2591 4405 2675 4459 vel
2729 4404 2984 4470 maxime,
3024 4419 3086 4457 ac
3123 4401 3437 4472 Diogenem,

1873 4498 2162 4567 ipsumque
2193 4498 2357 4550 etiam
2387 4496 2751 4568 Pythagoram
2780 4496 2832 4549 in
2875 4496 2962 4549 his
2988 4509 3110 4549 esse
3133 4496 3439 4561 contingat,

184 4580 414 4644 τούτους
455 4581 518 4652 δὴ
562 4584 791 4646 αὐτοὺς,
834 4585 882 4636 οἳ
918 4585 1059 4637 κατὰ
1105 4584 1419 4653 φιλοσοφίαν
1456 4585 1764 4655 διήνεγκαν,

1875 4596 1926 4642 et
1971 4603 2354 4658 quemcunque
2401 4603 2612 4652 eorum,
2668 4587 2761 4656 qui
2814 4585 3172 4656 frugalissimi
3206 4583 3334 4647 viri,
3389 4593 3444 4637 ct

185 4673 486 4742 ἀφελέσθαι
527 4675 619 4727 καὶ
667 4675 735 4727 τά
777 4676 912 4747 πρὸς
953 4677 1050 4747 τὴν
1095 4678 1396 4744 ἀναγκαίαν
1427 4677 1652 4749 τροφὴν,
1688 4678 1764 4750 μὴ

1869 4679 2099 4749 εει·εείαι
2179 4680 2465 4750 probitat.s
2526 4686 2838 4735 censentur.
2894 4678 3048 4732 Dicat
3102 4676 3249 4732 enim
3293 4675 3439 4746 quis.

254 4827 308 4860 “
347 4827 441 4881 lib.
482 4843 556 4892 ιι,
587 4843 639 4883 c.
667 4829 756 4885 40.
834 4831 878 4862 ⁸⁸
920 4833 1013 4888 lib.
1051 4849 1124 4898 ιι,
1158 4851 1208 4889 c.
1241 4836 1329 4890 I7.
1362 4835 1764 4910 "lib.lt,cap.i

1875 4839 1910 4872 "
1945 4838 2042 4895 lib.
2079 4854 2156 4905 ιι,
2188 4855 2238 4894 c.
2273 4840 2362 4894 5|.
2439 4837 2485 4868 ³⁸
2527 4837 2621 4892 lib.
2657 4855 2731 4904 ιι,
2764 4853 2816 4894 c.
2847 4837 2936 4892 59.

257 4980 374 5061 (96)
429 4982 1067 5061 Ἀντεφιγίοτιμήσπδίο
1105 5004 1168 5061 ex
1213 4992 1529 5059 coniectura
1558 4995 1760 5048 rescri-

185 5056 626 5132 psilig‘mrresset
656 5055 707 5132 i_n
732 5056 903 5132 editis
936 5055 1451 5132 ἀπεφιλοτιμήσατο.

219 5121 373 5203 ,(97)
413 5124 510 5203 Μὴ
527 5123 685 5203 ⁸οὐχ)
917 5121 1067 5203 gini).
1089 5130 1182 5181 καὶ
1214 5121 1471 5198 ὧαύμάσ.
1494 5132 1570 5187 E0
1588 5133 1760 5200 respi-

185 5193 283 5278 cit,
322 5193 827 5278 quodApollonipl
848 5193 1231 5278 Philostratus
1255 5193 1561 5278 φιλοσοφεῖν
1611 5193 1759 5268 δόξαι

186 5264 454 5344 Φραὼτην
483 5272 737 5344 testatur,
773 5266 868 5344 lib.
915 5283 975 5344 II,
1012 5285 1132 5337 cap.
1163 5264 1467 5344 2_6,'initio.f
1495 5264 1760 5344 Quodque

188 5336 326 5387 adeo
357 5335 603 5388 moribus
635 5336 816 5390 minus
855 5335 1120 5393 barbarus
1157 5342 1205 5394 ei
1250 5346 1396 5396 visus
1430 5335 1538 5398 sit.-
1563 5335 1761 5398 Vereor

191 5412 406 5484 autem,
443 5420 511 5458 ne
555 5420 715 5484 suum
765 5406 852 5460 hic
893 5407 1184 5484 Eusebium
1218 5411 1478 5484 destituat
1504 5427 1761 5484 acumen;

190 5488 289 5551 cur
321 5479 466 5527 enim
504 5479 694 5551 mirari
729 5490 834 5551 non
877 5481 1114 5546 potuerit
1143 5479 1486 5550 Apollonius,
1524 5483 1762 5551 linguam

190 5542 506 5620 graecorum
538 5547 738 5620 callere
772 5542 1080 5620 Phraotem,
1111 5542 1270 5620 quém
1307 5542 1550 5608 moribus
1583 5542 1764 5607 minus

191 5611 489 5670 barbarum
522 5616 971 5679 deprehenderat,
999 5611 1106 5673 non
1129 5611 1308 5678 video.

263 5685 379 5750 (98)
421 5685 563 5737 Ἕτι.
599 5685 673 5738 lla
712 5689 1057 5743 scribendum
1099 5707 1221 5747 esse
1257 5694 1525 5750 sententia
1569 5695 1765 5750 suade-

194 5751 303 5813 bat.
341 5753 480 5807 Editi
517 5755 789 5811 habebant
819 5759 934 5814 εἰτ’.

267 5823 377 5894 (99)
433 5824 642 5892 Ἰνδοῖς
667 5830 843 5894 εἰκός.
872 5828 1074 5886 Saltem
1110 5834 1509 5890 restituendum
1541 5853 1607 5900 ex
1637 5834 1774 5892 Phi-.

1867 4995 2096 5050 lostrato
2130 4996 2295 5060 εἰκός,
2323 4997 2468 5066 quod
2499 4996 2779 5051 exciderat
2813 4995 2954 5066 apud
2982 4994 3301 5066 Eusebium.
3335 4991 3447 5066 Ca:-

1866 5073 1983 5118 tera
2016 5067 2156 5134 apud
2188 5082 2310 5119 eum
2341 5061 2518 5120 totum
2549 5067 2649 5120 hoc
2673 5061 2952 5119 κῶλον”ίιιι
2984 5066 3148 5118 habet
3177 5083 3190 5116 :
3217 5064 3298 5134 po
3331 5061 3448 5134 γὰρ

1866 5136 1920 5196 ὲς
1955 5127 2308 5199 διδασκάλους
2343 5154 2404 5205 γε
2437 5134 2588 5207 οἶμαι
2622 5136 2934 5207 ἀναφέρειν,
2971 5135 3092 5207 επεὶ
3134 5132 3265 5203 μηδὲ
3304 5127 3444 5184 εἷναί

1865 5222 2017 5267 τινας
2054 5208 2110 5258 ὲν
2161 5207 2338 5268 Ἰνδοῖς
2354 5199 2510 5270 ἐἰκὸς
2532 5199 2881 5268 διδασκάλόυς
2910 5199 3146 5257 τούτου.⁷
3198 5199 3207 5202 ’
3317 5269 3322 5270 ν
3505 5199 3524 5216 ’⁸

1940 5275 2014 5344 (I)
2060 5272 2248 5343 Οἶμαι.
2288 5269 2881 5345 Ριιιηιιιιίορροινιιιιιιιηι
2925 5275 3015 5328 isti
3040 5276 3162 5345 loco
3196 5269 3327 5324 mihi
3361 5270 3442 5345 vi:

1866 5339 2027 5425 detur
2053 5339 2483 5425 verbum-afuat,
2512 5339 2694 5425 malim
2719 5345 3050 5401 substituere
3070 5343 3274 5406 δοῦναι,
3297 5339 3443 5410 quod

1871 5416 2033 5485 etiam
2071 5416 2124 5468 in
2155 5416 2408 5485 versione
2439 5417 2702 5485 expressi.

1937 5484 2014 5553 (2)
2054 5485 2163 5538 Καὶ
2201 5484 2318 5552 τὴν
2342 5484 2476 5554 γῆν.
2510 5480 2651 5538 Editi
2684 5483 2939 5537 καὶκατὰ
2967 5483 3064 5554 τὴν
3087 5481 3210 5552 γῆν.
3240 5480 3444 5554 Omisi-

1868 5551 1990 5609 mus
2025 5556 2188 5619 κατά,
2221 5551 2366 5622 quod
2389 5551 2572 5608 natum
2607 5556 2822 5609 videtur
2851 5571 2916 5609 ex
2946 5551 3310 5622 repetite-uati,
3336 5551 3444 5604 for-

1869 5642 1954 5678 ma
2004 5622 2276 5680 scribendi
2313 5627 2646 5681 abbreviata.
2693 5623 2969 5680 Oinissum
3018 5624 3158 5678 κατά
3187 5623 3350 5677 etiam
3387 5622 3443 5675 in

1867 5703 2016 5750 textu
2049 5695 2385 5751 Philostrati.

1939 5767 2015 5833 (5)
2064 5766 2146 5830 Τῷ
2173 5767 2224 5818 δ’
2257 5763 2355 5821 αὖ.
2387 5766 2622 5821 Omnino
2647 5781 2714 5820 ex
2745 5764 3003 5820 Philostr.
3033 5765 3434 5822 restituendum

1868 5831 1932 5894 αὗ
1972 5831 2075 5908 pro
2099 5837 2164 5890 iu
2192 5837 2337 5908 quod
2368 5847 2483 5893 erat
2512 5839 2565 5893 in
2593 5837 2754 5893 editis
2782 5837 3024 5900 EnSebii.
