3938 6518
587 365 696 423 825

1229 369 1498 426 EUSEBII
1531 367 2008 425 CASSARIENSIS
2041 365 2188 424 OPP.
2225 366 2406 423 PARS
2443 365 2506 420 II.
2549 395 2618 406 -
2659 359 3162 420 APOLOGETICA.
3693 362 3771 416 liti

589 481 749 535 istam
795 481 1058 536 rationem
1100 497 1352 552 sequens,
1425 484 1744 554 neutiquam
1801 483 1958 552 juxta
2025 497 2119 536 ean

2247 481 2365 551 οὐχὶ
2409 481 2624 542 πάντως
2663 477 2896 547 φαύλους
2926 477 3084 539 δντας
3131 475 3228 527 τὸν
3269 474 3498 544 τρόπον·
3539 475 3637 538 τοῖς
3663 475 3708 528 δὲ
3731 477 3776 530 τὸ

583 573 714 627 deos
725 573 1038 629 hominibus
1056 573 1158 628 illis
1177 577 1543 644 pauperculis,
1563 575 1650 630 his
1667 575 1822 644 ipsis.
1850 571 2144 645 [inquamin]

582 662 676 732 qui
695 662 1032 732 philosophia
1051 671 1373 733 praestantes
1397 663 1568 726 fuere,
1595 665 1710 734 ipsa
1733 679 1950 733 quoque
1977 661 2042 716 ad
2063 661 2147 715 vi-

581 761 728 807 ctum
760 757 1064 824 spectantia
1106 756 1489 812 subtracturos
1520 755 1709 821 fuisse,
1757 756 1860 810 nisi
1892 754 2146 824 pessimis

579 842 658 898 iili
685 845 927 901 moribus
948 847 1322 903 exstitissent:
1358 865 1534 920 neque
1555 850 1686 913 illis,
1713 846 1806 919 qui
1825 846 1989 902 soluti
2018 856 2146 899 sunt

2253 567 2384 642 ἦθος
2435 569 2879 639 ἀκολαστοτέρως
2925 565 3128 635 ἄφθονα
3179 563 3278 617 καὶ
3327 561 3396 614 τὰ
3443 562 3515 634 μὴ
3555 563 3775 630 ἀναγκαῖα

2255 663 2574 731 παρασχεῖν,
2613 660 2659 712 εί
2697 658 2770 729 μὴ
2800 655 3038 726 βελτίους
3071 651 3372 724 ἐτύγχανον
3402 649 3506 702 τῶν
3526 651 3773 722 προτέρων.

2267 753 2356 818 Ἐξ
2389 746 2462 806 ὧν
2499 751 2660 806 παντί
2693 767 2754 820 γε
2797 749 3110 819 καταφανὴς
3153 749 3184 818 ἡ
3228 745 3324 800 τοῦ
3371 743 3774 816 ξυμπεράσματος

2251 846 2469 900 ἀτοπία.

579 937 845 1002 moribus,
879 939 1084 995 aﬂ‘atim
1129 945 1292 998 etiam
1315 944 1497 998 minus
1533 944 1840 998 necessaria
1865 943 2227 1014 praestituros.
2257 943 2362 998 nisi
2409 943 2684 1012 prioribus
2711 939 3052 996 exstitissent
3097 936 3381 990 meliores.
3413 930 3562 987 Unde
3611 931 3770 984 nemini

577 1031 810 1085 obscura
835 1031 996 1091 istius
1025 1037 1398 1092 conclusionis
1431 1045 1514 1092 cst
1545 1039 1872 1092 absurditas.

1057 1123 1215 1194 523
1257 1124 1483 1183 CAPUT
1525 1124 1682 1178 xvn.

643 1209 806 1270 Ilisce
835 1229 902 1268 ex
932 1215 1174 1270 secundo
1203 1217 1342 1270 libro
1373 1219 1636 1286 exposutis
1667 1219 1734 1273 ad
1765 1219 1982 1274 tertium
2019 1232 2144 1288 per-

569 1305 1203 1372 genius,considera_turi
1254 1322 1374 1376 qum
1425 1309 1490 1362 ad
1543 1307 1946 1373 Brachmanas,
1999 1305 2140 1360 fatua

570 1394 708 1450 adeo
731 1397 1054 1462 celebratos,
1080 1400 1351 1468 pertinent
1384 1401 1426 1432 ³⁸
1456 1421 1468 1456 :
1503 1417 1606 1472 qua
1642 1411 1794 1470 parte
1829 1399 2000 1469 mag?s
2043 1411 2140 1450 oc—

568 1495 799 1542 currunt
849 1489 1206 1554 incredibilia,
1239 1507 1400 1562 quam
1447 1493 1514 1548 de
1569 1492 1743 1547 Thule
1806 1490 2136 1546 referuntur.

569 1576 682 1632 Imo
720 1580 764 1635 si
801 1580 930 1650 quid
970 1582 1118 1636 aliud
1175 1599 1414 1654 unquam
1473 1585 1834 1655 scriptoribus
1879 1581 2143 1637 fabulosis

567 1679 942 1728 monstrosum
965 1675 1329 1746 excogitatum
1367 1677 1500 1740 fuit,
1559 1679 1610 1733 id
1645 1693 1805 1732 omne
1834 1677 2136 1733 verisimile

566 1763 746 1828 valde,
779 1765 888 1818 imo
915 1767 1280 1834 verissimum,
1307 1770 1354 1822 si
1375 1784 1498 1824 cum
1519 1771 1638 1825 istis
1665 1785 1970 1840 compares,
1994 1769 2136 1823 vide-

2767 1119 3158 1174 KE<I>AAAIUN
3189 1121 3294 1172 IZ'.

2317 1217 2498 1272 Ταῦτα
2529 1217 2621 1270 καὶ
2653 1215 2759 1269 ἀπὸ
2801 1215 2894 1268 τοῦ
2926 1214 3177 1285 δευτέρου
3233 1209 3612 1282 παραθέμενοι,
3643 1210 3772 1280 ἴωμεν

2245 1311 2338 1365 ἐπὶ
2370 1310 2430 1363 τὸ
2460 1309 2659 1380 τρίτον,
2701 1307 2768 1360 τὰ
2803 1306 2944 1360 κατά
2971 1307 3098 1368 τοὺς
3141 1303 3508 1374 βεϐοημένους
3551 1303 3770 1374 ἐποψόμε.

2245 1423 2326 1458 νοι
2361 1405 2686 1475 Βραχμᾶνας
2711 1419 2723 1432 ³
2774 1399 2904 1453 ἔνθα
2949 1399 3012 1470 δὴ
3041 1397 3110 1451 τὰ
3155 1397 3303 1468 ὑπὲρ
3345 1396 3548 1466 Θούλην
3591 1397 3768 1452 ἀπιστσ..

2247 1497 2356 1550 Καὶ
2388 1495 2442 1548 εί
2465 1495 2518 1548 τί
2546 1511 2649 1564 περ
2679 1492 2804 1548 ἄλλο
2832 1491 3134 1564 τερατῶδές
3171 1507 3306 1542 ποτε
3343 1487 3642 1560 μυθολόγοις
3662 1487 3770 1540 τισὶν

2244 1585 2684 1648 ἀναπέπλασται,
2717 1581 2775 1638 εὖ
2827 1583 2968 1654 μάλα
3013 1581 3180 1636 πιστά
3211 1581 3311 1634 καὶ
3357 1579 3690 1651 ἀληθέστατα,
3714 1581 3770 1642 ὡς

2245 1681 2301 1732 ὲν
2333 1679 2626 1750 παραθέσει
2650 1676 2872 1738 τούτων,
2895 1676 3299 1744 ἀναφανήσεται
3319 1689 3334 1703 ο
3365 1669 3449 1736 οἷς
3475 1673 3561 1725 καὶ
3583 1671 3661 1724 τὸν
3676 1672 3768 1724 νοῦν

2243 1771 2529 1842 ἐπιστῆσαι
2555 1769 2700 1836 ἄξιον
2729 1769 2828 1840 τῆς
2857 1767 2950 1820 τοῦ
2979 1787 2996 1817 ι
3030 1765 3365 1838 Φιλαλήθους
3398 1785 3415 1814 ι
3453 1765 3620 1816 ἕνεκεν
3643 1763 3769 1816 αὐθα-

569 1852 737 1909 bitur.
759 1856 965 1921 Quibus
983 1859 1206 1914 omnino
1221 1870 1450 1915 mentem
1472 1861 1753 1916 advertere
1772 1862 1933 1914 etiam
1953 1875 2119 1929 opera

2235 1861 2401 1926 δείας,
2437 1863 2566 1932 ἡμῖν
2607 1861 2705 1932 μὲν
2759 1858 3039 1929 εὐχέρειαν
3083 1857 3157 1928 (4)
3209 1859 3307 1910 καὶ
3352 1856 3640 1926 κουφότητα
3675 1853 3766 1926 τριε-

566 1947 798 2026 pretium
851 1956 935 2004 est
991 1961 1213 2020 propter
1264 1969 1283 2003 ι
1331 1949 1647 2008 Ρίιίιηιριιιω
1692 1973 1710 2005 ι
1774 1953 2132 2024 jactantiam,

563 2038 724 2093 nobis
751 2039 1126 2097 credulitatem
1157 2059 1476 2117 murumque.
1511 2047 1781 2102 levitatem
1814 2047 2130 2112 tribuentis,

563 2130 668 2186 sibi
699 2147 827 2188 vero
874 2149 940 2190 ac
981 2136 1066 2191 sui
1110 2139 1380 2196 similibus
1415 2149 1730 2194 accuratum
1766 2141 2132 2210 solidumque,

561 2235 625 2274 ac
655 2223 885 2277 scientia
921 2225 1108 2280 nixum
1141 2227 1431 2297 judicium.
1481 2227 1614 2285 Vide
1645 2230 1809 2300 igitur
1837 2230 2037 2300 quibus
2073 2247 2132 2286 se

557 2311 724 2380 jactet
754 2317 1044 2385 portentis,
1075 2321 1283 2376 sanctis
1313 2321 1662 2392 evangelistis
1709 2323 1912 2378 nostris
1955 2321 2131 2379 Philo-

559 2411 790 2458 stratum
824 2413 1194 2477 anteponens,
1251 2419 1312 2466 ut
1354 2413 1446 2482 qui
1483 2412 1792 2469 eruditione
1825 2429 1932 2468 non
1967 2415 2128 2470 modo

557 2497 850 2566 profecerit
876 2502 1130 2570 maxime,
1159 2505 1256 2562 sed
1303 2507 1546 2562 veritatis
1571 2507 1736 2562 etiam
1787 2509 1859 2565 sit
1891 2509 2130 2565 maxime

556 2587 858 2646 Studiosus.

1107 2707 1335 2764 CAPUT
1377 2709 1566 2768 XVIII.

623 2791 870 2851 Primum
915 2796 1080 2870 igitur
1113 2802 1332 2872 quidem
1369 2802 1424 2857 in
1455 2803 1652 2859 itinere
1685 2805 1956 2876 Apollonii
1987 2805 2032 2838 ⁸⁸
2059 2807 2126 2862 ad

553 2879 924 2942 Brachmanas
952 2887 1150 2944 femina
1181 2891 1427 2961 quaedam
1475 2895 1544 2948 ab
1579 2909 1644 2950 eo
1674 2897 1859 2950 colore
1908 2897 2125 2951 induci-

555 2985 666 3044 tur,
698 2995 728 3034 a
763 2981 939 3050 capite
967 2983 1034 3036 ad
1067 2984 1242 3039 femur
1271 3001 1444 3056 usque
1485 2988 1894 3052 candidissima,
1921 2989 2126 3058 reliqua

553 3084 684 3124 vero
718 3075 962 3142 corporis
985 3083 1138 3146 parte
1167 3078 1340 3148 nigra.
1377 3077 1586 3135 Montes
1619 3097 1804 3151 porro,
1846 3083 2124 3152 pergenti-

2239 1971 2339 2007 που
2377 1953 2786 2025 περιάπτοντος,
2821 1949 2968 2021 αύτῷ
2996 1950 3050 2004 δὲ
3081 1950 3174 2003 καὶ
3200 1953 3318 2013 τοῖς
3353 1947 3500 2018 αύτῷ
3529 1945 3767 2018 παραπλη-

2237 2045 2371 2110 σίοις
2401 2045 2500 2118 τὴν
2533 2043 2730 2115 ἀκριϐῆ
2769 2045 2862 2096 καὶ
2893 2041 3111 2112 βεϐαίαν
3145 2041 3286 2113 μετὰ
3321 2041 3578 2107 ξυνέσεως
3606 2038 3760 2109 κρίσιν.

2236 2139 2378 2210 Ὅρα
2417 2137 2545 2206 γοῦν
2573 2139 2654 2208 ἐφ’
2685 2132 2764 2200 οἷς
2803 2135 3119 2207 σεμνύνεται
3167 2133 3510 2207 παραδόξοις,
3542 2132 3638 2184 τῶν
3661 2131 3762 2200 ἠμε-

2232 2229 2406 2301 τέρων
2439 2229 2596 2284 θείων
2629 2227 3025 2298 εύαγγελιστῶν
3058 2227 3372 2299 προκρίνων
3405 2225 3494 2278 τὸν
3521 2221 3760 2292 Φιλόστραν

2231 2339 2341 2386 τον,
2371 2322 2446 2385 ὡς
2478 2323 2550 2394 μὴ
2586 2323 2742 2394 μόνον
2773 2321 3021 2384 παιδείας
3043 2321 3133 2375 ἐπὶ
3156 2320 3407 2378 πλεῖστον
3427 2319 3632 2390 ἥκοντα,
3659 2311 3760 2368 ἀλλά

2231 2415 2323 2466 καὶ
2352 2414 2606 2488 ἀληθείας
2631 2413 2932 2487 ἐπιμεμελη
2941 2413 3118 2485 μένον.

2747 2714 2970 2766 ΚΕΦΑΛ
2977 2713 3136 2766 AION
3175 2713 3279 2767 ιη’.

2298 2809 2497 2882 Πρῶτα
2528 2808 2624 2878 μὲν
2654 2801 2748 2862 οὖν
2801 2810 2859 2860 ἐν
2887 2810 2952 2879 τῇ
2999 2807 3134 2879 πρὸς
3179 2809 3310 2870 τοὺς
3343 2805 3650 2878 Βραχμᾶνας
3681 2817 3752 2854 ποι

2232 2903 2352 2976 ρείᾳ
2400 2901 2492 2955 τοῦ
2535 2901 2888 2955 Ἀπολλωνίου
2929 2901 3064 2972 γυνή
3129 2919 3217 2965 τις
3257 2901 3409 2971 αύτῷ
3451 2901 3544 2970 τὴν
3583 2895 3747 2968 χροιὰν.

2228 2997 2502 3064 εἰσάγεται
2539 2995 2646 3048 ἀπὸ
2677 2993 2778 3064 τῆς
2809 2995 3048 3066 κεφαλῆς
3078 2997 3134 3058 ές
3169 2995 3343 3065 ὀσφὺν
3375 2991 3647 3060 λευκοτάτη
3677 2987 3746 3058 (ὅ),

2225 3087 2287 3140 τὸ
2333 3088 2390 3140 δὲ
2428 3087 2610 3159 ἕτερον
2645 3087 2807 3160 μέρος
2836 3087 2929 3141 τοῦ
2977 3086 3227 3159 σώματος
3283 3088 3538 3160 μέλαινα·
3587 3081 3646 3135 τὰ
3688 3079 3746 3140 δὲ,

553 3163 658 3218 bus
687 3163 742 3218 in
768 3166 964 3224 itinere
994 3170 1060 3224 ad
1093 3169 1462 3228 Brachmanas
1495 3172 1732 3246 [oblati],
1776 3175 1959 3244 pipere
1993 3191 2119 3230 con-

2230 3179 2520 3251 προῖόντων
2549 3180 2646 3252 τῆς
2677 3181 2769 3234 ἐπὶ
2798 3182 2923 3245 τοὺς
2955 3181 3284 3254 Βραχμᾶνας
3317 3179 3455 3244 ὀδοῦ,
3479 3179 3589 3250 ὅρη.
3621 3187 3745 3228 mw

554 3255 644 3312 siti
679 3255 743 3322 ιι,
770 3257 997 3332 ejusque
1024 3264 1202 3319 coloni
1251 3265 1454 3331 simiae,
1501 3267 1872 3338 draconesque
1900 3267 2120 3338 quidam

551 3350 928 3420 magnitudine
957 3357 1220 3424 stupenda
1250 3357 1314 3425 “,
1338 3359 1403 3414 de
1426 3375 1656 3429 quorum
1685 3359 1954 3428 capitibus
1982 3359 2122 3430 ignis

551 3439 779 3499 ﬂammae
809 3446 1130 3514 scintillent,
1160 3467 1298 3520 quos
1323 3453 1366 3506 si
1404 3453 1528 3522 quis
1561 3453 1810 3522 perimat,
1847 3453 1898 3506 in
1932 3467 2118 3506 eorum

549 3536 726 3607 capite
755 3540 1033 3596 mirabiles
1064 3542 1300 3598 inveniat
1333 3545 1566 3615 lapillos,
1595 3545 1757 3618 Gygze
1789 3545 1986 3614 lapidi,
2021 3561 2119 3599 cu-

545 3629 638 3702 jus
663 3631 804 3702 apud
839 3630 1115 3690 Platonem
1151 3639 1372 3700 mentio.
1399 3639 1622 3694 similes.
1658 3637 1724 3692 Et
1761 3639 1876 3694 haec
1900 3638 2118 3708 quidem

551 3735 679 3780 sunt
732 3741 894 3795 quae,
933 3737 1224 3799 antequam
1289 3729 1356 3784 ad
1399 3730 1798 3786 Brachmanum
1850 3731 2116 3786 tumulum

549 3819 917 3885 perveniatur,
950 3831 1262 3876 occurrunt.
1303 3821 1372 3877 Ut
1419 3839 1547 3878 vero
1582 3824 1728 3878 hunc
1755 3839 1972 3894 quoque
2001 3824 2119 3878 atti-

547 3919 744 3978 gerunt
775 3909 842 3974 “,
875 3909 1308 3968 Sandaracinum
1359 3915 1471 3969 illic
1522 3925 1742 3984 puteum
1775 3917 1977 3972 vidisse
2005 3917 2114 3982 ait,

548 4015 702 4070 aqua:
749 4001 910 4070 plane
941 4003 1246 4060 mirabilis:
1281 4007 1546 4076 juxtaque
1579 4015 1877 4072 craterem,
1937 4009 2114 4078 ignem

548 4091 938 4156 continentem.
971 4111 1036 4150 ex
1065 4113 1174 4166 quo
1209 4097 1440 4166 plumbei
1475 4100 1675 4154 coloris
1723 4099 1940 4154 ﬂamma
1985 4115 2113 4155 sur-

547 4196 670 4236 sum
701 4183 906 4237 tendat.
939 4183 1077 4241 Tum
1107 4195 1160 4242 et
1195 4188 1338 4242 dolia
1382 4188 1490 4244 duo
1527 4189 1722 4258 lapidis
1755 4189 2112 4260 nigricantis,

543 4272 772 4326 alterum
824 4274 1118 4344 imbrium,
1173 4279 1510 4350 alterumque
1571 4289 1855 4336 ventorum
1887 4322 1900 4344 .
1970 4283 2114 4338 unde

541 4361 909 4422 Brachmanes
939 4369 1006 4423 iis
1040 4369 1240 4440 quibus
1269 4369 1487 4427 faveant
1512 4372 1784 4444 indigenis
1814 4371 2026 4446 [ventos
2049 4389 2114 4428 ac

541 4451 802 4528 pluviam]
821 4457 1219 4528 impertiantur.
1237 4460 1376 4528 Quin
1399 4471 1608 4520 statuas
1627 4479 1842 4535 qu0que
1855 4464 1996 4535 apud
2014 4480 2110 4521 eos

539 4559 662 4601 esse
696 4565 717 4599 ε
759 4548 994 4606 Poliadis
1035 4571 1052 4604 ι
1095 4553 1368 4620 Minervm,
1397 4553 1687 4627 Pythiique
1725 4557 2024 4628 Apollinis,
2056 4565 2110 4612 et

539 4631 758 4698 Bacchi,
788 4638 1126 4710 aliorumque
1143 4643 1502 4714 quorumdam
1533 4645 1782 4712 deorum,
1811 4661 1934 4715 qua:
1960 4645 2107 4700 Grae-

539 4725 586 4778 ci
617 4725 820 4779 colunt.
854 4727 1100 4784 Iarcham
1136 4741 1314 4786 autem
1351 4732 1420 4798 “,
1453 4735 1546 4806 qui
1593 4737 1848 4792 omnibus
1879 4741 2063 4806 prmsit
2087 4776 2104 4802 ,

537 4817 798 4884 appellari
822 4836 840 4868 ι
877 4817 1230 4888 magistrum:
1257 4841 1276 4874 ι
1307 4839 1468 4892 quem
1488 4825 1680 4881 viderit
1703 4829 2100 4892 considentem,

535 4906 724 4962 habitu
783 4909 916 4964 adeo
953 4928 982 4965 a
1029 4913 1404 4985 philosophica
1435 4917 1768 4984 dissidente,
1818 4929 1878 4976 ut
1911 4930 2102 4977 satra-

535 5015 658 5074 pam
697 5003 944 5060 retulerit
985 5013 1202 5076 potius,
1239 5009 1296 5064 in
1335 5011 1554 5068 sublimi
1586 5015 1884 5072 collocatus
1939 5019 2096 5074 solio.

2227 3275 2604 3345 πεφυτευμένα
2645 3273 2704 3328 τὸ
2753 3275 2970 3346 πέπερι,
3007 3275 3101 3328 καὶ
3146 3273 3338 3328 τούτου
3383 3271 3586 3344 πίθηκοι
3609 3279 3744 3334 γεωρ-

2222 3357 2330 3434 γοὶ,
2365 3367 2458 3418 καὶ
2501 3365 2788 3438 παράδοξοί
2816 3382 2961 3428 τινες
3015 3364 3077 3418 τὸ
3109 3365 3338 3436 μέγεθος
3382 3363 3664 3436 δράκοντες.
3689 3347 3744 3406 ὧν

2221 3457 2328 3511 ἀπὸ
2351 3457 2588 3529 κεφαλῆς
2617 3456 2896 3528 λαμπάδες
2923 3456 3388 3528 ἀπορριπτοῦνται
3411 3451 3587 3524 πυρὸς.
3610 3446 3684 3508 οὓς
3709 3443 3744 3494 εἶ

2219 3565 2303 3612 τις
2327 3549 2524 3612 ἀνέλοι,
2543 3549 2690 3620 εὖροι
2713 3549 2799 3610 ἂν,
2829 3551 2979 3621 φησὶ,
3011 3547 3350 3620 παραδόξους
3375 3545 3546 3608 λίθους
3567 3539 3645 3594 ἐπὶ
3669 3535 3742 3604 τῆς

2219 3639 2480 3712 κεφαλῆς,
2501 3641 2576 3712 τῷ
2605 3641 2696 3694 τοῦ
2725 3642 2918 3712 Γύγου,
2939 3640 3030 3694 τοῦ
3049 3641 3198 3712 παρά
3225 3641 3303 3712 τῷ
3325 3639 3580 3696 Πλάτωνι,
3605 3645 3724 3698 παρα

2221 3731 2496 3802 πλησίους.
2519 3733 2628 3786 Καὶ
2653 3733 2821 3788 ταῦτα
2853 3731 2951 3804 μὲν
2977 3731 3046 3785 τὰ
3069 3733 3173 3804 πρὸ
3201 3733 3296 3786 τοῦ
3331 3733 3435 3786 τῶν
3459 3723 3741 3798 Βραχμέωων

2217 3823 2401 3894 λόφου.
2445 3824 2532 3888 Ὠς
2561 3825 2620 3878 δὲ
2662 3826 2756 3878 καὶ
2799 3827 2877 3889 εἰς
2910 3826 3068 3879 αὑτὸν
3107 3826 3383 3894 ἀφίκοντο,
3417 3817 3738 3887 Σανδαρίκινω

2217 3916 2450 3970 ἐνταῦθα
2477 3919 2651 3989 φρέαρ
2695 3917 2887 3982 ὓδατος
2953 3919 3080 3972 ἰδεῖν
3137 3917 3461 3989 παραδόξου,
3511 3911 3596 3966 καὶ
3635 3919 3736 3974 at?“

2215 4007 2356 4076 τῆρα
2393 4006 2616 4078 πλησίον
2637 4007 2828 4078 πυρὸς,
2851 4003 2913 4060 οὗ
2935 4007 3106 4076 φλόγα
3137 4003 3548 4078 ἀναπέμπεσθαι
3576 3990 3736 4070 μολυεο

2213 4097 2374 4167 δώδη·
2407 4097 2502 4152 δύο
2531 4115 2590 4150 τε
2617 4097 2802 4161 πίθους
2823 4097 2970 4150 λίθου
3013 4099 3256 4170 μέλανος·
3289 4099 3382 4150 τὸν
3412 4095 3506 4168 μὲν
3537 4087 3734 4160 θμδρωνι

2213 4189 2302 4241 τὸν
2323 4187 2380 4242 δὲ
2397 4189 2630 4259 ἀνέμων,
2650 4189 2740 4256 ἀφ’
2754 4182 2827 4240 ὧν
2850 4191 2974 4252 τοὺς
2987 4189 3332 4260 Βραχμᾶνας,
3350 4181 3430 4248 οἷς
3455 4183 3516 4236 ἂν
3529 4175 3622 4231 εἷεν
3639 4172 3734 4276 iisti:

2213 4280 2308 4350 τῆς
2337 4278 2538 4352 χώρας,
2588 4285 2860 4352 χορηγεῖν.
2909 4280 3068 4336 Ἀλλά
3093 4298 3156 4350 γε
3205 4281 3297 4333 καὶ
3330 4277 3602 4348 ἀγάλματα
3633 4278 3720 4332 παρ

2219 4375 2401 4436 αὐτοῖς
2445 4373 2670 4446 Ἀθηνᾶς
2700 4393 2715 4424 ι
2751 4374 3013 4438 Πολιάδος
3045 4395 3062 4426 ι
3091 4373 3524 4428 καὶᾍπόλλωνος
3553 4357 3730 4418 Πυθίου,

2215 4471 2307 4522 καλ¹
2337 4469 2584 4522 Διονύσου
2617 4467 2712 4538 (6),
2743 4470 2834 4522 καὶ
2860 4469 3030 4522 ἄλλων
3067 4467 3228 4520 τινῶν
3267 4458 3576 4534 Ἑλληνικῶν
3605 4449 3730 4506 θεῶν.

2143 4539 2186 4593 D
2225 4563 2436 4634 Ίάρχαν
2467 4561 2542 4624 δὲ,
2573 4561 2664 4613 τὸν
2707 4562 2798 4614 ἐπὶ
2844 4562 3078 4622 πάντων,
3134 4579 3150 4608 ι
3191 4557 3500 4612 διδάσκαλον
3535 4573 3550 4602 ι
3585 4541 3730 4634 καλεῖο

2214 4653 2336 4706 σθαι
2359 4669 2373 4684 ·
2403 4653 2462 4705 ὃν
2501 4653 2595 4706 καλ⁸
2631 4651 2758 4704 ίδεῖν
2791 4649 3168 4720 καθεζόμενον,
3203 4649 3395 4704 πολλοῦ
3426 4663 3484 4716 γε
3505 4643 3578 4696 δεῖ
3614 4632 3728 4740 (iam:

2211 4745 2468 4814 σοφικῶς,
2504 4743 2822 4816 σατραπικῷ
2855 4742 2931 4812 (7)
2979 4743 3022 4796 δ’
3059 4743 3122 4795 ἂν
3155 4744 3350 4814 μᾶλλον
3395 4739 3628 4810 σχήματι.
3657 4727 3714 4816 ξφ

2209 4811 2542 4905 ύψῇλοτάτου
2581 4811 2804 4908 δίφρου(
2837 4811 3053 4888 Χαλκοῦ
3102 4811 3166 4887 δὲ⁷
3211 4833 3434 4905 μέλανος
3479 4823 3614 4884 οὗτος
3654 4811 3723 4884 ἦν)

2208 4928 2302 4981 καὶ
2357 4927 2666 4980 πεποίκιλτο
2701 4925 2950 4999 χρυσέοις
3001 4927 3326 4997 ἀγάλμασιν,
3377 4923 3459 4979 οά
3497 4919 3554 4987 δὴ
3591 4907 3722 4968 εἰκὸς.

2209 5019 2551 5091 τεχνουργῶν
2592 5018 2871 5090 βαναύσων
2901 5019 3120 5092 τρόπον,
3151 5019 3284 5092 πυρὶ⁸
3329 5017 3421 5072 καὶ
3445 5012 3620 5080 σιδήρῳ
3647 5013 3720 5070 μθ·

603 5155 648 5188 ι’
685 5158 780 5216 lib.
813 5174 896 5215 ui.
968 5159 1016 5194 ιο
1053 5161 1149 5218 lib.
1185 5179 1360 5228 ut,c.
1393 5165 1446 5220 δ.
1523 5167 1566 5200 ιι
1607 5169 1703 5224 lib.
1739 5185 1914 5234 m,c.
1948 5173 2003 5228 4.
2080 5172 2124 5208 ιι
2162 5172 2257 5228 lib.
2292 5189 2476 5237 m,c.
2507 5173 2562 5230 8.
2637 5174 3138 5236 “lib.tu,c.l4.
3215 5173 3261 5204 ιι
3299 5173 3396 5229 lib.
3426 5177 3580 5232 ul,C-
3615 5153 3680 5210 16-

601 5309 680 5452 μζ
730 5311 894 5383 Ἡμῖν
917 5316 1034 5384 μὲν
1059 5317 1388 5387 εὐχέρειαν,
1421 5327 1524 5374 etc.
1570 5320 1698 5376 Vide
1723 5338 1886 5393 supra
1913 5339 1963 5379 c.
1997 5325 2052 5380 2.

624 5381 657 5435 5
716 5383 848 5438 Ἀπὸ
878 5403 927 5440 τ.
961 5405 1090 5452 κερ.
1129 5392 1194 5452 ἐς
1227 5390 1366 5452 ὀσςρ.
1397 5394 1566 5446 Jama.
1605 5391 1680 5446 Ex
1713 5396 1974 5448 memoria
2005 5412 2048 5450 St

624 5381 680 5458 ξ’»)
716 5381 848 5438 Ὰέεὸ
878 5381 931 5440 τξ
1129 5381 1566 5458 ἶς’ὀσφζλευκ.
1605 5391 1680 5446 Ex
1713 5381 1974 5448 me'moria
2005 5411 2102 5450 sua

529 5453 714 5518 patius
735 5471 894 5522 quam
920 5471 984 5512 ex
1011 5453 1345 5513 Pliilnsu'at’o
1375 5459 1485 5515 haec.
1516 5462 1784 5526 depromit
1811 5462 2098 5528 Eusebius,

529 5535 650 5644 quae
681 5531 859 5578 tamen
883 5542 1004 5580 eum
1031 5529 1118 5583 hic
1139 5529 1403 5584 destituit.
1437 5531 1568 5584 Nam
1593 5531 1956 5590 Philostratus
1981 5537 2101 5605 qui-

569 5607 650 5644 em
687 5593 832 5644 illam
869 5595 1126 5644 feminam
1173 5615 1202 5644 n
1247 5603 1424 5644 οιιῐὶίιμ
1471 5619 1646 5644 ncnnn
1695 5605 1759 5644 nrl
1813 5621 2076 5644 nmnnnna

569 5607 650 5670 em
687 5593 832 5672 illam
869 5595 1126 5672 feminam
1173 5615 1204 5653 a
1247 5603 1424 5668 capite
1471 5619 1646 5670 usque
1695 5605 1760 5658 ad
1813 5593 2097 5672 mammas,

529 5665 770 5739 nigrant,
797 5665 920 5739 inde
955 5669 1162 5738 reliquo
1187 5665 1414 5739 corpore
1445 5665 1733 5726 candidam
1767 5675 1936 5730 fuisse
1966 5678 2059 5730 ait.

602 5731 692 5817 (6)¹
717 5735 826 5816 βαὶ
851 5731 1162 5817 Διονύσου.
1185 5740 1242 5794 In
1255 5731 1428 5817 editis
1450 5743 1691 5798 additum
1713 5745 1926 5817 Δηλίου.
1951 5747 2094 5814 quod

531 5799 750 5860 Eusebii
781 5821 904 5863 esse
935 5809 1143 5882 nequit,
1177 5811 1268 5881 qui
1293 5811 1546 5882 ignorare
1575 5829 1683 5870 non
1715 5799 1928 5887 pu'terat
1956 5799 2094 5872 boui

2205 5341 2505 5397 cognomen
2541 5327 2596 5380 in
2639 5328 2917 5382 Bacchicis
2947 5328 3090 5382 haud
3121 5343 3264 5384 esse.
3313 5328 3446 5382 Puto
3477 5315 3714 5397 egodoctj

2205 5391 2368 5468 manu
2409 5399 2640 5468 quadam
2669 5397 2862 5467 Δηλίου
2893 5399 2946 5452 in
2981 5400 3225 5468 margine
3253 5401 3424 5468 primo
3447 5391 3708 5468 adnotatum

2205 5467 2394 5540 luisse,
2429 5460 2486 5522 ut
2519 5460 3038 5540 scilicet'notaretur
3065 5460 3206 5538 apud
3245 5460 3709 5540 Philostratus}?

2216 5527 2546 5612 Ἀπόλλωνος
2577 5538 2780 5612 Πυθίου
2811 5538 2934 5612 legi,
2979 5527 3306 5604 Ἀπόλλωνος
3333 5539 3520 5612 ΔηλίουΔ
3544 5549 3554 5584 :
3582 5527 3708 5612 uitii?

2203 5617 2390 5680 postea
2419 5601 2694 5662 indoctum
2727 5601 3009 5662 librarium
3043 5612 3096 5664 in
3127 5601 3330 5665 textum
3357 5601 3472 5680 post
3497 5601 3700 5656 Διονύσου

2204 5679 2454 5746 imperite
2479 5681 2789 5734 intruslsse.

2273 5745 2350 5822 (ἶ)
2393 5747 2754 5822 Σατραπικῷ.
2795 5747 3174 5822 Ιιιιλιοεοηάυω
3195 5751 3414 5808 omnino
3435 5759 3523 5822 pro
3544 5745 3702 5802 σατρν

2203 5821 2380 5888 πικῶς
2405 5819 2550 5892 quod
2581 5827 2700 5876 erat
2737 5820 2790 5874 in
2825 5819 3010 5876 editis.
